3912 6244
518 241 622 302 C39

1648 238 1911 299 PHOTII
1946 237 2446 299 PATRIARCH/E
2501 237 2621 296 CP:

3651 239 3743 297 ΜΟ

516 345 713 400 l:etiti:e
740 345 882 401 diem
915 346 1154 415 agimus,
1182 346 1328 416 quod
1379 347 1432 401 in
1483 361 1549 401 eo
1592 348 1954 402 resurrexerit
1982 364 1995 401 :
2030 346 2076 399 in

2192 344 2406 416 ριακὴν,
2484 344 2835 416 χαρμοσύνης
2910 342 3123 413 ἡμέραν
3205 344 3416 412 ἄγομεν
3500 341 3587 396 διὰ
3661 348 3741 396 τὸν

515 451 625 504 quo
655 449 751 488 nec
783 450 955 504 genua
985 435 1199 504 quidem
1230 438 1444 490 ﬂectere
1472 437 1798 506 accepimus.

582 609 769 665 Const.
808 610 863 675 5,
896 609 960 664 tit
1014 609 1101 672 12,
1144 610 1240 665 lib.
1287 611 1341 675 5,
1385 611 1509 665 cod.
1562 610 1810 680 ait,quod
1841 609 2078 680 quadra-

514 698 659 767 ginta
694 699 884 753 diebus
918 698 1125 753 Pascha
1159 700 1606 770 anticipantibus,
1638 702 1817 755 onmis
1841 701 2079 769 cognitio

512 785 877 838 criminalium
911 789 1274 855 quazstionum
1316 798 1511 843 cesset.
1543 788 1607 842 Et
1640 798 1813 843 cnnst.
1850 790 1903 855 6,
1935 790 2079 859 quod

514 873 691 930 feriati
724 876 878 948 [dies]
917 879 1046 945 sint;
1078 880 1167 948 qui
1223 891 1445 949 septeno
1482 896 1711 934 numero
1747 879 1957 935 Pascha
1994 882 2079 935 vel

512 970 825 1035 praecedunt
885 971 969 1023 vel
1028 980 1331 1040 sequuntur
1375 991 1388 1025 :
1442 969 1602 1043 [dies]
1658 973 1819 1025 etiam
1873 970 2081 1027 Natalis

511 1060 736 1126 Christi,
769 1071 930 1130 atque
964 1062 1338 1132 Theophania,
1370 1062 1527 1135 [dies]
1556 1063 1825 1132 passionis
1851 1062 2080 1131 Aposto-

512 1150 687 1206 lorum
740 1162 794 1206 et
852 1152 1008 1225 [dies]
1067 1154 1382 1211 Dominicus
1436 1170 1664 1225 :neque
1715 1155 1837 1210 istis
1886 1155 2078 1210 diebus

511 1244 814 1308 spectacula
848 1245 1230 1309 exhibeantur,
1263 1261 1441 1314 neque
1489 1246 1758 1316 judicium
1799 1247 2073 1299 dictetur:

511 1341 564 1383 t'l
610 1335 916 1400 quindecim
968 1338 1316 1406 paschalibus
1348 1338 1541 1391 diebus
1573 1351 1641 1390 ne
1681 1336 1926 1390 debitum
1956 1337 2078 1404 qui-

510 1423 632 1475 dem
659 1425 771 1478 sive
809 1426 1078 1494 privatum
1121 1428 1235 1481 sive
1275 1428 1548 1496 publicum
1582 1427 1851 1496 exigatur.
1882 1427 2072 1481 Const.

510 1526 639 1567 vero
670 1514 720 1579 7,
752 1514 805 1569 in
835 1516 1144 1583 quindecim
1180 1516 1343 1589 [istis]
1380 1518 1571 1572 diebus
1609 1517 2074 1571 manumissiones

509 1620 574 1658 ac
598 1608 1059 1676 emancipationes
1104 1610 1240 1676 ﬁeri,
1293 1620 1346 1663 et
1375 1625 1538 1680 super
1570 1611 1678 1664 illis
1710 1619 1828 1664 acta
1876 1610 2070 1664 conﬁci

2183 434 2492 487 ἀναστάντα
2522 435 2580 486 ἐν
2607 435 2769 503 αὺτῇ,
2804 435 2863 486 ἐν
2954 434 3073 486 ούδέ
3099 432 3301 502 γόνατα
3334 431 3543 486 κλίνειν
3570 450 3742 502 παρει-

2181 524 2452 595 λὴφαμεν.

2264 614 2327 666 Ἢ
2350 620 2391 666 ε’
2418 613 2661 678 διάταξις
2699 612 2792 666 τοῦ
2843 612 2911 684 ιβ’
2965 612 3071 667 τίτ.
3103 611 3196 664 τοῦ
3224 617 3272 679 γ’
3302 610 3444 681 βιὸλ.
3485 609 3581 663 τοῦ
3626 610 3738 663 κὼδ.

2181 705 2366 774 φησὶν,
2398 706 2480 758 ὅτι
2517 707 2574 756 ἐν
2635 708 2753 767 ταῖς
2808 702 3314 774 προλαμϐανούσαις
3378 703 3441 754 τὸ
3486 702 3671 770 Πάσχα
3699 720 3732 770 μ

2178 796 2437 864 ἡμέραις,
2469 796 2619 847 πᾶσα
2647 794 2869 863 ζήτησις
2908 795 3015 845 τῶν
3042 793 3458 861 ἐγκληματικῶν
3502 793 3741 860 βασάνων

2182 886 2428 956 σχολάζει
2452 902 2467 916 ο
2499 887 2593 939 καὶ
2637 888 2746 955 ἡς¹
2779 886 2918 939 διάτ.
2951 886 3034 938 ὅτι
3068 883 3337 953 άπρακτοί
3372 885 3512 935 εἰσιν
3560 883 3617 934 αἱ
3654 883 3742 950 πρὸ
3801 876 3812 887 ’

2178 980 2271 1031 τοῦ
2300 980 2492 1047 Πάσχα
2520 978 2568 1041 ζ’
2596 978 2817 1049 ἡμέραι,
2863 979 2957 1030 καὶ⁸
2988 976 3031 1039 ζ’
3063 975 3197 1045 μετὰ
3230 976 3288 1026 τὸ
3334 976 3520 1044 πάσχα
3545 1013 3561 1035 ,
3603 975 3689 1025 καὶ
3714 976 3742 1041 ἡ

2184 1068 2424 1139 Χριστοῦ
2457 1070 2645 1133 Γέννα,
2682 1068 2778 1122 καὶ
2807 1068 2875 1120 τὰ
2910 1068 3205 1135 Θεοφάνια,
3237 1066 3331 1117 καὶ
3355 1066 3389 1134 ἡ
3428 1064 3525 1116 τοῦ
3553 1063 3741 1127 πάθους

2179 1161 2285 1213 τῶν
2334 1161 2676 1224 ἀποστόλων,
2712 1158 2806 1212 καὶ
2854 1161 2888 1228 ἡ
2914 1158 3166 1228 Κυριακὴ
3195 1174 3206 1186 ·
3247 1160 3303 1208 ἐν
3328 1160 3449 1219 ταῖς
3478 1155 3741 1215 τοιαύταις

2178 1252 2435 1320 ἡμέραις,
2481 1249 2602 1303 οὔτε
2658 1249 2754 1303 θέα
2786 1250 3042 1311 τελεῖται,
3078 1248 3201 1301 οὔτε
3240 1249 3360 1315 δίκη
3394 1249 3619 1315 λέγεται
3650 1265 3662 1277 ·
3694 1251 3741 1300 ὲν

2177 1340 2233 1392 δὲ
2258 1343 2373 1401 ταῖς
2403 1340 2462 1393 ιε’
2486 1340 2719 1411 ἡμέραις
2747 1339 2842 1391 τοῦ
2872 1339 3086 1407 Πάσχα,
3120 1337 3243 1390 οὔτε
3274 1338 3436 1408 χρέος
3464 1337 3739 1398 ἰδιωτικὸν,

2175 1430 2299 1483 οὗτε
2322 1431 2575 1499 δημόσιον
2605 1433 2916 1483 άπαιτεῖται
2947 1431 3016 1498 ⁸ἡ
3054 1430 3110 1482 δὲ
3132 1429 3175 1492 ζ’
3201 1430 3341 1482 διάτ.
3378 1429 3668 1498 ἐπιτρέπει
3693 1430 3740 1481 ἐν

2174 1524 2294 1583 ταῖς
2341 1520 2399 1572 ιε’
2433 1520 2655 1583 ταύταις
2682 1520 2776 1573 τοῦ
2808 1521 2996 1589 Πάσχα
3021 1522 3275 1591 ἡμέραις,
3307 1518 3623 1588 ἐλευθερίας
3662 1520 3742 1571 καὶ

2176 1611 2641 1679 ἐμαγκιπατίονας
2689 1611 3054 1679 πράττεσθαι,
3109 1612 3202 1663 καὶ
3266 1609 3333 1662 τὰ
3400 1608 3488 1662 ἐπ’
3564 1610 3742 1671 αὐταῖς

509 1698 789 1765 permittit.
815 1698 893 1755 Ac
935 1710 1113 1756 const.
1162 1702 1215 1765 8,
1255 1703 1405 1764 dicit,
1436 1703 1579 1771 quod
1617 1703 1668 1756 in
1718 1703 2073 1773 quadragesi-

2192 1702 2551 1771 ὅπομνὴματα
2582 1700 2952 1753 συνίστασθαι.
2999 1700 3062 1753 Ἦ
3093 1700 3149 1752 δέ
3192 1708 3241 1769 η’
3266 1700 3405 1754 διάτ.
3441 1702 3634 1767 φησὶν,
3662 1701 3742 1751 καὶ

509 1804 596 1842 tua
625 1800 678 1843 et
705 1789 954 1846 Paschali
987 1793 1075 1847 die
1103 1794 1170 1847 de
1201 1795 1524 1859 latronibus,
1557 1804 1613 1850 et
1651 1795 1891 1849 maxime
1922 1797 2074 1849 Isau-

510 1882 627 1943 ris,
691 1884 922 1951 quaestio
987 1886 1282 1951 habeatur,
1347 1902 1457 1955 quo
1514 1888 1771 1943 conscios
1824 1887 2074 1956 prodant.

509 1973 697 2030 Const.
732 1992 897 2045 porro
927 1979 982 2043 3,
1012 1981 1097 2034 tit.
1130 1981 1186 2045 4,
1216 1980 1310 2035 lib.
1340 1982 1390 2047 l,
1422 1982 1545 2035 cod.
1583 1982 1680 2047 ait,
1710 1982 1853 2051 quod
1884 1983 2077 2037 diebus

507 2064 860 2130 paschalibus
898 2082 1059 2122 nemo
1110 2068 1422 2124 includatur
1455 2078 1550 2124 aut
1592 2071 1888 2136 vinciatur,
1932 2087 2074 2140 pra-

510 2162 758 2225 terquam
790 2158 1023 2226 adulter,
1070 2162 1376 2225 malelicus,
1426 2162 1699 2232 virginum
1743 2173 1950 2232 raptor,
1995 2179 2079 2218 se-

509 2247 823 2314 pulcrorum
855 2251 1103 2315 violator,
1132 2253 1427 2318 veneﬁcus,
1455 2264 1685 2307 moneta:
1720 2254 2073 2321 adulteratnr,

508 2338 809 2405 homicida,
845 2342 1130 2409 patricida,
1160 2354 1213 2397 et
1242 2360 1368 2398 reus
1408 2344 1732 2414 majesmtis.
1777 2346 1954 2415 Atque
1979 2348 2077 2401 hos

506 2428 727 2495 quidem
768 2446 986 2501 semper
1027 2434 1437 2503 comprehendi,
1483 2436 1711 2504 reliquis
1744 2450 1873 2491 vero
1905 2438 2075 2492 semel

504 2518 769 2575 duntaxat
790 2521 1024 2592 ignosci.

578 2725 736 2795 177
775 2724 926 2781 CAP.
974 2725 1043 2781 Π.
1086 2754 1155 2768 -
1189 2726 1344 2792 Quod
1385 2743 1545 2797 neque
1586 2742 1863 2797 puerpera,
1913 2743 2076 2795 neque

506 2818 687 2871 morbo
741 2835 953 2887 prorsus
1002 2820 1268 2873 invalidus
1319 2822 1375 2875 in
1404 2820 1663 2875 Paschate
1705 2821 1954 2890 jejunare
1979 2836 2069 2874 co-

504 2919 595 2981 gat
603 2928 685 2966 ur.

948 2999 1202 3054 Timothei
1229 3016 1452 3055 canones
1475 3000 1528 3065 8,
1563 3001 1648 3057 10.

579 3088 960 3162 Interrogatio.
985 3092 1176 3147 Mulier
1196 3092 1241 3146 si
1267 3092 1558 3161 pepererit,
1582 3091 1808 3145 debetne
1824 3090 2073 3160 jejunare

507 3183 735 3247 Pascha,
780 3197 834 3239 et
884 3185 1068 3238 vinum
1121 3200 1228 3239 non
1275 3185 1483 3250 bibere,
1534 3199 1602 3237 an
1652 3199 1681 3236 a
1716 3183 1928 3253 jejunio
1975 3182 2074 3236 ab-

508 3275 759 3340 solvitur,
811 3284 867 3331 et
917 3276 1104 3330 vinum
1162 3275 1348 3331 bibere
1398 3275 1759 3346 permittitur,
1813 3288 1879 3327 eo
1928 3271 2074 3340 quod

506 3366 717 3435 peperit
738 3365 763 3420 ?

575 3456 885 3525 Responsio.
916 3458 1290 3525 Excogitatum
1324 3466 1409 3513 est
1447 3457 1739 3529 jejunium,
1772 3466 1833 3511 ut
1864 3472 2069 3526 corpus

508 3546 711 3602 humile
752 3549 1029 3604 reddatur.
1077 3548 1137 3603 Si
1174 3564 1301 3617 ergo
1344 3564 1543 3618 corpus
1581 3549 1638 3603 in
1672 3548 1978 3603 humilitate
2013 3558 2068 3603 et

510 3638 881 3693 imbecillitate
907 3649 1176 3705 versatur,
1208 3641 1367 3695 debet
1395 3640 1501 3694 cibi
1537 3648 1590 3695 et
1619 3648 1782 3710 potus
1808 3648 2072 3709 quantum

508 3725 626 3780 vult
656 3733 709 3780 et
734 3736 910 3796 potest
936 3743 1057 3784 esse
1083 3731 1369 3799 particeps.

580 3898 958 3973 Interrogatio.
1009 3901 1069 3956 Si
1112 3903 1240 3974 quis
1286 3903 1358 3958 sit
1402 3910 1668 3973 azgrotus,
1702 3912 1759 3957 et
1802 3917 1867 3957 ex
1906 3902 2075 3958 multa

509 3991 880 4047 imbecillitate
912 3993 1065 4048 valde
1110 4003 1454 4059 attenuatus,
1491 4003 1544 4048 et
1574 3993 1643 4047 ad
1678 4004 1929 4048 sanctum
1972 3994 2075 4048 Pa-

508 4082 639 4137 scha
686 4086 929 4150 venerit,
972 4085 1202 4140 debetne
1248 4086 1469 4141 omnino
1513 4085 1780 4155 jejunare,
1832 4100 1901 4139 an
1948 4100 2074 4139 eum

506 4176 741 4230 absolvit
798 4177 1064 4242 clericus,
1121 4186 1182 4232 ut
1233 4178 1463 4247 accipiat
1527 4177 1669 4247 quod
1727 4184 1938 4245 potest,
1992 4192 2075 4231 νει

506 4269 669 4323 etiam
710 4270 888 4324 oleum
924 4281 976 4325 et
1010 4270 1217 4333 vinum,
1251 4280 1468 4341 propter
1499 4270 1723 4323 multam
1753 4269 1873 4339 ejus
1907 4268 2075 4323 imbe-

508 4361 787 4416 cillilatem
815 4361 840 4414 τ

576 4451 879 4522 Responsio.
923 4453 1143 4509 Absolvi
1177 4456 1339 4510 debet
1380 4465 1646 4524 aegrotus,
1692 4462 1753 4509 ut
1798 4452 1978 4508 cibum
2018 4461 2074 4508 et

506 4550 694 4612 potum
745 4545 956 4613 capiat,
1002 4555 1262 4613 quantum
1302 4545 1443 4600 ferre
1476 4555 1669 4615 potest.
1706 4543 1840 4596 Eum
1890 4542 2035 4595 enim
2059 4580 2074 4606 ,

506 4630 598 4700 qui
656 4632 821 4687 semel
880 4643 1193 4691 attenuatus
1245 4644 1357 4698 est,
1410 4649 1531 4689 esse
1584 4633 1689 4688 olei
1747 4630 2071 4701 participem

508 4739 724 4791 acquum
756 4732 860 4778 est.

578 4812 732 4869 CAP.
765 4813 851 4871 Ill.
884 4846 951 4858 --
987 4814 1059 4869 De
1080 4816 1167 4870 die
1195 4823 1245 4870 et
1269 4814 1401 4869 hora
1423 4817 1666 4885 paschali
1733 4826 1785 4872 et
1829 4818 2079 4886 theOpha-

508 4921 739 4959 morum.

964 4996 1345 5067 Apostolorum
1366 5015 1533 5052 canon
1568 5000 1621 5052 7.

610 5086 667 5140 7.
732 5086 787 5143 Si
835 5088 958 5156 quis
1005 5089 1309 5157 episcopus,
1376 5092 1455 5143 vel
1521 5091 1821 5160 presbyter,
1854 5089 1935 5145 vel
1966 5091 2084 5145 tlia-

507 5194 705 5244 couus,
782 5180 923 5234 sacri
995 5180 1156 5250 178
1215 5178 1437 5235 Pascha:
1498 5181 1637 5234 diem
1687 5191 1813 5235 ante
1860 5196 2081 5235 vernum

507 5272 889 5340 asquiuoctium
975 5287 1099 5327 cum
1173 5271 1378 5328 Judaeis
1466 5272 1864 5337 celebraverit,
1922 5275 2087 5344 depo-

509 5370 688 5417 natur.

882 5454 1111 5511 Concilii
1137 5456 1450 5511 Antiocheni
1480 5473 1648 5510 canon
1679 5458 1729 5511 1.

583 5539 789 5600 Omnes
822 5547 914 5615 qui
952 5548 1157 5603 audent
1206 5548 1504 5604 dissolvere
1556 5549 1835 5604 decretum
1887 5560 2088 5604 sanctae

516 5640 569 5687 et
597 5650 804 5705 magna:
824 5639 1035 5709 synodi,
1063 5655 1187 5710 qua:
1214 5637 1404 5695 Nicaea:
1433 5648 1619 5695 coacta
1651 5651 1735 5697 est
1767 5640 1818 5694 in
1848 5655 2085 5710 prmscn-

2178 1791 2260 1843 ὅτι
2294 1791 2353 1842 ἐν
2384 1793 2450 1860 τῇ
2490 1796 2563 1860 μ’,
2608 1790 2704 1843 καὶ
2742 1792 2798 1843 ἐν
2832 1794 2900 1861 τῇ
2928 1791 3113 1861 ἡμέρᾳ
3160 1790 3254 1843 τοῦ
3279 1791 3504 1859 Πάσχα,
3531 1790 3740 1858 βασανί-

2180 1882 2363 1946 ζονται
2380 1882 2428 1933 ol
2453 1880 2647 1951 λῃσταί
2677 1896 2691 1910 ’
2719 1881 2804 1949 ἐφ’
2827 1874 2871 1950 ᾧ
2902 1881 3136 1944 καὶτοὺς
3156 1883 3477 1952 συνίστορας
3496 1883 3739 1946 ἐξειπεῖν,

2180 1973 2271 2023 καὶ
2301 1971 2667 2039 διαφερόντως
2694 1971 2743 2022 οἱ
2767 1972 3007 2039 Ἴσαυροι
3038 1986 3052 2001 ⁸
3080 1968 3122 2040 ’ἡ
3145 1970 3267 2038 δέγ¹
3292 1970 3432 2023 διάτ.
3466 1970 3562 2023 τοῦ
3586 1971 3626 2021 δ’
3648 1971 3738 2025 τίτ.

2179 2061 2272 2115 τοῦ
2302 2068 2351 2114 α’
2382 2058 2520 2131 βιὸλ.
2542 2060 2639 2114 τοῦ
2678 2061 2809 2115 κώδ.
2842 2063 3025 2130 φησὶν,
3052 2062 3133 2115 ὅτι
3163 2063 3219 2114 ἐν
3250 2063 3370 2124 ταῖς
3394 2062 3634 2133 ἡμέραις
3656 2062 3741 2131 τῆς

2181 2152 2522 2222 πασχαλίας,
2574 2152 2748 2216 οὐδεὶς
2800 2153 3107 2220 ἐγκλείεται
3160 2152 3192 2221 ἢ
3243 2153 3560 2222 δεσμείται,
3620 2153 3743 2223 πλὴν

2182 2244 2369 2313 μοιχοῦ
2390 2285 2405 2309 ,
2449 2243 2544 2296 καὶ
2583 2242 2969 2313 αίσχρουργοῦ,
3024 2244 3118 2295 καὶ
3146 2241 3411 2312 ἅρπαγος,
3445 2242 3741 2312 παρθένων,

2179 2335 2273 2387 καὶ
2293 2333 2678 2403 τυμσωρύχου,
2712 2334 2803 2387 καὶ
2825 2334 3039 2403 γόητος,
3069 2333 3163 2386 καὶ
3189 2334 3646 2403 παραχαράκτου,
3664 2334 3743 2385 καὶ

2180 2424 2405 2492 φονέως,
2438 2425 2532 2478 καὶ
2558 2424 2948 2495 πατροκτόνου,
2979 2424 3072 2477 καὶ
3092 2425 3378 2493 τυράννου.
3414 2426 3627 2487 Πάντες
3649 2428 3743 2493 γὰρ

2180 2508 2324 2566 οὗτοι
2366 2515 2596 2568 πάντοτε
2648 2512 3128 2584 άπολαμόάνουσιν
3182 2512 3331 2577 ἅπαξ
3372 2512 3431 2564 δὲ
3497 2512 3661 2582 μόνον
3700 2513 3745 2564 οί

2180 2604 2356 2658 λοιποὶ
2389 2604 2871 2674 συγγινώσκονται.

2246 2718 2496 2772 ΚΕΦΑΛ.
2529 2715 2604 2772 Β’.
2655 2747 2726 2757 -—
2766 2716 2908 2785 Περὶ
2944 2718 3050 2771 τοῦ
3068 2716 3221 2785 μήτε
3249 2717 3364 2785 τὴν
3390 2718 3577 2785 λεχὼ,
3607 2716 3749 2786 μήτε

2176 2811 2283 2865 τὸν
2311 2810 2379 2863 ὲκ
2403 2812 2593 2864 νόσου
2610 2808 2949 2877 δυνάμενον
2969 2809 3096 2862 οὐδ’
3114 2808 3290 2875 ὅλως,
3318 2808 3747 2877 ὰναγκὰζὲσθαι

2176 2900 2243 2953 τὸ
2291 2898 2507 2968 Πάσχα
2550 2900 2889 2966 νηστεύειν.

2618 2989 2895 3059 Τιμοθέου
2932 2989 3131 3043 κανὼν
3146 2996 3215 3060 η’,
3252 2989 3305 3045 ι’.

2258 3078 2580 3148 Ἐρώτησις
2598 3086 2672 3151 η’.
2717 3081 2858 3152 Γυνὴ
2888 3081 2983 3133 ἐὰν
3010 3085 3249 3154 γεννήσῃ
3270 3081 3346 3151 τῷ
3372 3080 3514 3151 ἁγίῳ
3538 3081 3747 3149 Πάσχα,

2174 3175 2222 3226 εί
2260 3172 2463 3240 ὀφείλει
2510 3171 2801 3241 νηστεῦσαι
2855 3175 2949 3226 καὶ
3009 3175 3083 3245 μὴ
3128 3177 3273 3226 πιεῖν
3323 3170 3489 3238 οἶνον,
3540 3174 3574 3242 ἡ
3629 3174 3751 3224 ἁπο-

2173 3266 2358 3318 λύεται
2386 3265 2485 3335 τῆς
2512 3263 2766 3334 νηστείας
2816 3265 2911 3317 καὶ
2967 3266 3060 3319 τοῦ
3120 3266 3297 3318 πίνειν
3351 3260 3497 3317 οἶνον
3549 3264 3642 3318 διὰ
3696 3262 3750 3313 τι

2174 3359 2433 3428 γεννῆσαι
2466 3373 2482 3422 ;

2256 3450 2619 3518 Ἀπόκρισις.
2660 3446 2723 3500 Ἦ
2761 3447 2986 3516 νηστεία
3040 3449 3302 3517 ἐπενοήθη
3365 3447 3457 3500 διὰ.
3496 3447 3562 3499 τδ
3602 3446 3751 3514 σῶμα

2173 3540 2507 3595 ταπεινῶσαι
2535 3554 2549 3569 ο
2573 3540 2621 3590 εί
2663 3532 2757 3589 οὖν
2782 3537 2841 3588 τὸ
2883 3539 3042 3606 σῶμα
3075 3541 3131 3591 ἐν
3161 3540 3406 3591 κακώσει
3446 3538 3543 3590 καὶ
3568 3553 3750 3588 ταπει-

2175 3632 2338 3683 νὼσει
2373 3632 2508 3692 ἐστὶ,
2532 3632 2625 3683 καὶ⁵
2647 3634 2705 3686 ἐν
2734 3628 2990 3700 ἀσθενείᾳ
3016 3632 3293 3699 τυγχάνει,
3334 3628 3548 3695 ὀφείλει
3590 3644 3750 3697 μετα-

2173 3721 2375 3788 λαὸεἶν,
2420 3722 2555 3777 καθὸ
2611 3724 2833 3780 δύναται
2879 3722 3169 3792 βαστάσαι,
3226 3721 3320 3773 καὶ
3388 3719 3603 3789 τροφῆς
3663 3718 3750 3769 καὶ

2176 3812 2362 3866 ποτοῦ.

2257 3903 2570 3972 Ἐρώτησις
2598 3903 2650 3960 ι’.
2708 3908 2833 3962 Ἐάν
2859 3924 2947 3971 τις
3038 3904 3283 3959 ἀσθενῶν
3305 3943 3321 3969 ,
3377 3902 3473 3955 καὶ
3500 3900 3753 3961 ἐκτακεὶς

2176 3994 2317 4047 πάνυ
2359 3996 2463 4048 ἀπὸ
2501 3998 2599 4067 τῆς
2629 3997 2831 4069 πολλῆς
2863 3996 3172 4058 ἀσθενείας,
3201 3994 3297 4047 καὶ
3328 3992 3472 4045 ἔλθοι
3502 3991 3568 4043 τὸ
3604 3991 3753 4057 ἆγιον

2177 4083 2386 4153 Πάσχα,
2450 4086 2498 4137 εί
2550 4086 2766 4149 πάντως
2820 4086 3027 4154 ὀφείλει
3080 4081 3399 4153 νηστεῦσαι,
3456 4080 3490 4150 ἡ
3530 4078 3753 4132 ἀπολύει

2178 4177 2337 4230 αὑτὸν
2392 4178 2423 4230 ὀ
2481 4178 2739 4249 κληρικὸς
2796 4178 3095 4249 λαμϐάνειν
3151 4176 3180 4229 ὃ
3242 4175 3499 4237 δύναται,
3568 4174 3605 4243 ἦ
3667 4173 3756 4225 καὶ

2178 4266 2355 4321 ἔλαιον
2420 4269 2516 4322 καὶ
2587 4265 2731 4324 οἶνον
2795 4270 2886 4324 διὰ
2952 4270 3051 4340 τὴν
3099 4266 3301 4337 πολλὴν
3356 4262 3524 4319 αὐτοῦ
3599 4263 3757 4316 ἀσθέ-

2104 4372 2148 4427 ι)
2175 4376 2326 4413 νειαν
2348 4376 2362 4424 ;

2261 4452 2625 4521 Ἀπόκρισις.
2670 4451 3030 4506 ’Δπολύεσθαι
3078 4450 3283 4519 ὀφείλει
3311 4446 3757 4516 μεταλαμϐάνειν

2175 4541 2271 4596 καὶ
2297 4542 2404 4594 τῶν
2432 4541 2651 4611 τροφῶν
2689 4543 2784 4595 καὶ
2809 4541 2904 4594 τοῦ
2937 4539 3101 4593 ποτοῦ
3127 4541 3155 4591 ὀ
3193 4537 3441 4591 ἀσθενῶν
3473 4537 3500 4589 ὀ
3533 4536 3758 4587 δύναται

2178 4632 2477 4703 βαστάσαι·
2512 4633 2573 4685 τό
2620 4634 2731 4702 γὰρ
2760 4632 3199 4703 μεταλαμϐάνειν
3246 4628 3431 4683 ἐλαίου
3466 4626 3561 4679 τὸν
3613 4624 3761 4686 ἂπαξ

2178 4724 2496 4787 ὲκτακέντα,
2534 4724 2741 4777 δίκαιόν
2773 4725 2940 4777 ἐστιν.

2180 4816 2426 4870 ΚΕΦΑΛ.
2456 4815 2614 4871 Γ’.-
2649 4814 2785 4882 Περὶ
2809 4814 2920 4882 τῆς
2942 4813 3165 4883 ἡμέρας
3198 4813 3296 4866 καί
3324 4812 3435 4881 τῆς
3464 4812 3624 4880 ὧρας
3654 4810 3761 4875 τῆς

2180 4907 2526 4976 πασχαλίας
2569 4906 2669 4959 καί
2699 4905 2815 4958 τῶν
2847 4906 3206 4973 Caesam-itur.

2611 5001 2996 5054 Ἀποστόλων
3024 4996 3225 5051 κανὼν
3252 4996 3317 5058 ζ’.

2252 5092 2317 5156 ζ’.
2350 5091 2415 5145 Εἴ
2440 5110 2524 5154 τις
2558 5091 2880 5155 ἐπίσκοπος,
2931 5090 2964 5160 ἡ
3015 5088 3407 5157 πρεσϐύτερος,
3435 5086 3468 5154 ἡ
3493 5083 3759 5142 διάκονος,

2180 5186 2280 5254 τὴν
2338 5184 2500 5251 ἁγίαν
2539 5181 2633 5235 τοῦ
2695 5183 2884 5251 Πάσχα
2930 5180 3176 5251 ἡμέραν,
3225 5180 3330 5248 πρὸ
3388 5178 3487 5243 τῆς
3537 5173 3761 5244 ἐαρινῆς

2186 5275 2473 5345 ἰσημερίας
2564 5274 2700 5344 μετὰ
2768 5273 3034 5327 Ἰουδαίων
3122 5270 3463 5331 ἐπιτελέσει,
3561 5263 3760 5320 meat-

2186 5367 2404 5438 ρείσθω.

2465 5457 2737 5513 Συνέδου
2769 5457 3130 5525 Ἀντιοχείας
3157 5453 3359 5509 κανὼν
3382 5457 3452 5505 α’.

2256 5558 2327 5603 α’.
2359 5549 2573 5613 Πάντας
2616 5551 2739 5612 τοὺς
2778 5547 3088 5617 τολμῶντας
3140 5542 3438 5613 παραλύειν
3497 5539 3589 5591 τὸν
3634 5538 3756 5605 ὅρον

2187 5641 2283 5711 τῆς
2316 5640 2473 5709 ἁγίας
2504 5641 2595 5694 καὶ
2630 5639 2867 5711 μεγάλης
2902 5638 3141 5703 σψθόδον,
3173 5635 3269 5704 τῆς
3299 5636 3356 5685 ἐν
3385 5630 3585 5698 Natat;
3626 5642 3759 5691 συγο
