3912 6244
477 294 582 359 643
1641 303 1899 363 ΡΗΟΤΙΙ
1934 301 2434 364 ΡΑΤΒΙΑΗΕΗᾸΕ
2481 302 2593 363 CP.

775 407 1002 464 Consilii
1022 412 1326 466 mcumenici
1349 426 1400 467 vt
1429 428 1611 467 canon
1626 414 1713 469 89.

2282 411 2543 466 Συνόδου
2580 409 3000 478 οίκουμενικῆς
3029 408 3211 476 ἕκτης
3234 407 3436 463 κανὼν
3466 408 3578 463 πθ¹.

549 498 637 553 89.
659 496 783 554 Dies
808 499 1087 554 salutifera
1128 503 1419 570 passionis,
1460 512 1568 558 etc.
1619 515 1675 558 ut
1708 522 1871 575 supra
1915 523 2037 579 pag.

2217 504 2328 566 Τάς
2354 501 2448 556 τοῦ
2489 501 2758 572 σωτηρίου
2780 501 2985 563 πάθους
3025 500 3258 570 ἡμέρας,
3297 517 3355 554 κ.
3391 516 3446 553 τ.
3472 500 3526 555 λ.

482 590 607 644 658.

3608 297 3717 360 644

1024 682 1169 737 Pelri
1194 700 1363 737 canon
1396 684 1482 738 15.

2638 675 2866 743 Πέτρου
2917 674 3116 729 κανὼν
3152 680 3235 729 ιε’.

550 769 638 824 l5.
664 768 778 823 Non
814 770 1168 839 reprehendet
1202 787 1303 827 nos
1327 773 1596 842 quispiam
1649 783 1786 841 elc.,
1808 783 1864 827 ut
1885 791 2049 845 supra

480 877 602 930 pag.
636 860 759 914 658.

485 950 645 1019 180
698 949 934 1019 Dionysii
976 964 1040 1002 ea:
1087 949 1309 1019 epistola
1341 952 1411 1004 ad
1443 951 1729 1007 Basiliden:
1781 970 1948 1008 canon
1994 956 2044 1008 l.

555 1124 606 1177 1.
641 1122 766 1177 Haec
809 1130 987 1176 autem
1031 1140 1156 1178 cum
1191 1125 1263 1179 ita
1304 1140 1362 1179 se
1385 1126 1638 1191 habeant,
1694 1128 1795 1183 hoc
1837 1129 1904 1184 iis
1954 1130 2046 1199 qui

479 1214 787 1267 accuratius
852 1214 1215 1284 subtiliusque
1280 1218 1644 1284 considerant,
1698 1222 2049 1278 enuntiamus

481 1314 645 1372 quota
677 1305 830 1369 liora,
870 1305 954 1359 vel
997 1307 1158 1359 etiam
1200 1309 1533 1363 semiborula
1575 1312 1655 1364 vel
1714 1321 1907 1380 quarta
1952 1314 2050 1368 lto-

482 1410 564 1455 ra,
596 1405 807 1463 oportet
852 1396 1092 1464 incipere
1122 1398 1370 1452 iaatitiam
1426 1400 1498 1454 ob
1530 1400 1747 1456 Domini
1790 1405 1964 1459 nostri
2017 1420 2049 1459 a

483 1488 711 1541 mortuis
758 1489 1238 1543 resurrectionem.
1296 1492 1398 1545 Eos
1429 1494 1648 1562 quidem
1679 1495 1772 1564 qui
1820 1495 2047 1550 nimium

2215 776 2296 824 ιε’.
2318 769 2432 822 Οὐκ
2454 766 2737 835 ἐγκαλέσει
2757 783 2840 830 τις
2862 767 3015 836 ἡμῖν,
3042 783 3095 819 κ.
3121 783 3172 819 τ.
3200 765 3251 819 λ.

2147 944 2465 999 Διονυσίου
2514 944 2583 997 ἐκ
2620 942 2732 1011 τῆς
2791 943 2942 1030 πρὸς
2994 944 3359 1031 Βασιλείὂην
3394 944 3729 1013 ἐπιστολῆς

2783 1030 2985 1067 κανων
3009 1030 3049 1067 α
3065 1053 3079 1066 .

2218 1131 2288 1179 α’.
2313 1124 2529 1178 Τούτων
2556 1123 2730 1187 οὕτως
2754 1124 3005 1194 ἐχόντων,
3028 1125 3185 1179 τοῦτο
3211 1129 3325 1189 τοῖς
3347 1126 3731 1195 ἀκριϐολογου-

2152 1218 2330 1287 μένοις
2358 1215 2787 1285 ἀποφαινόμεθα,
2829 1217 2972 1270 κατά
2995 1217 3153 1270 ποίαν
3185 1216 3333 1286 ὥραν
3363 1218 3399 1289 ἢ
3436 1220 3534 1272 καὶ¹
3580 1223 3727 1271 ποῖον

2148 1308 2414 1379 ἡμιὼριον
2468 1307 2678 1379 ἦῶρας
2726 1308 2983 1377 τέταρτον
3025 1308 3290 1378 ἄρχεσθαι
3308 1311 3561 1379 προσῆκε
3621 1312 3719 1380 τῆς

2149 1400 2242 1453 ἐπὶ
2267 1400 2333 1469 τῇ
2357 1398 2451 1451 τοῦ
2476 1399 2677 1467 Κυρίου
2695 1399 2851 1468 ἡμῶν
2873 1399 2937 1451 ὲκ
2964 1400 3171 1468 νεκρῶν
3192 1400 3491 1455 ἀναστάσει
3521 1405 3694 1471 χαρᾶς
3713 1420 3727 1433 ο

2147 1491 2275 1554 τοὺς
2302 1492 2401 1561 μὲν
2423 1489 2545 1544 λίαν
2580 1488 3020 1558 ὲπιταχύνοντας,
3046 1492 3138 1543 καὶ
3176 1491 3281 1561 πρὸ
3336 1494 3536 1556 νυκτὸς
3585 1497 3721 1563 ταχὺ

485 1576 762 1640 festinant,
813 1590 867 1635 et
920 1592 1045 1636 ante
1115 1583 1346 1637 mediam
1425 1596 1639 1640 noctem
1692 1595 1942 1655 surgunt,
1992 1598 2051 1643 ut

2181 1583 2317 1647 γγὺς
2357 1581 2459 1651 ήδη
2505 1579 2777 1650 μεσούσης
2817 1580 3069 1642 ἀνιέντας
3094 1617 3109 1642 ,
3146 1582 3221 1645 ὡς
3274 1582 3579 1653 ὀλιγώρους
3636 1586 3730 1637 καὶ

484 1680 886 1739 contemptores
918 1681 973 1727 et
1000 1673 1420 1743 intemperantes
1469 1677 1940 1744 reprehendimus,
1993 1688 2049 1733 ut

2177 1674 2411 1740 [κρατεῖς
2463 1670 2814 1740 μεμφόμεθα,
2848 1671 2977 1741 παρ’
3015 1670 3195 1739 ὀλίγον
3243 1675 3723 1743 προκαταλύοντας

483 1761 575 1829 qui
644 1763 1031 1831 propemodum
1056 1772 1345 1832 antequam
1376 1780 1473 1834 par
1509 1767 1598 1829 sit,
1632 1783 1853 1822 cursum
1887 1769 2045 1823 abru-

2177 1762 2241 1813 ’ὸν
2281 1761 2480 1831 δρόμον
2510 1778 2524 1790 '
2574 1761 2822 1829 λέγοντος
2870 1762 3059 1832 ἀνδρὸς
3090 1764 3276 1831 σοφοῦ·
3302 1766 3378 1818 Οὐ
3434 1770 3634 1837 μικρὸν
3674 1770 3729 1822 ὲν

483 1852 681 1920 perint,
716 1852 927 1908 dicente
963 1855 1081 1909 viro
1119 1856 1362 1924 sapiente
1398 1874 1412 1910 :
1465 1855 1609 1911 (Non
1641 1873 1833 1927 parum
1886 1869 1966 1914 est
1997 1860 2053 1913 in

485 1945 593 1995 vita
648 1944 790 2012 quod
842 1959 1028 2013 parum
1086 1947 1255 2001 abest.
1303 1966 1320 1998 ι
1365 1947 1470 2003 Eos
1526 1958 1706 2003 autem
1759 1950 1850 2017 qui
1897 1949 2055 2005 diffe-

484 2041 630 2098 runt,
681 2041 735 2087 ct
771 2036 1065 2101 plurimum
1109 2038 1411 2106 perierunt,
1465 2048 1520 2094 et
1551 2041 1616 2094 ad
1674 2049 1923 2110 quartam
1960 2056 2055 2096 us-

485 2141 592 2195 que
675 2127 911 2196 vigiliam
992 2127 1203 2184 fortiter
1276 2132 1571 2199 abstinent,
1631 2133 1685 2187 in
1740 2150 1843 2204 qua
1894 2136 2059 2190 etiam

489 2219 870 2289 navigantibus
917 2220 1176 2276 Servator
1221 2231 1410 2277 noster
1466 2222 1518 2280 in
1576 2225 1713 2278 mari
1772 2225 2059 2281 ambulans

489 2311 760 2379 apparuit,
812 2320 871 2365 ut
911 2316 1297 2381 generosos‘ct
1356 2313 1601 2369 laborum
1644 2316 1940 2370 tolerantes
1963 2331 2061 2371 su-

490 2400 772 2468 scipimus.
812 2400 882 2454 lis
919 2410 1101 2454 autem
1152 2401 1244 2470 qui
1284 2400 1489 2455 interea
1512 2410 1571 2456 ut
1604 2402 1733 2458 moti
1801 2411 1949 2466 sunt,
1977 2402 2061 2456 vel

491 2501 549 2543 ut
594 2500 907 2560 potuerunt,
960 2492 1269 2562 quiescunt,
1330 2509 1440 2549 non
1493 2494 1649 2549 valde
1715 2494 1930 2548 molesti
1986 2494 2065 2550 si-

2156 1850 2256 1920 βίῳ
2290 1851 2351 1902 τὺ
2380 1849 2531 1919 παρά
2589 1850 2782 1919 μικρόν
2810 1866 2825 1881 ο
2858 1850 2984 1913 τοὺς
3033 1849 3090 1901 δὲ
3134 1852 3594 1923 ὲφυστερίζοντας
3640 1856 3731 1907 καὶ

2154 1940 2508 2011 διαρκοῦντας
2531 1941 2622 1992 ἐπὶ
2652 1940 2921 2003 πλεῖστον,
2960 1940 3053 1992 καὶ
3090 1941 3250 2011 μέχρι
3298 1944 3573 2013 τετάρτης
3620 1962 3721 2012 φι-

2156 2032 2327 2097 λακῆς
2360 2031 2853 2101 ὲγκαρτεροῦντας,
2886 2030 3005 2083 καθ’
3039 2031 3107 2102 ἢν
3146 2033 3379 2095 καὶτοῖς
3415 2036 3671 2089 πλέουσιν
3698 2039 3725 2089 6

2158 2121 2348 2192 Σωτὴρ
2376 2121 2532 2191 ἡμῶν
2560 2120 2876 2190 περιπατῶν
2908 2120 3001 2173 ἐπὶ
3034 2122 3133 2190 τῆς
3157 2121 3433 2193 Θαλάσσης
3467 2125 3731 2194 ἐπεφάνη,

2158 2213 2234 2276 ὡς
2267 2214 2547 2280 γενναίους
2576 2212 2670 2265 καὶ
2710 2211 3027 2281 φιλοπόνους
3064 2213 3437 2283 ἀποδεξόμεθα
3463 2232 3478 2247 ’
3505 2219 3636 2280 τοὺς
3680 2217 3734 2270 δὲ

2163 2305 2387 2375 μεταξὺ,
2420 2304 2494 2366 ὡς
2529 2302 2879 2373 ἐκινήθησαν,
2918 2302 2949 2373 ἢ
2978 2302 3053 2366 ὡς
3096 2304 3461 2375 ἠδυνήθησαν,
3486 2309 3731 2362 ἀναπαυ-

2164 2398 2451 2467 σαμένους,
2516 2396 2589 2466 μὴ
2626 2395 2766 2447 πάνυ
2818 2393 3114 2464 διοχλῶμεν
3138 2411 3153 2426 ο
3208 2398 3330 2448 ἐπεὶ
3364 2398 3503 2467 μηδὲ
3537 2398 3637 2462 τὰς
3678 2400 3735 2464 ἐξ

2161 2490 2272 2543 τῶν
2292 2489 2555 2560 νηστειῶν
2582 2489 2795 2559 ἡμέρας
2828 2488 2955 2551 ἴσως
2999 2487 3132 2558 μηδὲ
3163 2488 3364 2557 ὁμοίως
3392 2491 3597 2553 πάντες
3623 2491 3736 2543 δια-

493 2595 658 2635 mus:
731 2581 1164 2651 quandoquidem
1249 2598 1349 2639 nec
1396 2598 1492 2639 sex
1555 2584 1885 2655 jejuniorum
1949 2586 2064 2640 dies

2177 2580 2460 2651 μένουσιν’
2497 2578 2609 2631 ἀλλ’
2667 2580 2716 2630 οἱ
2791 2578 2891 2649 μὲν
2945 2578 3039 2631 καὶ
3099 2579 3279 2642 πάσας
3316 2580 3733 2651 ιὺπερτιθὲασιν,

492 2675 794 2742 aequaliter,
831 2689 932 2727 nec
953 2674 1200 2728 similiter
1227 2689 1419 2728 omnes
1448 2684 1766 2743 exspectant
1798 2692 1813 2742 ;
1846 2677 1935 2731 sed
1972 2676 2064 2731 alii

2177 2670 2340 2724 Ξσιτοι
2365 2669 2733 2732 διατελοῦντες
2763 2685 2780 2702 ο
2806 2670 2855 2721 οἱ
2884 2669 2940 2722 δὲ
2970 2669 3034 2739 β’,
3066 2669 3116 2721 οἱ
3147 2669 3203 2723 δὲ
3239 2669 3310 2737 γ’,
3340 2673 3388 2724 οἱ
3422 2672 3478 2725 δὲ
3508 2671 3576 2735 δ’,
3612 2676 3660 2726 oi
3684 2675 3738 2727 δὲ

495 2766 738 2834 quidem,
780 2767 861 2819 vel
896 2782 1087 2821 omnes
1122 2768 1516 2833 transmittunt,
1550 2768 1719 2837 jejuni
1746 2784 2064 2838 permanen-

2177 2762 2286 2814 οὐδὲ
2313 2762 2440 2829 μίαν
2472 2776 2487 2791 ·
2531 2763 2622 2813 καὶ
2653 2763 2765 2824 τοῖς
2816 2761 2915 2831 μὲν
2944 2763 3084 2815 πάνυ
3109 2764 3514 2835 διαπονηθεῖσιν
3540 2769 3600 2819 ὲν
3627 2771 3740 2830 ταῖς

498 2865 599 2918 tes,
663 2855 752 2908 alii
800 2855 958 2921 duos,
997 2856 1088 2910 alii
1140 2865 1269 2921 tres,
1304 2857 1393 2910 alii
1418 2868 1670 2926 quatuor,
1705 2859 1796 2913 alii
1831 2860 2064 2913 nullum.

2177 2852 2544 2922 ὑπερθέσεσιν,
2570 2848 2687 2905 εἶτα
2716 2852 3083 2923 ἀποκαμοῦσι,
3118 2856 3210 2908 καὶ
3249 2856 3411 2926 μόνον
3444 2858 3546 2911 οὐκ
3572 2859 3742 2911 ἐκλείο

498 2944 565 2997 Et
595 2945 661 2998 iis
716 2946 932 3013 quidem
996 2948 1086 3015 qui
1147 2947 1199 3000 in
1272 2942 1378 3002 illis
1430 2950 1865 3004 transmittendis
1912 2951 2064 3005 valde

2177 2960 2350 3007 πουσι,
2408 2943 2702 3014 συγγνώμη
2738 2946 2835 3014 τῆς
2884 2948 3185 3016 ταχυτέρας
3235 2948 3526 3021 γεὺσεως⁸
3589 2954 3638 3004 εί
3687 2952 3742 3005 δέ.

498 3035 936 3101 laboraverunt,
1012 3036 1205 3093 deinde
1280 3039 1478 3094 deft-ssi
1548 3048 1603 3095 et
1679 3041 2064 3110 prepcmodutn

2177 3051 2315 3099 τινες
2343 3035 2441 3105 οὐχ
2465 3035 2611 3098 ὅπως
2646 3037 2745 3105 οὐχ
2772 3036 3153 3105 ὑπερθέμενοι,
3186 3038 3320 3092 ἀλλά
3347 3040 3481 3111 μηδὲ
3514 3042 3741 3111 νηστεῦ-

497 3127 778 3187 deliciunt.
814 3128 1199 3197 ignoscendum
1252 3140 1333 3184 est
1380 3131 1522 3200 quod
1560 3132 1788 3186 celerius
1830 3140 2064 3201 gustent.

2177 3144 2367 3190 σαντες
2393 3166 2408 3192 ,
2426 3128 2562 3181 ἀλλά
2594 3130 2686 3181 καὶ
2714 3129 3091 3198 τρυφήσαντες
3124 3130 3223 3190 τὰς
3251 3131 3601 3201 προαγούσας
3624 3134 3745 3187 τέσ-

500 3217 558 3269 Si
592 3218 684 3285 qui
732 3226 915 3271 autem
976 3235 1084 3274 non
1142 3223 1301 3275 modo
1340 3237 1448 3276 non
1501 3223 1839 3278 transmissis
1885 3223 2064 3277 sedne

2177 3235 2369 3289 σαρας,
2425 3217 2545 3272 εἶτα
2591 3219 2832 3284 ἐλθόντες
2864 3221 2955 3273 ἐπὶ
2978 3220 3076 3283 τὰς
3126 3223 3443 3287 τελευταίας
3489 3224 3606 3291 δύο,
3655 3230 3747 3279 καὶ

493 3309 756 3380 jejunatis
799 3312 1017 3380 quidem
1040 3353 1055 3377 ,
1109 3315 1191 3367 vel
1229 3315 1392 3371 etiam
1426 3314 1477 3368 in
1508 3316 1753 3371 delicatis
1799 3315 2064 3387 opiparis-

2180 3309 2348 3376 μόνας
2392 3309 2564 3371 αὑτὰς
2590 3310 2993 3379 ὑπερτιθέντες,
3026 3312 3124 3381 τήν
3168 3329 3227 3364 τε
3257 3319 3619 3386 παρασκευὴν
3654 3321 3749 3370 καὶ

498 3418 607 3473 que
637 3405 921 3469 conviviis,
975 3406 1316 3475 consumptis
1372 3408 1805 3477 praecedentibus
1833 3417 2070 3478 quatuor

498 3492 713 3556 diebus,
756 3493 820 3546 ad
878 3494 1017 3548 duos
1054 3508 1259 3563 eosque
1288 3494 1435 3549 solos
1462 3505 1738 3551 extremos
1774 3496 1892 3551 dies
1937 3511 2063 3550 cum

500 3584 774 3649 venerint,
810 3584 917 3637 illis
950 3597 980 3637 a
1032 3599 1092 3638 se
1140 3586 1264 3639 cibo
1302 3600 1410 3639 non
1447 3598 1668 3657 gustare
1699 3587 2062 3653 transmissis,

502 3671 801 3727 Parasceve
847 3684 899 3727 et
946 3673 1203 3737 Sabbato,
1238 3689 1487 3744 magnum
1523 3675 1650 3745 quid
1706 3684 1761 3729 et
1792 3674 2066 3745 egregium

503 3779 562 3817 se
612 3762 792 3817 facere
844 3764 1180 3829 existimant,
1237 3765 1283 3820 si
1336 3770 1404 3820 ad
1438 3781 1693 3820 auroram
1728 3781 1901 3835 usque
1940 3781 2065 3836 per-

505 3857 805 3911 manserint
834 3874 851 3923 ;

2167 3402 2227 3452 τὸ
2252 3400 2560 3465 Σάϐϐατόν,
2624 3401 2766 3471 μέγα
2817 3418 2870 3455 τι
2918 3404 3015 3455 καὶ
3062 3402 3311 3474 λαμπρὸν
3362 3411 3539 3461 ποιεῖν
3599 3410 3749 3480 νομὶ-

2169 3489 2373 3558 ζουσιν,
2401 3494 2466 3546 ἂν
2498 3493 2661 3562 μέχρι
2686 3492 2786 3562 τῆς
2816 3493 2890 3546 ἓω
2920 3494 3268 3563 διαμείνωσιν
3289 3537 3303 3559 ,
3339 3499 3441 3551 οὐκ
3471 3494 3623 3569 οἴμαι
3652 3503 3748 3571 τὴν

2168 3581 2391 3652 ἄθλησιν
2432 3583 2630 3645 αὐτοὺς
2657 3582 2984 3652 πεποιῆσθαι
3018 3584 3139 3654 ῐσην
3185 3589 3297 3649 τοῖς
3349 3587 3449 3651 τὰς
3490 3589 3741 3653 πλείονας

2168 3676 2380 3743 ἡμέρας
2406 3676 2800 3744 προεσκηκόσι.
2832 3675 3016 3728 Ταῦτα
3046 3677 3143 3747 μὲν
3170 3676 3246 3740 ὡς
3276 3678 3460 3748 φρονῶ
3478 3681 3578 3733 καὶ
3606 3697 3743 3747 συμ-

2168 3764 2427 3829 ϐουλεύω,
2479 3766 2607 3835 περὶ
2634 3765 2837 3819 τούτων
2866 3766 3098 3835 ἔγραψα.

928 3873 1036 3912 non
1084 3858 1340 3913 existimo
1368 3874 1464 3915 eos
1501 3875 1568 3913 ex
1592 3876 1749 3930 atquo
1778 3868 2050 3915 certamen
2091 3856 2329 3913 subiisse
2365 3871 2491 3911 cum
2551 3857 2619 3913 iis
2684 3858 2777 3928 qui
2813 3873 2872 3914 se
2929 3860 3175 3931 pluribus
3199 3860 3398 3917 diebus
3427 3861 3580 3931 prius
3599 3879 3752 3918 exer-

505 3958 756 4004 cuerunt.
822 3948 947 4004 Hrec
1011 3950 1252 4018 quidem,
1325 3961 1381 4005 ut
1431 3952 1627 4017 sentio,
1660 3951 1955 4007 consulens
1995 3950 2063 4005 de
2099 3947 2234 4017 ipsis
2267 3947 2484 4015 scripsi.

696 4039 970 4094 Theophili
999 4041 1062 4095 de
1090 4050 1275 4096 sancta
1308 4040 1648 4112 Theoplmnia
1680 4058 1799 4098 cae.
1821 4041 1880 4098 4.

578 4195 654 4251 De
685 4196 933 4266 Panupb.
966 4207 1099 4265 elc.,
1132 4207 1188 4251 ιιι
1209 4214 1372 4267 supra
1403 4215 1524 4268 pag.
1560 4198 1685 4253 547.

582 4310 737 4379 181
776 4308 926 4364 CAP.
960 4308 1046 4364 IV.
1076 4340 1148 4349 —
1178 4311 1331 4375 Quod
1363 4327 1465 4364 non
1515 4322 1748 4379 oporteat
1778 4310 2079 4382 spectacula

2182 4037 2473 4108 Θεοφίλου
2500 4036 2566 4091 ἐκ
2591 4037 2703 4107 τῆς
2726 4039 2859 4107 περὶ
2888 4039 3007 4092 τῶν
3019 4042 3367 4163 ἓεοςρανίων
3387 4044 3754 4113 προσφωνῆς

2835 4125 2968 4163 acea.
3066 4149 3083 4163 .

2835 4125 2968 4179 κεφ.
3019 4125 3083 4165 οι.

2252 4197 2391 4271 Περὶ
2422 4198 2479 4251 δὲ
2504 4198 2748 4267 Πανοὺφ,
2788 4216 2847 4253 κ.
2882 4217 2933 4255 τ.
2968 4199 3019 4254 λ.

2254 4310 2504 4362 ΚΕΦΑΛ.
2534 4309 2684 4361 Δ’.-
2717 4310 2857 4377 Περὶ
2886 4310 2995 4364 τοῦ
3029 4309 3115 4379 μὴ
3155 4311 3375 4380 χρῆναι
3404 4313 3755 4383 ἐνΚυριακῇ

507 4404 592 4457 die
632 4403 905 4455 Dominico
945 4402 1083 4471 ﬁeri,
1108 4402 1183 4455 rel
1218 4419 1280 4455 ea
1323 4404 1406 4455 die
1434 4421 1565 4474 genu
1605 4406 1809 4472 ﬂectere
1860 4407 2064 4474 itemqw

2188 4398 2395 4467 θεόῳια
2424 4399 2716 4467 τίνεσθαι,
2764 4398 2803 4466 ἢ
2848 4400 2992 4469 γόνυ
3024 4402 3258 4454 κλίνειν
3303 4402 3374 4454 ἐν
3403 4404 3693 4471 κυριακῇ,
3722 4406 3754 4470 ἢ

509 4492 692 4546 diebus
722 4492 1096 4558 Pcutecosles;
1134 4503 1182 4545 et
1228 4493 1365 4562 quod
1394 4511 1489 4562 pro
1537 4495 1735 4547 viribus
1767 4496 2062 4567 vacandum

511 4584 581 4636 sit
607 4584 670 4635 ab
690 4599 839 4652 opere
862 4584 946 4635 die
980 4583 1276 4650 Dominica,
1304 4600 1405 4637 non
1437 4595 1613 4637 autem
1636 4587 1689 4638 in
1723 4584 1956 4641 Sabbato
1983 4604 2003 4651 ;
2028 4594 2077 4639 et

510 4676 651 4744 quod
682 4691 851 4729 sacra:
878 4673 1171 4743 Scriptura:
1195 4676 1244 4729 in
1278 4673 1511 4730 Sabbalo
1540 4676 1767 4746 legenda:
1793 4680 1920 4733 sint.

898 4848 1126 4904 Concilii
1164 4846 1369 4903 Nicwni
1400 4864 1567 4901 canon
1594 4847 1683 4902 20.

580 4963 672 5018 20.
717 4962 985 5030 Quoniam
1018 4972 1146 5018 sunt
1182 4963 1425 5033 quidam,
1456 4966 1546 5033 qui
1571 4964 1645 5032 (in
1677 4963 1763 5017 die
1803 4964 2085 5019 Dominico

514 5071 657 5125 genu
683 5054 923 5119 ﬂectant,
952 5063 1005 5107 et
1033 5055 1166 5124 ipsis
1196 5055 1390 5109 diebus
1413 5054 1785 5120 Pentecosles,
1815 5064 1874 5109 ut
1901 5055 2084 5108 omnia

517 5148 769 5202 similiter
818 5147 874 5200 in
924 5146 1073 5202 omni
1119 5148 1382 5216 parochia
1431 5158 1734 5214 serventur,
1774 5130 1953 5202 visum
2002 5155 2087 5202 est

516 5250 722 5294 sanctae
753 5238 980 5308 synodo,
1006 5248 1067 5292 ut
1093 5247 1301 5294 stantes
1331 5239 1440 5295 Deo
1477 5240 1754 5295 orationes
1785 5240 2081 5296 eﬂ‘undant.

874 5394 1101 5449 Consilii
1133 5394 1423 5450 Laodeceni
1448 5412 1622 5450 canon
1650 5396 1740 5450 29.

562 5528 679 5584 ‘29.
722 5529 877 5595 Quod
919 5544 1029 5584 non
1068 5540 1280 5599 oportet
1319 5530 1662 5585 Christianos
1690 5528 1994 5598 judaizare,
2036 5539 2089 5585 et

525 5620 581 5673 in
612 5619 853 5674 Sabbato
887 5621 1073 5687 Oliari,
1113 5621 1209 5676 sed
1244 5622 1389 5691 ipsos
1432 5637 1497 5675 eo
1520 5623 1607 5693 die
1645 5621 1859 5689 Operari
1890 5638 1903 5672 :
1942 5622 2085 5676 diem

523 5721 705 5767 autem
734 5711 1073 5771 Dominicum
1110 5712 1458 5783 praeferentes
1487 5713 1669 5779 otiari,
1700 5712 1743 5768 si
1771 5713 1934 5769 modo
1960 5729 2088 5783 pos-

2179 4490 2308 4556 ταῖς
2342 4491 2588 4559 ἡμέραις
2614 4489 2725 4558 τῆς
2757 4491 3185 4559 Πεντηκοστῆς
3206 4507 3221 4522 °
3253 4493 3351 4545 καὶ
3387 4493 3475 4547 ὅτι
3510 4497 3662 4547 κατὰ
3694 4498 3753 4549 τὸ

2182 4579 2504 4648 ἐγχωροῦν,
2540 4579 2635 4633 δεῖ
2661 4580 2981 4648 σχολάζειν
3006 4580 3121 4647 τὴν
3160 4583 3466 4651 Κυριακήν
3486 4598 3505 4614 °
3532 4588 3604 4638 οὐ
3626 4586 3756 4653 μὴν

2186 4671 2251 4724 τὸ
2276 4671 2596 4725 σάϐϐατον*
2629 4674 2725 4726 καὶ
2752 4672 2839 4725 ὅτι
2854 4671 2950 4725 δεῖ
2970 4673 3213 4742 Γραφὰς
3235 4676 3675 4744 ἀναγινώσκειν
3696 4678 3755 4730 τό

2192 4758 2513 4814 σάϐϐατον.

2526 4851 2793 4906 Συνοδου
2832 4853 3080 4920 Νικαίας
3133 4854 3335 4907 κανὼν
3355 4856 3425 4909 κ’.

2252 4959 2320 5013 κ’.
2385 4960 2600 5031 Ἐπειδή
2648 4961 2793 5026 τινές
2842 4963 2977 5014 εἰσιν
3010 4962 3067 5014 ἒν
3092 4966 3158 5034 τῇ
3191 4965 3449 5037 Κυριακῇ
3499 4970 3753 5033 γονυκλι-

2182 5049 2420 5113 τοῦντες,
2457 5052 2550 5103 καὶ
2568 5054 2636 5129 ’ὲν
2663 5055 2780 5115 ταῖς
2803 5053 2902 5123 τῆς
2928 5055 3305 5125 Πεντηκοστῆς
3336 5058 3590 5128 ἡμέραις,
3619 5060 3756 5127 ὑπὲρ

2180 5142 2275 5195 τοῦ
2313 5145 2488 5197 πάντα
2519 5144 2576 5197 ὲν
2600 5144 2749 5215 πάσῃ
2791 5138 3051 5219 παροικίᾳ
3095 5147 3479 5217 φυλάττεσθαι,
3511 5152 3754 5211 ἑστῶτας

2183 5231 2330 5299 ἔδοξε
2385 5237 2453 5305 τῇ
2501 5234 2634 5306 ἁγίᾳ
2681 5236 2883 5306 συνόδῳ
2937 5238 3036 5301 τὰς
3083 5240 3251 5308 εὺχάς
3318 5241 3629 5295 ἀποδιδόναι
3679 5242 3754 5311 τῷ

2188 5324 2328 5395 Θεῷ.

2476 5440 2743 5494 Συνόδου
2767 5442 3121 5510 Λαοδικείας
3152 5446 3354 5498 κανὼν
3373 5445 3475 5500 κθν.

2263 5529 2365 5584 κθ⁹.
2404 5530 2525 5584 Ὅτι
2561 5533 2619 5584 οὐ
2649 5532 2731 5584 δεῖ
2756 5535 3113 5603 Χριστιανοὺς
3150 5536 3437 5599 ἰουδαΐζειν
3463 5538 3556 5590 καὶ
3584 5539 3640 5589 ἐν
3685 5538 3755 5608 τῷ

2196 5622 2460 5695 Σαῦὄάτῳ
2492 5625 2793 5693 σχολάζειν,
2821 5625 3282 5696 ἀλλ’ἐργάζεσθαι
3316 5630 3513 5693 αὐτοὺς
3544 5632 3603 5684 ὲν
3622 5631 3751 5699 αὐτῇ

2196 5717 2260 5785 τῇ
2292 5716 2472 5787 ήμέρᾳ
2507 5720 2669 5789 ’,τὴν
2719 5719 2774 5772 δὲ
2822 5720 3103 5791 Κυριακὴν
3138 5722 3538 5791 προτιμῶντας,
3577 5724 3633 5778 ιτ
3695 5739 3755 5790 γε
