3912 6244
440 297 543 359 (47

1580 286 1839 347 ΡΗΟΤῙΙ
1867 284 2369 349 PATRIARCHAE
2420 284 2529 345 (ΞΡ.

3583 278 3692 342 648

436 419 721 477 vesperam
761 403 817 459 in
855 401 944 458 die
985 398 1309 465 Dominico;
1347 398 1401 453 in
1424 411 1529 466 qua
1554 406 1678 467 post
1706 398 2008 467 ingressum

2121 395 2282 465 μέχρι
2311 394 2408 464 τῆς
2430 392 2628 462 ἐφεξῆς
2665 391 2805 446 κατὰ
2831 390 2929 461 τὴν
2963 388 3265 477 Κυριακὴνῌ
3276 387 3541 477 ἑσπέρας,
3563 388 3688 442 καθ’

438 498 496 553 in
539 492 926 565 complctorio,
970 506 1148 561 genua
1187 503 1384 544 rursus
1419 487 1734 549 ﬂectentes,
1784 485 2012 541 Domino

439 603 631 659 preces
658 587 737 640 sic
762 584 1066 638 oll‘erimus.
1102 579 1403 635 Salvatoris
1428 579 1575 634 enim
1623 577 1795 632 nostri
1822 592 2013 631 resur-

439 677 695 733 rectionis
734 688 1125 745 pnecursorem
1149 680 1386 736 noctem,
1417 685 1540 739 quae
1577 668 1680 723 fuit
1717 676 1842 737 post
1875 665 2013 720 Sab-

440 769 626 822 batum
661 766 1009 835 accipientes,
1046 764 1274 833 hymnos
1305 762 1374 814 ab
1410 774 1473 813 ea
1503 756 1778 827 spiraliter
1813 752 2012 822 incipi-

437 876 581 923 mus,
615 858 809 914 festum
848 873 912 911 ex
948 856 1182 910 tenebris
1215 853 1268 906 in
1307 853 1483 905 lucem
1524 848 1776 902 ﬁnientes
1802 884 1817 911 ,
1862 854 1924 898 ut
1954 843 2011 898 in

436 948 680 1018 perfecto
708 959 761 1002 et
789 948 1000 1018 integro
1023 945 1113 1000 die
1135 958 1199 998 ac
1226 951 1389 998 nocte
1417 953 1520 995 nos
1557 935 2010 993 resurrectionem

434 1041 789 1095 Celebretnus.
828 1084 833 1087 .

948 1210 1095 1264 Petri
1122 1226 1290 1264 canon
1327 1208 1415 1263 15.

504 1302 593 1355 l5.
622 1299 733 1355 Nec
764 1300 1117 1371 reprehendet
1155 1315 1256 1355 nos
1288 1300 1573 1369 quisquam
1604 1304 1808 1365 etc.,ut
1848 1310 2013 1364 supra

432 1409 554 1461 pag.
607 1392 731 1446 658.

506 1483 778 1549 Theophili
831 1498 895 1537 ea:
949 1482 1120 1536 edicto
1146 1481 1211 1535 de
1241 1479 1599 1548 Theopltania.

502 1574 569 1629 Et
612 1589 731 1629 mos
759 1584 812 1628 et
852 1576 1108 1627 honestas
1165 1588 1196 1626 a
1248 1572 1404 1625 nobis
1450 1571 1637 1639 exigit,
1685 1580 1745 1622 ut
1783 1580 2004 1622 omnem

429 1663 571 1717 diem
604 1664 939 1717 Dominicum
978 1663 1331 1725 honoremus,
1363 1675 1599 1729 cumque
1619 1658 1955 1713 celebremus
1987 1694 2004 1721 ,

2113 486 2181 555 ἢν
2207 485 2347 555 μετὰ
2372 484 2474 553 τὴν
2503 485 2561 536 ὲν
2580 480 2658 551 τῷ
2689 480 2925 552 λυχνικῷ
2950 480 3172 544 εἴσοδον,
3202 473 3355 541 αὖθις
3384 476 3458 529 τὰ
3484 477 3687 544 γόνατα

2114 577 2479 645 κάμπτοντες,
2500 572 2640 627 οὕτω
2670 574 2768 636 τὰς
2795 573 2959 643 εὐχὰς
2988 572 3066 642 τῷ
3091 570 3281 640 Κυρίῳ
3313 569 3686 638 προσάγομεν.

2114 667 2226 737 Τῆς
2258 667 2365 737 γὰρ
2387 664 2485 718 τοῦ
2503 664 2753 734 Σωτῆρος
2784 664 2937 732 ἡμῶν
2967 663 3237 733 ἐγέρσεως
3258 660 3566 731 πρόδρομον
3589 659 3692 727 τὴν

2116 757 2255 827 μετὰ
2302 756 2364 809 τὸ
2410 755 2685 810 Σάϐϐατον
2745 754 2921 810 νύκτα
2967 750 3522 825 παραλαμϐάνοντες,
3577 749 3689 801 τῶν
3726 748 3736 756 ’

2114 848 2299 919 ὓμνων
2342 848 2591 902 ἐντεῦθεν
2631 847 3019 918 πνευματικῶς
3046 843 3427 915 ἀπαρχόμεθα,
3459 845 3541 905 είς
3571 841 3690 910 φῶς

2111 942 2177 994 ὲκ
2206 941 2428 1003 σκότους
2446 941 2546 1011 τὴν
2571 939 2762 1012 ἑορτὴν
2788 938 3185 1009 καταλήγοντες
3205 954 3219 967 ·
3234 936 3312 998 ὼς
3331 937 3391 988 ὲν
3412 933 3689 1003 ὁλοκλήρῳ

2110 1028 2361 1084 ἐντεῦθεν
2393 1030 2549 1083 νυκτὶ
2596 1030 2694 1084 καὶ
2743 1030 2929 1100 ἡμέρᾳ
2985 1026 3379 1098 πανηγυρίζειν
3422 1026 3569 1095 ημᾶς
3587 1024 3690 1095 τὴν

2112 1122 2426 1180 ἀνάστασιν.

2633 1215 2861 1283 Πέτρου
2884 1215 3087 1268 κανὼν
3110 1220 3189 1267 ιε’.

2184 1313 2266 1361 ιε’.
2294 1307 2407 1360 Οὐκ
2434 1307 2721 1376 ἐγκαλέσει
2753 1325 2838 1370 τις
2873 1309 3026 1378 ἡμῖν,
3053 1324 3110 1360 κ.
3135 1322 3184 1359 τ.
3211 1304 3264 1359 λ.

2114 1483 2408 1551 Θεοφίλου
2426 1483 2496 1537 ἐκ
2525 1480 2633 1549 τῆς
2653 1481 2923 1550 περὶτῶν
2942 1484 3283 1550 Θεοφανιων
3297 1477 3686 1549 προσφωνῆς.

2180 1576 2289 1629 Καὶ
2308 1575 2368 1627 τὸ
2390 1574 2511 1637 ἔθος
2536 1575 2599 1629 τὸ
2617 1575 2827 1644 πρέπον
2849 1575 2997 1643 ἡμᾶς
3019 1575 3261 1636 ἀπαιτεῖ,
3278 1573 3462 1624 πᾶσαν
3489 1573 3699 1641 Κύριαι

2109 1665 2210 1737 κὴν
2246 1668 2433 1737 τιμᾷν,
2469 1668 2560 1719 καὶ
2617 1669 2674 1720 ὲν
2723 1666 2894 1741 ταύτῃ
2930 1664 3342 1735 πανηγυρίζειν,
3392 1663 3687 1730 ἐπειδήπερ

429 1752 689 1818 quoniam
758 1749 1023 1805 Dominus
1084 1759 1272 1803 noster
1322 1745 1482 1801 Jesus
1503 1745 1754 1799 Christus
1780 1741 2006 1811 praecla-

2120 1732 2179 1811 ὲν.
2224 1732 2678 1831 ταύτῙῃόΚύριος
2725 1732 2894 1827 ἡμῶν⁷
2940 1732 3419 1828 ἸησοῦςἽΧριστὸς
3474 1753 3571 1823 τὴν
3623 1753 3689 1804 ὲκ

430 1856 550 1893 rum
569 1841 619 1892 in
641 1855 704 1894 ea
732 1854 845 1893 sua:
875 1836 1292 1892 resurrectionis
1315 1850 1511 1889 munus
1539 1833 1692 1888 obiit.
1718 1831 1783 1886 Et
1800 1832 1919 1885 ideo
1947 1830 2002 1883 in

431 1930 604 1984 sacris
626 1928 923 1998 Scripturis
979 1931 1116 1998 ipse,
1157 1936 1211 1983 et
1258 1928 1470 1997 primus
1525 1925 1828 1995 appellatus
1894 1931 2000 1987 est,

431 2034 490 2074 ιιι
535 2021 626 2090 qui
670 2023 743 2074 sit
777 2022 933 2076 nobis
984 2023 1107 2075 vita:
1155 2021 1506 2091 principium,
1562 2028 1614 2072 et
1644 2026 1892 2078 octavus,
1944 2023 2005 2067 ut

430 2115 523 2179 qui
583 2112 898 2167 Judaeorum
960 2112 1365 2168 Sabhatismum
1432 2107 1799 2178 exsuperavit.
1864 2104 2004 2170 Quia

430 2221 561 2275 ergo
614 2206 831 2271 accidit,
861 2216 922 2259 ut
996 2214 1310 2260 sanctorum
1379 2200 1856 2270 TheOphaniorum
1914 2195 2007 2249 hic

428 2309 574 2353 esset
630 2298 747 2352 dies
776 2298 986 2367 jejunio
1037 2296 1394 2366 peragendus,
1423 2294 1826 2363 dispensemus,
1854 2296 1909 2342 et
1938 2285 2007 2340 ad

430 2398 729 2459 utrumque
760 2391 997 2445 scientes
1034 2389 1414 2458 procedamus,
1455 2394 1516 2439 ut
1541 2398 1741 2452 paucos
1764 2378 2006 2449 dactylos

430 2487 732 2546 sumentes,
785 2478 947 2534 simul
997 2491 1051 2533 et
1087 2480 1317 2533 luereses
1360 2477 1613 2538 vitemus,
1645 2487 1767 2542 quas
1790 2466 2006 2523 Domini

430 2572 604 2625 nostri
648 2570 779 2624 Jesu
830 2570 1033 2624 Christi
1069 2567 1485 2623 resurrectionis
1516 2566 1661 2620 diem
1694 2577 1803 2617 non
1830 2560 2007 2613 hono-

430 2671 577 2729 rant,
613 2672 666 2717 et
699 2662 807 2716 diei
836 2661 1031 2731 jejunii
1065 2660 1213 2729 quod
1248 2658 1475 2714 debetur
1510 2656 1820 2716 reddamus,
1846 2648 2008 2720 184

431 2755 541 2809 Deo
601 2756 783 2820 dente,
812 2756 1107 2824 peragitur.
1162 2753 1580 2821 Congregamur
1634 2760 1765 2815 ergo
1796 2743 1887 2798 hic
1938 2741 2008 2796 ab

433 2847 565 2901 hora
590 2862 754 2901 nona.

507 3022 548 3076 Τ
549 3033 720 3079 estus.
743 3023 932 3078 Const.
964 3024 1016 3088 6,
1055 3024 1137 3077 tit.
1176 3023 1249 3077 12
1274 3021 1369 3075 lib.
1406 3022 1463 3084 ’5,
1496 3018 1619 3073 cod.
1648 3013 2001 3071 Dominicum

2110 1851 2319 1918 νεκρῶν
2375 1850 2668 1903 ἀνάστασιν
2726 1850 2859 1920 ἡμῖν
2911 1847 3305 1919 ὲπρυτάνευσε.
3348 1844 3443 1898 Διὸ
3471 1845 3531 1896 ἐν
3566 1846 3689 1903 ταῖς

2112 1942 2285 2012 ἱεραῖς
2315 1942 2561 2008 Γραφαῖς
2594 1940 2691 1994 καὶ
2719 1939 2908 2010 πρώτη
2939 1938 3219 2005 κέκληται,
3265 1938 3340 2001 ὡς
3373 1937 3520 2007 ἁρχὴ
3555 1937 3687 2004 ἡμῖν

2111 2031 2257 2100 ζωῆς
2276 2033 2612 2102 ὑπάρχουσα,
2638 2031 2734 2086 καὶ
2758 2030 2942 2101 ὀγδόη,
2969 2030 3065 2084 ἆτε
3084 2030 3149 2099 δὴ
3169 2026 3687 2099 ύπεραναδεϐηκυία

2109 2124 2201 2175 τὸν
2236 2122 2345 2175 τῶν
2402 2122 2667 2175 Ἰουδαίων
2714 2121 3112 2190 Σαϐϐατισμόν.
3159 2119 3311 2174 Ἐπεὶ
3342 2113 3436 2172 οὖν
3490 2116 3685 2186 συνέὁη

2109 2214 2209 2285 τὴν
2237 2214 2345 2267 τῶν
2383 2214 2553 2282 ἁγίων
2608 2214 2919 2282 Θεοφανίων
2948 2214 3208 2283 νήστιμον
3239 2209 3457 2281 ἡμέραν
3482 2207 3685 2276 ταύτην

2111 2299 2268 2367 εἶναι,
2292 2288 2736 2373 οἰκονομήσωμεν
2751 2302 2846 2356 καὶ
2872 2301 3007 2373 πρὸς
3026 2302 3283 2371 ἑκάτερον
3307 2299 3688 2369 ἐπιστημόνως

2112 2394 2447 2465 χωρήσωμεν
2468 2409 2482 2424 ⁸
2513 2394 2601 2447 ἵνα
2638 2392 3144 2463 μεταλαμῦάνοντες
3169 2390 3367 2459 ὀλίγων
3402 2387 3689 2458 φοινίκων,

2112 2485 2446 2555 ὲκκλίνωμεν
2499 2484 2616 2554 ἅμα
2653 2486 2747 2538 καὶ
2780 2485 2877 2548 τὰς
2923 2484 3164 2555 αἱρέσεις
3188 2483 3287 2544 τὰς
3322 2481 3401 2552 μὴ
3442 2479 3693 2550 τιμώσας

2110 2577 2210 2647 τὴν
2248 2576 2620 2645 ἀναπάσιμον
2656 2575 2751 2629 τοῦ
2799 2575 3007 2647 Κυρίου
3040 2574 3200 2645 ἡμῶν
3238 2572 3415 2644 Ἰησοῦ
3447 2569 3693 2642 Χριστοῦ

2114 2669 2345 2740 ἡμέραν,
2399 2668 2495 2722 καὶ
2548 2668 2610 2721 τὸ
2670 2667 3019 2737 ὀφειλόμενον
3077 2669 3143 2735 τῇ
3202 2665 3451 2736 νηστίμῳ
3506 2666 3697 2735 ἡμέρᾳ

2113 2760 2417 2831 ἀποδῶμεν,
2480 2759 2867 2830 περιμένοντες
2907 2758 3007 2827 τὴν
3070 2757 3361 2827 ὲσπερινὴν
3433 2756 3693 2821 σύναξιν,

2112 2854 2234 2922 ἥτις
2270 2849 2503 2904 ἐνταῦθα
2524 2849 2660 2903 Θεοῦ
2688 2849 2933 2911 θέλοντος
2954 2847 3303 2902 ἐπιτελεῖταιο
3334 2845 3695 2917 συναχθῶμεν

2113 2944 2294 2996 τοίνυν
2324 2942 2433 2994 άπὸ
2453 2940 2599 3011 ὥρας
2626 2940 2852 3009 ὲννάτης
2884 2938 3139 2993 ἐνταῦθα.

2197 3034 2261 3086 Ἦ
2291 3032 2346 3095 ς’
2372 3032 2511 3087 διάτ.
2538 3031 2633 3084 τοῦ
2671 3031 2738 3100 ιβ’
2770 3032 2877 3084 τίτ.
2895 3030 2990 3083 τοῦ
3021 3028 3067 3097 γ’
3103 3029 3243 3098 βιόλ.
3268 3029 3363 3083 τοῦ
3392 3028 3524 3084 κὼδ.
3544 3028 3697 3097 λέγει

432 3113 577 3168 diem
615 3115 861 3172 feriatum
894 3085 1039 3178 esse,
1068 3116 1220 3169 dicit.
1252 3115 1321 3169 Et
1342 3121 1519 3167 const.
1546 3111 1600 3175 9,
1640 3109 1891 3179 ejusdem
1923 3106 2008 3157 tit.

2120 3085 2524 3195 τὴνΚύριακὴν
2554 3085 2837 3193 ἄπρακτον
2859 3085 3069 3192 εἶναιῆ
3096 3085 3153 3176 δὲ
3170 3121 3213 3174 θ’
3235 3122 3378 3176 διάτ.
3397 3120 3494 3174 τοῦ
3525 3085 3694 3175 αὐτοῦ

433 3207 621 3260 eadem
646 3204 782 3278 [die]
807 3207 1077 3262 neminem
1111 3203 1659 3278 |debiti].admoneri,
1686 3210 1781 3256 aut
1812 3200 2012 3271 [aquo-

433 3298 620 3371 quam]
685 3299 1106 3369 lidejnssiones,
1170 3299 1413 3354 debitum
1459 3297 1545 3351 vel
1606 3296 1883 3365 publicum
1924 3287 2013 3345 vel

434 3390 704 3459 privatum
749 3391 890 3458 exigi
928 3407 943 3444 :
977 3404 1155 3458 neque
1193 3387 1246 3442 in
1286 3389 1493 3458 judicio
1531 3387 1616 3458 agi
1666 3405 1680 3441 :
1721 3401 1899 3455 neque
1924 3400 2014 3440 se-

434 3481 617 3537 nieum
677 3480 1047 3552 spectaculum
1105 3491 1203 3534 aut
1259 3480 1571 3534 arenariam
1637 3477 2013 3540 venationem,

434 3582 531 3627 aut
576 3573 823 3627 circense
871 3583 1150 3631 certamen
1208 3570 1501 3626 celebrari.
1556 3570 1696 3635 Quin
1745 3580 1798 3623 et
1839 3570 1885 3623 si
1914 3584 2014 3623 na-

436 3664 562 3717 talis
630 3664 977 3732 imperatoris
1048 3663 1103 3716 in
1156 3661 1519 3731 [Dominicum
1575 3660 1716 3715 diem
1773 3660 2016 3722 incidat.

437 3757 745 3824 spectacula
777 3756 1004 3810 dill‘erri.
1049 3754 1154 3819 Qui
1190 3755 1518 3825 spectaculis
1548 3753 1836 3808 Dominioo
1880 3751 2015 3825 |die]

436 3847 762 3911 interfuerit,
802 3858 859 3903 et
884 3850 976 3919 qui
1002 3849 1280 3918 apparitor
1312 3848 1483 3919 legem
1508 3856 1882 3916 transgressus
1916 3848 2007 3916 sit,

434 3956 559 3996 eum
584 3942 775 3997 militia
794 3943 1019 4011 privari,
1049 3943 1280 4011 ejusque
1304 3941 1691 4011 patrimonium
1715 3942 2009 4009 proscribi.

435 4033 625 4089 Licere
658 4043 835 4089 tamen
867 4049 932 4090 eo
968 4033 1098 4107 [die]
1131 4035 1333 4104 pacisci
1360 4043 1413 4089 et
1436 4033 1759 4104 transigere.
1798 4034 2007 4089 Dictum

430 4135 519 4181 est
538 4132 720 4179 autem
754 4126 846 4180 lib.
888 4127 935 4187 l,
967 4128 1053 4189 tit,
1086 4127 1142 4191 9,
1174 4135 1354 4180 const.
1383 4125 1440 4187 2,
1472 4124 1572 4197 [et]
1606 4125 1693 4179 l5.
1720 4124 1867 4193 quod
1910 4123 2008 4176 Ju-

433 4216 533 4272 daei
586 4218 673 4272 die
729 4218 989 4284 Sahbato,
1045 4218 1275 4287 aliisque
1329 4216 1570 4286 ipsorum
1616 4214 1773 4270 festis
1810 4214 2007 4271 diebus

2116 3216 2221 3270 τίτ.
2251 3217 2331 3269 ὃτι
2366 3216 2423 3267 ὲν
2457 3215 2593 3283 αὐτῇ
2637 3214 2734 3283 οὐχ
2776 3214 3247 3284 ὑπομιμνήσκεταί
3282 3230 3389 3277 τις,
3423 3212 3455 3281 ἢ
3488 3212 3696 3279 ἐγγύας

2120 3307 2453 3370 ἀπαιτεῖται,
2480 3304 2514 3374 ἢ
2552 3303 2831 3373 δημόσιον,
2876 3303 2909 3373 ἢ
2946 3303 3211 3361 ἰδιωτικὸν
3255 3303 3438 3372 χρέος,
3461 3301 3589 3355 οὔτε
3617 3303 3697 3355 δι-

2066 3424 2069 3427 <
2122 3398 2367 3464 κὰζεται,
2400 3396 2525 3449 οὔτε
2558 3394 2792 3466 σκηνικὴ
2820 3394 2938 3459 θέα,
2976 3394 3009 3465 ἢ
3044 3393 3325 3465 κυνηγίου,
3359 3393 3394 3465 ἢ
3430 3392 3695 3462 ἱπποδρο-

2117 3494 2239 3565 μίου
2260 3491 2515 3544 τελεῖται·
2542 3488 2659 3541 ἀλλ’
2697 3489 2747 3541 εί
2793 3489 2887 3542 καὶ
2923 3487 3117 3556 φθάσει
3144 3486 3394 3541 νατάλιον
3425 3470 3693 3555 βασιλέως

2115 3586 2172 3635 ὲν
2199 3582 2475 3652 κυριακῇ,
2498 3578 2844 3649 ὑπερτίθεται
2872 3578 2932 3631 τὸ
2965 3577 3208 3648 θεώριον’
3236 3580 3263 3631 ὁ
3290 3576 3346 3630 δὲ
3382 3576 3605 3645 θεωρῶν
3634 3578 3692 3626 ὲν

2114 3674 2393 3741 κυριακῇ,
2450 3667 2918 3739 άποστρατεύεται
2972 3668 3068 3720 καὶ
3136 3664 3459 3736 δημεύεται,
3514 3666 3609 3717 καὶ
3661 3666 3688 3713 ό

2116 3764 2447 3831 ὲκϐιϐαστὴς
2480 3760 2732 3831 παραϐὰς
2764 3760 2855 3813 τὸν
2884 3762 3068 3830 νόμον
3104 3758 3282 3823 ἔξεστι
3308 3756 3367 3809 δὲ
3398 3756 3687 3810 πακτεύειν

2115 3855 2210 3908 καὶ
2245 3852 2557 3907 διαλύεσθαι
2605 3855 2664 3905 ὲν
2690 3853 2965 3921 κυριακῇ·
3000 3852 3215 3920 εἴρηται
3248 3848 3394 3918 βιόλ.
3431 3846 3482 3900 α’
3515 3847 3617 3900 τίτ.
3643 3847 3685 3898 (τ’

2116 3945 2256 4000 διάτ.
2290 3944 2333 4013 β’
2378 3944 2474 3997 καὶ
2504 3950 2572 4012 ιγ’
2606 3944 2686 3996 ὅτι
2711 3945 2760 3996 οἱ
2796 3943 3034 3997 Ἰουδαῖοι
3061 3943 3123 3995 ὲν
3159 3941 3238 4010 τῷ
3278 3940 3548 4009 Σαὸϐάτῳ
3596 3940 3687 3990 καὶ

2114 4040 2235 4101 ταῖς
2256 4037 2442 4099 ἄλλαις
2469 4035 2649 4090 αὐτῶν
2672 4038 2907 4105 ἑορταῖς,
2935 4034 3057 4088 οὔτε
3086 4033 3418 4104 σωματικῶς
3447 4032 3684 4101 λειτουρ-

2115 4129 2324 4197 γοῦσιν,
2351 4127 2475 4182 οὔτε
2523 4145 2576 4182 τι
2606 4127 2870 4189 ποιοῦσιν,
2900 4125 3022 4179 οὔτε
3051 4126 3139 4177 διὰ
3163 4124 3433 4194 δημοσίαν
3461 4123 3495 4193 ἢ
3542 4122 3681 4175 ἰδιω-

2111 4220 2269 4292 τικὴν
2299 4220 2480 4276 αἰτίαν
2512 4218 2816 4287 ὲνάγονται,
2843 4218 2877 4288 ἢ
2911 4219 3248 4288 Χριστωνοίς
3269 4215 3576 4284 ὲνάγουσιν.

434 4323 612 4377 neque
650 4309 937 4376 corporale
988 4323 1189 4363 munus
1218 4310 1443 4373 obeunt,
1480 4322 1656 4377 neque
1684 4307 1982 4378 quidquam
2026 4310 2257 4377 faciunt,
2317 4326 2495 4381 neque
2564 4320 2787 4380 propter
2831 4310 3104 4379 publicam
3132 4310 3403 4378 privatam
3432 4308 3516 4362 vel
3554 4324 3685 4363 cau-

435 4414 552 4454 sam
583 4402 637 4452 in
660 4399 752 4467 jus
797 4409 1083 4459 vocantur.
1128 4408 1220 4453 aut
1258 4398 1407 4471 [ipsi]
1453 4400 1796 4455 Christianos
1834 4400 1888 4454 in
1925 4402 2016 4469 jus
2054 4411 2271 4459 vocant.

503 4491 656 4546 CAP.
694 4491 755 4545 V.
782 4522 854 4534 —
878 4491 989 4547 Cur
1032 4508 1163 4562 genu
1220 4492 1531 4560 ﬂectamus;
1582 4507 1680 4546 cur
1742 4508 1848 4545 non
1886 4493 2008 4546 item

2187 4495 2437 4548 ΚΕΦΑΛ.
2468 4495 2630 4549 Ε’.-
2651 4494 2747 4560 Τίς
2774 4494 2813 4561 ἡ
2842 4494 3002 4546 uitta
3025 4493 3135 4560 τῆς
3152 4490 3684 4561 τονυκλισίας,καὶ

432 4587 518 4639 die
548 4585 827 4639 Dominica
862 4586 939 4638 rel
967 4594 1195 4650 tempore
1220 4584 1573 4638 Peutecostali
1599 4600 1619 4640 :
1647 4597 1695 4640 et
1730 4601 1825 4641 cur
1861 4601 2007 4638 verso

2120 4586 2215 4640 rei”;
2238 4585 2324 4656 μὴ
2347 4585 2524 4640 τοῦτο
2554 4586 2827 4653 γίνεσθαι
2848 4584 2921 4637 ἐν
2951 4581 3220 4649 Κυριακῇ
3250 4582 3351 4634 καὶ
3378 4582 3507 4647 ταῖς
3534 4580 3683 4647 ἠμέ-

434 4676 504 4730 ad
540 4676 790 4729 orientem
834 4676 979 4729 vultu
1004 4692 1235 4729 oremus.

2099 4690 2236 4741 ραις
2270 4672 2379 4741 τῆς
2405 4671 2852 4740 Πεντηκοστῆς,
2882 4672 2980 4726 καὶ
3003 4670 3104 4725 διὰ
3133 4672 3192 4724 τι
3223 4670 3364 4739 τρὸς
3386 4669 3681 4735 ἀνατολὰς

2107 4764 2361 4833 ὁρῶντες
2389 4766 2706 4834 εὐχόμεθα.

435 4854 626 4908 Basilii
666 4870 730 4909 ex
788 4872 888 4925 quo
937 4855 1001 4909 de
1050 4855 1255 4923 Spiritu
1276 4864 1460 4908 sancto
1486 4854 1555 4907 ad
1579 4852 2007 4921 Amphilochium

2120 4857 2433 4911 Βασίλειον
2452 4857 2521 4910 ὲκ
2548 4856 2655 4911 τοῦ
2685 4853 2772 4917 κζ’
2803 4872 2933 4924 κεφ.
2961 4852 3081 4907 τῶν
3102 4853 3257 4922 πρὸς
3298 4852 3684 4923 Ἀμφιλόχιεγ

1092 4947 1331 5015 scripsit.

505 5059 582 5114 Er
642 5061 934 5115 asservatis
985 5061 1039 5114 in
1097 5059 1339 5115 Ecclesia
1388 5058 1758 5129 dogmatibus,
1789 5067 1897 5115 etc.
1943 5069 2005 5113 ut

435 5171 557 5225 p.:g.
588 5152 713 5209 462.

1036 5242 1103 5297 Et
1129 5251 1244 5311 post
1270 5242 1401 5295 alia.

508 5335 573 5389 Et
601 5337 714 5393 haec
744 5345 826 5391 est
862 5336 1024 5395 ratio.
1065 5343 1150 5388 etc
1171 5374 1186 5397 ,
1225 5344 1282 5387 ut
1316 5348 1479 5401 supra
1509 5329 1632 5385 462.

510 5427 684 5481 Erecti
748 5428 936 5483 itidem
999 5424 1314 5497 perlicimus
1368 5424 1809 5495 deprecationem
1856 5431 2003 5487 etc.,

436 5528 494 5572 ut
521 5536 642 5591 pag.
671 5521 795 5577 462.

2469 4946 2601 5015 περὶ
2629 4945 2737 5000 τοῦ
2766 4946 2939 5016 ἁγίου
2965 4948 3332 5015 Πγεὺματος.

2183 5058 2304 5113 Τῶν
2326 5061 2384 5112 ὲν
2407 5060 2474 5130 τῇ
2511 5058 2807 5129 Ἐκκλησία
2828 5058 3264 5129 πεφυλαγμένων
3289 5058 3580 5129 δογμάτων,
3609 5074 3675 5112 κ.

2112 5164 2165 5202 τ.
2193 5148 2244 5201 λ.

2667 5240 2777 5296 Καί
2804 5243 2933 5311 μεθ’
2951 5241 3142 5310 ἔτερα.

2181 5328 2551 5401 Οὗτοςόλόγος
2576 5332 2674 5404 τῆς
2691 5334 2800 5387 τῶν
2816 5334 3080 5404 ἀγράφων
3102 5335 3465 5408 παραδόσεως,
3489 5352 3535 5388 κ.
3548 5350 3595 5385 τ.
3613 5333 3678 5389 λ.

2183 5424 2294 5480 Καὶ
2318 5424 2468 5498 ὀρθοὶ
2509 5426 2607 5497 μὲν
2641 5425 2956 5498 πληροῦμεν
2984 5428 3083 5493 τὰς
3110 5430 3296 5499 εὐχὰς,
3328 5447 3381 5485 κ.
3407 5446 3454 5482 τ.
3480 5428 3527 5481 λ.
