3842 6224
320 280 425 347 651

1447 276 1704 338 PHOTII
1740 274 2243 336 ΡΑΤΒῘΑΒΕΠᾸΞ
2284 275 2393 335 CP.

3497 268 3609 332 65?.

325 401 463 454 tales
494 395 775 467 petitores.
809 392 914 449 Sed
940 401 1162 464 propter
1188 406 1378 448 eorum
1407 391 1582 447 malos
1607 390 1896 461 cogitatus,

2083 388 2255 461 ρήλιε,
2301 389 2383 441 ὅτι
2414 384 2672 450 πολλάκις
2699 384 2798 451 τὰς
2825 385 3082 448 τοιαύτας
3111 381 3296 455 ὁρμὰς
3317 381 3397 452 μὴ
3427 398 3606 452 προσ-

324 500 381 546 et
408 505 574 561 prave
605 486 920 544 continuata
951 483 1207 550 consilia,
1249 481 1356 538 hoc
1384 482 1527 548 dico,
1562 497 1668 536 non
1703 481 1902 537 debere

326 591 595 638 rectorem
654 578 904 647 accipere
949 592 1069 631 eam
1112 576 1346 646 plebem,
1403 588 1527 644 qua:
1580 573 1633 646 in
1674 571 1902 627 αἰσιοεεὶ

328 684 543 740 semper
587 666 879 736 subiacuit,
911 680 1012 721 nec
1064 681 1303 736 unquam
1358 664 1640 735 proprium
1686 663 1902 732 episco-

327 777 459 834 pum
511 760 724 816 habuit.
756 758 1101 830 Quapropter
1155 757 1202 813 si
1243 757 1500 811 universo
1553 753 1902 810 sanctissimo

326 856 494 911 coetui
534 855 714 926 placet
758 853 885 924 hoc,
934 851 1082 924 quod
1133 860 1458 922 prosecutus
1502 864 1648 914 sum,
1700 846 1902 903 confir-

328 956 474 1002 metu
483 960 529 1000 Γ.

399 1121 656 1177 Aurelius
681 1120 972 1190 episcopus
991 1117 1133 1172 dixit
1161 1137 1173 1172 :
1205 1117 1416 1174 Fratris
1441 1127 1495 1172 et
1539 1117 1904 1173 consacerdo-

332 1215 403 1269 tis
429 1213 602 1268 nostri
632 1213 1008 1283 prosecutioni
1050 1211 1209 1281 187
1237 1225 1343 1264 non
1385 1211 1595 1265 obsisto
1625 1229 1638 1264 :
1671 1213 1764 1264 sed
1801 1210 1905 1264 hoc

331 1321 421 1361 me
453 1315 506 1360 et
537 1304 732 1360 fecisse
763 1312 817 1358 et
856 1305 1127 1358 facturum
1181 1318 1302 1357 esse
1337 1304 1596 1372 proliteor
1629 1302 1776 1356 circa
1810 1316 1904 1355 eos

332 1412 488 1462 sane,
525 1397 620 1466 qni
657 1395 861 1450 fuerint
891 1395 1214 1461 concordes,
1252 1410 1359 1448 non
1402 1395 1758 1448 solnntmirca
1806 1393 1907 1447 Ec-

335 1486 558 1543 clesiam
607 1483 1130 1557 Carthaginiensem,
1171 1486 1263 1542 sed
1314 1488 1460 1542 circa
1516 1502 1678 1541 omne
1726 1501 1908 1541 sacer-

337 1579 516 1635 dotale
541 1580 901 1635 consortium.
925 1577 1064 1634 Sunt
1085 1579 1228 1634 enim
1257 1580 1500 1649 plerique
1521 1580 1908 1664 conspirantes

334 1683 460 1723 cum
492 1669 740 1739 plebibus
793 1668 1048 1738 propriis,
1091 1682 1230 1736 quas
1258 1667 1558 1736 decipiunt,
1602 1674 1663 1720 ut
1698 1667 1906 1719 dictum

2005 482 2294 552 δεχόμενος
2356 478 2653 542 ὲκώλυσας.
2689 477 2788 532 Διά
2839 477 2898 532 δὲ
2931 477 3031 539 τὰς
3058 477 3170 529 τῶν
3201 474 3468 528 τοιούτων
3501 491 3608 527 κα-

2007 572 2251 634 κοθελετς
2309 570 2555 636 ἐννοίας,
2607 571 2704 624 καὶ
2757 569 2828 624 τὰ
2874 569 3095 639 φαύλως
3159 565 3607 636 συμφωνούμενα

2009 662 2356 735 βουλεύματα
2389 663 2549 716 τοῦτο
2587 662 2753 732 λέγω,
2788 662 2864 734 μὴ
2908 661 3147 731 ὀφείλειν
3186 661 3320 713 ἴδιον
3348 661 3609 728 καθηγη-

2007 758 2107 830 τὴν
2134 755 2392 822 δέξασθαι
2421 755 2482 809 τὸ
2507 755 2711 825 πλῆθος
2738 754 2802 807 τὸ
2832 756 2890 807 ὲν
2918 756 2985 826 τῇ
3029 753 3302 823 λεγομένῃ
3335 750 3608 822 παροικίᾳ

2011 850 2372 920 ὑποκείμενον
2418 848 2633 919 ἀρχαίῳ
2677 847 2987 920 ὲπισκόπῳ,
3030 846 3125 900 καὶ
3167 844 3448 915 μηδέποτε
3477 843 3607 894 ἴδιον

2011 942 2305 996 ἐπίσκοπον
2351 941 2603 1010 ἐσχηκός.
2653 939 2746 992 Διὸ
2778 939 2875 992 ἐὰν
2906 938 3168 1008 συμπάσῃ
3208 939 3279 1006 τῇ
3318 935 3605 1004 ἁγιωτάτῃ

2013 1033 2214 1102 συνόδῳ
2242 1033 2450 1105 ἀρέσκῃ
2476 1032 2536 1083 τὺ
2565 1030 2694 1100 παρ’
2725 1029 2883 1100 ἐμοῦ,
2915 1029 3293 1098 βεϐαιωθήτω.

2080 1127 2348 1198 Αὐρήλιος
2376 1125 2672 1186 ἐπίσκοπος
2697 1117 2872 1175 εἶπεν*
2907 1121 3012 1174 Τοῦ
3046 1120 3281 1188 ἀδελφοῦ
3324 1119 3425 1171 καὶ
3477 1135 3609 1170 συν-

2013 1219 2312 1271 επισκόπου
2331 1214 2488 1286 ἡμῶν
2523 1217 2590 1285 τῇ
2625 1214 3064 1283 ὲξακολουθήσει,
3088 1213 3189 1266 οὑκ
3228 1211 3571 1279 ἀνθίσταμαι
3593 1227 3607 1238 ·

2012 1309 2149 1362 ἀλλὰ
2176 1309 2334 1359 τοῦτο
2363 1307 2463 1376 ἐμὲ
2491 1307 2586 1358 καὶ
2624 1305 2963 1375 πεποιηκότα
2994 1304 3092 1357 καὶ
3129 1305 3434 1372 ποιήσοντα
3475 1305 3611 1378 dpo-

2012 1400 2176 1469 λογῶ,
2213 1398 2416 1468 δηλαδὴ
2453 1397 2582 1466 περὶ
2629 1396 2754 1459 τοὺς
2801 1395 3180 1466 ὁμονοοῦντας,
3235 1395 3297 1448 οὐ
3343 1394 3512 1464 μόνον
3545 1395 3609 1462 τῇ

2013 1491 2070 1544 ὲν
2097 1489 2408 1559 Καρχηδόνι
2447 1483 2764 1558 Ἐκκλησία,
2792 1487 2928 1541 ἀλλά
2955 1485 3049 1540 καὶ
3077 1487 3230 1556 πάσῃ
3250 1488 3316 1556 τῇ
3353 1487 3610 1555 [spatia/ﬁ

2015 1582 2418 1654 συγκληρῶσει.
2453 1582 2574 1636 Εἰσὶ
2618 1580 2728 1651 γὰρ
2779 1581 3018 1634 πλεῖστοι
3059 1581 3440 1648 συμπνέοντες
3498 1579 3618 1639 τοῖς

2017 1676 2239 1738 οἰκείοις
2261 1675 2543 1746 πλήθεσιν,
2574 1673 2754 1737 ἆτινα,
2782 1675 2857 1737 ὡς
2878 1672 3151 1739 λέλεκται,
3180 1672 3438 1726 ἀπατῶσι
3470 1673 3616 1739 κνήο

332 1769 439 1829 est,
476 1776 666 1817 earum
707 1761 1015 1830 scalpentes
1050 1774 1231 1825 aures,
1288 1759 1472 1814 blandi
1533 1759 1599 1812 ad
1644 1760 1910 1813 scducen-

2077 1785 2198 1832 ντες
2223 1769 2322 1831 τὰς
2346 1767 2518 1832 ἀκοὰς
2543 1767 2744 1832 αὐτῶν,
2767 1767 2862 1820 καὶ
2889 1766 3280 1824 κολακεύοντες
3311 1764 3450 1833 πρὸς
3481 1765 3618 1814 tau-

335 1852 491 1918 dum,
521 1852 734 1909 vitiosa!
757 1853 882 1907 vitm
920 1852 1190 1914 homines,
1235 1851 1320 1906 vel
1359 1859 1506 1906 certe
1530 1849 1722 1913 inﬂati,
1761 1859 1816 1904 et
1845 1850 1912 1903 ab

338 1947 445 2001 hec
489 1944 769 2000 consortio
821 1944 1079 2014 separati,
1114 1943 1206 2012 qui
1260 1951 1456 2012 putant
1503 1942 1734 2012 propria!
1768 1941 1912 2011 plebi

336 2036 746 2101 incubandum;
785 2043 840 2090 et
873 2047 1271 2103 nonnunquam
1298 2035 1577 2088 convocati
1630 2033 1694 2088 ad
1731 2032 1913 2087 conci-

336 2126 471 2182 lium
519 2126 704 2181 venire
751 2126 1083 2192 detrectant,
1135 2140 1236 2180 sua
1294 2126 1438 2179 forte
1488 2141 1556 2180 ne
1611 2125 1914 2195 prodantur

335 2219 562 2289 ﬂagitia,
599 2228 926 2274 metuentes.
954 2219 1104 2283 Dico,
1133 2217 1178 2272 si
1220 2219 1417 2288 placet,
1462 2219 1607 2274 circa
1639 2219 1760 2282 bos,
1802 2232 1913 2272 non

342 2319 551 2365 tantum
581 2309 847 2365 dioeceses
886 2325 992 2364 non
1045 2325 1167 2365 esse
1197 2309 1515 2373 servandas,
1547 2325 1738 2363 verum
1769 2318 1823 2364 et
1849 2309 1915 2363 de

337 2401 563 2472 propria
604 2399 869 2464 Ecclesia,
898 2415 1016 2469 quae
1040 2399 1146 2454 illis
1178 2400 1317 2453 male
1348 2398 1559 2466 faverit,
1598 2397 1915 2453 omnimodo

337 2500 695 2556 adnitendum
729 2508 786 2553 ut
827 2499 990 2554 etiam
1036 2499 1361 2552 auctoritate
1391 2497 1607 2567 publica
1656 2496 1914 2565 rcjician-

337 2603 450 2659 tur,
497 2602 662 2663 atque
695 2591 763 2646 ab
811 2590 948 2660 ipsis
976 2589 1369 2660 principalibus
1415 2588 1689 2643 cathedris
1736 2601 1916 2642 remo-

339 2695 591 2740 reantur.
616 2683 851 2754 Oportet
889 2684 1056 2745 enim,
1100 2691 1157 2736 ut
1207 2681 1298 2751 qui
1351 2680 1623 2735 universis
1655 2679 1915 2733 fratribus

341 2790 406 2831 ac
437 2785 554 2830 toto
593 2775 829 2830 concilio
860 2774 972 2844 (53)
1021 2772 1320 2835 inhaeserit,
1374 2786 1482 2825 non
1522 2771 1700 2826 solum
1758 2785 1913 2826 suam

335 2867 460 2936 jure
488 2865 722 2936 integro,
762 2865 855 2920 sed
910 2873 964 2918 et
997 2864 1265 2918 dioeceses
1305 2861 1601 2931 possideat.
1643 2862 1714 2914 At
1761 2875 1912 2927 vero,

340 2960 434 3029 qui
488 2959 708 3013 sibimet
759 2965 951 3028 putant
983 2957 1166 3026 plebes
1211 2970 1341 3010 suas
1373 2953 1640 3018 suﬂicere,
1676 2954 1916 3008 fraterna

2012 1862 2158 1925 τοὺς,
2208 1857 2528 1931 ἀνθρώπους
2570 1857 3026 1928 κατεγνωσμένου
3079 1856 3228 1927 βίου·
3281 1853 3496 1926 μᾶλλον
3561 1853 3618 1903 δὲ

2014 1952 2390 2023 φυσιούμενοι,
2419 1951 2516 2005 καὶ
2545 1952 2610 2004 ἐκ
2641 1952 2742 2021 τῆς
2769 1950 3206 2020 συγκληρώσεως
3231 1949 3444 2016 ταύτης
3478 1947 3621 1997 tau-

2012 2043 2138 2106 τοὺς
2176 2039 2524 2113 χωρίζοντες,
2568 2041 2792 2108 ὀἵτινεςξ
2825 2040 2902 2111 τῷ
2943 2042 3056 2111 ἰδίῳ
3087 2040 3278 2110 πλήθει
3323 2038 3622 2104 ἐπερειδό-

2018 2151 2190 2207 μενοι,
2244 2134 2507 2198 πολλάκις
2563 2132 2961 2204 συγκληθέντες
3009 2132 3188 2185 ἐλθεῖν
3231 2132 3312 2194 εἰς
3360 2131 3618 2192 σύνοδον,

2015 2225 2511 2296 παραιτοῦνται,ὡς
2541 2223 2868 2295 φοϐούμενοι
2903 2225 2975 2295 μή
3005 2242 3124 2286 πως
3149 2222 3220 2275 τά
3237 2223 3448 2275 τούτων
3484 2223 3620 2274 ito-

2015 2321 2247 2390 πήματα
2279 2318 2656 2390 φανερωθῶσι.
2687 2318 2934 2387 Λέγομεν
2967 2315 3079 2381 οὖν,
3121 2316 3216 2368 ἐὰν
3249 2314 3382 2385 δοκῇ
3406 2331 3417 2342 ο
3451 2314 3620 2382 ὀφεί-

2013 2411 2178 2482 λομεν
2205 2413 2369 2464 παντὶ
2415 2411 2601 2483 τρόπῳ
2629 2410 3023 2480 ἀγωνίσασθαι,
3067 2409 3276 2472 τούτοις
3313 2411 3392 2478 μὴ
3445 2408 3623 2475 μόνον

2015 2503 2114 2567 τάς
2139 2503 2394 2566 τοιαύτας
2426 2503 2720 2574 διοικήσεις
2748 2501 2826 2575 μὴ
2861 2499 3246 2572 φυλάττεσθαι,
3276 2500 3418 2554 ἀλλά
3471 2499 3622 2568 μηδὲ

2015 2595 2112 2658 τὰς
2162 2595 2298 2658 ἰδίας
2343 2594 2673 2662 Ἐκκλησίας
2721 2595 2819 2657 τὰς
2867 2595 3050 2657 κακῶς
3101 2595 3179 2656 εἰς
3217 2592 3455 2654 ἑαυτοὺς
3512 2607 3626 2644 πε-

2020 2685 2354 2756 ριελθούσας.
2386 2687 2497 2738 Καὶ
2527 2683 2616 2738 ἵνα
2647 2685 2983 2748 αὑθεντικῶς
3015 2686 3250 2755 δημοσίᾳ
3283 2683 3628 2736 ἐκϐάλλων-

2014 2791 2124 2840 ται,
2159 2777 2252 2831 καὶ
2277 2777 2450 2847 αὐτῆς
2481 2777 2581 2847 τῆς
2602 2778 2710 2829 τῶν
2741 2778 3130 2849 πρωτευόντων
3162 2775 3433 2843 καθέδρας
3463 2774 3624 2827 ἀπο.

2016 2869 2293 2922 κινῶνται.
2346 2868 2468 2938 Χρὴ
2497 2869 2606 2938 γὰρ
2648 2870 2773 2931 τοὺς
2803 2869 3050 2938 σύμπασι
3083 2871 3195 2930 τοῖς
3220 2867 3482 2936 ἀδελφοῖς
3522 2869 3628 2921 καὶ

2016 2958 2116 3030 ὅλῃ
2144 2961 2209 3029 τῇ
2258 2959 2459 3030 συνόδῳ
2495 2959 3035 3030 προσκολλωμένους,
3083 2961 3158 3029 μὴ
3189 2959 3347 3028 μόνον
3391 2957 3501 3030 τὴν
3533 2959 3628 3010 οξ-

339 3049 636 3105 dilectionc
669 3056 997 3117 contempta,
1053 3061 1161 3100 non
1205 3054 1413 3101 tantum
1451 3046 1717 3102 dioeceses
1755 3046 1912 3099 amit-

2076 3051 2170 3100 ;ίαν
2213 3048 2466 3119 κατέχειν
2508 3049 2733 3112 δικαίως
2774 3049 3062 3120 καθέδραν,
3107 3049 3219 3102 ἀλλ’
3251 3049 3328 3101 ἔτι
3368 3047 3481 3119 μὴν
3516 3048 3628 3112 τὰς

338 3150 476 3207 tant,
513 3140 630 3207 sed,
658 3150 715 3194 ut
743 3140 877 3206 dixi,
902 3139 1065 3194 etiam
1102 3137 1158 3191 in
1191 3137 1424 3208 propriis
1449 3136 1662 3206 publica
1697 3146 1916 3191 careant

339 3232 685 3296 auctoritate,
721 3240 780 3285 ut
808 3231 1058 3286 rebelles.

2021 3137 2275 3201 τοιαύτας
2310 3138 2609 3207 διοικήσεις
2653 3136 2990 3206 κεκτῆσθαι·
3031 3136 3158 3200 τοὺς
3208 3137 3263 3189 δὲ
3307 3136 3633 3198 δοκοῦντας

2019 3229 2134 3291 τοῖς
2161 3227 2314 3292 ἰδίοις
2351 3227 2528 3298 ὄχλοις
2554 3227 2863 3299 ἀρκεῖσθαι,
2897 3226 3113 3297 καὶτῆς
3140 3227 3440 3296 ἀδελφικῆς
3463 3228 3633 3295 ἀγά-

339 3343 448 3398 πης
483 3323 980 3396 καταφρονοῦντας,
1011 3321 1272 3394 μὴμόνον
1333 3322 1436 3386 τὰς
1498 3321 1794 3391 διοικήσεις
1819 3321 2126 3389 ἀπολλύειν,
2164 3321 2281 3374 ἀλλ’
2323 3322 2404 3375 ἔτι
2450 3323 2580 3393 μὴν,
2609 3321 2684 3386 ὡς
2719 3317 2892 3390 εἷπον,
2929 3323 3023 3376 καὶ
3092 3321 3198 3374 τῶν
3229 3321 3376 3376 ἰδίων
3423 3323 3632 3376 τόπων

339 3419 635 3490 ἀρχοντικῇ
667 3415 998 3485 στερεῖσθαι,
1030 3415 1107 3477 ὡς
1140 3413 1434 3486 ἀντάρτας,
1465 3414 1774 3486 δυναστείᾳ.

409 3507 727 3562 Honoratus
755 3515 808 3561 et
830 3507 1086 3562 Urbanus
1108 3505 1345 3576 episc0pi
1370 3507 1627 3561 dixerunt
1653 3525 1666 3560 :
1691 3505 1913 3560 Summa

2099 3503 2405 3574 Ὁνωράτος
2434 3503 2528 3557 καὶ
2562 3504 2840 3574 Οὐρϐανὸς
2865 3503 3155 3558 ἐπίσκοποι
3181 3500 3356 3558 εἰπονο
3410 3507 3475 3558 Ἦ
3515 3525 3633 3575 με-

339 3600 583 3674 provisio
617 3598 926 3656 sanctitatis
958 3594 1065 3650 tum
1098 3597 1324 3653 cohaesit
1351 3599 1628 3653 mentibus
1673 3597 1912 3668 singulo-

2078 3619 2174 3671 στη
2204 3601 2430 3670 πρόνοια
2459 3601 2558 3669 τῆς
2580 3601 2853 3672 ὑμετέρας
2880 3601 3208 3670 ἁγιωσύνης.
3234 3603 3354 3660 ταῖς
3380 3603 3632 3656 πάντων

340 3708 486 3758 rum,
516 3699 590 3759 et,
623 3700 775 3760 puto,
810 3689 1058 3744 omnium
1099 3690 1454 3760 responsione
1483 3705 1545 3744 ea
1577 3704 1697 3760 quae
1731 3703 1912 3759 prose-

2076 3693 2274 3755 ιινοίαις
2291 3690 2643 3761 ἐνεκαθὲσθη,
2666 3693 2762 3745 καὶ
2778 3690 3103 3759 λογιζόμεθα
3121 3691 3353 3759 ὀφείλειν
3376 3697 3444 3763 τῇ
3472 3697 3622 3748 πάνο

341 3784 436 3856 qui
463 3783 717 3855 dignatus
743 3796 825 3848 es,
858 3779 1189 3838 roboranda.

416 3985 584 4058 188
610 3983 867 4041 Universi
897 3983 1140 4055 episcopi
1165 3983 1421 4038 dixerunt
1445 4001 1459 4038 :
1486 3983 1692 4047 Placet,
1717 3983 1912 4053 placet.

424 4077 494 4133 ιί
517 4077 746 4148 episcopi
776 4077 867 4146 qui
894 4075 946 4129 in
963 4076 1270 4130 diwcesibus
1293 4077 1489 4145 fuerint
1511 4077 1767 4136 ordinati.
1786 4075 1919 4131 diae-

347 4171 504 4228 cesim
545 4169 646 4225 sibi
688 4169 896 4225 nullam
927 4170 1210 4224 vindicent.

412 4356 504 4412 ὅθ.
537 4356 852 4414 Honoratus
881 4368 935 4413 et
964 4356 1222 4416 Urbanus
1255 4360 1301 4393 °°
1333 4358 1580 4430 episcOpi'
1617 4359 1874 4415 dixerunt
1901 4378 1915 4413 :

345 4447 668 4502 Audivimus
700 4448 1083 4514 constitutum,
1115 4458 1178 4503 ut
1218 4449 1484 4506 diteceses
1522 4464 1629 4505 non
1666 4466 1914 4506 merean-

347 4550 437 4592 tur
471 4538 760 4608 episeopos
793 4538 1194 4608 aceipere,'nisi
1231 4553 1503 4595 consensu
1536 4541 1657 4611 ejus
1683 4540 1786 4596 sub
1810 4555 1921 4610 quo

347 4631 554 4685 fuerint
593 4631 946 4686 constituta):
1007 4631 1098 4686 sed
1138 4631 1191 4684 in
1245 4632 1527 4702 provincia
1573 4642 1763 4689 nostra
1795 4648 1920 4689 cum

348 4723 516 4794 aliqui
540 4723 683 4781 forte
734 4725 788 4778 in
817 4724 1063 4789 dioecesi,
1090 4724 1420 4782 concedente
1449 4741 1515 4782 eo
1553 4727 1813 4798 episcopo
1866 4727 1920 4782 in

345 4817 507 4888 cujus
535 4826 805 4888 potestate
850 4817 1069 4872 fuerant
1119 4819 1449 4884 constitutae,
1507 4819 1744 4875 ordinati
1793 4827 1923 4877 sunt

345 4910 612 4980 episcopi,
658 4911 822 4964 etiam
869 4910 1137 4967 dioeceses
1183 4911 1286 4968 sibi
1341 4913 1663 4968 vindicant:
1717 4916 1820 4967 hoc
1864 4923 1918 4969 et

341 5004 546 5073 corrigi
605 5003 890 5060 cbaritatis
934 5015 1131 5060 vestra:
1183 5005 1413 5074 judicio,
1463 5014 1517 5060 et
1573 5004 1808 5060 inhiberi
1850 5005 1919 5061 de

347 5102 542 5149 caetero
561 5094 739 5150 debet.

417 5183 719 5253 Epigonius
761 5185 1050 5254 episcopus
1087 5185 1226 5239 dixit
1277 5205 1290 5239 :
1351 5185 1595 5255 Singulis
1651 5187 1922 5257 episcopis

345 5284 624 5329 servatum
679 5282 762 5330 est
795 5275 939 5343 quod
987 5275 1236 5340 decebat,
1285 5285 1346 5329 ut
1385 5291 1448 5328 ex
1501 5290 1685 5331 massa
1719 5279 1921 5333 dimce-

349 5365 492 5419 siutn
547 5366 696 5419 nulla
752 5375 1086 5435 carperetur,
1154 5374 1213 5420 ut
1267 5366 1547 5436 proprium
1605 5367 1922 5439 episcopum

437 5523 482 5554 ”
533 5525 703 5581 Cone.
758 5526 926 5582 Afric.
961 5543 1007 5582 c.
1063 5527 1168 5592 ‘23;
1201 5527 1454 5595 Cartliag.
1493 5541 1572 5592 ιιι,
1603 5540 1724 5583 can.
1760 5527 1848 5582 46.

420 5681 532 5751 (55)
575 5680 686 5738 11οο
720 5691 824 5745 est,
867 5701 884 5734 ι
919 5685 1016 5738 toti
1049 5683 1358 5752 provinciae.
1395 5705 1411 5735 ι

2014 3801 2122 3837 των
2155 3783 2449 3854 ἀποκρίσει
2479 3781 2846 3852 βεϐαιωθῆναι
2877 3781 2974 3852 τὴν
3009 3781 3276 3853 ὑμετέραν
3303 3783 3629 3848 ὲξακολού-

2028 3875 2208 3946 θησιν.

2095 3991 2417 4060 Σύμπαντες
2454 3989 2744 4043 ἐπίσκοποι
2802 3985 2992 4043 εἷπον·
3037 3990 3306 4060 Ἀρέσκει,
3349 3991 3629 4060 ἀρέσκει.

2094 4081 2236 4150 Περί
2262 4080 2370 4135 τοῦ
2391 4079 2534 4146 τοὺς
2559 4080 2628 4134 ἐν
2650 4079 2776 4146 ταῖς
2804 4080 3135 4148 παροικίαις
3167 4086 3635 4153 χειροτονουμέ-

2028 4189 2174 4239 νους
2202 4173 2594 4240 ἐπισκόπους,
2629 4173 2715 4243 μή
2754 4190 2888 4226 τινα
2906 4172 3141 4238 ἑαυτοῖς
3171 4172 3435 4228 ἐκδικεῖν
3461 4175 3632 4230 διοί-

2027 4281 2232 4335 amatr.

2098 4365 2206 4423 νς’.
2252 4359 2551 4430 Ὁνωράτος
2593 4358 2685 4411 καὶ
2720 4356 2996 4428 Οὑρϐανὸς
3033 4358 3081 4409 οἰ
3107 4357 3394 4410 ἐπίσκοποι
3431 4352 3634 4412 εἶπον·

2033 4451 2376 4522 Ἦκούσαμεν
2405 4450 2643 4522 ὁρισθὲν,
2688 4449 2777 4502 ἵνα
2805 4449 2862 4502 αἱ
2910 4448 3192 4517 παροικὶαι
3237 4447 3310 4518 μὴ
3336 4447 3630 4511 ἀξιῶν-ται

2020 4541 2316 4611 λαμϐάνειν
2341 4541 2694 4606 ἐπισκόπους,
2717 4542 2765 4593 εἰ
2797 4541 2873 4612 μὴ
2892 4540 3035 4594 κατά
3065 4539 3371 4592 συναένεσιν
3409 4542 3626 4595 τούτου

2019 4631 2110 4701 ὑφ’
2140 4632 2198 4686 ὃν
2230 4632 2572 4686 καθίσταντο.
2625 4630 2715 4684 Ἐν
2742 4629 2800 4683 δὲ
2826 4632 2893 4702 ’πῇ
2926 4630 3080 4701 χώρα
3109 4630 3261 4701 ἡμῶν
3286 4629 3432 4682 κατά
3473 4647 3628 4698 συγ-

2019 4724 2260 4795 χώρησιν
2298 4723 2392 4777 τοῦ
2459 4723 2520 4786 ἐξ
2561 4722 2738 4794 ἀρχῆς
2788 4723 3111 4792 κατέχοντος
3160 4721 3254 4784 τὰς
3306 4720 3626 4791 διοικήσεις

2020 4815 2342 4876 ἐπισκόπου,
2390 4814 2534 4877 τινὲς
2567 4815 2648 4878 εἰς
2673 4812 2787 4877 ,τὰς
2819 4813 2990 4876 αὐτὰς
3035 4809 3323 4882 παροικίας
3361 4828 3626 4880 χειροτο-

2021 4907 2277 4976 νηθέντες
2307 4908 2618 4972 ἐπίσκοποι,
2666 4908 2879 4971 ἑαυτοῖς
2908 4907 2988 4960 ἔτι
3035 4906 3140 4976 μὴν
3174 4904 3363 4973 ἐτέρας
3409 4903 3626 4957 διεκδι-

2019 4997 2194 5052 κοῦσι.
2245 4998 2416 5051 Τοῦτο
2449 5000 2544 5054 καὶ
2597 4999 2904 5069 κωλυθῆναι
2953 5001 3017 5068 τῇ
3049 4998 3157 5050 ἀπὸ
3196 4996 3294 5065 τῆς
3329 4994 3620 5064 ὑμετέρας

2020 5095 2242 5164 ἀγάπης
2277 5095 2480 5164 κρίσει,
2512 5096 2608 5148 καὶ
2635 5095 3006 5167 ἀναρτηθῆναι
3033 5093 3128 5146 τοῦ
3157 5090 3342 5144 λοιποῦ
3373 5091 3614 5160 ὀφείλει.

2103 5184 2404 5251 Ἐπιγόνιος
2450 5186 2747 5249 ἐπίσκοπος
2791 5182 2987 5239 εἶπενο
3035 5184 3282 5252 Ἐκάστῳ
3321 5182 3616 5251 ὲπισκόπῳ

2021 5277 2080 5330 τὺ
2109 5279 2318 5348 πρέπον
2372 5280 2673 5351 ἐφυλάχθη.
2724 5281 2812 5333 ἵνα
2864 5281 2928 5332 ὲκ
2975 5279 3074 5347 τῆς
3115 5275 3457 5346 συγκτησίας
3500 5273 3614 5325 τῶν

2025 5371 2322 5443 παροικιῶν
2356 5374 2522 5445 μηδὲν
2553 5373 2919 5445 ἀποδρεφθείη
2960 5372 3096 5442 πρὸς
3132 5371 3193 5424 τδ
3227 5368 3356 5422 ἴδιον
3398 5369 3604 5437 κήδε’
