3912 6244
339 309 446 372 655

413 421 573 494 19o
597 419 670 474 De
701 417 779 471 his
810 407 901 486 qui
935 414 1104 485 plebes
1157 411 1396 481 proprias
1458 409 1842 478 derelinquunt.

410 605 499 658 Ἡ.
539 602 754 657 Rursus
775 594 980 668 placuit
1001 595 1045 626 ⁷³
1080 591 1217 664 (58),
1249 599 1308 645 ut
1338 589 1537 644 nemini
1562 589 1632 644 sit
1660 586 1911 652 facultas,

337 699 523 754 relicta
552 692 835 765 principali
861 689 1141 751 cathedra,
1168 686 1234 740 ad
1263 685 1500 752 aliquam
1522 681 1821 736 Ecclesiam
1848 680 1908 733 in

339 791 564 846 dioecesi
608 786 962 842 constitutam
1010 797 1068 837 se
1113 779 1383 841 conferre,
1437 775 1522 830 vel
1575 775 1627 828 in
1677 789 1738 828 re
1787 786 1915 842 pro-

339 886 456 956 pria
484 881 602 952 (59)
639 879 843 935 diutius
863 891 1025 947 quam
1059 882 1274 944 oportet
1298 869 1675 934 constitutum,
1722 881 1915 921 curam

338 980 422 1034 vel
457 972 950 1045 frequentationem
978 966 1212 1038 propria:
1244 963 1516 1019 cathedra:
1546 960 1841 1030 negligere.

408 1151 487 1206 De
514 1149 877 1222 defensoribus
920 1143 1282 1199 Ecclesiarum
1334 1139 1400 1194 ab
1473 1140 1789 1204 imperatore
1823 1151 1920 1206 po-

341 1244 570 1298 scendis.

414 1335 504 1389 '75.
552 1333 635 1391 Ab
687 1328 1136 1400 imperatoribus.
1181 1323 1452 1380 universis
1513 1321 1689 1376 visum
1744 1319 1916 1383 est",

341 1424 730 1497 postulandum
780 1431 999 1492 propter
1036 1417 1383 1473 amictionem
1417 1430 1742 1484 pauperum,
1779 1428 1922 1483 quo-

344 1534 466 1572 rum
543 1515 808 1570 molestiis
865 1514 982 1569 sine
1040 1508 1449 1565 intermissione
1505 1505 1762 1577 fatigatur
1818 1504 1923 1560 Ec-

343 1613 531 1677 clesia,
580 1619 640 1663 ut
681 1607 999 1662 defensores
1053 1605 1136 1659 eis
1193 1604 1457 1658 adversus
1504 1600 1777 1669 potentias
1832 1599 1921 1654 di-

344 1705 512 1758 vitum
549 1717 672 1756 cum
717 1699 1102 1768 episcoporum
1161 1695 1472 1766 provisione
1507 1692 1846 1762 deiegentur.

418 1797 494 1851 De
524 1790 1049 1848 manumissionibus.

415 1888 505 1943 8'2.
526 1886 654 1940 Item
675 1882 946 1954 placuit",
965 1890 1023 1934 ut
1039 1880 1105 1934 de
1122 1876 1646 1933 manumissionibus
1666 1876 1718 1930 in
1738 1874 1921 1930 Eccle-

345 1982 424 2037 sia
454 1976 793 2036 celebrandis
821 1973 890 2028 ab
915 1973 1246 2042 imperatore
1275 1978 1513 2039 petatur.

348 2157 574 2215 Concilii
601 2153 904 2210 (ecumeuici
954 2167 1003 2207 νι
1034 2164 1255 2204 canones
1309 2147 1402 2214 95,
1448 2146 1539 2212 36,
1595 2144 1687 2210 57,
1716 2143 1805 2210 '58,
1830 2143 1922 2199 '59.

419 2312 510 2367 25.
543 2310 809 2364 Praeterea
832 2319 1157 2362 renovamus
1178 2305 1341 2358 etiam
1367 2317 1656 2367 canonem,
1681 2301 1773 2372 qui
1795 2300 1928 2358 dicit

347 2415 612 2478 agrestes,
643 2412 697 2458 et
724 2416 844 2471 quae
869 2408 997 2453 sunt
1019 2399 1073 2452 in
1105 2397 1383 2468 provincia
1414 2395 1703 2466 parochias
1733 2396 1925 2449 incon-

348 2512 541 2554 cussas
572 2508 790 2549 manere
819 2493 960 2560 apud
995 2491 1304 2560 episc0pos,
1344 2489 1436 2557 qui
1476 2502 1568 2541 eas
1601 2486 1882 2557 possident
1911 2505 1924 2540 :

347 2589 620 2654 maxime,
671 2586 716 2641 si
765 2583 981 2654 triginta
1034 2595 1302 2635 annorum
1357 2579 1531 2647 spatio
1582 2592 1675 2631 eas
1711 2578 1831 2630 sine
1874 2576 1926 2628 vi

348 2681 689 2754 possidentes
731 2673 1253 2732 administraverint.
1303 2671 1359 2724 Si
1414 2679 1594 2724 autem
1646 2669 1785 2722 intra
1833 2667 1930 2722 tri-

350 2775 498 2844 ginta
541 2784 713 2825 annos
747 2767 848 2822 fuit
881 2765 964 2821 vel
998 2763 1161 2819 fuerit
1201 2763 1384 2832 aliqua
1413 2761 1478 2815 de
1511 2761 1577 2815 iis
1611 2771 1930 2814 controver-

351 2867 452 2930 sia,
484 2865 648 2919 licere
689 2863 774 2926 iis,
805 2859 899 2931 qui
943 2873 1003 2914 se
1037 2857 1235 2927 injuria
1265 2855 1488 2909 aﬂectos
1522 2852 1727 2919 dicunt,
1762 2850 1831 2906 de
1862 2865 1930 2905 eo

351 2957 620 3013 actionem
649 2952 792 3024 apud
825 2950 1092 3022 synodum
1121 2946 1431 3018 provinciae.

423 3133 513 3188 56.
533 3131 874 3188 Renovantes
891 3144 1049 3200 quaaa
1067 3126 1269 3183 sanctis
1292 3136 1510 3181 centum
1531 3122 1927 3194 quinquaginta
1955 3118 1998 3177 C

351 3224 626 3289 Patribus,
651 3234 780 3288 etc.,
806 3231 862 3276 ut
895 3237 1056 3290 supra
1081 3237 1201 3290 pag.
1229 3219 1356 3274 474.

425 3317 510 3372 57.
556 3315 826 3382 Quoniam
880 3314 1110 3369 diversis
1135 3311 1496 3381 temporibus,
1522 3318 1654 3376 etc.,
1687 3316 1743 3362 ut
1769 3323 1933 3378 supra

353 3421 474 3475 pag.
509 3404 632 3460 487.

430 3496 586 3566 191
612 3495 700 3550 58.
732 3494 1010 3549 Canonem
1043 3491 1136 3562 qui
1165 3507 1192 3546 a
1219 3491 1473 3547 Patribus
1496 3488 1675 3546 factus
1703 3500 1806 3554 est,
1834 3502 1934 3542 nos

355 3600 574 3657 quoque
601 3586 978 3648 observamus,
998 3583 1089 3655 qui
1111 3583 1191 3637 sic
1205 3581 1369 3637 edicit
1397 3599 1410 3635 :
1439 3581 1494 3636 Si
1527 3581 1850 3651 qua,civitas
1866 3580 1935 3634 ab

358 3677 625 3747 imperiali
647 3685 914 3745 potestate
936 3675 1194 3728 innovata
1216 3683 1320 3739 est,
1346 3675 1428 3727 vel
1461 3689 1652 3728 rursus
1677 3673 1934 3726 innovata

358 3766 548 3833 fuerit,
580 3767 766 3822 civiles
792 3781 856 3821 ac
923 3765 1170 3835 publicos
1229 3775 1386 3835 typos
1443 3765 1933 3820 ecclesiasticarum

357 3874 577 3931 quoque
605 3872 786 3913 rerum
832 3856 967 3914 ordo
1017 3867 1415 3927 consequatur.

429 4043 517 4100 '59.
549 4041 686 4097 Cum
717 4040 885 4096 frater
934 4049 990 4096 et
1038 4039 1420 4096 comminister
1463 4050 1653 4095 noster
1695 4037 1935 4094 Joannes

359 4138 552 4193 insula:
579 4136 742 4208 Cypri
778 4136 995 4205 praasul,
1025 4147 1154 4199 etc.,
1191 4145 1245 4187 ut
1279 4151 1441 4202 supra
1468 4151 1590 4203 pag.
1623 4132 1749 4187 474.

437 4228 659 4284 Textus.
706 4227 894 4281 Const.
926 4225 979 4288 6,
1021 4225 1107 4279 tit.
1163 4225 1218 4290 2,
1260 4225 1354 4280 lib.
1389 4241 1404 4279 ι
1465 4224 1598 4279 Cod.
1660 4223 1734 4276 ait
1767 4224 1933 4292 quod,

361 4320 494 4387 Quae
515 4319 792 4374 canonica:
825 4320 1132 4373 dubietates
1165 4333 1260 4386 per
1314 4317 1630 4370 universum
1660 4314 1934 4386 Illyricum

361 4419 668 4480 emergunt,
703 4426 796 4464 eas
828 4425 934 4462 non
974 4410 1182 4478 absque
1221 4409 1448 4463 scientia
1491 4409 1751 4462 antistitis
1788 4407 1936 4460 urbis

1448 296 1705 358 ΡΗΟΤΙΙ
1744 291 2248 354 PATRIARCILE
2291 290 2398 352 ΟΡ.

3487 291 3590 357 656

1942 408 1994 466 Λ
2094 405 2234 473 Περὶ
2276 404 2395 457 τῶν
2424 403 2562 470 τοὺς
2608 403 2798 468 ἰδίους
2829 403 3017 470 λαοὺς
3037 402 3589 474 ἐγκαταλιμπανογ-

2016 513 2154 550 των.

2087 586 2180 641 ολ’.
2215 586 2384 640 Πάλιν
2412 586 2632 657 ἤρεσεν,
2663 586 2806 640 ὥστε
2838 587 3029 657 μηδενὶ
3060 585 3263 652 ἐξεῖναι
3285 586 3594 658 ἐπισκόπῳ,

2017 678 2471 750 καταλειφθείσης
2523 683 2624 749 τῆς
2678 679 3006 750 αύθεντικῆς
3069 681 3236 734 αὐτοῦ
3301 680 3594 750 καθέδρας,

2017 771 2154 842 πρός
2171 787 2294 825 τινα
2330 771 2655 839 Ἐκκλησίαν
2677 773 2734 824 ὲν
2754 773 3014 843 διοικήσει
3035 762 3390 826 καθεστῶσαν
3412 773 3601 826 ἑαυτὸν

2016 865 2334 935 ἀποφέρειν,
2363 864 2395 935 ἢ
2431 865 2489 917 ὲν
2513 864 2696 935 οἰκείῳ
2746 864 3054 936 πράγματι,
3118 866 3261 936 ὑπὲρ
3291 865 3320 917 δ
3351 865 3458 936 χρὴ
3508 867 3600 918 ἐπὶ

2020 955 2156 1010 πολὺ
2177 955 2661 1026 άπασχολουμένῳ,
2693 955 2921 1025 ἀμελεῖν
2949 955 3049 1025 τῆς
3076 955 3355 1027 φροντίδος
3375 956 3475 1009 καὶ
3503 956 3597 1026 τῆς

2021 1046 2305 1116 συνεχείας
2326 1045 2420 1098 τοῦ
2456 1046 2588 1099 ἰδίου
2622 1045 2836 1118 θρόνου.

2089 1137 2228 1204 Περὶ
2254 1136 2508 1190 ἐκδικων
2530 1135 2648 1189 τῶν
2697 1136 3071 1204 Ἐκκλησιῶν
3099 1137 3608 1208 τῶνξόφειλόγτων

2021 1228 2140 1283 ἀπὸ
2169 1229 2278 1283 τοῦ
2305 1229 2616 1295 βασιλέως
2654 1229 2993 1297 αῑτηθῆναι.

2091 1328 2185 1374 οε’.
2221 1320 2507 1390 Σύμπασιν
2580 1320 2760 1386 ἔδοξεν
2788 1321 3008 1390 αἰτῆσαι
3057 1321 3166 1375 ἀπὺ
3194 1320 3302 1374 τῶν
3345 1321 3612 1393 βασιλέων

2020 1415 2108 1468 διὰ
2148 1414 2245 1483 τὴν
2273 1413 2381 1467 τῶν
2416 1415 2664 1481 πενήτων
2698 1413 2965 1480 κάκωσιν,
3002 1406 3078 1468 ὧν
3117 1417 3236 1478 ταῖς
3267 1413 3602 1484 ὲπαχθείαις

2022 1505 2316 1569 ἀπαύστως
2344 1507 2377 1576 ὴ
2403 1503 2714 1573 ιΕκκλησία
2743 1505 3173 1574 παρενοχλεῖται,
3191 1505 3332 1559 ὥστε
3365 1505 3612 1566 ἐκδίκους

2020 1596 2234 1660 τούτοις
2273 1596 2415 1667 μετὰ
2445 1597 2544 1666 τῆς
2566 1595 2678 1648 τῶν
2705 1596 3020 1649 ἐπισκόπων
3060 1597 3321 1667 προνοίας
3345 1596 3613 1665 ὲπιλεγῆ-

2031 1704 2147 1752 ναι,
2177 1689 2320 1742 κατὰ
2359 1688 2456 1757 τῆς
2477 1687 2586 1740 τῶν
2618 1686 2892 1741 πλουσίων
2923 1662 3256 1758 τυραννίδος.

1958 1776 2001 1830 Β
2098 1780 2239 1848 Περὶ
2271 1779 2658 1848 ἐλευθεριῶν.

2093 1871 2208 1942 πβὀ
2239 1870 2466 1942 Ὁμοίως
2491 1870 2709 1941 ἤρεσεν,
2741 1869 2828 1926 ἵνα
2859 1871 3103 1943 περὶτῶν
3122 1873 3178 1926 ἐν
3205 1873 3270 1944 τῇ
3314 1869 3614 1940 Ἐκκλησία

2027 1965 2324 2033 γινομένων
2375 1962 2724 2033 ὲλευθεριῶν,
2779 1963 2887 2017 aut
2917 1963 3012 2018 τοῦ
3077 1963 3343 2034 βασίλεως
3397 1964 3613 2034 αἴτησις

2025 2055 2273 2124 γένηται.

2028 2147 2300 2200 Συνόδου
2332 2135 2750 2272 οίκουμεινκξς
2793 2150 2975 2273 (ign;
3001 2150 3204 2205 κανὼν
3233 2149 3332 2214 κε’,
3357 2149 3470 2216 λς’,
3509 2147 3608 2212 λζ’,

2716 2227 2788 2273 η’.
2846 2259 2856 2272 .
2892 2229 2924 2273 ’.

2716 2227 2788 2290 η’,
2827 2227 2924 2275 λθ’.

2123 2315 2221 2361 κε’.
2253 2309 2398 2377 Πρὸς
2430 2311 2547 2372 τοῖς
2571 2310 2753 2374 ἄλλοις
2785 2313 2986 2364 ἅπασιν
3011 2311 3349 2382 ἀνανεοῦμεν
3377 2311 3474 2364 καὶ
3522 2310 3615 2364 τὸν

2027 2400 2225 2454 κανόνα
2253 2401 2343 2453 τὸν
2373 2401 2779 2472 διαγορεύοντα,
2810 2405 2907 2468 τὰς
2938 2406 3059 2457 καθ’
3089 2406 3331 2475 ἑκάστην
3379 2404 3616 2474 Ἐκκλη-

2031 2490 2152 2545 σίαν
2205 2491 2533 2561 ἀγροικικὰς
2584 2494 2878 2564 παροικίας
2939 2493 2971 2565 ἢ
3021 2496 3347 2566 ἐγχωρίους,
3432 2494 3617 2564 μένειν

2029 2583 2519 2652 ἀπαρασαλεύτους
2563 2589 2714 2656 παρὰ
2761 2589 2871 2650 τοῖς
2904 2589 3228 2658 κατέχουσιν
3262 2587 3438 2650 αὐτάς
3489 2589 3614 2639 ἑπι-

2033 2676 2275 2738 σκόποις,
2297 2676 2393 2728 καὶ
2418 2676 2656 2749 μάλιστα
2679 2680 2727 2731 εί
2746 2681 3144 2750 τριακονταετῆ
3179 2681 3374 2750 χρόνον
3408 2678 3617 2743 ταύτας

2030 2766 2305 2830 ἀϐιάστως
2354 2767 2768 2838 διακατέχοντες
2813 2771 3198 2842 ᾠκονόμησαν.
3255 2773 3316 2824 Εἰ
3350 2771 3407 2824 δὲ
3457 2771 3612 2833 ἐντὸς

2030 2857 2137 2910 τῶν
2169 2857 2213 2911 λ’
2259 2857 2398 2910 ὲτῶν
2451 2859 2741 2943 γεγένηταί
2785 2879 2888 2926 τις,
2925 2862 2956 2932 ἢ
3004 2862 3208 2931 γίνοιτο
3270 2861 3402 2930 περὶ
3433 2860 3618 2913 αὐτῶν

2033 2947 2463 3019 ἀμφισϐήτησις,
2496 2951 2698 3014 ἐξεῖναι
2730 2957 2841 3016 τοῖς
2863 2953 3116 3022 λέγουσιν
3146 2952 3459 3024 ἠδικῆσθαι,
3488 2954 3619 3024 περὶ

2033 3039 2234 3093 τούτων
2259 3044 2425 3095 κινεῖν
2465 3043 2618 3114 παρὰ
2645 3048 2712 3115 τῇ
2746 3045 2945 3117 συνόδῳ
2977 3047 3076 3115 τῆς
3105 3045 3404 3116 ἐπαρχίας.

2098 3128 2206 3194 λς’.
2259 3129 2668 3204 Ἀνανεούμενοι
2701 3137 2768 3189 τά
2803 3137 2951 3207 παρὰ
2979 3135 3086 3190 τῶν
3119 3134 3206 3206 ργ¹
3235 3137 3410 3204 ἁγίων
3438 3138 3622 3192 Hatﬁ-

2035 3237 2170 3290 ρων,
2210 3238 2266 3275 κ.
2291 3240 2341 3277 τ.
2372 3241 2421 3277 Α.

2104 3311 2203 3376 λζ’.
2246 3314 2465 3387 Ἐπειδὴ
2501 3317 2644 3370 κατὰ
2666 3317 2958 3390 διαφόρους
2984 3320 3233 3391 καιροὺς,
3267 3337 3324 3376 κ.
3356 3339 3407 3376 τ.
3440 3323 3492 3376 λ.

2104 3493 2207 3562 λη’.
2239 3492 2340 3546 Τὸν
2363 3494 2548 3548 ἐκτῶν
2570 3496 2830 3566 Πατέρων
2857 3496 3014 3567 ἡμῶν
3039 3498 3265 3552 τεθέντα
3297 3499 3501 3553 κανόνα
3523 3501 3621 3553 καὶ

2034 3587 2197 3655 ἡμεῖς
2218 3588 2735 3658 παραφυλάττομεν,
2767 3591 2858 3642 τὸν
2886 3588 3028 3643 οὕτω
3069 3591 3461 3662 διαγορεύοντα
3482 3613 3497 3627 ο
3552 3593 3626 3646 EI

2034 3695 2119 3741 τις
2147 3679 2210 3730 ὲκ
2247 3677 2538 3750 βασιλικῆς
2571 3681 2818 3747 ἐξουσίας
2854 3683 3134 3754 ὲκαινίσθη
3181 3685 3372 3750 πόλις,
3400 3687 3432 3757 ἣ
3464 3681 3625 3748 αὖθις

2036 3766 2338 3838 καινισθείη
2367 3770 2478 3830 τοῖς
2508 3769 2804 3835 πολιτικοῖς
2834 3774 2929 3826 καὶ
2962 3774 3245 3844 δημοσίοις
3275 3775 3493 3840 τύποις,
3527 3791 3624 3829 και

2037 3857 2144 3910 τῶν
2189 3858 2658 3928 ὲκκλησιαστικῶν
2726 3864 3073 3935 πραγμάτων
3121 3866 3345 3937 ήτάξις
3393 3869 3625 3921 ἀκολου-

2039 3947 2220 4002 θείτω.

2107 4039 2206 4096 λθ’.
2232 4040 2338 4096 Τοῦ
2360 4040 2589 4111 ἀδελφοῦ
2617 4041 2711 4096 καὶ
2734 4043 3148 4116 συλλειτουργοῦ
3171 4048 3204 4116 ἡ
3213 4046 3330 4117 μῶν
3376 4047 3624 4104 Ἰωάννου

2037 4132 2132 4185 τοῦ
2162 4133 2261 4203 τῆς
2292 4134 2556 4204 Κυπρίων
2581 4136 2770 4204 νήσου,
2807 4155 2858 4190 κ.
2891 4154 2943 4190 τ.
2978 4137 3030 4191 λ.

2123 4220 2185 4272 Ἡ
2209 4229 2261 4285 ς’
2287 4222 2530 4286 δεάταξις
2568 4223 2661 4276 τοῦ
2715 4224 2759 4296 β’
2789 4226 2894 4278 τίτ.
2949 4225 3046 4278 τοῦ
3079 4233 3128 4281 α’
3172 4227 3321 4298 βιϐλ.
3367 4229 3464 4282 τοῦ
3490 4230 3620 4286 κὼδ.

2040 4313 2225 4382 φησὶν,
2261 4313 2345 4365 δτι
2398 4315 2508 4377 Τὰς
2541 4315 2923 4386 ἀναφυομένας
2948 4321 3237 4382 κανονικὰς
3268 4322 3626 4394 ἀμφισϐητή-

2043 4423 2154 4469 σεις
2182 4407 2239 4458 ἐν
2277 4407 2384 4478 ὅλῳ
2423 4409 2500 4477 τῷ
2546 4409 2860 4481 Ἰλλυρικῷ,
2913 4414 2974 4466 οὐ
3005 4413 3088 4465 δεῖ
3143 4414 3440 4482 τέμνεσθαι
3478 4417 3629 4486 παρὰ

360 4502 980 4570 Constantinopolitanae
1017 4501 1159 4569 (qua:
1183 4503 1385 4554 veteris
1436 4503 1620 4553 Romae
1651 4513 1926 4567 prteroga-

2048 4502 2267 4571 γνώμην
2297 4501 2391 4554 τοῦ
2422 4504 2849 4574 ἀρχιεπισκόπου
2876 4509 3508 4572 Κωνσταντινουπὸλεως
3534 4517 3630 4562 καὶ

363 4597 505 4649 tivas
529 4593 711 4664 habet)
734 4593 961 4663 ejusque
1000 4591 1410 4664 [sacerdotalcs]
1441 4599 1742 4645 comentus
1773 4604 1939 4658 opor-

365 4700 476 4742 teat
508 4687 704 4741 decidi.
741 4687 934 4741 Const.
997 4702 1128 4741 vero
1211 4688 1297 4750 16,
1336 4687 1421 4740 tit.
1467 4687 1522 4751 2,
1583 4685 1684 4737 Lil.
1747 4701 1760 4737 I
1804 4684 1936 4737 Cod.

366 4781 592 4849 abrogat
617 4793 954 4847 quaecunque
972 4788 1213 4847 tempore
1232 4778 1538 4848 tyrannidis
1562 4776 1827 4830 adversus
1843 4766 1941 4829 Ζε-

364 4887 564 4928 nonem
591 4870 922 4942 [instituhe],
946 4871 997 4924 in
1022 4870 1179 4940 192
1204 4870 1575 4940 przejudicium
1598 4868 1938 4922 sacerdotum

365 4963 794 5020 ecclesiaSticive
826 4973 1020 5030 status,
1043 4975 1231 5018 contra
1268 4963 1604 5017 anteriorum
1629 4961 1937 5030 principum

367 5056 681 5111 sanctiones
721 5055 863 5110 facta
917 5066 1066 5124 sunt,
1101 5065 1154 5110 et
1187 5071 1309 5125 quae
1349 5064 1507 5108 antea
1574 5055 1940 5107 obtinuissent

366 5157 612 5216 renovat,
647 5165 711 5203 ac
743 5149 1413 5218 Constantinopolitanum
1468 5155 1594 5199 ante
1630 5146 1766 5199 alios
1800 5145 1940 5198 resi-

367 5242 529 5298 dendi
567 5241 658 5311 jus
699 5242 899 5296 habere
935 5241 1084 5296 dicit.
1126 5239 1317 5294 Const.
1377 5238 1468 5300 ’55,
1498 5238 1602 5294 tit-
1638 5239 1693 5297 5,
1763 5237 1855 5289 lib.
1899 5253 1939 5288 l:

367 5426 682 5551 Μ”ᾗεοηοᾶ
698 5422 962 5548 9Carlhag.
993 5438 1025 5476 γ
1081 5434 1204 5473 cano
1234 5419 1300 5483 ὃς
1356 5415 1530 5472 Amc-
1567 5431 1614 5470 C-
1646 5416 1733 5469 ⁵³·

444 5513 537 5550 nc.
572 5512 620 5549 c.
670 5518 692 5548 ι
737 5535 750 5548 .

444 5513 537 5550 HC.
572 5512 620 5549 C.
660 5512 750 5548 4i}.

431 5651 544 5718 (’58)
588 5651 896 5706 Bonifacius
935 5651 986 5703 in
1035 5663 1187 5705 conc.
1223 5647 1475 5716 Carthag.
1523 5643 1650 5702 anni
1702 5642 1825 5710 5'25,
1870 5659 1934 5697 cx

375 5726 568 5778 conci].
607 5739 674 5789 vi,
704 5731 804 5777 sub
826 5723 1062 5776 Aurelio.

1853 5419 1896 5448 ⁷⁸
1923 5418 2096 5473 Cone.
2142 5421 2401 5491 Carthag.
2468 5437 2517 5485 v,
2549 5436 2616 5491 ιο.
2654 5423 2743 5479 95.
2778 5415 2951 5482 Afric.
3005 5443 3130 5483 can.
3194 5428 3284 5484 49..

2036 4594 2134 4661 τῆς
2189 4595 2353 4647 αὐτοῦ
2413 4597 2663 4662 συνόδου,
2725 4598 2843 4667 ἥτις
2894 4599 3007 4670 ἔχει
3071 4602 3139 4653 τὰ
3193 4602 3475 4672 προνόμια
3530 4604 3631 4668 τῇς

2037 4686 2273 4757 ἀρχαίας
2305 4688 2625 4760 Ῥώμης.⁹Η
2648 4693 2705 4744 δὲ
2742 4699 2814 4756 ις’
2840 4693 2979 4746 διάτ.
3016 4693 3108 4746 τοῦ
3133 4695 3297 4747 αὑτοῦ
3319 4696 3452 4751 τίτ..
3490 4696 3629 4749 ἀκυ-

2045 4781 2128 4848 ροῖ
2174 4781 2242 4832 τά
2308 4782 2574 4851 γενόμενα
2635 4787 2691 4836 ἐν
2738 4789 2805 4855 τῇ
2861 4787 2999 4838 κατὰ
3056 4787 3326 4856 Ζήνωνος,
3351 4790 3631 4858 τυραννίδι

2041 4870 2191 4939 παρὰ
2213 4871 2280 4925 τά
2312 4874 2500 4943 πρώην
2549 4875 2804 4944 βασιλικᾶ
2856 4876 3204 4948 θεσπίσματα
3268 4881 3401 4951 περὶ
3438 4882 3630 4950 ἱερέων

2048 4961 2080 5027 ἢ
2116 4966 2504 5029 καταστάσεως
2529 4969 3012 5038 ἐκκλησιαστικῆς,
3045 4973 3139 5024 καὶ
3168 4973 3237 5024 τὰ
3274 4973 3474 5045 πρώην
3510 4978 3632 5028 ἁνα-

2055 5053 2289 5119 νεοῦται,
2333 5058 2425 5109 καί
2456 5075 2610 5126 φησι,
2672 5061 2763 5112 τὸν
2793 5063 3427 5128 Κωνσταντινουπὸλεως
3491 5067 3635 5136 ἔχειν

2050 5143 2158 5195 τῶν
2190 5145 2363 5199 ἄλλων
2391 5150 2488 5217 τὴν
2511 5150 2822 5221 προεδρίαν.
2853 5152 2917 5204 Ἠ
2949 5154 3004 5206 δὲ
3035 5155 3109 5206 λε’
3159 5157 3297 5208 διάτ.
3328 5157 3423 5209 τοῦ
3453 5157 3500 5224 γ’
3528 5159 3632 5210 τέτ.

2052 5236 2144 5287 τοῦ
2169 5243 2214 5289 α’
2249 5239 2391 5308 βιϐλ.
2423 5242 2590 5310 λέγει,
2620 5245 2701 5296 ὅτι
2735 5245 2971 5317 Ἐκάστη
3003 5248 3154 5312 πόλις
3187 5249 3630 5304 ίδιονὲπὶσκοπον

3389 5430 3436 5464 ⁷³
3461 5430 3636 5485 Cone.

2121 5649 2232 5718 (59)
2269 5650 2325 5702 ln
2369 5651 2492 5705 villa
2522 5653 2855 5709 suburbana.
