3842 6224
145 261 185 318 C—
196 261 270 321 57

971 259 1374 321 SYNTAGMA
1414 256 1802 318 CANONUM.
1835 281 1894 290 -
1942 256 2089 315 TIT.
2135 253 2300 315 VIII.
2335 252 2496 312 CAP.
2527 251 2615 312 Π.

3321 241 3425 301 658

143 373 362 441 ἐχέτω.
391 370 505 425 Καὶ
552 369 658 423 κᾶν
700 366 786 422 διὰ
816 367 968 432 Θείας
996 371 1339 442 ἀντιγραφῆς
1368 371 1631 442 τολμήσοι
1659 386 1742 431 τις

1881 364 2228 435 inaquaeque,
2287 363 2484 432 inquit,
2519 362 2714 417 civitas
2775 357 3054 429 proprium
3111 354 3424 423 episcopum

141 461 469 530 ἀφελέσθαι
504 460 661 514 πόλιν
689 461 781 513 τοῦ
819 463 952 515 ίδίου
979 463 1300 526 ἐπισκόπου,
1333 462 1366 534 ἢ
1405 463 1504 531 τῆς
1531 478 1743 530 περιοι-

144 554 332 605 κίδων
364 552 553 620 αὐτῆς,
601 552 636 621 ἡ
665 569 810 614 τινος
841 552 1002 605 ἄλλου
1034 554 1267 614 δικαίω,
1304 551 1607 621 γυμνοῦται
1636 551 1745 604 τῶν

144 645 337 697 ὄντων
366 645 458 696 καὶ
505 644 818 714 ἀτιμοῦται.
865 643 1157 715 Ἐξῄρηται
1197 645 1252 698 δὲ
1281 647 1314 714 ὴ
1347 643 1572 714 Τομέων
1603 644 1745 695 Σκυ-

153 734 294 797 ϐίας
327 735 480 797 πόλις
503 752 516 764 ·
546 735 575 786 ὁ
601 734 710 804 γὰρ
738 735 1038 798 ἐπίσκοπος
1062 735 1254 802 αὐτῆς,
1280 735 1374 787 καὶ
1403 732 1512 786 τῶν
1541 732 1746 786 λοιπῶν

149 830 422 895 προνοεῖ·
479 828 573 880 καὶ
634 828 667 897 ή
744 828 1102 890 Λεοντόπολις
1167 827 1440 896 Ἰσαυρίας
1498 826 1604 879 ὑπὸ
1657 825 1748 878 τὸν

151 919 475 974 ἐπίσκοπόν
505 922 654 972 ἐστιν
693 919 1139 992 Ἰσαυροπόλεως.
1167 920 1289 972 Ὀτι
1310 918 1366 972 δὲ
1388 919 1483 971 καὶ
1512 919 1546 988 ἠ
1593 919 1750 970 Κων-

150 1012 670 1074 σταντινουπόλεως
735 1009 848 1080 ἔχει
900 1011 970 1064 τὰ
1035 1010 1307 1080 προνόμια
1353 1011 1452 1079 τῆς
1517 1008 1750 1080 ἀρχαίας

164 1099 424 1169 Ἱδώμης,
447 1102 661 1171 εἴρηται
690 1103 782 1153 καὶ
805 1100 945 1170 βιϐλ.
973 1106 1041 1152 ια’
1061 1099 1154 1153 τοῦ
1176 1098 1330 1167 κώδ.,
1353 1103 1457 1154 τίτ.
1485 1107 1588 1163 κα’,
1609 1101 1749 1152 διατ.

148 1197 210 1243 α’
249 1193 350 1244 καὶ
386 1192 541 1261 μόνη.
578 1191 644 1244 Ἢ
679 1191 735 1243 δέ
764 1197 812 1243 α’
859 1191 1000 1245 διάτ.
1033 1190 1128 1243 τοῦ
1183 1191 1248 1256 ιζ’
1272 1192 1375 1245 τίτ.
1408 1191 1502 1244 τοῦ
1535 1198 1581 1244 α’
1607 1190 1750 1260 βιϐλ.

147 1281 260 1334 τοῦ
297 1279 458 1347 κώδ.,
496 1279 717 1351 Ῥώμην
742 1280 914 1350 αὐτὴν
954 1278 1316 1350 ὀνομάζεσθαι
1366 1279 1540 1348 λέγει.

233 1458 497 1512 ΚΕΦΑΛ.
532 1458 610 1511 B'.
638 1487 706 1498 --
731 1455 871 1526 Περὶ
909 1456 1017 1510 τοῦ
1057 1457 1143 1526 μὴ
1172 1457 1252 1522 ὡς
1281 1457 1500 1525 ἔτυχεν
1528 1456 1757 1525 ἀποδη-

142 1547 308 1615 μεῖν
359 1549 699 1602 ἐπίσκοπον
751 1549 790 1616 ἦ
834 1549 1128 1616 κληρικὸν
1176 1549 1247 1603 ἐν
1288 1548 1461 1618 ἑτέρᾳ,
1523 1548 1757 1620 διάγειν

154 1642 482 1709 παροικίᾳ.

543 1733 927 1787 Ἀποστόλων
953 1733 1154 1787 κανὼν
1199 1733 1280 1798 ιδ’,
1312 1732 1394 1790 ιε’.

246 1818 336 1874 ιδ’.
381 1821 711 1875 Ἐπίσκοπον
765 1823 839 1894 μὴ
909 1824 1109 1890 ἐξεῖναι
1196 1824 1600 1894 καταλείψαντα
1653 1823 1753 1893 τὴν

156 1914 373 1966 ἑαυτοῦ
405 1915 722 1984 παροικίαν,
756 1915 920 1986 ἑτέρᾳ.
951 1917 1244 1986 ἐπιπηδᾷν,
1293 1915 1396 1969 κᾶν
1429 1917 1533 1969 ὑπὸ
1572 1916 1754 1969 πλειό-

157 2022 279 2057 νων
333 2007 748 2076 ἀναγκάζηται·
807 2008 854 2059 εί
913 2009 988 2078 μή
1047 2025 1129 2070 τις
1181 2007 1400 2074 εὔλογος
1443 2009 1593 2061 αἰτία
1627 2003 1684 2082 ᾖ,
1720 2012 1754 2076 ἡ

158 2095 337 2150 τοῦτο
389 2097 689 2168 βιαζομένη
727 2098 890 2152 αὐτὸν
926 2102 1122 2162 ποιεῖν,
1149 2099 1238 2161 ὡς·
1275 2099 1437 2151 πλέον
1472 2117 1526 2151 τι
1567 2101 1758 2170 κέρδος

155 2189 476 2256 δυναμένου
502 2190 669 2242 αὑτοῦ
698 2193 812 2253 τοῖς
837 2194 1017 2244 ἐκεῖσε
1041 2192 1184 2261 λόγῳ
1211 2191 1497 2254 εὐσεϐείας
1528 2195 1746 2260 συμόαο

159 2279 364 2331 λὲσθαι
384 2295 400 2310 ο
433 2280 526 2334 καὶ
555 2282 712 2334 τοῦτο
736 2281 794 2335 δέ
843 2283 945 2335 οὐκ
973 2283 1066 2351 ἀφ’
1124 2283 1344 2345 ἐαυτοῦ,
1400 2282 1540 2336 ἀλλὰ
1569 2283 1750 2354 κρίσει

159 2371 396 2424 πολλῶν
433 2373 751 2426 ἐπισκόπων
780 2375 875 2427 καὶ
915 2374 1256 2446 παρακλήσει
1284 2375 1542 2446 μεγίστῃ.

245 2470 335 2517 ιε’.
378 2463 450 2516 Ei’
488 2481 573 2528 τις
628 2466 1019 2537 πρεσϐύτερος,
1069 2467 1102 2537 ἢ
1135 2467 1460 2537 διάκονος,ἢ
1499 2467 1633 2531 ὅλως
1666 2467 1760 2521 τοῦ

159 2555 491 2622 καταλόγου
548 2556 661 2609 τῶν
707 2557 1007 2628 κληρικῶν,
1045 2558 1348 2628 ἀπολείψας
1402 2560 1504 2633 τὴν
1565 2561 1759 2615 ἑαυτοῦ

167 2648 505 2713 παροικίαν,
539 2649 620 2710 είς
654 2647 846 2718 ἑτέραν
875 2649 1122 2715 ἀπέλθοι,
1155 2653 1246 2704 καὶ
1275 2653 1556 2716 παντελῶς
1598 2670 1762 2722 μετα-

165 2735 312 2798 στὰς
347 2736 614 2806 διατρίϐοι
651 2741 708 2790 ἐν
735 2739 870 2811 ἄλλῃ
923 2741 1183 2811 παροικίᾳ
1217 2742 1367 2811 παρὰ
1409 2741 1634 2813 γνώμην
1667 2743 1762 2796 τοῦ

169 2827 314 2879 ἰδίου
344 2828 674 2893 ἐπισκόπου,
705 2828 896 2882 τοῦτον
947 2826 1245 2901 κελεύομεν
1279 2832 1477 2902 μηκέτι
1514 2833 1760 2902 λειτουρ-

167 2921 298 2984 γεῖν
327 2935 344 2949 ο
381 2920 430 2971 εί
467 2919 702 2987 μάλιστα
757 2920 1240 2991 προσκαλουμένου
1295 2922 1458 2974 αὐτὸν
1485 2924 1580 2976 τοῦ
1638 2924 1760 2976 tm.

168 3013 392 3064 σκόπου
441 3011 608 3064 αὐτοῦ
643 3012 982 3076 ἐπανελθεῖν,
1022 3016 1120 3084 οὐχ
1173 3014 1524 3084 ὑπήκουσεν,
1567 3015 1765 3086 ἐπιμέ-

167 3119 287 3155 νων
341 3104 410 3170 τῇ
460 3102 678 3173 ἀταξίᾳ,
738 3103 813 3164 ὼς
862 3100 1047 3166 λαῖκὺς
1095 3103 1279 3172 μέντοι
1343 3105 1521 3157 ἐκεῖσε
1577 3121 1767 3158 κοινω-

166 3192 366 3246 νείτω.

484 3285 755 3340 Συνόδου
796 3287 1086 3356 Ἀγκύρας
1123 3287 1324 3342 κανὼν
1354 3300 1453 3361 ιη’.

341 3376 414 3429 Εἴ
430 3393 575 3443 τινες
599 3377 887 3434 ἐπίσκοποι
917 3379 1372 3448 κατασταθέντες,
1411 3397 1467 3436 κ.
1495 3397 1549 3438 τ.
1578 3383 1628 3437 λ.

364 3556 636 3612 Συνόδου
663 3557 1017 3624 Ἀντιοχείας
1046 3556 1246 3611 κανὼν
1269 3563 1342 3627 γ’,
1371 3556 1461 3628 ιγ’,
1488 3558 1593 3629 κβ’.

251 3650 325 3718 γ’.
365 3651 435 3704 Εἴ
468 3668 551 3714 τις
599 3649 998 3719 πρεσϐύτερος,
1047 3649 1078 3719 ἣ
1113 3650 1382 3717 διάκονος,
1419 3651 1451 3720 ἢ
1502 3651 1638 3714 ὅλως
1666 3650 1775 3704 τῶν

173 3747 277 3799 τοῦ
314 3744 612 3813 ἱερατείου,
649 3741 967 3797 καταλιπὼν
1007 3741 1105 3810 τὴν
1134 3741 1325 3795 ἐαυτοῦ
1356 3743 1648 3814 παροικίαν
1695 3746 1777 3809 είς

175 3841 384 3908 ἑτέραν
412 3836 666 3895 ἀπέλθοι,
692 3835 883 3888 ἔπειτα
908 3835 1189 3897 παντελῶς
1217 3839 1511 3904 μεταστὰς,
1550 3839 1630 3900 είς
1661 3837 1780 3892 ἐτέ-

181 3947 289 4000 ραν
315 3927 621 3998 παροικίαν
645 3925 943 3996 διατρίϐειν
977 3928 1233 3997 πειρᾶται
1267 3928 1360 3979 ἐπὶ
1391 3928 1570 3999 πολλῷ
1599 3931 1779 4001 χρόνῳ

181 4021 392 4090 μηκέτι
434 4018 793 4089 λειτουργεῖν,
853 4019 902 4070 εί
939 4019 1172 4089 μάλιστα
1231 4017 1484 4074 καλοῦντι
1538 4020 1616 4092 τῷ
1665 4025 1781 4076 ἐπι-

180 4114 386 4181 σκόπῳ
435 4111 512 4181 τῷ
547 4112 685 4182 ίδίῳ,
719 4111 814 4164 καὶ
849 4111 1168 4166 ἐπανελθεῖν
1201 4115 1281 4175 εἰς
1334 4113 1434 4185 τὴν
1484 4117 1780 4184 παροικίαν

178 4202 289 4271 τὴν
326 4199 521 4255 ἑαυτοῦ
583 4199 966 4270 παραινοῦντι,
1033 4202 1108 4271 μὴ
1163 4202 1464 4256 ὑπακούοι·
1509 4204 1639 4257 εἰδὲ
1688 4209 1760 4258 κα

1884 4222 2094 4285 pareat.
2140 4210 2197 4264 Si
2244 4219 2425 4264 autem
2482 4206 2534 4259 in
2582 4202 2872 4257 insolentia
2940 4197 3212 4271 (ἀταξίᾳ),

181 4294 449 4365 ἐπιμένοι
481 4296 546 4364 τῇ
601 4293 818 4364 ἀταξίᾳ,
853 4294 1132 4358 παντελῶς
1187 4294 1351 4348 αὑτὸν
1400 4295 1785 4366 καθαιρεῖσθαι

1778 1711 1829 1770 Β

1851 457 2066 511 habeto.
2115 455 2182 510 Et
2207 456 2252 510 si
2274 455 2398 525 quis
2419 455 2507 508 vel
2539 469 2634 522 per
2665 452 2908 506 divinum
2942 447 3266 517 rescriptum
3295 447 3428 501 civi-

1848 557 2011 602 tatem
2071 545 2358 617 [aliquam]
2394 553 2488 598 aut
2516 559 2618 599 suo
2657 543 2932 612 episcopo,
2991 546 3086 593 aut
3129 537 3428 597 territorio,

1852 649 1946 692 aut
1980 638 2088 691 alio
2105 638 2364 706 quopiam
2389 635 2514 705 jure
2541 634 2755 704 privare
2777 633 2979 686 audeat
3016 650 3030 685 :
3059 630 3282 684 exuitur
3331 627 3430 682 bo-

1851 730 1955 794 nis,
1998 739 2052 781 et
2085 729 2308 782 infamis
2346 727 2613 788 redditur,
2649 725 2934 792 Excipitur
2965 733 3150 776 autem
3179 720 3427 773 Tomen-

1852 817 1992 870 siuut
2025 813 2260 884 Scythize
2291 815 2502 868 civitas.
2553 814 2701 866 Illius
2747 811 2891 866 enim
2952 811 3245 879 episcopus
3306 806 3430 859 reli-

1852 921 2084 974 quarum
2106 906 2271 959 etiam
2301 901 2630 975 [civitatum]
2649 917 2835 956 curam
2865 901 3022 969 gerit.
3049 897 3237 970 [Tum]
3267 898 3431 950 etiam

1858 995 2202 1066 Leontopolis
2231 996 2406 1050 Isauri
2441 996 2631 1048 subest
2678 994 2936 1062 episcopo
2973 990 3431 1059 IsaurOpolitano.

1855 1085 2010 1151 Quod
2027 1103 2188 1156 porro
2213 1085 2716 1153 Constantinopolis
2741 1083 3023 1152 privilegia
3038 1083 3233 1136 veteris
3251 1082 3436 1135 Emme

1851 1179 2072 1245 habeat,
2106 1179 2306 1233 dicitur
2363 1179 2437 1232 lib
2483 1193 2520 1230 ιι
2570 1176 2694 1230 cod.
2727 1175 2810 1227 tit.
2862 1173 2955 1237 21,
3010 1181 3188 1227 const.
3245 1172 3434 1226 unica.

1855 1269 2045 1325 Const.
2083 1272 2266 1324 verol
2328 1270 2409 1322 tit.
2451 1269 2539 1331 17,
2594 1268 2689 1321 lib.
2740 1282 2779 1332 ι,
2821 1266 2945 1321 cod.
2995 1265 3167 1335 ipsam
3226 1260 3436 1336 [etiam]

1859 1358 2090 1414 Romam
2121 1359 2390 1413 nominari
2419 1359 2573 1411 dicit.

1935 1452 2088 1505 CAP.
2116 1450 2344 1504 ll.-—Ne
2375 1461 2560 1504 (eine-re
2582 1450 2852 1516 episcOpus
2886 1447 3261 1516 peregrinetur,
3282 1460 3441 1514 neque

1857 1543 2080 1599 clericus
2124 1543 2180 1596 in
2243 1542 2418 1595 aliena
2448 1542 2603 1610 degat
2639 1541 2893 1609 pa'wcia.

2210 1721 2582 1791 Apostolorum
2616 1737 2839 1776 canones
2876 1719 2964 1785 14,
3001 1719 3089 1774 15.

1928 1816 2014 1872 14.
2044 1815 2313 1886 Episcopo
2345 1815 2454 1885 (60)
2499 1832 2606 1871 non
2640 1817 2784 1882 licet,
2817 1830 2917 1871 sua
2958 1815 3144 1869 relicta
3166 1811 3444 1883 parochia,

1858 1907 1925 1962 ad
1971 1908 2135 1961 aliain
2191 1907 2482 1972 transilire,
2531 1907 2750 1961 etiamsi
2804 1922 2832 1959 a
2864 1906 3114 1975 pluribus
3158 1913 3431 1974 cogatur:

1863 2001 1972 2055 nisi
2004 2000 2075 2054 sit
2119 1999 2302 2068 aliqua
2322 2013 2482 2053 causa
2521 1998 2718 2052 rationi
2742 2007 3132 2057 consentanea,
3165 2011 3288 2065 quae
3315 2010 3443 2050 eum

1860 2102 2018 2161 cogat
2075 2092 2180 2146 hoc
2227 2089 2428 2153 facere,
2478 2097 2666 2158 utpote
2722 2089 2789 2142 ad
2853 2089 3032 2157 majus
3062 2089 3446 2150 lucrum,cum

1860 2185 2032 2255 possit
2061 2185 2175 2254 ipse
2214 2184 2303 2249 iis,
2345 2183 2437 2251 qui
2501 2183 2613 2236 illic
2659 2183 2937 2245 habitant,
2997 2180 3215 2249 pictatis
3278 2179 3450 2233 verbo

1865 2279 2172 2334 conferre:
2223 2277 2386 2345 idque
2412 2292 2519 2330 non
2564 2290 2631 2330 ex
2678 2290 2758 2338 se,
2823 2273 2916 2330 sed
2973 2273 3277 2327 multorum
3333 2271 3451 2342 epi-

1861 2385 2149 2439 sc0porum
2192 2368 2400 2438 judicio
2445 2374 2499 2422 et
2561 2367 2801 2421 maxima
2833 2366 3235 2420 exhortatione.

1935 2462 2020 2516 15.
2070 2459 2126 2516 Si
2195 2463 2318 2531 quis
2369 2460 2419 2491 τι
2493 2460 2795 2529 presbyter,
2847 2458 2934 2513 vel
3017 2460 3324 2522 diaconus,
3369 2454 3484 2510 vel.

1866 2555 2094 2610 omnino
2140 2568 2207 2608 ex
2255 2553 2581 2607 clericorum
2631 2550 2899 2620 catalogo,
2953 2549 3139 2604 relicta
3169 2561 3266 2601 sua
3292 2560 3456 2615 paro-

1865 2646 2014 2710 chia,
2048 2646 2102 2698 in
2153 2643 2314 2698 aliam
2361 2641 2714 2707 abscesserit,
2746 2650 2950 2694 etcum
3003 2638 3218 2708 penitus
3272 2645 3456 2691 trans-

1864 2736 2020 2801 ierit,
2079 2743 2275 2804 praeter
2352 2733 2439 2788 sui
2523 2730 2766 2801 episcopi
2823 2729 3148 2784 sententiam
3240 2728 3294 2781 in
3352 2728 3456 2781 alia

1867 2827 2123 2900 parochia
2164 2835 2402 2891 maneat,
2481 2839 2607 2879 eum
2652 2839 2759 2878 non
2815 2821 3071 2891 amplius,
3107 2819 3262 2890 193
3314 2819 3457 2875 cele-

1868 2926 2028 2977 brare
2086 2921 2366 2992 jubemus,
2414 2919 2653 2973 maxime
2683 2917 2754 2982 si,
2788 2931 2914 2970 eum
2970 2915 3296 2968 adhortante
3337 2914 3458 2982 epi-

1795 3047 1838 3103 c
1871 3029 2038 3082 ερομο
2083 3022 2143 3068 ιιι
2190 3013 2408 3076 rediret,
2437 3026 2547 3065 non
2595 3010 2862 3080 paruerit,
2913 3007 2967 3061 in
3023 3004 3368 3061 contumacia
3408 3014 3462 3056 et

1873 3106 2164 3182 insolentia
2194 3118 2596 3176 perseverans:
2649 3101 2698 3157 is
2745 3111 2926 3155 tamen
2972 3105 3033 3152 ut
3083 3096 3256 3152 laicus
3312 3109 3463 3150 cam-

1871 3201 2132 3259 municet.

2247 3286 2472 3344 Concilii
2496 3277 2765 3354 Ancyrani
2807 3296 2976 3335 canon
3008 3281 3092 3334 18.

1946 3383 2003 3440 Si
2056 3383 2147 3454 qui
2204 3379 2492 3436 constituti
2536 3387 2665 3433 sunt
2705 3376 2970 3446 episcopi,
2998 3384 3128 3439 etc.,
3161 3383 3221 3428 ut
3266 3387 3452 3442 supra,

1872 3494 1995 3548 pag.
2026 3474 2151 3531 506.

2052 3568 2275 3625 Concitii
2302 3563 2667 3621 Antiochensis
2723 3577 2947 3615 canones
2973 3560 3028 3624 5,
3069 3560 3159 3625 15,
3189 3557 3284 3612 22.

1952 3663 2006 3719 3.
2049 3664 2105 3718 Si
2136 3662 2260 3732 quis
2291 3659 2594 3730 presbyter,
2618 3655 2705 3710 vel
2738 3655 3029 3720 diaconus,
3059 3653 3140 3708 vel
3188 3651 3310 3722 quis
3343 3664 3466 3704 om-

1862 3753 2012 3811 'nino
2035 3771 2098 3808 ex
2142 3751 2467 3808 sacerdotali
2504 3748 2698 3803 ordine
2728 3746 2918 3801 relicta
2959 3759 3058 3800 sua
3119 3740 3380 3812 parochia
3409 3739 3465 3793 in

1882 3850 2038 3904 aliam
2067 3847 2286 3909 abierit,
2335 3843 2529 3898 deinde
2558 3842 2784 3896 omnino
2825 3839 3215 3907 commigrans,
3262 3835 3318 3890 in
3361 3833 3469 3888 alia

1881 3937 2141 4009 parocliia
2177 3936 2342 4004 longo
2398 3942 2658 3999 tempore
2697 3929 2908 3984 versari
2946 3935 3194 3990 conetur,
3241 3939 3312 3979 ne
3349 3938 3472 3977 am-

1885 4030 2024 4098 plius
2047 4027 2307 4088 celebret,
2343 4023 2580 4076 maxime
2616 4019 2662 4074 si
2696 4019 2917 4089 proprio
2935 4016 3155 4070 vocanti
3207 4014 3472 4082 episcopo

1887 4132 1949 4178 ut
1993 4123 2046 4174 in
2104 4132 2260 4174 suam
2293 4115 2609 4185 parochiam
2655 4111 2861 4172 redeat,
2896 4105 3321 4175 exhortantique
3359 4119 3469 4158 non

3280 4211 3471 4267 perse-

1889 4312 2064 4369 verat,
2118 4303 2166 4357 is
2219 4300 2446 4354 omnino
2493 4313 2524 4350 a
2576 4310 2731 4349 sacro
2777 4292 3084 4347 ministerio
3145 4291 3468 4358 deponatur.

181 4387 295 4456 τῆς
334 4384 716 4455 λειτουργίας,
755 4387 830 4449 ὡς
866 4385 1064 4457 μηκέτι
1095 4383 1280 4456 χώραν
1313 4385 1458 4456 ἔχειν
1501 4388 1760 4442 ἀποκαται

1893 4397 1950 4452 Si
1981 4407 2161 4451 autem
2194 4408 2344 4455 eum,
2371 4389 2463 4459 qui
2496 4397 2715 4458 propter
2751 4386 2891 4438 hanc
2929 4398 3152 4438 causam
3187 4381 3472 4450 depositus

185 4479 481 4539 στάσεως·
512 4478 560 4528 εἰ
584 4476 640 4529 δέ
671 4475 1074 4546 καθαιρεθέντα
1108 4476 1198 4528 διὰ
1229 4476 1435 4547 ταύτην
1474 4478 1576 4548 τὴν
1603 4481 1780 4534 αἰτίαν

186 4568 406 4637 δέχοιτο
438 4567 623 4636 ἐτερος
676 4567 994 4629 ἐπίσκοπος,
1039 4567 1295 4620 κάκεῖνον
1321 4567 1608 4638 ἐπιτιμίας
1644 4587 1780 4639 τυγ-

187 4658 386 4727 χάνειν
437 4657 542 4709 ὑπὸ
591 4657 776 4726 κοινῆς
830 4657 1070 4721 συνόδου,
1125 4659 1201 4720 ὡς
1251 4655 1602 4726 παραλύοντα
1657 4661 1783 4724 τοὺς

191 4750 438 4818 θεσμοὺς
467 4750 594 4811 τοὺς
624 4748 1115 4818 ἐκκλησιαστικούς

269 4840 342 4908 ιγ’
349 4881 362 4894 .
391 4840 614 4907 Μηδένα
644 4839 938 4892 ἐπίσκοπον
965 4839 1192 4910 τολμᾷν,
1224 4857 1278 4894 κ.
1309 4857 1360 4894 τ.
1389 4840 1435 4896 λ.

268 4936 380 5003 κβ’.
434 4934 764 4987 Ἐπίσκοπον
827 4934 902 5004 μὴ
951 4933 1252 4987 ἐπιϐαίνειν
1309 4934 1568 5007 ἀλλοτρίᾳ
1594 4935 1782 5001 πόλει,

197 5043 252 5079 κ.
292 5044 344 5079 τ.
378 5045 431 5080 Α.

424 5117 697 5172 Συνόδου
728 5117 1081 5182 Λαοδικείας
1119 5115 1320 5170 κανὼν
1349 5123 1459 5185 μα’,
1495 5117 1603 5188 μβ’.

279 5205 396 5278 μα’.
428 5209 636 5261 Ὄτιοὺ
660 5208 740 5260 δεῖ
769 5207 1040 5280 ἱερατικὸν
1150 5207 1430 5278 κληρικὸν,
1460 5208 1588 5262 ἄνευ
1632 5226 1792 5264 κανο-

206 5304 378 5356 νικῶν
417 5302 768 5373 γραμμάτων
800 5300 1029 5354 ὁδεύειν.

1889 4499 1994 4556 est,
2036 4490 2174 4542 alius
2208 4485 2503 4554 episcopus
2527 4479 2815 4548 receperit,
2865 4477 2955 4530 ille
3000 4489 3276 4545 quoquea
3320 4488 3474 4526 com-

1891 4580 2043 4633 muni
2093 4577 2300 4647 synodo
2346 4573 2626 4644 puniatur,
2666 4569 2845 4640 utqui
2899 4569 3037 4625 ritus
3070 4565 3474 4623 ecclesiasticos

1888 4673 2173 4729 dissolvat.

1968 4846 2052 4899 1⁸5.
2088 4842 2279 4898 Nullus
2300 4841 2585 4911 episcOpus
2611 4839 2827 4903 audeat,
2861 4847 2967 4893 etc.
3003 4845 3060 4888 ut
3083 4851 3204 4905 pag.
3235 4833 3363 4888 475.

1949 4935 2041 4990 22.
2098 4935 2402 5004 Episcopus
2476 4932 2532 4987 in
2592 4932 2826 4986 alienam
2889 4929 3189 4990 civitatem,
3254 4936 3360 4979 etc.
3412 4931 3471 4975 ut

1882 5043 2004 5099 pag.
2034 5025 2162 5080 478.

2049 5117 2209 5190 194
2253 5116 2481 5173 Concilii
2510 5115 2792 5170 Laodiceni
2821 5129 3045 5168 canones
3089 5111 3181 5172 41,
3208 5107 3298 5162 4Ξ.

1959 5213 2050 5267 41.
2092 5212 2248 5277 Quod
2292 5226 2400 5264 non
2441 5217 2657 5279 oportet
2685 5223 2809 5262 cum
2844 5207 2937 5275 qui
2989 5215 3070 5259 cst
3103 5210 3352 5256 sacratus
3383 5198 3469 5251 vel

1894 5302 2129 5358 clericus
2159 5301 2278 5356 sine
2303 5299 2586 5354 canonicis
2613 5297 2808 5352 litteris
2839 5297 2940 5350 iter
2968 5291 3199 5360 ingredi.

281 5457 330 5489 ⁷⁸
353 5456 478 5512 Nic.
515 5472 642 5515 can.
670 5456 757 5522 16,
788 5455 1044 5511 Antioch.
1091 5469 1215 5513 can.
1266 5455 1397 5509 5.—
1421 5454 1560 5512 Vide
1611 5453 1704 5508 lib.
1738 5453 1796 5518 5,
1836 5457 1910 5512 De
1943 5457 2050 5510 vita
2098 5453 2460 5518 Constantini,
2508 5465 2628 5519 cap.
2685 5447 2774 5512 (il,
2820 5445 2952 5503 edit.
2991 5442 3312 5498 Valesianaa.

289 5614 692 5686 {60)Citantur
727 5613 1073 5686 Constantini
1154 5614 1318 5683 epist.
1383 5613 1440 5679 2,
1480 5614 1560 5686 ad
1616 5615 1841 5673 Euseb.
1885 5628 1938 5674 et
2012 5617 2268 5676 Antioch.
2331 5617 2618 5686 episcopos
2700 5610 2939 5680 scriptae.
3016 5605 3246 5662 Exstant
3323 5603 3468 5673 apud

213 5683 417 5741 Euseb.
448 5685 526 5740 De
565 5685 673 5739 vita
710 5684 983 5740 Constant.
1040 5686 1134 5740 lib.
1199 5701 1284 5750 ιιι,
1328 5700 1447 5753 cap.
1476 5683 1564 5739 57.
