3912 6244
424 299 526 362 (559

1569 315 1831 375 ΡΗΟΤΙ[
1872 319 2372 382 ΡΛΤΒΙΑΙὶΟΙΙιἘ
2415 326 2524 385 CP.

3557 320 3663 384 600

491 409 582 463 42.
621 411 776 477 Quod
811 428 918 467 non
961 427 1175 484 oportet
1207 433 1302 474 eos
1348 421 1438 489 qui
1485 433 1612 476 sunt
1663 428 1861 488 sacrati
1911 443 1971 480 ve

2169 431 2278 501 μβ’.
2312 433 2432 485 ’Ὁτι
2462 434 2524 487 οὐ
2554 433 2632 488 δεῖ
2655 434 2926 505 ίερατικὸν
2952 436 2984 507 ἢ
3014 435 3291 507 κληρικδν,
3328 435 3459 489 ᾶνευ
3486 435 3663 490 κελεύ-

419 501 628 573 clerici,
649 506 768 563 sine
794 507 953 578 jussu
985 511 1223 580 episcopi
1263 512 1366 568 iter
1398 515 1631 586 ingredi.

628 597 848 653 Concilii
888 600 1458 673 Constantinopolitani
1500 623 1669 663 canon
1696 611 1750 664 Ξ.

488 688 542 742 2.
579 688 828 760 Episcopi
859 692 922 747 ad
957 693 1222 749 Ecclesias
1283 711 1404 765 quae
1463 711 1590 754 sunt
1644 702 1785 757 ultra
1835 717 1989 759 suam

415 779 715 846 dioecesim,
747 793 877 846 ctc.,
901 793 955 836 ut
978 802 1136 854 supra
1165 804 1286 856 pag.
1321 789 1449 842 470.

605 871 828 926 Concilii
855 873 1286 930 Chalcedonensis
1322 895 1542 934 canones
1578 881 1662 948 15,
1693 883 1784 939 25.

487 962 570 1015 15.
605 960 870 1018 Externos
931 966 1160 1022 clericos
1193 967 1237 1000 ⁷⁸
1276 977 1331 1022 et
1375 971 1589 1038 ignotos
1620 975 1673 1026 in
1719 975 1823 1028 alia
1858 975 1992 1030 civi-

381 1041 523 1105 (tate
577 1054 696 1107 sine
754 1056 956 1123 proprii
989 1057 1226 1126 episcopi
1275 1061 1732 1120 commendatitiis
1795 1065 1988 1123 litteris

411 1158 681 1212 nusquam
712 1147 823 1200 ullo
853 1149 1016 1201 modo
1046 1149 1377 1204 ministrare.

480 1235 571 1289 '25.
633 1237 886 1293 Pervenit
969 1241 1035 1295 ad
1082 1257 1241 1296 aures
1301 1253 1536 1307 nostras,
1580 1244 1722 1312 quod
1770 1245 1822 1298 in
1862 1262 1989 1315 pro-

409 1326 626 1394 vinciis,
657 1330 960 1386 canonibus
993 1334 1299 1388 constitutae
1322 1339 1634 1403 episcopum
1659 1338 1851 1406 synodi
1878 1353 1984 1392 non

411 1416 563 1482 ﬁant,
628 1427 681 1472 et
703 1435 769 1472 ex
798 1435 862 1474 eo
894 1422 1058 1475 multa
1091 1424 1460 1480 ecclesiastica
1495 1426 1836 1496 negligantur
1865 1445 1987 1499 quae

409 1509 747 1566 correctione
795 1511 1058 1582 indigent.
1123 1512 1328 1568 Statuit
1373 1531 1502 1585 ergo
1533 1529 1718 1572 sancta
1740 1522 1984 1590 synodus

408 1601 704 1656 secundum
737 1613 1049 1658 sanctorum
1103 1604 1325 1660 Patrum
1373 1623 1635 1674 canones,
1685 1619 1744 1665 ut
1788 1612 1872 1667 bis
1926 1613 1980 1668 in

405 1708 550 1746 anno
579 1695 830 1748 eumdem
863 1697 919 1749 in
947 1695 1130 1752 locum
1171 1701 1505 1754 conveniant
1538 1703 1975 1772 uniuscujusque

406 1786 699 1854 provinciae
752 1789 1014 1857 episcopi,
1068 1797 1128 1842 ut
1159 1793 1606 1861 metropolitanus
1633 1796 1826 1850 melius
1851 1811 1972 1851 esse
2009 1763 2050 1820 Β

403 1880 760 1947 perspexerit,
794 1887 848 1934 et
889 1880 1098 1949 singula
1150 1885 1481 1952 emergentia
1513 1887 1787 1955 corrigam
1817 1905 1831 1941 :
1863 1889 1973 1959 epi-

402 1971 549 2038 scopi
605 1980 806 2038 autem,
854 1973 946 2041 qui
1017 1990 1124 2032 non
1189 1977 1539 2043 conveniunt,
1596 1980 1641 2033 si
1676 1980 1729 2033 in
1784 1981 1973 2036 eadem

401 2061 687 2126 metropoli
741 2069 1045 2126 versentur,
1107 2071 1274 2131 atque
1325 2065 1461 2120 adeo
1492 2068 1606 2122 sani
1643 2069 1755 2122 sint
1806 2079 1861 2126 et
1905 2072 1974 2127 ab

401 2150 548 2202 omni
569 2150 925 2206 inexcusabili
968 2161 1021 2206 et
1049 2156 1359 2210 necessario
1385 2160 1602 2227 negotio
1635 2160 1810 2227 liberi,
1865 2162 1975 2218 fra-

403 2246 560 2295 terne
588 2241 1076 2309 reprehendantur.

2097 539 2234 586 σεως
2272 525 2575 578 ἐπισκόπου
2604 526 2830 582 ὁδεύειν.

2232 615 2500 670 Συνόδου
2523 621 3207 687 Κωνσταντινουπόλεως
3223 619 3429 675 κανὼν
3455 619 3522 690 β’.

2162 702 2229 772 β’.
2267 705 2404 769 Τοὺς
2451 708 2590 781 ὑπὲρ
2622 709 2883 780 διοίκησιν
2910 713 3256 776 ἐπισκόπους,
3291 730 3348 766 κ.
3377 729 3434 766 τ.
3467 712 3519 768 λ.

2282 902 2551 955 Συνόδου
2583 906 2966 973 Χαλκηδόνος
2997 907 3196 961 κανὼν
3225 915 3315 977 ιγ’,
3344 915 3452 976 κγ’.

2161 997 2249 1058 ιγ’.
2287 993 2479 1055 Ξένους
2506 995 2798 1064 κληρικοίις
2833 1000 2924 1050 καὶ
2952 997 3320 1064 ἀναγνώστας,
3384 999 3443 1051 ἐν
3471 999 3637 1071 ἑτέρᾳ

2089 1079 2242 1132 πόλει
2273 1080 2394 1150 δίχα
2424 1084 2760 1137 συστατικῶν
2813 1087 3158 1154 γραμμάτων
3207 1089 3300 1140 τοῦ
3343 1085 3478 1142 ἰδίου
3527 1088 3653 1142 ἐπι-

2091 1171 2315 1236 σκόπου,
2350 1175 2484 1242 μηδέ
2523 1175 2657 1238 ὅλως
2696 1176 2945 1246 μηδαμοῦ
2977 1180 3330 1249 λειτουργεῖν.

2157 1260 2262 1329 κγ’.
2303 1258 2504 1316 Ἦλθεν
2560 1267 2639 1328 είς
2695 1267 2864 1330 ἀκοάς
2916 1269 3012 1337 τῆς
3074 1270 3234 1335 ἁγίας
3293 1269 3537 1338 συνόδου,
3582 1271 3662 1336 ὥς

2087 1351 2335 1421 κληρικοί
2357 1371 2498 1414 τινες
2541 1357 2634 1409 καὶ
2664 1357 3006 1426 μονάζοντες,
3039 1360 3206 1429 μηδὲν
3231 1361 3655 1432 ἐγκεχειρισμέ-

2085 1458 2167 1493 νοι
2197 1443 2299 1495 om
2321 1443 2415 1497 τοῦ
2438 1446 2564 1498 [δίου
2599 1449 2914 1512 ἐπισκόπου,
2949 1449 3060 1503 ἔστι
3087 1451 3142 1502 δὲ
3168 1453 3255 1506 ὅτε
3287 1453 3383 1506 καὶ
3423 1454 3657 1509 ἀκοινώ-

2086 1549 2235 1603 νητοι
2266 1534 2546 1604 γενόμενοι
2579 1539 2708 1610 παρ’
2759 1539 2949 1605 αὑτοῦ,
3004 1541 3521 1612 καταλαμϐάνοντες
3557 1543 3660 1616 τὴν

2087 1623 2477 1694 βασιλεύουσαν
2551 1630 3154 1699 Κωνσταντινούπολιν,
3214 1634 3307 1686 ἐπὶ
3368 1634 3540 1688 πολὺν
3595 1636 3660 1688 ἐν

2086 1715 2222 1786 αὐτῇ
2265 1715 2619 1788 διατρίϐουσι,
2675 1721 2922 1790 ταραχὰς
2958 1723 3320 1792 ἐμποιοῦντες
3350 1727 3447 1778 καὶ
3494 1725 3656 1796 θορυ-

2083 1806 2304 1870 ϐοῦντες
2349 1809 2446 1874 τὴν
2489 1809 2949 1883 ἐκκλησιαστικὴν
3001 1813 3358 1879 κατάστασιν,
3421 1815 3658 1885 ἀνατρέ-

2078 1897 2238 1948 πουσί
2273 1914 2333 1950 τε
2364 1898 2543 1962 οἴκους
2563 1900 2727 1952 τινῶν
2748 1919 2760 1932 ·
2791 1900 2956 1972 ὥρισε
2982 1904 3157 1956 τοίνυν
3182 1907 3215 1974 ή
3241 1906 3374 1973 ἁγία
3411 1905 3650 1970 σύνοδος.

2076 1988 2203 2048 τοὺς
2243 1987 2515 2050 τοιούτους
2565 1989 3086 2061 ὑπομιμνήσκεσθαι
3141 1995 3240 2064 μὲν
3274 1996 3543 2066 πρότερον
3567 1997 3658 2050 διὰ

2074 2076 2168 2128 τοῦ
2205 2078 2420 2132 ἐκδίκου
2467 2079 2568 2148 τῆς
2611 2081 2754 2134 κατὰ
2785 2083 3368 2139 Κωνσταντινούπολιν
3416 2089 3654 2156 ἁγιωτά-

2073 2184 2173 2237 της
2225 2169 2575 2241 Ἐκκλησίας,
2615 2174 2706 2224 ἐπὶ
2740 2172 2816 2242 τῷ
2845 2174 3083 2238 ἐξελθεῖν
3112 2177 3212 2247 τῆς
3264 2178 3657 2249 βασιλευούσης

2076 2260 2305 2323 πόλεως.
2345 2263 2432 2324 ,Εί
2493 2264 2550 2316 δὲ
2603 2267 2716 2328 τοῖς
2759 2266 2946 2330 αὐτοῖς
2997 2269 3322 2338 πράγμασιν
3344 2271 3656 2342 ἐπιμένοιεν

401 2329 900 2405 ἀναισχυντοῦντες,
935 2334 1028 2386 καὶ
1059 2335 1290 2397 ἄκοντας
1323 2337 1518 2400 αὐτοὺς
1547 2338 1633 2393 διὰ
1659 2341 1753 2396 τοῦ
1783 2344 1947 2400 αὐτοῦ
1989 2347 2207 2403 ἐκδίκου
2274 2351 2656 2411 ἐκϐάλλεσθαι.
2689 2355 2782 2410 καὶ
2808 2361 2971 2427 λτοὺς
3001 2359 3164 2424 ἰδίους
3217 2362 3657 2432 καταλαμϐάνειν

399 2420 617 2482 τόπους.

528 2510 754 2566 Concilii
786 2511 1119 2568 Sardicensis
1147 2533 1368 2571 canones
1403 2519 1457 2584 3,
1493 2519 1578 2585 Η,
1612 2519 1700 2584 12,
1738 2520 1824 2576 16.

467 2601 522 2655 5.
562 2599 725 2657 Osius
769 2602 1058 2674 episcopus
1101 2606 1235 2660 dixit
1261 2625 1274 2658 :
1305 2607 1417 2662 lloc
1464 2624 1678 2679 quoque
1708 2628 1961 2669 necessa-

399 2695 479 2749 rio
501 2705 584 2749 est
610 2697 991 2764 adjiciendum,
1017 2707 1122 2754 etc.
1161 2708 1216 2752 ut
1251 2718 1410 2768 supra
1431 2721 1554 2773 pag.
1592 2706 1718 2760 471.

471 2786 556 2840 ll.
595 2785 791 2844 Hosius
815 2790 1102 2860 episcopus
1137 2791 1274 2846 dixit
1303 2811 1315 2847 :
1347 2793 1461 2848 lloc
1491 2811 1709 2866 quoque
1747 2797 1977 2858 deﬁnire

400 2876 680 2942 debemus,
703 2889 832 2946 etc.,
859 2891 918 2935 ut
944 2899 1102 2953 supra
1127 2902 1249 2956 pag.
1278 2885 1404 2942 606.

468 2969 756 3028 l2.llosius
779 2975 1062 3044 episc0pus
1078 2978 1209 3032 dixit
1225 2997 1236 3032 :
1252 2980 1387 3045 Quia
1411 2982 1542 3036 nihil
1559 2993 1642 3038 est
1661 2985 1982 3052 practermit-

2208 2529 2476 2584 Συνόδου
2497 2531 2794 2602 Σαρδικῆς
2821 2534 3022 2588 κανὼν
3047 2543 3118 2605 γ’,
3149 2537 3240 2602 ια’,
3279 2538 3366 2609 ιβ’,
3399 2547 3509 2606 ις’.

2141 2621 2212 2687 γ’.
2247 2622 2434 2686 “Octo;
2466 2624 2764 2690 ἐπίσκοπος
2792 2625 2979 2682 εἶπενο
3023 2629 3343 2699 Ἀναγκαῖον
3368 2634 3467 2686 καὶ
3499 2634 3658 2691 τοῦτο

2071 2715 2456 2783 προστεθῆναι,
2483 2735 2537 2769 κ.
2569 2735 2621 2771 τ.
2657 2717 2707 2772 λ.

2145 2810 2229 2861 ια’.
2267 2805 2452 2870 ’Ὀσιος
2492 2807 2785 2874 ἐπίσκοπος
2819 2805 2963 2863 εἷπε·
2995 2811 3123 2873 ,Καὶ
3175 2811 3333 2866 τοῦτο
3363 2813 3422 2867 δὲ
3469 2815 3654 2885 ἐρίσαι

2074 2888 2503 2960 ὀφείλομενηϊνα
2527 2897 2556 2947 ὀ
2589 2897 2903 2965 ἐπίσκοπος,
2938 2915 2993 2955 κ.
3027 2917 3080 2956 τ.
3102 2899 3152 2956 λ.

2148 2981 2237 3052 ιβ’.
2293 2985 2478 3048 Ὅσιος
2531 2987 2830 3052 ἐπίσκοπος
2887 2984 3060 3043 εἶπεν·
3104 2993 3322 3064 Ἐπειδὴ
3353 2993 3506 3047 οὐδέν
3534 2993 3656 3049 ἐστι

401 3067 642 3131 tendum,
671 3067 825 3138 195
847 3070 946 3124 hoc
968 3087 1182 3141 quoque
1199 3075 1504 3128 detiniatur.
1532 3076 1758 3140 Quidam
1775 3074 1971 3133 fratres

2087 3076 2476 3145 παραλειπτέον
2497 3094 2512 3108 ο
2546 3080 2636 3132 καὶ
2658 3079 2814 3132 τοῦτο
2839 3081 3134 3152 ὁρισθήτω’
3172 3085 3326 3148 Τινὲς
3353 3085 3465 3137 τῶν
3499 3087 3654 3139 ἁδελ-

397 3160 760 3228 etcoepiscnpi
788 3162 842 3216 in
860 3163 1187 3230 civitatibus,
1226 3166 1279 3218 in
1306 3167 1746 3238 quibusepiscopi
1769 3171 1975 3225 consti-

397 3259 649 3315 tuuntur,
666 3253 918 3306 videntur
938 3254 1091 3307 valde
1118 3270 1308 3323 pauca,
1330 3272 1450 3325 quae
1472 3258 1575 3312 sibi
1601 3259 1711 3312 sint
1735 3260 1972 3329 propria,

396 3343 700 3412 possidere;
734 3344 787 3397 in
817 3346 939 3400 aliis
955 3357 1137 3400 autem
1161 3349 1294 3410 locis
1324 3364 1548 3418 magnas
1573 3352 1971 3421 possessiones,

397 3435 694 3503 exquibus
723 3437 889 3490 etiam
936 3447 1169 3506 possunt
1210 3455 1364 3508 opem
1408 3442 1551 3496 ferre
1593 3445 1922 3513 pauperibus
1956 3463 1969 3500 :

395 3525 467 3580 iis
508 3527 675 3595 igitur
713 3527 786 3580 ita
831 3542 950 3582 esse
999 3530 1407 3585 concedendum
1454 3533 1674 3602 judico,
1719 3543 1780 3588 ut
1825 3535 1871 3590 si
1915 3535 1970 3590 in

397 3631 525 3671 suas
575 3619 952 3686 possessiones
1004 3623 1216 3675 venturi
1269 3632 1420 3689 sunt,
1481 3633 1536 3679 et
1582 3624 1790 3680 fruetus
1842 3641 1972 3682 suos

397 3710 697 3774 collecturi,
730 3710 903 3766 tribus
937 3712 1127 3768 diebus
1162 3714 1480 3780 Dominicis,
1530 3719 1580 3771 id
1632 3728 1735 3783 est,
1785 3719 1969 3776 tribus

397 3802 716 3870 septimanis
763 3804 814 3858 in
881 3804 996 3859 suis
1045 3807 1482 3875 possessionibus
1532 3810 1766 3879 degant;
1812 3821 1866 3866 et
1912 3813 1968 3866 in

396 3892 640 3949 Ecclesia
679 3910 802 3964 quae
849 3910 1014 3965 prope
1042 3905 1144 3960 est,
1174 3897 1224 3951 in
1257 3914 1361 3966 qua
1396 3899 1675 3971 presbyter
1709 3903 1965 3970 populum

397 3995 710 4056 congregat,
743 4000 809 4041 ne
837 3990 1274 4060 congregationis
1300 4006 1498 4060 expers
1533 4007 1655 4046 esse
1690 3995 1963 4064 videatur,

393 4077 702 4145 conveniat,
727 4087 782 4134 et
807 4077 980 4134 omcia
1010 4079 1192 4135 divina
1218 4083 1408 4148 obeat;
1442 4090 1494 4136 et
1518 4097 1586 4136 ne
1621 4083 1964 4151 frequentius

393 4169 450 4226 in
476 4168 712 4236 civitate,
743 4170 797 4224 in
842 4186 951 4241 qua
999 4182 1083 4226 est
1122 4174 1432 4243 episcopus,
1477 4177 1640 4231 absit.
1693 4177 1770 4231 Eo
1817 4181 1960 4234 enim

393 4259 558 4315 modo
592 4271 646 4316 et
690 4277 778 4319 res
823 4263 944 4331 ejus
990 4276 1209 4334 prepter
1256 4266 1428 4335 ipsius
1474 4269 1776 4324 absentiam
1827 4272 1960 4326 nihil

395 4351 702 4406 detrimenti
750 4353 1042 4422 patientur,
1103 4365 1158 4408 et
1212 4359 1537 4427 arrogantiae
1587 4372 1650 4412 ac
1695 4361 1962 4428 superbiae

395 4444 602 4498 crimen
635 4443 870 4514 effugere
909 4446 1203 4502 videbitur.

465 4676 667 4732 Omnes
706 4679 948 4750 episcopi
986 4681 1245 4750 dixerunt
1285 4699 1295 4734 :
1349 4679 1532 4736 Placet
1573 4681 1689 4737 haec
1743 4699 1962 4753 quoque

391 4772 731 4828 constitutio.

467 4861 556 4918 16.
599 4864 789 4919 Aetius
819 4865 1109 4935 episcopus
1139 4865 1320 4920 dixit:
1356 4865 1472 4922 Non
1516 4869 1782 4939 ignoratis
1823 4888 1959 4942 qua-

395 4956 463 5011 lis
507 4967 821 5025 quantaque
908 4957 978 5011 sit
1044 4956 1620 5014 Thessalonicensium
1685 4972 1962 5033 metropo-

393 5049 483 5103 lis.
527 5048 680 5117 Smpc
709 5049 892 5117 itaque
918 5050 982 5102 ad
1013 5065 1131 5102 eam
1167 5066 1230 5103 ex
1262 5052 1553 5119 provinciis
1576 5055 1875 5126 presbyteri
1913 5066 1966 5112 ct

393 5137 609 5192 diaconi
661 5140 948 5203 accedunt,
1001 5148 1054 5193 ct
1112 5139 1293 5194 brevis
1344 5143 1606 5209 temporis
1651 5159 1800 5198 mora
1853 5162 1963 5200 non

396 5228 656 5292 contenti,
692 5239 1030 5298 permanent,
1064 5243 1114 5283 et
1145 5245 1306 5284 omne
1351 5241 1566 5302 tempus
1607 5234 1718 5290 illic
1742 5250 1966 5305 agentes

399 5320 740 5389 transigunt;
792 5321 873 5373 vel
928 5321 1015 5371 vix
1066 5320 1280 5373 tandem
1322 5331 1443 5389 post
1493 5324 1784 5391 plurimum
1828 5338 1966 5383 lem-

397 5426 498 5477 pus
529 5413 578 5464 in
616 5427 741 5467 suas
776 5414 1042 5468 Ecclesias
1081 5415 1273 5467 reverti
1309 5424 1599 5485 coguntur.
1628 5417 1701 5472 De
1740 5422 1804 5473 iis
1835 5439 1964 5492 ergo

397 5503 756 5559 deﬁniendum
789 5516 891 5560 est.

466 5704 512 5736 "
542 5705 675 5759 υἱεῖ.
706 5706 786 5760 τι.

2078 3165 2194 3234 φῶν
2225 3166 2320 3219 καὶ
2352 3169 2766 3224 συνεπισκόπων
2787 3211 2803 3235 ,
2831 3174 2889 3224 ἐν
2917 3175 3036 3235 ταῖς
3059 3174 3277 3226 πόλεσιν
3304 3177 3360 3228 ἐν
3401 3171 3492 3240 αἷς
3523 3179 3648 3230 ἐπί-

2079 3272 2268 3308 σκοποι
2326 3256 2713 3326 καθίστανται,
2773 3261 2990 3314 δοκοῦσι
3064 3265 3364 3335 κεκτῆσθαι
3438 3268 3648 3339 σφόδρα

2075 3343 2231 3412 ὀλίγα
2267 3335 2579 3416 ὑπάρχοντα
2608 3347 2736 3411 ἴδια,
2770 3349 2828 3402 ἐν
2875 3351 3081 3422 ἑτέροις
3111 3353 3168 3406 δέ
3213 3354 3398 3416 τόποις
3425 3335 3651 3426 κτήσεις

2077 3438 2339 3506 μεγάλας,
2369 3438 2428 3502 ἐξ
2443 3433 2515 3491 ὧν
2541 3441 2632 3493 καὶ
2648 3442 2957 3512 ἐπικουρεῖν
2978 3446 3190 3498 δυνατοί
3214 3448 3318 3499 εἱσι
3339 3451 3452 3511 τοῖς
3481 3448 3577 3501 πέν
3589 3467 3654 3519 η-

2076 3544 2160 3580 σιν
2180 3543 2194 3559 °
2217 3528 2386 3592 οὔτως
2412 3530 2591 3594 αὐτοῖς
2617 3533 2994 3602 συγχωρητέον
3014 3531 3173 3600 εἶναι,
3207 3537 3295 3590 ἵνα
3315 3539 3365 3590 εἰ
3401 3539 3650 3609 μέλλοιεν

2073 3618 2152 3679 είς
2176 3615 2273 3681 τὰς
2301 3618 2509 3672 ἑαυτῶν
2538 3622 2938 3689 παραγίνεσθαι
2961 3625 3207 3694 κτήσεις,
3239 3626 3335 3679 καὶ
3383 3628 3483 3697 τὴν
3516 3647 3650 3698 συγ-

2071 3709 2297 3779 κομιδὴν
2356 3710 2463 3763 τῶν
2527 3712 2755 3782 καρπῶν
2795 3715 3102 3779 ποιεῖσθαι,
3161 3720 3310 3787 τρεῖς
3361 3721 3651 3790 Κυριακὰς

2069 3801 2303 3872 ἡμέρας,
2362 3803 2606 3858 τουτέστι
2633 3807 2784 3874 τρεῖς
2831 3806 3152 3878 ἑϐδομάδας.
3186 3811 3244 3863 ἐν
3294 3813 3410 3875 τοῖς
3441 3813 3653 3866 ἑαυτῶν

2068 3894 2344 3963 κτήμασιν
2397 3896 2594 3958 αὐτοὺς
2651 3897 2880 3964 διάγειν,
2935 3900 3028 3952 καὶ
3078 3902 3136 3953 ἐν
3181 3904 3245 3972 τῇ
3280 3903 3652 3977 ἀγχιστεούσῃ

2085 3983 2404 4055 Ἐκκλησία,
2443 3987 2499 4037 ἐν
2602 3988 2970 4059 πρεσϐύτερος
2995 3991 3234 4058 συνάγοι,
3269 3993 3413 4064 ὑπὲρ
3450 3994 3542 4047 τοῦ
3573 3996 3650 4066 μὴ

2067 4077 2238 4145 χωρὶς
2271 4074 2642 4140 συνελεύσεως
2667 4079 2829 4132 αὑτὸν
2868 4080 3046 4134 δοκεῖν
3075 4076 3238 4146 εἶναι,
3288 4084 3650 4154 συνέρχεσθαι

2073 4167 2168 4219 καὶ
2209 4165 2545 4236 λειτουργεῖν
2564 4187 2577 4199 ·
2603 4171 2698 4223 καὶ
2735 4171 2809 4241 μὴ
2840 4173 3222 4242 συνεχέστερον
3250 4174 3330 4236 είς
3352 4175 3454 4245 τὴν
3491 4176 3649 4228 πόλιν

2065 4256 2122 4309 ἐν
2217 4258 2363 4310 ἐστιν
2395 4259 2689 4323 ἐπίσκοπος
2713 4262 3125 4332 παραγίγνοιτο.
3161 4263 3367 4318 Τοῦτον
3417 4266 3528 4335 γάρ
3554 4267 3652 4321 τὸν

2063 4348 2261 4416 τρόπον
2299 4351 2481 4403 καὶτὰ
2505 4352 2680 4404 οἰκεῖα
2711 4352 2874 4405 αὑτοῦ
2911 4354 3210 4424 πράγματα
3226 4357 3384 4426 παρὰ
3411 4358 3511 4427 τὴν
3538 4358 3644 4410 αὗ·-

1986 4422 2040 4480 D
2067 4439 2158 4492 τοῦ
2195 4441 2479 4507 ἀπουσίαν,
2519 4442 2638 4494 οὐδὲ
2679 4445 2808 4512 μίαν
2840 4445 3101 4514 ὑπομενεῖ
3153 4446 3383 4516 ζημίαν,
3430 4450 3528 4500 καὶ
3584 4449 3650 4501 τὸ

2068 4529 2165 4599 τῆς
2214 4530 2530 4597 ἀλαζονείας
2586 4533 2680 4585 καὶ
2732 4534 2826 4587 τοῦ
2881 4534 3053 4604 τύφου
3115 4536 3390 4591 ἐκκλίνειν
3441 4537 3650 4602 δόξειεν

2069 4620 2344 4692 ἔγκλημα.

2143 4713 2416 4779 Ἅπαντες
2446 4719 2494 4770 οἱ
2516 4717 2802 4773 ἐπίσκοποι
2837 4714 3010 4774 εἷπονο
3052 4721 3304 4792 Ἀρέσκει
3351 4723 3450 4776 καὶ
3499 4721 3645 4794 αὕτη

2069 4805 2100 4873 ή
2134 4804 2486 4872 διατύπωσις.

2139 4898 2233 4960 ις’.
2282 4900 2482 4964 ’Λέτιος
2520 4903 2813 4966 ἐπίσκοπος
2850 4899 3021 4959 εἷπεν⁸
3055 4904 3169 4958 Οὐκ
3209 4907 3459 4974 ἀγνοεῖτε
3487 4905 3646 4958 ὁποία

2067 4990 2161 5042 καὶ
2202 4990 2404 5063 πηλίκη
2455 4995 2710 5065 τυγχάνει
2745 4997 2777 5066 ή
2807 4997 2916 5049 τῶν
2963 4997 3410 5052 Θεσσαλονικέων
3439 4998 3646 5068 μητρὸ-

2067 5084 2244 5148 πολις,
2281 5087 2548 5151 Πολλάκις
2597 5091 2884 5160 τοιγαροῦν
2911 5092 2990 5153 είς
3013 5091 3222 5162 ταύτην
3281 5092 3390 5144 ἀπὸ
3439 5093 3646 5160 ἑτέρων

2068 5173 2345 5245 ἐπαρχιῶν
2377 5177 2878 5249 πρεσϐύτεροι,καὶ
2917 5181 3152 5234 διάκονοι
3205 5182 3641 5252 παραγίνονται·

2070 5264 2163 5316 καὶ
2213 5266 2313 5318 οὐκ
2351 5266 2676 5337 ἀρκούμενοι
2707 5271 2936 5342 βραχείᾳ
2991 5273 3234 5340 διαγωγῇ
3298 5272 3512 5342 χρόνου,
3551 5273 3644 5325 ἐν’

2072 5355 2420 5423 απομένουσι,
2455 5359 2546 5411 καὶ
2569 5362 2776 5415 ἅπαντα
2799 5364 2886 5416 τὸν
2917 5364 3103 5432 χρόνον
3136 5364 3324 5417 αὐτόθι
3360 5364 3647 5426 ποιοῦντες

2065 5445 2420 5512 διατελοῦσιν,
2462 5450 2494 5517 ἢ
2531 5451 2684 5520 μόλις
2713 5453 2852 5522 μετᾶ
2908 5455 3158 5508 πλεῖστον
3190 5456 3383 5524 χρόνον
3433 5455 3513 5517 εἰς
3552 5457 3631 5509 τὰ

2010 5565 2017 5569 -
2069 5535 2276 5587 ἑαυτῶν
2327 5539 2609 5592 ἐπανιέναι
2653 5543 2976 5614 Ἐκκλησίας
3034 5546 3452 5615 ἀναγκάζονται.
3505 5545 3646 5614 Περὶ

2071 5627 2273 5680 τούτων
2298 5626 2387 5682 οῦν
2419 5633 2679 5701 ὁριστέον.
