3912 6244
347 282 454 344 563

1506 285 1769 348 PHOTII
1807 282 2307 349 PATRIARCHE
2338 291 2444 351 (ΣΡ.

3496 279 3613 350 66L

350 394 554 468 ἑξακοᾱὶ
599 409 716 468 quis
740 396 910 461 prima
937 403 984 468 _et
1013 395 1242 468 secunda
1289 405 1623 468 nuncupatur
1651 394 1916 446 Constan—

2039 395 2293 451 Συνόδου
2322 405 2369 450 α’
2395 399 2490 451 καὶ
2529 398 2573 468 β’
2614 399 3125 468 συγκροτηθείσης
3167 397 3235 450 ἐν
3276 401 3612 452 Κωνσταν-

431 466 647 534 ιὶηοροίὶ
683 466 738 517 in
791 464 979 532 templo
1010 463 1328 519 Sanctorum
1378 465 1751 534 Apostolorum
1791 478 1917 517 con-

423 545 649 605 gregatw
678 551 844 587 canon
867 533 948 586 16.

421 664 650 732 Propter
700 661 1077 716 contentiones
1130 671 1291 732 atque
1322 664 1618 729 tumultus,
1667 673 1796 726 etc.,
1868 671 1925 714 ut

351 772 474 825 pag.
515 754 638 809 486.

426 847 615 903 Const.
672 846 765 911 42,
807 847 892 902 tit.
945 847 999 908 '5.
1033 847 1126 901 lib.
1173 847 1350 901 tcod.
1399 847 1513 902 ait:
1558 848 1642 903 Ob
1691 847 1924 901 multum

356 939 580 992 omnino
610 940 885 1008 negotium
929 940 1063 994 citra
1093 939 1310 1009 jussum
1354 939 1619 1009 principis
1656 939 1926 994 Constan-

357 1029 582 1099 tinopoli
631 1029 923 1099 episcOpus
951 1039 1092 1095 esto,
1127 1031 1220 1086 sed
1265 1031 1657 1101 apocrisiarios
1703 1031 1923 1084 mittito.

357 1121 474 1186 Qui
497 1122 910 1192 transgreditur,
946 1120 1000 1193 [a
1033 1121 1367 1194 sacerdotio]
1407 1132 1736 1183 removetur,
1772 1136 1837 1175 ac
1869 1122 1925 1174 in

357 1214 785 1280 indignationem
839 1213 1090 1267 incurrit.
1149 1213 1338 1269 Const.
1398 1224 1578 1268 autem
1640 1214 1691 1278 1,
1726 1213 1812 1267 tit.
1871 1213 1922 1277 Ι,

357 1303 698 1359 Novellarnm
735 1305 809 1358 ait
843 1323 855 1358 :
889 1304 1081 1360 Nullus
1119 1306 1408 1375 episcopus
1453 1322 1483 1359 a
1537 1321 1633 1360 sua
1679 1305 1923 1360 Ecclesia

358 1393 593 1459 amplius
643 1407 875 1455 annum,
928 1392 1029 1444 nisi
1064 1406 1132 1445 ex
1180 1392 1441 1461 principis
1488 1395 1668 1460 jussu,
1715 1393 1920 1447 abesto.

361 1483 688 1537 Patriarchre
735 1483 858 1538 illos
898 1484 950 1536 in
1002 1483 1263 1538 Ecclesiis
1301 1485 1417 1538 suis
1475 1485 1774 1553 perdurare
1831 1499 1924 1539 co-

360 1584 547 1643 gunto.
602 1572 660 1628 Si
704 1573 872 1646 [quis]
912 1590 1040 1629 vero
1091 1575 1230 1628 citra
1265 1575 1674 1644 imperatoriam
1720 1577 1924 1644 jussio-

363 1678 484 1716 nem
533 1665 677 1717 ultra
711 1679 912 1717 annum
975 1663 1136 1724 absit,
1193 1664 1312 1733 ejus
1363 1672 1572 1720 tractus
1613 1666 1921 1734 patriarcha

2096 470 2457 567 tho‘deJ’Pt,
2481 467 2548 522 ἐν
2564 469 2643 532 τῷ
2673 468 2796 534 ναῷ
2819 467 2937 522 τῶν
2978 468 3177 537 Ἁγίων
3201 469 3616 528 Ἀποστόλων.

2096 552 2306 590 κανων·
2319 552 2412 602 ις’.

2095 675 2194 728 Διὰ
2234 674 2331 738 τὰς
2374 674 2702 744 φιλονεικίας
2732 689 2793 726 τε
2840 672 2934 726 καὶ
2962 674 3225 743 ταραχάς,
3257 689 3310 726 κ.
3337 690 3386 728 τ,
3415 663 3476 730 λ.

2112 853 2177 906 Ἦ
2217 851 2304 922 μβ⁹
2335 851 2575 916 διάταξις
2600 851 2692 907 τοῦ
2723 851 2774 920 τ’
2797 852 2905 906 τίτ.
2940 850 3034 904 τοῦ
3065 857 3111 905 α’
3144 851 3282 921 stet.
3325 849 3420 912 τοῦ
3469 849 3618 904 κώδ.

2027 949 2206 1015 φησὶν,
2225 945 2654 1008 ὃτιἘπίσκοπος
2689 945 2773 1014 ἐφ’
2802 944 3099 1014 οίῳδήποτε
3131 943 3410 1014 πράγματι
3448 943 3620 1013 παρὰ

2025 1035 2270 1088 κέλευσιν
2319 1033 2601 1104 βασιλέως,
2653 1036 2711 1085 ἐν
2759 1033 3323 1086 Κωνσταντινουπόλει
3371 1031 3448 1102 μὴ
3524 1048 3624 1099 για

2025 1127 2219 1190 νὲσθω,
2271 1126 2385 1180 ἀλλ’
2435 1125 2887 1197 ἀποκρισιαρίους
2926 1124 3225 1177 στελλέτω·
3278 1124 3384 1178 ὁδέ
3418 1139 3622 1192 παρα-

2025 1217 2227 1271 σαίνων
2268 1219 2654 1286 άγανακτεῖται
2696 1219 2789 1270 καὶ
2823 1214 3160 1286 ἀφορίζεται.
3196 1214 3260 1267 Ἦ
3289 1214 3347 1266 δὲ
3376 1213 3424 1267 α’
3463 1215 3622 1268 διάτ.

2025 1309 2117 1362 τοῦ
2145 1316 2192 1363 α’
2224 1309 2328 1362 τίτ.
2356 1309 2463 1360 τῶν
2493 1307 2721 1378 Νεαρῶν
2749 1307 2903 1377 φησί·
2932 1305 3139 1375 Μηδεὶς
3169 1306 3472 1367 ἐπίσκοπος
3504 1305 3620 1367 ἔξω

2025 1401 2123 1470 τῆς
2142 1400 2305 1454 αὑτοῦ
2321 1399 2665 1470 Ἐκκλησίας,
2688 1397 2847 1451 πλέον
2868 1396 3112 1451 ἐνιαυτοῦ
3127 1393 3623 1464 ἀπολιμπανὲσθω,

2025 1496 2074 1547 εί
2116 1494 2189 1564 μὴ
2225 1493 2365 1546 κατὰ
2416 1491 2698 1561 βασιλικὴν
2744 1489 3032 1552 κέλευσιν,
3089 1487 3198 1540 τῶν
3246 1484 3626 1557 πατριαρχῶν

2024 1584 2438 1652 ἀναγκαζόντων
2467 1582 2682 1646 αὐτοὺς,
2707 1582 2826 1643 ταῖς
2856 1579 3032 1632 αὐτῶν
3077 1577 3417 1647 Ἐκκλησίαις
3438 1592 3627 1646 προσο

2033 1677 2339 1745 καρτερεῖν.
2368 1675 2430 1726 Εἰ
2459 1675 2513 1728 δὲ
2549 1673 2700 1744 παρὰ
2735 1669 3016 1740 βασιλικὴν
3051 1670 3314 1728 κέλευσιν.
3343 1669 3493 1740 πέρα
3521 1666 3623 1720 τοῦ

361 1771 642 1810 sacrorum
696 1772 967 1811 canonum
1033 1757 1193 1826 198
1243 1757 1682 1826 praescriptiones
1737 1759 1925 1813 obser-

2039 1738 2277 1821 ὲνιάυτοῦ
2317 1738 2701 1834 ἀπολειφθείη,
2735 1738 2778 1815 -ὀ
2817 1763 2908 1815 τοῦ
2956 1738 3218 1830 κλίματος
3263 1738 3624 1828 πατριάρχης

361 1865 514 1914 γους,
541 1850 881 1905 solemnibus
927 1851 1104 1918 ipsum
1131 1860 1324 1903 vocato
1363 1849 1555 1904 edictis
1586 1870 1600 1906 :
1636 1859 1691 1904 et
1735 1851 1778 1905 si
1813 1866 1933 1904 om-

364 1941 495 1995 nino
555 1943 939 2012 immorigerns
973 1952 1210 2005 maneat,
1261 1943 1439 2011 ipsum
1497 1943 1566 1995 ab
1615 1943 1929 2012 episcopatu

363 2036 632 2105 depellito,
665 2045 828 2106 atque
872 2036 1038 2089 alium
1084 2033 1268 2090 facito.
1317 2034 1371 2090 Si
1423 2050 1549 2091 vero
1593 2050 1698 2089 non
1730 2045 1935 2091 metro-

363 2129 657 2196 politanus,
717 2129 812 2183 sed
870 2128 1011 2182 alius
1060 2128 1352 2196 episcopus
1407 2129 1498 2193 sit,
1544 2128 1638 2192 qui
1695 2136 1930 2190 emanet,

365 2215 815 2284 tnetropolitanus
841 2215 1096 2283 praedicta
1141 2229 1309 2283 super
1358 2214 1453 2268 illo
1509 2213 1696 2268 facito.
1730 2213 1931 2268 Verum

363 2306 412 2361 si
465 2316 762 2359 causentur
791 2306 861 2360 ob
893 2304 1168 2374 prepriam
1219 2303 1720 2359 ecclesiasticamve
1779 2304 1930 2360 litem

363 2395 450 2469 [se
476 2394 805 2468 Ecclesiam]
852 2396 1102 2451 deserere
1129 2395 1327 2451 debere
1365 2414 1378 2450 :
1421 2395 1631 2451 libellos
1657 2397 1932 2467 supplices

365 2491 430 2543 ad
455 2489 861 2560 imperatoriam
900 2488 1236 2558 maiestatem
1279 2501 1373 2554 per
1407 2503 1743 2556 (economos,
1780 2490 1935 2546 cleri-

361 2594 477 2644 cos,
501 2586 594 2632 aut
628 2578 1009 2648 apocrisiarios
1045 2579 1322 2643 mittunto,
1360 2593 1481 2648 qua:
1506 2578 1558 2631 in
1603 2578 1812 2652 [rebus]
1843 2594 1934 2634 ec-

359 2671 687 2727 clesiasticis
719 2671 1056 2736 desiderant,
1107 2672 1466 2740 impetraturi.
1503 2670 1740 2727 Proinde
1780 2683 1934 2727 ante-

358 2776 521 2831 quam
567 2763 866 2816 secundum
921 2776 1160 2817 canones
1190 2762 1398 2817 litteras
1459 2763 1933 2821 catntnendatitias

359 2859 442 2921 (ut
474 2861 757 2924 vocantur)
787 2869 908 2922 qua:
961 2853 1332 2907 testimonium
1365 2854 1437 2907 de
1477 2854 1801 2909 necessitate
1839 2871 1932 2925 pe-

362 2946 748 3016 regrinationis
781 2960 893 2999 suae
929 2945 1267 3011 perltibeant,
1317 2961 1346 2998 a
1382 2945 1799 3014 metropolitano
1829 2962 1931 3001 suo

358 3042 425 3093 ad
466 3040 869 3108 imperatoriam
903 3038 1241 3108 majestatem
1278 3040 1552 3109 acceperit
1583 3056 1598 3092 :
1639 3039 1928 3108 episcopus

361 3130 676 3201 Byzantium
719 3145 788 3184 ne
811 3129 1014 3183 venito.
1050 3127 1500 3198 Metropolitanus
1546 3129 1926 3198 peregrinatu-
1955 3099 2003 3165 (ἶ

359 3238 454 3277 rus
494 3221 883 3290 patriarchales
937 3221 1147 3275 litteras
1183 3221 1438 3290 accipito.
1480 3221 1562 3275 Ne
1611 3220 1714 3290 ipsi
1749 3236 1843 3289 per
1873 3236 1929 3275 se

360 3314 448 3382 [de
479 3313 643 3366 rebus
670 3311 808 3384 suis]
852 3311 919 3366 ad
968 3311 1376 3381 imperatoriam
1413 3311 1757 3380 majestatem
1792 3311 1925 3365 refe-

360 3414 520 3458 rnuto
551 3422 565 3458 :
603 3403 694 3458 sed
733 3419 857 3458 cum
889 3403 1220 3473 patriarcha,
1263 3411 1358 3457 aut
1390 3419 1503 3457 suae
1535 3402 1758 3457 ditionis
1795 3417 1930 3471 apo-

363 3494 629 3548 crisiariis
656 3494 1120 3553 communicanto,
1167 3507 1231 3546 ac
1275 3508 1397 3547 cum
1431 3493 1538 3546 illis
1573 3491 1664 3564 [ad
1694 3494 1933 3562 impera-

362 3584 557 3655 torem]
599 3585 993 3656 ingrediuntor.
1037 3582 1188 3637 Licet
1213 3593 1397 3637 autem
1446 3584 1582 3653 ipsis
1613 3585 1778 3638 etiam
1837 3599 1933 3654 per

360 3677 756 3731 rel'creudarios
813 3682 1022 3745 inagna:
1059 3675 1316 3730 Ecclesia:
1362 3677 1445 3730 vel
1499 3677 1929 3746 patriarcharum

364 3767 559 3822 horum
608 3767 675 3821 ad
729 3767 1117 3835 imperatorem
1152 3767 1380 3820 referre.
1421 3767 1655 3821 Constit.
1686 3783 1849 3836 porro
1878 3769 1930 3834 7,

369 3858 612 3927 t-jusdt’mt
647 3859 726 3912 tit.
789 3861 808 3912 ι
865 3856 1262 3912 Novellarum:
1312 3857 1467 3924 Quod
1522 3860 1568 3916 si
1619 3860 1930 3930 episcopus,

360 3957 559 4024 inquit,
611 3953 780 4007 multo
809 3962 1054 4022 tempore
1085 3950 1382 4008 Ecclesiam
1430 3969 1584 4008 suam
1631 3956 1931 4026 reliquerit,

367 4063 436 4102 ne
457 4049 573 4116 ipse
603 4061 922 4101 teconomus
955 4056 1205 4116 sumptus
1226 4047 1597 4116 suppeditato:
1629 4048 1721 4102 sed
1743 4050 1931 4104 istius-

363 4141 508 4195 modi
562 4148 814 4210 snmptus
849 4139 902 4193 in
935 4140 1257 4223 occasiones
1295 4139 1692 4196 ecclesiasticas
1730 4153 1784 4196 et
1819 4142 1936 4210 pias

363 4233 618 4301 praebeto.
648 4231 978 4301 Et'cjusdem
1007 4232 1089 4285 tit.
1117 4231 1338 4286 eonstit.
1371 4232 1404 4285 5
1425 4247 1439 4283 z
1463 4231 1618 4297 Quod
1652 4231 1697 4287 si
1729 4233 1936 4301 episco-

359 4339 463 4394 pus
496 4324 614 4379 sine
664 4323 862 4377 litteris
901 4323 983 4376 sui
1027 4322 1352 4390 patriarchae
1403 4321 1933 4393 Constantinopolim

363 4417 505 4480 ierit,
543 4431 602 4470 se
634 4415 702 4469 ab
744 4413 929 4468 habitu
965 4413 1201 4466 alienum
1260 4413 1410 4466 facit.
1462 4414 1650 4468 Const.
1711 4430 1838 4468 vero
1876 4414 1910 4467 2

359 4509 604 4576 ejusdem
639 4508 725 4562 tit.
776 4509 796 4561 1
835 4496 1178 4562 Novellarum
1214 4507 1286 4559 ait
1315 4525 1329 4560 :
1394 4506 1645 4576 Episcopi
1680 4521 1934 4561 necessa-

365 4603 442 4654 ria
469 4601 534 4655 de
576 4614 740 4655 causa
768 4598 1188 4668 peregrinaturi,
1227 4596 1667 4665 patriarcharum
1700 4607 1795 4651 aut
1825 4614 1936 4651 me-

365 4690 821 4757 tropolitanorum
878 4701 1104 4740 suorum
1171 4687 1376 4740 litteras
1434 4686 1786 4752 accipiunto,
1847 4684 1935 4738 vel

363 4781 727 4850 imperatoriae
750 4777 1225 4847 majestatisjussu
1259 4776 1673 4845 peregrinantor
1704 4794 1718 4842 ;
1757 4785 1809 4830 et
1841 4775 1934 4844 qui

363 4871 685 4942 patriarchae
711 4869 1315 4938 Constantinopolitano
1349 4868 1606 4932 subsunt,
1629 4867 1748 4922 sine
1777 4867 1938 4937 199

363 4966 534 5033 ipsius
562 4964 832 5032 permissu
877 4963 1055 5031 ipsum
1091 4976 1159 5015 ne
1200 4960 1524 5014 accedunto.
1569 4961 1672 5025 Qui
1706 4960 1809 5014 hoc
1841 4976 1935 5028 pa-

363 5069 450 5113 cto
483 5056 881 5128 peregrinatur,
917 5071 985 5109 ne
1017 5054 1254 5122 amplius
1287 5069 1433 5106 anno
1455 5050 1756 5106 Ecclesiam
1779 5066 1933 5105 suam

363 5151 676 5220 relinquito.
712 5149 817 5214 Qui
857 5147 1148 5217 episcopus
1195 5142 1726 5211 Constantinopolim
1769 5157 1952 5195 vene--

366 5250 454 5309 rit,
485 5245 888 5314 qualiscunque
938 5240 1029 5300 sit,
1084 5237 1148 5290 ad
1185 5235 1554 5305 patriarcham
1612 5234 1932 5302 ingrcditor,

361 5347 414 5388 t'l.
451 5351 544 5403 per
593 5333 772 5402 ipsutn
813 5329 879 5382 ad
930 5328 1339 5395 imperatorem.
1393 5323 1600 5376 Contra
1658 5323 1794 5386 lucc,
1844 5333 1938 5377 aut

360 5441 526 5493 supra
550 5417 866 5495 [statutum]
904 5428 1116 5485 tempus
1154 5414 1628 5484 peregrinantibus
1661 5416 1933 5468 teconomi

361 5525 614 5583 sumptus
672 5530 741 5566 ne
793 5511 1288 5564 subministranto:
1345 5515 1397 5560 et
1451 5505 1764 5559 sacerdotes
1834 5507 1936 5560 sub

362 5610 561 5676 quibus
589 5615 904 5668 censentur,
944 5612 1001 5656 ut
1030 5609 1395 5659 revertantur,
1424 5612 1521 5666 per
1561 5597 1768 5651 litteras
1805 5597 1933 5652 hor-

363 5713 550 5759 tantor
586 5725 594 5733 ·
633 5704 676 5757 si
706 5704 1003 5765 dill’ereut,,
1045 5699 1105 5752 ad
1167 5693 1400 5767 [judicii]
1460 5697 1758 5751 certamina
1808 5714 1935 5752 evo-

1916 4454 1931 4480 ’
1972 4457 2014 4511 Ι)

2033 1859 2189 1913 αὐτὴν
2221 1858 2452 1912 καλείτω
2476 1858 2586 1919 τοῖς
2612 1854 3016 1924 νενομισμένοις
3040 1851 3376 1921 κηρύγμασι,
3404 1849 3624 1917 φυλάτ-

2030 1969 2138 2006 των
2189 1951 2288 2020 τὴν
2335 1949 2442 2002 τῶν
2486 1948 2646 2017 ἱερῶν
2695 1945 2932 1997 κανόνων
2976 1943 3380 2012 παρατήρησιν.
3431 1941 3505 1992 Εἰ
3561 1939 3624 1992 δέ

2035 2041 2208 2114 μείνοι
2260 2042 2419 2110 μέχρι
2451 2038 2649 2099 παντὸς
2692 2034 2950 2098 ἀπειθῶν,
3002 2033 3271 2098 ὲξωθείτω
3311 2031 3479 2085 αὐτὸν
3514 2029 3623 2097 τῆς

2031 2134 2338 2200 ἐπισκοπῆς
2359 2172 2373 2194 ,
2423 2130 2516 2182 καὶ
2555 2127 2741 2198 ἕτερον
2777 2125 3028 2194 ποιείτω⁸
3065 2127 3113 2176 εί
3141 2125 3195 2176 δὲ
3224 2123 3297 2194 μὴ
3330 2139 3622 2193 μητροπο-

2030 2227 2206 2294 λίτης,
2254 2222 2367 2275 ἀλλ’
2411 2219 2596 2290 ἕτερος
2637 2215 2933 2276 ἐπίσκοπός
2981 2214 3127 2266 ἐστιν
3172 2212 3200 2263 ὁ
3231 2208 3624 2279 ἀπολιμπανό-

2037 2333 2232 2388 μενος,
2293 2317 2321 2367 ὁ
2385 2307 2785 2383 μητροπολίτης
2857 2306 2942 2358 ἐπ’
3009 2302 3157 2374 αὐτῷ
3216 2302 3285 2355 τὰ
3341 2300 3622 2370 εἰρημένα

2034 2409 2277 2463 ποιείτω.
2330 2406 2394 2457 Et
2426 2403 2483 2457 δὲ
2525 2398 2914 2471 προφασίζοιτο
2962 2396 3115 2466 δίκης
3149 2395 3332 2448 ἕνεκεν
3365 2393 3550 2461 ίδικῆς
3583 2392 3619 2461 ἤ

2033 2494 2527 2568 ἐκκλησιαστικῆς,
2572 2490 2807 2561 ὀφείλειν
2853 2485 3345 2555 ἀπολιμπάνεσθαι,
3393 2484 3620 2552 δεήσεις

2035 2595 2100 2664 τῇ
2133 2587 2380 2661 βασιλείᾳ
2407 2585 2494 2639 διὰ
2521 2584 2629 2636 τῶν
2657 2581 2978 2650 οἰκονόμων,
3006 2577 3039 2650 ἢ
3073 2575 3370 2648 κληρικῶν,
3402 2574 3436 2644 ἥ
3476 2575 3622 2627 ἁπο-

2033 2679 2354 2754 κρισιαρίων
2382 2675 2764 2745 πεμπέτωσαν,
2792 2670 3103 2738 τευξόμενοι
3127 2667 3254 2739 περὶ
3279 2667 3383 2719 τῶν
3403 2665 3624 2735 ἐκκλη-

2036 2769 2352 2833 σιαστικῶν,
2383 2767 2492 2819 τῶν
2525 2764 2893 2834 ζητουμένων.
2930 2761 3021 2830 Μὴ
3049 2759 3246 2813 ἀνιέτω
3279 2759 3336 2810 δὲ
3379 2758 3620 2808 ἐπίσκο-

2033 2882 2133 2926 πος
2176 2863 2235 2916 ἐν
2279 2860 2580 2925 Βυζαντίῳ,
2617 2854 2746 2925 πρὶν
2794 2853 2860 2907 ἂν
2894 2851 3034 2905 κατᾶ
3061 2851 3187 2914 τοὺς
3227 2850 3479 2910 κανόνας,
3519 2845 3619 2898 τοῦ

2033 2956 2237 3012 οἰκείου
2273 2949 2668 3038 μητροπολίτου
2701 2947 2852 2998 λάϐοι
2877 2945 3180 3015 γράμματα
3205 2941 3274 2993 τὰ
3300 2937 3624 3038 καλούμενα

2039 3027 2356 3112 συστατικὰ,
2412 3041 2548 3114 πρὸς
2591 3040 2690 3109 τὴν
2738 3036 3041 3107 βασιλείαν,
3096 3028 3478 3103 μαρτυροῦντα
3533 3027 3622 3096 τῷ

2036 3139 2318 3209 ἀναγκαίῳ
2360 3136 2458 3205 τῆς
2490 3129 2815 3200 ἀποδημίας.
2864 3129 2921 3181 Ὁ
2950 3127 3006 3179 δέ
3044 3121 3443 3195 μητροπολίτης
3477 3121 3624 3171 ἀπο-

2036 3233 2246 3304 δημῶν,
2294 3226 2668 3299 πατριαρχικὰ
2697 3219 3018 3292 λαμϐανέτω
3048 3217 3370 3287 γράμματα,
3408 3211 3506 3263 καὶ

2037 3302 2335 3381 διῖὲαυτῶν
2365 3321 2716 3392 μηνυέτωσαν
2749 3315 2885 3386 πρὸς
2913 3313 3010 3381 τὴν
3046 3309 3341 3380 βασιλείαν,
3373 3304 3515 3358 ἀλλὰ
3534 3302 3622 3374 τῷ

2039 3415 2352 3487 πατριάρχῃ
2403 3413 2437 3483 ἢ
2481 3412 2592 3473 τοῖς
2635 3404 3076 3477 άποκρισιαρίοις
3112 3401 3214 3468 τῆς
3252 3397 3426 3450 αὐτῶν
3476 3396 3622 3447 διοι-

2039 3510 2253 3577 κήσεως
2299 3501 2735 3562 κοινούσθωσαν,
2801 3497 2894 3550 καὶ
2957 3495 3139 3555 αὐτοῖς
3201 3487 3620 3543 συνεισίτωσαν.

2043 3600 2262 3664 Ἔξεστι
2308 3596 2366 3650 δὲ
2403 3594 2608 3655 αὐτοῖς.
2637 3590 2732 3643 καὶ
2759 3587 2846 3640 διά
2876 3586 2983 3638 τῶν
3017 3579 3479 3654 ραιφερενδιρίων
3514 3578 3623 3640 τῆς

2043 3692 2282 3763 μεγάλης
2327 3683 2676 3755 Ἐκκλησίας,
2718 3681 2749 3750 ἢ
2791 3679 2878 3733 διὰ
2911 3678 3017 3731 τῶν
3045 3672 3476 3745 ἁποκρισιαρίων
3506 3671 3622 3723 τῶν

2041 3762 2395 3855 πατριάρχῶν
2427 3777 2630 3839 αὐτῶν,
2668 3773 2957 3842 ἀναφέρειν
2995 3769 3071 3838 τῷ
3109 3767 3336 3836 βασιλεῖ.
3374 3765 3439 3816 ἸΙ
3485 3763 3541 3815 δὲ
3565 3762 3620 3855 ,ζ’

2038 3854 2177 3931 διάτ.
2225 3872 2319 3926 τοῦ
2352 3869 2516 3924 αὐτοῦ
2553 3875 2600 3921 α’
2626 3866 2732 3920 τίτ.
2763 3865 2871 3917 τῶν
2900 3862 3124 3932 Νεαρῶν
3154 3859 3336 3929 φησὶν,
3368 3858 3451 3910 ὅτι
3493 3854 3623 3906 Ἐὰν
3655 3855 3658 3858 ’

2039 3965 2335 4025 ἐπίσκοπος
2365 3959 2554 4030 χρόνον
2586 3956 2752 4009 πολὺν
2804 3952 2904 4021 τῆς
2937 3951 3070 4012 ἰδίας
3111 3947 3436 4018 Ἐκκλησίας
3483 3946 3623 3998 ἀπο-

2040 4057 2252 4127 λειφθῇ,
2315 4053 2390 4124 μὴ
2435 4049 2738 4122 χορηγείτω
2788 4043 2936 4116 αὑτῷ
2976 4042 3220 4104 δαπάνας
3251 4043 3280 4094 ὁ
3311 4040 3617 4108 οἰκονόμος,

2041 4147 2154 4202 ἀλλ’
2182 4149 2216 4217 ἠ
2245 4144 2468 4212 τοιαύτη
2491 4141 2706 4211 δαπάνη
2737 4135 3062 4208 παρεχέσθω
3087 4136 3164 4195 είς
3197 4133 3502 4202 προφάσεις
3532 4129 3621 4181 ὲκ-

2042 4235 2438 4310 κλησιαστικὰς
2469 4235 2563 4286 καὶ
2593 4230 2858 4294 εὐσεϐεῖς.
2891 4229 3000 4282 Καὶ
3027 4229 3061 4297 ἡ
3095 4232 3144 4294 γ’
3177 4224 3273 4278 τοῦ
3317 4220 3484 4276 αὐτοῦ
3512 4221 3616 4274 τίτ.

2042 4331 2182 4384 διάτ.
2213 4329 2400 4398 φησὶν,
2437 4324 2590 4379 ὄτιὈ
2624 4321 2920 4383 ἐπίσκοπος
2940 4321 3108 4389 χωρὶς
3139 4317 3488 4387 γραμμάτων
3526 4313 3618 4366 τοῦ

2044 4420 2386 4491 πατριάρχου
2414 4415 2601 4478 αὐτοῦ,
2633 4413 2798 4468 ἀνιὼν
2829 4415 2885 4465 ἐν
2911 4409 3504 4473 Κωνσταντινουπόλει,
3531 4406 3623 4459 άλ-

2044 4514 2256 4582 λότριον
2304 4511 2494 4564 ἑαυτὸν
2525 4509 2670 4561 ποιεῖ
2701 4504 2799 4559 τοῦ
2839 4506 3137 4574 σχήματος.
3167 4502 3235 4553 Ἡ
3282 4501 3339 4553 δὲ
3389 4499 3434 4570 β’
3479 4499 3616 4552 διάτ.

2043 4604 2136 4658 τοῦ
2188 4602 2350 4656 αὑτοῦ
2382 4600 2428 4654 α’
2460 4600 2567 4653 τῶν
2602 4597 2831 4668 Νεαρῶν
2877 4593 3065 4664 φησὶν,
3108 4594 3188 4645 ὅτι
3231 4592 3393 4644 Κατὰ
3433 4590 3619 4660 χρείας

2044 4694 2345 4764 ἀναγκαίας
2407 4691 2771 4763 ἐκδημοῦντες
2820 4689 2869 4741 οι
2921 4687 3242 4748 ἐπίσκοποι,
3313 4684 3618 4755 γράμματα

2043 4788 2468 4858 λαμϐανέτωσαν
2495 4785 2601 4837 τῶν
2630 4781 2984 4853 πατριαρχῶν
3017 4779 3196 4833 αὐτῶν
3224 4777 3257 4848 ἦ
3293 4775 3620 4848 μητροπολι-

2043 4881 2172 4947 τῶν,
2224 4880 2256 4948 ἢ
2318 4879 2458 4932 κατὰ
2494 4875 2776 4947 βασιλικὴν
2825 4874 3074 4927 κέλευσιν
3123 4870 3613 4939 ἀποδημείτωσαν’

2044 4974 2139 5025 καὶ
2183 4973 2230 5023 οἱ
2283 4970 2388 5023 ὑπὸ
2433 4969 2523 5020 τὸν
2565 4962 3198 5033 ,Κωνσταντινουπόλεως
3247 4961 3613 5031 πατριάρχην,

2044 5065 2213 5136 χωρὶς
2243 5061 2543 5133 ἐπιτροπῆς
2572 5058 2735 5112 αὑτοῦ
2766 5059 2843 5118 είς
2871 5055 3041 5123 αὐτὴν
3072 5053 3145 5122 μὴ
3177 5053 3449 5106 ἀνίτωσαν
3473 5067 3487 5079 ·
3526 5051 3616 5102 καὶ

2041 5159 2071 5210 ὁ
2095 5158 2265 5219 οὓτως
2299 5153 2610 5222 ἀποδημῶν,
2646 5150 2719 5219 μὴ
2749 5149 2908 5201 πλέον
2942 5144 3190 5199 ἐνιαυτοῦ
3212 5144 3308 5212 τὴν
3337 5143 3473 5195 tam
3499 5142 3614 5194 Ἐκ·-

2045 5251 2270 5318 κλησίαν
2305 5247 2466 5299 ἐάτω.
2511 5242 2569 5295 Ὀ
2603 5241 2658 5292 δὲ
2692 5237 3130 5308 παραγινόμενος
3169 5237 3225 5287 ἐν
3271 5237 3611 5287 Κωνσταντι-

2044 5342 2290 5397 νουπόλει
2353 5338 2667 5406 οίοσδήποτε
2726 5331 3052 5391 ἐπίσκοπος,
3101 5328 3286 5379 εἰσίτω
3349 5327 3486 5397 πρὸς
3529 5324 3612 5377 τὸν

2045 5432 2413 5503 πατριάρχην,
2466 5428 2560 5481 καὶ
2593 5427 2660 5478 δι’
2710 5425 2876 5478 αὑτοῦ
2911 5423 3046 5492 πρὸς
3089 5420 3183 5473 τὸν
3213 5419 3456 5489 βασιλέα.
3494 5418 3611 5479 Τοῖς

2044 5527 2195 5597 παρὰ
2223 5525 2418 5586 ταῦτα,
2453 5522 2486 5592 ἢ
2519 5521 2660 5591 ὑπὲρ
2693 5519 2784 5571 τὸν
2813 5517 3002 5588 χρόνον
3031 5513 3431 5585 ἀποδημοῦσιν,
3462 5515 3509 5566 οἱ
3537 5515 3610 5565 οἱ·

2045 5621 2262 5689 κονόμοι
2313 5615 2556 5677 δαπάνας
2613 5616 2686 5682 μὴ
2745 5609 3185 5680 χορηγείτωσαν,
3241 5609 3335 5660 καὶ
3389 5621 3610 5674 προτρε-

2048 5714 2293 5766 πέτωσαν
2320 5708 2515 5771 αὐτοὺς
2558 5707 2603 5760 οἱ
2638 5706 2804 5774 ἱερεῖς
2839 5701 2926 5772 ὑφ’
2959 5699 3053 5764 οὓς
3080 5698 3297 5756 τελοῦσι
3323 5698 3411 5754 διὰ
3435 5714 3605 5769 γραμο
3645 5690 3655 5696 ”
