3912 6244
210 225 306 291 665

915 225 1316 285 SYNTAGMA
1353 217 1742 283 CANONUM.
1772 239 1843 253 -
1877 217 2027 279 TIT.
2069 219 2236 283 VUI.
2266 220 2422 284 CAP.
2466 225 2585 285 III.
2635 227 2731 290 IV.

3367 233 3473 303 6(6

213 345 396 417 μάτων
420 342 800 413 ὑποστρέψαι·
851 341 944 394 καὶ
975 335 1459 411 ὑπερ-τιθεμένους,
1496 334 1634 404 πρὸς
1662 333 1788 395 τοὺς

1926 343 2055 389 ante
2089 353 2102 389 :
2141 344 2196 391 et
2227 337 2330 390 nisi
2377 338 2518 393 intra
2548 341 2912 408 przestitutum
2944 347 3157 411 tempus
3186 351 3471 398 revertan-

211 441 436 502 κανόνας
481 438 826 492 καλείτωσαν
851 451 865 466 ο
917 433 1014 488 καὶ
1066 433 1141 504 μὴ
1173 429 1615 500 ὑποστρέφοντας
1659 425 1788 477 εἴσω

209 534 304 587 τοῦ
347 530 668 602 ὁριζομένου
715 528 933 598 χρόνου,
977 525 1412 587 ὲκῦαλλὲτωσαν,
1461 521 1557 575 καὶ
1597 517 1788 580 ἄλλους

211 624 714 695 χειροτονείτωσαν.
762 621 842 674 Τὰ
878 618 1019 674 αὑτά
1048 618 1143 671 καὶ
1181 617 1309 686 περὶ
1348 612 1622 685 κληρικῶν
1650 610 1791 663 οίου-

209 715 412 785 δήποτε
445 712 654 783 βαθμοῦ
702 715 912 782 κρατεῖ.
971 710 1037 762 Ἡ
1067 709 1124 761 δὲ
1158 707 1224 778 ιβ’
1255 705 1394 760 διάτ.
1421 703 1516 757 τοῦ
1545 698 1709 756 αὐτοῦ
1739 703 1794 752 α’

209 808 318 860 τίτ.
346 804 454 859 τῶν
475 804 706 874 Νεαρῶν
727 800 1184 872 παρακελεύεται,
1213 799 1302 852 ⁸ιίνα
1342 796 1466 850 Ἐάν
1494 811 1636 857 τινος
1665 792 1792 846 Ἐκ-

212 899 446 967 κλησίας
475 895 754 950 ἀποστῶσι
779 893 1054 963 κληρικοὶ,
1086 893 1262 963 ἕτεροι
1283 886 1792 957 ἀντικαθιστάμενοι

208 993 315 1056 τὰς
342 991 523 1044 αὐτῶν
541 989 778 1058 σιτήσεις
796 987 862 1040 λα
871 986 1134 1057 μϐἀνωσι,
1152 984 1246 1037 καὶ
1266 982 1340 1052 μὴ
1357 978 1793 1050 ὑποστρέφοντας

210 1084 416 1145 αὐτοὺς
442 1079 739 1151 λαμϐάνειν
766 1077 958 1139 αὐτὰς,
991 1075 1085 1128 καὶ
1117 1075 1250 1145 μηδὲ
1285 1070 1582 1142 κερδαίνειν
1624 1067 1794 1129 αὐτὰς

209 1175 342 1235 τοὺς
372 1171 742 1242 χορηγοῦντας
766 1186 780 1199 ο
825 1172 873 1221 εί
918 1168 974 1221 δὲ
1007 1167 1350 1238 στερήσουσι,
1385 1165 1576 1233 κτῆσις
1618 1160 1794 1214 αὐτῶν

215 1264 360 1334 ῥητὴ
399 1265 512 1326 τοῖς
539 1262 822 1334 πριϐάτοις
849 1260 1187 1328 ἀφορίζεται,
1219 1256 1360 1309 ὥστε
1391 1254 1492 1324 τὴν
1532 1251 1795 1324 χορηγίαν

213 1357 320 1424 τῆς
352 1356 620 1426 σιτήσεως
651 1352 860 1408 ἐκεῖθεν
884 1352 1146 1420 γίνεσθαι.

289 1448 548 1500 ΚΕΦΑΛ.
577 1445 654 1500 Γ’.
695 1476 765 1485 -
803 1443 944 1512 Περὶ
982 1441 1341 1510 τοῦ,χρῆναι
1368 1439 1510 1504 τοὺς
1549 1437 1794 1491 ἐπισκό-

213 1559 374 1607 πους
404 1541 512 1605 τὰς
554 1539 746 1603 αίτίας
780 1536 888 1605 τῆς
929 1536 1267 1603 ὁδοιπορίας
1316 1531 1436 1586 τῶν
1473 1531 1546 1585 δι’
1583 1529 1798 1599 ,αὐτῶν

213 1638 560 1707 παριόντων
590 1634 941 1688 ἐπισκόπων
967 1627 1513 1699 πολυπραγμονεῖν.

527 1726 794 1781 Συνόδου
820 1723 1117 1792 Σαρδικῆῤ
1149 1721 1348 1776 κανὼν
1385 1725 1492 1774 κα’.

285 1842 609 1903 Γαυδέντιος
691 1839 984 1900 ἐπίσκοπος
1069 1832 1232 1888 εἶπε·
1305 1833 1493 1886 Ταῦτα
1549 1831 1618 1884 τὰ
1693 1848 1799 1884 σω-

212 1935 502 2006 τηριωδῶς
543 1934 636 1986 καὶ
682 1931 990 1992 ἀκολούθως
1030 1927 1320 1998 ὁρισθέντα
1354 1926 1449 1978 καὶ
1480 1924 1801 1995 πρεπόντως

210 2031 279 2097 τῇ
323 2024 580 2095 ἐπιτιμία
627 2023 782 2094 ὑμῶν
826 2022 934 2074 τῶν
970 2023 1184 2090 ἱερέων,
1234 2019 1328 2071 καὶ
1369 2017 1489 2088 Θεῷ
1530 2015 1803 2086 ἀρέσαντα

213 2121 311 2172 καὶ
345 2116 682 2187 ἀνθρώποις,
728 2114 828 2184 τὴν
876 2113 1105 2181 δύναμιν
1141 2113 1235 2165 καὶ
1281 2111 1379 2180 τὴν
1413 2111 1565 2180 ίσχὺν
1595 2107 1802 2162 ἑαυτῶν

213 2211 519 2279 κατασχεῖν
579 2207 640 2260 οὐ
691 2206 1031 2275 δυνήσονται,
1085 2204 1180 2256 ἐὰν
1227 2202 1300 2273 μὴ
1333 2202 1441 2256 ’καὶ
1477 2200 1641 2269 φόϐος
1683 2200 1802 2261 ταῖς

214 2300 619 2370 ἐξενεχθείσαις
661 2297 1002 2365 ἀποφάσεσιν
1053 2293 1417 2367 ἀκολουθήσῃ.
1461 2294 1650 2362 Ἰσμεν
1691 2290 1800 2360 γὰρ

212 2394 311 2448 καὶ
341 2391 502 2444 αὐτοὶ
534 2389 854 2454 πλεονάκις,
907 2385 996 2440 διὰ
1024 2386 1124 2457 τὴν
1155 2386 1349 2454 ὀλίγων
1390 2381 1797 2452 ἀναισχυντίαν,

210 2485 274 2538 τὸ
307 2486 454 2538 θεῖον
479 2485 572 2536 καὶ
604 2480 1045 2550 σεϐασμιώτατον
1074 2479 1245 2547 ὄνομα
1273 2477 1369 2546 τῆς
1401 2474 1697 2547 ἱερωσύνης
1723 2474 1801 2537 είς

211 2578 569 2644 κατάγνωσιν
594 2574 930 2644 ἐληλυθέναι.
963 2573 1026 2625 Ei
1053 2569 1233 2624 τοίνυν
1269 2579 1353 2632 τις
1385 2568 1534 2639 παρὰ
1566 2567 1636 2620 τὰ
1668 2567 1802 2619 πᾶσι

211 2669 482 2732 δόξαντα,
531 2667 793 2736 τολμήσοι
839 2661 1155 2727 σπουδάζων
1181 2702 1195 2727 ,
1247 2660 1400 2730 τύφῳ
1454 2659 1654 2729 μᾶλλον
1707 2656 1802 2710 καὶ

211 2761 535 2830 ἀλαζονείᾳ,
558 2758 688 2829 ῆτῷ
711 2757 829 2827 Θεῷ
851 2757 1071 2828 ἀρέσαι,
1095 2755 1283 2825 ἕτερόν
1307 2771 1359 2806 τι
1379 2748 1800 2821 διαπράξασθαι,

210 2855 321 2925 ἤδη
369 2851 691 2920 γινωσκέτω
725 2850 1030 2920 ἐγκλήματι
1074 2845 1374 2915 ἀπολογίας
1408 2844 1596 2898 ἑαυτὸν
1629 2842 1800 2895 ὑπεύ-

213 2944 383 2997 θυνον
413 2942 796 3002 καθίστασθαι,
826 2942 921 2996 καὶ
944 2940 1044 3009 τὴν
1065 2940 1231 3011 τιμήν
1254 2937 1349 2991 καὶ
1378 2936 1437 2990 τὸ
1461 2934 1679 3006 ἀξίωμα
1702 2932 1803 3002 τῆς

210 3034 532 3104 ἐπισκοπῆς
567 3031 911 3086 ἀποϐάλλειν.

291 3216 573 3277 ’Ἅπαντες
603 3212 995 3283 ἀπεκρίναντο·
1045 3209 1254 3282 Πρέπει
1287 3210 1380 3263 καὶ
1423 3208 1647 3278 ἀρέσκει
1677 3206 1810 3276 ήμῖν

212 3309 248 3378 ἡ
301 3306 532 3376 τοιαύτη
583 3306 798 3375 γνώμη.
856 3304 967 3357 Καὶ
1007 3301 1099 3356 τςέ
1108 3320 1168 3354 το
1219 3301 1276 3354 δὲ
1323 3299 1533 3353 ἐκεῖθεν
1575 3297 1811 3367 μάλιστα

211 3397 502 3466 γνώριμον
529 3397 840 3466 γενήσεται,
864 3395 958 3448 καὶ
981 3393 1424 3465 πληρωθήσεται,
1453 3390 1547 3443 ἐὰν
1579 3389 1812 3450 ἕκαστος

209 3490 381 3561 ἡμῶν
408 3489 517 3542 τῶν
539 3491 595 3542 ὲν
620 3491 740 3552 ταῖς
769 3489 1027 3560 παρόδοις
1047 3487 1166 3557 ἦτοι
1192 3483 1432 3554 καναλίῳ
1453 3481 1812 3534 καθεστώτων

211 3583 565 3645 ἐπισκόπων,
601 3580 888 3658 ὲπιζητοίη
916 3580 1014 3652 τήν
1060 3577 1242 3633 αἰτίαν
1289 3577 1388 3646 τῆς
1429 3573 1686 3644 παρόδου,
1719 3570 1815 3624 καὶ

213 3672 325 3724 ποῦ
355 3671 456 3742 τὴν
491 3671 720 3747 πορείαν
762 3676 1014 3727 ποιεῖται.
1052 3671 1162 3724 Καὶ
1210 3669 1306 3723 ἐὰν
1340 3669 1438 3738 μὲν
1468 3665 1607 3737 εὕρῃ
1651 3663 1813 3717 αὑτὸν

214 3764 317 3823 ἐστὲ
355 3764 829 3838 τῦστρατόπεδον
861 3765 1128 3826 ἀπιόντα,
1179 3759 1498 3830 ἐπιζητήσει
1534 3756 1633 3819 τὰς
1666 3753 1816 3825 αἰρέ-

221 3883 344 3927 σεις
421 3863 522 3919 τὰς
576 3860 762 3913 ἐπάνω
832 3855 1201 3928 προκειμένας
1234 3870 1248 3883 ·
1321 3852 1425 3905 κᾶν
1483 3848 1814 3918 κεκλημένος

219 3953 551 4022 ἀφικνῆται,
597 3949 810 4003 ἀπιόντι
862 3945 1012 4016 αὐτῷ
1045 3943 1212 4016 μηδὲν
1258 3941 1516 4011 ἐμπόδιόν
1550 3937 1810 4006 γίγνοιτο.

221 4049 290 4101 Ei
351 4045 412 4097 δὲ
467 4041 780 4107 ἐπιδείξεως
847 4039 1042 4110 χάριν,
1113 4033 1296 4098 καθὼς
1358 4031 1683 4103 προείρηται
1748 4031 1815 4098 τῇ

219 4139 476 4209 ὑμετέρᾳ
504 4134 713 4204 ἀγάπῃ,
745 4133 778 4204 ἢ
808 4131 897 4186 διά
923 4145 1074 4207 τινας
1105 4127 1357 4192 ἀξιώσεις
1401 4121 1691 4186 σπουδάζοι
1723 4122 1816 4173 ἐπὶ

217 4231 288 4286 τὸ
332 4225 722 4299 στρατόπεδον,
774 4223 912 4292 μήτε
954 4223 1068 4284 τοῖς
1100 4219 1428 4290 γράμμασιν
1472 4211 1639 4268 αὐτοῦ
1685 4211 1815 4264 ὐπο-

219 4327 488 4398 γράφειν,
532 4319 669 4390 μήτε
700 4317 974 4370 κοινωνεῖν
999 4311 1076 4384 τῷ
1109 4309 1358 4380 τοιούτῳ.

301 4495 584 4556 ’Δπαντες
618 4489 767 4545 εἷπον
787 4507 801 4522 ο
829 4486 1131 4560 Ὀριζέσθω
1157 4487 1251 4541 καὶ
1278 4485 1456 4540 τοῦτο.

281 4605 559 4664 ΚΕΦΑΛ.
603 4602 678 4657 Δ’.
722 4631 793 4642 --
836 4601 978 4671 Περὶ
1025 4600 1373 4654 ἐπισκόπων
1417 4599 1456 4667 ἢ
1519 4592 1821 4664 κληρικῶν

225 4701 540 4754 ἀπιόντων
563 4695 714 4765 πρὸς
738 4694 1014 4762 βασιλέα
1042 4693 1082 4762 ἢ
1110 4691 1249 4758 τοὺς
1274 4689 1408 4759 περὶ
1435 4689 1640 4744 αὐτόν.

463 4812 735 4866 Συνόδου
764 4806 1129 4876 Ἀντιοχείας
1167 4804 1368 4860 κανὼν
1399 4807 1489 4869 ια’,
1516 4802 1604 4873 ιβ’.

302 4933 397 4981 ια’.
440 4924 512 4978 Εἴ
540 4941 627 4987 τις
655 4923 975 4987 ἐπίσκοπος,
1009 4921 1043 4992 ἢ
1072 4914 1462 4991 πρεσϐύτερος,
1491 4919 1524 4990 ἢ
1561 4918 1697 4980 ὅλως
1727 4918 1822 4971 τοῦ

229 5019 484 5081 κανόνος,
537 5015 669 5069 ἄνευ
717 5014 946 5084 γνώμης
992 5013 1086 5064 καί⁸
1129 5013 1476 5082 γραμμάτων
1514 5011 1624 5064 τῶν
1659 5013 1717 5065 ἐν
1755 5012 1821 5081 τῇ

229 5110 474 5181 ἐπαρχίᾳ
507 5108 845 5170 ἐπισκόπων,
886 5106 978 5159 καὶ
1027 5104 1261 5175 μάλιστα
1296 5104 1389 5156 τοῦ
1423 5103 1562 5156 κατά
1589 5103 1688 5173 τὴν
1722 5121 1824 5172 μη-

229 5202 513 5272 τρόπολιν,
563 5202 828 5269 ὁρμήσειε
864 5197 998 5268 πρὸς
1047 5197 1268 5267 βασιλέα
1309 5196 1586 5260 ἀπελθεῖν,
1637 5195 1825 5248 τοῦτον

232 5292 717 5372 ἀποκηρύττεσθαι
767 5290 861 5343 καὶ
910 5288 1214 5358 ἀπόΰὶητον
1256 5288 1526 5356 γίνεσθαι,
1571 5287 1631 5339 ού
1666 5286 1826 5356 μόνον

233 5390 335 5457 τῆς
367 5384 681 5448 κοινωνίας,
723 5381 859 5435 ἀλλά
889 5381 984 5433 καὶ
1011 5381 1107 5447 τῆς
1141 5379 1298 5444 ἀξίας
1325 5375 1391 5450 ἧς
1425 5377 1668 5448 μετέχων
1692 5393 1827 5443 τυγ-

236 5485 412 5554 χάνει,
444 5480 522 5542 ὡς
550 5474 906 5548 παρενοχλεῖν
931 5472 1214 5540 τολμῶντα
1238 5473 1336 5534 τὰς
1360 5470 1452 5524 τοῦ
1480 5469 1824 5537 θεοφιλεστά-

238 5593 332 5628 του
367 5573 640 5643 βασιλέως
690 5566 849 5636 ἡμῶν
887 5564 1086 5627 ἀκοὰς,
1143 5562 1296 5634 παρὰ
1325 5563 1428 5625 ,τὸν
1478 5559 1677 5630 θεσμὸν
1725 5559 1826 5628 τῆς

229 5665 583 5749 βΕκκΜσίας
603 5679 618 5694 ο
655 5658 777 5712 εἰδὲ
805 5655 1080 5725 ἀναγκαία
1108 5654 1297 5725 καλοίη
1328 5653 1484 5726 χρεία
1503 5653 1640 5723 πρὸς
1659 5651 1826 5722 βασι-
1870 5688 1880 5699 .

1842 4383 1894 4442 D

1894 434 2003 489 tur,
2031 426 2316 495 ejiciuuto,
2352 441 2514 498 atque
2545 431 2683 486 alios
2715 433 3029 487 ordinante.
3067 433 3266 489 Eadem
3305 435 3468 489 etiam

1895 517 1948 572 iu
1991 519 2206 574 clericis
2258 523 2638 594 cujuscunque
2683 526 2884 594 gradus
2914 527 3219 582 obtinente.
3274 528 3467 584 Const.

1898 610 2132 681 denique
2168 613 2235 667 12
2281 611 2524 680 ejusdem
2558 617 2640 669 tit.
2700 615 2726 669 1
2772 614 3122 672 Novellarum
3178 618 3354 686 jubet,
3412 627 3472 673 ut

1904 701 1961 758 Si
1989 705 2058 758 ab
2080 706 2264 774 aliqua
2286 705 2532 762 Ecclesia
2564 708 2824 763 recedant
2851 708 3061 774 clerici,
3096 711 3186 764 alii
3217 712 3310 780 qui
3341 711 3474 766 sub-

1899 806 2184 866 rogantur,
2222 799 2554 855 annonarias
2583 801 2879 869 pensiones
2917 803 3259 872 percipiant:
3294 815 3473 872 neque

1900 891 1979 946 illi
2006 929 2021 955 ,
2053 891 2099 946 si
2175 902 2539 973 revertantur,
2586 894 2708 949 illas
2755 895 2977 964 capiant
3012 911 3026 950 :
3081 911 3257 965 neque
3295 896 3388 966 qui
3421 895 3472 950 id

1901 998 2071 1054 genus
2097 988 2430 1054 erogationis
2461 989 2758 1054 sustinent,
2794 989 2915 1043 illas
2943 973 3242 1044 lucrentur.
3263 987 3319 1044 Si
3343 1002 3474 1043 vero

1904 1075 2266 1149 [erogatores]
2302 1094 2368 1132 ex
2401 1079 2718 1134 annonariis
2754 1078 3114 1148 pensionibus
3143 1076 3471 1150 [quippiam]

1903 1170 2332 1235 interverterint,
2381 1178 2529 1225 certa
2579 1169 2695 1242 [ex]
2751 1170 2969 1225 illorum
3034 1171 3476 1240 possessionibus

1905 1259 2107 1332 [portio
2146 1262 2434 1334 principis]
2462 1262 3055 1332 privatisassignetur,
3096 1243 3156 1316 ut
3190 1261 3316 1315 inde
3345 1261 3479 1319 illa-

1903 1371 2023 1409 rum
2062 1357 2150 1409 ﬁat
2183 1355 2446 1426 erogatio.

1975 1447 2128 1502 CAP.
2169 1447 2259 1502 Ill.
2286 1479 2354 1488 ——
2385 1446 2536 1512 Quod
2567 1447 2787 1501 debeant
2815 1447 3044 1516 episcopi
3089 1461 3280 1499 causas
3324 1459 3480 1498 scru-

1905 1542 2028 1604 tari,
2073 1541 2135 1594 ob
2179 1557 2310 1610 quas
2349 1541 2579 1610 episcopi
2613 1540 2754 1608 apud
2800 1557 2855 1593 se
2891 1547 3214 1594 transeuntes
3247 1537 3482 1609 peregri-

1906 1644 2123 1690 nantur.

2224 1724 2453 1780 Concilii
2494 1724 2824 1780 Sardicensis
2859 1740 3025 1778 canon
3064 1723 3158 1778 21.

1980 1837 2120 1912 [ἳο].
2159 1838 2499 1894 Gaudentius
2556 1837 2846 1905 episcopus
2894 1835 3078 1888 dixit:
3146 1832 3274 1888 Πειξο
3323 1830 3474 1887 salu—

1907 1934 2098 1987 tariter
2127 1940 2182 1986 et
2217 1938 2586 2000 congruenter
2615 1928 2861 1993 deﬁnita,
2893 1937 2946 1981 et
2983 1937 3182 1981 nostra:
3220 1927 3480 1980 sacerdo-

1906 2033 2018 2078 tum
2045 2023 2293 2094 dignitati
2325 2021 2736 2083 convenienter,
2765 2026 2818 2074 et
2856 2033 2977 2089 qua:
3017 2019 3127 2072 Deo
3158 2027 3213 2072 et
3241 2016 3481 2071 homini-

1905 2117 2008 2172 bus
2047 2117 2393 2186 placuerunt,
2439 2112 2738 2182 potentiam
2790 2119 2846 2164 et
2874 2109 3020 2162 vires
3066 2121 3196 2162 suas
3234 2107 3482 2161 obtinere

1905 2227 2016 2267 non
2060 2218 2336 2280 poterunt,
2374 2206 2478 2260 nisi
2528 2205 2691 2259 etiam
2737 2211 2915 2257 metus
2962 2200 3139 2256 editas
3179 2199 3482 2255 sententias

1905 2311 2230 2358 consecutus
2261 2298 2446 2354 fuerit.
2480 2295 2585 2367 Ipsi
2617 2296 2760 2350 enim
2794 2295 3022 2361 scimus,
3079 2307 3221 2362 saepe
3260 2300 3480 2360 propter

1904 2410 2204 2468 paucorum
2234 2384 2648 2460 impudentiam,
2685 2386 2932 2441 divinum
2972 2395 3025 2440 et
3063 2385 3117 2438 in
3156 2382 3350 2453 primis
3387 2397 3482 2437 ve-

1905 2491 2211 2546 nerandum
2244 2482 2536 2541 sacerdotii
2567 2496 2767 2535 nomen
2796 2480 2848 2533 in
2875 2476 3282 2533 damnationem
3314 2474 3484 2546 [vitu-

1906 2583 2271 2654 perationem,
2319 2577 2395 2631 vel
2440 2571 2839 2642 contemptura]
2873 2569 3035 2638 200
3065 2566 3381 2622 incurrisse.
3426 2563 3486 2619 Si

1904 2678 2028 2747 quis
2055 2688 2186 2743 ergo
2221 2681 2416 2739 praeter
2444 2683 2508 2724 ea
2536 2681 2660 2737 quae
2688 2666 2944 2720 omnibus
2976 2663 3089 2717 visa
3127 2671 3278 2724 sunt,
3313 2674 3485 2714 ausus

1907 2768 2092 2830 fuerit,
2133 2765 2361 2820 studens
2397 2759 2566 2816 fastui
2598 2756 2770 2826 magis
2805 2764 2861 2810 et
2897 2752 3224 2824 arrogantiae
3253 2751 3483 2812 servire.

1905 2875 2070 2933 quam
2101 2858 2210 2912 Deo
2242 2856 2480 2926 placere,
2525 2847 2730 2918 aliquid
2779 2845 2926 2899 aliud
2965 2857 3162 2914 agere:
3192 2842 3333 2896 sciat
3373 2840 3485 2910 jam

1907 2970 1968 3010 se
2006 2949 2253 3009 criminis
2294 2962 2471 3008 reum,
2498 2958 2563 2997 ac
2589 2937 2894 2996 defensioni
2939 2936 3239 2991 obnoxium
3285 2933 3491 2989 consti-

1835 3047 1881 3107 C
1916 3055 2089 3108 tuere,
2128 3048 2185 3097 et
2212 3039 2563 3110 episcopatus
2587 3034 2852 3088 honorem
2883 3045 2948 3086 ac
2974 3029 3294 3102 dignitatem
3325 3027 3488 3082 amit-

1842 3189 1849 3193 .
1915 3149 2049 3194 tere.

1983 3227 2184 3281 Omnes
2208 3221 2639 3293 responderunt:
2678 3219 2873 3282 Decet,
2898 3223 2946 3270 et
2969 3215 3144 3284 placet
3179 3211 3333 3267 nobis
3375 3209 3491 3267 ἕποιο

1914 3319 2202 3377 sententia.
2221 3315 2389 3370 Porro
2404 3323 2584 3368 autem
2606 3311 2709 3364 hoc
2721 3322 2937 3379 quoque
2953 3307 3102 3360 illinc
3120 3305 3224 3359 erit
3252 3303 3489 3357 maxime

1913 3422 2103 3467 notum
2155 3422 2212 3464 ct
2249 3407 2424 3476 reipsa
2455 3404 2825 3466 observatum,
2881 3399 2925 3453 si
2981 3396 3360 3465 unusquisque
3389 3407 3490 3448 no-

1913 3513 2110 3564 strum,
2148 3501 2242 3570 qui
2280 3512 2474 3553 sumus
2509 3509 2678 3564 prope
2711 3493 2827 3546 vias
2880 3491 3126 3560 publicas
3167 3503 3260 3542 seu
3295 3485 3487 3541 canale

1915 3590 2195 3646 constituti
2230 3585 2495 3658 episcopi,
2545 3596 2674 3638 cum
2714 3580 2908 3633 viderit
2945 3579 3286 3648 episc0pum,
3336 3589 3490 3644 quaa-

1915 3694 2001 3740 rat
2046 3697 2271 3737 causam
2315 3679 2598 3740 transitus,
2653 3684 2710 3730 et
2757 3689 2868 3744 opto
2912 3680 3145 3742 pergat:
3178 3678 3232 3723 et
3267 3667 3312 3723 si
3363 3680 3490 3720 eum

1919 3778 2136 3849 quidem
2178 3776 2231 3829 itt
2277 3785 2455 3829 castra
2485 3769 2923 3842 proﬁciscentem
2962 3762 3249 3824 invenerit,
3283 3765 3490 3829 quatrat

1918 3868 2281 3931 conditiones,
2333 3880 2455 3934 qua:
2500 3861 2757 3931 superius
2797 3856 3086 3928 proposita:
3136 3862 3267 3908 sunt
3297 3871 3311 3906 :
3339 3859 3394 3905 ct
3441 3849 3489 3904 si

1917 3971 2179 4020 evocatus
2210 3959 2416 4021 veniat,
2439 3956 2490 4010 ei
2537 3952 2764 4009 abeunti
2797 3951 2932 4005 nihil
2973 3945 3344 4016 impedimenti
3377 3944 3489 3996 ﬁat.

1919 4057 2014 4111 Sin
2045 4067 2225 4109 autem
2247 4047 2630 4105 ostentationis
2663 4046 2859 4116 gratia,
2902 4037 3359 4111 quemadmodum
3398 4049 3494 4087 ve-

1918 4160 2047 4207 stra:
2095 4144 2377 4201 dilectioni
2429 4140 2684 4210 superius
2736 4137 2937 4190 dictum
2994 4141 3099 4194 est,
3149 4129 3232 4184 vel
3273 4136 3492 4196 propter

1920 4242 2231 4311 aliquorum
2261 4233 2538 4307 postulata
2575 4233 2630 4284 in
2661 4237 2844 4284 castra
2875 4225 3132 4286 festinat;
3165 4235 3266 4275 nec
3299 4219 3494 4274 litteris

1919 4335 2039 4404 ejus
2068 4329 2396 4388 subscribat,
2427 4341 2529 4380 nec
2559 4337 2684 4378 cum
2710 4336 2777 4376 eo
2803 4317 3196 4375 communicet.

1992 4422 2193 4478 Omnes
2226 4419 2480 4474 dixerunt
2506 4433 2520 4470 :
2553 4414 2666 4468 lloc
2689 4425 2908 4482 quoque
2937 4410 3286 4464 decernatur.

1991 4557 2144 4614 CAP.
2190 4553 2284 4609 IV.
2312 4581 2382 4593 ——
2419 4533 2495 4604 De
2527 4545 2778 4616 episcopis
2809 4544 2886 4598 vel
2921 4543 3125 4597 clericis
3156 4540 3225 4594 ad
3267 4541 3500 4610 impera-

1927 4663 2090 4709 torem
2124 4650 2200 4705 vel
2229 4648 2342 4715 ejus
2383 4645 2564 4698 aulam
2591 4639 2946 4713 pergentibus.

2169 4763 2395 4820 (Σοηεὶιίὶ
2425 4759 2739 4816 Antioclteni
2777 4773 3002 4812 canones
3038 4755 3124 4814 11.
3169 4752 3256 4807 12.

1997 4902 2084 4958 11.
2123 4900 2180 4954 Si
2215 4898 2338 4968 quis
2360 4896 2674 4967 episc0pus,
2698 4889 2783 4945 vel
2821 4887 3123 4958 presbyter,
3151 4882 3236 4937 vel
3276 4879 3501 4936 omnino

1924 5011 1991 5052 ex
2021 5005 2234 5049 canone
2269 4990 2406 5044 citra
2439 4983 2765 5042 sententiam
2799 4991 2852 5035 et
2876 4981 3082 5034 litteras
3117 4975 3499 5044 episcoporum

1927 5085 2244 5158 provinciae,
2287 5089 2341 5135 et
2376 5077 2613 5132 maxime
2645 5072 3186 5142 metropolitanorum
3221 5065 3287 5116 ad
3327 5062 3501 5129 impe-

1929 5190 2166 5236 ratorem
2199 5174 2474 5247 proﬁcisci
2506 5184 2800 5242 aggressus
2835 5164 3020 5228 luerit,
3057 5161 3104 5214 is
3135 5158 3415 5213 abiicctur
3449 5163 3504 5207 et

1926 5279 2180 5347 ejiciatur
2211 5288 2318 5326 non
2346 5269 2521 5326 solum
2554 5282 2585 5320 a
2616 5261 3020 5322 communione,
3044 5253 3137 5308 sed
3169 5252 3332 5306 etiam
3364 5263 3393 5301 a
3420 5245 3504 5300 di-

1928 5336 2131 5437 gnitate
2165 5361 2324 5429 cujus
2358 5367 2444 5412 est
2481 5358 2774 5424 particeps,
2809 5357 2869 5402 ut
2901 5345 2994 5415 qui
3018 5341 3174 5412 201
3201 5336 3503 5437 religiosis-

1932 5427 2056 5514 simi
2103 5451 2446 5522 imperatoris
2483 5445 2655 5501 nostri
2689 5441 2916 5496 auribus
2969 5433 3273 5491 molestiam
3315 5427 3506 5482 aﬁ'erre

1929 5549 2129 5608 audent
2156 5555 2352 5616 praeter
2381 5544 2545 5596 ritum
2569 5537 2850 5594 Ecclesiae.
2878 5533 2933 5586 Si
2954 5540 3136 5584 autem
3168 5522 3508 5580 necessarius

1935 5658 2067 5701 usus
2098 5640 2281 5711 exigat
2312 5645 2368 5692 ut
2398 5635 2464 5691 ad
2490 5633 2874 5702 imperatorem
2905 5640 2962 5682 se
2984 5619 3250 5684 conferat,
3292 5616 3344 5671 id
3385 5620 3504 5684 agat
