3912 6244
476 304 580 368 61η

1630 309 1828 369 ΡΗΟΤ
1834 309 1892 368 ΙΙ
1933 305 2438 367 ΡΑΤΙίἰΑΠΟίιΙιῈ
2468 306 2577 364 (ΖΡ.

3601 295 3689 355 668

475 428 602 467 cum
618 411 1005 468 deliberatione
1027 423 1078 468 ct
1107 413 1371 467 sententia
1402 414 1800 482 metrOpoIitaui
1829 415 2048 484 provin-

2154 412 2242 464 λέα
2276 415 2471 482 ὁρμᾷν,
2510 411 2667 464 τοῦτο
2713 407 2970 480 πράττειν
3014 407 3151 476 μετὰ
3179 403 3417 473 σκέψεως
3451 402 3540 455 καὶ
3574 403 3686 469 γνώι

477 506 597 572 cite,
629 513 902 560 eteorum
945 505 1036 573 qui
1086 514 1213 560 sunt
1261 505 1315 558 in
1349 521 1450 569 ea,
1504 521 1805 575 eorumque
1860 506 2050 559 litteris

480 598 723 653 munitus
751 598 856 653 iter
887 597 1125 653 invadat.

551 783 639 838 12.
679 781 734 836 Si
772 784 894 853 quis
948 800 978 840 a
1028 786 1247 857 preprio
1291 787 1550 857 cpiswpo
1575 787 1857 856 depositus
1894 801 2052 856 pres-

479 875 656 944 byter,
689 876 772 931 vel
801 878 1087 940 diaconus.
1134 880 1215 936 vel
1239 883 1528 950 cpiscopus
1559 895 1588 932 a
1621 878 1852 950 synodo,
1885 893 2052 930 ausus

480 962 646 1018 fuerit
709 965 1059 1036 imperatoris
1115 969 1340 1024 auribus
1402 970 1707 1024 molestiam
1773 967 2048 1030 exhibere,

478 1069 604 1110 cum
633 1059 961 1126 oporteatad
987 1060 1247 1129 majorem
1274 1061 1540 1132 synodum
1570 1061 1834 1125 converti,
1865 1058 2048 1126 etjus,

479 1147 626 1216 quod
655 1163 714 1202 se
741 1148 942 1204 habere
977 1158 1150 1219 putat,
1191 1151 1258 1204 ad
1289 1152 1473 1220 plures
1504 1156 1790 1218 episcopos
1825 1146 2048 1210 referre,

479 1253 776 1310 eorumque
805 1240 1262 1295 examinationem
1315 1252 1368 1296 et
1415 1241 1683 1311 judicium
1719 1240 1996 1308 suscipere
2033 1254 2046 1290 :

478 1329 570 1398 qui
604 1330 806 1399 itaque,
825 1331 909 1385 his
938 1333 1281 1401 contemptis,
1305 1332 1613 1401 imperatori
1641 1332 1900 1384 molestus
1932 1331 2051 1383 fue-

478 1421 571 1484 rit,
607 1421 675 1486 is,
710 1421 855 1473 nulla
883 1423 1040 1475 venia
1073 1423 1270 1490 dignus
1293 1461 1308 1485 ,
1377 1438 1556 1491 neque
1585 1422 1670 1476 sui
1723 1420 2049 1475 defendendi

479 1510 659 1566 locum
691 1511 905 1577 habeat,
937 1528 1036 1568 nec
1062 1515 1426 1570 restitutionis
1451 1515 1649 1570 futura:
1681 1529 1832 1585 spem
1858 1528 2051 1582 exspe-

480 1610 608 1656 etet.

591 1751 593 1754 ,
674 1693 901 1748 Consilii
924 1693 1264 1750 Sardicensis
1295 1713 1464 1751 canon
1500 1697 1554 1764 7,
1598 1697 1652 1759 8,
1691 1697 1745 1761 9,
1774 1696 1864 1753 20.

549 1781 599 1836 7.
626 1782 825 1838 Hosius
851 1786 1140 1855 episcopus
1158 1787 1327 1842 dixit:
1355 1788 1743 1857 importunitas
1770 1797 1978 1852 nostra,
1999 1797 2050 1841 et

477 1873 651 1929 multa
677 1875 992 1942 assiduitas,
1021 1887 1075 1932 et
1121 1879 1340 1946 injustae
1395 1896 1588 1948 preces
1616 1879 1936 1943 effecerunt,
1991 1890 2050 1934 ut

479 1982 581 2021 nos
617 1983 723 2020 non
776 1967 1076 2022 habeamus
1122 1978 1329 2022 tantam
1373 1971 1599 2040 gratiam
1635 1980 1688 2024 et
1746 1971 2048 2024 libertatem

478 2057 714 2123 dicendi,
763 2067 1023 2126 quantam
1077 2057 1409 2112 debebamus
1440 2059 1660 2113 habere.
1706 2057 1855 2112 Multi
1906 2060 2046 2111 enim

478 2147 719 2218 episcopi
754 2165 860 2202 non
919 2150 1287 2204 intermittunt
1326 2153 1390 2205 ad
1433 2161 1614 2205 castra
1665 2151 1948 2214 accedere,
1997 2156 2051 2203 ct

477 2240 719 2293 maxime
761 2239 908 2309 Afri,
954 2243 1066 2310 qui,
1099 2243 1555 2312 quemadmodqu
1611 2244 1964 2312 cngnovimus
2019 2259 2049 2296 a

479 2333 679 2386 dilecto
714 2333 880 2388 fratre
911 2346 1096 2390 nostro
1122 2345 1170 2389 et
1205 2338 1527 2405 coepiscopo
1561 2336 1750 2401 Grato,
1785 2336 2047 2390 salutaria

479 2423 706 2476 consilia
766 2440 870 2477 non
921 2426 1234 2493 admittunt,
1295 2428 1388 2479 sed
1431 2426 1501 2480 ita
1563 2438 1938 2494 contemnunt,
1992 2437 2051 2483 ut

480 2531 620 2570 unus
653 2518 814 2571 homo
844 2518 898 2570 iu
924 2528 1101 2573 castra
1135 2519 1417 2589 plurimas,
1462 2529 1515 2574 et
1559 2520 1823 2584 diversas,
1849 2532 1900 2574 et
1932 2537 2051 2591 quae

477 2619 585 2659 non
645 2617 873 2675 possunt
905 2609 1097 2677 juvare
1144 2609 1434 2674 Eeciesias,
1490 2625 1676 2678 preces
1728 2609 1935 2671 afferat,
1997 2621 2050 2664 et

477 2707 587 2750 non
641 2699 725 2760 (ut
752 2695 911 2750 debet
950 2697 1087 2762 fieri,
1118 2707 1171 2751 et
1200 2700 1472 2770 convenit)
1511 2701 1840 2768 pauperibus
1870 2709 1923 2755 et
1949 2700 2050 2754 lai-

476 2784 583 2848 (δίε,
616 2787 700 2840 vel
732 2787 912 2842 viduis
937 2804 1092 2858 opem
1126 2799 1181 2843 et
1211 2790 1474 2843 auxilium
1509 2790 1665 2855 ferat,
1699 2793 1789 2846 scd
1819 2794 2048 2847 sazcula-

479 2893 569 2932 res
601 2878 894 2946 dignitates
919 2880 1300 2936 etfuuctioncs
1318 2883 1588 2951 aliquibus
1628 2887 1892 2954 acquirat.
1926 2885 2050 2940 llaec

478 2985 612 3039 ergo
635 2973 968 3026 perversitas
999 2973 1384 3027 detrimentum
1415 2991 1519 3028 non
1561 2977 1680 3031 sine
1723 2977 2049 3034 olfeudiculo

479 3071 534 3115 et
557 3063 1007 3117 eandemnatione
1032 3065 1191 3134 202
1225 3066 1380 3120 nobis
1409 3067 1685 3122 conciliat.
1714 3069 2048 3124 Convenien-
2076 3092 2121 3152 ς

481 3154 591 3211 tius
628 3165 809 3209 autem
845 3171 967 3210 esse
996 3156 1329 3218 existimavi,
1365 3167 1423 3211 ut
1457 3159 1746 3228 episcOpus
1778 3161 1854 3214 illi
1886 3177 2047 3216 suum

481 3244 741 3298 auxilium
771 3245 1029 3313 praebeat,
1068 3247 1152 3300 cui
1179 3249 1245 3299 ab
1285 3247 1469 3315 aliquo
1500 3248 1582 3301 vis
1619 3245 1864 3315 affertur,
1898 3251 1982 3304 vel
2006 3251 2051 3306 si

483 3348 606 3402 quze
638 3336 798 3388 vidua
861 3336 1057 3406 injuria
1089 3336 1374 3403 adiciatur,
1409 3339 1492 3392 vel
1539 3340 1582 3392 si
1640 3340 1763 3406 quis
1815 3341 2055 3409 pupillus

481 3423 726 3492 privetur
765 3423 855 3492 iis,
883 3441 1005 3494 quae
1057 3427 1122 3479 ad
1164 3427 1340 3494 ipsum
1389 3431 1691 3497 pertinent;
1734 3431 1778 3484 si
1836 3433 2052 3500 quidem

482 3511 596 3566 haec
625 3515 846 3566 nomina
873 3513 1075 3582 justam
1107 3514 1340 3568 habeant
1379 3531 1601 3571 causam
1627 3527 1678 3571 et
1705 3521 2056 3588 supplicatio-

484 3619 638 3660 nem.
676 3604 732 3658 Si
776 3605 982 3675 itaque,
1020 3608 1200 3662 dilecti
1227 3609 1444 3672 fratres,
1488 3611 1593 3665 hoc
1626 3611 1880 3666 omnibus
1911 3613 2058 3666 vide-

484 3703 575 3748 tur
605 3695 674 3749 iis
730 3713 850 3764 qua:
897 3699 961 3751 ad
1023 3699 1200 3767 ipsum
1236 3701 1543 3768 pertinent;
1578 3702 1622 3756 si
1667 3703 1885 3772 quidem
1943 3704 2056 3758 haec

486 3787 708 3841 nomina
737 3786 938 3856 justam
977 3788 1208 3843 habeant
1239 3807 1462 3846 causam
1492 3801 1545 3846 et
1578 3793 2055 3863 supplicationem.

486 3879 544 3933 Si
607 3879 812 3948 itaque,
865 3880 1046 3935 dilecti
1109 3880 1325 3949 fratres,
1374 3883 1480 3938 hoc
1537 3885 1793 3939 omnibus
1824 3885 2056 3950 videtur,

485 3971 711 4025 statuite
745 3972 954 4025 nullum
989 3983 1238 4042 Oportere
1274 3974 1593 4044 episcopum
1643 3977 1708 4028 ad
1747 3984 1926 4030 castra
1967 3992 2060 4032 ac-

487 4063 700 4130 cedere,
733 4073 928 4133 praater
955 4080 1049 4120 eos
1079 4081 1218 4136 quos
1246 4067 1368 4136 pius
1402 4068 1699 4136 imperator
1729 4076 1916 4123 noster
1943 4071 2058 4125 suis

487 4155 686 4212 litteris
738 4158 992 4210 accersit.
1030 4155 1133 4213 Sed
1161 4158 1290 4228 quia
1322 4174 1464 4227 saepe
1497 4160 1784 4230 contingit,
1842 4162 2057 4230 aliquos

485 4245 579 4314 qui
619 4254 778 4316 egent
821 4246 1224 4313 misericordia,
1277 4248 1343 4301 ad
1381 4247 1683 4302 Ecclesiam
1742 4247 2056 4320 confugere,

485 4337 580 4406 qui
611 4347 829 4407 prepter
855 4354 953 4394 sua
983 4348 1206 4409 peccata
1235 4340 1319 4393 vel
1350 4340 1683 4410 relegatione
1705 4381 1718 4402 ,
1762 4343 1844 4394 vel
1886 4342 1939 4395 in
1969 4343 2056 4396 iu-

487 4429 662 4483 sulam
691 4429 1066 4498 deportatione
1113 4431 1378 4496 damnati,
1424 4432 1507 4485 vel
1535 4432 1732 4501 quavis
1778 4433 1883 4486 alia
1927 4448 2055 4488 sen-

488 4519 658 4574 tentia
705 4521 904 4576 addieti
937 4533 1093 4590 sunt;
1129 4523 1196 4578 iis
1226 4539 1333 4578 non
1378 4539 1500 4578 esse
1541 4527 1850 4594 negandum
1901 4528 2057 4580 auxi-

491 4609 645 4676 lium,
676 4613 770 4667 sed
790 4612 909 4667 sine
926 4615 1274 4670 cunctatione
1294 4624 1347 4669 et
1379 4616 1720 4670 dubitatione
1745 4616 1811 4672 iis
1845 4617 2057 4672 veniam

488 4716 610 4757 esse
665 4704 975 4771 petendam.
1021 4705 1076 4760 Si
1102 4705 1290 4775 itaque
1321 4693 1672 4778 hoc'quoque
1711 4709 1909 4777 placet,
1951 4725 2062 4764 om-

490 4808 588 4847 nes
639 4808 746 4847 una
795 4805 1034 4849 vestrum
1081 4795 1400 4867 suffragium
1446 4795 1600 4851 ferte.
1639 4798 2063 4867 Responderunt

491 4900 683 4940 (utines
719 4903 732 4939 :
777 4885 1110 4941 Decernatur
1136 4888 1338 4942 ethoc.

560 4978 616 5032 8.
649 4977 849 5034 Hosius
888 4979 1174 5048 episcopus
1200 4977 1492 5034 dixit:lloc
1515 4995 1733 5049 quoque
1762 4988 1942 5035 vestra
1972 4993 2064 5035 so-

490 5070 644 5124 lertia
677 5071 900 5141 judicet,
939 5080 997 5126 ut
1031 5073 1158 5141 quia
1184 5072 1363 5127 visum
1394 5082 1499 5138 est,
1534 5087 1600 5126 ne
1636 5073 1829 5142 aliquis
1855 5073 2068 5142 episcoo

494 5176 594 5228 pus
629 5162 680 5214 in
727 5163 1237 5217 condemnationem
1265 5161 1468 5216 incidat
1510 5162 1574 5216 ad
1605 5173 1786 5216 castra
1820 5162 2064 5228 veniens,

497 5255 542 5307 si
575 5253 667 5321 qui
695 5269 882 5308 eorum
914 5254 1224 5324 ejusmodi,
1261 5266 1496 5318 quarum
1537 5251 1791 5320 superius
1819 5254 2070 5307 memini-

499 5357 646 5409 tuus,
682 5345 918 5398 habeant
944 5359 1156 5414 preces,
1193 5359 1289 5412 per
1319 5343 1594 5412 pr0prium
1629 5343 1919 5398 diaconum
1946 5345 2070 5399 mit-

502 5441 639 5486 tant.
674 5431 910 5488 Ministri
963 5434 1107 5488 enim
1139 5448 1374 5502 persona
1409 5447 1516 5486 non
1564 5443 1648 5488 est
1681 5433 1971 5497 invidiosa,
2020 5446 2074 5491 et

501 5536 625 5590 quae
656 5538 922 5580 concessa
944 5525 1168 5591 fuerint,
1189 5524 1353 5579 citius
1387 5525 1613 5593 perferri
1646 5534 1916 5594 poterunt.
1970 5526 2074 5583 Re-

507 5615 843 5683 sponderunt
882 5633 1073 5674 omnes
1119 5637 1130 5672 :
1166 5617 1456 5674 Sanciatur
1485 5620 1679 5674 ethoc.

2157 524 2262 575 μης
2302 506 2394 559 τοῦ
2443 506 2586 558 κατὰ
2613 504 2710 566 τὴν
2756 501 3090 574 μητρόπολιν
3135 500 3234 568 τῆς
3284 495 3547 564 ἐπαρχίας
3591 496 3689 547 ἐπι·
3742 511 3746 514 ·

2156 599 2355 650 σκόπου
2389 597 2483 649 καὶ
2516 595 2622 649 τῶν
2653 597 2710 649 ἐν
2743 597 2903 666 αὐτῇ,
2941 597 3054 657 τοῖς
3083 609 3144 646 τε
3174 589 3374 644 τούτων
3401 587 3690 657 γράμμασιν

2151 687 2548 754 ὲςροδιάζεσθαι.

2227 780 2313 848 ιβ’.
2358 781 2421 832 Εἰ
2461 797 2542 842 τις
2576 778 2683 832 ὑπὸ
2727 778 2821 830 τοῦ
2861 776 2991 830 ίδίου
3039 773 3334 827 ἐπισκόπου
3377 768 3690 838 καθαιρεθεὶς

2153 872 2542 942 πρεσϐύτερος,
2574 872 2606 940 ἢ
2643 872 2911 933 διάκονος,
2947 868 2980 938 ἦ
3013 868 3106 920 καὶ
3134 866 3427 924 ἐπίσκοπος
3459 861 3554 913 ὑπο
3586 877 3688 911 συν-

2149 965 2292 1027 όδου,
2325 963 2610 1032 ἐνοχλῆσαι
2644 962 2932 1031 τολμήσειε
2960 958 3060 1020 τὰς
3090 955 3347 1028 βασιλέως
3382 952 3566 1013 ἀκοάς.
3594 952 3689 1002 δεον

2151 1057 2242 1109 ἐπὶ
2291 1055 2513 1123 μείζονα
2563 1053 2876 1106 ἐπισκόπων
2923 1049 3139 1103 σύνοδον
3180 1044 3496 1118 τρέπεσθαι,
3543 1045 3626 1096 καὶ
3663 1041 3690 1094 Et

2149 1147 2356 1216 νομίζει
2383 1145 2562 1198 δίκαια
2583 1144 2747 1212 ἔχειν,
2783 1141 3217 1212 προσαναφέρειν
3245 1135 3482 1188 πλείοσιν
3501 1133 3690 1185 ἐπισκό-

2153 1255 2297 1301 ποις,
2333 1238 2426 1290 καὶ
2456 1236 2554 1303 τὴν
2589 1238 2720 1306 παρ’
2749 1234 2928 1287 αὐτῶν
2959 1233 3206 1299 ἐξέτασίν
3237 1247 3297 1282 τε
3326 1228 3423 1282 καὶ
3453 1229 3690 1292 ἐπίκρισιν

2150 1328 2469 1397 ἐκδέχεσθαι
2500 1346 2513 1359 ·
2581 1328 2629 1379 εἰ
2674 1327 2767 1380 καὶ
2800 1326 3005 1379 τούτων
3035 1325 3375 1392 ὀλιγωρήσας
3419 1319 3691 1389 ἐνοχλήσειε

2148 1421 2228 1492 τῷ
2260 1420 2488 1492 βασιλεῖ,
2524 1420 2710 1474 τοῦτον
2756 1420 3025 1490 μηδεμιᾶς
3067 1417 3396 1486 συγγνώμης
3426 1412 3689 1478 ἀξιοῦσθαι,

2155 1513 2289 1582 μηδέ
2315 1511 2498 1584 χώραν
2528 1511 2820 1578 ἀπολογίας
2853 1511 3017 1580 ἔχειν,
3049 1509 3185 1580 μηδὲ
3211 1508 3403 1561 ἐλπίδα
3430 1503 3692 1576 μελλούσης

2149 1587 2646 1664 ἀποκαταστάσεως
2681 1602 3010 1672 προσδοκᾷν.

2321 1691 2590 1746 Συνόδου
2622 1690 2921 1759 Σαρδικιῇ·
2955 1689 3155 1744 κανὼν
3182 1688 3250 1752 ζ’,
3283 1695 3357 1758 η’,
3387 1687 3456 1754 0',
3484 1693 3548 1742 κ’.

2083 1749 2124 1805 Β
2222 1782 2288 1848 ζ’.
2316 1783 2501 1844 “Octo;
2530 1749 2827 1845 ἐπίσκοπος
2851 1778 3006 1834 εἶπεν
3027 1798 3041 1812 ⁸
3091 1781 3154 1834 Ἦ
3184 1780 3413 1848 ἀκαιρία
3440 1777 3690 1848 ἡμῶν,Ἠὶ

2151 1872 2185 1942 ἡ
2217 1871 2388 1941 πολλὴ
2437 1871 2710 1941 συνέχεια,
2757 1871 2851 1923 καὶ
2879 1871 2936 1923 αἱ
2985 1869 3158 1924 ἄδικοι
3205 1867 3457 1932 ἀξιώσεις
3498 1867 3686 1932 πεποιή-

2150 1979 2311 2014 κασιν
2346 1963 2495 2032 ἡμᾶς
2521 1962 2594 2033 μὴ
2620 1961 2886 2030 τοσαύτην
2916 1959 3060 2030 ἔχειν
3091 1961 3251 2030 χάριν
3293 1960 3390 2011 καὶ
3422 1957 3690 2027 παρρησίαν

2150 2054 2282 2122 ὅσην
2333 2053 2622 2122 ὀφείλομεν
2655 2050 2975 2121 κεκτῆσθαι.
3020 2052 3213 2114 Πολλοὶ
3238 2052 3350 2121 γὰρ
3377 2049 3481 2101 τῶν
3509 2046 3691 2101 smmi-

2151 2161 2268 2196 πων
2301 2144 2360 2196 οὐ
2395 2143 2760 2197 διαλείπουσιν
2807 2145 2887 2207 είς
2930 2141 2990 2194 τὸ
3037 2141 3400 2212 στρατόπεδον
3433 2138 3689 2208 παραγινό-

2154 2253 2323 2306 μενοι,
2356 2237 2448 2288 καὶ
2478 2236 2709 2304 μάλιστα
2733 2235 2783 2287 οἱ
2825 2234 3010 2303 ’Δφροί
3033 2249 3046 2265 ·
3089 2233 3309 2297 οἵτινες,
3350 2231 3524 2294 καθὼς
3553 2230 3689 2297 ἐγνω-

2154 2345 2252 2398 μεν
2285 2328 2434 2399 παρά
2464 2328 2558 2380 τοῦ
2600 2327 2886 2395 ἀγαπητοῦ
2917 2325 3146 2394 ἀδελφοῦ
3183 2324 3342 2395 ἡμῶν
3386 2324 3476 2376 καὶ
3507 2339 3689 2375 συνεπι-

2156 2421 2361 2473 σκόπου
2423 2419 2670 2490 Γράτου,
2735 2419 2834 2481 τὰς
2892 2416 3253 2486 σωτηριώδεις
3313 2413 3604 2484 συμϐουλὰς
3643 2410 3690 2462 ού

2152 2511 2567 2581 παραδέχονται,
2611 2509 2747 2562 ἀλλά
2793 2507 3224 2578 καταφρονοῦσιν
3268 2507 3465 2569 οὕτως,
3511 2504 3577 2568 ὡς
3617 2504 3689 2555 ἕνα

2152 2601 2435 2670 ἄνθρωπον
2466 2602 2546 2662 είς
2573 2600 2633 2652 τὸ
2657 2598 3016 2668 στρατόπεδον
3039 2597 3296 2660 πλείστας
3325 2597 3422 2650 καὶ
3447 2594 3691 2662 διαφόρους

2150 2689 2245 2742 καὶ
2275 2689 2348 2760 μὴ
2387 2690 2686 2758 δυναμένας
2709 2688 2988 2756 ὠφελῆσαι
3027 2686 3126 2748 τὰς
3167 2686 3492 2756 Ἐκκλησίας
3519 2683 3692 2754 δεήσεις

2149 2785 2485 2855 διακομίζειν
2503 2801 2516 2814 ν
2548 2784 2638 2836 καὶ
2661 2785 2734 2853 μὴ
2753 2782 2826 2847 ὡς
2848 2781 3051 2851 ὀφείλει
3079 2780 3339 2850 γίνεσθαι,
3371 2781 3463 2834 καὶ
3486 2779 3555 2842 ὡς
3569 2794 3695 2845 προσ.

2151 2881 2285 2950 ἧκόν
2316 2882 2432 2932 ἐστι
2459 2881 2571 2940 τοῖς
2605 2877 2798 2946 πένησι
2829 2877 2922 2928 καὶ
2947 2877 3058 2935 τοῖς
3092 2875 3296 2936 λαῖκοῖς
3329 2874 3498 2944 ῆταῖς
3529 2870 3692 2941 χήραις

2157 2969 2505 3041 συναίρεσθαι
2530 2969 2624 3022 καὶ
2650 2969 2986 3037 ἐπικουρεῖν,
3015 2965 3153 3019 ἀλλά
3185 2964 3430 3035 κοσμικά
3451 2962 3692 3028 ἀξιώματα

2152 3063 2246 3114 καὶ
2279 3060 2504 3130 πράξεις
2545 3059 2813 3129 περινοεῖν
2854 3073 3015 3109 τισιν.
3070 3053 3216 3124 Αὕτη
3260 3053 3448 3105 τοίνυν
3479 3052 3510 3121 ἡ
3543 3049 3694 3103 σκαιό-

2153 3172 2276 3223 της,
2309 3153 2397 3206 τὸν
2449 3151 2732 3221 Θραυσμδν
2761 3149 2862 3202 οὑκ
2895 3149 3020 3202 ἀνευ
3069 3145 3370 3199 σκανδάλου
3415 3143 3548 3205 τινος
3591 3141 3695 3209 ἡμῖν

2153 3245 2249 3298 καὶ
2275 3242 2675 3311 καταγνώσεως
2702 3241 2952 3312 προξενεῖ
2971 3257 2984 3271 ο
3034 3238 3486 3309 πρεπωδέστερον
3508 3235 3558 3287 δέ
3584 3227 3694 3284 εἶναι

2155 3340 2402 3410 ἐνόμισα,
2446 3337 2746 3417 ἐπίσκοπον
2786 3335 2882 3405 τὴν
2925 3333 3120 3387 ἑαυτοῦ
3176 3333 3435 3402 βοήθειαν
3475 3329 3694 3400 παρέχειν

2156 3437 2371 3504 ἐκείνῳ,
2413 3435 2560 3496 ὅστις
2611 3435 2677 3487 ἂν
2719 3432 2823 3485 ὑπό
2855 3449 3000 3494 τινος
3049 3430 3306 3501 βιάζοιτο,
3347 3429 3380 3498 ἢ
3437 3427 3581 3488 εἴτις
3611 3422 3695 3474 τῶν

2155 3527 2342 3597 χηρῶν
2369 3527 2624 3588 ἀδικοῖτο,
2659 3524 2693 3592 ἢ
2726 3523 2791 3577 αὖ
2823 3523 2984 3576 πάλιν
3013 3520 3246 3592 ὀρφανός
3275 3537 3363 3582 τις
3389 3516 3696 3593 ἀποστεροῖτο

2156 3617 2264 3670 τῶν
2298 3615 2446 3684 αύτῷ
2481 3614 2890 3687 προσηκόντων,
2936 3612 3095 3680 εἴπερ
3146 3609 3255 3678 ἄρα
3317 3608 3412 3658 καὶ
3458 3603 3612 3658 ταῦτα
3646 3600 3698 3653 τά
3781 3637 3783 3640 -

2156 3708 2394 3777 ὀνόματα
2421 3707 2638 3759 δικαίαν
2667 3705 2778 3774 ἔχει
2808 3705 2904 3772 τὴν
2930 3701 3174 3766 ἀξίωσιν.
3206 3700 3266 3752 Εἰ
3298 3699 3499 3761 τοίνυν,
3525 3698 3698 3761 ἀγαπη-

2158 3799 2241 3851 τοὶ
2286 3797 2529 3865 ἀδελφοὶ,
2571 3797 2706 3848 πᾶσι
2732 3793 2912 3846 ’τοῦτο
2963 3793 3128 3856 δοκεῖ,
3169 3789 3488 3860 ἐπικρίνατε
3531 3782 3698 3852 μηδένα

2162 3889 2462 3942 ἐπίσκοπον
2493 3889 2688 3958 χρῆναι
2723 3888 2800 3948 είς
2831 3885 2891 3938 τὸ
2924 3882 3284 3954 στρατόπεδον
3321 3874 3694 3948 παραγίνεσθαι,

2160 3981 2433 4050 παρεκτὸς
2471 3980 2674 4033 τούτων
2722 3977 2814 4038 οὒς
2859 3976 2922 4029 ἂν
2970 3978 2998 4028 ὁ
3051 3972 3442 4032 εὐσεϐέστατος
3485 3964 3697 4038 βασιλεὺς

2160 4071 2318 4142 ἡμῶν
2380 4074 2492 4133 τοῖς
2560 4069 2753 4122 ἐαυτοῦ
2801 4068 3090 4137 γράμμασι
3139 4063 3538 4133 μετακαλοίτο·
3605 4055 3696 4111 ἀλλ’

2161 4163 2350 4233 ἐπειδὴ
2383 4161 2642 4225 πολλάκις
2693 4160 2978 4231 συμϐαίνει
3020 4157 3173 4220 τινάς
3213 4157 3400 4209 οἴκτου
3431 4151 3697 4221 δεομένους,

2161 4257 2492 4323 καταφυγεῖν
2520 4254 2612 4306 ἐπὶ
2631 4253 2729 4323 τὴν
2774 4251 3122 4320 Ἐκκλησίαν,
3140 4247 3227 4301 διὰ
3251 4245 3533 4300 τάἐαυτῶν
3555 4244 3702 4312 ἁμαρ⁴

2161 4348 2381 4417 τήματα
2429 4347 2508 4408 εἰς
2556 4342 2910 4413 περιορισμὸν
2959 4341 2991 4410 ἦ
3036 4341 3196 4406 νῆσον
3223 4335 3699 4391 καταδικασθέντας,

2091 4449 2132 4505 D
2161 4439 2193 4509 ἢ
2228 4437 2293 4490 αὖ
2331 4437 2489 4491 πάλιν
2520 4432 2871 4505 οίᾳδηποτοῦν
2902 4432 3174 4499 ἀποφάσει
3197 4427 3587 4498 ἐκδεδομένους,
3612 4422 3700 4481 τοῖς

2159 4527 2421 4589 τοιούτοις
2474 4528 2548 4596 μὴ
2598 4526 2865 4593 ἁρνητέαν
2917 4519 3058 4576 εἶναι
3101 4524 3202 4591 τὴν
3265 4521 3542 4592 βοήθειαν,
3592 4513 3700 4569 ἀλλᾶ

2163 4614 2675 4687 χωρὶς¹μελησμοῦ,
2710 4614 2803 4666 καὶ
2833 4613 2959 4666 ἀνευ
2993 4611 3084 4664 τοῦ
3113 4610 3387 4670 διστάσαι,
3423 4610 3528 4669 τοῖς
3553 4600 3700 4656 τοιού-

2161 4725 2273 4771 τοις
2306 4705 2569 4759 αίτεῖσϐαι
2605 4702 2968 4773 συγχώρησιν.
3001 4703 3061 4755 Ei
3094 4701 3275 4753 τοίνυν
3301 4697 3566 4753 καὶτοῦτο
3594 4691 3699 4761 ἀρέ-

2166 4815 2307 4861 σκει,
2341 4795 2624 4865 σύμψηφοι
2655 4794 2869 4862 γίνεσθε
2903 4794 3163 4854 ἅπαντες.
3203 4790 3475 4851 Ἅπαντες
3503 4779 3701 4852 ἀπεκρί-

2165 4906 2354 4945 ναντο·
2399 4886 2696 4958 ὐριζέσοω
2719 4887 2813 4938 καὶ
2841 4884 3020 4938 τοῦτο.

2235 4980 2307 5051 η’.
2348 4982 2532 5044 Ὅσιος
2565 4980 2859 5041 ἐπίσκοπος
2897 4973 3044 5030 sine‘
3097 4977 3208 5030 Kal.
3244 4974 3404 5029 τοῦτο
3435 4973 3464 5042 ἡ
3494 4969 3701 5037 ἀγχίνοια

2168 5073 2321 5144 ὑμῶν
2353 5072 2612 5142 κρινάτω,
2661 5071 2724 5124 l'v‘
2759 5070 2948 5140 ἐπειδὴ
2990 5069 3135 5136 ἔδοξε
3183 5067 3273 5121 διὰ
3305 5065 3370 5119 τὸ
3409 5066 3481 5134 μὴ
3520 5060 3703 5113 πίπτειν

2169 5166 2274 5220 ὑπὸ
2301 5163 2643 5234 κατάγνωσίν
2687 5180 2811 5217 τινα
2858 5162 2967 5215 τῶν
3007 5160 3322 5214 ἐπισκόπων
3351 5150 3702 5224 ἀφικνούμενον

2169 5259 2248 5320 εἰς
2299 5256 2360 5311 τδ
2406 5254 2786 5327 στρατόπεδον,
2841 5252 2894 5304 εί
2935 5269 3080 5314 τινες
3123 5250 3302 5304 αύτῶν
3349 5248 3446 5310 τάς
3487 5240 3701 5301 τοιαῦτ’ιὶ

2173 5351 2346 5418 ἔχοιεν
2377 5347 2610 5418 δεήσεις,
2641 5346 2770 5399 οἴων
2803 5345 2988 5398 ἐπάνω
3021 5342 3462 5413 ἐπεμνήσθημεν,
3487 5334 3567 5388 διὰ
3598 5330 3699 5384 ἰδίου

2172 5441 2422 5495 διακόνου
2457 5439 2858 5493 ἀποστέλλοιεν.
2895 5436 3002 5489 Τοῦ
3027 5435 3136 5506 γάρ
3177 5433 3448 5502 ὑπηρέτου
3471 5429 3526 5480 τὸ
3559 5421 3699 5491 πρόσ-

2177 5547 2324 5584 ωπον
2353 5531 2451 5582 οὐκ
2476 5529 2762 5598 ἐπίφθονον
2792 5525 3072 5596 τυγχάνει.
3105 5526 3200 5578 καὶ
3229 5525 3294 5577 τά
3328 5509 3700 5591 παρασχεθησό·

2185 5637 2342 5690 μενα,
2387 5620 2579 5674 Θᾶττον
2627 5617 2952 5686 κομισθῆναι
2999 5616 3303 5686 δυνήσεται.
3358 5607 3698 5676 ’Δπεκρίναντο

2184 5712 2410 5773 πάντες·
2441 5711 2544 5764 Καὶ
2580 5707 3041 5778 τοῦτο,ὁριζὲσοω.
