3842 6224
132 223 222 292 669

195 333 252 386 θ’.
294 333 472 392 Ὀσιος
505 327 797 390 ἐπίσκοπος
839 325 956 380 εἷπε
981 346 992 359 ·

884 215 1281 274 ΞΥΝΤᾹῦΜᾹ
1332 213 1969 274 C.\NO.\iUtVi.—TIT.
2013 212 2176 273 VIII.
2233 213 2392 271 CAP.
2434 211 2542 270 IV.

1061 329 1168 380 Καὶ
1198 325 1353 378 τοῦτο
1380 327 1671 380 ἀκόλουθον
1704 336 1749 393 Α
1846 325 1900 379 9.
1926 325 2122 380 Hosius
2174 325 2462 393 episcopus
2497 323 2636 376 dixit
2682 339 2695 376 :

3257 202 3364 274 670

2748 319 2861 377 Hoc
2892 334 3113 392 quoque
3164 337 3360 380 conse-

134 420 256 479 εἷναι
299 421 515 492 νομίζω,
565 419 650 471 ἵνα
696 421 746 472 εί
796 421 854 472 ἐν
889 419 1245 489 οίαδηποτοῦν
1289 419 1530 490 ἐπαρχία
1564 418 1681 470 ἐπί-

1823 434 1956 470 uens
2005 433 2127 471 esse
2178 417 2470 478 existimo,
2529 415 2666 468 utin
2709 429 3051 484 quacumque
3082 415 3364 484 provincia

138 534 310 571 σκοποι
341 515 470 582 πρὸς
505 512 732 580 ἀδελφὸν
759 514 852 564 καὶ
882 512 1279 565 συνεπίσκοπον
1310 512 1514 565 έαυτῶν
1544 513 1680 564 ἀπο-

139 608 386 661 στέλλοιεν
423 605 655 671 δεήσεις,
684 607 712 656 ό
743 605 800 656 ὲν
832 607 898 675 τῇ
941 605 1148 672 μείζονι
1182 605 1466 674 τυγχάνων
1503 605 1678 667 πόλει,

135 699 359 754 τουτέστι
385 699 446 766 τῇ
486 696 838 766 μητροπόλει,
883 697 1042 759 αὐτὸς
1069 699 1159 750 καὶ
1187 697 1276 750 τὸν
1315 697 1558 750 διάκονον
1585 697 1684 749 αὑ-

135 791 216 845 τοῦ
246 791 331 843 καὶ
357 789 454 851 τὰς
482 789 693 858 δεήσεις
725 788 1067 853 ἀποστέλλω,
1113 789 1368 858 παρέχων
1403 787 1551 858 αὐτῷ
1591 788 1685 840 καὶ

140 879 445 942 συστατικὰς
484 877 797 940 ἐπιστολὰς,
841 878 1068 946 γράφων
1107 878 1348 946 δηλονότι
1387 878 1528 931 κατὰ
1558 879 1687 931 ἀκο-

137 973 334 1026 λουθίαν
383 974 472 1024 καὶ
505 971 640 1041 πρὸς
669 971 793 1032 τοὺς
840 967 1204 1038 συναδελφοὺς
1241 971 1334 1023 καὶ
1371 971 1688 1023 συνεπισκό-

139 1083 260 1128 πους
284 1064 454 1134 ἡμῶν,
504 1064 699 1125 οἵτινες
757 1062 813 1114 ἐν
850 1061 1040 1131 ἐκείνῳ
1071 1060 1147 1130 τῷ
1175 1061 1349 1131 καιρῷ
1380 1065 1438 1114 ὲν
1467 1064 1578 1126 τοῖς
1604 1061 1690 1114 τό-

139 1173 249 1218 ποις
271 1154 300 1224 ἢ
326 1157 380 1205 ὲν
405 1155 524 1214 ταῖς
549 1152 738 1205 πόλεσι
768 1151 1023 1217 διάγοιεν,
1054 1153 1111 1203 ὲν
1140 1145 1227 1213 αἷς
1250 1151 1276 1202 ὁ
1303 1151 1690 1214 εὐσεϐέστατος

142 1245 374 1315 βασιλεὺς
412 1244 480 1296 τὰ
510 1243 745 1313 δημόσια
779 1244 1081 1311 πράγματα
1127 1241 1477 1313 διακυϐερνᾷ.
1531 1243 1594 1294 Εἰ
1637 1243 1693 1295 δὲ

140 1334 238 1402 έχοι
274 1349 352 1394 τις
379 1331 487 1384 τῶν
522 1331 836 1383 ἐπισκόπων
871 1331 1060 1396 φίλους
1105 1331 1161 1382 ὲν
1190 1332 1254 1400 τῇ
1287 1331 1422 1400 αὑλῇ
1459 1331 1552 1382 τοῦ
1587 1349 1693 1384 πα·-

141 1426 328 1488 λατίου,
356 1425 450 1478 καὶ
479 1424 720 1493 βούλοιτο
745 1422 870 1492 περί
890 1439 1058 1485 τινος,
1080 1423 1215 1492 ὅπερ
1246 1422 1694 1491 πρεπωδέστατον

142 1519 218 1586 εἴη
244 1517 489 1581 ἀξιῶσαι,
538 1516 615 1586 μὴ
660 1515 920 1567 κωλύοιτο
951 1513 1038 1567 διὰ
1069 1513 1164 1566 τοῦ
1194 1514 1386 1567 ἑαυτοῦ
1426 1515 1693 1581 διακόνου,

140 1608 223 1661 καὶ
250 1607 472 1672 ἀξιῶσαι
503 1608 602 1661 καὶ
634 1607 973 1659 ἐντείλασθαι
1001 1607 1233 1673 τούτοις,
1264 1606 1356 1670 οὖς
1385 1623 1442 1658 τε
1471 1607 1570 1677 τὴν
1594 1608 1694 1660 αὐ-

1781 511 2021 578 episeopi
2055 509 2119 562 ad
2148 508 2367 560 fratrem
2394 517 2447 561 et
2477 507 2861 576 coepisropum
2921 521 3079 560 suum
3136 508 3356 562 mittant

1785 618 1996 674 preces,
2057 602 2103 654 is
2139 599 2343 667 quiest
2403 598 2455 651 in
2513 598 2706 667 majori
2760 598 3002 662 civitate,
3034 598 3139 652 hoc
3177 599 3353 658 estin

1789 693 2105 762 metropoli,
2159 692 2277 759 ipse
2311 688 2623 744 ministrum
2669 704 2827 743 suum
2850 697 2904 742 et
2949 703 3139 758 preces
3163 691 3365 756 mittat,

1785 787 2028 855 prtebcns
2094 784 2141 836 ei
2199 781 2359 852 203
2420 781 2889 835 connuendatitias
2945 794 3166 850 quoque
3219 783 3368 837 litte-

1787 891 1898 934 ras.
1931 873 2182 928 scribens
2211 872 2464 926 videlicet
2506 887 2600 940 per
2623 871 3074 940 consequentiam
3101 873 3270 926 etiam
3302 871 3371 926 ad

1790 967 1984 1022 fratres
2007 974 2068 1040 et.
2088 966 2444 1034 coepiscopos
2471 973 2712 1027 nostros,
2740 964 2832 1033 qui
2867 964 3075 1020 scilicet
3103 964 3195 1018 illo
3235 976 3374 1018 tem-

1788 1075 1920 1128 pore
1953 1060 2005 1112 in
2032 1059 2169 1112 locis
2194 1057 2278 1111 vel
2309 1057 2624 1111 civitatibus
2652 1065 2838 1126 agant,
2869 1055 2923 1109 in
2958 1055 3160 1124 quibus
3181 1055 3372 1123 piissi-

1791 1169 1913 1207 mus
1934 1152 2227 1220 imperator
2250 1148 2644 1218 rempublicam
2673 1150 2960 1216 gubernat.
2993 1146 3050 1200 Si
3085 1148 3210 1216 quis
3269 1161 3372 1200 au-

1792 1254 1898 1298 tem
1937 1245 2223 1310 episcopus
2253 1242 2413 1294 habet
2439 1241 2646 1294 amicos
2678 1240 2732 1292 in
2767 1241 2890 1293 aula
2926 1238 3133 1308 palatii,
3164 1245 3217 1292 et
3243 1237 3378 1291 velit

1793 1333 2020 1403 aliquid,
2063 1333 2206 1400 quod
2246 1333 2317 1384 sit
2350 1331 2636 1384 honestum
2677 1330 2996 1399 etjustum,
3044 1331 3364 1398 impetrare,

1794 1443 1861 1481 ne
1893 1425 2247 1495 prohibeatur
2275 1439 2370 1492 per
2408 1437 2566 1475 suum
2601 1422 2909 1475 ministrum
2947 1429 3002 1475 et
3034 1435 3261 1490 rogare,
3323 1426 3379 1474 et

1774 1519 1866 1590 'iis
1901 1517 2182 1578 mamlare,
2227 1527 2286 1568 ut
2335 1514 2535 1567 bonum
2569 1529 2729 1568 suum
2787 1513 3052 1568 auxilium
3112 1513 3162 1566 ei
3209 1511 3382 1566 velint

1799 1613 2057 1680 prazhere.
2099 1609 2205 1675 Qui
2257 1617 2442 1662 autem
2504 1606 2734 1662 Ruinam
2791 1609 3057 1662 accedunt
3098 1606 3385 1678 (quemad-

140 1695 234 1747 τῶν
253 1695 452 1765 ἀγαθὴν
483 1694 734 1764 βοήθειαν
757 1694 991 1758 ἀξιοῦντι
1015 1695 1162 1767 αὑτῷ
1189 1697 1448 1766 παρέχειν
1476 1698 1680 1765 ἡγοῖτο.

1820 1703 2037 1758 modum
2069 1701 2323 1771 superius
2375 1701 2580 1754 dictum
2613 1700 2717 1768 est)
2764 1699 2962 1753 dilecto
3006 1698 3160 1752 fratri
3193 1708 3383 1754 nostro

142 1792 195 1843 Oi
224 1789 275 1842 δὲ
307 1789 382 1851 είς
430 1787 654 1858 Ῥώμην
688 1787 1134 1858 παραγινόμενοι,
1161 1787 1341 1850 καθὼς
1368 1790 1693 1860 προείρηκα,

141 1882 207 1951 τῷ
226 1879 485 1950 ἀγαπητῷ
519 1879 731 1950 ἀδελφῷ
760 1880 916 1950 ἡμῶν
938 1878 1032 1932 καὶ
1064 1880 1445 1950 συνεπισκόπῳ
1467 1883 1691 1952 Ἰουλίῳ,

140 1972 227 2034 τὰς
253 1971 458 2042 δεήσεις
509 1970 578 2034 ἃς
621 1971 795 2040 ἔχοιεν
828 1970 1050 2037 διδόναι,
1085 1971 1360 2040 ὀφείλουσι
1412 1973 1692 2041 παρέχειν,

143 2065 218 2116 ἵνα
266 2063 526 2134 πρότερος
556 2062 713 2124 αὐτὸς
746 2062 1050 2131 δοκιμάζοι,
1087 2064 1135 2115 εί
1178 2064 1250 2132 μή
1299 2079 1443 2125 τινες
1489 2063 1548 2126 ἐξ
1594 2064 1692 2116 αὒ-

141 2154 237 2206 τῶν
256 2155 679 2222 ἀναισχυντοῖα,
706 2152 798 2205 καὶ
821 2152 991 2215 οὓτως
1016 2154 1116 2222 τὴν
1138 2152 1330 2205 ἑαυτοῦ
1357 2155 1690 2222 προστασίαν

142 2246 223 2298 καὶ
253 2246 503 2315 φροντίδα
549 2233 825 2316 παρέχων,
879 2245 956 2308 είς
1002 2244 1064 2297 τὸ
1105 2245 1464 2316 στρατόπεδον
1494 2246 1690 2308 αὐτοὺς

1803 1805 1856 1850 et
1910 1796 2236 1863 coepiscopo
2267 1791 2412 1845 Julio
2467 1806 2683 1860 preces,
2723 1807 2862 1859 quas
2910 1792 3112 1845 habent
3150 1791 3381 1855 dandas,

1803 1887 2046 1957 pra-bere
2071 1885 2290 1946 debent,
2327 1883 2522 1950 utipse
2553 1881 2712 1950 prius
2766 1884 3056 1946 examinet,
3100 1881 3144 1936 si
3186 1881 3386 1950 aliqua!

1799 1992 1986 2031 carum
2015 1990 2123 2028 non
2156 1982 2287 2028 sunt
2325 1973 2706 2041 impudentes;
2737 1982 2790 2026 et
2815 1973 2895 2027 sic
2945 1987 3100 2028 suam
3127 1989 3284 2043 opem
3329 1981 3386 2028 et

1800 2083 1986 2123 curam
2036 2066 2304 2135 praebens,
2334 2079 2427 2118 eos
2457 2063 2520 2116 ad
2573 2072 2755 2117 castra
2796 2065 2995 2118 mittat.
3026 2063 3233 2118 Omnes
3267 2064 3384 2132 epi-

1797 2158 1944 2228 scopi
1966 2158 2218 2212 dixerunt
2239 2155 2342 2210 sibi
2359 2154 2573 2226 placere
2599 2163 2794 2210 etesse
2811 2155 3383 2210 convenientissimum

1801 2249 1900 2304 huc
1931 2249 2244 2303 consilium.

141 2338 520 2392 ἀποστέλλοιεν.
563 2338 837 2402 Ἀπαντες
879 2339 928 2392 0i
975 2338 1264 2391 ἐπίσκοποι
1307 2337 1671 2407 ἀπεκρίναντο
1734 2340 1989 2411 ἀρέσκειν
2050 2343 2234 2405 αὐτοῖς
2314 2343 2411 2397 καὶ
2473 2339 2935 2412 πρεπωδεστάτην
2963 2334 3102 2389 εἶναι
3131 2335 3230 2404 τὴν
3258 2350 3387 2403 συμ-

143 2432 316 2504 ϐουλὴν
341 2431 570 2500 ταύτην.

203 2529 268 2576 κ’.
301 2522 617 2584 Γαυδέντιος
641 2521 935 2582 ἐπίσκοπος
951 2516 1073 2573 εἷπε
1095 2537 1109 2552 ο
1125 2520 1309 2574 Ταῦτα
1333 2520 1400 2574 τὰ
1428 2538 1708 2593 σωτηριώ-

145 2612 254 2676 δῶς,
281 2631 332 2665 κ.
367 2630 414 2666 τ.
439 2612 495 2665 λ.

206 2704 308 2757 Καὶ
338 2704 498 2757 τοῦτο
530 2703 587 2756 δὲ
632 2702 838 2755 ἐκεῖθεν
887 2702 1120 2772 μάλιστα
1159 2701 1457 2775 γνώριμον,
1482 2721 1536 2758 κ.
1568 2721 1616 2758 τ.
1653 2702 1701 2756 λ.

151 2882 397 2942 Ἅπαντες
427 2875 604 2932 εἷπον·
651 2877 946 2949 Ὀριζέσοω
978 2878 1072 2930 καὶ
1100 2878 1279 2933 τοῦτο.

314 2993 585 3047 Συνόδου
610 2990 1024 3059 Καρθαγέννης
1052 2990 1251 3043 κανὼν
1283 2991 1378 3061 ρδί,
1414 2995 1523 3061 pg’.

213 3088 340 3154 Περὶ
369 3087 489 3138 τῶν
526 3084 636 3154 τὴν
676 3083 1002 3153 διάγνωσιν
1042 3083 1160 3136 τῶν
1210 3083 1513 3152 δημοσίων
1543 3081 1711 3138 δικα-

154 3182 391 3247 στηρίων
422 3178 546 3232 ἀπὸ
574 3178 680 3232 τοῦ
703 3176 1008 3243 ,βασιλέως
1040 3177 1389 3232 αἰτούντων.

220 3299 304 3370 ρδ¹.
342 3301 586 3370 Ἤρεσεν
631 3299 719 3352 ἶνα
767 3296 1118 3367 ὀστισδήποτε
1164 3295 1272 3348 ἀπὸ
1315 3295 1407 3348 τοῦ
1448 3294 1711 3380 βασιλέως
1737 3299 1780 3358 C

155 3390 418 3459 διάγνωσιν
447 3391 729 3461 δημοσίων
768 3390 1132 3460 δικαστηρίων
1165 3390 1397 3455 αίτήσοι,
1435 3389 1532 3458 τῆς
1579 3388 1714 3451 ίδίας

158 3483 308 3553 τιμῆς
337 3483 648 3556 στερηθείη*
683 3483 777 3536 ἐὰν
805 3482 863 3534 δὲ
892 3483 1072 3551 κρίσιν
1102 3481 1464 3552 ὲπισκοπικὴν
1494 3481 1600 3534 ἀπὸ
1621 3479 1713 3534 τοῦ

164 3572 404 3643 βασιλέως
434 3576 675 3646 αἱτήσοι,
709 3574 873 3643 μηδὲν
902 3572 1052 3642 αὺτῷ
1086 3573 1389 3643 ὲμποδίσοι.

223 3688 347 3741 Ἵνα
374 3689 426 3740 cl
461 3686 565 3740 ἐπὶ
601 3685 668 3737 τὸ
699 3683 1019 3752 κομιτάτον
1047 3683 1455 3751 πορευόμενοι,
1483 3682 1595 3749 τὴν
1625 3683 1716 3734 αι-

160 3779 280 3831 dar
311 3777 540 3832 ἑαυτῶν
584 3774 682 3829 καί
723 3774 804 3839 τῷ
843 3776 912 3827 ἐν
956 3773 1293 3843 Καρχηδόνι
1330 3771 1428 3825 καὶ
1466 3771 1543 3838 τῷ
1577 3774 1716 3826 Ῥω-

156 3867 328 3938 μαϊκῷ
357 3868 516 3936 ἱερεῖ,
555 3865 992 3919 σπουδάσωσιν
1017 3866 1364 3933 ἐμφανίσαι.

221 3967 323 4028 pg’.
367 3961 604 4030 Ίὶρεσεν
643 3957 731 4010 ἵνα
774 3955 1122 4026 ὁστισδὴποτε
1169 3955 1304 4026 πρὸς
1333 3954 1392 4007 τὸ
1426 3956 1720 4025 κομιτάτον

160 4053 469 4122 πορευθῆναι
519 4050 868 4119 θελήσειε,τῇ
903 4048 1200 4118 ἀπολυτικῇ
1230 4050 1293 4118 τῇ
1333 4049 1425 4100 ἐπὶ
1451 4049 1549 4117 τὴν
1593 4050 1717 4101 Ἐκ-

160 4144 371 4213 κλησίαν
411 4145 635 4213 Ῥώμης
663 4140 988 4212 πεμπομένη
1021 4141 1319 4210 κατάδηλος
1353 4141 1596 4211 γένηται,
1627 4142 1721 4194 καὶ

160 4234 238 4288 τνα
261 4236 462 4288 ἐκεῖθεν
495 4236 580 4287 ἔτι
611 4233 719 4304 μὴν
746 4233 1084 4302 ἀπωυτικὴν
1115 4231 1255 4304 λάϐῃ
1285 4234 1377 4284 ἐπὶ
1404 4233 1463 4284 τὸ
1499 4231 1723 4298 κομιτά-

157 4337 258 4379 τον.
291 4326 380 4379 Διὸ
425 4327 523 4378 ἐὰν
550 4326 580 4378 ό
615 4322 795 4377 λαϐὼν
824 4322 1157 4392 ἀπολυτικὴν
1201 4321 1336 4393 πρὸς
1364 4322 1462 4390 τὴν
1500 4320 1721 4390 Ῥώμην

163 4414 327 4484 μόνον,
361 4416 647 4486 σιωπήσας
676 4414 772 4483 τὴν
805 4413 1072 4482 ἀνάγκην,
1103 4413 1170 4465 δι’
1203 4413 1269 4484 ἢν
1303 4414 1378 4475 εἰς
1416 4413 1476 4466 τὸ
1499 4412 1724 4481 κομιτά-

160 4523 244 4560 τον
267 4509 422 4563 αὑτὸν
449 4509 558 4581 χρὴ
589 4509 939 4579 πορευθῆναι,
963 4508 1163 4579 Θελήσῃ
1193 4508 1393 4570 εὐθέως
1427 4509 1523 4560 ἐπὶ·
1544 4507 1606 4559 τὸ
1628 4524 1722 4560 κο-

1881 2523 1971 2576 20.
2022 2520 2358 2578 Gaudentius
2386 2524 2672 2593 episcopus
2689 2523 2858 2576 dixit:
2891 2520 3012 2576 lltec
3052 2517 3384 2581 salutariter,

1808 2625 1940 2678 etc.,
1968 2625 2025 2667 ιιι
2055 2632 2174 2684 pag.
2234 2615 2362 2670 666.

1881 2707 2048 2759 l‘orro
2105 2716 2280 2759 autem
2335 2722 2552 2777 quoque
2597 2706 2744 2762 illine
2776 2706 2880 2762 erit
2915 2703 3154 2759 maxime
3177 2711 3394 2768 notum,

1806 2806 1936 2861 etc.,
1973 2810 2028 2849 ut
2052 2812 2169 2866 pag.
2210 2796 2336 2852 666.

1809 2887 2010 2942 Omnes
2041 2887 2334 2942 dixerunt:
2374 2887 2486 2942 lioe
2513 2905 2732 2959 quoque
2771 2889 3123 2942 decernatur.

1955 3000 2180 3054 Concilii
2227 3000 2656 3070 Carthaginensis
2708 3018 2930 3054 canones
2966 3001 3089 3065 104,
3125 2988 3246 3054 106.

1888 3092 1966 3148 De
2004 3094 2084 3146 his
2116 3095 2205 3162 qui
2240 3093 2565 3162 publicorum
2589 3093 2919 3162 judiciorum
2950 3092 3296 3162 cognitionem
3323 3089 3390 3143 ab

1822 3187 2140 3256 imperatore
2176 3187 2530 3254 poposcerint.

1883 3302 2004 3356 104.
2035 3301 2245 3355 Placuit
2275 3301 2348 3368 ",
2383 3309 2442 3354 ut
2469 3301 2803 3371 quicumque
2834 3299 2901 3353 ab
2933 3298 3261 3367 imperatore
3290 3310 3387 3350 co-

1816 3393 2113 3462 gnitionem
2153 3393 2488 3461 judiciorum
2525 3391 2868 3461 publicorum
2903 3385 3139 3458 pt'tierit,
3187 3390 3396 3442 honore

1818 3484 2036 3553 proprio
2065 3485 2347 3554 privetur;
2385 3483 2429 3538 si
2464 3491 2645 3536 autem
2679 3481 2986 3552 episcopale
3026 3478 3292 3549 judicium
3323 3477 3395 3531 ab

1818 3578 2150 3647 imperatore
2184 3575 2495 3646 postularit,
2532 3574 2667 3628 nihil
2700 3574 2748 3628 ei
2780 3574 2945 3628 obsit.

1890 3690 2053 3762 204
2087 3687 2154 3743 Ut
2191 3699 2466 3759 pergentes
2505 3693 2574 3742 ad
2611 3692 2946 3749 comitatum,
2981 3700 3201 3739 causam
3244 3698 3397 3737 suam

1819 3781 1895 3835 vel
1940 3781 2342 3850 Carthaginiensi
2382 3779 2462 3832 vel
2512 3777 2750 3830 Romano
2801 3775 3044 3845 pontiﬁci
3125 3773 3399 3827 insinuare

1817 3881 2118 3940 procurent.

1890 3963 2010 4018 106.
2044 3963 2250 4018 Placuit
2279 3966 2346 4031 ⁷⁸,
2391 3973 2449 4019 ιιι
2494 3963 2808 4033 quicunque
2840 3959 2907 4014 ad
2952 3957 3274 4012 comitatum
3320 3957 3403 4010 ire

1819 4056 2070 4118 voluerit,
2113 4055 2166 4108 in
2194 4055 2423 4109 formata
2454 4069 2578 4123 quae
2597 4055 2661 4106 ad
2700 4053 2854 4106 urbis
2877 4050 3066 4103 Romae
3097 4047 3400 4102 Eeclesiam

1822 4147 2080 4210 mittitur,
2129 4145 2436 4208 intimetur,
2483 4153 2544 4198 ut
2575 4144 2701 4198 inde
2750 4144 2914 4196 etiam
2967 4141 3031 4194 ad
3079 4139 3400 4194 comitatum

1823 4235 2106 4290 formatam
2151 4236 2400 4302 accipiat.
2445 4234 2599 4300 Quod
2631 4233 2676 4288 si
2722 4232 3001 4301 accipiens
3061 4231 3128 4284 ad
3170 4229 3400 4283 Romam

1823 4327 2201 4381 tantummodo
2227 4325 2540 4390 formatam,
2567 4334 2618 4379 ct
2649 4333 2832 4378 tacens
2856 4321 3240 4376 necessitatem
3293 4333 3404 4388 qua

1823 4419 1890 4474 ad
1929 4419 2245 4473 comitatum
2281 4418 2354 4470 illi
2409 4416 2744 4487 pergendum
2780 4424 2885 4479 est,
2931 4412 3166 4468 voluerit
3213 4411 3401 4465 statim

1823 4510 1890 4563 ad
1921 4509 2237 4563 comitatum
2275 4509 2519 4576 pergere,
2556 4521 2584 4558 a
2626 4503 3011 4558 communione
3040 4507 3405 4556 removeatur.

164 4600 368 4668 μιτάτον
402 4601 641 4671 βαδίσαι,
673 4600 979 4671 ἀποκινηθῇ
1022 4602 1119 4670 τῆς
1163 4600 1468 4662 κοινωνίας.
1511 4599 1637 4652 Ἐὰν
1666 4599 1708 4651 δὲ

1826 4598 1980 4664 Quod
2013 4597 2057 4652 si
2090 4597 2161 4651 ibi
2194 4597 2382 4650 Romae
2411 4597 2458 4649 ei
2496 4595 2779 4664 repentina
2813 4592 3112 4648 necessitas
3134 4599 3251 4646 Orta
3283 4588 3402 4643 fue-

160 4693 323 4744 ὲκεῖσε
378 4696 437 4746 ἐν
483 4695 552 4764 τῇ
601 4691 787 4762 Ῥώμῃ
842 4690 1080 4759 αίφνιδία
1113 4690 1324 4760 ἀνᾴγκη
1375 4691 1592 4759 ἀποφυῇ
1627 4690 1720 4741 τοῦ

161 4785 400 4837 ἀπελθεῖν
449 4785 532 4848 είς
588 4783 649 4835 τὸ
694 4781 1020 4852 κομιτάτον,
1074 4782 1363 4850 ὲμφανίσει
1405 4779 1577 4851 αὐτὴν
1624 4780 1724 4851 τὴν

161 4871 392 4942 ἀνάγκην
439 4875 522 4945 τῷ
569 4874 855 4941 ὲπισκόπφ
911 4871 1151 4941 Ῥώμης,
1206 4872 1300 4923 καὶ
1356 4872 1726 4944 παρακομίσει

161 4965 456 5036 ἀντίγραφα
487 4963 584 5017 τοῦ
611 4964 778 5033 αὐτῆς
818 4961 1038 5034 Ῥώμης
1069 4964 1365 5015 ἐπισκόπου
1392 4979 1406 4992 ο
1439 4962 1494 5014 αί
1524 4962 1726 5015 ὁιπολυ⁸

161 5060 297 5108 τικαὶ
326 5057 380 5109 δὲ
415 5057 472 5110 αί
521 5055 630 5110 ἀπὸ
681 5056 788 5108 τῶν
836 5055 1251 5125 πρωτευόντων,
1302 5054 1472 5126 ἢτῶν
1510 5054 1727 5125 οἰωνδή-

161 5163 283 5200 ποτε
327 5148 677 5212 ἐπισκόπων,
735 5149 845 5209 τοῖς
895 5147 1046 5210 ἰδίοις
1095 5146 1380 5217 κληρικοῖς
1432 5147 1725 5216 διδόμεναι,

165 5243 324 5312 σχῶσι
371 5243 469 5314 τὴν
518 5243 731 5312 ἡμέραν
779 5243 874 5295 τοῦ
930 5241 1142 5310 Πάσχα.
1203 5242 1328 5294 Ἐὰν
1379 5241 1434 5294 δὲ
1480 5240 1660 5310 ἀκμὴν
1695 5239 1731 5309 ἡ

164 5332 335 5402 ἡμέρα
365 5333 458 5386 τοῦ
491 5334 681 5402 Πάσχα
716 5333 810 5386 τοῦ
842 5333 1004 5385 αὑτοῦ
1038 5331 1285 5386 ἐνιαυτοῦ
1313 5331 1610 5400 κατάδηλος
1631 5331 1732 5382 οὐκ

167 5422 324 5490 ἔστιν,
360 5426 393 5493 ἡ
425 5426 521 5478 τοῦ
554 5423 1015 5497 προηγησαμένου
1059 5422 1476 5494 προσζευχοείη,
1521 5421 1578 5475 ὃν
1609 5421 1732 5491 τρό-

234 5603 276 5637 ⁷⁷
311 5604 476 5661 Cone.
504 5605 668 5665 Airic.
697 5606 827 5662 Cain.
859 5607 945 5661 7i.
1047 5607 1089 5638 ⁷⁸
1120 5604 1252 5660 Ibid.
1279 5603 1367 5657 75.

1826 4693 1894 4744 rit
1924 4691 1990 4744 ad
2023 4689 2341 4744 comitatum
2368 4687 2649 4757 pergendi,
2684 4686 2878 4754 alleget
2898 4683 3045 4754 apud
3073 4683 3388 4753 episcopum

1824 4781 1977 4834 urbis
2007 4778 2195 4833 Romae
2227 4779 2398 4846 ipsam
2433 4777 2836 4839 necessitatem,
2867 4784 2921 4829 et
2967 4774 3036 4828 de
3067 4774 3172 4828 hoc
3204 4771 3405 4826 rescri-

1821 4886 1912 4944 pta
1955 4873 2198 4943 ejusdem
2241 4871 2470 4925 Romani
2515 4869 2755 4939 episcopi
2828 4869 3086 4936 perferat.
3136 4865 3406 4920 Formam

1823 4979 2026 5028 autem,
2056 4979 2177 5033 qua:
2206 4979 2235 5016 a
2272 4963 2596 5031 primatibus
2625 4965 2707 5014 vel
2739 4976 2770 5014 a
2799 4961 3239 5030 quibuscumque
3289 4955 3404 5024 epi-

1829 5057 2010 5124 sc0pis
2051 5054 2266 5108 clericis
2311 5054 2548 5122 prepriis
2587 5054 2809 5116 dantur,
2861 5051 3100 5105 habeant
3127 5048 3268 5100 diem
3303 5044 3408 5099 Pa-

1832 5151 2018 5204 schae:
2062 5147 2209 5216 quod
2258 5145 2304 5200 si
2355 5145 2536 5201 adhuc
2578 5145 2819 5214 ejusdem
2857 5142 2984 5195 anni
3042 5139 3261 5193 Pascha:
3289 5137 3406 5193 dies

1832 5239 2070 5293 incertus
2112 5247 2212 5301 est,
2247 5237 2337 5291 ille
2372 5235 2682 5307 praecedens
2721 5233 3073 5301 adjungatur,
3129 5228 3407 5298 quomodo

1835 5331 1972 5386 solet
2006 5338 2130 5398 post
2173 5329 2516 5383 consulatum
2552 5327 2606 5380 in
2667 5323 2902 5395 publicis
2953 5322 3119 5391 gestis
3173 5319 3399 5374 ascribi.

1835 5419 2044 5476 Placuit
2067 5429 2121 5476 et
2144 5420 2296 5488 illud,
2323 5427 2383 5475 ut
2413 5420 2674 5474 adversus
2700 5413 3013 5472 Donatistas
3051 5420 3106 5468 et
3137 5423 3403 5484 paganos,
