3842 6224
355 294 454 359 θη

360 404 446 460 vel
481 418 674 460 eorum
710 402 1151 473 superstitiones,
1201 402 1362 474 legati
1403 405 1554 460 missi
1584 407 1651 461 de
1684 407 1787 460 hoc
1812 408 1932 475 glo-

361 497 510 551 rioso
533 497 764 551 concilio
792 495 1054 566 quidquid
1087 497 1217 550 utile
1246 498 1598 566 pervidet-int,
1628 499 1692 554 de
1722 499 1926 570 glorio-
1961 479 2009 537 Α

363 587 602 641 sissimis
626 585 964 657 principibus
994 586 1305 655 impetrent.

433 679 642 732 Placuit
671 679 832 732 etiam
865 680 1094 748 petitum
1131 678 1376 732 omnium
1429 679 1836 747 episcoporum,
1881 683 1936 731 ut

362 767 606 833 epistolis
635 767 890 820 omnibus
925 769 992 822 de
1027 768 1261 822 concilio
1309 768 1504 823 dandis
1550 770 1816 824 sanctitas
1846 777 1937 820 tua

363 859 477 912 sola
506 860 832 912 subscrilrat.
871 859 934 912 Et
959 863 1420 930 subscripserunt.
1467 865 1715 918 Aurelius
1733 865 1949 934 episeo-

365 964 468 1019 pus
497 950 936 1021 Carthaginrnsis
979 954 1105 1005 huic
1139 953 1648 1018 decretotonsensi,
1703 966 1758 1012 et
1813 972 1953 1026 prfe-

365 1044 502 1095 l.:cto
523 1043 842 1111 SULSl'l'lpSl.
879 1043 1138 1099 Similiter
1186 1055 1241 1100 et
1291 1046 1473 1100 caeteri
1526 1047 1762 1116 episcopi
1822 1047 1954 1100 sub-

365 1133 734 1204 scripserunt.

1511 295 1771 354 PHOTII
1818 293 2320 354 PATRIARCIUE
2353 293 2461 353 (ΣΡ.

3540 283 3647 348 6ῖὲ

2016 456 2018 458 ,
2053 425 2153 460 πον
2181 407 2340 460 εἴωθε
2370 403 2507 477 μετὰ
2533 403 2629 473 τὴν
2671 401 2936 456 ὑπατείαν
2974 399 3294 472 γράφεσθαι
3321 398 3384 450 ἐν
3413 400 3530 462 τοῖς
3555 399 3648 470 δηι-

2045 500 2254 568 μοσίοις
2284 497 2717 567 πεπραγμένοις.

2122 685 2326 751 ’Πρεσε
2389 681 2446 733 δὲ
2509 680 2752 739 κάκεῖνο,
2814 675 2955 728 ὥστε
3022 673 3168 726 κατὰ
3232 671 3346 723 τῶν
3413 671 3637 721 Δονατι-

2051 775 2212 838 στῶν,
2244 772 2337 825 καὶ
2379 771 2486 824 τῶν
2542 769 2808 838 Ἑλλήνων
2833 807 2846 830 ,
2887 765 2980 818 καὶ
3030 765 3137 816 τῶν
3179 761 3501 832 θρησκειῶν
3555 761 3645 810 ati-

2051 867 2200 932 τῶνξν
2247 863 2372 925 τοὺς
2433 860 2783 930 πεμφθέντας
2841 855 3221 925 τοποτηρητας
3279 855 3345 905 ὲκ
3397 852 3501 920 τῆς
3557 867 3645 901 τι-

2054 958 2181 1027 μίας
2227 953 2432 1025 ταύτης
2488 952 2746 1013 συνόδου,
2795 949 2904 1002 πᾶν
2965 945 3140 998 ὁτιοῦν
3174 945 3452 1014 χρήσιμον
3510 957 3647 991 συν-

2055 1049 2254 1111 ίδωσιν,
2288 1049 2351 1098 ὲκ
2401 1044 2511 1098 τῶν
2558 1042 2916 1108 ἐνδοξοτάτων
2961 1035 3294 1106 αἰτήσασθαι
3348 1031 3640 1102 βασιλέων.

2055 1137 2290 1205 Ἠρεσεν
2337 1133 2415 1186 ἔτι
2470 1133 2574 1203 μὴν
2622 1134 2689 1201 τῇ
2749 1130 2963 1198 αἰτήσει
3011 1128 3230 1179 πάντων
3276 1123 3388 1175 τῶν
3418 1120 3644 1174 ἐπισκό-

365 1242 503 1290 πων,
541 1226 626 1279 ἵνα
659 1228 863 1289 πάσαις
892 1229 1012 1289 ταῖς
1055 1227 1394 1295 ὀφειλούσαις
1427 1229 1646 1298 δοθῆναι
1693 1231 1810 1292 ταῖς
1838 1231 1935 1299 τῆς
1968 1228 2180 1281 συνόδου
2212 1225 2544 1288 ἐπιστολαῖς,
2608 1224 2641 1292 ἡ
2677 1222 2742 1290 σὴ
2790 1218 3065 1288 ἁγιωσύνη
3131 1217 3266 1286 μόνη
3324 1210 3641 1280 ὑπογράψε-

379 1318 488 1371 Kal.
518 1319 868 1387 ὑπέγραψαν·
899 1319 1164 1389 Αὐρήλιος
1190 1319 1487 1382 ἐπίσκοπος
1552 1321 1654 1389 τῆς
1685 1321 1743 1373 ὲν
1812 1320 2118 1392 Καρχηδόνι
2163 1319 2508 1389 Ἐκκλησίας,
2579 1316 2656 1384 τῷ
2703 1315 2930 1385 παρόντι
2974 1311 3294 1381 ψηφίσματι
3343 1308 3637 1377 συνῄνε-ςα,

379 1409 473 1462 καὶ
519 1410 1035 1478 παραναγνωσοέντι
1092 1411 1403 1481 ὑπέγραψα.

443 1501 602 1570 205
639 1501 790 1555 CAP.
830 1501 967 1556 V.—
999 1502 1070 1555 De
1135 1504 1399 1572 hospitum
1472 1506 1820 1574 susceptione,
1883 1514 1931 1560 et

367 1595 432 1649 de
469 1595 705 1664 paciﬁcis
737 1604 785 1647 et
814 1596 1253 1648 commendatitiis
1277 1595 1543 1664 epistolis.

682 1687 1050 1753 Apostolorum
1099 1703 1324 1740 canones
1376 1688 1464 1753 12,
1500 1689 1589 1742 55.

438 1775 525 1829 12.
592 1773 647 1828 Si
707 1776 830 1843 quis
895 1775 1127 1830 clericus
1197 1777 1280 1830 vel
1341 1777 1512 1832 laicus
1579 1787 1940 1848 segregatus,
1981 1755 2021 1811 Β

371 1866 485 1921 sive
520 1883 626 1920 non
656 1866 1025 1934 recipiendus,
1069 1868 1355 1923 discedens
1384 1908 1400 1933 ,
1461 1869 1516 1922 in
1580 1870 1749 1923 altera
1810 1870 1944 1923 urbe

371 1970 621 2028 receptus
675 1959 839 2014 fuerit
914 1959 1119 2028 absque
1181 1960 1379 2014 litteris
1433 1961 1890 2014 commendatitiis
1927 1999 1942 2024 ,

371 2060 704 2120 segregetur,
753 2059 804 2103 et
866 2051 955 2119 qui
997 2051 1224 2119 excepit,
1289 2063 1342 2106 et
1389 2053 1480 2120 qui
1549 2062 1808 2119 exceptus
1838 2060 1942 2105 est.

391 2147 398 2156 ‘
443 2138 735 2194 53.Nullus
764 2149 1114 2195 externorum
1138 2142 1638 2212 episcoporutu,,vel
1667 2145 1946 2212 presbyte-

375 2246 582 2299 rorum,
611 2233 694 2285 vel
731 2233 1083 2286 diaconorum
1139 2235 1259 2288 sine
1302 2234 1763 2288 commendatitiis
1804 2234 1945 2288 reci.

376 2324 575 2390 piatur,
632 2323 806 2393 iisque
829 2324 1179 2379 aﬂ‘ereutibus
1201 2327 1598 2381 examinentur.
1621 2325 1714 2380 Sin
1743 2327 1946 2392 minus,

376 2412 445 2466 iis
471 2427 591 2479 quae
622 2422 751 2467 sunt
777 2414 1103 2477 necessaria,
1137 2415 1258 2469 aliis
1283 2416 1566 2482 exhibitis,
1603 2416 1670 2471 ad
1697 2431 1946 2471 comnm-

377 2503 593 2557 nionem
621 2519 686 2558 ne
711 2503 1070 2558 admittantur
1096 2522 1110 2573 ;
1149 2506 1317 2560 multa
1353 2506 1497 2561 enim
1525 2523 1618 2576 per
1648 2508 1949 2577 surreptio-

377 2610 502 2650 nem
532 2595 690 2651 ﬁunt.

615 2770 842 2826 Concilii
872 2771 1181 2827 Antioclteni
1207 2791 1429 2830 canones
1463 2774 1515 2843 7,
1549 2774 1602 2839 8,
1634 2775 1720 2830 11.

455 2860 508 2917 7.
532 2861 720 2917 Nullus
751 2871 1010 2918 externus
1039 2865 1157 2919 sine
1188 2865 1432 2934 paciﬁcis
1466 2867 1820 2936 suscipiatur.

453 3037 508 3092 8.
544 3037 651 3094 Nec
683 3040 978 3110 presbyteri
1015 3041 1106 3111 qui
1150 3049 1278 3096 sunt
1315 3041 1366 3094 in
1401 3042 1576 3110 pagis,
1625 3043 1755 3097 dent
1787 3058 1952 3098 cano-

387 3129 540 3184 nicas
597 3132 878 3200 epistolas,
938 3133 1021 3185 vel
1077 3132 1145 3185 ad
1195 3134 1343 3188 solos
1394 3135 1605 3188 vicinos
1667 3135 1956 3206 episcopos

384 3223 640 3289 epistolas
674 3224 942 3276 emittant.
975 3221 1364 3292 Chorepiscopi
1429 3237 1613 3280 autem
1671 3227 1806 3280 nulli
1872 3243 1960 3280 re-

383 3313 732 3381 prehensioni
763 3297 1101 3367 attines-dent
1139 3316 1412 3383 pacilicas.
1696 3362 1699 3365 .
1893 3295 1908 3309 ί

459 3405 544 3458 Η.
589 3403 644 3459 Si
695 3407 818 3475 quis
868 3406 1178 3474 episcopus,
1233 3408 1314 3461 vel
1345 3408 1649 3478 presbyter,
1695 3410 1778 3466 vel
1836 3428 1955 3467 om-

388 3498 518 3552 nino
553 3513 620 3552 ex
649 3513 873 3560 canone,
899 3509 1005 3551 etc.
1049 3509 1103 3551 ut
1148 3515 1308 3566 supra
1341 3517 1463 3570 pag.
1503 3500 1628 3555 666.

634 3588 853 3642 Concilii
894 3587 1182 3642 Laodiceni
1211 3607 1437 3656 canones
1473 3593 1562 3659 41,
1597 3593 1688 3649 4-2.

460 3681 548 3733 41.
613 3678 768 3743 Quod
829 3693 938 3731 non
1007 3689 1221 3747 oportet
1275 3683 1525 3751 eumqui
1589 3693 1672 3738 est
1721 3695 1970 3740 sacratus

392 3771 475 3824 vel
535 3771 769 3824 clericus
811 3771 928 3825 sine
977 3773 1257 3826 canonicis
1317 3773 1512 3828 litteris
1564 3775 1666 3830 iter
1737 3777 1968 3846 ingredi.

463 3861 554 3914 42.
596 3861 749 3927 Quod
805 3878 911 3916 non
952 3873 1163 3931 oportet
1206 3879 1300 3920 eos
1330 3867 1421 3935 qui
1450 3878 1578 3920 sunt
1635 3872 1830 3923 sacrati
1890 3871 1972 3924 vel

394 3955 595 4018 clerici,
633 3956 748 4009 sine
775 3955 932 4024 jussu
975 3956 1214 4025 episcopi
1256 3958 1355 4010 iter
1392 3957 1620 4030 ingredi.

569 4045 791 4099 Consilii
851 4045 1291 4101 Chalcedonensis
1341 4065 1508 4102 canon
1539 4051 1624 4104 15.

467 4138 556 4192 l3.
585 4137 872 4204 Externosj
901 4138 1130 4193 clericos
1177 4148 1228 4192 et
1263 4139 1476 4208 ignotos
1508 4140 1560 4194 in
1593 4141 1695 4195 alia
1735 4140 1975 4208 civitate,

395 4237 525 4297 etc.,
544 4242 602 4284 ut
638 4247 762 4301 pag.
788 4229 914 4284 659.

634 4405 798 4474 206
824 4403 1069 4471 Concilii,
1105 4403 1434 4459 Sardicensis
1486 4421 1655 4458 canon
1685 4403 1738 4458 9.

475 4495 672 4550 llosius
707 4498 996 4565 episcopus
1019 4497 1156 4550 dixit
1185 4514 1200 4552 :
1248 4497 1360 4552 Iloc
1383 4512 1605 4567 quoque
1634 4511 1981 4568 consequens

404 4605 526 4646 esse
551 4590 829 4652 exiStimo,
871 4598 1000 4655 etc.,
1036 4598 1091 4642 ut
1137 4606 1260 4660 pag.
1297 4589 1426 4644 667.

685 4681 912 4736 Coucilii
945 4681 1376 4750 Carthaginensis
1401 4697 1568 4734 canon
1613 4681 1704 4738 25.

481 4771 549 4827 Ut
597 4774 825 4842 episcopi
871 4783 1020 4827 trans
1076 4781 1227 4827 mare
1253 4789 1355 4826 non
1376 4774 1812 4842 proﬁciscantur.

476 4947 628 5014 Item,
687 4956 747 5001 ut
811 4947 1051 5017 episc0pi
1109 4957 1258 5002 trans
1327 4963 1497 5013 mare,
1535 4958 1670 5014 etc.,
1735 4957 1794 5001 ut
1825 4965 1988 5017 supra

409 5056 512 5110 pag
534 5078 549 5094 .
574 5041 702 5093 662.
1073 5095 1077 5100 ,

690 5130 914 5184 Concilii
954 5129 1257 5182 cecumenici
1307 5143 1383 5194 vr,
1410 5144 1579 5182 canon
1619 5129 1706 5181 l7.

473 5220 737 5285 Quoniam
795 5222 1138 5276 diversarum
1189 5219 1549 5275 Ecclesiaruar
1621 5221 1826 5286 clerici,
1857 5229 1986 5287 etc.,

416 5322 470 5364 ut
493 5329 614 5380 pag.
663 5313 790 5367 545.
1437 5312 1439 5314 ’

487 5406 635 5460 CAP.
670 5405 756 5460 Vl.
795 5405 936 5460 --In
985 5423 1085 5476 quo
1125 5405 1380 5475 (li/Terent
1422 5405 1658 5474 paci/ica:
1683 5407 1914 5470 epistolae
1958 5425 1990 5461 a

417 5497 857 5550 commendatitiis
875 5497 1134 5564 epistolis.

660 5587 880 5642 Concilii
913 5588 1346 5643 Chalcedonensis
1379 5604 1546 5640 canon
1586 5587 1672 5643 ll.

488 5678 687 5735 Omnes
750 5697 1050 5752 pauperes,
1132 5693 1188 5737 et
1265 5683 1358 5750 qui
1427 5679 1630 5733 auxilio
1714 5679 1984 5750 indigent,

2013 4443 2055 4496 D

1477 1411 1710 1478 Ὁμοίως
1761 1412 1855 1464 καὶ
1905 1414 1956 1464 οἱ
1994 1412 2172 1464 λοιποὶ
2205 1412 2494 1463 ἐπίσκοποι
2527 1407 2872 1477 ὑπέγραψαν.

2113 1505 2362 1558 ΚΕΦΑΛ.
2385 1503 2672 1568 Ε’.-Περὶ
2703 1497 3013 1568 ὑποδοχῆς
3030 1497 3240 1560 ξένων,
3267 1492 3370 1547 καὶ
3403 1495 3544 1559 περὶ
3566 1495 3648 1545 εί-

2038 1593 2306 1665 ρηνικῶν
2331 1596 2429 1648 καὶ
2461 1592 2840 1648 συστατικῶν
2861 1586 3221 1643 ἐπιστολῶν.

2377 1685 2760 1739 Ἀποστόλων
2797 1683 2996 1735 κανὼν
3024 1681 3112 1751 ιβ’,
3145 1681 3249 1747 λγ’.

2121 1778 2206 1849 ιβ’.
2254 1778 2318 1830 El'
2366 1795 2450 1840 τις
2486 1777 2742 1848 κληρικὺς
2771 1777 2803 1845 ἢ
2832 1776 3014 1838 λαῖκδς
3043 1816 3060 1841 ,
3090 1772 3484 1845 ἀφωρισμένος
3531 1772 3650 1839 ἢτοι

2045 1868 2286 1930 ἄδεκτος,
2321 1865 2569 1920 ἀπελθὼν
2601 1867 2659 1918 ὲν
2686 1867 2846 1936 ἑτέρᾳ
2907 1866 3058 1917 πόλει
3083 1865 3244 1934 δεχθῇ
3289 1863 3422 1915 ἄνευ
3458 1879 3642 1930 γραμ-

2055 1961 2243 2029 μάτων
2309 1959 2643 2012 συστατικῶν
2679 1997 2694 2022 ,
2729 1957 3075 2028 ἁφοριζέσθω
3127 1957 3218 2008 καὶ
3261 1956 3290 2007 ὁ
3336 1953 3639 2022 δεξάμενος

2047 2050 2144 2104 καὶ
2172 2053 2199 2102 ὁ
2219 2050 2446 2120 δεχθείς.

2118 2141 2219 2209 λγ’.
2247 2141 2466 2209 Μηδένα
2494 2140 2603 2193 τῶν
2625 2141 2789 2204 ξενων
2820 2138 3154 2199 ἐπισκόπων,
3177 2136 3209 2206 ἢ
3229 2134 3653 2204 πρεσϐύτεροι-ιι

2048 2232 2082 2303 ἢ
2116 2232 2544 2294 διακόνων,ἄνευ
2579 2230 2920 2284 συστατικῶν
2947 2226 3362 2299 προσδέχεσθαι·
3399 2226 3499 2276 καὶ
3535 2227 3660 2276 ἐπι-

2050 2324 2363 2393 φερομένων
2383 2323 2439 2376 δὲ
2457 2323 2633 2375 αὐτῶν
2659 2321 3156 2390 ἁνακρινέσθωσαν,
3179 2320 3272 2372 καὶ
3291 2317 3390 2370 ἐὰν
3416 2318 3524 2386 μὲν
3559 2312 3661 2370 ὦσι.

2052 2415 2290 2484 κήρυκες
2321 2417 2419 2484 τῆς
2469 2413 2771 2477 εὐσεϐείας,
2830 2409 3334 2481 προσδεχέσθωσαν.
3380 2408 3442 2460 Εἰ
3476 2408 3542 2460 δὲ
3574 2410 3649 2478 μή

2051 2520 2115 2570 γε
2147 2503 2215 2556 τὰ
2263 2503 2398 2572 πρὸς
2426 2503 2522 2566 τὰς
2567 2503 2756 2573 χρείας
2785 2503 2966 2564 αὐτοῖς
3005 2501 3543 2569 ἐπιχορηγήσαντες,
3582 2502 3663 2562 εἰς

2054 2596 2334 2649 κοινωνίαν
2365 2597 2559 2659 αὐτοὺς
2591 2596 2666 2667 μὴ
2711 2593 3096 2667 προσδέξησθε·
3151 2594 3320 2646 πολλὰ
3367 2593 3481 2662 γὰρ
3516 2593 3666 2646 κατὰ

2054 2688 2411 2757 συναρπαγὴν
2436 2687 2668 2754 γίνεται.

2229 2777 2499 2831 Συνόδου
2550 2776 2896 2843 Ἀντιοχείας
2929 2776 3128 2830 κανὼν
3151 2776 3213 2841 ζ’,
3231 2775 3306 2846 η’,
3331 2783 3430 2829 ια’.

2121 2868 2188 2931 ζ’.
2230 2868 2448 2937 Μηδένα
2494 2867 2622 2922 ἄνευ
2684 2867 2973 2937 εἰρηνικῶν
3002 2868 3344 2938 γραμμάτων
3397 2866 3670 2937 δέχεσθαι

2057 2959 2166 3013 τῶν
2201 2958 2387 3024 ξένων.
3133 3022 3136 3026 ,

2130 3051 2200 3122 η’.
2252 3050 2404 3121 Μηδὲ
2452 3049 2856 3120 πρεσϐυτέρους
2886 3051 3009 3112 τοὺς
3043 3051 3100 3102 ὲν
3123 3050 3240 3110 ταῖς
3299 3047 3521 3117 χώραις
3565 3063 3671 3099 κα-

2061 3142 2274 3205 νονικὰς
2303 3141 2589 3205 ἐπιστολὰς
2612 3141 2830 3204 διδόναι,
2857 3141 2890 3211 ἢ
2924 3142 3058 3209 πρὸς
3088 3144 3282 3210 μόνους
3316 3143 3451 3201 τοὺς
3483 3140 3676 3206 γείτο-

2060 3251 2158 3296 νας
2191 3233 2504 3286 ἐπισκόπων
2531 3231 2816 3294 ἐπιστολὰς
2839 3232 3164 3300 ἐκπέμπειν-
3195 3233 3318 3293 τοὺς
3368 3230 3430 3281 δὲ
3465 3231 3672 3282 tivam-

2061 3322 2302 3392 λήπτους
2337 3321 2789 3392 χωρεπισκόπων,
2821 3321 3019 3374 διδόναι
3056 3322 3359 3390 εἰρηνικάς.

2141 3419 2231 3467 ια’.
2268 3413 2334 3464 Εἴ
2378 3430 2460 3475 τις
2487 3411 2837 3482 ἐπίσκοποςῆ
2874 3411 3268 3482 πρεσϐύτερος,
3299 3412 3331 3482 ἢ
3368 3412 3516 3472 ὅλως
3575 3409 3671 3462 τοῦ

2064 3504 2307 3568 κανόνος,
2341 3519 2396 3557 κ,
2433 3521 2483 3556 τ.
2513 3502 2562 3554 λ.

2279 3595 2549 3648 Συνόδου
2582 3593 2930 3658 Λαοδικείας
2962 3595 3162 3645 κανὼν
3193 3600 3304 3661 μα’,
3330 3591 3448 3662 μβ’.

2151 3691 2265 3754 μα’.
2294 3685 2418 3737 Ὅτι
2449 3685 2509 3736 ού
2537 3683 2616 3735 δεῖ
2651 3681 2974 3752 ἱερατικὺνῆ
3001 3681 3258 3751 κληρικδν
3290 3683 3423 3735 ἄνευ
3458 3699 3680 3736 κανονι-

2069 3776 2181 3830 κῶν
2217 3774 2562 3844 γραμμάτων
2595 3773 2818 3828 ὁδεύειν.

2145 3869 2254 3940 μβ’.
2286 3869 2408 3922 "Ott
2434 3868 2492 3919 ού
2520 3868 2598 3920 δεῖ
2635 3865 2903 3937 ἱερατικὸν
2950 3865 2983 3935 ἣ
3017 3863 3273 3935 κληρικὺν
3321 3865 3458 3918 ἄνευ
3487 3865 3681 3920 κελεύο

2075 3977 2213 4023 σεως
2243 3957 2555 4012 ἐπισκόπων
2580 3956 2804 4008 ὁδεύειν.

2340 4047 2611 4103 Συνόδου
2643 4047 3025 4115 Χαλκηδόνος
3054 4047 3254 4100 κανὼν
3286 4044 3375 4114 ιγ’.

2152 4142 2238 4209 ιγ’.
2264 4138 2456 4202 Ξένους
2491 4138 2782 4209 κληρικοὺς
2811 4138 2906 4190 καὶ
2930 4138 3280 4206 ἀναγνώστας
3310 4139 3366 4188 ὲν
3391 4138 3488 4189 ἑτέ
3495 4156 3576 4208 pg
3594 4138 3681 4191 πό·

2080 4232 2181 4298 λει,
2215 4249 2269 4284 κ.
2292 4249 2344 4286 τ.
2380 4231 2430 4284 λ.

2405 4405 2676 4461 Συνόδου
2713 4401 3008 4472 Σαρδικῆς
3042 4404 3242 4459 κανὼν
3280 4404 3346 4458 0'.

2155 4499 2343 4562 Ὅσιος
2402 4499 2699 4561 ἐπίσκοπος
2749 4495 2871 4551 εἷπε
2896 4513 2911 4529 ⁸
2943 4496 3054 4550 Καὶ
3089 4495 3247 4550 τοῦτο
3269 4496 3580 4549 ἀκόλουθον
3605 4492 3679 4549 εἷ-

2085 4608 2173 4646 ναι
2199 4591 2422 4662 νομίζω,
2458 4607 2511 4643 κ.
2531 4607 2584 4642 τ.
2612 4589 2665 4646 λ.
3262 4656 3271 4669 _

2383 4680 2652 4734 Συνόδου
2681 4679 3064 4750 Καρθαγένης
3092 4680 3291 4734 κανὼν
3316 4687 3427 4748 κγ’.

2161 4775 2339 4827 Ὥστε
2392 4771 2535 4837 τοὺς
2587 4771 2961 4837 ἐπισκόπους
3003 4774 3192 4840 πέραν
3219 4772 3554 4840 θαλάσσης
3597 4772 3677 4842 μὴ

2089 4865 2437 4935 ἀποδημεῖν.

2174 4960 2401 5028 Ὁμοίως
2431 4956 2714 5010 ἐπίσκοποι
2748 4956 2920 5025 πέραν
2953 4953 3249 5024 θαλάσσης,
3280 4972 3333 5007 κ.
3354 4971 3404 5007 τ.
3432 4958 3490 5010 λ.

2239 5137 2508 5192 Συνόδου
2531 5133 2953 5204 οἱκουμενικῆς
2975 5132 3156 5200 ἕκτης
3205 5131 3405 5184 κατι-ὼν
3452 5135 3542 5194 ιζ’.

2172 5230 2388 5299 Ἐπειδὴ
2401 5246 2499 5297 περ
2567 5227 2723 5296 διαφό
2733 5244 2838 5297 ρων

2094 5339 2144 5375 τ.
2170 5321 2220 5373 λ.

2165 5411 2410 5465 ΚΕΦΛΛ.
2469 5411 2652 5475 ςκ-
2698 5406 2837 5474 Περὶ
2883 5404 3171 5473 διαφορᾶς
3213 5402 3532 5472 εἰρηνικῶν
3580 5400 3670 5452 καὶ

2095 5500 2472 5559 συστατικῶν
2509 5498 2865 5552 ἐπιστολῶν.
3387 5491 3390 5493 “

2371 5585 2639 5639 Συνόδου
2679 5585 3064 5651 Χαλκηδόνος
3096 5578 3295 5633 κανὼν
3328 5585 3416 5631 ια’.

2174 5681 2384 5742 Πάντας
2440 5678 2564 5739 τοὺς
2595 5677 2830 5747 πένητας
2879 5676 2973 5729 καὶ
3013 5673 3296 5743 δεομένους
3335 5670 3660 5737 ἐπικουρίας,

2919 5225 3252 5294 Ἐκκλησιῶν
3308 5224 3588 5292 κληρικοὶ,
3621 5239 3668 5272 κ.
