3842 6224
161 261 286 332 673

981 261 1379 322 SYNTAGMA
1432 243 1816 322 CANONIIM.
1856 283 1924 294 -
1967 260 2116 321 Tl'l‘.
2159 259 2324 319 VIII.
2363 258 2517 317 CAP.
2578 254 2812 318 V-VIII.

3331 257 3434 320 674

168 373 325 446 μετὰ
353 370 676 440 δοκιμασίας
701 369 1021 434 ἐπιστολίοις
1041 373 1215 424 εῖτουν
1251 373 1542 441 εἰρηνικοῖς
1578 370 1774 439 ἐκκλη-

1884 382 2002 422 cum
2034 366 2456 429 examinatione,
2489 380 2612 418 cum
2649 365 2893 432 epistolis
2927 377 3019 417 seu
3069 363 3308 431 paciﬁcis
3347 382 3436 422 ee-

170 462 484 524 σιαστικοίς
519 462 699 528 μόνοις
719 461 922 514 ὁδεύειν
951 461 1252 530 ὡρίσαμεν,
1276 461 1370 514 καὶ
1403 461 1476 530 μὴ
1519 477 1771 512 συστατι-

171 556 321 616 atate,
341 553 429 605 διὰ
460 553 521 604 τὸ
539 551 636 614 τὰς
655 552 983 615 συστατικὰς
1014 553 1300 615 ἐπιστολὰς
1323 555 1621 623 προσήκειν
1657 554 1770 615 τοῖς

166 644 338 699 οὖσιν
356 646 413 697 ἐν
436 643 703 713 ὑπολήψει
761 643 942 714 μόνοις
993 644 1322 713 παρέχεσθαι
1346 645 1676 715 προσώποις.

433 815 702 869 Συνόδου
731 815 1149 884 Καρθαγέννης
1178 819 1378 869 κανὼν
1406 816 1518 887 ρς⁹.

259 905 390 958 Ἵνα
411 907 465 958 οὶ
509 905 605 958 ἐπὶ
651 906 720 959 τὸ
763 907 1080 974 κομιτάτον
1131 911 1515 976 πορευόμενοι
1540 906 1654 976 τὴν
1676 909 1767 962 al-

172 996 324 1048 τίαν
345 995 593 1061 ἑαυτῶν,
621 997 719 1049 καὶ
750 997 828 1061 τῷ
857 997 926 1050 ἐν
968 999 1330 1066 Καρχηδόνι,
1374 999 1470 1052 καὶ
1504 999 1583 1064 τῷ
1623 999 1765 1054 Ῥω-

173 1085 384 1154 μαϊκῷ
410 1087 549 1154 ἱερεῖ
580 1087 1018 1142 σπουδάσωσιν
1041 1090 1386 1158 ἐμφανίσαι.

256 1184 377 1246 ρς¹.
411 1177 644 1247 Ἤρεσεν
667 1177 752 1230 ἵνα
780 1178 1127 1248 ὁττισδήποτε
1175 1180 1309 1250 πρὸς
1355 1180 1415 1233 τὸ
1445 1181 1757 1252 κομιτάτον,

173 1286 236 1322 κ.
266 1267 395 1322 τ.λ.

254 1362 516 1415 ΚΕΦΑΛ.
551 1363 627 1415 Ζ⁹.
657 1390 728 1404 --
761 1363 889 1415 Τίσι
916 1361 1010 1416 δεῖ
1045 1363 1184 1428 τοὺς
1223 1363 1592 1428 ἐπισκόπους
1609 1364 1763 1430 βοη-

177 1453 337 1507 θεῖν·
369 1453 468 1508 καὶ
493 1452 626 1520 περὶ
649 1453 1019 1518 ἐπισκόπων,
1042 1453 1139 1506 καὶ
1177 1453 1611 1520 πρεσϐυτέρων,
1661 1454 1760 1507 καὶ

175 1542 505 1604 διακόνων,
534 1543 620 1612 μὴ
649 1545 1066 1612 χορηγούντων
1086 1544 1208 1610 τοῖς
1232 1543 1504 1598 ἐνδεέσιν
1542 1544 1761 1611 ἐκκλη-

175 1649 548 1699 σιαστικοις.

618 1725 1001 1781 Ἀποστόλων
1026 1725 1226 1780 κανὼν
1248 1723 1345 1779 νθ’.

251 1816 361 1870 νθ’.
389 1817 455 1869 Εἴ
504 1833 587 1879 τις
627 1818 942 1884 ἐπίσκοπος,
975 1816 1007 1886 ἢ
1058 1815 1446 1884 πρεσϐύτερος,
1475 1813 1620 1876 τινος
1660 1813 1768 1866 τῶν

179 1907 472 1977 κληρικῶν
504 1907 718 1968 ἐνδεοῦς
748 1908 920 1973 ὄντος,
983 1908 1056 1977 μὴ
1091 1909 1412 1976 ἐπιχορηγεί
1457 1906 1524 1958 τὰ
1558 1905 1766 1970 δέοντα,

177 1998 553 2070 ἀφοριζέσθω·
586 2000 856 2070 ἐπιμένων
880 1999 959 2065 δὲ,
989 1998 1354 2067 καθαιρείσθω
1375 1997 1450 2060 ὡς
1505 1997 1770 2066 φονεύσας

177 2090 286 2143 τὸν
317 2088 546 2158 ἀδελφὸν
575 2089 762 2144 αὐτοῦ.

517 2184 786 2238 Συνόδου
805 2179 1105 2250 Σαρδικῐκ·
1131 2179 1331 2233 κανὼν
1351 2175 1416 2243 ζ’.

261 2281 332 2348 ξ’.
351 2279 844 2344 Ὀσιοςέπίσκοπος
861 2269 1033 2327 εἶπεν.
1049 2272 1114 2325 Ἥ
1129 2273 1354 2342 ἀκαιρία
1371 2271 1546 2343 ἡμῶν,
1561 2288 1616 2326 κ.
1637 2288 1690 2326 τ.
1711 2271 1766 2328 λ.

262 2462 328 2513 Οἱ
365 2459 652 2528 τανόμενοι
687 2455 972 2527 αἱρετικοὶ,
1001 2453 1063 2506 ού
1113 2450 1471 2523 χορηγοῦντγι
1501 2450 1568 2503 τὰ
1613 2451 1766 2518 λεγό-

185 2567 334 2622 μενα
370 2546 720 2618 ἀξιωματικὰ
745 2545 851 2598 ἀπὺ
880 2544 986 2596 τῶν
1011 2541 1374 2610 δικαστηρίων
1417 2541 1450 2611 ἢ
1496 2540 1604 2593 τῶν
1643 2542 1768 2593 Ἑκ-

188 2635 462 2707 κλησιῶν.
497 2635 571 2696 ὡς
600 2633 740 2704 βιϐλ.
770 2639 840 2697 α’,
879 2632 985 2686 τιτ.
1016 2630 1079 2695 ε’,
1103 2631 1240 2683 διάτ.
1278 2637 1347 2684 κ’.

264 2724 520 2777 ΚΕΦΑΛ.
541 2722 624 2777 H’.
649 2752 720 2760 —
741 2721 876 2788 Περὶ
901 2718 1177 2773 συνόδων
1213 2719 1309 2772 καὶ
1337 2717 1456 2772 τῶν
1475 2720 1562 2784 εἰς
1582 2719 1769 2785 αὑτὰς

179 2817 276 2888 μὴ
310 2815 630 2870 ἀπιόντων.

590 2904 972 2960 Ἀποστόλων
999 2900 1197 2956 κανὼν
1225 2900 1321 2965 λζ’.

265 2996 368 3062 λζ’.
418 2995 676 3064 Δεύτερον
703 2993 795 3046 τοῦ
826 2993 978 3053 ἔτους
1009 2991 1221 3052 σύνοδος
1252 2988 1482 3058 γινέσθω
1513 2991 1620 3041 τῶν
1645 2989 1766 3042 ἐπι-

1873 459 2196 514 clesiasticis
2241 459 2372 513 solis
2412 458 2555 512 viam
2606 457 2811 526 ingredi
2858 457 3181 520 statuimus,
3223 467 3277 510 et
3329 474 3435 511 non

1872 567 1994 606 cum
2037 550 2532 606 commendatitiis:
2573 550 2827 618 quoniam
2861 548 3066 603 litteras
3094 549 3440 603 commenda-

1869 641 2017 696 titias
2053 643 2120 697 iis
2149 642 2282 698 solis
2313 641 2560 712 personis
2592 655 2713 709 quae
2739 649 2869 695 sunt
2899 649 3184 710 suspectae,
3210 641 3436 710 praeberi

1869 741 2102 804 oportet.

2104 820 2330 875 Concilii
2386 819 2812 889 Carthaginensis
2858 837 3022 875 canon
3069 821 3192 878 106.

1945 911 2011 966 Ut
2063 921 2329 981 pergentes
2381 911 2449 964 ad
2533 912 2839 964 comitatum
2899 929 3113 966 causam
3170 931 3320 966 suam
3362 915 3438 967 rei

1867 1001 2272 1071 Carthaginensi
2317 1001 2397 1054 vel
2449 999 2686 1055 Romano
2744 1004 2981 1072 pontiﬁci
3016 1005 3290 1058 insinuare
3311 1022 3439 1073 pro-

1867 1102 2069 1147 curent.

1935 1186 2056 1241 106.
2093 1188 2322 1255 Placuit,
2378 1197 2436 1244 ut
2464 1189 2784 1260 quicunque
2817 1189 2884 1243 ad
2928 1191 3268 1256 comitatum,
3302 1201 3434 1255 etc.,

1864 1285 1928 1328 ut
1977 1293 2100 1347 pag.
2140 1278 2263 1333 680.

1933 1367 2092 1436 207
2141 1368 2291 1422 CAP.
2322 1367 2840 1433 VII.—Quibusnam
2871 1367 3090 1420 debeant
3126 1381 3272 1434 opem
3297 1367 3433 1434 ferre

1860 1459 2109 1524 episcopi.
2172 1457 2240 1509 Et
2265 1459 2328 1511 de
2355 1459 2636 1526 episcopis,
2686 1455 3022 1525 presbyteris,
3063 1455 3300 1509 diaconis
3341 1455 3435 1524 qui

1861 1562 1964 1601 non
1993 1546 2294 1617 largiuntur
2330 1549 2594 1619 egentibus
2617 1548 3004 1602 ecclesiasticis.

1799 1716 1848 1776 Β
2294 1725 2665 1792 Apostolorum
2698 1739 2864 1776 canon
2927 1721 3014 1776 59.

1938 1817 2028 1873 59.
2093 1817 2150 1872 Si
2204 1818 2324 1887 quis
2385 1819 2670 1886 episc0pus
2728 1817 2808 1870 vel
2854 1817 3150 1884 presbyter,
3186 1828 3307 1868 cum
3360 1815 3431 1868 sit

1870 1911 2069 1981 aliquis
2103 1927 2168 1964 ex
2198 1911 2410 1964 clericis
2441 1925 2664 1980 egenus.
2707 1923 2768 1960 ea
2801 1921 2920 1975 qua;
2953 1913 3082 1958 sunt
3121 1905 3431 1957 necessaria

1869 2004 2060 2068 eiﬂuon
2087 2002 2424 2071 suppeditat,
2467 2009 2782 2069 segregetur
2814 2016 2827 2052 :
2855 1999 2938 2053 sin
2977 2005 3156 2051 autem
3190 2010 3436 2064 perseve-

1869 2101 1972 2158 ret,
2019 2094 2341 2164 deponatur,
2377 2093 2550 2160 utqui
2591 2091 2812 2146 fratrem
2865 2106 3024 2145 suum
3068 2087 3426 2141 interfecerit.

2222 2181 2446 2237 Concilii
2469 2180 2800 2236 Sardicensis
2831 2197 2996 2234 canon
3028 2180 3081 2235 7.

1938 2275 1994 2330 7.
2028 2275 2225 2330 ilosius
2258 2255 2546 2344 episcopus
2583 2274 2720 2328 dixit
2761 2292 2774 2327 :
2810 2272 3190 2343 importunitas
3225 2284 3432 2338 nostra,

1873 2377 2006 2434 etc.,
2040 2378 2095 2419 ut
2125 2383 2246 2436 pag.
2285 2366 2409 2420 667.

1940 2458 2243 2528 Indigentes
2279 2455 2516 2511 haeretici
2544 2472 2650 2510 non
2701 2455 2980 2525 accipiunt
3014 2472 3044 2511 e
3083 2455 3304 2526 iudiciis
3338 2462 3436 2508 aut

1868 2548 2126 2604 Ecclesiis
2159 2564 2220 2604 ea
2254 2563 2374 2618 quae
2391 2548 2682 2603 honoraria
2710 2547 2986 2614 dicuntur,
3015 2557 3072 2602 ut
3094 2548 3183 2602 lib.
3208 2563 3248 2611 ι,
3275 2547 3358 2601 tit.
3376 2545 3431 2611 5,

1865 2648 2045 2693 const.
2078 2639 2131 2693 8.

1934 2731 2088 2785 CAP.
2117 2730 2250 2784 Vill.
2286 2760 2356 2772 —
2389 2729 2465 2784 De
2504 2729 2718 2800 synodis
2738 2772 2750 2794 ,
2782 2739 2832 2786 et
2861 2730 2924 2785 de
2947 2746 3047 2784 non
3075 2729 3434 2785 concurrenti-

1868 2821 1962 2876 bus
1985 2822 2052 2874 ad
2079 2823 2244 2892 ipsas.
2815 2832 2837 2858 ν

2276 2909 2646 2979 Apostolorum
2684 2927 2850 2965 canon
2889 2909 2978 2964 57.

1939 3003 2026 3056 57.
2046 3002 2132 3055 Bis
2147 3002 2199 3055 in
2217 3017 2361 3055 anno
2381 3004 2468 3056 liat
2485 3003 2862 3072 episcoporum
2882 3002 3142 3070 synodus,
3164 3010 3218 3055 et
3237 3001 3374 3056 inter
3387 3001 3431 3034 ⁷³

190 3055 444 3150 σκόπων,
500 3055 600 3138 καί
655 3085 1090 3153 ἀνακρινέτωσαν
1124 3055 1380 3152 ἀλλήλους
1410 3080 1477 3133 τὰ
1526 3081 1766 3149 δόγματα

1884 3107 1927 3146 te
1955 3091 2266 3146 exaniinent
2305 3093 2518 3145 decreta
2560 3092 2854 3160 religionis,
2897 3099 2950 3144 et
2991 3090 3290 3143 incidentes
3339 3105 3431 3143 ec-

189 3180 296 3245 τῆς
331 3175 640 3238 εὐσεϐείας,
687 3174 782 3225 καὶ
818 3174 914 3235 τὰς
964 3172 1338 3242 ἐμπιπτούσας
1391 3171 1770 3240 ἐκκλησιαστι-

191 3269 304 3328 κὰς
339 3263 642 3331 ἀντιλογίας
699 3263 1078 3324 διαλυέτωσαν,
1111 3261 1256 3328 ἅπαξ
1308 3262 1406 3332 μὲν
1443 3263 1510 3330 τῇ
1541 3260 1772 3330 τετάρτῃ

191 3357 457 3427 ἐϐδομάόι
507 3356 607 3425 τῆς
640 3355 1035 3424 Πεντηκοστῆς,
1064 3353 1313 3422 δεύτερον
1340 3353 1396 3406 δὲ
1443 3350 1771 3422 Ὑπερϐερε-

192 3451 357 3505 ταίου
373 3449 670 3520 δωδεκάτῃ,
701 3448 840 3500 κατὰ
879 3446 1178 3516 Ῥωμαίους
1205 3445 1525 3516 ὀκτωϐρίου.

559 3561 828 3616 Συνόδου
854 3559 1099 3626 Νικαίας
1136 3559 1336 3613 κανὼν
1362 3564 1423 3611 ε’.

278 3657 343 3705 ε’.
371 3651 508 3722 Περὶ
538 3651 644 3703 τῶν
677 3651 1048 3719 ἀκοινωνήτων
1084 3648 1407 3718 γενομένων,
1452 3647 1561 3699 εἴτε
1590 3644 1696 3699 τῶν
1718 3645 1775 3698 ἐν

202 3744 420 3813 κλήρῳ,
465 3743 572 3795 εἴτε
611 3742 717 3794 τῶν
743 3743 798 3792 ἐν
827 3739 997 3808 λαῖκῷ
1061 3739 1324 3806 τάγματι,
1360 3737 1464 3787 ὑπὸ
1495 3736 1602 3788 τῶν
1653 3734 1775 3787 καθ’

206 3836 452 3905 ἑκάστην
508 3835 778 3904 ἐπαρχίαν
806 3831 1136 3891 ἐπισκόπων,
1192 3829 1461 3900 κρατείτω
1495 3829 1526 3897 ἠ
1558 3825 1772 3896 γνώμη.

204 3926 353 3978 κατὰ
381 3924 473 3976 τὸν
510 3925 710 3978 κανόνα
738 3923 827 3975 τὸν
882 3919 1263 3991 διαγορεύοντα
1299 3920 1422 3980 τοὺς
1458 3917 1546 3985 ὑφ’
1577 3918 1777 3986 ἐτέρων

205 4016 636 4084 ἁποϐληθέντας,
669 4014 755 4082 ὑφ’
785 4014 983 4084 ἐτέρων
1018 4012 1093 4082 μὴ
1122 4011 1459 4081 προσίεσθαι.
1506 4008 1777 4074 Ἐξεταζέ-

208 4110 327 4175 σθω
356 4109 413 4161 δὲ
443 4107 516 4178 μὴ
545 4104 875 4176 μικροψυχία
904 4107 1142 4167 πάντως,
1169 4107 1216 4155 εἰ
1265 4102 1585 4172 φιλονεικία,
1610 4103 1642 4171 ἦ
1677 4119 1778 4154 τιιι

205 4200 439 4269 τοιαύτῃ
500 4198 660 4267 ἀηδίᾳ
704 4195 798 4248 τοῦ
841 4194 1144 4248 ἐπισκόπου
1169 4235 1185 4260 ,
1237 4193 1648 4260 ἀποσυνάγωγοι
1691 4207 1782 4258 γε-

209 4292 495 4360 γένηνται.
541 4289 658 4340 ’Ὶνα
691 4283 783 4340 οὖν
831 4286 989 4338 τοῦτο
1029 4287 1129 4355 τὴν
1179 4285 1490 4356 πρέπουσαν
1535 4283 1779 4347 ἐξέτασιν

1871 3173 2204 3236 cIesiastieas
2225 3183 2624 3236 controversias
2641 3191 2972 3250 componant
2994 3197 3007 3233 :
3028 3181 3194 3234 semel
3217 3181 3436 3248 quidem

1869 3288 2060 3345 quarta
2093 3277 2426 3330 hebdomada
2461 3275 2822 3341 Pentecostes,
2871 3275 3064 3330 iterum
3109 3284 3288 3328 autem
3339 3274 3438 3343 hy-

1868 3367 2176 3438 perberetati
2207 3366 2526 3421 duodecimo
2549 3367 2846 3420 secundum
2871 3365 3147 3420 Romanos
3176 3364 3434 3421 octobris.

2273 3569 2504 3623 Conrilii
2542 3565 2750 3620 Νειτσηί
2803 3584 2970 3622 canon
3005 3566 3056 3619 5.

1920 3655 2066 3711 5.οθ
2098 3653 2168 3708 iis
2199 3657 2291 3721 qui
2324 3664 2350 3702 a
2376 3651 2419 3683 ⁸ο
2440 3665 2820 3706 communione
2850 3655 3113 3718 segregati
3138 3663 3282 3714 sunt,
3304 3661 3418 3712 sive

1856 3743 2182 3797 clericorum
2208 3739 2324 3792 sive
2349 3739 2612 3792 laicorum
2643 3738 2999 3800 sintordiuis.
3035 3739 3102 3791 ab
3129 3737 3421 3808 episcopis,

1859 3837 1948 3904 qui
1987 3843 2115 3888 sunt
2149 3835 2202 3888 in
2238 3845 2567 3902 unaquaque
2599 3830 2898 3899 provincia.
2940 3830 3118 3884 valeat
3155 3831 3430 3884 sententia

1859 3930 2158 3983 secundum
2204 3940 2497 3987 canonem,
2543 3923 2635 3993 qui
2688 3923 3008 3990 pronuntiat
3049 3937 3164 3985 eos,
3223 3922 3315 3990 qui
3365 3923 3434 3976 ab

1859 4021 1984 4076 aliis
2031 4019 2190 4086 ejecti
2239 4028 2386 4080 sunt,
2440 4032 2547 4071 nou
2597 4031 2719 4069 esse
2753 4014 2820 4067 ab
2861 4013 2984 4068 aliis
3017 4013 3430 4070 admittendos:

1860 4115 2203 4171 examinetur
2227 4122 2432 4176 autem,
2469 4109 2718 4178 nunquid
2747 4108 2828 4162 vel
2859 4108 3314 4177 pusillaniuiitate
3348 4111 3434 4164 vel

1861 4208 2026 4276 203
2077 4205 2449 4266 contentione,
2501 4204 2584 4258 vel
2645 4202 2825 4271 aliqua
2877 4200 3147 4270 ejusmodi
3189 4205 3433 4275 episcopi

1863 4298 2184 4360 acerbitate,
2221 4296 2645 4363 congregatione
2678 4293 2819 4362 pulsi
2861 4296 2991 4346 sint.
3034 4292 3105 4348 Ut
3146 4295 3248 4350 huc
3305 4311 3438 4365 ergo

208 4382 506 4451 λαμϐάνοι,
540 4379 717 4440 καλῶς
747 4377 888 4447 ἔχειν
923 4378 1099 4443 ἔδοξεν
1123 4379 1352 4431 ἑκάστου
1379 4375 1625 4428 ἐνιαυτοῦ
1655 4371 1776 4428 καθ’

1884 4391 2275 4444 :onvenienteni
2296 4385 2752 4440 examinationem
2777 4385 3031 4454 accipiat,
3062 4395 3210 4440 recte
3232 4387 3436 4443 habere

209 4475 452 4542 ἑκάστην
473 4471 740 4541 ἐπαρχίαν
771 4470 850 4532 δὶς
894 4469 986 4521 τοῦ
1018 4470 1192 4531 ἔτους,
1237 4467 1482 4528 συνόδους
1513 4465 1776 4534 γίνεσθαι’

214 4568 305 4619 ἵνα
337 4567 490 4634 κοινῇ
520 4563 733 4615 πάντων
766 4561 873 4613 τῶν
906 4560 1221 4611 ἐπισκόπων
1251 4559 1346 4628 τῆς
1379 4558 1644 4627 ἐπαρχίας
1691 4557 1783 4607 ἐπὶ

210 4661 277 4712 τὸ
308 4656 441 4710 αὐτὸ
494 4653 872 4722 συναγομένων
900 4651 968 4704 τὰ
1013 4649 1232 4702 τοιαῦτα
1263 4648 1549 4719 ζητήματα
1597 4647 1782 4710 ἐξετά-

215 4749 386 4813 ζοιτο,
417 4747 510 4799 καὶ
539 4745 705 4806 οὕτως
726 4746 773 4795 οἱ
797 4742 1235 4811 ὁμολογουμένως
1283 4737 1783 4807 προσκεκρουκότες

213 4845 294 4912 τῷ
333 4843 637 4910 ἐπισκόπῳ,
670 4839 811 4890 κατὰ
850 4836 1004 4902 λόγον
1033 4833 1383 4900 ἀκοινώνητοι
1423 4828 1573 4899 παρὰ
1618 4827 1782 4878 πᾶσιν

216 4933 360 4986 εἶναι
409 4932 648 5000 δόξωσι.ζ
677 4930 865 5000 μέχρις
895 4927 960 4980 ἂν
1016 4925 1092 4997 τῷ
1133 4923 1294 4993 κοινῷ
1335 4921 1442 4974 τῶν
1473 4919 1784 4972 ἐπισκόπων

215 5023 342 5095 δόξῃ
393 5024 491 5092 τὴν
547 5017 1057 5090 φιλανθρωποτέραν
1113 5015 1250 5083 ὑπὲρ
1299 5012 1474 5065 αὐτῶν
1533 5006 1785 5061 ἐκθέσθαι

217 5115 421 5184 ψῆφον.
457 5115 522 5166 Αἰ
549 5113 605 5165 δέ
640 5111 848 5163 σύνοδοι
877 5107 1212 5176 γινέσθωσαν
1233 5145 1247 5168 ,
1277 5104 1372 5172 μία
1405 5102 1502 5172 μὲν
1532 5100 1637 5168 πρὸ
1687 5098 1787 5164 τῆς

221 5204 700 5275 Τεσσαρακοστῆς,
731 5202 817 5255 ἵνα
843 5203 1022 5268 πάσης
1068 5195 1429 5267 μικροψυχίας
1460 5191 1786 5259 ἀναιρουμέ-

223 5317 342 5368 νης,
390 5300 450 5350 τὸ
498 5297 666 5364 δῶρον
703 5294 936 5364 καθαρὸν
970 5289 1344 5360 προσφέρηται
1377 5285 1452 5354 τῷ
1481 5285 1599 5354 Θεῷ
1624 5301 1636 5312 ’
1671 5283 1786 5335 δευ-

221 5393 357 5460 τέρα
384 5390 442 5442 δὲ
473 5390 597 5454 περὶ
632 5388 722 5438 τὸν
745 5386 837 5439 τοῦ
880 5382 1197 5456 μετοπώρου
1237 5377 1448 5447 καιρόν.

330 5567 377 5599 ⁷⁸
434 5564 554 5619 Nic.
614 5579 738 5618 can.
795 5561 845 5616 5.

224 5638 403 5694 lnuoc.
460 5638 545 5691 10.

955 5557 1001 5590 ⁸ο
1031 5563 1220 5627 Apost.
1278 5554 1340 5608 15
1380 5561 1432 5608 ct
1470 5553 1571 5620 '55;
1635 5547 1881 5603 Antioch.
1934 5546 2001 5612 6,
2039 5547 2126 5612 75,
2163 5545 2244 5609 Il,
2276 5561 2329 5613 q.
2363 5545 2416 5598 3.

1868 4486 2041 4540 visum
2073 4491 2178 4546 cst,
2213 4487 2273 4534 ut
2303 4478 2535 4548 singulis
2562 4477 2723 4530 annis
2765 4477 2817 4530 in
2849 4492 3176 4548 unaquaque
3207 4480 3435 4549 provin-

1868 4579 1950 4631 cia
1983 4577 2066 4630 bis
2087 4576 2129 4606 ει
2159 4576 2209 4627 in
2243 4587 2387 4625 anno
2419 4569 2612 4640 synodi
2648 4569 2813 4624 (iant:
2843 4578 2904 4624 ut
2935 4586 3058 4624 cum
3088 4587 3282 4627 omnes
3314 4588 3441 4642 pro-

1868 4667 2061 4723 vincire
2117 4665 2359 4734 episcopi
2421 4664 2475 4716 in
2523 4663 2773 4718 eumdem
2840 4663 3017 4718 locum
3073 4665 3443 4719 communiter

1870 4760 2219 4819 conveniant,
2246 4754 2516 4825 ejusmodi
2563 4756 2895 4823 qtnestiones
2940 4757 3320 4809 examinentur
3350 4773 3362 4808 :
3393 4765 3445 4808 et

1873 4857 1952 4908 sic
1981 4866 2120 4921 quos
2152 4850 2464 4917 episcopum
2491 4845 2786 4901 oiIcutlisse
2808 4848 3136 4905 constiterit.
3157 4847 3304 4914 juste
3324 4862 3446 4900 esse

1876 4943 2294 5012 congregatione
2337 4940 2572 5009 separati
2603 4939 2744 5008 apud
2776 4954 2966 4992 omnes
3001 4939 3307 4999 videantur,
3343 4937 3445 4987 du-

1876 5049 1977 5090 ncc
2031 5033 2414 5101 episcoporum
2463 5029 2872 5098 congregationi
2932 5029 3179 5081 videatur
3226 5041 3321 5094 pro
3382 5027 3448 5080 iis

1875 5125 2259 5179 humaniorem
2316 5121 2562 5190 proferre
2612 5121 2958 5174 sententiam.
3013 5117 3215 5188 Synodi
3267 5129 3449 5171 autem

1881 5219 2034 5282 iiant,
2067 5231 2172 5268 una
2209 5215 2428 5284 quidem
2463 5222 2589 5267 ante
2613 5212 3112 5282 quadragesimum,
3151 5219 3230 5274 ut,
3266 5211 3448 5263 omni-

1881 5310 1985 5363 bus
2037 5308 2202 5360 animi
2249 5305 2505 5360 sordibus
2551 5306 2802 5364 sublatis,
2851 5318 3046 5370 purum
3085 5315 3287 5354 munus
3343 5299 3452 5354 l)co

1885 5399 2144 5455 oﬁ‘eratur
2173 5413 2186 5448 :
2228 5397 2464 5451 secunda
2497 5405 2679 5449 autem
2708 5392 2955 5446 autumni
2995 5401 3256 5457 tempore.

2529 5544 2573 5576 “
2601 5542 2786 5612 Apost.
2843 5539 2955 5605 28;
3003 5541 3254 5593 Antioch.
3324 5538 3394 5594 15
3429 5555 3445 5604 ;
