3842 6224
349 259 462 324 675

696 364 922 422 Concilii
952 364 1258 420 Antiocheni
1283 381 1455 420 canon
1485 365 1578 420 20.

419 457 514 515 20.
535 457 762 526 Propter
790 471 924 511 usus
947 455 1372 520 ecclesiasticos,
1402 465 1454 510 et
1476 471 1572 525 pro
1594 470 1924 525 componen-

347 550 434 606 dis
455 549 873 614 controversiis,
909 557 1057 602 recte
1081 547 1283 602 habere
1305 547 1483 602 visum
1507 557 1612 611 est,
1643 558 1704 602 ut
1731 547 1924 618 synodi

347 642 728 712 episcoporum
783 639 839 694 itt
895 652 1224 710 unaquaque
1256 640 1539 711 provincia
1579 640 1710 693 ﬁant
1758 640 1841 692 bis
1869 639 1924 692 in

347 747 495 787 anno
528 755 539 786 :
571 731 743 786 semel
802 731 1024 801 quidem
1076 741 1200 801 post
1253 733 1466 787 tet-tiam
1526 733 1921 788 hebdomadem

353 825 478 879 festi
511 822 834 886 Pascltaamt
858 831 1052 893 quarta
1078 824 1415 878 hebdomade
1437 823 1784 878 Pentecostes
1807 838 1926 892 pcr-

345 915 560 970 ﬁciatur
580 915 847 985 synodus,
877 915 1296 985 metropolitano
1325 916 1688 985 provinciales
1709 917 1925 985 episeo-

345 1020 442 1077 pos
480 1007 805 1060 admonente
837 1006 1132 1060 secundam
1169 1009 1440 1075 synodum
1467 1008 1648 1062 idibus
1688 1007 1928 1062 octobris

345 1095 610 1160 futuram,
653 1097 746 1165 qui
777 1106 860 1151 est
895 1098 1141 1152 decimus
1188 1097 1576 1180 ltyperberetzei
1607 1116 1621 1152 :
1660 1107 1716 1152 ut
1755 1100 1808 1151 in
1842 1097 1927 1152 his
1959 1139 1968 1152 .

346 1188 482 1258 ipsis
537 1189 766 1258 synodis
816 1189 1080 1243 accedant
1126 1191 1426 1260 presbyteri
1485 1198 1540 1244 et
1575 1189 1827 1253 diaconi,
1874 1198 1928 1242 et

347 1294 541 1333 omnes
578 1280 669 1348 qui
709 1294 768 1334 se
799 1281 998 1349 injuria
1040 1280 1264 1336 affectos
1305 1289 1534 1351 putant,
1567 1291 1622 1335 et
1657 1296 1687 1334 a
1719 1281 1928 1352 synodo

338 1372 612 1441 judicium
644 1383 1032 1442 assequamur,
1068 1389 1168 1427 nec
1202 1373 1329 1428 ullis
1375 1373 1537 1427 liceat
1572 1372 1809 1443 synodos
1835 1386 1928 1440 per

347 1479 408 1519 se
457 1463 680 1530 facere,
746 1464 862 1519 sine
925 1465 991 1519 iis
1037 1465 1238 1534 quibus
1287 1472 1417 1521 sunt
1464 1465 1684 1520 creditae
1724 1473 1929 1519 metro-

345 1556 526 1626 poles.

699 1731 923 1786 Concilii
957 1731 1241 1786 Laodicmi
1277 1748 1444 1787 canon
1477 1731 1568 1786 40.

432 1825 522 1880 40.
563 1823 720 1889 Quod
771 1841 879 1878 non
926 1832 1140 1893 oportet
1175 1824 1463 1892 episcopos
1513 1825 1606 1892 qui
1662 1833 1926 1876 vocantur

346 1916 415 1972 ad
450 1917 740 1986 synodum,
787 1916 1081 1985 negligere,
1131 1917 1224 1971 sed
1273 1916 1443 1980 abire,
1494 1924 1547 1970 et
1595 1917 1791 1970 docere
1843 1916 1926 1970 vel

348 2008 556 2071 doceri,
587 2010 652 2061 ad
689 2007 851 2076 209
875 2009 1269 2062 correctionem
1310 2006 1565 2062 Ecclesiae
1596 2017 1648 2060 et
1681 2007 1924 2075 reliquo-

350 2113 494 2152 rum.
531 2097 586 2151 Si
620 2100 745 2168 quis
775 2107 958 2151 autem
993 2099 1311 2166 neglexerit,
1348 2099 1394 2152 is
1421 2099 1662 2167 seipsum
1697 2113 1926 2153 accusa-

346 2187 460 2255 bit;
493 2199 858 2258 przeterqnam
901 2190 946 2242 si
984 2197 1204 2260 propter
1243 2190 1618 2259 intemperiem
1654 2198 1709 2244 et
1760 2189 1924 2260 aegri-

346 2281 589 2337 tudinem
627 2295 734 2334 non
766 2283 970 2335 veniat.

597 2370 819 2423 lioncilii
850 2368 1290 2423 Chalcedonensis
1351 2385 1519 2423 canon
1553 2369 1646 2426 19.

421 2460 512 2517 19.
545 2461 792 2515 Pervenit
824 2461 890 2515 ad
923 2475 1084 2515 aures
1125 2467 1365 2527 nostras,
1417 2461 1559 2530 quod
1609 2461 1663 2514 in
1705 2460 1926 2531 provin-

346 2553 467 2618 ciis,
498 2554 802 2607 canonibus
825 2552 1136 2609 constitutae
1165 2554 1544 2623 episcoporum
1600 2554 1790 2624 synodi
1819 2550 1929 2609 non

350 2644 526 2710 ﬁant,
563 2652 617 2698 et
670 2659 735 2697 ex
784 2658 850 2698 eo
912 2645 1083 2698 multa
1132 2645 1506 2700 ecclesiastica
1591 2647 1929 2716 negligantur

345 2749 468 2804 qua)
496 2737 838 2790 correctione
866 2735 1128 2805 indigent.
1159 2734 1358 2790 Statuit
1386 2753 1516 2808 ergo
1539 2747 1724 2792 sancta
1756 2753 1924 2808 syno-

354 2823 460 2880 dus
542 2826 842 2880 secundum
932 2835 1246 2879 sanctorum
1325 2825 1546 2880 Patrum
1630 2843 1922 2891 canones,

351 2923 415 2968 ut
448 2915 531 2969 bis
555 2914 607 2968 in
636 2929 780 2968 anno
811 2916 1060 2969 eumdem
1092 2915 1145 2968 in
1173 2915 1347 2969 locum
1382 2917 1708 2970 conveniant
1741 2917 1928 2972 unius-

348 3007 618 3077 cujusque
665 2991 964 3076 provinciae
1041 3007 1304 3079 episcopi,
1361 3015 1421 3063 ut
1479 3012 1929 3079 metropolitanus

348 3099 547 3153 melius
599 3114 720 3153 esse
789 3101 1146 3170 perspexerit,
1203 3110 1257 3156 et
1321 3102 1536 3172 singula
1594 3106 1925 3173 emergentia

346 3187 684 3260 [corrigantz
721 3190 962 3258 episcopi
993 3190 1222 3262 autem],
1257 3191 1351 3261 qui
1410 3206 1519 3246 non
1573 3197 1902 3247 conveniunt

347 3281 394 3334 si
423 3280 479 3332 i'n
515 3279 705 3334 eadem
741 3283 1030 3349 metropoli
1073 3295 1380 3347 versentur,
1437 3293 1600 3352 atque
1627 3284 1766 3337 adeo
1806 3284 1926 3336 sani

347 3371 459 3426 sint
485 3381 540 3425 et
573 3373 642 3425 ah
685 3373 836 3426 omni
867 3373 1231 3432 inexcusabili
1257 3383 1310 3429 et
1350 3378 1662 3430 necessario
1707 3379 1928 3446 negotio

345 3460 528 3528 liberi,
563 3462 801 3518 fraterne
818 3466 1306 3533 reprehendantur.

418 3641 643 3704 Concilii
675 3641 1104 3711 Carthaginemis
1147 3659 1374 3696 canones
1412 3643 1498 3706 18,
1524 3643 1612 3708 75,
1637 3643 1724 3707 76,
1752 3642 1842 3698 95.

420 3734 510 3787 18.
548 3733 607 3786 Si
629 3735 745 3802 quis
773 3735 998 3786 clericus
1034 3735 1338 3798 ordinatus,
1363 3744 1494 3797 etc.,
1519 3743 1576 3786 ut
1605 3751 1726 3805 pag.
1750 3736 1858 3791 482

420 3824 573 3879 Diem
603 3825 824 3878 Pascha:
852 3826 938 3878 die
964 3825 1176 3878 concilii
1215 3825 1584 3880 nuntiandum.

422 4000 511 4056 75.
541 4001 668 4056 Item
706 4001 907 4071 placuit
933 4011 990 4057 ut
1014 4003 1132 4058 dies
1163 4004 1488 4060 venerabilis
1518 4005 1760 4074 Paseltte,
1793 4017 1926 4074 etc.,

348 4107 407 4150 ut
434 4113 554 4166 pag.
597 4096 724 4149 642.

417 4190 497 4244 De
531 4193 788 4260 episcopis
863 4191 954 4261 qui
992 4191 1063 4244 ad
1091 4192 1323 4246 concilia
1364 4208 1470 4246 non
1517 4205 1820 4248 occurrunt.

1512 257 1772 320 PHOT‘lI
1809 257 2314 319 PATRIARCHAE
2343 257 2451 319 Cl’.

1952 368 2006 428 Α

3521 256 3628 320 676

2331 365 2600 422 Συνόδου
2643 365 3000 432 Ἀντιοχείας
3021 361 3227 417 κανὼν
3258 367 3333 415 κ’.

2097 465 2169 511 κ’.
2197 459 2295 512 Διά
2319 459 2417 522 τὰς
2446 457 2903 525 ὲκκλησιαστικάς
2925 457 3134 525 χρείας,
3154 453 3250 507 καὶ
3270 451 3375 516 τὰς
3401 452 3629 524 tit-idp-

2027 551 2472 623 φισϐητουμένων
2495 549 2786 610 διαλύσεις,
2808 547 2987 609 καλῶς
3009 547 3154 615 ἔχειν
3189 546 3347 610 Εδοξε
3377 545 3628 610 συνόδους

2026 643 2149 697 καθ’
2176 643 2412 713 ἑκάστην
2434 641 2706 711 ἐπαρχίαν
2733 638 2840 690 τῶν
2871 638 3190 702 ἐπισκόπων
3218 635 3476 705 γίνεσθαι
3513 637 3628 688 δεύ-

2024 748 2182 802 τερον
2209 731 2302 784 τοῦ
2327 727 2654 790 ἓτους,ἆπαξ
2685 727 2782 797 μὲν
2817 726 2954 795 μετά
2990 724 3088 795 τὴν
3120 725 3314 794 τρίτην
3343 724 3625 792 ἑϐδομαδα

2026 823 2125 892 τῆς
2155 823 2348 892 ἑορτῆς
2379 819 2472 873 τοῦ
2528 820 2744 887 Πάσχα,
2779 818 2919 870 ὥστε
2967 818 3034 885 τῇ
3067 817 3311 887 τετάρτῃ
3361 815 3623 885 ὲϐδομάδι

2025 914 2126 984 τῆς
2151 912 2531 982 Πεντηκοστῆς
2579 909 2943 964 ἐπιτελεῖσθαι
2988 909 3087 978 τὴν
3111 909 3334 961 σύνοδον
3359 947 3374 969 ,
3417 910 3624 976 ὑπομι-

2030 1008 2363 1077 μνήσκοντος
2387 1007 2512 1068 τοὺς
2555 1002 2901 1074 ὲπαρχιώτας
2930 1003 3026 1055 τοῦ
3054 1005 3112 1055 ἐν
3149 1004 3216 1070 τῇ
3250 1001 3617 1071 μητροπόλει·

2028 1099 2128 1170 τὴν
2157 1098 2213 1151 δὲ
2242 1098 2501 1167 δευτέραν
2542 1096 2757 1149 σύνοδον
2801 1095 3048 1164 γίνεσθαι
3075 1095 3235 1156 εἰδοῖς
3287 1093 3628 1162 όκτωόρίαις

2025 1188 2146 1258 ἥτις
2176 1188 2292 1240 ἐστὶ
2307 1188 2505 1256 δεκάτη
2548 1185 3022 1256 Ὑπερϐερεταίου·
3042 1185 3181 1237 ὥστε
3203 1186 3262 1236 ὲν
3280 1184 3480 1244 αὑταῖς
3495 1184 3629 1234 :1)-

2026 1297 2146 1340 ταις
2161 1281 2279 1342 ταῖς
2298 1279 2534 1341 συνόδοις
2571 1277 2823 1348 προιέναι
2859 1277 3266 1346 πρεσϐυτέρους
3315 1274 3415 1327 καὶ
3437 1273 3630 1326 62:126-

2027 1385 2172 1434 νους,
2197 1370 2288 1422 καὶ
2315 1369 2522 1433 πάντας
2536 1371 2663 1432 τοὺς
2679 1367 2966 1438 ἠδικῆσθαι
2986 1367 3324 1437 νομίζοντας.
3350 1367 3446 1417 καὶ
3475 1363 3636 1431 παρὰ

2027 1465 2129 1535 τῆς
2158 1464 2378 1518 συνόδου
2403 1463 2731 1534 ἐπικρίσεως
2752 1464 3058 1533 τυγχάνειν
3085 1462 3158 1530 μὴ
3180 1459 3377 1525 ἐξεῖναι
3397 1459 3454 1512 δέ
3476 1475 3634 1520 τινας

2029 1552 2152 1606 καθ’
2182 1551 2377 1606 ἑαυτοῦ
2413 1552 2666 1614 συνόδους
2691 1550 2988 1618 ποιεῖσθαι,
3009 1551 3138 1605 ἄνευ
3170 1547 3282 1600 τῶν
3318 1562 3634 1600 πεπιστευ-

2033 1644 2211 1714 μένων
2237 1643 2338 1706 τάς
2370 1643 2734 1714 μητροπόλεις

2317 1734 2588 1789 Συνόδου
2621 1733 2972 1798 Λαοδικείας
2999 1732 3204 1786 κανὼν
3232 1739 3306 1804 μ’.

2101 1833 2178 1898 μ’.
2203 1825 2329 1881 Ὀτι
2357 1827 2418 1879 οὐ
2445 1825 2526 1878 δεῖ
2558 1824 2894 1885 ἐπισκόπους
2934 1824 3300 1892 καλουμένους
3351 1824 3436 1885 εἰς
3501 1821 3636 1873 σύν-

2030 1919 2150 1972 οδον
2187 1919 2573 1986 καταφρονεῖν,
2593 1915 2706 1971 ἀλλ’
2737 1917 2955 1970 ἀπιέναι
2978 1917 3074 1968 καὶ
3103 1914 3383 1968 διδάσκειν
3409 1912 3442 1983 ἢ
3481 1911 3642 1965 διδά-

2030 2006 2293 2070 σκεσθαι,
2349 2009 2428 2069 είς
2478 2007 2818 2077 κατόρθωσιν
2873 2009 2973 2076 τῆς
3020 2005 3350 2076 Ἐκκλησίας
3377 2004 3481 2056 καὶ
3524 2004 3641 2055 τῶν

2028 2098 2250 2151 λοιπῶν·
2294 2099 2344 2151 εἰ
2377 2097 2434 2150 δὲ
2465 2097 2935 2166 καταφρονήσειεν
2963 2095 2996 2148 ό
3016 2095 3279 2156 τοιοῦτος,
3314 2094 3525 2146 ἑαυτὸν
3548 2093 3637 2144 αῖ-

2028 2189 2302 2242 τιάσεσαιο
2337 2187 2634 2256 παρεκτὸς,
2660 2186 2710 2238 εί
2743 2187 2818 2256 μὴ
2847 2185 2914 2238 δι’
2948 2185 3265 2255 ἀνωμαλίαν
3293 2185 3643 2255 ἀπολιμπά-

2029 2296 2193 2333 νοιτο.

2308 2370 2579 2426 Συνόὃου
2613 2369 3000 2436 Χαλκηδόνος
3024 2370 3227 2423 κανὼν
3260 2368 3353 2422 ιδ’.

2104 2461 2395 2519 ιθ¹.Ἦλθεν
2417 2465 2496 2526 είς
2516 2463 2614 2526 τὰς
2633 2462 2803 2532 ὴμετέ
2813 2479 2909 2531 ρας
2926 2462 3114 2524 ἀκοὰς,
3137 2461 3212 2523 ὡς
3233 2463 3289 2514 ὲν
3305 2461 3433 2522 ταῖς
3452 2461 3646 2529 ἐπαρ-

2030 2555 2176 2626 χίαις
2209 2556 2264 2606 αἱ
2315 2552 2766 2620 κεκανονισμέναι
2808 2551 3014 2604 σύνοδοι
3058 2553 3166 2604 τῶν
3201 2553 3538 2603 ἐπισκόπων
3573 2551 3644 2602 σὺ

2030 2646 2290 2712 γίνονται,
2341 2640 2436 2694 καὶ
2466 2643 2530 2693 ἐκ
2577 2639 2762 2693 τούτου
2814 2639 2986 2693 πολλά
3051 2640 3456 2710 παραμελεῖται
3523 2639 3646 2690 τῶν

2032 2732 2372 2802 διορθώσεως
2424 2729 2695 2798 δεομένων
2743 2730 3211 2802 ὲκκλησιαστικῶν
3242 2731 3642 2801 πραγμάτων

2029 2825 2198 2898 ὥρισε
2253 2826 2434 2880 τοίνυν
2463 2825 2498 2895 ἡ
2527 2823 2660 2894 ἁγία
2693 2821 2927 2887 σύνοδος,
2968 2824 3106 2877 κατὰ
3134 2823 3257 2888 τοὺς
3288 2823 3403 2877 τῶν
3447 2823 3647 2891 ἁγίων

2031 2921 2291 2991 Πατέρων
2320 2919 2575 2981 κανόνας,
2615 2915 2697 2979 δὶς
2723 2915 2817 2968 τοῦ
2845 2915 3092 2968 ἐνιαυτοῦ
3121 2917 3210 2968 ἐπὶ
3230 2916 3290 2968 τὸ
3319 2915 3460 2968 αὐτὸ
3502 2931 3646 2967 συν-

2032 3013 2251 3083 τρέχειν
2309 3008 2432 3063 καΘ’
2463 3009 2702 3078 ἑκάστην
2760 3008 3026 3079 ἐπαρχίαν
3081 3009 3206 3069 τοὺς
3257 3005 3644 3074 ἐπισκόπους,

2031 3105 2161 3157 ἔνθα
2196 3105 2261 3158 ἂν
2295 3106 2323 3158 ὁ
2373 3104 2472 3174 τῆς
2509 3101 2895 3174 μητροπόλεως
2955 3099 3250 3162 ἐπίσκοπος
3312 3100 3645 3172 δοκιμάσῃ,

2026 3197 2122 3250 καὶ
2183 3193 2431 3266 διορθοῦν
2477 3193 2689 3248 ἕκαστα
2713 3192 2783 3245 τὰ
2827 3191 3226 3245 ἀνακύπτοντα⁶
3287 3193 3420 3254 τοὺς
3449 3192 3523 3245 δὲ
3563 3197 3646 3262 μὴ

2030 3289 2312 3351 συνιόντας
2339 3286 2694 3348 ἐπισκόπους,
2723 3284 3086 3354 ἐνδημοῦντας
3114 3285 3231 3346 ταῖς
3260 3284 3482 3335 ἑαυτῶν
3527 3286 3640 3337 πό-

2025 3381 2162 3445 λεσι,
2185 3380 2277 3433 καὶ
2293 3378 2462 3432 ταῦτα
2491 3379 2547 3430 ὲν
2570 3377 2727 3448 ὑγεία
2755 3377 3060 3444 διάγοντας,
3093 3378 3186 3428 δια)⁵
3227 3376 3412 3445 πάσης
3441 3376 3646 3446 ἀπειρ-

2032 3474 2258 3542 αιτήτου
2293 3473 2386 3524 καὶ
2439 3469 2746 3536 ἀναγκαίας
2771 3467 3030 3538 ἀσχολίας
3061 3467 3217 3530 ὄντας
3267 3467 3643 3538 ἐλευθέρους,

2029 3565 2328 3632 ἁδελφικῶς
2356 3560 2804 3632 ὲπιπλήττεσθαι.

2099 3654 2370 3710 Συνόδου
2398 3651 2821 3722 Καρθαγένιης
2850 3649 3050 3704 κανὼν
3071 3651 3160 3722 ιη’,
3185 3658 3281 3719 ογ’,
3311 3653 3568 3719 ος’,ιιε’.

2105 3753 2193 3816 ιη’.
2229 3746 2366 3799 Ἐάν
2396 3762 2486 3811 τις
2513 3742 2796 3812 κληρικὸς
2819 3741 3244 3811 χειροτονῆται,
3277 3760 3388 3797 xx.
3420 3744 3476 3798 λ.

2103 3838 2246 3906 Περὶ
2282 3836 2390 3891 τοῦ
2428 3837 2543 3903 τὴν
2567 3834 2799 3904 ἡμέραν
2839 3833 2947 3886 τοῦ
2971 3834 3188 3904 Πάσχα
3228 3835 3297 3887 ἐν
3317 3835 3396 3903 τῇ
3426 3837 3644 3907 ἡμέρᾳ

2029 3931 2140 4002 τῆς
2175 3930 2446 3986 συνόδου
2471 3927 2912 3998 ἀγγέλλειν-ϐαιά

2055 4086 2069 4095 I
2100 4031 2200 4093 ογν,
2242 4023 2473 4092 Ὁμοίως
2503 4021 2716 4092 Ιἤρεσεν,
2775 4017 2917 4073 ὥστε
2941 4019 3040 4088 τὴν
3067 4019 3288 4090 ,ἡμέραν
3315 4019 3417 4071 τοῦ
3452 4037 3642 4094 προσ-

2031 4114 2266 4184 κυνητοῦ
2300 4114 2510 4181 Πάσχα,
2530 4129 2586 4165 κ.
2626 4127 2678 4162 τ.
2705 4110 2757 4162 λ.

2100 4205 2240 4275 Περὶ
2295 4204 2413 4257 τῶν
2445 4202 2532 4273 μὴ
2575 4199 2977 4255 ἀπαντώντων
3021 4201 3092 4256 ἐν
3147 4203 3276 4269 ταῖς
3317 4205 3640 4274 συνόδοις

2051 4298 2420 4371 ἐπισκόπων.

421 4375 509 4430 76.
549 4376 682 4431 item
731 4378 935 4447 placuit
963 4378 1043 4444 θ’,
1071 4391 1130 4434 ut
1154 4381 1589 4451 quotiescunque
1632 4383 1924 4437 concilium

2103 4387 2210 4455 og'.
2246 4391 2479 4460 Ὁμοίως
2510 4391 2841 4462 ¹1ῇρε<ιεν,ίνα
2861 4388 3256 4459 όσακισδήποτε
3282 4389 3514 4442 σύνοδον
3555 4392 3642 4446 δεῖ

348 4469 790 4538 congregandttnt
840 4479 945 4533 est,
983 4472 1224 4541 episcOpi
1277 4474 1368 4542 qui
1403 4488 1581 4542 neque
1629 4482 1923 4530 aetateme-

2031 4477 2384 4549 συναχθῆναι,
2418 4480 2466 4532 οἱ
2512 4480 2807 4534 ἐπίσκοποι
2860 4478 3061 4541 οἵτινες
3104 4477 3228 4530 οὔτε
3277 4480 3444 4549 κείρᾳ
3490 4482 3632 4534 οὔτε

348 4575 458 4629 que
487 4560 829 4628 (egritudine,
862 4577 1039 4630 neque
1085 4563 1263 4633 aliqua
1318 4565 1554 4633 graviori
1609 4563 1924 4619 necessitate

2065 4569 2280 4641 σΟενείᾳ
2312 4569 2434 4625 οὗτε
2483 4573 2590 4624 τινὶ
2633 4571 2910 4643 βαρυτέρᾳ
2947 4572 3164 4644 ἀνάγκῃ
3201 4571 3631 4639 ἐμποδίζονται,

350 4653 748 4722 impediuntur.
785 4665 1152 4724 competenter
1178 4666 1496 4722 occurrant,
1523 4666 1577 4712 et
1602 4657 1927 4726 primatibus

351 4756 580 4800 suarum
637 4759 981 4813 quarumque
1035 4745 1442 4814 provinciarum
1500 4749 1827 4812 intintetur,
1869 4754 1930 4800 ut

348 4837 418 4894 de
444 4837 713 4891 universis
739 4838 1006 4906 episc0pis
1026 4838 1108 4892 vel
1139 4839 1278 4903 duae,
1311 4839 1391 4892 vel
1422 4850 1529 4894 tres
1566 4849 1757 4893 turmae
1778 4839 1929 4903 ﬁant,

350 4945 416 4984 ac
432 4930 496 4984 de
511 4929 741 4998 singulis
757 4931 949 4983 turmis
967 4929 1210 4983 vicissim
1225 4939 1494 4998 quthuot
1515 4931 1677 4984 electi
1698 4930 1921 4994 fuerint,

350 5021 418 5076 ad
440 5021 582 5076 diem
603 5021 820 5074 concilii
840 5022 1408 5090 gloinstantissime
1427 5031 1743 5076 occurrant.
1766 5022 1921 5087 Quod

350 5113 396 5166 si
439 5127 546 5166 non
588 5113 864 5181 potuerint
900 5128 1212 5175 occurrere,
1241 5114 1624 5168 excusationes
1654 5114 1768 5184 (65)
1793 5129 1923 5168 suas

352 5203 408 5256 in
469 5208 726 5256 tractoria
776 5204 1126 5258 conscribant
1166 5222 1180 5268 ;
1214 5205 1297 5257 vel
1352 5205 1396 5259 si
1459 5213 1580 5272 post
1629 5206 1919 5257 adventum

351 5295 627 5350 tractoria:
653 5296 848 5361 aliquae
879 5296 1231 5351 necessitates
1261 5308 1482 5365 repente
1510 5297 1739 5351 forsitan
1789 5307 1924 5352 ortae

350 5385 576 5462 fuerint,
606 5387 709 5441 nisi
743 5389 1006 5442 rationem
1044 5388 1413 5457 impedimenti
1454 5389 1537 5444 sui
1584 5390 1725 5456 apud
1758 5405 1918 5444 suum

423 5540 468 5574 θ’
490 5540 659 5596 Cone.
701 5543 957 5613 Carthag.
997 5559 1047 5610 ν,
1078 5560 1202 5598 can.
1241 5545 1327 5599 lO.
1370 5544 1537 5598 Afric.
1577 5561 1626 5598 e.
1662 5545 1749 5598 .55.

2026 4661 2299 4731 ἁρμοδίως
2332 4663 2646 4728 ἀπαντῶσι,
2680 4662 2777 4715 καὶ
2805 4665 2917 4725 τοῖς
2942 4663 3310 4733 πρωτεύουσιν
3369 4663 3631 4734 ἑκάστης

2029 4751 2163 4814 ιδίας
2193 4752 2371 4807 αὐτῶν
2397 4753 2664 4823 ἐπαρχίας
2707 4753 3069 4823 ὲμφανισθείη
3101 4757 3229 4823 περὶ
3246 4752 3467 4805 πάντων
3507 4756 3626 4808 τῶν

2028 4844 2365 4910 ἐπισκόπων,
2402 4845 2512 4896 εἴτε
2539 4845 2654 4907 δύο,
2677 4847 2786 4896 εἴτε
2815 4846 2964 4914 τρεῖς
2999 4845 3371 4916 συναθροίσεις
3403 4846 3627 4913 γένων-

2030 4951 2168 4991 tat.‘
2223 4937 2316 4988 καὶ
2356 4937 2464 4988 ἀπὸ
2513 4937 2743 4989 ἑκάστου
2782 4935 2837 4988 δὲ
2879 4937 3179 5007 ἁθροισμοῦ
3219 4938 3321 4999 ,είς
3359 4918 3625 5010 ’ἀμοιὸὴν

2025 5025 2343 5094 ὁποιδήποτε
2367 5023 2680 5092 ὲπιλεγῶσι,
2731 5024 2869 5094 πρὸς
2906 5027 3005 5094 τὴν
3030 5027 3243 5095 ἡμέραν
3263 5028 3361 5095 τῆς
3387 5030 3620 5082 συνόδου

2025 5113 2357 5175 ὲνστατικῶς
2381 5114 2788 5183 ἀπαντήσωσιν·
2807 5115 2902 5167 ἐὰν
2929 5115 2984 5166 δὲ
3016 5118 3090 5184 μὴ
3109 5115 3410 5184 δυνηῦῶσιν
3435 5121 3616 5171 ἀπαν-

2025 5205 2206 5272 τῆσαι,
2242 5206 2437 5272 ἁθρόον
2467 5205 2629 5258 τινῶν
2686 5206 2967 5273 ἀναγκῶν.
2991 5207 3065 5269 ὡς
3094 5208 3260 5269 εἰκὸς,
3294 5211 3614 5278 ἀναφυομέ-

2025 5313 2150 5360 νων,
2181 5296 2228 5347 εἰ
2272 5297 2344 5367 μὴ
2375 5299 2464 5348 τὸν
2510 5298 2663 5364 λόγον
2704 5298 2797 5350 τοῦ
2846 5299 3046 5352 οἰκείου
3073 5301 3414 5369 ἐμποδισμοῦ
3459 5309 3611 5369 παρὰ

2026 5388 2104 5456 τῷ
2134 5389 2319 5457 οἰκείῳ
2358 5390 2689 5459 πρωτεύοντι
2746 5391 3098 5445 ἁποδῶσωσιν
3136 5432 3149 5458 ,
3188 5392 3428 5462 ὀφείλειν
3482 5396 3609 5458 τοὺς

427 5653 539 5725 (65)
580 5653 729 5712 llauc
771 5660 1095 5714 sententiam
1138 5659 1371 5730 Grzccus.
1406 5660 1677 5730 interpres
1717 5659 1920 5726 omisit,
1959 5662 2220 5731 quoniam
2257 5664 2515 5717 tractoria
2576 5665 2706 5732 quid
2750 5676 2890 5719 esset
2927 5681 3026 5721 nun
3068 5667 3346 5723 intellexit.
