3842 6224
125 274 252 340 677

921 273 1323 337 SYNTAGMA
1382 273 1770 335 CANONUM.
1807 296 1871 309 -
1904 271 2052 334 TIT.
2089 273 2254 342 VIII,
2296 272 2455 332 CAP.
2496 271 2664 333 VIII.

3310 269 3414 334 678

127 387 434 450 τοιούτους
469 389 536 458 τῇ
591 385 846 458 κοινωνία
889 387 988 456 τῆς
1041 387 1178 451 ἰδίας
1213 387 1393 442 αὐτῶν
1441 385 1734 459 ἀρκεῖσθαι

1845 385 2122 454 primatem
2157 383 2512 451 reddiderint,
2572 381 2834 440 Ecclesia:
2889 393 3003 437 sua:
3028 381 3413 438 communione

124 475 508 548 Ἐκκὶησίας.
593 499 598 502 ·

125 537 428 622 Σύνοδον
452 537 540 637 μὴ
571 567 841 637 γίνεσθαι
896 566 1113 634 κοινήν
1136 585 1200 622 τε
1249 570 1347 622 καὶ
1390 537 1666 636 ὁλοτελῆ,
1691 568 1744 621 εί

714 659 801 729 μὴ
838 659 908 725 ἐξ
940 661 1230 730 ἀνάγκης.

220 749 340 816 ιτέ.
369 749 604 820 Ἦρεσεν
636 751 777 804 ὥστε
803 753 876 820 μὴ
905 745 1045 803 εἷναι
1066 752 1373 821 περαιτέρω
1402 751 1742 805 ἐνιαυσιαίαν

124 842 407 914 ἀνάγκην
435 843 528 895 τοῦ
561 843 939 912 συντρίϐεσθαι
985 845 1110 904 τοὺς
1137 842 1424 909 ἀδελφοὺς,
1456 842 1568 894 ἀλλ’
1605 844 1736 896 ὁσά-

123 949 236 995 κις
266 933 339 985 ἂν
354 933 509 1002 κοινὴ
535 932 690 1002 χρεία
713 933 1122 1007 miltiam-irim;
1151 932 1400 985 τουτέστι
1423 935 1519 1002 τῆς
1552 935 1735 1002 Ἀφρι-

125 1024 279 1094 κῆς,
316 1024 662 1094 γραμμάτων
711 1025 1003 1093 διδομένων
1039 1023 1382 1094 ὁθενδήποτε,
1416 1025 1553 1092 πρὸς
1605 1024 1738 1077 ταύ-

123 1131 248 1185 την
271 1116 373 1186 τὴν
390 1116 659 1187 καθέδραν
679 1117 888 1169 σύνοδον
907 1117 1136 1184 ὀφείλειν
1155 1116 1478 1184 συνάγεσθαι
1496 1119 1551 1169 ἐν
1567 1116 1736 1188 ταύτῃ

122 1208 206 1275 τῇ
239 1207 492 1277 ἐπαρχίᾳ
525 1207 652 1259 ἔνθα
684 1207 749 1260 ἂν
787 1209 1000 1276 ήχρεία
1024 1207 1118 1261 καὶ
1147 1210 1178 1276 ἡ
1213 1207 1588 1278 ἐπιτηδειότης
1610 1223 1736 1258 συν-

125 1298 386 1372 ωθήσῃ·
423 1301 480 1352 at
531 1300 587 1352 δὲ
611 1301 780 1353 αἰτίαι
833 1303 888 1354 αἱ
941 1301 1014 1371 μὴ
1055 1301 1210 1354 οὖσαι
1259 1300 1475 1363 κοιναὶ,
1522 1300 1581 1351 ἐν
1615 1301 1736 1362 ταῖς

128 1388 322 1453 ἰδίαις
350 1392 643 1460 ἐπαρχίαις
663 1391 946 1460 κριθῶσιν.

338 1480 606 1534 Συνόδου
625 1479 1040 1550 οἱκουμενικῆς
1061 1481 1239 1549 ἕκτης
1269 1482 1464 1535 κανὼν
1488 1489 1557 1553 η’.

203 1575 269 1639 η’
284 1611 299 1624 .
314 1570 406 1622 Ἐν
428 1570 565 1622 πᾶσι
581 1571 648 1624 τά
666 1570 771 1622 ὑπὸ
792 1570 899 1623 τῶν
920 1571 1088 1638 ἁγίων
1106 1574 1137 1641 ἠ
1146 1571 1259 1641 μῶν
1273 1573 1412 1625 Πατέ
1422 1590 1526 1643 ρων
1543 1573 1732 1626 Θεσπι-

129 1661 383 1725 σθέντα,
408 1663 503 1715 καὶ
543 1657 718 1731 ἡμεῖς’
751 1665 970 1732 κρατεῖν
1009 1663 1353 1733 βουλόμενοι,
1398 1665 1734 1734 ἀνανεοῦμεν

128 1752 243 1804 καὶ
290 1753 382 1804 τὸν
415 1753 612 1804 κανόνα
637 1752 728 1804 τὸν
752 1753 1136 1823 διαγορεύοντα
1163 1796 1176 1819 ,
1206 1754 1327 1806 καθ’
1351 1755 1580 1808 ἕκαστον
1617 1755 1735 1818 ἔτος

131 1843 415 1905 συνόδους
461 1842 572 1896 τῶν
604 1845 664 1895 ἐν
720 1845 922 1915 ἑκάστῃ
962 1846 1200 1916 ἐπαρχίᾳ
1225 1846 1468 1913 γίνεσθαι
1515 1847 1738 1899 ἐπισκό-

131 1951 300 2000 πων,
333 1935 462 1988 ἔνθα
487 1935 554 1988 ἂν
585 1937 614 1988 ό
659 1940 760 2005 τῆς
795 1939 1179 2008 μητροπόλεως
1209 1939 1483 2012 δοκιμάσῃ
1511 1941 1738 1993 ἐπίσκο·

129 2042 280 2088 stoc,
311 2027 502 2094 ἐπειδὴ
529 2027 585 2079 δέ
620 2027 707 2080 διά
732 2044 791 2080 τε
835 2028 934 2091 τὰς
967 2029 1267 2099 Βαρϐάρων
1300 2030 1618 2100 ἐπιδρομάς,
1649 2031 1737 2084 διά

128 2133 200 2170 τε
227 2117 337 2180 τάς
355 2117 804 2185 προσπιπτούσας
829 2119 1020 2190 ἐτέρας
1043 2120 1242 2182 αίτίας,
1263 2120 1538 2184 ἀδυνάτως
1560 2123 1608 2174 οί
1625 2123 1734 2174 τῶν

145 2204 514 2276 Ἐκκλησιῶν
539 2208 789 2279 πρόεδροι
813 2209 1013 2280 ἔχουσι,
1035 2211 1116 2274 δὶς
1131 2210 1224 2264 τοῦ
1243 2212 1487 2266 ἐνιαυτοῦ
1497 2213 1594 2276 τὰς
1610 2229 1737 2266 συν-

131 2300 308 2363 ὁδους
336 2299 628 2366 ποιεῖσθαι,
651 2301 826 2365 ἔδοξεν
857 2300 997 2354 ὥστε
1029 2303 1215 2373 τρόπῳ
1249 2305 1411 2356 παντὶ¹
1438 2303 1584 2370 διπαξ
1641 2303 1733 2357 τοῦ

132 2389 332 2452 ἔτους,
354 2388 455 2460 τὴν
480 2389 590 2442 τῶν
635 2391 1144 2460 προγεγραμμένων
1165 2392 1476 2446 ἐπισκόπων
1492 2435 1505 2459 ,
1527 2391 1615 2446 διά
1643 2392 1732 2459 τὰ,

134 2480 228 2543 ὡς
282 2480 454 2545 εἰκὸς,
492 2482 840 2550 ἀναφυόμενα
873 2482 1298 2550 ἐκκλησιαστικά
1340 2484 1644 2550 κεφάλαια,
1679 2485 1736 2534 ἐν

135 2572 370 2645 ἑκάστῃ
388 2572 627 2643 ἐπαρχίᾳ
656 2573 900 2641 γίνεσθαι
925 2571 1160 2639 σύνοδον,
1193 2574 1301 2627 ἀπὸ
1331 2575 1430 2645 τῆς
1459 2575 1621 2641 ἁγίας
1641 2571 1733 2626 τοῦ

135 2664 351 2733 Πάσχα
368 2663 694 2733 ἐορτῆς,καὶ
728 2665 888 2736 μέχρι
937 2663 1382 2736 συμπληρώσεως
1415 2665 1508 2718 τοῦ
1558 2667 1734 2718 ὀκτω-

138 2756 313 2828 ϐρίου
348 2756 515 2826 μηνὸς
547 2757 776 2810 ἑκάστου
809 2759 981 2822 ἔτους,
1009 2757 1152 2810 κατά
1173 2758 1265 2811 τὸν
1293 2758 1458 2811 τόπον
1497 2757 1557 2810 ὂν
1581 2757 1610 2809 δ
1633 2760 1736 2828 τῆς

141 2849 572 2919 μητροπόλεως,
597 2849 737 2902 καθά
753 2848 1096 2920 προείρηται,
1118 2849 1730 2919 ὣκιμάσειέπίσκοπος·

137 2938 279 3001 τοὺς
308 2937 368 2990 δὲ
403 2939 477 3009 μὴ
512 2939 789 3002 συνιόντας
822 2939 1176 3005 ἐπισκόπους,
1207 2938 1570 3009 ἐνδημοῦντας
1617 2940 1736 3000 ταῖς

139 3029 368 3082 ἐαυτῶν
401 3030 615 3096 πόλεσι,
640 3033 736 3086 καὶ
765 3030 938 3087 ταῦτα
982 3032 1041 3085 ἐν
1072 3031 1231 3101 ὑγεία
1278 3033 1586 3099 διάγοντας,
1639 3030 1734 3082 καὶ

141 3125 342 3193 πάσης
379 3124 756 3193 ἀπαραιτήτου
788 3123 880 3176 καὶ
934 3123 1236 3190 ἀναγκαίας
1287 3122 1543 3192 ἀσχολίας
1577 3122 1736 3188 ὖντας

141 3215 502 3286 ἐλευθέρους,
521 3215 821 3284 ἀδελφικῶς
860 3216 1156 3286 ἐπιπλήττε
1167 3214 1308 3270 σθαι.

297 3301 572 3362 Σιῆόδου
618 3309 859 3370 Νικαίας
882 3308 947 3361 τὸ
969 3308 1248 3376 δεύτερον
1295 3307 1494 3360 κανὼν
1519 3313 1597 3371 ς’.

223 3398 372 3465 Περὶ
383 3398 492 3452 τοῦ
512 3399 779 3467 γίνεσθαι
793 3398 1046 3464 τοπικὴν
1056 3397 1322 3451 σύνοδον
1334 3397 1481 3450 κατά
1493 3398 1734 3465 χρόνον.

230 3491 315 3556 ς’.
339 3491 666 3561 Ἐπειδήπερ
705 3490 880 3544 κανών
903 3492 1048 3544 ἐστιν
1077 3493 1105 3544 ό
1135 3490 1328 3558 λέγων,
1363 3489 1442 3552 δὶς
1465 3488 1558 3544 τοῦ
1585 3489 1737 3552 ἔτους

149 3581 282 3636 καθ’
307 3581 546 3652 ἐκάστην
560 3582 828 3652 ἐπαρχίαν
844 3582 947 3653 χρὴ
965 3580 1208 3650 γίνεσθαι
1229 3582 1316 3634 διά
1341 3579 1737 3651 συναθροίσεως

151 3673 483 3726 ἐπισκόπων
512 3673 611 3736 τὰς
645 3675 929 3736 κανονικάς
952 3674 1229 3744 ζητήσεις,
1258 3672 1348 3725 διὰ
1364 3667 1456 3725 οὖν
1489 3673 1588 3741 τὴν
1613 3689 1738 3726 συν-

154 3763 358 3832 τριῦὴν
384 3763 478 3816 καὶ
512 3763 572 3815 τὸ
619 3764 810 3826 ἐνδεῶς
858 3763 1000 3834 ἔχειν
1050 3765 1185 3833 πρὸς
1239 3763 1547 3833 ὁδοιπορίαν
1608 3764 1737 3827 τοὺς

158 3853 708 3926 συναθροιζομένους,
727 3855 932 3925 ὥρισαν
959 3858 1007 3909 οἰ
1040 3856 1138 3925 τῆς
1167 3863 1220 3920 ς’
1255 3857 1471 3910 συνόδου
1495 3857 1738 3927 Πατέρες

157 3946 224 4012 ἐξ
261 3947 503 4010 ἅπαντος
532 3948 733 4018 τρόπου
768 3949 861 4002 καὶ
885 3950 1230 4018 προφάσεως,
1250 3949 1394 4016 ἅπαξ
1421 3950 1515 4002 τοῦ
1553 3954 1734 4002 ἐνιαυ-

154 4037 257 4091 τοῦ
291 4037 557 4105 γίνεσθαι,
594 4041 687 4092 καὶ
719 4040 788 4092 τά
813 4041 1124 4107 ἐσφαλμένα
1151 4039 1513 4108 διορθοῦσθαυ
1547 4040 1737 4093 τοῦτον

158 4127 258 4183 οὖν
298 4131 388 4183 τὸν
431 4131 631 4183 κανόνα
671 4131 764 4184 καὶ
806 4135 964 4202 ἡμεῖς
1017 4132 1348 4202 ἀνανεοῦμεν
1382 4149 1398 4164 ο
1431 4136 1526 4187 καὶ
1565 4133 1620 4186 εἴ
1653 4151 1738 4194 τις

158 4223 363 4292 εὑρεθῇ
389 4223 570 4292 ἄρχων
596 4222 754 4276 τοῦτο
787 4224 1033 4288 κωλύων,
1071 4225 1418 4295 ἀφοριζέσϐω
1445 4240 1460 4254 ·
1488 4227 1536 4278 εἰ
1557 4225 1616 4278 δέ
1652 4243 1737 4288 τις

157 4315 226 4368 ἐκ
250 4314 361 4366 τῶν
388 4315 795 4384 μητροπολιτῶν
834 4316 1096 4386 ἀμελήσοι
1147 4317 1306 4368 τοῦτο
1342 4317 1610 4384 γίνεσθαι,
1645 4320 1735 4370 ὲκ-

1843 477 2040 530 debere
2073 493 2192 532 esse
2227 486 2531 530 contentos.

1914 570 2212 625 Concilium
2240 569 2530 624 universale
2561 569 2770 623 nonnisi
2798 583 2862 623 ετ
2889 567 3198 622 necessitate
3213 566 3416 637 facien-

1842 658 1990 711 dum.

1913 750 2003 804 95.
2035 749 2244 805 Placuit
2265 753 2310 792 ³³
2329 759 2388 804 ιιι
2412 765 2521 804 non
2555 750 2626 806 sit
2654 749 2793 802 ultra
2819 747 3112 819 fati-gandis
3151 747 3412 805 fratribus

1841 844 2216 898 anniversaria
2247 843 2570 907 necessitas,
2602 843 2696 896 sed
2729 843 2945 912 quoties
2973 843 3214 912 exegerit
3243 858 3411 897 causa

1840 935 2170 999 communis,
2210 934 2260 988 id
2282 946 2368 988 est
2387 934 2554 989 tetius
2578 933 2796 998 Africaa,
2816 935 3172 1002 undecunque
3195 934 3260 987 ad
3297 934 3352 1004 (6
3367 935 3412 1002 5)

1840 1027 1982 1081 lianc
2054 1027 2235 1081 sedem
2303 1027 2371 1082 de
2426 1027 2528 1081 bac
2611 1043 2670 1080 re
2721 1027 2864 1080 datae
2936 1026 3126 1080 littera:
3184 1028 3407 1087 fuerint.

1838 1118 2272 1186 congregandam
2307 1133 2430 1173 esse
2453 1119 2723 1187 synodum
2774 1118 2826 1169 in
2866 1131 2929 1170 ea
2977 1118 3274 1184 provincia,
3319 1120 3410 1173 ubi

1839 1191 2224 1278 opportunitas
2272 1211 2606 1280 persuaserit
2641 1227 2656 1266 :
2694 1224 2876 1263 causae
2903 1217 3082 1262 autem
3114 1226 3234 1279 quae
3265 1225 3415 1264 com-

1837 1317 2031 1357 munes
2061 1317 2167 1358 non
2197 1312 2345 1367 sunt,
2386 1303 2440 1356 in
2470 1302 2586 1358 suis
2615 1303 2908 1372 provinciis
2941 1302 3279 1371 judicentur.

2159 1482 2385 1538 Comi/ii
2417 1484 2720 1536 mcumenici
2750 1498 3000 1554 Vt‘canon
3032 1482 3086 1538 8.

1909 1572 1963 1627 8.
2002 1573 2060 1626 in
2095 1576 2351 1628 omnibus
2385 1590 2448 1629 ea
2479 1574 2526 1604 3"
2556 1589 2678 1643 quae
2709 1589 2744 1650 a_
2770 1573 2970 1627 nostris
3013 1572 3217 1628 sanctis
3240 1569 3415 1625 Patri-

1836 1666 1941 1721 bus
2000 1667 2216 1721 decreta
2263 1676 2390 1720 sunt
2445 1681 2542 1719 nos
2571 1681 2788 1735 quoque
2819 1675 2934 1718 rata
2989 1681 3052 1719 ac
3097 1664 3252 1718 firma
3287 1677 3410 1719 esse

1841 1759 2106 1821 volentes,
2158 1772 2423 1810 canonem
2463 1769 2683 1824 quocue
2713 1769 3060 1820 renovamus,
3117 1755 3210 1824 qui
3258 1753 3413 1823 jubet

1839 1847 2274 1916 uniuscujusque
2344 1846 2638 1914 provincia:
2685 1845 3065 1912 episcoporum
3117 1843 3412 1910 quotannis

1838 1939 1954 1992 fieri
1983 1938 2248 2008 synodos,
2298 1936 2387 1990 ubi
2423 1936 2882 2003 metropolitanus
2913 1933 3201 2001 episcopus
3235 1934 3410 1985 satius

1835 2041 1956 2081 esse
1985 2026 2222 2080 duxerit.
2267 2025 2538 2090 Quoniam
2585 2033 2762 2076 autem
2793 2031 3008 2091 propter
3043 2019 3404 2075 Barbarorum

1838 2119 2201 2178 incursiones,
2247 2127 2301 2172 et
2334 2117 2598 2186 quasdam
2653 2116 2812 2169 aliam
2866 2114 3164 2168 Incidcntes
3192 2128 3406 2173 causas,

1837 2228 1944 2265 non
1977 2218 2205 2280 possunt
2260 2210 2352 2277 qui
2411 2208 2663 2263 Ecclesiis
2696 2207 2989 2276 praesident
3040 2205 3276 2275 synodos
3329 2205 3412 2259 bis

1840 2299 1892 2352 in
1927 2312 2070 2351 anno
2107 2296 2302 2357 facere,
2328 2296 2501 2349 visunt
2527 2305 2609 2348 est
2639 2303 2697 2347 ut
2729 2295 2954 2347 omnino
2984 2292 3152 2346 semel
3181 2293 3232 2344 in
3266 2307 3411 2344 anno

1839 2397 2058 2458 propter
2108 2387 2512 2441 ecclesiasticas
2590 2386 2942 2453 quaestiones,
3006 2393 3066 2437 ut
3119 2393 3410 2436 consenta-

1839 2495 1996 2532 neum
2035 2488 2136 2540 est,
2171 2485 2532 2545 emergentes,
2586 2476 2678 2527 fiat
2719 2475 3098 2543 praedictorum
3130 2474 3410 2541 episcopo-

1835 2585 1957 2624 rum
2005 2569 2249 2639 synodns
2280 2584 2309 2621 a
2364 2575 2554 2621 sancto
2601 2565 2825 2618 Pascha:
2862 2563 3020 2626 festo,
3062 2572 3115 2616 et
3145 2578 3319 2631 usque
3341 2563 3409 2615 ad

1836 2659 2078 2715 Octobris
2149 2657 2357 2711 mensis
2409 2656 2894 2724 complementum,
2951 2651 3182 2722 singulis
3227 2653 3409 2711 annis.

1836 2753 1890 2807 in
1939 2752 2062 2805 loco
2107 2765 2293 2819 quem,
2335 2759 2392 2802 ut
2442 2749 2756 2817 praedictum
2797 2754 2899 2805 est,
2960 2744 3409 2814 metropolitanus

1835 2843 2125 2913 episcopus
2160 2840 2425 2908 aptiorem
2471 2837 2818 2906 iudicaverit.
2861 2835 2900 2888 li
2943 2844 3123 2887 autem
3155 2834 3248 2902 qui
3300 2848 3404 2885 non

1837 2933 2160 2990 conveniunt
2192 2930 2456 2999 episcopi,
2482 2945 2605 2983 cum
2652 2929 2809 2996 211
2853 2928 2905 2979 in
2948 2927 3062 2981 suis
3091 2925 3406 2979 civitatibus

1766 3059 1810 3118 ο
1843 3035 2023 3095 agant,
2047 3036 2099 3080 et
2127 3024 2243 3079 sani
2269 3023 2396 3086 sint,
2426 3031 2482 3075 et
2511 3023 2579 3074 ab
2610 3021 2758 3073 omni
2806 3018 3108 3073 inevitabili
3133 3025 3185 3072 et
3217 3033 3406 3072 neces-

1841 3119 1988 3174 sario
2017 3117 2233 3187 negotio
2256 3114 2438 3178 liberi,
2468 3113 2702 3166 fraterne
2736 3111 3123 3180 corripiantur.

2193 3318 2421 3375 Concilii
2451 3315 2660 3369 Nicmni
2704 3328 2740 3367 tt
2775 3329 2943 3366 canon
2970 3311 3024 3365 6.

1947 3413 2020 3468 De
2045 3415 2243 3484 synodo
2269 3411 2581 3481 provinciali
2603 3409 2867 3462 interdum
2899 3403 3294 3458 constituendo.

1908 3507 1962 3562 6.
1992 3508 2257 3574 Quoniam
2319 3519 2494 3558 canon
2546 3507 2630 3556 est
2663 3500 2752 3568 qui
2784 3498 2916 3551 dicit
2961 3497 3046 3551 bis
3078 3496 3129 3548 in
3163 3509 3308 3547 anno
3352 3493 3406 3546 in

1839 3619 2162 3673 unaquaque
2198 3599 2476 3670 provincia
2521 3611 2618 3666 per
2647 3592 3098 3663 congregationes
3130 3589 3410 3657 episcopo-

1837 3713 1960 3752 rum
2001 3696 2116 3751 fieri
2159 3703 2411 3764 oportere
2440 3689 2769 3758 quaestiones
2816 3684 3145 3745 cauonicas;
3191 3690 3409 3749 propter

1836 3790 2200 3848 vexationem,
2275 3795 2326 3839 et
2377 3782 2520 3851 quod
2585 3777 2768 3833 itineri
2829 3773 3168 3845 perficiundo
3227 3772 3410 3824 minus

1839 3879 2140 3934 sufficerent
2179 3877 2266 3944 qui
2299 3873 2652 3941 cogebantur,
2689 3875 2994 3922 statuerunt
3021 3874 3220 3918 sancta:
3244 3869 3410 3916 sextae

1839 3967 2030 4037 synodi
2073 3968 2261 4020 Patres
2307 3964 2352 3996 ³⁸
2376 4003 2388 4024 ,
2419 3977 2482 4015 ea
2519 3960 2740 4013 omnino
2767 3965 2820 4009 et
2845 3966 3165 4023 quacunque
3193 3962 3410 4019 postpo-

1840 4061 1938 4116 sita
1975 4073 2164 4121 causa,
2202 4055 2370 4110 semel
2406 4054 2457 4106 in
2489 4066 2634 4105 anno
2675 4049 2812 4110 fieri,
2845 4060 2898 4099 et
2945 4045 3135 4098 delicta
3187 4040 3406 4108 corrigi.

1840 4150 1995 4204 Hunc
2036 4164 2166 4218 ergo
2212 4160 2479 4201 canonem
2530 4143 2577 4174 “
2641 4155 2740 4194 nos
2773 4151 2992 4206 quoque
3033 4147 3358 4187 renovamus
3391 4146 3406 4182 :

1839 4256 1891 4297 et
1920 4242 1966 4297 si
1998 4243 2122 4311 quis
2154 4240 2502 4309 magistratus
2526 4237 2629 4288 hoc
2671 4233 2962 4302 prohibere
2994 4229 3249 4281 inventus
3283 4224 3404 4278 iue-

1841 4335 1930 4396 rit,
1999 4339 2333 4401 segregetur.
2376 4328 2430 4380 Si
2456 4326 2580 4396 quis
2609 4333 2788 4377 autem
2820 4318 3271 4384 metropolitanus
3307 4317 3409 4369 hoc

133 4403 255 4468 -τδς
285 4402 530 4476 ἀνάγκης
561 4405 654 4458 καὶ
695 4405 837 4475 βίας,
866 4407 958 4460 καί
981 4425 1124 4469 τινος
1143 4407 1363 4475 εὐλόγου
1389 4412 1735 4478 προφάσεως,

1845 4425 1956 4478 fieri
1992 4439 2097 4477 non
2131 4419 2426 4480 curaverit,
2479 4425 2842 4484 praeterquam
2872 4409 2923 4462 vi
2951 4408 3035 4462 vel
3084 4408 3412 4460 necessitate

157 4497 278 4557 τοῖς
310 4499 613 4559 κανονικοῖς
664 4497 957 4566 ἐπιτιμίοις
1005 4498 1312 4552 ὑποκείσθω
1346 4516 1360 4529 ’
1388 4503 1484 4568 τῆς
1520 4501 1576 4553 δέ
1614 4517 1738 4552 συν-

157 4589 284 4642 όδου
307 4589 596 4659 γινομένης
613 4590 737 4660 περὶ
757 4589 1056 4645 ωνονικῶν
1075 4591 1165 4643 καὶ
1190 4591 1558 4658 εὐαγγελικῶν
1594 4610 1736 4661 πρα-

171 4683 428 4752 γμάτων,
459 4683 540 4734 δεῖ
564 4685 674 4744 τοῖς
699 4684 1158 4753 συναθροισθεῖσιν
1189 4686 1528 4749 ἐπισκόποις,
1565 4689 1621 4740 ἐν
1639 4705 1735 4757 με·

158 4773 292 4843 λέτῃ
327 4774 423 4826 καὶ
453 4775 698 4843 φροντίδι
727 4775 970 4841 γίνεσθαι
1003 4774 1097 4827 τοῦ
1130 4775 1415 4843 φυλάττειν
1461 4779 1560 4840 τὰς
1585 4778 1737 4842 Θείας

161 4867 258 4921 καί
289 4866 589 4930 ζωοποιοὺς
619 4867 839 4929 ἐντολὰς
867 4867 959 4919 τοῦ
982 4867 1118 4920 Θεοῦ
1142 4885 1155 4898 ·
1189 4869 1248 4922 ἐν
1285 4869 1394 4939 γὰρ
1424 4869 1501 4940 τῷ
1528 4872 1736 4939 φυλάσ-

165 4959 358 5012 σεσθαι
380 4959 572 5022 αὐτὰς,
594 4959 950 5022 ἀνταπόδοσις
974 4959 1140 5029 πολλή
1179 4977 1194 4991 ·
1215 4962 1296 5014 ὅτι
1322 4963 1413 5014 καὶ
1438 4963 1626 5033 λύχνος
1653 4965 1742 5017 ὲν-

162 5052 312 5120 τολὴ,
335 5065 498 5120 νόμος
526 5051 583 5104 δὲ
616 5052 751 5118 φῶς,
779 5051 874 5103 καὶ
898 5051 1014 5113 ὁδὸς
1049 5051 1193 5122 ζωῆς
1225 5053 1444 5123 ἐλεγχος
1485 5058 1584 5108 καὶ
1619 5074 1745 5109 παι..

165 5141 284 5194 δεία
317 5157 332 5170 ·
382 5141 478 5193 καὶ
534 5143 566 5211 ὴ
614 5141 798 5208 ἐντολὴ
845 5139 1051 5209 Κυρίου
1075 5143 1385 5212 τηλαυγὴς,
1432 5147 1740 5212 φωτίζουσα

165 5231 508 5302 ὸίόαλμούςο
543 5231 620 5302 μὴ
655 5231 796 5302 ἔχειν
822 5232 875 5284 δὲ
903 5231 1094 5285 ἄδειαν
1132 5233 1222 5286 τὸν
1256 5236 1655 5306 μητροπολίτην
1683 5239 1740 5304 ἐξ

234 5387 283 5420 ⁸³
312 5387 482 5442 Conc.
519 5384 737 5438 Milevit.
765 5400 886 5439 can.
940 5383 1006 5451 9;
1058 5384 1228 5440 Afric.
1258 5403 1304 5442 c.
1332 5388 1421 5443 62.

162 5459 205 5492 ⁸⁸
253 5461 426 5514 Cone.
496 5457 700 5512 Nicazn.
757 5471 806 5510 c.
855 5458 909 5512 5.
1013 5456 1059 5487 ³⁸
1090 5456 1339 5511 Can.8l.

1532 5391 1579 5426 ⁸⁵
1603 5395 1806 5452 Nicaen.
1861 5399 1933 5461 9;

1418 5461 1463 5492 ⁸⁷
1500 5461 1645 5518 Ρ⁵³¹ο
1691 5483 1856 5535 XVI",
1890 5470 1972 5523 12.
2050 5469 2096 5499 ⁸³
2137 5469 2295 5521 Prov.
2330 5482 2405 5529 γι,
2439 5465 2528 5518 '25.

1843 4523 1895 4567 et
1921 4513 2065 4582 justa
2112 4511 2293 4579 aliqua
2333 4509 2398 4562 de
2441 4521 2627 4569 causa,
2679 4501 2960 4558 canonicis
3015 4497 3190 4567 poenis
3248 4495 3415 4559 subji-

1843 4606 2041 4660 ciatur.
2102 4601 2237 4657 Cum
2298 4608 2478 4653 autem
2538 4597 2605 4650 de
2649 4593 2928 4649 canonicis
2981 4599 3035 4645 et
3084 4586 3414 4656 evangelieis

1844 4699 2008 4751 rebus
2048 4695 2139 4748 fiat
2171 4691 2433 4762 synodus,
2474 4703 2609 4757 opus
2638 4693 2799 4740 estut
2823 4681 3136 4752 congregati
3169 4679 3412 4749 episcopi

1845 4801 2094 4855 magnam
2127 4798 2312 4838 curam
2349 4792 2401 4833 et
2429 4777 2757 4848 diligentiam
2804 4783 3015 4846 gerant,
3065 4783 3122 4827 ut
3155 4772 3335 4824 divina
3366 4779 3418 4823 rt

1842 4878 2056 4932 vivifica
2087 4875 2340 4928 mandata
2389 4880 2698 4926 serventur.
2733 4868 2791 4920 lu
2827 4868 2908 4920 eis
2937 4867 3078 4919 enim
3135 4863 3416 4918 servandas

1841 4980 1924 5026 est
1977 4968 2264 5022 retributio
2320 4967 2495 5019 multa
2571 4963 2670 5014 a1’:
2728 4960 2987 5029 quoniam
3053 4958 3272 5010 lucerna
3336 4962 3418 5004 est

1841 5062 2158 5116 mandatum
2195 5059 2281 5124 ⁸⁵,
2325 5059 2408 5112 lex
2457 5071 2588 5111 vero
2635 5055 2746 5115 lux,
2797 5063 2850 5106 et
2889 5052 2970 5103 via
3015 5050 3134 5101 vitae
3172 5045 3418 5114 probatio

1841 5163 1894 5210 et
1925 5155 2237 5222 disciplina,
2275 5162 2329 5206 et
2379 5160 2701 5219 praeceptum
2749 5145 2966 5198 Domini
3001 5139 3238 5194 luridum
3297 5136 3416 5189 illi:-

1846 5247 2062 5300 minans
2092 5246 2304 5298 oculos.
2335 5243 2412 5296 Ne
2454 5241 2614 5296 liccat
2659 5248 2838 5292 autem
2896 5232 3315 5298 tttett'opolilntto
3346 5245 3412 5280 rx

2043 5395 2300 5476 glialced.
2359 5393 2631 5476 qu;_Can.
2665 5390 2853 5459 Apost.
2880 5387 2985 5452 57;
3019 5384 3270 5438 Antioch.
3325 5383 3395 5436 ΞΟ

237 5600 353 5673 (64)
388 5594 1157 5673 scilicet_Carthagincnscnt.
1194 5593 1499 5673 Ferrandus
1559 5599 1612 5653 in
1644 5599 1880 5655 Breriar.
1959 5615 2233 5665 canonum,
2266 5597 2349 5652 tit.
2410 5597 2524 5661 1-H,
2596 5611 2871 5666 perperam
2963 5594 3106 5646 hunc
3160 5607 3256 5643 can
3300 5605 3416 5641 nent

168 5664 401 5730 macilis
429 5667 775 5723 Antioclicno
806 5665 1013 5729 tribuit,
1043 5679 1138 5733 pro
1180 5664 1456 5723 Africano.
