3912 6244
400 268 508 334 δ’ῗθ

1556 265 1813 326 ΡΗΟΤΙΙ
1849 268 2348 330 PATRIARCILE
2384 272 2494 334 CP.

3544 277 3651 341 6ἳο

400 380 471 435 iis
510 394 631 450 qua:
660 392 844 434 secum
877 376 1030 432 all'ert
1060 378 1368 447 episcopus,
1395 376 1473 433 vel
1520 379 1859 449 jumcntum,
1894 383 1975 436 vel

2092 376 2160 436 ὧν
2209 386 2525 453 ἐπιφέρεται
2554 386 2582 438 ὁ
2618 386 2915 449 ἐπίσκοπος
2967 385 3084 455 μετ’
3110 386 3293 453 αὐτοῦ,
3337 388 3372 459 ἣ
3431 386 3651 457 κτῆνος,

395 472 635 539 aliquam
669 485 779 524 rem
809 470 969 523 aliam
1000 480 1201 537 petere.
1230 470 1285 522 Si
1317 470 1458 524 enim
1508 471 1613 526 hoc
1641 470 1835 528 fecisse
1866 472 1974 528 de-

398 562 705 631 prehensus
747 560 928 627 fuerit,
962 561 1151 615 reddet
1184 561 1569 631 quadruplum.

472 671 683 725 Textus.
712 670 898 727 Const.
932 672 967 725 2
1004 682 1056 727 et
1088 673 1176 739 l7,
1214 674 1294 727 tit.
1329 674 1354 728 1
1388 674 1737 731 Novellarum
1766 678 1972 743 volunt,

398 771 458 815 ut
495 763 658 817 semel
708 773 800 817 aut
831 764 915 818 his
961 765 1255 833 quotannis
1306 765 1384 837 [in
1432 766 1641 838 mense]
1691 767 1851 823 Junio
1881 778 1976 824 aut

406 854 732 924 Septembri,
793 856 1333 926 metropolitanorum
1410 862 1549 927 apud
1611 862 1972 930 patriarchas,

402 956 456 1002 et
507 950 887 1017 episcoporum
946 951 1085 1018 apud
1137 952 1587 1020 metropolitanos
1634 953 1975 1009 celebrentur

399 1040 613 1109 synodi,
646 1040 807 1108 212
829 1042 883 1093 in
910 1042 1108 1110 quibus
1139 1057 1339 1106 causae,
1358 1058 1496 1111 quas
1514 1045 1773 1114 episcopi,
1791 1046 1971 1099 clerici

398 1139 452 1184 et
491 1131 746 1183 monachi
802 1130 1065 1185 adversus
1106 1146 1165 1186 se
1206 1132 1439 1187 invicem
1497 1134 1718 1200 habent,
1775 1138 1975 1189 exami-

400 1229 641 1275 nentur:
701 1229 755 1275 et
809 1221 875 1275 de
923 1222 1047 1289 ﬁde,
1111 1225 1439 1288 canonibus,
1493 1240 1558 1280 ac
1586 1225 1972 1283 ecclesiasticis

402 1313 633 1380 aliisque
660 1314 821 1368 rebus
856 1312 1162 1385 [tractetur]
1202 1334 1215 1368 :
1261 1316 1499 1389 denique
1536 1334 1657 1387 quae
1686 1319 1969 1373 adversum

401 1418 642 1457 canones
697 1407 993 1461 commissa
1047 1419 1195 1470 sunt,
1260 1411 1625 1479 corrigantur.
1683 1410 1835 1481 [Item
1889 1410 1969 1482 ut]

401 1492 662 1560 praesules
701 1506 1000 1561 eorumque
1043 1494 1314 1562 cohortes,
1365 1496 1474 1549 nisi
1525 1498 1973 1565 metropolitanus

400 1591 453 1635 et
480 1584 765 1651 episcopos
802 1586 1039 1654 synodos
1065 1586 1340 1642 celebrare
1382 1590 1850 1656 procrastinantes
1882 1606 1970 1643 ur-

401 1683 582 1741 geant,
629 1685 721 1728 aut
773 1676 1086 1745 imperatori
1134 1677 1275 1749 [eam
1321 1678 1459 1751 rem]
1508 1680 1834 1752 signiﬁcent,
1888 1698 1974 1736 su-

400 1779 587 1832 premo
614 1766 919 1821 alliciantur
943 1768 1233 1837 supplicio.

472 1857 620 1909 CAP.
671 1856 760 1912 lX.
808 1888 879 1898 —
921 1861 1000 1913 Ne
1053 1873 1246 1915 temere
1295 1864 1567 1934 episcopus
1618 1876 1711 1919 aut
1756 1867 1976 1923 clericus

402 1945 544 2013 ﬁlios
585 1963 707 1999 suos
742 1951 1090 2017 emancipenl.

680 2037 904 2091 Concilii
935 2039 1366 2110 Carthaginensis
1401 2061 1568 2099 canon
1600 2047 1689 2101 55.

491 2129 560 2183 Ut
618 2132 872 2201 episcopi,
938 2133 1015 2187 vel
1065 2134 1246 2189 clerici
1306 2153 1407 2189 non
1468 2138 1625 2206 facile
1667 2140 1805 2207 ﬁlios
1853 2156 1977 2193 suos

401 2222 749 2287 emancipent.

472 2309 562 2363 55.
601 2306 670 2363 Ut
719 2311 957 2381 episcOpi
984 2312 1030 2345 ⁸⁹
1068 2313 1182 2383 (65)
1222 2316 1306 2369 vel
1359 2317 1538 2372 clerici
1567 2318 1707 2374 ﬁlios
1757 2335 1888 2375 suos
1947 2336 1977 2376 a

402 2414 500 2453 sua
549 2410 817 2468 potestate
866 2417 962 2470 per
1004 2404 1491 2473 emancipationem
1548 2409 1699 2462 exire
1748 2424 1854 2463 non
1901 2414 1977 2464 si-

404 2500 556 2554 nant,
593 2489 699 2542 nisi
749 2490 814 2542 de
857 2491 1102 2544 moribus
1142 2507 1332 2545 eorum
1375 2492 1579 2549 fuerint
1617 2506 1671 2550 ct
1713 2500 1778 2552 de
1824 2510 1981 2554 aetate

401 2581 614 2643 securi,
658 2589 717 2635 ut
760 2582 970 2650 possint
1017 2582 1085 2636 ad
1132 2596 1229 2638 cos
1273 2583 1386 2654 jam
1440 2590 1661 2658 propria
1710 2590 1981 2659 pertinere

402 2680 642 2740 peccata.

472 2760 627 2815 CAP.
672 2762 740 2816 Χ.
771 2792 844 2802 --
869 2763 1142 2829 Quomodo
1186 2768 1414 2837 episcopi
1460 2772 1695 2838 repetant
1726 2770 1829 2826 sibi
1866 2772 1981 2827 loca

404 2850 468 2903 ab
496 2849 754 2904 Itazreticis
784 2861 1056 2920 occupata.

668 3027 894 3080 Concilii
929 3029 1355 3097 Carthaginiensis
1390 3047 1560 3084 canon
1591 3032 1714 3085 121.

473 3120 553 3174 De
578 3121 659 3174 his
689 3122 776 3191 qui
800 3121 969 3189 plebes
1000 3122 1067 3174 ad
1100 3140 1153 3175 se
1184 3125 1499 3192 pertinentes
1528 3127 1815 3195 negligant.

476 3325 601 3378 ιιι.
624 3324 755 3380 Item
791 3324 1096 3395 placuit",
1128 3333 1189 3379 ut
1216 3326 1525 3395 quicunque
1564 3327 1840 3397 negligunt
1866 3326 1980 3381 loca

403 3420 473 3474 ad
524 3433 680 3473 suam
736 3419 1052 3474 cathedram
1116 3420 1463 3487 pertinentia,
1546 3419 1601 3472 in
1656 3419 1978 3473 catholicam

406 3510 668 3565 unitatem
709 3510 932 3574 lucrari,
973 3511 1375 3564 conveniantur
1405 3525 1435 3563 a
1463 3509 1815 3579 diligentibus
1844 3511 1980 3563 vici-

412 3601 498 3655 nis
540 3599 829 3669 episcopis,
878 3608 939 3653 ut
979 3599 1031 3654 id
1076 3614 1234 3668 agere
1269 3615 1377 3654 non
1418 3610 1718 3655 morentur.
1752 3600 1903 3666 Quod
1935 3599 1981 3654 si

406 3691 548 3746 intra
602 3706 694 3746 sex
749 3706 965 3746 menses
1011 3693 1174 3762 213
1229 3708 1257 3745 a
1308 3692 1397 3746 die
1443 3693 1822 3747 conventionis
1871 3706 1981 3745 non

404 3783 705 3847 etfeceriut,
754 3784 845 3852 qui
880 3787 1117 3853 potuerit
1145 3800 1207 3839 ea
1242 3784 1467 3849 lucrari,
1502 3784 1569 3837 ad
1600 3788 1778 3853 ipsum
1809 3783 1980 3854 perti-

407 3884 594 3930 neant.
653 3876 730 3929 lta
786 3891 937 3939 sane,
988 3884 1047 3929 ut
1100 3876 1146 3929 si
1197 3877 1289 3929 ille
1333 3876 1398 3929 ad
1445 3890 1607 3944 quem
1657 3873 1984 3943 pertinuisse

406 3969 764 4033 videbantur,
802 3966 1031 4036 probare
1072 3967 1309 4035 potuerit
1349 3967 1522 4036 magis
1563 3965 1709 4019 illius
1752 3965 1980 4019 electam

407 4060 790 4128 negligentiam
826 4060 895 4113 ab
928 4057 1219 4123 hmrettcis,
1267 4066 1324 4111 ut
1366 4057 1585 4125 impune
1632 4055 1706 4108 ibi
1756 4055 1885 4119 sint,
1931 4061 1986 4108 et

408 4170 563 4209 suam
617 4150 955 4221 diligentiam
1007 4149 1177 4204 fuisse
1224 4156 1573 4217 praeventam,
1620 4156 1681 4200 ut
1710 4160 1776 4199 eo
1822 4145 1985 4199 modo

406 4247 524 4313 ejus
562 4261 692 4299 cura
741 4244 1028 4298 sollicitior
1081 4244 1345 4295 vitaretur
1386 4258 1398 4293 :
1450 4256 1570 4293 cum
1621 4239 1727 4293 hoc
1774 4238 1985 4308 judiccs

406 4338 645 4409 episcopi
674 4337 1050 4406 cognoverint,
1080 4350 1193 4388 suae
1221 4333 1489 4388 cathedrae
1514 4333 1633 4386 loca
1670 4333 1981 4386 restituant.

2076 475 2315 546 ῆὲτερον
2350 473 2488 541 εἶδος
2506 480 2778 532 ἀπαιτείψ
2816 480 2864 531 εί
2896 479 2952 531 δὲ
2975 480 3130 532 τοῦτο
3162 480 3479 549 πεποιηκὼς
3510 482 3651 549 ελεγ-

2076 568 2199 638 χθῇ,
2225 569 2471 622 ἀποτίσει
2494 570 2910 640 τετραπλάσιον.

2155 660 2219 712 Ἦ
2266 659 2311 722 ζ’
2357 663 2450 713 καὶ
2476 664 2508 730 ἡ
2541 660 2602 723 ιζ’
2648 662 2886 725 διάταξις
2910 660 3005 713 τοῦ
3055 666 3103 713 α’
3130 661 3234 715 τίτ.
3280 662 3389 714 τῶν
3413 663 3643 731 Νεαρῶν

2078 750 2357 821 βούλονται
2400 750 2546 816 ἅπαξ
2597 752 2743 822 ἢδὶς
2776 754 2868 805 τοῦ
2915 753 3087 816 ἔτους,
3129 752 3207 822 τῷ
3260 753 3465 823 ἰουνίῳ
3514 754 3547 821 ἢ
3578 754 3653 823 τῷ

2075 842 2461 913 Σεπτεμϐρίῳ,
2519 843 2763 910 γίνεσθαι
2804 845 3050 908 συνόδους
3082 845 3191 896 τῶν
3238 844 3653 915 μητροπολιτών

2075 933 2227 1005 παρὰ
2247 936 2358 997 τοῖς
2390 934 2777 1005 πατριάρχαις,
2825 937 2920 988 καὶ
2972 935 3080 988 τῶν
3142 937 3461 989 ἐπισκόπων
3498 936 3651 1005 παρᾶ

2073 1026 2185 1087 τοῖς
2217 1024 2640 1093 μητροπολίταις
2675 1041 2687 1053 ·
2724 1025 2816 1077 καὶ
2858 1014 3207 1089 ἐξετάζεσθαι
3241 1025 3341 1089 τὰς
3373 1025 3554 1088 αἰτίας
3589 1026 3653 1088 ἃς

2074 1115 2123 1167 οἱ
2151 1115 2441 1168 ἐπίσκοποι
2488 1116 2583 1168 καὶ
2606 1117 2657 1168 οἱ
2684 1116 2936 1186 κληρικοὶ
2981 1119 3077 1170 κα)⁵
3104 1118 3153 1170 οἱ
3209 1118 3461 1187 μοναχοὶ,
3519 1120 3652 1187 πρὸς

2074 1204 2337 1275 ἀλλήλους
2364 1205 2542 1276 ἔχουσι
2577 1224 2589 1237 '
2627 1207 2754 1277 περί
2793 1225 2853 1261 τε
2893 1210 3129 1270 πίστεως
3157 1211 3252 1262 καὶ
3272 1210 3519 1263 κανόνων
3561 1211 3652 1262 καὶ

2074 1298 2415 1367 πραγμάτων
2449 1299 2922 1368 ὲκκλησιαστικῶν
2951 1301 3047 1353 καὶ
3071 1302 3246 1354 ἄλλων
3278 1304 3375 1354 καὶ
3402 1303 3474 1354 τὰ
3501 1302 3651 1370 παρᾶ

2072 1389 2199 1450 τοὺς
2236 1389 2465 1452 κανόνας
2507 1391 2935 1460 ἁμαρτανόμενα
2969 1391 3311 1461 διορθοῦσθαι
3348 1408 3362 1421 ³
3392 1393 3445 1445 οἱ
3471 1393 3529 1444 δὲ
3552 1393 3647 1460 ἆρ-

2072 1486 2256 1549 χοντες
2307 1482 2402 1534 καὶ
2440 1483 2495 1534 αἱ
2541 1483 2724 1547 τάξεις
2778 1483 2956 1536 αὐτῶν
2998 1486 3071 1555 μὴ
3118 1485 3486 1554 ἐπιτιθέμενοι
3540 1488 3647 1545 τοῖς

2076 1571 2494 1641 μητροπολίταις
2521 1574 2615 1625 καὶ
2638 1575 2957 1637 ἐπισκόποις
3003 1574 3449 1644 ὑπερτιθεμένοις
3476 1579 3646 1632 tota?!

2072 1662 2172 1724 τὰς
2202 1663 2473 1727 συνόδους,
2505 1664 2537 1734 ἢ
2574 1664 2647 1734 μὴ
2677 1664 2972 1735 μηνύοντες
3001 1668 3067 1736 τῇ
3104 1664 3375 1737 βασιλείᾳ,
3403 1668 3646 1737 ἐσχάτως

2000 1745 2048 1804 Β
2074 1753 2462 1823 τιμωροῦνται.

2146 1849 2396 1901 ΚΕΦΑΛ.
2425 1850 2502 1904 Θ’.
2538 1883 2603 1891 -
2630 1852 2764 1920 Περὶ
2794 1854 2900 1907 τοῦ
2924 1854 3007 1922 μὴ
3037 1854 3116 1920 ὠς
3145 1854 3365 1923 ἔτυχεν
3406 1856 3647 1911 ἐπίσκο-

2078 1956 2195 1994 πον
2220 1939 2258 2007 ἢ
2285 1941 2575 2009 κληρικὸν
2601 1943 3062 2013 ἐμμαγκιπεύειν
3090 1946 3161 1999 τὰ
3196 1948 3311 2001 ἴδια
3340 1948 3545 2001 τέκνα.

2314 2034 2577 2088 Συνόδου
2614 2037 3033 2106 Καρθαγέννης
3072 2038 3274 2091 κανὼν
3315 2040 3408 2091 λε’.

2148 2126 2287 2193 Περὶ
2317 2126 2421 2180 τοῦ
2444 2127 2587 2191 τοὺς
2622 2129 2996 2193 ἐπισκόπους
3017 2132 3114 2182 καὶ
3146 2130 3291 2196 τοὺς
3325 2134 3651 2199 κληρικοὺς

2071 2218 2157 2286 μὴ
2178 2218 2437 2287 εὐχερῶς
2466 2218 2537 2272 τὰ
2558 2219 2737 2272 τέκνα
2768 2219 2965 2274 αὐτῶν
2992 2222 3189 2275 ποιεῖν
3213 2222 3648 2293 ἐμμαγκίπατα.

2147 2307 2239 2364 λε’.
2262 2310 2424 2362 Ὥστε
2455 2311 2580 2374 τοὺς
2614 2311 2941 2375 ἐπισκόπους
2958 2314 3197 2377 καὶτοὺς
3221 2317 3543 2385 κληρικοὺς,
3566 2322 3653 2370 aut

2077 2400 2143 2455 τὰ
2169 2401 2345 2466 ,τέκνα
2401 2402 2602 2468 αὐτῶν,
2644 2404 2719 2472 μὴ
2773 2405 2867 2471 ὲᾷν
2924 2405 3287 2470 αὐτεξουσίως
3324 2407 3548 2460 ἀπιέναι
3573 2409 3652 2460 διὰ

2078 2492 2578 2561 ὲμμαγκιπατίονος
2607 2511 2622 2525 ο
2658 2496 2705 2546 εί
2742 2496 2815 2565 μή
2849 2493 2900 2562 γ’
2925 2496 2989 2547 ἂν
3030 2496 3110 2559 εἰς
3133 2498 3259 2559 τοὺς
3287 2498 3525 2567 τρόπους
3565 2504 3652 2551 καὶ

2079 2588 2157 2648 είς
2191 2585 2287 2655 τὴν
2323 2586 2536 2656 ἡλικίαν
2586 2588 2763 2641 αὐτῶν
2801 2588 3307 2659 πληροφορηθῶσιν,
3339 2592 3417 2654 ὡς
3477 2593 3652 2645 λοιπὸν

2078 2677 2146 2729 τὰ
2179 2678 2554 2748 ἁμαρτήματα
2588 2678 2765 2731 αὐτῶν
2801 2680 2880 2741 εἰς
2900 2680 3094 2742 αὐτοὺς
3124 2682 3444 2734 συντείνειν.

2154 2770 2405 2822 ΚΕΦΑΛ.
2460 2770 2517 2822 I'.
2572 2800 2643 2811 -
2679 2769 2808 2835 Πῶς
2850 2770 3202 2824 ἐκδικοῦσιν
3231 2775 3284 2824 οὶ
3327 2772 3648 2828 ἐπίσκοποι

2083 2860 2220 2926 τοὺς
2252 2859 2615 2929 ἁρμόζοντας
2655 2850 3107 2926 αὺτοῖς-’τόπους
3151 2862 3311 2929 παρὰ
3347 2862 3654 2931 air/atmiis-

2082 2953 2544 3023 κατεχομένους.

2315 3045 2585 3098 Συνόδου
2618 3047 3033 3113 Καρθατὲννης
3053 3046 3253 3100 κανὼν
3274 3052 3417 3117 ρκα¹.

2005 3113 2049 3172 C
2151 3135 2292 3205 Περὶ
2320 3136 2439 3189 τῶν
2464 3137 2846 3206 ἀμελούντων
2882 3135 2999 3189 τῶν
3047 3140 3252 3204 αὐτοῖς
3275 3113 3286 3117 ⁷
3305 3139 3652 3207 ἀνηκόντων

2080 3231 2267 3282 λαῶν.

2153 3318 2294 3391 ρκα’.
2324 3321 2554 3391 Ὁμοίως
2592 3322 2789 3391 ἤρεσεν
2818 3322 2902 3376 ἵνα
2941 3323 3337 3393 οιτινεσδήποτε
3394 3323 3651 3391 ἀμελοῦσι

2080 3412 2190 3465 τῶν
2211 3412 2390 3466 τόπων
2414 3414 2521 3466 τῶν
2548 3414 2857 3484 ἀνηκόντων
2919 3418 2984 3484 τῇ
3026 3416 3201 3467 αὐτῶν
3255 3416 3497 3487 καθέδρα
3525 3417 3655 3486 πρὸς

2080 3505 2143 3558 τὸ
2169 3506 2390 3568 τούτους
2419 3508 2675 3577 κερδᾶναι
2703 3510 2780 3569 εἰς
2804 3508 2901 3576 τὴν
2930 3508 3222 3578 καθολικὴν
3263 3510 3522 3579 ἑνότητα,
3569 3512 3655 3575 ἑγ-

2082 3597 2354 3667 κληθῶσιν
2410 3599 2518 3652 ἀπὸ
2583 3600 2691 3653 τῶν
2738 3600 3095 3668 γειτνιώντων
3149 3601 3334 3663 αὐτοῖς
3383 3602 3657 3670 ὲπιμελῶν

2083 3689 2419 3753 ἐπισκόπων,
2438 3690 2566 3758 περὶ
2588 3689 2681 3742 τοῦ
2707 3690 2780 3759 μὴ
2810 3689 3375 3744 ἀναϐάλλεσθαιτοῦτο
3402 3690 3606 3759 πρᾶξαι
3636 3708 3650 3721 ·

2082 3779 2162 3831 διὸ
2189 3780 2283 3831 ἐὰν
2313 3780 2463 3842 ἐντὸς
2495 3782 2835 3851 προθεσμίας
2863 3783 3048 3852 μηνῶν
3076 3782 3156 3848 ἐξ,
3180 3785 3288 3837 ἀπὸ
3309 3785 3408 3854 τῆς
3444 3785 3655 3854 ἡμέρας

2084 3874 2184 3943 τῆς
2226 3875 2353 3944 περὶ
2408 3873 2595 3925 τοῦτον
2653 3874 3039 3938 συνελεύσεως,
3082 3876 3247 3945 μηδὲν
3272 3876 3533 3939 ἁνύσωσι,
3560 3878 3656 3947 ,τῷ

2083 3964 2365 4034 δυναμένῳ
2379 3963 2564 4017 λοιπὸν
2592 3965 2821 4029 ⁷τούτους
2853 3967 3110 4035 κερδᾶναι
3147 3967 3617 4038 προσκυρωθῶσιν
3640 3985 3653 3998 ·

2086 4052 2256 4116 οὕτως
2294 4054 2497 4123 μέντοι,
2523 4055 2610 4108 ἴνα
2663 4055 2758 4109 ἐὰν
2792 4057 2997 4119 ἐκεῖνος
3029 4056 3164 4127 πρὸς
3196 4056 3255 4109 ὃν
3292 4058 3657 4110 ἐνδείκνυνται

2086 4146 2307 4215 ἀνήκειν
2336 4149 2385 4199 οἱ
2431 4148 2682 4213 τοιοῦτοι,
2709 4148 3021 4217 ἐξεπίτηδες
3070 4148 3159 4203 διά
3184 4167 3304 4200 τινα
3346 4150 3657 4218 οἰκονομίαν

2086 4239 2262 4303 ἔδοξεν
2301 4240 2541 4309 ἀμελεῖν,
2565 4240 2723 4293 τοῦτο
2748 4242 2855 4295 τῶν
2882 4243 3172 4311 αίρετικῶν
3216 4242 3622 4311 ὲπιλεξαμένων
3643 4257 3655 4270 '

2088 4331 2228 4384 ὥστε
2252 4333 2531 4403 ἀθορύϐως
2563 4333 2758 4396 αὐτοὺς
2783 4333 3211 4403 παραδέξασθαι,
3232 4334 3326 4386 καὶ
3350 4336 3406 4385 ὲν
3423 4334 3660 4402 τοσούτῳ

411 4430 553 4484 Sane
592 4430 638 4482 si
672 4427 950 4498 episcopi,
1000 4427 1143 4481 inter
1180 4440 1316 4494 quos
1364 4439 1529 4479 causa
1578 4433 1847 4488 versatur,
1899 4424 1979 4477 di-

2092 4426 2123 4495 ή
2148 4425 2311 4478 αὑτοῦ
2336 4425 2622 4495 ἐπιμέλεια
2654 4427 2757 4479 ὑπὸ
2784 4427 2968 4495 ἑτέρου
2995 4426 3330 4496 προελήφθη.
3354 4420 3500 4497 ᾗτινι
3533 4444 3659 4478 κατ-

408 4534 688 4572 versarum
738 4516 1144 4586 provinciarum
1193 4524 1339 4576 sunt,
1390 4515 1476 4567 ille
1522 4514 1726 4583 primas
1765 4514 1854 4568 det
1889 4514 1984 4582 ju-

408 4612 581 4675 dices,
622 4610 675 4663 in
709 4611 870 4679 cujus
900 4609 1177 4678 provincia
1209 4618 1293 4661 est
1346 4608 1498 4661 locus
1526 4608 1591 4661 de
1623 4623 1733 4676 quo
1762 4616 1988 4661 conten-

413 4707 584 4757 ιξὶιιιτ.
613 4701 670 4756 Si
704 4710 887 4756 autem
924 4717 991 4755 ex
1019 4700 1293 4755 communi
1324 4699 1518 4769 placito
1542 4699 1749 4753 vicinos
1776 4697 1987 4767 judices

410 4797 694 4863 elegerint,
742 4804 838 4847 aut
886 4809 1025 4847 unus
1070 4791 1323 4860 eligatur,
1378 4800 1474 4846 aut
1520 4800 1671 4847 tres:
1703 4800 1760 4845 ut
1797 4791 1843 4846 si
1880 4799 1988 4844 tres

409 4888 698 4955 elegerint,
773 4885 1018 4938 omnium
1094 4884 1416 4938 sententiam
1489 4895 1821 4952 sequantur,
1894 4892 1990 4935 aut

412 4979 667 5033 duorum.

2090 4517 2389 4585 εχρήσατο,
2451 4517 2577 4579 τοὺς
2620 4517 2814 4580 αὐτοὺς
2856 4518 3166 4581 αἱρετικοὺς
3235 4518 3394 4570 πλέον
3438 4519 3656 4581 ἐκάκιζε

2083 4607 2273 4660 τούτου
2300 4607 2502 4677 μεταξὺ
2541 4609 2853 4661 ἐπισκόπων
2886 4610 3181 4679 κρινόντων
3234 4609 3658 4677 διαγινωσκομέ-

2088 4716 2203 4762 νου,
2236 4701 2283 4750 οἱ
2321 4698 2475 4753 τόποι
2519 4703 2586 4769 τῇ
2632 4700 2795 4753 αὑτοῦ
2838 4700 3076 4771 καθέδρᾳ
3126 4700 3619 4752 ἀποκατασταθῶσι
3644 4712 3658 4725 ·

2084 4790 2194 4842 τῶν
2240 4790 2297 4843 δὲ
2350 4793 2640 4862 κρινόντων
2685 4792 3021 4856 ἐπισκόπων,
3077 4794 3142 4845 ὲκ
3187 4792 3462 4859 διαφόρων
3498 4792 3661 4845 ὄντων

2086 4879 2386 4948 ἐπαρχιῶν,
2414 4882 2617 4942 ἐκεῖνος
2640 4881 2669 4933 ό
2695 4881 2991 4950 πρωτεύων
3021 4883 3147 4942 τοὺς
3174 4880 3436 4943 δικαστὰς
3483 4882 3657 4933 δώσει.

2088 4966 2294 5033 οὗτινος
2335 4973 2391 5023 ὲν
2422 4974 2485 5041 τῇ
2529 4971 2683 5042 χώρᾳ
2709 4973 2737 5024 ὁ
2785 4972 2948 5033 αὐτὸς
2979 4971 3211 5042 ὑπάρχει
3246 4972 3430 5034 τόπος,
3455 4974 3581 5042 περὶ
3602 4966 3659 5024 οὗ

413 5072 797 5141 φιλονεικεῐται
834 5085 847 5097 ’
883 5068 977 5122 ἐὰν
1006 5066 1064 5119 δὲ
1124 5067 1266 5119 κατὰ
1329 5066 1512 5136 κοινὴν
1559 5067 1887 5131 συναίνεσιν,
1956 5067 2199 5134 γείτονας
2255 5066 2612 5129 ὲπιλέξωνται
2653 5066 2868 5138 κριτὰς,
2930 5066 2963 5137 ἢ
3000 5062 3079 5131 εἷς
3110 5068 3334 5137 ἐπιλεγῇ
3377 5069 3409 5137 ἢ
3452 5070 3597 5138 τρεῖς
3640 5083 3653 5095 ·

417 5165 509 5215 καὶ
530 5165 623 5216 ἐὰν
644 5164 791 5232 τρεῖς
824 5159 1200 5223 ὲπιλέξωνται,
1234 5160 1265 5229 ἢ
1292 5163 1356 5231 τῇ
1386 5162 1492 5213 τῶν
1517 5162 1653 5213 ὅλων
1681 5161 1845 5229 ψήφῳ
1868 5161 2413 5229 ἐπακολουθήσουσιν,
2442 5161 2474 5231 ἢ
2506 5165 2570 5230 τῇ
2597 5162 2701 5212 τῶν
2727 5160 2838 5213 δύο.

490 5259 709 5315 Novella
737 5259 801 5312 57
830 5259 901 5309 ait
926 5298 939 5321 ,
974 5256 1238 5309 Erclesias
1268 5256 1461 5309 Africa:
1501 5257 1723 5310 ﬁrmiter
1747 5256 1994 5309 obtinere

416 5354 788 5423 possessiones
812 5366 940 5406 suas
962 5358 1051 5425 :het
1078 5348 1123 5400 si
1156 5351 1349 5418 pagani
1370 5360 1463 5404 aut
1485 5349 1721 5403 hieretici
1740 5348 1977 5416 ipsarum

492 5530 537 5562 ⁸⁸
568 5529 737 5582 Cone.
771 5528 1031 5596 Carlltag.
1061 5541 1139 5590 ιιι,
1174 5542 1295 5581 can.
1328 5526 1428 5592 H;
1462 5526 1633 5579 Afric.
1666 5539 1713 5579 c.
1746 5525 1799 5578 5.

2183 5257 2247 5307 'll
2282 5256 2380 5325 ριβ⁹
2420 5257 2607 5325 Νεαρὰ
2658 5257 2810 5327 φησι,
2844 5258 2956 5320 Τὰς
2996 5257 3321 5327 Ἐκκλησίας
3379 5257 3655 5326 Ἀφρικῆς.

2090 5348 2344 5415 ἀσφαλῶς
2378 5348 2517 5417 ἔχειν
2534 5348 2629 5409 τὰς
2646 5353 2868 5418 κτήσεις
2895 5348 3093 5401 αὐτῶν·
3126 5351 3220 5403 καὶ
3241 5350 3336 5401 ἐὰν
3355 5348 3655 5419 Ἓλληνεςῆ

1903 5524 1947 5555 ⁹⁰
1982 5522 2145 5578 Cone.
2186 5524 2407 5581 lliilcvit.
2447 5541 2506 5589 ιι,
2539 5540 2587 5579 c.
2620 5524 2725 5592 21;
2761 5525 2926 5580 Afr-ie.
2959 5542 3005 5582 c.
3036 5528 3123 5583 88.

503 5648 613 5717 (63)
659 5647 879 5701 Gratus
930 5647 1199 5714 interpres
1246 5644 1576 5717 existimavit
1631 5653 1969 5712 conrogatam
2011 5644 2076 5697 de
2122 5655 2262 5699 ccetu
2315 5646 2420 5700 dici
2469 5662 2564 5716 pro
2642 5660 3022 5702 conrocalum:
3090 5665 3211 5703 cum
3249 5648 3315 5702 sit
3352 5658 3646 5714 conrogarc.

419 5714 703 5791 var-rigere,
733 5726 784 5772 ct
812 5718 878 5773 ad
908 5718 1222 5772 breviarium
1259 5717 1347 5771 hic
1379 5714 1661 5769 referatur.
