3912 6244
266 223 373 285 633

1422 218 1684 280 PHOTII
1700 216 2219 277 ‘PATRIARCHxE
2250 218 2359 278 (ΣΡ.

3424 217 3532 279 634

338 342 399 395 81
446 337 585 412 [80].
638 338 885 393 Diximus
940 353 1054 392 non
1098 345 1349 407 oportere
1396 337 1716 407 episcopum
1769 337 1846 390 vel

2030 342 2143 388 πα⁹.
2202 335 2445 405 Εἴπομεν
2477 336 2558 389 ὅτι
2584 335 2659 405 μὴ
2708 338 2813 405 χρὴ
2841 336 3138 389 ἐπίσκοπον
3158 335 3192 404 ἢ
3230 334 3537 407 πρεσϐύτε-

269 432 643 501 presbyterum
675 430 914 499 seipsum
946 428 1014 482 ad
1052 428 1299 498 publicas
1329 428 1836 481 administrationes

269 525 590 584 demittere,
652 522 745 576 sed
800 522 853 574 in
903 520 1292 575 ecclesiasticis
1338 518 1569 589 negotiis
1614 520 1843 574 versari.

275 610 367 664 Vel
400 626 528 679 ergo
586 610 657 662 ita
716 624 821 662 non
873 607 1053 661 facere
1097 608 1515 675 persuadeatur,
1552 606 1639 660 vel
1679 607 1846 675 depoo

270 713 466 767 natur;
496 716 653 755 nemo
701 701 843 754 enim
884 710 1061 768 potest
1093 700 1308 755 duobus
1366 700 1604 755 dominis
1636 697 1847 755 servire

270 795 567 849 secundum
600 792 813 847 Domini
849 794 1311 847 adhortationem.

585 887 808 944 Concilii
841 886 1278 941 Chalcedonensis
1308 902 1495 938 canon.

340 983 393 1035 ’5.
446 980 701 1035 Pervenit
744 978 809 1030 ad
857 984 1103 1029 sanctam
1142 974 1449 1042 synodum,
1478 974 1624 1041 quod
1654 985 1844 1025 eorum

267 1073 385 1140 qui,
434 1073 579 1125 clero
621 1068 856 1138 cooptati
906 1074 1053 1131 sunt,
1124 1066 1342 1136 quidam
1394 1073 1633 1134 propter
1691 1073 1848 1132 turpe

273 1167 484 1219 lucrum
533 1162 741 1217 alienas
786 1158 1165 1230 possessiones
1201 1156 1534 1215 conducunt,
1587 1166 1638 1207 et
1672 1169 1846 1208 smcu-

268 1256 403 1309 laria
438 1239 650 1323 negotia
683 1260 960 1314 exercent,
993 1248 1237 1303 divinum
1281 1247 1645 1300 ministerium
1676 1245 1844 1315 negli-

269 1355 480 1414 gentes,
515 1344 857 1399 saecularium
900 1356 1027 1394 vero
1070 1341 1262 1392 domos
1312 1338 1629 1400 subeuntes,
1661 1345 1715 1389 et
1747 1352 1841 1390 eo-

273 1453 392 1489 rum
440 1434 764 1488 facultatum
817 1431 1193 1486 tractationcm
1231 1444 1294 1483 ac
1337 1427 1681 1482 curationem
1716 1441 1846 1495 pro-

270 1537 389 1597 pter
438 1528 722 1580 avaritiam
769 1523 1153 1591 suscipientes.
1212 1520 1430 1574 Deliniit
1479 1534 1611 1588 ergo
1658 1526 1846 1572 sancta

1952 446 2044 497 ρον
2093 426 2339 479 καθιέναι
2374 426 2564 480 ἐαυτὸν
2593 427 2675 488 είς
2720 426 2986 497 δημοσίας
3024 426 3341 496 διοικήσεις,
3386 426 3527 478 ἀλλὰ

1950 523 2365 589 προσευκαιρεῑν
2389 519 2509 580 ταῖς
2538 518 3019 587 ἐκκλησιαστικαῖς
3042 518 3253 587 χρείαις
3282 535 3297 549 ο
3330 517 3365 589 ἢ
3406 534 3533 570 πει-

1950 610 2124 663 θέσθω
2154 610 2245 663 οὖν
2273 608 2430 663 τοῦτο
2471 609 2547 680 μὴ
2591 611 2790 676 ποιεῖν,
2822 608 2855 679 ἢ
2906 608 3281 679 καθαιρείσθω
3307 626 3321 641 '
3364 609 3539 671 οὐδεὶς

1948 720 2056 773 γαρ
2088 703 2311 755 δύναται
2337 702 2455 754 δυσὶ
2500 703 2713 773 κυρίοις
2767 700 3060 766 δουλεύειν,
3101 703 3243 756 κατὰ
3290 702 3389 773 τὴν
3420 702 3538 754 Κυ-

1958 794 2256 864 ριακῆνξπα
2265 793 2491 864 ρακέλευ
2500 811 2604 848 σιν.

2114 872 2119 877 ’
2231 883 2503 937 Συνόδου
2543 884 2934 954 Χαλκηδόνος
2957 886 3158 939 κανὼν
3181 893 3255 954 γ’.

2020 981 2089 1043 γ’.
2108 970 2311 1027 ἿΙλθεν
2340 977 2420 1038 εἰς
2450 974 2548 1045 τὴν
2581 976 2740 1043 ἁγίαν
2766 975 3003 1041 σύνοδον,
3028 977 3108 1029 ὅτι
3128 978 3235 1029 τῶν
3265 978 3324 1028 ἐν
3352 977 3449 1047 κλή
3461 994 3544 1049 ρῳ

1950 1066 2387 1136 κατειλεγμένων
2436 1065 2583 1129 τινὲς
2626 1066 2694 1119 δι’
2735 1066 3204 1135 αἰσχροκέρδειαν,
3233 1067 3532 1139 ἀλλοτρίων

1952 1158 2250 1227 κτημάτων
2298 1157 2538 1223 γίνονται
2588 1156 2873 1226 μισθωταὶ,
2911 1158 3003 1210 καὶ
3053 1159 3353 1229 πράγματα
3404 1176 3537 1212 κοσ-

1954 1250 2093 1320 μικὰ
2122 1248 2480 1321 ἐργολαϐοὖσι
2514 1290 2531 1315 ,
2563 1248 2660 1318 τῆς
2719 1248 2816 1317 μὲν
2868 1247 2961 1301 τοῦ
2991 1248 3128 1302 Θεοῦ
3181 1249 3529 1321 λειτουργίας

1950 1339 2491 1412 καταρᾳθυμοῢντες,
2520 1339 2647 1402 τοὺς
2672 1339 2728 1392 δὲ
2749 1338 2856 1395 τῶν
2885 1340 3165 1410 κοσμικῶν
3206 1342 3504 1412 ὑποτρέχον
3524 1371 3538 1382 -

1947 1450 2039 1496 τες
2070 1430 2391 1498 οἴκους,καὶ
2432 1431 2631 1485 οὐσιῶν
2670 1434 2990 1503 χειρισμοὺς
3032 1432 3419 1503 ἁναδεχόμενοι
3444 1432 3537 1486 διὰ

1949 1524 2335 1595 φιλαργυρίαν.
2375 1524 2568 1594 Ὠρισε
2600 1524 2835 1596 τοίνυνή
2870 1525 3000 1592 ἁγία
3030 1526 3125 1579 καὶ
3154 1525 3363 1597 μεγάλη
3405 1525 3536 1579 σύν-

267 1618 533 1689 synodus,
580 1616 851 1669 neminem
899 1615 1177 1682 deinceps,
1228 1626 1324 1665 nec
1370 1610 1710 1679 episcopum,
1748 1624 1846 1663 nec

1964 1615 2323 1685 >50;,'jpr,8éva
2349 1613 2444 1667 τοῦ
2475 1613 2685 1679 λοιποῦ,
2709 1615 2785 1686 μὴ
2813 1615 3132 1679 ἐπίσκοπον,
3152 1616 3227 1686 μὴ
3249 1616 3536 1686 κληρικὸν,

266 1711 551 1770 clericum,
605 1722 703 1761 nec
740 1707 1091 1768 monachum,
1130 1704 1209 1757 vel
1240 1703 1622 1773 possessiones
1645 1702 1846 1756 condu-

1964 1706 2029 1776 μὴ
2079 1706 2399 1777 μονάζοντα,
2434 1705 2467 1776 ἢ
2519 1705 2840 1775 μισθοῦσθαι
2887 1708 3164 1778 κτήματα,
3204 1706 3239 1777 ἢ
3276 1708 3541 1777 πραγμά-

267 1814 411 1863 cere,
444 1800 526 1853 vel
557 1797 915 1853 srecularibns
950 1794 1366 1862 possessionum
1409 1791 1846 1845 administratio-

1964 1816 2061 1851 των
2089 1797 2623 1866 ἐπεισάγεινζέαυτὸν
2655 1801 2943 1869 κοσμικαῖς
2963 1799 3283 1870 διοικήσεσι,
3319 1798 3458 1867 πλὴν
3486 1802 3538 1851 εἰ

268 1889 429 1943 nibus
459 1888 699 1956 seipsqu
738 1887 1019 1955 ingerere,
1080 1884 1184 1937 nisi
1242 1884 1428 1952 utique
1481 1897 1544 1936 ex
1610 1880 1728 1951 lege
1780 1877 1847 1932 ad

270 1980 696 2034 inexcusabilem
749 1978 1089 2047 impuberum
1123 1977 1346 2031 tutelam
1379 1984 1626 2039 vocetur,
1658 1974 1741 2027 vel
1769 1973 1850 2026 ci-

270 2070 455 2123 vitatis
504 2070 795 2138 episcopus
823 2083 948 2121 eum
1000 2082 1179 2120 rerum
1214 2064 1722 2120 ecclesiasticarum
1753 2077 1851 2118 cuo

270 2178 386 2216 ram
418 2176 607 2231 gerere
652 2160 956 2230 permittat,
1005 2159 1166 2228 217
1207 2158 1290 2211 vel
1328 2157 1725 2226 orphanorum,
1765 2154 1846 2208 vel

269 2254 583 2317 viduarum,
633 2252 837 2321 quibus
882 2252 1152 2321 provideri
1191 2265 1298 2304 non
1332 2257 1534 2319 potest,
1573 2254 1629 2300 et
1658 2260 1850 2314 perso-

272 2361 468 2401 narum
514 2362 637 2415 qua:
663 2345 1037 2399 ecclesiastico
1067 2343 1273 2397 auxilio
1318 2342 1555 2395 maxime
1582 2340 1847 2409 indigent,

266 2446 486 2507 propter
509 2438 758 2491 timorem
786 2437 1013 2490 domini.
1046 2434 1103 2489 Si
1132 2437 1256 2505 quis
1284 2444 1464 2492 autem
1496 2446 1619 2502 quae
1648 2440 1849 2487 statuta

268 2540 418 2594 sunt,
449 2530 706 2599 deinceps
756 2528 1063 2598 transgredi
1113 2542 1402 2596 aggressus
1428 2526 1615 2589 fuerit,
1650 2525 1696 2579 is
1733 2538 1852 2592 pre-

268 2621 360 2677 nis
379 2618 766 2675 ecclesiasticis
793 2618 1139 2685 subjiciatur.

553 2710 784 2764 Concilii
806 2708 1240 2779 Carlhaginensis
1270 2723 1442 2759 canon
1476 2704 1565 2759 l6.

403 2802 489 2858 16.
530 2800 598 2856 Ut
635 2802 812 2855 nullus
842 2802 1137 2870 episcopus,
1168 2811 1296 2865 etc.,
1338 2808 1394 2850 ut
1433 2814 1554 2866 pag.
1582 2796 1705 2852 550.

625 2981 854 3037 Concilii
893 2980 1101 3036 Nicani
1131 2997 1166 3035 ιι
1199 2997 1366 3034 canon
1405 2977 1490 3033 10.

344 3076 496 3144 Quod
526 3091 629 3130 non
658 3084 893 3145 oporteat
917 3074 1156 3138 clericos,
1186 3089 1282 3125 sua
1313 3071 1497 3125 relicta
1517 3070 1767 3139 parmcia,
1794 3070 1848 3123 in

272 3171 439 3225 aliam
468 3170 757 3231 incurrere,
792 3168 956 3220 inscio
990 3167 1250 3233 episcopo.

344 3349 429 3404 10.
461 3349 726 3416 Quoniam
767 3347 1014 3401 nonnulli
1042 3346 1245 3411 clerici,
1281 3355 1410 3410 etc.,
1445 3353 1502 3397 ut
1531 3359 1652 3414 pug.
1686 3341 1811 3395 662.

274 3532 477 3603 Synodi
502 3547 619 3600 quin
654 3530 829 3599 prima
860 3539 908 3583 et
949 3526 1178 3581 secunda
1215 3535 1553 3594 nuncupatur
1582 3523 1849 3578 Constan-

341 3622 687 3690 slanlinopoli
744 3622 798 3673 in
850 3622 1041 3688 templo
1102 3617 1417 3672 Sanctorum
1478 3615 1851 3685 Apostolorum

344 3722 671 3783 congregata:
697 3727 865 3763 canon
901 3709 990 3763 ll.

345 3828 433 3882 11.
452 3825 804 3896 Presbyteros
838 3824 920 3877 vel
947 3824 1227 3885 diaconos,
1253 3821 1542 3876 szecularcs
1566 3818 1853 3888 magistra-

274 3930 361 3974 tus
395 3920 478 3972 vel
511 3933 671 3971 curas
704 3914 1080 3982 suscipientes,
1114 3913 1198 3966 vel
1221 3928 1313 3967 eas
1336 3910 1528 3980 qmein
1560 3911 1850 3979 magistra-

275 4023 423 4066 tuum
443 4009 650 4064 mdibus
680 4006 1303 4070 dieuntur,curationcs,
1332 4002 1498 4056 divini
1526 4010 1577 4055 et
1595 4003 1733 4056 sacri
1757 4017 1850 4056 ca-

276 4119 446 4158 nones
467 4102 787 4172 depositioni
812 4100 1131 4169 subjiciunt.
1166 4095 1281 4149 lloe
1319 4110 1448 4166 ergo
1488 4110 1587 4149 nos
1631 4109 1850 4164 quoque

273 4194 683 4257 conﬁrmantes,
709 4193 775 4246 de
811 4190 1033 4259 reliquis
1065 4203 1281 4257 quoque
1312 4187 1403 4256 qui
1442 4186 1647 4259 suntin
1689 4184 1852 4239 cleri-

275 4300 463 4340 corum
495 4284 743 4352 catalogo
784 4280 1133 4335 decernimus
1173 4295 1187 4332 :
1222 4277 1366 4347 quod
1411 4280 1457 4332 si
1490 4257 1615 4345 quis
1659 4293 1849 4330 eorum

1958 1890 2036 1959 μή
2068 1906 2170 1942 που
2194 1890 2259 1942 ἐκ
2287 1889 2468 1960 νόμων
2500 1889 2715 1942 καλοῖτο
2742 1891 2822 1955 είς
2846 1890 3129 1960 ἀφηλίκων
3157 1892 3541 1961 ἀπαραίτητον

1951 1979 2273 2050 ἐπιτροπὴν,
2308 1980 2342 2051 ἢ
2378 1982 2407 2033 ὁ
2430 1980 2531 2050 τῆς
2566 1980 2776 2045 πόλεως
2800 1981 3121 2047 ἐπίσκοπος,
3150 1981 3541 2052 ἐκκλησιαστι-

1952 2070 2066 2123 κῶν
2097 2069 2381 2140 ἐπιτρέψοι
2426 2069 2740 2141 φροντίζειν
2781 2071 3212 2143 πραγμάτων,ἢ
3251 2072 3531 2143 ὀρφανῶν,

1951 2162 2045 2214 καὶ
2072 2162 2259 2232 χηρῶν
2284 2162 2660 2232 ἁπρονοήτων,
2692 2162 2786 2217 καὶ
2816 2163 2926 2217 τῶν
2955 2162 3265 2235 προσώπων
3296 2165 3406 2217 τῶν
3431 2165 3543 2234 μά-

1950 2252 2110 2307 λιστα
2157 2254 2259 2325 τῆς
2318 2253 2780 2327 ἐκκλησιαπικῆς
2814 2256 3086 2327 δεομένων
3110 2257 3410 2328 .·βοηθείας,
3440 2257 3532 2311 διὰ

1950 2345 2040 2397 τὸν
2088 2344 2253 2412 φόϐον
2306 2344 2402 2398 τοῦ
2455 2346 2649 2417 κυρίου
2682 2363 2697 2378 ⁶
2730 2346 2779 2399 εί
2826 2346 2883 2400 δέ
2933 2365 3018 2411 τις
3077 2346 3440 2418 παραϐαίνειν
3466 2347 3538 2399 τὰ

1950 2436 2229 2506 ὡρισμένα
2256 2437 2350 2489 τοῦ
2379 2436 2567 2490 λοιποῦ
2605 2439 2969 2510 ἐπιχειρήσοι,
2994 2438 3286 2503 ότοιοῦτος
3318 2435 3529 2508 ἐκκλη-

1952 2531 2251 2591 σιαστικοῖς
2284 2529 2600 2583 ὑποκείσθω
2631 2531 2953 2601 ἐπιτιμίοις.

2200 2709 2471 2764 Συνόδου
2498 2708 2920 2780 Καρθαγέννης
2957 2710 3161 2765 κανὼν
3185 2718 3283 2775 ις’.

2028 2810 2129 2866 ις’.
2167 2803 2347 2858 Ὥστε
2400 2802 2639 2873 μηδένα
2686 2802 3028 2857 ἐπίσκοπον
3098 2804 3137 2873 ἢ
3210 2803 3541 2871 πρεσϐύτε-

1945 2912 2082 2964 ρον,
2107 2912 2162 2949 κ.
2203 2912 2253 2949 τ.
2281 2895 2334 2949 λ.
3246 2901 3250 2904 ’

2097 2985 2369 3040 Συνόδου
2394 2985 2644 3052 Νικαίας
2670 2984 2737 3039 τὸ
2780 2984 3081 3053 δεύτερον,
3110 2982 3315 3038 κανὼν
3338 2990 3390 3037 ι’.

2030 3082 2166 3135 Ὀτι
2196 3084 2267 3134 οὐ
2292 3082 2384 3134 δεῖ
2405 3078 2732 3148 κληρικοὺς
2774 3078 3100 3133 ἀπολιπεῖν
3148 3077 3262 3146 τὴν
3308 3077 3544 3131 ἑαυτῶν

1954 3174 2303 3241 παροικίαν,
2328 3173 2424 3225 καὶ
2451 3173 2521 3225 ἐν
2560 3172 2731 3242 ἐτέρςῑ
2775 3171 3115 3242 ἀφικέσθαι,
3157 3170 3335 3241 χωρίς
3380 3170 3542 3237 εἰδή-

1954 3284 2107 3331 σεως
2120 3266 2242 3319 ,τοῦ
2275 3266 2635 3319 ἐπισκόπου.

2025 3357 2075 3413 ι’.
2121 3358 2337 3428 Ἐπειδὴ
2378 3374 2521 3421 τινες
2579 3357 2688 3411 τῶν
2722 3355 3000 3428 κληρικῶν
3024 3356 3541 3428 παραλογιζόμενοι,

1954 3470 2007 3504 κ.
2036 3469 2085 3504 τ.
2108 3452 2159 3503 λ.

1953 3541 2222 3594 Evr-660v
2251 3546 2303 3593 α’
2330 3540 2427 3593 καὶ
2467 3539 2530 3605 ,β’
2559 3538 3074 3609 συγκροτηθείσης
3106 3539 3176 3592 ἐν
3214 3542 3541 3593 Κωνσταν-

2024 3636 2369 3689 τινοινπόλει
2389 3633 2460 3687 ἐν
2480 3632 2706 3699 τῷῗναῷ
2732 3632 2850 3685 τῶν
2877 3633 3088 3702 Ἀγίων
3124 3633 3537 3701 Ἀποστόλων,

2025 3725 2233 3778 κανὼν
2275 3732 2364 3778 ια’.

2023 3838 2256 3900 ια’.Τοὺς
2290 3837 2691 3908 πρεσϐυτέρους
2722 3838 2754 3908 ἢ
2804 3837 3106 3904 διακόνους,
3130 3838 3402 3907 κοσμικὰς
3432 3838 3540 3906 ἀρ-

1951 3927 2053 3997 χὰς
2091 3928 2124 3998 ἢ
2158 3928 2444 3998 φροντίδας
2472 3926 2922 3997 ἀναδεχομένους,
2960 3927 2994 3997 ἢ
3026 3928 3123 3990 τὰς
3146 3928 3204 3979 ἐν
3225 3929 3337 3990 τοῖς
3367 3927 3541 3988 οῐκοις

1950 4021 2059 4072 τῶν
2088 4020 2369 4089 ἀρχόντων
2417 4018 2717 4090 λεγομένας
2753 4019 3181 4089 κουρατωρείας,
3212 4022 3259 4072 οἱ
3276 4019 3408 4073 θεῖοι
3441 4019 3541 4073 καὶ

1954 4113 2089 4181 ἱεροὶ
2118 4112 2340 4176 κανόνες
2364 4112 2682 4182 καθαιρέσει
2705 4112 3179 4166 καθυποῦάλλουσι
3198 4128 3213 4142 ⁸
3252 4112 3411 4166 τοῦτο
3440 4108 3537 4166 οὖν

1953 4204 2048 4254 καὶ
2068 4205 2227 4273 ἡμεῖς
2256 4202 2703 4273 ἐπικουροῦντες,
2722 4203 2816 4256 καὶ
2843 4204 2969 4273 περὶ
2994 4203 3105 4256 τῶν
3126 4203 3325 4257 λοιπῶν
3353 4204 3463 4256 τῶν
3479 4205 3541 4255 ἐν

1955 4295 2143 4364 κλήρῳ
2172 4295 2609 4364 κατειλεγμένων
2635 4295 3004 4366 διοριζόμεθα,
3032 4294 3109 4359 ὡς
3151 4296 3205 4349 εί
3231 4313 3314 4358 τις
3352 4295 3539 4349 αὐτῶν

275 4378 557 4431 s:eeularia
581 4376 752 4429 ollicia
779 4382 1060 4434 assumat,
1096 4371 1179 4427 vel
1210 4388 1305 4426 eas
1328 4386 1448 4441 qua:
1478 4371 1530 4423 in
1565 4370 1846 4441 magistra-

1964 4384 2226 4451 κοσμικὰς
2267 4384 2443 4455 ἀρχὰς
2495 4386 3011 4457 μεταχειρίζοιτο,ἢ
3052 4386 3151 4450 τὰς
3196 4388 3255 4441 ἐν
3284 4389 3397 4449 τοῖς
3425 4386 3537 4439 τῶν

275 4476 424 4520 tuum
469 4466 681 4518 aedibus
711 4463 795 4516 vel
830 4463 886 4516 in
933 4461 1267 4517 suburbanis
1298 4462 1577 4523 dicuntur,
1609 4461 1849 4513 curatio-

275 4573 372 4610 nes
418 4557 701 4625 suscipiat,
748 4555 794 4608 is
832 4570 897 4608 ex
946 4555 1091 4607 clero
1134 4553 1453 4621 expellatur.
1499 4551 1672 4605 Nemo
1704 4554 1848 4606 enim

274 4657 470 4718 potest,
499 4657 559 4701 ut
591 4659 674 4702 est
703 4646 906 4701 Christi
938 4646 1063 4715 jveri
1115 4646 1206 4700 Dei
1254 4647 1423 4702 nostri
1458 4664 1555 4700 vox
1609 4648 1678 4701 ab
1731 4648 1851 4715 ipso

275 4740 482 4807 prolata
510 4739 577 4803 ",
605 4754 779 4807 caque
824 4739 982 4808 longe
1028 4737 1335 4801 verissima,
1360 4738 1576 4793 duobus
1610 4738 1852 4792 dominis

274 4832 499 4886 servire.

345 4919 563 4973 Toxlus.
622 4919 813 4975 Const.
865 4920 952 4986 17,
994 4920 1076 4974 ιίι.
1108 4921 1176 4990 εἴ),
1225 4920 1318 4973 lib.
1346 4936 1386 4983 ι,
1422 4918 1546 4973 cod.
1594 4927 1741 4974 vetat
1782 4934 1849 4973 ne

272 5013 456 5066 clerici
488 5027 769 5067 accessum
797 5013 1029 5067 habeant
1055 5014 1119 5066 ad
1152 5013 1400 5082 publicas
1431 5013 1514 5065 vel
1541 5013 1606 5067 ad
1636 5014 1844 5068 curiam

272 5105 607 5173 pertinentes
646 5104 912 5159 actiones.
946 5105 1010 5158 Et
1050 5103 1120 5159 40
1142 5105 1384 5174 ejusdem
1420 5107 1502 5159 tit.
1546 5116 1728 5161 const.
1763 5107 1847 5160 iu-

274 5195 490 5249 terdicit
536 5194 922 5250 defensoribus
990 5195 1382 5258 ecclesiarum,
1432 5213 1501 5251 ne
1573 5208 1847 5254 extremas

272 5285 439 5355 218
483 5291 797 5340 voluntates
841 5286 1148 5352 insinuent,
1187 5299 1348 5358 atque
1398 5291 1449 5342 in
1493 5300 1846 5345 temeratores

272 5391 489 5446 pomum
538 5378 937 5447 quinquaginta
990 5380 1250 5434 librarum
1307 5380 1471 5453 [auri]
1507 5384 1734 5447 ,statuit.
1781 5383 1845 5438 Et

268 5466 513 5536 ejusdem
552 5468 637 5523 tit.
682 5469 792 5523 ait:
828 5469 982 5536 Quod
1019 5464 1301 5542 episcopi,
1351 5474 1688 5544 presbyteri,
1725 5474 1843 5530 dia-

339 5639 386 5671 ”
413 5638 605 5696 Matth.
632 5658 708 5710 vr,
738 5641 831 5700 24.

1952 4477 2227 4545 ἀρχόντων
2257 4476 2426 4540 οῖκοις
2460 4477 2494 4549 ἢ
2546 4478 2894 4547 προαστείοις
2922 4478 3222 4548 λεγομένας
3256 4496 3541 4549 κουρατω-

1956 4569 2105 4636 ρείας
2138 4568 2474 4638 ἀναδέχοιτο,
2525 4568 2723 4623 τοῦτον
2751 4570 2845 4623 τοῦ
2872 4569 3076 4623 οἰκείου
3103 4570 3307 4640 κλήρου
3341 4570 3539 4623 ἐκδιώ-

1952 4659 2162 4712 κεσθαι’
2188 4660 2361 4723 οὐδεὶς
2381 4660 2487 4733 γὰρ
2516 4661 2763 4726 δύναται,
2785 4662 2927 4717 κατὰ
2952 4663 3050 4732 τὴν
3068 4663 3161 4716 τοῦ
3179 4663 3415 4733 Χριστοῦ
3439 4664 3537 4717 τοῦ

1952 4750 2208 4820 ἀληθινοῦ
2235 4751 2371 4804 Θεοῦ
2401 4754 2560 4822 ήμῶν
2611 4754 2931 4807 αὐτόλεκτον
2978 4756 3072 4808 καὶ
3118 4754 3537 4828 ἀψευδεστάτην

1956 4842 2160 4913 φωνὴν,
2188 4842 2308 4895 δυσὶ
2335 4845 2544 4915 κυρίοις
2566 4846 2865 4903 δουλεύειν.

2038 4931 2101 4985 Ἦ
2138 4934 2201 4997 ιζ’
2233 4934 2476 4999 διάταξις
2523 4936 2617 4989 τοῦ
2641 4943 2692 4990 α’
2714 4937 2855 5008 βιὸλ.
2888 4938 2982 4992 τοῦ
3016 4938 3145 4995 κώδ.
3179 4938 3379 4993 κωλύει
3411 4939 3539 5004 τοὺς

1954 5021 2250 5094 κληρικοὺς
2282 5026 2517 5096 πάροδον
2554 5027 2697 5097 ἐχειν
2735 5029 2815 5092 είς
2853 5028 2950 5093 τὰς
2992 5029 3255 5100 δημοσίας
3284 5029 3536 5101 πράξεις,

1954 5112 1987 5184 ἢ
2018 5114 2115 5177 τὰς
2158 5115 2505 5186 ἁρμοζούσας
2538 5121 2656 5183 ταῖς
2700 5119 2918 5190 βουλαῖς
2948 5136 2960 5149 ·
2990 5122 3085 5174 καὶ
3116 5123 3148 5191 ὴ
3189 5121 3242 5191 μ’
3278 5120 3373 5174 τοῦ
3432 5123 3538 5174 αύ-

1949 5203 2042 5256 τοῦ
2072 5204 2178 5259 τίτ.
2208 5207 2698 5281 διάτ.ἁπαγορεύει
2722 5215 2833 5276 τοῖς
2850 5211 3331 5282 ἐκκλησιεκδίκοις,
3359 5215 3541 5285 ἐμφα-

1953 5297 2121 5361 νίζειν
2163 5300 2477 5367 τελευταίας
2526 5301 2831 5375 βουλήσεις,
2854 5307 3044 5376 ποινὴν
3075 5308 3138 5359 ἐκ
3185 5306 3539 5377 παραιϐασίας

1945 5386 2200 5459 ὁρίζουσα
2213 5389 2254 5443 ν’
2271 5391 2487 5462 λιτρῶν·
2512 5395 2604 5446 καὶ
2626 5396 2657 5463 ἡ
2680 5395 2865 5448 vafro?)
2883 5394 3045 5449 αὑτοῦ
3064 5396 3356 5466 τίτ.φησὶν,
3385 5397 3467 5448 δτι
3488 5399 3538 5450 oi.

1945 5479 2234 5537 ἐπίσκοποι
2250 5484 2344 5538 καὶ
2374 5485 2645 5555 πρεσϐύτε
2656 5504 2736 5558 ροι
2749 5488 2850 5553 καὶ,
2869 5488 3103 5543 διάκονοι
3118 5489 3213 5543 καὶ
3240 5488 3541 5543 ὑποδιᾶκο-
