3912 6244
337 271 436 333 685

1138 224 1538 332 SYNTAGMA
1572 226 1973 331 CANONUM.
1993 290 2057 302 —-
2082 267 2225 327 TIT.
2249 265 2413 339 VIII,
2438 267 2594 326 CAP.
2626 268 2779 327 XlV.

3490 270 3597 331 686

337 398 416 435 νοι
442 378 533 432 καὶ
553 377 802 448 μοναχοὶ,
818 377 920 433 κᾶν
935 379 1010 451 μὴ
1025 378 1190 450 ἔχωσι
1203 379 1553 449 χειροτονίαν,
1568 377 1913 446 ἀλειτουργή-

2026 372 2509 437 coni,subdiaconi
2534 382 2588 428 et
2613 373 2891 436 monachi,
2928 372 3055 428 licet
3082 388 3188 429 non
3224 385 3354 431 sunt
3382 378 3594 444 clerici,

337 461 455 525 σ’ίαν
466 470 649 541 ἔχουσι
675 472 851 541 πάσης
866 474 1166 545 ἐπιτροπῆς
1180 473 1274 525 καὶ
1295 489 1389 524 κου
1398 470 1717 541 ρατωρείας,
1728 468 1916 539 σχολά-

338 563 516 627 ζοντες
549 562 734 633 μέντοι
763 565 881 626 ταῖς
901 564 1214 633 ἐκκλησίαις
1266 566 1362 616 καὶ
1393 566 1504 625 τοῖς
1534 562 1916 632 μοναστηρίοις

339 654 538 718 αὐτῶν,
593 655 689 706 καὶ
727 655 802 725 μὴ
836 654 1166 724 ἀμελοῦντες
1212 655 1313 723 τῆς
1351 654 1501 717 θείας
1551 652 1914 723 λειτουργίας.

418 745 482 797 Ἦ
509 745 565 798 δέ
595 744 637 814 β’
668 745 807 799 διάτ.
864 746 957 798 τοῦ
1020 744 1066 799 α’
1119 745 1225 800 τίτ.
1280 745 1391 799 τῶν
1452 746 1682 818 Νεαρῶν
1729 760 1912 814 φησιν,

331 839 412 895 ίτι
438 838 736 901 ἐπίσκοπος
788 838 821 909 ἢ
887 838 1136 910 μοναχὸς,
1189 839 1250 891 οὐ
1290 838 1499 903 γίνεται
1539 835 1790 908 κηδεμών
1815 853 1830 868 ο
1866 838 1914 887 οἰ

294 918 299 923 ’
331 932 817 1003 δὲᾶλλοικληρικοὶ
837 932 945 984 τῶν
972 933 1117 984 ἰδίων
1146 930 1424 1000 συγγενῶν
1438 929 1912 1000 κηδεμονεύουσιν,

332 1026 428 1078 ἐὰν
459 1026 590 1078 εἵσω
619 1025 661 1078 δ’
692 1024 876 1096 μηνῶν
899 1025 1050 1095 παρὰ
1078 1024 1155 1093 τῷ
1185 1025 1427 1095 ἁρμοδίῳ
1467 1024 1695 1094 δικαστῇ
1736 1022 1915 1092 οἰκείᾳ

332 1115 653 1185 προαιρέσει
686 1116 1088 1183 καταδέξωνται
1127 1131 1141 1143 ·
1167 1117 1261 1168 καὶ
1286 1116 1349 1168 οὐ
1391 1113 1914 1186 προκριματίςονται

331 1209 463 1278 περὶ
491 1206 659 1276 ἀλλην
692 1208 1016 1278 κηδεμονίαν
1042 1207 1197 1260 ὀὔτε
1222 1207 1281 1260 δὲ
1312 1207 1584 1277 δημοσίων
1598 1207 1911 1277 ἐκλήπτωρ,

329 1298 363 1366 ἢ
396 1296 589 1359 τελῶν,
626 1296 659 1367 ἢ
701 1299 947 1369 κτήσεων
976 1297 1294 1367 ἀλλοτρίων,
1333 1299 1367 1369 ἢ
1390 1297 1700 1367 κουράτωρ,
1737 1296 1910 1361 οἴκου,

328 1387 362 1457 ἤ
397 1387 649 1452 ἐντολεὺς
684 1388 860 1458 δίκης,
977 1389 1251 1459 ἐγγυητής
1284 1407 1297 1419 ·
1330 1390 1469 1460 ὑπὲρ
1511 1388 1619 1441 τῶν
1655 1387 1913 1440 τοιούτων

328 1479 527 1533 αἰτιῶν
583 1479 904 1543 ἐπίσκοπος,
941 1480 974 1550 ἢ
1028 1483 1330 1551 οἰκονόμος,
1362 1480 1395 1550 ἢ
1431 1480 1589 1543 ἄλλος
1650 1478 1913 1551 κληρικδς

327 1571 543 1641 γίνεται
582 1571 806 1642 ὀνόματι
842 1571 980 1642 ἰδίῳ,
1025 1571 1060 1641 ἢ
1086 1572 1187 1641 τῆς
1228 1570 1580 1642 Ἐκκλησίας,
1614 1569 1647 1641 ἦ
1690 1568 1784 1623 τοῦ
1819 1587 1913 1641 μο-

326 1662 624 1733 ναστηρίου
656 1662 819 1716 αὐτοῦ
846 1678 859 1692 ·
890 1663 989 1726 τὰς
1023 1663 1081 1716 δὲ
1105 1663 1521 1735 παρακειμένας
1544 1665 1768 1731 κτήσεις
1799 1663 1911 1723 τοῖς

2020 465 2247 519 omnino
2278 464 2679 520 immunitatem
2720 465 2903 519 tutelm
2940 474 3104 535 atque
3138 482 3285 522 cura:
3319 470 3555 526 habeant
3583 491 3596 526 :

2020 557 2064 610 si
2106 566 2284 610 tamen
2318 556 2565 611 ecclesiis
2594 566 2648 611 et
2689 558 3031 612 monasteriis
3073 558 3188 614 suis
3232 576 3456 629 operam
3504 579 3604 617 na-

2018 657 2162 713 vent,
2200 662 2377 717 neque
2406 647 2651 702 divinum
2678 649 3040 704 ministerium
3065 652 3362 723 negligant.

2095 739 2312 794 Τεετιιιδ.
2359 738 2548 794 Const.
2591 739 2655 803 2,
2714 742 2803 796 tit.
2850 739 3237 798 INovellarum
3302 745 3409 810 ait,
3453 746 3597 814 quod

2017 830 2305 900 episcopus
2345 840 2440 885 aut
2506 833 2807 887 monachus
2842 841 2988 887 tutor
3027 850 3134 888 non
3204 834 3296 890 liat
3326 855 3338 889 :
3368 838 3458 891 alii
3498 853 3596 891 au-

2018 929 2125 975 tem
2203 923 2387 997 clerici
2448 934 2809 992 cOgnatorum
2888 940 3113 979 suorum
3188 935 3396 983 tutores
3452 929 3600 992 sint,

2017 1013 2065 1068 si
2107 1014 2250 1068 intra
2284 1023 2523 1084 quatuor
2562 1030 2781 1070 menses
2821 1016 2965 1086 apud
3003 1027 3399 1088 competentem
3453 1019 3600 1090 judi-

2018 1120 2135 1159 cem
2165 1103 2441 1179 [tutelam]
2481 1107 2701 1179 propria
2740 1108 3020 1163 voluntate
3064 1110 3453 1181 susceperint:
3487 1126 3601 1181 quo

2018 1186 2201 1261 facto,
2263 1197 2474 1251 nullum
2535 1198 2913 1269 praeiudicium
2964 1200 3109 1255 circa
3152 1200 3313 1254 aliam
3373 1203 3596 1258 tutelam

2023 1285 2359 1341 sustineant.
2394 1285 2575 1360 [Quod
2602 1288 2756 1361 item]
2785 1305 2960 1360 neque
2991 1291 3335 1360 publicarum
3367 1291 3598 1364 [contri-

2016 1376 2327 1448 butionum]
2363 1389 2737 1449 susceptores,
2773 1397 2953 1451 neque
3004 1384 3349 1452 vectigalium
3392 1385 3600 1439 aliena-

2014 1480 2208 1521 rumvc
2238 1469 2661 1537 'possessionum
2704 1468 3114 1543 [conductores]
3154 1488 3331 1542 neque
3378 1472 3598 1529 familiae

2016 1565 2321 1625 curatores,
2364 1574 2541 1629 neque
2586 1572 2975 1630 procuratores
3024 1563 3156 1627 litis,
3197 1578 3375 1632 neque
3429 1579 3596 1636 super

2015 1645 2327 1701 istiusmodi
2377 1649 2562 1705 causis
2621 1650 2977 1718 ﬁdejussores
3024 1667 3158 1715 suo,
3201 1662 3299 1708 aut
3348 1654 3598 1710 ecclesia

325 1754 512 1810 αὐτῶν
540 1754 796 1824 εὐαγέσιν
824 1755 1014 1821 οἴκοις,
1039 1755 1296 1809 δύνανται
1353 1753 1673 1826 μισθοῦσθαι
1700 1754 1794 1807 καὶ
1813 1754 1911 1823 ἐμ-

2026 1739 2403 1794 monasteriive
2429 1740 2515 1794 sui
2548 1741 2794 1810 nomine,
2816 1741 2903 1796 vel
2922 1742 3172 1812 episcopi
3188 1744 3271 1796 vel
3295 1746 3595 1812 mconomi,

326 1845 683 1916 φυτεύεσθαι,
720 1847 939 1900 πάντων
964 1847 1073 1901 τῶν
1103 1845 1351 1916 μοναχῶν
1396 1845 1491 1899 καὶ
1544 1843 1822 1915 κληρικῶν
1855 1844 1912 1895 ἐν

328 1935 669 2006 συμϐολαίῳ,
701 1936 733 2007 ἢ
766 1937 860 1988 ἐπὶ
895 1934 1167 2005 πράξεως,
1197 1934 1592 1987 συναινοῦντων
1623 1933 1716 1986 καὶ
1743 1950 1909 2001 φανε-

329 2026 572 2089 ρούντων
624 2027 926 2096 συμφέρειν
966 2027 1027 2079 τὸ
1057 2025 1342 2096 γινόμενον
1375 2041 1391 2057 ο
1436 2025 1529 2078 καὶ
1583 2024 1738 2077 αὐτοὶ
1768 2024 1823 2078 δέ
1862 2027 1911 2077 οἱ

328 2116 521 2168 σεπτοὶ
551 2111 693 2169 οἶκοι
728 2119 840 2178 τοῖς
878 2114 1158 2186 κληρικοῖς
1186 2114 1369 2167 αὐτῶν
1401 2110 1656 2183 μισθοῦσι
1683 2114 1778 2165 καὶ
1814 2112 1913 2182 ἐμ-

328 2208 645 2277 φυτεύουσι,
676 2210 845 2280 χωρὶς
865 2208 972 2261 τῶν
1001 2208 1067 2261 δι’
1115 2208 1304 2275 ἐτέρου
1351 2207 1518 2277 νόμου
1554 2205 1911 2259 κωλυθέντων

329 2301 642 2371 προσώπων
664 2317 679 2332 ⁸
709 2304 736 2355 ὁ
765 2302 821 2354 δὲ
861 2300 1014 2372 παρὰ
1039 2299 1211 2354 ταῦτα
1240 2299 1431 2362 ποιῶν,
1457 2300 1505 2351 εἰ
1540 2298 1638 2368 μὲν
1684 2297 1909 2350 ἐπίσκο-

329 2393 431 2452 πός
466 2395 606 2459 ἐστι,
656 2392 726 2445 τὰ
756 2392 1056 2462 πράγματα
1107 2390 1269 2445 αὑτοῦ
1320 2391 1497 2443 πάντα
1527 2393 1593 2461 τῇ
1644 2388 1910 2457 ἐκκλησίᾳ

326 2480 493 2536 αὐτοῦ
530 2483 971 2555 προσκυροῦνται
1005 2500 1020 2513 ·
1054 2483 1103 2536 εἰ
1130 2483 1186 2535 δὲ
1210 2482 1492 2552 οἰκονόμος
1524 2483 1557 2553 ἢ
1585 2480 1743 2543 ἄλλος
1773 2479 1909 2549 κλη-

330 2577 506 2646 ρικὺς,
540 2575 732 2646 ποινὴν
779 2576 962 2628 δίδωσι
1011 2573 1364 2645 χρηματικὴν
1416 2572 1514 2643 τὴν
1548 2571 1910 2642 νομιζομένην

328 2664 408 2736 τῷ
437 2666 728 2735 ἐπισκόπῳ
784 2663 970 2731 αὐτοῦ,
1025 2667 1074 2717 οἱ
1117 2664 1174 2717 δὲ
1226 2662 1696 2732 ἐμπιστεύσαντες
1727 2660 1909 2723 αὐτοῖς

328 2755 429 2819 τὰς
472 2755 792 2825 διοικήσεις,
833 2752 866 2824 ἢ
914 2752 1170 2815 λαϐόντες
1221 2751 1415 2811 αὐτοὺς
1473 2749 1763 2818 ἐγγυητὰς,
1810 2747 1911 2798 οὐκ

327 2846 546 2915 ἔχουσιν
570 2840 799 2915 ἀγωγὴν
822 2843 942 2897 κατ’
966 2843 1164 2919 αὐτῶν,
1195 2842 1228 2913 ἢ
1261 2840 1620 2913 πραγμάτων,
1646 2839 1679 2909 ἢ
1708 2840 1907 2908 ἐγγυη-

328 2935 460 2997 τῶν,
501 2935 534 3005 ἢ
566 2934 895 3003 ἐκκλησιῶν,
921 2934 953 3003 ἢ
982 2932 1362 3002 μοναστηρίων
1397 2929 1575 2982 αὐτῶν
1613 2944 1627 2960 ·
1660 2928 1795 2983 ἀλλὰ
1820 2931 1910 2980 καὶ

329 3027 430 3093 τὴν
488 3026 895 3095 συμϐαίνουσαν
942 3024 1052 3077 τῶν
1118 3023 1393 3093 δημοσίων
1447 3021 1650 3093 βλάβην
1700 3018 1909 3073 οἴκοθεν

331 3115 859 3185 ἀποθεραπεῦουσιν.

2014 1831 2101 1887 vel
2137 1832 2231 1887 alii
2270 1833 2456 1888 clerici
2487 1833 2638 1889 flant.
2661 1833 2884 1891 Possint
2912 1844 3093 1891 autem
3125 1835 3440 1906 adjacentes
3466 1839 3601 1909 ipsis

2015 1924 2422 1980 venerabilibus
2443 1924 2699 1982 domibus
2735 1926 3140 1996 possessionem
3177 1928 3231 1981 in
3270 1928 3599 1986 conductio-

2015 2030 2139 2071 nem
2181 2026 2235 2071 et
2294 2018 2677 2089 emphyteusin
2722 2018 3119 2092 accipere:[ut
3157 2020 3364 2094 tamen]
3406 2036 3598 2079 omnes

2014 2107 2199 2162 clerici
2229 2117 2282 2163 et
2308 2110 2561 2164 monachi
2600 2109 2655 2163 in
2685 2110 3052 2166 instrumento
3073 2122 3167 2165 aut
3198 2112 3335 2167 actis
3369 2126 3599 2168 consen-

2013 2199 2175 2265 tiant,
2222 2210 2276 2255 et
2335 2201 2614 2256 declarent
2667 2217 2786 2257 eam
2836 2211 2950 2258 tum
3002 2202 3118 2257 fore
3175 2204 3598 2261 conducibilem.

2016 2289 2169 2359 lpsas
2221 2301 2401 2347 autem
2453 2294 2796 2348 venerabiles
2852 2294 3050 2349 domus
3089 2294 3302 2350 clericis
3348 2296 3463 2351 suis
3487 2295 3599 2350 elo-

2014 2396 2176 2445 care,
2233 2391 2286 2436 et
2336 2384 2388 2436 in
2439 2384 2820 2454 emphyteusin
2854 2386 3005 2452 dare,
3050 2372 3291 2456 exceptis
3345 2387 3599 2454 personis

2014 2490 2109 2543 per
2149 2476 2309 2529 aliam
2354 2477 2526 2547 legem
2569 2480 2892 2547 prohibitis,
2945 2496 3008 2535 ac
3055 2482 3275 2534 easdem
3316 2496 3347 2534 a
3380 2481 3598 2534 clericis

2013 2566 2286 2637 accipere.
2323 2566 2502 2639 [Quod
2545 2569 2733 2641 etiam]
2783 2570 2877 2640 qui
2924 2580 3116 2624 contra
3163 2570 3277 2625 hazc
3306 2569 3517 2634 fecerit,
3550 2570 3594 2623 si

2012 2658 2231 2726 quidem
2267 2659 2561 2728 episcopus
2597 2660 2687 2724 sit,
2717 2676 2914 2715 omnes
2946 2661 3119 2731 ipsius
3149 2660 3456 2729 ,l'acultates
3514 2661 3595 2727 ip-

2014 2749 2131 2803 sius
2186 2750 2429 2804 ecclesiae
2481 2751 2805 2807 addicantur
2836 2769 2850 2806 :
2883 2753 2928 2805 si
2954 2767 3083 2807 vero
3127 2766 3469 2817 (economus,
3501 2764 3597 2806 aut

2011 2840 2151 2894 alius
2191 2836 2457 2905 clericus,
2492 2858 2709 2911 poenam
2751 2844 3127 2913 pecuniariam
3178 2845 3403 2909 subeat,
3431 2859 3595 2913 quam

2011 2933 2298 3004 episcopus
2340 2935 2512 3003 ipsius
2551 2937 2881 3005 probaverit.
2918 2937 3095 3009 [Quod
3138 2933 3439 3007 postremo]
3497 2936 3594 3006 qui

2013 3025 2147 3094 ipsis
2176 3028 2679 3087 administrationes
2705 3032 3072 3096 crediderint,
3108 3042 3201 3085 aut
3236 3033 3594 3103 ﬁdcju'ssores

1936 3102 1978 3157 (ἶ
2013 3117 2164 3185 ipsos
2209 3120 2547 3188 acceperint,
2599 3120 2862 3176 adversus
2923 3122 3094 3190 ipsos,
3165 3132 3261 3177 aut
3331 3138 3440 3187 res,
3502 3130 3598 3176 aut

334 3207 708 3275 Iidejussores,
730 3207 1118 3272 autccclesias,
1142 3214 1236 3259 aut
1265 3204 1594 3259 monasteria
1636 3204 1907 3259 actionem
1950 3222 2056 3260 non
2091 3208 2329 3264 habeant
2359 3229 2370 3263 :
2408 3212 2502 3267 sed
2536 3213 2698 3267 etiam
2746 3213 2789 3268 si
2836 3215 2979 3283 quod
3010 3216 3272 3269 damnum
3312 3215 3592 3285 publicum

331 3301 637 3364 obvenerit,
670 3298 769 3373 [id]
800 3302 866 3355 de
888 3317 987 3355 suo
1010 3300 1330 3354 resarciant.

408 3394 659 3447 ΚΕΦΑᾹ.
696 3391 794 3446 l'A'.
823 3423 896 3433 —
924 3394 1060 3461 Περὶ
1095 3391 1445 3445 ἐπισκόπων
1480 3389 1578 3443 καὶ
1617 3390 1917 3459 κληρικῶν

330 3488 651 3542 συνόντων
680 3486 956 3554 γυναιξὶν
980 3484 1379 3549 ἐπεισάκτοις.

680 3578 950 3633 Συνόδου
980 3579 1230 3644 Νικαίας
1257 3575 1459 3632 κανὼν
1493 3582 1564 3645 γ’.

402 3676 473 3739 γ’.
516 3670 895 3739 Ἀπηγόρευσε
922 3669 1152 3722 καθόλου
1184 3671 1218 3739 ή
1252 3667 1465 3739 μεγάλη
1504 3667 1739 3734 σύνοδος,
1773 3670 1910 3736 μήτε

335 3767 641 3836 ἐπισκόπῳ,
678 3766 815 3837 μήτε
863 3765 1240 3837 πρεσϐυτέρῳ,
1280 3767 1418 3837 μήτε
1466 3764 1723 3834 διακόνῳ,
1775 3765 1911 3834 μήτε

334 3859 468 3923 ὅλως
500 3859 612 3911 τιν)⁸
666 3858 774 3911 τῶν
818 3858 877 3909 ἐν
926 3858 1006 3930 τῷ
1041 3858 1261 3929 κλήρῳ,
1314 3857 1513 3923 ἐξεῖναι
1569 3857 1917 3911 συνείσακτον

336 3952 477 4021 ἔχειν
502 3968 516 3981 ·
550 3949 692 4020 πλὴν
739 3950 789 4003 εἰ
828 3950 902 4020 μὴ
938 3950 1047 4021 ἄρα
1088 3952 1303 4020 μητέρα
1345 3951 1377 4023 ἢ
1413 3950 1651 4019 ἀδελφὴν
1680 3950 1711 4019 ἢ
1744 3948 1915 4013 θείαν,

338 4045 374 4115 ἦ
396 4043 430 4097 ἃ
463 4043 603 4114 μόνα
633 4043 901 4113 πρόσωπα
925 4045 1105 4097 πᾶσαν
1130 4043 1366 4113 ὑποψίαν
1391 4043 1772 4111 διαπέφευγεν.

501 4218 772 4274 Συνόδου
803 4218 1222 4288 οἱκουιιεγικῆς
1251 4218 1431 4287 ἕκτης
1459 4218 1659 4273 κανὼν
1681 4226 1740 4272 ε’.

407 4311 467 4366 ε’.
487 4311 695 4383 Μηδεὶς
708 4310 815 4364 τῶν
842 4311 900 4363 ἐν
920 4312 963 4363 ἰε
974 4310 1178 4381 ρατικῴ
1200 4310 1634 4379 καταλεγόμενος
1652 4310 1911 4380 τάγματι,

338 4402 443 4455 τῶν
473 4403 532 4456 ἐν
582 4402 663 4471 τῷ
690 4401 896 4469 ἔκανόνι
944 4401 1335 4472 ἐμφερομένων
1375 4402 1711 4465 ἀνυπόπτων
1741 4418 1914 4471 προσ-

340 4493 500 4548 ώπων
520 4494 678 4557 ἐκτὸς
699 4494 921 4562 διάγων,
940 4492 1140 4561 γύναια
1156 4492 1444 4564 κεκτήσθω
1461 4492 1493 4564 ἢ
1511 4493 1916 4564 θεραπαινίδας,

342 4586 400 4638 τὸ
429 4587 800 4656 ἀνεπίληπτον
830 4586 1006 4657 ἐαυτῷ
1035 4585 1282 4639 ἐντεῦθεν
1312 4586 1529 4658 τηρῶνο
1564 4589 1613 4655 εἰ
1641 4588 1700 4640 δὲ
1737 4605 1918 4657 παρα-

342 4677 509 4731 ϐαίνοι
533 4696 619 4742 τις
663 4678 730 4731 τὰ
765 4677 893 4748 παρ’
938 4677 1096 4749 ήμῶν
1142 4679 1452 4749 ὁρισθέντα,
1510 4679 1913 4749 καθαιρείσθω·

342 4769 399 4821 τὸ
419 4770 550 4822 αὐτὸ
579 4768 637 4822 δὲ
678 4769 837 4823 τοῦτο
868 4769 962 4822 καὶ
1001 4772 1049 4822 οἱ
1099 4771 1343 4841 εὐνοῦχοι
1378 4771 1918 4843 παραφυλαττέσθω-

344 4876 458 4925 σαν,
496 4860 559 4913 τὸ
586 4860 877 4931 ἄμεμπτον
923 4862 1134 4925 ἑαυτοῖς
1167 4861 1597 4933 προνοούμενοι·
1638 4860 1915 4933 παρασαί-

344 4969 519 5016 νοντες
548 4953 624 5016 δὲ,
660 4954 706 5006 εἰ
735 4954 834 5022 μὲν
858 4953 1110 5024 κληρικοὶ
1142 4950 1273 5018 εἶεν,
1321 4952 1797 5025 καθαιρείσθωσαν
1824 4971 1837 4985 ·
1868 4956 1916 5007 εἰ

345 5045 397 5098 δέ
418 5045 618 5109 λαῖκοὶ,
654 5044 1123 5113 ἀφοριζέσθωσαν.

396 5234 397 5237 ‘
464 5204 735 5276 Συνόδου
758 5224 1005 5289 Νικαίας
1031 5239 1093 5275 το
1127 5221 1426 5290 δεύτερον,
1462 5223 1664 5275 κανὼν
1692 5222 1779 5290 ιη’.

414 5312 539 5365 Ὀτι
587 5314 661 5367 οὐ
693 5312 789 5366 δεῖ
813 5316 1067 5382 γυναῖκα
1118 5314 1527 5369 ἐνδιαιτᾶσθαι
1576 5314 1645 5367 ἐν
1673 5314 1915 5367 ἐπισκο-

351 5404 550 5470 ειείοις,
584 5404 625 5473 ἣ
662 5405 733 5458 ἐν
760 5404 1053 5473 ἀνδρείοις
1077 5408 1529 5474 μοναστηριοις.

416 5502 501 5564 ιη’.
518 5497 882 5567 Ἀπρόσκοποι.
902 5496 1133 5565 γίνεσθε,
1160 5498 1325 5567 φησὶν
1342 5498 1370 5549 ὁ
1393 5497 1531 5560 θεῖος
1573 5496 1914 5561 Ἀπόστολος,

417 5673 460 5701 ’⁸
494 5672 722 5728 Siricius
744 5687 875 5739 nu;
906 5680 959 5726 ct
987 5671 1265 5744 Catthag.,
1299 5690 1381 5731 III.
1415 5675 1499 5728 ΓΙ.
1578 5675 1623 5705 ’⁸
1654 5673 1859 5730 Νῑοςωι.
1896 5677 1946 5730 3.

2089 3391 2254 3461 219
2283 3390 2435 3446 CAP.
2487 3393 2626 3447 XIV.
2664 3423 2714 3431 -—
2768 3394 2845 3447 De
2878 3397 3133 3465 episcopis
3185 3408 3233 3450 et
3272 3399 3474 3454 clericis
3505 3404 3594 3473 qui

2017 3500 2132 3536 cum
2164 3483 2491 3538 subiudurlis
2520 3485 2829 3539 mulieribus
2864 3486 3134 3541 habitant.

2414 3574 2641 3630 Consilii
2687 3576 2899 3632 Nicwni
2935 3595 3103 3632 canon
3134 3580 3187 3635 3.

2082 3669 2135 3722 5.
2180 3667 2359 3724 Vetuit
2404 3670 2628 3724 omnino
2674 3686 2868 3740 magna
2918 3673 3189 3741 synodus,
3216 3687 3285 3727 ne
3314 3674 3601 3744 liceatepi-

2014 3776 2200 3829 scopo,
2226 3776 2325 3816 nec
2354 3760 2667 3831 presbytero
2687 3803 2702 3827 ,
2734 3777 2835 3816 nec
2855 3762 3105 3828 diacono,
3140 3779 3239 3819 nec
3262 3765 3354 3818 ulli
3378 3766 3598 3835 penitus

2014 3868 2201 3906 eorum
2225 3852 2319 3920 qui
2350 3855 2544 3907 suntin
2574 3854 3120 3917 clero,introductam
3156 3856 3357 3912 habere
3403 3859 3597 3912 mulie-

2014 3958 2131 3997 rem
2156 3944 2222 4008 ⁸⁸,
2240 3952 2599 4014 praeterquam
2624 3945 2812 4015 utique
2835 3956 3066 4000 matrem
3093 3948 3175 4002 vel
3209 3964 3479 4017 sororem,
3512 3952 3596 4004 vel

2017 4036 2259 4100 amitam,
2282 4035 2362 4089 vel
2379 4049 2473 4092 eas
2491 4051 2777 4107 personas,
2808 4051 2932 4105 quae
2972 4052 3191 4093 omnem
3223 4040 3596 4109 suspicionem

2019 4126 2309 4198 ellugiunt.

2334 4214 2559 4271 Concilii
2600 4219 2905 4272 azcumem'ci
2936 4236 2986 4274 vI
3015 4236 3185 4274 canon
3219 4221 3271 4275 ὅ.

2090 4308 2144 4362 5.
2169 4306 2365 4364 Nullus
2404 4324 2612 4372 eorum,
2646 4310 2739 4378 qui
2770 4315 2821 4363 in
2870 4312 3193 4366 sacerdOtali
3228 4313 3476 4383 catalogo
3501 4313 3598 4369 de-

2021 4399 2245 4467 gunt”,
2295 4408 2452 4453 extra
2496 4414 2612 4464 eas,
2645 4414 2765 4469 quae
2813 4400 2867 4454 in
2894 4416 3104 4471 canone
3154 4415 3532 4470 recensentur,
3563 4422 3594 4459 a

2019 4473 2331 4559 suspicione
2380 4491 2586 4546 alienas
2638 4508 2922 4562 personas,
2976 4496 3261 4551 mulierem
3316 4499 3596 4567 possideat

2021 4583 2103 4635 vel
2130 4582 2408 4647 ancillam,
2438 4598 2497 4637 se
2524 4584 2658 4637 nulli
2706 4585 3115 4653 reprehensioni
3146 4586 3359 4642 amnem
3395 4604 3463 4644 ex
3494 4589 3597 4644 hoc

2018 4688 2266 4728 servans.
2307 4672 2365 4727 Si
2410 4673 2535 4744 quis
2579 4684 2762 4730 autem
2795 4692 2916 4746 quae
2953 4692 2986 4732 a
3035 4679 3192 4734 nobis
3221 4679 3441 4734 deﬁnita
3468 4693 3597 4735 sunt

2021 4752 2360 4830 transilierit,
2390 4765 2714 4837 deponatur.
2754 4769 2870 4823 Hoc
2890 4767 3070 4838 ipsum
3099 4784 3279 4825 autem
3303 4772 3468 4826 etiam
3498 4787 3595 4825 eu-

2018 4856 2182 4910 nuchi
2215 4865 2439 4915 servant
2466 4874 2479 4911 :
2527 4868 2585 4913 ut
2612 4874 2642 4913 a
2676 4860 3080 4931 vituperatione
3109 4864 3277 4917 alieni
3305 4863 3435 4925 sint,
3468 4877 3595 4929 pro-

2018 4944 2283 5002 videntes.
2332 4946 2434 5014 Qui
2477 4957 2658 5003 autem
2699 4951 3192 5021 transgrediuntur,
3228 4953 3272 5006 si
3322 4954 3431 5007 sint
3474 4954 3595 5021 qui-

2016 5036 2138 5091 dem
2212 5039 2423 5107 clerici,
2478 5026 2873 5113 deponantur:
2927 5045 2972 5098 si
3020 5060 3149 5100 vero
3201 5044 3345 5111 laici,
3409 5059 3591 5113 segre-

2015 5136 2229 5196 gentur.
2302 5134 2307 5139 '

2374 5222 2595 5279 Concilii
2633 5227 2864 5283 Nicamii
2902 5246 2938 5283 ll
2969 5244 3135 5281 canon
3168 5227 3252 5281 18.

2091 5314 2245 5376 Quod
2275 5317 2517 5370 mulieres
2547 5335 2650 5371 non
2686 5320 2904 5374 debeant
2937 5322 2994 5373 in
3035 5320 3307 5393 episconiis
3355 5319 3431 5373 rel
3459 5323 3595 5374 viro-

2021 5422 2136 5458 rum
2168 5417 2501 5463 ιηοηαθιρνιὶε
2528 5428 2744 5467 versari.

2094 5490 2178 5553 18.
2219 5500 2346 5557 Siue
2376 5503 2670 5559 ollensionc
2706 5519 2823 5559 esse
2856 5504 3017 5558 etiam
3062 5504 3129 5558 iis
3159 5504 3251 5573 qui
3280 5512 3433 5558 extra
3466 5512 3594 5560 sunt
