3912 6244
190 272 293 337 687

1391 267 1649 331 PHOTII
1686 264 2192 329 PATRIARCHIE
2226 269 2336 332 ΕΡ.

3350 270 3459 335 688

193 381 369 452 inquit
402 376 625 435 divinus
654 372 947 447 Apostolus
978 374 1046 434 ’°.
1087 374 1340 431 Mulieres
1369 387 1551 431 autem
1579 376 1633 429 iu
1658 374 1773 445 epi-

1887 375 2102 438 καὶτοῖς
2125 375 2324 440 ἔξωθεν
2344 390 2357 406 '
2386 373 2447 428 τὸ
2474 374 2531 428 δὲ
2560 376 2824 444 γυναῖκας
2859 375 3229 431 ἐνδιαιτᾶσθαι
3257 377 3315 430 ἐν
3346 380 3467 434 ἔπι-

191 473 396 543 sc0piis
422 471 504 526 vel
536 466 884 523 monasteriis
916 468 1143 535 versari,
1176 475 1261 522 est
1299 468 1481 523 omnis
1515 466 1775 522 oli‘ensio-

192 565 279 619 nis
316 578 505 618 causa.
556 560 615 614 Si
668 560 794 629 quis
837 575 967 629 ergo
1013 558 1264 613 ancillam
1299 557 1387 611 vel
1434 557 1663 612 liberam
1719 557 1773 611 in

192 657 472 728 episcopio
503 654 788 725 possidere
815 653 1183 723 deprehensus
1223 650 1412 716 fuerit,
1440 649 1526 705 vel
1567 650 1619 703 in
1658 663 1778 703 mo—

195 749 438 806 naSterio
463 747 531 802 ad
561 745 927 801 ministerium
953 744 1176 814 aliquod
1206 742 1545 807 obeundum,
1579 741 1778 812 punia-

194 848 281 895 tur
312 858 326 893 ε
355 840 438 895 sin
462 850 640 894 autem
660 844 996 908 perseveret,
1017 838 1342 907 deponatur.
1373 834 1430 889 Si
1459 848 1591 889 vero
1613 834 1776 888 etiam

198 936 253 988 in
284 933 615 989 suburbanis
646 931 903 986 mulieres
947 946 1069 987 esse
1099 928 1407 999 contigerit,
1449 935 1504 982 et
1544 926 1779 981 voluerit

196 1026 485 1094 episcopus
512 1022 596 1077 vel
627 1021 950 1077 monasterii
976 1020 1263 1092 praafectus
1289 1020 1417 1075 illuc
1447 1019 1549 1073 iter
1579 1017 1777 1083 facere,

195 1124 466 1186 praascnte
486 1116 742 1185 episcopo
759 1114 841 1169 vel
874 1114 1188 1169 monasterii
1209 1109 1465 1182 praelecto
1481 1109 1645 1179 22o
1662 1124 1783 1162 mu-

197 1208 299 1261 lier
322 1222 387 1261 eo
419 1217 663 1276 tempore
690 1207 841 1261 nullo
872 1205 1036 1260 modo
1062 1202 1429 1258 ministerium
1465 1202 1646 1265 obeat,
1684 1198 1781 1254 sed

198 1286 307 1355 alio
338 1302 392 1355 in
422 1301 544 1355 loco
580 1314 827 1355 seorsum
859 1306 1128 1363 versetur,
1160 1299 1333 1351 donec
1356 1293 1644 1350 recesserit
1670 1292 1784 1363 epi-

201 1407 421 1460 scopus,
452 1397 547 1444 aut
594 1390 954 1459 hegumenus,
1006 1397 1067 1443 ut
1108 1386 1290 1443 omnis
1339 1382 1783 1455 reprehensionis

199 1486 420 1538 occasio
450 1482 670 1537 vitetur.

201 1592 396 1647 Basilii
424 1608 490 1647 ea;
519 1590 748 1662 epistola
795 1591 864 1644 ad
908 1588 1223 1661 Gregorium
1248 1587 1359 1662 [ed.
1391 1588 1773 1661 Paregorium]

595 1672 651 1714 ut
684 1679 714 1714 a
744 1661 1061 1714 muliercula
1095 1661 1390 1731 separetur.

1880 464 2176 533 σκοπείοις,
2214 465 2248 537 ἦ
2289 468 2384 519 καὶ
2426 467 2834 537 μοναστηρίοις,
2869 464 3066 529 παντὸς
3100 468 3469 539 προσκόμμα-

1877 573 1969 620 τος
1996 557 2194 612 αἴτιον·
2252 558 2308 612 et
2340 576 2426 622 τις
2474 554 2568 612 οὖν
2619 559 2878 633 δούληνῆ
2939 559 3235 631 ἐλευθέραν
3289 563 3347 614 ἐν
3386 562 3467 631 τῷ

1878 648 2213 723 ἐπισκοπείῳ
2258 651 2538 723 κτώμενος
2582 655 2951 729 φωραθείη,ἢ
2994 658 3052 713 ἐν
3090 657 3464 729 μοναστηρίφν

1880 741 2017 810 πρὸς
2050 743 2366 815 ἐγχείρησιν
2394 744 2672 811 διακονίας
2712 748 2883 814 τινὸς,
2917 750 3264 820 ἐπιτιμάσθω
3286 764 3302 780 ο
3343 751 3467 804 ἐπι-

1883 832 2059 903 μένων
2080 833 2158 900 δέ,
2182 834 2554 907 καθαιρείσθω
2572 853 2587 870 ο
2610 839 2659 890 εἱ
2677 838 2733 891 δέ
2757 841 2853 894 καὶ
2868 841 3019 911 τύχοι
3042 844 3100 894 ἐν
3122 841 3469 913 προαστείοις

1879 927 2145 993 γυναῖκας
2186 921 2348 992 εἶναι,
2376 926 2473 980 καὶ
2523 926 2741 997 θελήσοι
2772 930 3070 993 ἐπίσκοπος
3098 931 3130 1001 ἢ
3163 929 3470 1001 ἡγούμενος

1882 1017 2108 1087 πορείαν
2154 1018 2213 1071 ἐν
2242 1020 2354 1082 τοῖς
2403 1020 2583 1074 ἐκεῖσε
2629 1022 2980 1093 ποιήσασθαι,
3032 1023 3300 1094 παρόντος
3345 1026 3470 1077 ἐπι-

1884 1108 2090 1161 σκόπου
2122 1109 2155 1180 ἢ
2186 1111 2515 1181 ἡγουμένου,
2563 1114 2810 1184 μηδόλως
2852 1116 3162 1187 ἐγχείρησιν
3192 1116 3469 1179 διακονίας

1884 1200 2157 1253 ποιεῖσθαι
2187 1203 2306 1255 κατ’
2333 1205 2541 1257 ἐκεῖνον
2563 1205 2656 1258 τὸν
2684 1207 2876 1278 καιρὸν
2909 1209 3129 1276 γυναικί
3146 1224 3159 1239 ’
3188 1208 3304 1261 ἀλλ’
3331 1209 3469 1261 ίδια-

1883 1290 2022 1355 ζέτω
2065 1292 2124 1346 ἐν
2182 1293 2353 1365 ἑτέρῳ
2400 1295 2571 1367 τόπῳ,
2617 1297 2723 1359 ἔως
2777 1298 2845 1352 ἂν
2891 1299 2991 1370 τὴν
3046 1299 3469 1372 ἐπαναχώρησιν

1884 1380 2180 1452 ποιήσηται
2207 1383 2236 1436 ό
2258 1383 2577 1453 ἐπίσκοπος,
2603 1386 2694 1440 διά
2712 1388 2773 1441 τὸ
2798 1388 3196 1459 ἀνεπίληπτον.

1883 1585 2209 1661 Βασιλείωξ
2223 1586 2291 1661 ἐκ
2306 1585 2418 1655 τῆς
2432 1586 2581 1661 πρός
2595 1590 2927 1661 Γρῃγόριον
2942 1591 3295 1658 ἐπιστολῆς,
3312 1591 3472 1647 ὥστε

1983 1656 2353 1727 χωρισθῆναι
2391 1656 2578 1714 αὑτὸν
2606 1656 3043 1716 τοῦσὶινοικου
3086 1656 3360 1733 γυναίου.

271 1754 400 1826 Legi
435 1764 558 1810 tuas
596 1755 808 1810 litteras
847 1769 970 1807 cum
1020 1754 1172 1808 omni
1220 1753 1512 1823 patientia,
1548 1766 1780 1821 sumque

1969 1720 2252 1817 ’ἐνέτυχόν
2280 1766 2374 1803 σου
2401 1753 2513 1814 τοῖς
2547 1751 2840 1823 γράμμασι
2875 1753 3015 1822 μετά
3053 1720 3234 1825 πάσης
3260 1772 3473 1824 μακρο-

204 1846 506 1901 admiratus
540 1862 661 1910 cur,
694 1859 819 1901 cum
848 1845 1027 1914 possis
1057 1844 1198 1913 apud
1230 1860 1331 1899 nos
1361 1844 1601 1899 breviter
1631 1854 1685 1899 et
1711 1843 1785 1899 fa-

203 1934 306 1989 cile
334 1933 491 1989 factis
528 1934 640 1988 tuis
675 1948 899 1989 causam
939 1949 1121 2003 agere,
1151 1934 1207 1988 in
1244 1934 1409 1989 rebus
1436 1934 1783 2003 reprehensis

204 2027 499 2097 persistere
527 2026 681 2091 velis,
716 2041 779 2080 ac
811 2025 985 2096 longis
1010 2027 1357 2082 sermonibus
1388 2042 1581 2082 curare
1605 2036 1782 2082 tentes

205 2117 550 2173 insanabilia.
582 2115 690 2172 Nec
722 2116 908 2186 primi,
937 2131 1037 2173 nec
1070 2118 1195 2181 soli,
1229 2117 1508 2187 Paregori,
1544 2118 1782 2174 saucivi-

206 2225 351 2273 mus,
411 2217 469 2263 ut
522 2224 590 2262 ne
629 2223 738 2263 una
799 2222 924 2262 cum
966 2208 1100 2264 viris
1143 2208 1449 2263 habitarent
1502 2209 1779 2264 mulieres.

206 2298 312 2354 Sed
354 2298 471 2368 lege
508 2311 777 2352 canonem
826 2312 854 2351 a
890 2299 1098 2352 sanctis
1132 2298 1338 2353 nostris
1381 2296 1634 2352 Patribus
1668 2297 1782 2353 edi-

206 2400 320 2445 tum
351 2390 407 2444 in
449 2388 656 2460 synodo
698 2388 938 2453 Nicaena,
971 2390 1066 2459 qui
1095 2389 1383 2445 manifeste
1425 2390 1662 2446 sancivit
1690 2406 1784 2445 ex-

205 2493 425 2537 traneas
470 2480 729 2537 mulieres
765 2496 871 2536 non
910 2495 1053 2537 esse.
1088 2479 1210 2535 Vita
1257 2489 1438 2535 autem
1482 2481 1679 2537 caelebs
1726 2482 1780 2535 in

206 2590 273 2630 co
299 2575 641 2629 honestatem
692 2574 877 2639 habet,
910 2584 969 2629 ut
998 2589 1027 2628 a
1058 2573 1312 2629 convictu
1345 2574 1594 2630 mulieris
1623 2590 1783 2644 sepa-

202 2678 377 2724 retur.
424 2668 606 2735 Quare
655 2668 699 2723 si
745 2668 872 2736 quis
916 2667 1083 2722 verbo
1112 2666 1414 2736 professus,
1452 2667 1629 2735 reipsa
1663 2683 1786 2735 quae

206 2760 621 2828 coniugatorum
655 2765 781 2811 sunt
816 2755 965 2821 facit,
1010 2755 1187 2825 palam
1216 2764 1300 2810 est
1342 2771 1466 2810 eum
1496 2755 1783 2827 virginita-

207 2851 278 2905 tis
332 2849 553 2919 quidem
605 2849 948 2903 honestatem
996 2849 1051 2902 in
1086 2848 1305 2903 neruine
1346 2848 1621 2917 persequi,
1688 2848 1783 2903 sed

212 2956 554 3011 nequaquam
583 2940 653 2995 ab
686 2939 942 2993 indecora
971 2939 1249 3008 voluptate
1280 2939 1575 2993 abstinere.
1607 2936 1784 2993 Tanto

1885 1839 2105 1910 θυμίας,
2137 1840 2231 1893 καλ⁴
2276 1840 2585 1913 ἐθαύμασα,
2638 1844 2756 1908 πῶς
2782 1845 3081 1915 δυνάμενος
3122 1847 3253 1917 ἡμῖν
3285 1847 3475 1901 συντόο

1888 1949 2005 2002 μως
2035 1930 2133 1983 καὶ
2181 1932 2422 1996 εὐκόλως
2456 1934 2902 2007 ἀπολογήσασθαι
2950 1937 3040 1991 διά
3067 1940 3176 1992 τῶν
3203 1941 3471 2011 πραγμά-

1882 2039 2013 2086 των,
2053 2023 2167 2086 τοῖς
2199 2022 2301 2093 μὲν
2329 2027 2828 2097 κατηγορουμένοις
2857 2029 3143 2101 ἐπιμένειν
3173 2032 3470 2103 καταδέχῃ,

1884 2113 2066 2183 λόγοις
2094 2114 2151 2167 δέ
2181 2119 2413 2187 μακροῖς
2439 2117 2763 2189 θεραπεύειν
2796 2123 3096 2195 ἐπιχειρεῖς
3136 2125 3203 2178 τά
3239 2125 3470 2179 άνίατα⁶

1884 2204 2009 2259 οὔτε
2044 2205 2253 2277 πρῶτοι
2286 2207 2409 2261 οὔτε
2440 2210 2612 2278 μόνοι,
2646 2208 2691 2264 ὧ
2736 2212 3028 2285 Γρηγόριε,
3075 2216 3476 2287 ἐνομοθετήσα-

1889 2312 1989 2366 μεν
2016 2300 2279 2364 γυναῖκας
2311 2297 2539 2368 ἀνδράσι
2580 2301 2656 2372 μὴ
2686 2305 2976 2358 συνοικεῖν.
3027 2305 3167 2358 Ἀλλ’
3197 2305 3473 2374 ἀνάγνωθι

1885 2385 1976 2437 τὸν
2002 2385 2203 2439 κανόνα
2228 2386 2321 2440 τὸν
2349 2388 2700 2459 ἐξενεχθέντα
2745 2393 2899 2464 παρά
2929 2394 3038 2448 τῶν
3088 2395 3258 2463 ἁγίων
3290 2392 3475 2449 Πατέ-

1893 2494 2001 2549 ρων
2035 2478 2195 2549 ἡμῶν
2245 2481 2305 2533 ἐν
2334 2483 2400 2553 τῇ
2437 2482 2640 2554 συνόδῳ
2667 2485 2927 2553 Νικαίας,
2968 2487 3027 2550 ὃς
3066 2488 3316 2559 φανερῶς
3358 2491 3475 2543 άπ-

1889 2571 2159 2640 ηγόρευσε
2187 2574 2573 2638 συνεισάκτους
2606 2576 2682 2646 μὴ
2699 2572 2858 2631 εἶναι’
2886 2580 3099 2650 ἀγαμία
3124 2580 3181 2634 δέ
3212 2582 3269 2633 ἐν
3296 2580 3475 2649 τούτῳ

1888 2661 2002 2731 ἔχει
2030 2661 2092 2715 τὸ
2141 2663 2360 2732 σεμνὸν,
2398 2665 2456 2718 ἐν
2490 2666 2567 2736 τῷ
2597 2671 2929 2740 κεχωρίσθαι
2968 2675 3068 2743 τῆς
3109 2674 3247 2743 μετά
3275 2691 3474 2741 γυναι-

1888 2754 2002 2809 κῶν
2046 2755 2324 2827 διαγωγῆς
2346 2772 2360 2787 ·
2385 2757 2462 2822 ὼς
2507 2759 2574 2813 ἂν
2604 2757 3079 2832 ἐπαγγελλόμενός
3110 2783 3193 2828 τις
3226 2765 3304 2836 τῷ
3350 2766 3474 2820 όνόο

1890 2862 2046 2915 ματι,
2076 2845 2223 2918 ἔργῳ
2252 2848 2318 2908 τὰ
2345 2848 2454 2902 τῶν
2487 2853 2603 2914 ταῖς
2636 2852 2853 2921 γυναιξὶ
2890 2856 3277 2910 συνοικούντων
3308 2857 3474 2926 ποιῆ-

1887 2952 1999 3002 ται,
2032 2935 2192 3004 δῆλός
2224 2939 2341 2991 ἐστι
2376 2938 2439 2992 τὸ
2479 2940 2578 3010 μὲν
2609 2943 2708 3013 τῆς
2749 2944 3052 3015 παρθενίας
3088 2948 3285 3017 σεμνὸν
3311 2948 3369 3000 ἐν
3402 2950 3472 3019 τῇ

208 3048 340 3103 ergo
380 3033 556 3102 magis
586 3031 872 3102 Oportebat
910 3040 961 3085 te
993 3031 1344 3101 postulationi
1386 3042 1582 3085 nostra:
1627 3030 1782 3085 facile

1890 3029 2233 3100 προσηγορίᾳ
2262 3030 2496 3097 διώκων,
2524 3033 2618 3086 τοῦ
2673 3035 2730 3087 δὲ
2773 3036 2895 3090 καθ’
2938 3038 3134 3110 ἡδονὴν
3188 3038 3476 3111 ἀπρεποῦς

206 3124 420 3190 cedere,
451 3134 657 3194 quanto
688 3131 740 3177 te
773 3124 855 3179 ais
888 3137 1009 3178 esse
1031 3123 1342 3178 liberiorem
1374 3123 1441 3177 ab
1473 3122 1621 3176 omni
1661 3137 1787 3176 cor-

205 3232 371 3287 porea
404 3216 645 3271 libidine.
676 3214 862 3285 Neque
909 3215 1055 3269 enim
1100 3216 1280 3269 virum
1323 3215 1661 3285 septuaginta
1691 3229 1787 3267 an-

206 3322 311 3363 nos
325 3315 513 3361 natum
538 3306 791 3362 existimo
809 3306 1098 3361 libidinose
1121 3306 1373 3361 habitare
1389 3321 1512 3361 cum
1538 3305 1782 3360 muliere:

211 3414 313 3453 nec
344 3398 490 3469 quod
534 3406 689 3468 turpe
726 3398 945 3467 aliquod
977 3396 1190 3453 facinus
1220 3396 1415 3452 fuisset
1457 3397 1783 3461 admissum,

213 3490 420 3545 idcirco
461 3488 723 3543 constitui
762 3503 883 3556 quae
925 3490 1179 3541 constitui
1212 3504 1225 3553 ;
1256 3489 1349 3543 sed
1385 3486 1528 3557 quod
1550 3490 1617 3541 ab
1652 3486 1789 3556 Apo-

212 3582 359 3637 stolo
404 3580 697 3635 didicimus
730 3578 1114 3632 oﬂ‘cndiculum
1151 3578 1305 3632 fratri
1348 3594 1455 3630 non
1488 3591 1687 3646 ponere
1718 3577 1785 3630 ad

215 3671 614 3726 scandalum".
647 3669 861 3724 Scimus
886 3679 1065 3724 autem
1101 3670 1245 3738 quod
1268 3685 1298 3722 a
1327 3668 1606 3723 nonnullis
1640 3675 1786 3722 recte

210 3762 438 3833 geritur,
468 3759 588 3813 aliis
614 3759 956 3812 occasionem
990 3773 1112 3812 esse
1133 3758 1415 3827 peccandi.
1446 3756 1625 3822 Quare
1643 3771 1785 3827 prae-

208 3852 444 3922 cipimus
473 3860 785 3904 sanctorum
815 3846 1036 3901 Patrum
1070 3849 1350 3902 decretum
1384 3856 1695 3917 sequentes,
1728 3856 1787 3901 ut

210 3960 242 4000 a
271 3942 590 4000 muliercula
625 3941 913 4012 separeris.
964 3939 1103 4007 Quid
1131 3941 1295 4011 igitur
1330 3940 1783 4010 chorcpiscopum

210 4037 451 4101 incusas,
505 4041 560 4088 et
617 4032 820 4089 veteris
870 4032 1172 4087 inimicitia:
1221 4030 1357 4087 facis
1410 4032 1790 4087 mentionem?

210 4128 351 4193 Quid
386 4127 452 4181 de
494 4126 655 4181 nobis
710 4125 955 4195 quereris
983 4126 1142 4193 221
1177 4125 1320 4194 quod
1352 4124 1540 4179 faciles
1574 4125 1785 4180 calum-

211 4219 319 4271 niis
346 4231 507 4270 aures
551 4215 913 4285 przebeamus,
946 4230 1010 4267 ac
1049 4229 1153 4266 nun
1201 4211 1383 4280 potius
1427 4212 1495 4267 de
1546 4222 1598 4267 te
1648 4212 1789 4281 ipse,

1891 3122 1966 3190 μὴ
1994 3121 2364 3191 ἀφιστάμενος
2386 3137 2401 3153 ·
2435 3123 2675 3196 τοσούτῳ
2714 3122 2809 3180 οὖν
2843 3145 2903 3180 σε
2938 3129 3140 3198 μᾶλλον
3174 3132 3342 3202 ἐχρῆν
3381 3131 3476 3184 εὑ-

1888 3210 2063 3273 κόλως
2090 3211 2250 3281 ἡμῶν
2276 3208 2415 3267 εἷναι
2442 3216 2508 3285 τῇ
2545 3212 2789 3281 ἀξιώσει,
2845 3217 3065 3289 ὅσῳπερ
3107 3220 3287 3288 λέγεις
3318 3221 3475 3273 ἐλεύ-

1888 3302 2045 3370 θερος
2070 3295 2209 3355 εἶναι
2233 3303 2436 3367 παντὸς
2463 3306 2776 3373 σωματικοῦ
2806 3308 3013 3372 πάθους
3039 3327 3053 3342 ο
3095 3309 3222 3363 οὔτε
3253 3310 3361 3384 γάρ
3381 3312 3476 3367 τὸν

1889 3391 2357 3465 ἐϐδομηκονταετῆ
2385 3397 2647 3463 γεγονότα
2678 3398 2935 3469 πείθομαι
2964 3402 3228 3470 ἐμπαθῶς
3252 3406 3476 3471 γυναικὶ

1890 3486 2181 3548 συνοικεῖν,
2214 3484 2337 3538 οὕτε
2359 3486 2434 3551 ὡς
2471 3488 2563 3541 ἐπὶ
2596 3493 2865 3563 γενομένῃ
2894 3494 3002 3545 τινὶ¹
3035 3495 3224 3565 ἀτόπῳ
3253 3495 3449 3567 πράξει

1888 3573 2172 3644 ὡρίσαμεν
2198 3574 2236 3629 ἃ
2263 3577 2358 3630 καὶ
2396 3577 2679 3650 ὡρίσαμεν
2697 3595 2712 3610 ⁸
2740 3581 2858 3634 ἀλλ’
2887 3584 3077 3655 ἐπειδὴ
3116 3586 3476 3658 ἐδιδάχθημεν

1890 3665 2043 3737 παρὰ
2088 3668 2183 3719 τοῦ
2223 3668 2575 3738 Ἀποστόλου,
2634 3673 2709 3742 μὴ
2756 3674 2961 3728 τιθέναι
3011 3677 3347 3749 πρόσκομμα
3393 3678 3475 3750 τῷ

1890 3756 2104 3828 ἀδελφῷ
2158 3760 2456 3815 σκάνδαλον
2480 3778 2494 3792 ο
2546 3762 2766 3835 οἴδαμεν
2820 3766 2876 3819 δὲ
2907 3767 2988 3820 ὅτι
3027 3769 3086 3822 τὸ
3118 3772 3271 3840 παρά
3308 3788 3474 3827 τινων

1890 3849 2061 3916 ὑγιῶς
2110 3852 2430 3919 γινόμενον,
2487 3854 2669 3919 ἄλλοις
2726 3857 2948 3929 ἀφορμὴ
3003 3861 3140 3931 πρὶς
3196 3862 3476 3933 ἁμαρτίαν

1891 3941 2121 4012 ὑπάρξει
2148 3959 2161 3974 ·
2203 3944 2396 3998 τούτου
2434 3946 2619 4001 ἕνεκεν
2656 3952 3094 4023 προσετάξαμεν,
3127 3955 3382 4025 ἑπόμενοι
3406 3960 3473 4029 τῇ

1891 4031 2119 4104 διαταγῇ
2146 4035 2255 4087 τῶν
2280 4036 2449 4105 ἁγίων
2477 4038 2757 4109 Πατέρων,
2791 4044 3129 4115 χωρισθῆναι
3156 4064 3215 4099 σε
3242 4048 3337 4100 τοῦ
3372 4066 3477 4117 γυ·-

1891 4123 2067 4178 ναίου.
2110 4124 2176 4177 Τί
2216 4124 2310 4178 οῦν
2342 4128 2597 4195 ἐγκαλεῖς
2642 4131 2719 4199 τῷ
2762 4137 3190 4207 χωρεπισκόπῳ,
3224 4140 3317 4193 καὶ
3364 4157 3477 4194 πα-

1891 4215 2049 4279 λαιᾶς
2088 4217 2287 4288 ἔχθρας
2329 4220 2643 4290 μέμνησαι;
2675 4225 2729 4277 τί
2757 4226 2815 4278 δέ
2852 4228 3003 4296 ἡμᾶς
3033 4231 3373 4303 καταμέμφῃ
3397 4232 3477 4297 ὡς

211 4305 303 4372 qui
332 4302 528 4357 adduci
553 4317 662 4357 non
693 4311 867 4372 potes,
920 4310 981 4355 ut
1023 4316 1052 4355 a
1105 4302 1354 4356 mulieris
1384 4302 1782 4357 consuetudine

1894 4308 2149 4373 εὐκόλους
2187 4311 2357 4375 ἀκοὰς
2401 4312 2627 4384 ἔχοντας
2690 4318 2770 4381 είς
2795 4318 2854 4371 τὸ
2877 4319 2973 4382 τὰς
3007 4320 3261 4387 διαϐολὰς
3301 4302 3477 4395 προσ-

212 4370 485 4451 reoedas?
534 4370 710 4464 Ejice_
733 4396 897 4463 igitur
932 4392 1078 4447 illam
1110 4409 1177 4448 ex
1231 4395 1337 4450 tuis
1366 4395 1597 4459 aedibus,
1648 4395 1782 4450 etin

1898 4400 2092 4465 ίεσθαι,
2129 4370 2268 4455 *ἀλλ’
2316 4370 2653 4478 όύχὶηέαυτίιξ)
2688 4370 2767 4479 μῆ
2803 4370 3479 4486 ἀνεχομένων-ἀποστῆναι

215 4489 550 4543 monasterio
595 4488 890 4541 constitue.
949 4485 1033 4540 Sit
1062 4487 1151 4540 illa
1189 4501 1314 4539 cum
1359 4486 1688 4556 virginibus,
1739 4495 1782 4540 et

1890 4493 1990 4561 τῆς
2021 4492 2160 4564 πρὸς
2193 4493 2291 4565 τὴν
2323 4498 2557 4563 γυναῖκα
2592 4500 2918 4570 συνηθείας;
2950 4504 3148 4559 ἔκϐαλε
3171 4508 3352 4563 τοίνυν
3374 4485 3481 4563 αύ-

214 4579 357 4649 apud
392 4586 446 4633 te
479 4580 721 4634 serviant
754 4578 879 4643 viri,
914 4587 973 4632 ut
997 4594 1064 4633 ne
1095 4578 1187 4632 Dei
1211 4593 1407 4633 nomen
1453 4587 1673 4649 propter
1696 4593 1782 4634 vos

1892 4584 1990 4654 τὴν
2029 4585 2137 4638 ἀπὸ
2181 4586 2276 4639 τοῦ
2314 4586 2467 4642 οἴκου
2517 4607 2632 4659 σου,
2683 4595 2776 4647 καὶ
2823 4598 3169 4668 κατάστησον
3223 4601 3392 4672 αὐτὴν
3420 4603 3479 4655 ἐν

216 4672 640 4741 blasphemetur.
701 4671 827 4726 llrec
873 4672 1047 4726 donec
1097 4669 1316 4733 feceris,
1371 4672 1782 4727 innumerabilia

1897 4681 2279 4753 μοναστηρίῳ·
2312 4682 2451 4738 ἔστω
2485 4686 2666 4760 ἐκείνη
2721 4689 2863 4756 μετὰ
2909 4692 3219 4762 παρθένων,
3264 4669 3360 4747 καῖ
3410 4694 3477 4748 σὺ

214 4779 337 4835 qua:
389 4779 485 4832 per
534 4762 793 4833 epistolas
842 4761 1040 4818 scribis
1081 4762 1216 4815 nihil
1255 4771 1306 4816 te
1344 4762 1648 4831 juvabunt,
1699 4763 1782 4818 sed

1896 4771 2174 4842 ὑπηρετοῦ
2206 4773 2310 4826 ὑπὸ
2339 4775 2570 4846 ἀνδρῶν,
2607 4777 2693 4831 ἴνα
2733 4780 2808 4851 μὴ
2835 4780 2896 4834 τὸ
2921 4761 3092 4853 ὄνομα
3112 4783 3207 4838 τοῦ
3237 4783 3373 4838 Θεοῦ
3410 4787 3481 4839 δι’

217 4858 468 4915 morieris
517 4857 747 4923 otiosus,
780 4871 843 4911 ac
884 4853 1078 4910 reddes
1118 4854 1347 4911 Domino
1394 4857 1661 4912 rationem
1694 4857 1782 4912 otii

1899 4863 2045 4934 ἡμᾶς
2076 4863 2464 4937 βλασφημῆται
2484 4884 2497 4899 '
2526 4869 2631 4933 ἔως
2663 4869 2729 4925 ἂν
2762 4871 2935 4927 ταῦτα
2981 4878 3159 4947 ποιῇς,
3192 4877 3249 4929 αἱ
3286 4879 3485 4947 μυριά-

219 4953 319 5007 ιυὶ.
354 4950 511 5018 Quod
562 4951 608 5006 si
652 4964 819 5005 ausus
851 4947 1024 5004 fueris
1053 4950 1189 5005 citra
1220 4949 1654 5005 emendationem
1704 4965 1782 5006 sa-

1893 4954 1983 5019 δες
2012 4955 2191 5029 ἅσπερ
2218 4959 2553 5028 συγγράφεις
2573 4961 2663 5015 διὰ
2686 4961 2790 5017 τῶν
2812 4966 3132 5029 ἐπιστολῶν,
3162 4967 3315 5021 οὐδὲν
3338 4968 3484 5038 ὠφε-

217 5045 520 5100 cerdotium
567 5041 662 5097 tibi
698 5042 995 5107 vindicare,
1021 5040 1310 5095 anathema
1352 5040 1463 5095 eris
1495 5039 1643 5095 omni
1695 5055 1782 5110 po-

1894 5044 2119 5115 λήσουσί
2155 5064 2234 5113 σε,
2276 5048 2411 5103 ἀλλὰ
2442 5050 2789 5123 τελευτήσεις
2823 5055 3033 5126 ἀργῶν,
3066 5057 3160 5111 καὶ
3180 5058 3373 5121 δώσεις
3401 5060 3482 5131 τῷ

220 5136 345 5207 pulo
372 5150 387 5200 ;
426 5142 480 5188 et
506 5133 599 5203 qui
628 5141 679 5187 te
703 5131 1031 5201 receperint,
1059 5129 1524 5186 excommunicati
1552 5142 1650 5199 per
1674 5144 1782 5185 om-

1894 5136 2085 5206 Κυρίῳ
2114 5135 2271 5205 λόγον
2308 5140 2407 5209 τῆς
2443 5144 2670 5196 σεαυτοῦ
2699 5146 2918 5216 ἀργίας.
2965 5148 3090 5200 Ἐὰν
3121 5149 3178 5203 δέ
3202 5129 3484 5223 τολμήσῃς

224 5244 347 5284 nem
378 5225 680 5282 Ecclesiam
706 5233 889 5279 erunt.

1900 5225 1974 5299 μὴ
2010 5225 2444 5298 διορθωσάμενος
2478 5234 2725 5298 σεαυτὸν,
2758 5235 3081 5306 ἀντέχεσθαι
3124 5238 3224 5310 τῆς
3247 5241 3484 5311 ἱερωσύ-

1901 5333 2019 5387 νης,
2052 5318 2299 5391 ἀνάθεμα
2336 5320 2437 5394 ἔσῃ
2472 5326 2634 5378 παντὶ
2668 5326 2747 5397 τῷ
2781 5326 2896 5398 λαῷ
2919 5345 2933 5360 ·
2968 5330 3064 5383 καὶ
3107 5333 3154 5385 oi
3200 5332 3487 5402 δεχόμενοί

1903 5425 1987 5475 σε,
2018 5410 2350 5482 ἐκκήρυκτοι
2381 5416 2523 5469 κατά
2550 5419 2734 5471 πᾶσαν
2773 5420 3103 5493 Ἐκκλησίαν
3131 5425 3486 5495 γενήσονται.

289 5512 483 5567 Const.
518 5509 606 5577 l9,
643 5510 726 5563 tit.
779 5508 834 5573 5,
888 5505 985 5561 lib.
1036 5520 1093 5571 ι,
1149 5503 1272 5559 cod.
1306 5503 1428 5559 ait:
1469 5500 1782 5558 Sacerdotes

1984 5502 2049 5555 'H
2079 5501 2143 5557 ιθ¹
2175 5503 2418 5573 διάταξις
2469 5508 2563 5563 τοῦ
2590 5506 2638 5580 γ’
2667 5510 2774 5566 τίτ.
2826 5513 2921 5567 τοῦ
2950 5521 2996 5567 α’
3022 5513 3166 5587 βισλ.
3222 5516 3317 5570 τοῦ
3348 5517 3485 5574 miri.

288 5692 335 5723 “
366 5690 384 5744 l
414 5689 546 5746 Cor.
574 5704 631 5755 ι,
658 5689 750 5743 '52.
823 5690 867 5722 "
892 5687 1049 5742 Rom.
1082 5702 1191 5751 xxv,
1218 5686 1302 5740 l5.
