3912 6244
395 260 494 323 689

1144 261 1546 322 SYNTAGMA
1585 262 1975 324 CANONUM.
2010 286 2077 297 -·
2116 261 2261 322 TlT.
2294 260 2460 335 VIII,
2493 263 2651 323 CAP.
2692 262 2815 324 XV.

3521 263 3629 328 690

394 377 578 445 φησὶν,
605 376 771 431 δτιΟί
808 376 973 447 ίερεῖς
999 376 1096 430 καὶ
1138 378 1188 429 οἱ
1213 376 1491 447 κληρικοὶ,
1540 378 1730 449 μόναις
1777 395 1957 433 συνοι-

2080 388 2115 432 et
2132 378 2314 434 clerici
2344 379 2608 433 matribus
2637 380 2753 434 suis
2765 377 3129 445 solummodo,
3156 386 3209 433 et
3229 376 3440 435 ﬁliabus
3456 388 3514 435 et‘
3541 397 3632 436 so-

397 470 655 522 κείτωσαν
684 468 956 541 μητράσιν
984 468 1187 534 αὐτῶν,
1217 470 1311 521 καὶ
1337 469 1662 539 θυγατράσι,
1692 470 1785 523 καὶ
1812 470 1966 523 ἀδελ-

394 562 540 627 φαῖς,
576 561 671 612 καὶ
700 564 821 622 ταῖς
850 562 957 631 πρὸ
983 560 1173 614 τούτου
1204 562 1572 632 γαμηθείσαις
1614 560 1803 624 αὐτοῖς
1824 578 1838 593 ο
1870 561 1965 615 καὶ

394 654 431 722 ἡ
457 650 522 704 ια’
551 653 691 707 διάτ.
723 652 817 705 τοῦ
838 652 1008 707 α’τίτ.
1038 653 1147 705 τῶν
1176 653 1406 724 Νεαρῶν
1432 653 1611 721 λέγει’
1636 654 1729 722 Μὴ
1762 653 1964 724 ἐχέτω-

394 763 490 798 σαν
524 746 579 797 al
606 745 846 797 διάκονοι
886 745 1147 808 συνόντας
1174 743 1365 807 αὑταῖς
1407 761 1561 808 τινας
1596 744 1654 796 ἐν
1695 744 1849 811 τάξει
1872 746 1966 816 δῆ-

392 835 481 886 θεν
510 834 778 902 ἀδελφῶν,
813 834 846 903 ἢ
884 834 1183 903 συγγενῶν,
1215 833 1248 904 ἢ
1284 834 1393 887 τῶν
1432 834 1785 904 καλουμένων
1825 835 1965 902 ἀγα-

391 925 599 994 πητῶν·
652 925 766 978 ἀλλ’
813 925 846 996 ἤ
902 925 1023 979 καθ’
1083 924 1283 989 ἐαυτὰς
1345 925 1697 990 οἰκείτωσαν,
1759 926 1794 996 ἢ
1853 928 1966 987 τοῖς

392 1016 648 1086 ἀληθέσιν
697 1017 876 1072 αὑτῶν
919 1016 1190 1085 ἀδελφοῖς,
1236 1016 1270 1088 ἢ
1316 1016 1503 1080 θείοις,
1540 1015 1574 1087 ἢ
1626 1016 1897 1086 γονεῦσιν,
1928 1017 1962 1087 ἢ

394 1107 601 1161 παισίν.
635 1107 698 1160 Εἰ
723 1107 780 1160 δέ
813 1125 894 1170 τις
930 1107 1139 1175 λέγοιτο
1167 1109 1407 1160 συνεῖναι
1439 1109 1496 1161 ἐν
1515 1108 1965 1179 ἐσχηματισμένη

392 1198 569 1269 ἀγαθῇ
617 1199 981 1269 προσηγορίᾳ,
1015 1199 1225 1268 πονηρᾷ
1251 1199 1309 1252 δὲ
1353 1198 1578 1269 ὑποψίᾳ,
1615 1199 1691 1269 μὴ
1729 1216 1967 1269 χειροτο-

390 1290 609 1353 νείσθω,
639 1290 735 1343 καὶ
789 1290 1230 1359 χειροτονηθείσα
1257 1289 1313 1342 δέ
1349 1288 1444 1343 τοῦ
1492 1292 1768 1360 σχήματος
1806 1293 1967 1343 ἐκπι-

394 1381 599 1445 πτέτω,
631 1379 935 1443 ὑπεύθυνος
984 1374 1120 1433 οὖσα
1165 1381 1262 1432 σὺν
1300 1379 1447 1449 αὑτῷ
1484 1380 1577 1433 καὶ
1605 1380 1780 1450 τούτῳ
1818 1380 1967 1451 νόμῳ

391 1471 488 1525 καὶ
515 1474 628 1534 τοῖς
659 1472 865 1533 λοιποῖς
891 1472 1003 1533 τοῖς
1028 1470 1153 1531 τοὺς
1178 1470 1416 1540 φθορέας
1449 1469 1779 1535 καλάζουσιν
1802 1486 1818 1503 ·
1849 1472 1882 1541 ἡ
1908 1470 1967 1523 δὲ

392 1563 438 1632 β’
466 1563 608 1617 διάτ.
647 1560 742 1614 τοῦ
778 1560 941 1614 αὑτοῦ
986 1567 1035 1613 α’
1069 1560 1176 1614 τίτ.
1210 1560 1319 1613 τῶν
1350 1559 1581 1628 Νεαρῶν
1625 1559 1811 1628 λέγει’
1840 1562 1967 1630 Μη-

388 1654 501 1715 δεὶς
536 1652 792 1721 κληρικδς
824 1653 1061 1720 γυναῖκα
1090 1651 1165 1721 μὴ
1211 1652 1370 1720 ἔχων,
1421 1651 1749 1703 ἐπείσακτον
1793 1651 1966 1720 ἐχέτω

390 1746 449 1797 ἐν
472 1744 554 1814 τῷ
580 1719 713 1815 οίκῳ
756 1719 945 1807 αὑτοῦ,
977 1719 1117 1814 πλὴν
1154 1719 1391 1813 μητρὸς,
1428 1743 1521 1796 καὶ
1550 1742 1838 1815 θυγατρὸς,
1874 1744 1968 1797 καὶ¹
2003 1719 2043 1773 Β

387 1837 646 1909 ἀδελφῆς,
680 1838 902 1890 καὶτῶν
932 1834 1107 1898 ἄλλως
1131 1835 1478 1889 ἀνυπόπτων.
1510 1835 1574 1887 Et
1607 1835 1665 1890 δὲ
1700 1835 1774 1906 μὴ
1796 1835 1969 1889 ταῦτα

390 1928 794 2000 παραφυλάξει,
831 1929 924 1981 καὶ
961 1928 1043 1990 δὶς
1077 1926 1450 1996 ὑπομνησθεὶς
1478 1925 1582 1979 ὑπὸ
1621 1925 1715 1979 τοῦ
1743 1927 1969 1981 ἐπισκό-

389 2039 498 2074 που
533 2020 566 2091 ἥ
598 2020 706 2073 τῶν
732 2019 1136 2089 συγκληρικῶν,
1168 2019 1243 2089 μὴ
1281 2018 1484 2089 ἐκϐάλῃ
1502 2018 1692 2089 αὑτὴν,
1712 2019 1804 2073 καὶ
1835 2036 1969 2072 κατ-

388 2111 690 2183 ηγορηθεὶς
752 2112 1044 2182 ἀποδειχθῇ
1095 2111 1662 2182 συναναστρεφόμενος
1713 2110 1970 2178 ἀσέμνως

389 2205 555 2273 αὑτῇ,
585 2202 954 2272 καθαιρείσθω
982 2201 1078 2255 καὶ
1104 2201 1329 2255 διδόσθω
1351 2205 1418 2271 τῇ
1445 2202 1606 2272 βουλῇ
1634 2200 1733 2272 τῆς
1760 2201 1970 2265 πόλεως

388 2291 457 2368 ἧς
486 2293 555 2367 ἦν
591 2295 885 2366 κληρικόςο
914 2296 1208 2358 ἐπίσκοπος
1244 2295 1302 2347 δὲ
1327 2294 1558 2347 καθόλου
1592 2298 1810 2362 γυναικὶ
1844 2311 1971 2347 συν-

389 2389 491 2455 ὼν,
540 2389 922 2461 καθαιρεῖται·
969 2387 1091 2441 οὑτε
1125 2388 1183 2441 δὲ
1215 2387 1535 2441 διακόνισσα
1578 2390 1847 2442 συνοικεῖν
1881 2386 1971 2440 δὺ-

391 2482 551 2536 ναταί
585 2498 693 2534 τινι
727 2480 1006 2550 δυναμένῳ
1057 2482 1205 2557 σχεῖν
1242 2479 1479 2548 ὑποψίαν
1526 2481 1762 2549 ἄσεμνον
1785 2495 1799 2509 ·
1836 2480 1971 2533 ὑπο-

394 2573 817 2643 μιμνησκομένη
864 2548 934 2624 δὲ·
1161 2570 1257 2623 τοῦ
1308 2548 1640 2636 ἐπισκόπου,
1679 2573 1774 2624 ἐὰν
1809 2573 1972 2627 αὑτὸν

391 2663 648 2717 ἐκϐαλεῖν
694 2661 1016 2732 ὑπέρθηται,
1064 2664 1336 2731 στερείται
1390 2663 1487 2731 τῆς
1527 2662 1828 2735 ὑπηρεσίας
1878 2666 1972 2717 καὶ

390 2756 507 2807 τῶν
536 2754 781 2823 διαρίων,
809 2753 905 2806 καὶ
944 2753 1274 2823 ὲμὸάλλεται
1307 2755 1677 2827 μοναστηρίῳ,
1716 2755 1844 2827 ὃλην
1874 2756 1972 2828 τὴν

391 2845 544 2912 ζωὴν
576 2843 747 2912 αὐτῆς
774 2858 789 2873 ο
820 2843 913 2896 καὶ
940 2842 1010 2895 τὰ
1054 2843 1360 2911 πράγματα
1396 2842 1585 2914 αὐτῆς,
1634 2845 1683 2896 εί
1730 2847 1829 2912 μὲν
1858 2843 1972 2914 ἔχει

391 2936 614 3000 παῖδας,
648 2935 931 3002 ἀναλόγως
968 2935 1047 2997 εἰς
1076 2932 1245 3004 αὑτὴν
1276 2934 1371 2986 καί
1404 2934 1601 2996 αὐτοὺς
1636 2933 1967 3005 μερίζονται,

392 3026 493 3080 καὶ
520 3026 581 3078 τὸ
628 3025 869 3096 ἁρμόζον
907 3024 1045 3095 αὑτῇ
1098 3023 1263 3094 μέρος
1310 3022 1372 3077 τὸ
1426 3025 1785 3095 μοναστήριον
1831 3025 1970 3097 ὑπὲρ

390 3092 719 3187 ἀπστροφῆς
748 3115 920 3184 αὐτῆς
957 3092 1257 3185 λαμϐάνεν
1309 3116 1357 3168 εἰ
1391 3092 1447 3168 δέ
1500 3116 1575 3186 μὴ
1607 3092 1721 3186 ἔχει
1750 3092 1966 3183 παῖδας,
1999 3092 2043 3153 c

389 3211 424 3278 η
486 3208 755 3279 ἐκκλησία
794 3210 852 3261 ἐν
972 3203 1062 3277 ἦν,
1110 3208 1204 3261 καὶ
1234 3207 1296 3261 τὸ
1352 3208 1736 3280 μοναστήριον,
1790 3210 1972 3280 ἑξίσης

393 3300 537 3354 αὐτὰ
574 3300 908 3370 μερίζονται.

476 3392 733 3443 ΚΕΦΑΛ.
764 3391 863 3443 IE’.
892 3419 959 3430 —-
988 3389 1119 3456 Πῶς
1156 3388 1253 3442 δεῖ
1273 3390 1664 3457 ἐπισκόπους,
1702 3391 1741 3458 ἤ
1772 3393 1975 3459 κληρι-

395 3485 567 3550 κούς,
627 3484 668 3551 ἢ
716 3482 1294 3552 ἐγκρατευομένους,
1360 3483 1612 3537 εἰσιέναι
1665 3483 1815 3551 πρὸς
1867 3502 1975 3553 τυ-

394 3574 635 3639 ναῖκας.

643 3664 911 3719 Συνόδου
945 3664 1367 3735 Καρθαγέι-νης
1397 3663 1598 3717 κανὼν
1622 3663 1726 3733 λη’.

468 3759 659 3812 Ὥστε
684 3757 1007 3825 κληρικοὺς
1033 3756 1073 3825 ἣ
1099 3756 1642 3826 ἐγκρατευομένους
1662 3758 1809 3824 πρὸς
1830 3769 1977 3825 παρ-

395 3850 618 3914 θένους
649 3849 687 3917 ἢ
729 3848 918 3916 χήρας
943 3848 1029 3917 μὴ
1055 3849 1326 3903 εἰσιέναι.

466 3939 578 4009 λη’.
632 3938 899 4011 Κληρικοὶ
942 3939 974 4009 ἢ
1031 3940 1491 4010 ἐγκρατευόμενοι
1535 3939 1673 4011 πρὸς
1724 3940 1897 4011 χήρας
1939 3940 1973 4011 ἢ

397 4030 729 4100 παρθένους,
760 4032 808 4083 εί
851 4031 924 4101 μὴ
950 4030 1069 4083 κατ’
1097 4031 1398 4102 ἐπιτροπὴν
1427 4033 1520 4085 καὶ
1548 4032 1851 4085 συναίνεσιν
1878 4032 1974 4086 τοῦ

402 4120 537 4172 ἰδίου
564 4118 866 4172 ἐπισκόπου
892 4118 924 4189 ἢ
954 4121 1062 4172 τῶν
1089 4120 1500 4191 πρεσϐυτέρων,
1531 4122 1606 4191 μὴ
1646 4122 1933 4175 είσίτωσαν
1957 4138 1972 4153 ·

399 4213 495 4265 καὶ
510 4212 671 4265 τοῦτο
695 4211 751 4264 δὲ
777 4212 851 4282 μὴ
885 4213 1035 4281 μόνοι
1059 4214 1405 4267 ποιείτωσαν·
1432 4214 1566 4268 ἀλλά
1590 4217 1726 4283 μετά
1747 4216 1977 4283 συγκλη-

404 4302 597 4370 ρικῶν,
626 4303 661 4372 ἢ
698 4303 837 4371 μετά
893 4302 1097 4356 τούτων
1152 4303 1271 4372 μεθ’
1318 4301 1393 4357 ὧν
1439 4307 1467 4357 ὁ
1513 4305 1877 4378 ἐπίσκοποςῆ
1925 4307 1975 4357 oi

399 4395 789 4465 πρεσϐύτεροι,
849 4396 998 4465 μόνοι
1055 4396 1237 4466 έχουσι
1290 4396 1389 4466 τὴν
1442 4396 1645 4450 εἴσοδον
1699 4397 1834 4461 πρὸς
1879 4397 1977 4460 τὰς

398 4487 847 4556 τοιουτοτρόπους
875 4488 1156 4552 γυναῖκας,
1188 4487 1221 4556 ἢ
1268 4487 1402 4539 ὅπου
1448 4487 1669 4556 πάρεισι
1704 4486 1975 4558 κληρικοὶ,

400 4578 433 4649 ἦ
464 4576 676 4646 ἔντιμοί
706 4593 850 4639 τινες
878 4577 1214 4647 Χριστιανοί.

511 4668 784 4724 Συνόδου
821 4669 1071 4734 Νικαίας
1098 4668 1162 4722 τὸ
1190 4668 1490 4733 δεύτερον,
1538 4668 1738 4721 κανὼν
1763 4667 1868 4737 κβ’.

474 4766 609 4818 Ὀτι
633 4762 729 4818 δεῖ
771 4762 899 4831 μετ’
939 4762 1325 4831 εὐχαριστίας
1355 4760 1455 4814 καὶ
1505 4759 1709 4826 πάσης
1735 4759 1977 4829 φειδοῦς

328 4918 332 4922 ,
404 4858 505 4912 καὶ
530 4856 846 4920 εὐλαϐείας
869 4853 1175 4923 μοναχοὺς
1201 4853 1254 4906 ει
1278 4851 1480 4922 συμϐῇ
1496 4852 1647 4921 μετὰ
1675 4851 1976 4921 γυναικῶν

404 4949 653 5003 ἐσθίειν.

480 5041 583 5111 κβ’.
620 5039 741 5107 Θεῷ
802 5038 901 5109 μὲν
929 5037 990 5089 τὸ
1037 5038 1145 5091 πᾶν
1200 5034 1569 5098 ἀνατίθεσθαι,
1618 5036 1712 5087 καὶ
1756 5034 1814 5085 οὑ
1872 5034 1983 5096 τοῖς

411 5131 561 5193 ίδίοις
586 5129 713 5198 θελή
725 5145 856 5198 μασι
899 5126 1238 5190 δουλοῦσθαι,
1292 5125 1436 5195 μέγα
1463 5127 1649 5195 χρῆμα
1686 5125 1943 5194 τυγχάνει
1966 5141 1980 5154 ο

410 5222 549 5275 Εἴτε
581 5221 691 5290 γὰρ
724 5220 975 5282 ἐσθίετε,
1004 5218 1124 5271 εἴτε
1158 5217 1379 5279 πίνετε,
1402 5217 1431 5269 ὁ
1459 5217 1601 5279 θεῖος
1641 5216 1982 5280 Ἀπόστολος,

410 5309 609 5363 πάντα
640 5312 727 5375 εὶς
754 5309 942 5373 δόξαν
976 5308 1123 5361 Θεοῦ
1164 5306 1382 5360 ποιεῖτε
1408 5347 1422 5372 ,
1455 5307 1606 5376 φησί.
1640 5307 1870 5376 Χριστὸς
1894 5306 1985 5359 οὑν

412 5403 441 5451 ό
468 5401 600 5464 Θεὸς
632 5401 789 5471 ἡμῶν
832 5402 890 5453 ἐν
917 5402 1030 5463 τοῖς
1078 5399 1434 5468 Εὑαγγελίοις
1468 5397 1631 5452 αὑτοῦ
1675 5398 1772 5461 τὰς
1817 5398 1988 5469 ἀρχὰς

414 5492 527 5548 τῶν
550 5495 965 5566 ἁμαρτημάτων
1006 5494 1294 5547 ἐκκόπτειν
1333 5492 1721 5563 προστέταχεν.
1756 5492 1829 5546 Οὑ
1881 5493 1988 5563 γὰρ

496 5674 537 5704 ’⁸
576 5674 743 5732 Conc.
774 5670 967 5737 Afric.,
1003 5688 1051 5725 c.
1092 5670 1141 5724 5.
1218 5672 1260 5704 ⁹⁹
1294 5670 1311 5723 l
1348 5670 1471 5726 Cor.
1508 5686 1559 5735 κ,
1593 5670 1681 5723 51.

2066 469 2305 535 roribus,
2344 478 2398 523 et
2429 484 2551 540 quae
2580 470 2714 538 ipsis
2753 479 2913 523 antea
2964 470 3268 538 nupserim,
3299 470 3631 527 cohabitent.

2063 561 2333 617 Etconst.
2374 562 2427 615 1.
2482 562 2563 616 tit.
2621 563 2648 615 1
2694 561 3089 617 Novellarum:
3140 561 3474 618 Diaconissaa
3524 564 3635 631 (in-

2063 654 2203 724 quit)
2270 653 2451 709 nullos
2506 668 2692 707 secum
2758 653 2881 708 loco
2946 653 3196 721 fratrum,
3256 664 3634 726 cognatorum,

2063 753 2159 800 aut
2216 746 2311 815 qui
2374 744 2555 799 dilecti
2610 753 2911 805 vocantur.
2967 745 3276 802 habitantes
3336 747 3632 802 habento:

2064 835 2161 890 sed
2219 844 2314 889 aut
2357 834 2508 899 solae,
2561 842 2814 888 autcum
2864 835 3138 903 germanis
3192 835 3307 891 suis
3345 836 3632 900 fratribus,
3678 858 3689 871 ι

2064 926 2277 996 patruis
2308 926 2475 980 etiam
2508 926 2592 979 vel
2620 924 2925 990 avunculis,
2959 933 3055 979 aut
3096 927 3414 996 parentibus
3444 927 3529 981 vel
3570 929 3636 981 fi»

2066 1020 2157 1074 liis
2191 1018 2497 1074 habitante.
2528 1017 2686 1084 Quod
2713 1019 2761 1073 si
2794 1031 2913 1087 qua:
2933 1017 3037 1073 sub
3064 1019 3245 1087 specie
3280 1021 3498 1075 honesti
3535 1036 3637 1074 no-

2066 1110 2253 1174 minis,
2287 1109 2383 1165 sed
2414 1124 2523 1163 non
2554 1109 2763 1177 absque
2813 1108 2953 1162 mala.
3000 1109 3311 1179 suspicione
3357 1109 3637 1183 [cuipiam]

2065 1203 2381 1259 cohabitare
2410 1203 2645 1269 dicatur,
2677 1217 2746 1257 ne
2777 1201 3060 1257 ordinator
3089 1220 3103 1257 :
3137 1217 3202 1256 ac
3237 1218 3366 1257 vero
3395 1204 3505 1273 jam
3546 1218 3640 1258 or-

2065 1294 2273 1355 dinata,
2322 1292 2391 1346 ab
2423 1291 2617 1347 habitu
2652 1291 2939 1347 excidito:
2984 1300 3039 1347 et
3089 1306 3216 1346 cum
3263 1293 3641 1349 cohabitatore

2067 1386 2195 1439 huic
2225 1384 2328 1454 legi
2364 1384 2700 1453 reliquisque
2747 1398 2869 1453 quae
2904 1383 2956 1437 in
2992 1390 3340 1453 stupratores
3389 1384 3643 1439 animad-

2065 1484 2305 1540 vertunt,
2339 1476 2579 1529 obnoxia
2608 1481 2751 1529 esto.
2798 1474 3036 1529 Constit.
3085 1482 3267 1529 autem
3313 1473 3369 1539 2,
3395 1472 3641 1543 ejusdem

2068 1571 2153 1622 tit.
2214 1569 2241 1621 1
2304 1566 2654 1621 Novellarum
2728 1566 2906 1621 dicit:
2962 1564 3159 1620 Nullus
3229 1565 3487 1631 clericus,
3549 1566 3644 1635 qui

2068 1677 2297 1717 uxorem
2337 1677 2447 1717 non
2478 1663 2660 1725 habet,
2712 1674 2909 1731 praeter
2946 1669 3198 1724 matrem,
3256 1660 3449 1727 filiam,
3483 1675 3644 1717 soro-

2070 1769 2204 1820 rem,
2230 1763 2285 1809 et
2313 1754 2370 1807 in
2399 1768 2539 1823 quas
2567 1753 2773 1823 alioqui
2821 1753 3065 1822 suspicio
3103 1768 3211 1807 non
3242 1751 3408 1816 cadit,
3449 1752 3506 1806 in
3552 1751 3645 1806 do-

2070 1863 2161 1903 mo
2189 1864 2289 1905 sua
2309 1848 2595 1903 ascititiam
2618 1846 2940 1919 [mulierem]
2985 1847 3205 1901 habeto.
3239 1847 3395 1912 Quod
3449 1846 3496 1901 si
3532 1847 3647 1899 haec

2069 1953 2180 1994 non
2205 1937 2596 2004 observaverit,
2630 1946 2683 1992 et
2708 1938 2791 1992 bis
2822 1937 2891 1991 ab
2921 1937 3178 2007 episcopo
3208 1943 3303 1990 aut
3340 1936 3502 2005 222
3530 1936 3645 1991 col-

2069 2027 2206 2097 legis
2253 2029 2570 2084 admonitus
2603 2028 2886 2083 mulierem
2923 2044 3031 2083 non
3080 2029 3322 2097 eiecerit,
3358 2029 3443 2083 vel
3485 2042 3646 2082 aecu—

2071 2130 2228 2176 satus
2284 2122 2548 2190 probetur
2602 2121 2893 2175 inhoneste
2949 2136 3075 2175 cum
3125 2121 3217 2175 illa
3271 2120 3641 2175 conversari:

2071 2210 2377 2281 deponitor,
2417 2221 2472 2265 et
2523 2211 2691 2266 curia:
2722 2211 2962 2267 civitatis
3010 2211 3063 2265 in
3110 2226 3214 2280 qua
3258 2210 3490 2265 clericus
3522 2210 3643 2276 fuit,

2070 2301 2324 2358 traditor.
2356 2302 2658 2371 Episcopus
2706 2309 2912 2367 autem,
2945 2300 3040 2369 qui
3092 2300 3309 2354 mulieri
3345 2300 3663 2365 cohabitat,’

2071 2392 2297 2448 omnino
2324 2393 2633 2463 deponitur.
2661 2390 2847 2461 Neque
2872 2407 3003 2446 vero
3032 2391 3346 2446 diaconissa
3381 2390 3643 2460 cuipiam,

2072 2485 2126 2539 in
2168 2499 2328 2555 quem
2367 2484 2587 2539 sinistra
2618 2483 2859 2552 suspicio
2886 2482 3066 2545 cadat,
3103 2479 3419 2536 cohabitare
3446 2488 3643 2549 potest.

2072 2576 2205 2642 Quae
2230 2576 2300 2630 ab
2328 2576 2587 2645 episc0po
2638 2571 3093 2635 commonefacta,
3148 2571 3195 2626 si
3234 2571 3385 2625 illum
3442 2571 3642 2639 ejicere

2073 2666 2304 2731 differat,
2341 2666 2608 2736 spoliatur
2654 2664 2960 2719 ministerio
3011 2671 3064 2716 et
3101 2660 3320 2723 diariis,
3359 2668 3524 2731 atque
3551 2676 3647 2730 per

2072 2777 2290 2817 omnem
2321 2761 2489 2815 vitam
2528 2772 2683 2813 suam
2720 2760 2772 2812 in
2802 2755 3197 2810 monasterium
3240 2753 3505 2819 injicitur.
3540 2751 3647 2808 Res

2072 2863 2253 2909 autem
2285 2854 2424 2924 ejus,
2454 2852 2499 2908 si
2546 2852 2744 2906 liberos
2780 2849 2995 2912 habeat,
3046 2848 3197 2902 inter
3219 2847 3390 2915 ipsam
3420 2854 3476 2900 et
3525 2847 3647 2901 illos

2073 2962 2174 3017 pro
2204 2956 2319 3000 rata
2350 2944 2671 2999 dividuntur
2699 2959 2713 2996 :
2765 2951 2820 2996 et
2849 2956 2971 3011 quae
3001 2940 3104 3008 ipsi
3157 2940 3333 3009 portio
3362 2939 3643 3008 competit,

2074 3050 2194 3089 eam
2233 3050 2331 3104 pro
2374 3034 2494 3103 ejus
2546 3032 2802 3087 alimonia
2852 3029 3245 3084 monasterium
3302 3029 3500 3099 capit:
3560 3030 3644 3082 sin

2076 3127 2277 3181 liberos
2325 3139 2433 3179 non
2469 3124 2653 3187 habet,
2688 3123 2918 3177 ecclesia
2954 3122 3007 3175 in
3047 3137 3153 3191 qua
3185 3128 3325 3187 erat,
3374 3128 3429 3176 et
3458 3136 3639 3177 mona-

2075 3218 2303 3274 sterium
2333 3232 2399 3273 ex
2439 3230 2597 3280 aequo
2638 3215 2759 3270 illas
2786 3214 3121 3284 partiuntur.

2147 3388 2296 3443 CAP.
2339 3388 2455 3445 XV.
2486 3420 2557 3430 --
2585 3389 2863 3454 Quomodo
2898 3391 3166 3460 episcopos
3201 3391 3278 3445 vel
3309 3391 3526 3445 clericos
3560 3392 3642 3445 vel

2074 3482 2395 3536 continentes
2420 3482 2663 3537 accedere
2700 3482 2878 3536 deceat
2912 3483 2981 3539 ad
3007 3482 3273 3540 mulieres.

2348 3657 2575 3712 Concilii
2614 3655 3049 3726 Carthagineusis
3078 3672 3247 3710 canon
3284 3657 3374 3711 50.

2151 3748 2219 3805 Ut
2245 3753 2443 3815 clerici,
2478 3750 2557 3805 vel
2601 3752 2943 3814 continentes,
2973 3749 3041 3803 ad
3076 3750 3315 3819 virgines.
3339 3752 3416 3805 vel
3460 3750 3645 3803 viduas

2075 3857 2179 3897 non
2208 3844 2478 3897 accedant.

2146 3936 2235 3990 38.
2266 3932 3104 3999 Utclerici",velcontinentes,
3126 3933 3402 3999 ad;viduas
3432 3936 3513 3987 vel
3536 3934 3645 3989 vir-

2075 4025 2253 4096 gines,
2280 4025 2387 4079 nisi
2416 4040 2480 4078 es
2507 4023 2666 4093 jussu
2713 4025 2794 4079 vel
2825 4025 3095 4094 permissu
3130 4024 3511 4093 episcoporum
3553 4033 3649 4077 aut

2076 4122 2537 4192 presbyterorum,
2593 4137 2699 4176 non
2745 4121 3009 4175 accedant
3057 4140 3070 4176 :
3130 4132 3184 4176 et
3231 4123 3335 4176 hoc
3382 4137 3491 4175 non
3543 4121 3646 4177 soli

2076 4210 2300 4275 faciam,
2330 4211 2425 4265 sed
2472 4226 2595 4265 cum
2628 4211 2964 4277 conclericis,
3006 4212 3090 4267 vel
3141 4227 3263 4267 cum
3316 4213 3399 4267 his
3448 4211 3647 4282 quibus

2074 4303 2366 4372 episcopus
2394 4309 2485 4355 aut
2515 4302 2791 4372 presbyter
2820 4302 3051 4371 jusserit
3078 4323 3093 4359 :
3135 4319 3235 4358 nec
3266 4304 3367 4373 ipsi
3405 4305 3646 4375 episcopi

2006 4429 2053 4484 ι)
2079 4402 2133 4447 et
2161 4393 2460 4462 presbyteri
2489 4393 2589 4484 soli
2635 4393 2870 4447 habeant
2899 4409 3181 4450 accessum
3230 4395 3297 4449 ad
3332 4396 3646 4466 hujusmodi

2084 4486 2333 4550 feminas,
2371 4484 2464 4539 sed
2500 4483 2593 4537 ubi
2640 4492 2734 4538 aut
2776 4484 2958 4540 clerici
3003 4495 3299 4557 praesentes
3348 4497 3497 4555 sunt,
3551 4498 3645 4545 aut

2083 4592 2276 4649 graves
2306 4577 2469 4645 aliqui
2506 4576 2826 4631 Christiani.

2312 4665 2471 4734 223
2516 4663 2740 4718 Concilii
2787 4665 2997 4719 Nicmni
3038 4683 3076 4721 ιι
3114 4684 3283 4721 canon
3311 4669 3400 4723 22.

2155 4756 2308 4821 Quod
2339 4764 2573 4824 oporteat
2602 4771 2722 4807 cum
2752 4757 3047 4825 gratiarum
3073 4760 3276 4812 actione
3306 4767 3353 4812 et
3394 4760 3539 4814 omni
3565 4777 3647 4815 ve-

2084 4850 2336 4904 recundia
2379 4865 2442 4902 ac
2480 4848 2729 4917 religione
2758 4849 3040 4903 monachos
3081 4866 3201 4904 cum
3249 4852 3574 4918 mulieribus,
3605 4870 3648 4907 st

2080 4943 2294 4996 accidat
2313 4980 2329 5006 ,
2361 4940 2702 4994 manducare.

2148 5031 2240 5085 22.
2272 5031 2385 5086 Deo
2412 5031 2629 5100 quidem
2659 5032 2970 5085 universum
3003 5031 3273 5092 dedicare,
3305 5038 3359 5085 et
3381 5045 3491 5084 non
3520 5046 3649 5100 pro-

2080 5124 2214 5194 priis
2241 5123 2609 5178 voluntatibus
2644 5123 2870 5187 servire,
2900 5137 2989 5178 res
3019 5137 3211 5191 magna
3234 5132 3337 5177 est.
3367 5121 3487 5178 Sive
3514 5127 3655 5179 enim

2083 5214 2387 5279 comeditis,
2438 5214 2543 5266 sive
2589 5213 2797 5275 bibitis,
2836 5213 3009 5281 inquit
3056 5213 3273 5268 divinus
3320 5214 3652 5283 Apostolus,

2084 5309 2263 5360 omnia
2303 5308 2355 5359 in
2385 5306 2476 5360 Dei
2506 5305 2728 5374 gloriam
2756 5305 2915 5373 facile
2938 5305 3004 5355 θ’.
3027 5303 3275 5358 Christus
3301 5314 3481 5359 autem
3516 5304 3655 5359 Deus

2086 5406 2269 5450 noster
2304 5397 2357 5448 in
2393 5395 2505 5448 suis
2543 5393 2847 5463 Evangeliis
2869 5392 3035 5462 jussit
3068 5393 3410 5461 peccatorum
3442 5393 3653 5462 princi-

2090 5489 2179 5560 pia
2214 5502 2484 5544 resecare.
2530 5485 2647 5541 Non
2675 5487 2819 5542 enim
2849 5485 3172 5543 adulterium
3201 5485 3377 5541 solum
3406 5486 3547 5557 apud
3576 5485 3659 5561 ip-
