3912 6244
62 256 67 260 ί
178 229 276 293 691

1334 223 1597 284 ΡΗΟΤΙΙ
1621 223 2125 283 PATRIARCH/E
2166 225 2274 285 CP.

3331 223 3440 286 992

174 354 298 398 sum
364 337 625 409 punitur,
689 335 787 391 sed
845 332 1008 389 etiam
1058 329 1403 401 cogitationis
1449 341 1631 385 motus
1691 330 1755 384 ad

1889 350 1894 400 γ
1925 332 2142 403 μοιχεία
2177 335 2339 402 μόνον
2382 332 2513 399 παρ’
2544 329 2710 384 αὑτοῦ
2758 329 3069 398 κολάζεται,
3097 329 3234 384 ἀλλὰ
3276 332 3373 384 καὶ
3405 333 3442 399 ὴ

181 431 610 507 aggrediendum
661 426 989 484 adulterium
1044 424 1456 487 condemnatur,
1509 424 1627 493 ipso
1671 422 1758 477 di-

176 535 335 583 cente
364 543 378 579 :
411 523 518 589 Qui
563 520 827 590 aspexerit
860 517 1128 571 mulierem
1179 515 1248 569 ad
1293 514 1761 581 concupiscendam

176 619 370 685 ipsam,
399 630 517 669 eam
554 613 672 683 jam
717 613 773 665 in
802 609 958 664 corde
998 623 1096 662 suo
1138 607 1463 661 adutteravit
1502 607 1546 660 ί.
1610 603 1763 660 Unde

180 723 284 765 nos
317 719 538 777 quoque
578 702 777 766 edocti,
813 700 1076 755 debemus
1119 699 1480 771 cogitationes
1509 710 1759 767 purgare.

181 802 305 856 Etsi
352 802 491 855 enim
537 797 718 852 omnia
762 795 955 858 licent,
1005 808 1111 847 non
1165 804 1341 846 tamen
1382 792 1562 845 omnia
1608 805 1764 860 expe-

182 894 339 947 diunt
381 893 424 956 ³,
453 898 514 944 ut
543 903 574 942 a
605 902 739 943 voce
782 884 1077 955 apostolica
1106 882 1382 937 docemur.
1418 881 1605 936 Cuivis
1633 895 1764 951 ergo

186 982 395 1039 homini
442 994 667 1035 necesse
711 986 797 1033 est
824 976 1133 1041 comedere,
1162 984 1223 1029 ut
1251 973 1441 1028 vivat:
1471 982 1525 1028 et
1563 972 1765 1042 quibus

182 1084 270 1132 cst
298 1073 409 1129 vita
445 1072 664 1143 quidem
694 1068 1054 1133 matrimonii,
1084 1078 1137 1124 et
1171 1068 1487 1131 liberorum,
1520 1074 1575 1121 et
1616 1065 1767 1119 laicae

184 1165 618 1231 constitutionis,
644 1163 947 1234 permistim
979 1159 1266 1216 comedere
1306 1161 1449 1215 viros
1481 1166 1535 1212 et
1568 1156 1765 1212 mulie-

185 1273 295 1322 res,
327 1267 410 1314 est
437 1258 506 1312 ab
535 1256 684 1312 omni
709 1253 1136 1324 reprehensione
1162 1252 1425 1315 alienum,
1458 1250 1506 1306 si
1532 1250 1694 1303 modo
1715 1248 1767 1303 ei

185 1351 282 1420 qui
312 1351 405 1405 dat
437 1349 833 1404 nutrimentum
881 1346 1084 1417 gratias
1128 1353 1309 1415 agant,
1342 1358 1452 1397 non
1484 1356 1609 1399 cum
1646 1355 1766 1397 sce-

189 1439 330 1495 nicis
356 1438 684 1508 quibusdam
733 1435 947 1501 studiis,
998 1434 1112 1489 sive
1160 1432 1421 1487 satanicis
1451 1431 1681 1487 canticis
1717 1443 1771 1487 et

188 1529 564 1587 citharoedicis
594 1543 659 1584 ac
687 1526 1010 1583 meretriciis
1038 1524 1455 1591 inﬂexionibus;
1480 1539 1619 1594 quos
1645 1540 1769 1594 pro-

1861 427 2078 497 κίνησις
2105 426 2201 479 τοῦ
2245 425 2506 497 λογισμοῦ
2539 426 2678 497 πρὸς
2708 426 2809 497 τὴν
2836 425 2937 495 τῆς
2973 425 3219 497 μοιχείας
3264 424 3447 494 ἐγχεί-

1866 534 2041 589 ρησιν,
2073 517 2469 588 κατακέκριται
2488 534 2503 548 ·
2537 517 2790 586 λέγοντος
2819 515 3008 579 αὐτοῦ,
3047 515 3108 568 Ὃ
3134 514 3445 582 ἐμϐλέψας

1862 609 2102 681 γυναικὶ
2138 610 2289 680 πρὸς
2317 609 2385 665 τὸ
2404 609 2772 681 ἐπιθυμῆσαι
2796 608 3009 677 αὐτῆς,
3033 608 3150 677 ἤδη
3172 608 3447 676 ἐμοίχευ-

1863 719 1974 757 σεν
1999 703 2195 772 αὐτὴν
2216 702 2286 756 ἐν
2330 702 2408 770 τῇ
2433 702 2647 772 καρδίᾳ
2675 700 2886 756 αὐτοῦ.
2919 699 3113 752 Ἔνθεν
3142 698 3234 756 οὖν
3268 697 3447 767 μαθη-

1864 793 2167 859 τευθὲντες,
2196 793 2490 863 λογισμοὺς
2528 792 2819 863 ὀφείλομεν
2854 789 3170 859 καθαίρειν·
3222 790 3293 842 Et
3334 786 3449 857 γὰρ

1865 889 1963 943 καί
1987 888 2187 942 πάντα
2220 888 2484 952 ἔξεστιν,
2517 886 2656 941 ἀλλ’
2682 887 2754 939 οὺ
2788 884 2987 938 πάντα
3028 882 3339 952 συμφέρει,
3371 882 3449 944 ὡς

1866 982 1925 1048 ἐξ
1956 980 2317 1051 ἁποστολικῆς
2361 980 2546 1050 φωνῆς
2568 977 2954 1048 διδασκόμεθα.
2980 974 3327 1042 Ἐπάναγκες
3355 973 3451 1028 οῦν

1867 1075 1985 1127 ἐστι
2010 1073 2172 1127 παντὶ
2219 1074 2375 1143 ἀνδρὶ
2417 1071 2505 1125 διὰ
2533 1072 2595 1125 τὸ
2627 1072 2726 1143 ζῇν
2771 1070 3001 1125 ἐσθίειν·
3040 1069 3134 1122 καὶ
3180 1061 3261 1131 οἷς
3294 1066 3393 1137 μὲν
3423 1068 3454 1119 ὁ

1871 1168 1982 1239 βίος
2005 1167 2143 1233 ἐστὶ,
2174 1169 2353 1237 γάμου
2393 1166 2485 1220 καὶ
2514 1167 2719 1219 τέκνων
2765 1164 2861 1216 καὶ
2893 1163 3086 1230 λαῖκῆς
3133 1160 3451 1224 διαθέσεως,

1869 1259 2073 1331 ἀναμὶξ
2105 1259 2307 1312 ἐσθίειν
2342 1258 2544 1329 ἄνδρας
2590 1257 2686 1311 καὶ
2724 1258 3010 1324 γυναῖκας,
3045 1256 3155 1308 τῶν
3199 1251 3457 1324 ἀδιαὸλή-

1872 1367 1981 1402 των
2014 1349 2130 1401 ὲστί
2150 1367 2164 1381 ι
2197 1348 2360 1419 μόνον
2383 1347 2459 1418 τῷ
2484 1347 2677 1399 διδόντι
2704 1346 2804 1415 τὴν
2836 1345 3059 1417 τροφὴν,
3087 1344 3187 1414 τὴν
3233 1343 3455 1413 εύχαρι-
3552 1414 3559 1415 7

1873 1440 2029 1496 στίαν
2076 1440 2472 1510 προσάγοντας,
2531 1439 2626 1492 καὶ
2677 1437 2754 1509 μὴ
2807 1436 2896 1491 διά
2939 1454 3099 1490 τινων
3143 1432 3458 1505 θυμελικῶν

1874 1532 2338 1605 ἐπιτηδευμάτων,
2382 1530 2561 1585 εῖτουν
2616 1528 2931 1584 Σατανικῶν
2975 1528 3260 1600 ᾀσμάτων,
3295 1526 3457 1579 κιθα·

188 1622 402 1694 phetica
432 1620 738 1676 exsecratio
771 1618 1138 1689 persequitur,
1170 1617 1251 1672 sic
1277 1616 1465 1671 dicens
1502 1631 1517 1669 :
1556 1613 1647 1670 Va:
1680 1615 1771 1685 qui

1889 1627 1986 1695 ρῶν
2012 1614 2073 1678 τε
2124 1627 2220 1679 καὶ⁸
2272 1626 2546 1696 πορνικῶν
2588 1623 2973 1693 λυγισμάτων·
3023 1617 3105 1685 οἷς
3164 1621 3460 1690 ἐπέρχεται

190 1682 311 1766 eum
337 1711 543 1766 cithara
567 1719 614 1763 et
645 1707 898 1778 psalterio
921 1682 1100 1761 vinum
1124 1705 1326 1767 bibunt,
1352 1703 1568 1758 Domini
1592 1682 1769 1757 autem

1889 1716 2190 1788 προφητικὴ
2227 1682 2563 1785 apd-obturat
2607 1682 2875 1781 λεγούσα’
2922 1712 3065 1766 Οὐαὶ
3086 1682 3154 1764 τοί
3194 1682 3339 1778 μετά
3373 1727 3461 1761 κι-

190 1820 351 1873 opera
400 1818 504 1856 non
539 1799 861 1868 respiciunt,
895 1805 944 1851 et
995 1814 1155 1865 opera
1200 1811 1456 1849 manuum
1506 1795 1620 1863 ejus
1668 1810 1773 1849 non

195 1896 532 1949 considerant
566 1894 607 1946 ³.
645 1892 714 1946 Ει
759 1890 932 1945 sicubi
966 1890 1101 1943 tales
1127 1888 1330 1943 fuerint
1357 1888 1498 1941 inter
1517 1887 1775 1947 Christia-

193 2002 316 2051 nos,
362 1986 750 2055 corrigantur:
785 1985 872 2038 sin
924 1983 1127 2045 minus,
1172 1981 1436 2034 adversus
1476 1994 1574 2034 eos
1605 1978 1775 2033 robur

190 2090 352 2131 suum
385 2075 666 2129 obtineant
698 2087 821 2142 quae
856 2071 925 2126 ab
972 2071 1059 2135 iis,
1090 2069 1181 2139 qui
1218 2082 1322 2124 nos
1354 2076 1771 2137 praecesserunt.

192 2166 455 2223 canonice
483 2164 681 2220 tradita
708 2173 855 2219 sunt.
885 2162 985 2217 Cui
1025 2170 1206 2216 autem
1247 2160 1430 2230 quieta
1469 2168 1555 2217 est
1579 2160 1689 2214 vita
1724 2169 1778 2213 et

195 2257 461 2323 solitaria,
518 2265 578 2311 ut
618 2256 711 2327 qui
746 2254 977 2310 Domino
1010 2254 1122 2309 Deo
1164 2254 1355 2323 jugum
1407 2252 1774 2307 monasticum

196 2351 389 2405 tollere
433 2350 706 2417 statuerit,
742 2349 798 2403 in
842 2346 1136 2403 solitudine
1170 2355 1224 2401 et
1276 2345 1495 2400 silentio
1543 2344 1773 2400 sedebit.

193 2440 359 2511 Atqui
394 2440 559 2511 224
592 2455 692 2495 nec
735 2439 805 2494 iis
834 2437 1019 2503 etiam,
1050 2435 1143 2507 qui
1178 2435 1343 2489 vitam
1383 2435 1775 2491 sacerdotalem

196 2534 479 2605 elegerint,
529 2533 657 2588 licet
705 2532 932 2586 omnino
975 2544 1223 2585 seorsum
1272 2544 1397 2584 cum
1454 2527 1779 2583 mulieribus

197 2624 507 2689 comedere,
541 2624 644 2679 nisi
674 2623 861 2691 utique
886 2637 1010 2677 cum
1038 2621 1238 2676 divinis
1267 2631 1321 2675 et
1350 2621 1620 2691 religiosis
1648 2621 1780 2675 viris

199 2731 264 2772 ac
293 2715 614 2771 mulieribus
640 2734 653 2770 :
682 2722 741 2769 ut
774 2716 951 2784 ipsum
980 2713 1144 2767 etiam
1178 2711 1493 2767 convivium
1525 2712 1593 2767 ad
1617 2711 1780 2782 spiri—

202 2807 364 2861 talem
394 2807 786 2862 correctionem
810 2807 1063 2861 adducat.
1089 2804 1256 2860 Porro
1279 2804 1512 2875 idipsum
1530 2806 1695 2859 etiam
1725 2806 1778 2858 in

199 2900 447 2969 cognatis
470 2900 694 2954 faciant.
722 2897 777 2954 Si
801 2910 981 2954 autem
1030 2913 1225 2954 rursus
1261 2899 1559 2969 contingat,
1579 2906 1639 2952 ut
1661 2912 1784 2969 qua:

1876 1807 2063 1876 θάρας
2091 1806 2189 1859 καὶ
2219 1806 2560 1873 ψαλτηρίου
2599 1805 2706 1858 τὸν
2737 1801 2905 1857 οἶνον
2948 1804 3251 1867 πίνοντες,
3288 1800 3358 1859 τὰ
3391 1798 3463 1851 δὲ

1866 1899 2020 1969 ,ἔργα
2059 1899 2282 1964 Κυρίου
2328 1898 2441 1949 οὐκ
2476 1895 2865 1963 ἐμϐλέπουσι,
2909 1893 3004 1947 καὶ
3051 1892 3127 1946 τὰ
3170 1892 3313 1960 ἔργα
3341 1890 3465 1943 τῶν

1877 1989 2092 2063 χειρῶν
2123 1988 2310 2043 αὐτοῦ
2344 1990 2416 2042 οὐ
2461 1987 2857 2041 κατανοοῦσι·
2888 1985 2984 2039 καὶ
3012 1986 3061 2037 εί
3093 1983 3313 2037 πώποτε
3349 1978 3463 2034 εἷεν

1876 2080 2110 2136 τοιοῦτοι
2138 2082 2197 2132 ὲν
2239 2082 2352 2142 τοῖς
2386 2079 2754 2147 Χριστιανοίς,
2796 2076 3233 2148 διορθούσθωσαν
3260 2090 3273 2102 ·
3323 2075 3374 2126 εί
3402 2072 3465 2125 δὲ

1882 2176 1956 2247 μή
1993 2193 2079 2244 γε,
2130 2173 2505 2244 κρατείτωσαν
2535 2170 2622 2224 ἐπ’
2674 2171 2859 2233 αὐτοῖς
2905 2169 2976 2222 τὰ
3019 2166 3171 2239 παρὰ
3211 2166 3321 2219 τῶν
3354 2162 3465 2235 πρὸ

1878 2267 2038 2339 ἡμῶν
2070 2265 2369 2319 κανονικῶν
2400 2258 2915 2329 ὲκδοθὲντα.οἷςζδὲ
2950 2260 2977 2312 ὀ
3010 2259 3122 2330 βίος
3147 2258 3296 2311 ἐστὶν
3324 2255 3466 2325 ἡσύ-
3522 2260 3529 2267 ”

1880 2380 1996 2434 χιος
2041 2360 2135 2414 καὶ
2168 2359 2532 2429 μονότροπος,
2572 2357 2647 2419 ὡς
2696 2353 3122 2424 συνταξαμένοις
3166 2352 3355 2423 Κυρίῳ
3384 2347 3467 2418 τῷ

1880 2455 2000 2526 Θεῷ
2028 2452 2185 2525 ἡμῶν
2214 2450 2375 2518 ζυγὸν
2405 2452 2614 2520 μονήρη
2664 2443 2818 2518 ἆραι,
2852 2445 3073 2500 καθίσαι
3108 2460 3168 2495 τε
3198 2442 3339 2495 κατὰ
3370 2438 3469 2509 μό-

1881 2564 1979 2611 νας
2031 2547 2126 2600 καὶ
2184 2542 2483 2612 σιωπῆσαι,
2531 2540 2670 2592 ἀλλὰ
2725 2538 2831 2610 μὴν
2884 2538 3128 2598 καὶτοῖς
3191 2530 3468 2603 ἱερατικὸν

1882 2636 2262 2707 ἐκλεξαμένοις
2305 2635 2443 2706 βίον,
2477 2630 2708 2695 οὐδόλως
2741 2630 2919 2695 ἔξεστι
2964 2626 3211 2681 κατιδίαν
3251 2620 3469 2691 γυναιξὶ

1885 2729 2205 2793 συνεσθίειν,
2236 2729 2284 2780 εἱ
2312 2727 2479 2798 μήπω
2514 2722 2655 2794 μετά
2693 2737 2856 2774 τινων
2886 2716 3161 2786 θεοφόὅων
3189 2713 3284 2766 καὶ
3306 2710 3469 2764 εὐλα-

1884 2824 1994 2877 ϐῶν
2020 2820 2230 2891 ἀνδρῶν
2279 2820 2314 2890 ἢ
2363 2818 2458 2872 καὶ
2489 2813 2765 2885 γυναικῶν
2789 2831 2803 2844 ο
2846 2812 2934 2865 ἵνα
2969 2808 3060 2863 καὶ
3102 2806 3240 2877 αὐτὴ
3270 2807 3303 2877 ἡ
3336 2820 3470 2857 συν-

1886 2915 2148 2984 εστίασις,
2192 2911 2330 2984 πρὸς
2408 2908 2749 2980 κατόρθωσιν
2798 2902 3177 2974 πνευματικὴν
3233 2898 3466 2968 ἁπάγῃ⁶

204 3001 334 3046 sunt
364 2990 430 3045 ad
459 3007 616 3046 usum
650 2990 960 3045 necessaria
1002 3004 1109 3044 non
1150 2987 1339 3043 aﬂ'erat
1365 2990 1669 3045 monachus
1698 2990 1774 3044 vel

1889 3008 1985 3063 καὶ
2016 3007 2108 3061 ἐπὶ
2145 3002 2425 3074 συγγενῶν
2453 3001 2508 3054 δὲ
2542 3001 2601 3053 τὸ
2631 2998 2763 3052 αὐτὸ
2813 2995 3166 3050 ποιείτωσαν.
3201 2992 3263 3045 Εἰ
3289 2991 3345 3043 δὲ
3372 2989 3470 3042 καὶ

203 3080 481 3144 sacerdos,
516 3091 570 3136 et
601 3089 822 3151 propter
850 3081 1229 3136 necessitatem
1266 3081 1393 3136 velit
1431 3081 1546 3137 sive
1589 3082 1645 3135 in
1684 3096 1784 3151 pu-

204 3170 351 3227 blico
383 3173 705 3238 diversorio,
758 3173 875 3229 sive
919 3173 974 3227 in
1027 3172 1261 3243 alicujus
1289 3172 1453 3228 domo
1497 3175 1783 3241 divertere,

204 3265 253 3318 ei
285 3264 444 3320 liceat
472 3265 576 3321 hoc
608 3264 806 3331 facere,
840 3274 1027 3336 utpote
1055 3276 1283 3335 urgente
1311 3264 1661 3322 necessitate.

276 3573 431 3628 CAP.
462 3572 604 3628 XVI.
639 3606 705 3618 -ρ-
742 3573 946 3628 Clerico
999 3590 1103 3627 non
1149 3575 1270 3627 licet
1315 3574 1567 3627 interesse
1608 3574 1788 3626 convi-

212 3667 292 3721 vio
314 3682 497 3720 eorum
536 3668 627 3735 qui
647 3665 723 3721 vel
753 3668 967 3731 iterum,
1006 3665 1085 3720 vel
1107 3664 1249 3719 haud
1282 3674 1419 3719 recte
1456 3664 1683 3719 nubunt.

493 3868 718 3924 Concilii
765 3867 1215 3924 Neocwsariensis
1259 3884 1429 3923 canon
1454 3867 1511 3925 7.

282 3986 334 4041 7.
369 3986 659 4056 Presbyter
696 3985 753 4040 in
780 3985 986 4054 nuptiis
1014 3984 1139 4053 ejus
1177 3982 1275 4053 qui
1299 3983 1438 4039 duas
1467 3996 1666 4037 uxores
1691 3982 1791 4037 du-

210 4081 307 4144 cit,
333 4094 429 4136 seu
458 4079 711 4149 digamus
738 4077 990 4140 efﬁcitur,
1019 4090 1088 4130 ne
1113 4075 1453 4130 convivetur.
1477 4074 1616 4129 Cum
1645 4074 1793 4128 enim

216 4176 460 4242 requirat
492 4173 871 4245 paenitentiam
904 4172 1175 4242 digamus,
1206 4171 1332 4240 quis
1354 4170 1459 4225 erit
1487 4169 1787 4241 presbyter,

216 4267 310 4336 qui
361 4279 428 4319 eo
460 4266 606 4335 quod
657 4265 729 4318 sit
755 4262 1005 4318 convivio
1054 4267 1313 4329 acceptus
1366 4257 1789 4332 [accipiendus],

216 4358 422 4429 nuptiis
448 4356 822 4419 assentiatur?

708 4464 966 4520 Timothei
1010 4479 1180 4517 canon
1210 4463 1296 4517 Η.

286 4598 648 4669 Interrogatio
686 4598 748 4653 11
797 4597 855 4654 Si
915 4596 1039 4667 quis
1090 4597 1351 4651 clericum
1398 4598 1696 4664 vocaverit,
1733 4608 1795 4653 ut

1887 3098 2044 3162 αὖθις
2070 3100 2129 3150 ἐν
2166 3093 2443 3164 ὁδοιπορίᾳ
2472 3090 2653 3163 συμϐῇ
2682 3091 2749 3143 τὰ
2785 3088 2883 3158 τῆς
2923 3087 3228 3154 ἀναγκαίας
3276 3082 3471 3153 χρείας

1892 3191 1968 3261 μὴ
1996 3184 2355 3257 ἐπιφέρεσθαι
2393 3184 2626 3254 μοναχὸν
2726 3181 2821 3234 καὶ
2842 3178 3116 3250 ἱερατικὸν
3143 3174 3330 3244 ἄνδρα,
3376 3174 3475 3226 καὶ

1887 3280 1975 3335 διὰ
2003 3278 2064 3331 τὸ
2087 3278 2383 3345 ἀναγκαῖον
2410 3273 2730 3337 καταλῦσαι,
2762 3270 3010 3341 βούλεται
3038 3268 3149 3321 εἴτε
3185 3268 3242 3318 ὲν
3276 3264 3474 3317 πανδο-

1890 3370 2021 3441 χείῳ
2049 3368 2083 3439 ἦ
2117 3367 2212 3421 καὶ
2240 3368 2297 3419 ὲν
2325 3366 2459 3434 οἴκῳ
2506 3361 2652 3423 τινὸς
2689 3360 2873 3414 ἄδειαν
2926 3358 3072 3429 ἔχειν
3118 3356 3282 3410 αὐτὸν
3316 3353 3477 3407 τοῦτο

1891 3463 2087 3523 ποιεῖν,
2114 3459 2189 3522 ὡς
2215 3459 2313 3527 τῆς
2338 3455 2528 3527 χρείας
2557 3449 3012 3520 κατεπειγούσης.

1963 3599 2215 3655 ΚΕΦΑΛ.
2253 3597 2365 3664 Ιςο.
2386 3626 2453 3637 ——
2470 3592 2609 3661 Περὶ
2632 3590 2740 3645 τοῦ
2773 3589 2859 3660 μὴ
2895 3589 3161 3658 ὀφείλειν
3182 3584 3476 3654 κληρικὸν

1893 3688 2332 3747 συνεστιᾶσθαι
2367 3682 2444 3749 τῷ
2473 3679 3005 3751 δευτερογαμοῦντι
3038 3676 3077 3745 ἢ
3116 3677 3476 3744 παρανόμως

1892 3782 2202 3853 γαμοῦντι.

2137 3888 2407 3945 Συνόδου
2434 3882 2901 3952 Νεοκαισαρείας
2937 3878 3140 3935 κανὼν
3165 3878 3228 3944 ζ’.

1967 4011 2031 4075 ζ’.
2068 4005 2448 4080 Πρεσϐύτερον
2479 4003 2560 4065 είς
2584 4001 2761 4070 γάμον
2799 3996 3157 4068 διγαμοῦντος
3193 3994 3267 4065 μὴ
3298 3993 3481 4046 ἑστιᾶ-

1899 4106 2053 4157 σθαιο
2100 4100 2225 4154 ἐπεὶ
2274 4095 2566 4170 μετάνοιαν
2616 4091 2897 4154 αἰτοῦντος
2947 4089 3041 4143 τοῦ
3102 4087 3355 4157 διγάμου,
3394 4084 3481 4146 τίς

1896 4196 2049 4250 ἔσται
2079 4195 2109 4246 ὀ
2156 4190 2524 4264 πρεσϐύτερος
2553 4189 2581 4241 ὁ
2621 4185 2711 4240 διὰ
2740 4185 2842 4257 τῆς
2892 4182 3185 4243 ἑστιάσεως
3236 4181 3345 4242 τοῖς
3371 4176 3476 4247 γάο

1903 4303 2026 4358 μοις
2060 4278 2590 4351 συγκατατιθέμενος
2610 4294 2625 4341 ς

2375 4469 2652 4543 Τιμοθέου
2678 4469 2880 4522 κανὼν
2914 4464 3005 4519 ια’.

1986 4614 2330 4682 Ἐρώτησις.
2364 4614 2456 4661 ια’.
2500 4604 2627 4658 Ἐάν
2669 4620 2757 4667 τις
2786 4601 2992 4673 καλέσῃ
3022 4599 3284 4670 κληρικὸν
3314 4600 3393 4662 εἰς
3423 4598 3489 4651 τὸ

218 4691 567 4748 matrimonio
599 4690 919 4760 conjungat,
964 4689 1150 4743 audiat
1178 4695 1358 4744 autem
1394 4704 1516 4745 esse
1554 4690 1774 4745 illicitun

1900 4707 2087 4773 ζεῦξαι
2127 4705 2327 4774 γάμον,
2357 4698 2564 4770 ἀκούσῃ
2611 4696 2668 4750 δὲ
2715 4697 2806 4749 τὸν
2847 4697 3024 4765 γάμον
3080 4693 3419 4763 παράνομον,
3451 4691 3488 4761 ἢ

222 4782 669 4848 matrimonium,
722 4789 910 4851 utpote
956 4781 1040 4836 vel
1090 4780 1273 4834 amita:
1323 4781 1662 4851 coniugium,
1715 4796 1774 4834 ve

1900 4800 2245 4868 θειογαμῑαν,
2278 4794 2311 4865 ἢ
2346 4791 2477 4860 γοῦν
2509 4788 2745 4859 ἀδελφὴν
2787 4785 3193 4857 τελευτησάσης
3228 4782 3491 4852 γυναικὸς

220 4873 494 4930 defunctae
519 4874 709 4928 uxoris
737 4888 859 4929 esse
884 4886 1129 4928 sororem
1163 4888 1303 4937 eam,
1332 4888 1453 4943 quae
1483 4882 1570 4927 est
1603 4873 1795 4927 matri-

223 4966 408 5021 monio
447 4964 861 5036 coniungenda,
911 4964 1140 5019 debetne
1187 4965 1363 5035 sequi,
1401 4965 1668 5030 clericus,
1712 4965 1796 5019 vel

221 5059 401 5112 facere
429 5057 761 5112 oblationem
786 5055 809 5107 ?

297 5170 603 5241 Responsio.
651 5170 772 5227 Uno
819 5171 985 5227 verbo
1040 5173 1154 5226 dixi
1199 5190 1213 5226 :
1259 5172 1317 5227 Si
1377 5171 1645 5227 audiverit
1689 5172 1798 5227 cle-

224 5264 372 5321 ricus
435 5265 685 5319 illicitum
747 5265 1187 5329 matrimonium,
1243 5281 1353 5320 non
1400 5267 1562 5320 debet
1603 5265 1800 5322 alienis

225 5360 462 5427 peccatis
484 5358 912 5423 communicare,
936 5369 997 5412 ut
1019 5359 1151 5413 dicit
1186 5359 1504 5428 Apostolus.

304 5642 325 5672 ⁶
354 5640 541 5697 Matth.
574 5660 625 5709 v,
657 5643 747 5698 9.8.
826 5645 844 5673 ³
877 5644 893 5697 l
922 5644 1048 5697 Cur.
1080 5659 1154 5707 vi,
1190 5643 1233 5707 ί,
1268 5644 1321 5697 2.

1401 5645 1418 5675 ³
1450 5644 1639 5699 Amos.
1679 5643 1839 5698 v1.5.

1896 4893 1996 4961 τὴν
2032 4890 2330 4960 μέλλουσαν
2360 4883 2711 4957 ζεύγνυσθαι,
2764 4883 2816 4934 εί
2870 4880 3076 4949 ὀφείλει
3125 4876 3490 4947 ἀκολουθῆσαι

1892 4983 1921 5034 ὀ
1950 4980 2207 5052 κληρικὸς
2238 4979 2272 5049 ἢ
2325 4974 2643 5049 προσφορὰν
2670 4972 2918 5041 ποιῆσαις

1995 5176 2347 5244 Ἀπόκρισις.
2380 5170 2559 5235 Ἀπαξ
2587 5165 2766 5222 εἷπον·
2798 5168 2925 5221 Ἐὰν
2942 5167 3150 5239 ἀκούσῃ
3179 5166 3207 5218 ὀ
3230 5163 3493 5235 κληρικὸς

1909 5271 2000 5324 τὸν
2038 5270 2212 5339 γάμον
2259 5266 2591 5335 παράνομον,
2642 5264 2741 5316 οὐκ
2774 5261 2979 5331 ὀφείλει
3027 5260 3303 5313 κοινωνεῖν
3332 5256 3495 5311 ἀλλο-

1910 5364 2087 5432 τρίαις
2119 5358 2435 5430 ἁμαρτίαις,
2476 5354 2657 5417 καθώς
2681 5370 2843 5423 φησιν
2878 5354 2905 5403 ὀ
2945 5349 3289 5412 ’Λπόστολος.
