3912 6244
298 241 402 304 693

1007 245 1408 307 SYNTAGMA
1434 244 1823 305 CANONUM.
1862 269 1927 279 --
1966 244 2116 302 TIT.
2146 243 2311 316 VIII,
2348 244 2508 303 CAP.
2546 238 2878 302 XVI-XIX.

3460 221 3569 291 69,4

373 357 625 410 ΚΕΦΑΛ.
656 358 757 410 1Ζ¹⁶
778 388 848 399 --
872 358 1013 426 Περὶ
1042 359 1149 412 τοῦ
1173 358 1370 429 μηδὲν
1392 360 1536 426 τοὺς
1570 358 1893 428 κληρικοὺς

2069 356 2231 426 225
2264 356 2416 411 CAP.
2448 354 2611 408 XVII.
2642 383 2711 395 --
2740 350 2822 406 Ne
2866 349 3047 404 clerici
3089 345 3377 417 quidquam
3408 354 3571 414 agant

300 445 497 500 ποιεῖν
529 444 680 499 ἄνευ
711 446 829 499 τῶν
849 447 1199 501 ἐπισκόπων
1232 450 1454 505 αὐτῶν.

290 531 300 537 ’
728 539 1112 593 ’.ἀποστόλων
1148 542 1350 597 κανὼν
1375 543 1453 596 λθ¹

371 630 472 688 λ6’.
511 635 575 687 Ol
610 631 978 703 πρεσϐύτεροι
1009 631 1119 685 καὶ.
1140 632 1396 697 διάκονοι,
1424 653 1481 691 κ.
1512 654 1564 691 τ.
1597 636 1647 693 λ.

377 726 501 778 Ὅτι
532 726 594 777 οὐ
628 725 710 776 δεῖ
733 725 792 776 ὲν
822 726 942 786 ταῖς
967 726 1207 794 κώμαις,
1247 744 1300 780 κ.
1331 744 1381 781 τ.
1419 727 1469 780 λ.

304 811 579 885 Σινῖόδου
606 809 1089 885 Χαλκηδόνος-ἐκ
1126 813 1237 885 τῆς
1274 815 1557 885 τετάρτης
1593 818 1885 885 πράξεως,

380 879 530 957 ἔνθα
582 881 895 957 ᾳκοπεῖται
944 882 1011 957 to
1042 879 1701 957 _xegd.1ator'td;xard

374 951 753 1015 ἐπισκόπους
784 950 925 1017 τοὺς
956 950 1393 1020 ἀπἈὶγύπτου,
1427 963 1497 1011 α’.

377 1043 444 1095 Ol
483 1041 1062 1117 μεγαλοπρεπέστατα
1100 1046 1196 1099 καὶ
1230 1047 1569 1113 ἐνδοξόταται
1606 1049 1886 1122 ἄρχοντες,

308 1133 403 1185 καὶ
425 1135 458 1202 ἡ
487 1134 776 1206 ὑπερφυὴς
807 1134 1110 1205 σύγκλητος
1142 1133 1298 1190 εῐπεν
1336 1156 1352 1171 ο

374 1230 448 1279 α’.
499 1223 723 1296 Ἐπειδὴ
752 1226 799 1278 οἱ
838 1224 1222 1280 εὐλαϐέστατοι
1252 1229 1540 1284 ἐπίσκοποι
1582 1232 1692 1285 τῶν
1722 1234 1889 1300 Αιγυ-

306 1313 503 1376 πτέων,
553 1314 652 1383 οὐχ
680 1313 757 1377 ὡς
785 1312 1085 1383 μαχόμενοι
1108 1318 1174 1384 τῇ
1208 1316 1470 1389 καθολικῇ
1517 1319 1720 1385 πίστει,
1759 1323 1891 1374 ὑπο-

306 1406 522 1475 γράψαι
551 1408 617 1475 τῇ
665 1406 924 1476 ἐπιστολῇ
971 1405 1064 1458 τοῦ
1115 1407 1412 1461 ὁσιωτάτου
1455 1412 1888 1481 ὰρχιεπισκόπου

306 1495 558 1560 Λέοντος,
587 1496 681 1547 ἐπὶ
705 1494 797 1548 τοῦ
821 1496 1084 1567 παρόντος
1116 1496 1459 1566 ἀνεϐάλοντο,
1483 1501 1620 1554 ἀλλὰ
1651 1505 1888 1572 φάσκον-

304 1605 395 1649 τες
432 1587 555 1651 έοος
601 1585 740 1641 εἶναι
774 1590 833 1641 ἐν
879 1591 944 1658 τῇ
1001 1590 1351 1664 Αἰγυπτιακῇ
1404 1592 1688 1663 διοικήσει,
1740 1596 1892 1666 παρὰ

1988 445 2102 499 sine
2140 445 2251 497 suis
2281 444 2562 512 episcopis.

2428 533 2803 603 Apostolorum
2831 545 2998 583 canon
3036 526 3127 582 59.

2056 628 2146 684 '59.
2175 626 2480 698 Presbyteri
2516 636 2570 681 et
2598 623 2837 686 diaconi,
2869 630 2998 686 etc.,
3026 631 3080 673 ut
3103 634 3225 689 pag.
3262 614 3394 670 682.

2055 721 2208 786 Quod
2235 736 2339 774 non
2365 717 2653 787 oportetin
2689 716 2842 779 vicis,
2868 723 2999 779 etc.,
3021 721 3075 764 ut
3110 726 3233 780 pag.
3274 706 3394 762 507.

1990 811 2215 868 Concilii
2252 808 2698 867 Chalcedonensis
2742 822 2805 859 ea:
2834 805 3039 857 actione
3065 808 3261 868 quarta
3300 815 3367 854 ex
3396 798 3573 867 capite

2146 880 2153 887 “
2408 880 2472 933 de
2505 878 2759 948 episcopis
2794 873 3041 944 .rEgypti,

2061 1037 2585 1110 Magniﬁcentissimi
2616 1045 2672 1091 et
2706 1030 3088 1106 εἰοτὶοείεεὶιηί
3114 1027 3331 1100 iudices
3358 1035 3415 1082 et
3442 1041 3562 1080 am—

1989 1132 2269 1201 plissimus
2289 1140 2514 1187 senatus
2530 1131 2787 1185 dixerunt
2814 1146 2827 1181 :

2060 1222 2102 1276 l.
2124 1222 2393 1287 Quoniam
2425 1217 2867 1276 reverendissimi
2905 1216 3146 1286 episcopi
3168 1213 3570 1286 Egyptiorum,

1990 1330 2099 1368 non
2156 1324 2217 1367 ut
2258 1320 2623 1382 repugnantes
2657 1309 2940 1364 catholicae
2971 1306 3116 1373 ﬁdei,
3148 1304 3490 1361 subscribere
3517 1300 3571 1354 in

1991 1405 2239 1475 praesenti
2270 1402 2868 1473 distuleruntepistolat
2921 1398 3253 1455 sanctissimi
3298 1393 3572 1461 archiepi-

1991 1498 2145 1567 scopi
2182 1497 2400 1562 Leonis,
2441 1496 2534 1552 sed
2586 1496 2828 1549 dicentes
2873 1491 3326 1548 consuetudinem
3363 1500 3485 1542 esse
3519 1485 3573 1537 in

1992 1587 2311 1659 Egyptiaca
2354 1588 2598 1658 regione,
2623 1593 2773 1641 extra
2824 1578 3147 1639 sententiain
3194 1578 3573 1650 etjussionem

305 1679 538 1749 γνώμην
585 1681 680 1733 καὶ
716 1680 1050 1734 διατύπωσιν
1098 1682 1191 1735 τοῦ
1241 1685 1676 1755 ὰρχιεπισκόπου
1726 1690 1891 1758 μηδὲν

2031 1680 2385 1750 rchiepiscopi
2421 1679 2553 1733 nihil
2594 1676 2700 1731 tale
2740 1690 2798 1731 se
2831 1690 2992 1745 posse
3023 1672 3158 1744 (66);
3201 1678 3434 1740 possunt
3475 1682 3577 1758 auf

307 1772 553 1825 τοιοῦτον
576 1775 774 1839 ποιεῖν,
823 1775 919 1827 καὶ
954 1775 1196 1839 ἀξιοῦσιν
1226 1777 1507 1845 ἐνδοθῆνιι
1553 1780 1736 1845 αὐτοῖς
1763 1782 1890 1851 ἄχρι

306 1864 408 1932 τῆς
436 1864 778 1935 χειροτονίας
801 1865 895 1917 τοῦ
925 1866 1185 1935 ἐσομένου
1214 1867 1323 1935 ,τῆς
1355 1868 1747 1939 Ἀλεξανδρέων
1794 1888 1892 1943 με·

304 1956 657 2023 γαλοπόλεως
701 1958 1023 2023 ἐπισκόπου,
1057 1958 1280 2027 εὖλογον
1317 1961 1451 2031 ἡμῖν
1473 1962 1644 2031 ἐφάνη
1675 1962 1769 2016 καὶ
1803 1981 1891 2032 cpt-

307 2045 651 2117 λάνθρωπον,
683 2046 823 2099 ὥστε
869 2046 1053 2108 αὐτοῖς
1107 2050 1358 2118 μένουσιν
1414 2051 1509 2103 ἐπὶ
1558 2050 1654 2104 τοῦ
1705 2053 1894 2122 ὁμοίου

310 2139 598 2208 σχήματος
637 2142 695 2193 ἐν
724 2141 789 2211 τῇ
834 2139 1192 2212 βασιλευούσῃ
1244 2140 1416 2207 πόλει,
1466 2141 1671 2196 ἔνδοσιν
1720 2161 1897 2214 παρα-

312 2230 573 2297 σχεθῆναι
618 2231 778 2300 ἄχρις
820 2231 886 2284 ἂν
917 2230 1281 2300 ’χειροτονηθῇ
1320 2230 1768 2302 ζὰρχιεπίσκοπος
1796 2239 1896 2307 τῆς

323 2323 725 2392 Ἀλεξανδρέων
756 2324 1193 2393 μεγαλοπόλεως.

388 2416 642 2470 ΚΕΦΑΛ.
674 2414 784 2472 1Η’.
818 2447 889 2456 -
920 2417 1057 2483 Περὶ
1085 2416 1195 2471 τοῦ
1233 2416 1320 2487 μὴ
1349 2419 1543 2473 ποιεῖν
1573 2421 1898 2488 κληρικοὺς

312 2507 381 2561 ἐκ
412 2507 728 2577 συμϐολῆς
756 2510 1091 2577 συμπόσια.

601 2596 869 2650 Συνόδου
906 2596 1257 2665 Λαοδικείας
1295 2598 1499 2655 κανὼν
1523 2606 1619 2656 νε⁹.

387 2695 482 2742 ve’.
517 2687 644 2740 Ὅτι
689 2689 749 2741 οὐ
775 2690 858 2741 δεῖ
905 2691 1215 2759 ίερατικοὺς
1259 2693 1293 2764 ἢ
1330 2684 1624 2764 κληρικοὺς
1668 2696 1733 2747 ἐκ
1766 2711 1903 2765 συμ-

316 2778 482 2848 ϐολῆς
512 2781 795 2849 συμπόσια
822 2781 1110 2849 ἐπιτελεῖν,
1142 2783 1258 2838 ἀλλ’
1293 2786 1416 2839 οὐδὲ
1438 2786 1625 2839 λαῖκού
1640 2804 1687 2848 ς.

390 2872 646 2924 ΚΕΦΔΛ.
672 2870 774 2925 ΙΘν.
804 2901 876 2911 -
895 2873 1037 2941 Περὶ
1067 2872 1180 2942 τῆς
1203 2876 1273 2927 ἐκ
1302 2878 1525 2944 χρόνον
1550 2875 1773 2944 τάξεως
1787 2875 1908 2931 τῶν

318 2962 690 3025 ἐπισκόπων,
726 2963 824 3017 καί
866 2963 994 3029 πῶς
1020 2967 1075 3017 οὶ
1110 2967 1387 3034 κληρικοὶ
1420 2966 1763 3029 καθέζονται
1807 2968 1908 3023 καὶ

320 3054 574 3127 τιμῶσιν
605 3056 942 3123 ἀλλήλους.

661 3150 934 3204 Συνόδου
962 3150 1213 3216 Νικαίας
1244 3151 1448 3204 κανὼν
1477 3158 1567 3223 ιη’.

394 3247 486 3310 ιη’.
515 3235 726 3294 Ἦλθεν
755 3242 836 3305 είς
856 3243 954 3312 τὴν
983 3242 1144 3310 ἁγίαν
1169 3243 1263 3296 καὶ
1288 3243 1531 3314 μεγάλην
1564 3242 1802 3307 σύνοδον,
1829 3243 1911 3297 δτι

325 3334 383 3384 ἐν
419 3349 533 3387 τισι
586 3333 774 3397 τόποις
816 3334 911 3387 καὶ
958 3334 1147 3387 πόλεσι
1196 3337 1308 3397 τοῖς
1364 3335 1777 3407 πρεσϐυτέροις,
1813 3335 1911 3406 τὴν

326 3423 681 3495 εὐχαριστίαν
706 3427 754 3477 ol
793 3424 1030 3478 διάκονοι
1059 3423 1315 3490 διδόασιν,
1346 3441 1401 3477 κ.
1434 3443 1485 3480 τ.
1521 3423 1573 3478 λ.

560 3514 836 3568 Συνόδου
863 3513 1215 3580 Λαοδικείας
1248 3512 1450 3567 κανὼν
1482 3520 1552 3579 κ’,
1586 3514 1694 3579 νς’.

398 3606 467 3658 κ’.
497 3605 625 3658 Ὅτι
669 3604 731 3657 οὐ
774 3605 855 3658 δεῖ
887 3605 1136 3659 διάκονον
1175 3603 1487 3674 ἔμπροσθεν
1538 3606 1914 3677 πρεσϐυτέρου

331 3696 677 3764 καθέζεσθαι,
716 3696 853 3749 ἀλλὰ
894 3696 1033 3766 μετὰ
1063 3694 1367 3759 κελεύσεως
1401 3696 1498 3750 τοῦ
1540 3696 1915 3768 πρεσϐυτέρου

332 3789 686 3852 καθέζεσθαι·
725 3788 928 3857 ὁμοίως
973 3787 1030 3840 δὲ
1059 3787 1203 3857 ἔχειν
1240 3786 1404 3857 τιμὴν
1450 3787 1544 3841 καὶ
1575 3790 1702 3850 τοὺς
1731 3787 1915 3840 διακό-

336 3898 473 3944 νους,
511 3880 619 3932 ὑπὸ
643 3879 753 3933 τῶν
780 3878 1068 3949 ὑπηρετῶν
1101 3879 1196 3932 καὶ
1230 3879 1447 3933 πάντων
1474 3879 1587 3932 τῶν
1612 3879 1914 3951 κληρικῶν.

401 3980 510 4038 νς¹.
539 3974 665 4026 Ὅτι
703 3973 764 4025 ού
816 3972 898 4025 δεῖ
945 3972 1374 4043 πρεσϐυτέρους,
1421 3971 1528 4042 πρὸ
1577 3973 1677 4039 τῆς
1710 3972 1916 4025 εἰσόδου

337 4065 427 4117 τοῦ
449 4064 749 4118 ἐπισκόπου
767 4062 995 4117 εἰσιέναι
1026 4064 1121 4118 καὶ
1151 4063 1484 4125 καθέζεσθαι
1507 4065 1565 4116 ἐν
1593 4063 1669 4127 τῷ
1690 4062 1917 4134 βήματι,

339 4155 468 4208 ἀλλὰ
498 4156 636 4226 μετὰ
675 4154 771 4208 τοῦ
802 4157 1106 4209 ἐπισκόπου
1139 4155 1391 4219 εἰσιέναι,
1420 4154 1561 4226 πλὴν
1588 4156 1636 4207 εί
1671 4155 1746 4225 μὴ
1776 4157 1919 4209 ἀνωο

345 4247 537 4317 μαλοὶη
564 4246 599 4317 ἦ
631 4247 908 4316 ἀποδημεῖ
940 4247 969 4299 ὁ
996 4247 1319 4309 ἐπίσκοπος.

511 4427 783 4483 Συνόδου
805 4426 1224 4497 Καρθαγέννης
1253 4425 1454 4479 κανὼν
1480 4424 1602 4491 πς·’,
1631 4423 1742 4477 πθ’.

412 4522 545 4589 Περὶ
581 4520 810 4585 τάξεως
838 4520 1207 4583 ἐπισκόπων,
1238 4517 1395 4571 ὥστε
1437 4518 1581 4582 τοὺς
1605 4533 1922 4588 μεταγενε-

346 4615 560 4681 στέρως
580 4614 1113 4683 χειροτονηθέντας
1128 4613 1215 4682 μὴ
1246 4610 1478 4680 τολμᾷν
1498 4611 1751 4676 ἑαυτοὺς
1780 4626 1923 4679 προ·

348 4705 515 4773 τιμᾷν
533 4705 655 4760 τῶν
688 4706 1011 4774 προτέρων.

414 4805 529 4863 σις’.
562 4800 880 4863 Βαλεντῖνος
924 4798 1225 4862 ἐπίσκοπος
1266 4795 1443 4851 εἶπεν·
1478 4798 1552 4849 Τὸ
1586 4796 1792 4865 ἀγαθὸν
1823 4796 1920 4866 τῆς

351 4889 612 4961 ὑμετέρας
637 4890 994 4955 ἀνεξικακίας
1029 4889 1124 4943 ἐὰν
1150 4890 1443 4963 ἐπιτρέπῃ,
1465 4889 1773 4953 ἀκολούθως
1802 4889 1920 4957 ἐξη-

352 4983 576 5051 γήσομαι
605 4983 676 5035 τὰ
707 4983 764 5035 ἐν
789 4981 869 5051 τῷ
899 4980 1227 5049 προλαϐόντι
1260 4980 1439 5051 χρόνῳ
1469 4982 1547 5044 εἰς
1566 4979 1666 5051 τὴν
1698 4980 1918 5049 Καρχη-

421 5142 440 5173 ⁶
468 5145 635 5201 Cone.
663 5140 835 5195 Airic.
863 5139 953 5195 55.

423 5304 527 5374 (66)
556 5303 681 5359 Haec
708 5304 909 5357 desunt
958 5302 1014 5356 in
1068 5300 1352 5374 codicibus
1392 5298 1607 5374 Divion.
1637 5306 1693 5352 et
1721 5295 1928 5353 Cerbe-

358 5371 860 5428 icu'si.Parisiensis
890 5374 1111 5426 mutilus
1142 5381 1227 5426 est
1258 5372 1311 5423 in
1338 5372 1440 5423 hoc
1470 5371 1608 5423 loco.

425 5445 533 5513 (67)
592 5446 809 5499 Divion.
861 5455 914 5498 et
959 5442 1199 5513 Parisar
1234 5440 1435 5513 (Aptnm
1494 5438 1652 5493 nobis
1699 5446 1754 5491 et
1795 5453 1928 5492 con-

359 5512 539 5584 gruunt
572 5517 827 5585 apparuit
858 5514 912 5567 in
940 5512 1368 5585 eodenrhabitu.
1412 5530 1429 5559 ι

429 5586 537 5653 (68)
573 5577 889 5641 Εὶίγιιιιιάυε
933 5599 1053 5652 cap.
1091 5582 1179 5634 78.
1212 5598 1275 5633 ex
1310 5596 1467 5653 conc.
1494 5577 1715 5653 Milevit.
1759 5577 1961 5653 “1.25,

361 5650 476 5710 uani
516 5650 894 5725 praefationem
928 5650 1330 5725 suprapositant
1362 5652 1523 5707 habet
1552 5652 1599 5705 is
1633 5665 1731 5719 pro
1773 5650 1857 5703 tit.
1886 5663 1926 5702 ι.

1999 1783 2108 1828 tem
2135 1773 2392 1827 sustineri
2446 1786 2529 1835 se,
2554 1770 2734 1825 donec
2761 1773 3110 1821 consecretur
3134 1763 3444 1833 episcopus,
3481 1757 3577 1828 qui

1999 1864 2336 1919 ordinandus
2378 1870 2461 1916 est
2486 1875 2696 1931 magna:
2742 1858 2979 1913 civitatis
3032 1853 3375 1911 Alexandriae
3423 1868 3439 1905 :
3487 1864 3580 1903 ra-

2001 1954 2260 2009 tionabile
2289 1952 2449 2006 nobis
2477 1958 2531 2004 et
2568 1951 2809 2004 clemens
2834 1961 2955 2001 esse
2986 1943 3236 2015 apparuit
3254 1941 3391 2012 (67),
3435 1947 3494 1993 ut
3522 1939 3578 1992 in

2000 2048 2187 2101 eodem
2212 2045 2399 2099 habitu
2426 2050 2741 2111 exspectent
2786 2042 2838 2093 in
2861 2038 3008 2107 regia
3055 2036 3295 2099 civitate,
3342 2042 3398 2087 et
3438 2030 3578 2085 dila-

2002 2140 2203 2193 tionem
2228 2136 2461 2190 habeant
2483 2133 2717 2205 [Diviom
2741 2139 2790 2185 et
2823 2129 3006 2182 Paris.
3058 2123 3281 2197 habere]
3313 2137 3487 2192 usque
3512 2120 3581 2175 ad

2003 2229 2398 2285 ordinationem
2464 2226 2662 2300 [Paris.
2726 2220 2989 2293 ordinem]
3038 2215 3431 2289 archiepiscopi
3465 2228 3583 2269 rna-

2004 2337 2123 2392 gnat
2162 2320 2401 2374 civitatis
2425 2317 2786 2372 Alexandria.

2074 2414 2239 2483 226
2285 2411 2437 2465 CAP.
2485 2408 2672 2463 XVIII.
2714 2438 2785 2449 —--
2844 2404 2925 2460 Ne
2958 2403 3140 2458 clerici
3179 2402 3311 2455 data
3345 2397 3584 2471 symbolo

2006 2505 2416 2573 compotationes
2449 2502 2672 2570 faciant.

2363 2593 2587 2648 Concilii
2618 2592 2905 2647 Laodiceni
2942 2607 3111 2646 canon
3140 2590 3230 2644 55.

2076 2688 2171 2744 '55.
2203 2686 2359 2753 Quod
2391 2701 2495 2740 non
2526 2695 2741 2755 oportet
2773 2695 3019 2739 sacratos
3051 2691 3107 2737 et
3132 2679 3363 2735 clericos
3384 2692 3449 2733 ea
3472 2677 3585 2732 col-

2008 2778 2212 2834 latione
2240 2776 2493 2833 convivia
2523 2790 2804 2846 peragere,
2832 2776 2926 2831 sed
2952 2788 3127 2844 neque
3145 2773 3338 2826 laicos.

2080 2872 2232 2928 CAP.
2266 2868 2410 2925 XIX.
2445 2899 2514 2913 —-
2544 2869 2619 2923 De
2646 2870 3009 2937 episcoporum
3041 2870 3176 2921 inter
3216 2881 3269 2918 se
3308 2862 3491 2916 ordine
3519 2861 3588 2914 ad

2013 2964 2222 3018 decursi
2246 2963 2495 3031 temporis
2526 2962 2786 3014 rationem
2820 2962 3096 3031 exigendo,
3137 2966 3185 3013 et
3205 2956 3462 3029 quomodo
3483 2954 3589 3008 cle-

1933 3058 1976 3118 C
2009 3057 2111 3110 rici
2132 3056 2347 3111 sedeant
2380 3070 2534 3124 seque
2561 3054 2783 3107 invicem
2812 3053 3093 3107 honorent.

2396 3147 2626 3202 Cancilii
2664 3145 2877 3201 Nicwni
2907 3161 3077 3199 canon
3112 3145 3197 3198 18.

2081 3240 2169 3295 18.
2196 3240 2453 3295 Pervenit
2480 3240 2545 3294 ad
2578 3248 2824 3295 sanetam
2858 3237 3150 3309 synodum,
3180 3232 3327 3305 quod
3357 3234 3412 3286 in
3450 3244 3590 3284 non-

2013 3333 2178 3387 nullis
2210 3333 2345 3386 locis
2378 3341 2431 3386 et
2461 3331 2781 3385 civitatibus
2820 3329 3037 3383 diaconi
3079 3328 3212 3382 dant
3258 3321 3593 3395 presbyteris

2011 3422 2428 3487 Eucharistiam,
2470 3433 2597 3488 etc.,
2629 3432 2685 3475 ut
2718 3438 2842 3492 pag.
2876 3421 3000 3476 595.

2294 3514 2520 3568 Concilii
2544 3514 2831 3567 Laodiceni
2854 3529 3076 3567 canones
3098 3510 3191 3576 20,
3217 3510 3307 3566 56.

2086 3606 2247 3674 Quod
2298 3623 2407 3662 non
2440 3616 2655 3676 oportet
2685 3605 2978 3660 diaconum
3037 3614 3163 3659 ante
3218 3604 3595 3674 presbyterum

2016 3699 2228 3762 sedere,
2261 3698 2356 3754 sed
2388 3700 2578 3754 sedere
2611 3715 2735 3755 cum
2763 3701 2924 3769 jussu
2962 3695 3288 3767 presbyteri.
3334 3692 3598 3749 Similiter

2018 3801 2199 3845 autem
2229 3790 2395 3846 etiam
2429 3791 2614 3845 haberi
2657 3792 2922 3867 honorem
2956 3788 3205 3844 diaconis
3244 3802 3276 3841 ι
3331 3783 3597 3839 ministris

2017 3889 2073 3936 et
2111 3882 2367 3936 omnibus
2406 3882 2624 3937 clericis
2654 3888 2886 3951 oportet.

2090 3971 2179 4026 56.
2216 3970 2369 4038 Quod
2410 3987 2516 4027 non
2556 3978 2773 4041 oportet
2812 3969 3158 4039 presbyteros
3202 3974 3328 4019 ante
3358 3964 3600 4035 episcopi

2023 4061 2308 4116 introitum
2339 4076 2556 4116 sacrum
2587 4059 2824 4115 tribunal
2858 4058 3089 4129 ingredi,
3121 4065 3173 4110 et
3202 4055 3391 4109 sedere
3422 4055 3473 4107 in
3506 4054 3603 4106 tri.

2020 4154 2209 4209 bunali
2244 4171 2257 4207 :
2290 4152 2383 4207 sed
2422 4167 2545 4207 cum
2582 4151 2837 4221 episcopo
2883 4147 3117 4217 ingredi,
3160 4152 3523 4214 praeterquam
3559 4142 3602 4195 si

2021 4245 2313 4314 episcOpus
2360 4242 2431 4297 sit
2481 4240 2622 4295 mala
2679 4240 3024 4303 valetudine,
3079 4236 3164 4291 vel
3212 4232 3486 4305 profectus
3535 4233 3606 4285 sit

2028 4348 2269 4404 peregre.

1948 4396 2002 4456 D
2028 4396 2044 4404 ’
2159 4396 2185 4404 Ἰ
2210 4423 2435 4478 Consilii
2461 4420 2895 4491 Carthagirtensis
2920 4433 3149 4472 canones
3180 4415 3268 4481 86,
3295 4414 3391 4469 89.

2098 4516 2174 4570 De
2200 4518 2563 4586 episcoporum
2589 4513 2727 4568 dixit
2757 4513 3031 4577 ordine,ut
3055 4511 3147 4580 qui
3174 4507 3437 4578 posterius
3462 4504 3610 4560 ordi-

2031 4609 2146 4662 nati
2177 4616 2324 4673 sunt,
2353 4605 2620 4675 prioribus
2649 4619 2705 4659 se
2734 4620 2837 4657 non
2876 4601 3109 4655 audeant
3134 4598 3422 4667 anteferre.

2101 4790 2189 4844 86.
2222 4788 2536 4842 Valentinus
2557 4788 2846 4856 episcopus
2878 4784 3015 4838 dixit
3040 4783 3060 4813 ⁵
3080 4782 3191 4853 (68)
3225 4800 3238 4837 :
3268 4780 3323 4835 Si
3346 4777 3611 4848 permitti-

2026 4888 2118 4935 tur
2158 4882 2358 4933 bonum
2397 4878 2669 4950 patientiae
2690 4888 2899 4941 vestrae,
2919 4877 3080 4946 227
3095 4888 3396 4945 prosequor
3407 4884 3472 4924 ea
3489 4883 3610 4935 qua:

2028 4974 2313 5046 praeterito;
2349 4984 2592 5043 tempore
2627 4974 2682 5027 in
2715 4972 2957 5026 Ecclesia
2989 4961 3410 5035 Carthagincnsi
3457 4969 3607 5030 gesta

2026 5294 2164 5349 Cum
2186 5300 2366 5345 autem
2387 5299 2441 5344 et
2461 5288 2676 5343 titulum
2704 5286 2739 5340 4
2765 5282 2993 5339 inferius
3016 5278 3268 5350 appellet,
3294 5277 3385 5347 qui
3417 5285 3498 5330 est
3519 5289 3609 5351 ca-
3692 5348 3695 5351 Α

2032 5344 2508 5431 ἧοι-ι-Ῠ89Ϋ,ίίιιη)αι“οι
2539 5374 2662 5413 eum
2682 5355 2934 5431 Δ(ιυιιοίἰὶο
2957 5344 3496 5431 Μίιὸξνὶιαιιορξοοιο.
3512 5344 3611 5431 tri-

2032 5416 2219 5489 buisse
2235 5416 2333 5487 hos.
2351 5416 2585 5484 canones
2602 5428 2845 5497 quinque
2860 5437 3031 5497 usque
3044 5422 3107 5475 ad
3136 5416 3607 5497 concil._tlzti:tiiag.

2031 5488 2173 5574 (ιιιοᾶ
2230 5502 2516 5574 sequitur._
2556 5488 2831 5551 Laudatur
2882 5488 2968 5548 hic
3006 5508 3181 5548 canon
3241 5507 3272 5546 ιι
3327 5488 3611 5546 Bonifacie

2033 5570 2291 5644 Carthag.
2312 5570 2444 5627 loco
2473 5570 2565 5625 cit.
