3912 6244
344 306 455 371 695

1560 319 1819 381 PHOTII
1859 325 2363 395 PATRIARCH/E
2401 339 2491 397 CP

3506 342 3615 408 696

346 434 495 489 sunt,
536 432 591 478 et
635 424 1136 497 subscriptionibus
1179 428 1412 485 l‘ralrum
1456 431 1671 489 ﬁrmata
1706 436 1916 492 clarue-

2030 448 2213 503 δονίων
2247 451 2574 519 Ἐκκλησίαν
2601 452 2937 523 πραχθέντα,
2958 455 3051 507 καὶ
3076 457 3197 519 ταῖς
3226 454 3337 509 τῶν
3367 456 3613 526 ἀδελφῶν

344 526 493 581 runt,
523 516 685 571 etiam
722 533 823 573 nos
868 520 973 576 hoc
1012 531 1327 580 servaturos
1361 539 1484 580 esse
1512 528 1788 596 protiteor.
1817 529 1923 585 Sed

345 605 479 661 illud
504 608 731 673 scimus,
755 608 1069 665 inviolatam
1103 627 1319 682 semper
1354 616 1626 672 mansisse
1662 619 1923 674 ecclesia-

344 702 537 757 sticam
567 704 934 773 disciplinam,
982 705 1055 760 ita
1089 718 1147 761 ut
1175 709 1361 765 nullus
1383 708 1618 768 fratrum
1642 714 1925 783 prioribus

346 793 463 847 suis
505 808 563 847 se
600 795 894 864 aliquando
935 797 1164 851 auderet
1213 808 1565 868 anteponere,
1607 802 1701 857 sed
1734 802 1924 859 ofﬁciis

342 885 630 939 charitatis
664 886 717 939 id
740 902 958 957 semper
988 888 1292 944 exltibitum
1321 901 1406 946 est
1445 893 1742 961 prioribus,
1776 896 1922 965 quod

342 978 412 1031 ab
469 978 889 1049 insequentibus
938 992 1221 1051 gratanter
1279 1000 1497 1054 semper
1560 988 1919 1055 acciperetur.

342 1067 500 1126 llunc
528 1072 777 1126 ordinem
798 1073 989 1141 jubeat
1015 1075 1277 1131 sanctitas
1299 1085 1479 1131 vestra
1508 1078 1705 1132 melius
1730 1082 1923 1134 vestris

342 1160 859 1218 interlocutionibus
887 1164 1160 1218 roborari.

414 1452 503 1509 89.
522 1454 779 1510 Aurelius
794 1454 1081 1525 episcopus
1095 1454 1232 1508 dixit
1252 1474 1264 1508 :
1281 1455 1401 1509 Non
1420 1455 1679 1510 decuerat
1696 1454 1915 1523 quidem

343 1554 406 1599 ut
439 1547 551 1600 haec
580 1554 978 1615 repeteremus,
1021 1546 1128 1601 nisi
1161 1544 1303 1601 forte
1345 1546 1678 1602 exsisterent
1724 1546 1919 1600 incon-

339 1638 598 1693 sideratae
631 1647 842 1694 mentes
864 1639 1255 1708 quorumdam,
1291 1654 1411 1708 qua:
1442 1637 1657 1692 ad-hacc
1682 1646 1921 1693 statuen-

338 1729 409 1785 da
460 1741 679 1787 nostros
721 1741 983 1787 acuerent
1023 1746 1265 1787 sensus:
1301 1730 1397 1784 sed
1439 1730 1754 1785 communis
1807 1730 1922 1785 haec

2027 541 2373 612 ὑπογραφαῖς
2402 544 2657 614 φανερῶς
2694 545 3033 615 κυρωθέντι,
3072 549 3167 602 καὶ
3204 550 3351 618 ἡμᾶς
3384 549 3468 602 ἔτι
3504 551 3613 620 μὴν

2027 632 2365 701 φυλάξοντας
2393 635 2736 705 ὁμολογήσω.
2781 635 2989 690 Ἐκεῖνο
3020 639 3199 691 τοίνυν
3243 640 3608 711 ἐπιστάμεθα,

2026 726 2287 794 ἀμίαντον
2315 727 2404 780 ἀεὶ
2446 727 2548 797 τὴν
2595 727 3054 799 ἐκκλησιαστικὴν
3102 729 3466 799 φυλάττεσθαι
3511 750 3612 785 κα-

2024 818 2287 871 τάστασιν
2341 816 2534 883 οὑτως,
2586 818 2664 882 ὡς
2714 819 2919 890 μηδένα
2961 821 3071 873 τῶν
3114 822 3359 889 ἀδελφῶν
3404 822 3611 893 τολμᾷν

2026 906 2214 959 ἑαυτὸν
2242 910 2517 979 προτιμᾷν
2544 909 2833 980 προπετῶς
2858 910 2967 963 τῶν
2994 911 3102 981 πρὸ
3130 912 3319 977 αὑτοῦ,
3348 913 3484 967 ἀλλὰ
3513 916 3611 967 καλ⁵

2023 995 2060 1051 ἃ
2089 999 2209 1061 ταῖς
2234 1000 2334 1069 τῆς
2366 1000 2588 1071 ἀγάπης
2620 1002 2839 1069 τάξεσιν
2866 1003 2953 1056 ἀεὶ
2994 1005 3307 1075 παρεσχέθη
3331 1008 3443 1068 τοῖς
3474 1023 3611 1077 προ-

2023 1090 2225 1159 τέροις,
2251 1091 2395 1161 ἅπερ
2424 1095 2472 1145 οί
2510 1094 2998 1159 ἐπακολουθοῦντες
3044 1099 3344 1166 χαριέντως
3386 1098 3606 1150 κατεδέ·

2027 1176 2219 1241 ξαντοο
2272 1182 2477 1251 ταύτην
2519 1181 2613 1237 οὖν
2654 1186 2755 1253 τὴν
2800 1185 2954 1251 τάξιν
2999 1186 3246 1240 κελεύσει
3280 1188 3315 1257 ὴ
3362 1187 3607 1257 ὑμετέρα

2025 1270 2303 1341 άγιωσύνη
2346 1274 2670 1343 κρειττόνως
2705 1278 2825 1339 ταῖς
2860 1277 3155 1349 ὑμετέραις
3188 1277 3491 1341 διαλαλιαῖς
3519 1279 3607 1349 βε-

2024 1360 2275 1416 6αιῶσαι.

2097 1454 2205 1515 πθν,
2259 1456 2524 1527 Αὐρήλιος
2575 1458 2874 1523 ἐπίσκοπος
2926 1454 3081 1513 εἶπεν
3108 1477 3123 1492 ⁸
3152 1462 3265 1515 Οὑκ
3295 1463 3461 1531 ἐχρῆν
3506 1461 3609 1531 μὲν

2024 1546 2172 1614 ἡμᾶς
2196 1546 2368 1601 ταῦτα
2396 1548 2889 1619 ἐπαναλαμϐάνειν,
2924 1552 2972 1603 εἰ
3017 1552 3092 1622 μὴ
3142 1552 3236 1603 ἐὰν
3267 1552 3427 1622 τυχὸν
3464 1555 3606 1606 ἀκα-

2024 1637 2273 1707 τανόητοι
2317 1638 2547 1692 διάνοιαί
2595 1658 2759 1694 τινων
2803 1642 3139 1713 ἁνεφύησαν,
3192 1644 3249 1695 αί
3291 1642 3427 1712 πρὸς
3477 1643 3608 1705 τοὺς

2022 1728 2181 1798 ὅρους
2214 1728 2440 1791 τούτους
2488 1729 2587 1793 τάς
2634 1732 2912 1801 ἡμετέρας
2961 1732 3242 1802 αἰσθήσεις
3285 1731 3603 1796 όξύνουσαιο

338 1839 505 1878 causa
552 1833 654 1889 est,
693 1840 857 1893 quam
891 1823 1191 1878 insinuavit
1235 1822 1403 1878 frater
1445 1832 1502 1878 et
1557 1823 1916 1878 consacerdos

2030 1818 2141 1874 ἀλλ’
2167 1819 2356 1890 ἐπειδὴ
2385 1820 2522 1891 αῦτη
2554 1823 2709 1889 κοινή
2739 1823 2887 1877 ἐστιν
2922 1823 3092 1887 αἰτία,
3126 1824 3191 1893 ἢν
3229 1822 3323 1875 νῦν
3352 1824 3606 1890 ἐνεφάνι-

339 1925 546 1982 noster,
586 1926 645 1970 ut
685 1917 1069 1985 unusquisque
1112 1925 1364 1971 nostrum
1402 1915 1649 1970 ordinem
1691 1914 1794 1969 sibi
1825 1915 1917 1970 de-

336 2016 545 2061 cretum
577 2022 606 2059 a
639 2004 748 2060 Deo
773 2015 1086 2076 cognoscat,
1112 2015 1166 2060 et
1193 2007 1522 2076 posteriores
1550 2004 1916 2059 anterioribus

339 2098 609 2161 deferant,
648 2113 749 2151 nec
785 2099 864 2151 eis
901 2098 1232 2152 inconsultis
1268 2097 1470 2166 aliquid
1505 2111 1668 2166 agere
1708 2110 1915 2165 praesu-

335 2198 511 2243 mant.
541 2190 659 2256 Qua
694 2189 760 2243 de
788 2204 846 2243 re
875 2189 1021 2251 dico,
1059 2197 1219 2257 prout
1251 2198 1442 2257 captus
1475 2186 1646 2241 animi
1688 2187 1795 2241 mei
1826 2201 1914 2240 re-

337 2281 495 2345 tinet,
524 2296 620 2336 eos
650 2282 741 2350 qui
769 2281 1081 2351 putaverint
1114 2280 1315 2351 spretis
1368 2279 1669 2349 majoribus
1706 2278 1913 2348 aliquid

332 2373 792 2441 praesumendum,
824 2384 1196 2444 competenter
1227 2374 1296 2428 ab
1327 2375 1475 2428 omni
1503 2373 1738 2429 concilio
1760 2387 1916 2429 coer-

331 2466 549 2521 ccndos.

399 2638 707 2711 Xantippus
735 2645 1027 2713 episcOpus
1048 2641 1239 2713 primae
1258 2642 1407 2699 sedis
1431 2640 1700 2698 Numidia:
1738 2641 1910 2698 dixit:

2024 1929 2115 1964 σεν
2148 1912 2177 1964 ὁ
2216 1912 2449 1982 ἀδελφὸς
2493 1915 2588 1967 καὶ
2635 1916 3049 1987 συλλειτουργδς
3080 1915 3257 1987 ἡμῶν,
3292 1915 3434 1968 ὥστε
3466 1914 3607 1969 ἐκα-

2022 2021 2144 2058 στον
2170 2006 2326 2075 ἡμῶν
2373 2005 2758 2075 ἐπιγινώσκειν
2784 2008 2881 2078 τὴν
2935 2008 3087 2079 παρὰ
3129 2006 3223 2060 τοῦ
3257 2006 3392 2060 Θεοῦ
3429 2006 3607 2077 ψηφι-

2019 2096 2240 2150 σθεῖσαν
2266 2097 2415 2168 αὑτῷ
2440 2097 2593 2163 τάξιν
2619 2114 2632 2128 ⁸
2667 2100 2760 2152 καὶ
2786 2100 2872 2153 ἵνα
2898 2100 2947 2151 οἱ
2999 2100 3446 2170 μεταγενέστεροι
3488 2103 3604 2163 τοῖς

2017 2187 2305 2259 προτέροις
2334 2190 2669 2261 ἀναφέρωσι,
2701 2192 2797 2243 καὶ
2833 2191 2907 2262 μὴ
2944 2192 3259 2261 τολμήσωσι
3287 2190 3437 2262 παρὰ
3466 2190 3605 2256 γνώ-

2021 2298 2131 2350 μην
2153 2282 2357 2335 τούτων
2384 2282 2440 2335 τί
2464 2302 2592 2337 ποτε
2628 2284 2911 2355 πράττειν,
2946 2284 3034 2336 διά
3056 2284 3215 2337 τοῦτο
3243 2283 3384 2352 λέγω
3416 2281 3605 2346 καθὼς

2013 2372 2108 2427 τὸν
2147 2374 2279 2443 ἐμὸν
2308 2375 2598 2446 ὑποτρέχει
2646 2375 2925 2446 λογισμὸν,
2956 2376 3085 2439 τοὺς
3127 2374 3604 2445 καταφρονοῦντας

2014 2463 2125 2519 τῶν
2158 2467 2263 2537 πρὸ
2294 2468 2495 2531 αὑτῶν,
2530 2468 2623 2522 καί
2655 2486 2775 2521 τινα
2806 2468 3257 2539 ἀποτολμῶντας,
3293 2466 3601 2529 κωλυτέους

2017 2557 2290 2627 ἁρμοδίως
2319 2554 2455 2612 εἶναι
2483 2559 2592 2612 ἀπὸ
2619 2560 2801 2630 πάσης
2831 2560 2931 2628 τῆς
2962 2560 3205 2614 συνόδου.

2086 2648 2436 2716 Σάγκτιππος
2456 2648 2570 2721 (70)
2615 2651 2915 2713 ἐπίσκοπος
2949 2654 3047 2722 τῆς
3070 2650 3295 2722 πρώτης
3326 2648 3604 2719 καθέδρας

328 2731 823 2787 Audivitomnium
854 2733 1085 2789 fratrum
1129 2735 1430 2806 praesentia
1474 2736 1912 2805 prosecutionem

2030 2738 2115 2808 τῆς
2143 2739 2463 2810 Νουμηδίας
2487 2737 2665 2794 εἶπεν*
2704 2742 2976 2795 Ἤκουσεν
3003 2742 3036 2811 ἡ
3069 2741 3287 2794 πάντων
3310 2740 3417 2793 τῶν
3446 2739 3603 2794 ἀδελ-

328 2824 517 2880 fratris
564 2834 619 2880 et
671 2828 976 2884 sacerdotis
1017 2831 1194 2885 nostri
1245 2830 1487 2894 Aurelii,
1518 2829 1649 2899 quid
1698 2830 1764 2884 ad
1800 2832 1915 2886 haec

329 2915 646 2985 respondit?

400 3099 570 3170 228
592 3098 839 3157 Datimus
892 3102 1181 3172 episcopus
1226 3104 1410 3158 dixit:
1459 3102 1593 3171 Qua:
1638 3105 1910 3174 majorum

330 3191 571 3246 decrevit
606 3193 896 3258 sententia,
930 3176 1103 3250 nostri
1132 3196 1401 3250 assensui
1430 3197 1910 3267 mancipabuntur,

334 3294 397 3338 ut
428 3300 548 3354 quze
594 3286 998 3353 praeteritorum
1031 3280 1391 3344 conciliorum
1443 3290 1612 3359 gestis
1642 3300 1907 3345 tenentur

330 3374 785 3446 Carthaginensis
832 3377 1110 3446 Ecclesiae,
1157 3390 1346 3435 nostra
1397 3382 1718 3437 assensione
1757 3382 1916 3451 plene

334 3469 477 3536 apud
503 3484 694 3523 omnes
723 3469 938 3524 firmata
972 3480 1276 3526 teneantur.

416 3647 673 3705 Universi
705 3650 946 3720 episcopi
973 3652 1233 3707 dixerunt
1260 3671 1271 3706 :
1299 3654 1400 3709 Hic
1426 3654 1562 3710 ordo
1588 3666 1642 3711 et
1678 3672 1709 3709 a
1742 3656 1917 3711 Patri—

339 3741 461 3804 bus,
488 3750 541 3793 et
570 3756 601 3794 a
636 3741 937 3809 majoribus
987 3754 1237 3799 servatus
1263 3755 1369 3811 est,
1420 3756 1473 3801 et
1503 3763 1531 3800 a
1576 3748 1757 3811 nobis,
1807 3748 1917 3803 Deo

341 3832 598 3900 propitio,
631 3834 960 3898 servabitur,
988 3836 1139 3889 salvo
1166 3837 1329 3890 etiam
1354 3837 1481 3907 jure
1511 3840 1781 3908 primatus
1809 3839 1918 3894 Nu-

338 3923 519 3979 midia:
547 3934 602 3979 ct
641 3926 1006 3991 Mauritaniae,
1040 3928 1106 3981 de
1138 3929 1365 3984 archivo
1394 3941 1448 3986 et
1495 3932 1776 3988 matricula
1807 3932 1919 3988 Nu-

336 4013 541 4069 midiae.
599 4015 803 4071 Deinde
854 4017 1061 4086 placuit
1107 4020 1367 4076 omnibus
1406 4022 1676 4093 episcopis
1721 4026 1814 4095 qui
1864 4027 1918 4079 in

336 4107 442 4162 hoc
471 4108 705 4163 concilio
733 4110 1201 4181 subscripserunt,
1234 4124 1296 4167 ut
1329 4116 1617 4171 matricula
1646 4126 1701 4171 et
1736 4118 1916 4173 archi-

334 4215 438 4255 vus
466 4199 733 4257 Numidiae
754 4244 768 4270 ,
804 4212 859 4259 et
883 4205 1024 4274 apud
1054 4205 1288 4275 primam
1310 4207 1496 4263 sedem
1526 4209 1618 4273 sit,
1641 4220 1695 4265 et
1728 4211 1781 4263 in
1814 4226 1919 4265 inc-

340 4295 560 4363 tropoli,
590 4296 642 4349 id
669 4306 774 4362 est,
806 4296 1192 4353 Constantina.

409 4566 479 4621 Ut
511 4570 742 4639 episcopi
767 4575 858 4641 qui
882 4575 1223 4638 ordinantur,
1258 4577 1321 4629 ab
1366 4577 1760 4630 ordinatoribus
1806 4578 1916 4630 suis

332 4660 585 4728 epistolas
610 4665 901 4733 accipiant,
934 4680 1051 4735 qua:
1074 4667 1211 4720 diem
1244 4676 1291 4719 et
1310 4667 1575 4721 consulem
1604 4667 1915 4736 praeferant.

404 4928 608 4984 Deinde
649 4932 854 4999 placuit
902 4934 924 4965 ⁸
982 4932 1118 5003 (69),
1196 4945 1256 4989 ιιι
1297 4938 1616 5006 quicunque
1658 4938 1917 5010 deinceps

329 5022 400 5078 ab
445 5024 720 5094 episc0pis
754 5026 1079 5081 ordinantur
1114 5045 1211 5098 per
1256 5030 1569 5098 provincias
1593 5030 1906 5097 Africanas,

329 5118 541 5171 litteras
560 5117 833 5186 accipiant
861 5120 929 5174 ab
948 5121 1357 5177 ordinatoribus
1380 5124 1494 5179 suis
1523 5139 1686 5178 manu
1717 5140 1908 5180 eorum

329 5213 691 5281 conscriptas,
720 5217 1065 5270 continentes
1088 5218 1369 5271 consulem
1397 5225 1451 5272 et
1471 5218 1612 5273 diem
1641 5235 1654 5271 :
1686 5228 1743 5271 ut
1766 5220 1911 5273 nulla

330 5307 609 5364 altercatio
647 5309 713 5363 de
734 5310 1129 5379 posterioribus
1173 5311 1256 5365 vel
1288 5311 1653 5366 anterioribus
1681 5312 1908 5367 oriatur.

406 5548 425 5576 ⁸
450 5548 619 5606 Cone.
651 5552 821 5607 Afric.
855 5568 975 5620 cap.
1003 5553 1091 5605 56.

399 5708 512 5780 (69)
548 5708 679 5763 Vide
732 5712 961 5779 August.
1007 5712 1165 5780 epist.
1197 5710 1321 5769 938,
1356 5711 1418 5762 ad
1454 5712 1784 5765 Casini-ium.

405 5778 515 5847 εἶθ)
552 5781 705 5848 Apud
728 5778 1073 5852 Bcv’cregiutn
1109 5783 1479 5847 Ξὰγκτιππος.

2017 2830 2133 2898 φῶν
2165 2829 2438 2899 παρουσία
2485 2830 2585 2899 τὴν
2630 2829 3053 2900 ἐξακολούθησιν
3092 2828 3185 2881 τοῦ
3220 2827 3449 2897 ἀδελφοῦ
3504 2828 3604 2882 καὶ

2017 2920 2308 2991 συνιερέως
2341 2919 2499 2991 ἡμῶν
2534 2920 2829 2991 Αὑρηλίου,
2863 2920 2916 2973 τί
2964 2920 3102 2992 πρὸς
3152 2917 3324 2973 ταῦτα
3366 2917 3603 2987 ἀποκρί-

2016 3028 2202 3077 νεται;

2086 3105 2322 3171 Δατῖμος
2341 3102 2451 3171 (71)
2479 3102 2776 3165 ἐπίσκοπος
2801 3102 2976 3155 εἶπενο
3007 3102 3087 3155 Τὰ
3109 3102 3258 3172 παρὰ
3288 3102 3388 3170 τῆς
3415 3100 3605 3171 ψήφου

2016 3196 2126 3249 τῶν
2152 3195 2394 3266 ἀρχαίων
2422 3194 2727 3267 ὁρισθέντα,
2764 3197 2828 3264 τῇ
2875 3196 3125 3266 ἡμετέρᾳ
3155 3193 3459 3247 συναινέσει
3495 3195 3608 3246 ἐκ-

2017 3287 2372 3357 δοθήσονται·
2402 3289 2488 3338 ἵνα
2518 3286 2585 3338 τά
2635 3286 3002 3357 περιεχόμενα
3044 3288 3155 3347 τοῖς
3188 3283 3608 3355 πεπραγμένοις

2017 3378 2127 3430 τῶν
2157 3378 2441 3449 προτέρων
2474 3376 2708 3429 συνόδων
2748 3379 2805 3429 ἐν
2830 3380 2895 3447 τῇ
2942 3379 2999 3428 ἐν
3030 3375 3338 3446 Καρχηδόνι
3375 3374 3609 3443 Ἐκκλη-

2021 3472 2132 3541 σίᾳ,
2164 3469 2309 3524 κατὰ
2346 3469 2445 3539 τὴν
2482 3468 2759 3538 ἡμετέραν
2800 3468 3107 3521 συναίνεσιν
3156 3466 3608 3537 πεπληρωμένως

2021 3563 2213 3633 βέϐαια
2247 3562 2399 3633 παρά
2436 3563 2572 3615 πᾶσι
2603 3560 2969 3630 φυλαχθῶσιν.

2091 3654 2415 3723 Σύμπαντες
2448 3653 2498 3705 οἱ
2526 3652 2814 3705 ἐπίσκοποι
2846 3647 3019 3704 εἶπον⁶
3066 3651 3131 3704 Ἠ
3154 3649 3309 3717 τάξις
3336 3650 3476 3720 α’ύτη
3511 3650 3609 3702 καὶ

2020 3746 2127 3798 ἀπὸ
2155 3746 2264 3797 τῶν
2297 3744 2578 3814 Πατέρων,
2613 3745 2705 3796 καὶ
2736 3743 2844 3796 άπὸ
2880 3742 2989 3797 τῶν
3026 3742 3270 3812 ἀρχαίων
3303 3742 3606 3811 ἐφυλάχθη,

2021 3840 2117 3891 καὶ
2144 3839 2237 3907 ἀφ’
2265 3837 2423 3907 ἡμῶν
2452 3836 2593 3891 κατὰ
2626 3834 2974 3905 συγχώρησιν
3003 3833 3139 3887 Θεοῦ
3168 3833 3606 3903 φυλαχθήσεται·

2026 3927 2338 3998 σωζομένου
2378 3927 2459 3980 ἔτι
2510 3924 2617 3996 μὴν
2664 3924 2760 3978 τοῦ
2804 3925 3016 3979 δικαίου
3067 3924 3178 3977 τῶν
3213 3923 3609 3993 πρωτευόντων

2021 4020 2122 4089 τῆς
2156 4019 2476 4090 Νουμηδίας
2514 4018 2610 4070 καὶ
2657 4017 3061 4088 Μαυριτανίας,
3110 4018 3175 4069 ἐκ
3214 4014 3308 4068 τοῦ
3341 4013 3610 4086 χαρτοθε-

2025 4114 2139 4165 σίου
2172 4112 2267 4165 καὶ
2302 4109 2592 4180 ματρικίου
2624 4110 2721 4179 τῆς
2750 4108 3095 4177 Νουμηδίας*
3131 4107 3297 4177 ἤρεσε
3333 4107 3469 4158 πᾶσι
3494 4107 3609 4168 τοῖς

2021 4203 2343 4265 ἐπισκόποις
2386 4203 2499 4263 τοῖς
2537 4202 2596 4253 ὲν
2642 4201 2817 4270 ταύτῃ
2859 4202 2925 4269 τῇ
2959 4197 3160 4268 συνόδῳ
3198 4196 3607 4267 ὑπογράψασιν,

2022 4294 2109 4347 ἴνα
2139 4292 2201 4346 τὸ
2232 4293 2520 4363 ματρίκιον
2553 4291 2647 4343 καὶ
2679 4289 2991 4359 ἀρχέτυπον
3015 4288 3115 4353 τῆς
3140 4287 3473 4357 Νουμηδίας,
3510 4288 3611 4339 καὶ

2022 4387 2101 4448 είς
2129 4386 2227 4455 τὴν
2256 4382 2479 4454 πρώτην
2530 4382 2798 4452 καθέδραν
2854 4377 2910 4454 ᾗ,
2948 4380 3043 4433 καὶ
3082 4382 3163 4443 εἰς
3195 4380 3293 4450 τὴν
3325 4379 3610 4449 μητρόπο-

1951 4516 1994 4569 D
2022 4478 2105 4531 λιν
2138 4476 2575 4531 Κωνσταντίναν.

2090 4568 2235 4637 Περὶ
2261 4568 2646 4624 ἀπολυτικῶν
2670 4567 2826 4621 ὥστε
2854 4566 2997 4631 τοὺς
3034 4560 3608 4633 χειροτονουμένους

2017 4662 2416 4726 ἐπισκόπους,
2476 4660 2595 4714 ἀπὸ
2652 4657 2773 4712 τῶν
2834 4658 3342 4727 χειροτονούντων
3380 4653 3610 4718 αὐτοὺς

2021 4753 2349 4818 ἐπιστολὰς
2393 4751 2744 4821 λαμϐάνειν,
2792 4750 2862 4803 ἐν
2891 4744 2989 4817 αἷς
3029 4748 3067 4817 ἣ
3100 4766 3163 4802 τε
3205 4745 3395 4815 ἡμέρα
3442 4744 3545 4798 καὶ
3574 4748 3609 4798 ό

2019 4845 2247 4911 ὕπατος
2283 4842 2662 4913 προφέρεται.

2091 4937 2322 4988 Ἔπειτα
2352 4937 2549 5006 ἦρεσεν
2571 4976 2585 4998 ,
2646 4934 2734 4986 ἵνα
2764 4933 2962 4995 οἵτινες
3012 4932 3211 5002 δήποτε
3246 4926 3386 4999 μετὰ
3426 4926 3609 4980 ταῦτα

2019 5024 2466 5097 χειροτονῶνται,
2514 5025 2617 5077 ἀνά
2678 5023 2779 5086 τὰς
2827 5023 2929 5091 τῆς
2993 5021 3259 5091 Ἀφρικῆς
3308 5016 3605 5087 ἐπαρχίας.

2019 5120 2322 5189 γράμματα
2348 5118 2556 5171 λάϐωσι
2584 5115 2736 5187 παρὰ
2761 5117 2868 5169 τῶν
2903 5112 3352 5185 χειροτονούντων
3375 5112 3603 5174 αὑτοὺς,

2018 5216 2080 5281 τῇ
2132 5212 2275 5281 χειρὶ
2328 5210 2507 5263 αὑτῶν
2574 5209 3070 5278 ὑπογεγραμμένα,
3129 5205 3456 5277 περιέχοντα
3507 5204 3605 5257 τὸν

2019 5304 2225 5356 ὕπατον
2259 5303 2353 5356 καὶ
2381 5301 2477 5371 τὴν
2501 5302 2713 5372 ἡμέραν
2739 5318 2750 5329 ·
2778 5300 2918 5353 ῶστε
2948 5299 3219 5369 μηδεμίαν
3250 5296 3611 5369 ἀμφισϐήτη-

2021 5414 2105 5448 σιν
2137 5396 2263 5466 περὶ
2293 5395 2533 5465 ὑστέρων
2559 5395 2593 5465 ἢ
2625 5396 2903 5465 προτέρων
2936 5392 3268 5462 ἀναφυῆναι.
3318 5412 3329 5415 -

2076 5711 2187 5779 (7i)
2219 5712 2375 5780 Apud
2409 5712 2755 5781 licveregium
2781 5709 3082 5779 Διατίμιος.
