3912 6244
289 322 395 388 €97

444 443 721 499 Συνόδου
759 446 1181 516 οίκουμενικῆς
1209 449 1389 519 ἕκτης
1417 451 1620 505 κανὼν
1646 453 1709 517 ζ’.

358 537 425 602 ζ’.
469 537 688 607 Ἐπειδὴ
754 539 1153 610 μεμαθήκαμεν
1211 542 1268 595 ἐν
1319 561 1429 597 τισι
1473 545 1584 599 τῶν
1641 545 1869 616 Ἐκκλη-

288 627 443 690 σιῶν,
492 628 776 690 διακόνους
823 632 1110 700 τυγχάνειν
1157 633 1387 703 ὀφφίκια
1440 634 1870 705 ἐκκλησιαστικὰ

285 719 532 789 ἔχοντας,
560 719 811 775 ἐντεῦθέν
834 720 893 773 τέ
914 738 1064 786 τινας
1090 724 1269 776 αὐτῶν
1299 726 1559 797 αὐθαδείᾳ
1588 729 1680 778 καὶ
1705 728 1867 781 αὑτο-

284 808 448 879 νομξᾳ
485 812 885 880 κεχρημένους,
913 814 1021 883 πρὸ
1062 813 1171 866 τῶν
1204 815 1595 885 πρεσϐυτέρων
1641 816 1869 879 καθέζε-

284 900 431 966 σθαι,
464 902 724 971 ὁρίζομεν
753 903 895 957 ὥστε
923 905 1015 959 τὸν
1046 904 1312 973 διάκονον,
1357 906 1461 960 κᾶν
1493 908 1550 959 ἐν
1572 905 1865 977 ἀξιώματι,

281 993 563 1047 τουτέστιν
603 996 662 1047 ἐν
686 995 924 1067 ὀφφικίῳ
951 995 1031 1067 τῷ
1077 997 1378 1068 οίῳδήποτε
1425 998 1870 1070 ἐκκλησιαστικῷ

279 1080 564 1148 τυγχάνοι,
589 1081 682 1133 τὸν
710 1083 948 1135 τοιοῦτον
976 1083 1050 1154 μὴ
1085 1085 1190 1155 πρὸ
1213 1086 1307 1137 τοῦ
1338 1088 1710 1158 πρεσϐυτέρου
1736 1089 1865 1143 καθ·

283 1170 531 1235 έζεσθαι,
568 1174 727 1236 ἐκτὸς
778 1175 827 1226 εί
860 1176 934 1245 μὴ
982 1176 1044 1227 τὸ
1074 1177 1363 1246 πρόσωπον
1409 1179 1623 1248 ἐπέχων
1666 1180 1760 1234 τοῦ
1800 1183 1871 1234 οἱ·

282 1264 436 1316 κείου
485 1266 889 1338 πατριάρχουῆ
941 1267 1363 1337 μητροπολίτου,
1398 1270 1459 1323 ἐν
1512 1270 1675 1341 ἑτέρᾳ
1717 1272 1869 1325 πόλει

281 1357 686 1426 παραγένηται,
719 1360 811 1409 ἐπί
860 1376 967 1411 τινι
996 1360 1318 1431 κεφαλαίῳ·
1355 1363 1478 1415 τότε
1516 1364 1624 1433 γὰρ
1653 1364 1729 1427 ὡς
1776 1364 1868 1417 τὸν

280 1448 495 1499 ἐκείνου
538 1448 704 1502 τόπον
744 1448 1098 1520 ἀναπληρῶν,
1153 1451 1548 1522 τιινπηθήσετω⁸
1595 1455 1644 1505 εί
1695 1453 1752 1507 δέ
1785 1471 1869 1518 τις

279 1537 497 1590 τοιοῦτο
540 1539 803 1609 τολμήσει
856 1540 1164 1611 τυραννικῷ
1212 1543 1496 1612 χρώμενος
1540 1543 1730 1613 θράσει
1762 1544 1873 1598 δια-

281 1632 621 1701 πράξασθαι,
653 1634 682 1684 ὁ
712 1633 951 1696 τοιοῦτος
986 1635 1050 1687 ἐκ
1078 1633 1174 1687 τοῦ
1216 1635 1417 1688 οἰκείου
1447 1635 1870 1701 καταϐιϐασθεὶς

281 1723 522 1793 βαθμοῦ,
563 1724 792 1793 ἔσχατος
835 1724 1054 1779 πάντων
1086 1726 1328 1795 γενέσθω
1372 1726 1467 1780 τοῦ
1507 1730 1564 1781 ἐν
1594 1721 1748 1798 ᾧπερ
1778 1746 1871 1782 κα-

1146 334 1548 399 SYNTAGMA
1580 339 1971 401 CANONUM.
2024 365 2094 375 -
2135 341 2286 402 TlT.
2328 341 2437 415 IX,
2469 342 2626 401 CAP.
2660 341 2709 401 Ι.

1903 460 1951 516 Δ

3449 342 3556 407 698

2296 452 2521 509 Concilii
2554 453 2860 507 aacumenici
2890 468 2945 508 vt
2975 469 3145 506 canon
3179 452 3231 507 7.

2048 542 2103 595 7.
2138 540 2409 607 Quoniam
2426 542 2446 572 °
2476 544 2529 595 in
2550 541 2828 597 nonnullis
2848 543 3091 597 ecclesiis
3109 543 3368 599 diaconos
3385 542 3558 599 oﬂicia

1977 632 2347 687 ecclesiastica
2393 631 2594 686 habere
2638 632 2953 696 didicimus,
2986 641 3040 686 et
3072 648 3138 687 ex
3185 633 3290 687 hoc
3323 634 3561 687 nonnul-

1977 722 2062 777 los
2091 737 2281 777 eorum
2331 721 2666 790 arrogantia,
2700 731 2753 777 et
2785 723 3009 777 licentia
3037 722 3205 778 fretos
3232 732 3358 778 ante
3392 722 3559 792 229

1976 815 2324 886 presbyteros
2357 815 2567 877 sedere,
2617 814 2910 870 statuimus
2932 825 2992 869 ut
3021 816 3309 881 diaconus,
3340 816 3557 869 etiamsi

1977 905 2031 959 in
2063 904 2345 973 dignitate,
2388 904 2441 958 id
2483 914 2588 968 est,
2639 904 2693 958 in
2749 905 2947 974 quovis
2970 906 3042 960 sit
3074 905 3252 960 cilicio
3296 906 3558 960 ecclesia-

1978 995 2137 1060 stico,
2188 1004 2314 1051 ante
2350 996 2729 1065 presbyterum
2765 1009 2834 1049 ne
2864 996 3069 1060 sedeat,
3105 1006 3469 1065 praeterquam
3508 995 3557 1051 si

1977 1087 2181 1159 proprii
2224 1087 2553 1157 patriarchae
2598 1087 2682 1141 vel
2717 1087 3123 1156 mctmpolitani
3150 1089 3323 1143 vicem
3362 1104 3557 1158 gerens

1977 1181 2121 1236 adsit
2147 1180 2200 1232 in
2229 1180 2330 1233 alia
2362 1179 2583 1233 civitate
2605 1194 2770 1249 super
2792 1180 2979 1249 aliquo
2999 1180 3214 1249 capite:
3248 1190 3379 1235 tunc
3408 1180 3554 1234 enim

1977 1282 2039 1327 ut
2066 1272 2246 1327 locum
2277 1272 2423 1326 illius
2451 1272 2681 1341 implens
2715 1272 3099 1329 honorabitur.
3132 1272 3188 1326 Si
3220 1273 3343 1342 quis
3374 1281 3555 1326 autem

1978 1363 2262 1434 tyrannica
2329 1362 2598 1417 adductus
2658 1363 2909 1429 audacia,
2984 1364 3091 1419 tale
3156 1364 3287 1433 quid
3350 1363 3559 1419 etIiceI-e

1978 1470 2147 1510 ausus
2182 1453 2364 1519 fuerit,
2401 1454 2449 1509 is
2478 1471 2543 1508 ex
2577 1457 2801 1524 proprio
2831 1456 3003 1526 gradu
3037 1456 3283 1527 deiectus
3326 1456 3400 1510 sit
3434 1470 3557 1510 om-

1978 1546 2128 1598 nium
2164 1545 2391 1600 ultimus
2422 1544 2543 1614 ejus
2569 1546 2800 1609 ordinis,
2834 1547 2889 1599 in
2918 1546 3080 1615 cujus
3110 1557 3197 1600 est
3224 1546 3471 1615 catalogo
3501 1545 3557 1599 in

1977 1652 2077 1692 sua
2130 1636 2397 1702 Ecclesia,
2450 1637 2686 1691 Domino
2735 1647 2927 1693 nostro
2987 1638 3336 1702 admonente,
3388 1653 3457 1691 ne
3500 1638 3560 1692 in

1977 1729 2169 1797 primis
2199 1728 2423 1783 sedibus
2453 1728 2814 1794 delectemur,
2845 1730 3149 1784 secundum
3174 1745 3318 1792 eam,
3350 1744 3475 1799 quae
3503 1730 3558 1783 iu

278 1816 574 1883 ταλέγεται
608 1818 892 1886 τάγματος
918 1818 976 1868 ἐν
1006 1820 1069 1887 τῇ
1108 1817 1229 1870 κατ’
1253 1818 1415 1872 αὐτὸν
1443 1820 1709 1890 ἐκκλησίᾳ.
1733 1836 1746 1848 °
1776 1818 1871 1874 τοῦ

1979 1830 2165 1876 sancto
2213 1820 2547 1891 evangelista
2614 1816 2784 1885 Luca,
2820 1830 2881 1875 ut
2911 1837 2977 1874 ex
3008 1817 3234 1875 domino
3283 1832 3475 1876 nostro
3505 1830 3559 1876 et

276 1906 495 1977 Κυρίου
523 1910 656 1977 ἡμῖν
690 1908 1101 1978 παραινοῦντος,
1137 1910 1213 1981 μὴ
1246 1909 1457 1981 χαίρειν
1501 1913 1622 1974 ταῖς
1662 1928 1878 1981 πρωτοκ-

1979 1911 2087 1966 Deo
2132 1910 2396 1984 profecta,
2439 1910 2615 1979 posita
2656 1920 2740 1965 est
2784 1911 3115 1965 doctrinam.
3163 1910 3233 1965 lis
3262 1912 3407 1964 enim
3462 1910 3558 1979 qui

278 2001 545 2067 κλισξαις,
578 2001 725 2056 κατὰ
764 2004 862 2071 τὴν
890 2004 947 2056 ἐν
994 2002 1073 2073 τῷ
1111 2003 1254 2074 ἁγίῳ
1296 2004 1656 2077 εὐαγγελιστῇ
1693 2008 1876 2076 Λουκᾷ

274 2094 354 2158 ὡς
378 2093 619 2158 ἐξαύτοῦ
644 2096 850 2166 Κυρίου
874 2097 906 2165 ἡ
916 2095 1032 2165 μῶν
1054 2098 1149 2149 καὶ
1168 2096 1304 2149 Θεοῦ
1335 2097 1593 2168 κειμένην
1616 2098 1875 2152 διδασκα-

274 2186 422 2239 λίαν.
465 2186 661 2254 Ἕλεγε
690 2188 797 2258 γὰρ
829 2188 967 2257 πρὸς
996 2188 1122 2251 τοὺς
1145 2188 1516 2259 κεκλημένους
1561 2190 1875 2261 παραϐολὴν

276 2281 500 2350 ἐπέχων
535 2280 654 2343 πῶς
691 2282 791 2343 τὰς
842 2281 1246 2351 πρωτοκλισίας
1289 2281 1605 2349 ἐξελέγοντο
1628 2299 1642 2313 ’
1697 2283 1874 2350 λέγων

276 2374 417 2444 πρὸς
451 2372 651 2435 αὐτούς
672 2389 686 2403 ο
714 2374 902 2427 Ὅταν
918 2372 1151 2441 κληθῇς
1174 2373 1295 2428 ὑπό
1321 2390 1486 2440 τινος
1510 2376 1598 2440 εὶς
1619 2374 1871 2445 γάμους,

272 2465 359 2531 μὴ
397 2461 773 2530 κατακλιθῇς
813 2464 902 2528 εὶς
939 2462 1056 2530 τὴν
1098 2465 1569 2531 πρωτοκλισίαν,
1597 2466 1682 2534 μή
1732 2482 1874 2519 ποτε

275 2553 664 2621 ἐντιμότερός
683 2570 799 2606 σου
816 2547 856 2624 ᾖ
885 2552 1377 2621 κεκλημένοςζὺπ’
1404 2554 1613 2618 αὐτοῦ,
1648 2556 1744 2609 καί
1768 2555 1872 2609 ἐλ-

275 2640 401 2695 θὼν
432 2645 467 2695 ό
496 2641 572 2694 σὲ
595 2642 696 2696 καί
723 2641 924 2709 αὐτὸνί
939 2643 1228 2708 καλέσας,
1255 2641 1381 2710 ἐρεῖ
1405 2659 1524 2708 σοι,
1555 2646 1667 2709 Δὸς
1687 2645 1875 2712 τούτῳ

273 2734 489 2797 τόπον,
514 2732 615 2785 καὶ
640 2734 775 2787 τότε
800 2732 953 2801 ἄρξῃ
986 2735 1113 2803 μετ’
1140 2736 1441 2803 αἰσχύνης
1473 2737 1584 2788 τὸν
1611 2736 1874 2804 ἔσχατον

276 2826 469 2877 τόπον
492 2823 795 2891 κατέχειν.
816 2825 982 2879 Ἀλλ’
1016 2826 1164 2880 ὅταν
1200 2826 1456 2895 κληθῇς,
1485 2826 1757 2882 ἀνάπεσε
1786 2832 1873 2894 είς

277 2910 387 2966 τὸν
428 2912 699 2980 ἔσχατον
744 2914 936 2967 τόπον
960 2932 975 2946 ·
1006 2917 1106 2968 ἵνα
1140 2916 1286 2969 ὅταν
1321 2916 1469 2985 ἔλθῃ
1501 2921 1535 2973 ό
1563 2917 1874 2984 κεκληκὼς

277 3005 422 3071 eum
463 3020 584 3066 σοι,
618 3006 766 3059 Φίλε
796 3008 1209 3076 προσανάϐηθι
1246 3007 1580 3079 ἀνώτερον·
1610 3009 1708 3063 καί
1742 3009 1873 3062 τότε

278 3096 451 3149 ἕσται
501 3112 603 3151 σοι
640 3098 793 3161 δόξα
851 3099 1108 3153 ἐνώπιον
1173 3100 1295 3155 τῶν
1342 3101 1874 3171 συνανακειμένων

1984 2004 2161 2058 vocati
2189 2013 2364 2068 erant,
2397 2002 2611 2057 dicebat
2648 2004 2789 2057 hanc
2824 2005 3140 2071 parabol'am
3180 2020 3194 2057 :
3229 2002 3458 2068 Quando
3491 2005 3557 2055 ab

1964 2093 2163 2162 .aliquo
2194 2094 2264 2145 ad
2296 2095 2510 2162 nuptias
2552 2094 2806 2147 invitatus
2853 2094 3040 2163 fueris,
3065 2110 3126 2147 ne
3156 2096 3209 2147 in
3238 2094 3412 2162 primo
3443 2093 3558 2146 loco

1985 2188 2322 2249 accubueris,
2374 2203 2436 2240 ne
2478 2187 2616 2256 forte
2641 2188 2909 2257 quispiam
2940 2198 2989 2241 te
3034 2187 3345 2240 honoratior
3388 2188 3454 2239 ab
3500 2202 3560 2239 eo

1975 2276 2231 2329 invitatus
2261 2275 2445 2343 fuerit,
2472 2276 2616 2344 isque
2652 2276 2742 2346 qui
2782 2290 2830 2327 te
2879 2285 2927 2327 et
2973 2276 3147 2342 ipsum
3181 2275 3443 2339 invitavit,
3472 2289 3559 2327 ue-

1977 2367 2089 2418 niat
2117 2377 2165 2434 et
2207 2366 2353 2418 dicat
2394 2380 2412 2417 :
2447 2364 2527 2418 Da
2570 2366 2618 2418 ei
2664 2365 2836 2418 locum
2873 2382 2892 2419 :
2927 2378 2975 2419 et
3017 2376 3140 2420 tunc
3182 2367 3399 2434 incipies
3438 2381 3561 2419 cum

1973 2458 2170 2527 pudore
2202 2456 2449 2510 ultimum
2500 2458 2673 2510 locum
2702 2467 2894 2513 tenere.
2934 2456 3036 2511 Sed
3067 2460 3276 2528 quando
3304 2459 3558 2512 inuitatus

1974 2550 2159 2619 fueris,
2200 2551 2254 2603 in
2304 2550 2493 2602 ultimo
2531 2549 2644 2601 loco
2696 2550 2943 2602 accumbe
2987 2559 3066 2612 ut,
3107 2551 3319 2619 quando
3360 2552 3559 2603 venerit

1974 2642 2064 2712 qui
2097 2651 2144 2695 te
2183 2643 2444 2703 invitavit,
2486 2641 2630 2694 dicat
2676 2642 2771 2694 tibi
2807 2658 2825 2695 :
2859 2643 3058 2708 Amice,
3090 2642 3310 2695 ascende
3342 2641 3504 2695 altius
3536 2654 3557 2694 .'

1976 2745 2100 2788 tunc
2131 2736 2229 2789 erit
2258 2734 2353 2787 tibi
2382 2735 2555 2804 gloria
2583 2752 2762 2789 coram
2793 2736 2859 2788 iis
2892 2736 2982 2804 qui
3016 2744 3186 2787 tecum
3216 2734 3555 2787 accumbunt.

1975 2823 2121 2878 Nam
2173 2826 2410 2896 quisquis
2460 2842 2513 2878 se
2561 2825 2769 2879 extollit
2814 2825 3188 2878 humiliabitur
3221 2864 3236 2889 ,
3288 2832 3336 2876 et
3372 2824 3465 2891 qui
3496 2840 3550 2876 se

1973 2915 2251 2985 humiliatg.
2304 2916 2626 2970 exaltabitur
2663 2916 2705 2969 ".
2766 2914 2880 2969 Hoc
2934 2916 3115 2984 ipsum
3175 2924 3359 2968 autem
3390 2914 3557 2969 etiam

1973 3008 2277 3063 servabitur
2336 3010 2390 3062 in
2448 3008 2674 3076 reliquis
2728 3007 2901 3061 sacris
2950 3004 3267 3070 ordinibus,
3310 3006 3561 3075 quando-

1975 3098 2919 3170 quidemsaecularibusdignitatibus
2975 3098 3250 3168 spiritales
3293 3106 3559 3168 praestau—

280 3205 381 3240 σοι
400 3205 413 3217 ο
437 3188 528 3242 ὅτι
563 3188 686 3256 πᾶς
706 3193 739 3242 ὀ
766 3188 942 3259 ὑψῶν
964 3191 1186 3246 ἑαυτὸν
1213 3194 1744 3263 ταπεινωθήσεται,
1777 3192 1874 3247 καὶ

1979 3191 2149 3245 tiores
2182 3205 2303 3245 esse
2334 3190 2560 3244 scimus.

284 3285 315 3337 ὁ
341 3280 645 3337 ταπεινῶν
668 3284 888 3337 ἑαυτὸν
918 3286 1322 3353 ὑψωθήσεται.
1354 3289 1429 3342 Τὸ
1458 3288 1515 3341 δὲ
1539 3288 1672 3342 αὐτὸ
1703 3287 2114 3358 φυλαχθήσεται
2174 3285 2266 3339 καὶ
2314 3286 2408 3338 ἐπὶ
2468 3284 2577 3340 τῶν
2633 3284 2838 3341 λοιπῶν
2878 3285 3177 3358 ῑερατικῶν
3218 3286 3557 3357 ταγμάτων·

283 3382 472 3453 ἐπειδὴ
510 3383 623 3438 τῶν
670 3382 811 3437 κατὰ
851 3381 1058 3451 κόσμον
1090 3382 1421 3455 ἀξιωμάτων
1460 3385 1751 3457 κρείττονα
1810 3385 1879 3438 τὰ
1921 3382 2271 3453 πνευματικὰ
2301 3381 2667 3450 ἐπιστάμεθα.

1624 3749 2029 3835 ΤΙΤΛΟΣ
2106 3746 2232 3836 Θ’.

294 3930 439 3985 ΠΕΡΙ
481 3930 1028 3987 ΑΜᾹΡΤΗΜΑΤΩΝ
1069 3929 1186 3984 ΚΑΙ
1226 3928 1437 3983 ΔΙΚΩΝ
1479 3928 1905 3993 ΕΠῙΣΚΟΠΩΝ,
1948 3928 2068 3983 ΚΑΙ
2108 3928 2494 3991 ΚΛΗΡΙΚΩΝ,
2539 3929 2659 3982 ΚΑΙ
2699 3927 3119 3995 ΛΦΟΡΙΣΜΟΥ,
3158 3925 3280 3980 ΚΑΙ
3322 3925 3563 3978 ΚΛΘΑΙ-

955 4002 1232 4067 ΡΕΣΕΩΣ,
1277 4001 1397 4053 ΚΑΙ
1450 4000 1615 4053 ΠΟΙΑ
1654 4001 2143 4055 ᾹΜΑΡΤΗΜΑΤΑ
2181 4002 2228 4053 Η
2268 4000 2677 4054 ΧΕΙΡΟΘΕΣΙΑ
2714 3996 2900 4054 ΛῘἙΙ.
3344 4028 3347 4031 -

1586 4325 2057 4407 TITULUS
2145 4324 2278 4402 IX.

296 4507 448 4577 230
487 4505 574 4577 [LE
602 4504 966 4577 PECCATPSA
1109 4502 1397 4577 JUDIC'JS
1427 4502 1937 4577 ΕΡΙδβΟΡΟῐΨΜ-
1965 4504 2051 4577 ET
2091 4504 2185 4577 DE,
2206 4497 3567 4577 ΕΧΕΩΜἏΠΝΨᾼἪΩΝΕ,ἒβΒΕέ-(ὶξὲῙιοπς

460 4576 549 4631 ET
598 4575 690 4629 DE
727 4575 1216 4644 ΡΟΕΝΙΤΕΝΤΙΑ,
1254 4576 1344 4631 ΕΤ
1384 4574 1699 4643 QUAENAM
1736 4575 1899 4630 PECC

1979 4574 2053 4629 ΓΔ
2116 4573 2539 4629 SOLVANTUR
2573 4571 2877 4629 ΜΑΝοοΜ
2931 4570 3394 4629 IMPOSITIONE.

364 4782 615 4837 ΚΕΦΑΛ.
641 4782 714 4833 A’.
739 4808 807 4820 -—
846 4781 1014 4844 Τίνες
1044 4779 1141 4832 καί
1169 4777 1329 4846 παρὰ
1354 4748 1484 4831 τίσι
1513 4774 1881 4846 κατηγοροῦ-

2054 4773 2286 4830 CAPUT
2330 4773 2625 4829 PRIMUM.
2656 4804 2727 4816 -—
2757 4774 2984 4838 Quinam
3034 4784 3082 4828 et
3126 4774 3268 4843 apud
3313 4788 3566 4843 quosnam

294 4889 398 4932 σιν
423 4876 778 4929 ἐπισκόπων
837 4872 875 4940 ἢ
930 4868 1272 4938 κληρικῶν;

1986 4886 2236 4926 accusare
2264 4878 2457 4939 queunt
2481 4869 2748 4938 episcopos
2779 4878 2869 4921 aut
2896 4868 3111 4921 clericos
3137 4870 3163 4922 ?

2426 4982 2800 5052 Apostolorum
2831 4999 2999 5037 canon
3026 4982 3116 5036 ⁸14.

360 5099 451 5154 (ιδ’.
470 5097 803 5152 Ἐπίσκοπον
833 5094 1281 5166 κατηγορηθέντα
1309 5092 1401 5146 ἐπί
1426 5110 1531 5146 τινι
1554 5091 1706 5163 παρὰ
1734 5093 1879 5159 ἀξιο-

2060 5096 2124 5150 74
2162 5093 2301 5168 [75].
2343 5094 2673 5167 Episcopum
2722 5114 2751 5152 a
2790 5100 2921 5153 viris
2979 5098 3082 5152 tide
3126 5095 3307 5165 dignis
3356 5094 3427 5149 ob
3462 5091 3568 5148 ali-

302 5195 496 5246 πίστων
535 5188 865 5260 ἀνθρώπων,
913 5189 1197 5241 καλεῖσθαι
1242 5187 1406 5241 αὐτὸν
1447 5186 1744 5255 ἀναγκαῖον
1776 5186 1880 5239 ὑπὸ

1990 5190 2121 5261 quid
2176 5199 2520 5256 accusatum,
2568 5191 2747 5260 ipsum
2796 5191 2865 5245 ab
2914 5189 3188 5259 episcopis
3242 5187 3425 5241 vocari
3466 5202 3566 5241 ne-

301 5287 402 5338 τῶν
427 5286 764 5337 ἐπισκόπων·
800 5280 902 5334 κᾶν
937 5281 1035 5350 μὲν
1068 5282 1371 5349 ἀπαντήσοι
1400 5279 1495 5331 καὶ
1524 5278 1874 5349 ὀμολογήσοι,

1986 5297 2141 5337 cesse
2175 5290 2307 5337 est:
2341 5290 2395 5336 et
2443 5282 2489 5337 si
2531 5298 2589 5336 se
2635 5283 2853 5350 quidem
2903 5281 3123 5343 stiterit,
3173 5288 3228 5332 et
3277 5276 3566 5333 confessus

304 5378 641 5447 ἐλεγχθέντος
676 5373 863 5438 αὐτοῦ,
908 5372 1176 5442 ὁριζέσθω
1215 5373 1273 5424 τδ
1323 5373 1619 5441 ἐπιτίμιον.
1663 5372 1789 5425 Ἐὰν
1823 5372 1877 5423 δὲ

1992 5376 2069 5429 vel
2099 5375 2387 5430 convictus
2429 5375 2518 5437 sit,
2551 5383 2822 5429 statuatur
2855 5387 3037 5443 poena.
3088 5371 3144 5423 Si
3183 5378 3363 5424 autem
3400 5386 3568 5425 voca-

304 5471 627 5541 xz‘mbpsvo;
667 5470 741 5538 μὴ
787 5465 1108 5531 ὑπακούσοι,
1150 5463 1421 5517 καλείσθω
1467 5464 1552 5517 καὶ
1602 5463 1876 5534 δεύτερον,

305 5563 779 5631 ἀποστελλομένοις)
835 5560 922 5612 ἐπ’
970 5558 1132 5612 αὑτὸν
1179 5556 1274 5610 δύο
1303 5558 1648 5611 ἐπισκόπωνο
1690 5554 1787 5611 ἐὰν
1821 5556 1877 5610 δὲ

712 4985 770 5038 Ἀ
779 4984 1099 5037 ποστόλων
1134 4983 1332 5038 κανὼν
1367 4982 1460 5036 οδ’.

1987 5479 2075 5523 tus
2119 5484 2224 5522 non
2278 5469 2542 5537 paruerit,
2594 5467 2834 5522 secundo
2876 5465 3038 5519 etiam
3074 5473 3327 5527 vocetur,
3377 5461 3566 5518 missis

1984 5564 2051 5617 ad
2094 5564 2272 5634 ipsum
2308 5563 2582 5634 cpissOpis
2621 5562 2854 5618 duobus.
2896 5558 2957 5614 Si
2981 5560 3146 5614 etiam
3174 5557 3254 5613 sic
3292 5571 3401 5610 non
3435 5554 3561 5609 obe-

368 5749 387 5779 ‘
415 5749 614 5801 Vir-mn.
660 5749 737 5800 ιε.
817 5745 837 5775 ⁷
873 5741 982 5799 Luc
1029 5761 1130 5801 xw.
1165 5740 1312 5794 8-H.
