3842 6224
354 259 462 321 699

1548 262 1811 323 ΡΗΟΤΙΙ
1866 265 2365 330 PATRIARCHJE
2406 272 2516 332 CP.

3531 270 3647 333 τω

354 366 539 430 dierit,
596 372 821 418 vocetur
858 370 913 416 et
964 363 1149 427 tertio,
1184 362 1401 418 duobus
1452 364 1518 418 ad
1564 381 1690 420 eum
1744 383 1937 423 rursus

2066 372 2132 426 :a‘l.
2158 371 2330 437 οὕτως
2376 376 2452 445 μὴ
2484 373 2801 439 ἐπακούσοι,
2845 373 3115 428 καλείσθω
3164 374 3264 429 καὶ
3305 377 3520 445 τρίτον,
3544 378 3648 430 δύο

354 459 540 513 missis
589 458 883 526 episcopis.
936 452 991 508 Si
1028 464 1208 507 autem
1260 456 1343 508 vel
1396 455 1478 511 sic
1526 472 1832 526 aspernans
1878 468 1935 513 et

353 556 649 600 contumax
684 559 741 597 se
789 559 896 598 non
936 544 1160 608 stiterit,
1204 545 1447 615 synodus
1485 560 1549 599 ea
1582 561 1702 615 quae
1748 546 1934 601 viden-

353 648 464 698 tur,
512 636 772 689 adversus
811 648 935 686 eum
985 633 1324 702 pronuntiet,
1367 648 1434 687 ne
1479 633 1802 691 lucrifacere
1849 636 1933 690 vi-

353 730 566 790 deatur,
601 726 726 779 dum
758 726 1024 794 judicium
1076 724 1434 796 subterfugit.

560 818 788 874 Concilii
827 817 1415 886 Constantinopolitani
1459 835 1626 871 canon
1668 819 1724 874 6.

423 910 475 963 6.
516 909 783 975 Quoniam
820 910 973 962 multi
992 909 1422 964 ecclesiasticum
1440 908 1683 964 ordinem
1704 909 1937 965 confun-

352 1002 481 1055 (lere
508 1011 562 1053 et
585 1000 899 1053 subvertere
920 1001 1187 1064 volentes,
1220 1000 1446 1054 inimice
1475 1008 1529 1054 et
1552 1001 1938 1071 sycophantice

348 1093 511 1162 231
545 1093 807 1146 adversus
837 1091 1168 1145 orthodoxos
1198 1091 1507 1161 episcopos,
1542 1093 1635 1161 qui
1665 1091 1939 1148 Ecclesias

354 1183 775 1245 administrant,
838 1182 1217 1236 accusationes
1276 1182 1541 1249 quasdam
1588 1183 1937 1251 contingunt,

357 1276 492 1328 nihil
515 1276 659 1328 aliud
689 1290 853 1344 quam
887 1274 1231 1329 sacerdotum
1259 1272 1457 1327 bonam
1477 1274 1937 1329 existimationem

352 1367 729 1422 contaminare
755 1408 768 1429 ,
804 1376 859 1419 et
892 1366 943 1419 in
979 1380 1111 1434 pace
1142 1365 1453 1433 degentium
1488 1367 1817 1435 populorum
1850 1375 1941 1422 tu-

357 1458 563 1510 multus
588 1444 861 1510 coucitare
883 1465 1145 1510 conantes
1166 1495 1181 1520 ,
1214 1470 1277 1509 ea
1308 1456 1375 1509 de
1400 1471 1563 1511 causa
1587 1457 1790 1526 placuit
1815 1473 1943 1512 san-

355 1557 458 1601 ctae
491 1549 700 1618 synodo
745 1546 1124 1616 episcoporum
1159 1547 1254 1616 qui
1294 1545 1773 1617 Constantinopoli
1802 1563 1937 1601 con-

359 1647 649 1701 venerunt,
690 1653 791 1693 nec
817 1639 936 1691 sine
962 1638 1305 1692 discussione
1331 1638 1620 1692 admittere
1657 1647 1942 1693 accusato-

354 1746 485 1793 res,
530 1746 629 1783 nec
683 1730 965 1794 omnibus,
1019 1744 1211 1784 eorum
1279 1730 1372 1797 qui
1431 1730 1706 1785 Ecclesias
1764 1729 1941 1783 admi-
1975 1721 2016 1776 Β

354 1822 609 1883 nistrant,
644 1822 1027 1876 accusationes
1050 1822 1384 1889 permittere,
1420 1836 1520 1875 nec
1544 1834 1731 1876 omnes
1755 1823 1939 1875 exclu-

356 1914 484 1967 dere
518 1932 529 1967 :
576 1913 668 1967 sed
719 1913 764 1966 si
802 1913 926 1981 quis
966 1913 1244 1981 propriam
1289 1912 1510 1981 quidem
1550 1912 1850 1980 querelam,
1884 1912 1936 1967 id

354 2012 440 2057 est
468 2003 759 2071 privatam,
808 2001 1054 2055 intendat
1083 2001 1359 2070 episcopo,
1386 2009 1445 2055 ut
1477 2002 1802 2055 detrimento
1836 2002 1939 2055 ali-

356 2111 483 2163 quo,
510 2096 592 2147 vel
626 2095 828 2160 injuria
857 2094 1037 2163 aliqua
1068 2095 1135 2148 ab
1170 2094 1286 2162 ipso
1314 2092 1567 2157 affectus;
1593 2094 1647 2146 in
1670 2094 1938 2163 ejusmodi

356 2189 801 2243 accusationibus
840 2204 941 2243 nec
964 2188 1305 2243 accusatoris
1331 2203 1644 2258 personam,
1681 2204 1780 2244 nec
1808 2190 1940 2243 reli-

357 2283 571 2351 gionem
604 2282 926 2336 examinari.
958 2280 1183 2351 Oportet
1210 2282 1354 2333 enim
1385 2280 1622 2349 episcopi
1658 2282 1941 2335 conscien-

358 2377 491 2429 tiam
520 2391 641 2431 esse
683 2376 941 2431 omnibus
977 2376 1155 2429 modis
1189 2375 1438 2440 liberam,
1475 2386 1529 2428 et
1559 2390 1682 2427 eum
1716 2375 1808 2442 qui
1836 2374 1941 2428 sibi

357 2469 618 2537 injuriam
658 2468 857 2522 factam
884 2482 1005 2523 esse
1039 2466 1192 2531 dicit,
1218 2466 1597 2535 cujuscunque
1627 2468 1697 2520 sit
1727 2466 1942 2535 religio-

356 2564 462 2623 nis,
496 2561 586 2631 jus
619 2576 778 2615 suum
814 2560 1097 2629 consequi.
1130 2558 1187 2613 Si
1225 2568 1406 2612 autem
1436 2559 1505 2614 sit
1533 2561 1736 2613 crimen
1770 2558 1942 2613 eccle-

355 2654 636 2707 siasticum
661 2692 675 2714 ,
708 2651 853 2719 quod
888 2650 1146 2719 episcopo
1194 2649 1531 2713 intenditur,
1574 2656 1704 2702 tunc
1734 2649 1939 2702 exami-

357 2745 475 2799 nari
524 2758 793 2814 personas
836 2751 1219 2796 accusatorum
1272 2756 1285 2791 :
1338 2747 1394 2793 ut
1440 2739 1676 2809 primum
1722 2738 1941 2807 quidem

360 2836 637 2890 haereticis
678 2850 785 2888 non
829 2834 991 2888 liceat
1032 2831 1366 2886 orthodoxos
1410 2830 1699 2900 episcopos
1729 2844 1827 2898 pro
1857 2846 1945 2883 re-

357 2929 463 2984 bus
500 2927 887 2983 ecclesiasticis
930 2939 1209 2979 accusare.
1252 2922 1547 2978 Haereticos
1587 2931 1768 2977 autem
1813 2922 1948 2976 dici-

2037 464 2200 518 πάλιν
2238 465 2556 519 ἐπισκόπων
2595 466 3078 537 ἁποστελλομένων
3117 467 3260 536 πρὸς
3297 467 3512 521 αὐτόν·
3544 469 3648 522 ἐὰν

2035 554 2092 607 δὲ
2120 555 2214 608 καὶ
2247 555 2419 620 οὕτως
2452 558 2874 628 καταφρονήσας
2918 557 2994 628 μὴ
3039 559 3378 628 ἀπαντήσοι,
3419 559 3455 629 ἡ
3513 558 3648 610 σύν-

2035 648 2154 711 οδος
2183 648 2568 716 ἀποφαινέσθω
2602 650 2721 704 κατ’
2756 651 2923 704 αὐτοῦ
2958 650 3028 704 τὰ
3054 650 3349 717 δοκοῦντα,
3382 652 3538 714 ὅπως
3564 653 3644 722 μὴ

2037 739 2164 811 δόξῃ
2196 740 2500 810 κερδαίνειν
2546 742 2878 809 φυγοδικῶν.

2164 831 2434 885 Συινονδου
2456 832 3150 899 Κωνσταντινουπόλεως
3186 830 3407 885 κανὼν
3442 832 3523 897 ς’.

2110 932 2186 989 ς’.
2236 925 2458 995 Ἐπειδὴ
2494 926 2679 978 πολλοὶ
2713 925 2815 996 τὴν
2850 925 3332 997 ἐκκλησιαστικὴν
3379 925 3647 991 εὐταξίαν

2041 1017 2262 1083 συγχεῖν
2304 1016 2398 1069 καὶ
2440 1016 2769 1087 ἀνατρέπειν
2810 1015 3151 1086 βουλόμενοι,
3192 1014 3522 1085 φιλέχθρως
3551 1018 3649 1067 καὶ

2041 1108 2455 1176 συκοφαντικῶς
2484 1108 2664 1169 αἰτίας
2687 1107 2838 1171 τινὰς
2866 1107 3010 1161 κατὰ
3048 1106 3156 1160 τῶν
3192 1107 3647 1175 οίκονομούντω

2039 1191 2140 1254 τὰς
2183 1193 2512 1264 Ἐκκλησίας
2544 1194 2842 1264 ὀρθοδόξων
2873 1194 3191 1249 ἐπισκόπων
3240 1193 3649 1264 συμπλάσσου-

2042 1300 2147 1345 σιν,
2178 1283 2330 1336 οὐδὲν
2358 1285 2543 1355 ἓτερον
2572 1286 2605 1355 ἢ
2633 1285 2875 1355 χραίνειν
2903 1285 3002 1348 τὰς
3044 1285 3153 1341 τῶν
3182 1287 3387 1356 ἱερέων
3436 1286 3647 1356 ὑποληο

2040 1359 2183 1441 ψεις,
2216 1375 2310 1428 καὶ
2327 1374 2572 1446 ταραχὰς
2591 1375 2700 1431 τῶν
2716 1377 3102 1447 εἰρηνευόντων
3124 1377 3270 1431 λαῶν
3286 1394 3579 1433 κατασκευ
3588 1379 3650 1430 i-

2042 1465 2157 1527 ζειν
2208 1465 2637 1537 ἐπιχειροῦντες,
2688 1468 2880 1521 τούτου
2926 1468 3112 1521 ἐνεκεν
3162 1470 3336 1540 ἡρεσε
3387 1472 3461 1540 τῇ
3515 1470 3647 1539 ἁγίᾳ

2046 1556 2249 1627 συνόδῳ
2304 1558 2412 1611 τῶν
2463 1560 2521 1611 ἐν
2561 1559 3135 1612 Κωνσταντινουπόλει
3211 1559 3649 1629 συνδραμόντων

2044 1647 2382 1715 ἐπισκόπων,
2432 1648 2507 1720 μὴ
2538 1649 2909 1715 ἀνεξετάστως
2954 1650 3280 1720 προσίεσθαι
3326 1652 3465 1713 τοὺς
3519 1668 3647 1703 κατι

2045 1739 2300 1812 ηγόρους,
2335 1741 2468 1812 μηδὲ
2511 1744 2678 1796 πᾶσιν
2737 1743 3132 1814 ἐπιτρέπεσθαι
3164 1743 3266 1806 τὰς
3297 1743 3645 1813 κατηγορίας

2045 1828 2318 1883 ποιεῖσθαι
2349 1830 2491 1884 κατὰ
2531 1830 2639 1884 τῶν
2673 1831 3107 1902 οἰκονομούντων
3133 1834 3236 1894 τὰς
3279 1832 3645 1901 Ἐκκλησίες,

2049 1924 2184 1995 μήτε
2217 1923 2323 1996 μὴν
2354 1924 2561 1988 πάντας
2591 1924 2923 1978 ἀποκλείειν*
2956 1924 3071 1978 ἀλλ’
3101 1926 3149 1978 εί
3179 1926 3282 1996 μέν
3313 1943 3406 1989 τις
3436 1926 3645 1978 οἰκείαν

2044 2014 2166 2069 τινὰ
2195 2015 2423 2085 μέμψιν,
2454 2016 2734 2069 τουτέστιν
2769 2016 3065 2087 ἰδιωτικὴν,
3101 2017 3386 2084 ἐπαγάγοι
3418 2015 3502 2084 τῷ
3534 2018 3649 2067 ἐπι-

2048 2106 2255 2175 σκόπῳ,
2287 2104 2363 2169 ὡς
2392 2106 2829 2176 πλεονεκτηοεὶς,
2858 2107 2889 2177 ἢ
2913 2107 3040 2162 ἄλλο
3073 2126 3125 2161 τι
3154 2109 3308 2179 παρὰ
3339 2109 3406 2159 τὸ
3435 2109 3647 2161 δίκαιον

2046 2198 2177 2267 παρ’
2200 2198 2364 2250 αὐτοῦ
2394 2197 2700 2262 πεπονθὼς,
2717 2199 2810 2251 ἐπὶ
2837 2198 2945 2251 τῶν
2974 2199 3236 2253 τοιούτων
3262 2200 3645 2269 κατηγοριῶν,

2050 2289 2123 2360 μὴ
2174 2288 2546 2355 ἐξετάξεσθαι,
2602 2290 2739 2359 μήτε
2791 2289 3084 2359 πρόσωπον
3140 2289 3235 2363 τοῦ
3294 2291 3641 2361 κατηγόρου,

2050 2381 2185 2449 μήτε
2214 2378 2314 2449 τὴν
2340 2379 2656 2452 θρησκείαν⁸
2674 2380 2778 2450 χρὴ
2800 2380 2907 2451 γὰρ
2933 2381 3097 2434 παντὶ
3114 2381 3329 2452 τρόπῳ,
3362 2382 3494 2433 τότε
3524 2400 3644 2434 συν-

2046 2471 2185 2534 ειδὸς
2229 2470 2325 2523 τοῦ
2370 2471 2671 2524 ἐπισκόπου
2722 2472 3007 2543 ἐλεύθερον
3051 2469 3209 2537 εἶναι,
3248 2474 3349 2526 καὶ
3392 2474 3489 2527 τὸν
3532 2474 3648 2526 ἀδι-

2047 2562 2262 2617 κεῖσθαι
2304 2560 2532 2631 λέγοντα
2582 2563 2699 2626 οἵας
2737 2560 2862 2635 ἂνῇ
2905 2564 3225 2633 θρησκείας,
3258 2565 3376 2617 τῶν
3420 2564 3647 2618 δικαίων

2046 2654 2357 2723 τυγχάνειν.
2389 2654 2455 2706 El
2479 2653 2536 2707 δέ
2563 2654 3018 2725 ἐκκλησιαστικὸν
3049 2656 3137 2724 εἴη
3160 2656 3219 2709 τὸ
3240 2657 3648 2726 ἐπιφερόμενον

2049 2745 2301 2817 ἔγκλημα
2333 2746 2411 2817 τῷ
2444 2747 2753 2819 ἐπισκόπῳ,
2798 2750 2921 2801 τότε
2954 2748 3354 2818 δοκιμάζεσθαι
3398 2749 3513 2820 χρὴ
3545 2750 3649 2803 τῶν

2043 2837 2504 2909 ’κατηγορούντων
2532 2838 2601 2890 τὰ
2622 2839 2906 2908 πρόσωπα,
2942 2841 3028 2893 ἵνα
3060 2841 3276 2911 πρῶτον
3295 2842 3408 2911 μὲν
3435 2845 3647 2913 αίρετιο

2051 2928 2169 2989 κοῖς
2195 2924 2270 2996 μὴ
2298 2926 2392 2996 ἐξῇ
2423 2927 2759 2996 κατηγορίας
2784 2926 2924 2980 κατὰ
2947 2927 3055 2981 τῶν
3084 2928 3392 2997 ὀρθοδόξων
3418 2928 3651 2981 ἐπισκό-

361 3040 486 3078 mus
525 3031 580 3077 ct
609 3023 701 3092 qui
738 3022 866 3074 olim
907 3021 974 3073 ab
1004 3019 1243 3072 Ecclesia
1284 3016 1517 3071 abdicati
1566 3026 1735 3081 sunt,
1774 3024 1829 3069 et
1853 3015 1945 3085 qui

2066 3033 2172 3068 πων
2225 3015 2367 3087 ὑπὲρ
2400 3017 2872 3087 ἐκκλησιαστικῶν
2920 3020 3267 3089 πραγμάτων
3328 3021 3648 3073 ποιεῖσθαι·

363 3122 491 3170 sunt
536 3121 721 3182 postea
755 3126 786 3164 a
821 3110 981 3163 nobis
1012 3105 1457 3161 anathematizati
1491 3123 1505 3159 :
1548 3104 1735 3158 adliaec
1767 3113 1947 3157 autem

364 3215 419 3259 et
449 3220 564 3268 eos,
606 3203 698 3270 qui
734 3217 792 3256 se
824 3216 1012 3256 sanam
1040 3199 1262 3269 quidem
1297 3197 1455 3251 fidem
1484 3195 1733 3251 confiteri
1762 3210 1872 3264 pra}
1894 3210 1954 3250 se

365 3298 569 3361 ferunt,
601 3296 775 3350 avulsi
814 3302 995 3349 autem
1046 3301 1175 3349 sunt
1216 3303 1269 3347 et
1308 3293 1560 3357 abscissi,
1602 3299 1657 3345 et
1692 3291 1952 3345 adversus

366 3390 665 3445 canonicos
685 3396 903 3441 nostros
923 3386 1212 3455 episcopos
1232 3384 1706 3454 congregationem
1727 3382 1951 3438 faciunt.

365 3478 638 3535 Pratterea
676 3485 859 3530 autem
893 3483 949 3529 et
991 3474 1037 3528 si
1069 3474 1238 3543 aliqui
1272 3487 1463 3527 eorum
1506 3472 1575 3525 ab
1619 3471 1858 3526 Ecclesia
1886 3471 1957 3525 ob

370 3571 585 3639 aliquas
615 3582 810 3622 causas
838 3566 994 3635 prius
1031 3565 1414 3627 condemnati,
1455 3572 1510 3618 et
1542 3563 1697 3631 ejecti
1746 3563 1827 3616 vel
1859 3578 1957 3617 ex-

371 3660 761 3717 commui'iicati
804 3658 1042 3720 fuerint,
1081 3656 1195 3710 sive
1228 3672 1294 3709 ex
1326 3655 1510 3720 clero,
1554 3655 1669 3709 sive
1696 3670 1760 3707 ex
1793 3654 1958 3709 laico-

372 3770 494 3808 rum
532 3752 723 3805 ordine
749 3790 762 3812 ,
810 3765 911 3803 nec
956 3748 1035 3802 eis
1082 3747 1247 3801 licere
1302 3746 1619 3815 episcopum
1658 3761 1916 3801 accusare
1941 3787 1957 3811 ,

374 3846 694 3915 priusquam
726 3840 1009 3909 preprium
1042 3838 1250 3893 crimen
1279 3836 1654 3891 absterserint.
1700 3836 1961 3890 Similiter

372 3945 553 3989 autem
599 3942 655 3987 et
685 3929 921 3999 eos,qui
970 3927 1380 3997 priu5232rei
1434 3926 1562 3979 facti
1608 3929 1961 3996 accusatique

372 4032 523 4086 sunt,
568 4037 675 4077 non
714 4021 866 4089 prius
904 4020 970 4073 ad
1001 4018 1245 4087 episcopi
1271 4018 1353 4071 vel
1372 4017 1601 4071 aliorum
1637 4020 1958 4074 clericorum

372 4116 779 4170 accusationem
822 4110 1070 4174 admitti,
1090 4125 1253 4178 quam
1274 4125 1333 4163 se
1353 4108 1687 4177 objectorum
1713 4110 1815 4163 sibi
1850 4110 1961 4163 cri-

373 4210 581 4262 minum
633 4208 879 4260 insontes
926 4201 1289 4258 ostenderint.
1341 4199 1448 4254 Sed
1491 4199 1536 4254 si
1581 4200 1830 4255 nonnulli
1863 4215 1964 4254 nec

376 4296 650 4361 haeretici,
703 4310 805 4348 nec
845 4290 1309 4348 cxcommuuicati
1370 4289 1607 4353 fuerint,
1668 4304 1771 4344 nec
1814 4289 1965 4359 prius

2053 3107 2363 3177 αἱρετικοὺς
2393 3108 2452 3161 δὲ
2484 3108 2716 3177 λέγομεν
2740 3108 2865 3173 τούς
2889 3127 2949 3164 τε
2971 3111 3141 3165 πάλαι
3168 3110 3272 3180 τῆς
3313 3113 3652 3182 Ἐκκλησίας

2053 3197 2560 3268 ἀποκηρυχθέντας,
2617 3200 2713 3253 καὶ
2757 3202 2886 3264 τοὺς
2935 3200 3076 3271 μετὰ
3119 3202 3295 3257 ταῦτα
3347 3204 3443 3272 ὑφ’
3494 3204 3651 3274 ἡμῶν

2054 3288 2609 3358 ἀναθεματισθένταςο
2666 3290 2802 3361 πρὸς
2850 3290 2908 3344 δὲ
2954 3291 3185 3356 τούτοις,
3238 3292 3336 3348 καὶ
3379 3295 3513 3358 τοὺς
3556 3294 3649 3365 τὴν

2056 3380 2240 3433 πίστιν
2291 3382 2389 3450 μὲν
2433 3381 2534 3449 τὴν
2590 3381 2717 3452 ὑγιῆ
2770 3384 3277 3453 προσποιουμένους
3337 3386 3650 3455 ὁμολογεῖν,

2056 3466 2464 3537 ἀποσχίσαντας
2487 3467 2545 3520 δέ
2571 3470 2666 3521 καὶ
2705 3470 3165 3539 ἀντιωνάγοντας
3192 3475 3308 3537 τοῖς
3340 3477 3654 3537 κανονικοίς

2058 3555 2215 3629 ὴμῶν
2236 3559 2579 3623 ἐπισκόποιςο
2609 3560 2799 3613 ἔπειτα
2824 3561 2880 3614 δὲ
2908 3561 3002 3615 καὶ
3030 3563 3085 3615 εί
3103 3580 3249 3627 τινες
3274 3564 3390 3617 τῶν
3423 3564 3539 3617 ἀπὸ
3557 3565 3654 3632 τῆς

2072 3650 2398 3721 Ἐκκλησίας
2434 3652 2528 3704 ἐπὶ
2568 3652 2768 3715 αἰτίαις
2798 3653 2911 3705 τισὶ
2948 3657 3515 3726 προκατεγνωσμένοι
3546 3651 3653 3707 εἷεν

2059 3743 2156 3797 καὶ
2198 3742 2655 3815 ἀποϐεϐλημένοι,
2700 3744 2733 3815 ἥ
2777 3745 3153 3816 ἀκοινώνητοι,
3206 3746 3319 3799 εἴτε
3369 3747 3484 3801 ἀπὸ
3520 3748 3653 3817 κλή-

2063 3852 2179 3906 ρου,
2211 3836 2320 3887 εἴτε
2345 3836 2453 3890 ἀπὸ
2479 3835 2667 3889 λαῖκοῦ
2690 3837 2973 3905 τάγματος
3001 3879 3015 3903 ,
3045 3839 3179 3909 μηδέ
3207 3838 3428 3902 τούτοις
3453 3841 3653 3904 ἐξεῖναι

2062 3932 2388 3999 κατηγορεῖν
2428 3929 2752 3993 ἐπισκόπου,
2801 3931 2931 3999 πρὶν
2975 3929 3041 3983 ἂν
3079 3930 3136 3982 τὸ
3163 3931 3366 3983 οἰκεῖον
3401 3930 3654 3999 ἔγκλημα

2062 4020 2325 4089 πρότερον
2357 4018 2753 4072 ἀποδύσωνται·
2773 4019 2974 4090 ὁμοίως
3008 4019 3064 4072 δὲ
3098 4020 3190 4072 καὶ
3220 4019 3353 4082 τοὺς
3389 4020 3499 4072 ὑπὸ
3528 4036 3654 4071 κατ-

2062 4111 2293 4183 ηγορίαν
2350 4109 2730 4180 προλαϐοῦσαν
2780 4111 2961 4175 ὂντας,
2998 4111 3072 4180 μὴ
3102 4111 3373 4181 πρότερον
3402 4110 3543 4164 εἶναι
3569 4111 3652 4163 δε-

2063 4203 2227 4265 κτοὺς
2252 4202 2332 4264 εἰς
2368 4201 2666 4255 ἐπισκόπου
2698 4202 3089 4271 κατηγορίανῆ
3119 4202 3325 4270 ἐτέρων
3348 4200 3649 4271 κληρικῶν,

2067 4294 2195 4361 πρὶν
2250 4292 2317 4346 ἂν
2356 4291 2566 4356 ἀθώους
2624 4293 2855 4357 ἑαυτοὺς
2899 4292 3007 4345 τῶν
3053 4292 3412 4361 ἐπαχθέντων
3477 4293 3653 4354 αὐτοῖς

375 4389 642 4455 damnati,
677 4388 761 4439 vel
792 4388 1098 4455 aliquorum
1130 4383 1425 4437 criminum
1459 4382 1735 4447 accusati,
1776 4383 1950 4437 dicant

2066 4384 2418 4450 ἀποδείξωσιν
2466 4383 2850 4453 ἐγκλημάτων.
2916 4384 2978 4436 El
3036 4383 3221 4452 μέντοι
3273 4382 3445 4448 τινὲς,
3517 4383 3653 4451 μήτε

378 4490 560 4536 autem
596 4495 655 4534 se
694 4480 896 4532 habere
932 4476 1149 4544 aliquas
1186 4475 1447 4528 adversus
1498 4474 1813 4542 episcopum
1849 4474 1959 4527 cri-

379 4576 726 4631 minationes,
785 4584 880 4624 eos
903 4568 1057 4634 jubet
1084 4576 1271 4620 sancta
1298 4565 1540 4636 synodus
1565 4567 1803 4634 primum
1837 4567 1960 4636 qui-

378 4668 503 4720 dem
538 4663 679 4732 apud
701 4659 998 4729 provincia:
1027 4658 1314 4726 episcopos
1341 4660 1747 4713 accusationem
1773 4675 1962 4728 perse-

380 4757 501 4827 qui,
542 4764 597 4810 et
618 4754 758 4822 apud
790 4768 885 4806 cos
917 4751 1149 4818 probare
1175 4749 1403 4803 crimina
1445 4736 1704 4817 episcopi,
1733 4752 1825 4819 qui
1863 4751 1964 4804 ali-

384 4863 616 4919 quarum
655 4861 836 4899 rerum
868 4854 1186 4897 accusatur.
1213 4840 1371 4905 Quod
1397 4840 1441 4895 si
1464 4843 1726 4905 evenerit,
1759 4852 1815 4895 ut
1839 4858 1965 4911 pro-

381 4940 641 4995 vinciales
669 4935 917 5006 episcopi
948 4933 1180 4988 crimina
1205 4971 1220 4996 ,
1262 4947 1382 5000 quae
1417 4931 1673 5000 episcopo
1702 4931 1963 4987 intentata

382 5041 531 5097 sunt,
563 5030 694 5091 corr'
712 5041 839 5096 gere
872 5040 981 5079 non
1013 5024 1247 5094 possint,
1282 5032 1410 5076 tunc
1437 5022 1588 5092 ipsos
1614 5024 1874 5078 accedere
1898 5028 1963 5077 ad

383 5122 648 5190 majorem
672 5116 941 5189 synodum
974 5115 1232 5170 dioecesis
1262 5113 1406 5167 illius
1439 5116 1843 5184 episcoporum,
1867 5131 1965 5184 pro

380 5228 548 5268 causa
597 5217 1060 5271 convecatorum;
1113 5214 1168 5259 ct
1212 5206 1614 5259 accusationem
1666 5222 1771 5259 non
1814 5210 1966 5276 prius

383 5307 698 5369 intendere,
742 5318 907 5372 quam
944 5302 997 5353 in
1036 5299 1252 5367 scriptis
1289 5298 1498 5366 aequale
1527 5300 1825 5368 periculum
1860 5301 1962 5355 sibi

380 5407 665 5460 statuant,
703 5395 747 5449 si
778 5393 1002 5464 quidem
1050 5394 1102 5445 in
1137 5391 1300 5444 rebus
1329 5391 1703 5445 examinandis
1735 5407 1964 5446 accusa-

381 5499 498 5543 tum
525 5476 843 5558 episcOpum
878 5483 1202 5542 calumniari
1231 5481 1464 5536 convicti
1500 5482 1720 5537 fuerint.
1757 5482 1814 5537 Si
1843 5484 1965 5553 quis

384 5591 566 5637 autem
604 5583 673 5636 iis
706 5596 827 5649 qua:
853 5621 868 5647 ,
907 5589 968 5634 ut
1010 5578 1162 5647 prius
1212 5575 1548 5631 declaratum
1589 5584 1706 5641 est,
1750 5577 1966 5631 decreta

386 5675 641 5741 faciunt,
679 5671 1043 5743 contemptis,
1079 5683 1246 5725 ausus
1288 5667 1453 5723 fuerit
1498 5667 1579 5722 vel
1623 5667 1965 5738 imperatoris

2062 4478 2351 4549 αἱρετικοὶ,
2382 4478 2521 4546 μήτε
2547 4474 2902 4545 ἀκοινώτητοι
2922 4471 3054 4541 εἶεν,
3092 4475 3232 4547 μήτε
3263 4474 3653 4544 κατεγνωσμέ-

2063 4588 2165 4634 νοι,
2205 4569 2239 4639 ἢ
2292 4568 2846 4638 προκατηγορημένοι
2897 4567 2991 4621 ἐπί
3030 4584 3141 4620 τισι
3190 4567 3648 4636 πλημμελήμασι,

2062 4661 2273 4729 λέγοιεν
2302 4660 2358 4712 δέ
2407 4659 2550 4728 ἔχειν
2582 4658 2707 4711 τινὰ
2740 4658 3199 4730 ἐκκλησιαστικὴν
3243 4662 3390 4711 κατὰ
3416 4658 3510 4711 τοῦ
3538 4661 3653 4711 ἐπι-

2066 4752 2270 4806 σκόπου
2310 4751 2670 4820 κατηγορίαν,
2698 4750 2912 4813 τούτοις
2947 4750 3158 4804 κελεύει
3185 4753 3218 4821 ἡ
3257 4752 3392 4818 ἁγία
3438 4751 3651 4814 σύνοδος

2066 4844 2280 4914 πρῶτον
2317 4843 2414 4911 μέν
2447 4843 2540 4893 ἐπὶ
2584 4842 2695 4895 τῶν
2732 4842 2832 4911 τῆς
2874 4843 3143 4913 ἐπαρχίας
3169 4845 3391 4896 πάντων
3430 4844 3651 4896 ἐπισκό-

2066 4952 2183 4987 πων
2240 4934 2553 4988 ἐνίστασθαι
2610 4934 2709 4997 τὰς
2768 4934 3117 5004 κατηγορίας,
3174 4935 3269 4988 καὶ
3320 4937 3413 4988 ἐπ’
3476 4935 3650 4987 αὐτῶν

2064 5023 2305 5093 ἐλέγχειν
2337 5022 2406 5076 τὰ
2438 5022 2760 5094 ἐγκλήματα
2788 5023 2881 5076 τοῦ
2916 5025 2975 5076 ἐν
3006 5022 3207 5086 αἰτίαις
3227 5024 3395 5076 ’τισὶν
3424 5024 3644 5076 ἐπισκό-

2067 5130 2192 5166 που,
2238 5114 2297 5164 Εἰ
2342 5113 2398 5165 δέ
2451 5113 2697 5185 συμϐαίη
2746 5114 3078 5184 ἀδυνατῆσαι
3124 5114 3249 5179 τοὺς
3298 5114 3645 5185 ἐπαρχεὼτας

2066 5206 2204 5278 πρὸς
2247 5205 2534 5277 διόρθωσιν
2567 5206 2676 5259 τῶν
2717 5206 3128 5276 ἐπιφερομένων
3170 5207 3534 5276 ἐγκλημάτων
3575 5207 3647 5274 τῷ

2065 5299 2370 5369 ἐπισκόπῳ,
2397 5300 2521 5352 τότε
2553 5300 2749 5361 αὐτοὺς
2774 5301 3059 5369 προσιέναι
3085 5298 3294 5369 μείζονι
3318 5301 3525 5369 συνόδῳ
3551 5301 3647 5351 τῶν

2064 5390 2164 5461 τῆς
2191 5391 2513 5462 διοικήσεως
2556 5392 2771 5462 ἐκείνης
2819 5392 3135 5445 ἐπισκόπων
3165 5392 3308 5464 ὑπὲρ
3346 5392 3447 5460 τῆς
3473 5392 3645 5454 αἰτίας

2065 5484 2269 5556 ταύτης
2307 5485 2765 5556 συγκαλουμένων
2790 5502 2804 5515 °
2845 5486 2940 5540 καὶ
2984 5484 3059 5556 μὴ
3089 5484 3306 5554 πρῶτον
3336 5482 3645 5538 ἐνίστασθαι

2066 5574 2165 5643 τὴν
2204 5574 2562 5645 κατηγορίαν,
2597 5576 2727 5644 πρὶν
2756 5575 2790 5645 ἢ
2841 5574 3137 5645 ἐγγράφως
3179 5572 3377 5634 αὐτοὺς
3410 5572 3502 5624 τὸν
3540 5569 3643 5621 ἴσον

2071 5666 2252 5729 αὐτοῖς
2300 5665 2757 5721 ὑποτιννύσασθαι
2812 5665 3087 5733 κίνδυνον,
3131 5666 3291 5735 εἴπερ
3323 5666 3380 5717 ἐν
3427 5665 3491 5733 τῇ
3546 5661 3641 5712 τῶν
