3842 6224
94 180 183 244 701
935 178 1333 241 SYNTAGMA
1363 176 1665 238 CANONU

1792 201 1862 212 --
1887 175 2034 236 'ITI‘.
2068 176 2172 250 ΙΧ,
2223 176 2382 240 CAP.
2417 177 2469 238 Ι.
3215 178 3323 242 702

94 292 430 364 πραγμάτων
461 290 1181 360 ἐξετάσειβυκοφαντοῦντες
1207 290 1300 342 τὸν
1325 287 1657 359 κατηγορούς

1786 302 1921 341 ures
1958 286 2206 343 molestia
2240 286 2479 352 adicere,
2524 285 2609 342 vel
2646 287 2986 343 saecularium
3017 289 3324 361 principum

96 402 246 457 μενον
273 385 570 439 ἐπίσκοπον
587 383 888 453 ἐλεγχθεῖεν
905 400 919 413 ·
943 387 992 436 εί
1021 383 1079 436 δέ
1110 400 1191 445 τις
1234 380 1656 450 καταφρονήσας

1786 378 1959 432 udicia
1994 379 2076 431 vel
2127 378 2489 432 universalem
2528 380 2794 449 synodum
2846 382 3195 448 perturbare,
3233 398 3300 437 ne

94 479 193 531 τῶν
222 478 360 531 κατά
385 479 458 530 τὰ
490 476 900 546 προδηλωθὲντα
931 475 1266 545 δεδογμένων
1287 515 1301 539 ,
1335 472 1655 542 τολμήσειεν

1786 469 1952 535 ductis
1974 470 2225 524 dioecesis
2261 469 2532 539 episcopis
2550 510 2566 533 .
2600 485 2724 524 eum
2755 472 2903 525 nullo
2930 473 3093 527 modo
3119 490 3238 528 esse
3262 474 3328 527 ad

96 568 436 639 ἧβασιλικάς
482 568 717 639 ἐνοχλεῖν
760 567 1016 639 ἀκοάς,ἥ
1058 565 1335 637 κοσμικῶν
1379 563 1654 634 ἀρχόντων

1786 559 2164 612 recusationem
2204 557 2616 625 admittendum,
2651 569 2707 613 ut
2729 559 2821 629 qui
2847 562 3150 616 canonibus
3186 562 3332 632 injn;

97 660 431 729 δικαστήρια,
464 661 495 729 ἢ
527 660 908 728 οἱκουμενικὴν
936 657 1152 711 σύνοδον
1181 657 1496 728 ταράσσειν,
1523 652 1657 706 πάν-

1786 649 1897 704 iam
1929 650 2137 715 fecerit,
2168 658 2223 705 et
2247 650 2675 705 ecclesiasticum
2702 653 2944 705 ordinem
2976 654 3256 708 everterit.

96 766 183 810 τας
204 750 477 818 ἀτιμάσας
505 750 629 811 τοὺς
669 749 766 817 τῆς
799 748 1117 818 διοικήσεως
1163 746 1515 806 ἐπισκόπους,
1557 743 1647 795 τὸν
1683 740 1923 794 τοιοῦτον
1947 742 2026 804 είς
2053 740 2384 809 κατηγορίαν
2443 742 2505 793 τὸ
2558 744 2819 812 παράπαν
2845 743 2921 813 μὴ
2951 737 3093 798 εἶναι
3116 744 3328 810 δεκτόν,

101 844 166 904 ὡς
186 841 588 911 καθυϐρίσαντα
618 840 745 902 τοὺς
769 839 1022 903 κανόνας,
1045 839 1140 892 καὶ
1162 838 1259 905 τὴν
1284 834 1741 906 ἐκκλησιαστικὴν
1772 832 2153 904 λυμηνάμενον
2182 832 2453 897 εὐταξίαν.

297 930 567 983 Συγόδου
594 930 983 997 Χαλκηδόνος
1019 930 1219 983 κανὼν
1239 927 1303 981 θ’.
1338 933 1446 982 καν.

1968 923 2191 978 Concilii
2221 924 2654 977 Chalcedonensis
2681 940 2904 980 canones
2938 927 2994 994 9,
3024 927 3114 983 2!.

166 1022 205 1076 θ’
227 1021 290 1075 Ei
316 1039 398 1083 τις
431 1021 690 1091 κληρικὸς
719 1021 858 1091 πρὸς
880 1021 1145 1092 κληρικὸν
1174 1022 1405 1091 πρᾶγμα
1428 1018 1561 1089 ἔχει,
1586 1016 1659 1087 μὴ

1829 1014 1884 1070 9.
1934 1014 1993 1068 Si
2037 1015 2160 1082 quis
2189 1013 2420 1067 clericus
2454 1012 2770 1066 habetcum
2813 1014 3008 1069 clerico
3040 1016 3188 1070 litem
3239 1027 3335 1071 aut

101 1111 619 1180 ἐγκαταλιμπανέτω
675 1111 766 1162 τὸν
819 1112 1022 1163 οἰκεῖον
1069 1110 1389 1172 ἐπίσκοπον,
1436 1108 1533 1161 καὶ
1570 1108 1664 1158 ἐπὶ

1786 1105 2058 1174 ιεεοιίυω,
2091 1104 2371 1173 pr0prium
2413 1104 2726 1172 episcopum
2758 1118 2828 1159 ne
2859 1105 3148 1173 relinquat,
3184 1117 3239 1160 et
3265 1109 3329 1160 ad

102 1205 323 1273 κοσμικά
370 1202 703 1271 δικαστήρια
755 1201 1158 1272 κατατρεχέτω,
1213 1200 1348 1255 ἀλλά
1400 1198 1664 1269 πρότερον

1786 1197 2041 1251 .aecularia
2073 1197 2277 1267 judicia
2326 1214 2393 1253 ne
2439 1207 2725 1269 excurrat,
2775 1200 2870 1255 sed
2917 1215 3138 1254 causam
3186 1203 3335 1270 prius

102 1298 189 1364 τὴν
216 1294 469 1347 ὑπόθεσιν
497 1292 823 1362 γυμναζέτω
847 1292 997 1363 παρὰ
1029 1292 1108 1363 τῷ
1139 1292 1253 1362 ἰδίῳ
1283 1290 1562 1359 ἐπισκόπῳ
1581 1305 1594 1318 ·
1625 1290 1658 1359 ή

1786 1290 1906 1357 apud
1952 1289 2229 1358 proprium
2278 1290 2590 1359 episcopum
2636 1300 2760 1361 agat
2799 1310 2812 1345 :
2846 1292 2932 1345 vel
2981 1292 3047 1346 de
3096 1292 3331 1360 episcopi

103 1386 221 1453 γοῦν
249 1384 441 1454 γνώμη
469 1381 638 1437 αὐτοῦ
667 1382 762 1436 τοῦ
800 1385 1121 1448 ἐπισκόπου,
1162 1383 1291 1452 παρ’
1321 1378 1403 1444 οἷς
1432 1382 1499 1434 ἂν
1533 1380 1659 1441 τοὺς

1786 1381 2057 1445 ιειιιοηιίιι,
2086 1380 2227 1447 apud
2260 1395 2354 1433 eos
2392 1395 2529 1449 quos
2556 1391 2784 1450 utraque
2820 1398 2944 1449 pars
2970 1384 3210 1452 elegerit,
3242 1383 3333 1452 ju-

103 1477 368 1545 ἀμφότερα
401 1474 546 1544 μέρη
578 1473 872 1544 βούλωνται
891 1514 906 1539 ,
936 1474 1005 1527 τὰ
1032 1475 1132 1543 τῆς
1157 1473 1314 1541 δίκης
1345 1471 1662 1541 συγκροτεϊα

1786 1470 1967 1524 licium
2014 1472 2263 1539 agitetur.
2300 1470 2355 1524 Si
2386 1472 2508 1540 quis
2538 1482 2719 1526 autem
2753 1484 2949 1543 praeter
2984 1474 3097 1528 haec
3127 1474 3333 1539 fecerit,

105 1569 235 1623 σθαι.
260 1568 319 1619 Εἰ
343 1566 401 1619 δέ
429 1584 518 1630 τις
547 1567 701 1636 παρά
735 1567 909 1620 ταῦτα
937 1567 1173 1634 ποιήσει,
1213 1563 1514 1624 κανονικοῖς
1536 1562 1657 1612 ἐπι-

1786 1558 1923 1629 333
1957 1560 2235 1615 canonicis
2266 1561 2444 1630 poenis
2478 1562 2820 1629 subjiciatur.
2873 1563 2927 1617 Si
2975 1564 3206 1619 clericus
3238 1581 3337 1617 au-

105 1658 284 1727 τιμίοις
323 1634 657 1710 ὑποκείσθω·
694 1658 830 1711 εἰδὲ
861 1658 954 1710 καὶ
994 1655 1252 1726 κληρικὸς
1279 1656 1510 1724 πρᾶγμα
1547 1651 1658 1722 ἔχει

1786 1667 1866 1705 em
1895 1665 2019 1704 cum
2050 1650 2268 1718 proprio
2299 1651 2383 1704 vel
2427 1651 2588 1704 etiam
2621 1652 2730 1705 alio
2769 1653 3023 1722 episcopo
3058 1655 3331 1724 negotium

106 1750 225 1817 πρὸς
252 1749 339 1800 τὸν
382 1748 519 1801 ἴδιον
557 1750 590 1819 ἦ
638 1749 732 1802 καὶ
769 1748 904 1820 πρὸς
932 1748 1118 1815 ἕτερον
1152 1744 1468 1806 ἐπίσκοπον,
1510 1743 1662 1812 παρά

107 1846 163 1911 τῇ
195 1841 387 1910 συνόδῳ
415 1842 522 1910 τῆς
570 1840 839 1910 ἐπαρχίας
876 1839 1199 1904 δικαζέσθω.
1227 1839 1291 1892 El
1319 1837 1377 1890 δέ
1409 1837 1545 1913 πρὸς
1572 1835 1662 1887 τὸν

106 1935 191 2000 τῆς
219 1932 378 1999 αὐτῆς
401 1932 674 2004 ἐπαρχίας
707 1931 1107 2002 μητροπολίτην
1136 1929 1431 1991 ἐπίσκοπος
1460 1928 1493 1999 ἢ
1527 1926 1662 1997 κλη-

113 2025 244 2093 ρικδς
284 2025 691 2093 ἀμφισϐητοίη,
744 2022 1212 2092 καταλαμϐανέτω
1244 2021 1279 2092 ἢ
1319 2021 1407 2073 τὸν
1437 2017 1663 2089 ἔξαρχον

108 2114 192 2183 τῆς
220 2115 558 2184 διοικήσεως,
592 2114 624 2185 ἢ
651 2114 741 2167 τὸν
772 2117 870 2183 τῆς
904 2112 1297 2182 βασιλευούσης
1316 2113 1661 2165 Κωνσταντι-

111 2203 384 2266 νουπόλεως
416 2204 633 2274 θρόνον,
661 2206 756 2258 καὶ
786 2204 871 2257 ἐπ’
907 2203 1056 2273 αὐτῷ
1090 2202 1413 2266 δικαζέσθω.

170 2295 266 2348 κα’.
297 2295 670 2365 Κληρικοὺςῆ
701 2295 940 2359 λαῖκους,
966 2292 1399 2363 κατηγοροῦντας
1442 2292 1662 2344 ἐπισκόο

114 2402 215 2437 πων
242 2384 273 2455 ή
298 2385 601 2455 κληρικῶν,
628 2385 815 2447 ἀπλῶς
843 2385 937 2437 καὶ
975 2384 1354 2451 ἀδοκιμάστως
1393 2381 1467 2452 μὴ
1493 2398 1662 2452 προσ-

114 2476 336 2544 δέχεσθαι
362 2478 440 2539 είς
466 2475 829 2546 κατηγορίαν,
856 2477 905 2528 εί
947 2474 1023 2546 μὴ
1049 2473 1314 2546 πρότερον
1349 2471 1661 2543 ἐξετασθείη

116 2566 274 2621 αὐτῶν
297 2570 330 2637 ἠ
355 2565 648 2635 ὑπόληψις.

117 2660 357 2715 Συνόδου
383 2658 813 2728 Καρθαγέννης
840 2657 1042 2710 κανὼν
1067 2663 1148 2728 -ην,
1194 2662 1285 2728 ια’,
1332 2654 1418 2726 ιβ’,
1453 2654 1531 2720 ιδ’,
1581 2653 1660 2720 ιε’,

492 2725 689 2793 ιθ’,“κ’,
722 2729 788 2793 λ’,
827 2733 945 2798 ρκη⁹
989 2725 1127 2798 ρκθ’,
1162 2726 1260 2795 ρλ’.

177 2819 300 2886 Περὶ
346 2816 463 2871 τῶν
482 2817 632 2883 τοὺς
661 2815 928 2885 Πατέρας
950 2815 1331 2884 αἰτιωμένων,
1376 2814 1475 2870 καὶ
1506 2813 1664 2868 ὥστε

112 2909 299 2977 μηδενί
343 2909 785 2976 διαϐεϐλημένῳ
837 2907 1090 2972 ἐξεῖναι,
1129 2906 1463 2960 ἐπισκόπου
1524 2922 1662 2958 κατ-

117 3001 344 3069 ηγορεῒν.

178 3097 239 3158 η’.
256 3091 559 3162 Νουμήδιος
586 3089 882 3151 ἐπίσκοπος
910 3087 1317 3154 Μαξουλιτᾶνος
1342 3081 1514 3141 εἷπεν·
1538 3086 1663 3141 Εἰσὶ

123 3180 284 3235 πολλοὶ
323 3184 420 3236 οὐκ
461 3182 677 3254 ἀγαθῆς
715 3179 1100 3250 ἀναστροφῆς,
1142 3180 1336 3244 οἵτινες
1400 3178 1662 3249 ἡγοῦνται

119 3274 226 3334 τοὺς
274 3274 512 3345 Πατέρας
559 3274 656 3328 καὶ
680 3272 1033 3338 ἐπισκόπους,
1080 3271 1155 3334 ὡς
1199 3272 1407 3343 ἔτυχεν,
1431 3271 1663 3341 ὀφείλειν

122 3364 376 3433 ἐνάγεσθαι
396 3382 411 3398 ο
448 3366 581 3430 τοὺς
624 3365 897 3430 τοιούτους
922 3364 1005 3417 δεῖ
1034 3363 1455 3435 προσδέχεσθαι,
1486 3364 1519 3434 ἢ
1553 3365 1660 3435 μή;

179 3624 423 3695 Αὐρήλιος
473 3623 775 3689 ἐπίσκοπος
830 3620 1007 3677 εἶπεν·
1065 3624 1317 3694 Ἀρέσκει
1368 3624 1548 3679 τοίνυν
1595 3627 1661 3696 τῇ

125 3712 286 3784 ἀγάπῃ
326 3715 496 3784 ὑμῶν,
528 3717 662 3779 τοὺς
695 3715 777 3778 είς
807 3732 929 3768 τινα
961 3714 1104 3785 μύση
1156 3714 1661 3785 ἐμπεπλεγμένους,

126 3804 244 3856 κατὰ
270 3806 518 3878 Πατέρων
554 3808 740 3876 φωνὴν
787 3807 1122 3876 κατηγορίας
1152 3806 1530 3873 ἀποτίθεσθαι;
1569 3807 1664 3860 Ἐκ

126 3896 312 3950 πάντων
348 3900 453 3951 τῶν
495 3899 817 3953 ἐπισκόπων
850 3898 1066 3970 ἐλέχθη,
1101 3899 1227 3954 Ἐὰν
1257 3898 1608 3970 διαὸἐὸληται
1635 3900 1664 3952 ό

126 3987 351 4052 τοιοῦτος,
380 3991 450 4062 μὴ
481 3989 814 4060 προσδεχθῇο

196 4096 322 4151 Ἐάν
350 4116 437 4166 τις
466 4101 873 4169 πρεσϐύτερος
912 4099 1062 4153 κατὰ
1087 4099 1194 4155 τοῦ
1230 4100 1385 4155 ἰδίου
1422 4100 1665 4155 ἐπισκό-

127 4201 227 4241 που
250 4194 555 4258 φυσιωθεὶς
569 4192 804 4262 σχίσμα
833 4190 993 4261 ποιῇ,
1012 4192 1275 4261 ἀνάθεμα
1300 4192 1472 4247 ἔστω.

180 4375 258 4423 ια’.
312 4370 440 4422 Ἀπὸ
501 4376 720 4425 πάντων
769 4370 877 4423 τῶν
930 4370 1242 4424 ἐπισκόπων
1287 4371 1501 4441 ἐλέχθη.
1544 4372 1667 4427 Ἐάν

132 4470 200 4517 τις
237 4460 623 4531 πρεσϐύτερος,
665 4461 725 4513 ἐν
779 4463 846 4530 τῇ
887 4460 1126 4531 διαγωγῇ
1172 4460 1336 4514 αὐτοῦ
1392 4478 1673 4530 καταγνω-

135 4547 237 4617 σῡῇ,
264 4551 451 4619 ὀφείλει
480 4554 508 4605 ὁ
561 4551 800 4614 τοιοῦτος
859 4554 971 4615 τοῖς
1022 4553 1327 4620 γειτνιῶσιν
1359 4554 1673 4616 ἐπισκόποις

135 4643 506 4708 προσαγγεῖλαι,
559 4640 837 4696 ἴναάύτοὶ
893 4642 986 4697 τοῦ
1021 4644 1341 4713 πράγματος
1368 4644 1675 4713 ὰκροάσων-

138 4746 227 4794 ται,
277 4736 365 4788 καὶ
410 4737 474 4789 δι’
525 4736 705 4790 αὐτῶν
749 4736 827 4807 τῷ
859 4736 972 4806 ἰδίῳ
1021 4737 1300 4806 ἐπισκόπῳ
1340 4737 1674 4808 καταλλαγῇ.

141 4820 279 4875 Τοῦτο
317 4825 371 4877 δέ
404 4828 496 4879 ἐὰν
557 4827 631 4899 μὴ
689 4831 909 4900 ποιήσῃ,
941 4828 1057 4882 ἀλλ’
1098 4831 1234 4899 ὅπερ
1290 4830 1455 4899 ἀπείη
1502 4831 1669 4902 ὑπερ-

139 4911 245 4982 εξαίᾳ.
299 4919 681 4989 φυσιούμενος,
735 4922 799 4973 ἐκ
865 4921 967 4989 τῆς
1025 4921 1119 4973 τοῦ
1180 4922 1309 4974 ίδίου
1368 4924 1664 4975 ἐπισκόπου

140 5010 387 5073 κοινωνίας
412 5013 600 5065 ἐαυτὸν
633 5012 865 5085 χωρίσῃ,
891 5015 985 5065 καὶ
1013 5013 1164 5080 παρά
1194 5016 1321 5083 μίαν
1351 5016 1487 5083 μετὰ
1507 5034 1667 5069 τινων

142 5094 315 5165 σχίσμα
335 5100 517 5166 ποιῶν,
539 5102 785 5172 ἁγίασμα
807 5102 884 5172 τῷ
909 5101 1026 5171 Θεῷ
1055 5104 1416 5174 προσενέγκῃ,
1445 5106 1474 5157 ό
1497 5106 1667 5158 τοιοῦ-

198 5272 217 5301 ³
241 5276 478 5349 Carthag.
505 5297 565 5347 ιι,
588 5298 707 5352 cap.
732 5281 784 5338 6.
887 5284 907 5314 °
938 5283 1192 5355 Carthag.
1230 5299 1291 5350 η,
1322 5297 1441 5354 cap.
1473 5286 1527 5341 8.

204 5411 302 5491 (ἒξ.)
334 5416 534 5491 graece,
568 5437 585 5471 ι
627 5429 829 5488 patres,
862 5428 916 5475 et
947 5421 1252 5491 episcopos.
1290 5443 1309 5476 ι

205 5483 747 5568 (Ἷξ).λίς.ιιΑιιιῖἰὶυ5
795 5483 1092 5568 episcopus
1134 5483 1267 5568 dixit
1295 5532 1310 5557 ,
1364 5494 1677 5549 universum

153 5556 407 5609 Concilium
440 5556 777 5631 interrogans
819 5556 842 5614 τ’
870 5556 1053 5617 Placet
1083 5564 1262 5633 igitur.
1298 5556 1326 5612 ⁷»

1694 4319 1745 4378 Ι)

1762 1750 1857 1795 aut
1902 1741 2046 1795 litem
2083 1742 2300 1806 habeat,
2329 1757 2359 1795 a
2392 1741 2686 1810 provinciae
2716 1744 2923 1814 synodo
2952 1744 3242 1811 judicetui'.
3276 1746 3331 1797 Si

1762 1840 1943 1887 autem
1979 1848 2103 1886 cum
2132 1833 2307 1901 ipsius
2348 1832 2642 1901 provincia:
2684 1834 3097 1902 meIrOpulitano
3123 1836 3335 1904 episco-

1762 1938 1863 1991 pus
1911 1923 1996 1976 vel
2047 1923 2277 1978 clericus
2323 1924 2755 1977 controversiam
2803 1925 3028 1991 habeat,
3082 1925 3335 1979 dioecesis

1761 2013 2057 2066 exarchum
2091 2011 2272 2076 adeat,
2314 2012 2401 2066 vel
2434 2013 2726 2082 imperialis
2761 2013 2911 2068 urbis
2941 2013 3336 2070 Constantino-

1762 2104 1901 2174 polis
1934 2105 2212 2171 thronum,
2247 2112 2303 2160 et
2330 2103 2477 2175 apud
2506 2119 2631 2159 eum
2668 2105 2856 2174 litiget.

1832 2273 1924 2327 21.
1968 2271 2207 2328 Clericos
2232 2272 2317 2327 vel
2350 2271 2543 2337 laicos,
2612 2254 2898 2341 episcopos
2955 2278 3047 2324 aut
3104 2270 3338 2324 clericos

1764 2374 2109 2429 accusantes,
2147 2380 2253 2418 non
2286 2363 2791 2429 indiscriminatim,
2844 2379 2944 2417 nec
2970 2364 3106 2417 citra
3161 2365 3339 2431 inqui-

1761 2458 2038 2524 sitionem,
2070 2458 2359 2513 admittere
2384 2458 2786 2513 accusationem
2828 2458 2933 2512 nisi
2990 2472 3180 2512 eorum
3222 2459 3340 2513 exi-

1764 2550 2009 2605 stimatio
2043 2550 2193 2618 prius
2210 2551 2515 2602 examinata
2549 2549 2736 2603 fuerit.

1776 2638 2005 2694 Concilii
2051 2636 2482 2707 Carthaginensis
2523 2655 2743 2709 canones
2772 2638 3054 2707 8,11,12,
3118 2640 3196 2705 14,
3249 2639 3334 2701 15,

2140 2729 2227 2794 49,
2263 2728 2353 2795 ao,
2395 2728 2638 2797 50,128,
2680 2730 2803 2797 129,
2848 2728 2972 2785 130.

1837 2818 1913 2872 De
1940 2819 2019 2873 his
2042 2820 2131 2890 qui
2162 2822 2217 2872 in
2246 2822 2629 2875 accusationem
2666 2824 2883 2891 majoris
2932 2833 3067 2883 natu,
3090 2824 3336 2886 veniunt;

1767 2920 1816 2965 et
1846 2921 1903 2963 ut
1934 2913 2225 2979 spiscooum
2258 2912 2392 2965 nulli
2428 2914 2710 2967 criminosa
2753 2914 2903 2969 liceat
2935 2932 3205 2969 accusare.

1847 3082 1903 3139 8.
1942 3080 2275 3148 Numidius.8
2302 3084 2589 3152 episcopus
2647 3083 3010 3139 Maxulitanus
3050 3084 3171 3155 [ms.
3196 3084 3339 3139 Mas-

1787 3174 2083 3246 salitanus]
2113 3176 2249 3229 dixit
2293 3193 2307 3228 :
2342 3176 2610 3230 Pmterea
2642 3185 2769 3230 sunt
2801 3178 3187 3246 qnamplurimi
3229 3193 3336 3231 non

1772 3265 1931 3319 bonae
1965 3265 2423 3329 conversationis,
2463 3265 2555 3335 qui
2610 3267 2923 3321 existimant
2965 3268 3197 3337 majores
3240 3284 3338 3321 na-

1772 3363 1827 3409 tu
1852 3353 1987 3425 (72),
2028 3354 2111 3408 vel
2171 3354 2455 3423 episcopos
2495 3355 2696 3423 passim
2744 3371 2985 3424 vageque
3018 3357 3070 3408 in
3108 3372 3337 3411 accusa-

1769 3449 1917 3500 tione
1940 3445 2272 3515 pulsandos;
2310 3447 2579 3501 debeatne
2632 3455 2741 3501 tam
2774 3447 2930 3502 facile
2967 3448 3176 3503 admitti
3209 3464 3338 3504 nec-

1770 3553 1835 3592 ne
1853 3536 1976 3608 [ms.
1997 3545 2090 3591 aut
2117 3535 2351 3608 necne]?

1838 3629 2093 3683 Aurelius
2115 3628 2405 3698 episcopus
2439 3628 2574 3682 dixit
2604 3646 2617 3682 :
2654 3628 2839 3685 Placet
2867 3630 3031 3701 igitur
3062 3632 3176 3703 (75)
3212 3634 3336 3687 cha-

1769 3721 1921 3776 ritati
1955 3729 2167 3786 vestrae,
2207 3731 2265 3775 ut
2312 3722 2358 3775 is
2387 3722 2482 3789 qui
2517 3722 2795 3791 aliquibus
2830 3724 3127 3780 sceleribus
3159 3726 3340 3778 irreti-

1770 3822 1858 3868 tus
1884 3822 1990 3877 est,
2024 3828 2210 3867 vocem
2266 3813 2530 3869 adversus
2582 3816 2843 3885 majorem
2889 3827 3018 3871 natu
3065 3833 3171 3875 non
3224 3819 3338 3887 (74)

1769 3904 1967 3959 habeat
1999 3904 2333 3959 accusandi?
2392 3905 2474 3958 Ab
2508 3907 2777 3961 universis
2824 3910 3096 3978 episcopis
3132 3908 3337 3963 dictum

1770 4004 1885 4051 est:
1919 3996 1974 4050 Si
2009 3996 2344 4052 criminosus
2366 4009 2450 4051 est
2475 3998 2739 4068 ('75),non
2769 4000 3110 4063 admittatur,
3144 4002 3336 4068 placet.

1840 4104 1899 4160 Si
1927 4106 2044 4176 quis
2072 4105 2344 4176 presbyter
2375 4119 2559 4161 contra
2591 4110 2887 4178 episcopum
2911 4126 3065 4163 suum
3094 4112 3335 4179 inﬂatus,

1769 4198 1999 4252 schisma
2030 4198 2233 4267 fecerit,
2262 4200 2547 4254 anathema
2572 4203 2665 4256 sit.

1842 4373 1929 4428 Η.
1971 4373 2054 4428 Ab
2102 4373 2374 4430 universis
2398 4375 2669 4446 episcopis
2696 4379 2717 4408 υ
2739 4378 2942 4432 dictum
2971 4389 3056 4436 est
3093 4400 3106 4435 :
3138 4380 3193 4435 Si
3215 4382 3340 4451 quis

1772 4467 2055 4535 presbyter
2095 4482 2123 4520 a
2172 4469 2465 4536 prmposito
2500 4484 2600 4523 suo
2636 4482 2921 4539 correptus
2962 4472 3146 4539 fuerit,
3181 4475 3341 4529 debet

1770 4560 1959 4629 utique
1991 4558 2133 4629 apud
2165 4559 2375 4614 vicinos
2396 4561 2688 4631 episcopos
2710 4565 2993 4632 conqueri,
3020 4575 3077 4620 ut
3104 4566 3173 4620 ab
3205 4568 3339 4636 ipsis

1772 4652 1891 4722 ejus
1920 4668 2085 4706 causa
2115 4653 2290 4721 possit
2321 4654 2530 4719 audiri,
2561 4670 2625 4708 ac
2652 4672 2747 4725 per
2780 4658 2925 4725 ipsos
2953 4674 3053 4713 suo
3083 4660 3347 4728 episcopo

1774 4740 2134 4795 reconciliari.
2169 4740 2323 4806 Quod
2355 4742 2460 4796 nisi
2497 4742 2705 4806 fecerit,
2739 4743 2901 4814 234
2930 4745 3021 4798 sed
3086 4745 3341 4813 superbia

1774 4834 1940 4902 (quod
1971 4834 2178 4903 absit!)
2208 4834 2426 4888 inﬂatus
2457 4837 2850 4890 sccernendum
2892 4853 2951 4891 se
2992 4837 3060 4891 ab
3101 4835 3338 4905 episcopi

1774 4925 1854 4979 sui
1886 4926 2275 4979 communione
2326 4926 2564 4992 duxerit,
2628 4942 2692 4981 ac
2721 4930 3017 4997 separatim
3069 4944 3191 4981 cum
3234 4927 3336 4979 ali-

1774 5015 1971 5084 quibus
2004 5015 2246 5068 scbisma
2278 5015 2502 5082 faciens,
2542 5018 2872 5072 sacriﬁcium
2909 5018 3017 5072 Deo
3057 5016 3340 5081 obtulerit,

1775 5108 2063 5160 anathema
2116 5104 2403 5173 habeatur,
2437 5116 2491 5161 ct
2533 5108 2709 5163 locum
2744 5109 2954 5162 amittat
2986 5126 2999 5162 :
3031 5122 3090 5161 ac
3123 5107 3169 5161 si
3200 5121 3341 5176 que-

1848 5426 1958 5493 (7i)
1998 5425 2097 5480 Ms.
2150 5437 2205 5480 et
2261 5427 2431 5483 Graec.
2462 5435 2649 5482 carent
2695 5443 2755 5481 ca
2795 5429 2985 5483 vocula
3019 5446 3120 5485 non
3149 5448 3165 5484 :
3194 5441 3347 5489 recte

1789 5512 1911 5565 nam
1944 5497 2178 5565 expungi
2211 5498 2387 5552 debet.

1861 5564 1974 5634 (75)
2012 5564 2109 5620 Ms.
2142 5564 2167 5617 ⁷ο
2208 5567 2263 5621 Si
2290 5568 2581 5626 criminosa
2620 5578 2702 5625 cst
2731 5582 3015 5638 persona»
