3912 6244
446 248 552 311 703

1597 244 1860 304 ΡΗΟΤΙΙ
1902 243 2407 305 ΡΑΤΒΙΛΒΟΗᾸΞ
2446 246 2553 307 CP.

3594 245 3707 310 ’104

450 356 737 412 rimoniam
798 355 1004 426 justam
1054 354 1316 410 adversus
1371 353 1688 424 episcopum
1752 371 1858 410 non
1929 356 2023 411 ba-

2139 373 2219 419 τος
2240 356 2489 427 ἀνάθεμα
2527 355 2830 428 λογισθήτω
2852 394 2869 423 ,
2904 354 3001 410 καὶ
3032 355 3122 410 τὸν
3153 354 3285 409 ἴδιον
3319 355 3483 410 τόπον
3514 359 3711 414 ἀπολε-

448 449 643 515 buerit,
673 447 1055 517 inquirendum
1087 446 1188 500 erit
1213 444 1346 516 (76).

446 659 459 670 ⁸
525 651 583 705 Si
614 652 730 721 quis
782 651 1052 718 cpiscopus
1107 650 1300 717 absque
1338 656 1566 717 tempore
1611 649 1801 719 synodi
1831 650 1885 703 in
1919 652 2026 705 cri-

453 743 589 795 mine
618 742 857 794 detentus
879 741 1066 809 fuerit,
1095 758 1127 793 a
1149 740 1426 793 duodecim
1454 740 1715 811 episcopis
1742 742 2021 799 audiatur.

525 937 612 991 12.
654 937 806 993 Felix
832 939 1121 1008 episcopus
1150 938 1289 992 dixit
1319 938 1363 971 ¹⁰
1400 958 1414 994 :
1456 937 1702 1011 Suggero
1723 942 2025 997 secundum

451 1036 655 1082 statuta
696 1040 938 1082 veterum
980 1030 1359 1093 conciliorum,
1398 1040 1457 1085 ut
1487 1033 1531 1087 si
1570 1033 1696 1102 quis
1737 1032 2026 1102 episcopus

454 1120 619 1186 (quod
636 1129 1025 1189 nonpptamus)
1043 1122 1093 1174 in
1114 1132 1319 1176 reatum
1336 1122 1572 1191 aliquem
1592 1125 2024 1197 incurrerit(77),

452 1221 508 1264 ct
540 1210 705 1265 fuerit
750 1212 799 1266 ei
846 1213 1014 1266 nimia
1048 1215 1344 1270 necessitas
1384 1232 1489 1269 non
1547 1232 1707 1285 posse
1761 1218 2026 1287 plurimos

454 1318 807 1372 congregare,
884 1320 951 1357 nc
991 1304 1042 1357 in
1070 1306 1300 1359 crimine
1336 1317 1637 1373 remaneat,
1675 1324 1703 1362 a
1734 1309 2024 1365 duodecim

453 1392 743 1461 episcopis,
777 1404 830 1447 et
860 1395 1137 1464 presbyter
1168 1412 1197 1449 a
1229 1411 1325 1450 sex
1355 1398 1629 1468 episcopis
1653 1415 1773 1453 cum
1802 1401 2026 1471 proprio

459 1498 560 1537 suo
589 1486 843 1554 episcopo
871 1488 1143 1551 audiatur,
1200 1498 1255 1543 et
1283 1489 1550 1545 diaconus
1588 1506 1620 1545 a
1661 1492 1859 1547 tribus.

530 1596 596 1650 Ut
634 1597 697 1651 de
724 1598 922 1668 Tripoli
945 1618 1080 1654 unus
1100 1604 1371 1671 episcopus
1392 1605 1448 1657 in
1468 1604 1785 1675 legationem
1816 1607 1989 1660 veniat
2006 1622 2026 1661 :

2132 447 2299 500 σάτω·
2353 447 2722 519 σκοπουμένου
2773 450 2849 520 μή
2898 464 3030 501 ποτε
3074 449 3215 501 κατὰ
3259 445 3354 501 τοῦ
3404 449 3707 505 ἐπισκόπου

2135 540 2342 611 μέμψιν
2376 540 2489 610 ἔχοι
2516 541 2752 597 δικαίαν.

2211 652 2349 705 Ἐάν
2406 670 2496 719 τις
2548 653 2884 720 ἐπίσκοπος
2939 652 3122 721 χωρὶς
3170 651 3378 721 καιροῦ
3438 654 3708 709 συνόδου

2129 741 2457 811 ἐγκλήματι
2473 758 2603 813 περι
2612 743 2807 814 ϐληθῇ
2812 782 2827 809 ,
2855 746 2888 798 d
2907 744 3175 809 τοιοῦτος
3197 744 3473 813 ἀκουσθῇ
3489 740 3610 800 ἀπὸ
3629 747 3707 811 ιβ’

2131 835 2501 891 ἐπισκόπων.

2206 950 2293 1022 ιβ’.
2324 948 2487 1019 Φῆλιξ
2512 951 2809 1014 ἐπίσκοπος
2837 948 3011 1005 εἶπεν·
3028 950 3312 1022 Ἀναφέρω
3335 951 3447 1023 (82)
3472 953 3612 1006 κατὰ
3639 952 3710 1006 τὰ

2130 1043 2415 1108 ὁρισθέντα
2434 1043 2501 1094 ἐκ
2530 1042 2640 1097 τῶν
2668 1042 2917 1096 παλαιῶν
2948 1043 3198 1109 συνόδων,
3227 1042 3314 1096 ἴνα
3344 1043 3441 1096 ἐάν
3466 1061 3552 1107 τις
3587 1044 3711 1097 ἐπί-

2133 1133 2488 1203 σκοπος,ὅπερ
2518 1133 2710 1204 ἀπείη,
2731 1132 2790 1187 ἐν
2822 1151 2931 1188 τινι
2959 1135 3266 1204 ἐγκλήματι
3288 1136 3584 1208 περιπέσῃ,
3614 1138 3712 1190 καὶ

2131 1223 2356 1292 γένηται
2376 1223 2545 1295 πολλὴ
2570 1224 2785 1295 ἀνάγκη
2817 1225 2911 1278 τοῦ
2938 1225 3013 1294 μὴ
3034 1224 3294 1279 δύνασθαι
3321 1226 3548 1288 πολλοὺς
3581 1242 3711 1281 συν-

2133 1314 2331 1379 ελθεῖν,
2385 1316 2475 1369 διὰ
2490 1317 2552 1370 τὸ
2588 1317 2662 1387 μὴ
2689 1319 2980 1388 άπομεῖναι
3007 1317 3167 1371 αὑτὸν
3191 1320 3248 1372 ἐν
3273 1317 3352 1387 τῷ
3379 1319 3708 1388 ἐγκλήματι,

2134 1410 2240 1463 ὑπὸ
2268 1409 2332 1480 ιβ’
2361 1411 2677 1465 ἐπισκόπων
2705 1410 2970 1481 ἀκουσθῇ,
3008 1411 3103 1464 καὶ
3144 1411 3174 1462 ὁ
3204 1411 3576 1481 πρεσϐύτερος
3605 1412 3712 1465 ὑπὸ

2133 1501 2195 1566 ἐξ
2213 1501 2527 1556 ἐπισκόπων
2546 1504 2639 1556 καὶ
2665 1502 2759 1556 τοῦ
2780 1502 2933 1564 ίδίου,
2952 1503 3047 1555 καὶ
3066 1502 3094 1553 ὁ
3116 1501 3362 1565 διάκονος
3390 1501 3494 1555 ὑπὸ
3513 1501 3708 1572 τριῶν.

2204 1613 2387 1669 Ὥστε
2406 1614 2525 1669 ἀπὸ
2560 1616 2887 1683 Τριπόλεως
2917 1615 3026 1669 ἕνα
3060 1615 3401 1668 ἐπίσκοπον
3419 1616 3505 1688 είς
3530 1628 3709 1670 τοπο-

454 1698 503 1739 ct
531 1698 585 1739 ut
616 1693 885 1759 presbyter
914 1692 1107 1745 ibidem
1139 1711 1171 1745 a
1203 1694 1427 1763 quinque
1464 1696 1719 1764 episcopis
1747 1697 2023 1755 audiatur.

2139 1707 2430 1773 τηρησίαν
2440 1707 2660 1773 ἐλθεῖν,
2679 1710 2775 1762 καὶ
2788 1706 2943 1761 ὥστε
2962 1708 3069 1762 τὸν
3090 1709 3494 1776 πρεσϐύτερον
3508 1708 3709 1764 ἐκεῖσε

526 1888 614 1941 14.
652 1888 778 1943 Item
814 1891 1013 1958 placuit
1066 1893 1132 1947 de
1187 1894 1393 1964 Tripoli
1421 1897 1487 1961 “,
1536 1908 1756 1969 prepter
1782 1899 2025 1970 inopiam

463 1982 777 2047 provinciae,
811 1992 871 2036 ut
901 2000 1045 2039 unus
1070 1988 1361 2056 episcopus
1392 1990 1801 2061 inlegationem
1826 1997 2027 2064 veniat,

461 2079 516 2123 ct
553 2080 611 2124 ut
650 2073 721 2125 ibi
758 2074 1041 2145 presbyter
1066 2092 1110 2131 .a
1147 2078 1392 2149 quinque
1436 2081 1691 2137 audiatur
1732 2085 2026 2155 episcopis,

457 2169 512 2212 et
542 2161 806 2217 diaconus
840 2179 871 2217 a
909 2167 1103 2230 tribus,
1144 2176 1204 2221 ut
1252 2171 1501 2239 superius
1531 2185 1891 2230 memoratum
1923 2185 2028 2243 est,

454 2252 677 2320 proprio
709 2255 967 2325 episcopo
996 2258 1267 2313 residente
1286 2259 1412 2332 [ms.
1454 2263 1767 2335 praesente].

532 2448 604 2502 De
646 2451 865 2506 diversis
894 2454 1167 2510 ordinibus
1213 2458 1443 2514 ecclesia?
1475 2462 1816 2518 servientibus
1847 2481 1866 2519 :
1895 2475 1951 2519 ut
1983 2468 2033 2522 si

454 2540 571 2606 quis
620 2540 673 2592 in
738 2558 955 2597 causam
1021 2547 1257 2601 criminis
1325 2551 1610 2606 incurrerit
1673 2563 1722 2607 et
1790 2554 2030 2611 abnuerit

447 2628 713 2696 judicium
748 2633 1191 2703 ecclesiasticum,
1244 2639 1424 2693 debeat
1458 2643 1778 2710 fpericlitari
1811 2664 1830 2701 :
1880 2660 1941 2702 et.
1973 2659 2031 2703 ut

451 2720 554 2787 filii
585 2724 916 2779 sacerdotum
964 2728 1262 2795 spectacula
1302 2734 1586 2788 swcularia
1614 2751 1718 2791 non
1734 2739 1951 2793 adeant.

522 3040 609 3097 15.
643 3042 775 3098 Item
808 3045 1009 3114 placuit
1031 3049 1072 3079 ι’
1097 3049 1208 3121 (78)
1244 3049 1401 3123 [Μδε.
1430 3052 1941 3131 Placuitquisque],
1972 3071 2033 3115 ut

2129 1798 2247 1853 ἀπὸ
2270 1797 2449 1853 πέντε
2486 1800 2813 1856 ἀκούεσθαι
2843 1799 3211 1854 ἐπισκόπων.

2202 1908 2286 1963 ιδ’.
2332 1909 2565 1980 Ὁμοίως
2594 1912 2812 1982 ἤρεσεν,
2858 1911 2967 1964 ἀπὸ
2996 1911 3314 1982 Τριπόλεως
3347 1911 3434 1965 διὰ
3478 1911 3577 1982 τὴν
3606 1912 3712 1982 τῆς

2127 2000 2309 2072 χώρας
2329 2002 2536 2057 ἔνδειαν
2551 2004 2648 2057 ἐνα
2666 2005 2961 2057 ἐπίσκοπον
2978 2006 3059 2068 είς
3084 2021 3284 2074 τοποτη
3295 2004 3487 2074 ρησίαν
3510 2005 3708 2059 ἐλθεῖν·

2128 2095 2223 2147 καὶ
2261 2095 2348 2147 ἵνα
2375 2097 2403 2149 ὁ
2445 2095 2816 2167 πρεσϐύτερος
2846 2098 3045 2163 ἐκεῖσε,
3092 2098 3201 2152 ἀπὸ
3238 2097 3400 2150 πέντε
3439 2097 3709 2169 ἀκούηται

2129 2183 2466 2238 ἐπισκόπων·
2495 2188 2588 2241 καὶ
2623 2189 2651 2240 ὁ
2682 2188 2947 2251 διάκονος,
2982 2188 3089 2241 ἀπὸ
3115 2188 3280 2259 τριῶν
3300 2225 3316 2253 ,
3347 2188 3421 2251 ὡς
3452 2190 3711 2261 ἀνωτέρω

2133 2273 2370 2345 εἴρηται,
2403 2274 2499 2329 τοῦ
2532 2277 2665 2330 ίδίου
2697 2277 2859 2331 αὐτοῦ
2892 2277 3135 2350 δηλονότι
3162 2278 3463 2330 ἐπισκόπου
3501 2295 3711 2351 προκα-

2131 2365 2196 2435 θη
2207 2366 2388 2435 μένου.

2201 2477 2341 2545 Περὶ
2367 2477 2667 2547 διαφόρων
2696 2480 2925 2545 τάξεων
2950 2480 3352 2554 τῇἶὲκκλησίᾳ
3382 2484 3709 2539 δουλευου-

2129 2567 2274 2624 σῶν·
2299 2568 2455 2624 ὣστε
2472 2571 2580 2625 ἐάν
2600 2590 2688 2639 τις
2708 2575 3257 2644 είςῖἐγκληματικὸν
3284 2576 3523 2648 πρᾶγμα
3543 2594 3709 2647 περι-

2129 2662 2312 2730 πέσῃ,
2333 2663 2430 2716 καὶ
2451 2664 2887 2737 παραιτήσηται
2909 2667 2976 2720 τὸ
3006 2668 3525 2736 ἐκκλησιαστικὸν
3540 2669 3711 2726 δικα-

2130 2750 2403 2820 στήριον,
2435 2755 2701 2822 ὀφείλειν
2727 2757 2832 2810 τὸν
2866 2758 3140 2813 τοιοῦτον
3166 2759 3547 2816 κινδυνεύειν
3564 2778 3580 2793 ·
3607 2763 3713 2818 καὶ

2128 2842 2285 2899 ὣστε
2311 2846 2385 2900 τὰ
2404 2847 2588 2901 τέκνα
2607 2847 2727 2902 τῶν
2746 2849 2949 2920 ἱερέων
2985 2852 3297 2923 κοσμικοῐς
3335 2854 3599 2922 θεωρίοις
3620 2854 3710 2925 μὴ

2130 2936 2465 3002 προσιέναι.

2200 3044 2282 3101 ιε’.
2304 3047 2533 3118 Ὁμοίως
2546 3050 2759 3121 ἤρεσεν,
2778 3052 2864 3108 ἵνα
2884 3053 3234 3126 ὀστισδήποτε
3251 3059 3709 3127 τῶνέπισκόπων,

451 3131 704 3202 quisquis
749 3136 1171 3207 episcoporum,
1228 3141 1389 3212 235
1428 3145 1905 3216 presbyterorum,
1967 3157 2022 3204 et

2139 3139 2155 3209 ἢ
2187 3141 2591 3212 πρεσϐυτέρων,
2627 3144 2660 3213 ἢ
2700 3146 2964 3199 διακόνων
2987 3187 3002 3213 ,
3036 3148 3068 3220 ἢ
3102 3150 3399 3220 κληρικῶν,
3444 3154 3708 3224 πράγμα-

450 3226 830 3293 diaconorum,
884 3245 979 3285 seu
1027 3232 1388 3299 clericorum,
1425 3251 1550 3290 cum
1592 3238 1647 3292 in
1694 3238 1934 3297 Ecclesia
1978 3246 2026 3299 ei

453 3314 617 3371 fuerit
649 3318 855 3373 crimen
907 3322 1246 3387 institutum,
1282 3326 1362 3379 vel
1407 3327 1601 3383 similis
1656 3345 1821 3386 causa
1862 3332 2029 3389 fuerit

452 3420 746 3477 commota,
782 3412 825 3465 si
856 3414 1045 3467 relicto
1068 3416 1663 3487 ecclesiasticojudicio
1686 3422 1919 3490 publicis
1937 3424 2025 3493 ju-

452 3498 609 3553 diciis
631 3504 849 3571 purgari
878 3505 1129 3569 voluerit,
1166 3506 1327 3560 etiam
1360 3509 1403 3562 si
1428 3525 1525 3577 pro
1557 3512 1677 3580 ipso
1705 3511 1871 3567 fuerit
1898 3530 2027 3583 pto-

452 3587 559 3641 lata
591 3593 876 3654 sententia,
929 3593 1105 3647 locum
1139 3612 1300 3650 suum
1336 3599 1583 3665 amittat;
1615 3611 1668 3656 et
1694 3604 1797 3656 hoc
1822 3603 1875 3657 in
1919 3605 2025 3658 cri-

452 3682 642 3734 minali
675 3684 890 3738 actione
926 3702 940 3738 :
970 3685 1024 3737 in
1066 3686 1211 3739 civili
1264 3704 1396 3743 vero
1444 3693 1637 3759 perdat
1665 3695 1809 3763 quod
1840 3696 2022 3764 evicit,

451 3769 499 3823 si
538 3770 716 3823 locum
766 3786 929 3827 suum
976 3776 1221 3831 obtinere
1247 3778 1520 3834 maluerit.
1551 3778 1665 3835 Hoc
1709 3783 1872 3836 etiam
1911 3785 2026 3853 pla-

452 3862 626 3917 cuit"
653 3862 787 3935 (79),
809 3874 868 3919 ut
892 3884 920 3920 a
951 3868 1366 3939 quibuscunque
1394 3871 1669 3940 judicibus
1693 3875 2026 3931 ecclesiasti-

452 3956 533 4010 cis
561 3956 626 4009 ad
660 3957 797 4012 alios
829 3961 1043 4025 Judices
1085 3962 1517 4030 ecclesiasticos,
1579 3965 1673 4020 ubi
1716 3978 1803 4021 est
1851 3971 2024 4037 major

449 4049 769 4112 auctoritas,
792 4048 958 4103 fuerit
1000 4062 1377 4120 provocatum,
1435 4070 1542 4109 non
1576 4057 1657 4112 eis
1688 4056 1850 4123 obsit,
1885 4073 2025 4128 quo-

453 4155 573 4193 rum
603 4140 960 4195 fueritsoluta
995 4145 1289 4209 sententia,
1327 4147 1372 4199 si
1414 4147 1662 4202 convinci
1696 4164 1803 4204 non
1830 4159 2023 4219 potue-

451 4230 580 4293 rint,
616 4231 699 4284 vel
744 4231 970 4286 inimico
1008 4234 1507 4303 animojudicasse,
1540 4238 1625 4291 vel
1656 4238 1840 4309 aliqua
1869 4240 2022 4309 θυρί-

449 4320 615 4375 ditate
632 4323 906 4390 autgratia
935 4324 1209 4391 depravati
1243 4325 1374 4395 (80).
1408 4324 1551 4382 Sane
1577 4328 1623 4383 si
1651 4344 1717 4383 ex
1745 4344 2021 4385 consensu

452 4412 687 4480 partium
720 4414 873 4467 electi
928 4414 1570 4490 fuerintjudices“(81),
1606 4421 1768 4476 etiam
1806 4437 1836 4476 a
1885 4438 2019 4492 pau-

2128 3252 2218 3297 τος
2240 3235 2387 3304 αὐτῷ
2415 3235 2824 3305 ἐγκληματικοῦ
2844 3240 2877 3310 ἦ
2900 3239 3180 3295 πολιτικοῦ
3208 3246 3287 3305 ἐνζ
3306 3248 3373 3317 τῇ
3411 3246 3714 3317 Ἐκκλησίᾳ

2129 3326 2470 3395 κινουμένου,
2524 3327 2620 3381 ἐὰν
2670 3332 3108 3403 παραιτούμενος
3146 3336 3207 3389 τὸ
3253 3338 3713 3410 ἐκκλησιαστικὸν

2125 3415 2494 3487 δικαστήριον,
2533 3418 2815 3489 δημοσίοις
2844 3420 3044 3495 θελήσῃ
3080 3424 3417 3497 καθαρθῆναι
3449 3429 3711 3486 δικαστη-

2130 3507 2284 3574 ρίοις,
2311 3507 2413 3561 κᾶν
2442 3508 2581 3580 ὑπὲρ
2608 3508 2773 3564 αὐτοῦ
2809 3512 2842 3581 ή
2872 3512 3052 3582 ψῆφος
3102 3517 3415 3589 ἐκφωνηθῇ,
3437 3521 3588 3590 ὅμως
3613 3524 3711 3576 τὸν

2129 3596 2255 3650 ἴδιον
2279 3598 2442 3651 τόπον
2471 3600 2751 3654 ἀπολέσει·
2779 3602 3047 3657 καὶτοῦτο
3067 3605 3163 3674 μὲν
3184 3607 3275 3659 ἐπὶ
3299 3607 3392 3660 τοῦ
3422 3610 3707 3681 ἐγκλημαο

2124 3688 2298 3742 τικοῦ·
2328 3692 2420 3743 ἐπὶ
2448 3692 2505 3745 δὲ
2546 3693 2987 3762 τοῦῐπολιτικοῦ,
3025 3697 3280 3752 ἀπολέσει
3324 3699 3385 3753 τὸ
3422 3703 3502 3766 είς
3539 3703 3567 3756 ὃ
3595 3706 3710 3759 ἐνί·

2124 3797 2311 3850 κησεν,
2360 3782 2454 3837 ἐὰν
2499 3783 2592 3837 τὸν
2645 3786 2775 3839 ἴδιον
2823 3788 2990 3841 τόπον
3033 3789 3232 3863 θελήσῃ
3282 3792 3562 3863 κατέχειν·
3610 3799 3709 3851 καὶ

2122 3870 2280 3924 τοῦτό
2308 3888 2370 3940 γε
2403 3872 2509 3944 μὴν
2545 3875 2763 3946 ἤρεσεν,
2806 3876 2945 3931 ὥστε
2988 3880 3083 3932 ἐὰν
3121 3882 3227 3935 ἀπὸ
3267 3884 3595 3956 οἱωνδήποτε
3630 3888 3702 3943 δι-

2124 3963 2336 4017 καστῶν
2365 3965 2839 4035 ἐκκλησιαπικῶν
2871 3970 2964 4022 ἐπὶ
2993 3970 3188 4036 ἄλλους
3218 3973 3476 4040 δικαστάς
3505 3978 3709 4051 ἐκκλη-

2125 4056 2432 4119 σιαστικοὺς
2465 4056 2685 4127 ἔχοντας
2717 4058 2941 4128 μείζονα
2973 4063 3073 4132 τὴν
3104 4064 3409 4133 αὖθεντίαν,
3440 4067 3709 4140 ἔκκλητος

2121 4144 2365 4214 γένηται,
2401 4147 2565 4217 μηδὲν
2579 4151 2799 4213 τούτους
2822 4151 3079 4220 βλάπτειν
3109 4149 3185 4209 ὧν
3217 4158 3250 4227 ἡ
3289 4157 3468 4227 ψῆφος
3490 4159 3704 4214 λύεται·

2122 4236 2215 4288 ἐὰν
2247 4236 2304 4289 δὲ
2334 4236 2653 4308 ἐλεγχθῆναι
2687 4241 2760 4312 μὴ
2788 4243 3115 4315 δυνηθῶσιν,
3161 4248 3193 4318 ἢ
3238 4250 3382 4303 κατὰ
3413 4249 3637 4321 ἔχθραν,
3670 4254 3704 4323 ἢ

2123 4326 2262 4379 κατά
2288 4330 2661 4397 προσπάθειαν
2683 4333 3042 4400 δεδικακέναι,
3066 4338 3099 4408 ῆ
3120 4357 3222 4392 τινι
3248 4341 3428 4411 χάριτι
3458 4343 3707 4412 ὑποφθα-

2125 4415 2305 4485 ρῆναι·
2332 4418 2426 4470 ἐάν
2442 4418 2497 4471 δὲ
2518 4421 2658 4475 κατὰ
2681 4424 2984 4478 συναίνεσιν
3006 4428 3113 4480 τῶν
3143 4430 3325 4499 μερῶν
3352 4432 3706 4499 ἐπιλεγέντες

454 4503 602 4558 ciore
634 4520 862 4559 numero
907 4521 1066 4575 quam
1116 4511 1472 4565 constitutum
1531 4522 1633 4575 est,
1696 4529 1804 4569 non
1863 4515 2022 4570 liceat

2139 4499 2227 4559 In:
2269 4508 2543 4577 δικασταὶ,
2589 4513 2637 4563 εί
2694 4514 2787 4566 καὶ
2830 4494 3155 4589 ὀλιγώτεροι*
3188 4494 3401 4573 ἔσονται
3437 4494 3545 4574 τῶν
3598 4523 3713 4594 ὁρι-

451 4597 734 4661 provocari
772 4594 921 4667 [mss.
952 4598 1270 4670 provocare]
1324 4618 1338 4653 :
1366 4608 1421 4655 et
1462 4611 1520 4655 ut
1547 4602 1642 4655 lilii
1674 4604 2019 4659 sacerdotum

454 4690 761 4757 Spectacula
803 4693 1082 4747 saecularia
1134 4708 1241 4747 non
1271 4695 1597 4761 exhibeant,
1648 4698 1741 4751 sed
1773 4712 1871 4752 nec
1902 4714 2023 4767 spe-

452 4791 619 4847 ctent,
687 4783 811 4838 licet
842 4784 947 4839 hoc
977 4800 1189 4855 semper
1218 4785 1544 4843 Christianis
1572 4789 1825 4842 omnibus
1855 4789 2024 4844 inter-

450 4873 654 4927 dictum
673 4874 764 4941 sit,
790 4884 845 4928 et
886 4876 976 4930 ubi
1001 4876 1353 4947 blasphemiae
1390 4887 1553 4945 sunt,
1592 4895 1703 4934 non
1741 4882 2019 4936 accedant.

524 5137 565 5167 ²⁰
594 5136 849 5207 Carthag.
892 5120 950 5203 ll,
988 5154 1106 5209 cap.
1151 5140 1238 5195 20.

529 5300 641 5377 (76)
669 5303 976 5377 Gratianus,
1019 5325 1037 5357 ι
1078 5305 1343 5362 adversus
1383 5308 1700 5377 episcopum
1727 5311 2021 5377 habuerit;

458 5368 805 5448 Burchartlus
831 5386 882 5429 et
910 5368 1023 5442 lvo,
1064 5394 1082 5427 ι
1119 5392 1226 5430 non
1278 5368 1548 5445 habuerit,
1575 5368 1607 5430 ἰ
1642 5394 1807 5448 parvo
1841 5368 2027 5436 discriL

460 5453 648 5583 an???)
684 5511 803 5583 ills.
824 5532 841 5564 ‹
876 5516 930 5568 In
959 5524 1169 5569 reatum
1202 5515 1581 5583 adincurrerit,
1605 5538 1623 5570 ι

536 5580 648 5645 (78)
686 5581 750 5635 Et
780 5582 1089 5640 Ferrandus
1116 5605 1165 5639 c.
1202 5586 1270 5639 63
1295 5602 1358 5639 ex
1389 5602 1544 5640 conc.
1568 5580 1753 5641 Carth.
1780 5590 1864 5643 tit.
1906 5591 1990 5643 18.

536 5649 647 5719 (79)
679 5651 743 5703 Et
763 5653 1069 5710 Fcrramlus
1093 5672 1209 5725 cup.
1244 5655 1329 5720 58,
1358 5672 1423 5710 ex
1454 5658 1807 5713 conc.Carth.
1833 5660 1915 5712 tit.
1943 5661 2025 5713 15.

2130 4600 2384 4666 σθέντων,
2418 4602 2492 4672 μὴ
2522 4604 2721 4669 ἐξεῖναι
2753 4608 3124 4663 ἐκκαλεῖσθαι·
3159 4614 3251 4665 καὶ
3272 4610 3412 4665 ὥστε
3440 4613 3510 4666 τὰ
3534 4614 3709 4667 τέκνα

2124 4693 2231 4747 τῶν
2250 4694 2456 4764 ἱερέων,
2487 4696 2689 4767 θεώρια
2719 4702 2959 4769 κοσμικὰ
2986 4701 3061 4772 μὴ
3094 4702 3353 4768 ἐκτελεῖν,
3411 4705 3544 4773 μηδέ
3571 4705 3709 4761 θεω-

2128 4786 2239 4854 ρεῖν
2264 4799 2279 4812 ·
2308 4786 2467 4838 τοῦτο
2506 4786 2562 4839 δὲ
2591 4789 2683 4841 καὶ
2727 4792 2863 4843 πᾶσι
2894 4795 3005 4855 τοῖς
3034 4794 3379 4863 Χριστιανοῖς
3419 4796 3505 4848 ἀεὶ
3540 4800 3708 4870 κεκή-

2127 4893 2342 4948 ρυκται,
2377 4876 2519 4931 ὥστε
2558 4879 2764 4933 τούτων
2810 4882 3135 4953 ἀπέχεσθαι,
3168 4886 3263 4937 καὶ
3298 4884 3432 4937 ὅπου
3458 4883 3703 4957 βλασφη-

2129 4970 2247 5040 μίαι
2275 4971 2405 5037 εἰσὶ,
2447 4971 2525 5043 μὴ
2556 4974 2860 5044 προσιέναι.

1344 5143 1384 5173 ¹¹
1408 5141 1660 5213 Carthag.
1702 5162 1784 5211 ιιι,
1815 5162 1936 5215 cap.
1961 5148 2014 5211 2,

2196 5147 2238 5177 ⁸⁸
2267 5146 2522 5219 Carthag.
2560 5149 2653 5215 III,
2686 5166 2805 5221 cap.
2846 5153 2900 5209 9.
2980 5154 3023 5186 ¹⁸
3052 5154 3183 5211 ibid.
3262 5154 3306 5187 "'
3337 5156 3470 5216 ibid.

2176 5315 2310 5399 J(80)
2340 5315 2651 5375 Ferrandus
2682 5334 2801 5390 cap.
2838 5319 2928 5385 64,
2958 5335 3021 5374 ex
3053 5318 3250 5375 concil.
3280 5319 3571 5393 Carthag.,
3618 5327 3700 5380 tit.

2358 5455 2669 5514 Ferrandus
2714 5474 2835 5530 cap.
2891 5458 2990 5522 40,
3063 5473 3128 5512 ex
3182 5460 3383 5515 concil.
3433 5462 3697 5533 Carthag.

2154 5543 2165 5578 1
2200 5567 2213 5578 .
2328 5568 2339 5578 .

2154 5543 2213 5580 ll.
2250 5543 2339 5580 Ζυ.

2198 5596 2309 5667 (82)
2340 5599 2493 5667 Apud
2523 5598 2873 5671 Bevcregium
2898 5600 3230 5673 άναφερέτω.
