  <div class='ocr_page' id='page_1' title='image "/cluster/home/n/w/nwhite01/storage/ocr_20150623/104 pt.4/mdp.39015061931229/362.png"; bbox 0 0 3842 6224; ppageno 0'>
   <div class='ocr_carea' id='block_1_1' title="bbox 76 186 177 250">
    <p class='ocr_par' dir='ltr' id='par_1_1' title="bbox 76 186 177 250">
     <span class='ocr_line' id='line_1_1' title="bbox 76 186 177 250; baseline 0 -2"><span class='ocrx_word' id='word_1_1' title='bbox 76 186 177 250; x_wconf 82' lang='grc'><strong>’105</strong></span> 
     </span>
    </p>
   </div>
   <div class='ocr_carea' id='block_1_2' title="bbox 941 117 2477 241">
    <p class='ocr_par' dir='ltr' id='par_1_2' title="bbox 941 117 2477 241">
     <span class='ocr_line' id='line_1_2' title="bbox 941 117 2477 241; baseline -0.008 -3"><span class='ocrx_word' id='word_1_2' title='bbox 941 174 1343 238; x_wconf 82' lang='lat' dir='ltr'><strong>SYNTAGMA</strong></span> <span class='ocrx_word' id='word_1_3' title='bbox 1372 170 1762 235; x_wconf 74' lang='lat' dir='ltr'><strong>CANONUM.</strong></span> <span class='ocrx_word' id='word_1_4' title='bbox 1792 193 1863 203; x_wconf 87' lang='lat'><strong>—</strong></span> <span class='ocrx_word' id='word_1_5' title='bbox 1894 169 2044 229; x_wconf 88' lang='lat' dir='ltr'><strong>TlT.</strong></span> <span class='ocrx_word' id='word_1_6' title='bbox 2080 169 2184 241; x_wconf 80' lang='lat' dir='ltr'><strong>IX,</strong></span> <span class='ocrx_word' id='word_1_7' title='bbox 2225 117 2384 229; x_wconf 46' lang='lat' dir='ltr'><strong>CAP:</strong></span> <span class='ocrx_word' id='word_1_8' title='bbox 2426 167 2477 227; x_wconf 91' lang='grc' dir='ltr'><strong>Ι.</strong></span> 
     </span>
    </p>
   </div>
   <div class='ocr_carea' id='block_1_3' title="bbox 3222 158 3327 221">
    <p class='ocr_par' dir='ltr' id='par_1_3' title="bbox 3222 158 3327 221">
     <span class='ocr_line' id='line_1_3' title="bbox 3222 158 3327 221; baseline 0.019 -2"><span class='ocrx_word' id='word_1_9' title='bbox 3222 158 3327 221; x_wconf 80' lang='grc'><strong>706</strong></span> 
     </span>
    </p>
   </div>
   <div class='ocr_carea' id='block_1_4' title="bbox 136 273 1681 362">
    <p class='ocr_par' dir='ltr' id='par_1_4' title="bbox 136 287 1681 362">
     <span class='ocr_line' id='line_1_4' title="bbox 136 287 1681 362; baseline -0.01 -9"><span class='ocrx_word' id='word_1_10' title='bbox 136 300 321 353; x_wconf 82' lang='grc' dir='ltr'><em>Ὥστε</em></span> <span class='ocrx_word' id='word_1_11' title='bbox 366 295 696 350; x_wconf 75' lang='grc' dir='ltr'><strong>ἐπισκόπου</strong></span> <span class='ocrx_word' id='word_1_12' title='bbox 746 289 1288 362; x_wconf 76' lang='grc' dir='ltr'><strong>κατηγορουμένου,</strong></span> <span class='ocrx_word' id='word_1_13' title='bbox 1342 289 1492 356; x_wconf 83' lang='grc' dir='ltr'>πρὸς</span> <span class='ocrx_word' id='word_1_14' title='bbox 1541 287 1681 345; x_wconf 49' lang='grc' dir='ltr'>τὸν,</span> 
     </span>
    </p>
   </div>
   <div class='ocr_carea' id='block_1_5' title="bbox 1776 273 3326 362">
    <p class='ocr_par' dir='ltr' id='par_1_5' title="bbox 1824 273 3326 352">
     <span class='ocr_line' id='line_1_5' title="bbox 1824 273 3326 352; baseline -0.009 -14"><span class='ocrx_word' id='word_1_15' title='bbox 1824 281 1891 339; x_wconf 89' lang='lat' dir='ltr'><strong>Ut</strong></span> <span class='ocrx_word' id='word_1_16' title='bbox 1915 282 1960 337; x_wconf 80' lang='lat' dir='ltr'><strong>si</strong></span> <span class='ocrx_word' id='word_1_17' title='bbox 1984 283 2099 352; x_wconf 81' lang='lat' dir='ltr'><strong>quis</strong></span> <span class='ocrx_word' id='word_1_18' title='bbox 2128 282 2397 350; x_wconf 74' lang='lat' dir='ltr'><strong>episcopus</strong></span> <span class='ocrx_word' id='word_1_19' title='bbox 2426 285 2728 337; x_wconf 76' lang='lat' dir='ltr'><strong>accusatur,</strong></span> <span class='ocrx_word' id='word_1_20' title='bbox 2759 274 2828 328; x_wconf 81' lang='lat' dir='ltr'><strong>ad</strong></span> <span class='ocrx_word' id='word_1_21' title='bbox 2854 274 3131 342; x_wconf 85' lang='lat' dir='ltr'><strong>primatem</strong></span> <span class='ocrx_word' id='word_1_22' title='bbox 3159 273 3326 341; x_wconf 76' lang='lat' dir='ltr'><strong>ipsius</strong></span> 
     </span>
    </p>
   </div>
   <div class='ocr_carea' id='block_1_6' title="bbox 72 380 1641 460">
    <p class='ocr_par' dir='ltr' id='par_1_6' title="bbox 72 380 1641 460">
     <span class='ocr_line' id='line_1_6' title="bbox 72 380 1641 460; baseline -0.009 -14"><span class='ocrx_word' id='word_1_23' title='bbox 72 392 444 460; x_wconf 74' lang='grc' dir='ltr'><strong>πρωτεύοντα</strong></span> <span class='ocrx_word' id='word_1_24' title='bbox 465 385 577 457; x_wconf 81' lang='grc' dir='ltr'>τῆς</span> <span class='ocrx_word' id='word_1_25' title='bbox 602 385 789 440; x_wconf 86' lang='grc' dir='ltr'>αὐτοῦ</span> <span class='ocrx_word' id='word_1_26' title='bbox 818 385 1110 454; x_wconf 77' lang='grc' dir='ltr'><strong>ἐπαρχίας</strong></span> <span class='ocrx_word' id='word_1_27' title='bbox 1160 385 1227 437; x_wconf 84' lang='grc' dir='ltr'>τὸ</span> <span class='ocrx_word' id='word_1_28' title='bbox 1265 382 1504 451; x_wconf 76' lang='grc' dir='ltr'>πρᾶγμα</span> <span class='ocrx_word' id='word_1_29' title='bbox 1534 380 1641 435; x_wconf 83' lang='grc' dir='ltr'><strong>ἀν-</strong></span> 
     </span>
    </p>
   </div>
   <div class='ocr_carea' id='block_1_7' title="bbox 73 480 409 549">
    <p class='ocr_par' dir='ltr' id='par_1_7' title="bbox 73 480 409 549">
     <span class='ocr_line' id='line_1_7' title="bbox 73 480 409 549; baseline -0.006 -13"><span class='ocrx_word' id='word_1_30' title='bbox 73 480 409 549; x_wconf 76' lang='grc' dir='ltr'>ενεχθῆναι.</span> 
     </span>
    </p>
   </div>
   <div class='ocr_carea' id='block_1_8' title="bbox 140 562 1645 641">
    <p class='ocr_par' dir='ltr' id='par_1_8' title="bbox 140 562 1645 641">
     <span class='ocr_line' id='line_1_8' title="bbox 140 562 1645 641; baseline -0.005 -15"><span class='ocrx_word' id='word_1_31' title='bbox 140 574 223 627; x_wconf 80' lang='grc' dir='ltr'><strong>ιϐ’.</strong></span> <span class='ocrx_word' id='word_1_32' title='bbox 248 570 519 641; x_wconf 77' lang='grc' dir='ltr'><strong>Αὐρήλιος</strong></span> <span class='ocrx_word' id='word_1_33' title='bbox 552 569 850 631; x_wconf 77' lang='grc' dir='ltr'><strong>ἐπίσκοπος</strong></span> <span class='ocrx_word' id='word_1_34' title='bbox 885 562 1058 620; x_wconf 78' lang='grc' dir='ltr'>εἶπεν·</span> <span class='ocrx_word' id='word_1_35' title='bbox 1107 567 1235 620; x_wconf 84' lang='grc' dir='ltr'>Ἐάν</span> <span class='ocrx_word' id='word_1_36' title='bbox 1277 584 1360 628; x_wconf 85' lang='grc' dir='ltr'><strong>τις</strong></span> <span class='ocrx_word' id='word_1_37' title='bbox 1392 566 1503 619; x_wconf 89' lang='grc' dir='ltr'><strong>τῶν</strong></span> <span class='ocrx_word' id='word_1_38' title='bbox 1527 565 1645 618; x_wconf 83' lang='grc' dir='ltr'>ὲπι-</span> 
     </span>
    </p>
   </div>
   <div class='ocr_carea' id='block_1_9' title="bbox 78 653 1646 728">
    <p class='ocr_par' dir='ltr' id='par_1_9' title="bbox 78 653 1646 728">
     <span class='ocr_line' id='line_1_9' title="bbox 78 653 1646 728; baseline -0.006 -12"><span class='ocrx_word' id='word_1_39' title='bbox 78 664 286 716; x_wconf 85' lang='grc' dir='ltr'>σκόπων</span> <span class='ocrx_word' id='word_1_40' title='bbox 328 658 723 728; x_wconf 81' lang='grc' dir='ltr'>κατηγορῆται,</span> <span class='ocrx_word' id='word_1_41' title='bbox 772 656 924 727; x_wconf 78' lang='grc' dir='ltr'>παρὰ</span> <span class='ocrx_word' id='word_1_42' title='bbox 960 657 1073 718; x_wconf 84' lang='grc' dir='ltr'>τοῖς</span> <span class='ocrx_word' id='word_1_43' title='bbox 1115 658 1213 725; x_wconf 81' lang='grc' dir='ltr'>τῆς</span> <span class='ocrx_word' id='word_1_44' title='bbox 1248 656 1418 725; x_wconf 79' lang='grc' dir='ltr'>αὐτῆς</span> <span class='ocrx_word' id='word_1_45' title='bbox 1462 653 1646 724; x_wconf 84' lang='grc' dir='ltr'>χώρας</span> 
     </span>
    </p>
   </div>
   <div class='ocr_carea' id='block_1_10' title="bbox 78 744 1645 821">
    <p class='ocr_par' dir='ltr' id='par_1_10' title="bbox 78 744 1645 821">
     <span class='ocr_line' id='line_1_10' title="bbox 78 744 1645 821; baseline -0.004 -17"><span class='ocrx_word' id='word_1_46' title='bbox 78 748 446 821; x_wconf 75' lang='grc' dir='ltr'><strong>πρωτεύουσιν</strong></span> <span class='ocrx_word' id='word_1_47' title='bbox 468 751 497 801; x_wconf 99' lang='lat'><strong>6</strong></span> <span class='ocrx_word' id='word_1_48' title='bbox 536 748 840 817; x_wconf 88' lang='grc' dir='ltr'>κατήγορος</span> <span class='ocrx_word' id='word_1_49' title='bbox 881 746 1133 817; x_wconf 76' lang='grc' dir='ltr'>ἀναγάγῃ</span> <span class='ocrx_word' id='word_1_50' title='bbox 1167 748 1226 799; x_wconf 89' lang='grc' dir='ltr'><strong>τὸ</strong></span> <span class='ocrx_word' id='word_1_51' title='bbox 1250 747 1513 815; x_wconf 82' lang='grc' dir='ltr'>πρᾶγμα·</span> <span class='ocrx_word' id='word_1_52' title='bbox 1552 744 1645 797; x_wconf 70' lang='grc' dir='ltr'><strong>καὶ</strong></span> 
     </span>
    </p>
   </div>
   <div class='ocr_carea' id='block_1_11' title="bbox 81 837 1645 911">
    <p class='ocr_par' dir='ltr' id='par_1_11' title="bbox 81 837 1645 911">
     <span class='ocr_line' id='line_1_11' title="bbox 81 837 1645 911; baseline -0.004 -17"><span class='ocrx_word' id='word_1_53' title='bbox 81 843 207 911; x_wconf 83' lang='grc' dir='ltr'>μηδὲ</span> <span class='ocrx_word' id='word_1_54' title='bbox 235 841 343 894; x_wconf 73' lang='grc' dir='ltr'><strong>ἀπὸ</strong></span> <span class='ocrx_word' id='word_1_55' title='bbox 373 840 472 909; x_wconf 86' lang='grc' dir='ltr'>τῆς</span> <span class='ocrx_word' id='word_1_56' title='bbox 525 837 812 900; x_wconf 77' lang='grc' dir='ltr'><strong>κοινωνίας</strong></span> <span class='ocrx_word' id='word_1_57' title='bbox 845 837 1059 908; x_wconf 76' lang='grc' dir='ltr'>κωλυθῇ</span> <span class='ocrx_word' id='word_1_58' title='bbox 1089 838 1117 889; x_wconf 92' lang='lat'><strong>6</strong></span> <span class='ocrx_word' id='word_1_59' title='bbox 1153 837 1645 908; x_wconf 79' lang='grc' dir='ltr'><strong>κατηγορούμενος,</strong></span> 
     </span>
    </p>
   </div>
   <div class='ocr_carea' id='block_1_12' title="bbox 79 927 1649 1004">
    <p class='ocr_par' dir='ltr' id='par_1_12' title="bbox 79 927 1649 1004">
     <span class='ocr_line' id='line_1_12' title="bbox 79 927 1649 1004; baseline -0.004 -18"><span class='ocrx_word' id='word_1_60' title='bbox 79 936 122 986; x_wconf 82' lang='grc' dir='ltr'><strong>εί</strong></span> <span class='ocrx_word' id='word_1_61' title='bbox 175 935 242 1003; x_wconf 86' lang='grc' dir='ltr'><strong>μή</strong></span> <span class='ocrx_word' id='word_1_62' title='bbox 269 942 318 1004; x_wconf 86' lang='grc' dir='ltr'>γ’</span> <span class='ocrx_word' id='word_1_63' title='bbox 347 930 417 984; x_wconf 76' lang='grc' dir='ltr'><strong>ἂν</strong></span> <span class='ocrx_word' id='word_1_64' title='bbox 452 930 588 1001; x_wconf 84' lang='grc' dir='ltr'>πρὸς</span> <span class='ocrx_word' id='word_1_65' title='bbox 624 929 918 997; x_wconf 84' lang='grc' dir='ltr'>ἀπολογίαν</span> <span class='ocrx_word' id='word_1_66' title='bbox 953 930 1011 981; x_wconf 81' lang='grc' dir='ltr'>ὲν</span> <span class='ocrx_word' id='word_1_67' title='bbox 1051 927 1128 998; x_wconf 79' lang='grc' dir='ltr'>τῷ</span> <span class='ocrx_word' id='word_1_68' title='bbox 1162 928 1513 998; x_wconf 67' lang='grc' dir='ltr'>,δικαστηρίῳ</span> <span class='ocrx_word' id='word_1_69' title='bbox 1540 928 1649 979; x_wconf 89' lang='grc' dir='ltr'><strong>τῶν</strong></span> 
     </span>
    </p>
   </div>
   <div class='ocr_carea' id='block_1_13' title="bbox 81 1019 1647 1092">
    <p class='ocr_par' dir='ltr' id='par_1_13' title="bbox 81 1019 1647 1092">
     <span class='ocr_line' id='line_1_13' title="bbox 81 1019 1647 1092; baseline -0.004 -14"><span class='ocrx_word' id='word_1_70' title='bbox 81 1024 431 1092; x_wconf 75' lang='grc' dir='ltr'>ὲπιλεγὲντων</span> <span class='ocrx_word' id='word_1_71' title='bbox 495 1021 735 1085; x_wconf 79' lang='grc' dir='ltr'><strong>δικάζειν</strong></span> <span class='ocrx_word' id='word_1_72' title='bbox 783 1021 1075 1091; x_wconf 83' lang='grc' dir='ltr'>γράμμασι</span> <span class='ocrx_word' id='word_1_73' title='bbox 1130 1019 1535 1091; x_wconf 74' lang='grc' dir='ltr'>προσκληθεὶς,</span> <span class='ocrx_word' id='word_1_74' title='bbox 1582 1022 1647 1090; x_wconf 81' lang='grc' dir='ltr'>τῇ</span> 
     </span>
    </p>
   </div>
   <div class='ocr_carea' id='block_1_14' title="bbox 81 1112 1649 1187">
    <p class='ocr_par' dir='ltr' id='par_1_14' title="bbox 81 1112 1649 1187">
     <span class='ocr_line' id='line_1_14' title="bbox 81 1112 1649 1187; baseline -0.003 -19"><span class='ocrx_word' id='word_1_75' title='bbox 81 1116 347 1187; x_wconf 78' lang='grc' dir='ltr'>ὡρισμένῃ</span> <span class='ocrx_word' id='word_1_76' title='bbox 410 1115 598 1183; x_wconf 77' lang='grc' dir='ltr'><strong>ἡμέρᾳ.</strong></span> <span class='ocrx_word' id='word_1_77' title='bbox 654 1112 907 1182; x_wconf 81' lang='grc' dir='ltr'><strong>οὐδαμῶς</strong></span> <span class='ocrx_word' id='word_1_78' title='bbox 964 1113 1311 1181; x_wconf 83' lang='grc' dir='ltr'>ἀπαντήσοι,</span> <span class='ocrx_word' id='word_1_79' title='bbox 1370 1112 1649 1165; x_wconf 79' lang='grc' dir='ltr'><strong>τουτέστιν</strong></span> 
     </span>
    </p>
   </div>
   <div class='ocr_carea' id='block_1_15' title="bbox 83 1197 1652 1274">
    <p class='ocr_par' dir='ltr' id='par_1_15' title="bbox 83 1197 1652 1274">
     <span class='ocr_line' id='line_1_15' title="bbox 83 1197 1652 1274; baseline -0.003 -14"><span class='ocrx_word' id='word_1_80' title='bbox 83 1206 223 1267; x_wconf 79' lang='grc' dir='ltr'>ὲντδς</span> <span class='ocrx_word' id='word_1_81' title='bbox 264 1204 606 1274; x_wconf 76' lang='grc' dir='ltr'><strong>προθεσμίας</strong></span> <span class='ocrx_word' id='word_1_82' title='bbox 640 1203 825 1273; x_wconf 82' lang='grc' dir='ltr'>μηνὸς,</span> <span class='ocrx_word' id='word_1_83' title='bbox 869 1203 963 1270; x_wconf 82' lang='grc' dir='ltr'><strong>ἀφ’</strong></span> <span class='ocrx_word' id='word_1_84' title='bbox 989 1197 1057 1271; x_wconf 85' lang='grc' dir='ltr'>ἦς</span> <span class='ocrx_word' id='word_1_85' title='bbox 1107 1202 1318 1271; x_wconf 86' lang='grc' dir='ltr'>ήμέρας</span> <span class='ocrx_word' id='word_1_86' title='bbox 1362 1201 1556 1271; x_wconf 82' lang='grc' dir='ltr'>φανείη</span> <span class='ocrx_word' id='word_1_87' title='bbox 1585 1202 1652 1255; x_wconf 76' lang='grc' dir='ltr'>τὰ</span> 
     </span>
    </p>
   </div>
   <div class='ocr_carea' id='block_1_16' title="bbox 83 1292 1650 1368">
    <p class='ocr_par' dir='ltr' id='par_1_16' title="bbox 83 1292 1650 1368">
     <span class='ocr_line' id='line_1_16' title="bbox 83 1292 1650 1368; baseline -0.005 -16"><span class='ocrx_word' id='word_1_88' title='bbox 83 1300 372 1368; x_wconf 79' lang='grc' dir='ltr'>γράμματα</span> <span class='ocrx_word' id='word_1_89' title='bbox 393 1292 708 1364; x_wconf 74' lang='grc' dir='ltr'>δεξάμενοςο</span> <span class='ocrx_word' id='word_1_90' title='bbox 736 1293 831 1346; x_wconf 80' lang='grc' dir='ltr'><strong>ἐὰν</strong></span> <span class='ocrx_word' id='word_1_91' title='bbox 860 1293 917 1345; x_wconf 82' lang='grc' dir='ltr'>δὲ</span> <span class='ocrx_word' id='word_1_92' title='bbox 941 1292 1160 1361; x_wconf 82' lang='grc' dir='ltr'>ἀληθεῖς</span> <span class='ocrx_word' id='word_1_93' title='bbox 1182 1309 1332 1356; x_wconf 89' lang='grc' dir='ltr'>τινας</span> <span class='ocrx_word' id='word_1_94' title='bbox 1358 1293 1450 1345; x_wconf 73' lang='grc' dir='ltr'><strong>καὶ</strong></span> <span class='ocrx_word' id='word_1_95' title='bbox 1479 1293 1650 1360; x_wconf 80' lang='grc' dir='ltr'>ἀναγ-</span> 
     </span>
    </p>
   </div>
   <div class='ocr_carea' id='block_1_17' title="bbox 84 1382 1653 1455">
    <p class='ocr_par' dir='ltr' id='par_1_17' title="bbox 84 1382 1653 1455">
     <span class='ocr_line' id='line_1_17' title="bbox 84 1382 1653 1455; baseline -0.006 -12"><span class='ocrx_word' id='word_1_96' title='bbox 84 1389 335 1451; x_wconf 80' lang='grc' dir='ltr'>καστικὰς</span> <span class='ocrx_word' id='word_1_97' title='bbox 395 1387 577 1447; x_wconf 75' lang='grc' dir='ltr'>αἰτίας</span> <span class='ocrx_word' id='word_1_98' title='bbox 627 1385 906 1455; x_wconf 80' lang='grc' dir='ltr'>ἀποδείξῃ,</span> <span class='ocrx_word' id='word_1_99' title='bbox 962 1384 1054 1436; x_wconf 85' lang='grc' dir='ltr'><strong>τὸν</strong></span> <span class='ocrx_word' id='word_1_100' title='bbox 1113 1382 1273 1436; x_wconf 77' lang='grc' dir='ltr'>αὐτὸν</span> <span class='ocrx_word' id='word_1_101' title='bbox 1331 1382 1653 1445; x_wconf 88' lang='grc' dir='ltr'>κωλυσάσας</span> 
     </span>
    </p>
   </div>
   <div class='ocr_carea' id='block_1_18' title="bbox 86 1469 1665 1546">
    <p class='ocr_par' dir='ltr' id='par_1_18' title="bbox 86 1469 1665 1546">
     <span class='ocr_line' id='line_1_18' title="bbox 86 1469 1665 1546; baseline -0.004 -15"><span class='ocrx_word' id='word_1_102' title='bbox 86 1477 379 1546; x_wconf 82' lang='grc' dir='ltr'>ἀπαντῆσαι</span> <span class='ocrx_word' id='word_1_103' title='bbox 402 1476 546 1544; x_wconf 75' lang='grc' dir='ltr'>πρὸς</span> <span class='ocrx_word' id='word_1_104' title='bbox 572 1472 867 1540; x_wconf 82' lang='grc' dir='ltr'>ἀπολογίαν</span> <span class='ocrx_word' id='word_1_105' title='bbox 888 1472 996 1523; x_wconf 87' lang='grc' dir='ltr'><strong>τῶν</strong></span> <span class='ocrx_word' id='word_1_106' title='bbox 1022 1470 1142 1524; x_wconf 88' lang='grc' dir='ltr'>κατ’</span> <span class='ocrx_word' id='word_1_107' title='bbox 1174 1469 1338 1524; x_wconf 80' lang='grc' dir='ltr'>αὑτοῦ</span> <span class='ocrx_word' id='word_1_108' title='bbox 1372 1471 1665 1542; x_wconf 75' lang='grc' dir='ltr'>προτεθένσ.</span> 
     </span>
    </p>
   </div>
   <div class='ocr_carea' id='block_1_19' title="bbox 84 1560 1649 1634">
    <p class='ocr_par' dir='ltr' id='par_1_19' title="bbox 84 1560 1649 1634">
     <span class='ocr_line' id='line_1_19' title="bbox 84 1560 1649 1634; baseline -0.004 -15"><span class='ocrx_word' id='word_1_109' title='bbox 84 1585 202 1632; x_wconf 85' lang='grc' dir='ltr'>των,</span> <span class='ocrx_word' id='word_1_110' title='bbox 235 1566 384 1628; x_wconf 76' lang='grc' dir='ltr'>ἐντὸς</span> <span class='ocrx_word' id='word_1_111' title='bbox 409 1564 603 1634; x_wconf 77' lang='grc' dir='ltr'>ἑτέρου</span> <span class='ocrx_word' id='word_1_112' title='bbox 635 1564 801 1631; x_wconf 78' lang='grc' dir='ltr'>μηνὸς</span> <span class='ocrx_word' id='word_1_113' title='bbox 837 1563 1101 1632; x_wconf 80' lang='grc' dir='ltr'>ἀκεραίαν</span> <span class='ocrx_word' id='word_1_114' title='bbox 1127 1561 1300 1632; x_wconf 78' lang='grc' dir='ltr'>ἐχέτω</span> <span class='ocrx_word' id='word_1_115' title='bbox 1329 1560 1611 1631; x_wconf 75' lang='grc' dir='ltr'>εὐχέρειαν</span> <span class='ocrx_word' id='word_1_116' title='bbox 1635 1575 1649 1590; x_wconf 77' lang='grc'><strong><em>⁸</em></strong></span> 
     </span>
    </p>
   </div>
   <div class='ocr_carea' id='block_1_20' title="bbox 1749 369 2535 438">
    <p class='ocr_par' dir='ltr' id='par_1_20' title="bbox 1749 369 2535 438">
     <span class='ocr_line' id='line_1_20' title="bbox 1749 369 2535 438; baseline -0.004 -14"><span class='ocrx_word' id='word_1_117' title='bbox 1749 372 2028 433; x_wconf 76' lang='lat' dir='ltr'><strong>provincia:</strong></span> <span class='ocrx_word' id='word_1_118' title='bbox 2056 387 2219 424; x_wconf 82' lang='lat' dir='ltr'><strong>causa</strong></span> <span class='ocrx_word' id='word_1_119' title='bbox 2244 369 2535 438; x_wconf 82' lang='lat' dir='ltr'><strong>deferatur.</strong></span> 
     </span>
    </p>
   </div>
   <div class='ocr_carea' id='block_1_21' title="bbox 1822 557 3332 632">
    <p class='ocr_par' dir='ltr' id='par_1_21' title="bbox 1822 557 3332 632">
     <span class='ocr_line' id='line_1_21' title="bbox 1822 557 3332 632; baseline -0.002 -16"><span class='ocrx_word' id='word_1_120' title='bbox 1822 562 1910 619; x_wconf 76' lang='lat' dir='ltr'><strong>l9.</strong></span> <span class='ocrx_word' id='word_1_121' title='bbox 1951 563 2204 617; x_wconf 84' lang='lat' dir='ltr'><strong>Aurelius</strong></span> <span class='ocrx_word' id='word_1_122' title='bbox 2238 564 2527 632; x_wconf 81' lang='lat' dir='ltr'><strong>episcOpns</strong></span> <span class='ocrx_word' id='word_1_123' title='bbox 2550 560 2592 592; x_wconf 79' lang='grc'><strong>’⁸</strong></span> <span class='ocrx_word' id='word_1_124' title='bbox 2623 559 2800 614; x_wconf 81' lang='lat' dir='ltr'><strong>dixit:</strong></span> <span class='ocrx_word' id='word_1_125' title='bbox 2838 558 3096 627; x_wconf 82' lang='lat' dir='ltr'><strong>Quisquis</strong></span> <span class='ocrx_word' id='word_1_126' title='bbox 3121 557 3332 627; x_wconf 84' lang='lat' dir='ltr'><strong>episeo-</strong></span> 
     </span>
    </p>
   </div>
   <div class='ocr_carea' id='block_1_22' title="bbox 1753 649 3334 725">
    <p class='ocr_par' dir='ltr' id='par_1_22' title="bbox 1753 649 3334 725">
     <span class='ocr_line' id='line_1_22' title="bbox 1753 649 3334 725; baseline -0.004 -16"><span class='ocrx_word' id='word_1_127' title='bbox 1753 669 1945 725; x_wconf 90' lang='lat' dir='ltr'><strong>porum</strong></span> <span class='ocrx_word' id='word_1_128' title='bbox 1994 664 2284 709; x_wconf 73' lang='lat' dir='ltr'><strong>accusatur</strong></span> <span class='ocrx_word' id='word_1_129' title='bbox 2332 654 2401 708; x_wconf 87' lang='lat' dir='ltr'><strong>ad</strong></span> <span class='ocrx_word' id='word_1_130' title='bbox 2462 652 2747 721; x_wconf 76' lang='lat' dir='ltr'><strong>primatem</strong></span> <span class='ocrx_word' id='word_1_131' title='bbox 2804 651 3097 720; x_wconf 76' lang='lat' dir='ltr'><strong>provinciae</strong></span> <span class='ocrx_word' id='word_1_132' title='bbox 3157 649 3334 717; x_wconf 85' lang='lat' dir='ltr'><strong>ipsius</strong></span> 
     </span>
    </p>
   </div>
   <div class='ocr_carea' id='block_1_23' title="bbox 1755 742 3337 809">
    <p class='ocr_par' dir='ltr' id='par_1_23' title="bbox 1755 742 3337 809">
     <span class='ocr_line' id='line_1_23' title="bbox 1755 742 3337 809; baseline -0.004 -8"><span class='ocrx_word' id='word_1_133' title='bbox 1755 762 1974 802; x_wconf 83' lang='lat' dir='ltr'><strong>causam</strong></span> <span class='ocrx_word' id='word_1_134' title='bbox 2054 747 2265 801; x_wconf 76' lang='lat' dir='ltr'><strong>deferat</strong></span> <span class='ocrx_word' id='word_1_135' title='bbox 2314 754 2628 809; x_wconf 84' lang='lat' dir='ltr'><strong>accusator,</strong></span> <span class='ocrx_word' id='word_1_136' title='bbox 2694 758 2793 797; x_wconf 93' lang='lat' dir='ltr'><strong>nec</strong></span> <span class='ocrx_word' id='word_1_137' title='bbox 2861 758 2891 797; x_wconf 85' lang='lat' dir='ltr'><strong>a</strong></span> <span class='ocrx_word' id='word_1_138' title='bbox 2950 742 3337 796; x_wconf 85' lang='lat' dir='ltr'><strong>communione</strong></span> 
     </span>
    </p>
   </div>
   <div class='ocr_carea' id='block_1_24' title="bbox 1755 834 3335 907">
    <p class='ocr_par' dir='ltr' id='par_1_24' title="bbox 1755 834 3335 907">
     <span class='ocr_line' id='line_1_24' title="bbox 1755 834 3335 907; baseline -0.004 -16"><span class='ocrx_word' id='word_1_139' title='bbox 1755 838 2138 907; x_wconf 74' lang='lat' dir='ltr'><strong>suspendatur,</strong></span> <span class='ocrx_word' id='word_1_140' title='bbox 2173 838 2261 892; x_wconf 90' lang='lat' dir='ltr'><strong>cui</strong></span> <span class='ocrx_word' id='word_1_141' title='bbox 2285 838 2492 892; x_wconf 88' lang='lat' dir='ltr'><strong>crimen</strong></span> <span class='ocrx_word' id='word_1_142' title='bbox 2524 835 2845 897; x_wconf 82' lang='lat' dir='ltr'><strong>intenditur,</strong></span> <span class='ocrx_word' id='word_1_143' title='bbox 2876 836 2978 889; x_wconf 85' lang='lat' dir='ltr'><strong>nisi</strong></span> <span class='ocrx_word' id='word_1_144' title='bbox 3014 834 3079 887; x_wconf 88' lang='lat' dir='ltr'><strong>ad</strong></span> <span class='ocrx_word' id='word_1_145' title='bbox 3109 848 3335 888; x_wconf 88' lang='lat' dir='ltr'><strong>causam</strong></span> 
     </span>
    </p>
   </div>
   <div class='ocr_carea' id='block_1_25' title="bbox 1755 927 3337 997">
    <p class='ocr_par' dir='ltr' id='par_1_25' title="bbox 1755 927 3337 997">
     <span class='ocr_line' id='line_1_25' title="bbox 1755 927 3337 997; baseline -0.003 -12"><span class='ocrx_word' id='word_1_146' title='bbox 1755 946 1909 985; x_wconf 87' lang='lat' dir='ltr'><strong>suam</strong></span> <span class='ocrx_word' id='word_1_147' title='bbox 1948 930 2232 985; x_wconf 86' lang='lat' dir='ltr'><strong>dicendam</strong></span> <span class='ocrx_word' id='word_1_148' title='bbox 2282 930 2575 984; x_wconf 90' lang='lat' dir='ltr'><strong>electorum</strong></span> <span class='ocrx_word' id='word_1_149' title='bbox 2612 928 2946 997; x_wconf 68' lang='lat' dir='ltr'><strong>iudiciorum</strong></span> <span class='ocrx_word' id='word_1_150' title='bbox 3002 927 3089 981; x_wconf 92' lang='lat' dir='ltr'><strong>die</strong></span> <span class='ocrx_word' id='word_1_151' title='bbox 3134 936 3337 980; x_wconf 88' lang='lat' dir='ltr'><strong>statuta</strong></span> 
     </span>
    </p>
   </div>
   <div class='ocr_carea' id='block_1_26' title="bbox 1755 1018 3341 1088">
    <p class='ocr_par' dir='ltr' id='par_1_26' title="bbox 1755 1018 3341 1088">
     <span class='ocr_line' id='line_1_26' title="bbox 1755 1018 3341 1088; baseline -0.001 -14"><span class='ocrx_word' id='word_1_152' title='bbox 1755 1020 1951 1076; x_wconf 83' lang='lat' dir='ltr'><strong>litteris</strong></span> <span class='ocrx_word' id='word_1_153' title='bbox 1998 1031 2256 1076; x_wconf 83' lang='lat' dir='ltr'><strong>evocatus</strong></span> <span class='ocrx_word' id='word_1_154' title='bbox 2311 1020 2537 1074; x_wconf 89' lang='lat' dir='ltr'><strong>minime</strong></span> <span class='ocrx_word' id='word_1_155' title='bbox 2593 1020 2913 1083; x_wconf 90' lang='lat' dir='ltr'><strong>occurrerit,</strong></span> <span class='ocrx_word' id='word_1_156' title='bbox 2976 1018 3084 1073; x_wconf 87' lang='lat' dir='ltr'><strong>hoc</strong></span> <span class='ocrx_word' id='word_1_157' title='bbox 3122 1027 3205 1073; x_wconf 89' lang='lat' dir='ltr'><strong>est</strong></span> <span class='ocrx_word' id='word_1_158' title='bbox 3226 1018 3341 1088; x_wconf 79' lang='lat'><strong>(85)</strong></span> 
     </span>
    </p>
   </div>
   <div class='ocr_carea' id='block_1_27' title="bbox 1756 1110 3345 1181">
    <p class='ocr_par' dir='ltr' id='par_1_27' title="bbox 1756 1110 3345 1181">
     <span class='ocr_line' id='line_1_27' title="bbox 1756 1110 3345 1181; baseline -0.001 -16"><span class='ocrx_word' id='word_1_159' title='bbox 1756 1110 1896 1165; x_wconf 89' lang='lat' dir='ltr'><strong>infra</strong></span> <span class='ocrx_word' id='word_1_160' title='bbox 1934 1112 2168 1181; x_wconf 79' lang='lat' dir='ltr'><strong>spatium</strong></span> <span class='ocrx_word' id='word_1_161' title='bbox 2209 1111 2439 1174; x_wconf 88' lang='lat' dir='ltr'><strong>mensis,</strong></span> <span class='ocrx_word' id='word_1_162' title='bbox 2488 1124 2555 1165; x_wconf 79' lang='lat' dir='ltr'><strong>ex</strong></span> <span class='ocrx_word' id='word_1_163' title='bbox 2593 1125 2656 1165; x_wconf 85' lang='lat' dir='ltr'><strong>ea</strong></span> <span class='ocrx_word' id='word_1_164' title='bbox 2684 1112 2791 1174; x_wconf 91' lang='lat' dir='ltr'><strong>die,</strong></span> <span class='ocrx_word' id='word_1_165' title='bbox 2824 1125 2932 1176; x_wconf 90' lang='lat' dir='ltr'><strong>qua</strong></span> <span class='ocrx_word' id='word_1_166' title='bbox 2980 1124 3105 1163; x_wconf 89' lang='lat' dir='ltr'><strong>eum</strong></span> <span class='ocrx_word' id='word_1_167' title='bbox 3133 1110 3345 1163; x_wconf 87' lang='lat' dir='ltr'><strong>litteras</strong></span> 
     </span>
    </p>
   </div>
   <div class='ocr_carea' id='block_1_28' title="bbox 1758 1199 3343 1269">
    <p class='ocr_par' dir='ltr' id='par_1_28' title="bbox 1758 1199 3343 1269">
     <span class='ocr_line' id='line_1_28' title="bbox 1758 1199 3343 1269; baseline -0.001 -14"><span class='ocrx_word' id='word_1_168' title='bbox 1758 1201 2035 1269; x_wconf 86' lang='lat' dir='ltr'><strong>accepisse</strong></span> <span class='ocrx_word' id='word_1_169' title='bbox 2064 1200 2388 1257; x_wconf 86' lang='lat' dir='ltr'><strong>constiterit.</strong></span> <span class='ocrx_word' id='word_1_170' title='bbox 2422 1199 2577 1267; x_wconf 83' lang='lat' dir='ltr'><strong>Quod</strong></span> <span class='ocrx_word' id='word_1_171' title='bbox 2624 1201 2669 1254; x_wconf 91' lang='lat' dir='ltr'><strong>si</strong></span> <span class='ocrx_word' id='word_1_172' title='bbox 2714 1200 2927 1269; x_wconf 89' lang='lat' dir='ltr'><strong>aliquas</strong></span> <span class='ocrx_word' id='word_1_173' title='bbox 2955 1214 3109 1252; x_wconf 87' lang='lat' dir='ltr'><strong>veras</strong></span> <span class='ocrx_word' id='word_1_174' title='bbox 3150 1215 3343 1253; x_wconf 85' lang='lat' dir='ltr'><strong>neces-</strong></span> 
     </span>
    </p>
   </div>
   <div class='ocr_carea' id='block_1_29' title="bbox 1759 1292 3345 1364">
    <p class='ocr_par' dir='ltr' id='par_1_29' title="bbox 1759 1292 3345 1364">
     <span class='ocr_line' id='line_1_29' title="bbox 1759 1292 3345 1364; baseline -0.001 -16"><span class='ocrx_word' id='word_1_175' title='bbox 1759 1293 1938 1348; x_wconf 82' lang='lat' dir='ltr'><strong>sitatis</strong></span> <span class='ocrx_word' id='word_1_176' title='bbox 1999 1309 2197 1349; x_wconf 88' lang='lat' dir='ltr'><strong>causas</strong></span> <span class='ocrx_word' id='word_1_177' title='bbox 2230 1295 2573 1364; x_wconf 86' lang='lat' dir='ltr'><strong>probaverit.</strong></span> <span class='ocrx_word' id='word_1_178' title='bbox 2621 1295 2786 1364; x_wconf 74' lang='lat'><strong>236</strong></span> <span class='ocrx_word' id='word_1_179' title='bbox 2831 1294 3029 1364; x_wconf 86' lang='lat' dir='ltr'><strong>quibus</strong></span> <span class='ocrx_word' id='word_1_180' title='bbox 3071 1292 3181 1363; x_wconf 73' lang='grc'><strong>(84)</strong></span> <span class='ocrx_word' id='word_1_181' title='bbox 3217 1307 3345 1347; x_wconf 91' lang='lat' dir='ltr'><strong>eum</strong></span> 
     </span>
    </p>
   </div>
   <div class='ocr_carea' id='block_1_30' title="bbox 1760 1380 3346 1455">
    <p class='ocr_par' dir='ltr' id='par_1_30' title="bbox 1760 1380 3346 1455">
     <span class='ocr_line' id='line_1_30' title="bbox 1760 1380 3346 1455; baseline -0.001 -18"><span class='ocrx_word' id='word_1_182' title='bbox 1760 1399 2049 1439; x_wconf 87' lang='lat' dir='ltr'><strong>occurrere</strong></span> <span class='ocrx_word' id='word_1_183' title='bbox 2075 1401 2183 1439; x_wconf 88' lang='lat' dir='ltr'><strong>non</strong></span> <span class='ocrx_word' id='word_1_184' title='bbox 2227 1385 2470 1455; x_wconf 89' lang='lat' dir='ltr'><strong>potuisse</strong></span> <span class='ocrx_word' id='word_1_185' title='bbox 2521 1385 2873 1439; x_wconf 80' lang='lat' dir='ltr'><strong>manifestum</strong></span> <span class='ocrx_word' id='word_1_186' title='bbox 2906 1385 2995 1448; x_wconf 91' lang='lat' dir='ltr'><strong>sit,</strong></span> <span class='ocrx_word' id='word_1_187' title='bbox 3026 1398 3207 1438; x_wconf 76' lang='lat' dir='ltr'><strong>causa:</strong></span> <span class='ocrx_word' id='word_1_188' title='bbox 3231 1380 3346 1453; x_wconf 81' lang='lat'><strong>(85)</strong></span> 
     </span>
    </p>
   </div>
   <div class='ocr_carea' id='block_1_31' title="bbox 1760 1475 3347 1547">
    <p class='ocr_par' dir='ltr' id='par_1_31' title="bbox 1760 1475 3347 1547">
     <span class='ocr_line' id='line_1_31' title="bbox 1760 1475 3347 1547; baseline -0.001 -18"><span class='ocrx_word' id='word_1_189' title='bbox 1760 1475 2003 1530; x_wconf 58' lang='lat' dir='ltr'><strong>dicenda!</strong></span> <span class='ocrx_word' id='word_1_190' title='bbox 2049 1476 2190 1531; x_wconf 87' lang='lat' dir='ltr'><strong>intra</strong></span> <span class='ocrx_word' id='word_1_191' title='bbox 2258 1476 2485 1531; x_wconf 90' lang='lat' dir='ltr'><strong>alterum</strong></span> <span class='ocrx_word' id='word_1_192' title='bbox 2547 1492 2792 1531; x_wconf 86' lang='lat' dir='ltr'><strong>mensem</strong></span> <span class='ocrx_word' id='word_1_193' title='bbox 2837 1477 3103 1547; x_wconf 84' lang='lat' dir='ltr'><strong>integram</strong></span> <span class='ocrx_word' id='word_1_194' title='bbox 3146 1475 3347 1529; x_wconf 88' lang='lat' dir='ltr'><strong>habeat</strong></span> 
     </span>
    </p>
   </div>
   <div class='ocr_carea' id='block_1_32' title="bbox 1766 1565 3345 1635">
    <p class='ocr_par' dir='ltr' id='par_1_32' title="bbox 1766 1565 3345 1635">
     <span class='ocr_line' id='line_1_32' title="bbox 1766 1565 3345 1635; baseline -0.001 -16"><span class='ocrx_word' id='word_1_195' title='bbox 1766 1565 2075 1622; x_wconf 78' lang='lat' dir='ltr'><strong>facultatem</strong></span> <span class='ocrx_word' id='word_1_196' title='bbox 2099 1583 2114 1633; x_wconf 87' lang='lat'><strong>;</strong></span> <span class='ocrx_word' id='word_1_197' title='bbox 2145 1582 2331 1621; x_wconf 88' lang='lat' dir='ltr'><strong>verum</strong></span> <span class='ocrx_word' id='word_1_198' title='bbox 2353 1576 2464 1621; x_wconf 89' lang='lat' dir='ltr'><strong>tam</strong></span> <span class='ocrx_word' id='word_1_199' title='bbox 2495 1566 2588 1621; x_wconf 91' lang='lat' dir='ltr'><strong>diu</strong></span> <span class='ocrx_word' id='word_1_200' title='bbox 2614 1575 2736 1635; x_wconf 89' lang='lat' dir='ltr'><strong>post</strong></span> <span class='ocrx_word' id='word_1_201' title='bbox 2775 1582 3014 1620; x_wconf 87' lang='lat' dir='ltr'><strong>mensem</strong></span> <span class='ocrx_word' id='word_1_202' title='bbox 3043 1566 3345 1621; x_wconf 89' lang='lat' dir='ltr'><strong>secundum</strong></span> 
     </span>
    </p>
   </div>
   <div class='ocr_carea' id='block_1_33' title="bbox 92 1641 1681 1729">
    <p class='ocr_par' dir='ltr' id='par_1_33' title="bbox 92 1646 1653 1729">
     <span class='ocr_line' id='line_1_33' title="bbox 92 1646 1653 1729; baseline -0.004 -17"><span class='ocrx_word' id='word_1_203' title='bbox 92 1658 216 1729; x_wconf 81' lang='grc' dir='ltr'>μετὰ</span> <span class='ocrx_word' id='word_1_204' title='bbox 250 1658 307 1710; x_wconf 81' lang='grc' dir='ltr'>δὲ</span> <span class='ocrx_word' id='word_1_205' title='bbox 332 1656 427 1709; x_wconf 81' lang='grc' dir='ltr'><strong>τὸν</strong></span> <span class='ocrx_word' id='word_1_206' title='bbox 472 1656 726 1725; x_wconf 87' lang='grc' dir='ltr'>δεύτερον</span> <span class='ocrx_word' id='word_1_207' title='bbox 772 1657 937 1724; x_wconf 84' lang='grc' dir='ltr'>μῆνα,</span> <span class='ocrx_word' id='word_1_208' title='bbox 980 1652 1056 1724; x_wconf 83' lang='grc' dir='ltr'>μὴ</span> <span class='ocrx_word' id='word_1_209' title='bbox 1100 1654 1404 1724; x_wconf 81' lang='grc' dir='ltr'>κοινωνήσῃ</span> <span class='ocrx_word' id='word_1_210' title='bbox 1437 1652 1543 1715; x_wconf 74' lang='grc' dir='ltr'>ἕως</span> <span class='ocrx_word' id='word_1_211' title='bbox 1593 1646 1653 1706; x_wconf 75' lang='grc' dir='ltr'><strong>οὗ</strong></span> 
     </span>
    </p>
   </div>
   <div class='ocr_carea' id='block_1_34' title="bbox 1776 1641 3348 1729">
    <p class='ocr_par' dir='ltr' id='par_1_34' title="bbox 1776 1656 3348 1727">
     <span class='ocr_line' id='line_1_34' title="bbox 1776 1656 3348 1727; baseline 0.001 -18"><span class='ocrx_word' id='word_1_212' title='bbox 1776 1671 1867 1709; x_wconf 82' lang='lat' dir='ltr'><strong>ton</strong></span> <span class='ocrx_word' id='word_1_213' title='bbox 1901 1657 2285 1720; x_wconf 87' lang='lat' dir='ltr'><strong>communicet,</strong></span> <span class='ocrx_word' id='word_1_214' title='bbox 2310 1657 2484 1711; x_wconf 90' lang='lat' dir='ltr'><strong>donec</strong></span> <span class='ocrx_word' id='word_1_215' title='bbox 2506 1668 2790 1727; x_wconf 81' lang='lat' dir='ltr'><strong>purgetur.</strong></span> <span class='ocrx_word' id='word_1_216' title='bbox 2818 1657 2874 1710; x_wconf 94' lang='lat' dir='ltr'><strong>Si</strong></span> <span class='ocrx_word' id='word_1_217' title='bbox 2905 1666 3085 1711; x_wconf 90' lang='lat' dir='ltr'><strong>autem</strong></span> <span class='ocrx_word' id='word_1_218' title='bbox 3111 1656 3177 1711; x_wconf 89' lang='lat' dir='ltr'><strong>ad</strong></span> <span class='ocrx_word' id='word_1_219' title='bbox 3211 1671 3348 1710; x_wconf 84' lang='lat' dir='ltr'><strong>con-</strong></span> 
     </span>
    </p>
   </div>
   <div class='ocr_carea' id='block_1_35' title="bbox 89 1745 1661 1821">
    <p class='ocr_par' dir='ltr' id='par_1_35' title="bbox 89 1745 1661 1821">
     <span class='ocr_line' id='line_1_35' title="bbox 89 1745 1661 1821; baseline -0.006 -16"><span class='ocrx_word' id='word_1_220' title='bbox 89 1751 308 1821; x_wconf 84' lang='grc' dir='ltr'>καθαρδς</span> <span class='ocrx_word' id='word_1_221' title='bbox 330 1748 705 1818; x_wconf 72' lang='grc' dir='ltr'>ἀποδειχθείη.</span> <span class='ocrx_word' id='word_1_222' title='bbox 743 1748 806 1800; x_wconf 85' lang='grc' dir='ltr'><strong>Εἰ</strong></span> <span class='ocrx_word' id='word_1_223' title='bbox 837 1747 893 1799; x_wconf 83' lang='grc' dir='ltr'>δὲ</span> <span class='ocrx_word' id='word_1_224' title='bbox 916 1748 1053 1817; x_wconf 86' lang='grc' dir='ltr'>πρὸς</span> <span class='ocrx_word' id='word_1_225' title='bbox 1084 1745 1378 1816; x_wconf 86' lang='grc' dir='ltr'>σύμπασαν</span> <span class='ocrx_word' id='word_1_226' title='bbox 1407 1746 1505 1814; x_wconf 79' lang='grc' dir='ltr'><strong>τήν</strong></span> <span class='ocrx_word' id='word_1_227' title='bbox 1536 1746 1661 1815; x_wconf 78' lang='grc' dir='ltr'>ἐτη-</span> 
     </span>
    </p>
   </div>
   <div class='ocr_carea' id='block_1_36' title="bbox 96 1833 1661 1905">
    <p class='ocr_par' dir='ltr' id='par_1_36' title="bbox 96 1833 1661 1905">
     <span class='ocr_line' id='line_1_36' title="bbox 96 1833 1661 1905; baseline -0.006 -11"><span class='ocrx_word' id='word_1_228' title='bbox 96 1842 203 1895; x_wconf 81' lang='grc' dir='ltr'>σίαν</span> <span class='ocrx_word' id='word_1_229' title='bbox 229 1839 444 1892; x_wconf 84' lang='grc' dir='ltr'>σύνοδον</span> <span class='ocrx_word' id='word_1_230' title='bbox 480 1835 794 1905; x_wconf 82' lang='grc' dir='ltr'>ἀπαντῆσαι</span> <span class='ocrx_word' id='word_1_231' title='bbox 825 1836 899 1905; x_wconf 82' lang='grc' dir='ltr'>μὴ</span> <span class='ocrx_word' id='word_1_232' title='bbox 941 1834 1249 1904; x_wconf 81' lang='grc' dir='ltr'><strong>βουληθείη,</strong></span> <span class='ocrx_word' id='word_1_233' title='bbox 1287 1833 1372 1886; x_wconf 79' lang='grc' dir='ltr'><strong>ἵνα</strong></span> <span class='ocrx_word' id='word_1_234' title='bbox 1410 1833 1514 1885; x_wconf 74' lang='grc' dir='ltr'>κᾶν</span> <span class='ocrx_word' id='word_1_235' title='bbox 1546 1835 1661 1885; x_wconf 72' lang='grc' dir='ltr'>ἐκεῖ</span> 
     </span>
    </p>
   </div>
   <div class='ocr_carea' id='block_1_37' title="bbox 94 1925 1662 2002">
    <p class='ocr_par' dir='ltr' id='par_1_37' title="bbox 94 1925 1662 2002">
     <span class='ocr_line' id='line_1_37' title="bbox 94 1925 1662 2002; baseline -0.004 -17"><span class='ocrx_word' id='word_1_236' title='bbox 94 1933 147 1985; x_wconf 78' lang='grc' dir='ltr'>τὸ</span> <span class='ocrx_word' id='word_1_237' title='bbox 172 1932 396 2002; x_wconf 80' lang='grc' dir='ltr'>πρᾶγμα</span> <span class='ocrx_word' id='word_1_238' title='bbox 437 1928 608 1982; x_wconf 82' lang='grc' dir='ltr'>αὑτοῦ</span> <span class='ocrx_word' id='word_1_239' title='bbox 634 1928 947 1998; x_wconf 59' lang='grc' dir='ltr'>ηπεραιιιιθῇ,</span> <span class='ocrx_word' id='word_1_240' title='bbox 984 1928 1148 1989; x_wconf 78' lang='grc' dir='ltr'>αὐτὸς</span> <span class='ocrx_word' id='word_1_241' title='bbox 1174 1925 1296 1979; x_wconf 90' lang='grc' dir='ltr'>καθ’</span> <span class='ocrx_word' id='word_1_242' title='bbox 1334 1925 1533 1979; x_wconf 81' lang='grc' dir='ltr'>ἑαυτοῦ</span> <span class='ocrx_word' id='word_1_243' title='bbox 1563 1927 1662 1996; x_wconf 83' lang='grc' dir='ltr'><strong>τῆς</strong></span> 
     </span>
    </p>
   </div>
   <div class='ocr_carea' id='block_1_38' title="bbox 99 2020 1666 2092">
    <p class='ocr_par' dir='ltr' id='par_1_38' title="bbox 99 2020 1666 2092">
     <span class='ocr_line' id='line_1_38' title="bbox 99 2020 1666 2092; baseline -0.001 -17"><span class='ocrx_word' id='word_1_244' title='bbox 99 2023 375 2092; x_wconf 72' lang='grc' dir='ltr'>καταδίκης</span> <span class='ocrx_word' id='word_1_245' title='bbox 406 2020 509 2092; x_wconf 76' lang='grc' dir='ltr'>τὴν</span> <span class='ocrx_word' id='word_1_246' title='bbox 530 2020 711 2090; x_wconf 74' lang='grc' dir='ltr'>ψῆφον</span> <span class='ocrx_word' id='word_1_247' title='bbox 750 2020 1199 2090; x_wconf 78' lang='grc' dir='ltr'>ἐκπεφωνηκέναι</span> <span class='ocrx_word' id='word_1_248' title='bbox 1230 2020 1581 2090; x_wconf 83' lang='grc' dir='ltr'>κριθήσεται’</span> <span class='ocrx_word' id='word_1_249' title='bbox 1606 2020 1666 2074; x_wconf 81' lang='grc' dir='ltr'>ὲν</span> 
     </span>
    </p>
   </div>
   <div class='ocr_carea' id='block_1_39' title="bbox 98 2101 1665 2180">
    <p class='ocr_par' dir='ltr' id='par_1_39' title="bbox 98 2101 1665 2180">
     <span class='ocr_line' id='line_1_39' title="bbox 98 2101 1665 2180; baseline 0 -20"><span class='ocrx_word' id='word_1_250' title='bbox 98 2107 146 2160; x_wconf 84' lang='grc' dir='ltr'>δὲ</span> <span class='ocrx_word' id='word_1_251' title='bbox 172 2108 244 2177; x_wconf 84' lang='grc' dir='ltr'>τῷ</span> <span class='ocrx_word' id='word_1_252' title='bbox 292 2106 472 2177; x_wconf 79' lang='grc' dir='ltr'>καιρῷ</span> <span class='ocrx_word' id='word_1_253' title='bbox 504 2101 549 2174; x_wconf 82' lang='grc' dir='ltr'><strong>ᾧ</strong></span> <span class='ocrx_word' id='word_1_254' title='bbox 576 2108 636 2159; x_wconf 89' lang='grc' dir='ltr'><strong>οὐ</strong></span> <span class='ocrx_word' id='word_1_255' title='bbox 672 2110 937 2172; x_wconf 81' lang='grc' dir='ltr'>κοινωνεῖ,</span> <span class='ocrx_word' id='word_1_256' title='bbox 973 2108 1107 2177; x_wconf 87' lang='grc' dir='ltr'>μηδὲ</span> <span class='ocrx_word' id='word_1_257' title='bbox 1141 2110 1199 2161; x_wconf 83' lang='grc' dir='ltr'>ὲν</span> <span class='ocrx_word' id='word_1_258' title='bbox 1226 2110 1293 2180; x_wconf 80' lang='grc' dir='ltr'>τῇ</span> <span class='ocrx_word' id='word_1_259' title='bbox 1328 2109 1434 2180; x_wconf 79' lang='grc' dir='ltr'>ἰδίᾳ</span> <span class='ocrx_word' id='word_1_260' title='bbox 1464 2108 1665 2179; x_wconf 77' lang='grc' dir='ltr'>ἐκκλη-</span> 
     </span>
    </p>
   </div>
   <div class='ocr_carea' id='block_1_40' title="bbox 105 2200 1663 2271">
    <p class='ocr_par' dir='ltr' id='par_1_40' title="bbox 105 2200 1663 2271">
     <span class='ocr_line' id='line_1_40' title="bbox 105 2200 1663 2271; baseline 0.003 -20"><span class='ocrx_word' id='word_1_261' title='bbox 105 2200 202 2271; x_wconf 76' lang='grc' dir='ltr'>σίᾳ,</span> <span class='ocrx_word' id='word_1_262' title='bbox 238 2200 370 2269; x_wconf 79' lang='grc' dir='ltr'>μηδὲ</span> <span class='ocrx_word' id='word_1_263' title='bbox 401 2200 461 2251; x_wconf 77' lang='grc' dir='ltr'>ὲν</span> <span class='ocrx_word' id='word_1_264' title='bbox 487 2200 754 2271; x_wconf 75' lang='grc' dir='ltr'>παροικίᾳ</span> <span class='ocrx_word' id='word_1_265' title='bbox 778 2200 1103 2271; x_wconf 71' lang='grc' dir='ltr'>κοινωνήσῃ.</span> <span class='ocrx_word' id='word_1_266' title='bbox 1144 2200 1201 2254; x_wconf 89' lang='grc' dir='ltr'><strong>Ὀ</strong></span> <span class='ocrx_word' id='word_1_267' title='bbox 1226 2201 1281 2253; x_wconf 83' lang='grc' dir='ltr'><strong>δὲ</strong></span> <span class='ocrx_word' id='word_1_268' title='bbox 1304 2200 1493 2254; x_wconf 89' lang='grc' dir='ltr'>τούτου</span> <span class='ocrx_word' id='word_1_269' title='bbox 1528 2218 1663 2255; x_wconf 87' lang='grc' dir='ltr'>κατ-</span> 
     </span>
    </p>
   </div>
   <div class='ocr_carea' id='block_1_41' title="bbox 99 2283 1666 2361">
    <p class='ocr_par' dir='ltr' id='par_1_41' title="bbox 99 2283 1666 2361">
     <span class='ocr_line' id='line_1_41' title="bbox 99 2283 1666 2361; baseline 0.003 -21"><span class='ocrx_word' id='word_1_270' title='bbox 99 2288 296 2359; x_wconf 82' lang='grc' dir='ltr'>ήγορος,</span> <span class='ocrx_word' id='word_1_271' title='bbox 346 2289 443 2341; x_wconf 77' lang='grc' dir='ltr'><strong>ἐὰν</strong></span> <span class='ocrx_word' id='word_1_272' title='bbox 500 2286 753 2357; x_wconf 79' lang='grc' dir='ltr'>μηδαμοῦ</span> <span class='ocrx_word' id='word_1_273' title='bbox 797 2287 1174 2356; x_wconf 83' lang='grc' dir='ltr'>ἀπολειφθείη,</span> <span class='ocrx_word' id='word_1_274' title='bbox 1216 2290 1274 2343; x_wconf 80' lang='grc' dir='ltr'>ἐν</span> <span class='ocrx_word' id='word_1_275' title='bbox 1301 2283 1391 2353; x_wconf 75' lang='grc' dir='ltr'>αἷς</span> <span class='ocrx_word' id='word_1_276' title='bbox 1429 2292 1666 2361; x_wconf 78' lang='grc' dir='ltr'>ἡμέραις</span> 
     </span>
    </p>
   </div>
   <div class='ocr_carea' id='block_1_42' title="bbox 99 2376 1663 2452">
    <p class='ocr_par' dir='ltr' id='par_1_42' title="bbox 99 2376 1663 2452">
     <span class='ocr_line' id='line_1_42' title="bbox 99 2376 1663 2452; baseline 0.001 -21"><span class='ocrx_word' id='word_1_277' title='bbox 99 2377 412 2447; x_wconf 80' lang='grc' dir='ltr'>γυμνάζεται</span> <span class='ocrx_word' id='word_1_278' title='bbox 457 2378 532 2431; x_wconf 83' lang='grc' dir='ltr'>τὰ</span> <span class='ocrx_word' id='word_1_279' title='bbox 574 2376 669 2430; x_wconf 83' lang='grc' dir='ltr'>τοῦ</span> <span class='ocrx_word' id='word_1_280' title='bbox 720 2379 1069 2449; x_wconf 83' lang='grc' dir='ltr'>πράγματος,</span> <span class='ocrx_word' id='word_1_281' title='bbox 1129 2379 1393 2449; x_wconf 80' lang='grc' dir='ltr'>μηδαμῶς</span> <span class='ocrx_word' id='word_1_282' title='bbox 1446 2380 1663 2452; x_wconf 65' lang='grc' dir='ltr'>κωλυθῇ</span> 
     </span>
    </p>
   </div>
   <div class='ocr_carea' id='block_1_43' title="bbox 100 2469 1665 2543">
    <p class='ocr_par' dir='ltr' id='par_1_43' title="bbox 100 2469 1665 2543">
     <span class='ocr_line' id='line_1_43' title="bbox 100 2469 1665 2543; baseline 0.001 -20"><span class='ocrx_word' id='word_1_283' title='bbox 100 2470 197 2523; x_wconf 81' lang='grc' dir='ltr'>ἀπὸ</span> <span class='ocrx_word' id='word_1_284' title='bbox 223 2470 317 2540; x_wconf 83' lang='grc' dir='ltr'><strong>τῆς</strong></span> <span class='ocrx_word' id='word_1_285' title='bbox 339 2469 655 2533; x_wconf 60' lang='grc' dir='ltr'>κοινωνίας</span> <span class='ocrx_word' id='word_1_286' title='bbox 690 2470 783 2523; x_wconf 70' lang='grc' dir='ltr'>ἐὰν</span> <span class='ocrx_word' id='word_1_287' title='bbox 809 2470 868 2522; x_wconf 81' lang='grc' dir='ltr'>δέ</span> <span class='ocrx_word' id='word_1_288' title='bbox 898 2487 1029 2523; x_wconf 89' lang='grc' dir='ltr'>ποτε</span> <span class='ocrx_word' id='word_1_289' title='bbox 1059 2470 1277 2543; x_wconf 77' lang='grc' dir='ltr'>ἐλλείψῃ</span> <span class='ocrx_word' id='word_1_290' title='bbox 1316 2471 1507 2525; x_wconf 78' lang='grc' dir='ltr'>ἑαυτὸν</span> <span class='ocrx_word' id='word_1_291' title='bbox 1534 2473 1665 2525; x_wconf 82' lang='grc' dir='ltr'>ὐπο-</span> 
     </span>
    </p>
   </div>
   <div class='ocr_carea' id='block_1_44' title="bbox 104 2561 1663 2634">
    <p class='ocr_par' dir='ltr' id='par_1_44' title="bbox 104 2561 1663 2634">
     <span class='ocr_line' id='line_1_44' title="bbox 104 2561 1663 2634; baseline 0.004 -21"><span class='ocrx_word' id='word_1_292' title='bbox 104 2561 808 2631; x_wconf 79' lang='grc' dir='ltr'>σύρας,ἀποκαθισταμένου</span> <span class='ocrx_word' id='word_1_293' title='bbox 835 2563 901 2632; x_wconf 79' lang='grc' dir='ltr'>τῇ</span> <span class='ocrx_word' id='word_1_294' title='bbox 933 2563 1186 2634; x_wconf 83' lang='grc' dir='ltr'>κοινωνίᾳ</span> <span class='ocrx_word' id='word_1_295' title='bbox 1212 2563 1305 2615; x_wconf 84' lang='grc' dir='ltr'>τοῦ</span> <span class='ocrx_word' id='word_1_296' title='bbox 1340 2564 1663 2631; x_wconf 75' lang='grc' dir='ltr'>ἐπισκόπου,</span> 
     </span>
    </p>
   </div>
   <div class='ocr_carea' id='block_1_45' title="bbox 104 2652 1666 2726">
    <p class='ocr_par' dir='ltr' id='par_1_45' title="bbox 104 2652 1666 2726">
     <span class='ocr_line' id='line_1_45' title="bbox 104 2652 1666 2726; baseline 0.003 -22"><span class='ocrx_word' id='word_1_297' title='bbox 104 2653 244 2715; x_wconf 74' lang='grc' dir='ltr'>αὐτὸς</span> <span class='ocrx_word' id='word_1_298' title='bbox 271 2652 377 2705; x_wconf 79' lang='grc' dir='ltr'><strong>ἀπὸ</strong></span> <span class='ocrx_word' id='word_1_299' title='bbox 412 2653 521 2722; x_wconf 84' lang='grc' dir='ltr'>τῆς</span> <span class='ocrx_word' id='word_1_300' title='bbox 553 2652 839 2715; x_wconf 87' lang='grc' dir='ltr'>κοινωνίας</span> <span class='ocrx_word' id='word_1_301' title='bbox 880 2652 1120 2724; x_wconf 61' lang='grc' dir='ltr'>ἐκϐληθῇ</span> <span class='ocrx_word' id='word_1_302' title='bbox 1151 2654 1179 2705; x_wconf 85' lang='lat'><strong>6</strong></span> <span class='ocrx_word' id='word_1_303' title='bbox 1206 2655 1513 2726; x_wconf 87' lang='grc' dir='ltr'>κατήγορος</span> <span class='ocrx_word' id='word_1_304' title='bbox 1532 2672 1546 2686; x_wconf 83' lang='grc'><strong>·</strong></span> <span class='ocrx_word' id='word_1_305' title='bbox 1574 2655 1666 2709; x_wconf 81' lang='grc' dir='ltr'><strong>οὖ-</strong></span> 
     </span>
    </p>
   </div>
   <div class='ocr_carea' id='block_1_46' title="bbox 104 2742 1668 2818">
    <p class='ocr_par' dir='ltr' id='par_1_46' title="bbox 104 2742 1668 2818">
     <span class='ocr_line' id='line_1_46' title="bbox 104 2742 1668 2818; baseline 0.004 -24"><span class='ocrx_word' id='word_1_306' title='bbox 104 2761 199 2807; x_wconf 83' lang='grc' dir='ltr'>τοις</span> <span class='ocrx_word' id='word_1_307' title='bbox 226 2745 402 2813; x_wconf 86' lang='grc' dir='ltr'>μέντοι</span> <span class='ocrx_word' id='word_1_308' title='bbox 452 2744 536 2805; x_wconf 85' lang='grc' dir='ltr'>ὼς</span> <span class='ocrx_word' id='word_1_309' title='bbox 566 2742 641 2814; x_wconf 85' lang='grc' dir='ltr'>μὴ</span> <span class='ocrx_word' id='word_1_310' title='bbox 674 2744 767 2796; x_wconf 81' lang='grc' dir='ltr'><strong>καὶ</strong></span> <span class='ocrx_word' id='word_1_311' title='bbox 804 2743 902 2814; x_wconf 86' lang='grc' dir='ltr'><strong>τήν</strong></span> <span class='ocrx_word' id='word_1_312' title='bbox 930 2744 1215 2815; x_wconf 82' lang='grc' dir='ltr'>εὐχέρειαν</span> <span class='ocrx_word' id='word_1_313' title='bbox 1241 2746 1390 2817; x_wconf 83' lang='grc' dir='ltr'>αὐτῷ</span> <span class='ocrx_word' id='word_1_314' title='bbox 1418 2750 1668 2818; x_wconf 83' lang='grc' dir='ltr'>ἀφαιρεῖ-</span> 
     </span>
    </p>
   </div>
   <div class='ocr_carea' id='block_1_47' title="bbox 108 2835 1667 2910">
    <p class='ocr_par' dir='ltr' id='par_1_47' title="bbox 108 2835 1667 2910">
     <span class='ocr_line' id='line_1_47' title="bbox 108 2835 1667 2910; baseline 0.004 -24"><span class='ocrx_word' id='word_1_315' title='bbox 108 2835 214 2887; x_wconf 86' lang='grc' dir='ltr'>σθαι</span> <span class='ocrx_word' id='word_1_316' title='bbox 244 2835 338 2903; x_wconf 82' lang='grc' dir='ltr'>τῆς</span> <span class='ocrx_word' id='word_1_317' title='bbox 384 2836 728 2904; x_wconf 85' lang='grc' dir='ltr'>κατηγορίας</span> <span class='ocrx_word' id='word_1_318' title='bbox 774 2835 867 2888; x_wconf 83' lang='grc' dir='ltr'>τοῦ</span> <span class='ocrx_word' id='word_1_319' title='bbox 910 2836 1256 2908; x_wconf 85' lang='grc' dir='ltr'>πράγματος,</span> <span class='ocrx_word' id='word_1_320' title='bbox 1286 2839 1382 2891; x_wconf 79' lang='grc' dir='ltr'><strong>ἐὰν</strong></span> <span class='ocrx_word' id='word_1_321' title='bbox 1411 2840 1667 2910; x_wconf 83' lang='grc' dir='ltr'>δυνηθείη</span> 
     </span>
    </p>
   </div>
   <div class='ocr_carea' id='block_1_48' title="bbox 1761 1748 3348 1823">
    <p class='ocr_par' dir='ltr' id='par_1_48' title="bbox 1761 1748 3348 1823">
     <span class='ocr_line' id='line_1_48' title="bbox 1761 1748 3348 1823; baseline -0.001 -21"><span class='ocrx_word' id='word_1_322' title='bbox 1761 1748 1944 1802; x_wconf 88' lang='lat' dir='ltr'><strong>cilium</strong></span> <span class='ocrx_word' id='word_1_323' title='bbox 1976 1748 2284 1823; x_wconf 75' lang='lat' dir='ltr'><strong>universale</strong></span> <span class='ocrx_word' id='word_1_324' title='bbox 2311 1749 2749 1803; x_wconf 75' lang='lat' dir='ltr'><strong>anniversarium</strong></span> <span class='ocrx_word' id='word_1_325' title='bbox 2772 1764 3070 1804; x_wconf 80' lang='lat' dir='ltr'><strong>occurrere</strong></span> <span class='ocrx_word' id='word_1_326' title='bbox 3093 1749 3348 1813; x_wconf 83' lang='lat' dir='ltr'><strong>noluerit,</strong></span> 
     </span>
    </p>
   </div>
   <div class='ocr_carea' id='block_1_49' title="bbox 1763 1838 3355 1909">
    <p class='ocr_par' dir='ltr' id='par_1_49' title="bbox 1763 1838 3355 1909">
     <span class='ocr_line' id='line_1_49' title="bbox 1763 1838 3355 1909; baseline 0.001 -17"><span class='ocrx_word' id='word_1_327' title='bbox 1763 1839 2013 1907; x_wconf 83' lang='lat' dir='ltr'><strong>quamvis</strong></span> <span class='ocrx_word' id='word_1_328' title='bbox 2052 1839 2135 1893; x_wconf 85' lang='lat' dir='ltr'><strong>vel</strong></span> <span class='ocrx_word' id='word_1_329' title='bbox 2180 1839 2254 1893; x_wconf 89' lang='lat' dir='ltr'><strong>ibi</strong></span> <span class='ocrx_word' id='word_1_330' title='bbox 2286 1853 2455 1893; x_wconf 88' lang='lat' dir='ltr'><strong>causa</strong></span> <span class='ocrx_word' id='word_1_331' title='bbox 2512 1839 2633 1909; x_wconf 83' lang='lat' dir='ltr'><strong>ejus</strong></span> <span class='ocrx_word' id='word_1_332' title='bbox 2676 1840 3018 1904; x_wconf 88' lang='lat' dir='ltr'><strong>terminetur,</strong></span> <span class='ocrx_word' id='word_1_333' title='bbox 3054 1838 3169 1909; x_wconf 90' lang='lat' dir='ltr'><strong>ipse</strong></span> <span class='ocrx_word' id='word_1_334' title='bbox 3198 1839 3252 1891; x_wconf 91' lang='lat' dir='ltr'><strong>in</strong></span> <span class='ocrx_word' id='word_1_335' title='bbox 3291 1852 3355 1893; x_wconf 77' lang='lat' dir='ltr'><strong>se</strong></span> 
     </span>
    </p>
   </div>
   <div class='ocr_carea' id='block_1_50' title="bbox 1765 1929 3354 1999">
    <p class='ocr_par' dir='ltr' id='par_1_50' title="bbox 1765 1929 3354 1999">
     <span class='ocr_line' id='line_1_50' title="bbox 1765 1929 3354 1999; baseline 0 -16"><span class='ocrx_word' id='word_1_336' title='bbox 1765 1929 2141 1984; x_wconf 88' lang='lat' dir='ltr'><strong>damnationis</strong></span> <span class='ocrx_word' id='word_1_337' title='bbox 2180 1931 2508 1985; x_wconf 87' lang='lat' dir='ltr'><strong>sententiam</strong></span> <span class='ocrx_word' id='word_1_338' title='bbox 2557 1930 3079 1998; x_wconf 81' lang='lat' dir='ltr'><strong>di&#39;xissejudicetur,</strong></span> <span class='ocrx_word' id='word_1_339' title='bbox 3108 1939 3354 1999; x_wconf 79' lang='lat' dir='ltr'><strong>tempore</strong></span> 
     </span>
    </p>
   </div>
   <div class='ocr_carea' id='block_1_51' title="bbox 1766 2021 3353 2090">
    <p class='ocr_par' dir='ltr' id='par_1_51' title="bbox 1766 2021 3353 2090">
     <span class='ocr_line' id='line_1_51' title="bbox 1766 2021 3353 2090; baseline -0.001 -16"><span class='ocrx_word' id='word_1_340' title='bbox 1766 2033 1920 2083; x_wconf 88' lang='lat' dir='ltr'><strong>sane,</strong></span> <span class='ocrx_word' id='word_1_341' title='bbox 1950 2036 2061 2090; x_wconf 86' lang='lat' dir='ltr'><strong>quo</strong></span> <span class='ocrx_word' id='word_1_342' title='bbox 2086 2035 2196 2075; x_wconf 90' lang='lat' dir='ltr'><strong>non</strong></span> <span class='ocrx_word' id='word_1_343' title='bbox 2215 2021 2584 2075; x_wconf 90' lang='lat' dir='ltr'><strong>communicat</strong></span> <span class='ocrx_word' id='word_1_344' title='bbox 2605 2060 2620 2084; x_wconf 91' lang='lat'><strong>,</strong></span> <span class='ocrx_word' id='word_1_345' title='bbox 2654 2036 2756 2075; x_wconf 92' lang='lat' dir='ltr'><strong>nec</strong></span> <span class='ocrx_word' id='word_1_346' title='bbox 2790 2022 2845 2074; x_wconf 90' lang='lat' dir='ltr'><strong>in</strong></span> <span class='ocrx_word' id='word_1_347' title='bbox 2878 2036 2976 2075; x_wconf 89' lang='lat' dir='ltr'><strong>sua</strong></span> <span class='ocrx_word' id='word_1_348' title='bbox 3009 2021 3239 2076; x_wconf 89' lang='lat' dir='ltr'><strong>ecclesia</strong></span> <span class='ocrx_word' id='word_1_349' title='bbox 3269 2021 3353 2074; x_wconf 87' lang='lat' dir='ltr'><strong>vel</strong></span> 
     </span>
    </p>
   </div>
   <div class='ocr_carea' id='block_1_52' title="bbox 1765 2110 3356 2181">
    <p class='ocr_par' dir='ltr' id='par_1_52' title="bbox 1765 2110 3356 2181">
     <span class='ocr_line' id='line_1_52' title="bbox 1765 2110 3356 2181; baseline 0.001 -16"><span class='ocrx_word' id='word_1_350' title='bbox 1765 2112 2006 2180; x_wconf 76' lang='lat' dir='ltr'><strong>partecia</strong></span> <span class='ocrx_word' id='word_1_351' title='bbox 2058 2113 2447 2167; x_wconf 86' lang='lat' dir='ltr'><strong>communicet.</strong></span> <span class='ocrx_word' id='word_1_352' title='bbox 2512 2112 2816 2166; x_wconf 76' lang='lat' dir='ltr'><strong>Accusator</strong></span> <span class='ocrx_word' id='word_1_353' title='bbox 2862 2121 3046 2165; x_wconf 90' lang='lat' dir='ltr'><strong>autem</strong></span> <span class='ocrx_word' id='word_1_354' title='bbox 3103 2111 3248 2181; x_wconf 88' lang='lat' dir='ltr'><strong>ejus,</strong></span> <span class='ocrx_word' id='word_1_355' title='bbox 3306 2110 3356 2166; x_wconf 84' lang='lat' dir='ltr'><strong>si</strong></span> 
     </span>
    </p>
   </div>
   <div class='ocr_carea' id='block_1_53' title="bbox 1767 2203 3355 2272">
    <p class='ocr_par' dir='ltr' id='par_1_53' title="bbox 1767 2203 3355 2272">
     <span class='ocr_line' id='line_1_53' title="bbox 1767 2203 3355 2272; baseline 0.003 -17"><span class='ocrx_word' id='word_1_356' title='bbox 1767 2217 2048 2272; x_wconf 85' lang='lat' dir='ltr'><strong>nunquam</strong></span> <span class='ocrx_word' id='word_1_357' title='bbox 2096 2203 2291 2258; x_wconf 90' lang='lat' dir='ltr'><strong>diebus</strong></span> <span class='ocrx_word' id='word_1_358' title='bbox 2338 2219 2521 2258; x_wconf 65' lang='lat' dir='ltr'><strong>causae</strong></span> <span class='ocrx_word' id='word_1_359' title='bbox 2573 2203 2818 2259; x_wconf 75' lang='lat' dir='ltr'><strong>dicenda:</strong></span> <span class='ocrx_word' id='word_1_360' title='bbox 2847 2203 3106 2271; x_wconf 84' lang='lat' dir='ltr'><strong>defuerit,</strong></span> <span class='ocrx_word' id='word_1_361' title='bbox 3139 2221 3169 2257; x_wconf 88' lang='lat' dir='ltr'><strong>a</strong></span> <span class='ocrx_word' id='word_1_362' title='bbox 3201 2217 3355 2259; x_wconf 89' lang='lat' dir='ltr'><strong>com-</strong></span> 
     </span>
    </p>
   </div>
   <div class='ocr_carea' id='block_1_54' title="bbox 1768 2286 3357 2366">
    <p class='ocr_par' dir='ltr' id='par_1_54' title="bbox 1768 2286 3357 2366">
     <span class='ocr_line' id='line_1_54' title="bbox 1768 2286 3357 2366; baseline 0.003 -19"><span class='ocrx_word' id='word_1_363' title='bbox 1768 2296 2028 2349; x_wconf 88' lang='lat' dir='ltr'><strong>munione</strong></span> <span class='ocrx_word' id='word_1_364' title='bbox 2072 2309 2181 2350; x_wconf 92' lang='lat' dir='ltr'><strong>non</strong></span> <span class='ocrx_word' id='word_1_365' title='bbox 2240 2286 2586 2350; x_wconf 81' lang='lat' dir='ltr'><strong>removeatur</strong></span> <span class='ocrx_word' id='word_1_366' title='bbox 2618 2314 2631 2351; x_wconf 91' lang='lat'>:</span> <span class='ocrx_word' id='word_1_367' title='bbox 2688 2297 2736 2351; x_wconf 89' lang='lat' dir='ltr'><strong>si</strong></span> <span class='ocrx_word' id='word_1_368' title='bbox 2770 2311 2896 2351; x_wconf 89' lang='lat' dir='ltr'><strong>vero</strong></span> <span class='ocrx_word' id='word_1_369' title='bbox 2927 2297 3223 2366; x_wconf 86' lang='lat' dir='ltr'><strong>aliquando</strong></span> <span class='ocrx_word' id='word_1_370' title='bbox 3260 2298 3357 2351; x_wconf 82' lang='lat' dir='ltr'><strong>de-</strong></span> 
     </span>
    </p>
   </div>
   <div class='ocr_carea' id='block_1_55' title="bbox 1772 2385 3358 2458">
    <p class='ocr_par' dir='ltr' id='par_1_55' title="bbox 1772 2385 3358 2458">
     <span class='ocr_line' id='line_1_55' title="bbox 1772 2385 3358 2458; baseline 0.003 -20"><span class='ocrx_word' id='word_1_371' title='bbox 1772 2387 1933 2442; x_wconf 88' lang='lat' dir='ltr'><strong>fuerit</strong></span> <span class='ocrx_word' id='word_1_372' title='bbox 1973 2385 2301 2442; x_wconf 86' lang='lat' dir='ltr'><strong>subtrahens</strong></span> <span class='ocrx_word' id='word_1_373' title='bbox 2346 2402 2406 2442; x_wconf 91' lang='lat' dir='ltr'><strong>se</strong></span> <span class='ocrx_word' id='word_1_374' title='bbox 2438 2388 2690 2443; x_wconf 89' lang='lat' dir='ltr'><strong>restituto</strong></span> <span class='ocrx_word' id='word_1_375' title='bbox 2731 2390 2786 2441; x_wconf 91' lang='lat' dir='ltr'><strong>in</strong></span> <span class='ocrx_word' id='word_1_376' title='bbox 2823 2389 3213 2443; x_wconf 90' lang='lat' dir='ltr'><strong>communione</strong></span> <span class='ocrx_word' id='word_1_377' title='bbox 3238 2390 3358 2458; x_wconf 83' lang='lat' dir='ltr'><strong>epi-</strong></span> 
     </span>
    </p>
   </div>
   <div class='ocr_carea' id='block_1_56' title="bbox 1771 2478 3349 2546">
    <p class='ocr_par' dir='ltr' id='par_1_56' title="bbox 1771 2478 3349 2546">
     <span class='ocr_line' id='line_1_56' title="bbox 1771 2478 3349 2546; baseline 0 -14"><span class='ocrx_word' id='word_1_378' title='bbox 1771 2491 1960 2545; x_wconf 86' lang='lat' dir='ltr'><strong>scopo,</strong></span> <span class='ocrx_word' id='word_1_379' title='bbox 2012 2478 2127 2546; x_wconf 89' lang='lat' dir='ltr'><strong>ipse</strong></span> <span class='ocrx_word' id='word_1_380' title='bbox 2159 2490 2505 2533; x_wconf 82' lang='lat' dir='ltr'><strong>removeatur</strong></span> <span class='ocrx_word' id='word_1_381' title='bbox 2550 2496 2579 2534; x_wconf 90' lang='lat' dir='ltr'><strong>a</strong></span> <span class='ocrx_word' id='word_1_382' title='bbox 2611 2481 3001 2534; x_wconf 84' lang='lat' dir='ltr'><strong>communione</strong></span> <span class='ocrx_word' id='word_1_383' title='bbox 3032 2488 3349 2534; x_wconf 84' lang='lat' dir='ltr'><strong>accusator:</strong></span> 
     </span>
    </p>
   </div>
   <div class='ocr_carea' id='block_1_57' title="bbox 1772 2567 3356 2640">
    <p class='ocr_par' dir='ltr' id='par_1_57' title="bbox 1772 2567 3356 2640">
     <span class='ocr_line' id='line_1_57' title="bbox 1772 2567 3356 2640; baseline 0.002 -19"><span class='ocrx_word' id='word_1_384' title='bbox 1772 2567 1846 2622; x_wconf 89' lang='lat' dir='ltr'><strong>ita</strong></span> <span class='ocrx_word' id='word_1_385' title='bbox 1882 2575 2062 2621; x_wconf 88' lang='lat' dir='ltr'><strong>tamen</strong></span> <span class='ocrx_word' id='word_1_386' title='bbox 2085 2567 2222 2639; x_wconf 85' lang='lat'><strong>(86).</strong></span> <span class='ocrx_word' id='word_1_387' title='bbox 2250 2580 2307 2623; x_wconf 93' lang='lat' dir='ltr'><strong>ut</strong></span> <span class='ocrx_word' id='word_1_388' title='bbox 2339 2585 2438 2623; x_wconf 88' lang='lat' dir='ltr'><strong>nec</strong></span> <span class='ocrx_word' id='word_1_389' title='bbox 2485 2572 2585 2640; x_wconf 90' lang='lat' dir='ltr'><strong>ipsi</strong></span> <span class='ocrx_word' id='word_1_390' title='bbox 2609 2570 2884 2624; x_wconf 88' lang='lat' dir='ltr'><strong>adimatur</strong></span> <span class='ocrx_word' id='word_1_391' title='bbox 2915 2569 3147 2624; x_wconf 81' lang='lat' dir='ltr'><strong>facultas</strong></span> <span class='ocrx_word' id='word_1_392' title='bbox 3174 2584 3356 2625; x_wconf 57' lang='lat' dir='ltr'><strong>causa;</strong></span> 
     </span>
    </p>
   </div>
   <div class='ocr_carea' id='block_1_58' title="bbox 1773 2658 3356 2727">
    <p class='ocr_par' dir='ltr' id='par_1_58' title="bbox 1773 2658 3356 2727">
     <span class='ocr_line' id='line_1_58' title="bbox 1773 2658 3356 2727; baseline 0.003 -18"><span class='ocrx_word' id='word_1_393' title='bbox 1773 2658 2114 2727; x_wconf 72' lang='lat' dir='ltr'><strong>peragendae,</strong></span> <span class='ocrx_word' id='word_1_394' title='bbox 2160 2658 2205 2713; x_wconf 89' lang='lat' dir='ltr'><strong>si</strong></span> <span class='ocrx_word' id='word_1_395' title='bbox 2240 2674 2300 2713; x_wconf 91' lang='lat' dir='ltr'><strong>se</strong></span> <span class='ocrx_word' id='word_1_396' title='bbox 2340 2659 2409 2713; x_wconf 87' lang='lat' dir='ltr'><strong>ad</strong></span> <span class='ocrx_word' id='word_1_397' title='bbox 2441 2660 2587 2714; x_wconf 88' lang='lat' dir='ltr'><strong>diem</strong></span> <span class='ocrx_word' id='word_1_398' title='bbox 2616 2676 2909 2715; x_wconf 89' lang='lat' dir='ltr'><strong>occurrere</strong></span> <span class='ocrx_word' id='word_1_399' title='bbox 2952 2677 3058 2714; x_wconf 88' lang='lat' dir='ltr'><strong>non</strong></span> <span class='ocrx_word' id='word_1_400' title='bbox 3092 2661 3356 2726; x_wconf 87' lang='lat' dir='ltr'><strong>noluisse,</strong></span> 
     </span>
    </p>
   </div>
   <div class='ocr_carea' id='block_1_59' title="bbox 1770 2747 3360 2819">
    <p class='ocr_par' dir='ltr' id='par_1_59' title="bbox 1770 2747 3360 2819">
     <span class='ocr_line' id='line_1_59' title="bbox 1770 2747 3360 2819; baseline 0.003 -17"><span class='ocrx_word' id='word_1_401' title='bbox 1770 2747 1864 2802; x_wconf 89' lang='lat' dir='ltr'><strong>sed</strong></span> <span class='ocrx_word' id='word_1_402' title='bbox 1886 2761 1995 2800; x_wconf 92' lang='lat' dir='ltr'><strong>non</strong></span> <span class='ocrx_word' id='word_1_403' title='bbox 2026 2748 2267 2817; x_wconf 88' lang='lat' dir='ltr'><strong>potuisse</strong></span> <span class='ocrx_word' id='word_1_404' title='bbox 2307 2750 2636 2819; x_wconf 88' lang='lat' dir='ltr'><strong>probaverit.</strong></span> <span class='ocrx_word' id='word_1_405' title='bbox 2688 2750 2901 2806; x_wconf 86' lang='lat' dir='ltr'><strong>Placuit</strong></span> <span class='ocrx_word' id='word_1_406' title='bbox 2935 2751 3067 2806; x_wconf 91' lang='lat' dir='ltr'><strong>illud</strong></span> <span class='ocrx_word' id='word_1_407' title='bbox 3117 2767 3267 2815; x_wconf 87' lang='lat' dir='ltr'><strong>vero,</strong></span> <span class='ocrx_word' id='word_1_408' title='bbox 3300 2762 3360 2807; x_wconf 92' lang='lat' dir='ltr'><strong>ut</strong></span> 
     </span>
    </p>
   </div>
   <div class='ocr_carea' id='block_1_60' title="bbox 1771 2843 3357 2914">
    <p class='ocr_par' dir='ltr' id='par_1_60' title="bbox 1771 2843 3357 2914">
     <span class='ocr_line' id='line_1_60' title="bbox 1771 2843 3357 2914; baseline 0.006 -23"><span class='ocrx_word' id='word_1_409' title='bbox 1771 2853 1895 2892; x_wconf 91' lang='lat' dir='ltr'><strong>cum</strong></span> <span class='ocrx_word' id='word_1_410' title='bbox 1921 2854 2082 2908; x_wconf 79' lang='lat' dir='ltr'><strong>agere</strong></span> <span class='ocrx_word' id='word_1_411' title='bbox 2107 2843 2336 2909; x_wconf 72' lang='lat' dir='ltr'><strong>cmperit</strong></span> <span class='ocrx_word' id='word_1_412' title='bbox 2364 2843 2418 2895; x_wconf 86' lang='lat' dir='ltr'><strong>in</strong></span> <span class='ocrx_word' id='word_1_413' title='bbox 2458 2843 2840 2914; x_wconf 89' lang='lat' dir='ltr'><strong>episcoporum</strong></span> <span class='ocrx_word' id='word_1_414' title='bbox 2881 2845 3112 2912; x_wconf 87' lang='lat' dir='ltr'><strong>judicio,</strong></span> <span class='ocrx_word' id='word_1_415' title='bbox 3155 2846 3200 2899; x_wconf 90' lang='lat' dir='ltr'><strong>si</strong></span> <span class='ocrx_word' id='word_1_416' title='bbox 3236 2844 3357 2900; x_wconf 88' lang='lat' dir='ltr'><strong>fue-</strong></span> 
     </span>
    </p>
   </div>
   <div class='ocr_carea' id='block_1_61' title="bbox 106 2926 1681 3027">
    <p class='ocr_par' dir='ltr' id='par_1_61' title="bbox 106 2926 1670 3001">
     <span class='ocr_line' id='line_1_61' title="bbox 106 2926 1670 3001; baseline 0.004 -24"><span class='ocrx_word' id='word_1_417' title='bbox 106 2926 358 2991; x_wconf 81' lang='grc' dir='ltr'>ἁποδείξαι</span> <span class='ocrx_word' id='word_1_418' title='bbox 400 2926 551 2979; x_wconf 85' lang='grc' dir='ltr'>κατὰ</span> <span class='ocrx_word' id='word_1_419' title='bbox 597 2926 698 2997; x_wconf 74' lang='grc' dir='ltr'><strong>τήν</strong></span> <span class='ocrx_word' id='word_1_420' title='bbox 728 2926 1067 2997; x_wconf 81' lang='grc' dir='ltr'>προθεσμίαν</span> <span class='ocrx_word' id='word_1_421' title='bbox 1086 2967 1100 2991; x_wconf 92' lang='grc'><strong>,</strong></span> <span class='ocrx_word' id='word_1_422' title='bbox 1132 2928 1251 2999; x_wconf 74' lang='grc' dir='ltr'>οὐχὶ</span> <span class='ocrx_word' id='word_1_423' title='bbox 1281 2928 1357 2999; x_wconf 86' lang='grc' dir='ltr'>μὴ</span> <span class='ocrx_word' id='word_1_424' title='bbox 1386 2929 1670 3001; x_wconf 84' lang='grc' dir='ltr'>τεθεληκέ-</span> 
     </span>
    </p>
   </div>
   <div class='ocr_carea' id='block_1_62' title="bbox 1776 2926 3357 3027">
    <p class='ocr_par' dir='ltr' id='par_1_62' title="bbox 1776 2932 3357 3010">
     <span class='ocr_line' id='line_1_62' title="bbox 1776 2932 3357 3010; baseline 0.006 -24"><span class='ocrx_word' id='word_1_425' title='bbox 1776 2932 1847 2987; x_wconf 92' lang='lat' dir='ltr'><strong>rit</strong></span> <span class='ocrx_word' id='word_1_426' title='bbox 1893 2936 2233 2991; x_wconf 84' lang='lat' dir='ltr'><strong>accusatoris</strong></span> <span class='ocrx_word' id='word_1_427' title='bbox 2286 2952 2523 3007; x_wconf 89' lang='lat' dir='ltr'><strong>persona</strong></span> <span class='ocrx_word' id='word_1_428' title='bbox 2569 2939 2878 3008; x_wconf 90' lang='lat' dir='ltr'><strong>culpabilis,</strong></span> <span class='ocrx_word' id='word_1_429' title='bbox 2922 2941 2988 2992; x_wconf 91' lang='lat' dir='ltr'><strong>ad</strong></span> <span class='ocrx_word' id='word_1_430' title='bbox 3017 2940 3357 3010; x_wconf 75' lang='lat' dir='ltr'><strong>arguentium</strong></span> 
     </span>
    </p>
   </div>
   <div class='ocr_carea' id='block_1_63' title="bbox 108 3016 1668 3091">
    <p class='ocr_par' dir='ltr' id='par_1_63' title="bbox 108 3016 1668 3091">
     <span class='ocr_line' id='line_1_63' title="bbox 108 3016 1668 3091; baseline 0.004 -25"><span class='ocrx_word' id='word_1_431' title='bbox 108 3034 203 3078; x_wconf 83' lang='grc' dir='ltr'>ναι,</span> <span class='ocrx_word' id='word_1_432' title='bbox 223 3016 350 3069; x_wconf 84' lang='grc' dir='ltr'>ἀλλὰ</span> <span class='ocrx_word' id='word_1_433' title='bbox 380 3016 455 3088; x_wconf 83' lang='grc' dir='ltr'>μὴ</span> <span class='ocrx_word' id='word_1_434' title='bbox 499 3017 820 3085; x_wconf 76' lang='grc' dir='ltr'>δεδυνῆσθαι</span> <span class='ocrx_word' id='word_1_435' title='bbox 865 3018 1195 3087; x_wconf 84' lang='grc' dir='ltr'>ἀπαντῆσαι.</span> <span class='ocrx_word' id='word_1_436' title='bbox 1229 3018 1473 3073; x_wconf 88' lang='grc' dir='ltr'>Ἐκείνου</span> <span class='ocrx_word' id='word_1_437' title='bbox 1506 3020 1668 3091; x_wconf 86' lang='grc' dir='ltr'>δήλου</span> 
     </span>
    </p>
   </div>
   <div class='ocr_carea' id='block_1_64' title="bbox 108 3104 1670 3186">
    <p class='ocr_par' dir='ltr' id='par_1_64' title="bbox 108 3104 1670 3186">
     <span class='ocr_line' id='line_1_64' title="bbox 108 3104 1670 3186; baseline 0.006 -31"><span class='ocrx_word' id='word_1_438' title='bbox 108 3104 259 3169; x_wconf 81' lang='grc' dir='ltr'>δντος,</span> <span class='ocrx_word' id='word_1_439' title='bbox 286 3109 357 3169; x_wconf 84' lang='grc' dir='ltr'><strong>ὡς</strong></span> <span class='ocrx_word' id='word_1_440' title='bbox 390 3111 447 3160; x_wconf 85' lang='grc' dir='ltr'>ὲν</span> <span class='ocrx_word' id='word_1_441' title='bbox 500 3106 579 3177; x_wconf 86' lang='grc' dir='ltr'>τῷ</span> <span class='ocrx_word' id='word_1_442' title='bbox 611 3108 873 3160; x_wconf 89' lang='grc' dir='ltr'>κινεῖσθαι</span> <span class='ocrx_word' id='word_1_443' title='bbox 915 3109 985 3162; x_wconf 83' lang='grc' dir='ltr'>τὰ</span> <span class='ocrx_word' id='word_1_444' title='bbox 1028 3107 1122 3161; x_wconf 81' lang='grc' dir='ltr'>τοῦ</span> <span class='ocrx_word' id='word_1_445' title='bbox 1158 3110 1480 3181; x_wconf 85' lang='grc' dir='ltr'>πράγματος</span> <span class='ocrx_word' id='word_1_446' title='bbox 1505 3113 1562 3167; x_wconf 80' lang='grc' dir='ltr'>ὲν</span> <span class='ocrx_word' id='word_1_447' title='bbox 1591 3113 1670 3186; x_wconf 85' lang='grc' dir='ltr'>τῷ</span> 
     </span>
    </p>
   </div>
   <div class='ocr_carea' id='block_1_65' title="bbox 1784 3024 3360 3097">
    <p class='ocr_par' dir='ltr' id='par_1_65' title="bbox 1784 3024 3360 3097">
     <span class='ocr_line' id='line_1_65' title="bbox 1784 3024 3360 3097; baseline 0.006 -21"><span class='ocrx_word' id='word_1_448' title='bbox 1784 3038 1893 3077; x_wconf 88' lang='grc' dir='ltr'>ιιοιι</span> <span class='ocrx_word' id='word_1_449' title='bbox 1957 3024 2242 3093; x_wconf 72' lang='lat' dir='ltr'><strong>admittat,</strong></span> <span class='ocrx_word' id='word_1_450' title='bbox 2296 3028 2401 3081; x_wconf 86' lang='lat' dir='ltr'><strong>nisi</strong></span> <span class='ocrx_word' id='word_1_451' title='bbox 2461 3030 2709 3097; x_wconf 89' lang='lat' dir='ltr'><strong>proprias</strong></span> <span class='ocrx_word' id='word_1_452' title='bbox 2757 3045 2976 3095; x_wconf 88' lang='lat' dir='ltr'><strong>causas,</strong></span> <span class='ocrx_word' id='word_1_453' title='bbox 3032 3044 3143 3083; x_wconf 92' lang='lat' dir='ltr'><strong>non</strong></span> <span class='ocrx_word' id='word_1_454' title='bbox 3176 3038 3360 3085; x_wconf 85' lang='lat' dir='ltr'><strong>tamen</strong></span> 
     </span>
    </p>
   </div>
   <div class='ocr_carea' id='block_1_66' title="bbox 1777 3116 2899 3193">
    <p class='ocr_par' dir='ltr' id='par_1_66' title="bbox 1777 3116 2899 3193">
     <span class='ocr_line' id='line_1_66' title="bbox 1777 3116 2899 3193; baseline 0.006 -24"><span class='ocrx_word' id='word_1_455' title='bbox 1777 3116 2194 3182; x_wconf 86' lang='lat' dir='ltr'><strong>ecclesiasticas,</strong></span> <span class='ocrx_word' id='word_1_456' title='bbox 2227 3134 2475 3175; x_wconf 88' lang='lat' dir='ltr'><strong>asserere</strong></span> <span class='ocrx_word' id='word_1_457' title='bbox 2503 3122 2732 3176; x_wconf 87' lang='lat' dir='ltr'><strong>voluerit</strong></span> <span class='ocrx_word' id='word_1_458' title='bbox 2764 3122 2899 3193; x_wconf 82' lang='lat'><strong>(87).</strong></span> 
     </span>
    </p>
   </div>
   <div class='ocr_carea' id='block_1_67' title="bbox 109 3197 3360 3287">
    <p class='ocr_par' dir='ltr' id='par_1_67' title="bbox 109 3197 3360 3287">
     <span class='ocr_line' id='line_1_67' title="bbox 109 3197 3360 3287; baseline 0.006 -37"><span class='ocrx_word' id='word_1_459' title='bbox 109 3198 203 3250; x_wconf 83' lang='grc' dir='ltr'><strong>τῶν</strong></span> <span class='ocrx_word' id='word_1_460' title='bbox 228 3199 545 3252; x_wconf 74' lang='grc' dir='ltr'>ἐπισκόπων</span> <span class='ocrx_word' id='word_1_461' title='bbox 568 3197 1042 3270; x_wconf 78' lang='grc' dir='ltr'>δικαστηρίῳ,ὲὰν</span> <span class='ocrx_word' id='word_1_462' title='bbox 1069 3202 1421 3273; x_wconf 80' lang='grc' dir='ltr'>διαδέὅληται</span> <span class='ocrx_word' id='word_1_463' title='bbox 1470 3205 1529 3257; x_wconf 80' lang='grc' dir='ltr'>τὸ</span> <span class='ocrx_word' id='word_1_464' title='bbox 1599 3206 1890 3277; x_wconf 86' lang='grc' dir='ltr'>πρόσωπον</span> <span class='ocrx_word' id='word_1_465' title='bbox 1933 3209 2029 3263; x_wconf 84' lang='grc' dir='ltr'>τοῦ</span> <span class='ocrx_word' id='word_1_466' title='bbox 2107 3212 2435 3282; x_wconf 85' lang='grc' dir='ltr'>κατηγόρου,</span> <span class='ocrx_word' id='word_1_467' title='bbox 2486 3212 2562 3284; x_wconf 81' lang='grc' dir='ltr'>μὴ</span> <span class='ocrx_word' id='word_1_468' title='bbox 2620 3215 2923 3285; x_wconf 85' lang='grc' dir='ltr'>προσδεχθῇ</span> <span class='ocrx_word' id='word_1_469' title='bbox 3003 3215 3083 3279; x_wconf 87' lang='grc' dir='ltr'><strong>είς</strong></span> <span class='ocrx_word' id='word_1_470' title='bbox 3121 3232 3360 3287; x_wconf 88' lang='grc' dir='ltr'>κατηγο-</span> 
     </span>
    </p>
   </div>
   <div class='ocr_carea' id='block_1_68' title="bbox 116 3290 2974 3378">
    <p class='ocr_par' dir='ltr' id='par_1_68' title="bbox 116 3290 2974 3378">
     <span class='ocr_line' id='line_1_68' title="bbox 116 3290 2974 3378; baseline 0.006 -35"><span class='ocrx_word' id='word_1_471' title='bbox 116 3291 241 3361; x_wconf 83' lang='grc' dir='ltr'>ρίαν,</span> <span class='ocrx_word' id='word_1_472' title='bbox 270 3291 318 3344; x_wconf 85' lang='grc' dir='ltr'>εῑ</span> <span class='ocrx_word' id='word_1_473' title='bbox 365 3295 433 3363; x_wconf 87' lang='grc' dir='ltr'><strong>μή</strong></span> <span class='ocrx_word' id='word_1_474' title='bbox 462 3292 514 3363; x_wconf 82' lang='grc' dir='ltr'>γ’</span> <span class='ocrx_word' id='word_1_475' title='bbox 546 3290 615 3345; x_wconf 78' lang='grc' dir='ltr'>ἂν</span> <span class='ocrx_word' id='word_1_476' title='bbox 647 3291 789 3361; x_wconf 80' lang='grc' dir='ltr'>ὑπὲρ</span> <span class='ocrx_word' id='word_1_477' title='bbox 828 3293 959 3345; x_wconf 88' lang='grc' dir='ltr'>ίδίου</span> <span class='ocrx_word' id='word_1_478' title='bbox 991 3293 1335 3364; x_wconf 83' lang='grc' dir='ltr'>πράγματος,</span> <span class='ocrx_word' id='word_1_479' title='bbox 1366 3297 1440 3369; x_wconf 78' lang='grc' dir='ltr'>μὴ</span> <span class='ocrx_word' id='word_1_480' title='bbox 1489 3299 1671 3370; x_wconf 83' lang='grc' dir='ltr'>μέντοι</span> <span class='ocrx_word' id='word_1_481' title='bbox 1713 3300 1846 3373; x_wconf 74' lang='grc' dir='ltr'>περὶ</span> <span class='ocrx_word' id='word_1_482' title='bbox 1874 3302 2329 3373; x_wconf 77' lang='grc' dir='ltr'>ἐκκλησιαστικοῦ</span> <span class='ocrx_word' id='word_1_483' title='bbox 2369 3304 2573 3378; x_wconf 82' lang='grc' dir='ltr'>θελήσῃ</span> <span class='ocrx_word' id='word_1_484' title='bbox 2601 3306 2974 3361; x_wconf 74' lang='grc' dir='ltr'>ἐπιϐαλέσθαι.</span> 
     </span>
    </p>
   </div>
   <div class='ocr_carea' id='block_1_69' title="bbox 118 3381 1675 3461">
    <p class='ocr_par' dir='ltr' id='par_1_69' title="bbox 118 3381 1675 3461">
     <span class='ocr_line' id='line_1_69' title="bbox 118 3381 1675 3461; baseline 0.006 -26"><span class='ocrx_word' id='word_1_485' title='bbox 118 3381 235 3451; x_wconf 70' lang='grc' dir='ltr'>Περὶ</span> <span class='ocrx_word' id='word_1_486' title='bbox 290 3382 710 3451; x_wconf 75' lang='grc' dir='ltr'>πρεσϐυτέρων</span> <span class='ocrx_word' id='word_1_487' title='bbox 758 3384 856 3436; x_wconf 82' lang='grc' dir='ltr'>καὶ</span> <span class='ocrx_word' id='word_1_488' title='bbox 900 3388 1202 3453; x_wconf 70' lang='grc' dir='ltr'>κληρικιῖη·</span> <span class='ocrx_word' id='word_1_489' title='bbox 1239 3391 1675 3461; x_wconf 76' lang='grc' dir='ltr'>κατηγορουμέ-</span> 
     </span>
    </p>
   </div>
   <div class='ocr_carea' id='block_1_70' title="bbox 793 3470 936 3510">
    <p class='ocr_par' dir='ltr' id='par_1_70' title="bbox 793 3470 936 3510">
     <span class='ocr_line' id='line_1_70' title="bbox 793 3470 936 3510; baseline 0.028 -4"><span class='ocrx_word' id='word_1_490' title='bbox 793 3470 917 3507; x_wconf 78' lang='grc' dir='ltr'><strong>νων</strong></span> <span class='ocrx_word' id='word_1_491' title='bbox 922 3496 936 3510; x_wconf 82' lang='grc' dir='ltr'><strong><em>ο</em></strong></span> 
     </span>
    </p>
   </div>
   <div class='ocr_carea' id='block_1_71' title="bbox 175 3551 1671 3624">
    <p class='ocr_par' dir='ltr' id='par_1_71' title="bbox 175 3551 1671 3624">
     <span class='ocr_line' id='line_1_71' title="bbox 175 3551 1671 3624; baseline 0.003 -21"><span class='ocrx_word' id='word_1_492' title='bbox 175 3556 239 3604; x_wconf 89' lang='grc' dir='ltr'><strong>κ’.</strong></span> <span class='ocrx_word' id='word_1_493' title='bbox 273 3552 393 3605; x_wconf 82' lang='grc' dir='ltr'><strong>Ἐὰν</strong></span> <span class='ocrx_word' id='word_1_494' title='bbox 411 3552 469 3606; x_wconf 80' lang='grc' dir='ltr'>δὲ</span> <span class='ocrx_word' id='word_1_495' title='bbox 503 3551 870 3624; x_wconf 75' lang='grc' dir='ltr'>πρεσϐύτεροι</span> <span class='ocrx_word' id='word_1_496' title='bbox 900 3552 932 3623; x_wconf 81' lang='grc' dir='ltr'><strong>ἦ</strong></span> <span class='ocrx_word' id='word_1_497' title='bbox 958 3551 1193 3604; x_wconf 83' lang='grc' dir='ltr'>διάκονοι</span> <span class='ocrx_word' id='word_1_498' title='bbox 1228 3552 1671 3623; x_wconf 87' lang='grc' dir='ltr'>κατηγορηθῶσι,</span> 
     </span>
    </p>
   </div>
   <div class='ocr_carea' id='block_1_72' title="bbox 122 3641 1675 3713">
    <p class='ocr_par' dir='ltr' id='par_1_72' title="bbox 122 3641 1675 3713">
     <span class='ocr_line' id='line_1_72' title="bbox 122 3641 1675 3713; baseline 0.003 -20"><span class='ocrx_word' id='word_1_499' title='bbox 122 3642 605 3713; x_wconf 73' lang='grc' dir='ltr'>προσζευγνυμένου</span> <span class='ocrx_word' id='word_1_500' title='bbox 650 3642 744 3696; x_wconf 79' lang='grc' dir='ltr'><strong>τοῦ</strong></span> <span class='ocrx_word' id='word_1_501' title='bbox 791 3644 1025 3713; x_wconf 87' lang='grc' dir='ltr'>νομίμου</span> <span class='ocrx_word' id='word_1_502' title='bbox 1071 3641 1307 3713; x_wconf 84' lang='grc' dir='ltr'>ἀριθμοῦ</span> <span class='ocrx_word' id='word_1_503' title='bbox 1337 3643 1444 3694; x_wconf 90' lang='grc' dir='ltr'><strong>τῶν</strong></span> <span class='ocrx_word' id='word_1_504' title='bbox 1473 3646 1537 3696; x_wconf 81' lang='grc' dir='ltr'>ὲκ</span> <span class='ocrx_word' id='word_1_505' title='bbox 1574 3644 1675 3713; x_wconf 83' lang='grc' dir='ltr'>τῆς</span> 
     </span>
    </p>
   </div>
   <div class='ocr_carea' id='block_1_73' title="bbox 122 3732 1674 3806">
    <p class='ocr_par' dir='ltr' id='par_1_73' title="bbox 122 3732 1674 3806">
     <span class='ocr_line' id='line_1_73' title="bbox 122 3732 1674 3806; baseline 0.001 -21"><span class='ocrx_word' id='word_1_506' title='bbox 122 3733 496 3805; x_wconf 79' lang='grc' dir='ltr'>πλησιαζούσης</span> <span class='ocrx_word' id='word_1_507' title='bbox 522 3735 848 3798; x_wconf 82' lang='grc' dir='ltr'>τοποθεσίας</span> <span class='ocrx_word' id='word_1_508' title='bbox 877 3735 1111 3806; x_wconf 84' lang='grc' dir='ltr'>αἱρετῶν</span> <span class='ocrx_word' id='word_1_509' title='bbox 1153 3735 1487 3800; x_wconf 74' lang='grc' dir='ltr'>ἐπισκόπων,</span> <span class='ocrx_word' id='word_1_510' title='bbox 1510 3732 1604 3800; x_wconf 77' lang='grc' dir='ltr'><strong>οὓς</strong></span> <span class='ocrx_word' id='word_1_511' title='bbox 1624 3736 1674 3789; x_wconf 86' lang='grc' dir='ltr'><strong>οἱ</strong></span> 
     </span>
    </p>
   </div>
   <div class='ocr_carea' id='block_1_74' title="bbox 123 3825 1669 3896">
    <p class='ocr_par' dir='ltr' id='par_1_74' title="bbox 123 3825 1669 3896">
     <span class='ocr_line' id='line_1_74' title="bbox 123 3825 1669 3896; baseline 0.003 -22"><span class='ocrx_word' id='word_1_512' title='bbox 123 3825 556 3895; x_wconf 76' lang='grc' dir='ltr'>κατηγορούμενοι</span> <span class='ocrx_word' id='word_1_513' title='bbox 609 3828 953 3896; x_wconf 78' lang='grc' dir='ltr'>αἰτήσονται,</span> <span class='ocrx_word' id='word_1_514' title='bbox 990 3828 1267 3879; x_wconf 82' lang='grc' dir='ltr'>τουτέστιν</span> <span class='ocrx_word' id='word_1_515' title='bbox 1315 3828 1401 3879; x_wconf 79' lang='grc' dir='ltr'><strong>ἐπ’</strong></span> <span class='ocrx_word' id='word_1_516' title='bbox 1445 3826 1669 3896; x_wconf 87' lang='grc' dir='ltr'>ὀνόματι</span> 
     </span>
    </p>
   </div>
   <div class='ocr_carea' id='block_1_75' title="bbox 122 3913 1670 3987">
    <p class='ocr_par' dir='ltr' id='par_1_75' title="bbox 122 3913 1670 3987">
     <span class='ocr_line' id='line_1_75' title="bbox 122 3913 1670 3987; baseline 0.003 -21"><span class='ocrx_word' id='word_1_517' title='bbox 122 3913 202 3967; x_wconf 79' lang='grc' dir='ltr'><strong>τοῦ</strong></span> <span class='ocrx_word' id='word_1_518' title='bbox 229 3918 589 3987; x_wconf 81' lang='grc' dir='ltr'>πρεσόυτέρου</span> <span class='ocrx_word' id='word_1_519' title='bbox 613 3916 692 3982; x_wconf 80' lang='grc' dir='ltr'>ἓξ,</span> <span class='ocrx_word' id='word_1_520' title='bbox 712 3919 805 3970; x_wconf 73' lang='grc' dir='ltr'><strong>καὶ</strong></span> <span class='ocrx_word' id='word_1_521' title='bbox 834 3916 927 3969; x_wconf 80' lang='grc' dir='ltr'>τοῦ</span> <span class='ocrx_word' id='word_1_522' title='bbox 954 3917 1199 3970; x_wconf 78' lang='grc' dir='ltr'>διακόνου</span> <span class='ocrx_word' id='word_1_523' title='bbox 1220 3916 1410 3987; x_wconf 84' lang='grc' dir='ltr'>τριῶν,</span> <span class='ocrx_word' id='word_1_524' title='bbox 1434 3919 1530 3971; x_wconf 82' lang='grc' dir='ltr'><strong>σὺν</strong></span> <span class='ocrx_word' id='word_1_525' title='bbox 1551 3917 1670 3970; x_wconf 84' lang='grc' dir='ltr'>τού-</span> 
     </span>
    </p>
   </div>
   <div class='ocr_carea' id='block_1_76' title="bbox 123 4008 1666 4078">
    <p class='ocr_par' dir='ltr' id='par_1_76' title="bbox 123 4008 1666 4078">
     <span class='ocr_line' id='line_1_76' title="bbox 123 4008 1666 4078; baseline 0.004 -23"><span class='ocrx_word' id='word_1_526' title='bbox 123 4022 212 4057; x_wconf 78' lang='grc' dir='ltr'><strong>των</strong></span> <span class='ocrx_word' id='word_1_527' title='bbox 242 4008 393 4071; x_wconf 75' lang='grc' dir='ltr'>αὐτὸς</span> <span class='ocrx_word' id='word_1_528' title='bbox 426 4012 454 4061; x_wconf 93' lang='lat'><strong>6</strong></span> <span class='ocrx_word' id='word_1_529' title='bbox 486 4010 620 4070; x_wconf 74' lang='grc' dir='ltr'>ἴδιος</span> <span class='ocrx_word' id='word_1_530' title='bbox 664 4008 771 4060; x_wconf 88' lang='grc' dir='ltr'><strong>τῶν</strong></span> <span class='ocrx_word' id='word_1_531' title='bbox 819 4010 1310 4078; x_wconf 82' lang='grc' dir='ltr'>κατηγορουμένων</span> <span class='ocrx_word' id='word_1_532' title='bbox 1348 4009 1666 4073; x_wconf 77' lang='grc' dir='ltr'>ἐπίσκοπος,</span> 
     </span>
    </p>
   </div>
   <div class='ocr_carea' id='block_1_77' title="bbox 124 4097 1669 4170">
    <p class='ocr_par' dir='ltr' id='par_1_77' title="bbox 124 4097 1669 4170">
     <span class='ocr_line' id='line_1_77' title="bbox 124 4097 1669 4170; baseline 0.003 -23"><span class='ocrx_word' id='word_1_533' title='bbox 124 4098 207 4160; x_wconf 73' lang='grc' dir='ltr'>τὰς</span> <span class='ocrx_word' id='word_1_534' title='bbox 248 4099 418 4162; x_wconf 87' lang='grc' dir='ltr'>αἰτίας</span> <span class='ocrx_word' id='word_1_535' title='bbox 451 4099 637 4153; x_wconf 85' lang='grc' dir='ltr'>αὐτῶν</span> <span class='ocrx_word' id='word_1_536' title='bbox 685 4097 955 4164; x_wconf 72' lang='grc' dir='ltr'>ἐξετάσει·</span> <span class='ocrx_word' id='word_1_537' title='bbox 985 4098 1079 4150; x_wconf 76' lang='grc' dir='ltr'>τοῦ</span> <span class='ocrx_word' id='word_1_538' title='bbox 1121 4097 1283 4152; x_wconf 80' lang='grc' dir='ltr'>αὐτοῦ</span> <span class='ocrx_word' id='word_1_539' title='bbox 1313 4100 1421 4151; x_wconf 89' lang='grc' dir='ltr'><strong>τῶν</strong></span> <span class='ocrx_word' id='word_1_540' title='bbox 1444 4101 1669 4170; x_wconf 88' lang='grc' dir='ltr'>ήμερῶν</span> 
     </span>
    </p>
   </div>
   <div class='ocr_carea' id='block_1_78' title="bbox 126 4190 1672 4263">
    <p class='ocr_par' dir='ltr' id='par_1_78' title="bbox 126 4190 1672 4263">
     <span class='ocr_line' id='line_1_78' title="bbox 126 4190 1672 4263; baseline 0.002 -23"><span class='ocrx_word' id='word_1_541' title='bbox 126 4190 203 4242; x_wconf 78' lang='grc' dir='ltr'><strong>καὶ</strong></span> <span class='ocrx_word' id='word_1_542' title='bbox 238 4193 574 4263; x_wconf 81' lang='grc' dir='ltr'>ὑπερθέσεων</span> <span class='ocrx_word' id='word_1_543' title='bbox 607 4192 701 4243; x_wconf 65' lang='lat' dir='ltr'><strong>acati.</strong></span> <span class='ocrx_word' id='word_1_544' title='bbox 734 4191 1032 4255; x_wconf 77' lang='grc' dir='ltr'>ἐξετάσεων</span> <span class='ocrx_word' id='word_1_545' title='bbox 1076 4193 1168 4245; x_wconf 77' lang='grc' dir='ltr'><strong>καὶ</strong></span> <span class='ocrx_word' id='word_1_546' title='bbox 1208 4190 1536 4262; x_wconf 84' lang='grc' dir='ltr'>προσώπων,</span> <span class='ocrx_word' id='word_1_547' title='bbox 1575 4208 1672 4261; x_wconf 89' lang='grc' dir='ltr'>με-</span> 
     </span>
    </p>
   </div>
   <div class='ocr_carea' id='block_1_79' title="bbox 2052 3395 3093 3469">
    <p class='ocr_par' dir='ltr' id='par_1_79' title="bbox 2052 3395 3093 3469">
     <span class='ocr_line' id='line_1_79' title="bbox 2052 3395 3093 3469; baseline 0.004 -19"><span class='ocrx_word' id='word_1_548' title='bbox 2052 3395 2133 3450; x_wconf 86' lang='lat' dir='ltr'><strong>De</strong></span> <span class='ocrx_word' id='word_1_549' title='bbox 2154 3398 2469 3469; x_wconf 78' lang='lat' dir='ltr'><strong>presbyteris</strong></span> <span class='ocrx_word' id='word_1_550' title='bbox 2502 3409 2550 3452; x_wconf 87' lang='lat' dir='ltr'><strong>et</strong></span> <span class='ocrx_word' id='word_1_551' title='bbox 2577 3398 2781 3452; x_wconf 75' lang='lat' dir='ltr'><strong>clericis</strong></span> <span class='ocrx_word' id='word_1_552' title='bbox 2810 3401 3093 3455; x_wconf 74' lang='lat' dir='ltr'><strong>accusatis.</strong></span> 
     </span>
    </p>
   </div>
   <div class='ocr_carea' id='block_1_80' title="bbox 1842 3565 3361 3643">
    <p class='ocr_par' dir='ltr' id='par_1_80' title="bbox 1842 3565 3361 3643">
     <span class='ocr_line' id='line_1_80' title="bbox 1842 3565 3361 3643; baseline 0.008 -24"><span class='ocrx_word' id='word_1_553' title='bbox 1842 3565 1933 3621; x_wconf 72' lang='lat'><strong>20.</strong></span> <span class='ocrx_word' id='word_1_554' title='bbox 1966 3566 2022 3622; x_wconf 91' lang='lat' dir='ltr'><strong>Si</strong></span> <span class='ocrx_word' id='word_1_555' title='bbox 2043 3577 2220 3623; x_wconf 91' lang='lat' dir='ltr'><strong>autem</strong></span> <span class='ocrx_word' id='word_1_556' title='bbox 2248 3569 2290 3600; x_wconf 82' lang='lat'>“</span> <span class='ocrx_word' id='word_1_557' title='bbox 2320 3569 2434 3641; x_wconf 92' lang='lat'><strong>(88)</strong></span> <span class='ocrx_word' id='word_1_558' title='bbox 2468 3573 2766 3643; x_wconf 77' lang='lat' dir='ltr'><strong>presbyteri</strong></span> <span class='ocrx_word' id='word_1_559' title='bbox 2796 3574 2881 3629; x_wconf 87' lang='lat' dir='ltr'><strong>vel</strong></span> <span class='ocrx_word' id='word_1_560' title='bbox 2911 3574 3128 3630; x_wconf 88' lang='lat' dir='ltr'><strong>diaconi</strong></span> <span class='ocrx_word' id='word_1_561' title='bbox 3158 3576 3361 3631; x_wconf 87' lang='lat' dir='ltr'><strong>fuerint</strong></span> 
     </span>
    </p>
   </div>
   <div class='ocr_carea' id='block_1_81' title="bbox 1773 3657 3358 3735">
    <p class='ocr_par' dir='ltr' id='par_1_81' title="bbox 1773 3657 3358 3735">
     <span class='ocr_line' id='line_1_81' title="bbox 1773 3657 3358 3735; baseline 0.008 -26"><span class='ocrx_word' id='word_1_562' title='bbox 1773 3657 2037 3722; x_wconf 89' lang='lat' dir='ltr'><strong>accusati,</strong></span> <span class='ocrx_word' id='word_1_563' title='bbox 2070 3658 2330 3727; x_wconf 82' lang='lat' dir='ltr'><strong>adjuncto</strong></span> <span class='ocrx_word' id='word_1_564' title='bbox 2362 3660 2469 3715; x_wconf 83' lang='lat' dir='ltr'><strong>sibi</strong></span> <span class='ocrx_word' id='word_1_565' title='bbox 2499 3678 2561 3715; x_wconf 82' lang='lat' dir='ltr'><strong>ex</strong></span> <span class='ocrx_word' id='word_1_566' title='bbox 2590 3662 2786 3717; x_wconf 83' lang='lat' dir='ltr'><strong>vicinis</strong></span> <span class='ocrx_word' id='word_1_567' title='bbox 2810 3663 2946 3719; x_wconf 89' lang='lat' dir='ltr'><strong>locis</strong></span> <span class='ocrx_word' id='word_1_568' title='bbox 2975 3679 3097 3718; x_wconf 88' lang='lat' dir='ltr'><strong>cum</strong></span> <span class='ocrx_word' id='word_1_569' title='bbox 3134 3666 3358 3735; x_wconf 87' lang='lat' dir='ltr'><strong>proprio</strong></span> 
     </span>
    </p>
   </div>
   <div class='ocr_carea' id='block_1_82' title="bbox 1772 3747 3359 3825">
    <p class='ocr_par' dir='ltr' id='par_1_82' title="bbox 1772 3747 3359 3825">
     <span class='ocr_line' id='line_1_82' title="bbox 1772 3747 3359 3825; baseline 0.006 -24"><span class='ocrx_word' id='word_1_570' title='bbox 1772 3747 2028 3817; x_wconf 83' lang='lat' dir='ltr'><strong>episcopo</strong></span> <span class='ocrx_word' id='word_1_571' title='bbox 2061 3748 2203 3820; x_wconf 87' lang='lat'><strong>(89),</strong></span> <span class='ocrx_word' id='word_1_572' title='bbox 2231 3751 2472 3820; x_wconf 79' lang='lat' dir='ltr'><strong>legitimo</strong></span> <span class='ocrx_word' id='word_1_573' title='bbox 2499 3768 2729 3807; x_wconf 89' lang='lat' dir='ltr'><strong>numero</strong></span> <span class='ocrx_word' id='word_1_574' title='bbox 2760 3754 3111 3821; x_wconf 74' lang='lat' dir='ltr'><strong>collegarum,</strong></span> <span class='ocrx_word' id='word_1_575' title='bbox 3133 3771 3270 3825; x_wconf 88' lang='lat' dir='ltr'><strong>quos</strong></span> <span class='ocrx_word' id='word_1_576' title='bbox 3287 3756 3359 3811; x_wconf 88' lang='lat' dir='ltr'><strong>ab</strong></span> 
     </span>
    </p>
   </div>
   <div class='ocr_carea' id='block_1_83' title="bbox 1775 3840 3358 3918">
    <p class='ocr_par' dir='ltr' id='par_1_83' title="bbox 1775 3840 3358 3918">
     <span class='ocr_line' id='line_1_83' title="bbox 1775 3840 3358 3918; baseline 0.007 -25"><span class='ocrx_word' id='word_1_577' title='bbox 1775 3840 1965 3894; x_wconf 87' lang='lat' dir='ltr'><strong>eodem</strong></span> <span class='ocrx_word' id='word_1_578' title='bbox 1998 3844 2238 3897; x_wconf 85' lang='lat' dir='ltr'><strong>accusati</strong></span> <span class='ocrx_word' id='word_1_579' title='bbox 2262 3844 2534 3912; x_wconf 88' lang='lat' dir='ltr'><strong>petierint,</strong></span> <span class='ocrx_word' id='word_1_580' title='bbox 2565 3846 2614 3899; x_wconf 91' lang='lat' dir='ltr'><strong>id</strong></span> <span class='ocrx_word' id='word_1_581' title='bbox 2641 3854 2724 3900; x_wconf 89' lang='lat' dir='ltr'><strong>est</strong></span> <span class='ocrx_word' id='word_1_582' title='bbox 2762 3862 2866 3900; x_wconf 89' lang='lat' dir='ltr'><strong>una</strong></span> <span class='ocrx_word' id='word_1_583' title='bbox 2896 3862 3081 3903; x_wconf 86' lang='lat' dir='ltr'><strong>secum</strong></span> <span class='ocrx_word' id='word_1_584' title='bbox 3115 3849 3169 3901; x_wconf 93' lang='lat' dir='ltr'><strong>in</strong></span> <span class='ocrx_word' id='word_1_585' title='bbox 3200 3864 3358 3918; x_wconf 88' lang='lat' dir='ltr'><strong>pres-</strong></span> 
     </span>
    </p>
   </div>
   <div class='ocr_carea' id='block_1_84' title="bbox 1776 3928 3354 4008">
    <p class='ocr_par' dir='ltr' id='par_1_84' title="bbox 1776 3928 3354 4008">
     <span class='ocr_line' id='line_1_84' title="bbox 1776 3928 3354 4008; baseline 0.008 -26"><span class='ocrx_word' id='word_1_586' title='bbox 1776 3928 1949 3998; x_wconf 81' lang='lat' dir='ltr'><strong>byteri</strong></span> <span class='ocrx_word' id='word_1_587' title='bbox 1981 3933 2202 3988; x_wconf 87' lang='lat' dir='ltr'><strong>nomine</strong></span> <span class='ocrx_word' id='word_1_588' title='bbox 2224 3949 2339 3999; x_wconf 82' lang='lat' dir='ltr'><strong>sex,</strong></span> <span class='ocrx_word' id='word_1_589' title='bbox 2375 3937 2431 3989; x_wconf 91' lang='lat' dir='ltr'><strong>in</strong></span> <span class='ocrx_word' id='word_1_590' title='bbox 2454 3937 2667 3991; x_wconf 87' lang='lat' dir='ltr'><strong>diaconi</strong></span> <span class='ocrx_word' id='word_1_591' title='bbox 2700 3947 2828 4002; x_wconf 90' lang='lat' dir='ltr'><strong>tres,</strong></span> <span class='ocrx_word' id='word_1_592' title='bbox 2856 3940 3098 4008; x_wconf 88' lang='lat' dir='ltr'><strong>ipsorum</strong></span> <span class='ocrx_word' id='word_1_593' title='bbox 3130 3955 3354 3995; x_wconf 84' lang='lat' dir='ltr'><strong>causam</strong></span> 
     </span>
    </p>
   </div>
   <div class='ocr_carea' id='block_1_85' title="bbox 1776 4023 3357 4099">
    <p class='ocr_par' dir='ltr' id='par_1_85' title="bbox 1776 4023 3357 4099">
     <span class='ocr_line' id='line_1_85' title="bbox 1776 4023 3357 4099; baseline 0.009 -24"><span class='ocrx_word' id='word_1_594' title='bbox 1776 4023 2097 4091; x_wconf 87' lang='lat' dir='ltr'><strong>discutiant,</strong></span> <span class='ocrx_word' id='word_1_595' title='bbox 2137 4027 2324 4082; x_wconf 88' lang='lat' dir='ltr'><strong>eadem</strong></span> <span class='ocrx_word' id='word_1_596' title='bbox 2371 4031 2583 4085; x_wconf 90' lang='lat' dir='ltr'><strong>dierum</strong></span> <span class='ocrx_word' id='word_1_597' title='bbox 2610 4041 2663 4086; x_wconf 78' lang='lat' dir='ltr'><strong>et</strong></span> <span class='ocrx_word' id='word_1_598' title='bbox 2682 4033 3028 4099; x_wconf 86' lang='lat' dir='ltr'><strong>dilationum,</strong></span> <span class='ocrx_word' id='word_1_599' title='bbox 3061 4042 3115 4088; x_wconf 86' lang='lat' dir='ltr'><strong>et</strong></span> <span class='ocrx_word' id='word_1_600' title='bbox 3141 4050 3171 4087; x_wconf 90' lang='lat' dir='ltr'><strong>a</strong></span> <span class='ocrx_word' id='word_1_601' title='bbox 3204 4050 3357 4089; x_wconf 89' lang='lat' dir='ltr'><strong>com-</strong></span> 
     </span>
    </p>
   </div>
   <div class='ocr_carea' id='block_1_86' title="bbox 1777 4116 3355 4196">
    <p class='ocr_par' dir='ltr' id='par_1_86' title="bbox 1777 4116 3355 4196">
     <span class='ocr_line' id='line_1_86' title="bbox 1777 4116 3355 4196; baseline 0.009 -29"><span class='ocrx_word' id='word_1_602' title='bbox 1777 4116 2035 4169; x_wconf 88' lang='lat' dir='ltr'><strong>munione</strong></span> <span class='ocrx_word' id='word_1_603' title='bbox 2088 4120 2476 4186; x_wconf 90' lang='lat' dir='ltr'><strong>remotionum,</strong></span> <span class='ocrx_word' id='word_1_604' title='bbox 2526 4134 2580 4177; x_wconf 92' lang='lat' dir='ltr'><strong>et</strong></span> <span class='ocrx_word' id='word_1_605' title='bbox 2610 4123 2948 4179; x_wconf 87' lang='lat' dir='ltr'><strong>discussione</strong></span> <span class='ocrx_word' id='word_1_606' title='bbox 2996 4142 3355 4196; x_wconf 90' lang='lat' dir='ltr'><strong>personarum</strong></span> 
     </span>
    </p>
   </div>
   <div class='ocr_carea' id='block_1_87' title="bbox 1776 4204 3353 4287">
    <p class='ocr_par' dir='ltr' id='par_1_87' title="bbox 1776 4204 3353 4287">
     <span class='ocr_line' id='line_1_87' title="bbox 1776 4204 3353 4287; baseline 0.011 -30"><span class='ocrx_word' id='word_1_607' title='bbox 1776 4204 1939 4274; x_wconf 77' lang='lat'><strong>237</strong></span> <span class='ocrx_word' id='word_1_608' title='bbox 2002 4207 2143 4261; x_wconf 90' lang='lat' dir='ltr'><strong>inter</strong></span> <span class='ocrx_word' id='word_1_609' title='bbox 2196 4223 2545 4268; x_wconf 77' lang='lat' dir='ltr'><strong>accusatores</strong></span> <span class='ocrx_word' id='word_1_610' title='bbox 2595 4227 2649 4269; x_wconf 88' lang='lat' dir='ltr'><strong>et</strong></span> <span class='ocrx_word' id='word_1_611' title='bbox 2705 4232 2799 4271; x_wconf 89' lang='lat' dir='ltr'><strong>eos</strong></span> <span class='ocrx_word' id='word_1_612' title='bbox 2841 4218 2933 4287; x_wconf 90' lang='lat' dir='ltr'><strong>qui</strong></span> <span class='ocrx_word' id='word_1_613' title='bbox 2998 4229 3353 4284; x_wconf 82' lang='lat' dir='ltr'><strong>accusantur,</strong></span> 
     </span>
    </p>
   </div>
   <div class='ocr_carea' id='block_1_88' title="bbox 125 4280 1681 4374">
    <p class='ocr_par' dir='ltr' id='par_1_88' title="bbox 125 4280 1671 4355">
     <span class='ocr_line' id='line_1_88' title="bbox 125 4280 1671 4355; baseline 0.003 -23"><span class='ocrx_word' id='word_1_614' title='bbox 125 4280 239 4346; x_wconf 72' lang='grc' dir='ltr'>τειξῦ</span> <span class='ocrx_word' id='word_1_615' title='bbox 260 4283 359 4335; x_wconf 81' lang='grc' dir='ltr'><strong>τῶν</strong></span> <span class='ocrx_word' id='word_1_616' title='bbox 378 4282 852 4355; x_wconf 83' lang='grc' dir='ltr'>κατηγορούντων,</span> <span class='ocrx_word' id='word_1_617' title='bbox 871 4284 966 4336; x_wconf 77' lang='grc' dir='ltr'><strong>καὶ</strong></span> <span class='ocrx_word' id='word_1_618' title='bbox 993 4285 1483 4353; x_wconf 82' lang='grc' dir='ltr'>κατηγορουμένων</span> <span class='ocrx_word' id='word_1_619' title='bbox 1497 4283 1671 4336; x_wconf 88' lang='grc' dir='ltr'>τύπου</span> 
     </span>
    </p>
   </div>
   <div class='ocr_carea' id='block_1_89' title="bbox 1776 4280 3357 4374">
    <p class='ocr_par' dir='ltr' id='par_1_89' title="bbox 1776 4294 3357 4374">
     <span class='ocr_line' id='line_1_89' title="bbox 1776 4294 3357 4374; baseline 0.011 -25"><span class='ocrx_word' id='word_1_620' title='bbox 1776 4294 1947 4352; x_wconf 84' lang='lat' dir='ltr'><strong>forma</strong></span> <span class='ocrx_word' id='word_1_621' title='bbox 1987 4311 2220 4356; x_wconf 89' lang='lat' dir='ltr'><strong>servata.</strong></span> <span class='ocrx_word' id='word_1_622' title='bbox 2272 4302 2626 4374; x_wconf 82' lang='lat' dir='ltr'><strong>Reliquorum</strong></span> <span class='ocrx_word' id='word_1_623' title='bbox 2667 4318 2845 4363; x_wconf 88' lang='lat' dir='ltr'><strong>autem</strong></span> <span class='ocrx_word' id='word_1_624' title='bbox 2871 4310 3195 4365; x_wconf 77' lang='lat' dir='ltr'><strong>clericorum</strong></span> <span class='ocrx_word' id='word_1_625' title='bbox 3224 4328 3357 4366; x_wconf 81' lang='lat' dir='ltr'><strong>cau-</strong></span> 
     </span>
    </p>
   </div>
   <div class='ocr_carea' id='block_1_90' title="bbox 128 4373 1681 4472">
    <p class='ocr_par' dir='ltr' id='par_1_90' title="bbox 128 4373 1674 4445">
     <span class='ocr_line' id='line_1_90' title="bbox 128 4373 1674 4445; baseline 0.003 -20"><span class='ocrx_word' id='word_1_626' title='bbox 128 4374 522 4445; x_wconf 72' lang='grc' dir='ltr'>φυλαττομένουο</span> <span class='ocrx_word' id='word_1_627' title='bbox 556 4373 663 4428; x_wconf 87' lang='grc' dir='ltr'><strong>τῶν</strong></span> <span class='ocrx_word' id='word_1_628' title='bbox 695 4374 751 4427; x_wconf 87' lang='grc' dir='ltr'>δὲ</span> <span class='ocrx_word' id='word_1_629' title='bbox 794 4374 996 4427; x_wconf 88' lang='grc' dir='ltr'>λοιπῶν</span> <span class='ocrx_word' id='word_1_630' title='bbox 1030 4374 1307 4444; x_wconf 89' lang='grc' dir='ltr'>κληρικῶν</span> <span class='ocrx_word' id='word_1_631' title='bbox 1344 4375 1440 4437; x_wconf 84' lang='grc' dir='ltr'>τὰς</span> <span class='ocrx_word' id='word_1_632' title='bbox 1470 4376 1674 4441; x_wconf 80' lang='grc' dir='ltr'>αἰτίας,</span> 
     </span>
    </p>
   </div>
   <div class='ocr_carea' id='block_1_91' title="bbox 1776 4373 3356 4472">
    <p class='ocr_par' dir='ltr' id='par_1_91' title="bbox 1776 4394 3356 4472">
     <span class='ocr_line' id='line_1_91' title="bbox 1776 4394 3356 4472; baseline 0.009 -26"><span class='ocrx_word' id='word_1_633' title='bbox 1776 4406 1861 4447; x_wconf 79' lang='lat' dir='ltr'><strong>sas</strong></span> <span class='ocrx_word' id='word_1_634' title='bbox 1884 4394 2048 4448; x_wconf 89' lang='lat' dir='ltr'><strong>etiam</strong></span> <span class='ocrx_word' id='word_1_635' title='bbox 2111 4396 2266 4453; x_wconf 89' lang='lat' dir='ltr'><strong>solus</strong></span> <span class='ocrx_word' id='word_1_636' title='bbox 2296 4398 2585 4469; x_wconf 88' lang='lat' dir='ltr'><strong>episcopus</strong></span> <span class='ocrx_word' id='word_1_637' title='bbox 2624 4401 2729 4456; x_wconf 88' lang='lat' dir='ltr'><strong>loci</strong></span> <span class='ocrx_word' id='word_1_638' title='bbox 2775 4411 3060 4472; x_wconf 81' lang='lat' dir='ltr'><strong>agnoscat,</strong></span> <span class='ocrx_word' id='word_1_639' title='bbox 3090 4410 3146 4459; x_wconf 90' lang='lat' dir='ltr'><strong>et</strong></span> <span class='ocrx_word' id='word_1_640' title='bbox 3173 4403 3356 4461; x_wconf 83' lang='lat' dir='ltr'><strong>ﬁniat.</strong></span> 
     </span>
    </p>
   </div>
   <div class='ocr_carea' id='block_1_92' title="bbox 128 4465 1672 4539">
    <p class='ocr_par' dir='ltr' id='par_1_92' title="bbox 128 4465 1672 4539">
     <span class='ocr_line' id='line_1_92' title="bbox 128 4465 1672 4539; baseline 0.005 -26"><span class='ocrx_word' id='word_1_641' title='bbox 128 4466 207 4514; x_wconf 67' lang='grc' dir='ltr'><strong>καὶ</strong></span> <span class='ocrx_word' id='word_1_642' title='bbox 249 4466 399 4532; x_wconf 85' lang='grc' dir='ltr'>μόνος</span> <span class='ocrx_word' id='word_1_643' title='bbox 431 4467 460 4519; x_wconf 91' lang='lat'><strong>6</strong></span> <span class='ocrx_word' id='word_1_644' title='bbox 491 4466 739 4528; x_wconf 88' lang='grc' dir='ltr'>ὲντόπιος</span> <span class='ocrx_word' id='word_1_645' title='bbox 775 4466 1073 4529; x_wconf 79' lang='grc' dir='ltr'>ἐπίσκοπος</span> <span class='ocrx_word' id='word_1_646' title='bbox 1111 4465 1314 4537; x_wconf 88' lang='grc' dir='ltr'>διαγνῷ</span> <span class='ocrx_word' id='word_1_647' title='bbox 1357 4468 1453 4520; x_wconf 77' lang='grc' dir='ltr'>καὶ</span> <span class='ocrx_word' id='word_1_648' title='bbox 1497 4483 1672 4539; x_wconf 87' lang='grc' dir='ltr'>περα-</span> 
     </span>
    </p>
   </div>
   <div class='ocr_carea' id='block_1_93' title="bbox 128 4570 287 4610">
    <p class='ocr_par' dir='ltr' id='par_1_93' title="bbox 128 4570 287 4610">
     <span class='ocr_line' id='line_1_93' title="bbox 128 4570 287 4610; baseline 0.038 -6"><span class='ocrx_word' id='word_1_649' title='bbox 128 4570 287 4610; x_wconf 83' lang='grc' dir='ltr'>τωσει.</span> 
     </span>
    </p>
   </div>
   <div class='ocr_carea' id='block_1_94' title="bbox 232 4650 1564 4721">
    <p class='ocr_par' dir='ltr' id='par_1_94' title="bbox 232 4650 1564 4721">
     <span class='ocr_line' id='line_1_94' title="bbox 232 4650 1564 4721; baseline 0.005 -20"><span class='ocrx_word' id='word_1_650' title='bbox 232 4652 358 4716; x_wconf 77' lang='grc' dir='ltr'>Περὶ</span> <span class='ocrx_word' id='word_1_651' title='bbox 388 4652 857 4721; x_wconf 75' lang='grc' dir='ltr'>κατηγοροῦντος</span> <span class='ocrx_word' id='word_1_652' title='bbox 887 4650 986 4704; x_wconf 75' lang='grc' dir='ltr'><strong>καί</strong></span> <span class='ocrx_word' id='word_1_653' title='bbox 1018 4652 1564 4721; x_wconf 78' lang='grc' dir='ltr'>κατηγορουμένου.</span> 
     </span>
    </p>
   </div>
   <div class='ocr_carea' id='block_1_95' title="bbox 188 4737 1674 4814">
    <p class='ocr_par' dir='ltr' id='par_1_95' title="bbox 188 4737 1674 4814">
     <span class='ocr_line' id='line_1_95' title="bbox 188 4737 1674 4814; baseline 0.005 -24"><span class='ocrx_word' id='word_1_654' title='bbox 188 4737 242 4792; x_wconf 79' lang='grc' dir='ltr'><strong>λ’.</strong></span> <span class='ocrx_word' id='word_1_655' title='bbox 264 4740 486 4811; x_wconf 83' lang='grc' dir='ltr'>Ὁμοίως</span> <span class='ocrx_word' id='word_1_656' title='bbox 504 4744 723 4813; x_wconf 79' lang='grc' dir='ltr'>ήρεσεν,</span> <span class='ocrx_word' id='word_1_657' title='bbox 756 4743 841 4795; x_wconf 82' lang='grc' dir='ltr'>ἵνα</span> <span class='ocrx_word' id='word_1_658' title='bbox 872 4743 900 4793; x_wconf 92' lang='lat'><strong>6</strong></span> <span class='ocrx_word' id='word_1_659' title='bbox 928 4743 1400 4812; x_wconf 89' lang='grc' dir='ltr'>κατηγορούμενος</span> <span class='ocrx_word' id='word_1_660' title='bbox 1424 4743 1456 4814; x_wconf 77' lang='grc' dir='ltr'><strong>ἢ</strong></span> <span class='ocrx_word' id='word_1_661' title='bbox 1487 4745 1517 4796; x_wconf 87' lang='lat'><strong>6</strong></span> <span class='ocrx_word' id='word_1_662' title='bbox 1546 4760 1674 4797; x_wconf 89' lang='grc' dir='ltr'>κατ-</span> 
     </span>
    </p>
   </div>
   <div class='ocr_carea' id='block_1_96' title="bbox 135 4832 1673 4907">
    <p class='ocr_par' dir='ltr' id='par_1_96' title="bbox 135 4832 1673 4907">
     <span class='ocr_line' id='line_1_96' title="bbox 135 4832 1673 4907; baseline 0.003 -21"><span class='ocrx_word' id='word_1_663' title='bbox 135 4833 344 4901; x_wconf 69' lang='grc' dir='ltr'>ηγορῶν,</span> <span class='ocrx_word' id='word_1_664' title='bbox 374 4838 430 4889; x_wconf 84' lang='grc' dir='ltr'>ὲν</span> <span class='ocrx_word' id='word_1_665' title='bbox 477 4835 555 4906; x_wconf 83' lang='grc' dir='ltr'>τῷ</span> <span class='ocrx_word' id='word_1_666' title='bbox 596 4836 748 4905; x_wconf 84' lang='grc' dir='ltr'>τόπῳ</span> <span class='ocrx_word' id='word_1_667' title='bbox 779 4832 903 4887; x_wconf 85' lang='grc' dir='ltr'>ὅθεν</span> <span class='ocrx_word' id='word_1_668' title='bbox 931 4834 1079 4888; x_wconf 79' lang='grc' dir='ltr'>ἐστὶν</span> <span class='ocrx_word' id='word_1_669' title='bbox 1113 4835 1143 4885; x_wconf 90' lang='lat'><strong>6</strong></span> <span class='ocrx_word' id='word_1_670' title='bbox 1174 4836 1673 4907; x_wconf 85' lang='grc' dir='ltr'>κατηγορούμενος,</span> 
     </span>
    </p>
   </div>
   <div class='ocr_carea' id='block_1_97' title="bbox 196 5007 1632 5083">
    <p class='ocr_par' dir='ltr' id='par_1_97' title="bbox 196 5007 1632 5083">
     <span class='ocr_line' id='line_1_97' title="bbox 196 5007 1632 5083; baseline 0.003 -19"><span class='ocrx_word' id='word_1_671' title='bbox 196 5007 496 5083; x_wconf 73' lang='lat' dir='ltr'><strong>“Carthag.</strong></span> <span class='ocrx_word' id='word_1_672' title='bbox 524 5028 606 5079; x_wconf 85' lang='grc' dir='ltr'>ιιι,</span> <span class='ocrx_word' id='word_1_673' title='bbox 646 5027 769 5081; x_wconf 89' lang='lat' dir='ltr'><strong>cap.</strong></span> <span class='ocrx_word' id='word_1_674' title='bbox 797 5012 851 5066; x_wconf 85' lang='lat'><strong>7.</strong></span> <span class='ocrx_word' id='word_1_675' title='bbox 933 5010 977 5042; x_wconf 78' lang='lat'>“</span> <span class='ocrx_word' id='word_1_676' title='bbox 1006 5010 1265 5082; x_wconf 79' lang='lat' dir='ltr'><strong>Carthag.</strong></span> <span class='ocrx_word' id='word_1_677' title='bbox 1307 5028 1389 5076; x_wconf 83' lang='lat' dir='ltr'><strong>ut,</strong></span> <span class='ocrx_word' id='word_1_678' title='bbox 1422 5026 1543 5082; x_wconf 87' lang='lat' dir='ltr'><strong>cap.</strong></span> <span class='ocrx_word' id='word_1_679' title='bbox 1579 5013 1632 5068; x_wconf 88' lang='lat'><strong>8.</strong></span> 
     </span>
    </p>
   </div>
   <div class='ocr_carea' id='block_1_98' title="bbox 199 5162 1008 5230">
    <p class='ocr_par' dir='ltr' id='par_1_98' title="bbox 199 5162 1008 5230">
     <span class='ocr_line' id='line_1_98' title="bbox 199 5162 1008 5230; baseline 0.007 -14"><span class='ocrx_word' id='word_1_680' title='bbox 199 5162 295 5230; x_wconf 77' lang='lat'><strong>(83)</strong></span> <span class='ocrx_word' id='word_1_681' title='bbox 329 5166 422 5219; x_wconf 75' lang='lat' dir='ltr'><strong>Ms.</strong></span> <span class='ocrx_word' id='word_1_682' title='bbox 444 5169 584 5220; x_wconf 85' lang='lat' dir='ltr'><strong>intra</strong></span> <span class='ocrx_word' id='word_1_683' title='bbox 613 5183 630 5221; x_wconf 92' lang='lat'><strong><em>:</em></strong></span> <span class='ocrx_word' id='word_1_684' title='bbox 660 5176 711 5220; x_wconf 85' lang='lat' dir='ltr'><strong>et</strong></span> <span class='ocrx_word' id='word_1_685' title='bbox 732 5168 804 5221; x_wconf 89' lang='lat' dir='ltr'><strong>ita</strong></span> <span class='ocrx_word' id='word_1_686' title='bbox 834 5165 1008 5222; x_wconf 70' lang='lat' dir='ltr'><strong>Graec.</strong></span> 
     </span>
    </p>
   </div>
   <div class='ocr_carea' id='block_1_99' title="bbox 197 5234 1283 5306">
    <p class='ocr_par' dir='ltr' id='par_1_99' title="bbox 197 5234 1283 5306">
     <span class='ocr_line' id='line_1_99' title="bbox 197 5234 1283 5306; baseline 0.003 -17"><span class='ocrx_word' id='word_1_687' title='bbox 197 5234 297 5306; x_wconf 61' lang='grc' dir='ltr'><strong>(δά)</strong></span> <span class='ocrx_word' id='word_1_688' title='bbox 325 5235 421 5306; x_wconf 72' lang='lat' dir='ltr'><strong>Ms.</strong></span> <span class='ocrx_word' id='word_1_689' title='bbox 457 5256 475 5287; x_wconf 79' lang='grc' dir='ltr'><strong>ι</strong></span> <span class='ocrx_word' id='word_1_690' title='bbox 517 5239 713 5305; x_wconf 60' lang='lat' dir='ltr'><strong>iniibus</strong></span> <span class='ocrx_word' id='word_1_691' title='bbox 742 5248 853 5291; x_wconf 88' lang='lat' dir='ltr'><strong>tum</strong></span> <span class='ocrx_word' id='word_1_692' title='bbox 890 5253 995 5290; x_wconf 91' lang='lat' dir='ltr'><strong>non</strong></span> <span class='ocrx_word' id='word_1_693' title='bbox 1020 5238 1283 5306; x_wconf 89' lang='lat' dir='ltr'><strong>potuisse.</strong></span> 
     </span>
    </p>
   </div>
   <div class='ocr_carea' id='block_1_100' title="bbox 200 5304 1194 5367">
    <p class='ocr_par' dir='ltr' id='par_1_100' title="bbox 200 5304 1194 5367">
     <span class='ocr_line' id='line_1_100' title="bbox 200 5304 1194 5367; baseline 0.005 -12"><span class='ocrx_word' id='word_1_694' title='bbox 200 5304 298 5367; x_wconf 81' lang='lat'><strong>(85)</strong></span> <span class='ocrx_word' id='word_1_695' title='bbox 330 5305 426 5360; x_wconf 78' lang='lat' dir='ltr'><strong>Ms.</strong></span> <span class='ocrx_word' id='word_1_696' title='bbox 454 5325 471 5356; x_wconf 80' lang='grc' dir='ltr'><strong>ι</strong></span> <span class='ocrx_word' id='word_1_697' title='bbox 506 5304 682 5361; x_wconf 71' lang='lat' dir='ltr'><strong>causa:</strong></span> <span class='ocrx_word' id='word_1_698' title='bbox 703 5323 812 5361; x_wconf 73' lang='lat' dir='ltr'><strong>sua:</strong></span> <span class='ocrx_word' id='word_1_699' title='bbox 843 5304 1132 5363; x_wconf 47' lang='lat' dir='ltr'><strong>discenda:</strong></span> <span class='ocrx_word' id='word_1_700' title='bbox 1175 5328 1194 5360; x_wconf 76' lang='grc' dir='ltr'><strong>ι</strong></span> 
     </span>
    </p>
   </div>
   <div class='ocr_carea' id='block_1_101' title="bbox 202 5372 1253 5439">
    <p class='ocr_par' dir='ltr' id='par_1_101' title="bbox 202 5372 1253 5439">
     <span class='ocr_line' id='line_1_101' title="bbox 202 5372 1253 5439; baseline 0.006 -15"><span class='ocrx_word' id='word_1_701' title='bbox 202 5372 299 5439; x_wconf 85' lang='grc'><strong>(86)</strong></span> <span class='ocrx_word' id='word_1_702' title='bbox 330 5375 417 5429; x_wconf 69' lang='lat' dir='ltr'><strong>ibe</strong></span> <span class='ocrx_word' id='word_1_703' title='bbox 445 5378 563 5429; x_wconf 73' lang='lat' dir='ltr'><strong>dua:</strong></span> <span class='ocrx_word' id='word_1_704' title='bbox 588 5394 744 5432; x_wconf 86' lang='lat' dir='ltr'><strong>voces</strong></span> <span class='ocrx_word' id='word_1_705' title='bbox 765 5394 871 5431; x_wconf 92' lang='lat' dir='ltr'><strong>nou</strong></span> <span class='ocrx_word' id='word_1_706' title='bbox 904 5388 1032 5432; x_wconf 90' lang='lat' dir='ltr'><strong>sunt</strong></span> <span class='ocrx_word' id='word_1_707' title='bbox 1054 5380 1108 5432; x_wconf 92' lang='lat' dir='ltr'><strong>in</strong></span> <span class='ocrx_word' id='word_1_708' title='bbox 1151 5394 1253 5431; x_wconf 88' lang='lat' dir='ltr'><strong>ms.</strong></span> 
     </span>
    </p>
   </div>
   <div class='ocr_carea' id='block_1_102' title="bbox 200 5442 730 5517">
    <p class='ocr_par' dir='ltr' id='par_1_102' title="bbox 200 5442 730 5517">
     <span class='ocr_line' id='line_1_102' title="bbox 200 5442 730 5517; baseline 0.009 -21"><span class='ocrx_word' id='word_1_709' title='bbox 326 5445 418 5517; x_wconf 61' lang='lat' dir='ltr'><strong>Ms.</strong></span> <span class='ocrx_word' id='word_1_710' title='bbox 450 5448 730 5517; x_wconf 81' lang='lat' dir='ltr'><strong>agendum.</strong></span> 
     </span>
    </p>
   </div>
   <div class='ocr_carea' id='block_1_103' title="bbox 146 5510 1681 5635">
    <p class='ocr_par' dir='ltr' id='par_1_103' title="bbox 146 5510 1681 5635">
     <span class='ocr_line' id='line_1_103' title="bbox 146 5510 1681 5635; baseline 0.007 -70"><span class='ocrx_word' id='word_1_711' title='bbox 146 5510 319 5635; x_wconf 34' lang='lat'><strong>“58%).</strong></span> <span class='ocrx_word' id='word_1_712' title='bbox 360 5510 661 5574; x_wconf 73' lang='lat' dir='ltr'><strong>Ferrandus</strong></span> <span class='ocrx_word' id='word_1_713' title='bbox 727 5532 848 5589; x_wconf 88' lang='lat' dir='ltr'><strong>cap.</strong></span> <span class='ocrx_word' id='word_1_714' title='bbox 918 5519 978 5574; x_wconf 74' lang='lat' dir='ltr'><strong>5i</strong></span> <span class='ocrx_word' id='word_1_715' title='bbox 1013 5561 1028 5587; x_wconf 95' lang='lat'><strong>,</strong></span> <span class='ocrx_word' id='word_1_716' title='bbox 1080 5536 1143 5575; x_wconf 76' lang='lat' dir='ltr'><strong>ex</strong></span> <span class='ocrx_word' id='word_1_717' title='bbox 1224 5518 1429 5573; x_wconf 91' lang='lat' dir='ltr'><strong>concil.</strong></span> <span class='ocrx_word' id='word_1_718' title='bbox 1493 5519 1681 5575; x_wconf 87' lang='lat' dir='ltr'><strong>Cartb.</strong></span> 
     </span>
    </p>
   </div>
   <div class='ocr_carea' id='block_1_104' title="bbox 2182 4657 2972 4717">
    <p class='ocr_par' dir='ltr' id='par_1_104' title="bbox 2182 4657 2972 4717">
     <span class='ocr_line' id='line_1_104' title="bbox 2182 4657 2972 4717; baseline 0.005 -5"><span class='ocrx_word' id='word_1_719' title='bbox 2182 4657 2259 4713; x_wconf 86' lang='lat' dir='ltr'><strong>De</strong></span> <span class='ocrx_word' id='word_1_720' title='bbox 2289 4670 2538 4715; x_wconf 81' lang='lat' dir='ltr'><strong>accusata</strong></span> <span class='ocrx_word' id='word_1_721' title='bbox 2569 4669 2619 4715; x_wconf 86' lang='lat' dir='ltr'><strong>et</strong></span> <span class='ocrx_word' id='word_1_722' title='bbox 2648 4672 2972 4717; x_wconf 78' lang='lat' dir='ltr'><strong>accusatore.</strong></span> 
     </span>
    </p>
   </div>
   <div class='ocr_carea' id='block_1_105' title="bbox 1851 4748 3363 4823">
    <p class='ocr_par' dir='ltr' id='par_1_105' title="bbox 1851 4748 3363 4823">
     <span class='ocr_line' id='line_1_105' title="bbox 1851 4748 3363 4823; baseline 0 -20"><span class='ocrx_word' id='word_1_723' title='bbox 1851 4749 1940 4804; x_wconf 81' lang='lat'><strong>50.</strong></span> <span class='ocrx_word' id='word_1_724' title='bbox 1983 4748 2117 4805; x_wconf 87' lang='lat' dir='ltr'><strong>Item</strong></span> <span class='ocrx_word' id='word_1_725' title='bbox 2146 4753 2352 4822; x_wconf 85' lang='lat' dir='ltr'><strong>placuit</strong></span> <span class='ocrx_word' id='word_1_726' title='bbox 2383 4752 2519 4823; x_wconf 85' lang='lat'><strong>(90),</strong></span> <span class='ocrx_word' id='word_1_727' title='bbox 2546 4761 2604 4807; x_wconf 90' lang='lat' dir='ltr'><strong>ut</strong></span> <span class='ocrx_word' id='word_1_728' title='bbox 2644 4763 2935 4810; x_wconf 90' lang='lat' dir='ltr'><strong>accusatus</strong></span> <span class='ocrx_word' id='word_1_729' title='bbox 2964 4753 3046 4808; x_wconf 91' lang='lat' dir='ltr'><strong>vel</strong></span> <span class='ocrx_word' id='word_1_730' title='bbox 3075 4759 3363 4807; x_wconf 87' lang='lat' dir='ltr'><strong>accusator</strong></span> 
     </span>
    </p>
   </div>
   <div class='ocr_carea' id='block_1_106' title="bbox 1786 4840 3365 4917">
    <p class='ocr_par' dir='ltr' id='par_1_106' title="bbox 1786 4840 3365 4917">
     <span class='ocr_line' id='line_1_106' title="bbox 1786 4840 3365 4917; baseline 0.001 -24"><span class='ocrx_word' id='word_1_731' title='bbox 1786 4840 1839 4894; x_wconf 91' lang='lat' dir='ltr'><strong>in</strong></span> <span class='ocrx_word' id='word_1_732' title='bbox 1869 4855 1934 4896; x_wconf 90' lang='lat' dir='ltr'><strong>eo</strong></span> <span class='ocrx_word' id='word_1_733' title='bbox 1962 4842 2105 4912; x_wconf 88' lang='lat' dir='ltr'><strong>loco,</strong></span> <span class='ocrx_word' id='word_1_734' title='bbox 2152 4843 2297 4900; x_wconf 84' lang='lat' dir='ltr'><strong>unde</strong></span> <span class='ocrx_word' id='word_1_735' title='bbox 2325 4855 2408 4901; x_wconf 89' lang='lat' dir='ltr'><strong>est</strong></span> <span class='ocrx_word' id='word_1_736' title='bbox 2437 4845 2526 4901; x_wconf 89' lang='lat' dir='ltr'><strong>ille</strong></span> <span class='ocrx_word' id='word_1_737' title='bbox 2553 4847 2648 4917; x_wconf 90' lang='lat' dir='ltr'><strong>qui</strong></span> <span class='ocrx_word' id='word_1_738' title='bbox 2700 4856 3024 4911; x_wconf 85' lang='lat' dir='ltr'><strong>accusatur,</strong></span> <span class='ocrx_word' id='word_1_739' title='bbox 3077 4844 3122 4898; x_wconf 89' lang='lat' dir='ltr'><strong>si</strong></span> <span class='ocrx_word' id='word_1_740' title='bbox 3170 4841 3365 4897; x_wconf 89' lang='lat' dir='ltr'><strong>metuit</strong></span> 
     </span>
    </p>
   </div>
   <div class='ocr_carea' id='block_1_107' title="bbox 1858 5156 3363 5245">
    <p class='ocr_par' dir='ltr' id='par_1_107' title="bbox 1858 5156 3363 5245">
     <span class='ocr_line' id='line_1_107' title="bbox 1858 5156 3363 5245; baseline 0.002 -19"><span class='ocrx_word' id='word_1_741' title='bbox 1858 5173 1969 5244; x_wconf 88' lang='grc'><strong>(89)</strong></span> <span class='ocrx_word' id='word_1_742' title='bbox 2000 5175 2099 5231; x_wconf 80' lang='lat' dir='ltr'><strong>Ms.</strong></span> <span class='ocrx_word' id='word_1_743' title='bbox 2136 5176 2353 5243; x_wconf 89' lang='lat' dir='ltr'><strong>melius,</strong></span> <span class='ocrx_word' id='word_1_744' title='bbox 2393 5194 2413 5228; x_wconf 80' lang='grc' dir='ltr'><strong>ι</strong></span> <span class='ocrx_word' id='word_1_745' title='bbox 2445 5190 2509 5231; x_wconf 80' lang='lat' dir='ltr'><strong>ex</strong></span> <span class='ocrx_word' id='word_1_746' title='bbox 2541 5174 2738 5229; x_wconf 90' lang='lat' dir='ltr'><strong>vicinis</strong></span> <span class='ocrx_word' id='word_1_747' title='bbox 2784 5174 2921 5228; x_wconf 89' lang='lat' dir='ltr'><strong>locis</strong></span> <span class='ocrx_word' id='word_1_748' title='bbox 2948 5173 3200 5243; x_wconf 86' lang='lat' dir='ltr'><strong>proprius</strong></span> <span class='ocrx_word' id='word_1_749' title='bbox 3248 5156 3363 5245; x_wconf 85' lang='lat' dir='ltr'><strong>epi-</strong></span> 
     </span>
    </p>
   </div>
   <div class='ocr_carea' id='block_1_108' title="bbox 1786 5260 3371 5389">
    <p class='ocr_par' dir='ltr' id='par_1_108' title="bbox 1786 5260 3371 5389">
     <span class='ocr_line' id='line_1_108' title="bbox 1786 5260 3371 5389; baseline -0.002 -16"><span class='ocrx_word' id='word_1_750' title='bbox 1786 5260 2155 5389; x_wconf 43' lang='lat' dir='ltr'><strong>hcggfh’unc</strong></span> <span class='ocrx_word' id='word_1_751' title='bbox 2184 5334 2401 5389; x_wconf 86' lang='lat' dir='ltr'><strong>quoque</strong></span> <span class='ocrx_word' id='word_1_752' title='bbox 2446 5318 2721 5372; x_wconf 86' lang='lat' dir='ltr'><strong>Canonem</strong></span> <span class='ocrx_word' id='word_1_753' title='bbox 2760 5314 3095 5389; x_wconf 78' lang='lat' dir='ltr'><strong>llipponensi</strong></span> <span class='ocrx_word' id='word_1_754' title='bbox 3120 5312 3371 5389; x_wconf 69' lang='lat' dir='ltr'><strong>concilio</strong></span> 
     </span>
    </p>
   </div>
   <div class='ocr_carea' id='block_1_109' title="bbox 1787 5385 3369 5451">
    <p class='ocr_par' dir='ltr' id='par_1_109' title="bbox 1787 5385 3369 5451">
     <span class='ocr_line' id='line_1_109' title="bbox 1787 5385 3369 5451; baseline -0.001 -10"><span class='ocrx_word' id='word_1_755' title='bbox 1787 5385 1973 5442; x_wconf 85' lang='lat' dir='ltr'><strong>eadem</strong></span> <span class='ocrx_word' id='word_1_756' title='bbox 2006 5406 2108 5443; x_wconf 89' lang='lat' dir='ltr'><strong>ms.</strong></span> <span class='ocrx_word' id='word_1_757' title='bbox 2141 5385 2389 5444; x_wconf 79' lang='lat' dir='ltr'><strong>collectio</strong></span> <span class='ocrx_word' id='word_1_758' title='bbox 2420 5390 2698 5444; x_wconf 74' lang='lat' dir='ltr'><strong>Canonum</strong></span> <span class='ocrx_word' id='word_1_759' title='bbox 2734 5385 2940 5451; x_wconf 81' lang='lat' dir='ltr'><strong>tribuit,</strong></span> <span class='ocrx_word' id='word_1_760' title='bbox 2975 5392 3027 5437; x_wconf 76' lang='lat' dir='ltr'><strong>et</strong></span> <span class='ocrx_word' id='word_1_761' title='bbox 3059 5385 3235 5439; x_wconf 80' lang='lat' dir='ltr'><strong>Codex</strong></span> <span class='ocrx_word' id='word_1_762' title='bbox 3270 5386 3369 5439; x_wconf 85' lang='lat' dir='ltr'><strong>Pe-</strong></span> 
     </span>
    </p>
   </div>
   <div class='ocr_carea' id='block_1_110' title="bbox 1792 5453 3369 5526">
    <p class='ocr_par' dir='ltr' id='par_1_110' title="bbox 1792 5453 3369 5526">
     <span class='ocr_line' id='line_1_110' title="bbox 1792 5453 3369 5526; baseline -0.003 -14"><span class='ocrx_word' id='word_1_763' title='bbox 1792 5459 1860 5512; x_wconf 89' lang='lat' dir='ltr'><strong>tri</strong></span> <span class='ocrx_word' id='word_1_764' title='bbox 1912 5459 2132 5520; x_wconf 69' lang='lat' dir='ltr'><strong>Pitbaei.</strong></span> <span class='ocrx_word' id='word_1_765' title='bbox 2164 5469 2218 5514; x_wconf 85' lang='lat' dir='ltr'><strong>et</strong></span> <span class='ocrx_word' id='word_1_766' title='bbox 2250 5459 2562 5515; x_wconf 81' lang='lat' dir='ltr'><strong>Ferrandus</strong></span> <span class='ocrx_word' id='word_1_767' title='bbox 2589 5472 2711 5526; x_wconf 84' lang='lat' dir='ltr'><strong>cap.</strong></span> <span class='ocrx_word' id='word_1_768' title='bbox 2742 5457 2863 5524; x_wconf 80' lang='grc'><strong>198,</strong></span> <span class='ocrx_word' id='word_1_769' title='bbox 2897 5471 2963 5510; x_wconf 78' lang='lat' dir='ltr'><strong>ex</strong></span> <span class='ocrx_word' id='word_1_770' title='bbox 2990 5453 3199 5509; x_wconf 86' lang='lat' dir='ltr'><strong>Concil.</strong></span> <span class='ocrx_word' id='word_1_771' title='bbox 3234 5455 3369 5526; x_wconf 81' lang='lat' dir='ltr'><strong>Hip-</strong></span> 
     </span>
    </p>
   </div>
   <div class='ocr_carea' id='block_1_111' title="bbox 1790 5530 2225 5605">
    <p class='ocr_par' dir='ltr' id='par_1_111' title="bbox 1790 5530 2225 5605">
     <span class='ocr_line' id='line_1_111' title="bbox 1790 5530 2225 5605; baseline 0.005 -22"><span class='ocrx_word' id='word_1_772' title='bbox 1790 5530 2017 5605; x_wconf 87' lang='lat' dir='ltr'><strong>ponensi</strong></span> <span class='ocrx_word' id='word_1_773' title='bbox 2047 5532 2135 5585; x_wconf 84' lang='lat' dir='ltr'><strong>tit.</strong></span> <span class='ocrx_word' id='word_1_774' title='bbox 2170 5532 2225 5585; x_wconf 84' lang='lat'><strong>5.</strong></span> 
     </span>
    </p>
   </div>
  </div>
