3912 6244
368 330 472 393 707

1517 319 1780 382 PI—IOTII
1806 315 2312 379 I’ATRIARCH/E
2338 316 2449 378 ΟΡ.

3518 309 3626 371 708

366 432 607 515 aliquam
659 440 769 495 vim
822 435 1127 492 temerarim
1164 433 1557 497 multitudinis,
1608 434 1790 488 locum
1835 432 1939 486 sibi

2077 429 2138 482 ἀν
2187 427 2425 498 φοϐῆται
2472 444 2594 479 τινα
2650 426 2773 496 βίαν
2827 425 3135 497 προπετοῦς
3184 423 3633 495 πολυπληθείας,

365 541 531 607 eligat
562 534 870 605 proximum
900 528 1046 600 (9|),
1092 542 1204 597 quo
1259 542 1368 581 non
1416 527 1487 582 sit
1515 526 1732 580 diﬂicile
1779 534 1943 578 testes

369 628 689 698 producere,
730 630 784 675 et
809 620 899 673 ubi
935 632 1103 672 causa
1132 616 1374 671 liniatur.

440 800 593 868 Quod
657 797 1106 853 excommunicati
1158 795 1228 850 ad
1292 792 1687 848 accusationem
1734 789 1945 845 admitti

370 911 471 947 non
497 892 738 946 debeant.

440 986 562 1039 128.
608 982 927 1051 Placuitque
958 981 1000 1013 ¹⁷
1046 980 1326 1043 erunibus,
1371 977 1628 1048 quoniam
1662 971 1949 1043 superiori-

368 1079 472 1132 bus
523 1077 891 1131 conciliorum
941 1074 1177 1127 decretis
1228 1072 1295 1125 de
1327 1068 1575 1140 personis
1603 1082 1724 1136 quae
1754 1064 1950 1119 admit-

372 1169 544 1224 tendae
597 1160 704 1221 non
737 1176 859 1221 sunt
900 1167 967 1219 ad
1016 1165 1425 1219 accusationem
1458 1162 1805 1221 clericorum,
1834 1157 1948 1227 jam

370 1263 731 1318 constitutum
783 1269 887 1325 est,
929 1267 1134 1327 etquae
1181 1272 1432 1327 persona:
1458 1270 1564 1308 non
1605 1254 1952 1306 admitteren-

372 1367 481 1419 tur,
541 1371 648 1407 non
710 1366 1032 1422 expressum
1086 1359 1213 1404 est:
1269 1346 1477 1403 idcirco
1510 1345 1800 1402 deﬁnimus
1824 1357 1949 1397 eum

373 1447 475 1501 rite
509 1446 575 1499 ad
600 1444 1005 1499 accusationem
1037 1458 1149 1496 non
1183 1441 1420 1505 admitti,
1464 1439 1556 1509 qui
1597 1449 1950 1507 posteaquam

369 1536 878 1593 excommunicatus
925 1534 1116 1597 fuerit,
1152 1536 1207 1586 in
1257 1534 1373 1601 ipsa
1405 1532 1583 1585 adhuc
1636 1543 1954 1583 excommu-

374 1630 646 1683 nicatione
684 1628 1038 1692 consututus,
1073 1626 1187 1679 sive
1216 1626 1288 1678 sit
1342 1623 1602 1688 clericus,
1621 1606 1750 1685 'sive
1779 1619 1952 1677 laicus

372 1733 635 1772 accusare
662 1717 914 1771 voluerit.

446 1808 597 1874 Quod
649 1809 785 1860 servi
819 1818 867 1859 et
912 1807 1113 1870 liberti,
1144 1821 1421 1874 omnesque
1456 1802 1680 1872 infantes
1717 1816 1953 1870 personae
1984 1779 2026 1837 Β

370 1912 475 1948 non
504 1897 725 1948 debeant
756 1910 1029 1947 accusare.

446 1983 570 2039 129.
630 1982 762 2037 Item
810 1983 1018 2053 placuit
1049 1981 1093 2017 ιθ
1123 1988 1181 2034 ut
1210 1995 1401 2035 omnes
1443 1979 1607 2043 servi,
1641 1979 1726 2032 vel
1751 1976 1953 2047 preprii

372 2076 552 2130 liberti
574 2075 640 2129 ad
664 2075 1067 2129 accusationem
1097 2089 1206 2127 non
1229 2073 1608 2137 admittantur;
1633 2072 1716 2126 vel
1743 2086 1954 2137 omnes,

2045 522 2207 574 τόπον
2237 519 2418 589 ἑαυτῷ
2459 517 2779 589 ἐπιλέξηται
2826 518 3101 586 ἕγγιστον,
3134 519 3192 569 ὲν
3238 508 3282 582 ᾧ
3328 516 3429 568 οὐκ
3484 516 3634 570 ἐστιν

2045 611 2191 682 αὖτῴ
2252 594 2548 680 δυσχέρεια
2622 612 2904 680 μάρτυρας
2955 608 3335 679 προκομίσαι,
3392 606 3518 661 ἔνθα
3575 609 3637 661 τὸ

2046 707 2279 776 πρᾶγμα
2306 703 2474 757 αὑτοῦ
2504 702 2861 774 περατοῦται.

2119 799 2247 851 Ὅτι
2286 799 2340 849 ol
2373 796 2494 850 ἀπὸ
2538 797 2858 861 κοινωνίας
2906 795 3077 859 ὄντες
3101 834 3115 859 ,
3159 795 3246 859 είς
3277 793 3639 864 κατηγορίαν

2048 890 2160 944 οὐκ
2191 887 2507 957 ὀφείλουσι
2541 886 3013 955 προσδεχθῆναι.

2120 986 2260 1051 ρκη’.
2307 980 2512 1049 Ἤρεσε
2542 979 2721 1032 τοίνυν
2752 979 2940 1042 πᾶσιν,
2982 973 3177 1045 ἐπειδὴ
3206 977 3317 1037 τοῖς
3344 974 3639 1045 ἀνωτὲροις

2048 1070 2157 1124 τῶν
2197 1069 2430 1123 συνόδων
2459 1069 2779 1139 ψηφίσμασι
2805 1067 2955 1137 περὶ
3002 1065 3313 1138 προσώπων
3360 1066 3641 1137 κληρικῶν

2049 1163 2158 1217 τῶν
2210 1162 2285 1234 μὴ
2319 1161 2645 1231 ὀφειλόντων
2703 1163 2784 1223 εἰς
2844 1159 3196 1232 κατηγορίαν
3242 1159 3643 1229 πῳσδεχθῆναι

2048 1254 2294 1325 ὡρίσθη,
2322 1254 2419 1308 καὶ
2456 1254 2557 1306 οὐκ
2597 1251 3036 1323 ὲπεξειργάσθηὲ,
3080 1254 3209 1305 ποῖα
3255 1252 3523 1321 πρόσωπα
3565 1251 3643 1321 μὴ

2052 1341 2464 1415 προσδεχθῶσι,
2524 1340 2613 1394 διὰ
2672 1340 2832 1393 τοῦτο
2875 1340 3157 1410 ὁρίζομεν,
3216 1338 3409 1392 τοῦτον
3464 1340 3644 1411 ὀρθῶς

2054 1433 2190 1504 πρὸς
2215 1431 2553 1503 κατηγορίαν
2581 1432 2657 1501 μὴ
2681 1431 3045 1501 εἰσδέχεσθαι,
3079 1431 3232 1493 ὅστις
3270 1432 3407 1500 μετὰ
3449 1432 3513 1484 τὸ
3534 1431 3648 1485 ἀπὸ

2053 1526 2340 1586 κοινωνίας
2378 1522 2639 1591 γενέσθαι
2666 1524 2724 1575 ὲν
2751 1522 2901 1593 αὑτῷ
2929 1522 3010 1575 ἔτι
3035 1522 3115 1592 τῷ
3141 1522 3436 1593 ἀφορισμῷ
3467 1524 3650 1593 ὑπάρ-

2053 1632 2159 1685 χει,
2209 1615 2319 1667 είτε
2362 1612 2625 1686 κληρικὸς
2671 1613 2781 1683 εἴη,
2827 1616 2936 1668 εἴτε
2974 1614 3164 1677 λαῖκὺς
3194 1614 3223 1665 ὁ
3267 1618 3651 1685 κατηγορῆσαι

2055 1705 2399 1777 βουλόμενος.

2127 1797 2259 1851 Ὅτι
2288 1796 2495 1852 δοῦλοι
2525 1798 2623 1851 καὶ
2656 1798 3046 1865 ἀπελεύθεροι
3069 1800 3170 1854 καὶ
3198 1801 3398 1855 πάντα
3420 1798 3494 1852 τὰ
3517 1800 3647 1867 ἡτι-

2050 1888 2295 1958 μωμένα
2319 1890 2632 1958 πρόσωπα,
2660 1890 3015 1960 κατηγορεῖν
3043 1894 3561 1963 οὺκιόφείλουσιν.

2130 1978 2269 2049 ρκο’.
2328 1980 2560 2051 Ὁμοίως
2606 1983 2827 2053 ἤρεσεν,
2882 1983 2971 2037 ἵνα
3014 1985 3219 2048 πάντες
3256 1986 3308 2038 oi
3343 1983 3518 2038 δοῦλοι
3553 1983 3653 2036 καὶ

2057 2071 2106 2123 οἱ
2142 2069 2262 2123 ἴδιοι
2304 2071 2699 2143 ἀπελεύθεροι,
2754 2074 2837 2137 είς
2888 2079 3223 2145 κατηγορίαν
3282 2076 3356 2147 μὴ
3417 2078 3653 2147 προσδε-

374 2182 518 2237 quos
574 2168 641 2221 ad
686 2167 998 2221 accusanda
1042 2166 1257 2235 publica
1289 2165 1524 2219 erimina
1554 2165 1700 2233 leges
1728 2163 1961 2232 publica).

2077 2161 2252 2232 (θῶσν
2298 2163 2393 2215 καὶ
2426 2165 2630 2228 πάντες
2660 2159 2742 2227 οἷς
2768 2168 3256 2238 προκατηγορητέα
3288 2167 3611 2237 ἐκγλήματα
3633 2207 3650 2231 ,

374 2274 485 2313 non
557 2258 906 2313 admittunt:
956 2273 1147 2312 omnes
1209 2258 1375 2312 etiam
1424 2255 1665 2310 infamia}
1721 2254 1955 2309 maculis

2077 2252 2097 2306 ὶ
2137 2254 2233 2307 καὶ
2255 2254 2304 2307 οί
2335 2253 2584 2325 δημόσιοι
2612 2255 2768 2325 νόμοι
2799 2258 2860 2310 οὐ
2892 2258 3305 2328 προσδέχονται·
3329 2261 3423 2312 καὶ
3447 2260 3655 2321 πάντες

376 2350 609 2420 aspersi,
664 2348 719 2403 id
770 2358 855 2404 est
893 2349 1215 2413 histriones,
1256 2362 1320 2401 ac
1353 2345 1788 2415 turpitudinibus
1826 2344 1958 2398 sub-

2077 2341 2143 2395 Ξτι
2186 2344 2294 2414 μὴν
2317 2346 2367 2397 οἱ
2405 2346 2504 2414 τῆς
2548 2346 2777 2416 ἀτιμίας
2812 2349 2927 2411 τοῖς
2959 2348 3171 2411 σπίλοις
3204 2349 3651 2420 ὲρῤαντισμένοι,

372 2443 531 2511 jecta:
586 2454 850 2509 personae,
903 2438 1144 2493 haeretici
1200 2438 1389 2502 etiam,
1444 2437 1558 2489 sive
1611 2434 1830 2504 pagani,
1865 2448 1961 2486 seu

2077 2436 2312 2488 εουτέστι
2358 2438 2514 2506 μῖμοι
2537 2438 2631 2491 καὶ⁹
2664 2438 2764 2490 ὅσα
2786 2441 2904 2502 ταῖς
2931 2440 3285 2510 αίσχρότησιν
3314 2440 3659 2511 ὑποϐέϐλην-

376 2528 573 2591 Judaei,
625 2527 721 2581 sed
756 2539 936 2581 tamen
976 2527 1255 2589 omnibus,
1290 2525 1491 2594 quibus
1540 2522 1823 2577 accusatio
1866 2521 1962 2575 de-

2077 2546 2152 2582 ιαι
2200 2529 2509 2599 πρόσωπα,
2561 2533 2829 2601 αἰρετικοὶ
2876 2532 2957 2585 ἔτι
3002 2534 3130 2604 μὴν,
3181 2535 3290 2587 εἴτε
3346 2533 3653 2604 Ἕλληνες,

380 2630 632 2687 negatur,
672 2619 725 2672 in
768 2619 949 2673 causis
985 2620 1223 2688 propriis
1276 2616 1572 2671 accusandi
1607 2615 1826 2669 licentia
1854 2628 1960 2667 non

2077 2622 2172 2675 εἴτε
2218 2622 2492 2688 Ἰουδαῖοι,
2526 2624 2677 2694 ὅμως
2704 2626 2871 2679 πᾶσιν
2912 2620 2993 2690 οἷς
3026 2630 3059 2697 ἡ
3089 2627 3313 2695 τοιαύτη
3344 2628 3656 2698 κατηγορία

380 2716 647 2783 neganda.

456 2891 622 2959 238
655 2889 723 2943 Ut
753 2890 841 2959 qui
872 2907 1033 2943 unum
1078 2891 1275 2943 crimen
1316 2905 1419 2942 non
1457 2887 1754 2957 probaverit
1787 2885 1855 2940 ad
1884 2885 1965 2939 al-

384 2996 554 3038 terum
590 2984 805 3035 admitti
832 3000 935 3036 non
975 2983 1180 3037 debeat.

453 3075 579 3129 150.
634 3075 764 3128 Item
820 3076 1043 3143 placuit,
1094 3084 1155 3129 ut
1184 3056 1622 3145 quotiescunque
1673 3071 1889 3128 clericis
1920 3071 1963 3102 ¹⁹

382 3168 454 3221 ab
508 3167 924 3221 accusatoribus
982 3168 1153 3220 multa
1205 3168 1439 3221 crimina
1502 3160 1856 3236 objiciuntur,
1911 3170 1965 3216 et

386 3272 555 3310 unum
583 3274 645 3310 ex
679 3257 837 3326 ipsis,
876 3257 944 3311 de
985 3272 1095 3327 quo
1131 3257 1286 3325 prius
1319 3257 1552 3326 egerint,
1594 3257 1827 3326 probare
1855 3269 1965 3308 non

384 3348 680 3414 valuerint,
714 3348 781 3402 ad
822 3356 1017 3401 cetera
1039 3348 1152 3417 jam
1189 3363 1296 3402 non
1327 3348 1705 3401 admittantur.

597 3516 788 3586 Cyritli
817 3532 883 3570 ea:
907 3517 1132 3585 epistola
1154 3519 1223 3570 ad
1254 3517 1522 3571 Domuum
1546 3535 1663 3587 cap.
1702 3518 1754 3572 1.

460 3696 811 3767 Unaquaeque
834 3710 923 3750 res
956 3706 1166 3761 nostra,
1198 3704 1328 3763 etc.,
1362 3706 1421 3749 ut
1454 3714 1577 3767 pag.
1612 3696 1739 3752 491.

457 3790 796 3844 Generaliter
824 3790 891 3843 de
918 3790 985 3844 iis
1030 3789 1121 3859 qui
1153 3789 1220 3843 de
1251 3790 1467 3859 publico
1515 3792 1745 3846 crimine
1775 3807 1969 3862 quam-

384 3897 605 3952 cunque
662 3895 951 3951 personam
1014 3894 1277 3935 accusare
1332 3882 1715 3950 prohibentur,
1775 3891 1972 3937 tractat

389 3975 484 4026 lih.
544 3987 620 4038 Ix,
663 3972 787 4026 cod.
846 3972 932 4025 tit.
990 3971 1045 4035 1,
1102 3980 1156 4025 et
1186 3971 1279 4027 lib.
1316 3973 1647 4041 vam,dig.
1704 3972 1790 4027 tit.
1816 3988 1878 4037 ιι,
1905 3972 1972 4026 de

389 4065 769 4121 eriminalihus
828 4080 996 4130 vero,
1061 4075 1115 4119 et
1172 4067 1528 4134 pecuniariis,
1584 4074 1639 4121 et
1690 4067 1971 4121 canonicis

389 4159 785 4230 quaestionibus
838 4158 1041 4213 dicitur
1103 4158 1157 4213 in
1224 4160 1410 4215 codice
1472 4168 1525 4213 et
1576 4157 1833 4215 Novellis.
1883 4160 1973 4215 Ait

388 4264 570 4308 autem
603 4254 698 4307 lib.
737 4269 776 4319 ι,
812 4252 892 4307 tit.
920 4253 977 4319 2,
1010 4261 1187 4307 const.
1218 4251 1270 4317 6,
1304 4253 1452 4323 quod
1499 4255 1543 4309 si
1597 4255 1727 4325 quid
1759 4256 1810 4309 in
1842 4246 1971 4310 uni-

389 4361 548 4401 verso
566 4345 779 4415 Illyrico
812 4346 1088 4399 canonica:
1120 4346 1411 4400 dubietatis
1441 4348 1751 4410 etnerserit,
1784 4348 1835 4399 id
1864 4363 1969 4401 non

2064 2715 2308 2783 ἀρνεῖται
2348 2716 2405 2769 ὲν
2442 2719 2566 2778 ταῖς
2595 2716 2751 2779 ἰδίαις
2782 2718 2985 2782 αἰτίαις
3009 2760 3026 2785 ,
3063 2720 3164 2788 τὴν
3194 2720 3287 2772 τοῦ
3317 2722 3655 2790 κατηγορεῖν

2066 2803 2250 2857 ἄδειαν
2280 2804 2357 2873 μὴ
2380 2803 2621 2872 ὀφείλειν
2659 2805 2963 2876 ἀρνεῖσθαι.

2137 2895 2272 2949 Ἵνα
2306 2898 2338 2949 d
2365 2896 2500 2964 περὶ
2530 2896 2670 2962 ἑνὸς
2701 2897 3077 2967 ἐγκλήματος
3100 2898 3411 2963 ἀποδεῖξαι
3435 2898 3523 2967 μὴ
3544 2897 3657 2952 δυ-

2067 2987 2349 3057 νάμενος,
2379 2988 2530 3055 πρὸς
2555 2988 2762 3056 ἕτερον
2778 2989 2865 3057 μὴ
2889 2990 3198 3059 είσδεχθῇ.

2140 3078 2239 3149 ρλ’.
2288 3079 2522 3148 Ὁμοίως
2556 3080 2773 3151 ἤρεσεν,
2811 3082 2898 3135 ἵνα
2927 3083 3327 3151 ὁσακισδήποτε
3370 3082 3660 3153 κληρικοῖς

2067 3170 2176 3224 ἀπὸ
2233 3172 2559 3241 κατηγόρων
2618 3172 2788 3226 πολλὰ
2851 3174 3172 3244 ἐγκλήματα
3226 3173 3660 3241 ὑποϐάλλονται,

2065 3264 2161 3317 καὶ
2197 3262 2255 3316 ἓν
2284 3264 2343 3329 ἐξ
2373 3264 2554 3317 αὐτῶν
2591 3266 2724 3335 περὶ
2760 3261 2822 3321 οὗ
2852 3267 3071 3337 πρῶτον
3114 3267 3394 3339 ἐπράχθη,
3435 3268 3661 3320 ἀποδει-

2067 3352 2262 3422 χθῆναι
2300 3354 2401 3406 οὐκ
2427 3354 2694 3426 ἠδυνήθη,
2721 3355 2858 3427 πρὸς
2879 3356 2948 3409 τὰ
2973 3354 3135 3410 λοιπά
3179 3358 3318 3426 μετὰ
3356 3355 3536 3410 ταῦτα
3580 3357 3663 3427 μὴ

2072 3444 2499 3515 προσδεχθῶσιν.

2068 3537 2371 3604 Κυρίλλου
2442 3537 2512 3591 ἐκ
2589 3536 2701 3606 τῆς
2777 3538 2927 3605 πρὸς
3008 3538 3239 3607 Δόμνον
3323 3538 3665 3607 ἐπιστολῆς

2754 3645 2887 3697 κεερ.
2918 3628 2988 3681 α’.

2142 3719 2391 3773 Ἕκαστα
2430 3719 2540 3772 τῶν
2577 3719 2699 3772 καθ’
2728 3722 2877 3789 ἡμᾶς
2911 3720 3281 3790 πραγμάτων,
3310 3736 3367 3772 κ.
3404 3737 3457 3775 τ.
3500 3719 3551 3772 λ.

2142 3811 2383 3875 Γενιγῶς
2408 3816 2537 3880 περὶ
2561 3813 2670 3864 τῶν
2703 3813 3070 3882 κωλυομένων
3100 3814 3424 3881 κατηγορεῖν
3444 3812 3665 3881 οίουδή-

2071 3922 2202 3957 ποτε
2230 3903 2526 3974 προσώπου
2557 3906 2649 3957 ἐπὶ
2678 3903 2924 3974 δημοσίῳ
2947 3904 3278 3975 ἐγκλήματι,
3304 3904 3667 3973 διαλαμϐάνει

2074 3996 2277 4068 βιϐλίον
2307 3996 2349 4048 θ’
2366 3996 2462 4048 τοῦ
2484 3995 2614 4050 κώδ.
2637 3997 2743 4049 τίτ.
2764 3996 2836 4061 α’,
2872 3996 2968 4049 καὶ
2998 3996 3139 4066 βιϐλ.
3168 4003 3258 4067 μη¹
3280 3996 3389 4048 τῶν
3410 3997 3529 4063 Δίγ.
3550 3997 3664 4049 τίτ.

2075 4090 2141 4159 β”
2162 4089 2289 4157 περὶ
2309 4088 2367 4140 δὲ
2391 4089 2560 4157 ὲγκλη
2571 4088 2813 4158 ματικῶν
2840 4090 2933 4141 καὶ
2955 4087 3258 4141 κανονικῶν
3282 4089 3375 4140 καὶ
3393 4106 3496 4157 χρη
3507 4105 3670 4158 ματι-

2074 4181 2185 4233 κῶν
2212 4181 2492 4251 ζητήσεων
2526 4181 2747 4251 εἴρηται
2791 4183 2848 4233 ἐν
2872 4181 2951 4252 τῷ
2975 4180 3107 4235 κὼδ.
3139 4182 3231 4234 καὶ
3259 4184 3377 4243 ταῖς
3399 4181 3664 4249 Νεαραίς·

2075 4273 2330 4342 φησὶξγὰρ
2350 4271 2493 4343 βιδλ.
2530 4273 2709 4341 α’ίτίτ.
2736 4272 2802 4343 β’,
2822 4272 2961 4326 διάτ.
2992 4273 3045 4336 ς’
3074 4273 3156 4324 ὃτι
3176 4272 3670 4341 τάςάναφυομένας

2076 4363 2365 4425 κανονικάς
2405 4361 2849 4433 ἀμφισϐητήσεις
2886 4364 2945 4416 ἐν
2981 4363 3086 4432 ὅλῳ
3125 4362 3203 4432 τῷ
3255 4361 3559 4430 Ἰλλυρικῷ,
3602 4364 3668 4414 οὐ

387 4437 597 4503 absque
618 4434 843 4489 scientia
871 4435 1135 4489 antistitis
1158 4435 1308 4489 urbis
1329 4435 1963 4508 Cotistantinopoluanae,

2077 4453 2152 4506 δεῖ
2212 4452 2511 4522 τέμνεσθαι
2577 4453 2730 4523 παρὰ
2790 4450 3016 4521 γνώμην
3078 4451 3173 4503 τοῦ
3228 4448 3668 4522 ἀρχιεπισκόπου

389 4543 514 4597 (ιιιιε
542 4524 730 4581 Roma:
777 4528 978 4581 veteris
1033 4529 1386 4597 praarogativa
1449 4529 1685 4595 lit-tatur,
1747 4532 1963 4601 ejusque

2080 4543 2709 4606 Κωνσταντινουπόλεως
2752 4544 2848 4596 καὶ
2908 4543 3006 4613 τῆς
3049 4541 3216 4596 αὑτοῦ
3257 4541 3507 4605 συνόδου,
3540 4539 3673 4609 ἥτις

388 4620 793 4692 [sacerdotalis]
829 4630 1127 4675 conventus
1169 4632 1413 4689 oporteat
1443 4622 1638 4677 decidi.
1674 4621 1740 4676 Et
1782 4626 1870 4677 tit.
1914 4626 1968 4688 5,

389 4720 570 4767 c‘onst.
603 4712 695 4772 22,
730 4712 872 4781 quod
912 4712 958 4765 si
1008 4711 1129 4781 quis
1156 4728 1252 4780 per
1283 4714 1619 4768 calumniam
1651 4717 1967 4786 episcopum

390 4805 724 4869 accusando,
752 4804 956 4876 [ipsum
990 4803 1071 4876 se]
1101 4805 1365 4861 exhibere
1391 4808 1534 4877 apud
1566 4818 1965 4878 competentem

384 4898 628 4969 judicem
690 4896 921 4971 [cogat],
1009 4899 1234 4969 triginta
1292 4901 1474 4970 pondo
1525 4900 1692 4975 [auri]
1739 4906 1849 4960 det.
1907 4904 1975 4961 Et

391 5000 574 5045 const.
595 4990 688 5054 25,
723 4990 967 5059 ejusdem
998 4993 1081 5045 tit.
1114 4993 1259 5062 quod
1296 4994 1479 5049 clerici
1506 4995 1974 5067 ConstantinOpo‘

2079 4634 2192 4706 ἔχει
2228 4636 2298 4688 τὰ
2330 4635 2601 4706 προνόμια
2624 4639 2722 4705 τῆς
2744 4636 2980 4706 ἀρχαίας
3031 4634 3271 4705 Ῥώμηςο
3315 4633 3410 4686 καὶ
3454 4632 3560 4685 τίτ.
3616 4639 3671 4701 γ’

2077 4729 2216 4783 διάτ.
2256 4728 2367 4800 κβ’,
2398 4730 2483 4783 ὃτι
2527 4730 2557 4782 ὁ
2592 4728 2736 4782 κατὰ
2782 4730 3121 4798 συκοφάντου
3172 4730 3266 4781 ἐπὶ
3321 4726 3673 4796 παραστάσει

2079 4823 2232 4890 παρὰ
2274 4821 2503 4891 δικαστῇ
2556 4821 2853 4891 προσφόρῳ
2896 4819 3224 4888 αἰτιώμενος
3256 4818 3583 4881 ἐπίσκοπον,
3627 4814 3671 4866 λ’

2078 4912 2265 4968 δίδωσι
2290 4912 2498 4985 λίτραςο
2529 4913 2667 4969 διάτ.
2717 4920 2796 4966 κε’
2833 4912 2930 4965 τοῦ
2968 4910 3133 4965 αὑτοῦ
3164 4913 3301 4977 τίτ.,
3335 4911 3419 4963 ὅτι
3448 4912 3496 4962 oi
3533 4909 3675 4972 κλη-

2080 5008 2223 5079 ρικοὶ
2263 5007 2893 5071 Κωνσταντινουπόλεως
2925 5006 3034 5058 τῶν
3083 5004 3385 5073 ἐναγόντων
3420 5004 3497 5074 μὴ
3549 5002 3679 5073 βου-

392 5083 570 5148 litani,
626 5084 672 5138 si
735 5094 950 5138 actores
992 5084 1166 5138 nolint
1210 5085 1359 5154 ipsos
1414 5088 1556 5157 apud
1605 5090 1963 5157 patriarcham

2077 5099 2322 5169 λομένων
2372 5100 2556 5163 αὐτοῖς
2587 5098 2806 5168 ἐνάγειν
2854 5100 3004 5169 παρὰ
3034 5096 3112 5167 τῷ
3147 5100 3480 5171 πατριάρχῃ,
3516 5096 3675 5167 παρὰ

391 5177 707 5242 convenire,
761 5177 902 5247 apud
945 5178 1089 5232 solos
1132 5178 1419 5248 pratl'ectos
1472 5180 1729 5249 litigent:
1786 5181 1963 5253 [idque

2081 5191 2264 5260 μόνοις
2295 5194 2408 5255 τοῖς
2436 5192 2696 5263 ἐπάρχοις
2725 5191 3061 5255 δικάζονται,
3100 5190 3385 5258 ἐνάγοντες
3416 5191 3512 5242 καὶ
3543 5190 3673 5241 ἐνα-

392 5269 530 5340 sive]
562 5270 912 5336 conveniant,
968 5271 1082 5325 sive
1146 5272 1584 5328 conveniantur:
1635 5274 1771 5346 [tum
1806 5280 1963 5330 etiam

2079 5282 2301 5353 γὸμενοι
2329 5284 2687 5353 χρηματικώς
2718 5283 2811 5337 καὶ
2843 5282 3264 5354 ἐγκληματικῶς
3297 5270 3438 5352 ὑπὲρ
3484 5280 3674 5333 ίδικῶν

393 5358 531 5431 sive]
567 5360 913 5429 pecuniaria,
968 5362 1083 5417 sive
1126 5364 1428 5419 criminalis
1484 5364 1636 5437 [item
1691 5367 1851 5440 sive,]
1909 5370 1963 5424 de

2083 5373 2177 5425 καὶ
2204 5374 2698 5444 ἐκκλησιαστικῶν·
2732 5375 2828 5428 καὶ
2858 5377 2907 5427 οἱ
2942 5375 3042 5445 μὲν
3071 5374 3362 5446 κληρικοὶ,
3396 5372 3488 5424 τὸν
3522 5373 3675 5425 οἰκο-

470 5535 512 5568 ίτ
542 5535 716 5619 Cone;
765 5539 955 5619 carpi.
1008 5542 1374 5619 vtt,‘cap:_l;
1406 5541 1576 5619 Afric.
1615 5558 1666 5599 c.
1703 5544 1792 5619 95;
1821 5542 2074 5619 cartlmt,
2110 5563 2229 5617 cap.
2264 5548 2316 5615 6;
2343 5547 2530 5603 Carth.
2606 5564 2691 5615 ιιι,
2718 5564 2836 5617 cap.
2876 5550 2906 5601 7
2941 5559 2994 5604 et
3017 5548 3070 5603 8.
3104 5556 3111 5561 ‘
3201 5548 3433 5604 “Cone.
3476 5546 3669 5603 Cal‘lll.

394 5620 494 5672 vn,
534 5607 739 5674 cap.2;
812 5608 983 5664 Afric.
1014 5626 1063 5665 ο.
1094 5607 1645 5685 96.-νιιίθάΑυ3υ8ῑ.
1680 5607 2001 5685 epiSt.2l2.
2063 5607 2124 5652 ἰιι
2159 5607 2545 5677 (ὶοιιοὶιιπιιι.
2583 5607 2690 5686 vu,’
2720 5607 2840 5691 αεὶ».
2870 5621 2921 5688 5;
2982 5620 3149 5675 Al'ric.
3183 5634 3233 5685 ρ,
3272 5620 3323 5673 7.

476 5747 589 5822 [91)
630 5746 731 5804 Ms.
770 5770 789 5801 ι
826 5747 1139 5806 Proximum
1176 5750 1319 5818 fore,
1354 5760 1540 5808 utnon
1571 5755 1662 5809 sit.
1700 5774 1717 5805 ι
