3912 6244
209 194 308 279 769

1100 212 1503 274 SYNTAGM'A
1531 211 1920 276 CANONUM.
1946 240 2014 248 -
2043 214 2192 276 TlT.
2215 214 2319 287 IX,
2350 213 2510 273 CAP.
2552 212 2601 273 Ι.

3378 218 3485 280 ’Πῦ

209 340 365 405 νόμον
395 331 429 403 ἢ
460 332 557 385 τὸν
598 329 1048 401 ἐκκλησιέκδικον
1092 330 1329 384 διδόασιν
1363 330 1655 402 ἐγγυητὴν,
1703 332 1795 385 καὶ

1900 333 2088 405 [rebus
2115 333 2381 407 ipsorum]
2416 333 2659 404 propriis
2710 331 2825 387 sive
2852 332 3242 387 ecclesiasticis
3276 333 3366 406 [lis
3396 338 3483 390 in-

208 431 303 499 οὑχ
353 428 546 497 ἐτερον
588 426 695 489 ἕως
743 424 785 477 ν’
833 422 1054 494 λιτρῶν⁶
1105 423 1199 476 καὶ
1247 424 1343 476 ἐὰν
1392 423 1699 496 ὑπερδαίνῃ
1739 424 1802 476 τὸ

1904 427 2183 481 stituatur.
2211 427 2474 481 Similiter
2504 425 2672 497 quod]
2706 426 2887 479 clerici
2916 441 3087 495 usque
3118 426 3183 480 ad
3214 430 3484 497 quinquaw

208 524 437 595 πρᾶγμα
483 518 782 589 ὁμολογίαν
826 516 1111 587 ἀνώμοτον
1154 515 1249 568 ἐπὶ
1292 515 1369 587 τῷ
1417 516 1799 585 ὑπερδαίνοντι

1902 518 2045 587 ginta
2110 520 2277 573 libras
2328 517 2497 590 [auri]
2542 534 2884 573 (Bronomum
2914 528 3000 572 aut
3034 519 3484 573 ecclesia‘delen-

206 612 357 681 ποσῷ
398 610 643 664 ποιοῦσι.

291 883 403 937 Kal.
446 883 523 953 oi;
550 882 708 950 νόμοι
738 880 848 950 γὰρ
884 879 981 931 καὶ
1020 878 1069 931 oi
1104 876 1328 940 κανόνες
1355 872 1627 930 κωλύουσι
1661 874 1795 946 κλη-

219 980 371 1049 ρικδν
421 976 695 1045 ὀμνύναι’
755 976 781 1027 6
813 972 870 1026 δὲ
922 971 1202 1040 οἰκονόμος
1247 970 1575 1040 ἐναγόμενος
1621 970 1682 1022 οὐ
1721 969 1799 1021 δί-

202 1069 365 1121 δωσιν
420 1065 700 1136 ἐγγυητὴν
724 1104 739 1128 ,
780 1064 875 1117 καὶ
932 1062 1093 1125 αὐτὸς
1133 1062 1191 1113 δὲ
1252 1060 1348 1114 καὶ
1403 1063 1452 1114 οί
1507 1063 1794 1133 κληρικοὶ,

199 1162 291 1215 δύο
328 1160 649 1229 νομίσματα
690 1157 833 1228 ὑπὲρ
871 1156 1234 1225 ὑπομνήσεως
1269 1154 1365 1205 καὶ
1406 1153 1675 1223 προϐολῆς
1710 1154 1796 1205 ἐν.

196 1250 398 1313 τολέως
425 1249 633 1303 διδόασι
659 1287 676 1313 ,
705 1248 800 1301 καὶ
830 1247 899 1299 τὰ
930 1244 1097 1299 λοιπὰ
1122 1245 1492 1314 δαπανήματα
1540 1243 1796 1315 φειδωλός

196 1360 352 1414 τερον
380 1340 632 1394 ποιοῦσιο
668 1340 765 1393 καὶ
794 1340 826 1409 ή
852 1336 932 1407 λβ¹
960 1337 1100 1391 διάτ.
1135 1335 1229 1389 τοῦ
1261 1336 1425 1390 αὐτοῦ
1464 1336 1570 1390 τίτ.
1606 1338 1791 1405 φησὶν,

197 1437 273 1488 ὅτι
300 1435 355 1487 οἱ
385 1433 716 1497 ἐπίσκοποι,
767 1431 861 1485 καὶ
888 1432 937 1483 οἱ
966 1430 1066 1500 κλη
1078 1429 1220 1500 ρικοὶ
1268 1430 1361 1482 καὶ
1387 1430 1436 1481 οἱ
1473 1429 1699 1504 μοναχοξ
1729 1428 1791 1481 οὑ

194 1530 439 1596 ⁴γίνονται
498 1525 766 1595 διάξιμοι,
825 1522 961 1576 ἀλλὰ
1020 1522 1174 1594 παρὰ
1220 1525 1335 1584 τοῖς
1400 1522 1627 1593 ἄρχουσι
1681 1522 1791 1575 τῶν

196 1618 485 1690 ἐπαρχιῶν
519 1617 700 1671 αὐτῶν
753 1614 1060 1683 ἐνάγονταιο
1108 1616 1167 1667 ἐν
1213 1613 1786 1668 Κωνσταντινουπόλει

193 1711 245 1764 δέ
273 1710 689 1781 εὑρισκόμενοι,
721 1708 874 1779 παρὰ
904 1707 1089 1777 μόνοις
1119 1709 1236 1771 τοῖς
1263 1706 1529 1778 ἐπάρχοις
1560 1705 1783 1775 ἐνάγον-

194 1817 298 1864 ται,
331 1799 468 1852 ἔνθα
496 1799 592 1851 καὶ
623 1800 658 1869 ή
704 1796 841 1868 τιμὴ
868 1797 1056 1860 αὐτοῖς
1103 1795 1468 1865 φυλάττεται,
1515 1794 1613 1849 καὶ
1658 1813 1786 1848 συν-

196 1892 432 1965 ηγόρους
457 1891 846 1963 λαμϐάνουσιν
868 1893 928 1945 ἐν
956 1891 1146 1954 δέταῖς
1171 1890 1463 1962 ἐπαρχίαις
1484 1890 1588 1945 ὐπέ
1598 1891 1788 1962 ρίδίων

202 1986 550 2057 πραγμάτων
598 1984 955 2054 ἐναγόμενοι,
1009 1983 1205 2054 μόνους
1238 1983 1365 2045 τοὺς
1407 1982 1786 2053 οίκονόμουςῆ

194 2082 312 2145 τοὺς
340 2080 835 2151 ἐκκλησιεκδίκους
885 2080 1122 2134 διδόασιν
1170 2078 1479 2149 ἐγγυητάςο
1534 2078 1690 2149 παρὰ
1730 2078 1787 2132 δὲ

192 2175 303 2237 τοῖς
337 2173 615 2243 ὑπάρχοις
660 2172 1024 2243 χρηματικῶς
1057 2171 1373 2240 ἐναγόμενοι
1394 2212 1409 2237 ,
1450 2170 1485 2242 ἢ
1522 2171 1786 2241 ἀλλήλους

194 2266 530 2335 ἐγγυῶνται,
563 2265 598 2336 ἢ
630 2264 1001 2334 ἐνυποθήκους
1030 2263 1275 2317 ποιοῦσιν
1305 2263 1615 2333 ὁμολογίας·
1644 2262 1789 2337 ὑπὲρ

193 2360 246 2411 δέ
269 2362 381 2412 τῶν
409 2355 912 2428 ἐκκλησιαστικῶν,
951 2355 1114 2425 μόνος
1143 2356 1171 2409 6
1194 2355 1476 2425 οἰκονόμος
1505 2355 1784 2423 ἐνάγεται,

192 2448 247 2501 ὃν
274 2448 386 2518 χρὴ
416 2446 573 2519 παρὰ
598 2446 692 2500 τοῦ
725 2446 1028 2503 ἐπισκόπου
1057 2444 1302 2513 γενεσθαι
1321 2484 1338 2509 ,
1362 2445 1457 2498 καὶ
1481 2445 1665 2499 δίδωσι
1693 2446 1787 2499 τὸν

193 2539 640 2610 ἐκκλησιᾰδικον
666 2538 963 2608 ἐγγυητήν
1006 2537 1101 2591 καὶ
1135 2538 1195 2589 ἐν
1224 2536 1323 2607 μὲν
1349 2538 1462 2599 τοῖς
1487 2538 1674 2608 ἥττοσι
1704 2538 1785 2591 δι·-

193 2630 548 2700 καστηρίοις,
587 2628 730 2700 ὑπὲρ
762 2629 1127 2699 ὑπομνήσεως
1159 2628 1393 2682 διδόασιν
1421 2627 1469 2681 οί
1495 2628 1787 2682 ἐπίσκοποι

194 2724 282 2778 καὶ
311 2723 364 2776 οἱ
393 2722 657 2794 κληρικοὶ
697 2723 810 2783 τοῖς
839 2720 1194 2783 ἐκδιδασταϊς
1221 2720 1282 2775 οὐ
1318 2719 1483 2774 πλέον
1510 2719 1605 2773 τοῦ
1635 2721 1788 2791 νομί-

195 2831 418 2884 σματος·
457 2815 510 2867 εί
540 2813 599 2866 δὲ
644 2813 714 2867 δι’
746 2811 1074 2867 ἐκϐιϐαστοῦ
1104 2812 1214 2865 τῶν
1256 2812 1522 2882 ὑπάρχων
1551 2813 1661 2865 ἀπὸ
1682 2814 1787 2883 ψή-

195 2924 290 2975 φου
320 2906 506 2960 ἆὺτῶν
543 2902 970 2977 ὑπομνησοῶσιν
1008 2906 1070 2957 ἐν
1113 2903 1402 2973 ἐπαρχίαις
1432 2904 1493 2956 οὑ
1525 2902 1687 2955 πλέον
1739 2901 1783 2972 β’

1811 1675 1859 1734 Β

1901 626 2103 675 sorem,
2156 626 2265 665 non
2324 620 2504 665 autem
2565 610 2751 674 alium,
2808 611 3183 679 lidejussorem
3230 612 3397 665 dent:
3431 622 3483 665 et

1900 702 1943 754 si
1983 718 2067 756 res
2113 702 2251 773 [eam
2284 701 2669 774 quantitatem]
2703 706 2947 768 excedat,
2973 720 3071 773 pro
3102 704 3320 758 residuo
3344 703 3483 759 citra

1895 794 2279 865 jusjurandum
2309 806 2557 851 caveant.

1973 885 2189 940 Τελείας.
2228 886 2437 940 Etenim
2490 887 2634 956 leges
2690 896 2853 954 atque
2909 903 3170 941 canones
3208 888 3473 942 clericum

1892 979 2081 1048 jurare
2118 980 2435 1048 prohibent.
2464 980 2771 1052 [Postremo
2797 996 2943 1045 vero,
2979 979 3147 1049 quod]
3173 980 3225 1033 in
3257 981 3347 1048 jus
3384 995 3483 1032 vo-

1898 1080 2054 1125 catus
2089 1086 2412 1126 (economus
2438 1071 2816 1141 lldcjussorem
2845 1088 2952 1125 non
2994 1071 3105 1133 det,
3139 1082 3191 1125 et
3224 1083 3333 1124 tum
3369 1072 3483 1138 ipse

1898 1171 2009 1216 tum
2039 1164 2222 1219 clerici
2248 1165 2411 1235 239
2440 1180 2539 1233 pro
2578 1165 2880 1218 monitione
2911 1180 2975 1217 ac
3004 1164 3373 1231 procuratoris
3394 1163 3481 1215 in-

1892 1254 2176 1309 stitutione
2199 1258 2336 1311 duos
2360 1256 2589 1319 solidos,
2612 1256 2925 1309 exsecutori
2953 1253 3101 1317 deut,
3128 1255 3479 1322 reliquasque

1892 1358 2148 1416 sumptus
2187 1348 2404 1416 parcius
2446 1345 2671 1401 faciant.
2737 1346 2803 1400 Et
2864 1338 3043 1402 const.
3099 1346 3190 1411 32,
3228 1345 3480 1415 ejusdem

1891 1439 1979 1493 tit.
2015 1440 2136 1492 ait:
2170 1437 2325 1503 Quod
2377 1438 2659 1507 episcopi,
2697 1437 2918 1501 clerici,
2971 1446 3026 1490 et
3082 1437 3334 1491 monachi
3389 1434 3481 1508 [ad

1889 1539 2149 1584 extranea
2176 1529 2403 1601 judicia]
2449 1544 2557 1583 non
2601 1531 2979 1592 traducantur,
3033 1530 3126 1583 sed
3180 1530 3321 1599 apud
3396 1546 3481 1583 re-

1890 1630 2069 1677 ctores
2098 1622 2503 1693 provinciarum
2530 1622 2925 1676 conveniantur
2954 1641 2965 1675 :
3009 1632 3063 1676 et
3093 1621 3481 1677 Constantino-

1890 1715 1996 1783 poli
2030 1714 2269 1783 reperti,
2300 1714 2443 1783 apud
2482 1712 2769 1784 pratt‘ectos
2804 1714 3071 1768 duntaxat
3117 1714 3325 1783 judicio
3358 1714 3480 1782 pul-

1890 1808 2123 1875 sentur};
2150 1804 2240 1858 ubi
2282 1812 2336 1858 et
2386 1804 2565 1857 honor
2615 1804 2748 1872 ipsis
2784 1816 3055 1869 servetur,
3087 1815 3140 1859 et
3183 1806 3480 1860 advocatos

1890 1894 2182 1963 accipiant.
2226 1892 2285 1947 Si
2325 1908 2456 1948 vero
2486 1893 2539 1946 in
2584 1893 2885 1962 provinciis
2916 1894 2986 1946 ob
3023 1896 3275 1963 proprias
3305 1910 3391 1949 res
3420 1896 3477 1948 in

1883 1986 1976 2055 jus
2005 1994 2293 2048 vocentur,
2326 2000 2646 2041 ceconomos
2682 1986 2949 2039 duntaxat
2972 1995 3065 2039 aut
3103 1988 3350 2041 ecclesia:
3378 1987 3476 2041 de-

1889 2077 2136 2133 fensores
2166 2077 2522 2146 lidejussores
2571 2078 2744 2134 deut:
2788 2078 2932 2146 apud
2974 2076 3259 2147 praefectos
3291 2088 3473 2133 autem

1887 2169 1955 2224 de
1988 2170 2154 2223 rebus
2203 2168 2542 2239 pecuniariis
2596 2169 2875 2234 conventi,
2911 2179 3003 2222 aut
3060 2170 3295 2224 vicarias
3348 2170 3479 2224 lide-

1882 2262 2163 2331 jussiones
2217 2270 2500 2332 praestent,
2558 2271 2651 2315 aut
2713 2262 2817 2317 sub
2872 2260 3191 2317 facultatum
3249 2278 3477 2317 suarum

1890 2354 2223 2424 obligatione
2246 2356 2530 2409 cautiones
2574 2354 2798 2409 faciant.
2833 2351 3036 2425 [Quod]
3091 2358 3157 2409 de
3211 2355 3479 2409 ecclesia-

1892 2446 2046 2500 sticis
2083 2444 2293 2517 [rebus]
2328 2446 2481 2500 solus
2516 2460 2838 2502 (economus
2872 2447 3254 2509 conveniatur,
3309 2462 3473 2515 quem

1887 2538 1956 2591 ab
1984 2539 2243 2608 episcopo
2289 2538 2532 2593 ordinari
2586 2547 2821 2607 Oportet,
2858 2549 3022 2609 atque
3054 2538 3189 2611 [ille]
3219 2538 3480 2593 Ecclesia:

1886 2628 2229 2683 defensorem
2261 2630 2641 2699 lidejussorem
2676 2630 2932 2697 praebeat.
2962 2628 3163 2702 [Quod]
3203 2631 3255 2684 in
3292 2631 3476 2684 mino-

1891 2720 2044 2774 ribus
2072 2720 2301 2790 judiciis
2353 2722 2594 2791 episcopi
2659 2731 2713 2776 ct
2770 2721 2955 2777 clerici
3012 2736 3111 2790 pro
3176 2722 3475 2776 monitione

1887 2813 2307 2866 exsecutoribus
2373 2828 2480 2867 non
2545 2814 2783 2882 amplius
2860 2813 3039 2867 solido
3099 2814 3471 2883 sportularum

1889 2904 2111 2958 nomine
2140 2905 2292 2958 dent.
2326 2904 2382 2959 Si
2414 2921 2541 2959 vero
2572 2906 2642 2960 ab
2673 2904 3051 2975 praefectorum
3092 2922 3157 2960 ex
3204 2909 3474 2971 sententia

196 3000 506 3068 νομίσματα
523 2997 759 3050 διδόασιν
784 2994 925 3064 ὺπέρ
941 2994 1308 3065 σπορτούλων.
1327 2994 1413 3046 Ἐν
1437 2994 1717 3063 Βυζαντίῳ
1729 2993 1786 3046 δὲ

1894 2996 2134 3064 ipsorum
2190 2997 2592 3052 admoneantur
2638 2997 2691 3050 in
2746 2998 3047 3066 provincia,
3088 3013 3194 3060 non
3237 2999 3478 3067 amplius

196 3085 507 3154 νομίσματα
522 3084 743 3137 δίδωσιν
772 3085 799 3137 ὁ
814 3083 1070 3147 ἐξωτικὸς
1084 3082 1341 3154 κληρικδς
1358 3083 1496 3153 ὑπὲρ
1513 3082 1779 3152 σπορτοὺ-

199 3177 318 3230 λων.
334 3176 743 3247 ἔφ’ὁτῃδήποτε
774 3178 1032 3247 ποσότητι
1056 3178 1386 3246 ὲναγόμενος
1402 3178 1430 3230 6
1454 3177 1783 3247 ἐκσιὸαστὴς

196 3269 506 3340 οἱονδήποτε
531 3268 794 3338 κληρικδν
820 3269 1103 3339 ὑϐρίζωνῆ
1124 3268 1386 3333 σκύλλων,
1406 3268 1781 3333 ἁποζώννυται

197 3360 281 3412 καὶ
304 3360 556 3430 ἐσχάτως
585 3361 932 3429 τιμωρεῖται.
964 3359 1027 3411 El
1053 3358 1110 3411 δέ
1140 3376 1282 3420 τινες
1313 3359 1556 3428 φανῶσιν
1580 3358 1781 3421 ἀδίκως

200 3450 371 3514 αὐτοῖς
399 3448 733 3518 ἐνάγοντες,
760 3448 996 3502 διδόασιν
1042 3448 1227 3510 αὐτοῖς
1269 3448 1452 3511 πάσας
1496 3448 1597 3512 τὰς
1637 3450 1780 3503 κατά

201 3543 465 3610 πρόφασιν
499 3541 687 3595 αὐτῶν
716 3542 781 3594 ἐκ
811 3539 1100 3612 προοιμίου
1138 3540 1236 3610 τῆς
1277 3539 1434 3610 δίκης
1477 3556 1779 3611 προσγενο-

202 3632 355 3703 μένας
383 3634 576 3697 αὐτοῖς
603 3632 873 3695 δαπάνας.

270 3901 333 3955 Ἦ
362 3901 424 3953 δὲ
472 3906 516 3953 ν’
564 3899 707 3953 διάτ.
753 3899 847 3952 τοῦ
900 3899 1067 3955 αὐτοῦ
1113 3900 1219 3953 τίτ.
1266 3898 1453 3970 φησὶν,
1491 3902 1573 3955 ὅτι
1600 3903 1694 3955 καὶ
1728 3904 1777 3956 οί

199 3992 438 4064 κληρικοὶ
484 3992 668 4056 καλῶς
705 3992 765 4046 ἐν
815 3992 1166 4062 συμϐολαίοις
1208 3992 1539 4061 ἁπολέγουσι
1569 3996 1635 4065 τῇ
1680 3996 1773 4049 τοῦ

198 4087 351 4159 φόρου
390 4088 726 4158 ἀπογραφῇ⁸
771 4086 1004 4155 γενικῶς
1040 4086 1151 4158 γὰρ
1186 4086 1397 4152 ἔξεστιν
1424 4088 1640 4159 ἑκάστῳ
1668 4090 1775 4142 τῶν

197 4182 326 4250 ὑπὲρ
348 4178 550 4234 ἐαυτοῦ
578 4181 962 4249 καταφρονεῖν·
995 4179 1090 4233 καὶ
1112 4180 1253 4233 διάτ.
1280 4180 1326 4251 β’
1372 4181 1467 4234 τοῦ
1487 4180 1529 4234 δ’
1554 4182 1659 4235 τίτ.
1680 4180 1773 4235 τοῦ

193 4274 347 4327 αὖτοῦ
404 4272 550 4344 βιόλ.
601 4272 685 4326 ὅτι
730 4272 829 4325 ἐὰν
875 4273 982 4344 πρὸ
1028 4273 1240 4336 τελείας
1282 4273 1466 4343 ψήφου
1514 4273 1774 4344 κληρικδς

1889 3090 2105 3146 duobus
2135 3090 2325 3147 solidis
2360 3093 2655 3161 prteheant.
2710 3089 2958 3162 Byzantii
3000 3101 3181 3147 autem
3232 3093 3473 3162 peregri-

1890 3200 1996 3239 nus
2045 3184 2276 3239 clericus
2332 3185 2707 3254 sportularum
2760 3184 2933 3251 gratia
2968 3192 3078 3238 tres
3119 3199 3315 3237 aureos
3357 3185 3468 3244 det.

1890 3276 1961 3332 ob
1978 3285 2460 3346 quantamcunque
2486 3272 2763 3348 [summae]
2787 3275 3147 3343 quantitatem
3170 3284 3473 3329 conventus

1888 3366 2074 3423 fuerit.
2110 3365 2309 3439 [Quod]
2342 3376 2654 3429 exsecutor,
2679 3366 2771 3435 qui
2807 3365 3337 3436 cujusmodicunque
3364 3365 3473 3419 cle-

1888 3460 2064 3515 ricum
2095 3460 2442 3514 contumeliis
2477 3458 2738 3522 aﬂ'ecerit,
2784 3471 2878 3515 aut
2910 3459 3209 3522 vexaverit,
3252 3458 3475 3526 cingulo

1885 3554 2152 3622 privetur,
2188 3560 2242 3604 et
2276 3565 2534 3619 supremo
2584 3551 2852 3621 supplicio
2884 3549 3132 3607 feriatur.
3164 3546 3340 3621 [Quod
3372 3548 3467 3601 de-

1884 3643 2071 3715 nique]
2105 3645 2149 3697 si
2185 3644 2277 3712 qui
2331 3644 2452 3697 sine
2512 3642 2662 3712 justa
2726 3657 2895 3697 causa
2959 3642 3104 3711 ipsos
3160 3640 3479 3695 lacessiisse

1883 3737 2188 3802 vidcantur,
2216 3734 2341 3808 [illi]
2381 3736 2516 3804 ipsis
2545 3750 2737 3788 omnes
2788 3749 3077 3803 expensas,
3125 3748 3263 3802 quas
3306 3748 3471 3786 occa-

1882 3825 2038 3878 sione
2066 3825 2284 3879 illorum
2316 3824 2384 3878 ab
2422 3824 2649 3878 exordio
2677 3824 2787 3877 litis
2818 3822 3110 3888 subierint,
3145 3823 3393 3877 reddant.

1952 3918 2183 3973 Textus;
2206 3918 2401 3974 Const.
2433 3917 2523 3984 50,
2551 3917 2794 3986 ejusdem
2844 3919 2930 3991 tit.
2977 3917 3127 3982 dicit,
3160 3917 3304 3986 quod
3346 3916 3460 3971 cle-

1882 4012 1979 4069 rici
2010 4022 2153 4067 recte
2185 4015 2237 4066 i-n
2272 4011 2656 4067 instrumentis
2684 4009 2785 4064 fori
2822 4010 3220 4080 prtescriptioni
3256 4026 3468 4065 renun-

1880 4104 2037 4158 tient.
2066 4104 2409 4159 Generaliter
2455 4103 2601 4157 enim
2654 4103 2852 4169 cuique
2903 4101 3029 4155 licet
3088 4108 3469 4165 contemnere,

1878 4211 1999 4265 qua:
2031 4210 2129 4264 pro
2154 4210 2212 4249 se
2244 4193 2476 4266 [indulta
2508 4191 2683 4263 sunt].
2726 4193 2791 4246 Et
2819 4202 2997 4247 const.
3033 4192 3091 4254 2.
3124 4192 3211 4245 tit.
3236 4192 3290 4257 4,
3318 4191 3465 4258 ejus-

1877 4288 2000 4342 dem
2020 4288 2110 4341 lib.
2135 4290 2281 4356 quod
2312 4286 2355 4339 si
2373 4296 2499 4339 ante
2519 4285 2677 4339 linem
2700 4285 2983 4339 sententia:
3004 4283 3237 4338 clericus
3267 4298 3465 4352 provo-

195 4366 591 4436 ἐκκαλέσηται,
637 4365 746 4433 τὴν
781 4364 1093 4434 ὡρισμένην
1136 4367 1203 4417 ἐκ
1238 4364 1334 4418 τοῦ
1376 4364 1547 4434 νόμου
1582 4367 1774 4437 ποινὴν

1891 4380 2105 4444 caverit,
2127 4383 2352 4433 multam
2385 4377 2547 4449 240
2559 4378 2951 4447 quinquaginta
2972 4376 3233 4430 librarum
3254 4377 3471 4447 argenti

198 4456 326 4509 κατὰ
366 4456 478 4508 τῶν
515 4454 694 4507 ἄλλων
738 4454 847 4507 τῶν
873 4461 915 4507 ν’
962 4455 1237 4524 ἀργυρίου
1267 4454 1487 4526 λιτρῶν,
1517 4457 1545 4508 6
1582 4455 1775 4524 φίσκος

195 4549 248 4601 οὐ
286 4548 563 4618 λαμϐάνει
597 4546 733 4619 παρ’
762 4546 951 4611 αὐτοῦ,
982 4547 1117 4600 ἀλλὰ
1150 4548 1260 4611 τοῖς
1297 4548 1492 4619 πένησι
1525 4548 1775 4618 διαντξμε⁸

197 4655 299 4693 ται*
325 4643 359 4710 ή
388 4640 447 4693 δὲ
470 4639 514 4703 ζ’
538 4637 688 4692 διὰτ,
710 4636 806 4690 τοῦ
829 4637 994 4691 αὑτοῦ
1017 4638 1127 4696 τίτ.
1154 4640 1341 4708 φησιν,
1369 4640 1455 4693 ὅτι
1477 4640 1570 4692 ἐπὶ
1598 4641 1777 4712 μόνων

199 4731 559 4802 χρηματικῶν
589 4728 796 4801 μεταξὺ
820 4730 1237 4794 συναινούντων,
1271 4731 1333 4784 οὐ
1359 4731 1466 4801 μὴν
1488 4730 1583 4785 καὶ
1613 4733 1777 4786 ἀκόν-

197 4840 311 4887 των,
350 4822 596 4895 ἰσχυρῶς
622 4822 659 4873 6
683 4821 982 4885 ἐπίσκοπος
1022 4820 1266 4886 δικάζειο
1308 4823 1401 4876 καὶ
1441 4823 1584 4878 διάτ.
1615 4829 1666 4895 η’
1693 4825 1776 4878 ὄτι

198 4919 229 4987 ἡ
253 4918 355 4973 τῶν
391 4917 720 4971 ἐπισκόπων
749 4915 925 4986 ψῆφος
962 4914 1200 4988 ἔρρωται
1228 4916 1429 4987 μεταξὺ
1460 4918 1570 4971 τῶν
1596 4917 1780 4970 ἐπιλέ-

202 5008 432 5078 ξαμένων
470 5010 711 5075 αὐτοὺς,
743 5009 841 5062 καὶ
879 5008 1024 5061 ἔοικε
1065 5010 1184 5071 ταῖς
1213 5007 1416 5079 ψήφοις
1456 5008 1564 5061 τῶν
1600 5010 1781 5081 ὑπάρ-

200 5118 317 5169 χων,
359 5102 455 5169 ἀφ’
496 5092 575 5153 ῶν
620 5098 976 5153 ἐκκαλεῖσθαι
1005 5099 1106 5154 οὐκ
1136 5100 1333 5165 ἔξεστιο
1364 5101 1459 5154 καὶ
1487 5101 1628 5156 διάτ.
1683 5110 1775 5172 ιγ’,

200 5192 271 5244 ὃτι
311 5192 639 5264 βουλόμενος
675 5192 708 5245 6
752 5192 986 5260 ἐνάγων,
1013 5192 1075 5245 οὐ
1104 5193 1212 5264 μὴν
1251 5192 1346 5245 καὶ
1391 5194 1562 5258 ἄκων,
1594 5194 1778 5262 ἐνάγει

204 5283 340 5354 παρὰ
376 5284 454 5355 τῷ
494 5282 925 5357 ἀρχιεπισκόπῳ
957 5284 1578 5349 Κωνσταντινουπὸλεως
1605 5285 1681 5356 τῷ
1703 5288 1780 5340 ol-

204 5375 422 5448 κονόμῳ,
453 5377 550 5429 καὶ
594 5376 716 5438 τοῖς
741 5373 924 5437 ἄλλοις
950 5373 1114 5427 αὑτοῦ
1154 5374 1435 5447 κληρικοῖς
1456 5417 1471 5439 ,
1502 5378 1611 5429 εἶτε
1646 5378 1779 5446 πρὸς

202 5470 380 5537 αὐτοὺς
410 5473 523 5526 εἴτε
548 5469 695 5540 πρὸς
715 5469 816 5537 τήν
850 5467 1147 5537 ἐκκλησίαν
1171 5469 1305 5539 ἔχει·
1330 5469 1427 5522 καὶ
1450 5470 1483 5540 ἡ
1507 5469 1587 5524 κθ⁹
1612 5469 1777 5535 διάτ.,

198 5563 270 5617 ὅτι
298 5565 484 5635 μηδεὶς
528 5566 599 5618 ἐκ
648 5559 879 5632 πρώτης
919 5561 1183 5616 αἰτιάσθω
1206 5562 1486 5633 ξκληρικὸν
1513 5564 1666 5635 παρὰ
1703 5563 1781 5634 τῷ

196 5660 538 5732 πατριάρχῃ,
565 5654 716 5714 ἀλλὰ
756 5653 909 5724 παρὰ
947 5652 1024 5726 τῷ
1065 5654 1351 5726 ἐπισκόπῳ
1395 5654 1594 5709 αὐτοῦ’
1644 5655 1691 5707 εί
1724 5655 1779 5708 δὲ

1886 4472 1939 4525 ἰη
1992 4470 2095 4525 hoc
2139 4471 2401 4525 adversus
2446 4470 2584 4524 alios
2627 4471 3004 4530 constitutam,
3034 4466 3103 4520 ab
3138 4468 3254 4535 ipso
3295 4466 3465 4521 ﬁscus

1884 4578 1993 4617 non
2027 4563 2283 4633 accipiat,
2314 4562 2408 4617 sed
2440 4560 2773 4631 pauperibus
2807 4568 3014 4628 eroget.
3052 4557 3243 4613 Const.
3278 4566 3471 4614 autem

1886 4654 1936 4718 7,
1956 4654 2198 4725 ejusdem
2218 4655 2302 4709 tit.
2328 4653 2475 4724 quod
2500 4655 2553 4708 in
2587 4651 2914 4723 pecuniariis
2941 4650 3207 4705 duntaxat
3231 4650 3475 4724 [causis]

1886 4748 2026 4801 inter
2056 4745 2482 4811 consentientes,
2516 4759 2620 4798 non
2662 4754 2844 4799 autem
2897 4744 3062 4799 etiam
3112 4744 3312 4799 invitos
3348 4743 3465 4798 clli-

1885 4841 2085 4895 caciter
2113 4820 2657 4909 episcopus'judicct.
2684 4837 2749 4891 Et
2772 4847 2950 4892 const.
2983 4838 3035 4911 8,
3066 4836 3208 4906 quod
3249 4836 3471 4906 cpisco-

1885 4948 2079 5003 porum
2110 4932 2381 5000 judicium
2429 4940 2606 4985 ratum
2656 4931 2729 4985 sit
2760 4931 2900 4985 inter
2934 4946 3027 4985 eos
3059 4930 3151 4999 qui
3181 4929 3326 4995 ipsos
3356 4927 3467 4981 elco

1885 5022 2085 5092 geriut,
2119 5036 2183 5076 ac
2212 5020 2392 5075 simile
2419 5020 2491 5075 sit
2528 5019 2905 5089 praefectorum
2943 5019 3302 5079 sententiis,.a
3340 5013 3473 5085 qui-

1887 5113 1989 5167 bus
2024 5127 2324 5183 provocare
2354 5126 2465 5166 non
2492 5100 2653 5165 licet.
2684 5109 2747 5164 Et
2791 5110 2969 5164 co‘nst.
3010 5109 3103 5173 15,.
3127 5107 3270 5176 quod
3313 5114 3467 5159 actor

1886 5202 2097 5269 volens,
2124 5211 2177 5256 at
2211 5216 2320 5257 non
2353 5203 2516 5257 etiam
2545 5203 2772 5265 invitus,
2805 5201 2946 5270 apud
2977 5202 3291 5269 episcopum
3318 5197 3474 5251 Con-

1887 5293 2273 5363 stantinopolis
2304 5294 2398 5348 lite
2436 5295 2614 5364 pulset
2643 5307 3013 5356 oeconomum,
3053 5298 3146 5344 aut
3183 5290 3320 5343 alios
3345 5290 3476 5357 ejus

1887 5370 2139 5446 clericos,
2174 5382 2289 5439 sive
2320 5380 2585 5437 adversus
2614 5372 2784 5451 ipsos,
2818 5372 2933 5435 sive
2982 5378 3244 5433 adversus
3277 5376 3465 5433 Eccle-

1887 5474 2023 5528 siam
2059 5472 2381 5545 [actionem]
2413 5474 2626 5529 habeat.
2655 5472 2716 5526 Et
2737 5472 2826 5537 29,
2849 5470 3070 5526 constit.
3095 5468 3262 5523 Nemo
3290 5472 3475 5538 prima:

1892 5566 2007 5621 vice
2040 5566 2183 5636 apud
2216 5565 2602 5635 patriarcham,
2651 5565 2743 5621 sed
2787 5564 3101 5633 episcopum
3137 5561 3464 5617 suumccle-

1890 5659 2068 5713 ricum
2101 5666 2355 5714 accusato
2377 5675 2403 5726 ',
2426 5657 2472 5713 si
2523 5665 3013 5725 vero,suspet-tum
3056 5654 3206 5709 illum
3242 5652 3468 5719 haheat,
