3912 6244
345 197 450 262 ἾΗ

1464 184 1722 245 ΡΙῙΟΤΙΙ
1758 179 2260 243 ΡΑΤΒΙΑΒΟΗᾸΞ
2299 180 2408 240 CP.

3493 180 3601 243 712

353 312 495 383 apud
523 303 1021 378 metropolitanum.
1049 301 1152 369 Qui
1184 300 1228 353 si
1260 313 1477 368 quoque
1509 306 1793 365 suspectus
1824 293 1916 356 sit,

2035 290 2156 360 πρὸς
2172 290 2334 342 αὐτὸν
2358 287 2612 351 ὑπόπτως
2632 287 2765 358 ἔχει,
2779 286 2929 358 παρά
2949 258 3031 357 τῷ.
3047 286 3438 360 μητροπολίτῃ.
3459 291 3521 342 Ei
3543 294 3600 344 δὲ

350 408 562 476 oportet
584 414 709 454 cum
754 397 845 450 illo
878 394 1123 463 judicare
1170 392 1292 444 loco
1342 391 1510 442 totius
1566 386 1756 457 synodi
1807 396 1917 438 tres

352 498 654 555 secundum
704 487 1067 545 ordinationis
1108 484 1352 537 ordinem
1399 481 1704 549 primores:
1760 485 1813 532 et
1871 477 1918 530 si

346 588 608 662 judicatis
647 600 754 638 non
781 580 1182 650 acquieseatur,
1220 571 1412 646 [illius]
1450 580 1652 626 tractus
1686 569 1918 638 patriar-

348 660 506 739 cham
542 677 819 739 advocari,
854 684 1013 740 atque
1054 682 1307 737 tanquam
1359 667 1475 735 ipse
1508 663 1576 717 ab
1611 660 1766 715 initio
1790 674 1918 713 cau-

351 791 468 830 sam
511 770 877 841 cognovisset,
921 764 1039 833 ejus
1073 758 1331 831 judicatis
1384 753 1766 823 obtemperari.
1798 748 1916 802 Non

347 866 491 921 enim
518 860 948 933 patriarcharum
983 851 1263 908 sententia:
1310 847 1751 918 provocationem
1783 841 1920 895 rcci-

351 957 525 1025 piunt.
572 952 715 1006 Idem
755 950 919 1002 etiam
953 946 1016 999 de
1046 943 1112 997 iis
1150 941 1243 1010 qui
1275 941 1563 1009 episcopos
1612 935 1665 988 in
1694 933 1787 1003 jus
1825 945 1921 983 vo-

351 1054 477 1102 cant
510 1041 821 1115 [dicendum
856 1035 984 1108 est].

422 1136 574 1190 Licet
606 1140 786 1185 autem
817 1143 846 1182 a
876 1124 1181 1196 patriarcha
1229 1130 1434 1192 petere,
1464 1127 1525 1173 ut
1564 1132 1660 1186 per
1706 1115 1920 1167 litteras

352 1241 483 1282 suas
508 1219 935 1293 controversiam
974 1215 1245 1285 episc0pis
1288 1211 1642 1298 tr‘ansmittat,
1680 1214 1735 1259 et
1780 1200 1919 1274 [ille]

352 1334 448 1388 pro
480 1315 742 1386 sportulis
774 1329 881 1365 non
917 1312 1038 1380 plus
1062 1321 1224 1378 quam
1258 1296 1493 1375 quatuor
1523 1300 1750 1369 siliquas
1775 1315 1787 1350 :
1809 1296 1921 1349 cle-

353 1410 501 1464 ricus
532 1403 713 1479 [vero]
736 1402 827 1473 qui
852 1418 881 1455 a
901 1399 1206 1470 patriarcha
1223 1396 1390 1450 autad
1417 1391 1918 1457 metropolitanum,

352 1510 447 1555 aut
476 1498 568 1553 ubi
607 1498 898 1566 cpiscopus
940 1492 1217 1559 delegatus
1270 1485 1454 1547 fuerit,
1509 1481 1763 1543 mittitur,
1809 1492 1920 1530 non

351 1595 474 1664 plus
502 1606 665 1661 quam
690 1604 782 1642 sex
816 1584 1019 1639 solidos
1045 1580 1277 1647 accipit:
1313 1573 1524 1648 [idque]
1557 1574 1610 1625 in
1641 1570 1920 1638 cujusmo-

351 1663 624 1751 dicuntque
654 1694 816 1733 causa
841 1686 893 1729 et
924 1668 1197 1747 [summm]
1229 1667 1550 1738 quantitate.
1570 1663 1733 1716 Audit
1760 1663 1921 1715 etiam

352 1774 660 1846 patriarcha
691 1767 1106 1839 provocationes
1144 1759 1259 1832 [ab]
1292 1757 1560 1831 episcopis
1594 1763 1685 1807 aut
1718 1760 1925 1805 metro-

356 1840 633 1937 politanis,
652 1862 744 1931 qui
766 1875 833 1913 ex
858 1858 1028 1927 ipsius
1056 1854 1311 1907 mandato
1328 1849 1663 1918 judicarnnt,
1685 1840 1924 1916 [factas].

354 1959 460 2025 Qui
486 1972 613 2011 vero
635 1962 825 2009 contra
856 1952 969 2004 hinc
1012 1946 1222 2007 fecerit,
1248 1942 1391 2012 quod
1423 1940 1652 2003 amplius
1678 1945 1926 1991 exactum

355 2060 459 2116 est,
486 2045 652 2122 [ejus]
678 2046 901 2113 duplum
931 2041 1043 2102 dat,
1063 2037 1220 2108 24],
1249 2037 1471 2103 haecque
1492 2029 1617 2103 [iili]
1643 2045 1673 2081 a
1698 2029 1931 2097 patriar-

358 2145 461 2199 cha
489 2118 586 2194 aut
607 2135 1025 2205 metropolitano
1049 2127 1420 2192 ecclesiastica
1446 2136 1604 2192 poena
1642 2118 1926 2185 inﬂigitur,

357 2244 420 2288 ut
456 2241 609 2287 extra
640 2203 1041 2282 ecclesiasticos
1076 2216 1353 2285 catalogos
1407 2212 1679 2282 ejiciatur.
1706 2203 1928 2279 [Atque]

358 2328 477 2380 haec
529 2321 772 2393 quidem,
826 2314 1047 2385 quando
1082 2307 1455 2365 controversia
1499 2300 1929 2358 ecclesiasticum

359 2427 561 2474 statum
597 2410 902 2468 concernit.
928 2406 997 2459 At
1026 2403 1071 2458 si
1095 2401 1273 2456 civilis
1304 2400 1395 2461 sit,
1441 2411 1548 2450 non
1586 2395 1797 2463 cogitur
1842 2405 1932 2443 ac-

360 2522 447 2567 tor
477 2518 572 2562 aut
593 2510 882 2561 accusator
911 2500 1025 2553 haec
1045 2492 1357 2550 custodire:
1380 2490 1473 2544 sed
1498 2488 1640 2556 apud
1672 2482 1930 2555 praesides

360 2599 643 2655 movenda:
664 2587 939 2666 [actionis]
969 2586 1282 2641 facultatem
1318 2580 1499 2633 habet.
1531 2577 1721 2631 Const.
1750 2582 1931 2627 autem

359 2695 417 2757 4,
444 2665 689 2758 ejusdem
737 2684 821 2737 tit.
875 2677 1218 2732 Novellarum
1267 2672 1377 2726 ait:
1417 2668 1473 2722 Si
1505 2666 1626 2736 quis
1670 2665 1931 2718 adversus

361 2756 622 2835 clericum
658 2772 928 2827 actionem
955 2763 1331 2836 pecuniariam
1366 2759 1580 2819 habeat,
1616 2756 1931 2823 episcopum

361 2873 465 2927 sub
498 2883 606 2939 quo
631 2865 720 2919 ille
758 2869 1035 2922 censetur,
1068 2852 1427 2921 interpellalo.
1471 2848 1518 2902 ls
1556 2861 1663 2899 non
1695 2845 1933 2897 interve-

361 2934 546 3019 niente
585 2960 855 3026 scriptura
889 2952 1022 3005 citra
1056 2942 1245 3020 [ullos]
1286 2950 1537 3011 sumptus
1565 2938 1829 3007 judicato.
1868 2934 1935 2988 Et

363 3057 411 3111 si
445 3061 628 3124 partes
657 3048 843 3111 velint,
878 3042 1145 3099 sententia
1183 3039 1237 3091 in
1270 3037 1479 3090 litteras
1537 3030 1789 3086 refertur.
1828 3026 1933 3081 Ve-

364 3165 485 3204 rum
533 3146 577 3201 si
612 3152 832 3215 propter
865 3140 1104 3208 aliquam
1136 3148 1359 3189 causam
1396 3131 1685 3200 episcopus
1715 3136 1937 3182 contro-

362 3239 597 3295 versiam
629 3233 880 3290 decidere
911 3245 1015 3283 non
1054 3228 1268 3298 possit,
1301 3232 1434 3279 tunc
1467 3222 1696 3277 servatis
1721 3220 1936 3274 clericis

364 3329 530 3406 [suis]
571 3325 869 3398 privilegiis
914 3320 1056 3391 apud
1108 3315 1346 3389 [civiles]
1381 3315 1732 3384 magistratus
1767 3311 1832 3365 lis
1864 3312 1941 3363 in-

366 3403 635 3482 stituitur.
674 3420 743 3474 At
791 3418 837 3473 si
896 3418 962 3471 de
1018 3412 1342 3469 criminibus
1389 3417 1687 3478 quaeratur,
1728 3414 1781 3458 et
1830 3403 1937 3457 illis

365 3518 586 3587 quidem
618 3510 889 3573 civilibus,
915 3502 1149 3577 [civiles]
1191 3501 1541 3570 magistratus
1591 3506 1646 3551 et
1692 3494 1936 3565 Byzantii

365 3615 421 3660 et
455 3607 508 3657 in
540 3598 836 3671 provinciis
867 3596 1113 3665 judicant
1138 3612 1150 3647 :
1178 3592 1264 3663 [ut
1303 3587 1505 3660 tamen]
1538 3588 1605 3643 lis
1658 3595 1779 3655 post
1804 3600 1939 3638 cou-

369 3695 710 3751 testatiouem
758 3689 897 3742 duos
941 3700 1159 3740 menses
1206 3698 1314 3736 non
1356 3679 1721 3735 transcendat.
1773 3678 1838 3730 Et
1891 3675 1939 3730 si

368 3787 598 3843 clericus
629 3796 789 3853 paena
852 3778 1049 3848 dignus
1111 3772 1274 3845 [esse]
1329 3772 1595 3833 videatur,
1645 3768 1798 3837 prius
1845 3780 1940 3836 per

368 3880 684 3948 episcopum
726 3886 882 3927 sacra
912 3868 1174 3938 dignitate
1208 3866 1465 3928 nudatur,
1490 3877 1554 3935 ac
1587 3860 1782 3915 deinde
1806 3858 1940 3929 legis

371 3968 627 4025 manibus
668 3963 977 4032 subjicitur.
1014 3957 1158 4013 Sane
1206 3958 1252 4011 si
1297 3957 1555 4010 delictum
1607 3952 1937 4008 ecclesiasti-

371 4076 495 4118 cum
535 4060 629 4125 sit,
663 4054 963 4111 secundum
993 4066 1252 4117 canones,
1284 4064 1423 4119 quos
1468 4048 1612 4116 leges
1647 4047 1811 4100 etiam
1852 4061 1941 4098 sc-

370 4164 638 4225 quuntur,
667 4146 1231 4219 episcopusjudicato,
1256 4160 1353 4199 nec
1378 4144 1673 4214 cognitioni
1703 4138 1937 4215 [civiles]

374 4246 720 4315 magistratus
751 4236 859 4312 [se]
886 4239 1250 4291 immiscento.
1275 4236 1342 4289 Et
1366 4242 1542 4288 const.
1576 4232 1663 4293 15,
1694 4229 1937 4300 ejusdem

374 4341 458 4391 ti‘t.
488 4337 591 4401 Qui
626 4331 845 4405 (inquit)
874 4331 1134 4384 adversus
1183 4327 1512 4382 monachum
1559 4328 1815 4397 aliquem,
1848 4331 1941 4376 aut
1974 4346 2015 4400 ι)

373 4435 748 4483 consecratam
799 4424 1084 4493 virginem,
1142 4430 1236 4474 aut
1290 4421 1575 4474 mulierem
1610 4420 1944 4473 monasterio

375 4521 763 4586 mancipatam,
802 4511 1121 4586 [actionem]
1184 4511 1381 4566 habet:
1435 4513 1679 4581 ipsorum
1734 4511 1940 4577 episco-

376 4628 503 4685 pum
536 4609 798 4664 accedito.
822 4609 870 4662 ls
897 4622 1025 4659 vero
1061 4607 1211 4659 illum
1242 4617 1335 4659 aut
1356 4606 1501 4659 illam
1538 4621 1632 4674 per
1660 4604 1945 4675 praesules,

376 4703 782 4774 apocrisiarius,
841 4700 1046 4754 aliosve
1100 4697 1395 4770 [homines]
1458 4696 1657 4767 probos
1722 4696 1948 4749 honeste

378 4794 682 4868 perducito,
716 4790 988 4864 [causam]
1032 4807 1139 4861 que
1172 4791 1536 4845 considerato.
1580 4787 1683 4855 Qui
1722 4783 1944 4859 [civilis]

378 4887 731 4956 magistratus
756 4882 907 4955 [huic
936 4880 1040 4949 rei]
1065 4896 1122 4935 se
1163 4881 1468 4934 immiscere
1503 4878 1811 4941 teutaverit,
1840 4891 1946 4930 non

377 4979 700 5041 admittitur,
732 4987 785 5031 et
815 4994 921 5030 una
950 4990 1072 5031 cum
1134 4977 1358 5030 cohorte
1413 4989 1512 5028 sua
1556 4975 1740 5028 decem
1793 4972 1949 5027 libris

380 5069 545 5145 [auri]
583 5071 713 5123 ﬁsco
744 5067 1089 5141 [inferendis]
1122 5069 1403 5122 multatur.
1428 5066 1791 5122 Exsecutores
1818 5081 1948 5121 vero

378 5167 430 5217 in
463 5163 733 5217 cancellos
769 5161 1139 5225 includuntur,
1169 5170 1222 5213 et
1249 5175 1347 5229 pro
1376 5160 1570 5213 incrito
1597 5158 1757 5230 242
1785 5158 1947 5213 casti-

378 5265 593 5326 gantur,
635 5262 797 5322 atque
832 5268 927 5321 per
968 5254 1250 5321 episcopos
1278 5252 1359 5321 _de
1403 5252 1614 5321 reliquo
1658 5264 1945 5307 exsecuto-

379 5361 496 5399 rum
526 5344 702 5398 ofﬁcio
731 5344 879 5413 [ιιιιεί
909 5344 1280 5413 prohibentur.

449 5434 607 5489 Scias
653 5450 798 5498 vero,
844 5434 989 5504 quod
1020 5441 1195 5488 const.
1245 5435 1301 5499 2,
1334 5433 1576 5503 ejusdem
1618 5437 1700 5491 tit.
1739 5438 1790 5503 1,
1824 5455 1947 5508 qua:

379 5528 573 5581 barum
610 5528 855 5581 omnium
892 5527 1227 5580 validissima
1260 5536 1362 5591 est,
1393 5536 1577 5596 utpote
1608 5546 1729 5599 qum
1760 5544 1948 5600 poste-

381 5617 496 5676 ritts
525 5626 648 5672 nata
677 5616 768 5684 sit,
800 5616 945 5671 dicat
973 5633 990 5673 :
1024 5614 1081 5670 Si
1112 5617 1234 5687 quis
1269 5618 1582 5688 episcopum
1628 5631 1721 5675 aut
1753 5623 1945 5679 Cleri--

2017 383 2266 443 κάκεῖνος
2325 379 2565 441 ὕποπτός
2618 380 2770 441 ἐστι,
2826 379 2907 430 δεῖ
2958 378 3293 440 συνδικάζειν
3340 379 3491 449 αὑτῷ
3535 381 3601 432 ἐκ

2016 457 2307 543 προσώπου
2350 473 2447 540 τῆς
2487 470 2614 540 ὅλης
2664 470 2883 523 συνόδου
2932 472 3081 541 τρεῖς
3137 470 3262 532 τοὺς
3312 470 3454 521 κατὰ
3500 470 3603 536 τὴν

2016 562 2166 626 τάξιν
2197 563 2295 630 τῆς
2318 561 2652 632 χειροτονίας
2677 563 3082 631 πρωτεύοντας·
3132 561 3227 611 καὶ
3255 559 3304 611 εἰ
3339 558 3413 628 μὴ
3443 576 3531 610 στε
3542 576 3602 629 ρ-

2016 656 2117 724 χοῇ
2159 654 2228 705 τὰ
2258 653 2586 723 κεκριμένα,
2622 654 2713 705 τὸν
2754 654 2848 722 τῆς
2890 654 3211 721 διοικήσεως
3253 652 3602 720 πατριάρχην

2018 742 2412 808 ἐπικαλεῖσθαι,
2443 744 2538 795 καὶ
2566 746 2676 806 τοῖς
2699 744 2829 813 παρ’
2854 742 3018 795 αὐτοῦ
3050 742 3399 811 κεκριμένοις
3426 742 3603 810 ἐμμέ-

2016 853 2149 901 νειν,
2180 835 2254 898 ὡς
2303 835 2367 888 ἂν
2414 835 2463 886 ει
2490 834 2549 900 ἐξ
2590 834 2768 904 ἀρχῆς
2807 834 2966 897 αὐτὸς
3010 834 3282 887 ἐδίκασεν·
3317 832 3440 884 οὐδὲ
3488 833 3600 901 γὰρ

2018 926 2371 980 ἐκκαλοῦνται
2399 925 2456 979 αἱ
2488 924 2599 976 τῶν
2627 923 2980 995 πατριαρχῶν
3013 923 3206 993 ψῆφοι·
3236 923 3297 975 τὸ
3338 923 3470 976 αὖτό
3502 922 3602 974 καὶ

2019 1018 2146 1087 περὶ
2178 1016 2284 1069 τῶν
2317 1019 2425 1077 τοῖς
2454 1015 2775 1078 ἐπισκόποις
2809 1015 3134 1082 ἐναγόντων.

2095 1107 2310 1171 Ἔξεστι
2342 1107 2397 1159 δὲ
2431 1106 2582 1175 παρὰ
2612 1105 2692 1173 τῷ
2727 1106 3038 1176 πατριάρχῃ
3084 1105 3400 1168 αἰτιᾶσθαι,
3436 1104 3522 1172 ἐφ’
3556 1096 3603 1172 ᾧ

2018 1199 2104 1251 διὰ
2146 1198 2487 1267 γραμμάτων
2538 1194 2700 1248 αὑτοῦ
2740 1194 2838 1265 τὴν
2888 1195 3143 1247 ὑπόθεσιν
3182 1196 3465 1263 ἐπισκόπῳ
3491 1212 3603 1246 πα-

2024 1288 2432 1357 ραπεμφθῆναι·
2465 1289 2558 1340 καὶ
2581 1290 2641 1339 οὐ
2673 1285 2834 1338 πλέον
2855 1286 3138 1355 τεσσάρων
3159 1286 3431 1355 κερατίων
3457 1284 3605 1353 ὑπὲρ

2021 1379 2364 1447 σπορτούλων
2402 1377 2670 1446 λαμϐάνει
2699 1379 2726 1429 ὁ
2773 1375 2925 1446 παρὰ
2965 1377 3305 1447 πατριάρχου
3336 1377 3367 1445 ἢ
3402 1391 3607 1445 μητροο

2021 1470 2237 1522 πολίτου
2269 1469 2622 1539 πεμπόμενος
2669 1466 2950 1537 κληρικός·
2992 1466 3024 1536 ἢ
3063 1465 3191 1519 ἔνθα
3239 1468 3266 1517 6
3302 1465 3607 1527 ἐπίσκοπος

2020 1564 2048 1615 6
2085 1561 2355 1631 πεμφθεὶς
2387 1561 2471 1631 εἴη
2497 1600 2511 1625 ,
2543 1560 2603 1613 οὐ
2635 1559 2795 1611 πλέον
2825 1559 2934 1610 τῶν
2972 1558 3031 1622 ἓξ
3061 1558 3168 1612 λιτ.
3197 1559 3283 1626 ἐφ’
3310 1557 3606 1627 οἱᾳδήποτε

1959 1647 1998 1702 Β
2025 1652 2175 1721 αἰτία
2206 1651 2239 1720 ἢ
2293 1652 2572 1721 ποσότητι.
2618 1649 2678 1702 Ὃ
2722 1649 2777 1700 δὲ
2811 1648 3154 1717 πατριάρχης
3199 1648 3466 1716 ἀκροᾶται
3498 1644 3605 1713 τῆς

2025 1744 2322 1812 ἐκκλησίας
2384 1745 2584 1799 τούτων
2616 1740 2673 1806 ἐξ
2716 1738 3019 1809 ἐπιτροπῆς
3067 1737 3231 1791 αὐτοῦ
3262 1737 3608 1789 δικασάντων

2025 1831 2402 1902 ἐπισκόπωνῆ
2442 1830 2875 1902 μητροπολιτῶν·
2929 1833 2957 1883 6
3005 1829 3156 1898 παρὰ
3202 1827 3377 1881 ταῦτα
3411 1826 3605 1887 ποιῶν,

2025 1918 2246 1973 διπλοῦν
2287 1920 2473 1972 δίδωσι
2506 1920 2567 1971 τὸ
2613 1917 3020 1988 ὑπερπραχθέν,
3060 1917 3153 1969 καὶ
3194 1916 3403 1985 γίνεται
3452 1914 3609 1984 παρά

2026 2010 2124 2064 τοῦ
2156 2011 2493 2081 πατριάρχου
2527 2009 2559 2080 ἢ
2607 2008 2701 2061 τοῦ
2738 2008 3131 2079 μητροπολίτου
3167 2007 3272 2059 ὑπὸ
3310 2006 3608 2074 ἐκκλησια-

2030 2102 2212 2154 στικὸν
2237 2102 2532 2171 ἐπιτίμιον,
2564 2100 2961 2169 ἐκϐαλλόμενος
2990 2100 3100 2152 τῶν
3130 2097 3609 2170 ἐκκλησιαστικῶν

2028 2192 2360 2260 καταλόγων·
2398 2191 2572 2244 ταῦτα
2628 2191 2727 2260 μὲν
2775 2190 2903 2242 ἔνθα
2958 2191 3093 2259 πρὸς
3141 2189 3609 2259 ἐκκλησιαστικὴν

2029 2284 2130 2352 ὁρᾷ
2158 2280 2219 2334 τὸ
2267 2283 2501 2350 πρᾶγμα
2535 2281 2903 2333 κατάστασιν·
2956 2280 3091 2331 εἰδὲ
3149 2278 3399 2347 πολιτικὴ
3448 2280 3535 2348 εἴη
3575 2279 3608 2343 ὴ

2031 2373 2444 2444 ἀμφισϐήτησις
2467 2412 2482 2437 ,
2529 2371 2630 2423 οὐκ
2660 2368 3026 2437 ἀναγκάζεται
3053 2372 3081 2423 6
3117 2371 3324 2438 ἐνάγων
3351 2370 3386 2441 ἢ
3413 2371 3443 2421 6
3476 2387 3613 2422 κατ-

2032 2464 2253 2535 ηγορῶν
2297 2461 2471 2541 ταῦτα
2525 2461 2833 2529 φυλάττειν,
2889 2458 3004 2513 ἀλλ’
3057 2460 3239 2514 ἄδειαν
3292 2462 3405 2530 ἔχει
3458 2459 3611 2532 παρὰ

2032 2558 2146 2618 τοῖς
2181 2556 2411 2625 ἄρχουσι
2440 2556 2631 2606 κινεῖν·
2664 2555 2696 2622 ἡ
2730 2553 2785 2604 δέ
2812 2553 2953 2606 διάτ.
2985 2549 3026 2605 δ’
3048 2553 3142 2605 τοῦ
3176 2553 3339 2605 αὑτοῦ
3366 2552 3467 2605 τίτ.
3498 2553 3612 2606 τῶν

2033 2648 2260 2719 Νεαρῶν
2305 2661 2495 2715 φησιν,
2542 2645 2627 2697 ὅτι
2666 2644 2761 2696 ἐάν
2809 2660 2891 2705 τις
2922 2643 3020 2714 ἔχῃ
3066 2643 3223 2713 δίκην
3258 2644 3612 2713 χρηματικὴν

2032 2739 2168 2809 πρὸς
2212 2737 2490 2807 κληρικὸν,
2543 2734 2917 2804 ἐντυγχανέτω
2960 2732 3040 2803 τῷ
3087 2735 3370 2803 ἐπισκόπῳ
3417 2734 3506 2801 ὑφ’
3554 2735 3615 2787 ὃν

2006 2831 2176 2883 τελεῖ
2202 2831 2229 2882 6
2268 2829 2615 2897 ἐναγόμενος,
2653 2828 2749 2879 καὶ
2781 2826 3042 2896 ἀγράφως
3072 2825 3306 2895 κρινέτω
3334 2826 3613 2895 ἀζημίως·

2034 2921 2129 2972 καὶ
2160 2920 2207 2970 εί
2245 2917 2523 2986 βούλονται
2553 2915 2622 2968 τὰ
2661 2915 2823 2984 μέρη,
2862 2915 3073 2982 γίνεται
3104 2915 3283 2985 ψῆφος
3309 2916 3610 2984 ἔγγραφος,

1957 2999 2002 3060 C
2036 3011 2098 3062 Ei
2125 3008 2182 3060 δέ
2210 3007 2351 3059 κατά
2373 3023 2494 3059 τινα
2520 3006 2793 3075 πρόφασιν
2815 3005 2873 3056 οὐ
2901 3005 3126 3057 δύναται
3141 3008 3329 3074 τεμεῖν
3350 3005 3447 3076 τὴν
3478 3006 3616 3060 ὑπό-

2035 3099 2181 3149 Θεσιν
2207 3099 2234 3148 6
2266 3096 2585 3159 ἐπίσκοπος,
2633 3094 2752 3148 τότε
2790 3093 2940 3164 παρὰ
2987 3096 3099 3156 τοῖς
3133 3096 3391 3165 ἄρχουσιν
3422 3097 3454 3161 ἡ
3487 3095 3613 3164 δίκη

2034 3188 2273 3256 λέγεται,
2335 3187 2757 3255 φυλαττομένων
2801 3189 2909 3249 τοῖς
2965 3184 3247 3255 κληρικοίς
3273 3187 3380 3237 τῶν
3424 3203 3619 3255 προνο-

2039 3286 2196 3351 μίων.
2228 3281 2289 3334 Ei
2321 3280 2379 3333 δὲ
2408 3280 2537 3348 περὶ
2561 3279 2925 3348 ἐγκλημάτων
2967 3280 3229 3348 ζητεῖται,
3258 3281 3304 3329 εί
3334 3278 3431 3346 μὲν
3462 3278 3619 3330 πολι-

2034 3370 2223 3434 τικῶν,
2257 3370 2306 3421 οἱ
2336 3368 2595 3438 ἄρχοντες
2636 3368 2946 3431 δικάζουσιν
2978 3367 3036 3419 ἐν
3079 3365 3157 3436 τῷ
3210 3366 3489 3435 Βυζαντίῳ
3520 3367 3617 3419 καὶ

2036 3464 2154 3524 ταῖς
2198 3460 2524 3529 ἐπαρχίαις,
2569 3459 2667 3528 τῆς
2713 3458 2867 3527 δίκης
2919 3457 3057 3527 μετὰ
3110 3456 3482 3527 προκάταρξιν
3537 3457 3613 3526 μὴ

2038 3551 2470 3622 ὑπερϐαινούσης
2514 3550 2609 3602 δύο
2657 3550 2863 3618 μῆνας·
2921 3551 3017 3600 καὶ
3067 3548 3161 3599 ἐὰν
3214 3550 3355 3617 φανῇ
3417 3549 3614 3617 ποινῆς

2037 3645 2185 3708 ἄξιος
2214 3643 2243 3694 6
2272 3628 2545 3712 ¹κληρικὸς
2572 3680 2589 3705 ,
2624 3641 2889 3710 πρότερον
2922 3637 3244 3708 γυμνούσθω
3266 3638 3353 3691 διὰ
3375 3638 3470 3691 τοῦ
3499 3639 3621 3689 ἐπι-

2041 3736 2243 3787 σκόπου
2295 3731 2394 3801 τῆς
2457 3731 2736 3800 ἱερατικῆς
2785 3730 2959 3795 ἀξίας,
3000 3730 3093 3781 καὶ
3136 3728 3307 3789 οὕτως
3363 3729 3469 3781 ὑπὸ
3519 3729 3622 3791 τὰς

2038 3827 2226 3895 χεῖρας
2265 3821 2501 3890 γινέσθω
2529 3819 2621 3873 τοῦ
2667 3820 2854 3890 νόμου·
2888 3820 2936 3872 εί
2981 3819 3037 3871 δέ
3070 3819 3131 3870 τὸ
3162 3818 3469 3888 ἁμάρτημα
3522 3822 3620 3870 ἐκ-

2040 3912 2422 3982 κλησιαστικὸν
2456 3911 2623 3973 ἐστιν,
2655 3912 2683 3963 6
2717 3909 3010 3972 ἐπίσκοπος
3053 3912 3285 3978 κρινέτω
3314 3910 3450 3961 κατὰ
3491 3910 3622 3972 τοὺς

2040 4006 2267 4067 κανόνας
2294 4046 2309 4069 ,
2340 3997 2535 4055 οἷστισι
2564 4003 2657 4055 καὶ
2701 4002 2749 4054 οἱ
2794 4002 2946 4070 νόμοι
2976 4001 3223 4057 ἕπονται.
3254 4002 3361 4053 Καὶ
3395 4001 3470 4070 μὴ
3500 4004 3624 4053 ἐπι-

2042 4095 2468 4149 κοινωνείτωσαν
2492 4094 2541 4146 οἱ
2564 4095 2819 4164 ἄρχοντες
2848 4097 2913 4165 τῇ
2939 4093 3186 4165 ζητήσει·
3217 4096 3311 4147 καλ⁵
3336 4096 3368 4163 ἡ
3396 4100 3456 4146 ιε’
3477 4094 3623 4153 διάτ.

2041 4182 2135 4236 τοῦ
2184 4183 2349 4237 αὐτοῦ
2380 4183 2501 4251 τίτ.
2532 4184 2718 4253 φησιν,
2760 4183 2843 4235 ὅτι
2892 4186 2919 4235 ὀ
2973 4184 3112 4254 ἔχων
3166 4184 3299 4253 πρός
3351 4201 3470 4237 τινα
3511 4186 3626 4237 τῶν

2042 4273 2372 4344 ἀσκητῶν,ἦ
2410 4272 2691 4344 παρθένων
2712 4274 3044 4344 ἱερωμένων,
3076 4276 3109 4334 ἢ
3140 4275 3414 4342 γυναικῶν
3439 4278 3623 4330 οὐσῶν

2049 4368 2104 4417 ἐν
2138 4364 2540 4435 μοναστηρίοις,
2570 4363 2646 4435 τῷ
2664 4366 2945 4435 ἐπισκόπῳ
2976 4366 3157 4417 αὐτῶν
3186 4367 3445 4437 προσίτω.
3477 4367 3538 4421 '0
3567 4369 3627 4421 δὲ

2051 4456 2187 4525 μετά
2222 4458 2550 4526 σεμνότητος
2594 4457 2755 4508 αὑτὸν
2807 4458 2840 4526 ἢ
2891 4457 3059 4527 αὐτὴν
3098 4459 3353 4527 ἁγαγέτω
3396 4460 3484 4513 διὰ
3516 4461 3627 4514 τῶν

2048 4548 2384 4619 ἡγουμένων,
2434 4548 2467 4620 ἧ
2500 4549 2605 4601 τῶν
2648 4550 3110 4619 άποκρισιαρίων,
3145 4551 3177 4621 ἢ
3213 4553 3417 4619 ἐτέρων
3452 4554 3629 4606 ἐπιει-

2046 4641 2181 4704 κῶς,
2211 4641 2304 4691 καὶ
2332 4638 2622 4691 σκοπείτω·
2660 4638 2846 4709 ἄρχων
2875 4639 2932 4692 δέ
2960 4639 3300 4709 πειρώμενος
3332 4645 3629 4713 παρεμϐα-

2046 4734 2156 4786 λεῖν
2185 4732 2399 4799 ἑαυτὸν,
2442 4732 2743 4801 διαδέχεται
2787 4733 2880 4785 καὶ
2924 4732 3217 4802 ζημιοῦται
3258 4733 3335 4802 τῷ
3380 4736 3561 4805 φίσκῳ
3598 4742 3630 4788 ι’

2047 4826 2256 4896 λίτρας,
2279 4825 2395 4894 ἆμα
2411 4826 2473 4895 τῇ
2492 4822 2655 4876 αὐτοῦ
2678 4823 2846 4887 τάξει·
2866 4824 2915 4876 οί
2936 4824 2995 4877 δὲ
3019 4824 3340 4878 ἐκϐιϐασταὶ
3356 4824 3632 4893 ἐγκλείον-

2048 4935 2137 4970 ται
2188 4918 2269 4979 εἰς
2306 4916 2367 4968 τὸ
2419 4913 2740 4983 κάγκελλον,
2791 4917 2884 4968 καὶ
2927 4916 3309 4987 προσηκόντως
3357 4919 3629 4987 σωφρονί-

2050 5012 2253 5077 ζονται,
2287 5012 2381 5065 καὶ¹
2403 5012 2491 5065 διὰ
2512 5010 2621 5065 τῶν
2649 5012 2963 5066 ἐπισκόπων
2988 5012 3288 5068 κωλύονται
3312 5013 3407 5066 τοῦ
3436 5015 3630 5069 λοιποῦ

2051 5103 2385 5167 ἐκϐιϐάζειν.

2119 5447 2358 5501 Γίνωσκε
2392 5448 2449 5502 δὲ
2469 5489 2484 5514 ,
2516 5449 2598 5503 ὅτι
2639 5452 2673 5519 ἡ
2706 5448 2752 5520 β’
2779 5449 2919 5505 διάτ.
2967 5448 3062 5503 τοῦ
3094 5450 3257 5503 αὐτοῦ
3287 5457 3334 5503 α’
3363 5456 3470 5509 τὶτ.
3504 5455 3633 5508 τού-

2048 5557 2154 5591 των
2188 5539 2374 5593 πασῶν
2407 5542 2725 5613 ἰσχυροτέρα
2757 5541 2911 5607 οὖσα,
2937 5542 3012 5605 ὡς
3043 5543 3133 5595 καὶ
3165 5547 3627 5616 μεταγενεστέρα,

2050 5630 2312 5701 φησὶνβτι
2338 5633 2463 5687 Ἐάν
2488 5650 2570 5697 τις
2602 5633 2693 5686 τοῦ
2730 5633 3012 5705 μέλλοντος
3045 5637 3470 5706 χειροτονεῖσθαι
3498 5640 3627 5691 ἐπι-
