3912 6244
273 234 377 300 713

1098 245 1499 307 SYNTAGMA
1545 250 1934 314 CANONUM.
2000 283 2067 291 --
2116 260 2260 324 ΤΙΤ.
2318 265 2421 339 ΙΧ,
2474 268 2631 330 CAP.
2667 272 2718 333 Ι.

3318 263 3333 277 ’
3427 289 3533 355 7M

274 348 469 401 σκόπου
507 347 541 419 ἢ
577 350 843 422 κληρικοῦ
878 357 1228 429 κατηγορήσῃ
1272 359 1363 411 ἐπὶ
1390 360 1544 433 αἰτία
1569 360 1839 437 δυναμένῃ

274 437 404 474 νηνφᾶ
434 440 563 474 σηιξη·
603 441 803 474 uA..mm
834 443 866 474 ,ι
896 446 1023 474 ρετ...
1054 448 1284 474 ..-...ι....-
1318 452 1599 474 :_-_-1-r_-.-
1646 457 1702 474 ,ρ
1743 473 1747 474 ,
1787 473 1794 474 ,

1949 382 2074 425 cun:
2107 373 2198 441 qui
2227 375 2565 437 ordinandus
2599 390 2705 449 est,
2746 384 2815 442 de
2843 401 3009 447 causa
3044 390 3376 471 [quapiam],
3404 416 3526 474 qua:

269 437 405 490 κατὰ
434 440 563 503 τοὺς
603 441 803 511 νόμους
834 443 867 514 ἢ
896 446 1023 509 τοὺς
1054 448 1284 512 κανόνας
1316 452 1605 520 ἐμποδίσαι
1641 457 1705 525 τῇ
1740 473 1851 525 χει-

542 500 556 503 -
668 500 681 511 .
783 500 796 506 -
855 500 867 514 .
1003 500 1019 509 .
1200 500 1231 501 ρ
1264 500 1281 512 σ
1653 500 1705 525 τε,
1741 500 1824 525 κ.

245 500 512 601 “ροτονίᾳ,
550 532 835 604 ἐπεχέσθω
868 534 1036 607 αῦτη,
1073 540 1167 591 καὶ
1214 542 1242 592 6
1282 541 1492 608 μέλλων
1522 549 1849 614 χειροτονεῖν

266 619 564 684 ἐξεταζέτω
597 625 697 693 τὴν
731 626 931 689 αἰτίαν,
981 631 1248 701 παρόντος
1278 633 1371 685 καὶ
1403 634 1709 699 ἐπεξιόντος
1753 637 1848 691 τοῦ

247 688 592 783 κατηγόρου,
694 688 1133 789 ἀναϐαλλομένου
1184 688 1279 776 ἐπὶ
1310 728 1459 795 τρεῖς
1502 728 1679 797 μῆνας
1708 730 1848 801 πλη-

266 803 434 871 ρῶσαι
464 804 565 877 τὴν
607 810 965 879 κατηγορίαν
1017 812 1112 864 καὶ
1145 814 1193 866 εί
1226 813 1324 884 μὲν
1361 816 1652 883 ἀνεύθυνος
1682 825 1843 892 φανῇ,

264 898 697 967 χειροτονείσθω’
739 902 788 953 εί
825 901 881 953 δὲ
918 903 1252 972 ὑπεύθυνος,
1288 908 1681 977 ἐμποδιζέσθω’
1731 915 1759 965 6
1792 914 1846 967 δέ

261 989 569 1059 κατήγορος
614 992 688 1061 μὴ
736 992 1023 1058 ἀποδείξας
1076 996 1108 1065 ἢ
1150 997 1469 1066 ἀποφυγὼν,
1523 1001 1845 1056 ἐκϐάλλεται

259 1081 349 1149 τῆς
378 1081 651 1151 ἐπαρχίας
680 1084 737 1134 ἐν
832 1087 988 1137 οἰκεῖ·
1016 1087 1115 1156 τῆς
1142 1088 1197 1141 δὲ
1227 1092 1559 1160 χειροτονίας
1584 1094 1691 1165 πρὸ
1750 1096 1844 1160 ἐξ·

260 1171 497 1234 ετὰσεως
531 1174 824 1244 γινομένης
848 1216 863 1239 ,
898 1176 926 1227 6
964 1177 1063 1247 μὲν
1084 1182 1484 1249 χειροτονηθεὶς
1526 1184 1839 1249 ἐξωθεῖται·

256 1262 283 1313 6
309 1260 363 1313 δὲ
390 1264 805 1332 χειροτονήσας,
838 1266 933 1318 ἐπὶ
967 1268 1212 1321 ἐνιαυτὸν
1234 1269 1335 1338 τῆς
1361 1269 1704 1343 λειτουργίας
1735 1293 1842 1345 χω-

258 1351 461 1421 ρίζεται
489 1394 506 1419 ,
553 1354 649 1406 καὶ⁴
690 1356 839 1408 πᾶσα
888 1358 920 1427 ἡ
968 1357 1125 1410 οὐσία
1172 1360 1337 1413 αὑτοῦ
1390 1365 1455 1434 τῇ
1508 1366 1629 1418 κατ’
1679 1368 1841 1421 αὐτὸν

266 1445 569 1516 Ἐκκλησία
611 1449 1037 1517 προσκυροῦται·
1079 1450 1148 1504 τὰ
1191 1452 1329 1507 αὐτά
1377 1468 1510 1525 φησι
1559 1458 1651 1510 καὶ
1687 1460 1719 1530 ἡ
1773 1458 1838 1524 ιζ’

253 1536 388 1591 διάτ.
416 1537 517 1591 τοῦ
549 1537 715 1593 αὐτοῦ
755 1540 860 1595 τίτ.
904 1543 965 1594 οὐ
1010 1542 1171 1612 μόνον
1215 1546 1307 1597 ἐπὶ
1344 1549 1683 1618 χειροτονίας
1714 1554 1835 1605 ἐπι-

254 1629 471 1684 σκόπων
496 1632 592 1687 καὶ
621 1632 918 1703 κληρικῶν,
944 1634 1082 1689 ἀλλὰ
1106 1637 1197 1689 καὶ
1223 1640 1564 1710 ήγουμένωψ
1590 1644 1838 1699 διαλλάτ-

251 1738 325 1773 τει
358 1721 415 1774 δὲ
456 1722 713 1791 λέγουσα,
735 1724 836 1788 ὅτι,
875 1722 933 1777 'o
956 1726 1262 1797 κατήγορος
1289 1731 1364 1800 μὴ
1397 1731 1685 1797 ἀποδείξας
1719 1735 1834 1789 ἀλλ’
1871 1715 1914 1774 Β

248 1813 515 1879 ἀποστὰς,
538 1816 587 1867 εἰ
612 1815 709 1883 μὲν
726 1814 984 1886 κληρικός
1008 1816 1178 1881 ἐστιν,
1202 1818 1483 1882 ἐξωθεῖται
1505 1822 1599 1875 τοῦ
1623 1824 1832 1895 βαθμοῦ

248 1903 433 1956 αὐτοῦ·
457 1904 509 1956 si
534 1904 593 1957 δὲ
622 1904 827 1970 λαῖκὸς,
864 1908 1283 1977 σωφρονίζεταν
1317 1912 1409 1965 καὶ
1438 1914 1521 1966 ὅτι
1542 1917 1833 1988 γινομένης

248 1994 341 2064 τῆς
364 1999 716 2064 χειροτονίας
752 1995 859 2064 πρδ
880 1995 1182 2067 ζητήσεως,
1201 2003 1229 2053 6
1256 2006 1641 2073 χειροτονήσας
1670 2009 1765 2060 καὶ
1804 2011 1832 2062 6

246 2085 646 2157 χειροτονηθεὶς
668 2087 767 2157 τῆς
802 2088 1098 2158 ἱερωσύνης
1132 2091 1479 2155 ἐξωθοῦνται.
1503 2095 1566 2148 Ἡ
1592 2096 1649 2148 δὲ
1690 2098 1829 2167 αὑτὴ

215 2157 219 2160 ί
243 2176 382 2231 διάτ.
404 2175 503 2229 τοῦ
537 2176 585 2232 α’
613 2178 719 2231 τίτ.
740 2176 849 2231 τῶν
868 2157 1096 2248 Νεαρῶν
1113 2198 1295 2251 φησιν,
1317 2183 1419 2247 ὄτι,
1438 2185 1495 2239 Ὀ
1516 2184 1653 2257 ἔχων
1674 2157 1829 2259 δίκην

244 2269 383 2338 πρὸς
419 2268 702 2340 κληρικδν,
733 2270 766 2342 ἢ
815 2270 1183 2337 διακόνισσαν,
1229 2273 1264 2344 ἢ
1300 2277 1554 2346 μοναχὸν,
1585 2278 1619 2349 ἢ
1665 2280 1828 2349 μονά-

245 2374 455 2429 στριαν,
499 2358 532 2429 ἢ
568 2359 890 2431 ἀσκήτριαν,
925 2360 1003 2432 τῷ
1036 2363 1321 2434 ἐπισκόπῳ
1357 2366 1521 2418 αὑτοῦ
1560 2370 1823 2438 προσίτω,

243 2450 496 2511 κάκεῖνος
522 2450 781 2521 κρινέτω⁶
814 2454 909 2505 καὶ
946 2451 1042 2505 ἐὰν
1067 2454 1389 2527 ἐφησυχάσῃ
1425 2458 1591 2529 μέρος
1631 2461 1823 2515 ἑκάτε-

245 2558 353 2610 ρον,
388 2543 417 2595 6
451 2542 785 2614 ἐκϐιϐασμὸς
818 2543 905 2597 διὰ
954 2544 1048 2599 τοῦ
1082 2545 1342 2617 ἄρχοντος
1376 2551 1631 2617 γινέσθω.
1675 2555 1736 2607 Εἰ
1766 2557 1823 2609 δέ

238 2652 321 2697 τις
349 2633 459 2687 τῶν
489 2634 859 2704 δικαζομένων
896 2636 1028 2690 εἵσω
1051 2635 1182 2691 δέκα
1217 2639 1444 2710 ἡμερῶν
1478 2643 1722 2698 ἀντείποι
1747 2685 1761 2709 ,
1794 2649 1821 2699 6

238 2724 344 2778 τῶν
370 2725 557 2780 τόπων
585 2725 770 2796 ἄρχων
795 2725 1097 2792 ἐξεταζέτω
1126 2728 1188 2782 τὸ
1236 2733 1500 2805 πρᾶγμα,
1533 2735 1628 2787 καὶ
1667 2735 1700 2807 ἦ
1734 2736 1823 2807 βε-

240 2815 475 2871 ϐαιούτω
501 2818 601 2888 τὴν
631 2816 810 2889 ψῆφον
848 2819 943 2873 καὶ
988 2819 1358 2890 ἐκϐιὸαζέτω,
1403 2826 1479 2897 μὴ
1518 2826 1820 2898 δυναμένου

238 2908 330 2962 τοῦ
371 2906 628 2976 δεύτερον
672 2907 765 2961 ἐπὶ
805 2908 981 2982 τούτῳ
1025 2912 1380 2983 ἡττηθέντος,
1432 2917 1818 2974 ἐκκαλεῖσθαιο

239 3000 497 3063 ἐναντίως
523 3000 583 3054 δὲ
604 2998 683 3071 τῷ
708 3002 995 3074 ἐπισκόπῳ
1020 3002 1114 3055 τοῦ
1139 3002 1401 3075 ἄρχοντος
1421 3006 1817 3078 ψηφιζομένου,

238 3096 269 3160 ἡ
298 3092 392 3147 τοῦ
420 3092 687 3165 ἄρχοντος
715 3092 897 3162 ψῆφος
928 3093 1211 3149 ὑπόκειται
1257 3096 1527 3168 ἐκκλήτῳ,
1561 3101 1652 3153 καὶ
1681 3103 1819 3157 κατὰ

238 3178 325 3231 τὸν
354 3178 519 3249 νόμον
568 3180 897 3250 ἀναφέρεται
943 3181 1039 3234 καὶ
1082 3182 1418 3249 ἐξετάζεται’
1469 3187 1563 3240 ἐὰν
1607 3188 1665 3240 δέ
1710 3191 1819 3244 ἀπὸ

239 3268 540 3334 κελεύσεως
608 3269 643 3341 ἢ
694 3271 1043 3340 προστάξεως
1092 3273 1288 3345 δικάσῃ
1335 3279 1364 3330 6
1414 3278 1747 3348 ἐπίσκοπος,
1781 3286 1815 3355 η

241 3362 497 3432 ἔκκλητος
529 3361 631 3433 τὴν
661 3361 841 3432 ψῆφον
878 3361 1043 3417 αὐτοῦ
1094 3362 1188 3418 ἐπὶ
1219 3367 1310 3420 τὸν
1360 3372 1815 3443 παραπέμψαντα

238 3454 330 3523 τὴν
358 3453 621 3508 ὑπόθεσιν
648 3454 928 3524 ἀναφέρει.
1047 3512 1050 3515 _

238 3544 397 3602 Plane
424 3546 473 3601 si
502 3560 568 3601 ex
593 3545 843 3617 jussione
869 3556 963 3603 aut
987 3546 1245 3607 mandato
1266 3552 1557 3626 episcopus
1613 3557 1842 3630 judicet,

236 3638 363 3695 siam
400 3639 697 3708 delegavit,
736 3638 955 3695 referto.

310 3732 436 3786 Ἐὰν
463 3731 720 3803 ἔγκλημα
748 3726 960 3803 κινῆται
993 3736 1135 3791 κατά
1166 3756 1310 3802 τινος
1340 3741 1449 3794 τῶν
1479 3745 1811 3817 εἰρημένων,

235 3823 278 3874 εί
306 3823 404 3893 μὲν
454 3821 609 3893 παρὰ
648 3822 930 3893 ἐπισκόπῳ
956 3826 1051 3879 καὶ
1093 3826 1243 3898 εὕροι
1273 3830 1370 3902 τὴν
1403 3832 1683 3904 ἀλήθειαν,
1721 3840 1815 3893 ἐκ·

233 3920 472 3974 ϐαλλέτω
499 3920 667 3975 αὐτὸν
690 3919 784 3973 τοῦ
808 3920 1041 3993 βαθμοῦο
1073 3926 1165 3979 καὶ
1187 3930 1492 3997 τηνικαῦτα
1517 3935 1544 3986 6
1573 3938 1814 4007 πρόσφο-

231 4029 317 4080 ρος
348 4012 613 4079 δικαστὴς
636 4011 799 4065 αὑτὸν
826 4014 1119 4085 συνεχέτω,
1145 4018 1237 4071 καὶ
1264 4019 1363 4091 τὴν
1381 4021 1537 4093 δίκην
1568 4028 1814 4099 νομίμως

227 4102 517 4168 ἐξετάζων,
549 4102 841 4158 ἐπιτιθέτω
864 4105 999 4177 αὐτῇ
1029 4107 1223 4179 πέραςο
1254 4111 1383 4166 εἰδὲ
1413 4114 1629 4182 πρῶτον
1659 4122 1811 4192 παρὰ

222 4194 296 4263 τῷ
325 4193 555 4264 ἄρχοντι
600 4195 797 4265 κινηθῇ
842 4198 937 4248 καὶ
976 4198 1300 4270 ἀποδειχθῇ,
1351 4206 1700 4276 φανερούσθω
1740 4213 1809 4264 τὰ

223 4283 598 4355 ὑπομνήματα
625 4285 704 4356 τῷ
732 4287 1037 4359 ἐπισκόπῳ·
1071 4291 1165 4342 καὶ
1193 4293 1242 4344 εί
1272 4292 1332 4356 ἐξ
1358 4296 1539 4348 αὐτῶν
1573 4297 1725 4369 εὖροι
1752 4302 1814 4354 τὸ

1960 465 2263 521 secundum
2302 468 2448 541 leges
2481 483 2576 529 aut
2613 491 2853 536 canones
2902 483 3305 546 ordinationem
3354 495 3529 566 impe-

1954 552 2071 610 dire
2107 560 2300 627 possit,
2336 574 2576 631 accuset,
2628 568 2746 637 ipsa
2795 576 3146 644 suspenditor
3175 600 3188 634 :
3223 592 3278 637 et
3304 586 3397 654 qui
3432 552 3528 641 or-

1950 644 2238 706 dinaturus
2294 660 2413 707 erat
2461 669 2730 724 praesente
2774 676 3092 723 accusatore
3142 686 3206 727 ac
3254 674 3524 743 judicium

1949 748 2198 808 urgente,
2252 752 2348 797 aut
2387 746 2453 799 ad
2491 755 2599 803 tres
2651 767 2867 810 menses
2907 764 3307 820 accusationem
3348 770 3527 825 adim-

1954 830 2107 898 plere
2138 833 2438 901 diil‘ercnte,
2464 853 2687 895 causam
2712 848 3023 905 examinato
3056 870 3069 906 :
3102 852 3199 927 [et]
3234 858 3277 910 si
3303 861 3522 929 quidem

1952 919 2089 995 [ille]
2126 924 2316 981 insons
2354 934 2689 999 apparuerit,
2740 937 3063 997 ordinator:
3099 945 3145 1000 si
3190 963 3323 1003 vero
3370 969 3521 1020 sons,

1946 1008 2252 1077 impcditor.
2304 1019 2607 1076 Accusator
2663 1034 2840 1079 autem
2890 1030 2983 1098 qui
3038 1030 3521 1115 [criminationem]

1946 1115 2053 1155 non
2081 1107 2391 1172 probaverit
2438 1121 2534 1165 aut
2582 1114 2906 1186 deseruerit,
2967 1122 3184 1192 ejicitur
3240 1134 3520 1197 provincia

1945 1191 1998 1245 in
2030 1208 2137 1262 qua
2162 1196 2393 1254 habitat.
2428 1201 2585 1268 Quod
2623 1205 2668 1260 si
2694 1208 2972 1266 ordinatio
3002 1224 3127 1269 ante
3159 1221 3519 1280 examinatio-

1943 1299 2066 1339 nem
2094 1287 2204 1351 liat,
2233 1292 2516 1349 ordinatus
2545 1294 2904 1375 [sacerdotio]
2924 1308 3246 1376 expellitur:
3271 1315 3365 1383 qui
3395 1332 3522 1371 vero

1943 1376 2236 1442 ordinavit,
2274 1381 2339 1434 ad
2374 1398 2580 1438 annum
2618 1401 2646 1441 a
2686 1388 2996 1449 ministerio
3039 1407 3276 1464 arcetur,
3312 1405 3521 1460 omnis-

1943 1479 2051 1533 que
2118 1469 2237 1537 ejus
2293 1473 2600 1531 substantia
2663 1478 2841 1550 ipsius
2897 1487 3141 1544 ecclesia:
3196 1494 3518 1562 applicatur.

1941 1554 2143 1611 Eadem
2198 1578 2420 1633 quoque
2473 1568 2606 1623 dicit
2663 1584 2844 1631 const.
2896 1577 2964 1630 Π
3018 1554 3279 1650 ejusdem.
3310 1588 3389 1640 tit.
3446 1588 3522 1660 [et

1942 1648 2189 1721 quidem]
2226 1669 2331 1708 non
2364 1658 2542 1713 solum
2580 1662 2648 1717 de
2678 1666 3281 1744 ordinationeepiscopi
3320 1688 3372 1733 et
3410 1683 3519 1736 cle-

1940 1740 2061 1806 rici,
2093 1757 2282 1799 verum
2330 1749 2492 1803 etiam
2534 1757 2783 1821 praesulis
2815 1766 3153 1820 monasterii.
3192 1767 3380 1824 Variat
3426 1790 3517 1826 au-

1943 1840 2047 1885 tem
2078 1833 2287 1904 dicens,
2319 1842 2472 1908 quod.
2492 1856 2781 1902 accusator
2824 1852 2917 1918 qui
2950 1852 3204 1927 [crimen]
3239 1875 3346 1913 non
3376 1878 3509 1932 pro-

1939 1921 2166 1991 baverit,
2203 1928 2298 1982 sed
2339 1931 2628 2001 destiterit,
2681 1939 2727 1994 si
2779 1921 3010 1998 clericus
3045 1945 3137 2011 sit,
3186 1921 3293 2003 suo
3344 1921 3515 2022 gradu

1935 2011 2237 2081 depellatur
2276 2021 2363 2074 :si
2396 2022 2592 2092 laicus,
2623 2030 2940 2100 castigetur.
2974 2033 3038 2089 Et
3074 2039 3241 2107 quod,
3277 2043 3322 2096 si
3345 2011 3547 2119 uordi-_

1936 2106 2085 2158 natio
2140 2117 2266 2164 ante
2305 2111 2715 2183 inquisitionem
2752 2121 2865 2191 ﬁat,
2914 2134 3027 2181 tam
3084 2132 3179 2199 qui
3218 2135 3512 2201 ordinavit,

1934 2210 2099 2264 quam
2158 2203 2249 2269 qui
2305 2207 2590 2268 ordinatus
2650 2227 2777 2285 est,
2829 2222 3137 2280 sacerdotio
3188 2226 3514 2297 depellatur.

1934 2282 2138 2341 Eadem
2172 2302 2349 2347 const.
2400 2297 2476 2362 2,
2529 2301 2612 2355 tit.
2674 2306 2699 2357 1
2748 2282 3100 2366 Novellarum
3154 2282 3288 2370 dicilt
3335 2335 3346 2370 :
3411 2317 3515 2385 Qui

1930 2386 2120 2432 contra
2162 2380 2446 2453 clericum,
2486 2392 2569 2444 vel
2611 2392 3002 2467 diaconissam,
3035 2404 3121 2458 vel
3158 2408 3511 2477 monachum,

1930 2468 2015 2522 vel
2063 2476 2443 2545 monastriam,
2492 2483 2576 2537 vel
2632 2490 2944 2556 aseetriam,
3016 2495 3284 2551 actionem
3327 2499 3509 2567 habet,

1930 2557 2147 2616 illorum
2179 2568 2495 2638 episcopum
2533 2574 2681 2629 adito
2718 2589 2930 2651 :‘atque
2974 2583 3020 2638 is
3049 2585 3293 2654 judicato
3323 2606 3339 2645 :
3371 2602 3426 2647 et
3462 2596 3509 2648 si

1927 2842 2043 2885 cem
2070 2834 2186 2891 dies
2214 2835 2523 2915 [judicatis]
2550 2850 2907 2920 contradicat,
2949 2855 3194 2913 locorum
3226 2864 3511 2932 magistra-

1926 2934 2013 2977 tus
2054 2931 2337 2997 negotium
2383 2939 2698 2997 examinato
2749 2962 2763 2998 :
2820 2955 2874 3001 et
2921 2946 2993 3019 [si
3036 2962 3181 3007 recte
3205 2953 3507 3023 judicatum

1924 3030 2050 3071 esse
2074 3020 2272 3095 videat]
2301 3065 2315 3092 ,
2349 3033 2673 3087 sententiam
2700 3038 3023 3096 conﬁrmato
3052 3052 3105 3097 et
3135 3048 3454 3117 exscquitor
3488 3067 3503 3104 :

1923 3108 2084 3181 243
2116 3129 2292 3185 neque
2320 3119 2413 3187 qui
2445 3121 2643 3180 iterum
2681 3127 2737 3185 in
2787 3129 2893 3186 hoc
2922 3133 3101 3189 victus
3146 3134 3333 3204 fuerit,
3366 3138 3503 3211 [am-

1921 3202 2088 3275 plius]
2120 3212 2451 3274 provocandi
2498 3226 2824 3287 potestatem
2859 3223 3079 3281 habeto.
3132 3227 3188 3283 Si
3220 3202 3507 3288 vero‘ma-

1919 3294 2181 3363 gistratus
2214 3307 2495 3361 contrario
2524 3311 2706 3380 modo,
2744 3324 2908 3385 atque
2941 3319 3254 3392 episcopus,
3275 3324 3503 3395 judicet,

1918 3388 2275 3457 magistratus
2318 3402 2589 3457 sententia
2635 3409 3012 3474 provocationi
3059 3414 3295 3469 obnoxia
3327 3426 3447 3472 esto
3479 3454 3491 3467 .

1916 3485 2082 3548 atque
2135 3490 2440 3546 secundum
2488 3494 2661 3565 legem
2708 3499 2975 3567 refertor,
3034 3514 3088 3560 et
3139 3511 3501 3576 examinator,

1882 3579 2200 3637 provocatio
2270 3587 2597 3642 sententiam
2628 3590 2747 3661 ejus
2784 3592 2851 3648 ad
2894 3609 3019 3650 eum
3049 3599 3144 3668 qui
3188 3611 3506 3660 controver-

1918 4138 2141 4180 causam
2195 4132 2517 4191 examinans
2568 4137 2648 4191 illi
2701 4140 2863 4195 ﬁnem
2922 4144 3206 4214 imponito.
3264 4149 3319 4204 Si
3368 4168 3496 4209 vero

1917 4219 2157 4285 primum
2194 4224 2337 4291 apud
2376 4223 2640 4302 [civilem]
2669 4234 3044 4301 magistratum
3080 4236 3333 4315 [crimen]
3372 4260 3493 4300 mo-

1925 4318 2036 4360 tum
2072 4320 2235 4379 atque
2272 4318 2685 4385 comprobatum
2719 4321 2903 4389 fuerit,
2954 4328 3210 4399 episcopo
3243 4344 3491 4392 actorum

221 4376 642 4448 πλημμέλημα,
684 4377 964 4448 χωριζέτω
997 4380 1159 4433 αὑτὸν
1191 4382 1285 4435 τοῦ
1336 4384 1548 4457 βαθμοῦ
1574 4430 1587 4456 ,
1640 4393 1736 4446 καὶ
1783 4395 1839 4447 6.

2146 4376 2160 4379 _
2401 4376 2414 4385 η
2754 4376 2760 4377 ,
2794 4376 2801 4377 ,
2960 4376 3207 4399 τηντν
3243 4376 3491 4392 “ww...
3528 4402 3545 4413 ς

1927 4410 2264 4457 monumenta
2298 4406 2664 4466 exhibentor:
2718 4415 2812 4483 qui
2856 4416 2902 4470 si
2950 4433 3016 4472 ex
3067 4421 3175 4476 illis
3229 4424 3491 4487 delictum

223 4469 489 4540 δικαστὴς
536 4469 845 4540 ἐπιφερέτω
882 4470 1031 4541 αὐτῷ
1064 4474 1294 4544 νόμιμον
1337 4478 1650 4549 ἐκδίκησιν·
1677 4484 1727 4537 εί
1754 4486 1812 4540 δέ

220 4576 282 4628 γε
315 4561 390 4632 μὴ
423 4559 644 4631 νομίσοι
676 4562 704 4613 6
733 4560 1052 4628 ἐπίσκοπος,
1088 4564 1163 4635 μὴ
1194 4564 1418 4630 δικαίως
1451 4571 1712 4641 συστῆναι
1742 4576 1812 4631 τὰ

219 4653 595 4724 πεπραγμένα
618 4692 634 4719 ,
664 4652 897 4721 γινέσθω
934 4654 963 4707 6
1010 4658 1414 4727 κατηγορηθεὶς
1445 4660 1549 4714 ὑπὸ
1577 4665 1809 4737 νόμιμον

218 4746 546 4814 ἀσφάλειαν,
573 4745 650 4816 μὴ
674 4744 1048 4815 ἐξωθούμενος
1070 4748 1163 4802 τοῦ
1191 4749 1320 4803 ίδίου
1348 4751 1579 4823 βαθμοῦ,
1610 4756 1715 4823 ἕως
1742 4760 1809 4815 ἂν

223 4837 253 4905 ἡ
279 4838 535 4907 βασιλεία
564 4837 668 4908 τῆς
691 4839 1001 4904 ὑποθέσεως
1033 4842 1091 4893 ἐν
1118 4842 1323 4912 είδήσει
1354 4844 1442 4898 διὰ
1470 4847 1565 4900 τοῦ
1588 4850 1809 4905 ἐπισκό-

220 4947 319 4981 που
349 4929 449 4982 καὶ
492 4929 590 4983 τοῦ
623 4930 885 5001 ἄρχοντος
920 4933 1178 5003 γινομένη
1198 4973 1212 4996 ,
1250 4934 1485 5009 κελεύσῃ
1523 4939 1584 4991 τὸ
1616 4944 1804 5008 φαινόυ

222 5039 376 5089 μενον
410 5023 579 5093 αὐτῇ·
618 5024 713 5076 ἐὰν
743 5025 771 5076 6
807 5025 1109 5088 ἐπίσκοπος
1161 5025 1521 5097 ὑπερτίθηται
1566 5031 1660 5084 ἐπὶ
1691 5037 1805 5099 τοῖς

219 5114 583 5180 χρηματικοῖς
600 5112 842 5180 δικάσαι,
867 5116 1051 5170 ἄδειαν
1080 5117 1194 5188 ἔχει
1225 5120 1252 5171 6
1277 5121 1488 5191 ἐνάγων
1520 5131 1804 5195 προσιέναι

216 5201 291 5270 τῷ
318 5201 562 5272 ἄρχοντι·
594 5206 622 5256 6
647 5204 704 5255 δέ
730 5205 996 5270 αἰτιαθεὶς
1025 5210 1086 5261 οὐ
1118 5210 1335 5267 δίδωσιν
1361 5214 1659 5287 ἐγγυητὴν,
1687 5220 1801 5273 ἀλλ’

218 5291 507 5360 ὁμολογίαν
535 5295 683 5346 ποιεῖ
702 5294 1037 5368 ἐνυπόθηκον
1059 5299 1188 5353 ἄνευ
1215 5302 1402 5372 ὅρκου·
1433 5306 1528 5358 ἐπὶ
1562 5307 1661 5375 μὲν
1690 5312 1803 5374 τοῖς

219 5382 667 5454 ἐγκληματικοῖς,
702 5386 808 5440 ὑπὸ
838 5389 938 5456 τὴν
969 5392 1202 5463 νόμιμον
1244 5397 1544 5466 ἀσφάλειαν
1582 5401 1643 5453 τὸ
1669 5420 1803 5457 κατ-

214 5473 583 5544 ηγορούμενον
616 5474 907 5546 πρόσωπον
950 5481 1181 5548 γίνεται·
1232 5488 1325 5540 ἐπὶ
1363 5488 1419 5541 δὲ
1466 5493 1579 5555 τοῖς
1604 5494 1802 5566 ἐκκλη-

220 5566 539 5630 σνραστικοίς,
577 5565 608 5618 6
653 5566 952 5634 ἐπίσκοπος
978 5574 1120 5628 κατὰ
1151 5578 1278 5641 τοὺς
1319 5580 1551 5646 κανόνας
1586 5587 1797 5651 σκοπεῖ,

218 5653 308 5707 τοῦ
337 5655 594 5727 ἄρχοντος
620 5659 890 5731 μηδεμίαν
914 5662 1128 5734 ἔχοντος
1158 5671 1471 5739 μετουσίαν.

496 5751 778 5813 Parnm“
833 5753 951 5817 Gn.
1001 5753 1158 5821 CIV.

1915 4487 2308 4561 deprehendat,
2348 4512 2501 4552 reum
2536 4514 2567 4555 a
2597 4503 2767 4572 gradu
2802 4517 3076 4577 separato,
3120 4528 3184 4569 ac
3212 4514 3289 4570 illi
3329 4518 3492 4587 iudex

1914 4575 2210 4649 legitimam
2263 4584 2558 4642 vindictam
2595 4590 2814 4648 inferto.
2858 4575 3070 4654 Verum
3101 4603 3149 4657 si
3197 4575 3489 4680 episcopus

1912 4674 2186 4738 putaverit
2238 4685 2359 4730 acta
2417 4694 2529 4733 non
2577 4681 2728 4751 juste
2786 4690 3117 4757 constitisse,
3174 4711 3485 4766 accusatus,

1911 4758 2083 4816 donec
2106 4762 2461 4833 imperatoria
2505 4771 2768 4841 majeslas
2799 4777 2867 4831 ab
2913 4781 3173 4853 episcOpo
3203 4796 3257 4841 et
3300 4789 3488 4858 judice

1909 4853 1976 4908 de
2007 4869 2170 4910 causa
2201 4860 2402 4915 certior
2434 4861 2599 4927 facta,
2631 4868 2776 4935 quod
2820 4869 3028 4938 justum
3063 4875 3165 4943 ipsi
3195 4877 3482 4945 videbitur,

1905 4946 2095 5015 jubeat
2130 4969 2144 5004 :
2206 4966 2235 5005 a
2270 4969 2371 5008 suo
2405 4957 2578 5027 gradu
2614 4974 2723 5013 non
2764 4961 3045 5031 depulsus,
3102 4969 3204 5023 sub
3245 4971 3485 5041 legitima

1907 5037 2262 5108 lidejussione
2285 5048 2654 5108 constituitor.
2682 5050 2961 5128 [Proinde]
2991 5058 3035 5113 si
3069 5058 3122 5112 in
3152 5064 3483 5129 pecuniariis

1903 5130 2128 5198 judiciis
2155 5133 2447 5209 [judicare]
2468 5141 2755 5210 episcopus
2782 5144 3014 5209 differat,
3043 5157 3195 5202 actor
3219 5148 3482 5225 [civilem]

1909 5223 2287 5291 magistratum
2324 5230 2559 5286 adeundi
2606 5233 2919 5290 iacultatcm
2952 5237 3186 5305 habeto;
3224 5256 3349 5297 reus
3385 5260 3485 5300 au-

1904 5320 2013 5367 tem
2045 5316 2422 5386 tidejussorcm
2447 5338 2556 5378 non
2586 5325 2852 5390 dato,'scd
2883 5327 3091 5395 absque
3125 5329 3485 5400 jurejurando

1905 5408 2310 5477 pignoratitiam
2364 5414 2676 5470 cautionem
2732 5416 2920 5471 facito.
2984 5417 3044 5472 In
3107 5420 3484 5481 criminalibus

1904 5511 2037 5553 vero
2070 5499 2173 5554 sub
2200 5500 2442 5573 legitima
2474 5506 2732 5560 cautione
2764 5520 2999 5576 persona
3022 5523 3144 5578 qua:
3166 5523 3480 5579 accusatur,

1902 5587 2270 5647 constituitor.
2318 5588 2377 5645 in
2414 5593 2798 5663 ecclesiasticis
2821 5605 3000 5651 autem
3053 5598 3341 5669 episcopus
3382 5600 3484 5672 [ci-

1902 5679 2017 5760 vili]
2044 5682 2363 5752 magistratu
2393 5685 2598 5741 nullam
2631 5690 3071 5747 communionem
3096 5691 3352 5760 habente,
3386 5711 3476 5751 se~

3004 5783 3082 5841 23
