3912 6244
396 357 500 421 715

393 562 482 618 edi
514 562 654 615 inter
683 573 742 614 se
773 556 1093 630 [actionem]
1138 557 1405 610 habentes
1429 594 1443 618 ,
1481 556 1623 625 apud
1660 555 1973 623 metropoli-

395 666 582 710 tanum
627 667 788 708 suum
834 658 888 705 et
939 649 1077 703 alios
1133 648 1378 719 ejusdem
1435 648 1627 718 synodi
1681 647 1972 716 episcopos

394 747 642 815 litigante
675 760 688 796 :
715 752 769 797 et
794 743 899 796 nisi
930 751 1160 810 utraque
1185 756 1311 810 pars
1345 737 1650 812 [iudicatis]
1695 736 1859 808 244.
1890 735 1975 790 in-

393 835 573 901 sistat,
624 834 866 902 ipserum
919 831 1229 900 patriarcha
1285 827 1554 902 [causam]
1609 827 1970 897 cognoscito:

393 939 458 979 ac
496 922 633 978 nulli
668 920 1075 976 contradicendi
1108 921 1214 974 illis
1250 934 1370 988 qua:
1415 919 1484 972 ab
1510 919 1602 972 ille
1633 925 1970 980 statuuntur,

391 1021 634 1086 potestas
656 1021 793 1067 esto.
817 1011 874 1065 Si
905 1011 1139 1066 clericus
1173 1009 1435 1065 adversus
1469 1010 1786 1078 episcopum
1809 1023 1970 1063 suum

392 1105 663 1160 actionem
687 1117 908 1158 movere
933 1102 1086 1166 velit,
1121 1102 1261 1156 idem
1294 1111 1433 1157 esto.
1459 1098 1596 1155 Cum
1623 1108 1803 1154 autem
1838 1114 1972 1154 con-

391 1208 474 1253 tra
531 1196 1008 1265 metrepelitanum
1069 1192 1437 1264 interpeliatio
1491 1191 1823 1256 instituitur,
1876 1205 1972 1260 pa-

392 1289 630 1344 triarcha
669 1287 839 1356 ipsius
879 1285 1130 1340 similiter
1175 1285 1516 1354 cegnescite.
1555 1281 1859 1352 Episcopus
1904 1282 1971 1335 li-

390 1381 568 1451 tigans
603 1394 779 1448 neque
812 1378 1193 1447 lidejussiencs
1244 1376 1394 1442 date,
1444 1390 1623 1444 neque
1662 1373 1968 1430 confessio-

389 1487 512 1526 nem
554 1470 737 1525 facito.
767 1468 1093 1531 OEeenemi,
1139 1467 1546 1537 ptochotrophi,
1573 1466 1879 1521 nosocomi.
1917 1473 1970 1520 et

387 1563 594 1618 similes
620 1575 719 1616 suo
763 1562 1022 1630 episcopo
1065 1560 1336 1615 subsunto
1365 1575 1380 1625 ;
1428 1568 1482 1615 et
1516 1559 1664 1630 quod
1697 1559 1846 1629 ipsos
1883 1558 1970 1613 de-

386 1653 517 1709 bere.
548 1652 804 1722 patuerit,
839 1651 1131 1720 exigunter
1163 1668 1177 1704 ι
1224 1665 1401 1719 neque
1449 1659 1576 1704 ante
1622 1652 1966 1713 exactionem

387 1744 458 1802 ad
510 1745 656 1799 aliud
706 1743 974 1814 judicium
1009 1742 1297 1798 recedendi
1332 1749 1660 1813 potestatem
1706 1742 1964 1796 habente.

385 1837 455 1890 At
484 1837 529 1890 si
559 1845 680 1905 post
716 1834 1056 1889 exactionem
1087 1832 1290 1903 injuria
1335 1847 1395 1888 se
1442 1831 1668 1888 all‘ectos
1697 1847 1820 1887 esse
1848 1831 1962 1886 exi-

385 1921 744 1983 stim‘averint,
781 1920 826 1975 si
856 1920 1076 1990 quidem
1108 1919 1402 1990 episcopus
1429 1919 1719 1990 judicavit,
1751 1929 1962 1974 metre-

382 2013 658 2083 pelitanus
694 2010 854 2084 [rem]
899 2011 1263 2080 examinato}:
1317 2011 1364 2066 si
1413 2026 1543 2066 vero
1593 2009 1965 2080 metropolita-

384 2121 518 2169 nus,
562 2105 873 2174 patriarcha
923 2104 1262 2175 cognoscito.
1304 2101 1461 2170 Quod
1512 2105 1557 2159 si
1609 2104 1732 2174 quis
1771 2101 1965 2172 praedi-

381 2205 600 2251 ctorum
646 2205 771 2251 ante
800 2197 1077 2250 rationum
1111 2193 1509 2252 coniectionem
1535 2203 1590 2250 et
1615 2195 1960 2250 exactionem

382 2296 632 2342 mortuus
663 2286 846 2352 fuerit,
875 2285 1119 2341 haeredes
1158 2285 1278 2356 ejus
1307 2284 1526 2339 obnoxii
1563 2291 1744 2339 sunto.

453 2379 669 2436 Textus.
702 2378 962 2433 Similiter
989 2378 1080 2431 lib.
1112 2394 1150 2443 ι,
1183 2385 1360 2432 const.
1385 2376 1617 2446 4l,qu:e
1647 2377 1724 2429 ait
1762 2393 1775 2429 :
1808 2374 1964 2442 Quod

381 2486 709 2542 unoquoque
748 2483 893 2524 anno
934 2481 1253 2523 mcenemus
1304 2466 1569 2521 rationem
1615 2464 1964 2519 administra-

380 2565 549 2620 tionis
578 2579 691 2620 suze
721 2562 910 2617 reddat
949 2561 1229 2629 episcopo.
1261 2557 1493 2615 Constit.
1524 2573 1654 2613 vero
1677 2559 1766 2624 24,
1799 2559 1882 2612 tit.
1908 2557 1964 2621 2,

377 2656 620 2727 ejusdem
653 2654 776 2710 libri
798 2653 949 2717 dicit,
978 2653 1121 2723 quod
1144 2665 1458 2708 (ecenomos
1485 2651 1636 2707 urbis
1657 2652 1968 2706 Constant-

377 2747 706 2818 nepelitanae
732 2745 982 2816 singulis,
1011 2753 1105 2798 aut
1134 2758 1407 2799 summum
1439 2743 1660 2797 alternis
1689 2741 1966 2796 mensibus

380 2840 523 2910 apud
552 2837 792 2893 arcaries
817 2838 1056 2892 rationes
1086 2834 1354 2890 coniicere
1380 2841 1662 2905 oporteat,
1697 2831 1966 2902 aliequive

379 2932 771 3004 periclitentur.

448 3021 553 3089 Qui
609 3021 900 3091 episcepus
956 3027 1050 3072 aut
1095 3017 1325 3072 clericus
1381 3033 1445 3070 ex
1506 3016 1779 3086 provincia
1825 3014 1961 3070 Con-

370 3111 730 3183 stantinOpeli
772 3111 840 3165 ab
891 3109 1219 3165 adversariis
1275 3108 1570 3174 invenitur,
1635 3106 1776 3177 apud
1828 3122 1968 3178 pra:-

379 3205 642 3261 torierum
683 3201 966 3273 praefectos
1015 3197 1395 3264 solummodo,
1447 3206 1541 3252 aut
1588 3212 1710 3252 eum
1747 3197 1841 3267 qui
1895 3197 1965 3251 ab

377 3296 726 3366 imperatoria
757 3293 1042 3364 majestate
1081 3289 1187 3362 [ad
1228 3289 1366 3362 hoc]
1427 3289 1762 3360 designatur,
1824 3287 1960 3361 [se]

384 3389 681 3444 tuebitur:
738 3393 894 3441 extra
943 3399 1110 3454 quam
1167 3383 1211 3439 si
1272 3383 1327 3436 in
1363 3381 1733 3451 provincialis
1781 3390 1960 3450 empta

372 3478 563 3544 fuerit,
599 3487 730 3531 tunc
763 3475 918 3530 enim
981 3474 1094 3528 illic
1145 3473 1422 3543 impletur.
1469 3471 1734 3541 Religiosi
1779 3472 1958 3526 eccle-

373 3570 580 3625 siarum
625 3565 967 3637 apecrisiarii
1002 3579 1102 3634 pro
1124 3564 1394 3633 episcopis
1439 3571 1533 3617 aut
1579 3562 1793 3617 clericis
1824 3577 1955 3632 pre-

374 3671 496 3731 pter
523 3658 798 3729 publicum
830 3657 1172 3726 privatumve
1197 3653 1439 3710 debitum
1473 3668 1584 3708 non
1613 3653 1955 3708 conveniun-

373 3762 463 3808 tur
503 3760 617 3832 aut.
647 3750 941 3819 exiguntur
972 3765 986 3801 :
1020 3746 1126 3801 nisi
1161 3746 1206 3800 si
1243 3761 1310 3800 ex
1353 3744 1624 3799 mandatis
1667 3745 1945 3813 episcepe-

374 3858 498 3897 rum
537 3848 634 3896 aut
675 3852 1088 3895 oeconomerum
1135 3837 1348 3906 aliquos
1395 3833 1548 3907 [ipsi]
1602 3835 1946 3890 conveniant.

374 3934 529 3989 Tunc
554 3933 700 3987 enim
746 3931 816 3986 ab
847 3929 1036 3986 iisdem
1084 3927 1162 4000 [et
1207 3927 1298 3998 iis]
1339 3929 1471 3983 solis
1509 3929 1748 3983 actiones
1778 3929 1951 3983 susci-

372 4025 548 4094 piunt.
586 4019 739 4094 [Sed]
781 4020 883 4076 etsi
918 4020 1050 4073 dum
1094 4018 1172 4091 [in
1206 4016 1437 4089 judicio]
1498 4019 1856 4087 respondent,
1891 4034 1950 4074 se

370 4116 638 4172 obnoxios
667 4111 1022 4176 reddiderint,
1071 4108 1284 4183 [etiam]
1335 4107 1495 4180 245
1529 4108 1654 4164 inde
1693 4110 1954 4165 exsisten-

370 4220 452 4264 tes
474 4209 720 4263 actiones
750 4205 1048 4276 excipiunt.
1098 4202 1352 4272 Episcopi
1397 4211 1451 4256 et
1478 4201 1663 4256 clerici
1697 4217 1794 4272 per
1828 4218 1951 4256 cau-

371 4314 487 4354 sam
543 4297 829 4368 legatienls
871 4303 977 4366 [aut
1015 4293 1375 4349 ordinationis
1427 4307 1654 4364 peregre
1705 4302 1947 4362 agentes,

375 4406 484 4446 non
517 4391 921 4446 conveniuntur
961 4389 1138 4442 donec
1184 4385 1385 4440 reversi
1435 4384 1681 4439 fuerint:
1727 4381 1810 4455 [ut
1862 4393 1945 4439 ta-

1997 1802 2041 1860 Β

1590 354 1850 415 PHOTll
1892 350 2395 411 PATRIARC'HIE
2419 351 2529 412 cr.
3245 411 3258 430 ,

393 468 634 525 cundum
656 479 894 522 canones
924 462 1240 534 dijudicate.
1273 461 1524 533 Episcopi
1549 463 1792 533 ejusdem
1843 477 1959 533 syn-

2152 459 2474 514 Ἐπίσκοποι
2493 461 2591 530 τῆς
2615 458 2784 528 αὐτῆς
2809 460 3027 514 συνόδου
3053 459 3190 530 πρὸς
3224 461 3486 532 ἀλλήλους
3511 465 3640 535 ἔχον-

3547 356 3636 422 716

2076 568 2189 616 τες,
2227 552 2378 623 παρά
2403 551 2480 622 τῷ
2515 551 2889 625 μητροπολίτῃ
2930 553 3129 614 αὐτῶν,
3168 555 3260 606 καὶ
3297 555 3506 626 ἑτέροις
3533 559 3641 613 ἐπι».

2079 642 2304 705 σκόποις
2355 643 2454 711 τῆς
2498 645 2668 715 αὑτῆς
2717 644 2936 697 συνόδου
2983 642 3319 708 δικάζονται·
3352 645 3447 699 καλ
3489 649 3534 700 εί
3575 651 3639 723 μὴ

2079 735 2244 805 μέρος
2274 734 2536 804 ἑκάτερον
2587 736 2839 806 ἐμμένοι,
2869 739 2896 790 6
2929 736 3274 808 πατριάρχης
3315 739 3495 792 αὐτῶν
3529 758 3641 795 axo-

2075 829 2188 887 πεῖ,
2222 827 2433 890 οὑδενὺς
2463 829 2575 890 τοῖς
2608 831 2738 899 παρ’
2768 828 2934 881 αὑτοῦ
2966 829 3328 898 τυπουμένοις
3358 830 3641 900 δυναμένου

2075 916 2398 984 ἀντιλέγειν·
2429 916 2488 968 τδ
2515 917 2644 970 αὑτό
2671 920 2788 970 ἐστι
2824 917 2932 972 κᾶν
2961 918 3218 987 κληρικὸς
3253 919 3395 972 κατὰ
3423 921 3512 973 τοῦ
3539 924 3645 976 ἐπι⁸

2077 1009 2278 1061 σκόπου
2309 1008 2475 1061 αὑτοῦ
2510 1009 2818 1080 προσέλθοι·
2851 1008 3258 1080 προσελεύσεως
3292 1010 3348 1063 δὲ
3375 1011 3510 1064 κατά
3547 1030 3644 1083 μη-

2074 1100 2392 1172 τροπολίτω
2428 1102 2754 1172 γινομένης,
2794 1104 2822 1155 6
2868 1102 3214 1173 πατριάρχης
3263 1103 3427 1155 αὑτοῦ
3459 1105 3645 1174 ὁμοίως

2075 1194 2286 1247 σκοπεῖ·
2324 1193 2619 1257 ἐπίσκοπος
2652 1193 3026 1264 δικσῐςόμενος,
3055 1195 3180 1247 οῦτε
3206 1193 3410 1262 ἐγγύας
3441 1194 3645 1250 δίδωσιν

2073 1285 2198 1339 οὔτε
2236 1285 2526 1356 ὁμολογίαν
2560 1287 2722 1338 ποιεῖ·
2757 1287 2804 1338 ei
2841 1285 3115 1354 οἰκονόμοι
3149 1287 3246 1338 καὶ
3281 1288 3646 1358 πτωχοτρόφοι

2072 1377 2165 1430 καὶ
2188 1378 2470 1447 νοσοκόμοι
2506 1377 2600 1430 καὶ
2620 1379 2668 1429 ei
2698 1375 2929 1430 τοιοῦτοι
2959 1375 3037 1447 τῷ
3065 1377 3179 1448 ἰδίῳ
3202 1379 3489 1447 ἐπισκόπῳ
3523 1381 3646 1434 ὑπό-

2072 1477 2300 1522 κεινται·
2330 1468 2424 1520 καὶ
2456 1467 2517 1519 τὸ
2538 1467 2866 1537 φαινόμενον
2902 1468 3209 1536 ἐποφείλειν
3241 1468 3459 1533 αὐτοὺς,
3493 1471 3646 1523 ἀπαι-

2069 1561 2318 1626 τοῦνται,
2369 1560 2444 1631 μὴ
2505 1559 2794 1626 δυνάμενοι
2844 1559 2951 1631 πρὸ
3006 1560 3106 1629 τῆς
3146 1561 3532 1630 ἀπαιτήσεως,
3575 1564 3651 1625 είς

2070 1652 2199 1706 ἄλλο
2237 1651 2590 1722 δικαστήριον
2628 1651 2956 1721 ἀναχωρεῖν,
3008 1651 3145 1705 ἀλλὰ
3192 1653 3331 1721 μετά
3361 1654 3461 1722 τὴν
3490 1654 3648 1707 ἀπαί-

2068 1761 2225 1815 τησιν
2265 1743 2359 1797 ἐὰν
2414 1744 2682 1814 νομίσωσι
2733 1743 3056 1813 βεϐλάφθαι·
3105 1746 3154 1796 εἰ
3208 1745 3307 1813 μέν
3358 1746 3652 1810 ἐπίσκοπός

2069 1836 2214 1886 ἐστιν
2251 1835 2278 1886 6
2312 1833 2522 1905 κρίνας,
2554 1835 2581 1886 6
2617 1834 3020 1905 μητροπολίτης
3051 1835 3316 1901 ἐξετάζει·
3366 1840 3415 1889 εἰ
3447 1837 3506 1890 δὲ
3551 1856 3654 1908 μη-

2068 1923 2392 1995 τροπολίτης
2421 1924 2653 1996 ἔκρινεν,
2684 1925 2712 1976 ὁ
2746 1927 3090 1997 πατριάρχης
3119 1931 3349 1980 σκοπεῖ·
3383 1929 3434 1981 εἰ
3461 1929 3517 1982 δὲ
3551 1930 3655 1999 πρὸ

2069 2015 2170 2086 τῆς
2199 2016 2305 2069 τῶν
2356 2016 2632 2087 λογισμῶν
2687 2019 2962 2089 ποιήσεως
3016 2019 3113 2072 καὶ
3173 2016 3654 2091 τῆς.ἀπαιτήσεως

2068 2109 2384 2178 τελευτήσει
2421 2126 2503 2172 τις
2532 2109 2637 2162 τῶν
2675 2112 3004 2180 εἰρημένων,
3036 2113 3085 2164 οἱ
3117 2110 3450 2182 κληρονόμοι
3487 2113 3654 2166 αὑτοῦ

2072 2202 2414 2256 ὑπόκεινται.

2156 2381 2387 2452 Ὁμοίως
2425 2381 2565 2452 βιϐλ.
2617 2389 2664 2436 α’
2697 2383 2801 2436 τίτ.
2845 2382 2895 2435 α’
2925 2379 3065 2436 διὰτ.
3107 2382 3218 2451 μα’,
3265 2383 3387 2454 ἥτις
3458 2378 3648 2454 φησὶν,

2073 2475 2179 2538 ὅτι,
2209 2473 2355 2527 Κατ’
2393 2473 2641 2528 ἐνιαυτὸν
2673 2474 2702 2525 6
2731 2472 3012 2541 οἰκονόμος
3049 2472 3141 2526 τὸν
3171 2472 3327 2542 λόγον
3355 2472 3459 2541 τῆς
3493 2473 3662 2527 αὑτοῦ

2071 2562 2389 2631 διοικήσεως
2417 2561 2772 2631 παρατίθεται
2805 2561 2881 2631 τῷ
2905 2562 3210 2634 ἐπισκόπῳ·
3236 2564 3270 2633 ή
3303 2562 3358 2616 δὲ
3396 2563 3484 2634 κβ⁹
3516 2563 3661 2616 διάτ.

2071 2653 2165 2707 τοῦ
2205 2653 2248 2724 β’
2281 2653 2386 2708 τίτ.
2414 2651 2507 2705 τοῦ
2538 2652 2702 2706 αὑτοῦ
2739 2652 2880 2723 βιϐλ.
2909 2652 3084 2722 λέγει,
3112 2655 3195 2709 ὅτι
3230 2656 3323 2708 Δεῖ
3347 2655 3484 2719 τοὺς
3512 2657 3664 2710 οἱκο-

2073 2741 2270 2812 νόμους
2306 2743 2934 2805 Κωνσταντινουπόλεως
2962 2783 2978 2808 ,
3008 2745 3151 2797 κατὰ
3192 2744 3339 2816 μῆνα
3379 2745 3418 2816 ἢ
3457 2745 3524 2798 τὸ
3556 2746 3667 2815 μή·

2073 2834 2424 2905 κιστον-ὑπέρ
2459 2833 2554 2886 δύο
2575 2873 2590 2899 ,
2639 2833 2944 2901 λογοποιεῖν
2994 2834 3128 2906 πρὸς
3153 2836 3280 2900 τοὺς
3309 2836 3626 2910 ἀρκαρίους
3651 2877 3670 2905 ,

2074 2926 2196 2979 ἐπεὶ
2227 2925 2628 2980 κινδυνεύουσιν
2662 2925 2722 2990 ἐξ
2754 2925 3045 2997 ἐπαρχίας.

2156 3018 2245 3073 Ἐν
2275 3017 2846 3072 Κωνσταντινουπόλει
2877 3018 3266 3090 εὑρισκόμενος
3291 3017 3610 3083 ἐπίσκοπος
3637 3019 3675 3090 ἢ

2075 3109 2333 3182 κληρικὺς
2362 3111 2474 3173 τοῖς
2506 3107 2757 3178 ὲνάγουσι
2783 3151 2797 3175 ,
2827 3109 2979 3178 παρὰ
3011 3110 3156 3181 μόνῳ
3183 3108 3261 3181 τῷ
3291 3110 3538 3182 ἐπάρχῳ
3568 3111 3680 3164 τῶν

2071 3201 2442 3274 πραιτωρίων,
2473 3202 2507 3273 ἢ
2533 3201 2610 3273 τῷ
2634 3200 2786 3272 παρά
2807 3201 2906 3272 τῆς
2935 3201 3212 3272 βασιλείας
3245 3203 3677 3273 ἀφοριζομένῳ,

2069 3294 2448 3360 ἀπολογεῖται·
2500 3294 2550 3346 εί
2585 3293 2658 3364 μὴ
2692 3293 2784 3346 ἐπὶ¹
2832 3292 3016 3364 χώρας
3049 3293 3224 3365 ἧρχθη
3275 3296 3308 3365 ή
3353 3294 3684 3360 ὑπόθεσις,

2066 3386 2186 3438 τότε
2203 3385 2311 3454 γὰρ
2334 3384 2449 3436 ἐκεῖ
2471 3383 2791 3455 πληροῦται·
2818 3385 2867 3437 οί
2897 3383 3006 3437 τῶν
3038 3383 3376 3454 Ἐκκλησιῶν
3406 3384 3687 3446 εὐλαϐεῖς

2065 3476 2506 3548 ἀποκρισιάριοι,
2553 3477 2653 3529 οὑκ
2692 3476 2978 3545 ἐνάγονται
3025 3477 3059 3547 ἢ
3097 3475 3477 3532 ἀπαιτοῦνται
3535 3478 3692 3548 ὑπὲρ

2063 3566 2173 3620 τῶν
2207 3567 2522 3621 ἐπισκόπων
2552 3566 2584 3638 ἢ
2615 3567 2724 3620 τῶν
2773 3568 3133 3638 Ἐκκλησιῶν,
3174 3569 3340 3640 χάριν
3392 3569 3689 3639 δημοσίου

2062 3659 2096 3730 ἢ
2134 3658 2402 3713 ἰδιωτικοῦ
2434 3659 2629 3731 χρέους
2653 3701 2668 3725 ,
2712 3662 2762 3714 εἰ
2807 3659 2883 3730 μὴ
2917 3661 2976 3728 ἐξ
3007 3660 3239 3716 ἐντολῶν
3278 3659 3392 3715 τῶν
3432 3660 3695 3715 ἐπισκό-

2065 3769 2182 3803 πων
2211 3751 2244 3822 ἦ
2274 3750 2385 3804 τῶν
2411 3753 2712 3822 οἰκονόμων
2756 3752 3010 3821 ἐνάγουσί
3054 3770 3127 3806 τι·
3159 3751 3284 3806 τότε
3318 3751 3444 3826 γὰρ
3490 3753 3694 3823 μόνων

2060 3841 2240 3895 αὐτῶν
2264 3845 2364 3906 τὰς
2401 3843 2688 3912 ἐναγωγάς
2717 3843 3091 3915 ὑποδέχονται·
3140 3845 3188 3898 εἰ
3216 3844 3275 3898 δὲ
3303 3845 3412 3899 καὶ
3446 3844 3702 3916 ἐνόχους

2057 3936 2284 4000 ἑαυτοὺς
2316 3937 2752 4006 καταστήσουσιν
2783 3938 2841 3991 ἐν
2866 3936 2943 4008 τῷ
2988 3938 3163 3996 ποιεῖν
3195 3937 3296 4000 τὰς
3322 3937 3700 4008 ἀποκρίσεις

2057 4026 2299 4098 δέχονται
2336 4027 2434 4091 τὰς
2482 4028 2610 4100 περὶ
2651 4029 2858 4082 τούτων
2899 4029 3206 4098 ἐναγωγάς·
3257 4028 3310 4081 οἱ
3359 4028 3706 4083 ἐπίσκοποι

2054 4119 2148 4173 καὶ
2195 4122 2243 4172 οἱ
2278 4121 2529 4191 κληρικοὶ
2561 4121 2650 4175 διὰ
2704 4121 3000 4192 πρεσϐείαν
3047 4123 3080 4194 ἢ
3134 4123 3500 4193 χειροτονίαν
3543 4124 3701 4176 ἁπο-

2051 4210 2372 4280 δημοῦντες,
2409 4211 2510 4265 οὑκ
2562 4213 2848 4280 ἐνάγονται
2897 4213 3089 4285 μέχρις
3131 4212 3197 4267 ἂν
3236 4213 3705 4284 ὑποστρέψωσι,

2056 4286 2130 4372 μὴ
2169 4301 2559 4373 βλαπτομένων
2593 4303 2702 4357 τῶν
2747 4303 2981 4375 ἐχόντων
3025 4304 3220 4367 αὐτοὺς
3266 4305 3702 4372 ὑπευθύνους,

2051 4392 2116 4445 ἐκ
2141 4391 2239 4462 τῆς
2270 4393 2448 4447 αὐτῶν
2470 4393 2809 4465 ἀπολείψεως
2832 4394 2962 4465 περὶ
2985 4394 3207 4466 χρονίαν
3237 4397 3704 4470 παραγραφὴν.

370 4483 518 4555 men]
552 4483 644 4552 qui
694 4484 838 4552 ipsos
871 4481 1139 4536 obnoxios
1170 4481 1403 4546 habent,
1446 4497 1512 4535 ex
1575 4481 1820 4535 absentia
1886 4484 2124 4552 ipsorum
2163 4490 2316 4546 circa
2368 4491 2514 4562 longi
2559 4492 2819 4560 temporis
2867 4491 3332 4562 praescriptionem
3405 4507 3546 4548 non
3609 4493 3711 4549 ιε.

369 4578 586 4633 dantur.

439 4667 742 4722 Citationes
795 4672 960 4734 atque
1013 4666 1399 4720 exsccutienes
1453 4665 1692 4728 clericis,
1761 4681 1943 4720 mona-
1978 4673 2022 4729 υ

371 4759 508 4824 chis,
558 4757 806 4814 ascetriis
865 4766 917 4811 et
967 4758 1190 4820 ascetis,
1243 4756 1296 4810 in
1349 4755 1681 4826 pecuniariis
1744 4754 1950 4827 [causis

370 4851 510 4924 sive]
542 4850 772 4921 publicis
815 4846 977 4920 [sive]
1013 4848 1239 4918 privatis
1271 4857 1584 4904 reverenter
1618 4846 1945 4903 inferuntor.

367 4942 526 4999 Nulla
557 4941 855 4997 monastria
889 4940 969 4994 vel
1010 4941 1248 4995 ascetria
1287 4954 1317 4994 c
1354 4941 1691 4995 monasterio
1733 4941 1947 4996 abstra-

368 5036 510 5089 hiter
542 5053 553 5088 :
585 5034 676 5088 sed
710 5048 805 5101 per
835 5044 1246 5102 procuratorem
1275 5045 1497 5085 causam
1531 5033 1718 5087 dicito.
1760 5032 1945 5088 Mena-

285 5177 297 5191 ._
367 5129 502 5182 chus
547 5125 794 5195 proprias
825 5132 919 5178 aut
958 5122 1275 5178 monasterii
1311 5121 1559 5197 [causas]
1592 5125 1708 5180 sive
1739 5142 1834 5195 per
1861 5141 1940 5188 se,

367 5219 480 5272 sive
522 5233 619 5288 per
663 5224 1074 5286 procuratorem
1133 5215 1262 5284 agit.
1327 5213 1381 5268 Si
1442 5230 1570 5270 vero
1599 5202 1787 5270 contra
1829 5216 1942 5271 haec

365 5311 480 5376 ﬁat,
525 5307 690 5377 judex
723 5306 942 5376 cingulo
987 5304 1318 5368 denudatur,
1376 5316 1428 5361 ct
1482 5307 1724 5377 quinque
1769 5308 1942 5364 libras

364 5399 506 5475 [auri
525 5400 688 5454 rebus
709 5394 994 5468 principis]
1030 5395 1257 5466 privatis
1284 5398 1376 5450 dat
1403 5415 1416 5451 :
1447 5409 1735 5453 exsecutor
1760 5410 1938 5454 autem

361 5492 647 5549 tormentis
673 5491 943 5555 subditur,
972 5497 1026 5542 et
1054 5488 1107 5541 in
1147 5486 1402 5542 exsilium
1442 5491 1706 5544 mittitur:
1733 5490 1940 5564 [idque]

363 5600 495 5640 cura
530 5582 789 5654 episcopi,
826 5584 916 5651 qui
949 5579 1110 5634 etiam
1132 5581 1451 5649 magistratu
1477 5582 1737 5636 ultionem
1773 5581 1939 5654 [irro-

364 5673 514 5745 garc]
545 5673 844 5736 diii‘erente,
875 5671 954 5745 [id
985 5671 1051 5725 ad
1087 5671 1409 5743 principem]
1447 5673 1633 5728 refert.
1665 5672 1770 5728 Pro
1799 5676 1939 5729 cita-

366 5767 512 5821 t-iene
542 5764 857 5835 pecuniaria
886 5764 969 5818 vel
1006 5763 1277 5819 criminali
1329 5763 1643 5833 hujusmodi
1692 5782 1939 5837 persona

2121 4670 2187 4720 Αί
2214 4668 2551 4739 ὑπομνήσεις
2582 4668 2675 4720 καὶ
2699 4668 2747 4720 οἱ
2765 4666 3090 4739 ἐκϐιϐασμοὶ
3115 4667 3253 4738 μετὰ
3268 4671 3469 4740 τιμῆς
3501 4691 3707 4744 προσ-

2056 4761 2376 4829 αγέσθωσαν
2432 4762 2544 4823 τοῖς
2582 4760 2863 4831 κληρικοῖς
2899 4759 2994 4812 καὶ
3029 4761 3284 4829 μοναχοῖς
3339 4763 3456 4815 καὶ
3501 4764 3715 4841 ἀσκη-

2052 4851 2232 4923 τρίαις
2265 4851 2359 4904 καὶ
2384 4851 2761 4921 ἀσκητηρίοις,
2817 4852 2908 4902 ἐπὶ
2943 4852 3054 4914 τοῖς
3083 4857 3493 4922 χρηματιγοῖς
3544 4859 3719 4914 ιδιω-

2051 4944 2221 5005 τικοῖς
2261 4941 2356 4996 καὶ
2387 4942 2665 5012 δημοσίοις
2690 4956 2703 4970 ·
2775 4942 2866 4995 καὶ
2901 4944 3199 5012 μονάστρια
3235 4942 3342 5011 μὲν
3412 4945 3456 5017 ἢ
3505 4950 3721 5024 ἀσκή-

2050 5049 2177 5101 τρια
2203 5031 2296 5084 τοῦ
2341 5033 2708 5102 μοναστηρίου
2743 5030 2818 5102 μὴ
2853 5031 3371 5098 ἁφελκέσθω,νάλλὲι
3407 5037 3494 5090 δι’
3530 5041 3718 5095 ἕντο-

2051 5125 2184 5188 λέως
2209 5123 2478 5193 κρινέσθω
2509 5139 2521 5152 ⁵
2555 5126 2582 5176 ὁ
2606 5122 2663 5176 δὲ
2693 5123 2926 5192 μοναχὸς
2961 5122 3057 5186 τὰς
3112 5122 3246 5185 ἰδίας
3295 5123 3336 5192 ἢ
3406 5127 3537 5194 τὰς
3606 5134 3722 5186 τοῦ

2051 5217 2433 5285 μοναστηρίου,
2473 5213 2582 5267 εἴτε
2611 5213 2677 5266 δι’
2698 5213 2892 5266 ἑαυτοῦ
2919 5214 3024 5266 εἴτε
3063 5212 3130 5265 δι’
3151 5213 3444 5281 ἐντολέως
3496 5222 3679 5280 οέλει
3705 5244 3724 5258 ·

2047 5309 2094 5360 εί
2124 5308 2181 5360 δέ
2214 5311 2362 5377 παρὰ
2390 5306 2561 5360 ταῦτα
2595 5307 2842 5375 γένηται,
2891 5308 2918 5358 ὁ
2945 5306 3199 5374 δικαστὴς
3229 5307 3727 5384 ἀποζώννυται,

2049 5399 2141 5454 καί
2172 5406 2213 5452 ε’
2234 5399 2421 5470 λίτρας
2456 5400 2568 5461 τοῖς
2599 5397 2884 5469 πριϐάτοις
2929 5395 3110 5450 δίδωσι
3145 5413 3159 5429 ·
3215 5398 3316 5451 καὶ
3357 5402 3396 5453 ὁ
3438 5406 3729 5464 ἐκδιδα-

2051 5491 2180 5561 στὴς
2223 5489 2574 5561 βασανίζεται
2635 5489 2728 5541 καὶ
2790 5487 3096 5559 ὲξορίξεται
3132 5489 3384 5562 προνοίᾳ
3432 5497 3554 5551 τοῦ
3578 5502 3731 5554 ἐπε-⁸

2050 5584 2272 5646 σκόπου,
2302 5583 2447 5646 ὅστις
2505 5582 2596 5634 καὶ
2631 5582 2915 5651 ἀναφέρει,
2961 5581 3054 5634 τοῦ
3111 5580 3404 5650 ἄρχοντος
3452 5590 3736 5667 ὑπερτι-

2049 5677 2274 5747 θεμένου
2305 5676 2404 5746 τὴν
2457 5674 2735 5744 ἐκδίκησιν
2768 5689 2779 5702 ·
2821 5673 2959 5741 ὑπὲρ
3019 5673 3074 5726 δὲ
3116 5673 3580 5750 ὑπομνήσεως,
3650 5688 3738 5741 τὰ

2045 5765 2272 5820 τοιαῦτα
2333 5765 2604 5836 πρόσωπα
2665 5763 3016 5835 χρηματικῆς
3070 5764 3101 5833 ἢ
3159 5765 3738 5847 ἐκκλησιαττικῆς
