3842 6224
193 251 304 315 717

194 457 261 509 σὺ
287 455 452 508 πλέον
483 453 523 504 δ’
547 449 814 521 κερατίων
855 451 1092 503 διδόασιν
1115 465 1129 479 ⁶
1157 452 1206 502 εἰ
1233 449 1291 502 δὲ
1322 448 1463 502 κατὰ
1497 447 1780 518 βασιλικὴν

195 545 476 605 κέλευσιν,
505 542 538 612 ἢ
573 540 725 611 παρὰ
759 540 1017 611 ἄρχοντος
1046 541 1080 610 ἦ
1105 540 1475 619 πατριάρχου,
1509 540 1674 608 σταλῇ
1699 539 1782 601 τίς

193 637 279 697 είς
296 634 612 702 ὑπόμνησιν
652 632 855 695 αὐτῶν,
910 633 971 684 οὐ
1000 630 1160 683 πλέον
1191 632 1418 702 λήψεται
1482 631 1597 694 ἑνὸς
1625 630 1781 700 νομί-

196 742 412 796 σματος
441 738 455 752 ⁸
488 723 613 776 εἰδὲ
653 723 822 776 πολλὰ
859 722 1083 776 τοιαῦτα
1130 722 1399 791 πρόσωπα
1433 722 1528 775 ἐπὶ
1565 720 1663 792 μιᾷ
1692 721 1782 774 καὶ

189 816 261 883 τῇ
297 813 437 883 αὐτῇ
469 814 619 882 αἰτίᾳ⁴
645 812 1088 882 ὑπομνησθῶσιν,
1125 813 1242 878 ἐνὸς
1285 814 1446 883 μόνου
1479 813 1776 885 προσώπου

188 904 436 956 διδόασιν
471 920 486 934 ⁶
542 905 839 966 ἐπίσκοπος
869 905 1008 974 ὑπὲρ
1058 903 1169 956 τῶν
1233 905 1376 958 ἰδίων
1433 906 1777 976 πραγμάτιον

190 994 533 1064 ἐναγόμενος
563 993 746 1046 δίδωσι
808 994 1133 1064 σπόρτουλα,
1170 994 1308 1064 ὑπὲρ
1330 995 1385 1046 δὲ
1425 995 1523 1065 τῆς
1552 995 1782 1064 Ἐκκλη-

195 1085 328 1148 σίας
390 1084 554 1138 αὑτοῦ
591 1086 662 1154 μὴ
720 1086 1003 1156 ὀχλείσθω,
1039 1086 1153 1139 ἀλλ’
1180 1089 1206 1139 ὁ
1257 1087 1599 1156 οἰκονόμοςῆ
1636 1090 1662 1140 6
1692 1088 1783 1141 ἐπὶ

187 1177 377 1247 τούτῳ
411 1177 847 1246 προϐαλλόμενος
879 1194 894 1207 ·
921 1179 949 1230 6
989 1177 1044 1229 δὲ
1071 1177 1220 1247 παρὰ
1257 1177 1427 1229 ταῦτα
1477 1178 1782 1249 σπόρτουλα

188 1266 405 1333 λαϐὼν,
431 1267 491 1320 τδ
520 1267 743 1322 διπλοῦν
772 1268 1080 1334 ἀναδίδωσι,
1116 1269 1209 1320 καὶ
1234 1269 1336 1321 ὑπὸ
1369 1270 1656 1339 στρατείαν
1686 1270 1782 1339 μὲν

190 1357 702 1424 ὣνάποζώννυται,
749 1359 1009 1431 κληρικὸς
1038 1359 1095 1413 δὲ
1129 1359 1470 1432 καθαιρεῖται
1494 1377 1507 1392 ⁸
1559 1362 1783 1414 ἐπίσκο-

188 1466 305 1512 πος
361 1450 484 1504 οὔτε
541 1450 634 1502 ἐπὶ
664 1455 981 1521 χρηματικῇ
1036 1451 1159 1504 οὒτε
1210 1452 1587 1522 ἐγκληματικῇ
1635 1453 1780 1524 δίκῃ,

186 1542 373 1611 χωρὶς
401 1541 702 1604 κελεύσεως
737 1542 1042 1612 βασιλικῆς,
1074 1543 1317 1610 διὰγεται
1344 1544 1374 1614 ἢ
1409 1546 1736 1614 παρίσταται
1766 1561 1778 1574 ·

186 1634 227 1684 ὁ
263 1633 326 1685 δὲ
357 1634 508 1702 παρὰ
534 1633 706 1686 ταῦτα
764 1634 1074 1704 προστάξας
1106 1635 1396 1703 ἐγγράφως
1426 1635 1457 1705 ἢ
1501 1635 1780 1703 ἀγράφως,

187 1722 605 1788 ἀποζὼννυται,
634 1725 727 1777 καὶ
761 1722 808 1776 κ’
845 1725 1032 1794 λίτρας
1068 1725 1358 1796 ζημιοῦται
1397 1729 1464 1796 τῇ
1489 1725 1784 1795 Ἐκκλησία

183 1815 290 1867 τοῦ
331 1815 651 1880 ἐπισκόπου,
686 1816 778 1868 καί¹
803 1817 830 1868 6
857 1815 1185 1886 ἐκϐιϐαστὴς
1226 1815 1623 1880 ἀποζώννυται,
1689 1815 1785 1868 καὶ

190 1907 638 1977 βασανιζόμενος
697 1907 997 1976 ἐξορίζεται
1033 1923 1047 1938 ο
1110 1909 1202 1960 καὶ
1257 1909 1290 1978 ή
1326 1907 1389 1971 ιζ’
1425 1907 1564 1961 διάτ.
1614 1905 1710 1959 τοῦ
1736 1924 1785 1959 αν

182 1999 307 2053 τίτ.
358 1998 468 2052 τῶν
496 1997 728 2070 Νεαρῶν
782 2016 950 2068 φησιν
979 2038 994 2062 ,
1037 1999 1141 2063 ὅτι,
1174 1999 1507 2051 Ἐπισκόπου
1547 2014 1782 2065 κατηγο-

191 2090 497 2160 ρουμένου,
529 2091 557 2142 6
588 2091 989 2160 μητροπολίτης
1018 2090 1195 2160 κρίνει
1228 2106 1241 2120 ·
1287 2090 1418 2143 εἰδὲ
1451 2089 1784 2160 μητροπολί-

185 2199 301 2252 της
334 2184 742 2251 κατηγορεῖται,
773 2184 802 2233 6
823 2182 1169 2252 πατριάρχης
1197 2181 1360 2234 αὑτοῦ
1390 2183 1584 2234 σκοπεῖ
1611 2197 1625 2212 ο
1653 2182 1701 2232 εί
1728 2180 1785 2232 δὲ

188 2273 465 2343 κληρικδς
489 2272 522 2342 ἢ
557 2273 810 2343 μοναχδς,
840 2274 868 2325 6
893 2273 1193 2335 ἐπίσκοπος
1229 2271 1396 2326 αὐτοῦ
1423 2290 1438 2304 ο
1468 2272 1561 2325 καὶ
1587 2273 1614 2324 6
1634 2271 1788 2324 πταί-

194 2380 324 2428 σας,
375 2364 676 2428 κανονικῶς
709 2364 1210 2444 σωφρονίζεταιχτῷ
1266 2365 1497 2436 κρίματι
1560 2363 1654 2417 τοῦ
1701 2364 1787 2428 ἐξ·

196 2455 496 2520 ετάζοντος
521 2470 535 2484 '
569 2457 602 2527 ὴ
638 2455 694 2508 δὲ
723 2457 850 2526 περὶ
891 2456 1280 2526 τοποτηρητῶν
1312 2456 1387 2528 ρλ¹
1411 2456 1580 2528 νεαρὰ
1614 2455 1783 2523 λέγει,

191 2548 282 2601 ὅτι
347 2547 671 2618 μονάστρια,
719 2547 808 2600 διὰ
860 2546 1118 2616 οὐδεμίαν
1161 2547 1407 2617 ἀγωγὴν,
1444 2549 1508 2599 ἐκ
1527 2546 1619 2599 τοῦ
1654 2546 1784 2599 ἰδίου

194 2656 454 2712 μοναστη
463 2639 579 2712 ρίου
601 2638 838 2692 ἕλκεται.

273 2922 530 2976 ΚΕΦΑΛ.
561 2918 708 2974 B’.—
727 2921 912 2975 Πόσοι
930 2919 1029 2974 καί
1054 2921 1213 2987 τινες
1233 2919 1790 2989 καταμαρτυροῦσιν

194 3013 558 3070 ἐπισκόπων
580 3014 618 3080 ἢ
654 3011 954 3080 κληρικῶν
978 3029 996 3076 ;

652 3106 1017 3158 Απσστόυίων
1042 3104 1241 3157 κανὼν
1275 3109 1369 3159 σε’.

291 3201 389 3256 σε’.
415 3199 505 3262 Εἰς
525 3199 938 3270 μαρτυρίαντὴν
961 3193 1102 3248 κατὰ
1127 3195 1452 3257 ἐπισκόπου,
1516 3195 1791 3267 αἱρετικὸν

203 3286 286 3354 μὴ
314 3284 727 3353 προσδέχεσθαι,
751 3285 888 3337 ἀλλὰ
919 3284 994 3355 μὴ
1022 3283 1080 3337 δὲ
1122 3285 1311 3339 πιστὸν
1338 3286 1434 3340 ἕνα
1470 3303 1484 3318 ⁸
1515 3285 1613 3340 ἐπὶ
1646 3290 1789 3342 στό..

192 3393 396 3446 ματος
440 3375 546 3446 γὰρ
599 3374 707 3428 δύο
760 3376 797 3445 1']
849 3373 1024 3443 τριῶν
1050 3377 1377 3445 μαρτύρων
1425 3379 1792 3447 σταθήσεται

199 3467 340 3525 πᾶν
355 3464 546 3537 ῥῆμα.

355 3560 627 3616 Συνόδου
661 3559 1080 3630 Καρθαγέννης
1107 3559 1305 3614 κανὼν
1336 3566 1382 3613 κ’
1407 3560 1480 3614 νϐ’
1516 3561 1648 3632 ρλα’.

281 3651 429 3719 Περί
455 3650 874 3720 πρεσϐυτέρων
897 3651 997 3705 καὶ
1037 3650 1342 3720 κληρικῶν
1361 3652 1793 3721 κατηγορουμέ·

203 3761 356 3798 νων.

284 3833 358 3892 κ’.
397 3832 521 3887 Ἐὰν
549 3834 606 3887 δὲ
632 3834 992 3906 πρεσϐύτεροι
1031 3835 1064 3905 ἢ
1089 3835 1324 3889 διάκονοι
1354 3836 1788 3907 κατη-γορηῦὦσι,

206 3950 269 3986 κ.
312 3948 364 3984 τ.
399 3930 450 3983 λ.

285 4022 430 4092 Περί
474 4021 582 4077 τοῦ
636 4021 983 4090 κληρικοὺς.
1043 4021 1219 4091 χάριν
1265 4021 1636 4091 διαγνώσεως
1682 4021 1793 4089 τῆς

205 4115 436 4179 οἰκείας
464 4111 662 4166 αὐτῶν
690 4113 960 4181 κρίσεως,
993 4114 1079 4184 μὴ
1117 4112 1551 4183 ἀναγκάζεσθαι
1613 4111 1794 4180 δημο-

201 4209 359 4273 σίως
373 4205 712 4276 μαρτιιρεῖν.

278 4295 381 4351 νϐ’.
411 4300 501 4348 Δεῖ
546 4297 761 4367 αἰτῆσαι
789 4281 869 4349 Eri
900 4294 1005 4365 μὴν
1044 4295 1130 4348 ἵνα
1154 4295 1332 4365 ὁρίσαι
1362 4293 1789 4358 καταξιὼσωσιν,

1047 246 1444 307 SYNTAGMA
1489 243 1877 304 CANONUM.
1910 267 1981 279 -
2019 244 2165 303 TIT.
2195 244 2299 318 ΙΧ,
2341 245 2496 304 CAP.
2541 244 2623 305 II-

85 379 96 382 ·
196 363 404 426 αἰτίας,
437 360 492 412 ἕν
526 375 583 411 τε
635 358 1202 411 Κωνσταντινουπόλει
1261 358 1357 409 καὶ
1416 356 1811 425 ὁπουδήποτε,⁴

1899 354 2368 425 Zonstautiuopoli,
2400 365 2566 428 atque
2596 357 2965 428 alibicunqur,
3005 373 3113 413 non
3147 357 3284 414 ultra
3321 374 3457 428 qua-

3354 241 3458 310 718

1883 455 2008 498 tuor
2035 445 2263 514 siliquas
2291 446 2441 500 dant.
2489 445 2640 510 Quod
2675 447 2718 501 si
2761 449 2882 516 quis
2920 448 3181 516 imperiali
3208 448 3456 518 jussione

1881 542 1975 590 aut
1999 551 2029 589 a
2060 537 2404 606 magistratu.
2435 544 2527 590 aut
2556 553 2587 591 a
2617 539 2925 604 patriarcha
2961 539 3026 592 ad
3058 540 3305 594 citandos
3334 539 3456 596 illos

1882 628 2084 683 missus
2136 628 2318 692 fuerit,
2374 645 2480 683 non
2539 631 2678 683 ultra
2734 646 2901 684 unum
2965 633 3199 689 solidum
3257 632 3452 703 capiet.

1883 720 2022 787 Quin
2050 723 2094 776 si
2133 723 2317 776 multae
2359 721 2664 776 istiusmodi
2699 738 2945 792 persona:
2991 725 3047 778 in
3078 739 3189 778 una
3237 726 3457 778 eadem-

1884 826 1988 878 que
2025 826 2188 866 causa
2223 812 2478 878 citentur,
2530 812 2694 865 unius
2749 821 2957 867 tantum
2997 829 3239 881 persona:
3277 815 3458 888 [spor-

1882 901 2049 974 tulas]
2097 903 2249 957 dant.
2286 901 2586 971 Episcopus
2635 918 2819 956 rerum
2871 917 3094 958 suarum
3138 905 3358 959 nomine
3400 906 3455 958 in

1879 992 1970 1061 jus
2008 1001 2258 1058 vocatus,
2309 994 2402 1046 dat
2436 994 2711 1062 sportulas
2743 1011 2756 1048 :
2794 994 2885 1047 sed
2919 1008 3017 1062 pro
3066 996 3228 1050 rebus
3268 994 3458 1051 Eccle-

1883 1085 1978 1136 siae
2004 1100 2117 1138 sua:
2169 1101 2236 1139 ne
2289 1083 2620 1154 inquietatur
2651 1081 2940 1156 [quidem],
2979 1085 3074 1138 sed
3111 1100 3454 1153 (nconomus,

1883 1178 2046 1245 quive
2088 1177 2153 1230 ad
2197 1177 2249 1232 id
2301 1177 2618 1247 designatus
2655 1186 2756 1231 est.
2789 1174 2894 1242 Qui
2936 1191 3066 1229 vero
3115 1185 3302 1231 contra
3343 1177 3459 1233 haec

1885 1265 2158 1332 sportulas
2191 1267 2415 1335 ceperit,
2449 1266 2675 1335 duplum
2729 1266 2944 1319 reddit:
2983 1274 3035 1318 et
3071 1266 3116 1320 si
3168 1266 3219 1320 in
3263 1268 3457 1321 militia

1885 1354 2187 1428 [quapiam]
2217 1357 2308 1422 sit,
2341 1356 2558 1424 cingulo
2587 1357 2831 1424 privatur
2866 1371 2880 1410 :
2921 1353 2965 1409 si
3010 1355 3264 1422 clericus,
3294 1355 3464 1426 depo-

1886 1449 2052 1503 nitur.
2089 1449 2391 1519 Episcopus
2420 1464 2597 1518 neque
2631 1457 2854 1518 propter
2876 1449 3246 1516 pecuniariam
3284 1465 3460 1520 neque

1884 1549 2107 1610 propter
2162 1541 2496 1594 criminalem
2550 1555 2807 1606 causam,
2866 1540 3002 1594 citra
3049 1541 3456 1610 imperatoriam

1883 1630 2226 1698 jussionem,
2257 1631 2476 1684 ducitur
2511 1640 2605 1684 aut
2653 1629 2890 1684 sistitur.
2939 1630 3040 1696 Qui
3090 1646 3221 1685 vero
3268 1640 3458 1686 contra

1888 1721 1989 1775 hoc
2019 1730 2112 1776 aut
2141 1737 2237 1790 per
2273 1723 2595 1791 scripturam
2628 1729 2723 1773 aut
2759 1721 2896 1774 citra
2923 1725 3252 1792 scripturam
3280 1723 3461 1792 jusse~

1888 1814 1978 1876 rit,
2004 1813 2167 1885 246
2197 1823 2250 1868 ct
2279 1816 2497 1884 cingulo
2521 1818 2806 1885 spoliatur,
2850 1827 2904 1872 et
2938 1817 3128 1886 viginti
3163 1816 3318 1869 libris
3347 1813 3455 1868 Ec-

1887 1903 2069 1956 clcsiaa
2103 1904 2344 1973 episcopi
2385 1903 2772 1977 [applicandis]
2814 1907 3122 1960 multatur:
3171 1914 3462 1959 exsecutor

1889 2005 2068 2049 autem
2125 1996 2346 2066 cingulo
2392 1999 2721 2064 denudatur,
2775 2009 2830 2054 et
2866 2000 3154 2054 tormentis
3208 1999 3462 2053 subditus

1887 2087 2394 2155 cxsularejubctur.
2434 2088 2500 2142 Et
2532 2098 2706 2145 const.
2746 2090 2834 2156 17,
2874 2091 2958 2144 tit.
3015 2090 3039 2143 1
3072 2088 3459 2144 Novellarum:

1888 2175 2023 2232 Cum
2053 2177 2341 2248 episcopus
2382 2179 2603 2253 [inquit]
2644 2191 2960 2247 accusatur,
3010 2181 3464 2251 metropolitanus

1886 2269 2116 2340 judicat.
2153 2269 2208 2326 Si
2245 2288 2375 2328 vero
2419 2275 2876 2344 metropolitanus
2923 2283 3238 2339 accusetur,
3289 2271 3463 2342 ipsius

1889 2361 2202 2430 patriarcha
2233 2365 2538 2432 cognoscit.
2605 2363 2710 2418 Sed
2758 2363 2805 2419 si
2842 2362 3080 2418 clericus
3127 2371 3222 2416 aut
3269 2378 3464 2416 mona-

1889 2454 2049 2520 chus,
2081 2455 2202 2523 ejus
2235 2456 2545 2526 episcopus.
2591 2457 2694 2522 Qui
2726 2465 2904 2510 autem
2947 2455 3210 2524 deliquit,
3253 2455 3463 2524 judicio

1889 2545 2007 2612 ejus
2054 2547 2147 2616 qui
2209 2547 2480 2620 [causam]
2520 2550 2820 2614 examinat,
2873 2548 3174 2604 secundum
3223 2563 3462 2602 canones

1890 2639 2208 2709 castigatur.
2252 2638 2426 2695 Porro
2473 2641 2685 2695 novella
2741 2641 2864 2705 154,
2916 2641 2984 2696 de
3043 2639 3265 2694 vicariis
3309 2641 3462 2701 dicit,

1891 2731 2035 2801 quod
2064 2733 2367 2787 monastria
2407 2749 2503 2803 per
2529 2734 2732 2787 nullam
2763 2733 3032 2787 actionem
3065 2748 3095 2788 e
3134 2747 3234 2787 suo
3265 2748 3462 2786 mona-

1894 2824 2063 2878 sterio
2105 2825 2375 2879 trahatur.

1963 2941 2114 2998 CAP.
2158 2942 2221 2997 ll.
2255 2975 2324 2985 —
2345 2943 2485 3009 Quot
2541 2943 2620 2997 vel
2657 2944 2876 3013 quinam
2906 2945 3074 2998 dicere
3106 2943 3466 2998 testimonium

1815 3033 1858 3092 C
1891 3044 2083 3105 queant
2109 3034 2360 3089 adversus
2390 3035 2659 3103 episcopos
2694 3044 2786 3087 aut
2819 3035 3054 3086 clericos.

2313 3128 2688 3194 Apostolorum
2715 3143 2881 3180 canon
2916 3125 3004 3179 75.

1965 3219 2033 3275 75
2055 3217 2188 3291 [74].
2222 3221 2281 3273 In
2315 3220 2687 3274 testimonium
2709 3219 2971 3274 adversus
2993 3215 3310 3286 episcopum
3352 3215 3464 3271 hae-

1895 3313 2098 3367 reticus
2139 3327 2205 3367 ne
2243 3312 2608 3378 admittatur;
2645 3311 2741 3366 sed
2776 3326 2877 3366 nec
2902 3326 3042 3364 unus
3072 3311 3222 3364 solus
3257 3307 3464 3361 ﬁdelis:

1891 3403 1961 3458 In
1993 3421 2082 3458 ore
2115 3405 2258 3458 enim
2284 3404 2510 3457 duorum
2551 3402 2630 3458 vel
2680 3403 2844 3457 trium
2874 3403 3084 3456 testium
3129 3399 3287 3454 stabit
3319 3414 3468 3451 onme

1892 3496 2124 3548 verbum.

1964 3587 2187 3641 Coucilii
2219 3587 2661 3658 Carthaginiensis
2693 3602 2917 3640 canones
2943 3584 3034 3652 ‘20,
3068 3583 3156 3647 59,
3195 3584 3321 3638 1³51.

1966 3677 2044 3730 De
2063 3678 2380 3748 presbyteris
2407 3687 2454 3731 et
2489 3677 2690 3730 clericis
2720 3675 3003 3729 accusatis.

1963 3857 2054 3912 20.
2091 3855 2146 3910 Si
2172 3853 2480 3925 presbyteri
2510 3863 2565 3908 et
2596 3852 2832 3914 diaconi,
2870 3859 2978 3915 etc,
3020 3861 3075 3903 ut
3115 3868 3234 3920 pag.
3279 3849 3406 3906 706.

1962 4032 2027 4088 Ut
2058 4032 2235 4086 clerici
2256 4030 2320 4084 de
2346 4029 2534 4092 iudicii
2564 4029 2648 4082 sui
2673 4027 2972 4098 cognitione
2992 4043 3096 4082 non
3134 4037 3390 4096 cogantur
3416 4027 3469 4078 iu

1893 4125 2101 4194 publica
2125 4123 2296 4176 dicere
2330 4122 2684 4175 testimonium
2722 4117 2858 4188 (91).

1967 4308 2054 4361 59.
2108 4305 2400 4361 Pctendum
2423 4305 2470 4337 ²⁰
2503 4304 2668 4358 etiam
2697 4343 2712 4368 ,
2765 4311 2825 4358 ut
2862 4311 3102 4359 statuere
3157 4303 3466 4374 dignentur,

203 4393 353 4448 ὥστε
402 4391 497 4445 ἐάν
549 4409 692 4454 τινες
740 4393 797 4442 ἐν
863 4389 1156 4459 Ἐκκλησία⁵
1225 4389 1548 4459 οἱανδήποτε
1603 4387 1784 4440 αἰτίαν

1899 4409 1954 4452 ut
1985 4399 2028 4451 si
2067 4399 2161 4467 qui
2193 4397 2332 4451 forte
2367 4397 2420 4450 in
2467 4394 2699 4450 ecclesia
2744 4393 3046 4464 quamlibet
3085 4409 3305 4448 causam
3345 4393 3471 4461 jure

203 4481 554 4551 ἀποστολικῷ
581 4479 774 4550 δικαίῳ
805 4478 882 4550 τῷ
910 4481 1030 4541 ταῖς
1061 4477 1411 4547 Ἐκκλησίαις
1452 4475 1786 4544 ἐπικειμένῳ

204 4575 488 4647 γυμνάσαι
519 4573 806 4643 Οελήσωσι,
841 4572 930 4624 καὶ
967 4571 1094 4633 ῐσως
1125 4572 1156 4641 ἡ
1182 4571 1324 4640 τομὴ
1351 4569 1457 4622 τῶν
1507 4568 1786 4638 κληρικῶν

205 4668 289 4739 τῷ
313 4667 398 4722 ἐνὶ
426 4667 581 4736 μέρει
611 4665 899 4734 ἁπαρέσοι,
936 4663 1011 4733 μὴ
1034 4662 1230 4726 ἐξεῖναι
1269 4662 1405 4732 πρὸς
1435 4661 1786 4731 δικαστήριον

206 4761 292 4824 εἰς
328 4756 636 4829 μαρτυρίαν
666 4755 1054 4825 προκαλεῖσθαι
1099 4755 1190 4806 τὸν
1234 4753 1495 4824 κληρικὸν
1554 4755 1782 4817 ἐκεῖνον,

205 4850 302 4905 τὸν
370 4848 632 4920 πρότερον
665 4847 724 4897 τὸ
774 4846 904 4898 αὐτὸ
949 4848 1184 4916 πρᾶγμα
1235 4846 1651 4916 σκοπήσανταῆ
1693 4846 1789 4898 κα)⁵

213 4938 575 5007 σκοπουμένῳ
606 4937 990 5006 παρατυχόντα
1020 4956 1034 4969 -
1066 4937 1157 4990 καὶ
1206 4937 1292 4992 ἵνα
1349 4937 1482 5007 μηδέ
1513 4934 1792 5014 προσώπῳ

210 5031 294 5095 τίς
342 5030 640 5099 προσήκων
699 5029 1162 5099 ἐκκλησιαστικῷ,
1205 5028 1460 5099 ἐναχθείη
1519 5028 1649 5098 περὶ
1695 5027 1790 5082 τοῦ

209 5123 453 5193 ὀφείλειν
485 5124 803 5191 μαρτυρεῖν.

385 5211 561 5276 Τίνας
585 5210 679 5264 δεῖ
697 5211 1137 5279 προσδέχεσθαι
1165 5213 1252 5276 εἰς
1276 5210 1629 5278 μαρτυρίαν.

285 5305 426 5376 pla’.
446 5304 640 5374 Μάρτυ
650 5320 744 5373 ρας
760 5303 816 5355 δέ
838 5301 969 5371 πρὸς
992 5305 1290 5374 μαρτυρίαν
1316 5304 1391 5372 μὴ
1405 5301 1790 5374 προσδέχεσθαι

285 5481 333 5513 ’⁸
355 5481 524 5536 Couc.
560 5479 814 5550 Carthag.
841 5497 892 5546 ν,
921 5495 1040 5549 cap.
1077 5481 1159 5534 15.
1194 5477 1360 5533 Afric.
1392 5495 1443 5535 c.
1475 5479 1524 5532 6.

1895 4491 2192 4560 apostolico
2256 4489 2502 4544 ecclesiis
2558 4487 2817 4556 imposito
2869 4501 3029 4557 agere
3060 4486 3364 4549 voluerint,
3417 4494 3473 4539 ct

1891 4583 2124 4637 fortasse
2149 4583 2391 4636 decisum
2430 4579 2552 4652 [ms.
2584 4577 2810 4650 decisio]
2832 4578 3154 4633 clericorum
3186 4579 3278 4633 uni
3332 4578 3471 4647 parti

1909 4671 2284 4741 displicuerit;
2329 4685 2435 4723 non
2495 4670 2654 4724 liceat
2705 4668 2962 4724 clericum
3013 4667 3067 4722 in
3107 4668 3365 4733 iudicium
3402 4670 3469 4720 ad

1893 4763 2268 4820 testimonium
2304 4762 2558 4816 devocari
2601 4759 2761 4832 247
2796 4775 2958 4825 eum,
2982 4761 3073 4828 qui
3111 4761 3358 4830 cognitor
3388 4760 3467 4812 vel

1897 4871 2140 4926 praesens
2190 4853 2395 4910 fuerit:
2426 4863 2479 4908 et
2525 4853 2645 4925 [ηις.
2685 4855 2768 4921 ut]
2794 4853 2941 4906 nulla
2993 4851 3060 4907 ad
3093 4849 3465 4907 testimonium

1891 4948 2183 5003 dicendum
2242 4946 2592 5002 ecclesiastici
2638 4945 2933 5016 cujuslibet
2981 4957 3215 5015 persona
3281 4941 3466 5010 pulse-

1895 5048 2001 5093 llll'.

1961 5209 2063 5274 Qui
2092 5217 2158 5261 ad
2191 5208 2545 5262 testimonium
2572 5205 2905 5260 admittendi.

1979 5302 2098 5355 151.
2150 5300 2339 5356 Testes
2375 5310 2560 5355 autem
2618 5299 2684 5353 ad
2727 5295 3096 5353 testimonium
3133 5307 3240 5347 non
3275 5290 3473 5346 admit-

293 5643 524 5714 (91)Al.
584 5640 656 5693 De
721 5637 923 5693 clericis
992 5638 1060 5690 ad
1116 5637 1468 5690 testimonium
1538 5636 1958 5705 uoupulsaudis.
