3842 6224
377 316 480 382 719

1563 300 1821 363 ΡΙΙΟΤῘΙ
1850 300 1980 359 ΡΑἸ

2106 293 2350 355 ιΒΟΗίΕ
2382 289 2492 352 CP.
3515 278 3598 345 ’7Ξο

381 429 576 486 tendos
606 426 677 491 “,
725 423 816 494 qui
863 437 964 478 nec
1017 419 1083 478 ad
1123 417 1528 476 accusationem
1571 417 1782 471 admitti
1818 429 1955 485 pra)-

2106 412 2185 474 ιὺς
2215 407 2349 479 μηδέ
2377 403 2513 476 πρὸς
2545 398 2880 471 κατηγορίαν
2939 393 3280 465 εἰσδεχθῆναι
3325 394 3598 464 παραγγελ·

381 520 523 590 cepti
574 525 722 581 sunt,
769 516 855 569 vel
901 514 1064 569 etiam
1112 512 1411 582 quosipse
1443 516 1735 564 accusator
1760 507 1826 562 de
1854 521 1953 561 sua

2106 500 2336 570 ἑντας,ἢ
2374 499 2456 550 ἔτι
2496 497 2603 567 μὴν
2634 494 2729 558 οὒς
2774 489 2937 553 αὐτὸς
2963 489 2991 541 ὁ
3033 487 3338 557 κατήγορος
3383 479 3514 548 οἶκος
3553 487 3604 541 ἐκ

381 614 543 669 domo
569 607 909 680 produxerit.
946 606 1026 660 Ad
1054 603 1432 660 testimonium
1464 610 1646 656 autem
1674 599 1814 654 intra
1854 613 1956 652 au-

381 718 481 758 nos
523 701 589 754 M
621 700 797 754 aetatis
828 712 941 754 suae
971 711 1081 752 non
1121 696 1498 751 admittuntur.

457 792 673 847 Terctus.
707 790 908 857 Quales
961 803 1084 843 esse
1123 794 1370 856 oporteat
1423 783 1515 854 qui
1562 784 1615 838 in
1647 783 1854 854 judicio
1879 792 1960 836 te-

387 884 704 940 stimonium
739 881 945 945 dicunt,
980 879 1139 933 docet
1177 879 1260 932 tit.
1286 877 1339 942 5,
1364 876 1459 930 lib.
1487 891 1621 942 xx",
1662 882 1715 928 et
1761 874 1843 928 tit.
1870 871 1961 939 20,

2062 589 2156 642 τοῦ
2182 587 2314 640 ἰδίου
2345 583 2495 638 οίκου
2521 579 2852 652 προκομίσει
2879 594 2894 609 ο
2940 572 3214 645 μαρτυρία
3244 571 3304 624 δὲ
3340 571 3482 634 ἐντὸς
3508 571 3600 624 κεί-

2067 698 2167 754 ρας
2186 675 2449 732 ἐνιαυτῶν
2471 673 2529 728 ιδ’
2563 673 2638 744 μὴ
2663 667 3045 742 προσδεχθείη.

2150 769 2399 829 Ὁποίους
2421 767 2502 821 δεῖ
2525 759 2665 818 εἶναι
2698 763 2824 823 τοὺς
2852 763 2907 813 ἐν
2937 757 3063 830 δίκῃ
3112 755 3526 828 μαρτυροῦντας,
3547 755 3608 808 διο

2069 862 2254 918 δάσκει
2285 863 2312 914 ὁ
2334 860 2375 912 ε’
2398 858 2505 912 τίτ.
2537 856 2630 910 τοῦ
2657 854 2738 926 »ιβ’
2768 852 2912 924 βιϐλ.
2942 849 3038 903 καὶ⁸
3057 849 3085 902 ὁ
3120 854 3168 900 κ’
3196 849 3306 902 τίτ.
3358 846 3448 900 τοῦ
3469 846 3505 898 δ’
3529 847 3608 901 τίς,

510 990 584 1038 tv,
614 972 751 1028 Cod.
777 982 830 1026 et
858 938 1069 1026 novella
1096 969 1164 1022 90
1193 969 1259 1023 de
1287 938 1537 1022 testibus.
1569 938 1759 1019 Cvonst.
1783 973 1964 1017 autem

2106 953 2165 1007 οὗ
2193 953 2322 1007 κώδ.
2353 952 2449 1005 καὶ
2477 952 2510 1021 ή
2537 949 2667 1020 περὶ
2705 943 3000 1018 μαρτύρων
3054 940 3227 1009 νεαρά
3256 957 3270 970 ·
3305 942 3337 1009 ἡ
3367 939 3421 992 δέ
3445 938 3612 992 θ’διάτ.

382 1067 416 1121 9
470 1066 710 1136 ejusdem
741 1063 812 1117 20
866 1063 948 1117 tit.
985 1062 1080 1126 ait,
1115 1060 1259 1130 quod
1323 1075 1465 1112 unus
1511 1057 1661 1110 solus
1712 1070 1817 1108 non
1873 1067 1968 1106 au-

387 1159 592 1222 diatur,
630 1155 847 1210 etiamsi
901 1155 1108 1208 honore
1147 1151 1481 1220 praefulgent.
1529 1147 1827 1202 llaereticus
1867 1161 1968 1200 au-

387 1263 494 1305 tem
525 1247 752 1303 omnino
783 1255 971 1301 contra
1001 1243 1366 1297 orthodoxum
1401 1255 1509 1292 non
1549 1238 1684 1292 dicit
1727 1237 1970 1292 testimo-

387 1344 561 1404 nium,
595 1338 702 1394 nisi
739 1346 961 1407 propter
985 1333 1244 1390 curialem
1277 1341 1483 1388 statum
1517 1329 1858 1384 orthodoxus
1915 1327 1971 1380 in

383 1435 476 1504 jus
508 1436 770 1487 vocetur:
809 1437 868 1482 ut
901 1426 1113 1499 [tradit]
1168 1425 1263 1480 lib.
1315 1441 1355 1490 t,
1382 1422 1524 1478 Cod.
1571 1421 1657 1476 tit.
1702 1421 1756 1486 5,
1794 1429 1971 1476 const.

386 1525 480 1588 9.5,
513 1531 568 1578 et
603 1518 835 1584 novella,
861 1518 929 1572 de
962 1515 1348 1572 decurionibus
1378 1521 1431 1568 et
1456 1512 1830 1568 cohortalibus
1863 1511 1974 1566 bae-

389 1613 596 1675 rcticis,
629 1610 730 1676 45,
789 1623 911 1679 quae
956 1607 1131 1664 relata
1189 1611 1274 1660 est
1333 1602 1476 1659 inter
1529 1603 1785 1674 paratitla
1829 1603 1912 1657 tit.
1943 1602 1979 1656 ὅ

386 1705 752 1760 Novellarum.

2078 1045 2172 1100 τοῦ
2197 1042 2366 1099 αὐτοῦ
2397 1043 2447 1095 κ’
2474 1042 2581 1096 τίτ.
2620 1041 2806 1111 φησὶν,
2831 1039 2912 1090 ὅτι
2946 1030 3026 1100 εἷς
3057 1035 3217 1105 μόνος
3244 1032 3346 1084 οὐκ
3377 1031 3613 1096 ἀκούεται,

2075 1137 2179 1192 κᾶν
2214 1137 2385 1207 μέγας
2412 1135 2495 1204 εἴη
2527 1130 2898 1201 ἀξιωματικός
2930 1143 2944 1157 ⁸
3000 1124 3278 1194 αίρετικὺς
3325 1123 3381 1175 δέ
3426 1121 3614 1175 καθόλου

2076 1230 2136 1283 οὐ
2161 1226 2579 1298 καταμαρτυρεῖ
2611 1221 2917 1294 όρΟοδόξου,
2949 1219 2997 1271 εἰ
3028 1218 3103 1288 μὴ
3126 1217 3257 1282 περὶ
3309 1213 3616 1284 βουλευτικῆς

2078 1321 2469 1380 καταστάσεως
2494 1318 2522 1370 ό
2551 1313 2829 1386 ὀρθόδοξος
2878 1310 3163 1377 ἐνὰγηται,
3197 1307 3277 1370 ὡς
3313 1306 3450 1376 βιὸλ.
3478 1304 3616 1358 α’τοῦ

2080 1411 2211 1466 κώδ.
2245 1411 2352 1464 τίτ.
2383 1409 2426 1462 ε’
2446 1408 2587 1462 διάτ.
2620 1412 2705 1458 κα¹
2737 1404 2831 1457 καὶ
2859 1403 2916 1455 ἐν
2968 1403 3036 1471 τῇ
3071 1399 3203 1470 περὶ
3237 1397 3520 1468 βουλευτῶν
3549 1397 3619 1449 καὶ

2080 1501 2366 1567 ταξεωτῶν
2390 1498 2682 1570 αἱρετικῶν
2742 1501 2823 1566 με’
2860 1494 3052 1563 νεαρᾷ,
3100 1490 3223 1559 ἣτις
3268 1491 3541 1562 ἀνήνεκται
3578 1491 3620 1542 ὲν

2081 1598 2194 1659 τοῖς
2217 1591 2570 1663 παρατίτλοις
2601 1587 2695 1643 τοῦ
2730 1593 2779 1658 γ’
2797 1586 2904 1642 τίτ.
2925 1585 3034 1640 τῶν
3059 1582 3314 1654 Νεαρῶν.

461 1759 616 1849 CAP.
657 1791 746 1846 ΙΙΙ.
773 1821 842 1842 -ι-“·
870 1787 1012 1855 Quid
1038 1803 1157 1841 vero
1180 1785 1227 1839 si
1256 1785 1371 1855 quis
1402 1785 1468 1836 de
1500 1781 1810 1836 criminibus
1834 1780 1972 1834 mul-

2150 1772 2398 1827 ΚΕΦΑΛ.
2436 1770 2513 1824 Γ¹.
2535 1798 2602 1808 -—
2645 1765 2790 1823 Ἐάν
2820 1781 2912 1830 τις
2931 1762 3032 1818 ἐπὶ
3054 1761 3316 1827 πολλοῖς
3333 1759 3622 1829 ἐγκλήμασι

393 1890 458 1941 tis
496 1886 743 1940 clericum
781 1896 1058 1945 accusans,
1091 1878 1324 1948 primum
1369 1891 1433 1931 ea:
1471 1875 1551 1930 his
1617 1875 1978 1929 demonstrare

391 1979 651 2051 nequeat?

708 2065 937 2132 Concilii
973 2059 1376 2132 Cathaginensis
1409 2073 1580 2111 canon
1610 2056 1730 2112 150.

469 2160 535 2217 Ut
566 2163 656 2230 qui
709 2175 873 2214 unum
906 2157 1105 2210 crimen
1150 2168 1254 2206 non
1308 2149 1607 2220 probaverit
1649 2147 1717 2201 ad
1755 2147 1982 2201 alterum

395 2253 606 2308 admitti
642 2266 744 2304 non
777 2248 980 2304 debeat.

463 2344 598 2398 Item
655 2341 859 2412 placuit
908 2346 965 2393 ut
1017 2331 1483 2407 quotiescunque,
1542 2339 1690 2396 etc.,
1751 2338 1808 2382 ut
1861 2344 1981 2398 pag.

397 2436 518 2490 707.

460 2527 626 2599 2&8
678 2523 830 2580 CAP.
861 2521 954 2577 IV.
997 2552 1065 2562 —
1098 2521 1173 2576 De
1224 2520 1293 2574 iis
1321 2518 1411 2589 qui
1440 2513 1670 2587 prOpriis
1719 2528 1822 2567 non
1863 2510 1984 2564 obe-

397 2621 549 2674 diunt
583 2615 858 2686 episcopis.
896 2611 965 2666 Et
994 2611 1057 2665 de
1085 2610 1363 2680 episcopis,
1403 2608 1493 2678 qui
1513 2605 1780 2659 hominem
1804 2619 1836 2655 (ι
1862 2617 1987 2670 pro—

396 2711 512 2778 prio
571 2708 808 2778 episcopo
857 2700 1218 2773 pulsumivei
1275 2696 1792 2753 excommunicatum
1851 2690 1988 2745 reci-

417 2803 568 2855 riunt.

396 2819 568 2869 ptum.

773 2879 999 2937 Conciiii
1028 2876 1346 2932 Antioclteni
1377 2889 1554 2927 canon
1581 2873 1633 2926 6.

469 2978 527 3035 Si
582 2977 706 3048 quis
753 2991 782 3030 a
815 2974 1037 3047 proprio
1084 2971 1348 3042 episcopo
1397 2966 1519 3023 fuit"
1549 2961 1992 3021 excommunica-

399 3085 508 3135 tus,
544 3088 610 3126 ne
657 3071 808 3140 prius
861 3068 930 3122 ab
967 3067 1092 3121 aliis
1127 3063 1459 3134 suscipiatur
1484 3102 1499 3126 ,
1554 3073 1718 3129 quam
1769 3057 1990 3111 fuerita

404 3165 626 3236 proprio
654 3163 914 3232 episcopo
955 3166 1245 3227 susceptus
1265 3195 1280 3221 ,
1311 3155 1394 3210 vel
1414 3152 1559 3208 facta
1587 3150 1796 3222 synodo
1825 3162 1985 3204 acce-

409 3260 545 3314 dens
577 3271 638 3310 se
668 3251 990 3317 defenderit,
1023 3257 1079 3304 et
1117 3260 1379 3318 persuasa
1431 3244 1640 3317 synodo
1668 3243 1830 3297 aliam
1861 3254 1986 3296 sen-

332 3352 344 3360 '
405 3346 637 3402 tentiam
681 3342 947 3397 retulerit.
999 3338 1146 3394 ldem
1178 3346 1359 3391 autem
1386 3335 1666 3390 decretum
1721 3333 1986 3388 adversus

402 3439 592 3503 laicos,
625 3445 680 3490 et
709 3434 1080 3504 presbyteros,
1117 3439 1170 3484 et
1187 3429 1474 3493 diaconos,
1509 3435 1564 3483 et
1600 3440 1696 3482 eos
1729 3425 1824 3496 qui
1858 3430 1988 3481 sunt

404 3532 456 3585 in
491 3527 622 3584 cleri
657 3526 903 3594 catalogo
931 3523 1271 3578 observetur.

475 3705 701 3762 Concilii
749 3701 1184 3772 Carthaginensis
1223 3714 1448 3754 canones
1487 3697 1554 3766 9,
1586 3696 1688 3762 29,
1735 3696 1831 3764 79,
1864 3695 1985 3750 152.

478 3800 555 3854 De
589 3799 670 3851 his
717 3798 808 3868 qui
846 3795 1033 3851 merito
1065 3794 1363 3864 facinorum
1395 3805 1612 3846 suorum
1647 3789 1712 3844 ab
1756 3788 1990 3843 ecclesia:

407 3891 812 3963 congregatione
844 3886 1136 3959 pelluntur.

485 4071 538 4125 9.
580 4067 919 4139 Augustinus
983 4063 1272 4134 episcopus
1295 4063 1379 4130 ²²,
1439 4061 1651 4132 legatus
1697 4060 1993 4131 provinciae

400 4160 708 4224 Numidiae,
744 4159 881 4213 dixit
921 4175 936 4212 :
974 4155 1088 4210 Hoc
1118 4164 1356 4209 statuere
1383 4151 1707 4223 dignamini,
1739 4159 1798 4205 ut
1821 4151 1867 4206 si
1898 4150 1990 4220 qui

407 4251 549 4305 forte
581 4249 778 4304 merito
809 4245 1114 4302 facinorum
1162 4259 1386 4298 suorum
1447 4243 1517 4297 ab
1573 4241 1821 4296 Ecclesia
1849 4242 1990 4310 pulsi

414 4342 546 4415 [ms.
579 4337 816 4411 expulsi]
863 4343 1013 4404 sunt,
1045 4346 1100 4391 et
1133 4337 1247 4392 sive
1279 4336 1347 4391 ab
1402 4335 1584 4404 aliquo
1611 4333 1870 4404 episcopo
1908 4333 1992 4387 vel

413 4433 738 4503 presbytero
758 4430 967 4486 fuerint
993 4432 1047 4484 in
1071 4429 1514 4484 communionem
1541 4428 1804 4496 suscepti,
1827 4427 1991 4481 etiam
2025 4454 2072 4513 υ

415 4523 530 4593 ipse
563 4521 680 4591 pari
722 4535 847 4576 cum
905 4521 984 4574 eis
1031 4520 1260 4574 crimine
1297 4527 1543 4572 teneatur
1576 4516 1846 4571 obnoxius
1874 4513 1987 4582 (92)

413 4612 744 4681 refugientes
779 4611 890 4681 (9'5)
925 4612 1009 4665 sui
1039 4610 1278 4680 episcopi
1311 4608 1556 4678 regulare
1581 4606 1876 4677 judicium.
1908 4607 1991 4660 Ah

425 4702 698 4758 universis
729 4701 999 4771 episcopis
1030 4700 1233 4756 dictum
1268 4706 1352 4753 est
1387 4713 1402 4752 :
1438 4695 1708 4751 Omnibus
1737 4695 1934 4764 placet.

485 4791 543 4847 Si.
580 4793 699 4864 quis
729 4793 1213 4846 excommunicatus
1251 4798 1372 4842 ante
1401 4786 1731 4841 audientiam
1754 4801 1990 4838 commu-

413 4883 593 4938 nicare
628 4883 1060 4954 praesumpserit,
1101 4881 1210 4950 ipse
1242 4880 1297 4934 in
1339 4894 1394 4934 se
1436 4877 1831 4932 damnationem
1865 4891 1991 4946 pro-

416 4977 561 5032 tulit.

366 5072 409 5139 ζί.
484 5069 576 5124 29.
619 5067 751 5123 Item
796 5067 907 5140 (94)
941 5065 1149 5138 placuit
1185 5064 1443 5121 universo
1491 5067 1747 5134 concilio,
1787 5074 1849 5123 ut
1895 5062 1990 5134 qui

334 5123 398 5139 ’λεν

2080 1863 2363 1933 κληρικοῦ
2386 1859 2828 1930 κατηγορήσας,
2859 1855 2940 1926 μὴ
2967 1853 3262 1922 ἀποδείξῃ
3286 1851 3352 1906 τὸ
3386 1849 3624 1919 προτεθὲν

2080 1955 2314 2025 πρῶτον
2331 1954 2681 2024 κεφάλαιον.

2345 2045 2616 2100 Συνόδου
2640 2043 3059 2113 Καρθατέννης
3079 2037 3288 2094 κανὼν
3322 2035 3415 2108 ρλ⁸.

2156 2137 2293 2192 Ἵνα
2327 2139 2359 2190 ό
2390 2134 2526 2202 περὶ
2556 2135 2692 2200 ἐνὸς
2729 2134 3107 2203 ἐγκλήματος
3127 2127 3441 2193 ἀποδεῖξαι
3454 2124 3527 2196 μὴ
3548 2124 3624 2179 δυ-

2082 2230 2357 2298 νάμενος,
2409 2226 2561 2294 πρὸς
2587 2226 2794 2294 ἕτερον
2812 2225 2898 2295 μὴ
2926 2221 3231 2292 είσδεχθῇ.

2169 2320 2397 2391 Ὁμοίως
2433 2319 2630 2390 ἤρεσεν
2661 2317 2750 2373 ἵνα
2781 2315 3203 2386 ὁσακισδήποτε,
3233 2330 3296 2367 κ.
3328 2326 3380 2366 τ.
3401 2309 3448 2364 λ.

2159 2501 2412 2554 ΚΕΦΛΛ.
2475 2501 2550 2553 Δν.
2581 2527 2650 2537 -
2709 2497 2849 2566 Περὶ
2883 2493 3003 2550 τῶν
3044 2494 3132 2564 μὴ
3195 2493 3628 2563 πειθαρχοῦντων

2088 2593 2210 2660 τοῖς
2249 2592 2490 2658 οἰκείοις
2542 2589 2896 2654 ἐπισκόποις
2925 2602 2939 2615 '
3008 2587 3107 2641 καὶ
3159 2586 3298 2654 περὶ
3339 2584 3627 2641 ἐπισκόπου

2089 2681 2420 2749 δεχομένου
2454 2681 2560 2733 τὸν
2592 2677 2713 2734 ὑπὸ
2733 2677 2837 2731 τοῦ
2867 2674 3022 2730 ίδίο⁵υ
3061 2663 3408 2730 ἐπισκόπου
3458 2674 3628 2738 ἐκϐληι

2093 2773 2272 2830 θέντα
2309 2773 2348 2840 ἣ
2381 2772 2499 2826 ἀπὸ
2530 2770 2846 2835 κοινωνίας
2877 2770 3230 2838 γενόμενον.

2374 2862 2647 2918 Συνόδου
2685 2863 3050 2930 Ἀντιοχείας
3088 2861 3299 2912 κανὼν
3323 2867 3396 2925 ς’.

2163 2956 2236 3011 El’
2253 2973 2336 3019 τις
2362 2954 2466 3009 ὑπὸ
2494 2953 2586 3008 τοῦ
2640 2954 2770 3008 ἰδίου
2824 2953 3125 3006 ἐπισκόπου
3179 2952 3532 3020 ἀκοινώνητος
3554 2948 3625 3016 γέ-

2095 3068 2240 3121 γονε,
2276 3047 2351 3120 μὴ
2381 3047 2646 3119 πρότερον
2669 3047 2832 3100 αὑτὸν
2890 3046 3020 3115 παρ’
3048 3045 3258 3114 ἐτέρων
3287 3044 3541 3114 δεχθῆναι,
3590 3043 3626 3093 εί

2096 3144 2172 3216 μὴ
2201 3144 2292 3197 ὑπ’
2328 3140 2495 3196 αὐτοῦ
2527 3138 2902 3212 παραδεχθείη
2938 3136 3034 3191 τοῦ
3088 3137 3224 3191 ἰδίου
3287 3133 3626 3201 ἐττισκόπου,ἢ

2090 3235 2310 3290 συνόδου
2341 3232 2642 3304 γενομένης
2670 3231 2990 3300 ἀπαντήσας
3034 3227 3436 3300 ἀπολογήσεται
3471 3243 3484 3257 ·
3532 3225 3626 3277 πεί·

2091 3346 2190 3392 σας
2211 3345 2269 3380 τε
2296 3326 2395 3398 τὴν
2436 3325 2676 3390 σύνοδον,
2709 3322 3061 3387 καταδέξοιτο
3083 3322 3281 3392 ἑτέραν
3313 3316 3628 3389 ἀπόφασινό

2088 3418 2252 3483 αὐτὸς
2296 3418 2353 3471 δέ
2375 3419 2499 3490 ὄρος
2542 3416 2636 3469 ἐπὶ
2674 3415 2880 3471 λαῖκῶν
2909 3414 3003 3468 καὶ
3033 3413 3423 3486 πρεσϐυτέρων
3447 3410 3627 3464 natibu-

2088 3510 2284 3575 κόνων,
2320 3508 2418 3562 καὶ
2450 3507 2670 3561 πάντων
2698 3505 2808 3560 τῶν
2838 3507 2896 3560 ἐν
2930 3505 3010 3577 τῷ
3049 3505 3241 3576 κλήρῳ
3307 3501 3628 3572 καταλεγομέ·
3706 3533 3710 3542 ι

2089 3618 2196 3656 νων
2229 3600 2520 3671 κρατείτω.

2091 3690 2363 3744 Συνόδου
2395 3689 2818 3758 Καρθαγέννης
2852 3685 3054 3742 κανὼν
3104 3686 3148 3741 θ’
3181 3687 3268 3743 κθ⁹
3302 3687 3378 3758 ξβ⁸
3408 3685 3477 3740 οϐ’
3521 3681 3626 3755 ρκξθ.

2163 3781 2304 3851 Περὶ
2329 3780 2449 3835 τῶν
2482 3780 2611 3834 κατ’
2644 3779 2825 3844 ἀξίαν
2847 3779 2964 3833 τῶν
2990 3780 3228 3834 οἰκείων
3283 3775 3629 3846 ἀτοπημὰτωγ

2089 3875 2160 3930 ἐκ
2210 3875 2316 3929 τοῦ
2373 3871 2886 3942 ἐκκλησιαστικοῦ
2948 3872 3264 3942 συλλόγου
3315 3866 3628 3936 ἐκϐαλλομέ-

2091 3982 2233 4021 νων.
2305 4009 2318 4022 κ

2168 4055 2232 4111 θ’.
2254 4057 2616 4126 Αὐγουστῖνος
2640 4056 2933 4119 ἐπίσκοπος
2953 4069 3154 4123 τοποτη
3165 4051 3338 4123 ρητὴς
3354 4051 3446 4122 τῆς
3458 4049 3631 4118 Naupa-

2094 4149 2249 4218 δικῆς
2275 4148 2459 4218 χώρας
2489 4141 2665 4200 εἶπεν·
2692 4145 2864 4198 Τοῦτο
2895 4144 3074 4215 ὁρίσαι
3104 4141 3492 4210 καταξιώσατε,
3520 4139 3628 4192 ὥστε

2094 4240 2222 4303 τοὺς
2251 4240 2418 4306 ἀξίως
2441 4239 2551 4292 τῶν
2603 4237 2820 4291 οἰκείων
2846 4235 3211 4307 ἐγκλημάτων
3240 4237 3351 4291 ἀπὸ
3386 4239 3477 4306 τῆς
3535 4233 3631 4288 Ἐκ·

2097 4330 2327 4402 κλησίας
2353 4328 2701 4397 διωχθέντας,
2733 4327 2830 4380 ἐάν
2863 4344 2948 4390 τις
2985 4325 3341 4395 ἐπίσκοποςῆ
3373 4322 3630 4394 πρεσϐύτεο

2102 4440 2193 4494 ρος
2246 4419 2465 4490 δέξηται
2509 4421 2588 4484 είς
2643 4419 2949 4486 κοινωνίαν,
2999 4420 3095 4473 καὶ
3137 4421 3305 4482 αὐτὸς
3326 4420 3406 4472 ἔτι
3433 4418 3527 4488 μὴν
3572 4412 3629 4482 τῷ

2098 4514 2199 4585 ῐσῳ
2257 4513 2567 4584 ἐγκλήματι
2617 4512 2919 4576 ὑπεύθυνος
2973 4512 3223 4581 γένηται,
3274 4511 3390 4582 ἅμα
3416 4512 3516 4571 τοῖς
3558 4503 3629 4558 τοῦ

2098 4605 2302 4660 οἰκείου
2332 4604 2633 4659 ἐπισκόπου
2669 4605 2769 4676 τὴν
2798 4604 3091 4674 κανονικὴν
3120 4603 3300 4674 ψῆφον
3351 4597 3626 4671 ἀποφυγοῦ-

2098 4714 2202 4752 σιν.

2168 4790 2243 4844 Et
2273 4807 2364 4855 τις
2415 4790 2535 4844 ἀπὸ
2587 4789 2904 4854 κοινωνίας
2940 4785 3049 4854 ὢν,
3094 4787 3206 4855 πρὸ
3229 4785 3338 4841 τοῦ
3371 4779 3629 4848 decumbi-

2096 4896 2218 4946 ναι,
2251 4881 2622 4950 κοινωνῆσαι
2669 4879 2988 4950 τολμήσω,
3039 4879 3222 4946 αὐτὸς
3275 4877 3404 4934 καθ’
3450 4870 3629 4930 ἑαυτοῦ

2097 4971 2214 5042 τὴν
2244 4972 2576 5040 καταδίκην
2596 4971 2956 5042 προήγαγεν.

2169 5061 2273 5119 κθ’.
2311 5064 2542 5136 Ὁμοίως
2565 5065 2730 5136 ήρεσε
2757 5063 2854 5116 σὺν
2886 5063 3035 5134 πάσῃ
3067 5065 3134 5135 τῇ
3179 5063 3397 5134 συνόδῳ,
3424 5062 3500 5116 ἵνα
3520 5061 3544 5112 ὁ
3562 5051 3628 5108 διὰ

488 5188 533 5218 ²¹
563 5185 733 5240 Cone.
767 5183 955 5238 Carth.
988 5195 1087 5248 vn,
1125 5193 1242 5250 cap.
1274 5181 1337 5250 4;
1368 5179 1536 5237 Afric.
1569 5196 1620 5236 c.
1646 5181 1736 5237 98.
1812 5180 1859 5212 “
1892 5178 2082 5236 Carth.
2112 5195 2176 5244 ιι,
2202 5193 2324 5249 cap.
2352 5181 2405 5236 7.

493 5305 604 5376 (99)
635 5303 738 5376 liis.
777 5320 820 5376 _t
863 5301 968 5376 ipsi
997 5297 1112 5376 pari
1139 5337 1154 5353 .
1184 5339 1200 5353 .
1235 5339 1250 5354 .
1285 5299 1618 5376 ._ten'ean_tur
1649 5296 1890 5376 obnoxii.
1935 5315 1955 5348 ι

473 5367 600 5515 [(93)
634 5367 1068 5428 Burcltardus’ct
1091 5367 1202 5435 lvo,
1239 5369 1644 5440 refugientibus,
1680 5367 1997 5433 Gratianus,

415 5464 470 5500 re
498 5461 699 5515 ugtens.
956 5512 985 5515 _
1191 5509 1213 5515 Α
1329 5509 1343 5515 _
1369 5508 1380 5515 _
1465 5507 1477 5515 .
1719 5509 1732 5515 _
1912 5506 1924 5515 _

2107 5296 2277 5420 piensi
2303 5297 2395 5377 .tit.
2427 5299 2463 5352 5
2497 5298 2618 5380 (pro
2646 5299 2863 5383 qttarto)
2906 5301 3045 5420 ἥρωι
3077 5298 3407 5382 Ferrandum
3433 5310 3537 5365 cap.
3557 5291 3622 5346 δι.

2136 5384 2166 5420 ιι
2197 5367 2382 5420 codice
2409 5367 2472 5420 P.
2511 5370 2721 5420 Ptthaat.
2751 5380 2805 5420 et
2833 5388 2886 5420 ιιι
2945 5371 3246 5420 .ollecttone
3266 5382 3523 5420 canonum
3544 5378 3622 5416 ms.

2136 5384 2166 5420 ιι
2197 5367 2382 5422 codice
2409 5367 2472 5422 P.
2510 5367 2721 5435 Pithaai,
2751 5380 2805 5424 et
2833 5367 2886 5424 in
2920 5367 3246 5426 Collectione
3266 5382 3526 5435 canonum
3544 5378 3622 5416 ms.

2107 5437 2344 5510 collegii_
2368 5437 2542 5493 Paris.
2577 5440 2686 5510 Asic
2722 5439 2941 5510 degitur
2974 5460 2986 5494 :
3027 5460 3044 5492 ι
3081 5440 3277 5510 Pierio,
3310 5449 3372 5510 ει
3389 5434 3624 5510 Ατᾱτψοιο

490 5502 926 5594 (θνῇηιιμιιιιεοει.
955 5512 1010 5578 5,
1039 5525 1160 5594 cap.
1187 5509 1242 5575 9,
1291 5508 1383 5563 ubi
1431 5507 1752 5594 citatursub
1779 5506 2000 5594 nomine
2104 5502 2517 5594 εοεεξηοοιεινο
2562 5507 2679 5563 Cal.
2707 5502 2958 5594 Octobris
2991 5511 3043 5564 in
3081 5502 3581 5594 Basilicanbeontina
3608 5512 3621 5552 :

419 5575 639 5639 concilii
672 5575 952 5637 Africani:
997 5575 1123 5635 ’sed'
1159 5595 1266 5633 non
1301 5580 1568 5648 reperitur
1600 5578 1700 5633 nisi
1731 5580 1782 5632 in
1813 5577 2000 5648 codice
2104 5575 2318 5648 Placuit
2367 5579 2622 5633 universo
2666 5582 2920 5646 concilio,
2969 5600 2987 5632 ι
3031 5591 3158 5643 etc.,
3191 5579 3279 5634 ubi
3309 5577 3622 5648 Hipponensu

424 5669 724 5714 canonum,
772 5662 827 5707 et
869 5652 1103 5712 refertur
1131 5653 1184 5703 in
1244 5664 1275 5703 ν
1325 5647 1536 5717 synodo
1583 5650 1828 5703 sessione
1854 5647 1908 5708 7,
1943 5647 1997 5701 in

417 5724 589 5792 epist.
623 5721 802 5794 V’igilii
853 5718 1237 5794 papa—Est
1281 5733 1313 5775 e
1359 5719 1593 5805 concilio
1647 5717 2000 5790 Hipponi-re-

2105 5647 2329 5728 basilica
2365 5649 2748 5728 “designatur:
2800 5643 2975 5728 sed-et
3000 5650 3252 5709 consules
3300 5643 3621 5709 anniii'im

2104 5718 2327 5790 quidem
2360 5719 2512 5778 Fasti
2539 5729 2750 5778 notant.
2877 5723 2889 5746 ’
