3912 6244
337 248 426 312 721
1152 251 1550 313 SYNTAGMA
1589 251 1889 314 CANONU

2006 279 2073 291 —-
2098 257 2247 325 TIT.
2285 258 2389 332 Ix,
2427 257 2587 317 CAP.
2626 254 2817 316 ΙΙΙ-ν.

3462 254 3569 317 722

335 358 599 432 ῥαθυμίαν
669 358 833 413 αὑτοῦ
899 360 1006 415 ἀπὸ
1061 365 1345 427 κοινωνίας
1412 365 1724 436 γενόμενος,
1780 367 1889 420 εἴτε

2006 371 2497 423 ξχοοηιιιιιιιιίοειυε
2555 367 2719 421 luerit
2771 381 2869 436 pro
2927 379 3029 421 suo
3093 365 3383 436 neglectu,
3449 369 3566 422 sive

332 451 640 517 ἐπίσκοπος,
700 449 810 503 εἴτε
861 452 1175 523 οίοσδήποτε
1219 455 1499 525 κληρικὸς,
1555 457 1650 511 ἐὰν
1707 460 1765 512 ἐν
1816 460 1895 531 τῷ

330 540 497 613 καιρῷ
527 542 630 613 τῆς
667 542 1060 613 ἀκοινωνησίας
1104 545 1292 612 αὑτοῦ,
1345 548 1451 618 πρὸ
1479 548 1573 600 τοῦ
1626 548 1895 620 ἀκουσθῆ-

332 651 431 697 ναι,
456 635 537 697 είς
571 636 859 690 κοινωνίαν
888 636 1169 707 τολμήσοι,
1218 637 1378 701 αὐτὸς
1407 640 1528 693 καθ’
1558 640 1755 694 ἑαυτοῦ
1795 641 1896 712 τὴν

329 725 496 794 ψῆφον
522 726 621 796 τῆς
654 727 948 798 καταδίκης
975 728 1347 800 ἐξενηνοχέναι
1372 732 1559 803 κριθῇ.

495 815 637 882 Περὶ
659 816 779 871 τῶν
809 817 1356 888 καταδικαζομένων
1390 822 1716 891 κληρικῶν.

395 903 492 975 ξβ’,
518 906 756 961 Κάκεῖνο
788 908 867 962 δεῖ
894 911 1113 980 αἰτῆσαι.
1148 912 1234 965 ἵνα
1254 912 1433 980 ὁρίσαι
1463 915 1894 985 καταξιώσωσιν,

328 994 461 1049 ὥστε
516 997 778 1070 κληρικὸν
823 1002 1150 1073 οἱασδήποτε
1193 1004 1361 1073 τιμῆς
1389 1006 1745 1076 τυγχάνοντα,
1801 1008 1896 1062 ἐπὶ

326 1088 613 1159 οίῳδήποτε
643 1091 951 1163 ἐγκλήματι
984 1096 1053 1163 τῇ
1082 1094 1190 1147 τῶν
1236 1096 1551 1150 ἐπισκόπων
1577 1099 1758 1168 κρίσει
1789 1119 1891 1157 κα-

324 1177 731 1243 ταδικασθέντα,
766 1182 840 1252 μὴ
881 1180 1081 1246 ἐξεῖναι
1103 1182 1195 1235 τὸν
1231 1183 1413 1251 αὐτὸν,
1455 1186 1564 1238 εἴτε
1594 1189 1743 1258 παρὰ
1794 1192 1894 1260 τῆς

335 1268 658 1340 Ἐκκλησίας
719 1266 789 1343 ἧς
842 1273 1124 1345 ὑπῆρχεν,
1187 1275 1295 1328 εἴτε
1354 1276 1507 1347 παρὰ
1575 1278 1893 1349 οίουδήποτε

323 1360 629 1432 ἀνθρώπου,
692 1364 1076 1419 διεκδικεῖσθαι
1101 1382 1116 1396 ⁸
1140 1367 1332 1437 ποινῆς
1369 1368 1459 1419 ἐπὶ
1506 1368 1680 1439 τούτῳ
1710 1386 1887 1440 παρα-

318 1452 588 1523 τεθείσης,
622 1444 825 1526 ζημίας
881 1458 1179 1528 χρημάτων
1212 1475 1273 1511 τε
1325 1460 1421 1514 καὶ
1479 1461 1648 1532 τιμῆς
1687 1476 1701 1490 ο
1741 1462 1891 1527 ὅπως

322 1545 454 1616 μηδὲ
512 1548 703 1617 κεῖραν
753 1548 889 1620 μηδὲ
937 1548 1100 1618 φύσιν
1158 1548 1535 1622 ἀπολογητὲαν
1592 1547 1732 1609 εἶναι
1802 1570 1894 1607 κε-

317 1635 567 1690 λεύωσιν.
790 1648 795 1651 “

377 1725 481 1780 σθ’.
508 1726 650 1796 Περὶ
678 1727 798 1783 τῶν
817 1730 903 1800 μὴ
932 1735 1362 1802 φροντιζόντων
1388 1736 1689 1806 κληρικῶν
1715 1737 1888 1806 ἐντός
1921 1723 1963 1779 Β

314 1815 592 1873 ἐνιαυτοῦ
623 1819 843 1889 πρᾶξαι
884 1824 951 1878 τὸ
984 1825 1140 1881 ἴδιον
1168 1826 1430 1897 πρᾶγμα.

382 1911 560 1965 Πάλιν
586 1912 793 1985 ὡρίσθη
820 1914 909 1969 ἵνα
930 1918 1117 1983 ὁσάκις
1165 1920 1443 1991 κληρικῶν
1498 1920 1887 1990 ἐλεγχθέντων,

314 2003 403 2057 καὶ
445 2004 843 2076 καταθεμένων
876 2012 998 2062 τινὰ
1057 2010 1400 2081 ἐγκλήματα,
1442 2010 1554 2064 εἴτε
1584 2011 1673 2064 διὰ
1704 2012 1763 2063 τὸ
1790 2014 1890 2081 τῆς

324 2094 653 2167 Ἐκκλησίας
716 2099 934 2167 ὄνειδος,
987 2102 1095 2153 είτε
1121 2102 1209 2155 διὰ
1237 2103 1336 2173 τὴν
1371 2103 1781 2174 αἰδεσιμότητα,
1816 2099 1889 2157 ὧν

311 2186 463 2257 χάριν
480 2188 694 2252 τούτοις
712 2190 876 2258 φειδὼ
896 2191 1127 2259 γίνεται,
1148 2194 1257 2247 εἴτε
1290 2195 1377 2248 διὰ
1394 2197 1492 2268 τὴν
1511 2197 1745 2261 ἀλαζόνα
1779 2198 1887 2250 τῶν

310 2279 603 2348 αίρετικῶν
619 2281 712 2333 καὶ
740 2282 967 2336 ἐθνικῶν
984 2284 1387 2355 ἐπιγαυρίασιν,
1399 2288 1494 2341 ἐὰν
1507 2290 1582 2353 ὡς
1599 2291 1739 2353 εἰκὸς
1754 2292 1890 2344 ἐπα-

310 2371 647 2440 γωνίσασθαι
663 2372 742 2443 τῷ
762 2373 873 2445 ἰδίῳ
886 2376 1191 2447 πράγματι,
1213 2378 1309 2432 καὶ
1328 2379 1425 2449 τῆς
1443 2380 1580 2444 ἰδίας
1598 2382 1889 2445 ἁϐλαϐείας

310 2463 596 2534 φροντίσαι
644 2462 966 2534 θελήσωσιν,
1011 2466 1161 2529 ἐντὸς
1187 2468 1584 2539 ἀκοινωνησίας
1639 2471 1888 2523 ἐνιαυτοῦ

308 2557 459 2609 τοῦτο
489 2558 799 2628 ποιήσωσιν
824 2573 837 2588 °
881 2558 975 2611 ἐὰν
996 2559 1053 2612 δὲ
1086 2560 1234 2623 ἐντὸς
1286 2561 1532 2617 ἐνιαυτοῦ
1566 2562 1624 2615 τὸ
1655 2564 1887 2634 πρᾶγμα

309 2649 483 2702 αὐτῶν
548 2650 793 2719 καθᾶραι
844 2654 1323 2721 καταφρονήσωσι,
1384 2654 1630 2725 μηδεμία
1684 2653 1891 2707 τούτων

308 2741 395 2794 τοῦ
424 2740 621 2795 λοιποῦ
654 2742 806 2812 φωνὴ
844 2742 1127 2806 παντελῶς
1162 2744 1538 2815 προσδεχθείη.

379 2834 501 2886 Ὅτι
524 2835 639 2888 οὐκ
686 2834 913 2903 ὀφείλει
946 2833 1063 2888 τῶν
1100 2836 1540 2906 ἐπιλεγομένων
1590 2834 1891 2890 δικαστῶν

328 2923 365 2991 ἠ
388 2925 593 2993 γνώμη
620 2924 1080 2992 ἐξουθενεῖσθαι.

376 3017 516 3087 φιβ’.
547 3017 702 3069 Κατὰ
716 3017 772 3071 δέ
797 3017 907 3071 τῶν
926 3017 1191 3071 δικαστῶν
1207 3019 1314 3074 τῶν
1336 3021 1475 3075 κατὰ
1489 3023 1675 3096 κοινὴν
1704 3028 1889 3081 συναί-

1997 460 2303 529 cpiscOpus,
2330 461 2444 515 sive
2470 460 2696 528 quilibet
2717 458 2969 522 clericus,
2993 469 3045 512 et
3069 466 3313 527 tempore
3342 472 3567 513 exeam--

1998 552 2380 607 municatinnis
2422 551 2585 622 249
2615 566 2728 607 sua:
2776 559 2901 605 ante
2931 551 3265 605 audientiam
3320 566 3566 605 commu-

1997 648 2215 702 nionem
2265 646 2721 716 praesumpserit,
2793 644 2910 713 ipse
2971 643 3024 697 in
3079 658 3138 699 se
3198 641 3571 698 damnationis

1990 738 2266 810 judicetur
2295 737 2589 808 protulisse
2623 736 2967 792 sententiam.

2423 829 2497 884 De
2528 828 2737 882 clericis
2768 828 3059 881 damnatis.

2059 921 2148 978 62.
2181 922 2246 977 Et
2271 922 2401 978 illud
2418 921 2463 953 ³³
2493 921 2807 991 petendum,
2859 927 2919 973 ut
2965 926 3203 973 statuere
3250 917 3561 988 dignentur,

1997 1024 2057 1069 ut
2102 1014 2149 1069 si
2184 1015 2307 1083 quis
2338 1011 2639 1082 cujuslibet
2681 1008 2905 1065 honoris
2944 1008 3174 1062 clericus
3201 1007 3407 1077 judicio
3451 1006 3567 1075 epi-

1996 1120 2289 1174 scoporum
2324 1117 2653 1173 quocunque
2678 1101 2911 1156 crimine
2941 1099 3106 1153 fuerit
3125 1098 3435 1162 damnatus,
3454 1112 3563 1151 non

1994 1196 2156 1250 liceat
2184 1211 2308 1249 eum
2342 1196 2458 1249 sive
2488 1194 2555 1248 ab
2586 1192 2843 1247 Ecclesiis
2876 1192 3075 1261 quibus
3100 1188 3330 1260 praefuit,
3379 1189 3493 1244 sive
3529 1206 3557 1243 a

1996 1285 2238 1354 quolibet
2267 1285 2488 1339 homine
2517 1283 2809 1346 defensari,
2842 1280 3155 1351 interposita
3173 1294 3331 1353 poena
3351 1278 3558 1339 damni.

1994 1376 2259 1446 pecuniae,
2317 1383 2481 1444 atque
2526 1374 2791 1436 honoris,
2843 1387 2953 1441 quo
2996 1386 3096 1427 nec
3140 1381 3351 1427 aetatem
3385 1411 3399 1436 ,
3465 1386 3567 1426 nec

1996 1482 2183 1523 sexum
2210 1467 2581 1522 excusandum
2603 1480 2723 1522 esse
2754 1465 3087 1535 praecipiant.

2066 1765 2144 1819 De
2173 1765 2377 1819 clericis
2413 1765 2503 1836 qui
2560 1764 2703 1818 intra
2745 1778 2944 1817 annum
2974 1778 3189 1817 causam
3218 1778 3369 1817 suam
3411 1778 3563 1834 agere

1995 1873 2098 1909 non
2143 1856 2502 1924 procurarint.

2065 1945 2153 2000 79.
2191 1943 2403 2000 Rursus
2451 1946 2810 2001 constitutum
2860 1947 3006 2015 est,“
3038 1944 3176 2016 (95),
3233 1952 3293 1999 ut
3349 1944 3564 2013 quoties

1992 2038 2203 2092 clericis
2233 2038 2499 2093 convictis
2556 2052 2610 2093 et
2664 2038 2935 2095 confessis
2984 2038 3041 2094 in
3085 2038 3269 2108 aliquo
3306 2036 3558 2099 crimine,

1993 2130 2075 2183 vel
2106 2140 2324 2198 propter
2365 2143 2577 2195 eorum,
2611 2144 2843 2199 quorum
2904 2128 3247 2183 verecundia:
3302 2127 3561 2197 parcitur,

1991 2220 2073 2274 vel
2118 2228 2336 2289 propter
2376 2218 2633 2274 Ecclesim
2671 2219 3046 2289 opprobrium,
3095 2228 3189 2274 aut
3236 2219 3563 2274 insolentem

1993 2309 2401 2363 insultationem
2457 2308 2841 2363 haereticorum
2910 2317 3074 2378 atque
3132 2308 3461 2378 gentilium,
3518 2310 3563 2362 si

1993 2400 2132 2456 forte
2159 2417 2338 2456 causa:
2386 2416 2501 2456 suae
2534 2400 2729 2455 adesse
2756 2401 3050 2467 voluerint,
3086 2410 3139 2454 et
3193 2401 3559 2455 innocentiam

1991 2508 2147 2545 suam
2196 2508 2466 2559 asserere,
2518 2493 2661 2547 intra
2709 2508 2913 2546 annum
2977 2492 3565 2547 excommunicationis

1994 2583 2094 2636 hoc
2136 2583 2377 2638 faciant:
2410 2584 2453 2639 si
2489 2599 2615 2639 vero
2664 2584 2807 2638 intra
2860 2599 3065 2638 annum
3136 2597 3358 2639 causam
3406 2597 3563 2637 suam

1991 2691 2223 2746 purgare
2270 2678 2720 2747 contempserint,
2764 2677 2912 2732 nulla
2965 2691 3156 2732 eorum
3205 2690 3307 2732 vox
3376 2683 3565 2746 postea

1992 2769 2209 2837 penitus
2235 2770 2507 2824 audiatur.

2081 2860 2233 2926 Quod
2291 2861 2575 2916 electorum
2617 2861 2863 2931 judicum
2915 2862 3172 2918 sententia
3225 2861 3401 2932 sperni
3461 2875 3566 2915 non

1992 2950 2196 3005 debeat.

2103 3042 2225 3097 122.
2276 3044 2323 3098 A
2368 3043 2645 3114 judicibus
2698 3052 2879 3099 autem
2933 3044 3015 3111 ³⁸,
3064 3058 3204 3114 quos
3258 3044 3566 3099 communis

310 3121 450 3191 νεσιν
477 3107 871 3176 ἐπιλεγὲντων,
907 3108 982 3179 μὴ
1013 3108 1210 3174 ἐξεῖναι
1242 3113 1612 3183 ἐκκαλεῖσθαι,
1647 3118 1794 3182 ὅστις
1831 3120 1887 3173 δὲ

2006 3150 2294 3191 consensus
2332 3135 2573 3204 elegerit,
2607 3150 2715 3189 non
2764 3135 2922 3190 liceat
2954 3149 3267 3205 provocare.
3302 3136 3370 3191 Et
3408 3137 3564 3206 quis-

310 3188 505 3269 δήποτε
544 3199 890 3269 ἀποδειχθείη
916 3199 1008 3254 διὰ
1059 3202 1383 3273 μονοτονίαν
1435 3206 1509 3278 μὴ
1558 3207 1735 3262 θέλειν
1783 3213 1894 3273 τοῖς

309 3289 591 3353 δικασταῖς
626 3291 994 3363 πειθαρχῆσαι
1031 3312 1044 3324 ·
1074 3295 1230 3349 τοῦτο
1255 3299 1539 3365 γινώσκων
1566 3302 1595 3354 ὁ
1623 3302 1722 3371 τῆς
1744 3302 1895 3373 πρώ-

309 3396 404 3454 της
452 3382 733 3452 καθέδρας
786 3384 1108 3451 ἐπίσκοπος,
1164 3387 1326 3441 δὼσει
1376 3391 1701 3462 γράμματα,
1750 3392 1893 3448 ῶστε

314 3474 522 3543 μηδένα
573 3474 685 3529 τῶν
730 3475 1054 3531 ἐπισκόπων
1097 3477 1246 3550 αὐτῷ
1296 3481 1641 3552 κοινωνῆσαι,
1670 3481 1773 3548 ἕως
1831 3476 1892 3537 οὗ

310 3566 605 3620 πειθαογῆ.

384 3569 467 3620 ιθα
593 3608 605 3619 .

376 3569 637 3715 ΚΕΞΞΞἿΛ.
663 3661 739 3715 Ε’.
778 3691 848 3703 -—
875 3662 1016 3731 Περὶ
1051 3662 1235 3717 δικῶν
1256 3663 1604 3724 ἐπισκόπων
1629 3669 1728 3725 καί
1752 3672 1894 3740 κλη-

300 3750 505 3822 ρικῶν.

746 3844 805 3901 Ἀ
817 3848 1137 3903 ποστόλων
1161 3850 1361 3905 κανὼν
1385 3851 1477 3907 οδ⁷.

376 3932 437 3987 οδ
456 3973 470 3987 .
500 3934 839 3993 Ἐπίσκοπον
862 3939 1331 4011 κατηγορηθέντα,
1364 3957 1419 3997 κ.
1453 3958 1507 3994 τ.
1531 3940 1581 3995 λ.

540 4110 821 4165 Συνόδου
854 4112 1215 4181 Ἀντιοχείας
1239 4116 1443 4169 κανὼν
1471 4114 1528 4170 ιδ’
1563 4119 1646 4171 ιε’.

380 4196 463 4251 ιδ’.
490 4200 560 4253 Εἴ
621 4217 708 4263 τις
738 4201 1039 4266 ἐπίσκοπος
1065 4205 1158 4257 ἐπί
1182 4223 1322 4259 τισιν
1353 4208 1659 4278 ἐγκλήμασι
1690 4211 1884 4281 κρίνοι,

303 4288 493 4344 ἔπειτα
535 4292 781 4364 συμϐαίη
820 4296 949 4366 περὶ
1001 4296 1167 4350 αὑτοῦ
1218 4298 1507 4369 διαφωνεῖν
1534 4303 1661 4367 τοὺς
1709 4304 1768 4357 ἐν
1820 4307 1886 4376 τῇ

1993 3227 2117 3298 quis
2178 3237 2503 3297 provocatus
2555 3235 2799 3297 repertus
2848 3227 3009 3281 fuerit
3037 3242 3133 3296 per
3162 3228 3563 3282 contumaciam

1994 3319 2136 3374 nolle
2168 3319 2544 3388 obtemperare
2576 3318 2875 3388 judicibus,
2908 3331 3029 3371 cum
3065 3318 3169 3372 hoc
3203 3318 3394 3388 primae
3421 3318 3566 3374 sedis

1993 3412 2247 3482 episcopo
2277 3410 2441 3466 fuerit
2470 3410 2782 3480 probatum,
2818 3410 2908 3464 det
2945 3409 3174 3474 litteras,
3213 3422 3272 3463 ut
3304 3409 3488 3489 nullus
3517 3412 3563 3465 ei

1994 3503 2362 3558 communicet
2396 3502 2802 3574 episcoporum,
2831 3500 3003 3556 donec
3028 3500 3388 3570 obtemperet.

2064 3676 2248 3747 250.
2299 3675 2453 3733 CAP.
2485 3674 2554 3731 V.
2602 3707 2672 3718 —
2694 3675 2773 3731 De
2797 3676 3158 3747 episcoporum
3184 3684 3233 3731 et
3258 3674 3567 3732 clericorum

1988 3768 2231 3838 judiciis.
2518 3826 2521 3827 ,

2439 3860 2811 3928 Apostolorum
2839 3877 3006 3916 canon
3032 3861 3121 3918 74.

1979 3945 2042 4002 ’74
2065 3947 2205 4022 [75.]
2239 3948 2564 4021 Episcopum
2588 3967 2618 4006 a
2640 3952 2774 4007 viris
2803 3952 2929 4017 ﬁde,
2951 3960 3080 4019 (δια,
3108 3960 3164 4006 ut
3191 3966 3313 4023 pag.
3335 3951 3462 4011 698.

2250 4126 2478 4183 Concilii
2506 4129 2816 4184 Antiocheni
2853 4148 3076 4185 canones
3107 4131 3194 4197 M,
3226 4133 3316 4188 15.

2063 4220 2149 4275 M.
2177 4221 2236 4277 Si
2261 4222 2383 4291 quis
2410 4222 2700 4291 episcopus
2718 4224 2789 4277 ob
2809 4224 2990 4294 aliqua
3009 4225 3236 4279 crimina
3262 4225 3505 4295 judicctu
3518 4243 3559 4293 r,

1992 4312 2184 4366 deinde
2225 4312 2506 4383 contingat
2543 4314 2849 4382 episcopos,
2892 4315 2984 4383 qui
3014 4325 3143 4369 sunt
3175 4316 3227 4369 in
3262 4317 3562 4386 provincia,

304 4384 549 4455 ἐπαρχίᾳ
616 4385 969 4453 ἐπισκόπους,
1014 4386 1124 4440 τῶν
1161 4388 1260 4458 μὲν
1314 4389 1488 4444 ἀθῶον
1516 4392 1676 4446 αὑτὸν
1702 4396 1885 4464 κρινό-

2006 4402 2057 4456 le
2086 4416 2152 4457 eo
2175 4403 2482 4466 dissentire,
2530 4403 2637 4458 illis
2689 4404 2910 4473 quidem
2944 4420 3091 4471 eum,
3138 4406 3205 4460 de
3251 4384 3358 4476 quo
3392 4406 3567 4461 fertur

307 4488 464 4540 μενον
494 4477 935 4543 ἀποφαινόντων,
970 4478 1078 4531 τῶν
1108 4479 1165 4531 δὲ
1217 4478 1418 4551 ἔνοχον,
1451 4482 1588 4553 ὑπὲρ
1640 4484 1885 4540 ἀπαλλα-

301 4568 403 4635 γῆς
458 4567 650 4634 πάσης
708 4568 1173 4640 ἀμφισϐητήσεως
1202 4571 1362 4639 ,ἔδοξε
1399 4576 1464 4644 τῇ
1523 4574 1654 4645 ἁγίᾳ
1686 4577 1885 4647 συνόδῳ

301 4656 389 4709 τὸν
432 4658 537 4727 τῆς
577 4660 969 4728 μητροπόλεως
1031 4662 1351 4729 ἐπίσκοπον,
1400 4665 1508 4717 ἀπὸ
1533 4668 1631 4736 τῆς
1662 4667 1884 4737 πλησιο-

298 4748 476 4818 χώρου
508 4752 784 4821 ἐπαρχίας
816 4753 1240 4822 μετακαλείσθαι
1290 4755 1509 4827 ἑτέρους
1567 4759 1719 4821 τινὰς
1758 4762 1882 4824 τοὺς

298 4840 727 4912 ἐπικρινοῦντας
772 4845 867 4897 καὶ
900 4845 1001 4916 τὴν
1047 4838 1460 4919 ἀμφισϐήτησιν
1503 4850 1878 4919 διαλύσοντας,

305 4930 398 4986 τοῦ
451 4933 760 5005 βεϐαιῶσαι
805 4937 901 4990 σὺν
930 4939 1043 5001 τοῖς
1071 4938 1136 4991 ἐκ
1171 4941 1266 5009 τῆς
1299 4939 1565 5011 ἐπαρχίας
1615 4942 1677 4996 τὸ
1734 4960 1868 5015 παρ-

297 5026 614 5096 ιστάμενον.

366 5121 625 5183 mtiliti;
645 5120 942 5186 ἐπίσκοπος
966 5124 1057 5176 ἐπί
1082 5141 1223 5177 τισιν
1240 5125 1543 5195 ἐγκλήμασι
1575 5143 1882 5200 κατηγορη-

300 5208 432 5275 θεὶς,
493 5213 714 5283 κριθείη
751 5214 857 5267 ὑπὸ
890 5215 1105 5269 πάντων
1131 5214 1240 5269 τῶν
1276 5218 1335 5269 ὲν
1380 5220 1448 5289 τῇ
1479 5218 1719 5290 ἐπαρχίᾳ
1748 5219 1873 5272 ἐπι-

1994 4491 2675 4556 sententia,innocentem
2723 4494 3240 4561 pronuntiantibus,
3293 4496 3379 4553 his
3438 4513 3567 4552 vero

1994 4596 2146 4636 reum
2186 4598 2199 4635 :
2236 4596 2332 4650 pro
2381 4590 2493 4636 tota
2535 4585 2913 4652 componenda
2962 4588 3335 4641 controversia
3384 4588 3562 4643 visum

1991 4682 2075 4727 est
2106 4680 2305 4728 sancta:
2331 4674 2559 4744 synodo,
2598 4683 2656 4727 ut
2679 4676 3133 4744 metropolitanus
3177 4679 3468 4749 episcopus
3497 4694 3562 4733 ex

1991 4764 2297 4835 propinqua
2327 4765 2604 4835 provincia
2635 4766 2772 4821 alios
2821 4777 3012 4822 evocet
3064 4768 3411 4837 judicaturos
3436 4809 3451 4834 ,
3512 4776 3565 4821 et

1991 4858 2422 4912 controversiam
2476 4858 2799 4923 decisuros,
2854 4868 2908 4914 et
2954 4874 3079 4915 cum
3130 4860 3595 4930 provincialibus-

1990 4950 2136 5018 quod
2168 4950 2455 5018 probatum
2504 4949 2689 5017 fuerit,
2722 4951 3027 5007 conﬁrmet.

2062 5126 2150 5180 15.
2194 5124 2250 5180 Si
2288 5125 2411 5194 quis
2435 5127 2725 5195 episcopus
2752 5125 3375 5195 aliquorumcriminum
3398 5140 3563 5183 accu~

1984 5228 2155 5283 satus,
2190 5215 2355 5271 fuerit
2382 5217 2451 5271 ab
2489 5219 2743 5274 omnibus
2774 5219 3068 5289 provinciae
3113 5218 3388 5289 episcopis
3423 5233 3560 5274 con¢

368 5324 417 5356 ”
442 5322 629 5407 (Eone.
645 5325 1050 5407 garthag..cap.
1077 5330 1142 5398 2;
1177 5329 1351 5386 Afric.
1378 5309 1547 5386 c.29.
1625 5333 1673 5364 “
1700 5331 1869 5390 Conc.
1900 5334 2154 5407 Carthag.
2183 5351 2235 5403 v,
2269 5351 2320 5390 c.
2353 5335 2448 5404 12;
2495 5336 2662 5393 Afric.
2698 5354 2749 5393 c.
2799 5335 2887 5391 46.
2964 5337 3010 5371 ’⁸
3041 5335 3207 5392 Conc.
3240 5335 3464 5395 Milevit.
3495 5355 3555 5407 ιι,

304 5405 427 5464 cap.
454 5396 570 5459 24;
601 5396 775 5452 Afric.
808 5413 858 5453 c.
895 5399 984 5454 89.

374 5511 761 5591 (95A)~(;on§ule_
790 5513 1177 5591 Hincmarunr
1206 5519 1259 5573 in
1315 5522 1476 5591 epist.
1511 5520 1599 5589 Si,
1653 5535 1784 5578 tom.
1816 5523 1877 5586 ΙΙ,

306 5596 425 5662 με.
461 5581 594 5636 εει.
633 5584 1261 5662 εαριιυιποηιιθῃριιιοιι
1316 5581 1408 5646 ιιι».
1459 5581 1659 5662 v,cap.
1706 5596 1792 5660 57,
1827 5581 1881 5648 ei

305 5649 400 5707 Ιὼῖ
426 5666 529 5721 vn,
565 5666 682 5725 cap.
710 5649 845 5713 '45:
883 5674 903 5709 ι
941 5656 1283 5715 Manifestum
1330 5671 1410 5719 est
1463 5649 1706 5721 conlileri
1757 5649 1880 5722 eum

1991 5524 2058 5580 de
2080 5525 2328 5601 crimine,
2351 5528 2441 5596 qui
2475 5529 2760 5601 indultoret
2783 5529 3030 5598 delegato
3057 5526 3262 5601 judicio
3290 5532 3557 5601 purgandi

1993 5612 2051 5667 se
2113 5598 2403 5652 occasione
2461 5614 2565 5653 non
2635 5600 2824 5653 utitur.
2862 5619 2880 5650 ι
2926 5601 3053 5657 Item
3103 5598 3417 5666 Gratianus,
3472 5602 3556 5667 10,

1989 5666 2074 5732 Ill,
2103 5676 2294 5737 quast.
2331 5668 2383 5733 9,
2420 5670 2788 5738 Deccrnimus,
2824 5680 2926 5725 etc.
