3912 6244
287 225 394 292 723

1437 232 1699 292 ΡΗΟΤΙΙ
1739 233 2244 295 PATRIARCH/E
2265 237 2375 296 ΟΡ.

3415 240 3521 303 724

288 343 597 406 damnatus,
626 348 681 396 et
715 353 905 397 omnes
935 353 1100 394 unam
1134 341 1564 396 consentientem
1592 344 1853 400 adversus

1977 345 2198 410 ικόπων,
2223 346 2425 409 πάντες
2467 363 2525 399 τε
2583 347 2863 418 σύμφωνοι
2899 348 3028 419 μίαν
3068 353 3188 402 κατ’
3218 352 3383 408 αὐτοῦ
3438 353 3529 420 ἐξ·

289 449 413 488 eum
464 432 788 488 sententiam
835 433 1095 500 tulerint,
1151 433 1198 489 is
1235 449 1302 488 ne
1350 436 1582 504 amplius
1614 435 1681 490 ab
1729 435 1852 490 aliis

285 527 579 595 judicetur,
608 527 700 581 sed
729 526 1023 597 provincia:
1050 527 1426 597 episcoporum
1457 527 1612 582 ﬁrma
1638 536 1858 582 maneat

289 617 581 672 sententia.

500 705 727 760 Concilii
759 707 1196 763 Chalcedonensis
1236 724 1404 762 canon
1461 710 1515 775 9,
1549 709 1639 762 17.

361 795 414 849 9.
447 793 504 849 Si
543 797 667 865 quis
691 797 922 853 clericus
947 798 1109 852 habet
1142 814 1263 852 eum
1292 798 1491 854 clerico
1521 797 1691 863 litem,
1723 807 1852 863 etc.,

289 896 348 940 ut
385 902 507 957 pag.
542 888 664 942 702.

361 981 448 1034 17.
506 979 638 1047 Quae
686 990 813 1036 sunt
862 982 916 1036 in
961 996 1287 1053 unaquaque
1319 981 1598 1053 provincia
1646 982 1857 1036 rurales

291 1071 600 1142 parochias,
636 1082 765 1136 etc.,
788 1085 843 1126 ut
868 1089 990 1143 pag.
1026 1073 1152 1128 650.

507 1162 732 1225 Concilii
766 1162 1100 1220 Sardicensis
1138 1181 1361 1219 canones
1397 1165 1452 1228 5,
1476 1163 1530 1229 5,
1556 1164 1643 1219 14.

359 1253 411 1310 5.
450 1253 613 1310 Osius
637 1256 925 1326 episcopus
943 1257 1081 1312 dixit
1109 1275 1122 1310 :
1165 1256 1280 1312 Hoc
1305 1273 1523 1327 quoque
1548 1258 1858 1314 necessario

289 1355 375 1400 est
405 1347 789 1415 adjiciendum,
832 1358 962 1414 etc.,
988 1360 1044 1402 ut
1073 1365 1197 1419 pag.
1229 1349 1355 1404 471.

363 1438 416 1492 5.
441 1437 604 1494 Osius
632 1441 920 1509 episcopus
945 1441 1082 1495 dixit
1115 1460 1127 1496 :
1159 1440 1393 1506 Placuit,
1437 1451 1495 1498 ut
1529 1441 1575 1498 si
1604 1441 1728 1512 quis
1748 1441 1860 1510 epi-

290 1542 489 1597 scopus
514 1529 723 1584 delatus
745 1528 926 1596 luerit,
961 1540 1093 1598 etc.,
1125 1541 1184 1583 ut
1213 1547 1336 1600 pag.
1359 1529 1486 1584 471.

358 1618 516 1688 251
596 1620 1012 1690 Responderunt
1045 1621 1282 1690 episcopi
1317 1639 1330 1674 :
1384 1621 1516 1685 Quae
1555 1619 1696 1674 dicta
1731 1626 1857 1673 sunt

288 1711 628 1781 placuerunt.

359 1805 448 1858 14.
488 1801 652 1859 Osius
694 1805 981 1874 episcopus
1010 1805 1184 1860 dixit:
1217 1803 1370 1869 Quod
1419 1811 1598 1857 autem
1641 1817 1729 1856 me
1759 1815 1854 1855 un-

287 1893 574 1963 dequaque
599 1903 800 1959 movet,
831 1894 1058 1948 reticere
1086 1909 1194 1948 non
1228 1893 1417 1947 debeo.
1460 1890 1517 1946 Si
1552 1890 1854 1945 inveniatur

285 1986 413 2053 quis
443 1985 735 2054 episcopus
778 1985 845 2038 ad
895 1985 1031 2038 iram
1083 1997 1385 2054 propensus
1426 1980 1590 2053 (quod
1634 1981 1852 2051 quidem

284 2074 356 2129 ab
403 2074 672 2144 ejusmodi
730 2075 951 2129 homine
1002 2075 1195 2128 abesse
1248 2073 1428 2144 debet)
1483 2081 1538 2128 et
1593 2074 1854 2126 adversus

285 2161 657 2233 presbyterum
708 2163 792 2218 vel
837 2162 1127 2216 diaconum
1186 2162 1296 2216 cito
1351 2169 1677 2223 commotus,
1727 2174 1852 2213 cum

285 2249 526 2307 Ecclesia
573 2253 774 2320 ejicere
808 2252 1074 2320 voluerit;
1124 2253 1519 2323 providendum
1563 2261 1646 2307 cst
1697 2265 1764 2306 ne
1806 2250 1852 2306 is

285 2357 506 2413 repente
535 2345 949 2409 condemnetur,
981 2355 1036 2400 et
1074 2345 1459 2400 communione
1488 2344 1758 2414 privetur.

351 2432 555 2489 Omnes
585 2436 824 2505 episcopi
871 2436 1130 2492 dixerunt
1162 2455 1176 2491 :
1212 2436 1315 2503 Qui
1347 2434 1582 2504 ejicitur,
1613 2442 1853 2505 potesta-

285 2533 390 2579 tem
438 2525 598 2580 habet
651 2525 1000 2595 confugiendi
1051 2526 1120 2581 ad
1171 2526 1486 2594 episcopum
1537 2525 1854 2594 metropolis

283 2617 528 2686 ejusdem
607 2618 902 2688 provincia:
960 2635 974 2672 :
1031 2619 1078 2672 si
1153 2627 1337 2676 autem
1402 2615 1856 2685 metropolitanus

287 2711 465 2777 abest,
511 2711 581 2766 ad
635 2713 929 2767 ﬁnitimum
973 2713 1359 2779 concurrendi,
1408 2723 1462 2768 et
1509 2711 1737 2781 ragandi
1791 2719 1853 2765 ut

287 2819 450 2858 suum
488 2804 768 2875 negotium
811 2815 1065 2860 accurate
1087 2803 1450 2858 examinetur.
1485 2800 1670 2871 Neque
1701 2802 1847 2856 enim

287 2911 394 2949 non
435 2904 561 2950 sunt
600 2910 760 2948 aures
789 2894 1089 2964 praebendas
1119 2895 1188 2949 iis
1221 2893 1315 2962 qui
1359 2902 1571 2964 rogant.
1602 2891 1695 2946 llle
1727 2908 1858 2962 quo-

286 3001 394 3056 que
438 2986 748 3055 episcopus,
779 2985 872 3054 qui
913 2985 1037 3054 jure
1081 2985 1164 3039 vel
1214 2984 1414 3053 injuria
1459 2999 1582 3039 eum
1625 2983 1854 3053 expulit,

287 3092 444 3147 :equo
475 3076 659 3131 animo
691 3076 831 3129 ferre
870 3075 1027 3130 debet
1058 3083 1118 3130 ut
1167 3074 1245 3129 rei
1273 3074 1368 3129 ﬁat
1403 3075 1760 3139 examinatio,
1803 3084 1858 3129 et

286 3169 372 3222 vel
425 3167 544 3237 ejus
601 3166 957 3221 conﬁrmetur
1014 3166 1328 3233 sententia,
1387 3167 1473 3220 vel
1530 3166 1858 3236 corrigatur.

287 3257 616 3326 Priusquam
675 3264 855 3310 autem
911 3255 1196 3324 diligenter
1251 3265 1308 3310 et
1375 3270 1444 3310 ex
1499 3255 1604 3310 ﬁde
1649 3255 1860 3326 singula

289 3345 598 3400 examinata
642 3341 864 3408 fuerint,
897 3345 990 3412 qui
1043 3345 1486 3399 communionem
1534 3361 1642 3399 non
1675 3346 1858 3410 habet,

291 3451 398 3492 non
431 3437 588 3490 debet
617 3441 740 3488 ante
775 3435 851 3488 rei
884 3437 1252 3503 cognitionem
1287 3437 1391 3490 sibi
1418 3437 1861 3492 communionem

291 3541 569 3596 arrogare.
607 3526 664 3580 Si
715 3534 896 3579 autem
934 3525 1120 3580 clerici
1171 3525 1340 3595 aliqui
1376 3529 1753 3594 convenerint,
1809 3538 1862 3584 et

291 3619 411 3688 ejus
440 3618 751 3687 superbiam
782 3626 837 3670 et
872 3617 1241 3686 arrogantiam
1285 3619 1557 3678 viderint:
1593 3619 1722 3688 quia
1751 3636 1860 3674 non

291 3710 546 3763 convenit
589 3707 979 3763 contumeliam
1027 3708 1108 3760 vel
1161 3707 1418 3776 injustam
1463 3710 1862 3778 expostulatio-

291 3816 415 3856 nem
450 3802 585 3870 pati,
621 3797 996 3854 acerbioribus
1040 3807 1093 3852 et
1121 3797 1464 3866 gravioribus
1501 3798 1681 3853 verbis
1732 3813 1856 3852 eum

291 3893 494 3948 debent
530 3892 825 3961 corrigere,
859 3901 920 3944 ut
961 3891 1010 3944 ei
1042 3891 1135 3959 qui
1180 3890 1333 3960 jubet
1371 3905 1494 3959 qua:
1523 3893 1735 3953 decent,
1779 3891 1863 3944 iu-

292 3983 536 4038 serviant
577 3991 631 4037 et
675 3981 949 4036 obediant.
993 3981 1145 4036 Sicut
1177 3980 1323 4035 enim
1369 3981 1527 4035 debet
1571 3983 1860 4050 episcopus

292 4074 556 4130 ministris
580 4075 849 4130 sinceram
869 4074 1214 4128 dilectionem
1233 4081 1286 4126 et
1308 4071 1560 4127 all‘ectum
1583 4073 1856 4142 prmbere;

291 4167 480 4220 eodem
513 4167 676 4220 modo
707 4175 762 4220 ct
785 4165 1015 4235 subjecti
1047 4164 1534 4233 debentepiscopis
1573 4179 1683 4219 non
1713 4163 1859 4218 frau-

291 4255 539 4312 dulenter
569 4256 932 4312 ministerium
959 4263 1014 4311 et
1044 4254 1367 4324 obsequium
1397 4254 1678 4309 exhibere.

360 4515 521 4585 252
601 4515 826 4570 (Συπείίίί
882 4515 1308 4583 Carthaginensis
1365 4530 1587 4569 canones
1615 4513 1703 4579 15,
1764 4514 1856 4580 28,

919 4605 1194 4671 120,121.

358 4697 436 4750 De
465 4698 682 4751 diversis
714 4696 986 4752 ordinibus
1018 4696 1266 4752 Ecclesia:
1302 4698 1664 4763 servientibus,
1724 4708 1852 4766 etc.,

285 4799 344 4843 ut
373 4805 496 4860 pag.
526 4789 647 4844 705.

359 4885 446 4939 15.
477 4883 607 4938 item
631 4884 838 4956 placuit
859 4895 918 4939 ut
943 4884 1193 4954 quisquis
1217 4884 1617 4953 episcoporum,
1642 4894 1772 4950 etc.,
1795 4895 1851 4938 ut

283 4993 406 5047 pag.
436 4977 558 5031 703.

355 5070 679 5139 Presbyteri,
711 5068 941 5131 diaconi,
972 5068 1050 5121 vel
1087 5068 1286 5133 clerici,
1319 5069 1408 5136 qui
1441 5070 1495 5121 in
1545 5085 1705 5122 causa
1755 5085 1851 5122 sua

284 5141 352 5192 ad
373 5141 728 5193 transmarina
757 5140 1056 5206 putauerint
1099 5139 1568 5207 appellandum,in
1617 5155 1851 5192 commu-

284 5211 488 5264 nionem
519 5211 729 5262 minime
755 5210 1133 5276 suscipiantur.

354 5386 444 5440 ‘28.
488 5389 615 5440 Item
658 5387 861 5456 placuit
891 5388 935 5416 ³⁸
968 5385 1102 5454 (96),
1135 5396 1190 5438 ut
1235 5387 1553 5456 presbyteri,
1611 5387 1845 5452 diaconi,

356 5477 400 5506 "
438 5476 608 5530 (Ioue.
637 5477 854 5531 Milevit.
884 5493 942 5541 ιι,
977 5480 1077 5530 sub
1107 5477 1290 5531 lunoe.
1324 5495 1372 5531 c.
1405 5479 1495 5531 :22.
1723 5477 1728 5479 ’

1881 1695 1930 1754 Β

1960 436 2234 504 ενέγκοιεν
2263 435 2466 506 ψῆφον,
2499 435 2685 490 τοῦτον
2710 437 2908 508 μηκέτι
2935 439 3064 508 παρ’
3081 440 3285 510 ἑτέροις
3313 442 3530 506 δικάζει

1963 525 2108 592 σθαι,
2153 525 2289 579 ἀλλὰ
2327 526 2507 596 μένειν
2557 526 2782 594 βεϐαίαν
2824 529 2924 598 τὴν
2969 529 3259 600 σύμφωνον
3290 532 3396 588 τῶν
3438 535 3532 588 ἐπὶ

1960 615 2061 686 τῆς
2094 617 2359 687 ἐπαρχίας
2398 618 2715 671 ἐπισκόπων
2741 620 3033 686 ἀπόφασιν.

2193 709 2464 763 Συνόδου
2495 709 2880 778 Χαλκηδόνος
2909 713 3108 767 κανὼν
3132 715 3175 767 θ’
3213 716 3295 779 ιζ’.

2034 798 2098 851 θ’.
2130 798 2198 852 Εἴ
2244 817 2326 862 τις
2361 801 2618 870 κληρικὺς
2671 801 2808 874 πρὸς
2848 804 3105 874 κληρικδν
3138 807 3370 876 πρᾶγμα
3397 806 3533 879 ἔχει,

1962 906 2017 943 κ.
2045 907 2095 942 τ.
2126 891 2176 943 λ.
2688 943 2694 949 .

2034 977 2117 1038 ιζ’.
2147 979 2256 1043 Τὰς
2277 979 2398 1034 καθ’
2425 981 2662 1047 ἐκάστην
2698 981 3027 1055 Ἐκκλησίαν
3083 985 3405 1054 ἀγροικικὰς
3431 1005 3537 1042 πα-

1968 1071 2198 1141 ροικίας,
2229 1090 2283 1126 κ.
2315 1090 2379 1139 τ.,
2398 1073 2450 1126 λ.

2207 1164 2476 1218 Συνόδου
2497 1163 2794 1233 Σαρδικῆς
2820 1167 3021 1221 κανὼν
3047 1174 3094 1235 γ’
3116 1174 3157 1220 ε’
3193 1169 3275 1224 ιδ’.

2033 1262 2107 1323 γ’.
2142 1257 2326 1316 Ὃσιος
2355 1256 2653 1322 ἐπίσκοπος
2677 1254 2828 1312 εἶπεν
2851 1274 2866 1290 ο
2915 1258 3235 1327 ’Λναγκαῖον
3267 1261 3360 1313 καὶ
3379 1260 3538 1314 τοῦτο

1965 1345 2350 1417 προστεθῆναι,
2381 1363 2436 1400 κ.
2468 1363 2520 1400 τ.
2548 1348 2598 1402 λ.

2031 1444 2093 1492 ε’.
2117 1438 2304 1502 ’Ὁσιος
2328 1440 2623 1503 ἐπισκοπος
2644 1435 2796 1493 εἶπεν
2819 1459 2834 1474 ο
2853 1439 3104 1514 Ἦρεσεν,
3126 1441 3213 1497 ἵνα
3232 1442 3286 1495 εί
3313 1459 3396 1506 τις
3419 1442 3540 1496 ἐπί-

1965 1544 2164 1593 σκοπος
2192 1528 2608 1598 καταγγελθείη,
2639 1547 2694 1583 κ.
2723 1547 2774 1584 τ.
2800 1530 2849 1585 λ.

2036 1619 2432 1690 Ἀπεκρίναντο
2469 1621 2516 1672 οἱ
2551 1620 2841 1674 ἐπίσκοποι
2869 1637 2883 1652 ·
2924 1623 3003 1677 Τὰ
3027 1623 3283 1695 λεχθέντα
3315 1625 3533 1696 ἤρεσεν.

2013 1797 2095 1852 ιδ’.
2126 1798 2310 1859 Ὀσιος
2327 1796 2624 1861 ἐπίσκοπος
2636 1793 2774 1851 εἶπε·
2802 1799 2875 1853 Τὸ
2902 1799 3213 1854 δέιῗπὰντοτέ
3239 1817 3304 1870 με
3324 1799 3532 1873 κινοῦν,

1952 1891 2340 1960 ἀποσιωπῆσαι
2365 1889 2465 1942 οὐκ
2486 1889 2686 1957 ὀφείλω
2723 1906 2738 1922 ο
2779 1891 2831 1944 εί
2854 1908 2938 1954 τις
2968 1893 3260 1956 ἐπίσκοπος
3283 1893 3536 1963 ὀξύχολος

1953 1984 2276 2054 εὑρίσκοιτο,
2305 1983 2441 2052 ὅπερ
2481 1983 2581 2034 οὐκ
2610 1982 2812 2050 ὀφείλει
2837 1985 2895 2036 ἐν
2927 1984 3152 2056 τοιούτῳ
3179 1986 3332 2057 ἀνδρὶ
3380 1985 3537 2038 πολι-

1957 2071 2231 2131 τεύεσθαι,
2257 2071 2353 2124 καὶ
2383 2071 2628 2140 τραχέως
2681 2072 2911 2145 ἀντικρὺ
2957 2075 3327 2146 πρεσϐυτέρου
3352 2076 3384 2146 ἢ
3411 2076 3532 2129 δια-

1963 2161 2119 2215 κόνου
2139 2159 2442 2228 ὲκὸληθεὶς,
2468 2157 2718 2211 ἐκϐαλεῖν
2741 2160 3062 2230 Ἐκκλησίας
3096 2162 3254 2215 αὐτὸν
3295 2162 3530 2234 θελήσοι,

1962 2251 2286 2322 προνοητέον
2317 2251 2451 2313 ἐστὶ,
2476 2249 2550 2320 μὴ
2585 2249 2780 2320 ἀθρόον
2808 2253 2899 2305 τὸν
2939 2252 3179 2306 τοιοῦτον
3216 2255 3532 2326 κατακρίνε-

1958 2339 2104 2400 σθαι,
2137 2337 2229 2391 καὶ
2248 2337 2344 2406 τῆς
2374 2335 2656 2399 κοινωνίας
2681 2338 3119 2409 ἀποστερεῖσθαι.

2022 2431 2229 2492 Πάντες
2267 2430 2552 2502 εἰρήκασιν
2582 2445 2596 2460 ⁸
2634 2431 2691 2484 'O
2730 2430 3121 2502 ἐκϐαλλόμενος
3169 2433 3338 2503 ἐχέτω
3379 2434 3538 2500 ἐξου-

1955 2523 2075 2578 σίαν
2113 2524 2203 2576 ἐπὶ
2231 2523 2320 2576 τὸν
2346 2524 2644 2577 ἐπίσκοπον
2673 2523 2774 2593 τῆς
2832 2525 3240 2596 μητροπόλεως,
3266 2527 3382 2597 ἦτοι
3441 2527 3534 2580 τὸν

1959 2615 2381 2686 μητροπολίτην,
2427 2617 2764 2684 καταφυγεῖν
2797 2631 2812 2646 ο
2845 2617 2893 2668 εἰ
2931 2616 2988 2668 δέ
3020 2618 3048 2669 ὁ
3089 2618 3188 2686 τῆς
3251 2620 3533 2689 μητροπό-

1957 2709 2092 2771 λεως
2122 2707 2370 2771 ἄπεστιν,
2405 2709 2497 2760 ἐπὶ
2517 2708 2605 2761 τὸν
2633 2707 3006 2777 πλησιόχωρον
3030 2709 3404 2780 κατατρέχειν,
3433 2709 3533 2764 καὶ

1958 2798 2144 2865 ἀξιοῦν
2199 2797 2287 2851 ’ίνα
2333 2797 2469 2868 μετὰ
2527 2797 2835 2866 ἀκριϐείας,
2879 2797 3043 2850 αὐτοῦ
3103 2797 3423 2866 ἐξετάζηται
3471 2798 3534 2852 τὸ

1957 2892 2189 2960 πρᾶγμα
2217 2903 2232 2917 ⁸
2277 2889 2338 2941 οὑ
2395 2889 2499 2958 χρὴ
2553 2888 2662 2958 γὰρ
2695 2889 2767 2957 μὴ
2809 2888 3041 2958 ὑπέχειν
3072 2888 3171 2950 τὰς
3204 2887 3372 2950 ἀκοὰς
3419 2892 3535 2952 τοῖς

1957 2981 2196 3048 ἀξιοῦσιν
2223 2997 2237 3009 ·
2278 2981 2482 3041 ἐκεῖνος
2511 2978 2567 3030 δέ
2599 2981 2627 3031 ὸ
2674 2979 2993 3045 ἐπίσκοπος,
3028 2981 3055 3032 ὁ
3093 2979 3371 3050 δικαίωςῆ
3415 2979 3536 3032 ἀδί-

1960 3093 2072 3138 κως
2103 3070 2348 3126 ἐκϐαλὼν
2379 3071 2468 3124 τὸν
2502 3071 2767 3136 τοιοῦτον,
2803 3071 3065 3138 γενναίως
3097 3073 3282 3141 φέρειν
3307 3071 3535 3139 ὀφείλει,

1962 3169 2048 3221 ἵνα
2093 3168 2127 3237 ὴ
2182 3165 2426 3231 ἐξέτασις
2460 3161 2552 3215 τοῦ
2593 3163 2916 3232 πράγματος
2963 3163 3207 3232 γένηται,
3249 3163 3344 3214 καὶ
3377 3162 3538 3232 ἢκυ-

1965 3257 2107 3330 ρωθῇ
2139 3255 2298 3309 αὑτοῦ
2334 3253 2747 3324 ἠὰπόφασις,ἣ
2786 3253 3126 3324 διορθώσεως
3167 3253 3304 3323 τύχῃ
3340 3271 3353 3283 ·
3405 3253 3538 3323 πρὶν

1959 3351 2017 3404 δέ
2044 3346 2316 3419 ἐπιμελῶς
2345 3346 2551 3399 ἕκαστα
2575 3343 2857 3432 ἐξςιασθῇ,
2893 3345 2921 3396 ὁ
2950 3343 3024 3414 μὴ
3051 3343 3187 3414 ἔχων
3219 3344 3316 3414 τὴν
3347 3361 3537 3396 κοινω-

1961 3441 2096 3504 νίαν,
2152 3437 2258 3507 πρὸ
2299 3438 2396 3504 τῆς
2445 3433 2785 3502 διαγνώσεως
2838 3433 2932 3488 τοῦ
2967 3434 3310 3509 πράγματος,
3357 3433 3537 3503 ἐαυτῷ

1961 3532 2058 3585 οὐκ
2085 3530 2287 3598 ὀφείλει
2317 3527 2552 3581 ἐκδικεῖν
2574 3527 2672 3595 τὴν
2729 3526 3014 3580 κοινωνίαν
3048 3541 3062 3555 °
3101 3527 3195 3578 ἐὰν
3225 3525 3280 3577 δὲ
3313 3526 3538 3595 συνελη-

1961 3623 2180 3684 λυθότες
2205 3621 2312 3673 τῶν
2335 3617 2610 3697 κληρικῶν
2638 3634 2779 3680 τινες
2817 3618 3074 3670 κατίδωσι
3105 3617 3203 3686 τὴν
3235 3618 3538 3687 ὑπεροψίαν

1961 3717 2056 3770 καὶ
2104 3713 2204 3784 τὴν
2247 3711 2566 3776 ἀλαζονείαν
2643 3709 2843 3774 αὐτοῦ,
2898 3710 3086 3779 ἐπειδὴ
3139 3709 3198 3761 οὐ
3260 3709 3538 3778 προσῆκόν

1961 3811 2110 3862 ἐστιν
2145 3805 2302 3875 ὕϐριν
2335 3804 2366 3874 ἦ
2406 3802 2612 3874 μέμψιν
2640 3803 2823 3857 ἄδικον
2844 3803 3158 3871 ὑπομένειν,
3193 3802 3539 3874 πικροτέροις

1960 3902 2053 3954 καὶ
2107 3897 2426 3969 βαρυτέροις
2483 3897 2723 3966 ῥήμασιν
2769 3896 3116 3966 ἐπιστρέφειν
3166 3894 3354 3948 τοῦτον
3388 3895 3538 3963 ὀφεί-

1959 3992 2139 4045 λουσιν
2173 4007 2187 4021 ·
2228 3989 2315 4042 ἵνα
2340 3987 2416 4058 τῷ
2440 3987 2509 4040 τὰ
2529 3987 2807 4058 πρέποντα
2841 3987 3116 4040 κελεύοντι
3154 3987 3535 4057 ὑπηρετῶνται

1961 4087 2052 4140 καὶ
2121 4084 2505 4138 ὑπακούωσιν*
2559 4084 2748 4152 ὥσπερ
2802 4083 2911 4155 γὰρ
2973 4086 3000 4136 ὁ
3066 4085 3363 4148 ἐπίσκοπος
3422 4088 3537 4149 τοῖς

1961 4177 2262 4248 ὑπηρέταις
2312 4176 2579 4244 εἱλικρινῆ
2629 4175 2831 4244 ὀφείλει
2901 4175 2998 4244 τὴν
3040 4175 3260 4245 ἀγάπην
3291 4176 3384 4228 καὶ
3435 4175 3536 4245 τὴν

1956 4269 2195 4321 διάθεσιν
2225 4268 2507 4339 παρέχειν,
2547 4268 2636 4320 τὸν
2666 4268 2827 4319 αὐτὸν
2849 4267 3046 4336 τρόπον
3072 4269 3118 4319 οί
3161 4267 3534 4335 ὑποτεταγμέ-

1887 4371 1941 4430 ])
1966 4377 2066 4424 νοι,
2102 4361 2303 4422 ἀδόλως
2329 4362 2440 4421 τοῖς
2472 4357 2789 4420 ἐπισκόποις
2813 4357 2882 4409 τὰ
2925 4358 3024 4426 τῆς
3056 4357 3356 4428 ὑπηρεσίας
3381 4359 3532 4410 ἐκτει

1962 4455 2070 4506 λεῖν
2101 4453 2424 4518 ὀφείλουσιν.

2033 4543 2297 4598 Συνόδου
2329 4543 2747 4611 Καρθαγέννης
2785 4542 2983 4596 κανὼν
3019 4543 3080 4595 ιε’
3105 4550 3189 4613 κη’
3207 4541 3291 4613 ρκ’
3316 4548 3456 4610 ρκα’.

2027 4724 2164 4790 Περὶ
2187 4723 2484 4792 διαφόρων
2499 4722 2727 4788 τάξεων
2746 4741 2775 4776 τ
2789 4723 2819 4792 ᾗ
2841 4724 3166 4790 Ἐκκλησίᾳ
3207 4722 3534 4779 δουλευου-

1956 4814 2103 4879 σῶν,
2131 4831 2185 4866 κ.
2221 4830 2271 4866 τ.
2301 4813 2351 4867 λ.

2031 4909 2116 4957 ιε’.
2153 4902 2382 4972 Ὁμοίως
2405 4903 2598 4973 ἤρεσεν
2627 4918 2639 4932 ’
2680 4902 2765 4954 ἵνα
2799 4902 3147 4973 ὁστισδήποτε
3171 4902 3280 4956 τῶν
3306 4901 3530 4956 ἐπισκό-

1953 5011 2092 5057 πων,
2129 5011 2184 5046 κ.
2213 5010 2264 5046 τ.
2301 4993 2350 5047 λ.

2024 5087 2416 5154 Πρεσϐύτεροι
2436 5085 2531 5139 καί
2552 5084 2816 5141 διάκονοι
2833 5086 2930 5138 καὶ
2956 5088 3247 5153 κληρικοί,
3278 5090 3332 5140 οἱ
3351 5088 3419 5140 ἐν
3447 5086 3529 5152 τῷ

1954 5156 2081 5219 ὶδιῳ
2109 5155 2399 5224 πράγματι
2442 5157 2739 5220 ἔκκλητον
2785 5157 3169 5225 παρέχοντες,
3199 5159 3295 5210 ἐπὶ
3321 5159 3392 5209 τὰ
3423 5156 3526 5225 πέ-

1951 5243 2070 5293 ραν
2093 5225 2200 5292 τῆς
2223 5222 2539 5293 θαλάσσης
2554 5227 2641 5290 εὶς
2670 5222 2984 5279 κοινωνίαν
3004 5226 3286 5295 μηδαμῶς
3310 5222 3529 5294 δεχθῶ-

1959 5314 2066 5349 σίν.

2028 5395 2130 5456 κη’.
2183 5388 2408 5455 Ὁμοίως
2459 5387 2653 5456 ἤρεσεν
2685 5387 2769 5439 ἵνα
2815 5388 2864 5438 οί
2917 5386 3276 5457 πρεσϐύτεροι
3326 5387 3421 5440 καὶ
3477 5386 3528 5440 οι

362 5568 471 5644 ςθϋ)
503 5567 1103 5644 _lnnuit‘_llin_emarus
1153 5571 1203 5623 in
1259 5587 1462 5640 opusc.-
1495 5571 1568 5625 De
1615 5573 1841 5627 divortio
1919 5574 2072 5626 Loth.
2121 5585 2168 5626 et
2218 5573 2395 5627 leetb.
2447 5588 2570 5642 pag.
2628 5573 2732 5628 686
2764 5614 2779 5639 ,
2831 5575 2976 5628 hunc
3032 5589 3295 5629 eanoncm
3347 5574 3526 5644 primo

296 5641 464 5700 [uisse
501 5640 552 5693 in
584 5639 814 5695 concilio
852 5641 1195 5710 llipponensi
1232 5639 1526 5701 sancitum.
