3842 6224
314 194 419 259 72Ἶ
1438 193 1704 253 ΡΗΟΤΙΙ
1745 188 2252 251 ΡΑΤΒΙΛΗΕΗᾸΞ
2291 190 2400 251 CP.
3477 177 3585 242 728

384 308 805 380 Responderunt
835 307 1078 379 episcopi
1115 328 1129 362 :
1162 306 1294 373 Qum
1320 305 1468 362 dicta
1514 315 1641 362 sunt
1663 306 1885 375 placue-

2079 305 2474 374 Ἀπεκρίναντο
2521 304 2570 356 oi
2612 300 2901 354 ἐπίσκοποι
2953 315 2966 329 ·
3013 296 3097 351 Τά
3140 294 3409 367 λεχοέντα
3462 295 3582 365 ἤρε-

314 411 466 458 runt.

2000 412 2113 448 σεν.

387 496 476 550 14.
512 493 677 550 Osius
699 493 988 563 episcopus
1013 490 1188 546 dixit:
1218 489 1372 556 Quod
1393 498 1574 546 autem
1604 502 1690 543 me
1721 485 1896 541 unde—

2073 490 2156 543 ιδ’.
2186 487 2372 552 ’Ὁσιος
2416 486 2711 547 ἐπίσκοπος
2742 478 2865 538 εἶπε
2888 498 2904 514 °
2931 481 3008 536 Τδ
3040 481 3098 535 δὲ
3130 478 3371 534 πάντοτέ
3406 496 3475 547 με
3501 496 3579 531 κι-

316 602 534 657 quaque
561 593 759 651 movet,
792 593 923 647 etc.,
971 593 1028 637 ut
1057 598 1180 653 pag.
1222 582 1349 636 725.

1999 580 2141 643 νοῦν,
2156 598 2212 635 κ.
2244 596 2295 634 τ.
2321 579 2373 635 λ.
3222 567 3224 571 ι

318 676 544 734 Concilii
588 676 1292 801 Carthaginens‘iglcaingoges
1319 673 1407 739 14,
1440 672 1526 736 I5,
1564 669 1655 739 28,
1683 670 1775 736 79,
1804 669 1835 725 9

2055 672 2327 731 Συνόδου
2360 669 2780 741 Καρθατέννης
2800 666 3003 757 κανὼν
3031 666 3090 720 ιδ’
3115 672 3175 719 ιε’
3208 671 3299 736 κηι
3328 663 3403 717 σθ’
3434 668 3523 731 ιτς·

2128 788 2129 793 η
2636 746 2753 801 ρκα¹
2806 754 2940 801 ρκε.

1070 784 1084 809 ,
1123 746 1247 799 125.
2128 788 2129 793 η
2636 746 2753 812 ρκαν
2806 746 2940 810 ρκε’.

391 838 461 894 Ut
487 842 550 895 de
577 840 781 911 Tripoli
810 856 946 895 unus
986 841 1268 909 episcopus
1292 837 1349 892 in
1371 837 1716 909 legationem,
1759 844 1893 902 etc.,

2073 839 2255 896 Ὥστε
2285 836 2405 892 ἀπὸ
2439 835 2769 905 Τριπόλεως
2793 831 2897 886 ἕνα
2928 828 3276 883 ἐπίσκοπον
3296 827 3385 892 είς
3410 840 3580 879 τοπο-

312 942 373 990 ιιι
404 952 529 1005 pag.
558 933 683 989 705.
2000 931 2321 997 τηρησίαν,
2341 947 2395 982 κ.
2420 944 2472 981 τ.
2498 926 2547 980 λ.

388 1027 479 1082 14.
516 1027 650 1082 Item
678 1025 884 1095 placuit
909 1025 977 1081 de
1004 1022 1235 1095 Tripoli,
1264 1032 1399 1085 etc.,
1425 1030 1482 1075 ut
1504 1038 1628 1092 pag.
1661 1019 1790 1075 254.

2075 1020 2159 1075 ιδ’.
2201 1020 2431 1091 Ὁμοίως
2453 1020 2650 1090 ἤρεσεν
2678 1016 2788 1071 ἀπὸ
2815 1013 3153 1085 Τριπόλεως,
3187 1028 3245 1066 κ.
3273 1028 3329 1065 τ.
3358 1008 3408 1063 λ.

396 1118 562 1188 255
597 1118 674 1173 De
697 1118 920 1172 diversis
946 1115 1218 1171 ordinibus
1251 1114 1507 1170 Ecclesia:
1534 1112 1895 1177 servientibus,

2072 1112 2209 1183 Περὶ
2233 1112 2531 1181 διαφόρων
2560 1109 2789 1174 τάξεων
2809 1106 2883 1176 τῇ
2903 1106 3240 1173 Ἐκκλησία
3268 1102 3588 1158 66vwa-

316 1219 450 1277 etc.,
487 1219 546 1262 ut
582 1226 705 1280 pag.
736 1210 860 1264 705.

2001 1204 2163 1269 σῶν,
2197 1223 2251 1259 κ.
2284 1222 2335 1258 τ.
2368 1204 2416 1257 λ.

389 1301 479 1357 15.
514 1298 642 1356 Item
682 1302 910 1372 placuit,
947 1310 1007 1358 ut
1041 1302 1294 1373 quisquis
1321 1302 1727 1372 episcoporum,
1762 1307 1896 1365 etc.,

2078 1297 2158 1352 ιε’.
2190 1298 2427 1368 Ὁμοίως
2448 1296 2667 1367 ἤρεσεν,
2701 1296 2789 1347 ἵνα
2817 1292 3203 1365 ὁστισδήποτε,
3236 1308 3291 1343 κ.
3317 1307 3368 1343 τ.
3397 1288 3449 1344 λ.

316 1402 375 1446 ut
408 1410 532 1464 pag.
570 1392 691 1447 705.

355 1483 663 1555 Presbyteri
690 1495 737 1540 et
760 1485 974 1539 diaconi
994 1486 1071 1540 vel
1098 1484 1300 1551 clerici,
1328 1492 1460 1546 etc.,
1488 1492 1545 1537 ut
1576 1500 1699 1553 pag.
1733 1481 1863 1537 252.

2078 1478 2475 1549 Πρεσϐύτεροι
2558 1475 2659 1530 καὶ
2729 1473 2996 1528 διάκονοι
3071 1471 3170 1525 καὶ
3268 1466 3543 1536 κληρικοί
3573 1505 3589 1530 ,

2006 1591 2063 1627 κ.
2101 1590 2152 1626 τ.
2189 1572 2240 1625 λ.

386 1664 477 1719 28.
515 1664 649 1720 Item
688 1665 893 1735 placuit
924 1673 983 1720 ut
1021 1665 1347 1736 presbyteri,
1379 1673 1509 1731 etc.,
1543 1673 1599 1717 ut
1622 1680 1744 1734 pag.
1770 1662 1895 1717 725.

2075 1673 2180 1738 κη’.
2221 1664 2454 1735 Ὁμοίως
2494 1664 2713 1735 ἤρεσεν,
2747 1661 2834 1714 ἴνα
2858 1661 2907 1714 οἱ
2932 1657 3321 1731 προσῦύτεροι,
3367 1672 3421 1708 κ.
3459 1673 3509 1707 τ.
3544 1654 3592 1706 λ.

390 1754 467 1810 De
500 1757 708 1811 clericis
748 1758 837 1827 qui
868 1757 1013 1811 intra
1041 1772 1241 1811 annum
1278 1772 1497 1810 causam
1531 1772 1688 1810 suam
1747 1769 1903 1825 agere

2082 1755 2213 1824 Περὶ
2259 1754 2381 1808 τῶν
2418 1751 2499 1821 μὴ
2554 1747 2987 1821 φροντιζόντων
3044 1742 3396 1813 κληρικῶν,
3426 1739 3599 1804 ἐντὸς

317 1862 422 1899 non
456 1856 839 1915 procurarunt.

2006 1847 2288 1905 ἐνιαυτοῦ
2320 1844 2543 1916 πρᾶξαι
2575 1844 2643 1898 τὸ
2677 1844 2831 1896 ἴδιον
2859 1839 3118 1909 πρᾶγμα.

391 1938 477 1995 79.
504 1938 721 1995 Rursus
752 1940 1133 2005 constitutum,
1154 1930 1287 2006 etc.,
1315 1947 1371 1993 ut
1394 1955 1516 2009 pag.
1546 1937 1673 1992 722.

1394 1955 1516 2009 pag.
1546 1937 1673 1992 722.
2074 1939 2171 1994 οϐ’.
2206 1939 2377 1994 Πάλιν
2402 1936 2633 2009 ὡρίσθη,
2668 1952 2722 1989 κ.
2754 1952 2805 1988 τ.
2847 1932 2898 1987 λ.

427 2030 497 2086 Ut
536 2031 603 2085 ab
635 2031 814 2086 electis
852 2030 1125 2100 judicibus
1158 2047 1446 2100 provocare
1492 2046 1593 2083 non
1616 2029 1795 2083 liceat.

2085 2034 2203 2087 "Ira
2260 2028 2537 2100 αἱρετοὺς
2593 2026 2889 2090 δικαστὰς
2914 2023 3001 2094 μὴ
3030 2022 3176 2087 ἐξὸν
3198 2021 3295 2087 εἴη
3332 2016 3602 2073 ἐκκαλεῖ-

2006 2129 2172 2180 σθαι.

423 2226 514 2283 96.
560 2225 619 2283 Si
649 2236 829 2284 autem
892 2225 1057 2283 fuerit
1099 2232 1452 2297 provocatum
1482 2224 1551 2288 “,
1592 2223 1775 2294 eligat,
1811 2223 1905 2294 qui

2084 2218 2195 2281 Lg'.
2243 2212 2372 2266 Ἐὰν
2405 2209 2462 2263 δὲ
2512 2207 2739 2278 γένηται
2783 2204 3068 2275 ἕκκλητος,
3104 2202 3198 2255 καὶ
3228 2198 3549 2269 ἐπιλέξηται
3576 2198 3601 2249 ὁ

318 2319 719 2391 provocaverit,
749 2317 982 2388 iudices,
1040 2328 1097 2374 ct
1135 2333 1261 2373 cum
1307 2331 1374 2372 eo
1437 2325 1492 2371 et
1536 2315 1649 2383 ille,
1715 2326 1835 2371 cont

2087 2303 2447 2372 καλεσάμενος
2472 2297 2752 2365 δικαστὰς,
2767 2296 2861 2351 καὶ
2888 2295 3003 2366 μετ’
3025 2292 3189 2347 αὐτοῦ
3213 2292 3469 2353 κάκεῖνος
3487 2288 3604 2341 καθ’

319 2378 482 2480 quem
501 2378 878 2480 provocaverit
908 2450 923 2477 ,
954 2378 1014 2464 ut
1042 2408 1112 2464 ab
1139 2408 1271 2478 ipsis
1298 2407 1561 2477 deinceps
1589 2378 1721 2461 nulli
1748 2408 1836 2463 lict

2099 2392 2484 2461 ἐξεκαλέσατο,
2511 2388 2607 2443 τοῦ
2635 2386 2827 2441 λοιποῦ
2858 2384 3001 2439 κατὰ
3030 2383 3236 2438 τούτων
3271 2380 3468 2452 μηδενὶ
3522 2378 3605 2443 ἐξ·

319 2518 638 2571 provocare.

2008 2486 2152 2537 έστω
2180 2479 2607 2536 ἐκκαλέσασθαι.

394 2593 551 2660 Quod
591 2594 879 2649 electorum
910 2594 1156 2664 iudicum
1183 2593 1445 2648 sententia
1476 2592 1653 2661 sperni
1687 2608 1789 2646 non
1817 2593 1909 2647 de-

394 2692 462 2730 at-

2145 2581 2211 2628 lu
2235 2576 2345 2628 οὐκ
2371 2574 2598 2643 ὀφείλει
2626 2570 2746 2625 τῶν
2769 2568 3211 2638 ἐπιλεγομένων
3238 2562 3545 2620 δικαστῶν
3566 2561 3603 2627 ἠ
3658 2564 3662 2569 ’

2145 2686 2212 2730 un
2257 2666 2728 2730 ἐξουθενεῒσθαι.

322 2683 463 2739 beat.

2010 2682 2212 2739 γνώμη
2257 2682 2727 2730 εξουθενεισυαι.

394 2692 463 2737 at.

394 2775 495 2828 121
526 2773 702 2847 [122].
743 2774 1074 2845 Aiudicibus
1100 2786 1310 2841 autem,
1334 2784 1469 2843 etc.,
1495 2786 1553 2831 ut
1578 2791 1702 2846 pag.
1743 2774 1871 2829 722.

2010 2684 2212 2740 γνωμῃ
2257 2684 2728 2730 εζουσενεισυαι.

1750 2774 1871 2829 722,
2086 2765 2224 2830 ρκα’.
2260 2758 2418 2812 Κατὰ
2447 2757 2503 2809 δὲ
2532 2755 2643 2810 τῶν
2672 2752 2970 2818 δικαστῶν,
2998 2769 3053 2804 κ.
3081 2767 3131 2803 τ.
3163 2750 3215 2804 λ.

393 2839 1015 2939 QSéDemresbgteris
1064 2878 1114 2923 et
1173 2839 1407 2935 clericis,
1431 2839 1489 2924 ut
1514 2839 1618 2924 non
1644 2839 1910 2939 appellent

2084 2850 2224 2917 Περὶ
2270 2847 2694 2917 πρεσϐυτέρων
2730 2846 2829 2901 καὶ
2869 2842 3195 2912 κληρικῶν,
3245 2842 3351 2894 ἵνα
3389 2840 3482 2909 μὴ
3507 2839 3601 2891 ἐκ·

325 2938 437 3013 nisi
460 2938 529 3012 ad
556 2958 821 3028 Africana
858 2938 1109 3015 concilia.
1716 2938 1720 2939 ν

2085 2941 2331 3007 adiurat,
2380 2943 2432 2996 εὶ
2481 2940 2569 3010 μὴ
2616 2938 2769 3008 πρὸς
2819 2938 2929 3005 τὰς
2963 2938 3074 3006 τῆς
3120 2938 3407 3005 Ἀφρικῆς
3454 2946 3602 2986 συν-

2085 3052 2211 3089 ους.

2010 3054 2155 3089 οοου
2196 3074 2211 3089 .

397 3118 523 3173 125.
554 3116 687 3172 Item
718 3118 944 3189 placuit,
972 3126 1035 3174 ut
1064 3118 1391 3190 presbyteri,
1425 3118 1663 3185 diaconi,
1698 3130 1828 3185 etc.,
1850 3129 1907 3173 ut
2086 3054 2217 3201 ρκεξο,
2236 3128 2470 3200 Ὁμοίως
2498 3127 2717 3198 ἤρεσεν,
2750 3124 2840 3178 ἵνα
2876 3120 3269 3193 πρεσϐύτεροι,
3305 3136 3364 3173 κ.
3392 3138 3447 3173 τ.
3485 3120 3536 3172 λ.

365 3226 452 3266 αα.
498 3210 624 3266 725.

325 3226 452 3281 pag.
499 3226 624 3266 'rzo.

402 3302 620 3358 Textus.
654 3300 847 3359 Const.
879 3302 947 3370 8,
976 3301 1062 3357 tit.
1097 3302 1153 3368 4,
1183 3301 1279 3358 lib.
1326 3318 1384 3368 ι,
1433 3302 1546 3368 ait,
1590 3303 1733 3373 quod
1779 3318 1838 3359 se

2095 3307 2157 3362 Ἡ
2188 3315 2235 3379 η’
2262 3304 2504 3371 διάταξις
2536 3302 2634 3358 τοῦ
2677 3304 2719 3356 δ’
2750 3303 2856 3359 τίτ.
2908 3301 3002 3356 τοῦ
3035 3307 3082 3356 α’
3115 3300 3261 3370 βισλ.
3304 3300 3498 3370 φησὶν,
3521 3300 3603 3353 ὅτι

329 3394 514 3450 tentia:
543 3394 926 3464 episcoporum
967 3392 1174 3451 similes
1224 3394 1334 3450 sint
1388 3395 1675 3449 sententiis
1719 3395 1846 3465 prael

2099 3400 2209 3455 τῶν
2239 3398 2556 3453 ἐπισκόπων
2590 3397 2785 3466 ψῆφοι,
2829 3394 2952 3458 ταῖς
2982 3393 3092 3447 τῶν
3137 3392 3399 3463 ἐπάρχων
3425 3391 3609 3444 ἐοίκα-

327 3496 571 3551 ctorum,
590 3501 620 3540 a
638 3486 838 3555 quibus
861 3499 1159 3555 provocare
1178 3500 1288 3540 non
1319 3485 1466 3541 licet.
1492 3485 1558 3542 Et
1595 3486 1844 3542 constit.‘

2092 3510 2121 3559 ι,
2161 3492 2255 3561 ἀφ’
2304 3484 2381 3546 ὧν
2443 3489 2796 3543 ἐκκαλεῖσθαι
2855 3487 2959 3541 οὐκ
3012 3486 3247 3550 ἔξεστι·
3306 3486 3404 3539 καὶ
3459 3486 3493 3554 ἠ
3527 3484 3609 3536 κο⁹

280 3574 285 3579 ’
327 3578 576 3649 eiusdem
612 3578 697 3633 tit.
733 3577 902 3633 :Sive
946 3577 1099 3632 solus
1119 3576 1596 3648 metropolitanus,
1632 3578 1747 3631 sive
1787 3593 1797 3629 ι

2092 3602 2154 3639 ιτ.
2186 3582 2281 3636 τοῦ
2308 3582 2475 3635 αὐτοῦ
2501 3580 2607 3634 τίτ.
2636 3620 2651 3645 ,
2680 3579 2761 3632 ὅτι
2806 3579 2932 3632 Εἴτε
2980 3576 3140 3646 μόνος
3178 3575 3609 3647 μητροπολίτης,

328 3671 540 3742 synodo
574 3683 675 3724 sua
708 3669 951 3739 episcopi
1005 3677 1102 3723 aut
1132 3669 1317 3725 clerici
1365 3667 1639 3741 [causam]
1682 3668 1845 3738 Ῑιιιιίοε

2090 3694 2130 3730 τε
2179 3675 2319 3747 μετὰ
2348 3677 2446 3746 τῆς
2493 3672 2712 3726 συνόδου
2746 3670 2933 3734 αὑτοῦ,
2980 3668 3195 3723 δικάσει
3245 3669 3534 3737 ἑπισκόπῳ
3576 3668 3607 3736 ἠ

327 3771 386 3819 et
435 3762 721 3818 sententiae
770 3777 879 3815 non
922 3762 1322 3831 acquiescatur,
1377 3760 1541 3834 [ejus]
1576 3761 1844 3831 ditibnisp

2093 3767 2265 3840 ηρικῷ
2300 3784 2313 3798 ο
2346 3767 2441 3821 καὶ
2462 3768 2509 3819 εἰ
2536 3765 2611 3837 μὴ
2656 3763 2890 3836 στερχθῇ
2922 3764 2992 3817 τὰ
3037 3762 3427 3831 τετυπωμένα,
3454 3762 3484 3813 ὁ
3511 3760 3610 3827 τῆς

328 3853 573 3907 triarcha
626 3851 946 3921 cognoscit:
1000 3851 1287 3921 ipsiusque
1349 3850 1631 3920 iudicatis,
1690 3851 1843 3921 perin

2091 3860 2338 3931 ›ικήσεως
2381 3858 2728 3928 πατριάρχης
2775 3858 2988 3920 σκοπεῖ,
3039 3855 3136 3908 καὶ
3172 3857 3285 3917 τοῖς
3335 3854 3395 3918 ἐξ
3444 3852 3608 3908 astas

328 3953 496 4014 atque
547 3942 618 3998 ab
652 3941 810 3997 initio
850 3941 1197 4013 iudicasset,
1250 3941 1549 3997 insistitur.
1582 3943 1628 3995 Α
1676 3942 1845 4011 patria

2096 3947 2364 4021 ινομένοις
2420 3949 2773 4020 ἐμμένουσιν,
2807 3947 2883 4010 ὡς
2914 3946 2981 3999 ἂν
3023 3947 3072 3998 εί
3103 3945 3264 4009 αὐτὸς
3320 3944 3383 4009 ἐξ
3435 3945 3612 4015 ἀρχῆς

327 4035 557 4092 charum
591 4048 831 4104 namque
861 4033 1152 4089 sententiis
1203 4049 1314 4089 non
1372 4041 1728 4103 provocatur.
1768 4031 1844 4087 Idt

2096 4046 2269 4097 κασεν
2303 4057 2316 4072 ·
2368 4042 2429 4095 οὐ
2471 4042 2580 4111 γάρ
2612 4040 2971 4094 ἐκκαλοῦνται
3016 4038 3071 4091 al
3114 4038 3224 4091 τῶν
3254 4037 3613 4107 πατριαρκῶν

326 4127 492 4185 etiam
548 4136 726 4184 const.
766 4128 846 4194 2,
904 4127 990 4182 tit.
1049 4127 1075 4180 1
1135 4124 1483 4181 Novellarum
1543 4124 1843 4197 |tradit]q1

2099 4148 2221 4205 φοι·
2252 4134 2312 4188 τὸ
2335 4134 2465 4187 αὐτὸ
2495 4134 2585 4187 καὶ
2612 4135 2643 4203 ἡ
2672 4131 2714 4203 β’
2746 4132 2885 4186 διάτ.
2914 4130 3009 4185 τοῦ
3040 4136 3089 4183 α’
3120 4131 3228 4184 τίτ.
3248 4131 3359 4183 τῶν
3385 4128 3612 4199 Haupt?”

326 4221 496 4277 dicit:
529 4220 685 4287 Quod
714 4221 759 4276 si
789 4220 915 4291 quis
952 4234 1145 4275 eorum
1180 4218 1275 4290 qui
1317 4220 1460 4290 apud
1488 4220 1774 4290 episcopos
1807 4219 1843 4273 li

2098 4244 2145 4291 ις
2207 4226 2394 4299 φησὶν,
2430 4225 2506 4289 ὡς
2552 4227 2605 4279 εἴ
2640 4244 2721 4289 τις
2750 4225 2857 4279 τῶν
2892 4226 3047 4296 παρὰ
3078 4224 3365 4292 έπισκόπῳ
3393 4222 3614 4286 δικαζο-

326 4322 480 4385 gant,
508 4314 651 4369 intra
707 4313 897 4369 decem
933 4312 1051 4368 dies
1079 4310 1380 4384 [iudicatis]
1422 4312 1785 4379 contradicat,
1822 4313 1839 4367 l

2096 4338 2221 4388 νων,
2277 4320 2409 4374 εἴσω
2462 4319 2595 4373 δέκα
2645 4318 2868 4389 ἡμερῶν
2907 4317 3177 4380 ἀντείποι,
3221 4318 3250 4370 ὁ
3289 4316 3401 4369 τῶν
3431 4315 3613 4368 τόπων

325 4422 520 4462 eorum
582 4406 943 4485 magistratus
993 4406 1276 4476 negOtium
1324 4406 1689 4461 examinato:
1740 4415 1793 4461 et

2095 4430 2203 4482 χων
2252 4409 2553 4476 ἐξεταζέτω
2586 4410 2647 4463 τὸ
2681 4411 2947 4480 πρᾶγμα,
2977 4410 3069 4462 καὶ
3102 4409 3134 4480 ἦ
3175 4407 3482 4479 βεϐαιούτω
3511 4407 3612 4478 τὴν

274 4538 283 4573 δ
325 4508 476 4556 recte
500 4499 808 4570 iudicatum
835 4513 958 4555 esse
986 4497 1190 4571 videat]
1220 4500 1548 4555 sententiam
1590 4499 1791 4555 conﬁrn

2096 4519 2192 4573 φον
2242 4504 2338 4557 καὶ
2375 4501 2734 4569 ὲκϐιόαζὲτω,
2777 4502 2852 4573 μὴ
2892 4502 3193 4571 δυναμένου
3224 4499 3320 4553 τοῦ
3355 4499 3613 4569 δεύτερον

324 4600 381 4647 et
403 4591 753 4661 exsequitor:
779 4605 957 4661 neque
972 4589 1068 4660 qui
1097 4590 1294 4644 iterum
1324 4590 1379 4643 in
1408 4590 1509 4644 hoc
1528 4588 1708 4644 victus
1729 4587 1841 4643 luer

2095 4607 2106 4645 ί
2134 4592 2309 4663 τούτῳ
2342 4593 2665 4664 ἡττηθέντος
2704 4591 3059 4646 ἐκκαλεῖσθαι
3091 4608 3105 4622 ·
3144 4592 3407 4653 ἐναντίως
3434 4590 3492 4642 δὲ
3532 4589 3612 4661 τῷ

329 4680 615 4755 [amplius]
650 4680 990 4752 provocandi
1019 4689 1345 4750 potestatem
1396 4680 1615 4736 habeto.
1673 4678 1731 4734 Si
1782 4695 1843 4734 ve

2096 4686 2301 4739 ισκόπω
2321 4684 2415 4738 τοῦ
2439 4685 2699 4756 ἄρχοντος
2728 4684 3127 4754 ψηφιζομένου,
3154 4687 3188 4753 ἡ
3220 4681 3317 4737 τοῦ
3346 4683 3613 4753 ἄρχοντος

327 4775 683 4846 magistratus
743 4774 1021 4828 contrario
1063 4774 1227 4828 modo
1270 4781 1434 4841 atque
1486 4774 1775 4843 episcopus
1818 4773 1835 4841 i

2094 4795 2184 4845 φος
2204 4777 2490 4830 ὑπόκειται
2504 4777 2872 4847 ἐκκλήτῳ,καὶ
2886 4776 3028 4829 κατὰ
3048 4776 3138 4828 τὸν
3154 4776 3317 4845 νόμον
3338 4776 3611 4843 ἀναφέρε-

325 4865 494 4931 dicet,
540 4864 899 4937 magistratus
932 4864 1207 4919 sententia
1260 4863 1636 4934 provocationi
1669 4864 1842 4918 obnox

2094 4910 2097 4921 .
2118 4872 2213 4923 καὶ
2229 4869 2559 4935 ἐξετάζεται·
2580 4871 2675 4923 ἐὰν
2692 4870 2747 4923 δὲ
2765 4869 2871 4922 ἀπὸ
2887 4869 3191 4932 κελεύσεως
3208 4867 3241 4939 ἢ
3260 4862 3611 4938 προστάξεως

323 4966 445 5014 esto
481 4976 495 5013 :
530 4965 696 5028 atque
727 4954 1029 5012 secundum
1068 4955 1243 5025 legem
1274 4954 1507 5011 refertor
1536 4966 1592 5010 et
1628 4956 1840 5010 examin

2091 4962 2214 5035 ιάσῃ
2248 4962 2549 5025 ἐπίσκοπος
2572 5003 2587 5027 ,
2616 4965 2647 5033 ἡ
2688 4961 2951 5030 ἕκκλητος
2975 4960 3075 5032 τὴν
3103 4960 3284 5030 ψῆφον
3314 4959 3479 5013 αὐτοῦ
3514 4960 3608 5011 ἐπὶ

323 5061 432 5106 tor.
470 5049 739 5107 Caeterum
812 5050 855 5104 si
898 5063 963 5104 ex
1008 5048 1258 5117 iussione
1305 5058 1400 5103 aut
1467 5050 1727 5105 mandato
1797 5066 1840 5119 el

1872 5050 1915 5103 i-
2016 5055 2109 5107 τὸν
2150 5055 2598 5126 παραπέμψαντα
2630 5054 2727 5126 τὴν
2762 5054 3022 5108 ὑπόθεσιν
3050 5053 3389 5123 ἀναπέμπει.

325 5157 527 5212 scopus
568 5141 800 5213 iudicet,
829 5142 1149 5212 provocatio
1172 5142 1500 5197 sententiam
1529 5143 1649 5213 eius
1694 5143 1761 5197 ad
1789 5157 1915 5197 eum

332 5234 426 5303 qui
459 5236 895 5289 controversiam
932 5235 1222 5306 delegavit,
1262 5233 1490 5289 referto.

393 5323 890 5390 CAP.VIl.-—-Quid
910 5325 957 5379 si
975 5326 1245 5395 episcopus
1264 5340 1382 5378 cum
1394 5325 1697 5395 coepiscopo
1712 5334 1910 5380 contro-

2090 5328 2343 5381 ΚΕΦΑΛ.
2404 5328 2478 5379 Z'.
2537 5356 2606 5367 —
2645 5326 2785 5378 Ἐὰν
2834 5325 3171 5388 ἐπίσκοπος
3238 5322 3396 5389 ἔχων
3454 5319 3607 5386 πρε(-

323 5419 554 5473 uersiam
568 5418 901 5483 habens,non
916 5418 1127 5489 judicio
1145 5420 1448 5485 contendat,
1472 5421 1560 5474 sed
1583 5436 1740 5473 manu
1764 5435 1840 5487 agr

2090 5421 2504 5487 γνεπίσκοπον,
2527 5417 2613 5488 μὴ
2638 5417 2977 5485 δικάσηται,
3012 5414 3173 5471 ἀλλὰ
3200 5413 3352 5482 χειρὶ
3380 5412 3607 5482 πράξῃί

400 5532 628 5587 Consilii
667 5532 1105 5605 Cartlmginensis
1139 5550 1307 5589 canon
1342 5534 1458 5588 I20.

2262 5534 2529 5590 Συνόδου
2563 5532 2987 5603 Καρθαγέννης
3018 5528 3218 5584 κανὼν
3254 5524 3356 5598 ρκ’.

400 5646 443 5681 ⁸³
472 5646 637 5703 Cone.
668 5648 835 5705 Alric.
861 5668 909 5705 ς.
942 5651 1030 5704 65.
