3912 6244
349 225 449 294 731

1518 233 1747 295 PHOTI
1753 233 1781 294 Ι
1818 232 2324 300 PATRIARCHIE
2355 237 2465 299 (ΣΡ.

3522 239 3629 304 732

426 315 592 388 259
621 316 701 372 CA
715 317 774 372 P.
808 317 877 373 X.
901 317 1064 373 -De
1094 323 1357 389 separatis
1387 333 1479 376 aut
1503 323 1670 393 pulsis
1699 321 1940 378 Ecclesia

2114 325 2366 380 ΚΕΦΑΛ.
2395 328 2455 379 ι’.
2480 356 2550 368 --
2574 324 2713 394 Περὶ
2741 325 2859 380 τῶν
2883 324 3319 396 ἀφοριζομένων
3343 329 3382 397 ἢ
3411 328 3626 385 ἐκϐαλ-

353 405 431 460 vel
453 407 838 462 communione.

578 514 953 586 Apostolorum
969 537 1194 578 canones
1218 523 1306 590 12,
1337 524 1427 591 15,
1467 525 1559 591 ΞΞ,
1599 528 1689 582 51.

421 605 508 661 12.
571 606 625 662 Si
669 609 793 678 quis
847 607 927 642 ⁸⁸*
957 612 1188 669 clericus
1243 614 1326 668 vel
1367 615 1540 671 laicus
1578 627 1935 689 segregatus,

352 699 469 754 sive
547 717 654 756 non
703 703 1068 772 recipiendus,
1111 706 1418 772 discedens,
1498 709 1552 762 in
1593 711 1762 766 altera
1799 713 1937 769 urbe

351 800 603 861 receptus
676 793 843 848 fuerit
908 797 1115 866 absque
1163 798 1360 856 litteris
1418 803 1883 858 commendatitiis
1918 847 1933 872 ,

349 895 707 954 segregetur,
760 895 813 940 et
875 887 968 957 qui
1042 890 1293 960 excipit,
1357 905 1411 946 et
1501 894 1596 963 qui
1675 904 1937 966 exceptus

348 981 450 1028 est.

419 1087 508 1140 13.
541 1087 637 1142 Sin
668 1099 847 1145 autem
879 1099 964 1146 est
990 1106 1331 1165 segregatus,
1363 1096 1485 1168 ejus
1511 1098 1824 1155 intendatur
1853 1118 1938 1158 se-

359 1190 625 1250 gregatio.

420 1270 510 1324 52.
541 1273 596 1325 Si
630 1273 755 1340 quis
784 1275 1063 1346 presbyter
1089 1278 1169 1331 vel
1201 1279 1464 1336 diaconus
1493 1283 1562 1336 ab
1590 1283 1845 1354 episcopo
1869 1285 1938 1340 sit

349 1370 684 1429 segregatus,
719 1379 825 1416 non
854 1364 1014 1419 liceat
1043 1367 1131 1420 alii
1165 1383 1289 1421 eum
1319 1373 1621 1440 suscipere,
1647 1390 1810 1443 quam
1841 1377 1935 1445 qui

351 1448 526 1520 ipsum
555 1456 856 1523 segregavit
893 1475 906 1510 :
949 1459 1056 1512 nisi
1092 1458 1234 1514 forte
1268 1463 1339 1516 sit
1363 1473 1616 1520 mortuus
1644 1468 1937 1537 episcopus

351 1543 445 1612 qui
476 1545 657 1614 ipsum
695 1549 1025 1617 segregavit.

419 1727 508 1782 51.
539 1729 595 1782 Si
643 1731 765 1800 quis
798 1732 1107 1801 episcopus,
1157 1735 1460 1805 presbyter,
1511 1739 1596 1792 vel
1649 1739 1933 1806 diaconus,

352 1821 435 1874 vel
465 1821 690 1876 omnino
720 1837 782 1876 ex
819 1825 1144 1879 sacerdotali
1173 1842 1420 1894 numero,
1447 1844 1478 1882 a
1508 1830 1732 1900 nuptiis,
1755 1833 1936 1886 carni-

354 1909 455 1964 bus
485 1920 538 1964 et
566 1911 714 1976 vino,
741 1928 847 1966 non
871 1923 1090 1984 propter
1107 1917 1577 1984 exercitationem,
1600 1922 1692 1974 sed
1715 1932 1938 1991 propter

354 2001 808 2056 abominationem
847 2005 1109 2068 abstinet,
1138 2007 1341 2062 oblitus
1373 2009 1518 2078 quod
1561 2011 1744 2066 omnia
1783 2014 1938 2069 valde

355 2093 518 2159 bona,
547 2103 600 2149 et
633 2095 760 2164 quia
796 2098 1158 2152 masculinum
1193 2109 1247 2153 et
1275 2099 1601 2155 femininum
1638 2101 1766 2158 fecit
1795 2104 1938 2162 Deus

358 2187 633 2241 hominem
661 2206 674 2241 :
710 2191 805 2243 sed
827 2189 1212 2260 blaspliemans
1233 2193 1602 2248 calumniatur
1627 2197 1935 2266 Opiﬁcium;

357 2278 439 2331 vel
467 2280 790 2350 corrigatur.
819 2282 904 2336 vel
926 2282 1254 2350 deponatur,
1281 2293 1336 2338 et
1363 2300 1431 2339 ex
1467 2286 1714 2344 Ecclesia
1745 2289 1938 2361 ejicia-

359 2380 466 2424 tur.
501 2371 766 2426 Similiter
805 2383 859 2428 et
891 2374 1086 2431 laicus.

551 2484 781 2540 Concilii
817 2487 1024 2543 Nicteni
1052 2507 1277 2545 canones
1300 2492 1354 2559 5,
1402 2493 1490 2555 12,
1528 2494 1617 2556 15,
1649 2493 1738 2550 16.

430 2577 482 2630 5.
526 2575 598 2630 De
632 2576 698 2630 iis
727 2578 820 2647 qui
855 2593 883 2631 a
917 2583 1306 2638 communione
1333 2585 1603 2654 segregati
1634 2593 1784 2653 sunt,
1808 2597 1938 2655 etc.,

357 2680 416 2723 ut
447 2687 570 2739 pag.
612 2670 739 2725 674.

431 2785 522 2838 12.
563 2783 666 2850 Qui
697 2793 879 2841 autem
909 2802 940 2842 a
965 2788 1135 2858 gratia
1161 2790 1208 2821 ”
1243 2791 1461 2860 quidem
1491 2795 1724 2858 evocati,
1749 2802 1804 2848 et
1827 2795 1942 2863 pri-

360 2893 510 2931 mum
550 2893 711 2932 suum
753 2879 1006 2935 ardorem
1033 2883 1416 2950 ostenderunt,
1448 2893 1502 2940 et
1531 2885 1750 2957 cingula
1777 2887 1944 2956 depo-

359 2979 612 3034 suerunt,
659 2981 848 3040 postea
876 2984 1056 3028 autem
1088 2983 1148 3029 ut
1179 2990 1343 3032 canes
1374 2977 1441 3031 ad
1486 2993 1648 3032 suum
1675 2980 1941 3034 vomitum

2037 414 2311 485 λομένων
2341 416 2828 486 τῆς-Ἐκκλησίας
2858 417 2897 487 ἢ
2936 416 3048 486 τῆς
3073 418 3412 488 κοινωνίας.

2341 530 2720 584 Ἅπσστόλων
2743 529 2947 584 κανὼν
2970 527 3036 599 ιβ’
3062 527 3130 597 ι’(
3155 529 3342 600 λβ¹να’.

2113 617 2199 688 ιβ’.
2231 621 2297 674 El
2340 639 2424 684 τις
2467 621 2728 692 κληρικὺς
2755 621 2788 693 ἧ
2817 622 3024 686 λαῖκδς,
3071 622 3458 693 ἀφωρισμένος
3507 624 3628 694 ἦτοι

2038 712 2282 779 ἄδεκτος,
2320 714 2572 767 ἀπελθὼν
2603 716 2660 768 ἐν
2688 715 2852 786 ἐτέρᾳ
2883 713 3036 768 πόλει
3065 715 3248 786 δεχθῇ,
3287 717 3416 770 ἄνευ
3446 733 3629 786 γραμ-

2042 803 2227 872 μάτων
2254 806 2962 879 συστατικῶν,ὰφοριςέσθω
2990 807 3085 862 καὶ
3104 807 3132 860 6
3159 806 3450 878 δεξάμενος
3477 807 3573 861 καὶ
3599 809 3630 862 6

2037 897 2268 968 δεχθείς.

2111 1095 2199 1166 ιγ’.
2230 1099 2291 1151 Εἰ
2337 1099 2392 1151 δέ
2440 1099 2821 1171 ἀφωρισμένος
2850 1100 2962 1173 εἴη,
2997 1098 3355 1154 ἐπιτεινέσθω
3407 1099 3557 1171 αὐτῷ
3597 1103 3627 1155 6

2041 1188 2369 1258 ἀφορισμός.
2675 1206 2678 1208 ·

2110 1279 2209 1349 λβ’.
2246 1281 2313 1333 Et
2331 1299 2414 1344 τις
2447 1281 2871 1353 πρεσϐύτεροςῆ
2907 1278 3152 1345 διάκονος
3179 1281 3285 1334 ὐπὺ
3323 1282 3623 1336 ἐπισκόπου

2041 1371 2263 1440 γένηται
2292 1373 2350 1422 ἐν
2369 1369 2680 1440 ἀφορισμῷ,
2711 1371 2901 1425 τοῦτον
2935 1373 3008 1441 μὴ
3036 1371 3234 1436 ἐξεῖναι
3275 1371 3405 1441 παρ’
3435 1371 3624 1440 ἐτέρου

2037 1462 2289 1532 δεχθῆναι
2317 1462 2431 1514 ἀλλ’
2459 1462 2490 1532 ἢ
2523 1463 2674 1533 παρὰ
2698 1462 2793 1515 τοῦ
2833 1461 3192 1532 ἀφορίσαντος
3226 1460 3386 1515 αὐτόν
3410 1477 3422 1488 ·
3463 1463 3512 1514 εἰ
3548 1461 3627 1531 μὴ

2037 1555 2104 1610 ἂν
2134 1555 2272 1609 κατά
2301 1555 2602 1627 συγκυρίαν
2629 1555 2928 1626 τελευτήσῃ
2961 1555 2990 1607 6
3025 1555 3293 1626 ἀφορίσας
3315 1554 3474 1608 αὐτὸν
3499 1553 3630 1605 ἐπί-

1969 1688 2011 1743 B
2043 1666 2266 1711 σκοπος.

2111 1738 2210 1793 να’.
2241 1739 2307 1792 Εἴ
2335 1756 2419 1802 τις
2454 1738 2774 1804 ἐπίσκοπος,
2805 1738 2839 1809 ἦ
2868 1735 3261 1808 πρεσϐύτερος,
3295 1734 3328 1806 ἢ
3354 1734 3625 1802 διάκονος,

2043 1828 2239 1899 ἣὸλως
2288 1826 2383 1881 τοῦ
2433 1827 2734 1896 καταλόγου
2797 1825 2892 1880 τοῦ
2956 1825 3252 1896 ἱερατικοῦ,
3303 1824 3482 1893 γάμου
3530 1825 3630 1876 καὶ

2042 1919 2218 1988 κρεῶν
2258 1920 2351 1972 καί
2379 1914 2523 1972 οίνου
2549 1919 2612 1972 οὐ
2658 1917 2725 1972 δι’
2762 1917 3016 1988 ἄσκησιν,
3064 1916 3199 1970 ἀλλά
3227 1916 3314 1968 διὰ
3341 1915 3628 1987 βδελυρίαν

2042 2013 2323 2082 ἀπέχεται,
2349 2013 2430 2065 ὅτι
2464 2012 2641 2064 πάντα
2671 2009 2812 2063 καλά
2831 2008 2950 2062 λίαν
2989 2010 3084 2063 καὶ
3101 2009 3183 2062 ὅτι
3208 2007 3374 2078 ἄρσεν
3403 2009 3496 2060 καὶ
3524 2007 3628 2076 θῆ-

2043 2103 2107 2156 λυ
2136 2103 2390 2168 ὲποιήσεν
2419 2103 2447 2155 6
2480 2102 2610 2166 Θεὸς
2647 2101 2737 2155 τὸν
2770 2101 3075 2172 ἄνθρωπον,
3115 2101 3250 2153 ἀλλὰ
3277 2100 3624 2171 βλασφημῶν

2043 2195 2313 2250 διαϐάλλει
2337 2195 2435 2266 τὴν
2453 2194 2834 2266 δημιουργίαν,
2868 2193 2901 2264 ἢ
2935 2191 3264 2264 διορθούσθω
3288 2191 3320 2263 ἢ
3349 2191 3632 2261 καθαιρεί-

2047 2287 2158 2341 σθω
2189 2287 2283 2340 καὶ
2310 2288 2409 2358 τῆς
2423 2287 2747 2356 Ἐκκλησίας
2781 2285 3168 2340 ἀποϐαλλέσθω
3195 2301 3210 2317 ·
3235 2284 3495 2348 ὡσαύτως
3535 2284 3634 2338 καὶ

2046 2379 2254 2443 λαῖκός.

2253 2495 2530 2551 Συνόδου
2557 2495 2804 2560 Νικαίας
2827 2464 3029 2549 κανὼν
3051 2492 3092 2548 ε’
3120 2491 3186 2564 ιβ’
3221 2491 3290 2563 ιγ’
3324 2491 3444 2558 ις.’.

2043 2592 2050 2599 ’
2119 2587 2180 2643 ε’.
2218 2589 2355 2660 Περὶ
2384 2588 2493 2642 τῶν
2523 2588 2903 2658 ἀκοινωνήτων
2929 2586 3263 2657 γενομένων,
3304 2603 3358 2641 κ.
3387 2603 3442 2640 τ.
3469 2586 3522 2641 λ.

2123 2787 2210 2859 ιβ’.
2243 2790 2305 2842 Οἱ
2335 2787 2391 2841 δέ
2417 2785 2849 2859 προσκληθέντες
2873 2785 2972 2855 μὲν
3012 2784 3116 2838 ὐπὸ
3145 2785 3244 2856 τῆς
3271 2785 3510 2857 χάριτος,
3537 2787 3640 2841 καὶ

2048 2879 2146 2951 τὴν
2185 2877 2410 2951 πρώτην
2439 2879 2617 2948 ὁρμὴν
2645 2876 3030 2946 ἐνδειξάμενοι,
3058 2877 3153 2930 καὶ
3180 2876 3510 2948 ἀποθέμενοι
3533 2879 3640 2942 τὰς

2051 2966 2247 3032 ζώνας,
2282 2966 2422 3036 μετὰ
2443 2965 2695 3019 δὲταῦτα
2717 2965 2810 3017 ἐπὶ
2835 2965 2925 3017 τὸν
2946 2965 3145 3018 οἰκεῖον
3176 2965 3369 3036 ἔμετον
3395 2967 3641 3038 ἀναδρα-

362 3065 568 3118 reversi
601 3073 749 3132 sunt,
792 3075 852 3120 ut
889 3068 1136 3122 nonnulli
1182 3070 1346 3123 etiam
1385 3072 1674 3140 pecuniam
1709 3072 1940 3141 profun-

2061 3059 2245 3129 μόντες
2269 3059 2344 3121 ὡς
2393 3057 2573 3121 κύνες,
2607 3057 2680 3120 ὥς
2721 3074 2872 3121 τινας
2933 3059 3027 3112 καὶ
3062 3058 3302 3128 ἀργύρια
3345 3059 3640 3129 προέσθαι,

361 3155 574 3218 dercnt,
631 3164 687 3210 et
733 3155 1013 3212 beneficiis
1063 3159 1330 3214 malitiam
1391 3173 1834 3232 assequerentur,
1886 3164 1939 3217 hi

363 3244 548 3300 decem
585 3245 744 3300 annis
774 3255 1193 3315 prosternantur
1247 3248 1543 3318 supplices,
1603 3250 1766 3304 etiam
1818 3245 1943 3320 post

364 3338 584 3392 triennii
635 3338 934 3394 auditionis
969 3349 1202 3408 tempus.
1236 3339 1296 3394 In
1329 3340 1414 3396 his
1462 3350 1641 3395 autem
1688 3342 1944 3397 oumibus

364 3431 680 3484 examinare
740 3431 997 3486 convenit
1053 3431 1345 3487 consilium
1401 3441 1456 3486 et
1509 3433 1746 3502 speciem
1782 3434 1947 3505 260

366 3522 722 3591 poenitentia.
754 3521 1082 3592 Quicunque
1110 3522 1256 3577 enim
1290 3533 1343 3577 et
1377 3533 1547 3585 metu,
1578 3533 1633 3578 et
1663 3523 1944 3595 lacrymis,

369 3624 424 3670 et
473 3615 786 3680 tolerantia,
829 3624 884 3669 et
934 3615 1092 3671 bonis
1142 3617 1403 3685 operibus
1439 3617 1848 3672 conversionem
1893 3627 1950 3673 et

370 3719 535 3773 opere
581 3713 635 3757 et
670 3703 858 3757 habitu
906 3703 1223 3767 ostendunt,
1265 3703 1320 3756 hi
1378 3703 1603 3771 impleto
1653 3702 1949 3758 auditionis

370 3805 619 3865 tempore
665 3796 810 3865 quod
855 3795 1181 3864 praeﬁnitum
1227 3805 1332 3861 est,
1391 3796 1590 3849 merito
1637 3793 1950 3849 orationum

370 3887 816 3942 communionem
846 3885 1146 3948 habebunt,
1181 3901 1304 3940 cum
1339 3902 1404 3941 eo
1434 3887 1578 3956 quod
1604 3887 1767 3941 liceat
1785 3888 1950 3941 etiam

369 3979 628 4048 episcopo
669 3978 967 4032 humanius
1007 3977 1213 4046 aliquid
1243 3975 1312 4031 de
1350 3978 1428 4031 eis
1464 3978 1790 4032 statuere”.
1823 3976 1955 4043 Qui-

371 4085 593 4139 cunque
649 4078 831 4124 autem
887 4083 994 4122 non
1049 4069 1184 4123 adeo
1237 4070 1474 4138 graviter
1530 4069 1794 4134 tulerunt,
1854 4083 1956 4123 nec

372 4161 604 4214 multum
661 4176 761 4214 sua
812 4160 1018 4214 referre
1065 4161 1474 4226 existimarunt,
1537 4163 1784 4230 satisque
1835 4176 1956 4218 esse

373 4262 636 4321 putarunt
700 4253 754 4307 in
803 4254 1068 4308 ecclesias
1120 4255 1329 4324 ingredi
1394 4255 1461 4308 ad
1518 4255 1954 4321 conversionem,

377 4353 593 4414 tempus
629 4346 856 4402 omnino
885 4346 1169 4416 impleant.

448 4459 532 4512 15.
573 4457 650 4512 De
691 4459 757 4513 iis
788 4458 882 4528 qui
933 4459 1202 4514 excedunt
1225 4460 1292 4527 ³¹,
1323 4461 1546 4530 antiqua
1591 4470 1645 4516 et
1692 4463 1954 4518 canonica

376 4549 463 4603 lex
493 4565 639 4603 nunc
671 4565 888 4619 quoque
936 4553 1266 4619 servabitur,
1307 4563 1368 4608 ut
1399 4556 1444 4609 si
1478 4555 1604 4625 quis
1644 4556 1754 4610 vita
1789 4572 1954 4611 exce-

378 4641 493 4704 dat,
525 4639 718 4694 ultimo
745 4649 799 4694 et
832 4643 1071 4695 maxime
1114 4644 1426 4698 necessario
1455 4645 1656 4700 viatico
1685 4661 1753 4700 ne
1778 4646 1958 4715 prive—

380 4739 489 4785 tur.
523 4729 580 4784 Si
611 4741 792 4786 autem
826 4733 1139 4803 deploratus
1166 4744 1220 4789 et
1247 4739 1692 4792 communionem
1737 4753 1959 4793 assecu-

382 4831 469 4876 tus
506 4838 702 4878 rursns
730 4825 784 4878 in
817 4825 970 4881 vivos
1007 4827 1212 4882 relatus
1254 4829 1326 4882 sit
1361 4844 1486 4882 cum
1534 4829 1599 4884 iis
1629 4830 1722 4900 qui
1753 4830 1959 4894 oratio-

381 4929 511 4967 num
580 4923 708 4967 sunt
772 4923 981 4969 tantum
1053 4918 1456 4972 communionis
1521 4919 1832 4988 participes.
1900 4918 1958 4973 In

383 5019 597 5060 summa
631 5016 842 5068 autem,
883 5009 950 5060 de
993 5009 1239 5075 quolibet
1278 5010 1574 5064 excedente
1613 5018 1667 5065 et
1697 5011 1956 5067 Euchari-

385 5099 503 5152 stiae
551 5098 1028 5167 participationem
1078 5109 1330 5168 petente,
1383 5115 1507 5155 cum
1564 5093 1967 5159 exanimatione

386 5189 716 5244 oblationem
752 5189 1050 5259 impertiat.
1093 5211 1103 5216 ε

465 5368 545 5423 l6.
585 5368 909 5439 Quicunque
955 5380 1177 5438 temere,
1204 5381 1333 5436 ctc.,
1367 5382 1423 5426 ut
1454 5387 1576 5442 pag.
1603 5373 1727 5428 549..

2043 3149 2140 3204 καὶ
2172 3150 2502 3220 βενεφικίοις
2561 3147 2907 3218 κατορθῶσαι
2956 3148 3016 3201 τὸ
3069 3149 3639 3220 ἀναστρατεύσασθαι,

2043 3237 2188 3296 οὗτοι
2224 3243 2356 3295 δέκα
2394 3241 2493 3311 ἔτη
2539 3241 3016 3306 ὐποπιπτέτωσαν,
3062 3242 3198 3311 μετά
3225 3242 3318 3296 τὸν
3374 3243 3473 3313 τῆς
3515 3261 3642 3311 τρι-

2045 3331 2198 3396 ετοῦς
2226 3333 2542 3404 ἀκροάσεως
2581 3334 2770 3404 χρόνον
2802 3348 2816 3362 ·
2851 3335 2934 3400 ἐφ’
2953 3331 3124 3385 ἅπασι
3148 3332 3204 3385 δὲ
3231 3331 3438 3396 τούτοις
3467 3350 3614 3401 προσ

2047 3428 2172 3497 ήκει
2225 3423 2498 3488 ἐξετάζειν
2560 3425 2659 3494 τὴν
2700 3423 3020 3495 προαίρεσιν
3074 3425 3162 3477 καὶ
3227 3425 3287 3477 τὸ
3357 3420 3494 3488 εἶδος
3539 3425 3646 3495 τῆς

2051 3515 2370 3584 μετανοίας·
2435 3515 2549 3567 ὅσοι
2611 3514 2710 3583 μέν
2761 3514 2870 3583 γὰρ
2917 3513 3066 3584 φόϐῳ
3111 3512 3208 3566 καὶ
3260 3513 3492 3584 δάκρυσι
3540 3515 3646 3568 καὶ

2052 3609 2296 3678 ὑπομονῇ
2329 3607 2424 3659 καὶ
2452 3605 2844 3676 ἀγαθοεργίαις
2863 3605 2962 3676 τὴν
2991 3592 3347 3674 ἐπιστροςρὴν,
3369 3605 3516 3676 ἔργῳ
3545 3607 3646 3659 καὶ

2052 3701 2113 3754 οὐ
2163 3700 2403 3770 σχήματι
2454 3699 2878 3764 ἐπιδείκνυνται,
2931 3691 3076 3750 οὗτοι
3122 3695 3508 3768 πληρώσαντες
3549 3697 3645 3750 τὸν

2052 3791 2246 3863 χρόνον
2279 3791 2370 3843 τὸν
2411 3789 2717 3859 ὡρισμένον
2759 3789 2856 3858 τῆς
2889 3788 3236 3858 ἀκροάσεως,
3274 3786 3498 3849 είκότως
3532 3787 3647 3839 τῶν

2054 3884 2230 3953 εὐχῶν
2261 3882 2675 3951 κοινωνήσουσι,
2711 3880 2851 3950 μετὰ
2876 3879 2970 3932 τοῦ
3009 3879 3208 3942 ἐξεῖναι
3238 3878 3315 3948 τῷ
3337 3877 3643 3947 ἐπισκόπῳ,

2056 3976 2152 4028 καὶ
2183 3973 2692 4045 φιλανθρωπότερόν
2720 3989 2774 4026 τι
2811 3973 2939 4042 περὶ
2969 3972 3146 4025 αὐτῶν
3196 3971 3592 4041 βουλεύσασθαι
3625 3989 3641 4003 ο

2059 4066 2170 4119 ὅσοι
2194 4063 2248 4116 δέ
2273 4061 2571 4132 ἀδιοψὸρως
2598 4062 2859 4132 ἤνεγκαν,
2886 4061 3055 4114 καὶτὸ
3080 4060 3264 4129 σχῆμα
3298 4059 3389 4113 τοῦ
3420 4060 3648 4116 εἰσιέναι

2059 4156 2139 4217 εἰς
2171 4155 2267 4225 τὴν
2315 4153 2611 4224 ἐκκλησίαν
2641 4155 2833 4224 ἀρκεῖν
2876 4154 3059 4214 αὐτοῖς
3085 4153 3358 4222 ἡγήσαντο
3384 4152 3517 4222 πρὸς
3544 4152 3652 4223 τὴν

2061 4249 2398 4320 ἐπιστροφὴν
2424 4288 2439 4314 ,
2466 4242 2610 4303 οῦτοι
2634 4247 2935 4312 ἐξάπαντος
2967 4244 3362 4316 πληρούτωσαν
3390 4243 3482 4298 τὸν
3512 4245 3652 4318 196-

2063 4359 2171 4395 νον.

2136 4452 2225 4522 ιγ’.
2266 4452 2405 4524 Περὶ
2454 4452 2510 4505 δέ
2545 4451 2652 4504 τῶν
2679 4451 3035 4516 ἐξοδευόντων
3059 4490 3074 4514 ,
3108 4449 3137 4500 6
3169 4448 3396 4512 παλαιὸς
3423 4449 3516 4502 καὶ
3551 4466 3657 4502 xa—

2063 4547 2276 4609 νονικὸς
2323 4546 2484 4616 νόμος
2541 4543 2948 4614 φυλαχθήσεται
3002 4542 3098 4596 καὶ
3126 4543 3242 4606 νῦν,
3298 4540 3438 4594 ὥστε
3471 4541 3526 4593 εί
3565 4559 3659 4605 τις

2065 4640 2299 4709 ἐξοδεύοι
2323 4684 2336 4705 ,
2373 4639 2467 4693 τοῦ
2513 4639 2824 4691 τελευταίου
2857 4638 2951 4690 καὶ
2982 4635 3409 4703 ἀναγκαιοτάτου
3436 4634 3659 4704 ἐφοδίου

2063 4733 2254 4788 τοῦτον
2299 4733 2374 4804 μὴ
2415 4732 2886 4802 ἀποστερεῖσθαι·
2930 4731 2978 4782 εί
3026 4729 3083 4783 δέ
3133 4727 3506 4796 ἀπογνωσθεὶς
3559 4729 3664 4782 καὶ

2066 4826 2352 4889 κοινωνίας
2383 4824 2587 4894 τυχὼν,
2625 4823 2762 4895 μετὰ
2789 4823 2896 4876 τῶν
2921 4821 3325 4889 κοινωνούντων
3357 4819 3457 4889 τῆς
3485 4820 3664 4892 εὐχῆς

2071 4918 2240 4989 μόνης
2270 4916 2433 4981 ἔστω,
2479 4916 2638 4986 ἄχρις
2668 4915 2735 4969 ἂν
2770 4914 3033 4984 πληρωθῇ
3064 4915 3092 4965 6
3142 4911 3383 4982 ὁρισθεὶς
3415 4911 3519 4965 ὐπὸ
3556 4912 3668 4981 τῆς

2071 5009 2314 5080 μεγάλης
2357 5007 2574 5060 συνόδου
2606 5006 2793 5076 χρόνος
2816 5023 2832 5040 ⁶
2861 5005 3172 5058 καθόλουδέ
3209 5005 3304 5057 καὶ
3344 5004 3476 5076 περὶ
3515 5021 3666 5058 παν-

2068 5103 2158 5164 τὸς
2185 5099 2494 5154 οὑτινοσοῦν
2533 5097 2888 5162 ἐξοδεύοντος,
2927 5097 3202 5160 αἰτοῦντος
3236 5095 3332 5150 τοῦ
3365 5099 3667 5167 μετασχεῖν

2072 5191 2446 5263 εὐχαριστίας,
2489 5190 2516 5242 6
2562 5188 2860 5251 ἐπίσκοπος
2906 5187 3043 5258 μετὰ
3073 5186 3399 5258 δοκιμασίας
3438 5185 3669 5240 μεταδι-

2071 5286 2209 5339 δὸτω
2232 5286 2331 5354 τῆς
2361 5283 2698 5352 προσφορᾶς.

2147 5395 2207 5442 ις·
2234 5419 2244 5430 .
2273 5379 2429 5431 Ὅσοι
2464 5375 2873 5446 ῥιψοκινδύνως,
2905 5393 2960 5429 κ.
2983 5392 3035 5431 τ.
3063 5376 3115 5430 λ.

463 5544 687 5624 ³⁸³ξϐιιρ.
727 5552 930 5624 l_‘{icaen.
996 5553 1053 5624 7"
1079 5551 1242 5624 Ncoc.
1276 5554 1343 5616 5;
1397 5552 1564 5608 Afric.
1604 5555 1698 5614 10;
1751 5552 1912 5607 Siric.
1963 5554 2026 5620 5;
2065 5557 2252 5610 Innoc.
2301 5557 2398 5624 i0;
2431 5556 2626 5612 Leonis
2661 5557 2749 5611 Q4.
2831 5558 2874 5588 ³ο
2929 5555 3136 5610 Valent.
3165 5551 3250 5606 19.
3329 5555 3369 5586 ³¹
3401 5553 3547 5608 Arei.
3585 5552 3660 5618 6,

399 5616 587 5672 Catili.
625 5619 692 5686 7;
737 5619 946 5676 Valent.
979 5623 1084 5686 ‘21;
1127 5623 1310 5680 lnnoc.
1342 5624 1447 5690 22;
1485 5624 1710 5682 leest.
1749 5625 1854 5690 15;
1891 5616 2085 5680 Leonis
2115 5626 2204 5679 “li.
