3842 6224
127 208 210 270 733
395 225 398 227 '
876 213 1280 278 SYNTAGMA
1313 220 1655 287 CANONUR

1770 248 1796 258 -
1823 226 1972 289 TIT.
2013 229 2117 303 IX,
2158 231 2316 295 CAP.
2357 230 2437 291 X.

353 321 609 377 Συνόόου
650 323 1011 394 Ἀντιοχείας
1045 331 1246 386 κανὼν
1277 333 1350 398 ς’.
1663 344 1710 400 Α

179 415 230 468 El
250 430 320 477 τις
344 412 441 465 ὑπὸ
475 413 570 466 τοῦ
627 414 758 469 ἰδίου
809 419 1112 474 ἐπισκόπου
1165 424 1525 498 ἀκοινώνητος
1554 445 1646 498 γε·

120 507 238 576 γόνε,
251 523 294 559 κ.
321 524 367 562 τ.
396 503 443 560 λ.

346 617 612 673 Συνόδου
651 620 1007 689 Λαοδικείας
1036 625 1239 681 κανὼν
1259 627 1370 693 λς’.

176 732 277 786 Ὀτι
327 731 383 784 οὐ
432 733 514 786 δεῖ
571 736 882 804 ίερατικοὺς
924 737 957 808 ἦ
994 739 1308 810 κληρικοὺς,
1361 743 1568 814 μάγους
1609 746 1644 817 ἢ

119 824 354 886 ὲπαοιδοὺς
387 819 545 888 εἶναι,
575 825 609 897 ἢ
652 827 1088 898 μαθηματικοὺς,
1119 833 1151 901 ἢ
1191 834 1576 904 ἀστρολόγους,
1611 836 1644 908 ἢ

118 917 262 968 ποιεῖν
285 915 346 967 τὰ
377 915 636 985 λεγόμενα
663 919 1002 993 φυλακτήρια
1020 965 1034 987 ,
1084 923 1242 978 ἅτινά
1288 927 1403 977 ἐστι
1433 926 1647 992 δεσμω-

115 1006 249 1074 τήρια
266 1002 364 1056 τῶν
391 1003 578 1074 ψυχῶν
608 1007 786 1060 αὐτῶν
806 1025 821 1040 ο
857 1011 981 1073 τοὺς
1008 1010 1064 1064 δὲ
1100 1013 1420 1084 φοροῦντας,
1460 1017 1639 1085 ῥίπτε-

116 1092 217 1146 σθαι
241 1093 298 1145 ἐκ
315 1095 407 1163 τῆς
446 1094 776 1167 Ἐκκλησίας
802 1099 1191 1173 ἐκελεύσαμεν.

303 1295 570 1351 Συνόδου
601 1299 988 1369 Χαλκηδόνος
1017 1303 1217 1359 κανών
1243 1304 1285 1359 δ’
1323 1314 1422 1372 ις’.

167 1407 219 1462 δ’.
243 1411 296 1463 Ol
323 1410 536 1480 ἀληθῶς
559 1414 649 1466 καὶ
678 1416 989 1486 εἰλικρινῶς
1015 1418 1104 1471 τὸν
1131 1422 1344 1492 μονήρη
1372 1424 1648 1494 μετιόντες

112 1499 222 1569 βίον,
240 1501 329 1571 τῆς
370 1505 756 1575 προσηκούσης
779 1507 1152 1571 ἀξιούσθωσαν
1196 1515 1364 1584 τιμῆς
1399 1529 1414 1544 ο
1459 1517 1645 1587 ἐπειδὴ

110 1589 156 1640 δέ
182 1606 308 1652 τινες
335 1590 407 1660 τῷ
446 1594 723 1664 μοναχικῷ
754 1597 1085 1668 κεχρημένοι
1135 1605 1509 1672 προσχήματι,
1550 1606 1648 1668 τάς

107 1697 155 1732 τε
189 1681 493 1751 Ἐκκλησίας
535 1685 626 1738 καὶ
656 1685 724 1738 τά
764 1689 1016 1742 πολιτικὰ
1045 1691 1466 1763 διαταράσσουσι
1510 1696 1649 1766 πρά-

107 1787 282 1839 γματα,
315 1775 616 1843 περιιόντες
639 1777 906 1848 διαφόρως
934 1782 990 1832 ἐν
1023 1784 1144 1844 ταῖς
1174 1783 1412 1848 πόλεσιν,
1447 1786 1507 1837 ού
1543 1786 1648 1856 μὴν

105 1861 216 1913 ἀλλὰ
238 1863 322 1915 καὶ
340 1867 681 1934 μοναστήρια
707 1871 962 1938 συνιστᾷν
982 1871 1193 1933 ἑαυτοῖς
1211 1872 1646 1942 ἐπιτηδεύοντες,

107 1946 226 2014 ἔδοξε
248 1949 442 2018 μηδένα
471 1951 567 2020 μὲν
589 1955 834 2024 μηδαμοῦ
853 1958 1177 2028 οἰκοδομεῖν,
1214 1963 1287 2031 μὴ
1314 1963 1368 2015 δὲ
1394 1965 1649 2036 συνιστᾷν

107 2042 432 2110 μοναστήριον
458 2042 490 2110 ἢ
523 2045 813 2114 εύκτήριον
833 2042 978 2101 οἷκον
1000 2090 1016 2115 ,
1039 2053 1190 2122 παρά
1212 2053 1536 2124 γνὼμηντοῦ
1554 2058 1651 2124 τῆς

104 2129 279 2194 πόλεως
306 2133 628 2189 ἐπισκόπου·
667 2138 796 2201 τοὺς
828 2139 954 2192 καθ’
973 2142 1210 2213 ἑκάστην
1236 2145 1390 2198 πόλιν
1417 2148 1511 2200 καὶ
1539 2146 1649 2218 χὼ-

102 2239 185 2290 ραν
211 2225 531 2292 μονάζοντας
577 2227 942 2299 ὑποτετάχθαι
973 2233 1050 2302 τῷ
1096 2235 1401 2306 ἐπισκόπῳ,
1436 2238 1528 2290 καὶ
1553 2237 1651 2306 τὴν

101 2313 297 2384 ἡσυχίαν
317 2317 678 2387 ἀσπάζεσθαι,
723 2324 814 2375 καὶ
851 2326 1144 2396 προσέχειν
1176 2328 1312 2399 μόνῃ
1334 2332 1398 2400 τῇ
1425 2331 1650 2401 νηστείᾳ

101 2408 178 2460 καὶ
201 2412 258 2478 τῇ
286 2414 580 2482 προσευχῇ,
613 2413 669 2467 ἐν
695 2409 774 2477 οἷς
799 2415 987 2479 τόποις
1006 2417 1347 2483 ἀπετάξαντο
1368 2438 1617 2492 προσκαρ
1634 2451 1650 2460 -

107 2499 350 2568 ιεροῦντες
373 2519 387 2532 ’
422 2505 563 2574 μήτε
584 2503 639 2557 δὲ
671 2505 1148 2576 ὲκκλησιαστικοῖς
1166 2549 1180 2574 ,
1213 2513 1351 2582 μήτε
1375 2512 1652 2582 βιωτικοῖς

102 2592 420 2661 παρενοχλεῖν
455 2595 780 2665 πράγμασιν
813 2597 846 2667 ἢ
883 2599 1278 2663 ἐπικοινωνεῖν,
1308 2587 1653 2672 καταλιμπά-

99 2698 260 2745 νοντας
288 2685 354 2737 τὰ
389 2675 503 2738 ἴδια
533 2689 894 2759 μοναστήρια,
931 2693 978 2742 εἰ
1010 2692 1084 2761 μή
1123 2709 1255 2745 ποτε
1283 2694 1388 2765 ἄρα
1430 2696 1655 2766 ἐπιτραο

101 2775 229 2824 πεῖεν
258 2775 340 2828 διά
366 2779 561 2847 χρείαν
582 2779 886 2847 ἀναγκαίαν
921 2782 1024 2836 ὑπὸ
1054 2783 1149 2837 τοῦ
1175 2787 1272 2854 τῆς
1305 2788 1513 2851 πόλεως
1533 2791 1655 2843 ὲπι-

97 2863 276 2916 σκόπου
300 2882 314 2897 ο
363 2869 574 2938 μηδένα
600 2869 656 2922 δὲ
691 2871 1087 2943 προσδέχεσθαι
1118 2877 1175 2928 ὲν
1226 2879 1339 2940 τοῖς
1383 2896 1654 2950 μοναστη-

3216 231 3320 296 73-1

2097 343 2322 398 Concilii
2352 345 2663 399 Antiochem'
2692 362 2863 400 canon
2897 345 2949 401 6.

1822 430 1879 484 Si
1932 431 2056 500 quis
2110 447 2138 484 a
2182 433 2678 504 preprioepiscopo
2714 434 2876 491 fuerit
2936 439 3312 493 excommuni-

1746 529 1927 589 catus,
1953 532 2088 587 etc.,
2112 530 2169 576 ut
2199 523 2475 599 pag._248.

2101 634 2331 690 Concilii
2359 636 2644 692 Laodiceni
2673 656 2846 694 canon
2877 641 2968 695 56.

1818 745 1972 814 Quod
2025 762 2134 802 non
2186 756 2400 817 oportet
2460 765 2555 804 eos
2619 752 2710 818 qui
2758 761 2886 806 sunt
2939 754 3180 820 sacrati,
3237 756 3323 809 vel

1746 840 1952 907 clerici,
1998 856 2120 895 esse
2163 857 2374 912 magos,
2418 843 2502 896 vel
2552 843 2943 912 incantatores,
2981 847 3065 900 vel
3109 848 3324 900 mathe-

1749 931 1998 996 maticos,
2022 931 2106 984 vel
2136 934 2462 1000 astrologos,
2485 933 2566 985 vel
2601 933 2781 987 facere
2813 950 2876 988 ea
2908 951 3030 1004 rpite
3063 935 3322 989 dicuntur

1746 1023 2019 1087 amulcta,
2083 1038 2204 1092 quae
2257 1024 2475 1092 quidem
2532 1034 2662 1077 sunt
2708 1025 2952 1092 ipsarum
3009 1027 3320 1079 animarum

1745 1114 1962 1168 vincula
2011 1132 2024 1168 :
2082 1130 2177 1170 eos
2232 1125 2412 1170 autem
2473 1116 2568 1184 qui
2636 1115 2843 1182 ferunt,
2898 1117 3022 1184 ejici
3079 1116 3323 1173 Ecclesia

1743 1219 2034 1274 jUSSImUS.

1957 1315 2184 1369 Concilii
2213 1314 2654 1371 Chalcedonensis
2685 1335 2908 1371 canones
2934 1319 2986 1385 4,
3019 1317 3106 1372 16.

1822 1433 1878 1487 ι.
1908 1429 2011 1496 Qui
2042 1444 2167 1483 vere
2195 1437 2249 1483 et
2276 1428 2489 1484 sincere
2527 1431 2886 1484 monasticam
2923 1431 3092 1485 vitam
3130 1446 3322 1502 aggre-

1749 1523 1993 1584 diuntur,
2026 1520 2185 1590 261
2213 1521 2360 1588 digni
2391 1521 2736 1574 convenienti
2764 1522 2972 1574 honore
3002 1521 3322 1576 habeantur.

1750 1612 2018 1678 Quoniam
2092 1621 2272 1664 autem
2349 1612 2600 1664 nonnulli
2676 1613 3000 1666 monachico
3061 1622 3324 1682 praetextu

1752 1714 1984 1768 utentes,
2025 1712 2078 1756 et
2108 1701 2399 1767 Ecclesias,
2431 1712 2485 1755 et
2516 1704 2733 1772 negotia
2765 1703 2944 1756 civilia
2981 1705 3322 1772 perturbant,

1748 1807 1800 1850 et
1833 1803 2061 1856 temere,
2093 1794 2228 1848 citra
2267 1793 2431 1846 ullam
2462 1793 2796 1849 discriminis
2823 1795 3108 1860 rationem,
3139 1797 3192 1849 in
3231 1812 3323 1849 ur-

1749 1890 1908 1943 bibus
1957 1888 2478 1950 circumcursantes,
2521 1887 2822 1955 quinetiam
2855 1888 3190 1942 monasteria
3218 1887 3324 1942 sibi

1750 1983 2085 2036 constituere
2130 1979 2432 2042 studentes,
2476 1979 2658 2032 visum
2696 1987 2781 2033 est
2847 1980 3058 2033 nullum
3092 1967 3324 2047 usquam

1749 2070 2020 2126 aedificare
2070 2084 2168 2124 nec
2207 2078 2529 2123 construere
2574 2085 2735 2138 posse
2777 2070 3192 2135 monasterium,
3241 2071 3326 2124 vel

1750 2158 2046 2212 oratoriam
2099 2157 2345 2215 domum.
2393 2167 2588 2225 praeter
2635 2158 2960 2211 sententiam
2995 2158 3168 2226 ipsius
3195 2158 3327 2213 civi-

1755 2254 1879 2308 tatis
1914 2252 2154 2322 episcopi
2189 2270 2201 2306 :
2239 2252 2538 2306 monachos
2565 2261 2773 2318 autem,
2805 2253 2897 2322 qui
2933 2264 3061 2306 sunt
3101 2253 3161 2307 in
3191 2269 3329 2309 una-

1752 2358 1965 2412 quaque
1995 2343 2218 2411 regione
2251 2349 2303 2393 et
2323 2340 2563 2403 civitate,
2589 2340 2847 2408 episcopo
2875 2339 3151 2410 subjectos
3181 2354 3324 2402 esse,

1750 2443 1804 2489 et
1835 2433 2072 2503 quietem
2105 2432 2378 2501 amplecti,
2415 2439 2468 2485 et
2518 2431 2618 2484 soli
2642 2431 2851 2500 jejunio
2884 2441 2938 2484 et
2967 2430 3202 2484 orationi
3231 2445 3328 2486 va-

1753 2541 1900 2588 care,
1946 2525 2002 2578 in
2051 2523 2252 2593 quibus
2283 2522 2517 2576 ordinati
2561 2535 2692 2576 sunt
2739 2523 2871 2576 locis
2902 2521 3115 2576 fortiter
3141 2537 3325 2591 perse-

1753 2625 2029 2677 verantes,
2056 2630 2156 2668 nec
2202 2612 2612 2678 ecclesiasticis,
2645 2628 2746 2667 nec
2776 2614 3130 2668 saecularibus
3163 2627 3331 2684 nego-

1752 2706 1843 2761 tiis
1875 2721 1933 2760 se
1978 2705 2248 2776 ingerere,
2289 2704 2373 2759 vel
2404 2705 2834 2768 communicare,
2883 2706 3104 2774 propria
3155 2705 3323 2758 relin-

1754 2806 1981 2867 quentes
2040 2796 2408 2859 monasteria,”
2455 2795 2560 2850 nisi
2623 2797 2953 2865 quandoque
3001 2811 3030 2849 a
3092 2795 3330 2850 civitatis

1755 2891 2012 2962 episcopo
2047 2889 2127 2945 eis
2177 2890 2504 2959 permissum
2549 2889 2754 2944 fuerit:
2802 2891 3011 2944 nullum
3054 2900 3234 2944 autem
3273 2891 3329 2945 in

101 2955 220 3023 ρίοις
251 2957 430 3011 δοῦλον
453 2961 552 3012 ἐπὶ
580 2960 656 3031 τῷ
681 2965 933 3030 μονάσαι,
959 2967 1110 3036 παρὰ
1143 2966 1370 3040 γνώμην
1393 2970 1488 3023 τοῦ
1523 2971 1652 3025 ἰδίου

1770 2981 2076 3038 monasterii
2107 2996 2323 3035 servum
2363 2981 2550 3046 recipi.
2585 2983 2650 3034 ad
2689 2983 2789 3035 hoc
2814 2994 2872 3036 ut
2905 2983 2977 3036 sit
3009 2983 3330 3045 monachus,

95 3044 353 3102 δεσπότου·
376 3053 469 3105 τὸν
489 3051 548 3104 δὲ
568 3054 978 3122 παραϐαίνοντα
1001 3056 1190 3111 τοῦτον
1217 3060 1374 3129 ἡμῶν
1400 3062 1490 3113 τὸν
1506 3063 1655 3132 ὅρον,

97 3136 351 3207 ὡρίσαμεν
401 3142 772 3211 ἀκοινώνητον
828 3140 990 3213 εἶναι,
1035 3147 1120 3201 ἵνα
1169 3151 1242 3219 μὴ
1273 3152 1332 3203 τὸ
1363 3152 1532 3220 ὄνομα
1563 3153 1656 3206 τοῦ

96 3231 214 3284 Θεοῦ
240 3233 632 3306 βλασφημῆται
661 3257 676 3271 ·
709 3241 799 3293 τὸν
847 3243 944 3311 μὲν
983 3261 1065 3297 τοι
1099 3245 1394 3299 ἐπίσκοπον
1429 3249 1528 3316 τῆς
1561 3249 1658 3302 πό-

97 3321 235 3387 λεως,
263 3328 363 3398 χρὴ
386 3330 486 3401 τὴν
513 3329 738 3386 δέουσαν
770 3334 1024 3404 πρόνοιαν
1054 3337 1322 3392 ποιεῖσθαι
1343 3338 1451 3392 τῶν
1488 3357 1660 3410 μονα-

96 3417 332 3488 erupit-sv.

158 3511 245 3575 ις’.
275 3515 557 3585 Παρθένον
588 3518 787 3588 ἑαυτὴν
816 3519 1108 3573 ἀναθεῖσαν
1143 3519 1221 3592 τῷ
1248 3525 1492 3596 Δεσπότῃ
1517 3526 1657 3596 Θεῷ,

94 3600 332 3670 ὡσαύτως
361 3608 418 3660 δὲ
449 3611 550 3662 καὶ
587 3611 906 3680 μονάζοντα,
935 3611 1008 3681 μὴ
1040 3613 1240 3678 ἐξεῖναι
1271 3614 1434 3686 γάμῳ
1489 3635 1660 3689 προσ-

94 3697 300 3763 ομιλεῖν·
324 3703 373 3753 εἰ
408 3703 467 3755 δέ
506 3720 570 3770 γε
599 3702 870 3770 εὑρεθεῖεν
903 3705 1058 3758 τοῦτο
1087 3706 1386 3772 ποιοῦντες,
1418 3709 1660 3762 ἔστωσαν

93 3789 426 3860 ἀκοινώνητοι
461 3809 475 3824 ⁸
533 3793 812 3862 ὡρίσαμεν
853 3794 910 3847 δὲ
941 3795 1084 3866 ἔχειν
1117 3796 1215 3862 τὴν
1244 3799 1530 3854 αὑθεντίαν
1564 3802 1662 3872 τῆς

94 3879 169 3931 ἐπ’
207 3887 384 3948 aurei;
426 3884 846 3953 φιλανθρωπίας
891 3886 987 3940 τὸν
1029 3889 1170 3943 κατά
1216 3889 1379 3942 τόπον
1434 3891 1660 3945 ἐπίσκο-

95 3989 199 4030 πον.

348 4089 633 4145 Συνόδσυ
657 4091 957 4161 Σαρδικῆς
983 4094 1185 4149 κανὼν
1212 4095 1282 4165 ιγ’
1309 4096 1366 4148 ιδ’
1373 4139 1386 4152 .

153 4198 429 4268 ιγ’.Ἷ)σιος
469 4204 776 4268 ἐπίσκοπος
810 4201 930 4258 εἶπε
955 4223 968 4235 ·
1005 4209 1115 4260 Καὶ
1142 4207 1302 4261 τοῦτο
1337 4211 1502 4263 πᾶσιν
1533 4212 1662 4283 ἀρε-

1760 3086 1956 3148 ριάιιει·
1999 3075 2334 3128 voluntatem
2385 3075 2467 3128 sui
2529 3073 2757 3127 domini.
2816 3073 2951 3127 Eum
3003 3082 3182 3127 autem
3239 3071 3334 3142 qui

1759 3169 1900 3223 hanc
1951 3176 2196 3221 nostram
2241 3165 2617 3219 definitionem
2667 3165 3090 3235 transgreditur,
3139 3165 3334 3218 defini-

1761 3276 1881 3315 mus
1918 3274 2041 3314 esse
2093 3258 2650 3321 excommunicatum,
2699 3271 2768 3311 ne
2815 3272 3012 3310 nomen
3064 3255 3153 3309 Dei
3186 3256 3334 3309 blas-

1759 3354 2049 3422 phemetur
2083 3368 2096 3404 :
2130 3349 2369 3404 civitatis
2403 3357 2584 3402 autem
2626 3351 2940 3418 episcopum
2973 3355 3186 3416 oportet
3215 3361 3335 3400 eam

1760 3458 1924 3513 quam
1954 3457 2052 3511 par
2091 3450 2174 3496 est
2206 3441 2667 3495 monasteriorum
2696 3456 2884 3494 curam
2920 3454 3130 3509 gerere.

1833 3535 1920 3590 16.
1968 3535 2261 3604 Virginem,
2321 3549 2443 3602 quae
2500 3548 2559 3588 se
2595 3531 2827 3587 Domino
2879 3533 2992 3586 Deo
3024 3531 3336 3598 dedicavit,

1763 3627 2015 3682 similiter
2061 3635 2117 3679 et
2153 3627 2455 3679 monachos
2483 3640 2587 3678 non
2622 3625 2790 3678 licere
2823 3623 3176 3677 matrimonio
3201 3638 3336 3675 con-

1759 3720 1934 3789 jungi.
1990 3718 2088 3772 Sin
2137 3725 2316 3770 autem
2357 3717 2460 3770 hoc
2497 3714 2692 3769 fecisse
2723 3714 2930 3769 inventi
2962 3713 3192 3775 fuerint,
3229 3713 3340 3766 sint

1761 3807 2240 3864 excommunicati.
2301 3804 2670 3860 Ostendendae
2722 3814 2904 3859 autem
2943 3805 2996 3858 in
3026 3819 3120 3857 eos
3144 3804 3338 3875 huma-

1763 3897 1952 3952 nitatis
1980 3896 2366 3950 auctoritatem
2417 3895 2619 3950 habere
2665 3895 2956 3950 statuimus
3017 3895 3336 3963 episcOpum

1768 3989 1886 4058 ejus
1926 3986 2052 4040 loci.

2018 4098 2224 4154 Conciti
2260 4096 2587 4151 Sardicensis
2622 4111 2847 4148 canones
2875 4095 2961 4155 15,
3002 4095 3090 4148 14.

1839 4214 1907 4268 15
1973 4210 2137 4267 Osi-s
2170 4210 2456 4278 episcOpus
2487 4208 2623 4262 dixit
2651 4228 2665 4263 :
2702 4206 2814 4261 Hoc
2838 4222 3053 4277 quoque
3083 4208 3339 4262 omnibus

93 4293 244 4359 σάτω,
301 4297 388 4348 ἵνα
439 4297 558 4348 εἴτε
601 4297 866 4362 διάκονος,
901 4298 1012 4349 εἴτε
1061 4299 1517 4372 πρεσϐύτεροςνῆ
1569 4305 1655 4356 καί

1770 4303 1977 4373 placeat
2016 4320 2028 4355 :
2067 4309 2128 4354 ut
2177 4299 2223 4352 si
2263 4299 2528 4352 diaconus
2561 4298 2644 4350 vel
2696 4297 2993 4366 presbyter,
3046 4296 3128 4350 vel
3176 4297 3339 4350 etiam

90 4398 168 4445 τις
198 4383 304 4438 τῶν
345 4385 636 4455 κληρικῶν
669 4385 1034 4455 ἀκοινώνητος
1082 4388 1330 4458 γένηται,
1378 4392 1472 4440 καὶ
1524 4391 1659 4460 πρὸς

90 4473 264 4544 ἕτερον
323 4478 633 4530 ἐπίσκοπον
692 4475 785 4530 τὸν
851 4477 1030 4531 εἰδότα
1096 4479 1260 4534 αὐτὸν
1318 4481 1659 4549 καταφύγοι,

92 4567 418 4633 γινώσκοντα
442 4569 882 4638 ἀποκεκινῆσθαι
909 4570 1069 4623 αὑτὸν
1092 4571 1192 4639 τῆς
1213 4572 1496 4634 κοινωνίας
1514 4573 1665 4642 παρά

87 4661 172 4712 τοῦ
202 4663 330 4716 ἰδίου
368 4664 698 4728 ἐπισκόπου,
723 4664 797 4733 μὴ
819 4663 1016 4732 χρῆναι
1041 4664 1120 4734 τῷ
1137 4664 1352 4734 ἀδελφῷ
1377 4665 1542 4717 αὑτοῦ
1573 4665 1668 4718 καὶ

89 4750 548 4823 ἐπισκόπῳῗῶριν
575 4752 854 4818 ποιοῦντα,
889 4755 1146 4822 παρέχειν
1179 4753 1327 4825 αύτῷ
1362 4756 1664 4809 κοινωνίαν’

88 4843 129 4893 εἰ
153 4842 207 4894 δὲ
231 4844 406 4913 τολμή
418 4861 503 4895 σοι
531 4843 688 4895 τοῦτο
716 4844 938 4913 ποιῆσαι
961 4846 1290 4912 γινωσκέτω,
1309 4845 1668 4902 συνελθόντων

88 4933 417 5004 ἐπισκόπων,
445 4937 719 5008 ἀπολογίᾳ
753 4937 945 4990 ἑαυτὸν
971 4937 1271 4990 ὑπεύθυνον
1318 4939 1669 4997 καθεστάναι.

152 5052 429 5117 ’Ἅπαντες
457 5055 511 5106 οἱ
551 5054 842 5105 ἐπίσκοποι
890 5049 1043 5106 εἷπον
1074 5067 1087 5081 ·
1117 5051 1264 5121 Αὕτη
1308 5055 1341 5124 ἡ
1372 5054 1551 5123 κρίσις
1575 5054 1668 5106 καὶ

89 5143 178 5213 τὴν
211 5147 440 5217 εἰρήνην
468 5145 705 5199 πάντοτε
734 5144 1070 5213 διαφυλάξει,
1107 5145 1201 5198 καὶ
1222 5145 1540 5215 διατηρήσει
1567 5147 1665 5217 τὴν

91 5236 296 5290 πάντων
332 5239 622 5307 ὁμόνοιαν.

156 5329 234 5382 ιδ.
264 5331 460 5394 ’Ὀσιος
514 5331 810 5394 ἐπίσκοπος
835 5326 954 5388 εἷπε
981 5347 995 5361 ο
1033 5329 1106 5382 Τὸ
1132 5329 1187 5382 δὲ
1222 5329 1450 5384 πάντοτέ
1487 5348 1553 5400 με
1585 5349 1668 5384 κι-

91 5420 227 5486 νοῦν,
269 5441 325 5477 κ.
357 5441 412 5476 τ.
446 5423 504 5476 λ.

154 5515 364 5580 Πάντες
415 5515 709 5584 εἰρήκασιν
737 5532 748 5544 ·
771 5516 828 5568 '0
859 5514 1251 5584 ἐκϐαλλόμενος
1303 5513 1472 5584 ἐχετώ
1519 5515 1668 5581 ἐξου-

93 5608 296 5666 σίαν.γ.
339 5627 390 5664 τ.
434 5609 490 5662 λ.

1767 4394 1964 4462 aliquis
1989 4407 2053 4446 ex
2091 4390 2305 4445 clericis
2336 4393 2406 4442 sit
2432 4391 2962 4452 excommunicatus,
2991 4399 3044 4440 et
3076 4388 3140 4441 ad
3173 4387 3342 4442 alium

1766 4485 2104 4554 episcopum,
2153 4481 2245 4551 qui
2307 4495 2431 4534 eum
2481 4482 2649 4543 novit,
2703 4479 3030 4549 confugerit,
3081 4482 3342 4536 scientem

1766 4591 1891 4631 eum
1940 4591 1970 4629 a
2017 4575 2234 4645 proprio
2285 4574 2541 4642 episcopo
2578 4588 2698 4626 esse
2749 4573 2909 4642 262
2958 4575 3350 4629 communione

1769 4675 2000 4730 motum,
2029 4680 2136 4719 non
2171 4675 2421 4732 oportere
2450 4664 2703 4732 episcopo
2745 4673 2799 4717 et
2841 4663 2998 4719 fratri
3051 4682 3152 4720 suo
3200 4666 3343 4735 inju-

1769 4759 1906 4812 riam
1965 4756 2274 4820 facientem,
2327 4756 2376 4810 ei
2432 4757 2874 4810 communionem
2928 4757 3190 4826 praebere.
3248 4757 3359 4812 Sin'

1770 4857 1950 4900 autem
1987 4844 2091 4897 hoc
2121 4842 2301 4897 facere
2332 4857 2500 4896 ausus
2543 4841 2726 4908 fuerit,
2761 4843 3042 4898 sciatcum
3077 4859 3346 4898 convene-

1770 4941 1879 4997 rint
1907 4938 2170 5009 episcopi,
2204 4937 2440 5006 scipsum
2472 4950 2691 4990 causam
2717 4951 2837 4991 esse
2870 4938 3166 4991 dicturum.

1842 5052 2044 5107 Omnes
2091 5049 2330 5120 episc0pi
2378 5049 2674 5102 dixerunt:
2711 5047 2823 5104 lloc
2853 5050 3117 5119 judicium
3160 5058 3210 5101 et
3249 5063 3344 5115 pa-

1772 5159 1890 5198 cem
1922 5158 2098 5212 usque
2142 5140 2434 5204 custodiet,
2463 5148 2518 5194 et
2556 5141 2802 5193 omnium
2838 5140 3187 5198 concordian-t
3225 5149 3344 5192 tue-

1773 5238 1942 5292 bitur.

1847 5327 1933 5380 M.
1978 5324 2142 5378 Osius
2199 5322 2488 5390 episcopus
2537 5305 2713 5376 dixit:
2777 5320 2931 5386 Quod
2982 5319 3201 5390 quidem
3259 5336 3346 5374 me

1773 5424 2133 5486 undequaque
2171 5423 2372 5475 movet,
2401 5421 2531 5475 etc.,
2563 5422 2620 5465 ut
2649 5429 2772 5483 pag.
2815 5411 2938 5465 795.

1853 5510 2057 5565 Omnes
2129 5507 2382 5560 dixerunt
2433 5521 2448 5558 :
2499 5503 2603 5571 Qui
2671 5506 2936 5575 ejicitur,
3020 5513 3344 5574 potestatem

1785 5600 1960 5659 habet,
1992 5606 2122 5657 etc,
2166 5603 2221 5645 ut
2260 5609 2380 5661 pag.
2415 5591 2542 5646 725.
