3842 6224
102 255 203 319 737
659 344 664 349 ‘
902 252 1304 314 SYNTAGMA
1340 253 1727 315 CANONUM.
1753 281 1819 292 —
1848 259 1993 320 TIT.
2035 263 2139 337 IX,
2175 264 2333 327 CAP.
2375 268 2481 328 XI.
3244 274 3353 338 738

115 364 492 420 Ἀποστόλων
523 363 724 416 κανὼν
765 380 828 427 ε,
864 368 943 432 η’,
978 362 1047 428 θ’,
1094 362 1146 429 ι’,
1189 362 1277 432 ιβ’,
1329 362 1417 431 ιγ’,
1453 369 1534 426 ιε’,
1571 369 1669 428 ις’,

1813 371 2149 437 .postolorum
2177 391 2402 430 canones
2428 376 2483 440 5,
2505 376 2560 444 8,
2590 377 2645 446 9,
2691 379 2778 445 lO,
2807 381 2893 448 ΙΞ,
2927 381 3015 448 15,
3037 384 3124 447 15,
3151 384 3351 447 16,24-

168 456 265 520 κδ’,
295 456 404 522 λς’,
436 454 548 526 μγ,
583 461 685 524 με’,
722 452 832 524 μη’,
875 455 967 519 νϐ’,
1011 460 1120 519 νς’,
1161 453 1259 521 νζ’,
1306 451 1412 524 νη’,
1438 453 1535 521 νϐ’,
1579 453 1673 520 ξε’,

1846 460 1937 526 56,
1980 464 2069 528 45,
2108 464 2199 532 45,
2227 465 2318 528 48,
2342 467 2433 534 54,
2465 468 2552 536 56,
2600 469 2690 536 57,
2724 471 2814 538 58,
2838 472 2907 529 59
2930 514 2946 541 ,
2980 474 3082 543 65,
3118 475 3205 543 66,
3260 477 3351 542 70,

171 546 264 614 εξ,
292 547 355 610 0'.
388 548 488 612 σοι’,
525 546 623 616 οβ’,
658 544 759 614 ογ’,
795 543 904 613 ος’,
936 546 1040 601 πδ’.

168 647 229 695 ε’.
280 639 625 704 Ἐπίσκοπος,
672 640 705 711 ἢ
759 640 1148 711 πρεσϐύτερος,
1195 641 1525 712 ἢδιάκονος,
1574 645 1675 716 τὴν

96 732 288 787 ἐαυτοῦ
314 734 551 801 γυναῖκα
582 732 656 803 μὴ
686 733 995 787 ἐκϐαλλέτω
1025 735 1296 806 προφάσει
1345 736 1631 800 εὐλαϐείας
1654 754 1669 770 ·

94 825 193 879 ἐὰν
206 825 259 877 δὲ
273 824 476 895 ἐκϐάλῃ
487 863 500 886 ,
519 824 880 895 ἀφοριζέσθωο
897 825 1171 895 ἐπιμένων
1185 827 1262 891 δὲ,
1278 828 1667 899 καθαιρείσθω.

165 920 235 985 η’.
278 915 345 969 El
370 932 455 978 τις
480 915 798 981 ἐπίσκοπος,
832 917 866 987 ἢ
902 916 1291 987 πρεσϐύτερος,
1324 919 1357 989 ἢ
1402 919 1669 985 διάκονος,

92 1024 153 1058 κ.
187 1024 235 1060 τ.
264 1006 314 1061 λ.

168 1098 229 1152 θ’.
273 1098 485 1161 Πάντας
506 1098 633 1160 τοὺς
666 1098 931 1163 εἰσιόντας
955 1101 1200 1166 πιστοὺς,
1231 1118 1287 1155 κ.
1321 1120 1371 1155 τ.
1404 1102 1453 1155 λ.

167 1196 217 1243 ι’.
256 1190 323 1242 El
346 1207 428 1253 τις
450 1190 799 1261 ἀκοινωνήτῳ
830 1190 934 1245 κᾶν
962 1192 1019 1244 ἐν
1053 1192 1187 1262 οἴκῳ
1213 1185 1548 1260 συνεύξεται,
1579 1186 1671 1249 οὗ-

85 1298 185 1343 τος
219 1280 583 1351 ἀφοριζέσθω.

164 1371 252 1440 ιβ’,
272 1378 363 1439 ιγ’.
382 1371 449 1425 Et
465 1389 549 1433 τις
570 1371 828 1442 κληρικδς
851 1372 882 1442 ἢ
910 1371 1116 1439 λαῖκὸς,
1143 1375 1523 1447 ἀφωρισμένος
1552 1377 1670 1447 ἦτοι

85 1462 339 1527 ἄδεκτος,
379 1478 434 1515 κ.
469 1479 519 1514 τ.
553 1460 603 1515 λ.

164 1560 245 1607 ιε’.
287 1552 354 1606 Εἴ
383 1571 467 1616 τις
513 1552 883 1624 πρεσϐύτερος
926 1555 959 1624 ἢ
1016 1555 1293 1624 διάκονος,
1337 1558 1371 1628 ἢ
1406 1558 1542 1622 ὅλως
1575 1558 1669 1612 τοῦ

84 1644 394 1713 καταλόγου
418 1646 524 1698 τῶν
554 1646 851 1716 κληρικῶν,
881 1664 935 1699 κ.
965 1664 1017 1701 τ.
1048 1647 1096 1702 λ.

1846 555 1938 620 71,
1979 556 2066 619 72,
2093 558 2184 624 75,
2225 559 2310 625 76,
2344 561 2436 616 86.

1848 645 1899 700 5.
1929 646 2230 719 Episcopus
2254 651 2353 722 (2),
2374 654 2458 709 vel
2486 656 2787 728 presbyter,
2815 658 2900 715 vel
2920 660 3186 720 diaconus
3214 680 3351 720 uxo-

1773 750 1889 791 rem
1914 753 2069 793 suam
2099 756 2168 794 ne
2195 742 2376 811 ejiciat
2407 747 2683 816 religionis
2715 760 2977 818 praetextu
3004 771 3017 819 ;
3056 754 3139 809 sin
3170 766 3351 810 autem

1773 825 1997 895 ejeccrit
2023 867 2038 892 ,
2079 842 2393 901 segregetur
2422 853 2437 900 ;
2471 848 2523 891 et
2552 836 2598 889 si
2647 849 2993 905 perseveret,
3028 843 3348 912 deponatur.

1843 917 1896 972 8.
1925 917 1980 972 Si
2007 922 2130 989 quis
2156 922 2465 993 episcopus,
2486 928 2769 998 presbyter
2793 930 2876 985 vel
2893 930 3181 999 diaconus,
3215 946 3352 1002 etc.,

1774 1015 1833 1060 ιιι
1869 1024 1993 1079 pag.
2033 1010 2154 1065 606.

1844 1097 1897 1152 9.
1918 1100 2241 1172 Quicunque
2258 1104 3002 1175 fidelesingrediuntur,etc.,
3034 1118 3090 1161 ut
3122 1126 3176 1178 p.
3222 1110 3348 1166 606.

1844 1189 1933 1243 10.
1971 1188 2028 1244 Si
2088 1195 2211 1261 quis
2269 1212 2391 1250 cum
2435 1198 2938 1267 excommunicato,
2978 1201 3133 1256 velin
3164 1203 3351 1267 domo,

1770 1292 1880 1332 una
1910 1293 2164 1349 precatus
2194 1285 2376 1353 fuerit,
2407 1289 2453 1343 is
2483 1301 2820 1358 segregetur.

1843 1370 2055 1437 12,15.
2108 1375 2165 1429 Si
2216 1380 2340 1447 quis
2387 1380 2621 1436 clericus
2664 1383 2749 1437 vel
2797 1384 2971 1439 laicus
3036 1394 3353 1456 segregatus

1771 1460 1885 1514 sive
1925 1478 2033 1518 non
2067 1467 2431 1536 recipiendus,
2466 1482 2594 1535 etc.,
2630 1481 2686 1525 ut
2719 1490 2843 1542 pag.
2879 1475 3002 1529 751.

1850 1559 2013 1631 265
2040 1560 2263 1633 Ι5[14].
2297 1561 2353 1617 Si
2374 1562 2500 1633 quis
2528 1560 2836 1636 presbﬂer,
2856 1562 2940 1617 vel
2966 1562 3249 1627 diaconus,
3272 1562 3357 1617 vel

1777 1654 2003 1707 omnino
2027 1670 2089 1708 ex
2120 1655 2443 1709 clericorum
2471 1656 2742 1726 catalogo,
2775 1664 2909 1723 etc.,
2934 1664 2991 1710 ut
3015 1672 3137 1726 pag.
3170 1655 3295 1711 658.

166 1744 263 1800 ις’.
307 1738 368 1789 Εἰ
397 1738 453 1791 δὲ
492 1738 521 1790 ὁ
556 1736 872 1803 ἐπίσκοπος,
913 1738 1043 1807 παρ’
1086 1733 1129 1806 ᾧ
1158 1741 1502 1808 τυγχάνουσι,
1542 1738 1669 1809 παρ’

1847 1744 1915 1798 16
1936 1743 2076 1814 [15].
2105 1746 2202 1801 Sin
2224 1747 2271 1778 ⁸³
2292 1756 2472 1802 autem
2503 1749 2794 1817 episcopus
2818 1750 2974 1803 nihili
3017 1749 3223 1803 faciens
3260 1748 3355 1801 ad-

80 1831 242 1883 οὖδὲν
274 1829 630 1900 λογισάμενος
650 1832 749 1903 τὴν
771 1833 892 1885 κατ’
915 1832 1095 1885 αὐτῶν
1121 1833 1431 1903 ὁρισθεῖσαν
1452 1832 1667 1901 ἀργίαν,

80 1922 299 1986 δέξεται
332 1923 533 1986 αὐτοὺς
561 1922 637 1987 ὡς
666 1924 983 1995 κληρικοὺς,
1029 1923 1375 1995 ἀφοριζέσθω
1406 1925 1481 1987 ὡς
1522 1923 1669 1977 διδά-

83 2014 290 2077 σκαλος
321 2015 569 2080 ἀταξίας.

160 2107 261 2160 κδ’.
301 2106 499 2168 Λαῖκὸς
531 2105 722 2160 ἑαυτὸν
750 2106 1173 2178 ἀκρωτηριάσας
1204 2108 1548 2180 ἀφοριζέσθω
1573 2107 1671 2179 ἐτη

77 2193 248 2265 τρία”
288 2193 571 2259 ἐπίϐουλος
603 2197 711 2266 γάρ
742 2196 858 2249 ἐστι
895 2198 995 2266 τῆς
1026 2196 1217 2251 ἐαυτοῦ
1254 2198 1420 2268 ζωῆς.

160 2286 272 2351 λς’.
312 2287 382 2339 El
410 2306 493 2352 τις
519 2290 914 2362 χειροτονηθεὶς
950 2293 1267 2360 ἐπίσκοπος,
1303 2311 1357 2348 κ.
1390 2311 1442 2349 τ.
1475 2295 1526 2352 λ.

162 2472 277 2536 μγ’.
336 2466 718 2533 Ὑποδιάκονος
775 2470 807 2540 ἢ
862 2470 1216 2540 ἁναγνώστης
1265 2473 1297 2543 ἢ
1346 2473 1556 2544 ψάλτης
1603 2476 1672 2530 τὰ

75 2556 254 2626 ὅμοια
283 2557 473 2626 ποιῶν,
506 2559 542 2631 ἢ
578 2561 936 2632 παυσάσθωῆ
972 2563 1320 2632 ἀφοριζέσθω
1348 2581 1363 2596 ο
1411 2566 1672 2630 ὡσαύτως

78 2649 183 2703 καὶ
208 2650 418 2714 λαῖκός.

163 2741 271 2812 με’.
320 2743 648 2808 Ἐπίσκοπος
691 2745 724 2815 ἢ
769 2744 1142 2817 πρεσϐύτερος
1189 2748 1222 2818 ἢ
1271 2748 1536 2817 διάκονος,
1585 2753 1673 2805 al-

79 2834 331 2905 ρετικοίς
357 2834 750 2905 συνευξάμενος
783 2837 964 2907 μόνον,
996 2855 1051 2891 κ.
1080 2856 1133 2893 τ.
1161 2839 1213 2893 λ.

163 3048 281 3113 μη’.
323 3041 393 3095 Εἴ
417 3060 502 3107 τις
533 3042 719 3109 λαῖκὸς
761 3043 860 3116 τὴν
907 3039 1383 3114 ἑαυτοῦ”γυναῖκα
1429 3046 1674 3100 ἐκϐαλὼν
1703 3067 1743 3124 C

80 3134 291 3204 ἑτέραν
341 3132 518 3199 λάϐοι,
565 3134 598 3206 ἢ
656 3136 809 3207 παρὰ
853 3136 1015 3191 ἄλλου
1051 3136 1493 3209 ἀπολελυμένην,
1541 3141 1677 3209 ἀφο-

86 3224 359 3297 ριζέσθω.

163 3317 263 3371 νϐ’.
293 3318 462 3381 Εἴτις
486 3318 744 3390 κληρικὸς
768 3321 824 3374 ἐν
849 3321 1127 3392 καπηλείῳ
1154 3323 1434 3394 φωραθείη
1462 3324 1680 3388 ἐσθίων,

81 3406 463 3478 ἀφοριζέσθω,
491 3410 665 3480 πάρεξ
684 3410 776 3463 τοῦ
803 3413 862 3463 ἐν
886 3412 1188 3484 πανδοχείῳ
1214 3415 1272 3466 ἐν
1295 3414 1398 3485 ὁδῷ
1427 3415 1495 3469 δι’
1519 3416 1685 3486 ἀνάγ-

81 3516 199 3570 κην
233 3498 598 3563 καταλύοντος

44 3682 51 3687 ’
165 3686 281 3745 νς’.
327 3681 394 3735 Εἴ
435 3699 517 3744 τις
548 3682 808 3753 κληρικὸς
841 3683 1053 3753 ύϐρίσει
1088 3685 1460 3759 πρεσϐύτερον
1498 3687 1531 3760 ἢ
1567 3687 1684 3742 διά-

89 3788 279 3834 κονον,
306 3772 671 3842 ἀφοριζέσθω.

164 3860 271 3926 νζ’.
314 3862 382 3915 Εἴ
429 3879 512 3925 τις
545 3862 807 3932 κληρικδς
845 3862 1015 3932 χωλὸν
1047 3863 1079 3932 ἢ
1112 3863 1292 3931 κωφὸν
1337 3863 1370 3936 ἢ
1419 3864 1617 3933 τυφλὸν
1648 3864 1682 3936 ἢ

88 3952 197 4017 τὰς
265 3952 449 4022 βάσεις
502 3953 889 4023 πεπληγμένον
956 3953 1241 4024 χλευάσει,
1301 3954 1683 4025 ἀφοριζέσθωο

83 4044 365 4109 ὡσαύτως
393 4046 487 4099 καὶ
522 4045 726 4109 λαῖκός.

163 4143 273 4207 νη’.
311 4137 639 4201 Ἐπίσκοπος
668 4139 701 4211 ἢ
729 4137 1101 4209 πρεσϐύτερος
1121 4138 1337 4209 ἀμελῶν
1361 4138 1453 4193 τοῦ
1481 4138 1684 4211 κλήρου

84 4228 124 4301 ἢ
160 4227 263 4281 τοῦ
291 4228 445 4291 λαοῦ,
472 4246 527 4282 κ.
558 4246 609 4283 τ.
644 4229 695 4283 λ.

166 4318 270 4375 νθ’.
316 4318 387 4373 Εἴ
408 4337 491 4384 τις
520 4320 814 4385 ἐπίσκοπος
844 4321 876 4391 ἢ
903 4321 1294 4391 πρεσϐύτερος,
1340 4340 1396 4377 κ.
1429 4339 1484 4379 τ.
1522 4323 1574 4379 λ.

1774 1844 1965 1882 versus
1993 1844 2089 1882 eos
2137 1828 2410 1881 decretam
2462 1842 2493 1881 a
2568 1842 2794 1882 munere
2848 1831 3350 1892 cessationem,eos

1772 1928 1834 1973 ut
1852 1920 2080 1974 clericos
2115 1920 2401 1987 receperit,
2435 1930 2749 1989 segregetur
2794 1928 2855 1976 ut
2893 1920 3247 1975 immodestia:
3298 1929 3353 1976 et

1771 2009 2075 2065 insolentiae
2106 2010 2386 2080 magister.

1841 2103 1910 2155 24
1945 2099 2080 2171 [25].
2113 2099 2314 2155 Laicus
2338 2100 2431 2169 qui
2461 2099 2704 2169 seipsum
2731 2099 3025 2165 mutilavit,
3054 2100 3229 2155 tribus
3256 2115 3355 2154 an-

1771 2194 1858 2251 nis
1880 2202 2231 2265 scgregetur;
2261 2203 2345 2250 est
2373 2194 2521 2248 enim
2554 2210 2669 2249 sua:
2692 2194 2865 2265 ipsius
2893 2195 3017 2248 vita:
3043 2192 3353 2248 insidiator.

1840 2286 1908 2342 56
1953 2285 2091 2359 [55].
2147 2285 2205 2341 Si
2268 2286 2393 2357 quis
2441 2285 2728 2342 ordinatus
2773 2287 3086 2356 episcopus,
3115 2295 3246 2352 etc.,
3296 2292 3356 2339 ιιι

1770 2395 1894 2449 pag.
1926 2378 2049 2433 506.

1842 2472 1912 2525 45
1943 2469 2081 2543 [42].
2121 2469 2567 2542 Hypodiaconus,
2600 2470 2683 2525 vel
2718 2470 2910 2534 lector,
2943 2469 3026 2523 vel
3059 2476 3255 2525 cantor
3281 2468 3359 2525 si-

1774 2562 1923 2616 milia
1968 2560 2301 2626 faciens,vel
2352 2569 2553 2628 cesset,
2600 2560 2685 2615 vel
2713 2568 3045 2631 segregetur.
3082 2558 3274 2615 Itidem
3302 2569 3358 2614 et

1772 2649 1966 2707 laicus.

1843 2744 1914 2797 45
1966 2741 2105 2814 [44].
2146 2741 2450 2812 Episcopus
2482 2739 2567 2794 vel
2597 2741 2902 2813 presbyter,
2947 2741 3033 2798 vel
3059 2742 3356 2805 diaconus,

1773 2836 1867 2904 qui
1891 2850 2016 2889 cum
2048 2834 2315 2889 haereticis
2344 2832 2430 2888 vel
2455 2832 2634 2888 solum
2663 2842 3046 2904 comprecatus
3090 2840 3197 2899 est,
3222 2840 3356 2896 etc.,

1773 2936 1833 2981 ut
1860 2943 1982 2996 pag.
2008 2926 2133 2980 6l0.

1850 3019 2080 3092 48[47].
2131 3019 2187 3074 Si
2240 3020 2365 3090 quis
2420 3020 2595 3076 laicus
2645 3036 2744 3076 sua
2778 3019 2954 3090 ejecta
2994 3033 3166 3075 uxore
3196 3016 3359 3072 aliam

1782 3116 2071 3187 acceperit,
2105 3116 2191 3171 vel
2223 3116 2292 3170 ab
2314 3116 2420 3171 alio
2441 3117 2699 3183 solutam,
2728 3124 3062 3188 segregetur.

1857 3325 1925 3379 54
1957 3324 2094 3396 [55].
2138 3323 2194 3379 Si
2231 3324 2355 3394 quis
2407 3324 2641 3379 clericus
2680 3320 2733 3376 in
2776 3339 3023 3395 caupona
3072 3324 3369 3381 comedens

1784 3416 2163 3487 deprehensus
2200 3414 2387 3482 fuerit,
2422 3424 2754 3485 segregetur,
2798 3429 3161 3485 pra-terquam
3210 3416 3257 3472 si
3306 3417 3364 3471 in

1783 3509 2009 3581 publico
2035 3509 2340 3565 diversorio
2365 3510 2419 3564 in
2451 3510 2537 3563 via
2582 3519 2806 3579 propter
2851 3510 3231 3564 necessitatem
3279 3509 3367 3565 di-

1784 3600 2029 3654 verterit.

1858 3689 1926 3743 56
1962 3687 2102 3760 [55].
2146 3688 2204 3742 Si
2239 3687 2362 3756 quis
2390 3686 2621 3741 clericus
2645 3685 3027 3757 presbyterum
3064 3687 3150 3741 vel
3182 3686 3369 3743 diaco-

1784 3796 1914 3835 num
1953 3779 2156 3847 injuria
2187 3778 2448 3843 alfecerit,
2482 3787 2824 3848 segregetur.

1863 3871 1928 3925 57
1968 3870 2108 3942 [56].
2153 3869 2210 3924 Si
2246 3870 2369 3940 quis
2401 3870 2633 3925 clericus
2671 3870 2948 3935 claudum,
2981 3870 3066 3924 vel
3113 3870 3367 3933 surdum,

1785 3966 1869 4022 vel
1904 3981 2053 4031 eum,
2088 3965 2175 4020 cui
2213 3965 2444 4019 vitiOSus
2481 3975 2567 4021 est
2608 3966 2881 4032 incessus,
2916 3964 3171 4029 irriserit,
3211 3980 3371 4036 sepa-

1786 4065 1963 4113 retur.
2003 4056 2273 4110 Similiter
2295 4064 2349 4110 et
2380 4056 2571 4111 laicus.

1860 4148 1928 4204 58
1961 4147 2099 4219 [57].
2153 4146 2458 4217 Episcopus
2492 4146 2579 4202 vel
2628 4146 2934 4217 presbyter,
2975 4144 3069 4214 qui
3106 4145 3236 4201 cieri
3282 4144 3370 4200 vel

1787 4241 1977 4315 populi
2004 4255 2193 4297 curam
2217 4254 2324 4293 non
2346 4239 2505 4309 gerit,
2537 4249 2667 4304 etc.,
2696 4239 2752 4293 “ut
2772 4256 2895 4309 pag.
2920 4238 3048 4294 682.

1859 4335 1929 4390 59
1963 4332 2100 4405 [58].
2129 4332 2187 4387 Si
2232 4333 2357 4403 quis
2385 4331 2679 4402 cpiscopus
2704 4330 2790 4385 vel
2810 4328 3115 4400 presbyter,
3143 4335 3275 4391 etc.,
3306 4333 3368 4381 ut

1788 4446 1908 4502 pag.
1946 4429 2071 4483 674.

158 4528 261 4595 ξεῆ
308 4530 377 4582 Et
418 4548 502 4594 τις
550 4531 805 4601 κληρικὸς
855 4532 888 4602 ἢ
924 4531 1109 4595 λαῖκὸς
1151 4532 1385 4587 εἰσέλθοι
1428 4534 1509 4599 είς
1557 4551 1677 4590 συν-

1861 4523 2026 4593 266
2072 4522 2143 4577 65
2187 4520 2324 4593 [65].
2386 4520 2444 4574 Si
2482 4519 2608 4588 quis
2670 4517 2907 4573 clericus
2950 4516 3033 4571 vel
3081 4516 3257 4571 laicus
3313 4514 3367 4567 in

81 4623 325 4693 αγωγὴν
355 4622 619 4675 Ἰουδαίων
648 4623 681 4694 ἢ
713 4624 1003 4695 αἱρετικῶν
1031 4621 1453 4696 προσεύξασθαι,
1490 4626 1686 4681 καθαι-

84 4716 302 4787 ρείσθω
335 4715 429 4767 καὶ
460 4714 819 4785 ἀφοριζέσθω.

158 4806 265 4873 ξς.
336 4806 405 4859 Εἰ
456 4824 542 4870 τις
586 4806 857 4878 παρθένον
916 4809 1291 4880 ἀμνήστευτον
1352 4811 1685 4883 βιασάμενος

80 4900 232 4969 ἔχει,
267 4897 618 4967 ἀφοριζέσθω
651 4916 666 4930 ο
720 4899 795 4969 μὴ
826 4899 1027 4966 ἐξεῖναι
1060 4902 1117 4954 δὲ
1145 4902 1293 4974 αὐτῷ
1320 4905 1512 4976 ἑτέραν
1540 4904 1684 4976 λαμ-

81 4991 309 5054 ϐάνειν,
352 4988 467 5041 ἀλλ’
492 4988 708 5060 ἐκείνην
739 4991 991 5062 κατέχειν
1018 4994 1085 5064 ἢν
1114 4997 1208 5047 καὶ
1236 4996 1547 5066 ᾑρετίσατο,
1580 4996 1686 5053 κᾶν

76 5080 340 5151 πενιχρά
364 5081 629 5151 τυγχάνῃ.

157 5178 231 5227 o'.
273 5172 460 5235 Εῐτις
489 5172 807 5242 ἐπίσκοπος,
852 5175 886 5245 ἢ
921 5177 1309 5248 πρεσϐύτερος,
1354 5180 1387 5251 ἢ
1418 5181 1683 5250 διάκονος,

78 5265 115 5334 ἧ
152 5263 308 5328 ὅλως
337 5262 433 5316 τοῦ
460 5266 765 5335 καταλόγου
803 5267 908 5320 τῶν
940 5269 1238 5340 κληρικῶν,
1271 5272 1523 5340 νηστεύοι
1550 5273 1689 5343 μετὰ

87 5354 407 5423 Ἰουδαίων,
433 5358 468 5429 ἦ
499 5358 744 5428 ἐορτάζοι
777 5360 894 5427 μετ’
912 5360 1110 5424 αὐτῶν,
1133 5362 1167 5433 ἢ
1193 5362 1403 5432 δέχεται
1435 5366 1567 5435 παρ’
1589 5367 1687 5419 αύ-

73 5447 202 5501 τῶν
232 5445 309 5499 τὰ
341 5446 442 5516 τῆς
473 5447 665 5517 ἑορτῆς
698 5447 864 5513 ξένια,
900 5445 1013 5503 οἷον
1040 5452 1247 5521 ἄζυμα,
1296 5454 1329 5523 ἤ
1364 5472 1415 5508 τι
1454 5457 1685 5527 τοιοῦτο,

76 5537 509 5609 καθαιρείσθωο
548 5540 599 5591 εί
626 5537 685 5592 δὲ
718 5539 925 5606 λαῖκὸς,
960 5542 1323 5614 ἀφοριζέσθω.

162 5698 216 5734 ³³
256 5699 434 5757 Cone.
464 5697 583 5756 Nic.
632 5714 755 5757 can.
819 5701 906 5757 l6.

1791 4612 2103 4668 Judaaorum
2134 4614 2220 4667 vel
2255 4612 2632 4665 haereticorum
2658 4623 2988 4680 synagogam
3012 4610 3266 4679 ingessus
3292 4608 3364 4663 sit

1794 4706 1860 4760 ad
1890 4706 2180 4770 orandum,
2216 4705 2523 4774 deponatur
2553 4714 2606 4758 et
2645 4711 2985 4775 segregetur.

1848 4808 1918 4862 67
1953 4806 2095 4879 [66].
2142 4804 2201 4859 Si
2253 4806 2378 4875 quis
2414 4804 2682 4874 virginem
2734 4820 2840 4859 non
2875 4805 3257 4874 desponsatam
3298 4806 3353 4858 vi

1777 4901 1942 4956 allata
1991 4900 2175 4964 habet,
2220 4905 2573 4967 segregetur;
2607 4897 2656 4952 ei
2698 4906 2882 4951 autem
2915 4898 3073 4951 aliain
3111 4897 3357 4967 accipere

1775 5006 1887 5046 non
1931 4988 2117 5053 liceat,
2169 4986 2265 5042 sed
2306 4986 2455 5040 illam
2500 4986 2736 5042 retinere
2765 5002 2930 5056 quam
2979 4988 3159 5056 elegit,
3192 4986 3355 5040 etiam

1776 5082 1824 5137 si
1854 5094 2062 5153 pauper
2084 5080 2176 5134 sit.

1851 5173 1920 5227 '70
1963 5170 2104 5244 [69].
2161 5171 2219 5226 Si
2267 5170 2393 5241 quis
2438 5171 2749 5241 episcopus,
2802 5170 2888 5225 vel
2928 5173 3226 5242 presbyter,
3274 5173 3356 5228 vel

1782 5266 2073 5329 diaconus,
2106 5265 2193 5319 vel
2218 5263 2447 5318 omnino
2476 5278 2542 5317 ex
2575 5263 2897 5318 clericorum
2923 5263 3189 5332 catalogo,
3212 5263 3359 5335 jeju—

1778 5366 1875 5414 nat
1900 5373 2025 5413 cum
2055 5357 2280 5421 Iudaeis,
2334 5355 2419 5411 vel
2456 5371 2578 5411 cum
2616 5356 2747 5425 ipsis
2774 5354 2942 5410 festos
2968 5356 3082 5409 dies
3111 5358 3243 5427 agit,
3277 5358 3363 5411 vel

1780 5454 1849 5507 ab
1880 5452 2019 5523 ipsis
2048 5450 2211 5505 xenia
2256 5449 2492 5518 accipit;
2517 5457 2597 5515 ut,
2630 5449 2781 5502 verbi
2815 5449 3011 5518 gratia,
3035 5465 3244 5520 azyma,
3279 5451 3364 5505 vel

1777 5544 1923 5601 aliud
1951 5543 2132 5615 quale,
2150 5542 2472 5612 deponatur.
2492 5540 2547 5597 Si
2578 5556 2705 5597 vero
2721 5541 2791 5595 sit
2816 5541 3008 5610 laicus,
3034 5550 3367 5616 segregetur.

172 5855 261 5924 Ὠ)
290 5853 503 5912 Citatur
554 5870 585 5912 a
619 5866 809 5915 sancto
851 5856 1014 5932 Greg.
1077 5859 1171 5917 lib.
1215 5875 1290 5917 vn
1324 5860 1488 5934 Reg,
1520 5862 1676 5933 epist.
1704 5863 1790 5919 50.
