3842 6224
187 262 275 325 741

875 266 1275 327 SYNTAGMA
1317 264 1704 324 CANONUM.
1732 266 1966 328 --'.I‘IT.
2015 269 2116 337 IX,
2158 264 2661 336 CAPQXII-XIV.

3280 337 3291 346 .
3336 285 3445 349 742

252 379 495 436 ΚΕΦΑΛ.
536 379 620 435 ΙΓ.
645 408 715 420 -—
746 383 934 436 Πόσοι
976 383 1300 436 ἐπίσκοποι
1357 380 1601 434 ποιοῦσι
1667 398 1729 433 κο

1928 383 2078 438 CAP.
2116 386 2252 441 XIII.
2281 389 2492 454 -Quot
2524 394 2757 461 episcopi
2808 396 3107 466 episcopum
3153 401 3440 468 deponunt.

183 467 446 536 θὰίρεσιν
475 472 832 527 ἐπισκόπου.

181 559 445 616 Συνόδου
497 563 1196 629 Κωνσταντινουπόλεως
1251 562 1363 631 τῆς
1415 563 1566 618 κατὰ
1612 564 1756 631 τοὺς

607 632 982 700 ἐπισκόπους
1021 633 1314 703 Ἀραϐίας.

256 724 568 796 ’Δραὸιανὺς
615 726 916 790 ἐπίσκοπος
950 714 1249 796 ’Ἀγκύρας
1294 723 1448 781 εἶπεν
1473 744 1488 758 ·
1524 727 1600 781 Οὐ
1654 727 1754 798 τῆς

177 815 450 884 παρούσης
476 814 640 870 ἕνεκα
669 817 844 888 δίκης,
881 818 1017 873 ἀλλά
1045 817 1139 871 τοῦ
1175 819 1374 889 ἐφεξῆς
1407 819 1523 889 βίου
1551 818 1756 882 παντὸς

179 905 421 970 δεδοικὼς
455 907 632 970 τοῦτο,
662 909 798 974 ἀξιῶ
822 910 922 981 τὴν
955 910 1116 979 ἁγίαν
1150 911 1366 964 σύνοδον
1395 911 1716 984 διαλαλῆσαι
1735 933 1750 947 ο

176 997 340 1065 ἔξεστι
375 999 629 1068 γενέσθαι
657 1000 976 1073 καθαίρεσιν
1025 1003 1176 1073 παρά
1209 1003 1302 1056 δύο
1337 1005 1675 1072 ἐπισκόπων,
1715 1005 1748 1076 ἢ

173 1089 250 1153 οὓς
273 1091 363 1143 καὶ
396 1092 536 1143 κατά
557 1093 789 1156 ἀπόντος
819 1092 1048 1162 ἔξεστιν,
1070 1094 1103 1165 ἢ
1129 1093 1224 1160 οὓς
1256 1095 1422 1148 Οὐδὲν
1450 1097 1752 1168 πρόκριμαι

174 1182 300 1251 πρὸς
326 1182 422 1252 τὴν
449 1182 731 1253 παροῦσαν
776 1185 1050 1249 ὑπόθεσιν,
1086 1187 1298 1240 δέδοικα
1329 1187 1386 1240 δέ
1426 1189 1500 1260 μὴ
1541 1189 1606 1242 ἐκ
1643 1188 1750 1242 τῶν

173 1272 570 1342 ὑπομνημάτων
595 1273 797 1327 τούτων
815 1276 960 1339 τινὲς
975 1276 1106 1330 λαϐό
1114 1295 1264 1348 μενοι
1283 1277 1551 1348 ἐξουσίαν,
1569 1278 1752 1333 τοιαῦ-

170 1381 232 1418 τα
264 1364 604 1434 τολμήσωσιν
625 1381 638 1394 ⁸
670 1365 802 1431 ἀξιῶ
825 1366 970 1436 ὑμᾶς
1003 1369 1424 1440 ἀποκρίνασθαι.

235 1457 537 1526 Νεκτάριος
569 1457 867 1521 ἐπίσκοπος
910 1461 1536 1525 Κωνσταντινουπόλεως
1572 1458 1744 1517 εἶπενο

182 1546 506 1613 Ἐπαινετῶς
556 1552 886 1621 εἰσηγήσατο
937 1555 966 1606 ὁ
1006 1553 1402 1618 εὐλαϐέστατος
1451 1557 1747 1623 ἐπίσκοπος

179 1639 489 1709 Ἀραόιανός
517 1657 531 1672 ο
583 1643 644 1694 οὐ
682 1643 788 1714 μὴν
822 1643 1129 1715 δυναμένης
1159 1645 1315 1716 δίκης
1347 1647 1742 1718 ἐξομοιοῦσθαι,

1932 559 2158 615 Concilii
2184 525 2765 634 Constantinopolitani
2783 571 2846 624 de
2861 574 3117 644 episcopis
3137 575 3368 634 Arabica.

1927 727 2236 784 Arabianus
2271 731 2496 802 Ancyrae
2523 732 2815 804 episcopus
2846 736 2983 792 dixit
3009 755 3022 792 :
3053 737 3172 792 Non
3208 748 3437 811 propter

1855 819 1961 875 hoc
1995 819 2289 890 judicium,
2323 825 2418 878 sed
2454 824 2522 880 de
2569 836 2679 882 tota
2723 829 2979 899 deinceps
3021 833 3128 886 vita
3162 843 3437 899 metuens,

1856 911 2018 980 cupio
2059 926 2302 968 sanctam
2351 918 2617 987 synodum
2657 921 2724 974 de
2752 920 2858 975 hoc
2886 930 3146 989 statuere,
3177 925 3376 980 licetne
3408 942 3438 980 a

1855 1001 2072 1057 duobus
2101 1005 2374 1076 episcopis
2407 1008 2520 1062 ﬁeri
2555 1010 2972 1080 depositionem,
3034 1031 3239 1080 annon,
3265 1027 3319 1072 et
3341 1021 3439 1072 ad-

1856 1110 2049 1150 versus
2078 1096 2356 1152 absentem
2402 1100 2544 1166 licet,
2575 1104 2802 1158 annon?
2845 1105 2924 1160 Ad
2957 1117 3280 1176 praesentem
3307 1109 3434 1179 qui—

1853 1185 1974 1239 dem
2011 1202 2230 1241 causam
2276 1189 2412 1243 nihil
2449 1201 2532 1246 est
2568 1195 2893 1264 praejudicii.
2922 1197 3124 1252 Vereor
3153 1210 3335 1254 autem
3368 1217 3436 1256 ne

1860 1290 1925 1330 ex
1948 1276 2035 1330 his
2064 1279 2200 1333 actis
2238 1280 2406 1350 aliqui
2433 1292 2703 1350 potestate
2732 1299 2954 1358 accepta
2990 1290 3117 1344 talia
3149 1291 3381 1346 audeant
3418 1311 3434 1348 :

1850 1369 2012 1422 velim
2036 1385 2165 1438 ergo
2187 1387 2285 1426 vos
2309 1375 2662 1443 respondere.

1924 1458 2212 1516 Nectarius
2237 1465 2533 1536 episcopus
2567 1469 3217 1542 Constantinopolitanus
3244 1475 3382 1530 dixit
3419 1494 3433 1530 :

1851 1550 2220 1609 Laudabiliter
2266 1558 2450 1613 intulit
2480 1560 2931 1630 religiosissimus
2975 1565 3266 1636 episcopus
3297 1567 3436 1621 Ara-

1851 1644 2070 1700 bianus.
2100 1646 2204 1701 Sed
2236 1664 2362 1702 cum
2394 1667 2502 1705 non
2554 1655 2731 1721 possit
2765 1655 3032 1724 judicium
3065 1673 3343 1724 recusare,
3383 1659 3434 1713 id

167 1730 222 1782 τὸ
247 1732 512 1801 παρελθὸν
550 1734 626 1805 μὴ
667 1735 1114 1806 κατακρίναντες,
1161 1737 1222 1790 τὸ
1261 1737 1391 1808 ἑξῆς
1427 1740 1729 1809 ἀσφαλισώ-

1851 1737 1988 1807 quod
2041 1747 2125 1792 est
2154 1742 2494 1808 praeteritum
2540 1760 2650 1797 non
2696 1746 3148 1813 condemnantes,
3180 1751 3322 1817 quod
3352 1739 3438 1806 est

168 1818 318 1890 μεθα.

238 1909 559 1981 Ἀραϐιανὺς
577 1913 876 1978 ἐπίσκοπος
900 1916 1176 1990 Ἀγκύρας
1200 1915 1342 1974 εἷπε·
1373 1920 1446 1974 Τὸ
1473 1921 1740 1993 παρελθὸν

165 1999 324 2068 ἡτῶν
354 2005 650 2076 μακαρίων
695 2009 958 2081 Πατέρων
1009 2012 1121 2065 τῶν
1163 2013 1221 2065 ἐν
1267 2013 1472 2084 Νικαίᾳ
1525 2014 1742 2078 σύνοδος

163 2098 487 2164 κατακρινεῖ,
535 2099 572 2167 ἡ
625 2099 922 2155 κελεύουσα
967 2103 1044 2175 μὴ
1085 2104 1343 2170 ἐλάττους
1385 2103 1524 2160 εἶναι
1572 2107 1739 2178 τριῶν

162 2185 276 2248 τοὺς
305 2189 770 2258 χειροτονοῦντας,
815 2193 890 2266 μὴ
918 2195 976 2248 δέ
1022 2197 1257 2261 ἀπόντος
1299 2199 1696 2269 μητροπολίτου
1721 2218 1734 2231 ο

161 2278 243 2331 τοῦ
269 2279 646 2364 δέ-μὲλλοντος
674 2283 862 2340 ἕνεκεν
895 2287 1147 2354 δεδοικὼς
1175 2292 1307 2360 ἐγὼ,
1334 2291 1433 2362 τὴν
1465 2290 1733 2364 ἐρώτησιν

161 2362 490 2444 ἐποιησάμην
511 2391 527 2407 ο
576 2375 712 2441 ἀξιῶ
741 2375 835 2432 οὖν
868 2380 1013 2451 ὑμᾶς
1043 2381 1234 2452 σαφῶς
1261 2362 1603 2455 διαλαλῆσαι,
1638 2387 1734 2441 καὶ

164 2457 288 2527 μήτε
317 2461 645 2532 ἡρτημένως
679 2468 816 2537 μήτε
845 2470 1185 2538 ἀμφιϐόλως,
1236 2472 1378 2527 ὥστε
1417 2475 1493 2547 μὴ
1537 2477 1736 2544 ἐξεῖναι

161 2548 255 2601 ὑπὸ
285 2549 374 2604 δύο
403 2553 713 2624 ἀνθρώπων
743 2560 880 2628 μήτε
911 2565 1336 2631 χειροτονεῖσθαι
1369 2569 1505 2638 μήτε
1536 2568 1734 2624 καθαι-

161 2640 353 2709 ρεῖσθαι
377 2645 678 2702 ἐπίσκοπον
705 2651 1016 2718 ἀκολούθως
1041 2658 1106 2726 τῇ
1138 2658 1195 2708 ἐν
1224 2658 1430 2730 Νικαίᾳ
1457 2661 1681 2732 συνόδῳ.

697 2743 806 2796 Καὶ
839 2746 969 2813 μεθ’
1009 2746 1200 2816 ἔτερα.

220 2825 468 2898 Θεόφιλος
529 2833 942 2905 Ἀλεξανδρείας
986 2835 1174 2893 εἶπεν
1245 2844 1367 2898 Ἐπὶ
1411 2846 1520 2900 τῶν
1565 2849 1736 2903 ἀπελ-

159 2913 360 3010 θόντων,
403 2924 465 2976 οὑ
509 2925 737 2980 δυνατὸν
775 2928 958 3000 ψῆφον
995 2933 1250 3004 ἐκφέρειν
1281 2937 1730 3010 ἀγανακτήσεως,

158 3005 436 3084 ἐπειδήπερ
469 3015 550 3086 μὴ
586 3017 852 3088 παρόντες
881 3023 1319 3096 κατεκρίθησαν·
1352 3029 1400 3082 εί
1431 3031 1530 3100 μέν
1555 3005 1642 3086 τοί
1667 3005 1730 3102 γε

158 3102 273 3170 περὶ
297 3103 400 3157 τῶν
435 3107 746 3174 μελλόντων
777 3110 1101 3184 διασκοποίη
1129 3116 1237 3181 τίς,
1265 3118 1375 3172 τῶν
1403 3121 1730 3190 ὀφειλόντων

158 3195 404 3263 καθελεῖν,
455 3197 710 3268 φαίνεταί
765 3218 856 3273 μοι
915 3205 989 3272 μὴ
1055 3209 1216 3276 μόνον
1269 3215 1419 3281 τρεῖς
1474 3219 1728 3285 παρεῖναι

158 3290 454 3358 προσήκειν,
490 3291 634 3346 ἀλλά
663 3294 759 3347 καὶ
805 3297 856 3348 εἰ
901 3297 1127 3352 δυνατὸν
1159 3303 1286 3366 τοὺς
1326 3306 1534 3370 πάντας
1561 3310 1729 3382 ἐπαρ-

155 3375 363 3445 χεώτας,
401 3382 488 3438 ἵνα
519 3387 589 3455 τῇ
625 3385 732 3439 τῶν
778 3387 987 3442 πολλῶν
1020 3393 1224 3463 ψήφῳ,
1275 3396 1647 3472 ἀκριϐεστέρα
1670 3375 1725 3474 ’ἡ

157 3471 462 3542 κατάκρισις
492 3475 590 3529 τοῦ
641 3477 795 3543 ἀξίου
842 3481 943 3552 τῆς
981 3483 1352 3558 καθαιρέσεως
1392 3490 1724 3564 δεικνυήται,

155 3561 402 3630 παρόντος
433 3568 536 3621 καὶ
569 3571 913 3640 κρινομένου.

215 3653 516 3729 Νεκτάριος
564 3662 859 3728 ἐπίσκοπος
904 3666 1531 3738 Κωνσταντινουπόλεως
1577 3672 1723 3733 εἶπε·

155 3741 396 3840 ῌομίμων
424 3753 770 3823 είσηγήσεων
797 3757 888 3810 καὶ
915 3757 1201 3829 δογμάτων
1232 3772 1725 3840 πρυτανευομένων

157 3837 447 3910 ἀκόλουθον,
479 3845 547 3897 οὐ
575 3845 662 3898 διὰ
689 3848 998 3918 προσώπων
1027 3854 1180 3919 τινας
1205 3857 1384 3922 αἰτίας
1408 3860 1476 3913 τὰ
1502 3864 1725 3921 τοιαῦτα

154 3927 558 4002 δογματίζεσθαι
577 3955 591 3970 ο
623 3942 911 4012 τοιγαροῦν
934 3945 1186 4017 καθάπερ
1215 3952 1243 4002 ὁ
1273 3951 1574 4020 ἀγιώτατος
1603 3957 1722 4010 ἐπί-

157 4037 333 4116 σκοπος
369 4028 697 4100 Ἀραὸιανὺς
729 4035 1080 4105 εἰσηγήσατο,
1105 4039 1173 4093 τὰ
1206 4041 1466 4111 μέλλοντα
1492 4047 1722 4116 ἀσφαλί-

157 4115 332 4169 σασθαι
385 4119 735 4190 βουλόμενος,
786 4127 1079 4194 ἀκόλουθος
1130 4133 1226 4186 καὶ
1267 4134 1715 4212 φιλάνθρωποςή

155 4205 236 4257 τοῦ
279 4209 583 4277 ἀγιωτάτου
623 4215 926 4270 ἐπισκόπου
975 4221 1236 4293 Θεοφίλου
1267 4225 1446 4297 ψῆφος
1470 4205 1718 4302 ’διορισαλ

159 4295 301 4393 μένη,
339 4301 408 4372 μὴ
451 4304 654 4374 χρῆναι
703 4309 838 4378 πρὸς
871 4312 931 4362 τὸ
972 4313 1096 4381 ἑξῆς
1139 4317 1212 4387 μὴ
1252 4295 1488 4390 δὲπαρά
1529 4295 1715 4393 τριῶν,

159 4387 224 4455 μή
252 4393 328 4443 τοί
359 4409 421 4461 γε
458 4395 613 4465 παρά
649 4397 762 4462 δύο,
809 4399 900 4453 τὸν
946 4403 1244 4459 ὑπεύθυνον
1291 4409 1718 4484 δοκιμαζόμενον
1751 4445 1797 4502 D

159 4481 279 4502 .--οη
370 4489 390 4502 ς
429 4489 453 4502 λ
605 4491 677 4502 ιιι
704 4492 715 4502 ι
803 4495 813 4502 .
926 4496 941 4502 -
998 4497 1008 4502 -
1278 4501 1283 4502 ,

157 4481 518 4576 καθαιρεῖσθαι
539 4505 553 4518 ·
593 4491 728 4544 ἀλλά
753 4495 862 4563 γὰρ
887 4496 1130 4562 πλείονος
1160 4501 1380 4556 συνόδου
1411 4481 1594 4576 ψήφω,
1625 4509 1719 4561 καὶ

155 4571 252 4625 τῶν
277 4577 371 4647 τῆς
393 4582 688 4652 ἐπαρχίας,
717 4586 899 4651 καθὼς
925 4590 1019 4643 καὶ
1049 4592 1098 4644 οί
1123 4593 1472 4650 ἀποστολικοὶ
1494 4599 1718 4665 κανόνες

153 4660 473 4736 διωρίσαντο.

213 4758 498 4827 Φλαῧιανὸς
545 4767 843 4834 ἐπίσκοπος
913 4773 1246 4854 Ἀντιοχείας
1301 4772 1477 4834 εἶπεν·
1538 4782 1716 4854 "Amp

155 4850 423 4908 κατέθεντο
448 4859 497 4910 oi
532 4859 661 4930 περὶ
689 4861 781 4914 τὸν
809 4863 1113 4932 ἁγιώτατον
1141 4871 1236 4922 καὶ
1265 4870 1564 4926 ὁσιώτατον
1593 4875 1715 4928 ἐπί-

158 4952 338 4995 σκοπον
367 4945 692 5020 Νεκτάριον,
724 4953 817 5005 καὶ
840 4954 929 5008 τὸν
961 4956 1270 5024 ἁγιώτατον
1296 4963 1389 5014 καὶ
1419 4964 1714 5018 ὁσιώτατον

157 5025 428 5090 ἐπίσκοπον
460 5039 719 5110 Θεόφιλον
753 5044 920 5116 δῆλα,
966 5048 1059 5101 καὶ
1095 5049 1397 5123 στέργομεν
1429 5057 1630 5120 πάντες
1665 5059 1715 5110 οἱ

157 5117 602 5192 ἐκκλησιαστικοί.

220 5214 458 5275 ΚΕΦΑΛ.
495 5224 591 5278 IA'.
631 5256 703 5265 —
745 5228 846 5282 Ἐκ
877 5231 1064 5284 ποίων
1095 5233 1301 5288 αἰτιῶν
1334 5238 1716 5305 καθαψεῖτακ

169 5300 523 5396 Ruf-orgia»?
554 5320 756 5396 κανὼν
783 5319 850 5396 γξ,
884 5329 947 5389 ε’,
983 5331 1056 5391 ς’,
1103 5324 1169 5389 ζ’,
1204 5334 1292 5391 ια’,
1337 5327 1440 5396 κγ’⁹
1480 5331 1575 5390 κε’,
1610 5331 1714 5394 κζ’,

219 5378 313 5443 κενν
363 5381 427 5447 λ’,
480 5386 580 5453 λα’.
613 5388 706 5454 λε’,
761 5378 868 5461 iis.
917 5378 1175 5465 ελδῖϋμὲνέ
1210 5378 1712 5468 μένέιὶξνξξιὸὰῑίξ

221 5448 314 5532 ξεῖν
342 5452 438 5532 ιβ’,
469 5463 567 5532 νγ,
595 5466 689 5525 νε’›
722 5461 819 5532 νβ’,
850 5464 912 5529 ξ’.
944 5463 1041 5532 ιβ’,
1084 5469 1184 5532 er.
1218 5467 1310 5532 ξδ’.
1342 5467 1434 5532 ξεί,
1471 5470 1577 5532 ae.
1613 5471 1711 5532 er.

221 5448 314 5545 ἔὲἷν
338 5448 576 5545 Χβὶῖγέ
595 5448 702 5545 V8}?
722 5448 819 5545 νρἰέ
850 5448 1041 5534 ξ’ν’ξβ⁵,
1073 5448 1184 5536 ’ξγοζ
1213 5448 1440 5534 ξᾶίξὲίῖ
1466 5448 1580 5537 ἓξὲξ
1610 5448 1711 5543 te:

221 5515 310 5583 ἔθ’,
336 5515 396 5585 οῖ,
425 5515 536 5586 παῖ.
556 5515 689 5595 ’πγ’,’
705 5515 811 5583 πδθλ

220 5617 285 5706 γ’ἶ
316 5613 381 5666 Et
404 5633 484 5679 τις
514 5619 810 5687 ἐπίσκοπος
837 5625 870 5696 ἢ
907 5628 1280 5698 πρεσϐύτερος
1309 5633 1460 5704 παρὰ
1488 5634 1586 5706 τὴν
1622 5635 1714 5688 τοῦ

157 5699 345 5780 Κυρίου
369 5706 623 5778 διάταξιν,
650 5733 703 5769 κ.
735 5733 786 5771 τ.
818 5717 866 5774 λ.

1844 1831 2102 1901 deinceps
2131 1832 2398 1899 futurum,
2433 1835 2797 1893 stabiliamus.

1915 1921 2227 1977 Arabianus
2265 1922 2496 1996 Ancyrae
2537 1927 2827 1995 episcopus
2850 1927 3030 1983 dixit:
3062 1927 3119 1984 Id
3156 1930 3302 2001 quod
3353 1940 3437 1988 est

1843 2015 2215 2082 prmteritum,
2266 2017 2585 2082 beatorum,
2639 2019 2733 2087 qui
2781 2017 2978 2074 Nicaeae
3019 2032 3430 2090 convenerunt,

1842 2106 2068 2162 damnat
2109 2106 2596 2176 synodus,jubens
2629 2124 2738 2162 non
2768 2123 2890 2165 esse
2921 2111 3208 2178 pauciores
3247 2113 3426 2170 tribus

1840 2201 1933 2271 qui
1979 2200 2253 2266 ordinent,
2290 2215 2392 2256 nec
2429 2202 2653 2257 absente
2691 2204 3110 2272 metropolitano
3153 2222 3167 2257 :
3212 2205 3306 2260 sed
3364 2207 3434 2262 de

1840 2294 2022 2350 futuro
2067 2309 2168 2365 ego
2222 2304 2475 2351 metuens
2531 2296 2632 2350 feci
2686 2297 3198 2368 interrogationem.
3244 2297 3429 2354 Velim

1838 2402 1968 2457 ergo
1995 2402 2091 2442 vos
2127 2397 2310 2456 aperte
2340 2387 2573 2452 edicere,
2605 2399 2658 2442 et
2693 2404 2791 2443 nec
2813 2389 2978 2460 269
3011 2405 3299 2459 suspense,
3327 2405 3428 2446 nec

1839 2477 2024 2542 dubie,
2064 2487 2122 2533 ut
2162 2495 2191 2532 a
2224 2481 2444 2534 duobus
2503 2479 2849 2545 hominibus,
2890 2495 2991 2534 nec
3032 2481 3298 2548 ordinari,
3331 2496 3431 2537 nec

1837 2569 2037 2640 deponi
2063 2572 2382 2642 episc0pum
2414 2573 2593 2633 liceat,
2614 2571 2846 2627 Nicazme
2868 2573 3078 2644 synodo
3101 2574 3433 2630 convenien-

1841 2669 1941 2715 ter.

2442 2751 2513 2807 Et
2539 2763 2655 2820 post
2693 2755 2823 2810 alia.

1903 2839 2236 2911 Theophilus
2287 2841 2578 2912 episcopus
2624 2843 2970 2898 Alexandriae
3005 2842 3144 2899 dixit
3179 2842 3430 2899 :Adver-

1838 2947 1933 2988 sus
1955 2947 2049 2987 eos
2078 2933 2168 3003 qui
2191 2944 2571 3000 excesserunt,
2597 2935 2713 2990 ﬁeri
2743 2951 2852 2990 non
2877 2945 3058 3006 potest
3087 2945 3148 2992 ut
3176 2937 3426 3009 indigna-

1838 3024 2005 3080 tionis
2052 3026 2325 3080 sententia
2368 3026 2607 3092 feratur,
2644 3030 2910 3098 quoniam
2959 3037 3261 3101 praesentes
3313 3045 3424 3085 non

1839 3112 1991 3170 fuere
2038 3117 2408 3174 condemnati.
2451 3119 2556 3175 Sed
2604 3121 2650 3176 si
2686 3123 2810 3191 quis
2850 3123 2918 3178 de
2962 3124 3028 3178 iis
3053 3123 3150 3193 qui
3181 3125 3232 3178 in
3269 3122 3423 3179 futu—

1838 3223 1958 3262 rum
2024 3209 2224 3264 debent
2268 3211 2521 3281 deponi,
2585 3215 2931 3280 consideret,
2998 3217 3134 3271 mihi
3208 3218 3419 3274 videtur

1838 3317 1946 3356 non
1971 3303 2150 3358 solum
2186 3311 2298 3360 tres
2322 3305 2523 3361 debere
2557 3309 2838 3374 accedere,
2866 3309 2960 3364 sed
2997 3311 3042 3365 si
3078 3310 3195 3366 fieri
3222 3311 3419 3382 possit,

1835 3409 2028 3451 omnes
2057 3398 2446 3467 provinciales,
2476 3407 2536 3453 ut
2561 3401 2859 3456 multorum
2891 3403 3163 3458 sententia
3187 3419 3420 3459 accura—

1836 3487 1944 3541 tior
1983 3487 2364 3545 condemnatio
2399 3492 2658 3548 reddatur
2699 3495 2820 3564 ejus
2854 3496 2948 3565 qui
2981 3495 3180 3568 dignus
3209 3506 3293 3552 est
3323 3497 3421 3553 de-

1833 3578 1985 3648 poni,
2006 3579 2290 3646 praesentis
2313 3588 2368 3634 et
2385 3579 2637 3648 judicati.

1909 3664 2200 3724 Nectarius
2245 3670 2534 3739 episcopus
2568 3671 3206 3745 Constantinopolitanus
3236 3676 3415 3737 dixit:

1831 3759 1969 3814 Cum
1990 3760 2063 3816 de
2092 3761 2352 3832 legitimis
2392 3763 2660 3822 institutis
2705 3776 2759 3822 et
2791 3768 3023 3823 decretis
3046 3771 3249 3840 agitur,
3280 3787 3416 3826 con-

1831 3867 2067 3921 sequens
2115 3864 2197 3908 est
2251 3870 2361 3910 non
2390 3866 2607 3926 propter
2658 3875 3020 3928 personarum
3068 3877 3264 3916 causas
3317 3863 3416 3918 ali-

1830 3960 1968 4015 quas
1994 3947 2121 4001 talia
2145 3947 2388 4005 decerni.
2419 3947 2810 4018 Quamobrem,
2842 3953 2983 4007 sicut
3004 3955 3414 4010 sanctissimum

1827 4040 2122 4110 episcopus
2154 4039 2470 4096 Arabianus
2497 4042 2706 4106 intulit,
2729 4043 2916 4098 volens
2942 4043 3120 4100 futura
3149 4046 3414 4112 stabilire,

1826 4141 2230 4200 consequenter
2256 4141 2309 4186 et
2341 4132 2580 4188 humane
2609 4133 2942 4188 sanctissimi
2965 4133 3205 4206 episcopi
3240 4134 3416 4192 Theo-

1826 4219 1961 4290 phili
1993 4223 2261 4275 sententia
2288 4222 2549 4290 decrevit,
2575 4239 2684 4278 non
2714 4225 2882 4280 licere
2905 4226 3286 4297 imposterum,
3312 4244 3416 4286 nec

1827 4328 1857 4368 a
1889 4314 2065 4368 tribus
2096 4314 2343 4384 quidem,
2399 4317 2600 4371 nedum
2637 4333 2667 4372 a
2711 4319 2949 4383 duobus,
2984 4336 3108 4375 eum
3151 4325 3244 4392 qui
3282 4339 3414 4380 reus

1825 4406 2190 4473 exatninatur,
2225 4407 2420 4476 deponi
2451 4427 2462 4461 :
2492 4409 2584 4463 sed
2621 4411 2850 4480 majoris
2883 4413 3076 4483 synodi
3111 4422 3166 4468 et
3190 4415 3413 4484 provin-

1822 4499 1920 4552 ciae
1949 4500 2331 4568 episcoporum
2358 4501 2654 4567 sententia,
2673 4502 2816 4558 sicut
2841 4504 3128 4573 apostolici
3151 4505 3414 4561 deﬁniere

1820 4606 2080 4646 canones.

1888 4774 2184 4831 Flavianus
2209 4779 2504 4850 episcopus
2521 4781 2833 4838 Antiochia:
2868 4785 3007 4840 dixit
3034 4785 3202 4853 :Quze
3231 4801 3404 4855 expo-

1821 4879 2050 4924 suerunt
2089 4873 2478 4927 sanctissimus
2535 4875 2830 4945 episcopus
2869 4877 3157 4934 Nectarius
3196 4889 3249 4932 et
3285 4893 3406 4933 san-

1821 4961 2102 5016 ctissimus
2152 4962 2492 5032 Theophilus
2544 4967 2836 5037 episcopus
2863 5009 2878 5035 ,
2923 4981 3112 5040 aperta
3154 4980 3302 5025 sunt.
3336 4968 3404 5023 Et

1821 5068 2012 5108 omnes
2039 5055 2401 5112 ecclesiastici
2438 5058 2528 5113 hic
2563 5061 2995 5130 acquiescimus.

1889 5247 2054 5315 270
2075 5245 2231 5299 CAI’.
2270 5245 2410 5302 XIV.
2443 5244 2655 5312 -—Quot
2691 5247 2752 5300 ob
2779 5263 2966 5300 causas
2987 5247 3083 5316 ﬁat
3119 5245 3397 5316 depositio.

1820 5335 2192 5423 Aposwlora-"i
2231 5352 2478 5423 “9'30"5’3’
2617 5335 2752 5423 5135’
2785 5335 2851 5423 ,ἶν
2889 5336 2977 5423 ¹Ῑι
3010 5335 3103 5423 Ξῗιι
3153 5335 3254 5423 εὲξν
3306 5337 3399 5423 ῗῗν

1889 5407 1979 5469 29,
2012 5407 2100 5468 50,
2133 5407 2222 5471 51,
2261 5407 2351 5472 55,
2385 5408 2476 5469 42,
2516 5407 2606 5469 44,
2651 5408 2741 5463 45.
2773 5406 2860 5468 46,
2912 5408 3002 5470 47,
3034 5408 3124 5468 49,
3169 5407 3262 5466 50.
3307 5408 3396 5474 5i,

1890 5477 1981 5600 ἓξ,
2001 5477 2088 5600 Ξέἷέ,
2241 5477 2330 5542 59,
2373 5479 2462 5541 60,
2495 5477 2581 5542 6'2,
2619 5478 2709 5543 63,
2739 5477 2831 5542 64,
2856 5477 2944 5544 65,
2973 5476 3062 5543 66,
3093 5476 3180 5542 68,
3208 5477 3396 5542 69,70,

2167 5548 2219 5601 4.

1890 5547 1980 5692 ἓξ,
2004 5547 2233 5707 ἓξήῗιίε
2277 5639 2588 5707 episcopus,
2627 5639 2710 5692 vel
2760 5640 3042 5709 presbyter
3072 5650 3266 5710 praeter
3291 5639 3398 5694 Do—

1821 5729 1956 5782 mini
1981 5729 2048 5784 de
2083 5728 2353 5785 sacriﬁcio
2391 5730 2818 5798 ordinationem,
2869 5743 3000 5802 etc.,
3027 5742 3085 5788 ut
3113 5748 3236 5802 pag.
3267 5731 3388 5788 595.
