3912 6244
346 322 453 387 743

1512 312 1777 372 PHOTII
1811 310 2317 371 PATRIARCELE
2347 310 2456 369 (ΖΡ.

3498 295 3604 359 7M

421 437 473 491 5.
532 433 854 504 Episcopus,
887 432 986 499 [vel
1020 431 1325 502 presbyter,
1372 429 1455 483 vel
1492 429 1758 483 diaconus
1789 442 1929 480 uxo-

2103 425 2165 477 ε’.
2207 424 2558 488 Ἐπίσκοπος,
2612 419 2643 488 ἦ
2690 415 3079 488 πρεσϐύτερος,
3128 414 3159 483 ἦ
3204 411 3448 474 διάκονος
3498 412 3599 478 τὴν

350 543 465 583 rem
492 541 643 581 suam
680 542 747 581 ne
780 525 991 595 rejiciat
1045 523 1332 592 religionis
1362 531 1632 592 prmtcxtu
1665 537 1679 573 :
1716 521 1798 573 sin
1832 534 1931 571 au-

352 632 462 673 tem
496 617 737 686 ejecerit,
779 626 1127 687 segregetur;
1170 624 1224 670 et
1253 615 1300 669 si
1330 623 1655 685 perseveret,
1687 612 1929 681 depona-

356 721 444 765 tur
471 710 567 779 (5).

429 800 482 855 6.
507 798 915 869 Episcopns,vel
940 796 1241 867 presbyter,
1259 796 1342 851 vel
1362 795 1625 849 diaconus
1643 794 1932 850 saeculares

352 907 513 949 curas
549 906 655 945 non
691 889 962 959 suscipiat
995 907 1007 942 :
1041 890 1247 959 alioqui
1271 891 1594 959 deponatur.

424 1070 473 1124 7.
515 1069 569 1123 Si
592 1072 713 1138 quis
741 1071 1054 1138 episcopus,
1086 1068 1166 1121 vel
1204 1068 1508 1138 presbyter,
1541 1068 1623 1121 vel
1644 1067 1926 1129 diaconus,

350 1175 566 1214 sacrum
587 1158 809 1214 Pascha:
836 1160 977 1213 diem
997 1168 1121 1213 ante
1134 1174 1362 1212 vernum
1397 1158 1778 1228 aequinoctium
1804 1173 1927 1213 cum

348 1250 551 1306 Judzeis
587 1251 960 1316 celebraverit,
1000 1251 1322 1318 deponatur.

423 1345 509 1398 H.
564 1342 621 1398 Si
668 1344 810 1414 quis,
849 1360 973 1398 cum
1026 1345 1097 1397 sit
1128 1343 1380 1408 clericus,
1430 1358 1539 1396 una
1588 1358 1711 1395 cum
1747 1356 1813 1395 eo
1836 1340 1930 1410 qui

349 1444 433 1490 est
461 1435 763 1503 depositus,
796 1435 1055 1498 oraverit,
1088 1436 1396 1503 deponatur
1424 1444 1477 1486 et
1512 1432 1646 1502 ipse.

417 1528 489 1581 25
517 1526 651 1598 [22].
687 1526 745 1579 Si
784 1527 905 1595 quis
934 1542 1058 1581 cum
1091 1526 1162 1581 sit
1191 1527 1424 1580 clericus
1447 1526 1513 1591 ³⁸,
1549 1526 1787 1594 seipsum
1814 1540 1931 1578 mu-

353 1618 610 1681 tilaverit,
653 1618 957 1687 deponatur
994 1633 1008 1670 :
1041 1626 1125 1671 est
1150 1618 1293 1670 enim
1337 1617 1422 1670 sui
1457 1616 1750 1670 homicida.

419 1709 489 1762 25
522 1708 657 1779 [24].
703 1708 1027 1777 Episcopus,
1063 1708 1146 1761 vel
1175 1708 1476 1777 presbyter,
1527 1707 1605 1761 vel
1643 1707 1926 1770 diaconus,

353 1798 745 1862 fornicationis,
795 1798 877 1852 vel
921 1796 1166 1867 perjurii,
1214 1796 1299 1850 vel
1328 1796 1461 1850 furti
1495 1796 1800 1860 convictus,
1832 1796 1926 1849 de-
1962 1790 2003 1847 Β

353 1901 604 1958 ponatur,
639 1899 692 1943 et
729 1904 837 1943 non
874 1898 1206 1960 segregetur.
1241 1888 1378 1943 Dicit
1420 1890 1565 1944 enim
1598 1886 1876 1957 Scriptura
1911 1905 1925 1940 :

356 1979 476 2034 Non
524 1982 811 2035 vindicabis
846 1982 924 2035 bis
968 1983 1022 2035 in
1057 1982 1286 2050 idipsum
1314 1982 1381 2034 ⁸⁷.
1425 1980 1684 2036 Similiter
1735 1981 1929 2050 reliqui

351 2087 569 2141 quoque
608 2072 814 2127 clerici.
1566 2074 1573 2081 ’

411 2164 479 2215 27
518 2162 631 2237 [26]
664 2164 1014 2235 Episcopum,
1043 2166 1127 2220 vel
1150 2164 1567 2235 ,presbyterum,
1613 2164 1699 2218 vel
1745 2163 1929 2218 diaco-

353 2270 506 2318 num,
561 2256 656 2325 qui
694 2257 947 2311 verberat
997 2271 1092 2313 eos
1122 2258 1215 2327 qui
1253 2266 1500 2326 peccant,
1548 2254 1931 2310 vel-inﬁdeles

351 2348 444 2416 qui
475 2346 727 2415 injuriam
752 2347 1015 2415 fecerunt,
1038 2357 1091 2403 ct
1117 2365 1211 2417 per
1225 2349 1339 2403 haec
1357 2348 1470 2401 vult
1485 2347 1926 2417 perterrel‘acere,

352 2439 550 2508 deponi
594 2440 868 2508 jnbcmus.
920 2440 1186 2495 Dominus
1241 2443 1386 2495 enim
1427 2456 1529 2496 nos
1586 2454 1930 2509 nequaquam

352 2531 456 2586 boc
487 2532 672 2586 docuit
695 2551 709 2595 ς
736 2540 927 2587 contra
956 2541 1137 2589 autem
1191 2535 1307 2604 ipse
1353 2534 1667 2589 verberatus
1708 2548 1811 2587 non
1845 2548 1931 2587 re—

353 2624 665 2691 percussit;
718 2627 1019 2682 maledictis
1068 2627 1357 2697 appetitus,
1398 2626 1685 2681 maledicta
1714 2642 1822 2679 non
1849 2641 1933 2680 re-

354 2717 513 2781 tulit;
542 2719 774 2785 patiens,
804 2736 910 2774 non
943 2721 1179 2776 minatus
1214 2732 1316 2776 est.

354 2897 512 2966 271
558 2908 614 2951 ιιι
641 2916 835 2969 supra,
870 2918 993 2971 pag.
1023 2902 1147 2957 515.

424 2990 512 3044 50.
540 2990 676 3063 [29].
707 2991 763 3046 Si
790 3009 913 3063 quns
928 2995 1216 3063 episcopus
1230 2994 1582 3051 saecularibus
1598 2991 1933 3064 principibus

355 3096 508 3148 usus,
543 3092 674 3149 etc.,
700 3097 753 3137 ut
775 3102 936 3155 supra
966 3102 1090 3156 pag.
1136 3087 1263 3143 5H.

423 3174 485 3228 51
533 3173 674 3247 [50].
732 3176 788 3230 Si
843 3179 966 3246 quis
998 3179 1301 3249 presbyter,
1350 3188 1661 3248 contempto
1714 3179 1935 3249 pr0prio

354 3266 632 3337 episc0po,
663 3268 896 3324 seorsim
944 3273 1416 3341 congregationem
1472 3270 1678 3336 fecerit,
1718 3282 1847 3334 etc.,
1880 3279 1935 3323 ut

355 3376 474 3428 pag.
506 3358 629 3414 583.

427 3452 514 3505 '55.
562 3451 699 3524 [54].
733 3443 1151 3524 Episcdpusne
1197 3456 1393 3511 audeat
1433 3464 1584 3510 extra
1622 3470 1753 3510 suos
1798 3453 1935 3509 ﬁnes

356 3543 537 3601 facere
564 3547 939 3603 ordinationes
971 3550 1023 3602 in
1057 3549 1283 3605 urbibus
1323 3559 1375 3604 et
1418 3551 1571 3619 pagis
1596 3564 1701 3603 non
1730 3549 1778 3603 ei
1808 3550 1939 3604 sub-

351 3636 534 3707 jectis.
571 3638 664 3691 Sin
688 3648 869 3693 autem
895 3639 1000 3695 hoc
1032 3640 1225 3695 fecisse
1256 3641 1537 3695 convictus
1568 3639 1751 3705 fuerit,
1797 3656 1934 3710 prm-

357 3739 437 3783 ter
476 3746 666 3784 eorum
714 3731 1034 3785 sententiam
1086 3734 1178 3801 qui
1225 3742 1411 3787 tenent
1466 3747 1635 3802 pagos
1686 3733 1809 3788 illos
1852 3734 1935 3787 vel

359 3821 654 3891 civitatem,
695 3822 999 3893 deponatur
1028 3833 1082 3880 et
1114 3825 1253 3896 ipse,
1303 3835 1357 3880 et
1389 3825 1425 3878 ii
1474 3841 1612 3895 quos
1642 3826 1934 3880 ordinavit.

428 4010 498 4063 42
516 4008 651 4084 [ii].
686 4010 985 4079 Episcopus
1016 4009 1081 4077 ³⁸,
1116 4011 1196 4066 vel
1219 4013 1519 4083 presbyter,
1544 4012 1628 4066 vel
1649 4011 1935 4077 diaconus,

356 4101 486 4156 aleis
524 4109 578 4156 et
620 4101 977 4157 ebrietatibus
1024 4116 1244 4169 vacans,
1292 4104 1377 4157 vel
1409 4112 1604 4169 cesset,
1657 4103 1740 4157 vel
1774 4103 1938 4172 depo-

359 4203 540 4249 natur.

426 4312 496 4366 44
526 4309 662 4383 [45],
689 4310 1061 4381 Episcopus”,
1089 4310 1169 4363 vel
1203 4309 1505 4381 presbyter,
1531 4309 1614 4363 vel
1640 4309 1926 4373 diaconus,

357 4406 619 4475 pecunias
653 4413 841 4459 mutuo
864 4404 1016 4460 datas
1044 4418 1167 4459 cum
1193 4404 1380 4458 fenore
1414 4403 1660 4472 exigens,
1711 4402 1794 4455 vel
1814 4416 1935 4456 ces-

359 4507 466 4562 set,
498 4498 583 4551 vel
614 4497 938 4565 deponatur.

428 4589 500 4642 45
530 4586 642 4660 [4-4]
681 4588 1002 4658 Episcopus,
1045 4588 1130 4643 vel
1182 4588 1481 4659 presbyter,
1523 4587 1606 4642 vel
1648 4587 1934 4654 diaconus,

356 4680 586 4750 quicum
617 4680 883 4735 haereticis
908 4680 991 4736 vel
1022 4680 1196 4735 solum
1229 4690 1615 4748 comprecatus
1655 4688 1758 4744 est,
1802 4689 1933 4745 etc.,

357 4776 415 4821 ut
448 4786 629 4839 supra,
652 4787 773 4842 pag.
815 4772 938 4825 610.

427 4861 496 4915 46
530 4860 669 4934 [45].
694 4862 1043 4933 Episcopum,
1075 4863 1154 4917 vel
1181 4862 1581 4933 presbyterum,
1625 4860 1714 4930 qui
1758 4861 1937 4915 luere-

356 4956 589 5010 ticorum
614 4958 967 5028 baptismum,
1003 4958 1087 5011 vel
1112 4956 1466 5021 sacrilicium,
1496 4966 1627 5021 etc.,
1654 4962 1709 5007 ut
1741 4970 1927 5024 supra,

355 5064 477 5119 pag.
515 5051 637 5105 610.

428 5142 494 5195 47
526 5141 661 5213 [46].
694 5141 1012 5212 Episcopus,
1065 5142 1148 5197 vel
1198 5142 1501 5212 presbyter.
1532 5156 1655 5194 cum
1679 5139 1772 5209 qui
1804 5152 1931 5193 vere

356 5235 517 5288 habet
547 5234 875 5304 baptismum
906 5244 1037 5301 etc.,
1072 5242 1129 5287 ut
1162 5249 1323 5302 supra
1352 5250 1471 5303 pag.
1501 5231 1625 5287 622.

427 5325 494 5379 49
528 5324 608 5397 [4]
667 5325 724 5380 Si
786 5327 911 5395 quis
940 5327 1229 5395 cpiscopus
1272 5325 1554 5394 presbyter
1594 5340 1659 5379 ex
1715 5320 1930 5377 Domini

354 5419 719 5485 ordinatione,
747 5428 878 5486 etc.,
906 5429 964 5473 ut
988 5435 1169 5487 supra,
1192 5435 1315 5487 pag.
1351 5417 1479 5470 442.

2034 517 2231 570 ἑαυτοῦ
2268 518 2499 584 γυναῖκα
2530 513 2606 581 μὴ
2633 510 2939 563 ὲκϐαλλέτω
2973 507 3243 577 προφάσει
3289 502 3600 565 εὐλαϐείαςο

2033 609 2127 663 ἐὰν
2158 608 2215 661 δὲ
2254 608 2481 677 ἐκϐάλῃ,
2533 600 2873 673 ἀφοριζέσθω
2904 616 2918 631 ο
2978 598 3250 669 ἐπιμένων
3290 596 3366 659 δὲ,
3419 594 3607 647 καθαι-

2034 699 2252 771 ρείσθω,
2286 717 2341 753 κ.
2370 716 2421 752 τ.
2454 698 2507 752 λ.
2812 760 2815 767 _

2105 798 2178 857 ς’.
2203 791 2553 854 Ἐπίσκοπος,
2585 788 2617 858 ἦ
2648 784 3037 856 πρεσϐύτερος,
3063 781 3096 852 ἢ
3122 780 3385 840 διάκονος,
3413 793 3607 845 κοσμι·

2032 890 2136 952 κὰς
2166 887 2454 959 φροντίδας
2487 886 2564 957 μὴ
2601 880 3062 954 ἀναλαμϐανέτω·
3109 879 3157 930 εί
3191 877 3246 929 δὲ
3280 876 3377 946 μὴ,
3410 872 3606 926 καθαι-

2029 1166 2130 1237 τὴν
2158 1165 2317 1234 ἁγίαν
2345 1165 2437 1217 τοῦ
2476 1165 2666 1235 Πάσχα
2693 1164 2907 1233 ἡμέραν
2951 1159 3056 1231 πρὸ
3091 1156 3192 1225 τῆς
3225 1154 3447 1224 ἐαρινῆς
3486 1153 3607 1218 ἰση-

2037 1258 2227 1327 μερίας
2266 1256 2403 1325 μετὰ
2447 1256 2713 1311 Ἰουδαίων
2749 1252 3072 1314 ἐπιτελέσει,
3104 1244 3494 1315 καθαιρείσθω.

2107 1354 2193 1402 ια’.
2234 1346 2301 1400 Εἴ
2325 1365 2407 1410 τις
2436 1345 2825 1417 καθῃρημένῳ,
2855 1341 3112 1411 κληρικδς
3135 1338 3230 1404 ὢν,
3259 1338 3332 1399 ὡς
3360 1332 3607 1406 κληρικῷ

2035 1439 2367 1505 συνεύξεται,
2400 1436 2765 1507 καθαιρείσθω
2790 1435 2886 1488 καὶ
2916 1434 3098 1495 αὐτὸς.

2101 1535 2207 1596 κγ’.
2263 1528 2329 1580 Εἴ
2367 1545 2450 1589 τις
2498 1525 2757 1597 κληρικὸς
2806 1524 2880 1578 ὢν
2936 1522 3126 1577 ἑαυτὸν
3179 1516 3606 1589 ἁκρωτηριάσει,

2033 1619 2399 1691 καθαιρείσθω
2422 1637 2435 1651 ο
2469 1621 2663 1687 φονεὺς
2691 1620 2799 1688 γάρ
2826 1620 2972 1670 ἐστιν
2996 1612 3210 1668 ἐαυτοῦ.
3396 1636 3397 1639 η

2102 1720 2199 1766 κε’.
2242 1713 2592 1777 Ἐπίσκοπος,
2638 1712 2669 1781 ἦ
2706 1709 3094 1782 πρεσϐύτερος,
3135 1705 3168 1775 ἦ
3209 1704 3474 1767 διάκονος,
3513 1700 3610 1754 ἐπὶ

2033 1806 2258 1877 πορνείᾳ
2299 1806 2332 1876 ἢ
2384 1807 2657 1876 ἐπιορκία,
2694 1804 2727 1875 ἢ
2765 1805 2938 1872 κλοπῇ
2991 1801 3154 1862 ἁλοὺς
3178 1840 3192 1861 ,
3243 1793 3610 1866 καθαιρείσθω

2032 1899 2125 1952 καὶ
2161 1899 2233 1967 μὴ
2259 1897 2619 1966 ἁφοριζέσθω.
2668 1896 2831 1963 Λέγει
2860 1894 2966 1964 γὰρ
2997 1895 3030 1962 ἡ
3062 1891 3251 1962 Γραφή
3276 1907 3288 1919 ·
3351 1890 3471 1941 Οὐκ
3507 1887 3609 1940 ἐκ·

2031 1988 2301 2054 ὃικήσεις
2327 1987 2420 2052 δὶς
2442 1988 2537 2041 ἐπὶ
2566 1988 2633 2040 τὸ
2661 1989 2809 2041 αὐτό
2826 2004 2840 2016 ·
2870 1984 3131 2046 ὡσαύτως
3160 1982 3216 2035 δὲ
3241 1981 3334 2033 καὶ
3360 1981 3408 2032 οί
3431 1977 3610 2031 λοιποὶ

2032 2081 2305 2149 κληρικοί.

2102 2168 2207 2234 κζ’,
2255 2170 2667 2240 Ἐπίσκοπον,ἢ
2713 2169 3102 2241 πρεσϐύτερον,
3146 2168 3178 2238 ἦ
3214 2167 3477 2225 διάκονον,
3517 2160 3612 2213 τύ-

2033 2281 2235 2317 πτοντα
2250 2264 2917 2333 πιστοὺςξάμαρτάνοντας,
3046 2260 3303 2322 ἀπίστους
3316 2257 3613 2327 ἀδικήσαν-

2033 2374 2132 2418 τας
2180 2356 2270 2411 καὶ
2299 2355 2387 2410 διὰ
2419 2357 2673 2409 τοιούτων
2716 2355 2899 2424 φοϐεῖν
2932 2355 3201 2415 ἐθέλοντα,
3234 2346 3613 2419 καθαιρεῖσθαι

2032 2449 2461 2519 προστάσσομεν·
2496 2448 2730 2519 οὐδαμοῦ
2745 2448 2851 2518 γὰρ
2881 2451 2909 2501 ὁ
2937 2449 3140 2517 Κύριος
3166 2444 3321 2498 τοῦτο
3340 2444 3487 2512 ἡμᾶς
3504 2440 3616 2493 ἐδί-

2031 2541 2209 2605 δαξει
2240 2542 2545 2596 τούναντίον
2584 2542 2639 2594 δέ
2688 2542 2849 2605 αὐτὸς
2876 2541 3227 2609 τυπτόμενος,
3261 2537 3358 2588 οὐκ
3386 2533 3614 2587 άντέτυ-

2033 2648 2169 2685 πτε·
2210 2634 2634 2706 λοιδορούμενος,
2670 2636 2769 2688 οὐκ
2813 2633 3199 2702 ἀντελοιδόρειο
3243 2629 3484 2697 πάσχων,
3513 2627 3617 2677 οὒκ

2034 2723 2224 2792 ὴπείλε
2234 2740 2271 2777 ι.

2110 2816 2214 2871 κθ’.
2256 2816 2322 2871 Et
2348 2834 2432 2880 τις
2460 2815 2755 2879 ἐπίσκοπος
2784 2815 2870 2868 διὰ
2900 2815 3219 2885 χρημάτων,
3257 2832 3309 2869 κ.
3337 2832 3386 2869 τ.
3418 2814 3471 2868 λ.

2105 3001 2170 3055 λ’.
2223 2999 2293 3053 Et
2327 3017 2409 3063 τις
2454 2998 2750 3061 ἐπίσκοπος
2800 2998 3086 3066 κοσμικοῖς
3137 2995 3364 3067 ἄρχουσι
3402 2991 3616 3063 χρησά-

1960 3138 2004 3200 C
2039 3107 2217 3161 μενος,
2247 3107 2303 3144 κ.
2334 3106 2385 3143 τ.
2422 3088 2472 3142 λ.

2107 3184 2211 3237 λα’.
2253 3182 2319 3235 Εἴ
2356 3200 2440 3245 τις
2490 3180 2859 3251 πρεσϐύτερος
2889 3180 3309 3252 καταφρονήσας
3354 3178 3448 3232 τοῦ
3480 3178 3618 3232 ἰδίου

2038 3273 2361 3340 ἐπισκόπου,
2392 3272 2562 3343 χωρὶς
2596 3272 2900 3345 συναγάγῃ,
2937 3288 2992 3325 κ.
3023 3288 3069 3325 τ.
3107 3272 3157 3325 λ.

2108 3456 2203 3511 λε’.
2258 3458 2585 3511 Ἐπίσκοπον
2615 3456 2688 3527 μὴ
2714 3455 2916 3525 τολμᾷν
2948 3452 3053 3518 ἔξω
3081 3453 3190 3506 τῶν
3227 3452 3420 3505 ἑαυτοῦ
3449 3453 3617 3521 ὅρων,

2037 3553 2371 3621 χειροτονίας
2416 3551 2686 3604 ποιεῖσθαι
2735 3551 2814 3612 είς
2841 3549 2939 3613 τὰς
2975 3548 3049 3619 μὴ
3079 3547 3440 3615 ὑποκειμένας
3466 3545 3620 3616 αὐτῷ

2041 3643 2222 3704 πόλεις
2249 3642 2343 3695 καὶ
2372 3640 2552 3712 χώρας
2574 3657 2590 3673 ο
2637 3642 2686 3692 εί
2715 3640 2771 3693 δὲ
2805 3640 3088 3710 ἐλεγχθείη
3112 3638 3271 3692 τοῦτο
3300 3636 3618 3706 πεποιηκὼς

2040 3735 2193 3805 παρὰ
2218 3735 2315 3805 τὴν
2347 3734 2455 3787 τῶν
2483 3735 2820 3804 κατεχόντων
2852 3734 2951 3797 τὰς
2984 3732 3167 3789 πόλεις
3208 3731 3423 3793 ἐκείνας
3451 3730 3483 3800 ἢ
3516 3728 3620 3792 τὰς

2039 3826 2224 3899 χώρας
2251 3828 2497 3899 γνώμην,
2528 3826 2894 3898 καθαιρείσθω
2922 3825 3015 3879 καὶ
3050 3824 3211 3887 αὐτὸς
3236 3826 3332 3876 καὶ
3357 3821 3449 3885 οὓς
3469 3824 3621 3891 ἐχει-

2041 3921 2317 3993 ροτόνησε.

2114 4014 2222 4084 μβὀ
2268 4014 2615 4080 Ἐπίσκοπος,
2659 4014 2691 4084 ἢ
2722 4012 3110 4082 πρεσϐύτερος,
3152 4012 3184 4081 ἦ
3216 4008 3481 4070 διάκονος,
3512 4006 3618 4060 κύ-

2039 4104 2153 4168 ϐοις
2200 4103 2473 4176 σχολάζων
2507 4106 2602 4159 καὶ
2650 4104 2864 4175 μέθαις,
2910 4104 2942 4175 ἢ
2994 4099 3380 4169 παυσάσθω,ἢ
3424 4098 3620 4152 καθαι-

2043 4196 2259 4265 ρείσθω.

2114 4309 2215 4381 μδ.
2269 4308 2619 4373 Ἐπίσκοπος,
2666 4308 2698 4379 ἢ
2737 4306 3127 4379 πρεσϐύτερος,
3164 4306 3199 4372 ἢ
3227 4305 3490 4368 διάκονος,
3524 4304 3623 4357 τό-

2041 4419 2172 4464 κους
2217 4402 2463 4456 ἀπαιτῶν
2509 4401 2633 4465 τοὺς
2684 4399 3115 4470 δανειζομένους,
3153 4397 3187 4469 ἢ
3228 4394 3546 4461 παυσάσθω,
3585 4396 3621 4467 ἢ

1966 4471 2011 4526 Ῑ)
2042 4490 2430 4562 καθαιρείσθω.

2114 4590 2217 4655 με’.
2268 4581 2619 4645 Ἐπίσκοπος,
2667 4580 2700 4651 ἢ
2744 4579 3135 4651 πρεσϐύτερος,
3167 4579 3200 4649 ἢ
3231 4578 3495 4643 διάκονος,
3528 4576 3622 4629 αἱ-

2041 4675 2274 4744 ρετικοίς
2307 4671 2702 4743 συνευξάμενος
2737 4671 2916 4742 μόνον,
2950 4687 3005 4725 κ.
3036 4687 3086 4723 τ.
3126 4668 3175 4721 λ.

2113 4866 2230 4930 pg’.
2269 4858 2620 4925 Ἐπίσκοπον,
2650 4858 2683 4929 ἢ
2719 4855 3105 4927 πρεσϐύτερον,
3142 4850 3433 4924 αἱρετικῶν
3464 4847 3623 4914 δεξα-

2042 4955 2236 5025 μένους
2272 4954 2554 5025 βάπτισμα
2582 4952 2616 5023 ἢ
2646 4951 2857 5018 θυσίαν,
2894 4968 2946 5003 κ.
2983 4966 3034 5003 τ.
3070 4947 3120 5000 λ.
3670 4939 3675 4941 ’

2113 5136 2220 5207 μς.
2248 5137 2627 5207 Ἐπίσκοποςῆ
2652 5134 3042 5205 πρεσϐύτερος,
3067 5131 3161 5185 τὸν
3190 5126 3331 5183 κατὰ
3356 5125 3623 5196 ἀλήθειαν

2038 5229 2227 5300 ἔχοντα
2256 5228 2559 5299 βάπτισμα,
2584 5246 2637 5280 κ.
2661 5244 2715 5280 τ.
2738 5227 2788 5281 λ.

2112 5321 2219 5391 μθ’.
2261 5322 2325 5374 Εἴ
2352 5339 2437 5384 τις
2479 5320 2779 5383 ἐπίσκοπος
2893 5316 3284 5391 πρεσϐύτερος,
3333 5311 3479 5367 κατὰ
3522 5310 3622 5381 τὴν

2037 5412 2130 5466 τοῦ
2163 5414 2370 5485 Κυρίου
2395 5413 2656 5484 διάταξιν,
2686 5432 2740 5469 κ.
2771 5432 2822 5467 τ.
2856 5413 2903 5467 λ.

426 5596 472 5630 ⁸⁵
500 5597 619 5654 Nic.
647 5612 803 5653 conc.
847 5613 968 5654 can.
995 5614 1033 5652 ι.
1110 5597 1151 5629 ³⁷
1180 5594 1283 5652 Job
1314 5609 1507 5659 χχχιιι,
1538 5594 1623 5648 14.
1698 5593 1742 5625 ³³
1775 5591 1911 5648 Dist.

2114 5594 2160 5626 ιθ
2196 5592 2334 5649 Dist.
2367 5590 2459 5649 47.

428 5754 523 5825 (3).
554 5755 762 5812 (litatur
792 5768 823 5810 a
851 5754 909 5811 S.
934 5754 1092 5826 Grcg.
1119 5752 1212 5809 lib.
1266 5768 1340 5809 vn
1374 5750 1505 5823 Reg.
1535 5748 1696 5821 epist.
1724 5749 1815 5806 '50.
