3912 6244
227 319 333 383 745
982 316 1387 377 SYNTAGMA
1425 314 1772 377 CANONUN

1968 316 2083 377 .‘IT.
2126 318 2235 391 IX,
2277 318 2435 379 CAP.
2478 320 2631 382 XIV.
3406 313 3513 379 746

294 438 358 485 ν’.
398 430 468 485 El.’
489 447 575 494 τις
611 428 912 495 ἐπίσκοπος
944 430 977 501 ἢ
1012 429 1409 502 πρεσϐύτερος,
1443 428 1518 501 μὴ
1544 429 1673 500 τρία
1712 429 1804 499 βαι

1990 431 2059 486 50
2087 431 2225 505 [49].
2260 433 2317 488 Si
2349 436 2473 504 quis
2510 436 2802 507 episcopus
2821 434 2903 491 vel
2932 433 3237 506 presbyter,
3271 449 3377 490 non
3412 436 3517 490 tria

222 523 505 594 πτίσματα
537 524 667 593 μιᾶς
700 523 953 594 μυήσεως
982 523 1307 589 ὲπιτελὲσει,
1346 540 1402 576 κ.
1429 538 1483 575 τ.
1516 520 1567 576 λ.

1969 525 2089 582 nius
2114 528 2353 599 mysterii
2396 530 2726 600 haptismata
2756 527 3067 601 perfecerit,
3100 537 3234 597 etc.,
3259 539 3317 583 ut
3348 545 3514 598 supra

1923 634 2042 689 pag.
2077 620 2183 674 442
2212 630 2266 677 et
2299 620 2425 675 615.

291 733 395 781 να’.
435 726 507 783 Et
529 747 616 794 τις
644 728 965 792 ἐπίσκοπος,
991 729 1026 800 ἢ
1060 727 1453 801 πρεσϐύτερος,
1489 727 1522 797 ἢ
1553 728 1821 794 διάκονος,

1998 733 2060 787 51
2098 733 2242 807 [50].
2276 735 2334 790 Si
2365 737 2490 806 quis
2519 738 2837 808 episcopus,
2874 737 3182 809 presbyter,
3217 738 3301 793 vel
3330 737 3520 793 diaco-

225 817 257 886 ῆ
285 816 429 882 ὅλως
454 821 555 873 τοῦ
583 821 885 890 καταλόγου
912 818 1006 873 τοῦ
1038 819 1339 889 ἱερατικοῦ,
1373 820 1571 889 γάμου,
1598 836 1651 871 κ.
1685 835 1735 871 τ.

1971 842 2054 890 us,
2085 827 2171 882 vel
2217 829 2445 882 omnino
2475 846 2541 885 ex
2577 830 2905 885 sacerdotali
2940 846 3189 897 numero,
3221 844 3252 885 a
3284 830 3516 901 nuptiis,

1927 928 2059 984 etc.,
2083 929 2141 973 ιιι
2168 938 2330 991 supra
2352 937 2474 993 pag.
2512 923 2637 978 751.

293 1005 398 1076 νβ’.
427 1006 500 1060 Εἴ
524 1025 625 1071 ϊιςΔ
646 1007 946 1071 ἐπίσκοπος
975 1005 1007 1076 ἦ
1042 1003 1414 1078 πρεσϐύτερος
1443 1003 1536 1057 τὸν
1575 1003 1827 1073 ἐπιστρέ-

2000 1012 2070 1067 52
2097 1012 2233 1085 [51].
2264 1013 2323 1069 Si
2348 1016 2470 1085 quis
2485 1016 2796 1087 episcOpus,
2824 1018 3106 1088 presbyter
3142 1016 3224 1072 vel
3250 1016 3515 1071 diaconus

226 1116 399 1167 φοντα
435 1098 546 1152 ἀπὺ
581 1100 861 1171 ἁμαρτίας
901 1099 961 1151 ού
992 1097 1375 1169 προσδέχεται,
1421 1095 1559 1149 ἀλλὰ
1586 1096 1769 1150 ἁποϐα

1971 1117 2081 1165 ιιιιι,
2111 1102 2205 1171 qui
2238 1118 2270 1158 a
2347 1106 2549 1161 eccatis
2579 1108 2938 1173 convertitur,
2972 1121 3081 1162 non
3120 1106 3356 1175 recipit,
3420 1107 3516 1159 sed

224 1192 402 1256 λεται,
446 1192 845 1264 καθαιρείσθω,
891 1192 973 1245 ὅτι
1003 1191 1163 1243 λυπεῖ
1194 1190 1429 1262 Χριστὸν
1460 1188 1553 1242 τὸν
1581 1190 1765 1242 είπόντ

1988 1194 2100 1258 icit,
2134 1194 2461 1264 deponatur.
2487 1196 2757 1262 Quoniam
2799 1198 3076 1253 Christum
3112 1197 3362 1251 molestia
3411 1196 3526 1249 alli-

224 1286 392 1352 Χαρὰ
427 1285 661 1354 γίνεται
689 1285 760 1338 ἐν
786 1283 1023 1354 οὐρανῷ
1047 1285 1146 1339 ἐπὶ
1179 1283 1272 1338 ἑνὶ
1304 1279 1631 1353 ἁμαρτωλῷ
1647 1298 1769 1351 μετα

1988 1294 2042 1347 ι,
2078 1285 2171 1355 qui
2203 1286 2340 1340 dixit
2370 1307 2383 1341 :
2418 1286 2691 1342 Gaudium
2718 1299 2796 1342 est
2846 1290 2902 1343 in
2940 1289 3069 1343 caalo
3113 1300 3327 1357 propter
3362 1303 3528 1340 unum

223 1376 501 1432 νοοῦντι.

1930 1385 2257 1443 peccatorem
2286 1375 2648 1443 paenitentiam
2682 1388 2923 1446 agentem
2956 1376 3023 1430 ⁸⁸.

294 1471 488 1540 νγ’.Ετ
509 1489 596 1536 τις
623 1471 954 1537 ἐπίσκοπος,
984 1472 1017 1542 ἢ
1060 1470 1450 1542 πρεσϐύτερος,
1485 1469 1519 1539 ἢ
1558 1467 1827 1533 διάκονος,

2003 1466 2166 1535 272
2184 1466 2253 1521 55
2281 1465 2415 1539 [52].
2437 1466 2492 1521 Si
2524 1469 2961 1539 quisepisc0pus,
2990 1469 3075 1524 vel
3105 1468 3407 1540 presbyter,
3444 1467 3526 1522 νει

224 1565 282 1617 ὲν
308 1566 437 1628 ταῖς
471 1565 712 1635 ἡμέραις
737 1564 845 1617 τῶν
873 1562 1099 1634 ἑορτῶν,
1124 1563 1183 1616 οὐ
1218 1559 1626 1631 μεταλαμϐάνει
1650 1561 1769 1629 κρεί

1983 1575 2199 1613 :aconus
2226 1559 2276 1613 in
2306 1560 2456 1615 festis
2480 1560 2673 1615 diebus
2703 1576 2923 1615 carnem
2962 1572 3017 1615 et
3061 1561 3247 1615 vinum
3283 1576 3389 1616 non
3433 1577 3528 1616 su-

225 1657 324 1710 καὶ
360 1657 530 1723 οἴνου,
566 1655 992 1725 βδελυσσόμενος
1024 1655 1120 1707 καὶ
1159 1654 1219 1706 οὐ
1250 1652 1315 1705 δι’
1352 1652 1607 1720 ἄσκησιν,
1639 1648 1770 1703 καθα

1982 1651 2062 1714 tit,
2121 1650 2445 1714 abhorrens,
2499 1661 2552 1706 ct
2612 1667 2723 1707 non
2761 1661 2985 1722 propter
3021 1653 3473 1707 exercitationem
3510 1690 3526 1715 ,

229 1747 464 1819 ρείσθω,
511 1746 589 1810 ὡς
625 1745 1168 1817 κεκαυτηριασμένος
1202 1743 1298 1814 τὴν
1335 1742 1470 1796 ίδίαν
1504 1739 1774 1812 συνείδησι

1986 1751 2261 1812 ψυιιιιιιιι,
2324 1753 2383 1797 ιιι
2414 1744 2507 1813 qui
2567 1744 2767 1798 habeat
2829 1744 3090 1814 injustam
3138 1744 3531 1799 conscientiam

227 1839 326 1891 ml.
356 1837 535 1901 αἴτιος
568 1835 867 1890 σκανδάλου
896 1834 1111 1898 πολλοῖς
1135 1832 1439 1903 γινόμενος.

1866 1819 1910 1873 Β
1941 1836 2243 1906 propriam,
2304 1848 2358 1891 et
2390 1837 2459 1891 sit
2490 1836 2677 1889 multis
2710 1835 3034 1891 oﬂcnsionis
3060 1852 3248 1891 causa.

299 1928 403 1984 νε¹.
446 1929 518 1982 Εἴ
546 1946 631 1993 τις
662 1927 924 1999 κληρικὸς
961 1926 1177 1997 ὑϐρίσει
1206 1925 1298 1977 τὸν
1341 1923 1662 1986 ἐπίσκοπον,
1699 1919 1835 1973 καθ-

2012 1927 2081 1981 55
2116 1925 2255 1998 [54].
2309 1926 2364 1981 Si
2411 1930 2538 1997 quis
2570 1928 2805 1983 t-Iericus
2835 1929 3151 1998 episcopum
3203 1928 3537 1982 contumelia

228 2021 506 2093 αιρείσθω
528 2037 541 2051 ο
582 2021 875 2090 Ἄρχοντα
923 2019 1033 2089 γὰρ
1069 2016 1176 2071 τοῦ
1205 2016 1360 2071 λαοῦ
1390 2030 1509 2070 σου
1538 2016 1651 2067 οὐκ
1682 2014 1773 2081 ἐρε

1998 2018 2208 2084 fecerit,
2242 2021 2551 2089 deponatur
2586 2038 2599 2075 :
2629 2020 2869 2089 Principi
2898 2022 3039 2074 enim
3098 2020 3283 2089 populi
3328 2022 3407 2074 ιιιί
3435 2036 3543 2075 ιιοη

229 2110 464 2178 κακῶς.

1946 2110 2226 2165 maledicas
2243 2111 2309 2165 “.

306 2206 413 2260 νθθ.
458 2206 526 2259 Εἴ
553 2223 638 2268 τις
669 2204 991 2270 ἐπίσκοπος,
1036 2204 1069 2274 ἢ
1114 2202 1508 2276 πρεσϐύτερος,
1558 2199 1703 2264 τινος
1730 2199 1840 2253 τῶν

2018 2204 2085 2259 59
2113 2202 2253 2275 [58].
2283 2204 2337 2257 Si
2371 2204 2497 2275 quis
2521 2205 2814 2277 episcopus
2850 2206 2932 2260 vel
2965 2205 3271 2277 presbyter,
3299 2221 3425 2261 cum
3477 2204 3551 2260 sit

236 2298 531 2370 κληρικῶν
563 2297 776 2362 ἐνδεοῦς
808 2297 985 2362 ὄντος,
1018 2314 1075 2350 κ.
1104 2314 1156 2349 τ.
1197 2297 1249 2351 λ.

2007 2298 2150 2365 iquis
2178 2312 2241 2349 ex
2276 2296 2492 2352 clericis
2519 2311 2750 2367 egenus,
2783 2307 2915 2363 etc.,
2947 2307 3003 2351 ut
3062 2315 3227 2369 supra
3258 2316 3383 2370 pag.
3417 2298 3546 2353 674.

310 2386 380 2451 ξ’.
424 2384 495 2438 Εἴ
517 2403 602 2450 τις
631 2385 699 2439 τὰ
724 2386 1167 2455 ψευδεπίγραφα,
1196 2402 1252 2439 κ.
1283 2402 1338 2439 τ.
1365 2385 1417 2438 λ.

2021 2385 2091 2441 60
2119 2385 2258 2459 [59].
2282 2386 2337 2441 Si
2372 2387 2499 2457 quis
2533 2386 2671 2441 falso
2695 2388 3166 2459 inscriptos,etc.,
3194 2400 3251 2443 ut
3271 2406 3396 2459 pag.
3420 2390 3544 2445 590.

311 2476 417 2548 ξβ’.
461 2478 529 2531 Et
569 2494 654 2540 τις
686 2464 970 2547 κληριιῖὸς,
1003 2476 1095 2529 διὰ
1143 2475 1304 2546 φόϐον
1345 2474 1683 2547 ἀνθρώπινον
1712 2474 1849 2527 Ἰου-

2024 2479 2092 2533 62
2111 2480 2248 2552 [61].
2268 2481 2322 2535 Si
2347 2480 2472 2550 quis
2499 2481 2734 2536 clericus
2764 2491 2983 2551 propter
3002 2492 3202 2536 metum
3224 2482 3545 2547 humanum,

235 2571 491 2641 δαίου,ῑῆ
530 2570 850 2640 Ἕλληνοςῆ
885 2569 1165 2642 αίρετικοῦ
1200 2570 1518 2641 ἀρνήσεται,
1571 2569 1619 2620 εί
1654 2567 1751 2637 μὲν

2008 2572 2038 2626 ιΙ
2091 2570 2286 2636 Judaei,
2356 2572 2438 2625 vel
2468 2571 2666 2637 Graeci,
2716 2573 2801 2626 vel
2853 2572 3112 2637 hmretici,
3161 2575 3461 2643 negaverit,
3508 2574 3553 2627 si

237 2666 424 2735 ὄνομα
450 2662 548 2716 τοῦ
577 2661 843 2733 Χριστοῦ,
888 2659 1312 2715 ἀποϐαλλέσθω·
1367 2660 1416 2712 εί
1465 2658 1521 2711 δὲ
1576 2658 1639 2711 τὸ
1681 2656 1782 2725 ϐνο]

2008 2665 2177 2719 ιὶιΙθιιι
2235 2680 2434 2719 nomen
2462 2663 2689 2729 Christi,
2722 2664 2995 2734 ejiciatur,
3055 2664 3101 2719 si
3148 2672 3329 2718 autem
3357 2680 3553 2719 nomen

241 2754 344 2808 τοῦ
372 2751 665 2824 κληρικοῦ,
698 2750 1103 2823 καθαιρείσθω*
1153 2749 1498 2821 μετανοήσας
1524 2746 1602 2812 δὲ,
1633 2747 1708 2811 ὠς
1738 2747 1786 2800 λι

2015 2757 2165 2824 eriei,
2205 2756 2511 2827 deponatur
2542 2756 2609 2810 ".
2650 2754 3034 2809 Pwnitentiam
3063 2766 3245 2809 autem
3281 2769 3468 2825 agens,
3500 2763 3560 2809 ut

242 2850 350 2912 κὸς
384 2847 658 2919 δεχθήτω.

1958 2850 2132 2905 laicus
2156 2849 2468 2918 recipiatur.

328 2940 435 3007 5f.
472 2939 541 2993 Εί
561 2956 645 3002 τις
676 2937 1055 3008 ὲπίσκοπος,ἦ
1086 2935 1458 3008 πρεσϐύτερος
1481 2976 1496 3001 ,
1521 2935 1555 3007 ἢ
1591 2934 1857 3001 διάκονος,

2034 2940 2106 2994 65
2125 2936 2263 3011 [62].
2290 2935 2349 2992 Si
2375 2938 2500 3008 quis
2521 2936 2811 3008 episcopus
2833 2935 2916 2992 vel
2942 2935 3246 3007 presbyter,
3266 2935 3351 2991 vcl
3375 2936 3562 2992 diaco-

248 3034 285 3105 ἢ
322 3033 464 3097 ὅλως
499 3031 594 3086 τοῦ
631 3031 939 3101 καταλόγου
972 3030 1068 3085 τοῦ
1106 3029 1404 3102 ἱερατικοῦ,
1448 3030 1600 3101 φάγῃ
1629 3028 1769 3099 κρέα

2011 3050 2092 3100 ns,
2163 3034 2248 3087 vel
2296 3031 2524 3087 omnino
2584 3046 2653 3086 ex
2684 3030 3008 3086 sacerdotali
3066 3030 3334 3100 catalogo,
3372 3045 3556 3086 come-

248 3128 455 3196 αἵματι
498 3124 678 3197 ψυχῆς
730 3125 918 3189 αὐτοῦ,
956 3125 991 3195 ἥ
1038 3123 1398 3194 θηριάλωτον,
1447 3122 1793 3193 ἢθνησιμαῖι

2019 3127 2113 3180 erit
2145 3138 2345 3179 carnes
2375 3123 2429 3176 in
2486 3122 2756 3192 sanguine
2801 3121 3000 3177 animae
3026 3122 3296 3191 ipsorum,
3320 3122 3403 3175 vel
3433 3120 3564 3191 quid

253 3218 643 3291 καθαιρείσθω
661 3234 674 3247 ·
706 3216 868 3270 τοῦτο
898 3218 1008 3288 γὰρ
1039 3218 1069 3269 ὁ
1094 3216 1256 3287 νόμος
1277 3217 1510 3271 ἀπεῖπεν
1531 3231 1545 3246 ’
1585 3216 1635 3269 εί
1664 3214 1720 3268 δὲ
1745 3214 1798 3268 λσ

2025 3217 2157 3272 feris
2208 3223 2451 3286 captum,
2502 3215 2588 3269 vel
2638 3216 3011 3281 morticinum,
3070 3214 3396 3284 deponatur.
3455 3214 3567 3270 Hoc

254 3310 360 3375 κὸς
390 3311 502 3383 εἴη,
532 3308 897 3381 ἀφοριζέσθω.

2024 3312 2110 3365 tim
2164 3310 2250 3365 lex
2272 3308 2554 3379 prohibuit
2614 3326 2629 3362 :
2680 3309 2726 3362 si
2796 3316 2975 3362 autem
3027 3307 3101 3361 sit
3148 3308 3340 3375 laicus,
3384 3324 3569 3379 segre-

1966 3410 2143 3472 getur.

338 3494 439 3562 ξδ’.
480 3492 551 3548 Εἴ
572 3510 654 3555 τις
685 3491 948 3564 κληρικδς
979 3492 1176 3563 εὐρεθῇ
1210 3492 1309 3563 τὴν
1337 3489 1629 3561 Κυριακὴν
1652 3487 1865 3561 ἡμέραν

2038 3491 2345 3565 6ι[65].8ἰ
2379 3492 2501 3563 quis
2521 3491 2753 3547 clericus
2779 3491 3034 3549 inventus
3064 3492 3227 3549 fuerit
3260 3492 3349 3548 die
3386 3491 3570 3548 Domi-

262 3588 573 3661 νηστεύων,
626 3588 661 3658 ἢ
709 3586 771 3639 τὸ
816 3584 1115 3653 Σάϐϐατον,
1167 3584 1307 3656 πλὴν
1360 3584 1456 3637 τοῦ
1509 3583 1630 3648 ἐνὸς
1679 3583 1807 3654 μόνο

2027 3586 2235 3657 innare,
2274 3587 2359 3640 vel
2401 3586 2663 3650 Sabbato,
2716 3596 3080 3656 prmterquam
3149 3603 3261 3642 uno
3302 3587 3442 3654 solo,
3476 3587 3572 3641 de—

266 3678 687 3752 καθαιρείσθωο
734 3679 783 3731 εί
812 3677 868 3730 δὲ
898 3678 1106 3743 λαῖκὸς,
1140 3675 1509 3749 ἀφοριζέσθω.

1969 3677 2350 3750 ponaturz‘sin
2383 3687 2563 3731 autem
2593 3678 2787 3741 laicus,
2820 3688 3160 3750 segregetur.

343 3774 440 3841 ξε’.
483 3774 551 3828 El
590 3791 675 3837 τις
723 3772 985 3843 κληρικδς
1038 3772 1072 3842 ἢ
1107 3771 1295 3835 λαῖκὺς
1340 3768 1573 3823 εἰσέλθοι
1612 3768 1694 3832 είς
1738 3784 1868 3820 συν-

2044 3766 2113 3822 65
2142 3766 2275 3839 [65].
2301 3766 2360 3822 Si
2387 3784 2509 3838 qms
2532 3768 2763 3823 clericus
2786 3768 2867 3822 vel
2885 3770 3055 3825 laicus
3081 3771 3132 3825 in
3159 3768 3471 3825 Judatorum
3492 3769 3578 3823 vel

272 3868 503 3939 αγωγὴν
532 3867 802 3921 Ἰουδαίων
834 3867 867 3936 ἢ
905 3863 1199 3937 αἱρετικῶν
1248 3861 1679 3934 προσεύξασθαι,
1729 3860 1817 3915 καί

2034 3875 2098 3914 co
2128 3860 2506 3915 haereticorum
2546 3876 2873 3932 synagogam
2900 3862 3181 3932 ingressus
3221 3862 3291 3916 sit
3313 3863 3381 3916 ad
3416 3876 3579 3915 oran-

274 3959 543 4033 αιρείσθω
570 3959 664 4013 καὶ
693 3956 1060 4028 ἁφοριζέσθω.

1974 3953 2128 4017 dum,
2165 3954 2469 4021 deponatur
2497 3961 2547 4006 et
2572 3963 2906 4024 segregetur.

348 4052 461 4120 ξςκ
501 4052 572 4106 Εἴ
598 4068 683 4115 τις
710 4050 973 4121 κληρικὸς
1021 4049 1080 4101 ὲν
1133 4048 1281 4120 μάχῃ
1332 4046 1454 4101 τινὰ
1501 4044 1746 4117 κρούσει,
1779 4044 1876 4098 καὶ⁵

2047 4044 2117 4100 66
2153 4043 2288 4117 [64].
2314 4045 2371 4099 Si
2398 4046 2521 4115 quis
2551 4045 2785 4101 clericus
2836 4046 2918 4101 vel
2956 4045 3011 4101 in
3064 4061 3244 4117 pugna
3300 4049 3577 4120 pulsatum

278 4148 389 4202 ἀπὸ
433 4145 529 4199 τοῦ
577 4144 697 4207 ἐνὸς
740 4140 1086 4211 κρούσματως
1119 4140 1458 4205 ἀποκτείνει,
1504 4137 1823 4209 καθαιρείσθ

2038 4138 2215 4209 iqncm
2254 4153 2364 4193 uno
2395 4138 2503 4192 ictu
2536 4138 2819 4203 occiderit,
2851 4138 3157 4208 deponatur
3178 4150 3397 4211 pr0pter
3426 4156 3583 4196 suam

282 4241 375 4295 διὰ
402 4241 504 4310 τὴν
532 4237 865 4315 προπέτειαν
894 4232 1063 4288 αὑτοῦ
1090 4252 1103 4266 ·
1155 4234 1253 4289 ἐὰν
1285 4234 1344 4287 δὲ
1374 4232 1560 4298 λαῖκὸς
1589 4227 1647 4304 ᾗ,
1684 4230 1827 4301 ἀφορ

2038 4232 2381 4289 'oclivitatem
2409 4238 2466 4286 et
2516 4230 2877 4286 temeritatem
2902 4246 2917 4299 ;
2949 4229 3122 4288 laicus
3152 4245 3285 4287 vero
3321 4232 3367 4289 si
3397 4230 3583 4299 fuerit,

286 4332 487 4398 ζέσθω.

1983 4331 2324 4393 segregetur.

357 4427 464 4497 ξη¹.
504 4425 674 4490 Εῑτις
704 4423 1026 4486 ἐπίσκοπος,
1058 4420 1091 4492 ἢ
1127 4417 1520 4492 πρεσϐύτερος,
1549 4415 1583 4486 ἢ
1612 4414 1879 4477 διάκονος,

2054 4414 2123 4469 68
2157 4413 2295 4486 [67].
2327 4411 2384 4467 Si
2414 4412 2541 4484 quis
2571 4412 2862 4484 episcopus
2905 4412 3005 4484 (4),
3042 4412 3125 4469 vel
3153 4413 3453 4486 presbyter,
3496 4415 3583 4470 vel

289 4521 553 4592 δευτέραν
587 4517 922 4590 χειροτονίαν
946 4515 1163 4582 δέξεται
1203 4513 1357 4583 παρά
1387 4527 1556 4575 τινος,
1599 4509 1829 4579 καθαιρε

2048 4522 2256 4563 aconus
2288 4506 2586 4561 secundam
2626 4504 3031 4559 ordinationem
3074 4506 3145 4561 ab
3187 4506 3299 4561 alio
3330 4521 3588 4577 suscepe-

296 4610 409 4664 σθω
436 4611 532 4664 καὶ
564 4610 727 4673 αὐτὸς
757 4609 854 4663 καὶ
891 4609 921 4660 ὁ
966 4605 1391 4677 χειροτονήσας·
1444 4602 1494 4654 εί
1548 4601 1623 4672 μή
1671 4616 1734 4667 γε
1777 4597 1841 4669 ἄρ

2047 4606 2088 4662 t,
2146 4597 2452 4667 deponatur
2486 4605 2539 4649 et
2578 4596 2693 4665 ipse
2720 4638 2735 4662 ,
2764 4594 2927 4666 273
2962 4604 3015 4649 et
3042 4597 3134 4666 qui
3161 4596 3455 4663 ordinavit,
3485 4597 3590 4649 nisi

295 4705 549 4774 συσταίη,
596 4704 679 4757 ὅτι
707 4702 860 4771 παρὰ
891 4700 1189 4772 αίρετικῶν
1218 4698 1333 4768 ἔχει
1371 4694 1469 4766 τὴν
1513 4692 1840 4765 χειροτονίαν

2043 4690 2185 4760 tique
2207 4686 2532 4752 constiterit,
2582 4688 2727 4757 quod
2788 4689 2856 4741 ah
2893 4688 3165 4743 haereticis
3188 4690 3588 4744 ordinationem

296 4797 421 4860 τοὺς
444 4796 558 4867 γὰρ
592 4796 744 4867 παρὰ
770 4794 879 4848 τῶν
906 4791 1165 4846 τοιούτων
1208 4786 1689 4860 χειροτονηθέντας
1722 4786 1755 4856 ἢ
1797 4784 1841 4854 βε

2046 4783 2217 4838 abeat.
2268 4779 2372 4848 Qui
2449 4780 2595 4835 enim
2640 4781 2710 4834 ab
2787 4780 2868 4835 eis
2924 4780 3185 4850 baptizati
3239 4791 3294 4834 et
3355 4781 3591 4835 ordinati

302 4890 661 4956 πεισθέντας,
716 4886 841 4941 οὔτε
888 4886 1152 4951 πιστοὺς,
1214 4882 1337 4938 οὔτε
1401 4880 1696 4951 κληρικοὺς
1755 4874 1847 4931 εἷνι

2048 4884 2147 4940 tnt,
2207 4882 2270 4928 ut
2332 4872 2518 4927 ﬁdeles
2570 4872 2655 4926 vel
2710 4871 2895 4927 clerici
2959 4874 3110 4940 sint,
3177 4873 3294 4927 ﬁeri
3353 4888 3460 4927 non
3491 4888 3591 4942 pn-

495 5003 525 5023 υ
1996 4977 2121 5023 test.

302 4982 507 5037 δυνατό·
531 5025 544 5037 .

374 5076 468 5142 ξθ’.
498 5003 571 5131 ἓξ
600 5092 685 5140 τις
708 5075 1029 5139 ἐπίσκοπος,
1055 5071 1088 5142 ἢ
1120 5068 1493 5142 πρεσϐύτερος
1525 5110 1539 5133 ,
1564 5066 1599 5137 ἢ
1626 5064 1844 5118 διάκονο

2052 4982 2121 5022 ει.

2068 5060 2136 5113 69
2162 5056 2303 5131 [68].
2357 5056 2417 5112 Si
2479 5058 2605 5127 quis
2654 5058 2967 5128 episc0pus,
3019 5058 3104 5112 vel
3149 5057 3457 5128 presbyter,
3508 5056 3595 5111 vel

306 5167 339 5237 ἧ
366 5168 739 5233 ὑποδιὰκονος,
770 5165 1124 5235 ἀναγνώστης
1144 5163 1177 5234 ἦ
1195 5163 1427 5234 ψάλτης,
1449 5162 1549 5232 τὴν
1575 5158 1739 5227 ἁγίαν
1762 5158 1851 5211 Τες

2059 5168 2266 5207 aconus
2316 5151 2401 5206 vel
2460 5150 2857 5217 subdiaconus,
2910 5152 3081 5205 lector
3116 5150 3197 5204 vel
3239 5160 3432 5203 cantor
3464 5166 3595 5205 san-

312 5259 676 5330 σαρακοστὴν,
716 5275 771 5312 κ.
804 5274 857 5313 τ.
887 5255 939 5310 λ.
1358 5260 1371 5272 “

2056 5260 2140 5297 am
2166 5242 2391 5296 Paschae
2408 5242 2915 5313 Quadragcsimam,
2929 5254 3058 5308 etc.,
3075 5252 3131 5295 ut
3148 5259 3309 5310 supra
3327 5259 3450 5313 pag.
3472 5244 3596 5297 653.

376 5350 438 5407 ο’.
474 5352 542 5405 Εἰ
567 5368 651 5413 τις
682 5350 1001 5412 ἐπίσκοπος,
1057 5346 1090 5418 ἢ
1119 5343 1513 5417 πρεσϐύτερος,
1557 5342 1589 5413 ἢ
1628 5342 1895 5402 διάκονος,

2071 5338 2141 5391 70
2167 5334 2307 5408 [69].
2334 5335 2389 5389 Si
2421 5335 2546 5403 quis
2576 5336 2888 5405 episcopus,
2924 5336 3005 5391 vel
3035 5337 3319 5402 diat'Onus,
3352 5338 3436 5391 vel
3475 5338 3602 5406 quis

313 5443 345 5513 ἢ
370 5444 503 5508 ὅλως
532 5443 632 5498 τοῦ
657 5442 961 5512 καταλόγου
991 5440 1099 5495 τῶν
1128 5437 1429 5510 κληρικῶν,
1458 5438 1712 5508 νηστεύοι
1766 5449 1858 5503 μετ

2060 5431 2243 5484 nmino
2285 5445 2352 5483 ex
2386 5428 2716 5483 clericorum
2756 5429 3026 5500 catalogo,
3065 5427 3277 5500 jejunat
3330 5445 3451 5485 cum
3508 5428 3605 5484 Ju-

326 5536 610 5603 οΙουδαίων,
635 5554 690 5592 κ.
722 5554 775 5590 τ.
802 5536 853 5591 λ.

2021 5522 2154 5577 datis
2177 5530 2307 5586 etc.,
2343 5529 2399 5574 ιιι
2438 5537 2561 5591 pag.
2596 5520 2722 5577 738.

387 5653 429 5685 “
462 5651 598 5709 Luc.
623 5669 732 5720 xv,
758 5653 812 5708 7.
907 5653 951 5685 “
978 5654 1100 5708 Act.
1144 5665 1299 5717 χχιιι,
1335 5649 1389 5704 5.
1456 5648 1501 5678 δ’
1526 5644 1645 5701 Nic.
1676 5658 1798 5699 can.
1834 5641 1920 5697 l0.

407 5802 483 5873 (ί)
516 5799 847 5867 Ιηιθιὶῑαίιιιι
876 5798 943 5853 de
968 5795 1430 5869 Cataphrygibus,
1484 5802 1544 5849 ut
1600 5806 1724 5862 cap.
1786 5789 1850 5843 t9
1878 5786 2092 5843 concil.
2147 5783 2262 5841 Nic.
2288 5794 2340 5840 ct
2374 5785 2443 5841 95
2473 5796 2638 5843 sextre
2672 5803 2809 5859 syno
2833 5786 2887 5841 li.

614 5896 892 5953 Ρηιιοι.
929 5892 1047 5952 Gn.
1079 5888 1238 5951 CIV.
1632 5916 1643 5925 -

1632 5916 1643 5925 -
3088 5880 3166 5940 2ft
