  <div class='ocr_page' id='page_1' title='image "/cluster/home/n/w/nwhite01/storage/ocr_20150623/104 pt.4/mdp.39015061931229/383.png"; bbox 0 0 3912 6244; ppageno 0'>
   <div class='ocr_carea' id='block_1_1' title="bbox 380 375 485 440">
    <p class='ocr_par' dir='ltr' id='par_1_1' title="bbox 380 375 485 440">
     <span class='ocr_line' id='line_1_1' title="bbox 380 375 485 440; baseline 0 -1"><span class='ocrx_word' id='word_1_1' title='bbox 380 375 485 440; x_wconf 85' lang='grc'><strong>747</strong></span> 
     </span>
    </p>
   </div>
   <div class='ocr_carea' id='block_1_2' title="bbox 447 484 2037 566">
    <p class='ocr_par' dir='ltr' id='par_1_2' title="bbox 447 484 2037 566">
     <span class='ocr_line' id='line_1_2' title="bbox 447 484 2037 566; baseline -0.009 -15"><span class='ocrx_word' id='word_1_2' title='bbox 447 497 509 553; x_wconf 89' lang='grc'><strong>81</strong></span> <span class='ocrx_word' id='word_1_3' title='bbox 555 491 692 566; x_wconf 76' lang='lat'><strong>[80].</strong></span> <span class='ocrx_word' id='word_1_4' title='bbox 739 489 983 545; x_wconf 82' lang='lat' dir='ltr'><strong>Diximus</strong></span> <span class='ocrx_word' id='word_1_5' title='bbox 1039 504 1148 543; x_wconf 90' lang='lat' dir='ltr'><strong>non</strong></span> <span class='ocrx_word' id='word_1_6' title='bbox 1204 494 1456 557; x_wconf 72' lang='lat' dir='ltr'><strong>oportere</strong></span> <span class='ocrx_word' id='word_1_7' title='bbox 1508 486 1824 555; x_wconf 79' lang='lat' dir='ltr'><strong>epiSCOpum</strong></span> <span class='ocrx_word' id='word_1_8' title='bbox 1875 484 1959 538; x_wconf 84' lang='lat' dir='ltr'><strong>vel</strong></span> <span class='ocrx_word' id='word_1_9' title='bbox 1992 490 2037 544; x_wconf 75' lang='grc' dir='ltr'><strong>Α</strong></span> 
     </span>
    </p>
   </div>
   <div class='ocr_carea' id='block_1_3' title="bbox 379 577 1968 656">
    <p class='ocr_par' dir='ltr' id='par_1_3' title="bbox 379 577 1968 656">
     <span class='ocr_line' id='line_1_3' title="bbox 379 577 1968 656; baseline -0.006 -15"><span class='ocrx_word' id='word_1_10' title='bbox 379 585 761 656; x_wconf 75' lang='lat' dir='ltr'><strong>presbyterum</strong></span> <span class='ocrx_word' id='word_1_11' title='bbox 804 581 1043 652; x_wconf 87' lang='lat' dir='ltr'><strong>seipsum</strong></span> <span class='ocrx_word' id='word_1_12' title='bbox 1077 580 1142 634; x_wconf 88' lang='lat' dir='ltr'><strong>ad</strong></span> <span class='ocrx_word' id='word_1_13' title='bbox 1183 578 1432 648; x_wconf 91' lang='lat' dir='ltr'><strong>publicas</strong></span> <span class='ocrx_word' id='word_1_14' title='bbox 1461 577 1968 634; x_wconf 73' lang='lat' dir='ltr'><strong>administrationes</strong></span> 
     </span>
    </p>
   </div>
   <div class='ocr_carea' id='block_1_4' title="bbox 379 670 1966 742">
    <p class='ocr_par' dir='ltr' id='par_1_4' title="bbox 379 670 1966 742">
     <span class='ocr_line' id='line_1_4' title="bbox 379 670 1966 742; baseline -0.005 -10"><span class='ocrx_word' id='word_1_15' title='bbox 379 678 708 742; x_wconf 74' lang='lat' dir='ltr'><strong>demittere,</strong></span> <span class='ocrx_word' id='word_1_16' title='bbox 763 674 857 730; x_wconf 91' lang='lat' dir='ltr'><strong>sed</strong></span> <span class='ocrx_word' id='word_1_17' title='bbox 906 674 959 728; x_wconf 90' lang='lat' dir='ltr'><strong>in</strong></span> <span class='ocrx_word' id='word_1_18' title='bbox 1018 671 1411 728; x_wconf 71' lang='lat' dir='ltr'><strong>ecclesiasticis</strong></span> <span class='ocrx_word' id='word_1_19' title='bbox 1459 670 1695 742; x_wconf 84' lang='lat' dir='ltr'><strong>negotiis</strong></span> <span class='ocrx_word' id='word_1_20' title='bbox 1737 670 1966 724; x_wconf 89' lang='lat' dir='ltr'><strong>versari.</strong></span> 
     </span>
    </p>
   </div>
   <div class='ocr_carea' id='block_1_5' title="bbox 377 763 1968 839">
    <p class='ocr_par' dir='ltr' id='par_1_5' title="bbox 377 763 1968 839">
     <span class='ocr_line' id='line_1_5' title="bbox 377 763 1968 839; baseline -0.003 -19"><span class='ocrx_word' id='word_1_21' title='bbox 377 768 475 824; x_wconf 82' lang='lat' dir='ltr'><strong>Vel</strong></span> <span class='ocrx_word' id='word_1_22' title='bbox 505 783 634 839; x_wconf 83' lang='lat' dir='ltr'><strong>ergo</strong></span> <span class='ocrx_word' id='word_1_23' title='bbox 666 769 738 821; x_wconf 89' lang='lat' dir='ltr'><strong>ita</strong></span> <span class='ocrx_word' id='word_1_24' title='bbox 783 783 890 822; x_wconf 93' lang='lat' dir='ltr'><strong>non</strong></span> <span class='ocrx_word' id='word_1_25' title='bbox 931 766 1112 821; x_wconf 82' lang='lat' dir='ltr'><strong>facere</strong></span> <span class='ocrx_word' id='word_1_26' title='bbox 1153 766 1568 835; x_wconf 73' lang='lat' dir='ltr'><strong>persuadeatur,</strong></span> <span class='ocrx_word' id='word_1_27' title='bbox 1601 763 1685 818; x_wconf 94' lang='lat' dir='ltr'><strong>vel</strong></span> <span class='ocrx_word' id='word_1_28' title='bbox 1727 763 1968 832; x_wconf 90' lang='lat' dir='ltr'><strong>depona-</strong></span> 
     </span>
    </p>
   </div>
   <div class='ocr_carea' id='block_1_6' title="bbox 370 850 1970 927">
    <p class='ocr_par' dir='ltr' id='par_1_6' title="bbox 370 850 1970 927">
     <span class='ocr_line' id='line_1_6' title="bbox 370 850 1970 927; baseline -0.006 -13"><span class='ocrx_word' id='word_1_29' title='bbox 370 869 493 915; x_wconf 85' lang='lat' dir='ltr'><strong>tur:</strong></span> <span class='ocrx_word' id='word_1_30' title='bbox 528 858 697 913; x_wconf 84' lang='lat' dir='ltr'><strong><em>Nemo</em></strong></span> <span class='ocrx_word' id='word_1_31' title='bbox 718 858 863 913; x_wconf 88' lang='lat' dir='ltr'><strong>enim</strong></span> <span class='ocrx_word' id='word_1_32' title='bbox 897 856 1286 927; x_wconf 84' lang='lat' dir='ltr'><strong>patestduobus</strong></span> <span class='ocrx_word' id='word_1_33' title='bbox 1317 854 1545 909; x_wconf 81' lang='lat' dir='ltr'><strong>dominis</strong></span> <span class='ocrx_word' id='word_1_34' title='bbox 1583 850 1858 916; x_wconf 74' lang='lat' dir='ltr'><strong>servire&quot;,</strong></span> <span class='ocrx_word' id='word_1_35' title='bbox 1881 865 1970 906; x_wconf 86' lang='lat' dir='ltr'><strong>se-</strong></span> 
     </span>
    </p>
   </div>
   <div class='ocr_carea' id='block_1_7' title="bbox 378 951 1244 1020">
    <p class='ocr_par' dir='ltr' id='par_1_7' title="bbox 378 951 1244 1020">
     <span class='ocr_line' id='line_1_7' title="bbox 378 951 1244 1020; baseline -0.008 -12"><span class='ocrx_word' id='word_1_36' title='bbox 378 954 620 1008; x_wconf 90' lang='lat' dir='ltr'><strong>cundum</strong></span> <span class='ocrx_word' id='word_1_37' title='bbox 648 951 863 1005; x_wconf 85' lang='lat' dir='ltr'><strong>Domini</strong></span> <span class='ocrx_word' id='word_1_38' title='bbox 893 958 1244 1020; x_wconf 67' lang='lat' dir='ltr'><strong>praeceptum.</strong></span> 
     </span>
    </p>
   </div>
   <div class='ocr_carea' id='block_1_8' title="bbox 448 1036 1971 1116">
    <p class='ocr_par' dir='ltr' id='par_1_8' title="bbox 448 1036 1971 1116">
     <span class='ocr_line' id='line_1_8' title="bbox 448 1036 1971 1116; baseline -0.006 -17"><span class='ocrx_word' id='word_1_39' title='bbox 448 1044 518 1099; x_wconf 76' lang='lat'><strong>85</strong></span> <span class='ocrx_word' id='word_1_40' title='bbox 557 1043 696 1116; x_wconf 71' lang='lat'><strong>[82].</strong></span> <span class='ocrx_word' id='word_1_41' title='bbox 739 1044 1075 1114; x_wconf 89' lang='lat' dir='ltr'><strong>Episcopus,</strong></span> <span class='ocrx_word' id='word_1_42' title='bbox 1113 1042 1197 1097; x_wconf 88' lang='lat' dir='ltr'><strong>vel</strong></span> <span class='ocrx_word' id='word_1_43' title='bbox 1241 1039 1560 1111; x_wconf 81' lang='lat' dir='ltr'><strong>presbyter,</strong></span> <span class='ocrx_word' id='word_1_44' title='bbox 1589 1037 1674 1093; x_wconf 87' lang='lat' dir='ltr'><strong>vel</strong></span> <span class='ocrx_word' id='word_1_45' title='bbox 1705 1036 1971 1092; x_wconf 88' lang='lat' dir='ltr'><strong>diaconus</strong></span> 
     </span>
    </p>
   </div>
   <div class='ocr_carea' id='block_1_9' title="bbox 377 1130 1971 1204">
    <p class='ocr_par' dir='ltr' id='par_1_9' title="bbox 377 1130 1971 1204">
     <span class='ocr_line' id='line_1_9' title="bbox 377 1130 1971 1204; baseline -0.009 -9"><span class='ocrx_word' id='word_1_46' title='bbox 377 1139 645 1195; x_wconf 83' lang='lat' dir='ltr'><strong>exercitui</strong></span> <span class='ocrx_word' id='word_1_47' title='bbox 667 1153 890 1202; x_wconf 89' lang='lat' dir='ltr'><strong>vacans,</strong></span> <span class='ocrx_word' id='word_1_48' title='bbox 917 1146 968 1191; x_wconf 89' lang='lat' dir='ltr'><strong>et</strong></span> <span class='ocrx_word' id='word_1_49' title='bbox 996 1144 1228 1204; x_wconf 90' lang='lat' dir='ltr'><strong>utraque</strong></span> <span class='ocrx_word' id='word_1_50' title='bbox 1252 1131 1501 1188; x_wconf 82' lang='lat' dir='ltr'><strong>obtinere</strong></span> <span class='ocrx_word' id='word_1_51' title='bbox 1525 1131 1735 1194; x_wconf 92' lang='lat' dir='ltr'><strong>volens,</strong></span> <span class='ocrx_word' id='word_1_52' title='bbox 1769 1130 1971 1183; x_wconf 82' lang='lat' dir='ltr'><strong>Roma-</strong></span> 
     </span>
    </p>
   </div>
   <div class='ocr_carea' id='block_1_10' title="bbox 380 1220 1972 1297">
    <p class='ocr_par' dir='ltr' id='par_1_10' title="bbox 380 1220 1972 1297">
     <span class='ocr_line' id='line_1_10' title="bbox 380 1220 1972 1297; baseline -0.007 -13"><span class='ocrx_word' id='word_1_53' title='bbox 380 1246 510 1286; x_wconf 89' lang='lat' dir='ltr'><strong>num</strong></span> <span class='ocrx_word' id='word_1_54' title='bbox 553 1230 764 1286; x_wconf 82' lang='lat' dir='ltr'><strong>scilicet</strong></span> <span class='ocrx_word' id='word_1_55' title='bbox 805 1229 1183 1297; x_wconf 79' lang='lat' dir='ltr'><strong>magistratum</strong></span> <span class='ocrx_word' id='word_1_56' title='bbox 1213 1267 1228 1292; x_wconf 93' lang='lat'><strong>,</strong></span> <span class='ocrx_word' id='word_1_57' title='bbox 1268 1233 1322 1280; x_wconf 91' lang='lat' dir='ltr'><strong>et</strong></span> <span class='ocrx_word' id='word_1_58' title='bbox 1363 1221 1754 1278; x_wconf 88' lang='lat' dir='ltr'><strong>sacerdotalem</strong></span> <span class='ocrx_word' id='word_1_59' title='bbox 1798 1220 1972 1274; x_wconf 89' lang='lat' dir='ltr'><strong>admi-</strong></span> 
     </span>
    </p>
   </div>
   <div class='ocr_carea' id='block_1_11' title="bbox 381 1311 1971 1389">
    <p class='ocr_par' dir='ltr' id='par_1_11' title="bbox 381 1311 1971 1389">
     <span class='ocr_line' id='line_1_11' title="bbox 381 1311 1971 1389; baseline -0.007 -13"><span class='ocrx_word' id='word_1_60' title='bbox 381 1321 764 1377; x_wconf 91' lang='lat' dir='ltr'><strong>nistrationem</strong></span> <span class='ocrx_word' id='word_1_61' title='bbox 787 1361 802 1386; x_wconf 94' lang='lat'><strong>,</strong></span> <span class='ocrx_word' id='word_1_62' title='bbox 831 1322 1136 1389; x_wconf 84' lang='lat' dir='ltr'><strong>deponatur</strong></span> <span class='ocrx_word' id='word_1_63' title='bbox 1167 1334 1179 1371; x_wconf 92' lang='lat'><strong>:</strong></span> <span class='ocrx_word' id='word_1_64' title='bbox 1213 1315 1344 1381; x_wconf 74' lang='lat' dir='ltr'><strong>Qua:</strong></span> <span class='ocrx_word' id='word_1_65' title='bbox 1375 1323 1499 1368; x_wconf 85' lang='lat' dir='ltr'><strong>sunt</strong></span> <span class='ocrx_word' id='word_1_66' title='bbox 1537 1315 1683 1369; x_wconf 90' lang='lat' dir='ltr'><strong>enim</strong></span> <span class='ocrx_word' id='word_1_67' title='bbox 1717 1311 1971 1379; x_wconf 65' lang='lat' dir='ltr'><strong>Casaris,</strong></span> 
     </span>
    </p>
   </div>
   <div class='ocr_carea' id='block_1_12' title="bbox 379 1405 1364 1483">
    <p class='ocr_par' dir='ltr' id='par_1_12' title="bbox 379 1405 1364 1483">
     <span class='ocr_line' id='line_1_12' title="bbox 379 1405 1364 1483; baseline -0.01 -12"><span class='ocrx_word' id='word_1_68' title='bbox 379 1413 582 1470; x_wconf 78' lang='lat' dir='ltr'><strong>C(Bsari</strong></span> <span class='ocrx_word' id='word_1_69' title='bbox 607 1431 624 1477; x_wconf 80' lang='lat'><strong>,&#39;</strong></span> <span class='ocrx_word' id='word_1_70' title='bbox 656 1423 706 1467; x_wconf 88' lang='lat' dir='ltr'><strong>et</strong></span> <span class='ocrx_word' id='word_1_71' title='bbox 739 1429 855 1483; x_wconf 75' lang='lat' dir='ltr'><strong>qua:</strong></span> <span class='ocrx_word' id='word_1_72' title='bbox 876 1419 998 1466; x_wconf 83' lang='lat' dir='ltr'><strong>sunt</strong></span> <span class='ocrx_word' id='word_1_73' title='bbox 1032 1405 1149 1475; x_wconf 80' lang='lat' dir='ltr'><strong>Dei,</strong></span> <span class='ocrx_word' id='word_1_74' title='bbox 1176 1409 1282 1462; x_wconf 87' lang='lat' dir='ltr'><strong>Deo</strong></span> <span class='ocrx_word' id='word_1_75' title='bbox 1300 1408 1364 1460; x_wconf 73' lang='grc'><strong>“.</strong></span> 
     </span>
    </p>
   </div>
   <div class='ocr_carea' id='block_1_13' title="bbox 453 1499 1616 1574">
    <p class='ocr_par' dir='ltr' id='par_1_13' title="bbox 453 1499 1616 1574">
     <span class='ocr_line' id='line_1_13' title="bbox 453 1499 1616 1574; baseline -0.006 -14"><span class='ocrx_word' id='word_1_76' title='bbox 453 1505 544 1560; x_wconf 72' lang='grc'><strong>84.</strong></span> <span class='ocrx_word' id='word_1_77' title='bbox 583 1504 848 1574; x_wconf 86' lang='lat' dir='ltr'><strong>Quisquis</strong></span> <span class='ocrx_word' id='word_1_78' title='bbox 874 1520 1078 1574; x_wconf 78' lang='lat' dir='ltr'><strong>regem,</strong></span> <span class='ocrx_word' id='word_1_79' title='bbox 1103 1511 1233 1568; x_wconf 91' lang='lat' dir='ltr'><strong>etc.,</strong></span> <span class='ocrx_word' id='word_1_80' title='bbox 1260 1513 1313 1555; x_wconf 87' lang='lat' dir='ltr'><strong>ut</strong></span> <span class='ocrx_word' id='word_1_81' title='bbox 1345 1517 1466 1569; x_wconf 86' lang='lat' dir='ltr'><strong>pag.</strong></span> <span class='ocrx_word' id='word_1_82' title='bbox 1488 1499 1616 1555; x_wconf 78' lang='lat'><strong>759.</strong></span> 
     </span>
    </p>
   </div>
   <div class='ocr_carea' id='block_1_14' title="bbox 656 1591 1697 1656">
    <p class='ocr_par' dir='ltr' id='par_1_14' title="bbox 656 1591 1697 1656">
     <span class='ocr_line' id='line_1_14' title="bbox 656 1591 1697 1656; baseline -0.009 -4"><span class='ocrx_word' id='word_1_83' title='bbox 656 1596 886 1652; x_wconf 80' lang='lat' dir='ltr'><strong>Concilii</strong></span> <span class='ocrx_word' id='word_1_84' title='bbox 913 1594 1127 1648; x_wconf 79' lang='lat' dir='ltr'><strong>Nicwni</strong></span> <span class='ocrx_word' id='word_1_85' title='bbox 1153 1609 1380 1648; x_wconf 82' lang='lat' dir='ltr'><strong>canones</strong></span> <span class='ocrx_word' id='word_1_86' title='bbox 1403 1591 1458 1655; x_wconf 73' lang='grc'><strong>2,</strong></span> <span class='ocrx_word' id='word_1_87' title='bbox 1494 1592 1580 1656; x_wconf 77' lang='grc'><strong>10,</strong></span> <span class='ocrx_word' id='word_1_88' title='bbox 1611 1591 1697 1644; x_wconf 86' lang='grc'><strong>17.</strong></span> 
     </span>
    </p>
   </div>
   <div class='ocr_carea' id='block_1_15' title="bbox 450 1682 1972 1753">
    <p class='ocr_par' dir='ltr' id='par_1_15' title="bbox 450 1682 1972 1753">
     <span class='ocr_line' id='line_1_15' title="bbox 450 1682 1972 1753; baseline -0.006 -10"><span class='ocrx_word' id='word_1_89' title='bbox 450 1688 506 1743; x_wconf 74' lang='lat'><strong>2.</strong></span> <span class='ocrx_word' id='word_1_90' title='bbox 567 1687 838 1753; x_wconf 84' lang='lat' dir='ltr'><strong>Quoniam</strong></span> <span class='ocrx_word' id='word_1_91' title='bbox 913 1685 1121 1750; x_wconf 88' lang='lat' dir='ltr'><strong>multa,</strong></span> <span class='ocrx_word' id='word_1_92' title='bbox 1182 1684 1268 1739; x_wconf 88' lang='lat' dir='ltr'><strong>vel</strong></span> <span class='ocrx_word' id='word_1_93' title='bbox 1329 1682 1690 1747; x_wconf 86' lang='lat' dir='ltr'><strong>necessitate,</strong></span> <span class='ocrx_word' id='word_1_94' title='bbox 1740 1689 1870 1748; x_wconf 87' lang='lat' dir='ltr'><strong>etc.,</strong></span> <span class='ocrx_word' id='word_1_95' title='bbox 1915 1690 1972 1734; x_wconf 88' lang='lat' dir='ltr'><strong>ut</strong></span> 
     </span>
    </p>
   </div>
   <div class='ocr_carea' id='block_1_16' title="bbox 380 1783 671 1858">
    <p class='ocr_par' dir='ltr' id='par_1_16' title="bbox 380 1783 671 1858">
     <span class='ocr_line' id='line_1_16' title="bbox 380 1783 671 1858; baseline -0.007 -17"><span class='ocrx_word' id='word_1_96' title='bbox 380 1803 503 1858; x_wconf 83' lang='lat' dir='ltr'><strong>pag.</strong></span> <span class='ocrx_word' id='word_1_97' title='bbox 544 1783 671 1840; x_wconf 66' lang='lat'><strong>499.</strong></span> 
     </span>
    </p>
   </div>
   <div class='ocr_carea' id='block_1_17' title="bbox 448 1851 2049 1946">
    <p class='ocr_par' dir='ltr' id='par_1_17' title="bbox 448 1851 2049 1946">
     <span class='ocr_line' id='line_1_17' title="bbox 448 1851 2049 1946; baseline -0.005 -15"><span class='ocrx_word' id='word_1_98' title='bbox 448 1851 536 1932; x_wconf 80' lang='grc'><strong>10.</strong></span> <span class='ocrx_word' id='word_1_99' title='bbox 578 1876 905 1946; x_wconf 84' lang='lat' dir='ltr'><strong>Quicunque</strong></span> <span class='ocrx_word' id='word_1_100' title='bbox 962 1889 1027 1928; x_wconf 78' lang='lat' dir='ltr'><strong>ex</strong></span> <span class='ocrx_word' id='word_1_101' title='bbox 1078 1874 1143 1928; x_wconf 93' lang='lat' dir='ltr'><strong>iis</strong></span> <span class='ocrx_word' id='word_1_102' title='bbox 1191 1873 1285 1944; x_wconf 85' lang='lat' dir='ltr'><strong>qui</strong></span> <span class='ocrx_word' id='word_1_103' title='bbox 1354 1872 1495 1943; x_wconf 90' lang='lat' dir='ltr'><strong>lapsi</strong></span> <span class='ocrx_word' id='word_1_104' title='bbox 1530 1879 1680 1940; x_wconf 89' lang='lat' dir='ltr'><strong>sunt,</strong></span> <span class='ocrx_word' id='word_1_105' title='bbox 1730 1879 1860 1937; x_wconf 89' lang='lat' dir='ltr'><strong>etc.,</strong></span> <span class='ocrx_word' id='word_1_106' title='bbox 1914 1879 1971 1924; x_wconf 87' lang='lat' dir='ltr'><strong>ut</strong></span> <span class='ocrx_word' id='word_1_107' title='bbox 2002 1851 2049 1910; x_wconf 79' lang='grc' dir='ltr'><strong>Β</strong></span> 
     </span>
    </p>
   </div>
   <div class='ocr_carea' id='block_1_18' title="bbox 385 1967 668 2040">
    <p class='ocr_par' dir='ltr' id='par_1_18' title="bbox 385 1967 668 2040">
     <span class='ocr_line' id='line_1_18' title="bbox 385 1967 668 2040; baseline -0.007 -17"><span class='ocrx_word' id='word_1_108' title='bbox 385 1986 504 2040; x_wconf 87' lang='lat' dir='ltr'><strong>pag.</strong></span> <span class='ocrx_word' id='word_1_109' title='bbox 539 1967 668 2022; x_wconf 65' lang='grc'><strong>547.</strong></span> 
     </span>
    </p>
   </div>
   <div class='ocr_carea' id='block_1_19' title="bbox 460 2056 1975 2128">
    <p class='ocr_par' dir='ltr' id='par_1_19' title="bbox 460 2056 1975 2128">
     <span class='ocr_line' id='line_1_19' title="bbox 460 2056 1975 2128; baseline -0.007 -12"><span class='ocrx_word' id='word_1_110' title='bbox 460 2062 548 2116; x_wconf 86' lang='grc'><strong>17.</strong></span> <span class='ocrx_word' id='word_1_111' title='bbox 591 2058 864 2126; x_wconf 87' lang='lat' dir='ltr'><strong>Quoniam</strong></span> <span class='ocrx_word' id='word_1_112' title='bbox 910 2057 1068 2112; x_wconf 90' lang='lat' dir='ltr'><strong>multi</strong></span> <span class='ocrx_word' id='word_1_113' title='bbox 1100 2058 1145 2090; x_wconf 63' lang='grc'>⁵⁸</span> <span class='ocrx_word' id='word_1_114' title='bbox 1183 2056 1275 2128; x_wconf 89' lang='lat' dir='ltr'><strong>qui</strong></span> <span class='ocrx_word' id='word_1_115' title='bbox 1327 2056 1383 2110; x_wconf 92' lang='lat' dir='ltr'><strong>in</strong></span> <span class='ocrx_word' id='word_1_116' title='bbox 1426 2069 1638 2111; x_wconf 90' lang='lat' dir='ltr'><strong>canone</strong></span> <span class='ocrx_word' id='word_1_117' title='bbox 1682 2068 1975 2108; x_wconf 86' lang='lat' dir='ltr'><strong>recensen-</strong></span> 
     </span>
    </p>
   </div>
   <div class='ocr_carea' id='block_1_20' title="bbox 383 2147 1974 2222">
    <p class='ocr_par' dir='ltr' id='par_1_20' title="bbox 383 2147 1974 2222">
     <span class='ocr_line' id='line_1_20' title="bbox 383 2147 1974 2222; baseline -0.006 -15"><span class='ocrx_word' id='word_1_118' title='bbox 383 2161 490 2214; x_wconf 87' lang='lat' dir='ltr'><strong>tur,</strong></span> <span class='ocrx_word' id='word_1_119' title='bbox 525 2152 682 2222; x_wconf 90' lang='lat' dir='ltr'><strong>plura</strong></span> <span class='ocrx_word' id='word_1_120' title='bbox 711 2149 945 2204; x_wconf 81' lang='lat' dir='ltr'><strong>habendi</strong></span> <span class='ocrx_word' id='word_1_121' title='bbox 978 2148 1218 2203; x_wconf 87' lang='lat' dir='ltr'><strong>studium</strong></span> <span class='ocrx_word' id='word_1_122' title='bbox 1267 2159 1316 2202; x_wconf 90' lang='lat' dir='ltr'><strong>et</strong></span> <span class='ocrx_word' id='word_1_123' title='bbox 1353 2156 1510 2218; x_wconf 88' lang='lat' dir='ltr'><strong>turpe</strong></span> <span class='ocrx_word' id='word_1_124' title='bbox 1541 2147 1752 2201; x_wconf 89' lang='lat' dir='ltr'><strong>lucrum</strong></span> <span class='ocrx_word' id='word_1_125' title='bbox 1787 2161 1974 2215; x_wconf 75' lang='lat' dir='ltr'><strong>perse-</strong></span> 
     </span>
    </p>
   </div>
   <div class='ocr_carea' id='block_1_21' title="bbox 386 2237 1973 2316">
    <p class='ocr_par' dir='ltr' id='par_1_21' title="bbox 386 2237 1973 2316">
     <span class='ocr_line' id='line_1_21' title="bbox 386 2237 1973 2316; baseline -0.006 -16"><span class='ocrx_word' id='word_1_126' title='bbox 386 2258 642 2316; x_wconf 88' lang='lat' dir='ltr'><strong>quentes,</strong></span> <span class='ocrx_word' id='word_1_127' title='bbox 674 2244 876 2299; x_wconf 75' lang='lat' dir='ltr'><strong>divinae</strong></span> <span class='ocrx_word' id='word_1_128' title='bbox 913 2242 1210 2312; x_wconf 76' lang='lat' dir='ltr'><strong>Scriptura:</strong></span> <span class='ocrx_word' id='word_1_129' title='bbox 1256 2240 1412 2294; x_wconf 82' lang='lat' dir='ltr'><strong>obliti</strong></span> <span class='ocrx_word' id='word_1_130' title='bbox 1463 2248 1614 2302; x_wconf 91' lang='lat' dir='ltr'><strong>sunt,</strong></span> <span class='ocrx_word' id='word_1_131' title='bbox 1647 2254 1770 2308; x_wconf 64' lang='lat' dir='ltr'><strong>quae</strong></span> <span class='ocrx_word' id='word_1_132' title='bbox 1797 2237 1930 2291; x_wconf 90' lang='lat' dir='ltr'><strong>dicit</strong></span> <span class='ocrx_word' id='word_1_133' title='bbox 1960 2255 1973 2290; x_wconf 87' lang='lat'><strong>:</strong></span> 
     </span>
    </p>
   </div>
   <div class='ocr_carea' id='block_1_22' title="bbox 382 2328 1978 2409">
    <p class='ocr_par' dir='ltr' id='par_1_22' title="bbox 382 2328 1978 2409">
     <span class='ocr_line' id='line_1_22' title="bbox 382 2328 1978 2409; baseline -0.005 -19"><span class='ocrx_word' id='word_1_134' title='bbox 382 2337 674 2409; x_wconf 80' lang='lat' dir='ltr'><strong>Argentum</strong></span> <span class='ocrx_word' id='word_1_135' title='bbox 719 2352 873 2390; x_wconf 86' lang='lat' dir='ltr'><strong>suum</strong></span> <span class='ocrx_word' id='word_1_136' title='bbox 914 2351 1015 2388; x_wconf 90' lang='lat' dir='ltr'><strong>non</strong></span> <span class='ocrx_word' id='word_1_137' title='bbox 1056 2334 1201 2387; x_wconf 79' lang='lat' dir='ltr'><strong>dedit</strong></span> <span class='ocrx_word' id='word_1_138' title='bbox 1252 2335 1320 2386; x_wconf 88' lang='lat' dir='ltr'><strong>ad</strong></span> <span class='ocrx_word' id='word_1_139' title='bbox 1362 2348 1584 2386; x_wconf 84' lang='lat' dir='ltr'><strong>usuram</strong></span> <span class='ocrx_word' id='word_1_140' title='bbox 1613 2330 1697 2384; x_wconf 47' lang='lat'><strong>5°:</strong></span> <span class='ocrx_word' id='word_1_141' title='bbox 1733 2328 1897 2400; x_wconf 71' lang='grc'>274</span> <span class='ocrx_word' id='word_1_142' title='bbox 1923 2337 1978 2383; x_wconf 85' lang='lat' dir='ltr'><strong>et</strong></span> 
     </span>
    </p>
   </div>
   <div class='ocr_carea' id='block_1_23' title="bbox 378 2421 1978 2495">
    <p class='ocr_par' dir='ltr' id='par_1_23' title="bbox 378 2421 1978 2495">
     <span class='ocr_line' id='line_1_23' title="bbox 378 2421 1978 2495; baseline -0.008 -10"><span class='ocrx_word' id='word_1_143' title='bbox 378 2430 691 2485; x_wconf 78' lang='lat' dir='ltr'><strong>feneranles</strong></span> <span class='ocrx_word' id='word_1_144' title='bbox 754 2427 1086 2482; x_wconf 87' lang='lat' dir='ltr'><strong>centesimas</strong></span> <span class='ocrx_word' id='word_1_145' title='bbox 1139 2424 1402 2495; x_wconf 81' lang='lat' dir='ltr'><strong>exigunt;</strong></span> <span class='ocrx_word' id='word_1_146' title='bbox 1484 2437 1700 2492; x_wconf 71' lang='lat' dir='ltr'><strong>tequum</strong></span> <span class='ocrx_word' id='word_1_147' title='bbox 1762 2421 1978 2476; x_wconf 86' lang='lat' dir='ltr'><strong>censuit</strong></span> 
     </span>
    </p>
   </div>
   <div class='ocr_carea' id='block_1_24' title="bbox 380 2512 1975 2589">
    <p class='ocr_par' dir='ltr' id='par_1_24' title="bbox 380 2512 1975 2589">
     <span class='ocr_line' id='line_1_24' title="bbox 380 2512 1975 2589; baseline -0.007 -13"><span class='ocrx_word' id='word_1_148' title='bbox 380 2531 573 2577; x_wconf 88' lang='lat' dir='ltr'><strong>sancta</strong></span> <span class='ocrx_word' id='word_1_149' title='bbox 615 2528 668 2573; x_wconf 88' lang='lat' dir='ltr'><strong>et</strong></span> <span class='ocrx_word' id='word_1_150' title='bbox 699 2533 900 2589; x_wconf 85' lang='lat' dir='ltr'><strong>magna</strong></span> <span class='ocrx_word' id='word_1_151' title='bbox 936 2517 1202 2588; x_wconf 83' lang='lat' dir='ltr'><strong>synodus,</strong></span> <span class='ocrx_word' id='word_1_152' title='bbox 1247 2525 1307 2570; x_wconf 88' lang='lat' dir='ltr'><strong>ut</strong></span> <span class='ocrx_word' id='word_1_153' title='bbox 1333 2514 1380 2571; x_wconf 90' lang='lat' dir='ltr'><strong>si</strong></span> <span class='ocrx_word' id='word_1_154' title='bbox 1410 2514 1535 2585; x_wconf 87' lang='lat' dir='ltr'><strong>quis</strong></span> <span class='ocrx_word' id='word_1_155' title='bbox 1567 2515 1822 2568; x_wconf 90' lang='lat' dir='ltr'><strong>inventus</strong></span> <span class='ocrx_word' id='word_1_156' title='bbox 1855 2512 1975 2566; x_wconf 81' lang='lat' dir='ltr'><strong>fue-</strong></span> 
     </span>
    </p>
   </div>
   <div class='ocr_carea' id='block_1_25' title="bbox 379 2603 1977 2683">
    <p class='ocr_par' dir='ltr' id='par_1_25' title="bbox 379 2603 1977 2683">
     <span class='ocr_line' id='line_1_25' title="bbox 379 2603 1977 2683; baseline -0.006 -17"><span class='ocrx_word' id='word_1_157' title='bbox 379 2613 452 2667; x_wconf 87' lang='lat' dir='ltr'><strong>rit</strong></span> <span class='ocrx_word' id='word_1_158' title='bbox 497 2621 622 2683; x_wconf 90' lang='lat' dir='ltr'><strong>post</strong></span> <span class='ocrx_word' id='word_1_159' title='bbox 673 2619 935 2666; x_wconf 87' lang='lat' dir='ltr'><strong>statutum</strong></span> <span class='ocrx_word' id='word_1_160' title='bbox 986 2625 1184 2664; x_wconf 89' lang='lat' dir='ltr'><strong>usuras</strong></span> <span class='ocrx_word' id='word_1_161' title='bbox 1234 2624 1303 2663; x_wconf 84' lang='lat' dir='ltr'><strong>ex</strong></span> <span class='ocrx_word' id='word_1_162' title='bbox 1360 2616 1555 2662; x_wconf 90' lang='lat' dir='ltr'><strong>mutuo</strong></span> <span class='ocrx_word' id='word_1_163' title='bbox 1601 2619 1838 2668; x_wconf 87' lang='lat' dir='ltr'><strong>sumere,</strong></span> <span class='ocrx_word' id='word_1_164' title='bbox 1894 2603 1977 2657; x_wconf 87' lang='lat' dir='ltr'><strong>vel</strong></span> 
     </span>
    </p>
   </div>
   <div class='ocr_carea' id='block_1_26' title="bbox 280 2694 1976 2771">
    <p class='ocr_par' dir='ltr' id='par_1_26' title="bbox 280 2694 1976 2771">
     <span class='ocr_line' id='line_1_26' title="bbox 280 2694 1976 2771; baseline -0.007 -11"><span class='ocrx_word' id='word_1_165' title='bbox 280 2767 283 2769; x_wconf 97' lang='lat'><em>_</em></span> <span class='ocrx_word' id='word_1_166' title='bbox 380 2718 501 2759; x_wconf 88' lang='lat' dir='ltr'><strong>eam</strong></span> <span class='ocrx_word' id='word_1_167' title='bbox 547 2719 659 2759; x_wconf 86' lang='lat' dir='ltr'><strong>rem</strong></span> <span class='ocrx_word' id='word_1_168' title='bbox 713 2702 872 2756; x_wconf 90' lang='lat' dir='ltr'><strong>aliter</strong></span> <span class='ocrx_word' id='word_1_169' title='bbox 906 2702 1180 2771; x_wconf 79' lang='lat' dir='ltr'><strong>persequi,</strong></span> <span class='ocrx_word' id='word_1_170' title='bbox 1215 2699 1296 2754; x_wconf 89' lang='lat' dir='ltr'><strong>vel</strong></span> <span class='ocrx_word' id='word_1_171' title='bbox 1337 2697 1732 2770; x_wconf 89' lang='lat' dir='ltr'><strong>sesquialteras</strong></span> <span class='ocrx_word' id='word_1_172' title='bbox 1761 2694 1976 2768; x_wconf 85' lang='lat' dir='ltr'><strong>[sescu-</strong></span> 
     </span>
    </p>
   </div>
   <div class='ocr_carea' id='block_1_27' title="bbox 383 2789 1972 2866">
    <p class='ocr_par' dir='ltr' id='par_1_27' title="bbox 383 2789 1972 2866">
     <span class='ocr_line' id='line_1_27' title="bbox 383 2789 1972 2866; baseline -0.004 -17"><span class='ocrx_word' id='word_1_173' title='bbox 383 2793 524 2866; x_wconf 90' lang='lat' dir='ltr'><strong>plas]</strong></span> <span class='ocrx_word' id='word_1_174' title='bbox 562 2795 800 2864; x_wconf 73' lang='lat' dir='ltr'><strong>exigere,</strong></span> <span class='ocrx_word' id='word_1_175' title='bbox 856 2794 940 2848; x_wconf 87' lang='lat' dir='ltr'><strong>vel</strong></span> <span class='ocrx_word' id='word_1_176' title='bbox 987 2792 1192 2861; x_wconf 89' lang='lat' dir='ltr'><strong>aliquid</strong></span> <span class='ocrx_word' id='word_1_177' title='bbox 1244 2791 1394 2845; x_wconf 86' lang='lat' dir='ltr'><strong>aliud</strong></span> <span class='ocrx_word' id='word_1_178' title='bbox 1440 2789 1754 2859; x_wconf 81' lang='lat' dir='ltr'><strong>excogitare</strong></span> <span class='ocrx_word' id='word_1_179' title='bbox 1794 2789 1972 2858; x_wconf 82' lang='lat' dir='ltr'><strong>turpis</strong></span> 
     </span>
    </p>
   </div>
   <div class='ocr_carea' id='block_1_28' title="bbox 383 2882 1972 2957">
    <p class='ocr_par' dir='ltr' id='par_1_28' title="bbox 383 2882 1972 2957">
     <span class='ocr_line' id='line_1_28' title="bbox 383 2882 1972 2957; baseline -0.002 -19"><span class='ocrx_word' id='word_1_180' title='bbox 383 2896 627 2957; x_wconf 55' lang='lat' dir='ltr'><strong>quastus</strong></span> <span class='ocrx_word' id='word_1_181' title='bbox 657 2885 854 2956; x_wconf 80' lang='lat' dir='ltr'><strong>gratia,</strong></span> <span class='ocrx_word' id='word_1_182' title='bbox 897 2900 929 2940; x_wconf 91' lang='lat' dir='ltr'><strong>e</strong></span> <span class='ocrx_word' id='word_1_183' title='bbox 957 2884 1106 2939; x_wconf 86' lang='lat' dir='ltr'><strong>clero</strong></span> <span class='ocrx_word' id='word_1_184' title='bbox 1134 2883 1464 2953; x_wconf 86' lang='lat' dir='ltr'><strong>deponatur,</strong></span> <span class='ocrx_word' id='word_1_185' title='bbox 1505 2892 1560 2938; x_wconf 93' lang='lat' dir='ltr'><strong>et</strong></span> <span class='ocrx_word' id='word_1_186' title='bbox 1593 2882 1670 2937; x_wconf 89' lang='lat' dir='ltr'><strong>sit</strong></span> <span class='ocrx_word' id='word_1_187' title='bbox 1701 2883 1910 2937; x_wconf 85' lang='lat' dir='ltr'><strong>alienus</strong></span> <span class='ocrx_word' id='word_1_188' title='bbox 1945 2898 1972 2935; x_wconf 85' lang='lat' dir='ltr'><strong>a</strong></span> 
     </span>
    </p>
   </div>
   <div class='ocr_carea' id='block_1_29' title="bbox 382 2993 612 3035">
    <p class='ocr_par' dir='ltr' id='par_1_29' title="bbox 382 2993 612 3035">
     <span class='ocr_line' id='line_1_29' title="bbox 382 2993 612 3035; baseline -0.013 0"><span class='ocrx_word' id='word_1_189' title='bbox 382 2993 612 3035; x_wconf 86' lang='lat' dir='ltr'><strong>canone.</strong></span> 
     </span>
    </p>
   </div>
   <div class='ocr_carea' id='block_1_30' title="bbox 602 3070 1757 3142">
    <p class='ocr_par' dir='ltr' id='par_1_30' title="bbox 602 3070 1757 3142">
     <span class='ocr_line' id='line_1_30' title="bbox 602 3070 1757 3142; baseline -0.001 -15"><span class='ocrx_word' id='word_1_190' title='bbox 602 3071 830 3128; x_wconf 78' lang='lat' dir='ltr'><strong>Concilii</strong></span> <span class='ocrx_word' id='word_1_191' title='bbox 865 3070 1139 3142; x_wconf 78' lang='lat' dir='ltr'><strong>Ancyrani</strong></span> <span class='ocrx_word' id='word_1_192' title='bbox 1169 3087 1394 3125; x_wconf 77' lang='lat' dir='ltr'><strong>mnones</strong></span> <span class='ocrx_word' id='word_1_193' title='bbox 1426 3070 1512 3136; x_wconf 84' lang='grc'><strong>10,</strong></span> <span class='ocrx_word' id='word_1_194' title='bbox 1549 3070 1636 3136; x_wconf 76' lang='grc'><strong>14,</strong></span> <span class='ocrx_word' id='word_1_195' title='bbox 1668 3070 1757 3126; x_wconf 88' lang='grc'><strong>18.</strong></span> 
     </span>
    </p>
   </div>
   <div class='ocr_carea' id='block_1_31' title="bbox 456 3162 1971 3239">
    <p class='ocr_par' dir='ltr' id='par_1_31' title="bbox 456 3162 1971 3239">
     <span class='ocr_line' id='line_1_31' title="bbox 456 3162 1971 3239; baseline -0.006 -15"><span class='ocrx_word' id='word_1_196' title='bbox 456 3171 543 3224; x_wconf 88' lang='grc'><strong>10.</strong></span> <span class='ocrx_word' id='word_1_197' title='bbox 576 3170 904 3239; x_wconf 90' lang='lat' dir='ltr'><strong>Quicunque</strong></span> <span class='ocrx_word' id='word_1_198' title='bbox 932 3168 1151 3223; x_wconf 89' lang='lat' dir='ltr'><strong>diaconi</strong></span> <span class='ocrx_word' id='word_1_199' title='bbox 1183 3164 1465 3222; x_wconf 87' lang='lat' dir='ltr'><strong>constituti</strong></span> <span class='ocrx_word' id='word_1_200' title='bbox 1493 3204 1508 3228; x_wconf 96' lang='lat'><strong>,</strong></span> <span class='ocrx_word' id='word_1_201' title='bbox 1541 3165 1594 3219; x_wconf 90' lang='lat' dir='ltr'><strong>in</strong></span> <span class='ocrx_word' id='word_1_202' title='bbox 1625 3166 1740 3235; x_wconf 87' lang='lat' dir='ltr'><strong>ipsa</strong></span> <span class='ocrx_word' id='word_1_203' title='bbox 1770 3162 1971 3219; x_wconf 87' lang='lat' dir='ltr'><strong>consti-</strong></span> 
     </span>
    </p>
   </div>
   <div class='ocr_carea' id='block_1_32' title="bbox 383 3258 1972 3326">
    <p class='ocr_par' dir='ltr' id='par_1_32' title="bbox 383 3258 1972 3326">
     <span class='ocr_line' id='line_1_32' title="bbox 383 3258 1972 3326; baseline -0.003 -13"><span class='ocrx_word' id='word_1_204' title='bbox 383 3261 595 3316; x_wconf 85' lang='lat' dir='ltr'><strong>tutione</strong></span> <span class='ocrx_word' id='word_1_205' title='bbox 665 3260 937 3315; x_wconf 84' lang='lat' dir='ltr'><strong>testiﬁcati</strong></span> <span class='ocrx_word' id='word_1_206' title='bbox 1003 3268 1132 3316; x_wconf 92' lang='lat' dir='ltr'><strong>sunt</strong></span> <span class='ocrx_word' id='word_1_207' title='bbox 1181 3267 1236 3312; x_wconf 91' lang='lat' dir='ltr'><strong>et</strong></span> <span class='ocrx_word' id='word_1_208' title='bbox 1285 3258 1545 3312; x_wconf 86' lang='lat' dir='ltr'><strong>dixerunt</strong></span> <span class='ocrx_word' id='word_1_209' title='bbox 1597 3264 1850 3326; x_wconf 87' lang='lat' dir='ltr'><strong>oportere</strong></span> <span class='ocrx_word' id='word_1_210' title='bbox 1914 3269 1972 3309; x_wconf 90' lang='lat' dir='ltr'><strong>se</strong></span> 
     </span>
    </p>
   </div>
   <div class='ocr_carea' id='block_1_33' title="bbox 382 3346 1974 3420">
    <p class='ocr_par' dir='ltr' id='par_1_33' title="bbox 382 3346 1974 3420">
     <span class='ocr_line' id='line_1_33' title="bbox 382 3346 1974 3420; baseline -0.004 -15"><span class='ocrx_word' id='word_1_211' title='bbox 382 3367 584 3406; x_wconf 75' lang='lat' dir='ltr'><strong>uxores</strong></span> <span class='ocrx_word' id='word_1_212' title='bbox 627 3352 861 3413; x_wconf 85' lang='lat' dir='ltr'><strong>ducere,</strong></span> <span class='ocrx_word' id='word_1_213' title='bbox 899 3366 1022 3405; x_wconf 89' lang='lat' dir='ltr'><strong>cum</strong></span> <span class='ocrx_word' id='word_1_214' title='bbox 1075 3366 1181 3404; x_wconf 89' lang='lat' dir='ltr'><strong>non</strong></span> <span class='ocrx_word' id='word_1_215' title='bbox 1215 3349 1427 3420; x_wconf 87' lang='lat' dir='ltr'><strong>possint</strong></span> <span class='ocrx_word' id='word_1_216' title='bbox 1461 3349 1541 3403; x_wconf 93' lang='lat' dir='ltr'><strong>sic</strong></span> <span class='ocrx_word' id='word_1_217' title='bbox 1581 3362 1828 3410; x_wconf 88' lang='lat' dir='ltr'><strong>manere,</strong></span> <span class='ocrx_word' id='word_1_218' title='bbox 1861 3347 1899 3401; x_wconf 91' lang='lat' dir='ltr'><strong>ii</strong></span> <span class='ocrx_word' id='word_1_219' title='bbox 1929 3346 1974 3400; x_wconf 90' lang='lat' dir='ltr'><strong>si</strong></span> 
     </span>
    </p>
   </div>
   <div class='ocr_carea' id='block_1_34' title="bbox 385 3439 1974 3513">
    <p class='ocr_par' dir='ltr' id='par_1_34' title="bbox 385 3439 1974 3513">
     <span class='ocr_line' id='line_1_34' title="bbox 385 3439 1974 3513; baseline -0.002 -17"><span class='ocrx_word' id='word_1_220' title='bbox 385 3458 612 3498; x_wconf 80' lang='lat' dir='ltr'><strong>uxorem</strong></span> <span class='ocrx_word' id='word_1_221' title='bbox 643 3453 830 3513; x_wconf 90' lang='lat' dir='ltr'><strong>postea</strong></span> <span class='ocrx_word' id='word_1_222' title='bbox 855 3444 1132 3510; x_wconf 83' lang='lat' dir='ltr'><strong>duxerint,</strong></span> <span class='ocrx_word' id='word_1_223' title='bbox 1162 3443 1273 3497; x_wconf 89' lang='lat' dir='ltr'><strong>sint</strong></span> <span class='ocrx_word' id='word_1_224' title='bbox 1301 3442 1354 3495; x_wconf 93' lang='lat' dir='ltr'><strong>in</strong></span> <span class='ocrx_word' id='word_1_225' title='bbox 1379 3441 1706 3507; x_wconf 75' lang='lat' dir='ltr'><strong>ministerio,</strong></span> <span class='ocrx_word' id='word_1_226' title='bbox 1738 3456 1806 3495; x_wconf 90' lang='lat' dir='ltr'><strong>eo</strong></span> <span class='ocrx_word' id='word_1_227' title='bbox 1829 3439 1974 3509; x_wconf 86' lang='lat' dir='ltr'><strong>quod</strong></span> 
     </span>
    </p>
   </div>
   <div class='ocr_carea' id='block_1_35' title="bbox 383 3533 1972 3604">
    <p class='ocr_par' dir='ltr' id='par_1_35' title="bbox 383 3533 1972 3604">
     <span class='ocr_line' id='line_1_35' title="bbox 383 3533 1972 3604; baseline -0.002 -16"><span class='ocrx_word' id='word_1_228' title='bbox 383 3536 487 3590; x_wconf 86' lang='lat' dir='ltr'><strong>hoc</strong></span> <span class='ocrx_word' id='word_1_229' title='bbox 524 3535 596 3590; x_wconf 90' lang='lat' dir='ltr'><strong>sit</strong></span> <span class='ocrx_word' id='word_1_230' title='bbox 646 3534 754 3590; x_wconf 90' lang='lat' dir='ltr'><strong>illis</strong></span> <span class='ocrx_word' id='word_1_231' title='bbox 785 3534 853 3588; x_wconf 91' lang='lat' dir='ltr'><strong>ab</strong></span> <span class='ocrx_word' id='word_1_232' title='bbox 883 3535 1145 3604; x_wconf 91' lang='lat' dir='ltr'><strong>episeopo</strong></span> <span class='ocrx_word' id='word_1_233' title='bbox 1179 3551 1527 3591; x_wconf 82' lang='lat' dir='ltr'><strong>concessum.</strong></span> <span class='ocrx_word' id='word_1_234' title='bbox 1573 3534 1628 3587; x_wconf 88' lang='lat' dir='ltr'><strong>Si</strong></span> <span class='ocrx_word' id='word_1_235' title='bbox 1661 3533 1755 3604; x_wconf 91' lang='lat' dir='ltr'><strong>qui</strong></span> <span class='ocrx_word' id='word_1_236' title='bbox 1787 3543 1972 3588; x_wconf 91' lang='lat' dir='ltr'><strong>autem</strong></span> 
     </span>
    </p>
   </div>
   <div class='ocr_carea' id='block_1_36' title="bbox 381 3626 1973 3698">
    <p class='ocr_par' dir='ltr' id='par_1_36' title="bbox 381 3626 1973 3698">
     <span class='ocr_line' id='line_1_36' title="bbox 381 3626 1973 3698; baseline -0.003 -16"><span class='ocrx_word' id='word_1_237' title='bbox 381 3627 487 3683; x_wconf 83' lang='lat' dir='ltr'><strong>hoc</strong></span> <span class='ocrx_word' id='word_1_238' title='bbox 517 3628 736 3683; x_wconf 90' lang='lat' dir='ltr'><strong>silentio</strong></span> <span class='ocrx_word' id='word_1_239' title='bbox 777 3629 1087 3698; x_wconf 70' lang='lat' dir='ltr'><strong>praeterito,</strong></span> <span class='ocrx_word' id='word_1_240' title='bbox 1145 3637 1198 3682; x_wconf 92' lang='lat' dir='ltr'><strong>et</strong></span> <span class='ocrx_word' id='word_1_241' title='bbox 1252 3627 1303 3681; x_wconf 92' lang='lat' dir='ltr'><strong>in</strong></span> <span class='ocrx_word' id='word_1_242' title='bbox 1355 3627 1741 3690; x_wconf 89' lang='lat' dir='ltr'><strong>ordinatione,</strong></span> <span class='ocrx_word' id='word_1_243' title='bbox 1794 3634 1853 3680; x_wconf 88' lang='lat' dir='ltr'><strong>ut</strong></span> <span class='ocrx_word' id='word_1_244' title='bbox 1902 3626 1973 3679; x_wconf 86' lang='lat' dir='ltr'><strong>ita</strong></span> 
     </span>
    </p>
   </div>
   <div class='ocr_carea' id='block_1_37' title="bbox 384 3717 1976 3788">
    <p class='ocr_par' dir='ltr' id='par_1_37' title="bbox 384 3717 1976 3788">
     <span class='ocr_line' id='line_1_37' title="bbox 384 3717 1976 3788; baseline 0.001 -18"><span class='ocrx_word' id='word_1_245' title='bbox 384 3728 701 3784; x_wconf 86' lang='lat' dir='ltr'><strong>manerent,</strong></span> <span class='ocrx_word' id='word_1_246' title='bbox 741 3719 982 3788; x_wconf 91' lang='lat' dir='ltr'><strong>suscepti</strong></span> <span class='ocrx_word' id='word_1_247' title='bbox 1022 3726 1180 3780; x_wconf 87' lang='lat' dir='ltr'><strong>sunt,</strong></span> <span class='ocrx_word' id='word_1_248' title='bbox 1230 3727 1419 3788; x_wconf 85' lang='lat' dir='ltr'><strong>postea</strong></span> <span class='ocrx_word' id='word_1_249' title='bbox 1454 3727 1636 3772; x_wconf 89' lang='lat' dir='ltr'><strong>autem</strong></span> <span class='ocrx_word' id='word_1_250' title='bbox 1679 3718 1746 3772; x_wconf 89' lang='lat' dir='ltr'><strong>ad</strong></span> <span class='ocrx_word' id='word_1_251' title='bbox 1785 3717 1976 3772; x_wconf 87' lang='lat' dir='ltr'><strong>matri-</strong></span> 
     </span>
    </p>
   </div>
   <div class='ocr_carea' id='block_1_38' title="bbox 381 3807 1686 3873">
    <p class='ocr_par' dir='ltr' id='par_1_38' title="bbox 381 3807 1686 3873">
     <span class='ocr_line' id='line_1_38' title="bbox 381 3807 1686 3873; baseline 0 -11"><span class='ocrx_word' id='word_1_252' title='bbox 381 3807 629 3862; x_wconf 88' lang='lat' dir='ltr'><strong>monium</strong></span> <span class='ocrx_word' id='word_1_253' title='bbox 661 3819 950 3873; x_wconf 88' lang='lat' dir='ltr'><strong>venerunt,</strong></span> <span class='ocrx_word' id='word_1_254' title='bbox 990 3809 1024 3862; x_wconf 92' lang='lat' dir='ltr'><strong>ii</strong></span> <span class='ocrx_word' id='word_1_255' title='bbox 1055 3825 1084 3862; x_wconf 90' lang='lat' dir='ltr'><strong>a</strong></span> <span class='ocrx_word' id='word_1_256' title='bbox 1116 3808 1412 3864; x_wconf 88' lang='lat' dir='ltr'><strong>diaconatu</strong></span> <span class='ocrx_word' id='word_1_257' title='bbox 1447 3815 1686 3863; x_wconf 89' lang='lat' dir='ltr'><strong>cessent.</strong></span> 
     </span>
    </p>
   </div>
   <div class='ocr_carea' id='block_1_39' title="bbox 453 3899 1974 3973">
    <p class='ocr_par' dir='ltr' id='par_1_39' title="bbox 453 3899 1974 3973">
     <span class='ocr_line' id='line_1_39' title="bbox 453 3899 1974 3973; baseline 0.001 -19"><span class='ocrx_word' id='word_1_258' title='bbox 453 3900 541 3954; x_wconf 76' lang='grc'><strong>14.</strong></span> <span class='ocrx_word' id='word_1_259' title='bbox 585 3899 689 3967; x_wconf 89' lang='lat' dir='ltr'><strong>Qui</strong></span> <span class='ocrx_word' id='word_1_260' title='bbox 730 3901 782 3954; x_wconf 91' lang='lat' dir='ltr'><strong>in</strong></span> <span class='ocrx_word' id='word_1_261' title='bbox 815 3901 962 3956; x_wconf 85' lang='lat' dir='ltr'><strong>clero</strong></span> <span class='ocrx_word' id='word_1_262' title='bbox 1009 3910 1176 3969; x_wconf 89' lang='lat' dir='ltr'><strong>sunt,</strong></span> <span class='ocrx_word' id='word_1_263' title='bbox 1222 3902 1565 3973; x_wconf 79' lang='lat' dir='ltr'><strong>presbyteros</strong></span> <span class='ocrx_word' id='word_1_264' title='bbox 1593 3902 1674 3956; x_wconf 90' lang='lat' dir='ltr'><strong>vel</strong></span> <span class='ocrx_word' id='word_1_265' title='bbox 1707 3900 1974 3956; x_wconf 86' lang='lat' dir='ltr'><strong>diaconos</strong></span> 
     </span>
    </p>
   </div>
   <div class='ocr_carea' id='block_1_40' title="bbox 382 3991 1972 4063">
    <p class='ocr_par' dir='ltr' id='par_1_40' title="bbox 382 3991 1972 4063">
     <span class='ocr_line' id='line_1_40' title="bbox 382 3991 1972 4063; baseline 0 -19"><span class='ocrx_word' id='word_1_266' title='bbox 382 4006 412 4044; x_wconf 76' lang='grc' dir='ltr'><strong>ιι</strong></span> <span class='ocrx_word' id='word_1_267' title='bbox 448 3991 708 4046; x_wconf 90' lang='lat' dir='ltr'><strong>carnibus</strong></span> <span class='ocrx_word' id='word_1_268' title='bbox 744 3991 1081 4048; x_wconf 90' lang='lat' dir='ltr'><strong>abstinentes</strong></span> <span class='ocrx_word' id='word_1_269' title='bbox 1107 4036 1122 4060; x_wconf 95' lang='lat'><strong>,</strong></span> <span class='ocrx_word' id='word_1_270' title='bbox 1169 3994 1347 4047; x_wconf 88' lang='lat' dir='ltr'><strong>visum</strong></span> <span class='ocrx_word' id='word_1_271' title='bbox 1390 4001 1473 4047; x_wconf 85' lang='lat' dir='ltr'><strong>est</strong></span> <span class='ocrx_word' id='word_1_272' title='bbox 1517 4009 1612 4047; x_wconf 83' lang='lat' dir='ltr'><strong>eas</strong></span> <span class='ocrx_word' id='word_1_273' title='bbox 1663 3993 1933 4063; x_wconf 84' lang='lat' dir='ltr'><strong>attingere</strong></span> <span class='ocrx_word' id='word_1_274' title='bbox 1957 4033 1972 4055; x_wconf 89' lang='lat'><strong>,</strong></span> 
     </span>
    </p>
   </div>
   <div class='ocr_carea' id='block_1_41' title="bbox 381 4085 1978 4152">
    <p class='ocr_par' dir='ltr' id='par_1_41' title="bbox 381 4085 1978 4152">
     <span class='ocr_line' id='line_1_41' title="bbox 381 4085 1978 4152; baseline -0.001 -13"><span class='ocrx_word' id='word_1_275' title='bbox 381 4094 438 4139; x_wconf 89' lang='lat' dir='ltr'><strong>et</strong></span> <span class='ocrx_word' id='word_1_276' title='bbox 467 4088 568 4151; x_wconf 93' lang='lat' dir='ltr'><strong>sic,</strong></span> <span class='ocrx_word' id='word_1_277' title='bbox 593 4095 652 4140; x_wconf 89' lang='lat' dir='ltr'><strong>ut</strong></span> <span class='ocrx_word' id='word_1_278' title='bbox 683 4085 869 4152; x_wconf 87' lang='lat' dir='ltr'><strong>velint,</strong></span> <span class='ocrx_word' id='word_1_279' title='bbox 905 4086 973 4140; x_wconf 88' lang='lat' dir='ltr'><strong>ab</strong></span> <span class='ocrx_word' id='word_1_280' title='bbox 1003 4087 1082 4140; x_wconf 89' lang='lat' dir='ltr'><strong>eis</strong></span> <span class='ocrx_word' id='word_1_281' title='bbox 1119 4086 1414 4141; x_wconf 89' lang='lat' dir='ltr'><strong>abstinere.</strong></span> <span class='ocrx_word' id='word_1_282' title='bbox 1460 4086 1516 4140; x_wconf 90' lang='lat' dir='ltr'><strong>Si</strong></span> <span class='ocrx_word' id='word_1_283' title='bbox 1566 4095 1748 4140; x_wconf 88' lang='lat' dir='ltr'><strong>autem</strong></span> <span class='ocrx_word' id='word_1_284' title='bbox 1800 4086 1978 4140; x_wconf 89' lang='lat' dir='ltr'><strong>nolint</strong></span> 
     </span>
    </p>
   </div>
   <div class='ocr_carea' id='block_1_42' title="bbox 381 4175 1977 4246">
    <p class='ocr_par' dir='ltr' id='par_1_42' title="bbox 381 4175 1977 4246">
     <span class='ocr_line' id='line_1_42' title="bbox 381 4175 1977 4246; baseline 0.002 -17"><span class='ocrx_word' id='word_1_285' title='bbox 381 4175 530 4229; x_wconf 87' lang='lat' dir='ltr'><strong>olera</strong></span> <span class='ocrx_word' id='word_1_286' title='bbox 560 4216 574 4240; x_wconf 91' lang='lat'><strong>,</strong></span> <span class='ocrx_word' id='word_1_287' title='bbox 615 4191 739 4246; x_wconf 71' lang='lat' dir='ltr'><strong>quae</strong></span> <span class='ocrx_word' id='word_1_288' title='bbox 769 4192 894 4230; x_wconf 88' lang='lat' dir='ltr'><strong>cum</strong></span> <span class='ocrx_word' id='word_1_289' title='bbox 929 4176 1190 4232; x_wconf 87' lang='lat' dir='ltr'><strong>carnibus</strong></span> <span class='ocrx_word' id='word_1_290' title='bbox 1226 4186 1601 4246; x_wconf 89' lang='lat' dir='ltr'><strong>apponuntur,</strong></span> <span class='ocrx_word' id='word_1_291' title='bbox 1646 4176 1977 4244; x_wconf 87' lang='lat' dir='ltr'><strong>comedere,</strong></span> 
     </span>
    </p>
   </div>
   <div class='ocr_carea' id='block_1_43' title="bbox 380 4269 1710 4336">
    <p class='ocr_par' dir='ltr' id='par_1_43' title="bbox 380 4269 1710 4336">
     <span class='ocr_line' id='line_1_43' title="bbox 380 4269 1710 4336; baseline -0.001 -13"><span class='ocrx_word' id='word_1_292' title='bbox 380 4275 435 4323; x_wconf 87' lang='lat' dir='ltr'><strong>ct</strong></span> <span class='ocrx_word' id='word_1_293' title='bbox 469 4269 667 4323; x_wconf 90' lang='lat' dir='ltr'><strong>canoni</strong></span> <span class='ocrx_word' id='word_1_294' title='bbox 699 4284 805 4323; x_wconf 92' lang='lat' dir='ltr'><strong>non</strong></span> <span class='ocrx_word' id='word_1_295' title='bbox 836 4269 1075 4336; x_wconf 89' lang='lat' dir='ltr'><strong>cedant,</strong></span> <span class='ocrx_word' id='word_1_296' title='bbox 1129 4269 1198 4324; x_wconf 89' lang='lat' dir='ltr'><strong>ab</strong></span> <span class='ocrx_word' id='word_1_297' title='bbox 1231 4270 1426 4324; x_wconf 87' lang='lat' dir='ltr'><strong>ordine</strong></span> <span class='ocrx_word' id='word_1_298' title='bbox 1470 4285 1710 4325; x_wconf 87' lang='lat' dir='ltr'><strong>cessare.</strong></span> 
     </span>
    </p>
   </div>
   <div class='ocr_carea' id='block_1_44' title="bbox 445 4451 1972 4526">
    <p class='ocr_par' dir='ltr' id='par_1_44' title="bbox 445 4451 1972 4526">
     <span class='ocr_line' id='line_1_44' title="bbox 445 4451 1972 4526; baseline 0.004 -20"><span class='ocrx_word' id='word_1_299' title='bbox 445 4453 534 4507; x_wconf 88' lang='grc'><strong>18.</strong></span> <span class='ocrx_word' id='word_1_300' title='bbox 571 4451 628 4506; x_wconf 88' lang='lat' dir='ltr'><strong>Si</strong></span> <span class='ocrx_word' id='word_1_301' title='bbox 657 4453 751 4524; x_wconf 87' lang='lat' dir='ltr'><strong>qui</strong></span> <span class='ocrx_word' id='word_1_302' title='bbox 791 4453 1076 4509; x_wconf 88' lang='lat' dir='ltr'><strong>constituti</strong></span> <span class='ocrx_word' id='word_1_303' title='bbox 1132 4455 1399 4526; x_wconf 88' lang='lat' dir='ltr'><strong>episcopi,</strong></span> <span class='ocrx_word' id='word_1_304' title='bbox 1445 4465 1579 4521; x_wconf 87' lang='lat' dir='ltr'><strong>etc.,</strong></span> <span class='ocrx_word' id='word_1_305' title='bbox 1608 4464 1808 4526; x_wconf 79' lang='lat' dir='ltr'><strong>utpag.</strong></span> <span class='ocrx_word' id='word_1_306' title='bbox 1837 4456 1972 4512; x_wconf 82' lang='lat'><strong>506.</strong></span> 
     </span>
    </p>
   </div>
   <div class='ocr_carea' id='block_1_45' title="bbox 735 4629 1616 4688">
    <p class='ocr_par' dir='ltr' id='par_1_45' title="bbox 735 4629 1616 4688">
     <span class='ocr_line' id='line_1_45' title="bbox 735 4629 1616 4688; baseline 0.002 -2"><span class='ocrx_word' id='word_1_307' title='bbox 735 4629 960 4686; x_wconf 80' lang='lat' dir='ltr'><strong>Conciiii</strong></span> <span class='ocrx_word' id='word_1_308' title='bbox 995 4631 1346 4688; x_wconf 78' lang='lat' dir='ltr'><strong>Ca‘sareensis</strong></span> <span class='ocrx_word' id='word_1_309' title='bbox 1369 4649 1540 4687; x_wconf 82' lang='lat' dir='ltr'><strong>canon</strong></span> <span class='ocrx_word' id='word_1_310' title='bbox 1568 4633 1616 4688; x_wconf 87' lang='grc'><strong>1.</strong></span> 
     </span>
    </p>
   </div>
   <div class='ocr_carea' id='block_1_46' title="bbox 451 4721 1982 4798">
    <p class='ocr_par' dir='ltr' id='par_1_46' title="bbox 451 4721 1982 4798">
     <span class='ocr_line' id='line_1_46' title="bbox 451 4721 1982 4798; baseline 0.005 -22"><span class='ocrx_word' id='word_1_311' title='bbox 451 4721 504 4776; x_wconf 85' lang='grc'><strong>1.</strong></span> <span class='ocrx_word' id='word_1_312' title='bbox 537 4723 827 4794; x_wconf 84' lang='lat' dir='ltr'><strong>Presbyter</strong></span> <span class='ocrx_word' id='word_1_313' title='bbox 853 4726 897 4779; x_wconf 93' lang='lat' dir='ltr'><strong>si</strong></span> <span class='ocrx_word' id='word_1_314' title='bbox 925 4740 1149 4779; x_wconf 73' lang='lat' dir='ltr'><strong>uxorem</strong></span> <span class='ocrx_word' id='word_1_315' title='bbox 1185 4725 1437 4792; x_wconf 73' lang='lat' dir='ltr'><strong>duxerit,</strong></span> <span class='ocrx_word' id='word_1_316' title='bbox 1463 4736 1592 4792; x_wconf 92' lang='lat' dir='ltr'><strong>etc.,</strong></span> <span class='ocrx_word' id='word_1_317' title='bbox 1629 4737 1684 4779; x_wconf 86' lang='lat' dir='ltr'><strong>ut</strong></span> <span class='ocrx_word' id='word_1_318' title='bbox 1707 4743 1826 4798; x_wconf 87' lang='lat' dir='ltr'><strong>pag.</strong></span> <span class='ocrx_word' id='word_1_319' title='bbox 1858 4727 1982 4783; x_wconf 80' lang='lat'><strong>759.</strong></span> 
     </span>
    </p>
   </div>
   <div class='ocr_carea' id='block_1_47' title="bbox 540 4803 1817 4888">
    <p class='ocr_par' dir='ltr' id='par_1_47' title="bbox 540 4803 1817 4888">
     <span class='ocr_line' id='line_1_47' title="bbox 540 4803 1817 4888; baseline 0.005 -18"><span class='ocrx_word' id='word_1_320' title='bbox 540 4803 1104 4873; x_wconf 78' lang='lat' dir='ltr'><strong>ConciliiAntiocheni</strong></span> <span class='ocrx_word' id='word_1_321' title='bbox 1134 4836 1363 4873; x_wconf 80' lang='lat' dir='ltr'><strong>canones</strong></span> <span class='ocrx_word' id='word_1_322' title='bbox 1395 4821 1446 4883; x_wconf 93' lang='grc'><strong>1,</strong></span> <span class='ocrx_word' id='word_1_323' title='bbox 1475 4820 1529 4886; x_wconf 77' lang='grc'><strong>5,</strong></span> <span class='ocrx_word' id='word_1_324' title='bbox 1568 4819 1622 4886; x_wconf 70' lang='grc'>4,</span> <span class='ocrx_word' id='word_1_325' title='bbox 1649 4820 1702 4888; x_wconf 81' lang='grc'><strong>5,</strong></span> <span class='ocrx_word' id='word_1_326' title='bbox 1729 4823 1817 4876; x_wconf 80' lang='grc'><strong>15.</strong></span> 
     </span>
    </p>
   </div>
   <div class='ocr_carea' id='block_1_48' title="bbox 452 4907 1636 4984">
    <p class='ocr_par' dir='ltr' id='par_1_48' title="bbox 452 4907 1636 4984">
     <span class='ocr_line' id='line_1_48' title="bbox 452 4907 1636 4984; baseline 0.004 -21"><span class='ocrx_word' id='word_1_327' title='bbox 452 4909 504 4963; x_wconf 91' lang='grc'><strong>1.</strong></span> <span class='ocrx_word' id='word_1_328' title='bbox 533 4907 738 4966; x_wconf 85' lang='lat' dir='ltr'><strong>Omnes</strong></span> <span class='ocrx_word' id='word_1_329' title='bbox 763 4913 855 4982; x_wconf 89' lang='lat' dir='ltr'><strong>qui</strong></span> <span class='ocrx_word' id='word_1_330' title='bbox 879 4914 1099 4978; x_wconf 88' lang='lat' dir='ltr'><strong>audent,</strong></span> <span class='ocrx_word' id='word_1_331' title='bbox 1126 4921 1255 4980; x_wconf 88' lang='lat' dir='ltr'><strong>etc.,</strong></span> <span class='ocrx_word' id='word_1_332' title='bbox 1280 4923 1336 4966; x_wconf 87' lang='lat' dir='ltr'><strong>ut</strong></span> <span class='ocrx_word' id='word_1_333' title='bbox 1361 4930 1484 4984; x_wconf 85' lang='lat' dir='ltr'><strong>pag.</strong></span> <span class='ocrx_word' id='word_1_334' title='bbox 1510 4912 1636 4968; x_wconf 80' lang='lat'><strong>6&#39;59.</strong></span> 
     </span>
    </p>
   </div>
   <div class='ocr_carea' id='block_1_49' title="bbox 452 5002 1975 5087">
    <p class='ocr_par' dir='ltr' id='par_1_49' title="bbox 452 5002 1975 5087">
     <span class='ocr_line' id='line_1_49' title="bbox 452 5002 1975 5087; baseline 0.007 -33"><span class='ocrx_word' id='word_1_335' title='bbox 452 5002 506 5059; x_wconf 73' lang='lat'><strong>3.</strong></span> <span class='ocrx_word' id='word_1_336' title='bbox 542 5003 599 5056; x_wconf 86' lang='lat' dir='ltr'><strong>Si</strong></span> <span class='ocrx_word' id='word_1_337' title='bbox 623 5005 747 5074; x_wconf 88' lang='lat' dir='ltr'><strong>quis</strong></span> <span class='ocrx_word' id='word_1_338' title='bbox 783 5006 1087 5078; x_wconf 84' lang='lat' dir='ltr'><strong>presbyter,</strong></span> <span class='ocrx_word' id='word_1_339' title='bbox 1117 5007 1198 5061; x_wconf 90' lang='lat' dir='ltr'><strong>vel</strong></span> <span class='ocrx_word' id='word_1_340' title='bbox 1231 5007 1535 5087; x_wconf 66' lang='lat' dir='ltr'><strong>diaconus,</strong></span> <span class='ocrx_word' id='word_1_341' title='bbox 1574 5007 1662 5062; x_wconf 88' lang='lat' dir='ltr'><strong>vel</strong></span> <span class='ocrx_word' id='word_1_342' title='bbox 1690 5009 1816 5078; x_wconf 87' lang='lat' dir='ltr'><strong>quis</strong></span> <span class='ocrx_word' id='word_1_343' title='bbox 1855 5025 1975 5064; x_wconf 87' lang='lat' dir='ltr'><strong>om-</strong></span> 
     </span>
    </p>
   </div>
   <div class='ocr_carea' id='block_1_50' title="bbox 381 5094 1973 5171">
    <p class='ocr_par' dir='ltr' id='par_1_50' title="bbox 381 5094 1973 5171">
     <span class='ocr_line' id='line_1_50' title="bbox 381 5094 1973 5171; baseline 0.008 -25"><span class='ocrx_word' id='word_1_344' title='bbox 381 5094 511 5148; x_wconf 91' lang='lat' dir='ltr'><strong>nino</strong></span> <span class='ocrx_word' id='word_1_345' title='bbox 539 5109 604 5150; x_wconf 84' lang='lat' dir='ltr'><strong>ex</strong></span> <span class='ocrx_word' id='word_1_346' title='bbox 645 5097 971 5152; x_wconf 87' lang='lat' dir='ltr'><strong>sacerdotali</strong></span> <span class='ocrx_word' id='word_1_347' title='bbox 995 5099 1188 5153; x_wconf 84' lang='lat' dir='ltr'><strong>ordine</strong></span> <span class='ocrx_word' id='word_1_348' title='bbox 1206 5099 1393 5154; x_wconf 87' lang='lat' dir='ltr'><strong>relicta</strong></span> <span class='ocrx_word' id='word_1_349' title='bbox 1418 5114 1518 5156; x_wconf 88' lang='lat' dir='ltr'><strong>sua</strong></span> <span class='ocrx_word' id='word_1_350' title='bbox 1541 5101 1823 5170; x_wconf 88' lang='lat' dir='ltr'><strong>parochia,</strong></span> <span class='ocrx_word' id='word_1_351' title='bbox 1845 5112 1973 5171; x_wconf 87' lang='lat' dir='ltr'><strong>etc.,</strong></span> 
     </span>
    </p>
   </div>
   <div class='ocr_carea' id='block_1_51' title="bbox 379 5185 742 5254">
    <p class='ocr_par' dir='ltr' id='par_1_51' title="bbox 379 5185 742 5254">
     <span class='ocr_line' id='line_1_51' title="bbox 379 5185 742 5254; baseline 0.011 -20"><span class='ocrx_word' id='word_1_352' title='bbox 379 5194 434 5235; x_wconf 79' lang='lat' dir='ltr'><strong>ut</strong></span> <span class='ocrx_word' id='word_1_353' title='bbox 460 5201 580 5254; x_wconf 83' lang='lat' dir='ltr'><strong>pag.</strong></span> <span class='ocrx_word' id='word_1_354' title='bbox 618 5185 742 5240; x_wconf 72' lang='grc'>658.</span> 
     </span>
    </p>
   </div>
   <div class='ocr_carea' id='block_1_52' title="bbox 452 5277 1970 5356">
    <p class='ocr_par' dir='ltr' id='par_1_52' title="bbox 452 5277 1970 5356">
     <span class='ocr_line' id='line_1_52' title="bbox 452 5277 1970 5356; baseline 0.007 -23"><span class='ocrx_word' id='word_1_355' title='bbox 452 5277 614 5348; x_wconf 82' lang='lat'><strong>275</strong></span> <span class='ocrx_word' id='word_1_356' title='bbox 655 5279 709 5334; x_wconf 73' lang='grc'><strong>4.</strong></span> <span class='ocrx_word' id='word_1_357' title='bbox 767 5277 823 5333; x_wconf 93' lang='lat' dir='ltr'><strong>Si</strong></span> <span class='ocrx_word' id='word_1_358' title='bbox 874 5282 999 5352; x_wconf 88' lang='lat' dir='ltr'><strong>quis</strong></span> <span class='ocrx_word' id='word_1_359' title='bbox 1032 5282 1326 5354; x_wconf 82' lang='lat' dir='ltr'><strong>episcopus</strong></span> <span class='ocrx_word' id='word_1_360' title='bbox 1363 5298 1393 5337; x_wconf 93' lang='lat' dir='ltr'><strong>a</strong></span> <span class='ocrx_word' id='word_1_361' title='bbox 1429 5284 1639 5356; x_wconf 91' lang='lat' dir='ltr'><strong>synodo</strong></span> <span class='ocrx_word' id='word_1_362' title='bbox 1663 5283 1970 5356; x_wconf 89' lang='lat' dir='ltr'><strong>depositus,</strong></span> 
     </span>
    </p>
   </div>
   <div class='ocr_carea' id='block_1_53' title="bbox 374 5372 898 5442">
    <p class='ocr_par' dir='ltr' id='par_1_53' title="bbox 374 5372 898 5442">
     <span class='ocr_line' id='line_1_53' title="bbox 374 5372 898 5442; baseline 0.008 -19"><span class='ocrx_word' id='word_1_363' title='bbox 374 5378 508 5435; x_wconf 87' lang='lat' dir='ltr'><strong>etc.,</strong></span> <span class='ocrx_word' id='word_1_364' title='bbox 543 5381 596 5423; x_wconf 88' lang='lat' dir='ltr'><strong>ut</strong></span> <span class='ocrx_word' id='word_1_365' title='bbox 631 5372 898 5442; x_wconf 68' lang='lat' dir='ltr'><strong>pag.20|.</strong></span> 
     </span>
    </p>
   </div>
   <div class='ocr_carea' id='block_1_54' title="bbox 453 5462 1968 5543">
    <p class='ocr_par' dir='ltr' id='par_1_54' title="bbox 453 5462 1968 5543">
     <span class='ocr_line' id='line_1_54' title="bbox 453 5462 1968 5543; baseline 0.005 -27"><span class='ocrx_word' id='word_1_366' title='bbox 453 5462 507 5518; x_wconf 83' lang='lat'><strong>5.</strong></span> <span class='ocrx_word' id='word_1_367' title='bbox 552 5464 611 5516; x_wconf 87' lang='lat' dir='ltr'><strong>Si</strong></span> <span class='ocrx_word' id='word_1_368' title='bbox 662 5465 787 5534; x_wconf 92' lang='lat' dir='ltr'><strong>quis</strong></span> <span class='ocrx_word' id='word_1_369' title='bbox 836 5466 1122 5538; x_wconf 85' lang='lat' dir='ltr'><strong>presbyter</strong></span> <span class='ocrx_word' id='word_1_370' title='bbox 1155 5467 1235 5523; x_wconf 87' lang='lat' dir='ltr'><strong>vel</strong></span> <span class='ocrx_word' id='word_1_371' title='bbox 1263 5469 1529 5525; x_wconf 86' lang='lat' dir='ltr'><strong>diaconus</strong></span> <span class='ocrx_word' id='word_1_372' title='bbox 1555 5471 1777 5543; x_wconf 88' lang='lat' dir='ltr'><strong>proprio</strong></span> <span class='ocrx_word' id='word_1_373' title='bbox 1835 5486 1968 5527; x_wconf 90' lang='lat' dir='ltr'><strong>con-</strong></span> 
     </span>
    </p>
   </div>
   <div class='ocr_carea' id='block_1_55' title="bbox 377 5556 2006 5638">
    <p class='ocr_par' dir='ltr' id='par_1_55' title="bbox 377 5556 2006 5638">
     <span class='ocr_line' id='line_1_55' title="bbox 377 5556 2006 5638; baseline 0.007 -32"><span class='ocrx_word' id='word_1_374' title='bbox 377 5561 586 5623; x_wconf 82' lang='lat' dir='ltr'><strong>tempto</strong></span> <span class='ocrx_word' id='word_1_375' title='bbox 617 5556 896 5628; x_wconf 85' lang='lat' dir='ltr'><strong>episcopo,</strong></span> <span class='ocrx_word' id='word_1_376' title='bbox 931 5560 999 5614; x_wconf 86' lang='lat' dir='ltr'><strong>ab</strong></span> <span class='ocrx_word' id='word_1_377' title='bbox 1031 5561 1275 5618; x_wconf 82' lang='lat' dir='ltr'><strong>Ecclesia</strong></span> <span class='ocrx_word' id='word_1_378' title='bbox 1307 5563 1550 5635; x_wconf 88' lang='lat' dir='ltr'><strong>seipsum</strong></span> <span class='ocrx_word' id='word_1_379' title='bbox 1583 5566 1970 5638; x_wconf 73' lang='lat' dir='ltr'><strong>segregaverit,</strong></span> <span class='ocrx_word' id='word_1_380' title='bbox 1999 5594 2006 5602; x_wconf 85' lang='grc'><strong>-</strong></span> 
     </span>
    </p>
   </div>
   <div class='ocr_carea' id='block_1_56' title="bbox 370 5653 984 5721">
    <p class='ocr_par' dir='ltr' id='par_1_56' title="bbox 370 5653 984 5721">
     <span class='ocr_line' id='line_1_56' title="bbox 370 5653 984 5721; baseline 0.01 -19"><span class='ocrx_word' id='word_1_381' title='bbox 370 5657 508 5713; x_wconf 87' lang='lat' dir='ltr'><strong>etc.,</strong></span> <span class='ocrx_word' id='word_1_382' title='bbox 555 5659 608 5701; x_wconf 83' lang='lat' dir='ltr'><strong>nt</strong></span> <span class='ocrx_word' id='word_1_383' title='bbox 666 5666 787 5721; x_wconf 86' lang='lat' dir='ltr'><strong>pag.</strong></span> <span class='ocrx_word' id='word_1_384' title='bbox 857 5653 984 5708; x_wconf 74' lang='lat'><strong>585.</strong></span> 
     </span>
    </p>
   </div>
   <div class='ocr_carea' id='block_1_57' title="bbox 1547 366 2496 429">
    <p class='ocr_par' dir='ltr' id='par_1_57' title="bbox 1547 366 2496 429">
     <span class='ocr_line' id='line_1_57' title="bbox 1547 366 2496 429; baseline -0.001 0"><span class='ocrx_word' id='word_1_385' title='bbox 1547 368 1812 429; x_wconf 86' lang='lat' dir='ltr'><strong>PllOTlI</strong></span> <span class='ocrx_word' id='word_1_386' title='bbox 1838 366 2346 428; x_wconf 51' lang='lat' dir='ltr'><strong>PATRIARCHiE</strong></span> <span class='ocrx_word' id='word_1_387' title='bbox 2386 367 2496 428; x_wconf 71' lang='grc' dir='ltr'><strong>(ΣΡ.</strong></span> 
     </span>
    </p>
   </div>
   <div class='ocr_carea' id='block_1_58' title="bbox 3561 363 3666 428">
    <p class='ocr_par' dir='ltr' id='par_1_58' title="bbox 3561 363 3666 428">
     <span class='ocr_line' id='line_1_58' title="bbox 3561 363 3666 428; baseline -0.038 0"><span class='ocrx_word' id='word_1_388' title='bbox 3561 363 3666 428; x_wconf 76' lang='grc'><strong>748</strong></span> 
     </span>
    </p>
   </div>
   <div class='ocr_carea' id='block_1_59' title="bbox 2135 479 3666 554">
    <p class='ocr_par' dir='ltr' id='par_1_59' title="bbox 2135 479 3666 554">
     <span class='ocr_line' id='line_1_59' title="bbox 2135 479 3666 554; baseline 0.002 -18"><span class='ocrx_word' id='word_1_389' title='bbox 2135 490 2246 540; x_wconf 89' lang='grc' dir='ltr'>πα’.</span> <span class='ocrx_word' id='word_1_390' title='bbox 2275 483 2513 553; x_wconf 72' lang='grc' dir='ltr'>Εἴπομεν</span> <span class='ocrx_word' id='word_1_391' title='bbox 2545 480 2625 536; x_wconf 81' lang='grc' dir='ltr'><strong>ὅτι</strong></span> <span class='ocrx_word' id='word_1_392' title='bbox 2654 479 2729 550; x_wconf 81' lang='grc' dir='ltr'><strong>μὴ</strong></span> <span class='ocrx_word' id='word_1_393' title='bbox 2756 479 2859 552; x_wconf 90' lang='grc' dir='ltr'><strong>χρὴ</strong></span> <span class='ocrx_word' id='word_1_394' title='bbox 2891 480 3188 536; x_wconf 74' lang='grc' dir='ltr'>ἐπίσκοπον</span> <span class='ocrx_word' id='word_1_395' title='bbox 3225 482 3257 554; x_wconf 83' lang='grc' dir='ltr'><strong>ἢ</strong></span> <span class='ocrx_word' id='word_1_396' title='bbox 3295 484 3666 554; x_wconf 74' lang='grc' dir='ltr'>πρεσϐύτερον</span> 
     </span>
    </p>
   </div>
   <div class='ocr_carea' id='block_1_60' title="bbox 2069 575 3664 646">
    <p class='ocr_par' dir='ltr' id='par_1_60' title="bbox 2069 575 3664 646">
     <span class='ocr_line' id='line_1_60' title="bbox 2069 575 3664 646; baseline 0 -16"><span class='ocrx_word' id='word_1_397' title='bbox 2069 577 2317 631; x_wconf 78' lang='grc' dir='ltr'><strong>καθιέναι</strong></span> <span class='ocrx_word' id='word_1_398' title='bbox 2345 576 2538 630; x_wconf 70' lang='grc' dir='ltr'>ἑαυτὸν</span> <span class='ocrx_word' id='word_1_399' title='bbox 2587 576 2667 639; x_wconf 86' lang='grc' dir='ltr'><strong>είς</strong></span> <span class='ocrx_word' id='word_1_400' title='bbox 2698 576 2964 646; x_wconf 88' lang='grc' dir='ltr'>δημοσίας</span> <span class='ocrx_word' id='word_1_401' title='bbox 2995 575 3311 645; x_wconf 80' lang='grc' dir='ltr'>διοικήσεις,</span> <span class='ocrx_word' id='word_1_402' title='bbox 3341 577 3477 630; x_wconf 85' lang='grc' dir='ltr'><strong>ἀλλά</strong></span> <span class='ocrx_word' id='word_1_403' title='bbox 3493 594 3664 645; x_wconf 82' lang='grc' dir='ltr'>προσ-</span> 
     </span>
    </p>
   </div>
   <div class='ocr_carea' id='block_1_61' title="bbox 2069 665 3665 738">
    <p class='ocr_par' dir='ltr' id='par_1_61' title="bbox 2069 665 3665 738">
     <span class='ocr_line' id='line_1_61' title="bbox 2069 665 3665 738; baseline 0 -18"><span class='ocrx_word' id='word_1_404' title='bbox 2069 670 2349 737; x_wconf 82' lang='grc' dir='ltr'>ευκαιρεῖν</span> <span class='ocrx_word' id='word_1_405' title='bbox 2402 669 2524 730; x_wconf 86' lang='grc' dir='ltr'>ταῖς</span> <span class='ocrx_word' id='word_1_406' title='bbox 2569 665 3055 736; x_wconf 72' lang='grc' dir='ltr'><strong>ἐκκλησιαστικαῖς</strong></span> <span class='ocrx_word' id='word_1_407' title='bbox 3100 665 3335 736; x_wconf 79' lang='grc' dir='ltr'>χρείαις·</span> <span class='ocrx_word' id='word_1_408' title='bbox 3399 667 3432 738; x_wconf 87' lang='grc' dir='ltr'>ἢ</span> <span class='ocrx_word' id='word_1_409' title='bbox 3479 667 3665 720; x_wconf 82' lang='grc' dir='ltr'>πειθέ-</span> 
     </span>
    </p>
   </div>
   <div class='ocr_carea' id='block_1_62' title="bbox 2072 758 3667 834">
    <p class='ocr_par' dir='ltr' id='par_1_62' title="bbox 2072 758 3667 834">
     <span class='ocr_line' id='line_1_62' title="bbox 2072 758 3667 834; baseline -0.003 -18"><span class='ocrx_word' id='word_1_410' title='bbox 2072 762 2183 816; x_wconf 88' lang='grc' dir='ltr'><strong>σθω</strong></span> <span class='ocrx_word' id='word_1_411' title='bbox 2204 762 2296 816; x_wconf 78' lang='grc' dir='ltr'><strong>οὖν</strong></span> <span class='ocrx_word' id='word_1_412' title='bbox 2324 761 2484 815; x_wconf 83' lang='grc' dir='ltr'>τοῦτο</span> <span class='ocrx_word' id='word_1_413' title='bbox 2509 762 2584 834; x_wconf 89' lang='grc' dir='ltr'><strong>μὴ</strong></span> <span class='ocrx_word' id='word_1_414' title='bbox 2610 763 2802 826; x_wconf 86' lang='grc' dir='ltr'><strong>ποιεῖν,</strong></span> <span class='ocrx_word' id='word_1_415' title='bbox 2828 759 2860 830; x_wconf 80' lang='grc' dir='ltr'>ἦ</span> <span class='ocrx_word' id='word_1_416' title='bbox 2895 760 3284 831; x_wconf 78' lang='grc' dir='ltr'>καθαιρείσθω·</span> <span class='ocrx_word' id='word_1_417' title='bbox 3315 759 3529 824; x_wconf 72' lang='grc' dir='ltr'>Οὐδεὶς</span> <span class='ocrx_word' id='word_1_418' title='bbox 3558 758 3667 828; x_wconf 84' lang='grc' dir='ltr'>γὰρ</span> 
     </span>
    </p>
   </div>
   <div class='ocr_carea' id='block_1_63' title="bbox 2069 855 3667 928">
    <p class='ocr_par' dir='ltr' id='par_1_63' title="bbox 2069 855 3667 928">
     <span class='ocr_line' id='line_1_63' title="bbox 2069 855 3667 928; baseline -0.004 -14"><span class='ocrx_word' id='word_1_419' title='bbox 2069 860 2320 914; x_wconf 79' lang='grc' dir='ltr'>δύναται</span> <span class='ocrx_word' id='word_1_420' title='bbox 2338 858 2482 913; x_wconf 83' lang='grc' dir='ltr'>δυσί</span> <span class='ocrx_word' id='word_1_421' title='bbox 2501 860 2729 928; x_wconf 80' lang='grc' dir='ltr'><strong>κυρίοις</strong></span> <span class='ocrx_word' id='word_1_422' title='bbox 2745 859 3081 922; x_wconf 73' lang='grc' dir='ltr'><strong>δουλεύειν,</strong></span> <span class='ocrx_word' id='word_1_423' title='bbox 3105 857 3248 911; x_wconf 86' lang='grc' dir='ltr'>κατὰ</span> <span class='ocrx_word' id='word_1_424' title='bbox 3265 855 3364 928; x_wconf 87' lang='grc' dir='ltr'><strong>τὴν</strong></span> <span class='ocrx_word' id='word_1_425' title='bbox 3381 855 3667 926; x_wconf 80' lang='grc' dir='ltr'>Κυριακὴν</span> 
     </span>
    </p>
   </div>
   <div class='ocr_carea' id='block_1_64' title="bbox 2071 952 2495 1023">
    <p class='ocr_par' dir='ltr' id='par_1_64' title="bbox 2071 952 2495 1023">
     <span class='ocr_line' id='line_1_64' title="bbox 2071 952 2495 1023; baseline 0.002 -19"><span class='ocrx_word' id='word_1_426' title='bbox 2071 952 2495 1023; x_wconf 73' lang='grc' dir='ltr'><strong>παρακέλευσιν.</strong></span> 
     </span>
    </p>
   </div>
   <div class='ocr_carea' id='block_1_65' title="bbox 2141 1037 3672 1110">
    <p class='ocr_par' dir='ltr' id='par_1_65' title="bbox 2141 1037 3672 1110">
     <span class='ocr_line' id='line_1_65' title="bbox 2141 1037 3672 1110; baseline -0.001 -19"><span class='ocrx_word' id='word_1_427' title='bbox 2141 1046 2255 1107; x_wconf 86' lang='grc' dir='ltr'>πγ’.</span> <span class='ocrx_word' id='word_1_428' title='bbox 2298 1039 2642 1103; x_wconf 77' lang='grc' dir='ltr'><strong>Ἐπίσκοπος,</strong></span> <span class='ocrx_word' id='word_1_429' title='bbox 2675 1039 2707 1110; x_wconf 82' lang='grc' dir='ltr'><strong>ἢ</strong></span> <span class='ocrx_word' id='word_1_430' title='bbox 2734 1037 3126 1110; x_wconf 80' lang='grc' dir='ltr'>πρεσϐύτερος,</span> <span class='ocrx_word' id='word_1_431' title='bbox 3150 1038 3183 1109; x_wconf 79' lang='grc' dir='ltr'>ἢ</span> <span class='ocrx_word' id='word_1_432' title='bbox 3207 1037 3474 1103; x_wconf 86' lang='grc' dir='ltr'>διάκονος,</span> <span class='ocrx_word' id='word_1_433' title='bbox 3509 1053 3672 1108; x_wconf 86' lang='grc' dir='ltr'>στρα-</span> 
     </span>
    </p>
   </div>
   <div class='ocr_carea' id='block_1_66' title="bbox 2070 1130 3668 1203">
    <p class='ocr_par' dir='ltr' id='par_1_66' title="bbox 2070 1130 3668 1203">
     <span class='ocr_line' id='line_1_66' title="bbox 2070 1130 3668 1203; baseline -0.002 -18"><span class='ocrx_word' id='word_1_434' title='bbox 2070 1132 2191 1203; x_wconf 76' lang='grc' dir='ltr'>τείᾳ</span> <span class='ocrx_word' id='word_1_435' title='bbox 2222 1131 2519 1202; x_wconf 75' lang='grc' dir='ltr'><strong>σχολάζων,</strong></span> <span class='ocrx_word' id='word_1_436' title='bbox 2558 1133 2653 1187; x_wconf 71' lang='grc' dir='ltr'>καὶ</span> <span class='ocrx_word' id='word_1_437' title='bbox 2693 1133 3016 1203; x_wconf 86' lang='grc' dir='ltr'>βουλόμενος</span> <span class='ocrx_word' id='word_1_438' title='bbox 3051 1133 3340 1203; x_wconf 82' lang='grc' dir='ltr'>ἀμφότερα</span> <span class='ocrx_word' id='word_1_439' title='bbox 3388 1130 3668 1200; x_wconf 84' lang='grc' dir='ltr'>κατέχειν,</span> 
     </span>
    </p>
   </div>
   <div class='ocr_carea' id='block_1_67' title="bbox 2083 1221 3670 1298">
    <p class='ocr_par' dir='ltr' id='par_1_67' title="bbox 2083 1221 3670 1298">
     <span class='ocr_line' id='line_1_67' title="bbox 2083 1221 3670 1298; baseline -0.005 -18"><span class='ocrx_word' id='word_1_440' title='bbox 2083 1226 2396 1298; x_wconf 85' lang='grc' dir='ltr'>Ῥωμαϊκὴν</span> <span class='ocrx_word' id='word_1_441' title='bbox 2431 1225 2604 1297; x_wconf 82' lang='grc' dir='ltr'>ἀρχὴν</span> <span class='ocrx_word' id='word_1_442' title='bbox 2635 1228 2727 1280; x_wconf 77' lang='grc' dir='ltr'><strong>καὶ</strong></span> <span class='ocrx_word' id='word_1_443' title='bbox 2759 1226 3036 1298; x_wconf 85' lang='grc' dir='ltr'>ἱερατικὴν</span> <span class='ocrx_word' id='word_1_444' title='bbox 3067 1227 3333 1294; x_wconf 86' lang='grc' dir='ltr'>διοίκησιν</span> <span class='ocrx_word' id='word_1_445' title='bbox 3353 1265 3369 1288; x_wconf 93' lang='grc'><strong>,</strong></span> <span class='ocrx_word' id='word_1_446' title='bbox 3390 1221 3670 1292; x_wconf 71' lang='grc' dir='ltr'>καθαιρείο</span> 
     </span>
    </p>
   </div>
   <div class='ocr_carea' id='block_1_68' title="bbox 2075 1314 3673 1392">
    <p class='ocr_par' dir='ltr' id='par_1_68' title="bbox 2075 1314 3673 1392">
     <span class='ocr_line' id='line_1_68' title="bbox 2075 1314 3673 1392; baseline -0.001 -22"><span class='ocrx_word' id='word_1_447' title='bbox 2075 1317 2206 1370; x_wconf 85' lang='grc' dir='ltr'>σθω·</span> <span class='ocrx_word' id='word_1_448' title='bbox 2243 1316 2318 1370; x_wconf 86' lang='grc' dir='ltr'><em>Τὰ</em></span> <span class='ocrx_word' id='word_1_449' title='bbox 2352 1315 2462 1392; x_wconf 76' lang='grc' dir='ltr'>γὰρ</span> <span class='ocrx_word' id='word_1_450' title='bbox 2501 1318 2804 1386; x_wconf 77' lang='grc' dir='ltr'>Καίσαρος</span> <span class='ocrx_word' id='word_1_451' title='bbox 2832 1319 3109 1388; x_wconf 76' lang='grc' dir='ltr'>Καίσαρι,</span> <span class='ocrx_word' id='word_1_452' title='bbox 3143 1319 3242 1372; x_wconf 80' lang='grc' dir='ltr'>καὶ</span> <span class='ocrx_word' id='word_1_453' title='bbox 3275 1317 3349 1372; x_wconf 83' lang='grc' dir='ltr'>τὰ</span> <span class='ocrx_word' id='word_1_454' title='bbox 3371 1316 3477 1372; x_wconf 84' lang='grc' dir='ltr'>τοῦ</span> <span class='ocrx_word' id='word_1_455' title='bbox 3522 1314 3673 1370; x_wconf 80' lang='grc' dir='ltr'>Θεοῦ</span> 
     </span>
    </p>
   </div>
   <div class='ocr_carea' id='block_1_69' title="bbox 2071 1410 2876 1476">
    <p class='ocr_par' dir='ltr' id='par_1_69' title="bbox 2071 1410 2876 1476">
     <span class='ocr_line' id='line_1_69' title="bbox 2071 1410 2876 1476; baseline -0.007 -12"><span class='ocrx_word' id='word_1_456' title='bbox 2071 1410 2152 1476; x_wconf 84' lang='grc' dir='ltr'>τῷ</span> <span class='ocrx_word' id='word_1_457' title='bbox 2189 1410 2332 1474; x_wconf 82' lang='grc' dir='ltr'><strong>Θεῷ.</strong></span> <span class='ocrx_word' id='word_1_458' title='bbox 2665 1453 2671 1459; x_wconf 92' lang='grc'>.</span> <span class='ocrx_word' id='word_1_459' title='bbox 2867 1465 2876 1470; x_wconf 98' lang='lat'>_</span> 
     </span>
    </p>
   </div>
   <div class='ocr_carea' id='block_1_70' title="bbox 2144 1500 3258 1574">
    <p class='ocr_par' dir='ltr' id='par_1_70' title="bbox 2144 1500 3258 1574">
     <span class='ocr_line' id='line_1_70' title="bbox 2144 1500 3258 1574; baseline 0.003 -18"><span class='ocrx_word' id='word_1_460' title='bbox 2144 1500 2247 1556; x_wconf 68' lang='grc' dir='ltr'>τπδ’.</span> <span class='ocrx_word' id='word_1_461' title='bbox 2283 1503 2381 1566; x_wconf 83' lang='grc' dir='ltr'><strong>’Ὀς</strong></span> <span class='ocrx_word' id='word_1_462' title='bbox 2400 1519 2482 1565; x_wconf 92' lang='grc' dir='ltr'><strong>τις</strong></span> <span class='ocrx_word' id='word_1_463' title='bbox 2509 1503 2722 1574; x_wconf 77' lang='grc' dir='ltr'>ὑϐρίσει</span> <span class='ocrx_word' id='word_1_464' title='bbox 2759 1504 3004 1574; x_wconf 80' lang='grc' dir='ltr'>βασιλέα,</span> <span class='ocrx_word' id='word_1_465' title='bbox 3039 1524 3094 1559; x_wconf 88' lang='grc' dir='ltr'><strong>κ.</strong></span> <span class='ocrx_word' id='word_1_466' title='bbox 3121 1524 3170 1559; x_wconf 87' lang='grc' dir='ltr'><strong>τ.</strong></span> <span class='ocrx_word' id='word_1_467' title='bbox 3209 1507 3258 1559; x_wconf 87' lang='grc' dir='ltr'><strong>λ.</strong></span> 
     </span>
    </p>
   </div>
   <div class='ocr_carea' id='block_1_71' title="bbox 2373 1594 3392 1669">
    <p class='ocr_par' dir='ltr' id='par_1_71' title="bbox 2373 1594 3392 1669">
     <span class='ocr_line' id='line_1_71' title="bbox 2373 1594 3392 1669; baseline 0.008 -22"><span class='ocrx_word' id='word_1_468' title='bbox 2373 1594 2645 1649; x_wconf 72' lang='grc' dir='ltr'>Συνόδου</span> <span class='ocrx_word' id='word_1_469' title='bbox 2677 1598 2925 1664; x_wconf 72' lang='grc' dir='ltr'>Νικαίας</span> <span class='ocrx_word' id='word_1_470' title='bbox 2958 1597 3158 1652; x_wconf 79' lang='grc' dir='ltr'>κανὼν</span> <span class='ocrx_word' id='word_1_471' title='bbox 3185 1601 3228 1669; x_wconf 88' lang='grc' dir='ltr'>β’</span> <span class='ocrx_word' id='word_1_472' title='bbox 3247 1608 3276 1653; x_wconf 89' lang='grc' dir='ltr'><strong>ι’</strong></span> <span class='ocrx_word' id='word_1_473' title='bbox 3307 1599 3392 1665; x_wconf 79' lang='grc' dir='ltr'>ιζ’.</span> 
     </span>
    </p>
   </div>
   <div class='ocr_carea' id='block_1_72' title="bbox 2147 1685 3481 1763">
    <p class='ocr_par' dir='ltr' id='par_1_72' title="bbox 2147 1685 3481 1763">
     <span class='ocr_line' id='line_1_72' title="bbox 2147 1685 3481 1763; baseline 0.006 -22"><span class='ocrx_word' id='word_1_474' title='bbox 2147 1685 2211 1757; x_wconf 87' lang='grc' dir='ltr'><strong>β’.</strong></span> <span class='ocrx_word' id='word_1_475' title='bbox 2243 1687 2464 1759; x_wconf 82' lang='grc' dir='ltr'>Ἐπειδὴ</span> <span class='ocrx_word' id='word_1_476' title='bbox 2499 1688 2669 1742; x_wconf 80' lang='grc' dir='ltr'>πολλὰ</span> <span class='ocrx_word' id='word_1_477' title='bbox 2692 1690 2810 1760; x_wconf 73' lang='grc' dir='ltr'>ἦτοι</span> <span class='ocrx_word' id='word_1_478' title='bbox 2841 1691 2946 1744; x_wconf 78' lang='grc' dir='ltr'>ὑπὸ</span> <span class='ocrx_word' id='word_1_479' title='bbox 2975 1693 3243 1763; x_wconf 84' lang='grc' dir='ltr'>ἀνάγκης,</span> <span class='ocrx_word' id='word_1_480' title='bbox 3276 1713 3330 1751; x_wconf 88' lang='grc' dir='ltr'>κ.</span> <span class='ocrx_word' id='word_1_481' title='bbox 3354 1713 3402 1749; x_wconf 88' lang='grc' dir='ltr'><strong>τ.</strong></span> <span class='ocrx_word' id='word_1_482' title='bbox 3432 1696 3481 1750; x_wconf 88' lang='grc' dir='ltr'>λ.</span> 
     </span>
    </p>
   </div>
   <div class='ocr_carea' id='block_1_73' title="bbox 2151 1872 3674 1951">
    <p class='ocr_par' dir='ltr' id='par_1_73' title="bbox 2151 1872 3674 1951">
     <span class='ocr_line' id='line_1_73' title="bbox 2151 1872 3674 1951; baseline 0.007 -25"><span class='ocrx_word' id='word_1_483' title='bbox 2151 1878 2201 1926; x_wconf 88' lang='grc' dir='ltr'><strong>ι’.</strong></span> <span class='ocrx_word' id='word_1_484' title='bbox 2237 1872 2392 1925; x_wconf 86' lang='grc' dir='ltr'>Ὅσοι</span> <span class='ocrx_word' id='word_1_485' title='bbox 2435 1872 2928 1946; x_wconf 85' lang='grc' dir='ltr'>προεχειρίσθησαν</span> <span class='ocrx_word' id='word_1_486' title='bbox 2957 1875 3067 1930; x_wconf 86' lang='grc' dir='ltr'><strong>τῶν</strong></span> <span class='ocrx_word' id='word_1_487' title='bbox 3129 1881 3674 1951; x_wconf 81' lang='grc' dir='ltr'>παραπεπτωκότων,</span> 
     </span>
    </p>
   </div>
   <div class='ocr_carea' id='block_1_74' title="bbox 2077 1963 2270 2019">
    <p class='ocr_par' dir='ltr' id='par_1_74' title="bbox 2077 1963 2270 2019">
     <span class='ocr_line' id='line_1_74' title="bbox 2077 1963 2270 2019; baseline 0.005 -2"><span class='ocrx_word' id='word_1_488' title='bbox 2077 1981 2134 2019; x_wconf 90' lang='grc' dir='ltr'><strong>κ.</strong></span> <span class='ocrx_word' id='word_1_489' title='bbox 2150 1979 2201 2018; x_wconf 88' lang='grc' dir='ltr'>τ.</span> <span class='ocrx_word' id='word_1_490' title='bbox 2220 1963 2270 2018; x_wconf 87' lang='grc' dir='ltr'><strong>λ.</strong></span> 
     </span>
    </p>
   </div>
   <div class='ocr_carea' id='block_1_75' title="bbox 2151 2054 3680 2139">
    <p class='ocr_par' dir='ltr' id='par_1_75' title="bbox 2151 2054 3680 2139">
     <span class='ocr_line' id='line_1_75' title="bbox 2151 2054 3680 2139; baseline 0.009 -30"><span class='ocrx_word' id='word_1_491' title='bbox 2151 2054 2234 2121; x_wconf 81' lang='grc' dir='ltr'>ιζ’.</span> <span class='ocrx_word' id='word_1_492' title='bbox 2281 2057 2499 2129; x_wconf 81' lang='grc' dir='ltr'>Ἐπειδὴ</span> <span class='ocrx_word' id='word_1_493' title='bbox 2541 2059 2726 2114; x_wconf 65' lang='grc' dir='ltr'>πολλοὶ</span> <span class='ocrx_word' id='word_1_494' title='bbox 2753 2062 2813 2115; x_wconf 84' lang='grc' dir='ltr'>ὲν</span> <span class='ocrx_word' id='word_1_495' title='bbox 2838 2061 2917 2133; x_wconf 79' lang='grc' dir='ltr'>τῷ</span> <span class='ocrx_word' id='word_1_496' title='bbox 2948 2063 3550 2134; x_wconf 78' lang='grc' dir='ltr'>κανόνιὲξεταζόμενοι,</span> <span class='ocrx_word' id='word_1_497' title='bbox 3577 2070 3680 2139; x_wconf 79' lang='grc' dir='ltr'><strong>τὴν</strong></span> 
     </span>
    </p>
   </div>
   <div class='ocr_carea' id='block_1_76' title="bbox 2078 2147 3679 2228">
    <p class='ocr_par' dir='ltr' id='par_1_76' title="bbox 2078 2147 3679 2228">
     <span class='ocr_line' id='line_1_76' title="bbox 2078 2147 3679 2228; baseline 0.009 -28"><span class='ocrx_word' id='word_1_498' title='bbox 2078 2147 2392 2214; x_wconf 75' lang='grc' dir='ltr'>πλεονεξίαν</span> <span class='ocrx_word' id='word_1_499' title='bbox 2417 2151 2510 2204; x_wconf 74' lang='grc' dir='ltr'><strong>καὶ</strong></span> <span class='ocrx_word' id='word_1_500' title='bbox 2533 2151 2632 2223; x_wconf 87' lang='grc' dir='ltr'><strong>τὴν</strong></span> <span class='ocrx_word' id='word_1_501' title='bbox 2664 2154 3114 2228; x_wconf 73' lang='grc' dir='ltr'>αἰσχροκέρδειαν</span> <span class='ocrx_word' id='word_1_502' title='bbox 3149 2156 3679 2224; x_wconf 85' lang='grc' dir='ltr'>διώκοντες,ὲπελά-</span> 
     </span>
    </p>
   </div>
   <div class='ocr_carea' id='block_1_77' title="bbox 2079 2242 3682 2322">
    <p class='ocr_par' dir='ltr' id='par_1_77' title="bbox 2079 2242 3682 2322">
     <span class='ocr_line' id='line_1_77' title="bbox 2079 2242 3682 2322; baseline 0.007 -28"><span class='ocrx_word' id='word_1_503' title='bbox 2079 2242 2232 2295; x_wconf 84' lang='grc' dir='ltr'>θοντο</span> <span class='ocrx_word' id='word_1_504' title='bbox 2293 2243 2388 2296; x_wconf 80' lang='grc' dir='ltr'>τοῦ</span> <span class='ocrx_word' id='word_1_505' title='bbox 2408 2243 2553 2297; x_wconf 87' lang='grc' dir='ltr'>θείου</span> <span class='ocrx_word' id='word_1_506' title='bbox 2591 2245 2921 2316; x_wconf 86' lang='grc' dir='ltr'>Γράμματος</span> <span class='ocrx_word' id='word_1_507' title='bbox 2961 2246 3244 2316; x_wconf 85' lang='grc' dir='ltr'>λέγοντος·</span> <span class='ocrx_word' id='word_1_508' title='bbox 3295 2250 3366 2306; x_wconf 87' lang='grc' dir='ltr'><strong>Τὸ</strong></span> <span class='ocrx_word' id='word_1_509' title='bbox 3392 2251 3682 2322; x_wconf 76' lang='grc' dir='ltr'>ἀργύριον</span> 
     </span>
    </p>
   </div>
   <div class='ocr_carea' id='block_1_78' title="bbox 2077 2335 3679 2409">
    <p class='ocr_par' dir='ltr' id='par_1_78' title="bbox 2077 2335 3679 2409">
     <span class='ocr_line' id='line_1_78' title="bbox 2077 2335 3679 2409; baseline 0.007 -20"><span class='ocrx_word' id='word_1_510' title='bbox 2077 2335 2265 2390; x_wconf 83' lang='grc' dir='ltr'>αὐτοῦ</span> <span class='ocrx_word' id='word_1_511' title='bbox 2300 2338 2412 2390; x_wconf 78' lang='grc' dir='ltr'><strong>οὐκ</strong></span> <span class='ocrx_word' id='word_1_512' title='bbox 2436 2337 2662 2392; x_wconf 80' lang='grc' dir='ltr'>ἔδωκεν</span> <span class='ocrx_word' id='word_1_513' title='bbox 2682 2339 2781 2392; x_wconf 78' lang='grc' dir='ltr'><strong>ἐπὶ</strong></span> <span class='ocrx_word' id='word_1_514' title='bbox 2823 2342 3000 2406; x_wconf 81' lang='grc' dir='ltr'>τόκῳ,</span> <span class='ocrx_word' id='word_1_515' title='bbox 3027 2342 3122 2396; x_wconf 79' lang='grc' dir='ltr'><strong>καὶ</strong></span> <span class='ocrx_word' id='word_1_516' title='bbox 3169 2343 3506 2409; x_wconf 80' lang='grc' dir='ltr'>δανείζοντες</span> <span class='ocrx_word' id='word_1_517' title='bbox 3541 2348 3679 2401; x_wconf 87' lang='grc' dir='ltr'>ἑκα-</span> 
     </span>
    </p>
   </div>
   <div class='ocr_carea' id='block_1_79' title="bbox 2077 2430 3678 2512">
    <p class='ocr_par' dir='ltr' id='par_1_79' title="bbox 2077 2430 3678 2512">
     <span class='ocr_line' id='line_1_79' title="bbox 2077 2430 3678 2512; baseline 0.007 -30"><span class='ocrx_word' id='word_1_518' title='bbox 2077 2430 2275 2493; x_wconf 79' lang='grc' dir='ltr'>τοστάς</span> <span class='ocrx_word' id='word_1_519' title='bbox 2309 2430 2633 2485; x_wconf 83' lang='grc' dir='ltr'>ἀπαιτοῦσιν</span> <span class='ocrx_word' id='word_1_520' title='bbox 2659 2473 2674 2499; x_wconf 94' lang='grc'>,</span> <span class='ocrx_word' id='word_1_521' title='bbox 2733 2433 3052 2488; x_wconf 81' lang='grc' dir='ltr'>ἐδικαίωσεν</span> <span class='ocrx_word' id='word_1_522' title='bbox 3083 2437 3116 2506; x_wconf 81' lang='grc' dir='ltr'><strong>ἡ</strong></span> <span class='ocrx_word' id='word_1_523' title='bbox 3147 2436 3281 2504; x_wconf 85' lang='grc' dir='ltr'>ἁγία</span> <span class='ocrx_word' id='word_1_524' title='bbox 3315 2437 3408 2491; x_wconf 75' lang='grc' dir='ltr'>καὶ</span> <span class='ocrx_word' id='word_1_525' title='bbox 3461 2440 3678 2512; x_wconf 80' lang='grc' dir='ltr'><strong>μεγάλη</strong></span> 
     </span>
    </p>
   </div>
   <div class='ocr_carea' id='block_1_80' title="bbox 2081 2515 3676 2602">
    <p class='ocr_par' dir='ltr' id='par_1_80' title="bbox 2081 2515 3676 2602">
     <span class='ocr_line' id='line_1_80' title="bbox 2081 2515 3676 2602; baseline 0.008 -27"><span class='ocrx_word' id='word_1_526' title='bbox 2081 2523 2319 2588; x_wconf 75' lang='grc' dir='ltr'>σύνοδος,</span> <span class='ocrx_word' id='word_1_527' title='bbox 2350 2523 2425 2587; x_wconf 82' lang='grc' dir='ltr'>ὡς</span> <span class='ocrx_word' id='word_1_528' title='bbox 2471 2524 2526 2577; x_wconf 79' lang='grc' dir='ltr'><strong>εἴ</strong></span> <span class='ocrx_word' id='word_1_529' title='bbox 2571 2542 2657 2589; x_wconf 92' lang='grc' dir='ltr'><strong>τις</strong></span> <span class='ocrx_word' id='word_1_530' title='bbox 2701 2526 2954 2598; x_wconf 86' lang='grc' dir='ltr'>εὑρεθείη</span> <span class='ocrx_word' id='word_1_531' title='bbox 3005 2515 3144 2598; x_wconf 78' lang='grc' dir='ltr'>μετὰ</span> <span class='ocrx_word' id='word_1_532' title='bbox 3190 2531 3281 2583; x_wconf 77' lang='grc' dir='ltr'><strong>τὸν</strong></span> <span class='ocrx_word' id='word_1_533' title='bbox 3311 2531 3434 2602; x_wconf 85' lang='grc' dir='ltr'>ὅρον</span> <span class='ocrx_word' id='word_1_534' title='bbox 3480 2532 3676 2587; x_wconf 76' lang='grc' dir='ltr'>τοῦτον</span> 
     </span>
    </p>
   </div>
   <div class='ocr_carea' id='block_1_81' title="bbox 2077 2617 3682 2697">
    <p class='ocr_par' dir='ltr' id='par_1_81' title="bbox 2077 2617 3682 2697">
     <span class='ocr_line' id='line_1_81' title="bbox 2077 2617 3682 2697; baseline 0.007 -28"><span class='ocrx_word' id='word_1_535' title='bbox 2077 2617 2269 2680; x_wconf 85' lang='grc' dir='ltr'>τόκους</span> <span class='ocrx_word' id='word_1_536' title='bbox 2295 2617 2610 2688; x_wconf 79' lang='grc' dir='ltr'>λαμϐάνων,</span> <span class='ocrx_word' id='word_1_537' title='bbox 2643 2620 2708 2674; x_wconf 83' lang='grc' dir='ltr'>ὲκ</span> <span class='ocrx_word' id='word_1_538' title='bbox 2742 2621 3193 2692; x_wconf 83' lang='grc' dir='ltr'>μεταχειρίσεως,</span> <span class='ocrx_word' id='word_1_539' title='bbox 3217 2623 3249 2693; x_wconf 80' lang='grc' dir='ltr'>ἢ</span> <span class='ocrx_word' id='word_1_540' title='bbox 3271 2624 3446 2689; x_wconf 82' lang='grc' dir='ltr'>ἄλλως</span> <span class='ocrx_word' id='word_1_541' title='bbox 3482 2643 3682 2697; x_wconf 81' lang='grc' dir='ltr'>μετερ-</span> 
     </span>
    </p>
   </div>
   <div class='ocr_carea' id='block_1_82' title="bbox 2079 2709 3681 2787">
    <p class='ocr_par' dir='ltr' id='par_1_82' title="bbox 2079 2709 3681 2787">
     <span class='ocr_line' id='line_1_82' title="bbox 2079 2709 3681 2787; baseline 0.006 -24"><span class='ocrx_word' id='word_1_542' title='bbox 2079 2709 2306 2780; x_wconf 87' lang='grc' dir='ltr'>χόμενος</span> <span class='ocrx_word' id='word_1_543' title='bbox 2345 2710 2406 2764; x_wconf 77' lang='grc' dir='ltr'><strong>τὸ</strong></span> <span class='ocrx_word' id='word_1_544' title='bbox 2446 2712 2715 2783; x_wconf 83' lang='grc' dir='ltr'>πρᾶγμα,</span> <span class='ocrx_word' id='word_1_545' title='bbox 2749 2712 2783 2784; x_wconf 85' lang='grc' dir='ltr'>ἢ</span> <span class='ocrx_word' id='word_1_546' title='bbox 2837 2713 3094 2784; x_wconf 84' lang='grc' dir='ltr'>ἡμιολίας</span> <span class='ocrx_word' id='word_1_547' title='bbox 3144 2716 3433 2783; x_wconf 82' lang='grc' dir='ltr'>ἀπαιτῶν,</span> <span class='ocrx_word' id='word_1_548' title='bbox 3483 2718 3681 2787; x_wconf 83' lang='grc' dir='ltr'>ῆδλως</span> 
     </span>
    </p>
   </div>
   <div class='ocr_carea' id='block_1_83' title="bbox 2080 2801 3681 2882">
    <p class='ocr_par' dir='ltr' id='par_1_83' title="bbox 2080 2801 3681 2882">
     <span class='ocr_line' id='line_1_83' title="bbox 2080 2801 3681 2882; baseline 0.006 -27"><span class='ocrx_word' id='word_1_549' title='bbox 2080 2801 2268 2873; x_wconf 78' lang='grc' dir='ltr'>ἕτερόν</span> <span class='ocrx_word' id='word_1_550' title='bbox 2296 2821 2350 2856; x_wconf 90' lang='grc' dir='ltr'><strong>τι</strong></span> <span class='ocrx_word' id='word_1_551' title='bbox 2376 2803 2607 2857; x_wconf 76' lang='grc' dir='ltr'>ἐπινοῶν</span> <span class='ocrx_word' id='word_1_552' title='bbox 2651 2804 2879 2876; x_wconf 78' lang='grc' dir='ltr'>αἰσχροῦ</span> <span class='ocrx_word' id='word_1_553' title='bbox 2909 2805 3136 2876; x_wconf 76' lang='grc' dir='ltr'>κέρδους</span> <span class='ocrx_word' id='word_1_554' title='bbox 3187 2808 3370 2874; x_wconf 73' lang='grc' dir='ltr'>ἕνεκα,</span> <span class='ocrx_word' id='word_1_555' title='bbox 3409 2813 3681 2882; x_wconf 87' lang='grc' dir='ltr'>καθαιρε-</span> 
     </span>
    </p>
   </div>
   <div class='ocr_carea' id='block_1_84' title="bbox 2080 2896 3680 2972">
    <p class='ocr_par' dir='ltr' id='par_1_84' title="bbox 2080 2896 3680 2972">
     <span class='ocr_line' id='line_1_84' title="bbox 2080 2896 3680 2972; baseline 0.005 -22"><span class='ocrx_word' id='word_1_556' title='bbox 2080 2896 2305 2966; x_wconf 82' lang='grc' dir='ltr'>θήσεται</span> <span class='ocrx_word' id='word_1_557' title='bbox 2331 2897 2425 2950; x_wconf 86' lang='grc' dir='ltr'>τοῦ</span> <span class='ocrx_word' id='word_1_558' title='bbox 2455 2897 2680 2969; x_wconf 84' lang='grc' dir='ltr'>κλήρου,</span> <span class='ocrx_word' id='word_1_559' title='bbox 2713 2899 2806 2951; x_wconf 75' lang='grc' dir='ltr'><strong>καὶ</strong></span> <span class='ocrx_word' id='word_1_560' title='bbox 2834 2899 3117 2972; x_wconf 78' lang='grc' dir='ltr'>ἀλλότριος</span> <span class='ocrx_word' id='word_1_561' title='bbox 3138 2901 3232 2954; x_wconf 82' lang='grc' dir='ltr'>τοῦ</span> <span class='ocrx_word' id='word_1_562' title='bbox 3250 2903 3468 2968; x_wconf 75' lang='grc' dir='ltr'>κανόνος</span> <span class='ocrx_word' id='word_1_563' title='bbox 3499 2903 3680 2958; x_wconf 78' lang='grc' dir='ltr'>ἔσται.</span> 
     </span>
    </p>
   </div>
   <div class='ocr_carea' id='block_1_85' title="bbox 2289 3065 3459 3143">
    <p class='ocr_par' dir='ltr' id='par_1_85' title="bbox 2289 3065 3459 3143">
     <span class='ocr_line' id='line_1_85' title="bbox 2289 3065 3459 3143; baseline 0.007 -25"><span class='ocrx_word' id='word_1_564' title='bbox 2289 3065 2562 3120; x_wconf 76' lang='grc' dir='ltr'>Συνοδου</span> <span class='ocrx_word' id='word_1_565' title='bbox 2614 3067 2893 3137; x_wconf 77' lang='grc' dir='ltr'>Ἀγκύρας</span> <span class='ocrx_word' id='word_1_566' title='bbox 2927 3069 3128 3124; x_wconf 70' lang='grc' dir='ltr'>κανὼν</span> <span class='ocrx_word' id='word_1_567' title='bbox 3153 3078 3208 3138; x_wconf 88' lang='grc' dir='ltr'><strong>ι’,</strong></span> <span class='ocrx_word' id='word_1_568' title='bbox 3238 3072 3324 3137; x_wconf 87' lang='grc' dir='ltr'>ιδ’,</span> <span class='ocrx_word' id='word_1_569' title='bbox 3367 3080 3459 3143; x_wconf 89' lang='grc' dir='ltr'>ιη’.</span> 
     </span>
    </p>
   </div>
   <div class='ocr_carea' id='block_1_86' title="bbox 2151 3157 3688 3236">
    <p class='ocr_par' dir='ltr' id='par_1_86' title="bbox 2151 3157 3688 3236">
     <span class='ocr_line' id='line_1_86' title="bbox 2151 3157 3688 3236; baseline 0.007 -26"><span class='ocrx_word' id='word_1_570' title='bbox 2151 3163 2202 3211; x_wconf 90' lang='grc' dir='ltr'><strong>ι’.</strong></span> <span class='ocrx_word' id='word_1_571' title='bbox 2230 3157 2478 3211; x_wconf 87' lang='grc' dir='ltr'>Διάκονοι</span> <span class='ocrx_word' id='word_1_572' title='bbox 2507 3159 2622 3211; x_wconf 79' lang='grc' dir='ltr'>ὅσοι</span> <span class='ocrx_word' id='word_1_573' title='bbox 2641 3160 3018 3224; x_wconf 85' lang='grc' dir='ltr'>καθίστανται,</span> <span class='ocrx_word' id='word_1_574' title='bbox 3041 3166 3170 3233; x_wconf 79' lang='grc' dir='ltr'>παρ’</span> <span class='ocrx_word' id='word_1_575' title='bbox 3189 3165 3357 3236; x_wconf 84' lang='grc' dir='ltr'>αὐτὴν</span> <span class='ocrx_word' id='word_1_576' title='bbox 3380 3166 3477 3236; x_wconf 86' lang='grc' dir='ltr'><strong>τὴν</strong></span> <span class='ocrx_word' id='word_1_577' title='bbox 3510 3168 3688 3220; x_wconf 65' lang='grc' dir='ltr'>κατᾶξ-</span> 
     </span>
    </p>
   </div>
   <div class='ocr_carea' id='block_1_87' title="bbox 2081 3251 3683 3330">
    <p class='ocr_par' dir='ltr' id='par_1_87' title="bbox 2081 3251 3683 3330">
     <span class='ocr_line' id='line_1_87' title="bbox 2081 3251 3683 3330; baseline 0.009 -29"><span class='ocrx_word' id='word_1_578' title='bbox 2081 3264 2271 3302; x_wconf 87' lang='grc' dir='ltr'>στασιν</span> <span class='ocrx_word' id='word_1_579' title='bbox 2303 3253 2352 3302; x_wconf 87' lang='grc' dir='ltr'><strong>εί</strong></span> <span class='ocrx_word' id='word_1_580' title='bbox 2389 3251 2768 3322; x_wconf 80' lang='grc' dir='ltr'>ἐμαρτύραντο</span> <span class='ocrx_word' id='word_1_581' title='bbox 2809 3253 2902 3306; x_wconf 80' lang='grc' dir='ltr'>καὶ</span> <span class='ocrx_word' id='word_1_582' title='bbox 2935 3255 3142 3322; x_wconf 70' lang='grc' dir='ltr'>ἔφασαν</span> <span class='ocrx_word' id='word_1_583' title='bbox 3171 3259 3370 3328; x_wconf 80' lang='grc' dir='ltr'>χρῆναι</span> <span class='ocrx_word' id='word_1_584' title='bbox 3404 3263 3683 3330; x_wconf 74' lang='grc' dir='ltr'>γαμῆσαι,</span> 
     </span>
    </p>
   </div>
   <div class='ocr_carea' id='block_1_88' title="bbox 2081 3340 3688 3425">
    <p class='ocr_par' dir='ltr' id='par_1_88' title="bbox 2081 3340 3688 3425">
     <span class='ocr_line' id='line_1_88' title="bbox 2081 3340 3688 3425; baseline 0.01 -32"><span class='ocrx_word' id='word_1_585' title='bbox 2081 3340 2155 3411; x_wconf 90' lang='grc' dir='ltr'><strong>μὴ</strong></span> <span class='ocrx_word' id='word_1_586' title='bbox 2185 3341 2470 3411; x_wconf 76' lang='grc' dir='ltr'>δυνάμενοι</span> <span class='ocrx_word' id='word_1_587' title='bbox 2512 3342 2686 3406; x_wconf 76' lang='grc' dir='ltr'>οὕτως</span> <span class='ocrx_word' id='word_1_588' title='bbox 2717 3342 3085 3414; x_wconf 74' lang='grc' dir='ltr'>μένειν,οὗτοι</span> <span class='ocrx_word' id='word_1_589' title='bbox 3109 3354 3246 3420; x_wconf 76' lang='grc' dir='ltr'><strong>μετά</strong></span> <span class='ocrx_word' id='word_1_590' title='bbox 3277 3353 3451 3407; x_wconf 84' lang='grc' dir='ltr'>ταῦτα</span> <span class='ocrx_word' id='word_1_591' title='bbox 3495 3358 3688 3425; x_wconf 77' lang='grc' dir='ltr'>γαμή-</span> 
     </span>
    </p>
   </div>
   <div class='ocr_carea' id='block_1_89' title="bbox 2080 3434 3691 3517">
    <p class='ocr_par' dir='ltr' id='par_1_89' title="bbox 2080 3434 3691 3517">
     <span class='ocr_line' id='line_1_89' title="bbox 2080 3434 3691 3517; baseline 0.012 -32"><span class='ocrx_word' id='word_1_592' title='bbox 2080 3434 2551 3497; x_wconf 80' lang='grc' dir='ltr'>σαντες,ἕστωσαν</span> <span class='ocrx_word' id='word_1_593' title='bbox 2569 3439 2627 3490; x_wconf 83' lang='grc' dir='ltr'>ὲν</span> <span class='ocrx_word' id='word_1_594' title='bbox 2648 3441 2712 3509; x_wconf 83' lang='grc' dir='ltr'>τῇ</span> <span class='ocrx_word' id='word_1_595' title='bbox 2733 3439 3008 3513; x_wconf 81' lang='grc' dir='ltr'>ὑπηρεσίᾳ</span> <span class='ocrx_word' id='word_1_596' title='bbox 3026 3442 3111 3496; x_wconf 79' lang='grc' dir='ltr'><strong>διὰ</strong></span> <span class='ocrx_word' id='word_1_597' title='bbox 3131 3446 3190 3498; x_wconf 73' lang='grc' dir='ltr'>τὸ</span> <span class='ocrx_word' id='word_1_598' title='bbox 3205 3448 3574 3517; x_wconf 78' lang='grc' dir='ltr'>ἐπιτραπῆναι</span> <span class='ocrx_word' id='word_1_599' title='bbox 3593 3451 3691 3503; x_wconf 72' lang='grc' dir='ltr'><strong>αὖ·</strong></span> 
     </span>
    </p>
   </div>
   <div class='ocr_carea' id='block_1_90' title="bbox 2081 3527 3687 3612">
    <p class='ocr_par' dir='ltr' id='par_1_90' title="bbox 2081 3527 3687 3612">
     <span class='ocr_line' id='line_1_90' title="bbox 2081 3527 3687 3612; baseline 0.011 -35"><span class='ocrx_word' id='word_1_600' title='bbox 2081 3529 2195 3589; x_wconf 80' lang='grc' dir='ltr'>τοῖς</span> <span class='ocrx_word' id='word_1_601' title='bbox 2221 3527 2325 3579; x_wconf 76' lang='grc' dir='ltr'><strong>ὑπὸ</strong></span> <span class='ocrx_word' id='word_1_602' title='bbox 2347 3527 2442 3580; x_wconf 76' lang='grc' dir='ltr'>τοῦ</span> <span class='ocrx_word' id='word_1_603' title='bbox 2466 3528 2792 3583; x_wconf 78' lang='grc' dir='ltr'>ἐπισκόπου·</span> <span class='ocrx_word' id='word_1_604' title='bbox 2815 3531 3047 3587; x_wconf 81' lang='grc' dir='ltr'>τοῦτοδὲ</span> <span class='ocrx_word' id='word_1_605' title='bbox 3064 3535 3116 3587; x_wconf 83' lang='grc' dir='ltr'>εἴ</span> <span class='ocrx_word' id='word_1_606' title='bbox 3134 3554 3276 3601; x_wconf 88' lang='grc' dir='ltr'>τινες</span> <span class='ocrx_word' id='word_1_607' title='bbox 3300 3541 3474 3612; x_wconf 81' lang='grc' dir='ltr'>σιωπή</span> <span class='ocrx_word' id='word_1_608' title='bbox 3487 3558 3687 3606; x_wconf 77' lang='grc' dir='ltr'>σαντες</span> 
     </span>
    </p>
   </div>
   <div class='ocr_carea' id='block_1_91' title="bbox 2077 3620 3685 3700">
    <p class='ocr_par' dir='ltr' id='par_1_91' title="bbox 2077 3620 3685 3700">
     <span class='ocr_line' id='line_1_91' title="bbox 2077 3620 3685 3700; baseline 0.011 -30"><span class='ocrx_word' id='word_1_609' title='bbox 2077 3620 2172 3671; x_wconf 67' lang='grc' dir='ltr'><strong>καὶ</strong></span> <span class='ocrx_word' id='word_1_610' title='bbox 2212 3620 2640 3690; x_wconf 76' lang='grc' dir='ltr'>καταδεξάμενοι</span> <span class='ocrx_word' id='word_1_611' title='bbox 2693 3625 2751 3675; x_wconf 83' lang='grc' dir='ltr'>ἐν</span> <span class='ocrx_word' id='word_1_612' title='bbox 2807 3628 2872 3697; x_wconf 83' lang='grc' dir='ltr'>τῇ</span> <span class='ocrx_word' id='word_1_613' title='bbox 2907 3631 3214 3700; x_wconf 75' lang='grc' dir='ltr'>χειροτονίᾳ</span> <span class='ocrx_word' id='word_1_614' title='bbox 3256 3631 3440 3700; x_wconf 87' lang='grc' dir='ltr'>μένειν</span> <span class='ocrx_word' id='word_1_615' title='bbox 3481 3632 3685 3699; x_wconf 73' lang='grc' dir='ltr'>οὕτως,</span> 
     </span>
    </p>
   </div>
   <div class='ocr_carea' id='block_1_92' title="bbox 2081 3707 3687 3796">
    <p class='ocr_par' dir='ltr' id='par_1_92' title="bbox 2081 3707 3687 3796">
     <span class='ocr_line' id='line_1_92' title="bbox 2081 3707 3687 3796; baseline 0.011 -35"><span class='ocrx_word' id='word_1_616' title='bbox 2081 3710 2219 3778; x_wconf 84' lang='grc' dir='ltr'><strong>μετά</strong></span> <span class='ocrx_word' id='word_1_617' title='bbox 2251 3711 2422 3765; x_wconf 81' lang='grc' dir='ltr'>ταῦτα</span> <span class='ocrx_word' id='word_1_618' title='bbox 2453 3707 2616 3784; x_wconf 79' lang='grc' dir='ltr'>ἦλθον</span> <span class='ocrx_word' id='word_1_619' title='bbox 2646 3715 2739 3768; x_wconf 72' lang='grc' dir='ltr'><strong>ἐπὶ</strong></span> <span class='ocrx_word' id='word_1_620' title='bbox 2763 3717 2965 3786; x_wconf 87' lang='grc' dir='ltr'>γάμον,</span> <span class='ocrx_word' id='word_1_621' title='bbox 2999 3720 3316 3775; x_wconf 79' lang='grc' dir='ltr'>πεπαῦσθαι</span> <span class='ocrx_word' id='word_1_622' title='bbox 3355 3723 3555 3786; x_wconf 68' lang='grc' dir='ltr'>αὐτοὺς</span> <span class='ocrx_word' id='word_1_623' title='bbox 3581 3729 3687 3796; x_wconf 75' lang='grc' dir='ltr'>τῆς</span> 
     </span>
    </p>
   </div>
   <div class='ocr_carea' id='block_1_93' title="bbox 2076 3803 2375 3868">
    <p class='ocr_par' dir='ltr' id='par_1_93' title="bbox 2076 3803 2375 3868">
     <span class='ocr_line' id='line_1_93' title="bbox 2076 3803 2375 3868; baseline 0.01 -12"><span class='ocrx_word' id='word_1_624' title='bbox 2076 3803 2375 3868; x_wconf 89' lang='grc' dir='ltr'>διακονίας.</span> 
     </span>
    </p>
   </div>
   <div class='ocr_carea' id='block_1_94' title="bbox 2153 3896 3685 3979">
    <p class='ocr_par' dir='ltr' id='par_1_94' title="bbox 2153 3896 3685 3979">
     <span class='ocr_line' id='line_1_94' title="bbox 2153 3896 3685 3979; baseline 0.008 -29"><span class='ocrx_word' id='word_1_625' title='bbox 2153 3896 2232 3952; x_wconf 91' lang='grc' dir='ltr'>ιδ’.</span> <span class='ocrx_word' id='word_1_626' title='bbox 2265 3899 2401 3963; x_wconf 85' lang='grc' dir='ltr'>Τοὺς</span> <span class='ocrx_word' id='word_1_627' title='bbox 2425 3900 2482 3952; x_wconf 77' lang='grc' dir='ltr'>ὲν</span> <span class='ocrx_word' id='word_1_628' title='bbox 2513 3900 2700 3972; x_wconf 83' lang='grc' dir='ltr'>κλήρῳ</span> <span class='ocrx_word' id='word_1_629' title='bbox 2720 3904 3126 3976; x_wconf 75' lang='grc' dir='ltr'>πρεσϐυτέρους</span> <span class='ocrx_word' id='word_1_630' title='bbox 3146 3906 3354 3979; x_wconf 75' lang='grc' dir='ltr'>ὄνταςῆ</span> <span class='ocrx_word' id='word_1_631' title='bbox 3373 3908 3685 3974; x_wconf 79' lang='grc' dir='ltr'>διακόνους,</span> 
     </span>
    </p>
   </div>
   <div class='ocr_carea' id='block_1_95' title="bbox 2079 3990 3682 4067">
    <p class='ocr_par' dir='ltr' id='par_1_95' title="bbox 2079 3990 3682 4067">
     <span class='ocr_line' id='line_1_95' title="bbox 2079 3990 3682 4067; baseline 0.01 -26"><span class='ocrx_word' id='word_1_632' title='bbox 2079 3990 2173 4042; x_wconf 76' lang='grc' dir='ltr'><strong>καὶ</strong></span> <span class='ocrx_word' id='word_1_633' title='bbox 2214 3992 2589 4062; x_wconf 82' lang='grc' dir='ltr'>ἀπεχομένους</span> <span class='ocrx_word' id='word_1_634' title='bbox 2633 3996 2811 4066; x_wconf 82' lang='grc' dir='ltr'>κρεῶν</span> <span class='ocrx_word' id='word_1_635' title='bbox 2846 4036 2861 4060; x_wconf 91' lang='grc'>,</span> <span class='ocrx_word' id='word_1_636' title='bbox 2909 3997 3088 4062; x_wconf 75' lang='grc' dir='ltr'>ἔδοξεν</span> <span class='ocrx_word' id='word_1_637' title='bbox 3151 4000 3518 4067; x_wconf 82' lang='grc' dir='ltr'>ἐφάπτεσθαι·</span> <span class='ocrx_word' id='word_1_638' title='bbox 3578 4006 3682 4056; x_wconf 72' lang='grc' dir='ltr'>καὶ</span> 
     </span>
    </p>
   </div>
   <div class='ocr_carea' id='block_1_96' title="bbox 2078 4083 3678 4164">
    <p class='ocr_par' dir='ltr' id='par_1_96' title="bbox 2078 4083 3678 4164">
     <span class='ocr_line' id='line_1_96' title="bbox 2078 4083 3678 4164; baseline 0.008 -28"><span class='ocrx_word' id='word_1_639' title='bbox 2078 4083 2252 4148; x_wconf 78' lang='grc' dir='ltr'>οὕτως</span> <span class='ocrx_word' id='word_1_640' title='bbox 2277 4127 2292 4149; x_wconf 93' lang='grc'>,</span> <span class='ocrx_word' id='word_1_641' title='bbox 2327 4086 2376 4139; x_wconf 82' lang='grc' dir='ltr'><strong>εἰ</strong></span> <span class='ocrx_word' id='word_1_642' title='bbox 2407 4086 2684 4156; x_wconf 83' lang='grc' dir='ltr'>βούλοιντο</span> <span class='ocrx_word' id='word_1_643' title='bbox 2739 4093 2960 4160; x_wconf 81' lang='grc' dir='ltr'>κρατεῖν</span> <span class='ocrx_word' id='word_1_644' title='bbox 2993 4092 3224 4145; x_wconf 80' lang='grc' dir='ltr'>ἑαυτῶν·</span> <span class='ocrx_word' id='word_1_645' title='bbox 3261 4093 3391 4146; x_wconf 81' lang='grc' dir='ltr'>εἰδὲ</span> <span class='ocrx_word' id='word_1_646' title='bbox 3448 4093 3678 4164; x_wconf 83' lang='grc' dir='ltr'>βδελύσ-</span> 
     </span>
    </p>
   </div>
   <div class='ocr_carea' id='block_1_97' title="bbox 2082 4177 3683 4258">
    <p class='ocr_par' dir='ltr' id='par_1_97' title="bbox 2082 4177 3683 4258">
     <span class='ocr_line' id='line_1_97' title="bbox 2082 4177 3683 4258; baseline 0.01 -31"><span class='ocrx_word' id='word_1_647' title='bbox 2082 4193 2258 4230; x_wconf 89' lang='grc' dir='ltr'>σοιντο</span> <span class='ocrx_word' id='word_1_648' title='bbox 2292 4177 2370 4241; x_wconf 83' lang='grc' dir='ltr'>ὡς</span> <span class='ocrx_word' id='word_1_649' title='bbox 2404 4179 2478 4250; x_wconf 84' lang='grc' dir='ltr'><strong>μὴ</strong></span> <span class='ocrx_word' id='word_1_650' title='bbox 2510 4180 2568 4233; x_wconf 83' lang='grc' dir='ltr'>δὲ</span> <span class='ocrx_word' id='word_1_651' title='bbox 2590 4180 2658 4234; x_wconf 87' lang='grc' dir='ltr'><strong>τά</strong></span> <span class='ocrx_word' id='word_1_652' title='bbox 2696 4183 2835 4252; x_wconf 85' lang='grc' dir='ltr'>μετὰ</span> <span class='ocrx_word' id='word_1_653' title='bbox 2869 4183 2978 4236; x_wconf 82' lang='grc' dir='ltr'><strong>τῶν</strong></span> <span class='ocrx_word' id='word_1_654' title='bbox 3016 4186 3199 4256; x_wconf 85' lang='grc' dir='ltr'>κρεῶν</span> <span class='ocrx_word' id='word_1_655' title='bbox 3251 4185 3557 4258; x_wconf 81' lang='grc' dir='ltr'>βαλλόμενα</span> <span class='ocrx_word' id='word_1_656' title='bbox 3581 4190 3683 4243; x_wconf 78' lang='grc' dir='ltr'>λά-</span> 
     </span>
    </p>
   </div>
   <div class='ocr_carea' id='block_1_98' title="bbox 2079 4267 3686 4348">
    <p class='ocr_par' dir='ltr' id='par_1_98' title="bbox 2079 4267 3686 4348">
     <span class='ocr_line' id='line_1_98' title="bbox 2079 4267 3686 4348; baseline 0.01 -31"><span class='ocrx_word' id='word_1_657' title='bbox 2079 4283 2215 4335; x_wconf 87' lang='grc' dir='ltr'>χανα</span> <span class='ocrx_word' id='word_1_658' title='bbox 2251 4267 2472 4335; x_wconf 82' lang='grc' dir='ltr'>ἐσθίειν,</span> <span class='ocrx_word' id='word_1_659' title='bbox 2512 4274 2606 4324; x_wconf 79' lang='grc' dir='ltr'>καὶ</span> <span class='ocrx_word' id='word_1_660' title='bbox 2638 4271 2714 4342; x_wconf 89' lang='grc' dir='ltr'><strong>μὴ</strong></span> <span class='ocrx_word' id='word_1_661' title='bbox 2753 4273 3031 4329; x_wconf 87' lang='grc' dir='ltr'>ὑπείκοιεν</span> <span class='ocrx_word' id='word_1_662' title='bbox 3081 4276 3158 4348; x_wconf 87' lang='grc' dir='ltr'>τῷ</span> <span class='ocrx_word' id='word_1_663' title='bbox 3220 4278 3428 4342; x_wconf 84' lang='grc' dir='ltr'>κανόνι,</span> <span class='ocrx_word' id='word_1_664' title='bbox 3459 4281 3686 4333; x_wconf 78' lang='grc' dir='ltr'>πεπαύ-</span> 
     </span>
    </p>
   </div>
   <div class='ocr_carea' id='block_1_99' title="bbox 2081 4358 2802 4432">
    <p class='ocr_par' dir='ltr' id='par_1_99' title="bbox 2081 4358 2802 4432">
     <span class='ocr_line' id='line_1_99' title="bbox 2081 4358 2802 4432; baseline 0.012 -23"><span class='ocrx_word' id='word_1_665' title='bbox 2081 4358 2206 4410; x_wconf 90' lang='grc' dir='ltr'>σθαι</span> <span class='ocrx_word' id='word_1_666' title='bbox 2229 4359 2422 4425; x_wconf 79' lang='grc' dir='ltr'>αύτοὺς</span> <span class='ocrx_word' id='word_1_667' title='bbox 2450 4364 2548 4432; x_wconf 84' lang='grc' dir='ltr'><strong>τῆς</strong></span> <span class='ocrx_word' id='word_1_668' title='bbox 2573 4363 2802 4429; x_wconf 83' lang='grc' dir='ltr'>τάξεως.</span> 
     </span>
    </p>
   </div>
   <div class='ocr_carea' id='block_1_100' title="bbox 2155 4454 3685 4536">
    <p class='ocr_par' dir='ltr' id='par_1_100' title="bbox 2155 4454 3685 4536">
     <span class='ocr_line' id='line_1_100' title="bbox 2155 4454 3685 4536; baseline 0.009 -31"><span class='ocrx_word' id='word_1_669' title='bbox 2155 4458 2245 4520; x_wconf 88' lang='grc' dir='ltr'>ιη’.</span> <span class='ocrx_word' id='word_1_670' title='bbox 2277 4454 2345 4506; x_wconf 78' lang='lat' dir='ltr'><strong>Oi&#39;</strong></span> <span class='ocrx_word' id='word_1_671' title='bbox 2369 4473 2514 4520; x_wconf 89' lang='grc' dir='ltr'>τινες</span> <span class='ocrx_word' id='word_1_672' title='bbox 2541 4457 2832 4512; x_wconf 83' lang='grc' dir='ltr'>ἐπίσκοποι</span> <span class='ocrx_word' id='word_1_673' title='bbox 2877 4462 3310 4529; x_wconf 87' lang='grc' dir='ltr'>κατασταθέντες</span> <span class='ocrx_word' id='word_1_674' title='bbox 3345 4464 3438 4518; x_wconf 79' lang='grc' dir='ltr'>καὶ</span> <span class='ocrx_word' id='word_1_675' title='bbox 3479 4465 3556 4536; x_wconf 88' lang='grc' dir='ltr'><strong>μὴ</strong></span> <span class='ocrx_word' id='word_1_676' title='bbox 3591 4465 3685 4519; x_wconf 86' lang='grc' dir='ltr'>δε-</span> 
     </span>
    </p>
   </div>
   <div class='ocr_carea' id='block_1_101' title="bbox 2009 4545 2546 4613">
    <p class='ocr_par' dir='ltr' id='par_1_101' title="bbox 2009 4545 2546 4613">
     <span class='ocr_line' id='line_1_101' title="bbox 2009 4545 2546 4613; baseline -0.009 -4"><span class='ocrx_word' id='word_1_677' title='bbox 2009 4556 2054 4612; x_wconf 87' lang='lat' dir='ltr'>D</span> <span class='ocrx_word' id='word_1_678' title='bbox 2083 4545 2306 4613; x_wconf 81' lang='grc' dir='ltr'>χοέντες</span> <span class='ocrx_word' id='word_1_679' title='bbox 2335 4564 2390 4604; x_wconf 91' lang='grc' dir='ltr'><strong>κ.</strong></span> <span class='ocrx_word' id='word_1_680' title='bbox 2422 4565 2474 4604; x_wconf 86' lang='grc' dir='ltr'>τ.</span> <span class='ocrx_word' id='word_1_681' title='bbox 2496 4551 2546 4604; x_wconf 87' lang='grc' dir='ltr'><strong>λ.</strong></span> 
     </span>
    </p>
   </div>
   <div class='ocr_carea' id='block_1_102' title="bbox 2399 4645 3389 4719">
    <p class='ocr_par' dir='ltr' id='par_1_102' title="bbox 2399 4645 3389 4719">
     <span class='ocr_line' id='line_1_102' title="bbox 2399 4645 3389 4719; baseline 0.009 -24"><span class='ocrx_word' id='word_1_682' title='bbox 2399 4645 2672 4701; x_wconf 79' lang='grc' dir='ltr'>Συνόδου</span> <span class='ocrx_word' id='word_1_683' title='bbox 2701 4651 3058 4719; x_wconf 82' lang='grc' dir='ltr'>Καισαρείας</span> <span class='ocrx_word' id='word_1_684' title='bbox 3093 4651 3295 4705; x_wconf 74' lang='grc' dir='ltr'>κανὼν</span> <span class='ocrx_word' id='word_1_685' title='bbox 3318 4657 3389 4704; x_wconf 87' lang='grc' dir='ltr'><strong>α’.</strong></span> 
     </span>
    </p>
   </div>
   <div class='ocr_carea' id='block_1_103' title="bbox 2153 4731 3209 4816">
    <p class='ocr_par' dir='ltr' id='par_1_103' title="bbox 2153 4731 3209 4816">
     <span class='ocr_line' id='line_1_103' title="bbox 2153 4731 3209 4816; baseline 0.017 -33"><span class='ocrx_word' id='word_1_686' title='bbox 2153 4731 2621 4811; x_wconf 61' lang='grc' dir='ltr'>α’,ίῐῐρεσϐύτερος</span> <span class='ocrx_word' id='word_1_687' title='bbox 2654 4742 2750 4795; x_wconf 85' lang='grc' dir='ltr'><strong>ὲάν</strong></span> <span class='ocrx_word' id='word_1_688' title='bbox 2770 4747 2947 4816; x_wconf 81' lang='grc' dir='ltr'>γήμῃ,</span> <span class='ocrx_word' id='word_1_689' title='bbox 2979 4763 3034 4799; x_wconf 91' lang='grc' dir='ltr'><strong>κ.</strong></span> <span class='ocrx_word' id='word_1_690' title='bbox 3072 4763 3124 4799; x_wconf 89' lang='grc' dir='ltr'><strong>τ.</strong></span> <span class='ocrx_word' id='word_1_691' title='bbox 3159 4750 3209 4802; x_wconf 87' lang='grc' dir='ltr'>λ.</span> 
     </span>
    </p>
   </div>
   <div class='ocr_carea' id='block_1_104' title="bbox 2149 4828 3604 4914">
    <p class='ocr_par' dir='ltr' id='par_1_104' title="bbox 2149 4828 3604 4914">
     <span class='ocr_line' id='line_1_104' title="bbox 2149 4828 3604 4914; baseline 0.015 -36"><span class='ocrx_word' id='word_1_692' title='bbox 2149 4828 2422 4883; x_wconf 77' lang='grc' dir='ltr'>Συνόδου</span> <span class='ocrx_word' id='word_1_693' title='bbox 2476 4831 2842 4903; x_wconf 83' lang='grc' dir='ltr'>Ἀντιοχείας</span> <span class='ocrx_word' id='word_1_694' title='bbox 2875 4837 3078 4891; x_wconf 81' lang='grc' dir='ltr'>κανὼν</span> <span class='ocrx_word' id='word_1_695' title='bbox 3110 4847 3180 4906; x_wconf 87' lang='grc' dir='ltr'><strong>α’,</strong></span> <span class='ocrx_word' id='word_1_696' title='bbox 3204 4848 3273 4910; x_wconf 89' lang='grc' dir='ltr'><strong>γ’,</strong></span> <span class='ocrx_word' id='word_1_697' title='bbox 3305 4843 3368 4910; x_wconf 84' lang='grc' dir='ltr'><strong>δ’,</strong></span> <span class='ocrx_word' id='word_1_698' title='bbox 3414 4850 3477 4911; x_wconf 88' lang='grc' dir='ltr'><strong>ε’,</strong></span> <span class='ocrx_word' id='word_1_699' title='bbox 3507 4853 3604 4914; x_wconf 91' lang='grc' dir='ltr'>ιγ’.</span> 
     </span>
    </p>
   </div>
   <div class='ocr_carea' id='block_1_105' title="bbox 2146 4921 3234 4997">
    <p class='ocr_par' dir='ltr' id='par_1_105' title="bbox 2146 4921 3234 4997">
     <span class='ocr_line' id='line_1_105' title="bbox 2146 4921 3234 4997; baseline 0.015 -26"><span class='ocrx_word' id='word_1_700' title='bbox 2146 4924 2215 4973; x_wconf 89' lang='grc' dir='ltr'><strong>α’.</strong></span> <span class='ocrx_word' id='word_1_701' title='bbox 2250 4921 2465 4985; x_wconf 84' lang='grc' dir='ltr'>Πάντας</span> <span class='ocrx_word' id='word_1_702' title='bbox 2486 4925 2612 4989; x_wconf 79' lang='grc' dir='ltr'>τοὺς</span> <span class='ocrx_word' id='word_1_703' title='bbox 2643 4927 2980 4997; x_wconf 83' lang='grc' dir='ltr'>τολμῶντας,</span> <span class='ocrx_word' id='word_1_704' title='bbox 3009 4949 3062 4984; x_wconf 90' lang='grc' dir='ltr'><strong>κ.</strong></span> <span class='ocrx_word' id='word_1_705' title='bbox 3097 4951 3149 4986; x_wconf 92' lang='grc' dir='ltr'>τ.</span> <span class='ocrx_word' id='word_1_706' title='bbox 3184 4933 3234 4987; x_wconf 91' lang='grc' dir='ltr'>λ.</span> 
     </span>
    </p>
   </div>
   <div class='ocr_carea' id='block_1_106' title="bbox 2143 5013 3677 5098">
    <p class='ocr_par' dir='ltr' id='par_1_106' title="bbox 2143 5013 3677 5098">
     <span class='ocr_line' id='line_1_106' title="bbox 2143 5013 3677 5098; baseline 0.012 -32"><span class='ocrx_word' id='word_1_707' title='bbox 2143 5019 2212 5078; x_wconf 89' lang='grc' dir='ltr'><strong>γ’.</strong></span> <span class='ocrx_word' id='word_1_708' title='bbox 2245 5013 2314 5066; x_wconf 76' lang='grc' dir='ltr'><strong>Εἴ</strong></span> <span class='ocrx_word' id='word_1_709' title='bbox 2334 5031 2417 5078; x_wconf 90' lang='grc' dir='ltr'><strong>τις</strong></span> <span class='ocrx_word' id='word_1_710' title='bbox 2449 5017 2846 5090; x_wconf 79' lang='grc' dir='ltr'>πρεσὸύτερος,</span> <span class='ocrx_word' id='word_1_711' title='bbox 2872 5023 2903 5092; x_wconf 83' lang='grc' dir='ltr'><strong>ἢ</strong></span> <span class='ocrx_word' id='word_1_712' title='bbox 2928 5023 3195 5092; x_wconf 82' lang='grc' dir='ltr'>διάκονος,</span> <span class='ocrx_word' id='word_1_713' title='bbox 3222 5027 3254 5098; x_wconf 78' lang='grc' dir='ltr'>ἢ</span> <span class='ocrx_word' id='word_1_714' title='bbox 3285 5028 3423 5092; x_wconf 82' lang='grc' dir='ltr'>ὅλως</span> <span class='ocrx_word' id='word_1_715' title='bbox 3439 5029 3550 5084; x_wconf 84' lang='grc' dir='ltr'>τῶν</span> <span class='ocrx_word' id='word_1_716' title='bbox 3580 5032 3677 5085; x_wconf 77' lang='grc' dir='ltr'>τοῦ</span> 
     </span>
    </p>
   </div>
   <div class='ocr_carea' id='block_1_107' title="bbox 2085 5105 3671 5190">
    <p class='ocr_par' dir='ltr' id='par_1_107' title="bbox 2085 5105 3671 5190">
     <span class='ocr_line' id='line_1_107' title="bbox 2085 5105 3671 5190; baseline 0.015 -33"><span class='ocrx_word' id='word_1_717' title='bbox 2085 5105 2381 5176; x_wconf 88' lang='grc' dir='ltr'>ἱερατείου,</span> <span class='ocrx_word' id='word_1_718' title='bbox 2405 5109 2724 5166; x_wconf 88' lang='grc' dir='ltr'>καταλιπὼν</span> <span class='ocrx_word' id='word_1_719' title='bbox 2751 5113 2849 5185; x_wconf 90' lang='grc' dir='ltr'><strong>τὴν</strong></span> <span class='ocrx_word' id='word_1_720' title='bbox 2881 5117 3078 5171; x_wconf 81' lang='grc' dir='ltr'>ἑαυτοῦ</span> <span class='ocrx_word' id='word_1_721' title='bbox 3109 5123 3426 5190; x_wconf 84' lang='grc' dir='ltr'>παροικίαν,</span> <span class='ocrx_word' id='word_1_722' title='bbox 3451 5139 3506 5178; x_wconf 90' lang='grc' dir='ltr'><strong>κ.</strong></span> <span class='ocrx_word' id='word_1_723' title='bbox 3535 5141 3588 5178; x_wconf 92' lang='grc' dir='ltr'>τ.</span> <span class='ocrx_word' id='word_1_724' title='bbox 3620 5127 3671 5181; x_wconf 76' lang='grc' dir='ltr'><strong>λ.</strong></span> 
     </span>
    </p>
   </div>
   <div class='ocr_carea' id='block_1_108' title="bbox 2148 5278 3670 5374">
    <p class='ocr_par' dir='ltr' id='par_1_108' title="bbox 2148 5278 3670 5374">
     <span class='ocr_line' id='line_1_108' title="bbox 2148 5278 3670 5374; baseline 0.011 -31"><span class='ocrx_word' id='word_1_725' title='bbox 2148 5288 2386 5356; x_wconf 83' lang='grc' dir='ltr'>δ’.Εί’τις</span> <span class='ocrx_word' id='word_1_726' title='bbox 2401 5293 2698 5360; x_wconf 76' lang='grc' dir='ltr'>ἐπίσκοπος</span> <span class='ocrx_word' id='word_1_727' title='bbox 2719 5297 2824 5352; x_wconf 78' lang='grc' dir='ltr'><strong>ὑπὸ</strong></span> <span class='ocrx_word' id='word_1_728' title='bbox 2847 5278 3066 5354; x_wconf 82' lang='grc' dir='ltr'>συνόδου</span> <span class='ocrx_word' id='word_1_729' title='bbox 3091 5302 3458 5374; x_wconf 74' lang='grc' dir='ltr'>καθαιρεθεὶς,</span> <span class='ocrx_word' id='word_1_730' title='bbox 3479 5323 3534 5358; x_wconf 90' lang='grc' dir='ltr'><strong>κ.</strong></span> <span class='ocrx_word' id='word_1_731' title='bbox 3553 5306 3670 5360; x_wconf 90' lang='grc' dir='ltr'>τ.λ.</span> 
     </span>
    </p>
   </div>
   <div class='ocr_carea' id='block_1_109' title="bbox 2145 5474 3672 5561">
    <p class='ocr_par' dir='ltr' id='par_1_109' title="bbox 2145 5474 3672 5561">
     <span class='ocr_line' id='line_1_109' title="bbox 2145 5474 3672 5561; baseline 0.011 -33"><span class='ocrx_word' id='word_1_732' title='bbox 2145 5474 2206 5530; x_wconf 88' lang='grc' dir='ltr'><strong>ε’.</strong></span> <span class='ocrx_word' id='word_1_733' title='bbox 2243 5477 2308 5532; x_wconf 68' lang='lat' dir='ltr'><strong>Et</strong></span> <span class='ocrx_word' id='word_1_734' title='bbox 2336 5496 2419 5543; x_wconf 88' lang='grc' dir='ltr'><strong>τις</strong></span> <span class='ocrx_word' id='word_1_735' title='bbox 2459 5482 2831 5556; x_wconf 79' lang='grc' dir='ltr'>πρεσϐύτερος</span> <span class='ocrx_word' id='word_1_736' title='bbox 2860 5484 2892 5555; x_wconf 80' lang='grc' dir='ltr'><strong>ἢ</strong></span> <span class='ocrx_word' id='word_1_737' title='bbox 2919 5485 3186 5551; x_wconf 80' lang='grc' dir='ltr'>διάκονος,</span> <span class='ocrx_word' id='word_1_738' title='bbox 3243 5493 3672 5561; x_wconf 73' lang='grc' dir='ltr'>καταφρονήσας</span> 
     </span>
    </p>
   </div>
   <div class='ocr_carea' id='block_1_110' title="bbox 2079 5567 3670 5656">
    <p class='ocr_par' dir='ltr' id='par_1_110' title="bbox 2079 5567 3670 5656">
     <span class='ocr_line' id='line_1_110' title="bbox 2079 5567 3670 5656; baseline 0.012 -37"><span class='ocrx_word' id='word_1_739' title='bbox 2079 5567 2174 5620; x_wconf 82' lang='grc' dir='ltr'>τοῦ</span> <span class='ocrx_word' id='word_1_740' title='bbox 2202 5569 2334 5622; x_wconf 82' lang='grc' dir='ltr'>ἰδίου</span> <span class='ocrx_word' id='word_1_741' title='bbox 2369 5573 2693 5641; x_wconf 81' lang='grc' dir='ltr'>ἐπισκόπου,</span> <span class='ocrx_word' id='word_1_742' title='bbox 2724 5576 2999 5650; x_wconf 79' lang='grc' dir='ltr'>ἀφώρισεν</span> <span class='ocrx_word' id='word_1_743' title='bbox 3051 5581 3244 5636; x_wconf 77' lang='grc' dir='ltr'>ἑαυτὸν</span> <span class='ocrx_word' id='word_1_744' title='bbox 3295 5584 3395 5653; x_wconf 81' lang='grc' dir='ltr'>τῆς</span> <span class='ocrx_word' id='word_1_745' title='bbox 3438 5586 3670 5656; x_wconf 83' lang='grc' dir='ltr'>Ἐκκλη-</span> 
     </span>
    </p>
   </div>
   <div class='ocr_carea' id='block_1_111' title="bbox 2081 5660 2484 5728">
    <p class='ocr_par' dir='ltr' id='par_1_111' title="bbox 2081 5660 2484 5728">
     <span class='ocr_line' id='line_1_111' title="bbox 2081 5660 2484 5728; baseline 0.015 -16"><span class='ocrx_word' id='word_1_746' title='bbox 2081 5660 2222 5728; x_wconf 85' lang='grc' dir='ltr'>σίας,</span> <span class='ocrx_word' id='word_1_747' title='bbox 2256 5680 2308 5716; x_wconf 91' lang='grc' dir='ltr'><strong>κ.</strong></span> <span class='ocrx_word' id='word_1_748' title='bbox 2341 5681 2391 5716; x_wconf 90' lang='grc' dir='ltr'>τ.</span> <span class='ocrx_word' id='word_1_749' title='bbox 2435 5664 2484 5718; x_wconf 95' lang='grc' dir='ltr'>λ.</span> 
     </span>
    </p>
   </div>
   <div class='ocr_carea' id='block_1_112' title="bbox 446 5824 3664 5927">
    <p class='ocr_par' dir='ltr' id='par_1_112' title="bbox 446 5824 3664 5927">
     <span class='ocr_line' id='line_1_112' title="bbox 446 5824 3664 5927; baseline 0.009 -48"><span class='ocrx_word' id='word_1_750' title='bbox 446 5824 492 5856; x_wconf 69' lang='grc'>⁸³</span> <span class='ocrx_word' id='word_1_751' title='bbox 532 5827 727 5885; x_wconf 81' lang='lat' dir='ltr'><strong>Matth.</strong></span> <span class='ocrx_word' id='word_1_752' title='bbox 751 5849 826 5906; x_wconf 63' lang='lat' dir='ltr'><strong>vi,</strong></span> <span class='ocrx_word' id='word_1_753' title='bbox 866 5837 956 5890; x_wconf 76' lang='lat' dir='ltr'><strong>2i.</strong></span> <span class='ocrx_word' id='word_1_754' title='bbox 1053 5839 1485 5916; x_wconf 41' lang='lat' dir='ltr'><strong>“Matthixxu,</strong></span> <span class='ocrx_word' id='word_1_755' title='bbox 1514 5846 1604 5901; x_wconf 75' lang='lat'><strong>2|.</strong></span> <span class='ocrx_word' id='word_1_756' title='bbox 1715 5847 1760 5879; x_wconf 75' lang='lat'><strong>&quot;</strong></span> <span class='ocrx_word' id='word_1_757' title='bbox 1784 5847 1976 5919; x_wconf 79' lang='lat' dir='ltr'><strong>Apost.</strong></span> <span class='ocrx_word' id='word_1_758' title='bbox 2013 5849 2109 5916; x_wconf 71' lang='lat'><strong>44;</strong></span> <span class='ocrx_word' id='word_1_759' title='bbox 2147 5851 2314 5908; x_wconf 86' lang='lat' dir='ltr'><strong>Laod.</strong></span> <span class='ocrx_word' id='word_1_760' title='bbox 2345 5851 2412 5921; x_wconf 87' lang='lat'><strong>5;</strong></span> <span class='ocrx_word' id='word_1_761' title='bbox 2453 5852 2654 5914; x_wconf 86' lang='lat' dir='ltr'><strong>Leonis</strong></span> <span class='ocrx_word' id='word_1_762' title='bbox 2686 5857 2966 5927; x_wconf 83' lang='lat' dir='ltr'><strong>5;_Gelas.</strong></span> <span class='ocrx_word' id='word_1_763' title='bbox 3005 5859 3092 5915; x_wconf 74' lang='lat' dir='ltr'><strong>l5.</strong></span> <span class='ocrx_word' id='word_1_764' title='bbox 3211 5861 3256 5892; x_wconf 79' lang='lat'><strong>“</strong></span> <span class='ocrx_word' id='word_1_765' title='bbox 3287 5857 3431 5916; x_wconf 86' lang='lat' dir='ltr'><strong>Psal.</strong></span> <span class='ocrx_word' id='word_1_766' title='bbox 3467 5872 3575 5922; x_wconf 80' lang='lat' dir='ltr'><strong>xrv,</strong></span> <span class='ocrx_word' id='word_1_767' title='bbox 3611 5855 3664 5910; x_wconf 81' lang='lat'><strong><em>5.</em></strong></span> 
     </span>
    </p>
   </div>
  </div>
