3912 6244
282 321 381 385 749

283 465 296 508 ;
350 436 440 508 ιγ’.
478 437 694 510 Μηδένα
722 436 1020 493 ἐπίσκοπον
1039 436 1269 507 τολμᾷν,
1296 452 1350 488 κ.
1382 451 1436 489 τ.
1471 432 1521 486 λ.

597 529 873 587 Συνόδου
932 529 1193 600 Ἐφέσου
1241 527 1444 582 κανὼν
1490 525 1555 595 ﬂ"

349 623 414 696 β’.
443 625 511 678 Εἴ
531 642 674 688 τινες
709 623 1061 694 ἐπαρχεῶται,
1092 621 1380 675 ἐπίσκοποι
1407 661 1421 686 ,
1452 616 1862 688 ἀπελείφθησαν

279 721 372 790 τῆς
399 719 558 788 ἁγίας
591 718 831 784 συνόδου,
865 718 960 770 καὶ
992 719 1059 787 τῇ
1083 715 1389 786 ἀποστασία
1426 715 1860 785 προσετέθησαν,

279 814 310 884 ἢ
339 811 703 883 προστεθῆναι
728 811 1042 881 πειραθεῖεν
1077 853 1091 874 ,
1123 809 1157 878 ἢ
1200 809 1294 862 καὶ
1324 806 1742 877 ὑπογράψαντες
1794 808 1861 877 τῇ

279 907 567 977 Nae-topici)
602 907 928 978 καθαιρέσει
973 905 1452 974 ἐπαλινδρόμησαν
1492 904 1629 973 πρδς
1675 902 1736 972 τὸ
1761 902 1862 971 τῆς

276 998 609 1060 ἀποστασίας
643 998 941 1067 συνέδριον,
982 996 1207 1059 τούτους
1235 995 1412 1068 πάντη
1445 993 1588 1047 κατὰ
1617 993 1677 1046 τὺ
1702 991 1860 1060 δόξαν

277 1093 338 1160 τῇ
370 1091 500 1161 ἁγία
534 1089 761 1160 συνόδῳ,
783 1088 1096 1162 ἀλλοτρίους
1129 1085 1267 1142 εἶναι
1300 1087 1400 1157 τῆς
1432 1085 1732 1158 ἱερωσύνης
1765 1086 1862 1140 καὶ

277 1182 362 1236 τοῦ
393 1180 603 1254 βαθμοῦ
635 1182 1024 1244 ἐκπίπτοντας.

419 1278 468 1328 Σ
472 1275 701 1330 υνόδου
728 1275 1121 1343 Χαλκηδόνος
1154 1273 1358 1328 κανὼν
1385 1273 1452 1344 β’,
1496 1278 1588 1344 ιη’,
1614 1273 1717 1337 κζ’.

343 1369 405 1440 β’.
436 1368 508 1421 Εἴ
530 1386 616 1432 τις
633 1368 934 1432 ἐπίσκοπος
952 1368 1047 1422 ἐπὶ
1075 1372 1325 1440 χρήμασι
1343 1367 1684 1438 χειροτονίαν
1715 1366 1868 1436 ποιή-

278 1479 442 1528 σαιτο,
473 1480 530 1516 κ.
565 1480 615 1514 τ.
647 1462 698 1514 λ.

341 1554 427 1624 ιη’.
465 1557 543 1609 Τὸ
576 1557 672 1627 τῆς
705 1554 1050 1628 συνωμοσίας
1106 1553 1140 1624 ἢ
1175 1554 1407 1624 φατρίας
1431 1551 1707 1623 ἔγκλημα,
1769 1553 1867 1605 καὶ.

277 1648 417 1718 παρὰ
449 1647 562 1700 τῶν
598 1648 704 1715 ἐξω
754 1649 934 1719 νόμων
969 1649 1145 1718 πάντη
1188 1645 1520 1710 κεκώλυται,
1583 1645 1763 1715 πολλῷ
1801 1645 1866 1716 δὴ

278 1741 470 1811 μᾶλλον
531 1742 592 1793 ἐν
627 1743 692 1812 τῇ
727 1739 820 1793 τοῦ
885 1739 1022 1794 Θεοῦ
1062 1737 1364 1809 Ἐκκλησία
1409 1737 1568 1790 τοῦτο
1618 1737 1866 1806 γίνεσθαι

1057 319 1462 380 SYNTAGMA
1499 313 1890 380 CANONUM.
1918 319 2147 381 -ΤΙΤ,
2191 319 2297 395 IX,
2338 320 2497 382 CAP.
2534 321 2690 384 XIV.

1885 443 1933 496 Α

3446 325 3551 388 750

2033 433 2119 488 15.
2157 429 2352 488 Nullus
2384 433 2674 503 episcopus
2698 434 2916 501 audeat,
2943 443 3076 502 etc.,
3105 443 3162 488 ut
3201 449 3325 504 pag.
3352 432 3482 491 475.

2373 524 2598 580 Cone-iiii
2625 527 2878 592 Ephesim'
2894 545 3061 582 canon
3085 527 3140 581 2.

2034 618 2092 672 2.
2129 617 2186 673 Si
2255 618 2347 688 qui
2393 627 2575 673 autent
2606 620 2997 690 {provinciales
3028 618 3267 688 episcopi
3298 634 3326 672 a
3359 626 3554 673 saneta

1967 707 2178 778 synodo
2213 706 2525 770 ahfuerint,
2559 717 2614 762 et
2647 708 3030 763 deﬁcientibus
3065 706 3393 762 adhaeserim
3414 746 3428 770 ,
3462 715 3556 758 aut

1967 797 2249 852 adhaerere
2283 797 2637 859 tentaverint,
2670 799 2751 851 vel
2785 798 2950 852 etiam
2983 807 3271 867 postquam
3307 795 3557 851 subscri-

1967 897 2196 960 pserunt
2222 887 2462 944 Nestorii
2497 889 2828 959 depositioni
2855 930 2870 953 ,
2902 905 3098 944 rursus
3131 888 3198 942 ad
3233 886 3557 942 defeetionis

1965 998 2292 1039 consessum
2317 991 2686 1049 recurrerunt,
2737 984 2871 1037 istos
2894 983 3097 1051 placuit
3125 988 3330 1038 sanctm
3348 979 3559 1052 synodo

1966 1075 2187 1145 penitus
2229 1075 2439 1131 alienos
2483 1089 2606 1130 esse
2646 1074 2989 1139 sacerdotio,
3033 1083 3088 1130 et
3127 1089 3155 1128 ο
3197 1074 3368 1146 gradu
3411 1073 3557 1129 ceci-

1968 1166 2137 1222 disse.

2041 1256 2272 1313 Concilii
2317 1256 2760 1313 Chalcedonensis
2811 1273 3036 1312 canones
3079 1256 3150 1316 2.
3192 1253 3412 1318 18,2“Ι.

2039 1356 2094 1408 2.
2134 1354 2193 1409 Si
2241 1355 2368 1424 quis
2432 1355 2726 1424 episcopus
2775 1364 2995 1424 propter
3027 1355 3292 1423 pecunias
3321 1353 3550 1408 ordina-

1967 1447 2169 1503 tionem
2204 1448 2414 1511 fecerit,
2449 1456 2582 1509 etc.,
2617 1457 2675 1500 ut
2707 1463 2828 1517 pag.
2865 1447 2991 1501 5l5.

2043 1541 2128 1595 i8.
2193 1539 2608 1609 Conjurationis
2678 1540 2760 1594 vel
2831 1539 3144 1594 sodalitatis
3222 1539 3430 1592 crimen
3494 1537 3562 1589 ali

1968 1633 2315 1688 externitatis
2364 1633 2529 1686 etiam
2579 1630 2791 1699 legibus
2811 1640 2893 1685 est
2924 1632 3150 1686 omnino
3193 1629 3559 1699 prohibitum:

1975 1727 2147 1779 inuito
2175 1725 2350 1793 magis
2405 1725 2509 1777 hoc
2544 1735 2729 1777 autem
2782 1725 2833 1776 in
2870 1722 2964 1778 Dei
3015 1723 3246 1777 ecclesia
3283 1721 3398 1775 ﬁeri
3433 1736 3564 1790 pro-

273 1831 640 1904 ἀπαγορεύειν
687 1832 978 1902 προσήκει.
1011 1830 1076 1883 Ei.’
1106 1847 1250 1892 τινες
1296 1829 1477 1883 τοίνυν
1526 1828 1798 1900 κληρικοὶ,
1836 1829 1868 1898 ἢ

2024 1816 2174 1868 ihere
2229 1821 2469 1882 oportet.
2507 1810 2695 1880 Siqui
2753 1826 2884 1880 ergo
2939 1809 3124 1864 clerici
3176 1811 3259 1862 vel
3308 1805 3564 1861 monachi

275 1927 600 1996 μονάζοντες
631 1925 924 1997 εὑρεθεῖεν,
959 1924 992 1990 ἢ
1026 1921 1448 1992 συνομνύμενοι,
1480 1921 1513 1992 ἢ
1546 1921 1873 1992 φατριὰζον-

273 2037 376 2086 τες,
410 2021 443 2093 ἦ
478 2021 834 2083 κατασκευὰς
891 2019 1212 2091 τυρεύοντες
1264 2018 1585 2080 ἐπισκόποις
1618 2017 1650 2088 ἢ
1679 2017 1874 2088 κληρι-

274 2114 401 2178 κοῖς,
443 2112 869 2167 ἐκπιπτέτωσαν
901 2114 1079 2184 πάντη
1115 2110 1207 2164 τοῦ
1233 2111 1435 2164 οἰκείου
1477 2109 1714 2180 βαθμοῦ.

338 2296 440 2361 κζ’.
459 2297 607 2361 Τοὺς
627 2297 977 2369 ἁρπάζοντας
1019 2300 1288 2367 γυναῖκας
1317 2297 1660 2368 ἐπ’ὁνόματι
1702 2314 1879 2350 συνοι-

275 2390 470 2455 κεσίου,
500 2390 540 2459 ἣ
567 2389 1034 2458 συμπράττοντας.
1060 2389 1093 2458 ἢ
1121 2389 1543 2460 συναιρομένους
1569 2390 1680 2450 τοῖς
1701 2389 1882 2458 ἁρπά-

277 2481 472 2545 ζουσιν,
526 2480 728 2551 ὥρισεν
759 2480 950 2552 ὴάγία
983 2480 1222 2544 σύνοδος,
1255 2482 1303 2533 εἰ
1331 2481 1430 2551 μὲν
1463 2480 1718 2550 κληρικοὶ
1745 2474 1880 2543 εἷεν,

278 2574 568 2626 ἐκπίπτειν
584 2572 677 2626 τοῦ
700 2573 831 2626 ἰδίου
855 2571 1086 2644 βαθμοῦο
1113 2575 1161 2625 εἰ
1184 2573 1240 2627 δὲ
1264 2572 1466 2640 λαῖκοὶ,
1484 2571 1882 2644 ἀναθεματίζε-

281 2665 416 2720 σθαι.
785 2715 787 2717 ,

205 2749 208 2754 ’
591 2758 867 2814 Συνόδου
891 2759 1197 2828 Σαρδικῆς
1227 2759 1429 2813 κανὼν
1450 2765 1558 2814 κα’.

347 2850 665 2914 Γαυδέντιος
702 2853 998 2916 ἐπίσκοπος
1056 2846 1200 2905 εἷπε·
1251 2852 1425 2905 ταῦτα
1472 2851 1542 2905 τὰ
1604 2867 1887 2924 σωτηριω-

283 2943 404 3007 δὼς.
435 2962 490 2998 κ.
527 2961 581 2997 τ.
621 2943 671 2998 λ.

352 3039 458 3092 Καὶ
483 3037 652 3092 τοῦτο
678 3038 734 3091 δὲ
761 3039 972 3093 ἐκεῖθεν
1005 3038 1244 3110 μάλιστα
1278 3038 1558 3113 γνώριμον
1590 3039 1886 3110 γενήσεται

287 3133 374 3186 καὶ
403 3131 856 3204 πληρωθήσεται,
885 3151 940 3187 κ.
966 3151 1018 3188 τ.
1047 3133 1099 3188 λ.

290 3225 554 3280 Evt-(560v
597 3224 1019 3294 οἱκουμενικῆς
1076 3225 1256 3294 ἕκτης
1306 3225 1508 3281 κανὼν
1528 3234 1599 3297 γ’,
1625 3227 1689 3292 δ’,
1721 3233 1784 3294 ε’,
1814 3225 1878 3290 θ’,

857 3323 907 3381 ι’,
940 3315 1026 3384 ια’,
1060 3319 1168 3383 πζ’,
1203 3319 1316 3385 ἰπςῆ

355 3411 489 3479 Περί
523 3409 737 3478 ἱερέων
770 3409 871 3463 καί
912 3412 1238 3479 κληρικών.

355 3513 422 3572 γ’.
461 3502 690 3574 Ἐπειδὴ
721 3503 777 3556 δὲ
807 3504 834 3556 ὁ
867 3503 1100 3576 εὐσεϐὴς
1133 3506 1228 3559 καὶ
1251 3505 1595 3576 φιλόχριστος
1617 3503 1885 3575 ήμῶνβα-

293 3600 484 3665 σιλείδς,
515 3619 576 3655 κ.
608 3618 659 3653 τ.
691 3599 742 3654 λ.

355 3694 416 3748 δ’.
451 3696 518 3750 Εἴ
544 3713 633 3759 τις
687 3696 1021 3759 ἐπίσκοπος,
1063 3693 1095 3764 ἢ
1124 3691 1514 3762 πρεσϐύτερος,
1550 3690 1583 3760 ἢ
1616 3688 1884 3754 διάκονος,

294 3786 323 3856 ἣ
355 3787 737 3853 ύποδιάκονος,
769 3788 802 3858 ἢ
827 3787 1203 3855 ἀναγνώστης,
1230 3785 1262 3855 ἢ
1289 3784 1521 3854 ψάλτης,
1555 3783 1588 3854 ἢ
1616 3782 1884 3854 θυρωρὸς,

299 3883 514 3944 γυναικὶ
548 3879 911 3952 ἁφιερωμένη
963 3877 1084 3950 Θεῷ
1117 3875 1363 3946 μιχθείη,
1395 3873 1788 3944 καταιρείσθω,
1812 3873 1888 3936 ὼς

295 3973 386 4042 τὴν
413 3973 640 4045 νύμφην
680 3973 774 4028 τοῦ
833 3975 1078 4046 Χριστοῦ
1115 3972 1457 4043 διαφθείρας·
1501 3973 1550 4024 εἰ
1596 3970 1654 4024 δὲ
1677 3969 1884 4034 λα’ίκὶς,

296 4065 662 4134 ἀφοριζέσθω.

362 4156 422 4212 ε’.
463 4159 677 4228 Μηδεὶς
719 4155 828 4210 τῶν
886 4159 944 4209 ἐν
982 4154 1245 4228 ἱερατικῷ
1284 4152 1742 4223 καταλεγομένων
1794 4151 1892 4203 τά-

298 4265 460 4318 γματι
489 4269 545 4304 κ.
566 4269 620 4304 τ.
650 4250 702 4304 λ.

367 4343 428 4398 θ’.
454 4343 667 4413 Μηδενὶ
695 4342 894 4409 ἐξεῖναι
930 4340 1177 4412 κληρικῷ
1208 4339 1515 4411 καπηλικὸν
1546 4338 1697 4412 ἔχειν
1733 4341 1892 4410 ἐργα-

303 4439 535 4509 στήριον.
578 4437 640 4490 Εἰ
675 4437 784 4506 γὰρ
843 4435 921 4505 τῷ
959 4435 1184 4504 τοιούτῳ
1245 4435 1470 4488 εἰσιέναι
1508 4435 1566 4486 ἐν
1610 4433 1894 4504 καπηλείῳ

1978 1905 2187 1964 inventi
2214 1904 2440 1966 fuerint,
2499 1919 2557 1958 se
2580 1903 2872 1973 iactantes,
2907 1901 2988 1955 vel
3044 1899 3364 1956 sodalitates
3415 1913 3568 1952 com-

1976 2009 2272 2071 parantes,
2304 1997 2387 2051 vel
2429 1996 2632 2064 aliquid
2688 2003 2965 2050 struentes
3008 2008 3072 2046 ac
3127 1991 3422 2046 molientes
3475 1991 3570 2043 ad-

1976 2108 2171 2148 versus
2190 2091 2479 2160 episcopos
2509 2103 2574 2143 ac
2602 2087 2857 2150 clericos,
2888 2086 3115 2156 proprio
3147 2083 3321 2156 gradu
3345 2078 3570 2138 omnino

1978 2183 2252 2239 excident.

2051 2276 2144 2330 27.
2191 2274 2299 2330 Eos
2331 2274 2425 2343 qui
2461 2271 2682 2328 nomine
2739 2270 2980 2340 coniugii
3031 2268 3293 2324 mulieres
3349 2268 3576 2337 rapiunt

1983 2370 2068 2424 vel
2116 2384 2273 2438 opem
2307 2356 2514 2434 ferunt,
2575 2381 2640 2420 ac
2672 2364 3028 2419 consentiunt
3075 2363 3142 2418 iis
3182 2362 3276 2430 qui
3327 2362 3571 2431 rapiunt,

1987 2463 2180 2519 statuit
2240 2461 2503 2533 synodus,
2575 2458 2620 2514 si
2682 2458 2792 2512 sint
2839 2456 3058 2526 quidem
3097 2454 3308 2516 clerici,
3351 2453 3576 2522 proprio

1985 2554 2156 2624 gradu
2178 2553 2463 2616 excidere;
2497 2550 2579 2603 sin
2606 2557 2786 2603 autem
2820 2545 2966 2613 laici,
2990 2545 3465 2600 anathematizari.

2323 2767 2551 2823 Conrilii
2577 2764 2914 2821 Sardiccnsis
2954 2780 3127 2817 canon
3156 2762 3248 2817 21.

2060 2867 2152 2921 21.
2172 2863 2517 2920 Gaudentius
2561 2851 2851 2931 episcopus
2875 2857 3011 2912 dixit
3041 2876 3054 2910 :
3085 2855 3212 2913 Haec
3241 2859 3575 2923 salutariter,

1990 2968 2121 3021 etc.,
2149 2965 2208 3010 ut
2246 2973 2371 3026 pag.
2403 2953 2530 3009 666.

2065 3051 2237 3105 Porro
2289 3057 2473 3102 autem
2537 3045 2642 3099 hoc
2667 3060 2888 3115 quoque
2918 3044 3065 3098 illius
3085 3043 3188 3097 erit
3215 3042 3452 3096 maxime
3485 3057 3583 3095 no-

1907 3152 1953 3215 C
1990 3157 2126 3211 tum,
2162 3154 2294 3207 etc.,
2330 3153 2386 3196 ut
2415 3160 2536 3212 pag.
2564 3140 2692 3196 666.

2065 3237 2230 3308 276
2275 3234 2501 3290 Concilii
2551 3234 2856 3288 aecumenici
2909 3249 2963 3287 vt
3007 3250 3232 3289 canones
3263 3236 3318 3300 '5,
3356 3236 3409 3300 4,
3448 3234 3499 3302 5,
3528 3235 3580 3298 9,

2528 3328 2616 3390 ll),
2650 3329 2735 3393 Η,
2763 3328 2853 3395 86,
2885 3328 2976 3384 97.

2071 3423 2143 3478 De
2171 3421 2488 3494 presbyteris
2522 3430 2570 3474 et
2602 3419 2826 3474 clericis.

2067 3520 2121 3573 3.
2157 3518 2430 3584 Quoniam
2453 3533 2579 3571 vero
2591 3516 2715 3586 quis
2733 3516 2854 3586 pius
2866 3515 2943 3569 Ch
2955 3516 3179 3586 ristiqne
3191 3527 3426 3584 amator,
3448 3526 3579 3582 etc.,

1997 3625 2054 3670 ιιι
2081 3632 2204 3684 pag.
2237 3615 2368 3670 5-H.

2068 3707 2119 3760 4.
2158 3705 2215 3760 Si
2265 3706 2390 3776 quis
2421 3704 2465 3736 ⁸⁷
2501 3705 2817 3774 episcopus,
2867 3703 2948 3757 vel
2983 3703 3282 3775 presbyter,
3336 3704 3418 3759 vel
3470 3705 3589 3759 dia-

1999 3814 2195 3864 conus,
2235 3799 2318 3853 vel
2352 3797 2744 3860 subdiaconus,
2797 3797 2879 3851 vel
2913 3797 3104 3862 lector,
3143 3797 3230 3851 vel
3265 3807 3478 3864 cantor,
3507 3800 3588 3852 vel

2002 3894 2288 3958 ostiarius,
2323 3906 2448 3945 cum
2485 3891 2714 3943 muliere
2750 3889 2858 3943 Deo
2889 3889 3065 3943 dicata
3102 3890 3318 3953 coierit,
3348 3891 3590 3960 depona-

2001 3997 2111 4050 tur,
2142 3998 2200 4040 ιιι
2228 3985 2322 4056 qui
2351 3984 2554 4040 Christi
2590 3999 2806 4054 sponsae
2837 3984 3028 4038 vitium
3061 3984 3340 4052 attulerit;
3369 3986 3452 4040 sin
3485 4000 3586 4040 au-

1998 4092 2106 4136 tem
2140 4080 2336 4144 laicus,
2373 4089 2709 4150 segregelur.
3251 4080 3264 4092 '

2073 4174 2124 4227 5.
2161 4173 2363 4238 Nullus
2413 4172 2558 4226 enim
2590 4172 2684 4240 qui
2715 4171 2769 4224 in
2801 4169 3142 4225 sacerdotem
3165 4210 3179 4235 ,
3206 4177 3338 4238 etc.,
3374 4180 3432 4224 ut
3463 4186 3584 4244 pag.

1999 4266 2124 4322 219.

2074 4359 2128 4412 9.
2182 4355 2324 4410 Nulli
2379 4355 2541 4409 licere
2591 4353 2636 4386 ⁸⁸
2685 4354 2886 4408 clerico
2939 4355 3340 4426 cauponariam
3389 4357 3594 4412 habere

2006 4450 2316 4504 tabernam.
2372 4447 2428 4502 Si
2475 4448 2621 4502 enim
2673 4447 2726 4500 in
2762 4461 3070 4517 cauponam
3118 4448 3326 4519 ingredi
3367 4465 3478 4504 non
3511 4460 3597 4508 est

300 4529 392 4581 οὐκ
419 4529 844 4600 ἐπιτέτραπται,
876 4528 1028 4596 πόσῳ
1063 4526 1263 4595 μᾶλλον
1290 4524 1470 4588 ἄλλοις
1503 4525 1561 4577 ἐν
1588 4524 1762 4594 τούτῳ
1784 4524 1882 4576 δια-

2014 4541 2356 4612 permissum,
2401 4547 2610 4608 quanto
2664 4539 2838 4608 magis
2888 4539 3099 4593 aliisin
3135 4555 3196 4592 ea
3254 4540 3593 4608 ministrare,

305 4621 598 4686 κονεῖσθαι,
631 4624 725 4674 καὶ
752 4618 788 4672 ἃ.
816 4619 890 4690 μὴ
927 4617 1085 4686 θέμις
1121 4616 1270 4687 αὐτῷ
1301 4618 1571 4687 ἐγχειρεῖν
1604 4632 1618 4679 ;
1655 4616 1716 4667 Εἰ
1749 4615 1804 4668 δέ
1849 4631 1903 4666 τι

305 4712 541 4767 τοιοῦτον
576 4712 959 4784 διαπράξαιτο,
995 4710 1028 4778 ἢ
1066 4709 1394 4771 παυσάσθω,
1422 4708 1456 4780 ἢ
1489 4707 1884 4777 καθαιρείσθω.

375 4815 424 4862 ι’.
472 4806 831 4871 Ἐπίσκοπος,
886 4806 920 4877 ἢ
972 4803 1433 4874 πρεσϐύτερος,ἤ
1482 4803 1753 4868 διάκονος,
1811 4801 1904 4853 τό-

305 4915 428 4961 κους
466 4899 623 4968 ἢτὰς
672 4897 972 4967 λεγομένας
1001 4896 1302 4958 ἐκατοστὰς
1334 4894 1653 4966 λαμϐάνων,
1691 4892 1905 4946 παυσά-

309 4990 414 5043 σθω
459 4989 492 5059 ἥ
526 4989 922 5061 καθαιρείσθω.

377 5090 465 5138 ια’.
505 5083 714 5154 Μηδεὶς
747 5081 858 5137 τῶν
902 5085 959 5136 ἐν
1001 5079 1260 5153 ἱερατικῷ
1310 5077 1765 5150 καταλεγομένων
1802 5079 1900 5132 τά-

310 5191 493 5244 γματι,
507 5177 543 5248 ἢ
557 5175 827 5241 λαῖκὸςτὰ
847 5174 999 5248 παρὰ
1024 5175 1132 5229 τῶν
1159 5173 1428 5228 Ἰουδαίων
1448 5172 1634 5243 ἄζυμα
1652 5171 1901 5232 ἐσθιέτω,

311 5266 343 5336 ἦ
370 5269 578 5334 τούτοις
600 5269 1083 5341 προσοικειούσθω,
1121 5268 1154 5340 ἦ
1175 5269 1232 5320 ἐν
1256 5266 1434 5330 νόσοις
1458 5265 1902 5338 προσκαλείσθω,

314 5361 403 5412 καὶ
457 5362 700 5434 ἰατρείας
757 5364 892 5432 παρ’
935 5361 1114 5416 αὐτῶν
1164 5359 1512 5432 λαμϐανέτω,
1561 5359 1686 5429 ἢέν
1733 5358 1906 5429 βαλα-

317 5454 470 5515 νείοις
500 5455 707 5520 τούτοις
735 5454 1012 5517 παντελῶς
1038 5453 1379 5507 συλλουέσθω
1410 5469 1423 5481 ·
1463 5453 1513 5505 εἰ
1545 5451 1602 5506 δέ
1627 5469 1712 5515 τις
1743 5452 1904 5504 τοῦτο

319 5544 518 5611 πρᾶξαι
554 5546 879 5618 ἐπιχειροίη,
916 5548 964 5598 εἰ
997 5545 1096 5617 μὲν
1148 5544 1411 5618 κληρικὺς
1437 5542 1552 5615 εἴη,
1616 5543 1900 5615 καθαιρεί-

324 5632 448 5687 σθω·
480 5638 528 5690 εἰ
561 5638 616 5692 δὲ
649 5639 857 5707 λαῖκὸς,
894 5639 1261 5710 ἀφοριζέσθω.

391 5749 431 5779 ⁸⁷
455 5748 654 5826 florifer
683 5768 808 5809 can.
842 5763 1020 5826 apost.
1055 5753 1146 5811 28.

327 5815 544 5877 Laodic.
573 5823 660 5893 57,
692 5826 782 5879 58.

1258 5752 1471 5826 "_Can.
1502 5761 1680 5823 apost.
1707 5752 1797 5820 5t,
1830 5751 1898 5808 42
1932 5768 1946 5821 ;

2007 4640 2063 4688 et
2102 4646 2164 4686 ea
2211 4645 2334 4701 qua
2382 4643 2492 4683 non
2542 4629 2666 4683 licet
2697 4628 2796 4699 ipsi
2853 4630 3130 4684 tractare?
3160 4627 3218 4684 Si
3249 4630 3380 4700 quid
3409 4641 3593 4686 autem

2004 4724 2112 4780 tale
2143 4722 2354 4787 fecerit,
2393 4721 2474 4775 vel
2501 4730 2700 4788 cesset,
2743 4723 2828 4776 vel
2857 4722 3221 4788 deponatur..

2078 4812 2167 4868 10.
2223 4812 2526 4882 EpiscOpns
2556 4812 2626 4874 ⁸³,
2683 4816 2983 4882 presbyter,
3029 4817 3111 4868 vel
3160 4814 3447 4881 diaconus,
3500 4818 3592 4884 qui

2007 4919 2232 4966 usuras,
2285 4904 2369 4957 vel
2408 4919 2531 4972 qua:
2571 4904 2832 4960 dicuntur
2877 4907 3212 4962 centesimas
3245 4906 3464 4975 accipit,
3513 4909 3596 4962 vel

2011 5003 2214 5060 cesset,
2243 4994 2328 5047 vel
2357 4995 2683 5063 deponatur.

2086 5085 2174 5139 11.
2228 5083 2400 5139 Nemo
2453 5101 2643 5140 eorum
2678 5085 2723 5118 ⁵ο
2781 5087 2874 5155 (ιιιί
2915 5086 2971 5139 in
3027 5085 3355 5142 sacerdotali
3406 5085 3600 5142 ordine

2014 5185 2433 5242 enumerantur,
2476 5177 2558 5231 vel
2593 5176 2784 5241 laicus,
2835 5176 3150 5231 Judteorum
3185 5193 3374 5248 azyma
3422 5194 3604 5232 come-

2017 5268 2132 5336 dat,
2163 5271 2246 5324 vel
2281 5271 2448 5325 ullam
2479 5286 2602 5326 cum
2629 5271 2710 5324 eis
2751 5269 3182 5324 fatniliaritatem
3217 5271 3385 5338 ineat,
3428 5270 3512 5325 vel
3546 5270 3600 5324 in

2019 5360 2228 5415 morbis
2257 5370 2525 5427 accersat,
2559 5360 2642 5415 vel
2668 5361 2736 5414 ab
2761 5360 2843 5415 eis
2891 5359 3192 5416 medicinas
3223 5361 3476 5431 accipiat,
3517 5364 3602 5416 vel

2015 5467 2123 5507 una
2153 5467 2279 5507 cum
2313 5453 2396 5507 eis
2425 5453 2479 5506 in
2509 5452 2720 5507 balucis
2760 5452 2990 5506 lavetur.
3035 5449 3092 5506 Si
3128 5454 3252 5522 quis
3286 5463 3465 5508 autem
3504 5454 3606 5508 hoc

2016 5547 2197 5600 facere
2231 5560 2524 5615 aggressus
2551 5543 2736 5608 fuerit,
2787 5544 2832 5598 si
2866 5545 2939 5599 sit
2969 5544 3191 5612 quidem
3222 5545 3476 5609 clericus,
3510 5546 3606 5600 de-

2014 5651 2251 5710 ponetur
2285 5658 2298 5694 :
2335 5641 2380 5695 si
2411 5648 2593 5695 autem
2635 5640 2832 5703 laicus,
2883 5648 3222 5709 segregctur.

1987 5750 2212 5810 Laodic.
2252 5753 2345 5809 24.
2423 5753 2469 5788 ⁴⁹
2502 5753 2635 5810 Can.
2671 5760 2849 5824 apost.
2883 5751 2974 5808 45.
3057 5752 3102 5784 ⁸⁸
3135 5751 3272 5809 Can.
3309 5761 3486 5824 apost.
3517 5753 3608 5818 69;
