3912 6244
292 331 396 398 751

1476 324 1738 384 ΡΗΟΤΙΙ
1788 322 2291 385 PATRIARCILE
2328 326 2437 387 (ΖΡ.
2504 321 2515 331 ”
2612 334 2622 345 ’

3479 325 3591 389 752

362 445 525 518 277
577 443 667 499 86.
707 440 810 496 Eos
868 438 960 510 qui
1017 437 1081 493 ad
1134 435 1444 491 animarum
1493 436 1677 506 lapsus
1719 450 1879 489 mere-

2073 435 2178 499 πς’.
2218 437 2357 501 Τοὺς
2390 436 2485 491 ἐπὶ
2514 435 2704 507 ψυχῶν
2731 437 2930 510 ὀλίσθῳ
2965 443 3170 515 πόρνας
3221 445 3584 516 ἐπισυνάγον-

295 542 458 597 trices
507 543 709 609 cogunt
741 543 793 589 et
821 533 995 599 alunt,
1035 532 1080 586 si
1117 531 1228 587 sint
1279 529 1502 600 quidem
1538 527 1745 597 clerici,
1792 528 1887 599 ju-

293 635 488 689 bemus
521 628 719 700 deponi
746 646 759 681 :
792 627 837 681 si
868 640 999 682 vero
1033 624 1182 689 laici,
1216 620 1513 693 segregari.

363 725 453 781 97.
498 722 606 777 Eos
658 719 752 791 qui
810 718 895 774 vel
946 732 1069 772 cum
1126 730 1302 771 uxore
1358 713 1603 781 coitant,
1658 719 1791 778 etc.,
1829 718 1888 764 ut

294 834 417 888 pag.
453 814 576 871 650.

364 907 516 964 CAP.
538 907 657 963 XV.
680 936 751 949 ——
782 904 927 971 Quas
956 904 1019 958 ob
1067 920 1263 957 causas
1292 901 1557 972 quispiam
1587 906 1890 970 segregetur

293 1000 455 1056 simul
483 1008 532 1053 et
559 999 873 1067 deponatur,
902 996 980 1050 vel
1011 995 1309 1064 deponatur
1330 1003 1379 1049 et
1406 992 1771 1047 communione
1794 999 1888 1045 aut

296 1094 537 1154 Ecclesia
563 1090 938 1146 abscindatur?

510 1182 883 1253 Apostolorum
916 1196 1141 1235 canoiles
1188 1177 1277 1245 28,
1318 1178 1411 1244 29,
1444 1178 1537 1244 '50,
1582 1176 1674 1232 65.

366 1278 436 1333 28
464 1276 600 1351 [27].
634 1276 690 1332 Si
719 1276 842 1346 quis
871 1275 1182 1345 episcopus,
1214 1273 1297 1328 vel
1329 1274 1631 1344 presbyter,
1660 1270 1744 1326 vel
1773 1270 1891 1326 dia-

293 1385 487 1437 conus,
507 1370 654 1440 juste
678 1368 747 1422 ob
771 1364 1058 1421 manifesta
1083 1362 1309 1418 crimina
1330 1362 1630 1431 depositus,
1654 1360 1759 1416 sibi
1786 1360 1888 1414 ali-

296 1465 516 1533 quando
548 1462 816 1516 creditum
851 1458 1224 1514 ministerium
1259 1454 1524 1527 attingere
1557 1454 1787 1520 audeat,
1820 1454 1890 1510 ab

294 1554 541 1612 Ecclesia
570 1554 794 1610 omnino
823 1550 1203 1606 abscindatur.

378 1741 447 1797 29
495 1737 632 1810 [9.8].
663 1736 721 1792 Si
744 1736 870 1808 quis
890 1734 1184 1807 episcopus
1224 1747 1321 1803 per
1350 1730 1631 1802 pecunias,
1663 1736 1794 1797 etc.,
1830 1737 1888 1782 ut

296 1831 569 1904 pag.515.

370 1902 591 1997 50[291.
608 1919 665 1975 Si
692 1918 815 1989 quis
836 1917 1128 1988 episcopus
1149 1912 1506 1971 saecularibus
1526 1902 1889 1983 principibus,

297 2029 426 2085 etc.,
462 2025 518 2070 ut
542 2031 663 2085 pag.
697 2013 792 2068 5H
810 2052 824 2065 .

368 2112 441 2168 65
472 2106 608 2181 [6'5].
639 2106 695 2161 Si
731 2104 856 2175 quis
904 2103 1135 2158 clericus
1165 2100 1249 2156 vel
1284 2099 1457 2155 laicus
1486 2097 1540 2152 in
1571 2095 1888 2153 Iudaeorum

294 2204 382 2259 vel
427 2201 807 2256 hazreticorum
845 2209 1173 2267 synagogam
1211 2194 1491 2263 ingressus
1522 2190 1594 2246 sit
1617 2191 1686 2245 ad
1715 2204 1883 2243 oran-

297 2296 460 2358 dum,
497 2291 803 2361 deponatur
827 2295 882 2342 et
914 2293 1249 2356 segregetur.

364 2384 516 2443 CAP.
557 2382 702 2438 XVI.
740 2413 811 2425 -—
839 2379 988 2446 Quas
1023 2378 1084 2433 ob
1117 2392 1308 2432 causas
1339 2375 1560 2431 clericus
1587 2373 1666 2429 vel
1716 2373 1887 2428 laicus

292 2474 798 2532 analhemalizetur.

648 2561 874 2619 Concilii
899 2558 1219 2631 Gangrensis
1248 2574 1419 2611 canon
1456 2556 1546 2611 ΞΟ.

363 2655 453 2710 20.
486 2653 543 2708 Si
603 2652 730 2723 quis
771 2650 1086 2719 arrogantia
1121 2656 1279 2701 utens
1329 2654 1384 2700 et
1414 2652 1719 2715 martyrum
1757 2659 1887 2700 con-

295 2750 656 2821 gregationes,
681 2744 849 2816 278
866 2743 1168 2798 abhorrens
1186 2751 1240 2795 et
1265 2754 1418 2795 sacra
1438 2754 1560 2809 qua:
1578 2739 1630 2792 in
1650 2738 1730 2793 eis
1747 2739 1890 2793 cele-

294 2845 543 2911 brantur,
564 2850 617 2896 et
656 2853 846 2895 eorum
871 2835 1169 2892 memorias
1192 2840 1437 2901 accuset,
1476 2832 1546 2888 sit
1570 2832 1885 2887 anathema.

530 3018 755 3076 Concilii
782 3015 1223 3073 Chalcedonensis
1254 3028 1480 3069 canones
1506 3012 1561 3077 2,
1596 3012 1654 3067 7.

366 3108 420 3163 2.
441 3106 498 3162 Si
518 3107 640 3179 quis
662 3108 955 3176 cpiscopus
972 3112 1192 3175 pr0pter
1224 3102 1487 3173 pecunias
1507 3099 1884 3157 ordinationes

295 3202 507 3267 fecerit,
538 3208 667 3263 etc.,
696 3209 747 3253 ut
781 3214 906 3269 pag.
940 3197 1066 3252 515.

367 3294 419 3346 7.
463 3293 570 3347 Eos
604 3291 697 3361 qui
745 3291 801 3343 in
852 3289 1001 3344 clero
1042 3287 1212 3342 semel
1246 3285 1485 3341 ordinati
1520 3292 1669 3350 sunt,
1712 3289 1767 3339 et
1802 3283 1891 3337 iti-

294 3385 417 3441 dem
452 3384 773 3448 monachos,
804 3380 1100 3437 statuimus
1145 3394 1247 3434 nec
1288 3377 1354 3431 ad
1402 3377 1693 3432 militarem
1724 3390 1889 3445 expe-

293 3478 582 3543 ditionem,
623 3491 726 3529 nec
754 3473 824 3529 ad
856 3473 1177 3529 saecularem
1222 3471 1545 3542 dignitatem
1589 3485 1755 3541 posse
1791 3484 1886 3523 ve-

296 3573 438 3627 nire.
482 3570 586 3638 Qui
636 3576 819 3623 autem
872 3567 979 3622 hoc
1021 3566 1259 3631 audent,
1301 3574 1357 3620 et
1400 3580 1511 3619 non
1564 3561 1886 3633 pmnitentia

294 3667 441 3722 ducti
478 3667 546 3722 ad
578 3666 628 3721 id
661 3672 1029 3729 revertuntur,
1065 3660 1211 3733 quod
1252 3669 1478 3732 propter
1525 3658 1694 3715 Deum
1734 3658 1889 3729 prius

296 3760 595 3831 elegerant,
627 3755 1103 3811 anathematizari.

394 3849 589 3904 Basilii
611 3863 677 3904 ea:
701 3846 930 3918 epistola
959 3847 1029 3900 ad
1058 3846 1367 3917 Gregorium
1398 3845 1780 3915 presbyterum.

366 4012 495 4083 Legi
553 4020 676 4068 tuas
732 4010 944 4066 litteras
996 4023 1122 4064 cum
1153 4007 1305 4061 omni
1347 4006 1635 4076 patientia,
1666 4013 1887 4071 etc.,ut

294 4120 419 4177 pag.
449 4104 575 4159 687.

641 4196 845 4268 Synodi
874 4195 1087 4250 nnionis
1123 4192 1435 4259 canones'ii,
1471 4192 1525 4249 6.

367 4294 420 4350 5.
458 4293 562 4360 Qui
610 4291 912 4348 Ecclesiam
963 4297 1211 4345 sanctam
1267 4286 1676 4342 calumniantur
1739 4284 1887 4356 quod

296 4394 522 4456 quartas
541 4383 759 4452 nuptias
780 4380 1111 4450 permiserit,
1128 4379 1310 4434 divina
1334 4379 1436 4433 hoc
1463 4379 1534 4432 ita
1564 4378 1889 4434 instituente

294 4476 608 4547 prudentia,
638 4489 761 4545 quae
789 4472 986 4527 fratres
1020 4471 1252 4527 adunari
1281 4470 1456 4525 voluit
1488 4470 1879 4525 scandalorum

298 4570 541 4640 pessimo
568 4568 818 4638 exemplo
848 4573 1008 4620 antea
1040 4574 1344 4636 separatos,
1373 4564 1666 4619 anathema
1700 4563 1791 4618 sit.

366 4755 425 4811 6.
452 4754 555 4822 Qui
583 4768 832 4810 asserere
855 4760 1196 4823 praesumunt
1220 4749 1365 4821 quod
1395 4747 1643 4805 Ecclesia
1676 4747 1888 4818 purita-

296 4858 404 4906 tem
447 4857 503 4905 et
540 4847 851 4904 castitatem
884 4844 1418 4913 sanctimoniamque
1462 4843 1650 4898 minus
1682 4851 1884 4907 servet,

294 4945 407 4999 imo
438 4942 609 5013 prolis
641 4939 889 4995 fovenda:
914 4954 1077 4994 causa
1107 4937 1292 5008 gratia:
1320 4951 1351 4990 a
1386 4935 1495 4991 Deo
1525 4935 1667 4989 datae
1698 4950 1888 4989 macu-

292 5038 400 5091 lam
445 5033 743 5105 asperserit
788 5033 976 5087 liberis
1017 5031 1087 5085 ob
1140 5028 1459 5087 scandalum
1498 5027 1713 5095 divisis,
1746 5041 1885 5097 quos

296 5137 481 5198 postea
504 5124 873 5197 coniunxerit,
896 5122 1190 5177 anathema
1223 5128 1367 5176 esto.

301 5391 334 5411 ‘"
366 5409 521 5465 CAP.
552 5407 718 5465 xvn.
747 5438 816 5448 —
846 5405 928 5461 Ne
958 5404 1035 5461 bis
1075 5403 1369 5459 vindicetur
1396 5403 1452 5458 in
1479 5401 1663 5458 eadem
1694 5416 1771 5455 re.

737 5591 1109 5661 Apostolorum
1142 5605 1311 5645 canon
1334 5588 1428 5645 25.
1470 5598 1473 5607 ‘

359 5685 455 5740 25.
488 5684 816 5756 Episcopus,
853 5684 937 5738 vel
968 5682 1275 5754 presbyter,
1315 5681 1402 5738 vel
1429 5680 1716 5749 diaconus,
1751 5678 1850 5750 lor

287 5777 601 5845 nicationis,
627 5786 759 5844 etc.,
783 5787 976 5847 utpag.
1002 5777 1124 5831 ⁸745.

1906 3150 1957 3211 C

1991 544 2109 591 τας,
2152 529 2248 583 καὶ
2279 528 2670 600 ἐκτρέφοντας,
2704 530 2755 584 εί
2787 530 2887 602 μὲν
2916 533 3170 606 κληρικοὶ
3215 533 3347 604 εἷεν,
3385 540 3585 595 καθαι-

1991 618 2501 693 μῖσθαιὸρίζομενο
2533 624 2582 676 εί
2613 622 2670 676 δὲ
2696 623 2898 688 λαῖκοὶ,
2931 626 3311 699 ἀφορίζεσθαι.
3562 668 3588 705 λ

2062 712 2313 781 ιις.Τοὺς
2345 714 2377 786 ἢ
2417 718 2631 788 γαμετῇ
2672 717 3079 786 συνοικοῦντας,
3120 739 3175 777 κ.
3207 739 3259 778 τ.
3297 722 3350 779 λ.

2066 901 2315 955 ΚΕΦΔΛ.
2348 901 2451 958 IE’.
2476 933 2547 945 —
2584 903 2679 958 Ἐκ
2706 905 2896 960 ποίων
2918 907 3011 974 τίς
3039 909 3246 965 αἰτιῶν
3272 911 3343 966 ἐν
3371 911 3451 978 τῷ
3472 915 3589 968 αὺ-

1991 991 2072 1057 τῷ
2105 992 2444 1062 ἀφορίζεται
2473 996 2571 1050 καὶ
2604 998 2994 1067 καθαιρεὶται,
3024 1002 3063 1069 ἢ
3096 1004 3457 1073 καθαιρεῖται
3486 1003 3592 1059 και

1990 1081 2104 1151 τῆς
2133 1087 2428 1151 κονωνίας
2457 1085 2495 1154 ἢ
2526 1086 2623 1138 καὶ
2644 1086 3137 1158 τῆς-Ἐκκλησίας
3156 1092 3526 1148 ἐκκόπτεται.

2220 1177 2605 1231 Ἀετοστόλων
2624 1178 2830 1233 κανὼν·
2858 1180 2967 1251 κη’,
3005 1181 3111 1247 κθ’,
3138 1182 3207 1248 λ’,
3243 1184 3341 1252 ξε’.

2067 1274 2173 1340 κη’.
2210 1268 2281 1323 Εἴ
2304 1285 2387 1332 τις
2434 1270 2749 1336 ἐπίσκοπος,
2804 1272 2836 1344 ἢ
2890 1275 3285 1347 πρεσϐύτερος,
3330 1278 3593 1347 ῆδιάκο-

1992 1383 2081 1428 νος
2095 1364 2446 1435 καθαιρεθεὶς
2470 1364 2695 1430 δικαίως
2715 1368 2807 1420 ἐπὶ
2835 1369 3144 1440 ἐγκλήμασι
3174 1374 3445 1442 φανεροῖς,
3463 1374 3593 1426 τολ-

1994 1460 2221 1530 μήσειεν
2247 1457 2488 1527 ἅψασθαι
2514 1459 2612 1528 τῆς
2641 1478 2769 1513 ποτε
2804 1462 3243 1535 ἐγχειρισθείσης
3273 1464 3423 1533 αὐτῷ
3448 1465 3597 1518 λειτ-

1992 1553 2240 1624 ουργίας,
2295 1545 2451 1617 οὗτος
2480 1553 2833 1609 παντάπασιν
2858 1556 3214 1611 ἐκκοπτέσθω
3254 1558 3352 1629 τῆς
3390 1559 3594 1631 Ἐκλη-

1996 1646 2138 1707 σίας.

2066 1738 2170 1793 κθ’.
2205 1738 2273 1792 El
2302 1755 2386 1803 τις
2415 1739 2716 1806 ἐπίσκοπος
2750 1740 2840 1795 διὰ
2867 1741 3192 1814 χρημάτων,
3220 1761 3275 1799 κ.
3305 1762 3357 1799 τ.
3390 1744 3443 1800 λ.

2061 1915 2127 1973 λ’.
2161 1917 2229 1973 Εἰ
2254 1935 2338 1983 τις
2367 1918 2667 1986 ἐπίσκοπος
2696 1923 2982 1992 κοσμικοῖς
3010 1922 3266 1994 ἄρχουσι.
3299 1942 3354 1980 κ.
3380 1943 3427 1981 τ.
3459 1926 3513 1982 λ.

2067 2093 2161 2160 ξε’.
2192 2094 2262 2149 El
2289 2113 2374 2160 τις
2415 2096 2676 2169 κληρικδς
2729 2099 2764 2169 ἢ
2796 2097 2987 2164 λαῖκδς
3026 2099 3257 2153 εἰσέλθοι
3315 2103 3395 2165 εἰς
3458 2119 3591 2157 συν-

1993 2186 2216 2259 αγωγὴν
2257 2188 2529 2243 Ἰουδαίων
2556 2190 2588 2260 ἢ
2615 2190 2908 2261 αἱρετικῶν
2943 2190 3371 2263 προσεύξασθαι,
3391 2192 3595 2248 καθαι-

1996 2278 2195 2349 ρείσθω
2229 2281 2322 2333 καὶ
2359 2280 2726 2349 ἀφοριζέσθω.

2064 2371 2317 2425 ΚΕΦΑΛ.
2343 2369 2460 2439 ις’.
2483 2402 2554 2413 -
2605 2373 2700 2425 Ἐκ
2758 2371 2948 2426 ποίων
3002 2374 3208 2428 αἱτιῶν
3238 2377 3527 2445 κληρικὸς
3552 2376 3593 2447 ἢ

1990 2459 2202 2526 λαὶνιὸς
2260 2460 2761 2530 ἀναθεματίζεται.

2338 2552 2611 2607 Συνόδου
2656 2552 2931 2623 Γάγηοριις
2957 2556 3158 2610 κανὼν
3190 2566 3263 2612 κ’.

2061 2643 2130 2697 El’
2182 2659 2266 2706 τις
2326 2643 2547 2714 αἰτιῷτο
2601 2643 2939 2716 ὑπερηφάνῳ
3017 2646 3254 2701 διαθέσει
3308 2652 3595 2722 κεχρημέ-

1990 2751 2100 2797 νος,
2143 2734 2235 2787 καὶ⁵
2267 2734 2692 2804 βδελυσσόμενος
2717 2734 2817 2799 τάς
2852 2736 3100 2802 συνάξεις
3132 2738 3242 2791 τῶν
3266 2741 3591 2813 μαρτύρων,

1989 2827 2023 2900 ἢ
2054 2826 2153 2892 τὰς
2188 2830 2245 2881 ἐν
2278 2829 2469 2891 αὐταῖς
2498 2828 2791 2897 γινομένας
2818 2828 3164 2901 λειτουργίας
3186 2833 3276 2885 καὶ
3300 2834 3400 2896 τὰς
3441 2838 3584 2905 μνή-

1990 2937 2100 2992 μας
2127 2918 2327 2986 αὐτῶν,
2364 2919 2611 2991 ἀνάθεμα
2641 2920 2802 2975 ἔστω.

2225 3008 2498 3064 Συνόδου
2525 3011 2918 3079 Χαλκηδόνος
2945 3014 3146 3069 κανὼν
3170 3013 3236 3085 β’,
3268 3014 3332 3080 ζ’.

2062 3097 2126 3169 β’.
2161 3096 2230 3151 EE
2246 3114 2329 3161 τις
2358 3098 2655 3161 ἐπίσκοπος
2684 3100 2776 3153 ἐπὶ
2799 3104 3045 3173 χρήμασι
3078 3103 3411 3175 χειροτονίαν
3428 3105 3591 3176 ποιή-

1990 3208 2163 3256 σαιτο,
2190 3209 2244 3245 κ.
2268 3207 2319 3245 τ.
2355 3190 2406 3244 λ.

2060 3281 2127 3348 ζ’.
2165 3285 2307 3349 Τοὺς
2332 3284 2479 3351 anas.
2510 3285 2569 3339 ἐν
2602 3285 2798 3358 κλήρῳ
2845 3289 3234 3359 τεταγμένους,
3270 3290 3303 3360 ἢ
3338 3290 3432 3342 καὶ
3493 3307 3595 3359 μου

1987 3374 2509 3445 ναστάς,ὠρίσαμεν
2538 3376 2675 3447 μήτε
2701 3377 2792 3430 ἐπὶ
2819 3380 3109 3450 στρατείαν
3138 3381 3274 3451 μὴτε
3305 3381 3400 3433 ἐπὶ
3433 3381 3593 3447 ἀξίαν

1988 3466 2260 3538 κοσμικὴν
2282 3467 2559 3538 ἕρχεσθαι’
2585 3468 2618 3540 ἢ
2651 3468 2810 3523 τοῦτο
2859 3470 3174 3542 τολμῶντας
3203 3477 3297 3527 καὶ
3328 3473 3400 3544 μὴ
3433 3490 3593 3543 μετα-

1991 3557 2378 3628 με-λουμένους,
2404 3558 2545 3613 ὥστε
2586 3561 2913 3634 ἐπιστρέψαι
2948 3565 3040 3617 ἐπὶ
3078 3565 3236 3618 τοῦτο
3260 3564 3287 3618 ὃ
3332 3565 3420 3619 διὰ
3453 3565 3591 3619 Θεὸν

1988 3651 2254 3720 πρότερον
2274 3650 2501 3717 εἴλοντο,
2529 3652 3050 3725 ἀναθεματίςεσθαι.

1989 3851 2313 3905 Βασιλείου
2344 3851 2412 3905 ἐκ
2446 3851 2557 3921 τῆς
2590 3852 3116 3993 ῗὲῗὲτῧὲἔόριον
3179 3858 3591 3927 πρεσϐύτερον

2072 4014 2357 4086 Ἐνέτυχόν
2390 4031 2486 4068 σου
2506 4016 2618 4078 τοῖς
2646 4014 2940 4087 γράμμασι
2974 4018 3114 4089 μετά
3143 4018 3325 4090 πάσης
3380 4034 3586 4089 μακρο-

1990 4106 2210 4179 θυμίας,
2238 4125 2292 4162 κ.
2312 4108 2420 4162 τ.λ.

2202 4200 2476 4258 Συνόδου
2513 4201 2623 4271 τῆς
2660 4203 2933 4269 ἑνώσεως
2966 4204 3169 4259 κανὼν
3207 4202 3268 4268 ε’,
3294 4202 3368 4270 ς’.

2064 4292 2126 4349 ε’.
2170 4294 2295 4359 Τοῖς
2333 4296 2732 4363 συκοφαντοῦσι
2771 4299 2871 4367 τὴν
2916 4299 3076 4367 ἁγίαν
3111 4297 3471 4367 Ἐκκλησίαν,
3503 4298 3589 4352 ὄτι

1990 4387 2365 4459 τετραγαμίαν
2391 4388 2630 4456 ἐδέξατο,
2666 4391 2827 4464 χάριν
2855 4392 2955 4462 τῆς
2986 4392 3206 4464 εὑδοκίᾳ
3246 4391 3385 4446 Θεοῦ
3430 4408 3588 4460 γενο-

1996 4480 2163 4550 μένης
2192 4480 2538 4551 οἰκονομίας,
2569 4482 2663 4534 καὶ
2691 4481 2788 4552 τῆς
2825 4482 3185 4552 προσλήψεως
3210 4485 3303 4537 καὶ
3337 4481 3587 4545 ἐνώσεως

1990 4571 2099 4624 τῶν
2129 4571 2376 4642 ἀδελφῶν
2404 4573 2582 4644 ἡμῶν,
2607 4573 2701 4638 οὒς
2728 4577 2760 4644 ἠ
2794 4574 2903 4629 τῶν
2936 4575 3318 4646 προλαϐόντων
3353 4576 3591 4629 σκανδά-

1990 4664 2098 4718 λων
2124 4665 2271 4717 αἰτία
2300 4663 2586 4737 ἐχώριζεν,
2614 4666 2885 4737 ἀνάθεμα.

2062 4754 2138 4820 ς’.
2180 4756 2305 4819 Τοῖς
2325 4756 2565 4827 τολμῶσι
2597 4756 2797 4825 λέγειν,
2847 4760 2993 4828 ὃτιὴ
3040 4758 3339 4830 Ἐκκλησία
3374 4758 3435 4812 τὸ
3481 4776 3588 4812 κα-

1990 4847 2155 4920 θαρὸν
2196 4849 2288 4901 καὶ¹
2318 4847 2589 4921 ἄχραντον
2614 4848 2675 4902 οὐ
2722 4849 2884 4915 σώζει
2931 4851 3029 4922 τῆς
3069 4852 3355 4919 ἁγιστείας
3390 4853 3582 4921 αὐτῆς,

1987 4942 2124 4996 ἀλλά
2170 4944 2448 5014 μολυσμόν
2498 4960 2620 4996 τινα
2674 4945 3080 5016 προσετρίψατο
3124 4944 3214 4997 διὰ
3256 4944 3356 5015 τὴν
3398 4946 3584 5015 χάριτι

1986 5035 2123 5091 Θεοῦ
2150 5035 2454 5107 γενομένην
2498 5034 2730 5106 σύναψιν
2763 5037 2872 5090 τῶν
2904 5038 3133 5101 τέκνων,
3162 5037 3257 5102 οὓς
3300 5038 3586 5108 διεμέρισε

1989 5129 2088 5200 μὲν
2120 5129 2182 5182 τὸ
2210 5128 2311 5200 ήδη
2343 5128 2675 5199 προγεγονὸς
2702 5128 2996 5183 σκάνδαλον
3019 5169 3034 5196 ,
3071 5130 3276 5202 συνῆψε
3305 5129 3362 5183 δὲ
3390 5130 3423 5201 ή
3462 5128 3588 5182 τού-

1982 5238 2079 5276 του
2125 5220 2275 5292 παρὰ
2329 5220 2549 5275 πάντων
2590 5221 2728 5293 ὁμοῦ
2777 5221 3037 5295 ἀθέτησις
3083 5223 3178 5277 καὶ
3219 5220 3583 5295 ἀποκήρυξις,

1984 5314 2255 5386 ἀνάθεμα.
2276 5388 2285 5393 4

2000 5386 2336 5463 ’ἹίίΕΦΑᾹῗ⁹
2361 5404 2462 5462 1Ζ¹.
2504 5438 2574 5449 --
2603 5407 2733 5462 Ὀτι
2761 5409 2834 5463 οὺ
2869 5409 2989 5479 χρὴ
3017 5409 3113 5476 δὶς
3167 5408 3431 5463 ἐκδικεῖν
3484 5406 3586 5463 ἐπὶ

1981 5502 2063 5569 τῷ
2093 5501 2268 5570 αὐτῷ.

2318 5610 2321 5613 ‘
2420 5593 2808 5649 Ἀποστόλων
2836 5593 3038 5647 κανὼν
3060 5592 3160 5647 κε’.

2051 5690 2153 5737 κε’.
2189 5682 2553 5749 Ἐπίσκοπος,
2596 5685 2632 5756 ἢ
2675 5684 3066 5758 πρεσϐύτερος,
3107 5685 3139 5756 ἢ
3180 5683 3448 5752 διάκονος,
3490 5686 3582 5740 ἐπὶ

1986 5776 2215 5847 πορνείᾳ
2241 5776 2274 5848 ἢ
2307 5778 2584 5850 ἐπιορκία,
2608 5796 2663 5835 κ.
2691 5797 2740 5834 τ.
2780 5779 2827 5833 λ.
