3842 6224
442 404 761 459 Βασιλείου
798 403 1000 459 κανὼν
1023 402 1093 471 γ’,
1120 402 1221 474 λβθ,
1247 408 1349 457 ναν.

204 498 273 562 γ’.
321 495 575 558 Διάκονος
642 493 782 565 μετά
829 494 930 565 τὴν
970 494 1322 549 διακόνισσαν
1372 493 1719 565 πορνεύσας,

139 584 435 655 ἀπόόλητος
464 585 563 656 μὲν
591 585 692 654 τῆς
718 584 997 648 διακονίας
1027 584 1202 638 ἔσται’
1236 588 1315 649 εἰς
1347 586 1404 639 δὲ
1440 586 1551 640 τῶν
1603 585 1722 639 λαϊ-

139 678 245 733 κῶν
282 676 555 740 ἀπωσθεὶς
579 678 765 743 τόπον,
790 677 892 746 τῆς
915 678 1201 742 κοινωνίας
1225 678 1326 731 οὐκ
1348 677 1719 749 είρχθήσεταιο

140 770 269 823 διότι
297 766 524 838 ἀρχαῖός
558 770 676 821 ἐστι
710 766 914 831 κανὼν,
954 769 1085 831 τοὺς
1117 768 1226 820 ἀπὸ
1254 764 1722 837 βαθμοῦ⁹πεπτω-

139 859 312 923 κότας,
340 858 519 928 τούτῳ
554 858 702 927 μόνῳ
729 858 808 929 τῷ
840 858 1028 930 τρόπῳ
1053 859 1154 929 τῆς
1176 859 1455 923 κολάσεως
1482 860 1721 914 ὑποϐάλ-

138 951 340 1013 λεσθαι,
367 950 871 1020 ἀκολουθησάντων,
896 950 972 1015 ὼς
998 948 1175 1021 οἶμαι,
1199 952 1308 1004 τῶν
1334 952 1395 1016 ἐξ
1417 954 1593 1024 ἀρχῆς
1644 953 1721 1023 τῷ

138 1044 280 1115 νόμῳ
305 1044 522 1113 ἐκείνῳ,
542 1042 642 1114 τῷ,
672 1046 795 1098 Οὐκ
822 1042 1168 1113 ἐκδικήσεις
1188 1043 1284 1110 δὶς
1303 1045 1403 1098 ἐπὶ
1424 1044 1507 1111 τῷ
1528 1046 1688 1107 αὐτῷ
1705 1062 1720 1075 ⁸

138 1137 225 1190 καὶ
255 1136 323 1189 δι’
372 1135 573 1208 ἑτέραν
621 1136 679 1189 δὲ
728 1136 931 1200 αἰτίαν,
979 1136 1065 1190 ὅτι
1106 1137 1154 1189 oi
1207 1138 1305 1207 μὲν
1338 1139 1397 1190 ὲν
1423 1137 1503 1208 τῷ
1547 1138 1722 1210 λαῖκῷ

134 1228 278 1291 ὄντες
313 1227 556 1297 τάγματι
579 1225 975 1297 ἐκϐεϐλημένοι
1033 1227 1126 1281 τοῦ
1158 1227 1328 1281 τόπου
1347 1228 1456 1280 τῶν
1487 1229 1717 1296 πιστῶν,

135 1319 290 1373 πάλιν
316 1322 395 1382 είς
434 1318 528 1371 τὸν
558 1318 654 1388 ἀφ’
686 1312 748 1373 οῦ
803 1317 1063 1383 ἐξέπεσον
1096 1319 1263 1373 τόπον
1303 1319 1721 1389 ἀναλαμϐάνον-

133 1429 235 1466 ται·
258 1412 284 1464 ὁ
307 1412 365 1465 δὲ
389 1411 640 1474 διάκονος
670 1408 820 1475 ἅπαξ
843 1409 955 1480 ἔχει
986 1409 1087 1481 τὴν
1124 1411 1281 1480 δίκην
1326 1411 1427 1481 τῆς
1464 1394 1724 1484 καθαιρέ-

136 1522 263 1569 σεως
315 1505 542 1574 διαρκῆ’
577 1504 653 1568 ὡς
703 1502 797 1558 οῦν
844 1503 946 1556 οὐκ
980 1502 1379 1575 ἀποδιδομένης
1440 1504 1589 1574 αύτῷ
1620 1505 1721 1576 τῆς

132 1593 404 1657 διακονίας
430 1634 445 1657 ,
499 1593 595 1647 ἐπὶ
627 1592 838 1663 ταύτης
889 1591 1128 1661 ἔστησαν
1167 1591 1337 1661 μόνης
1365 1591 1466 1660 τῆς
1502 1592 1722 1661 ἐκδική-

135 1702 281 1750 σεωςο
313 1684 497 1740 ταῦτα
536 1685 635 1755 μὲν
683 1678 777 1738 οῦν
818 1683 888 1736 τά
919 1683 982 1734 ἐκ
1011 1681 1121 1734 τῶν
1144 1680 1353 1733 τύπωνο
1388 1680 1616 1734 καθόλου
1662 1681 1720 1734 δὲ

830 282 1234 347 SYNTAGMA
1273 282 1665 346 CANONUM.
1694 303 1760 316 ·-’
1789 281 1938 343 ΤΙΤ.
1982 281 2089 356 IX,
2130 280 2290 342 CAP.
2327 279 2628 343 XV-XIX.

1743 398 1799 460 Α

3310 277 3419 344 754

2128 397 2297 469 279
2318 396 2514 470 Βαεὶθὲ
2546 412 2779 453 canones
2821 397 2875 461 5,
2913 397 3004 461 52,
3037 396 3127 451 51.

1899 493 1953 547 5.
1994 491 2272 548 Diaconus
2320 502 2444 562 post
2488 491 2838 547 diaconatum
2882 488 3208 556 fornicatus,
3240 488 3423 544 diaco-

1828 593 1961 639 natu
1996 584 2246 654 ejicietur
2290 584 2533 653 quidem,
2587 586 2679 640 sed
2735 584 2789 637 in
2840 584 3104 639 laicorum
3153 584 3413 637 detrusus

1832 677 2039 740 locum,
2067 691 2096 730 a
2124 678 2515 733 communione
2546 693 2655 732 non
2694 677 2993 732 arcebitur.
3020 674 3289 742 Quoniam
3320 690 3420 728 an-

1831 770 2016 839 tiquus
2045 776 2130 825 est
2164 784 2341 825 canon
2362 810 2377 837 ,
2407 779 2468 825 ut
2507 770 2542 825 ii
2574 771 2669 841 qui
2704 770 2877 842 gradu
2904 768 3261 829 exciderunt,
3293 767 3422 821 huic

1829 863 1931 918 soli
1988 877 2166 932 poenae
2209 863 2395 934 generi
2448 864 2833 934 subiiciantur,
2884 862 3148 934 antiquis,
3199 861 3417 931 opinor,

1828 955 2032 1010 secutis
2088 956 2260 1025 legem
2319 956 2505 1022 illam,
2556 955 2681 1010 Non
2738 956 3033 1011 vindicabis
3093 955 3173 1009 bis
3224 955 3280 1009 in
3336 954 3424 1007 id-

1828 1044 2101 1113 ipsum“:
2136 1052 2301 1114 atque
2324 1044 2490 1099 etiam
2520 1054 2743 1114 propter
2779 1044 2939 1099 aliam
2973 1060 3234 1107 causam;
3269 1044 3415 1113 quod

1828 1134 1925 1203 qui
1953 1135 2008 1188 in
2049 1133 2246 1188 ordine
2279 1144 2409 1190 sunt
2435 1135 2595 1200 laico,
2622 1139 2666 1191 si
2692 1151 2722 1190 a
2758 1135 2879 1191 loco
2910 1135 3153 1190 ﬁdelium
3184 1133 3417 1205 ejician-

1827 1233 1937 1290 tur,
1976 1241 2172 1282 rursus
2212 1226 2266 1280 in
2293 1241 2443 1293 eum,
2490 1242 2558 1283 ex
2599 1243 2710 1297 quo
2745 1227 3086 1291 ceciderunt,
3118 1226 3298 1281 locum
3330 1239 3421 1280 re-

1828 1318 2144 1388 cipiuntur;
2172 1318 2441 1375 diaconus
2471 1334 2601 1376 vero
2627 1320 2795 1375 semel
2831 1319 2996 1374 habet
3023 1333 3241 1388 semper
3264 1331 3421 1370 mau-

1829 1429 2016 1469 suram
2050 1429 2269 1485 pinnam
2324 1415 2705 1485 depositionis.
2766 1413 3045 1481 Quoniam
3098 1414 3265 1484 igitur
3298 1411 3419 1467 dia-

1829 1514 2062 1561 conatus
2102 1507 2152 1561 ei
2185 1522 2293 1561 non
2327 1506 2656 1573 restituitur,
2686 1507 2740 1561 iu
2768 1522 2832 1561 ea
2871 1506 2989 1562 sola
3034 1505 3203 1559 multa
3256 1510 3422 1558 stete-

1830 1609 1981 1655 runt.
1994 1598 2171 1669 Atque
2188 1600 2304 1656 haec
2320 1599 2539 1670 quidem
2566 1610 2833 1669 suntquae
2853 1614 2915 1652 ex
2935 1595 3421 1653 constitutionibus

1835 1687 2127 1743 habentur.
2183 1689 2240 1742 lu
2294 1689 2554 1744 omnibus
2582 1698 2764 1745 autem
2812 1688 2994 1744 verior
3039 1688 3309 1742 medicina
3339 1692 3425 1739 est

132 1774 489 1845 ἀληθέστερόν
514 1776 662 1827 ἐστιν
715 1774 931 1843 (apud)
968 1772 1067 1841 τῆς
1113 1770 1392 1841 ἁμαρτίας
1429 1770 1721 1843 ἀναχώρη-

1856 1794 2089 1835 ·εεθεςιιε
2118 1795 2148 1834 a
2178 1789 2423 1851 peccato.
2456 1781 2639 1848 Quare
2668 1781 2762 1851 qui
2795 1788 3020 1850 propter
3051 1778 3235 1834 carnis
3263 1778 3420 1831 volu-

134 1882 238 1929 σις·
267 1866 407 1919 ὥστε
433 1867 466 1919 ὁ
502 1865 588 1919 διὰ
611 1866 813 1936 σαρκὸς
861 1865 1053 1939 ἡδονὴν
1084 1867 1361 1937 ἀθετήσας
1389 1866 1491 1938 τὴν
1540 1868 1723 1938 χάριν,

131 1958 214 2013 διὰ
234 1958 324 2012 τοῦ
352 1957 702 2030 συντριμμοῦ
732 1961 831 2030 τῆς
857 1960 1082 2031 σαρκὸς,
1109 1961 1205 2014 καὶ
1234 1960 1417 2033 πάσης
1448 1959 1726 2029 δουλαγω-

130 2052 243 2119 γίας
272 2051 372 2121 τῆς
398 2054 529 2105 κατ’
579 2052 911 2123 ἐγκράτειαν
937 2051 1178 2115 ἀποστὰς
1232 2051 1341 2105 τῶν
1393 2051 1597 2121 ἡδονῶν
1622 2052 1727 2121 ὑφ’

130 2134 200 2194 ὧν
225 2141 605 2213 κατεστράφη,
629 2141 843 2194 τελείαν
863 2143 997 2213 ἡμῖν
1028 2140 1258 2212 παρέξει
1278 2140 1380 2208 τῆς
1406 2141 1605 2204 ἰάσεως
1626 2140 1728 2193 αὐ-

128 2232 216 2287 τοῦ
264 2233 361 2304 τὴν
404 2234 707 2300 ἀπόδειξιν.
741 2233 1058 2305 Ἀμφότερα
1098 2234 1279 2288 τοίνυν
1320 2234 1473 2305 ἡμᾶς
1525 2233 1727 2288 εἰδέναι

134 2326 224 2390 δεῖ,
248 2327 340 2380 καὶ
359 2326 430 2380 τὰ
450 2327 553 2397 τῆς
580 2326 886 2399 ἀκριϐείας.
917 2327 1013 2379 καὶ
1040 2327 1109 2381 τὰ
1128 2326 1229 2397 τῆς
1257 2327 1566 2397 συνηθείας*
1594 2327 1726 2381 ἒπε-

137 2416 249 2471 σθαι
270 2417 325 2471 δὲ
348 2461 362 2483 ,
406 2419 506 2471 ἐπὶ
550 2418 659 2473 τῶν
690 2419 1150 2493 καταδεξαμένων
1189 2419 1289 2492 τὴν
1324 2420 1624 2491 ἀκρότητα,
1652 2420 1732 2491 τῷ

138 2511 490 2581 παραδοθέντι
513 2511 692 2584 τύπῳ.

201 2604 297 2674 λβ’.
319 2606 385 2657 Oi
411 2604 516 2674 τὴν
562 2605 701 2676 πρὸς
746 2605 977 2660 θάνατον
1021 2607 1299 2679 ἁμαρτίαν
1323 2607 1727 2679 ἁμαρτάνοντες

141 2695 379 2766 κληρικοὶ
404 2738 418 2761 ,
446 2698 547 2751 τοῦ
581 2697 789 2769 βαθμοῦ
825 2700 1178 2768 κατάγονται⁸
1210 2701 1309 2770 τῆς
1336 2700 1620 2765 κοινωνίας
1672 2701 1730 2755 δὲ

138 2788 236 2841 τῶν
256 2789 458 2844 λαῖκῶν
478 2789 585 2844 ούκ
610 2791 967 2862 ἐξείργονται·
1004 2794 1086 2847 Οὐ
1121 2791 1233 2862 γὰρ
1261 2792 1606 2861 ἐκδικήσεις
1635 2792 1731 2863 δίς

140 2881 228 2935 ἐπὶ
251 2882 328 2949 τῷ
347 2881 538 2949 αὐτῷ.

204 2981 300 3031 va’.
345 2978 421 3030 Τὸ
490 2975 640 3031 κατά
684 2979 812 3043 τοὺς
835 2978 1159 3049 κληρικοὺς,
1195 2979 1520 3051 ἀδιορίστως
1545 2981 1592 3033 oi
1627 2997 1731 3035 κα-

141 3067 278 3133 νόνες
302 3069 575 3134 ἐξέθεντο,
613 3070 974 3135 κελεύσαντες
1015 3073 1145 3143 μίαν
1198 3074 1291 3126 ἐπὶ
1323 3075 1436 3137 τοῖς
1468 3072 1729 3128 πεσοῦσιν

141 3162 402 3232 ὁρίζεσθαι
434 3165 714 3235 τιμωρίαν
744 3207 760 3229 ,
796 3166 893 3237 τὴν
930 3164 1213 3221 ἔκπτωσιν
1262 3170 1363 3240 τῆς
1405 3168 1731 3240 ὑπηρεσίας,

143 3255 242 3307 εἴτε
273 3258 328 3309 ὲν
363 3255 565 3327 βαθμῷ
591 3257 932 3328 τυγχάνοιεν,
961 3259 1072 3312 εἴτε
1122 3259 1217 3313 καὶ
1252 3260 1591 3335 ἀχειροθέτῳ
1619 3263 1726 3318 ὑπ·-

142 3348 324 3421 ηρεσίᾳ
350 3353 842 3421 προσκαρτεροῖεν.

207 3442 452 3499 ΚΕΦΑΛ.
487 3442 688 3497 lII'.—-
722 3442 826 3498 Ἐκ
863 3444 1053 3499 ποίων
1105 3444 1313 3501 αιτιῶν
1351 3447 1593 3513 τελείως
1633 3447 1736 3503 ἑκ-

146 3530 432 3588 ϐάλλεται.

408 3629 809 3683 Ἀποστόλων
831 3628 1037 3683 κανὼν
1057 3629 1166 3699 κη’,
1204 3637 1313 3695 ναν,
1346 3630 1448 3702 ξβ⁸.

207 3720 309 3791 κη’.
336 3722 406 3775 Εἴ
429 3740 523 3787 τις
552 3721 877 3788 ἐπίσκοπος,
908 3722 941 3794 ἢ
971 3723 1367 3796 πρεσϐύτερος,
1398 3726 1431 3795 ἢ
1462 3726 1741 3794 διάκονος,

147 3816 486 3891 καθαιρεθεὶς
516 3820 764 3891 δικαίως,
800 3840 858 3877 κ.
882 3839 933 3877 τ.
957 3822 1008 3877 λ.

210 4008 304 4059 να’.
328 4004 510 4068 Εῐτις
538 4004 861 4073 ἐπίσκοπος,
887 4006 921 4079 ἢ
949 4005 1343 4079 πρεσϐύτερος,
1383 4005 1416 4077 ἢ
1456 4006 1728 4074 διάκονος,

148 4095 176 4163 ἢ
224 4095 356 4161 ὅλως
398 4098 503 4152 τοῦ
556 4100 860 4169 καταλόγου
920 4100 1016 4154 τοῦ
1083 4099 1385 4169 ἱερατικοῦ,
1439 4100 1620 4171 γάμου
1642 4100 1738 4155 καὶ

148 4186 332 4256 κρεῶν,
365 4207 420 4245 κ.
456 4207 517 4244 τ.
543 4190 595 4244 λ.

150 4368 175 4421 ὅ
212 4282 306 4351 ξβ’.
339 4285 406 4338 Εἴ
440 4303 531 4351 τις
582 4285 846 4357 κληρικὸς
892 4286 981 4342 διὰ
1010 4286 1176 4357 φόϐον
1218 4284 1563 4359 ἀνθρώπινον
1609 4287 1739 4341 Ἰου-

178 4371 307 4421 αἰου-
335 4393 390 4421 κ-
414 4394 469 4421 τ-
491 4375 545 4421 λ-

178 4371 308 4441 αἰου,
335 4393 391 4431 κ.
414 4394 469 4431 τ.
491 4375 547 4432 λ.

443 4491 723 4546 Συνόδου
742 4490 1102 4562 Ἀντιοχείας
1130 4490 1335 4545 κανὼν
1350 4491 1413 4546 δ’.

216 4592 273 4650 δ’.
301 4595 369 4653 Et
409 4617 496 4679 τις
560 4599 885 4667 ἐπίσκοπος,
944 4601 1050 4655 ὑπὸ
1091 4601 1309 4655 συνόδου
1360 4601 1733 4672 καθαιρεθεὶς,

154 4700 264 4740 κ.τ.
297 4688 348 4743 λ.

394 4804 663 4861 Συνόδου
697 4804 1051 4872 Λαοδικείας
1081 4804 1283 4859 κανὼν
1303 4805 1410 4871 λς’.

217 4914 321 4982 λς’.
354 4919 480 4973 Ὅτι
505 4919 568 4973 οὐ
618 4920 700 4975 δεῖ
740 4920 1047 4992 ίερατικοὺς
1077 4920 1111 4990 ἢ
1146 4920 1467 4991 κληρικοὺς,
1498 4920 1733 4992 μάγους,

158 5024 207 5063 κ.
235 5025 283 5066 τ.
315 5014 365 5065 λ.

290 5102 559 5160 Συνόδου
588 5104 1026 5175 ὀίκουμενικῆς
1050 5104 1229 5174 ἕκτης
1252 5104 1456 5159 κανὼν
1484 5112 1593 5160 κα⁹.

225 5200 326 5250 κα’.
357 5198 422 5252 Ol
445 5200 532 5253 ἐπ’
549 5199 861 5271 ἐγκλήμασι
876 5200 1183 5263 κανονικοῖς
1203 5198 1517 5266 ὑπεύθυνοι,
1538 5217 1593 5253 κ.
1620 5197 1739 5253 τ.λ.

221 5379 465 5438 ΚΕΦΑΔ.
500 5383 862 5440 ΙΘ’.-Πότε
898 5401 990 5450 τις
1035 5381 1330 5453 καθέδρας
1363 5382 1482 5452 μὲν
1525 5382 1564 5452 ἢ
1600 5381 1745 5436 στά-

1834 1880 2047 1942 ptatem
2081 1872 2313 1943 gratiam
2345 1872 2567 1943 abiecit,
2592 1873 2639 1929 is
2673 1874 2718 1927 si
2750 1887 2972 1927 carnem
3009 1870 3341 1926 conterenda
3366 1876 3422 1923 et

1830 1964 1886 2018 in
1918 1979 2161 2031 omnem,
2191 1964 2498 2020 secundem
2549 1964 2900 2020 continentiae
2933 1963 3272 2034 praescripta,
3305 1975 3423 2015 ser-

1832 2055 2062 2109 vitutem
2092 2055 2412 2128 redigenda,
2436 2058 2655 2112 secedat
2685 2072 2716 2111 a
2747 2054 3144 2125 voluptatibus,
3172 2069 3200 2107 a
3222 2051 3424 2122 quibus

1830 2146 2015 2203 victus
2050 2156 2106 2203 et
2152 2157 2467 2217 prostratus
2495 2158 2601 2216 est,
2645 2149 2866 2218 plenum
2902 2148 3063 2203 nobis
3109 2162 3222 2201 suae
3256 2158 3423 2199 cura~

1830 2238 2000 2293 tionis
2049 2239 2329 2310 specimen
2381 2239 2553 2295 dabit.
2608 2239 2800 2311 Itaque
2853 2239 2998 2295 scire
3037 2253 3139 2295 nos
3186 2249 3424 2306 utraque

1830 2340 2068 2401 oportet,
2115 2341 2170 2386 et
2220 2347 2343 2403 qum
2387 2342 2518 2388 sunt
2568 2333 2961 2403 summijuris,
3014 2340 3072 2387 et
3120 2347 3244 2401 qua:
3290 2337 3422 2384 sunt

1832 2423 2251 2480 consuetudinis
2289 2443 2304 2479 :
2353 2427 2508 2496 sequi
2554 2436 2737 2481 autem
2777 2427 2831 2481 in
2878 2427 2943 2480 iis
2986 2440 3108 2496 qua:
3144 2437 3421 2478 summum

1828 2515 1923 2587 jus
1960 2531 2069 2570 non
2110 2516 2429 2584 admittunt,
2472 2518 2707 2574 formam
2751 2518 3025 2572 traditam.

1906 2610 1998 2664 52.
2041 2611 2334 2666 Peccatum
2369 2612 2436 2666 ad
2474 2621 2707 2668 mortem
2767 2620 3060 2682 peccantes
3112 2608 3318 2674 clerici,
3356 2606 3424 2661 de

1834 2704 2006 2776 gradu
2048 2704 2403 2774 dejiciuntur,
2440 2720 2469 2759 a
2506 2706 2776 2761 laicorum
2813 2714 2993 2760 autem
3025 2703 3419 2759 communione

1835 2810 1945 2850 non
2006 2803 2285 2852 arcentur.
2354 2794 2477 2851 Non
2541 2797 2681 2850 enim
2741 2794 3033 2849 vindicabis
3096 2794 3176 2847 bis
3230 2795 3283 2847 in
3336 2793 3424 2845 id-

1833 2888 2032 2958 ipsum.

1880 2981 2000 3045 ,5l.
2041 2980 2198 3047 Quod
2229 2981 2297 3037 ad
2332 2980 2564 3038 clericos
2605 2982 2817 3048 attinet,
2852 2980 3151 3037 'indeliuite
3184 2994 3426 3035 canones

1836 3084 2237 3143 exposuerunt,
2268 3090 2431 3129 unam
2468 3074 2636 3145 lapsis
2671 3074 2929 3143 jubentes
2969 3088 3187 3143 pcenam
3222 3070 3421 3140 iniligi,

1836 3166 2162 3237 ejectionem
2198 3180 2229 3221 a
2253 3166 2592 3231 ministerio,
2627 3166 2743 3220 sive
2769 3166 2822 3219 in
2849 3166 3019 3235 gradu
3053 3163 3277 3222 fuerint,
3307 3164 3426 3216 sive

1836 3259 2002 3314 etiam
2062 3258 2115 3312 in
2179 3258 2509 3324 ministerio,
2563 3258 2710 3327 quod
2759 3272 3023 3313 manuum
3066 3254 3424 3326 impositione

1837 3365 1945 3405 non
1971 3350 2158 3414 datur,
2186 3359 2567 3420 permaneant.

1908 3442 2079 3513 280
2107 3442 2259 3497 CAP.
2285 3441 2472 3500 XVIII.
2495 3471 2565 3483 —-
2595 3441 2743 3510 Quas
2777 3442 2840 3495 ob
2884 3456 3075 3496 causas
3116 3430 3426 3496 ommian

1837 3536 2074 3606 expulsio
2101 3536 2221 3605 ﬁat.

2158 3628 2534 3699 Apostolorum
2557 3645 2733 3684 canon
2754 3627 2847 3691 28,
2875 3627 2968 3692 5i,
2994 3626 3083 3681 62.

1910 3719 1980 3775 28
2010 3719 2148 3793 [27].
2180 3720 2236 3776 Si
2266 3722 2391 3792 quis
2421 3721 2734 3792 episcopus,
2758 3722 2839 3776 vel
2869 3721 3173 3792 presbyter,
3194 3720 3276 3775 vel
3311 3720 3428 3774 dia-

1838 3831 2013 3872 conus
2046 3817 2197 3887 juste
2230 3817 2302 3871 ob
2341 3815 2627 3873 manifesta
2665 3816 2894 3873 crimina
2929 3815 3231 3886 depositus,
3293 3822 3426 3880 etc.,

1838 3916 1898 3961 ut
1927 3925 2051 3980 pag.
2074 3909 2199 3964 751.

1912 4002 1971 4056 5i
2004 4000 2145 4075 [50].
2179 4000 2235 4056 Si
2264 4002 2393 4073 quis
2418 4002 2735 4073 episcopus,
2770 4001 3076 4073 presbyter,
3120 4002 3204 4055 vel
3240 4001 3429 4055 diaco-

1839 4107 1969 4156 nus,
2004 4094 2089 4147 vel
2143 4094 2372 4149 omnino
2406 4108 2473 4148 ex
2507 4092 2837 4149 sacerdotali
2863 4106 3093 4147 numero
3119 4106 3148 4145 a
3202 4091 3428 4161 nuptiis,

1840 4184 1969 4238 vino
2006 4193 2061 4239 el
2089 4184 2374 4251 carnibus,
2399 4193 2528 4250 etc.,
2555 4195 2611 4237 ut
2645 4200 2768 4255 pag.
2803 4184 2928 4237 751.

1913 4274 2154 4348 62161].
2195 4276 2252 4332 Si
2293 4277 2419 4346 quis
2445 4278 2680 4332 clericus
2730 4286 2950 4347 propter
2984 4286 3178 4331 nutum
3230 4275 3427 4331 huma-

1844 4384 1999 4433 num,
2041 4370 2124 4425 vel
2162 4367 2358 4436 Judmi,
2388 4380 2519 4436 etc.,
2550 4378 2609 4423 ut
2641 4386 2764 4441 pag.
2800 4369 2931 4426 746.

2220 4478 2451 4534 Concilli
2476 4479 2789 4535 Antiocheni
2821 4496 2993 4534 canon
3021 4479 3116 4536 4.“

1914 4589 1968 4643 4.
1995 4588 2049 4644 Si
2078 4589 2202 4659 quis
2231 4589 2520 4661 episcOpus
2559 4605 2590 4645 a
2629 4590 2840 4663 synodo
2879 4589 3182 4661 depositus,
3209 4598 3340 4656 etc.,
3378 4598 3437 4645 ut

1842 4696 1965 4751 pag.
1997 4679 2129 4735 20‘].
2893 4694 2911 4744 ι
3434 4672 3439 4683 ³

2217 4794 2445 4852 Concilii
2473 4794 2763 4851 Laodiceni
2790 4812 2958 4852 canon
2986 4798 3075 4854 56.

1920 4910 2009 4967 ‘56.
2038 4911 2195 4979 Quod
2232 4928 2338 4968 non
2365 4921 2580 4984 oportet
2620 4929 2718 4971 eos
2752 4916 2847 4989 qui
2884 4928 3013 4974 sunt
3045 4916 3269 4981 sacrati,
3297 4927 3430 4985 etc.,

1848 5014 1907 5059 ut
1935 5022 2058 5077 pag.
2101 5006 2231 5062 754.

2129 5098 2360 5155 Consilii
2388 5104 2693 5157 meumeniei
2734 5119 2786 5158 vr
2848 5118 3019 5157 canon
3048 5102 3137 5155 2|.

1917 5194 2008 5248 ει.
2062 5192 2205 5260 Quid
2261 5194 2539 5250 canonice
2585 5195 2952 5267 quorumdam
3014 5193 3308 5251 criminum
3358 5192 3438 5247 rei

1852 5287 2004 5351 lacti,
2036 5296 2166 5352 etc.,
2193 5295 2251 5341 ut
2281 5304 2406 5359 pag.
2442 5289 2570 5344 735.
3173 5280 3176 5283 λ
3210 5278 3227 5283 ”
3276 5278 3281 5283 '
3308 5273 3429 5285 κ-ἠλ

1922 5376 2075 5435 CAP.
2100 5376 2245 5433 XIX.
2269 5408 2340 5419 —
2378 5377 2731 5444 Quandonam
2756 5378 2949 5449 aliquis
2985 5376 3293 5433 cathedram
3319 5379 3438 5449 qui-

164 5482 310 5534 σεως
368 5473 669 5545 ἱερατικῆς
701 5474 941 5546 μετέχει
966 5514 982 5542 ,
1012 5475 1127 5530 οὐκ
1171 5472 1406 5543 ἐνεργεῖ
1430 5471 1497 5527 δέ
1537 5490 1592 5530 τι
1626 5470 1727 5527 τῶι

1856 5473 1973 5527 dem
1999 5480 2301 5541 statumque
2329 5471 2752 5527 ecclesiasticum
2785 5471 2992 5535 retinet,
3016 5469 3327 5525 nullatenus
3355 5479 3442 5524 ta-

165 5561 401 5618 λοιπῶν.

228 5735 506 5812 “_Nahum
542 5762 581 5812 ι,
608 5746 661 5803 9.

1855 5582 1972 5621 men
2002 5566 2355 5621 ministerium
2376 5568 2621 5635 e:z:ercet.,l
