3912 6244
326 296 436 364 755

687 412 912 467 Coucilii
940 413 1211 486 Ancyrani
1236 431 1404 472 canon
1445 415 1494 481 1,
1517 414 1574 468 2.

327 557 332 574 ι
403 509 456 563 1.
473 507 827 578 Presbyteros
844 506 936 577 qui
955 509 1422 572 sacriﬁcaverunt,
1441 517 1572 573 etc.,
1587 517 1646 562 ut
1661 524 1780 578 pag.
1797 505 1919 560 595.

406 602 460 654 ‘2.
498 600 768 654 Diaconos
817 599 1072 655 similiter
1119 601 1212 669 qui
1256 601 1673 665 sacriﬁcarunt,
1736 609 1924 670 postea

333 702 517 747 autem
566 693 818 747 reluctati
861 703 1012 758 sunt,
1050 693 1219 748 alium
1253 695 1474 763 quidem
1519 694 1798 753 honorem
1835 693 1924 746 ha-

333 788 482 851 bere,
525 786 675 855 ipsos
725 793 907 840 autem
955 785 1024 840 ab
1075 789 1224 840 onuii
1275 786 1601 842 Sacer-dotali
1642 785 1718 856 (5)
1763 784 1924 839 mini-

333 879 500 933 sterio
535 894 776 944 cessare,
813 889 866 933 et
897 895 1094 948 panem
1131 881 1215 933 vel
1255 881 1480 934 calicem
1506 878 1791 941 ollerendi,
1837 877 1923 932 vel

330 970 704 1041 prmdicmtdi:
756 971 850 1024 sed
886 971 931 1024 si
975 988 1038 1026 ex
1087 972 1365 1041 episcopis
1409 971 1578 1041 aliqui
1627 971 1680 1024 in
1726 970 1793 1024 iis
1837 970 1920 1024 vel

331 1061 686 1117 alllictioncm
721 1064 986 1133 aliquam,
1037 1066 1120 1119 vel
1164 1065 1525 1120 humilitatem
1563 1080 1626 1118 ac
1669 1079 1924 1118 mansue-

332 1154 576 1208 tudinem
629 1155 888 1219 viderim,
922 1167 976 1211 et
1025 1157 1230 1227 aliquid
1278 1157 1514 1226 amplius
1545 1157 1677 1211 dare
1718 1155 1802 1210 vel
1842 1152 1926 1210 of-

333 1248 477 1303 ferre
508 1248 807 1315 voluerint,
835 1250 889 1302 in
922 1265 1110 1304 eorum
1143 1259 1413 1318 potestate
1441 1249 1493 1303 id
1528 1264 1670 1302 esse.

511 1339 672 1408 281
725 1338 948 1393 Concilii
986 1338 1432 1393 Neoccesariensis
1474 1353 1641 1392 canon
1671 1336 1724 1392 9.

401 1434 457 1490 9.
495 1433 549 1486 Si
575 1432 854 1502 presbyter
874 1431 963 1501 qui
994 1447 1226 1502 corpore
1255 1432 1409 1502 prius
1435 1436 1921 1502 peccaverat,etc.,

329 1531 384 1574 ut
424 1537 546 1592 pag.
579 1520 706 1577 547.

579 1616 806 1672 Concilii
841 1615 1145 1670 cecumenici
1180 1631 1231 1670 γι
1262 1631 1485 1670 canones
1517 1615 1570 1682 5,
1606 1614 1698 1671 26.

406 1710 483 1764 De
511 1709 829 1778 presbyteris
852 1718 901 1761 et
932 1707 1160 1761 clericis.

1525 299 1790 360 ΡΠΟΤΙΙ
1826 298 2332 361 PATRIARCH/E
2363 299 2475 360 (ΣΡ.

1949 420 2001 477 Λ

3513 298 3626 363 756

2308 409 2580 465 Συνόδου
2617 411 2907 482 Ἀγκύρας
2951 412 3151 466 κανὼν
3174 411 3244 478 α’,
3271 413 3335 484 βπ.

2098 511 2167 559 α’.
2208 505 2623 576 Πρεσὸυτέρους
2655 506 2780 570 τοὺς
2806 505 3194 572 ὲπιθύσαντας,
3221 525 3274 561 κ.
3310 525 3361 561 τ.
3385 506 3436 560 λ.

2101 602 2167 668 β’.
2205 601 2502 663 Διακόνους
2555 600 2758 668 ὁμοίως
2808 602 3101 669 θύσαντας,
3161 601 3298 672 μετά
3349 602 3406 654 δὲ
3447 597 3625 654 ταῦτα

2027 693 2533 758 ἀναπαλαίσαντας,
2559 695 2659 764 τὴν
2698 694 2798 765 μὲν
2821 695 2987 767 ἀλλην
3017 695 3184 766 τιμὴν
3215 694 3381 764 ἔχειν,
3403 689 3623 744 πεπαῦ-

2029 788 2153 842 σθαι
2181 790 2236 842 δὲ
2269 789 2465 852 αὐτοὺς
2496 787 2678 858 πάσης
2707 788 2806 860 τῆς
2837 789 3116 859 ἱερατικῆς
3137 786 3481 856 λειτουργίας
3521 783 3622 838 τοῦ

2025 885 2210 955 ἄρτον,
2242 884 2274 956 ἦ
2299 884 2557 955 ποτήριον
2590 885 2907 956 ἀναφέρειν,
2935 884 2968 955 ἢ
3001 883 3318 953 κηρύσσειν’
3338 882 3389 933 εἰ
3414 882 3624 950 μέντοι,

2027 978 2175 1040 τινὲς
2205 978 2313 1030 τῶν
2344 977 2663 1031 ἐπισκόπων
2685 977 2911 1038 τούτους
2933 977 3198 1030 συνίδοιεν
3230 975 3479 1044 κάματόν
3496 991 3624 1028 τινα

2026 1074 2059 1144 ἦ
2096 1077 2427 1128 ταπείνωσιν
2458 1076 2787 1144 πραότητος,
2821 1076 2915 1126 καὶ
2960 1072 3197 1126 ἐθέλοιεν
3231 1072 3392 1125 πλέον
3415 1090 3466 1127 τι
3492 1071 3629 1126 διδό-

2026 1184 2113 1220 ναι
2139 1168 2172 1238 ἢ
2207 1169 2482 1238 ἀφαιρεῖν,
2509 1167 2595 1220 ἐπ’
2635 1166 2818 1230 αὐτοῖς
2843 1160 2985 1220 εἷναι
3011 1166 3112 1237 τὴν
3139 1165 3409 1230 ἐξουσίαν.

2274 1328 2546 1384 Συνόδου
2577 1328 3046 1397 Νεοκαισαρείας
3073 1326 3278 1381 κανὼν
3305 1326 3370 1381 θ’.

2098 1424 2162 1479 θ’.
2194 1423 2576 1494 Πρεσϐύτερος
2631 1421 2727 1475 ἐὰν
2751 1497 2758 1502 ν
2786 1418 3240 1492 προημαρτηκὼς
3290 1417 3533 1490 σώματι,
3561 1435 3625 1472 κ.

2023 1535 2077 1572 τ.
2127 1517 2179 1570 λ.

2121 1609 2393 1663 Συνόδου
2419 1604 2838 1675 οἱκουμενικῆς
2875 1605 3057 1674 ἕκτης
3085 1602 3287 1659 κανὼν
3309 1609 3379 1673 γ’,
3416 1609 3532 1668 κς⁴.

2098 1703 2242 1771 Περὶ
2274 1701 2476 1771 ἱερέων
2501 1703 2600 1756 καί
2629 1698 2955 1768 κληρικῶν.

401 1804 458 1858 5.
490 1775 760 1868 Quoniam
801 1815 932 1856 vero
980 1799 1102 1870 pius
1140 1798 1456 1870 Christique
1492 1809 1727 1864 amator,
1776 1808 1881 1856 etc.
1905 1840 1919 1866 ,

2098 1802 2169 1864 γ’.
2211 1792 2428 1865 Ἐπειδὴ
2480 1792 2589 1845 δὲὸ
2632 1791 2862 1861 εὐσεϐὴς
2919 1789 3016 1844 καί¹
3076 1787 3419 1860 φιλόχριστος
3463 1785 3630 1857 ἡμῶν

331 1906 388 1950 ut
417 1901 538 1965 pag.
573 1895 696 1948 5H.

403 1986 494 2041 9.6.
546 1985 968 2056 Presbyterum,
1017 1982 1108 2053 qui
1160 1998 1258 2052 per
1311 1981 1670 2052 ignorantiam
1722 1981 1923 2036 illicitis

331 2082 539 2152 nuptiis
565 2089 647 2135 est
674 2079 1004 2148 implicatus,
1035 2092 1158 2132 esse
1195 2076 1414 2146 quidem
1448 2075 1722 2130 cathedrae
1755 2074 1924 2144 parti-

332 2177 531 2243 cipem,
556 2173 854 2227 Secundum
889 2188 950 2225 ea
971 2186 1094 2240 qua:
1123 2178 1252 2224 sunt
1280 2168 1439 2222 nobis
1466 2183 1494 2222 a
1525 2182 1683 2222 sacro
1712 2180 1924 2221 canone

330 2266 551 2322 decreta
583 2283 595 2317 :
630 2280 662 2319 a
701 2264 928 2332 reliquis
960 2271 1142 2317 autem
1175 2260 1587 2331 Operationibus
1623 2260 1920 2313 abstinere.

329 2356 391 2410 Ei
420 2358 588 2422 enim,
621 2357 714 2427 qui
747 2369 831 2412 ρει
860 2357 1005 2421 talis,
1034 2355 1166 2410 satis
1194 2362 1280 2408 est
1308 2354 1354 2408 si
1384 2353 1538 2407 venia
1566 2351 1743 2407 detur.
1774 2350 1844 2405 Ut
1878 2352 1924 2406 is

332 2460 513 2504 autem
549 2451 638 2505 alii
675 2450 962 2505 benetlieat
997 2450 1088 2517 qui
1131 2448 1293 2502 debet
1323 2446 1542 2516 propria
1576 2461 1771 2500 curare
1801 2446 1924 2500 vul-

330 2559 484 2607 nera,
525 2559 632 2598 non
681 2553 765 2597 est
808 2553 1263 2598 consentaneum.
1299 2539 1614 2594 Benedictio
1648 2540 1792 2592 enim
1841 2552 1926 2595 est

331 2637 784 2693 sanctificationis
806 2637 1100 2706 impertitio
1129 2653 1142 2689 ε
1174 2635 1268 2704 qui
1299 2644 1482 2688 autem
1521 2632 1572 2687 id
1620 2647 1727 2686 non
1762 2632 1925 2688 habet

331 2740 556 2800 propter
587 2730 845 2785 delictum
874 2744 942 2784 ex
972 2729 1303 2798 ignorantia,
1331 2726 1610 2798 quomodo
1636 2725 1789 2779 alteri
1823 2726 1924 2778 im-

330 2821 561 2890 pertiet?
593 2818 706 2875 Nec
746 2835 875 2890 ergo
911 2819 1146 2888 publice,
1183 2833 1284 2872 nec
1334 2817 1581 2884 privatim
1615 2816 1921 2880 benedicat,

331 2928 434 2966 nec
484 2912 690 2967 Christi
743 2927 946 2981 corpus
997 2911 1120 2965 aliis
1174 2910 1470 2965 distribuat
1529 2908 1649 2978 (nec
1700 2908 1924 2978 aliquod

329 3005 478 3060 aliud
513 3004 879 3059 ministerium
905 3003 1111 3071 obeat),
1139 3004 1231 3059 sed
1251 3001 1598 3074 praesidentia
1629 3010 1925 3070 contentus

2029 1890 2307 1962 βασιλεὺς,
2337 1905 2394 1942 κ.
2425 1903 2476 1940 τ.
2508 1886 2558 1941 λ.

2096 1985 2212 2047 κς’.
2240 1981 2620 2056 Ιιρεσϐύτερον
2647 1979 2738 2032 τὸν
2785 1977 2928 2032 κατά
2985 1977 3209 2046 ἄγνοιαν
3253 1974 3478 2046 ἀθέσμῳ
3525 1974 3632 2042 γά-

2029 2097 2116 2150 μῳ
2175 2076 2579 2148 περιπαρέντα,
2647 2072 2919 2143 καθέδρας
2971 2071 3068 2142 μὲν
3140 2069 3431 2139 μετέχειν,
3480 2067 3631 2121 κατά

2024 2174 2094 2226 τά
2124 2172 2234 2226 ἀπὸ
2264 2171 2356 2224 τοῦ
2380 2170 2528 2240 ἱεροῦ
2548 2170 2774 2226 κανόνος
2797 2166 2930 2235 ἡμῖν
2952 2162 3411 2233 νομοθετηθέντα,
3436 2161 3544 2214 τῶν
3561 2161 3627 2214 δὲ

2024 2265 2229 2319 λοιπῶν
2247 2261 2536 2335 ἐνεργειῶν
2563 2258 2883 2330 ἀπέχεσθαι·
2911 2256 3144 2327 ἀρκετὸν
3173 2255 3282 2326 γὰρ
3310 2253 3632 2324 τῷτοιούτῳ

2027 2360 2060 2429 ἡ
2088 2356 2386 2426 συγγνώμη
2409 2371 2424 2385 ·
2456 2355 2700 2422 εὐλογεῖν
2717 2352 2773 2405 δὲ
2804 2351 2993 2422 ἓτερον
3030 2349 3122 2402 τὸν
3145 2349 3212 2402 τὰ
3241 2348 3419 2400 οἰκεῖα
3448 2363 3514 2416 τη
3525 2361 3629 2415 με-

2025 2454 2136 2507 λεῖν
2209 2451 2495 2521 ὀφείλοντα
2551 2447 2880 2519 τραύματα,
2938 2441 3343 2498 ἀνακόλουθον·
3400 2437 3628 2507 εὐλογία

2027 2547 2136 2617 γὰρ
2200 2542 2474 2613 ἁγιασμοῦ
2531 2538 2817 2610 μετάδοσίς
2878 2538 3066 2588 ἐστιν·
3129 2532 3159 2584 6
3205 2531 3263 2587 δὲ
3336 2529 3496 2584 τοῦτο
3547 2528 3629 2600 μὴ

2027 2640 2165 2710 ἔχων
2195 2639 2282 2691 διὰ
2312 2637 2373 2689 τὸ
2402 2638 2466 2689 ὲκ
2491 2634 2592 2703 τῆς
2616 2631 2839 2700 ἀγνοίας
2880 2629 3256 2698 παράπτωμα,
3291 2624 3410 2687 πῶς
3451 2621 3628 2692 έτέρῳ

2031 2731 2374 2805 μεταδώσει;
2418 2729 2558 2800 μήτε
2605 2725 2786 2780 τοίνυν
2833 2722 3095 2794 δημοσία,
3129 2722 3265 2791 μήτε
3315 2717 3423 2788 ἰδία
3473 2715 3633 2769 εὐλο-

2027 2824 2216 2896 γείτω,
2252 2823 2389 2894 μήτε
2413 2820 2473 2874 τὸ
2505 2818 2665 2888 σῶμα
2705 2815 2801 2870 τοῦ
2837 2811 3075 2885 Χριστοῦ
3099 2807 3467 2878 ’κατανεμέτω
3504 2805 3630 2859 ὲτέ-

2033 2937 2169 2991 ροις,
2207 2917 2344 2987 μήτε
2379 2931 2430 2967 τι
2499 2911 2628 2966 ἄλλο
2658 2907 3079 2979 λειτουργείτωο
3114 2905 3229 2958 ἀλλ’
3279 2899 3628 2971 ἀρκούμενος

2026 3015 2091 3082 τῇ
2151 3004 2850 3081 προεδρίᾳῇπροσκλαιέτω
2873 3001 2952 3072 τῷ
2975 2997 3153 3072 κυρίῳ
3199 2992 3628 3065 συγχωρηθῆναι

329 3096 556 3150 domino
590 3095 803 3161 defleat,
840 3105 898 3150 ut
948 3095 1023 3148 illi
1053 3111 1119 3149 ex
1153 3094 1464 3166 ignorantia
1513 3101 1796 3162 peccatum
1822 3108 1920 3150 .re-

2040 3104 2175 3174 ιύτῷ
2198 3103 2259 3156 τὸ
2292 3105 2355 3155 ἐκ
2384 3102 2484 3170 τῆς
2511 3098 2734 3167 ἀγνοίας
2753 3096 3014 3165 ἀνόμημα
3039 3109 3052 3122 ο
3107 3087 3376 3162 πρόδηλον
3407 3087 3518 3179 γὰρ

328 3188 599 3242 mittatur.
629 3188 976 3244 Manifestum
1006 3189 1151 3242 enim
1203 3197 1286 3244 est
1316 3190 1462 3259 quod
1494 3187 1763 3244 nefarium
1789 3203 1919 3242 con—

324 3280 539 3350 jugium
578 3280 924 3347 dissolvetur,
956 3297 1058 3336 nec
1093 3281 1173 3335 vir
1207 3297 1330 3335 eum
1361 3297 1424 3335 ea
1455 3281 1564 3334 ullo
1595 3281 1759 3334 modo
1785 3296 1918 3334 con-

329 3371 673 3427 suetudinem
700 3371 939 3436 habebit,
967 3379 1190 3441 prepter
1224 3387 1388 3442 quam
1415 3386 1574 3427 sacra
1602 3370 1920 3440 operatione

329 3465 573 3534 privatus
613 3474 718 3520 est.

579 3550 586 3555 ’
762 3555 955 3610 Basilii
989 3571 1218 3612 canones
1249 3557 1340 3620 2⁸1,
1381 3558 1468 3613 70.

397 3648 491 3705 27.
535 3648 609 3703 De
648 3650 964 3720 presbytero
1007 3651 1100 3719 qui
1147 3652 1391 3707 insciens
1442 3651 1654 3708 illicitis
1707 3652 1912 3723 nuptiis

329 3741 646 3812 implicatus
679 3753 783 3808 est,
806 3751 910 3797 etc.
944 3752 1000 3794 ut
1031 3759 1150 3812 vag.
1181 3743 1309 3797 547.

402 3835 492 3889 70.
535 3834 812 3889 Diaconus
861 3835 954 3904 qui
1003 3835 1242 3903 pollutus
1282 3845 1367 3891 est
1416 3837 1470 3890 in
1507 3836 1700 3902 labris,
1752 3853 1921 3907 seque

329 3941 396 3980 eo
421 3941 596 3996 usque
626 3940 886 3995 peccasse
916 3926 1209 3982 confessus
1238 3936 1340 3991 est,
1375 3943 1403 3979 a
1427 3928 1733 3983 ministerio
1761 3944 1920 3985 amo-

329 4019 580 4085 rebitur;
617 4019 714 4075 sed
746 4019 794 4074 ei
830 4021 1184 4085 concedetur,
1219 4030 1277 4076 ut
1307 4037 1432 4076 cum
1468 4020 1716 4077 diaconis
1745 4023 1920 4092 parti-

329 4131 460 4185 ceps
489 4115 561 4170 sit
591 4123 1089 4170 sacramentorum.
1113 4115 1170 4169 ιιι
1203 4115 1384 4184 ipsum
1418 4125 1600 4171 autem
1634 4117 1921 4187 presbyter

329 4224 568 4278 quoque.
609 4208 666 4262 Si
703 4208 834 4278 quid
876 4219 1059 4262 autem
1091 4209 1330 4278 amplius
1366 4209 1491 4278 quis
1527 4225 1788 4279 peccasse
1819 4209 1920 4264 de-

329 4299 638 4366 prehensus
697 4296 884 4364 fuerit,
929 4299 982 4352 in
1017 4315 1346 4368 quocunque
1380 4300 1452 4353 sit
1503 4301 1696 4370 gradu,
1752 4300 1918 4370 depo-

329 4402 513 4446 DBllll‘.

2022 3199 2050 3250 6
2093 3194 2335 3258 τοιοῦτος
2375 3193 2549 3263 γάμος
2578 3189 2986 3258 διαλυθήσεται,
3017 3183 3113 3238 καὶ
3140 3179 3394 3249 οὐδαμῶς
3426 3181 3454 3232 ὁ
3482 3177 3630 3245 ἀνὴρ

2025 3289 2315 3361 μετουσίαν
2359 3286 2472 3352 ’ἐξει
2521 3284 2656 3354 πρὸς
2692 3282 2792 3352 τὴν
2821 3280 2890 3334 δι’
2924 3273 2988 3352 ἧς
3008 3278 3106 3347 τῆς
3138 3277 3290 3347 ἱερᾶς
3341 3269 3631 3344 ἐνεργείας

2023 3382 2338 3454 ἐστέρηται.

2437 3564 2763 3619 Βασιλείου
2792 3559 2993 3614 κανὼν
3014 3557 3116 3621 κζ’,
3139 3562 3200 3609 ο¹.

2094 3661 2198 3724 κζ’.
2238 3658 2376 3730 Περδ⁴
2442 3655 2537 3710 τοῦ
2597 3653 2974 3726 πρεσϐυτέρου
3045 3648 3140 3702 τοῦ
3197 3644 3337 3700 κατά
3395 3643 3631 3711 ἄγνοιαν

2025 3753 2253 3824 ἀθέσμῳ
2293 3753 2453 3822 γάμῳ
2484 3747 2910 3823 περιπαρέντος,
2944 3763 2998 3799 κ.
3031 3761 3085 3800 τ.
3113 3743 3165 3797 λ.

2093 3852 2154 3900 ο¹.
2190 3844 2446 3906 Διάκονος
2473 3843 2530 3895 έν
2562 3841 2766 3912 χείλεσι
2801 3837 3072 3908 μιανθεὶς,
3105 3834 3201 3889 καὶ
3233 3832 3394 3904 μέχρι
3422 3829 3625 3883 τούτου

2024 3937 2405 4011 ἡμαρτηκέναι
2430 3934 2796 4005 ὁμολογήσας,
2847 3932 2946 4002 τῆς
2997 3928 3344 3999 λειτουργίας
3393 3928 3628 3994 ἐπισχε-

2025 4035 2252 4105 θήσεται
2279 4048 2294 4063 ο
2345 4031 2440 4084 τοῦ
2485 4030 2540 4084 δὲ
2584 4029 2833 4099 μετέχειν
2886 4026 2997 4080 τῶν
3037 4023 3421 4094 ἀγιασμάτων.
3481 4017 3631 4088 μετά

2021 4127 2132 4181 τῶν
2163 4125 2426 4180 διακόνιον
2453 4122 2822 4192 ἀξιωθήσεται
2846 4137 2859 4150 ’
2913 4119 2975 4173 τὸ
3007 4118 3063 4172 δὲ
3098 4116 3230 4172 αὐτὸ
3260 4118 3354 4170 καὶ
3378 4111 3628 4185 πρεσὸύο

2022 4235 2180 4289 τερον
2208 4233 2222 4246 ·
2254 4218 2302 4268 εί
2327 4215 2383 4268 δέ
2405 4232 2458 4268 τι
2489 4213 2680 4266 τούτου
2715 4210 2899 4265 πλεῖον
2929 4208 3215 4280 φωραθείη
3248 4223 3331 4269 τις
3362 4206 3628 4276 ἡμαρτηι-

2025 4309 2164 4375 κὼς,
2197 4311 2256 4363 ὲν
2285 4308 2382 4379 οἵῳ
2417 4307 2483 4362 ἂν
2589 4305 2806 4378 βαθμῷ,
2844 4301 3333 4374 καθαιρεθήσεται.

403 4485 568 4554 282
603 4483 756 4540 CAP.
781 4483 902 4538 XX.
926 4515 993 4524 —
1015 4482 1140 4539 Non
1191 4502 1302 4540 esse
1330 4485 1650 4539 credendum
1675 4487 1914 4556 episeopo

2098 4491 2352 4547 ΚΕΦΑΛ.
2379 4488 2466 4544 Κ’.
2493 4520 2562 4530 -
2593 4487 2735 4557 Περὶ
2785 4485 2893 4540 τοῦ
2939 4484 3025 4555 μὴ
3080 4483 3472 4536 πιστεύεσθαι
3513 4477 3632 4532 τὸν

328 4578 612 4646 uﬁirmanli
665 4578 916 4646 privatim
961 4578 1060 4631 sibi
1116 4578 1367 4632 clericum
1411 4579 1475 4633 de
1530 4580 1753 4633 crimine
1804 4595 1916 4633 esse

326 4670 644 4739 confessum.

591 4761 817 4816 Consilii
843 4763 1278 4833 Carlhaginensis
1317 4782 1488 4818 canon
1515 4764 1641 4820 132.

399 4857 477 4911 De
521 4859 780 4927 episcopo,
837 4858 926 4927 qui
965 4859 1390 4911 excommunicat
1439 4875 1579 4924 eum,
1631 4874 1784 4929 quem
1815 4858 1919 4912 sibi

327 4948 428 5002 soli
459 4947 655 5000 crimen
685 4945 816 4998 dicit
846 4961 958 4999 esse
992 4946 1310 5015 confessum.

401 5133 525 5188 152.
561 5133 694 5189 Item
730 5131 938 5202 placuit
970 5134 1056 5202 ,⁵²,
1086 5143 1148 5187 ut
1186 5133 1231 5188 si
1260 5133 1484 5203 quando
1512 5134 1804 5204 episcopus
1829 5134 1915 5189 di-

329 5226 404 5280 cit
457 5225 694 5295 aliquem
731 5225 835 5280 sibi
867 5225 968 5279 soli
1011 5226 1295 5295 proprium
1330 5226 1537 5281 crimen
1569 5225 1739 5281 fuisse
1775 5241 1914 5282 con-

329 5319 558 5384 fessum,
596 5329 761 5388 atque
800 5319 889 5373 ille
922 5328 1079 5388 neget
1128 5330 1182 5373 et
1212 5320 1478 5388 pmnitere
1506 5320 1774 5388 noluerit;
1809 5337 1917 5376 non

327 5420 481 5482 ptttet
509 5415 574 5466 ad
609 5411 869 5483 injuriam
915 5428 1072 5468 suam
1121 5413 1416 5484 episcopus
1442 5416 1738 5485 pertinere,
1771 5415 1916 5484 quod

394 5597 440 5626 "
469 5593 636 5649 Cone.
671 5595 861 5650 Carth.
890 5612 985 5657 vn,
1022 5612 1071 5652 c.
1109 5595 1212 5666 55,
1241 5595 1412 5652 Airic.
1451 5612 1496 5651 c.
1530 5598 1618 5653 99.

2026 4585 2365 4639 ἐπίσκοπον
2384 4581 2641 4652 λέγοντα
2677 4576 3011 4644 ἰδιαζόντως
3031 4573 3192 4640 αὐτῷ
3206 4574 3314 4628 τὸν
3330 4570 3633 4640 κληρικὸγ

2027 4675 2527 4748 συνομολογῆσαι
2565 4673 2631 4726 τὸ
2665 4671 3000 4741 ἁμάρτημα.

2252 4767 2524 4822 Συνόδου
2553 4763 2980 4834 Καρθαγέννης
3016 4759 3220 4815 κανὼν
3259 4759 3401 4829 ρλβ’.

2097 4861 2236 4930 Περὶ
2261 4859 2602 4914 ἐπισκόπου
2624 4857 2732 4911 τοῦ
2779 4855 2899 4911 ἀπὸ
2947 4853 3264 4917 κοινωνίας
3302 4849 3630 4914 ποιοῦντος

2027 4956 2137 5007 τὸν
2169 4953 2332 5019 αὐτῷ
2407 4952 2574 5023 μόνῳ
2640 4951 2707 5005 τὸ
2756 4949 2911 5004 ἴδιον
2978 4948 3254 5018 ἔγκλημα
3321 4943 3630 5014 ὁμολογή-

2019 5063 2237 5103 σαντα.

2095 5137 2231 5211 ρλβ’.
2284 5137 2518 5209 Ὁμοίως
2559 5136 2780 5208 ῆρεσεν.
2826 5134 2915 5187 ἵνα
2981 5133 3078 5186 ἐάν
3133 5147 3265 5185 ποτε
3319 5130 3627 5193 ἐπίσκοπος

2022 5231 2158 5304 λέγῃ
2189 5231 2314 5284 τινὰ
2342 5228 2492 5300 αὐτῷ
2531 5230 2681 5300 μόνῳ
2701 5229 2761 5282 τὸ
2795 5227 2927 5281 ἴδιον
2961 5226 3216 5296 ἔγκλημα
3257 5223 3624 5294 ὁμολογῆσαι,

2025 5328 2120 5380 καὶ
2142 5328 2350 5387 ἐκεῖνος
2396 5325 2651 5394 ἀρνῆται,
2695 5322 2769 5394 μὴ
2825 5320 3114 5390 λογίσηται
3153 5319 3181 5370 6
3213 5317 3517 5378 ἐπίσκοπος
3544 5317 3628 5378 είς

2029 5416 2164 5470 ἰδίαν
2201 5415 2358 5488 ὓϐριν
2387 5415 2708 5481 συντείνειν,
2746 5415 2828 5469 ὅτι
2877 5413 3042 5477 αὐτὸς
3080 5410 3239 5484 μόνος
3268 5411 3329 5463 οὐ
3359 5410 3622 5463 πιστεύε-

396 5749 471 5820 (5)
515 5751 682 5808 Sacro
737 5755 916 5823 aptius
965 5753 1200 5811 reddidit
1240 5754 1555 5827 Dionysius,
1595 5758 1934 5828 habeturque
1965 5757 2020 5813 in
2044 5758 2208 5814 veteri
2241 5757 2712 5828 interpretatione.
