3912 6244
262 209 368 272 757

936 209 1224 272 SYNTAG
1234 209 1343 270 MA
1381 207 1773 270 CANONUM.
1799 235 1863 244 -

1980 209 2046 270 Τ.
2090 210 2197 284 ΙΧ,
2242 210 2402 270 CAP.
2443 210 2776 271 ΧΧ-ΧΧΙΙ.

3459 213 3565 277 753

261 341 389 379 ται⁸
442 327 490 379 εἰ
527 328 624 382 καὶ
664 325 742 398 τῷ
791 327 1107 398 σκινδαλμῷ
1149 328 1251 400 τῆς
1299 329 1438 391 ἰδίας
1504 328 1863 400 συνειδήσεως

1980 327 2052 382 illi
2104 329 2206 383 soli
2263 344 2370 383 non
2420 328 2685 392 creditur,
2740 328 2842 384 etsi
2889 330 3150 400 scrupulo
3189 330 3299 402 (5’)1
3325 338 3557 401 propriae

260 418 415 486 λέγει
447 419 524 491 μὴ
565 421 740 473 θέλειν
774 421 967 475 ἑαυτὸν
996 424 1277 475 κοινωνεῖν
1303 421 1380 492 τῷ
1405 422 1747 492 ἀρνουμένῳ.

335 513 594 567 ΚΕΦᾹΛ.
631 515 764 568 KA'.
797 546 869 556 —
907 515 1044 582 Περὶ
1089 514 1430 569 ἐπισκόπου
1473 514 1510 582 ἢ
1564 514 1858 584 κληρικοῦ

259 604 584 671 ἐσθίοντος
666 605 847 674 κρέας
911 607 982 661 ἐν
1039 607 1263 676 αἵματι,
1323 608 1360 676 ἢ
1403 608 1765 678 θνησιμαῖον
1818 607 1857 678 ἢ

258 695 659 764 θηριάλωτον.

691 789 1077 844 Ἀποστόλων
1108 791 1309 844 κανὼν
1347 791 1446 860 ξγυ.

330 876 434 946 ξγ’.
468 879 538 932 Et
566 897 652 944 τις
675 883 996 947 ἐπίσκοπος,
1025 883 1058 953 ἢ
1095 882 1489 953 πρεσϐύτερος,
1525 883 1558 955 ἧ
1591 883 1858 949 διάκονος,

255 971 290 1042 ἢ
324 971 466 1035 ὅλως
513 971 613 1026 τοῦ
659 975 960 1045 καταλόγου
1009 977 1107 1031 τοῦ
1156 979 1455 1047 ἱερατικοῦ,
1519 978 1671 1050 φάγῃ
1699 979 1858 1048 κρέα,

255 1079 313 1119 κ.
347 1081 401 1119 τ.
440 1065 491 1122 λ.

583 1160 860 1216 Συνόδου
899 1162 1190 1231 Ἀγκύρας
1239 1162 1442 1217 κανὼν
1471 1162 1538 1232 γ’.

327 1258 402 1320 γ’.
459 1252 602 1316 Τοὺς
655 1252 960 1322 φεύγοντας
1017 1257 1112 1307 καὶ
1185 1256 1610 1326 συλληφθέντας,
1667 1256 1700 1326 ἢ
1755 1256 1861 1309 ὑπὸ

253 1345 486 1398 οἰκείων
558 1345 1011 1416 παραδοθέντας,
1067 1347 1100 1417 ἢ
1179 1347 1357 1411 ἄλλως
1412 1347 1481 1400 τὰ
1548 1348 1861 1419 ὑπάρχοντα

253 1439 690 1510 ἀφαιρεθέντας,
761 1440 795 1510 ἢ
862 1441 1268 1511 ὑπομείναντας
1343 1439 1709 1511 βασάνους,ἣ
1762 1442 1844 1502 εἰς

250 1533 637 1603 δεσμωτήριον
669 1532 1065 1603 ἐμϐληθέν-σας,
1115 1533 1362 1605 βοῶντας
1385 1551 1446 1587 τε
1479 1535 1561 1588 ὅτι
1588 1537 1694 1587 εἰσὶ
1723 1533 1860 1604 Χρι-

253 1626 491 1689 στιανοὶ,
543 1626 640 1679 καὶ
687 1625 1165 1697 περισχισθὲντας,
1226 1627 1349 1698 ἤτοι
1399 1629 1479 1688 είς
1534 1631 1634 1686 τὰς
1669 1627 1860 1696 χεῖρας

251 1719 397 1788 πρὸς
423 1718 545 1788 βίαν
599 1718 982 1787 ἐμϐαλλόντων
1013 1718 1121 1770 τῶν
1154 1716 1552 1788 βιαζομένωνά,
1589 1717 1622 1785 ἢ
1659 1716 1858 1787 βρῶμά
1891 1700 1935 1758 Β

249 1828 309 1863 τι
347 1811 483 1881 πρὸς
513 1811 765 1881 ἀνάγκης
794 1809 1149 1880 δεξαμένους,
1176 1809 1579 1878 ὁμολογοῦντας
1604 1808 1660 1861 δὲ
1691 1808 1868 1862 διόλου

251 1905 343 1957 δτι
406 1906 512 1957 εἰσὶ
561 1902 900 1974 Χριστιανοὶ,
931 1903 1027 1956 καὶ
1067 1903 1128 1955 τὸ
1177 1902 1371 1965 πένθος
1424 1901 1516 1954 τοῦ
1559 1901 1871 1972 συμϐάντος

250 1999 348 2050 ἀεὶ
409 1995 894 2065 ἐπιδεικνυμένους
950 1999 1017 2066 τῇ
1071 1996 1219 2067 πάσῃ
1282 1994 1592 2064 καταστολῇ
1657 1995 1754 2048 καὶ
1785 1992 1864 2064 τῷ

252 2090 528 2160 σχήματι,
567 2091 666 2142 καὶ
713 2092 779 2158 τῇ
814 2087 910 2140 τοῦ
959 2087 1074 2158 βίου
1108 2087 1486 2156 ταπεινότητι,
1537 2085 1763 2149 τούτους
1791 2085 1869 2148 ὼς

252 2182 368 2247 ἔξω
421 2182 826 2251 ἁμαρτήματος
872 2181 1056 2244 ὂντας,
1090 2181 1190 2252 τῆς
1226 2180 1513 2242 κοινωνίας
1547 2179 1622 2250 μὴ
1652 2177 1866 2232 κωλύε-

257 2273 412 2328 σθαι.
447 2274 511 2326 Εἰ
542 2273 600 2326 δὲ
626 2275 720 2326 καὶ
749 2271 1101 2341 ἐκωλύθησαν
1133 2271 1238 2325 ὑπό
1274 2287 1440 2336 τινος,
1470 2269 1870 2339 περισσοτέρας

256 2363 555 2435 ἀκριϐείας
612 2364 819 2428 ἕνεκεν,
913 2365 1008 2418 καί
1049 2381 1212 2417 τινων
1256 2364 1471 2434 ἀγνοίᾳ,
1514 2362 1677 2425 εὐθὺς
1701 2378 1871 2432 προσ-

255 2457 523 2527 δεχθῑψαι
550 2472 566 2488 ο
594 2457 752 2510 τοῦτο
771 2457 828 2510 δὲ
863 2457 1066 2528 ὁμοίως
1092 2459 1184 2511 ἐπί
1217 2475 1274 2510 τε
1306 2457 1416 2510 τῶν
1442 2459 1506 2509 ἐκ
1533 2455 1629 2509 τοῦ
1662 2454 1868 2526 κλήρου

257 2550 362 2602 καὶ
389 2549 500 2602 τῶν
529 2548 705 2604 ἄλλων
744 2551 948 2604 λαῖκῶν
971 2567 986 2582 ο
1036 2551 1419 2625 προεξητάσθη
1448 2554 1505 2606 δὲ
1533 2555 1778 2619 κάκεῖνο,
1820 2555 1868 2607 εἰ

258 2640 522 2694 δύνανται
560 2642 654 2695 καὶ
683 2642 862 2696 λαῖκοι
895 2645 959 2714 τῇ
993 2645 1130 2714 αὺτῇ
1182 2645 1400 2717 ἀνάγκῃ
1476 2647 1866 2712 ὑποπεσόντες,

260 2735 613 2805 προάγεσθαι
658 2738 738 2799 είς
787 2735 943 2801 τάξιν
972 2754 986 2767 ο
1029 2737 1208 2804 ἐδοξεν
1253 2739 1346 2792 οῦν
1394 2741 1488 2793 καὶ
1538 2740 1765 2804 τούτους
1791 2740 1868 2804 ὡς

265 2829 440 2898 μηδὲν
470 2829 889 2900 ἡμαρτηκότας,
922 2832 970 2883 εἰ
990 2832 1139 2902 καὶὴ
1168 2832 1522 2902 προλαϐοῦσα
1557 2834 1869 2906 εὑρίσκοιτο

261 2919 401 2990 ὀρθὴ
432 2920 528 2973 τοῦ
570 2920 684 2991 βίου
716 2922 997 2986 πολιτεία,
1042 2923 1507 2996 προχειρίζεσθαι.

408 3013 688 3068 Συνόδου
715 3015 1137 3084 οἱκουμενικῆς
1183 3017 1362 3085 ἕκτης
1400 3019 1605 3073 κανὼν
1625 3020 1721 3087 ξς.

341 3102 441 3169 εξ·
469 3104 605 3157 Θεία
632 3106 764 3175 ἡμῖν
787 3106 978 3179 Γραφὴ
1001 3109 1324 3173 ἐνετείλατο,
1356 3111 1661 3181 ἀπέχεσθαι
1702 3112 1866 3183 αἵμα-

264 3214 358 3260 τος
409 3197 508 3250 καὶ
555 3198 784 3252 πνικτοῦ
829 3201 922 3253 καὶ
973 3201 1272 3271 πορνείας·
1319 3205 1434 3267 τοῖς
1494 3204 1588 3258 οὖν
1635 3205 1725 3260 διὰ
1767 3206 1868 3276 τὴν

263 3290 452 3360 λίχνον
477 3291 755 3362 γαστέρα,
812 3287 951 3361 αἷμα
996 3295 1316 3365 οἱουδήποτε
1368 3297 1510 3362 ζώου
1551 3297 1717 3370 τέχνῃ
1760 3299 1868 3353 τινὶ

267 3384 779 3448 κατασκευάζουσιν
809 3385 1092 3456 ἐδώδιμον,
1121 3389 1215 3441 καὶ
1235 3388 1378 3442 οὕτω
1408 3390 1567 3444 τοῦτο
1603 3391 1865 3459 ἐσθίουσι,

233 3475 604 3544 ¹ττροτφόρως
653 3477 1039 3545 ἐπιτιμῶμεν
1084 3479 1139 3531 εἴ
1195 3497 1278 3543 τις
1339 3476 1433 3534 οῦν
1473 3482 1581 3534 ἀπὸ
1615 3483 1711 3535 τοῦ
1747 3482 1865 3546 νῦν,

266 3561 408 3636 αἷμα
462 3566 606 3631 ζώου
647 3568 851 3622 ἐσθίειν
883 3572 1224 3642 ἐπιχειρήσοι
1255 3573 1556 3644 οίῳδήποτέ
1601 3593 1709 3628 τινι
1746 3575 1872 3644 τρό-

271 3677 374 3729 πῳ,
402 3661 452 3712 εί
487 3661 588 3730 μὲν
633 3663 896 3733 κληρικὸς
925 3665 1010 3735 εἴη
1043 3663 1414 3736 καθαιρείσθω
1435 3683 1446 3697 ·
1486 3670 1533 3721 εἰ
1570 3667 1625 3720 δέ
1659 3667 1868 3735 λαῖκὸς,

267 3753 640 3826 ἀφοριζέσθω.

338 3923 600 3977 ΚΕΦΑΛ.
634 3923 764 3978 KB'.
797 3955 867 3965 —
900 3924 1040 3994 Περὶ
1096 3926 1205 3982 τοῦ
1269 3926 1414 3993 τοὺς
1467 3927 1867 3994 ἐπισκόπους,

269 4018 368 4072 καὶ
422 4019 892 4088 πρεσϐυτέρους,
935 4020 1029 4074 καὶ
1078 4021 1422 4088 διακόνους,
1477 4023 1578 4077 καὶ
1636 4022 1870 4090 πάντας

270 4112 413 4176 τοὺς
464 4113 535 4167 τὰ
591 4113 721 4180 ιερὰ
750 4113 1185 4184 ψηλαφῶντας,
1220 4115 1490 4184 ὀφείλειν
1537 4117 1868 4187 ἀπέχεσθαι

271 4201 368 4256 καὶ
399 4201 518 4256 τῶν
542 4204 780 4258 οἰκείων
809 4205 1099 4274 γαμετῶν.

377 4295 654 4350 Evt-(560v
694 4298 1118 4367 Καρθαγέννης
1147 4298 1350 4354 κανὼν
1374 4306 1446 4370 γ’,
1475 4301 1536 4367 δ’,
1567 4300 1663 4367 κε’,
1697 4310 1758 4357 ο⁹.

339 4388 481 4456 Περὶ
516 4389 884 4456 ἐγκρατείας.

340 4486 411 4548 γ’.
447 4479 721 4552 Αὐρήλιος
753 4482 1054 4548 ἐπίσκοπος
1079 4480 1253 4538 εἶπεν·
1293 4487 1382 4540 Ἐν
1411 4489 1479 4558 τῇ
1516 4486 1870 4562 προλαϐούσῃ

277 4573 496 4644 συνόδῳ,
562 4575 640 4638 ὼς
704 4574 832 4644 περὶ
878 4577 1090 4647 ῥυθμοῦ
1151 4580 1478 4649 ἐγκρατείας
1522 4582 1616 4634 καὶ
1645 4581 1869 4648 ἁγνείας

277 4665 539 4736 ἐζητεῖτο,
573 4666 772 4737 ἤρεσεν
802 4667 942 4722 ὥστε
977 4669 1104 4733 τοὺς
1136 4673 1285 4741 τρεῖς
1327 4671 1570 4740 βαθμοὺς
1619 4672 1866 4741 τούτους,

275 4758 395 4820 τοὺς
419 4757 708 4829 συνδέσμῳ
731 4760 838 4814 τινί
861 4761 961 4830 τῆς
982 4760 1204 4829 ἁγνείας
1227 4761 1316 4814 διὰ
1336 4765 1434 4833 τῆς
1459 4762 1870 4834 καθιερωσύνης

280 4851 804 4921 συμπεπλεγμένους
825 4895 840 4918 ,
870 4854 1017 4924 φημὶ
1062 4853 1120 4907 δὲ
1156 4854 1492 4919 ἐπισκόπους
1513 4897 1528 4920 ,
1566 4857 1872 4928 πρεσϐυτέ-

280 4959 422 5010 ρους,
456 4945 555 4996 καὶ
590 4945 894 5011 διακόνους,
923 4947 1000 5010 ὠς
1048 4948 1250 5020 πρέπει
1306 4949 1474 5013 ὁσίοις
1527 4950 1869 5015 ἐπισκόποις,

278 5035 364 5085 καὶ
399 5035 608 5105 ἱερεῦσι
632 5037 788 5101 Θεοῦ,
816 5038 912 5092 καὶ
944 5039 1203 5107 λευΐταις,
1235 5041 1328 5094 καὶ
1353 5041 1873 5112 ύπουργοῦσιθείοις

278 5126 714 5196 καθιερώμασιν,
750 5131 1041 5200 ἐγκρατεῖς
1075 5128 1214 5184 εἶναι
1239 5133 1296 5185 ἐν
1322 5133 1509 5197 πᾶσιν,
1535 5133 1686 5194 ὅπως
1713 5131 1874 5202 δυνη-

281 5215 410 5270 θῶσι
436 5219 532 5272 τοῦ
561 5219 590 5272 ὂ
607 5221 756 5293 παρὰ
776 5221 872 5276 τοῦ
901 5222 1036 5277 Θεοῦ
1061 5224 1250 5288 ἁπλῶς
1275 5225 1540 5292 αἰτοῦσιν,
1560 5230 1835 5300 ἐπιτυχεῖν
1854 5247 1867 5258 ·

350 5395 445 5472 (5')
506 5394 634 5450 Haec
679 5411 805 5472 pars
854 5396 1063 5472 ultima
1092 5401 1342 5467 canonis,
1386 5401 1746 5472 subsequenti
1775 5419 1866 5458 ca-

285 5469 406 5519 noui
440 5469 734 5520 attcxenda
773 5477 876 5533 est,
915 5478 973 5522 ιιι
1002 5469 1336 5527 Hincmarus
1376 5482 1522 5526 recte
1548 5469 1782 5529 attexuit
1811 5479 1862 5528 in

283 5536 578 5616 opus-cipe
610 5538 840 5616 divortio
874 5538 1024 5616 _Lotlt.
1059 5553 1107 5597 et
1149 5541 1296 5598 Tetb.
1327 5552 1463 5598 tom.
1503 5542 1545 5610 1,
1580 5560 1704 5616 pag.
1734 5544 1862 5599 572.

351 5606 426 5675 (6)
459 5606 559 5678 ide.
591 5609 1018 5678 conscriptione.

355 5678 429 5748 (7)
485 5677 586 5736 Ms.
637 5677 905 5750 episcopi,
959 5685 1205 5755 inquam,
1257 5684 1586 5756 presbyteri,
1635 5697 1690 5744 et
1740 5686 1858 5743 dia-

1965 420 2297 490 cognitionis
2327 435 2386 476 se
2415 421 2548 475 dicit
2581 421 2800 489 neganti
2839 421 2982 476 nolle
3012 423 3442 479 communicare.

2034 511 2188 567 CAP.
2219 510 2366 566 XXI.
2399 543 2470 554 —-
2503 513 2577 566 De
2610 516 2852 582 episcopo
2887 523 2980 568 aut
3018 515 3206 569 clerico
3255 517 3346 584 qui
3375 533 3558 570 vesca-

1963 616 2050 660 tur
2079 621 2238 658 carne
2277 621 2395 658 cum
2436 607 2712 676 sanguine,
2754 606 2836 661 vel
2870 609 3172 676 morticina,
3214 607 3294 663 vel
3357 626 3389 663 a
3437 609 3552 678 [ιιι-α

1961 698 2246 766 stt/locato.

2406 789 2783 860 Apostolorum
2809 807 2977 844 canon
3021 791 3110 845 63.

2032 881 2102 937 65
2155 879 2292 954 [62}.
2336 880 2393 937 Si
2444 883 2571 952 quis
2621 883 2914 953 epiSCOpus
2961 885 3045 936 vel
3092 883 3405 954 presbyter,
3466 884 3554 938 vel

1961 975 2230 1031 diaconus
2256 976 2339 1029 vel
2378 976 2607 1030 omnino
2645 993 2708 1030 ex
2745 976 3074 1031 sacerdotali
3108 991 3334 1032 numero
3360 992 3560 1032 eome-

1962 1068 2102 1124 derit
2129 1083 2346 1130 carnes,
2375 1077 2504 1136 etc.,
2539 1078 2596 1121 ut
2630 1051 2927 1139 pagf'l‘iti.

2335 1158 2566 1216 Concilii
2595 1160 2868 1232 Ancyrani
2903 1177 3074 1216 canon
3108 1163 3162 1216 5.

2036 1251 2089 1304 3.
2132 1248 2240 1304 Eos
2263 1250 2354 1318 qui
2381 1249 2651 1320 fugientes
2706 1253 3087 1320 comprehensi
3117 1261 3263 1316 sunt,
3302 1253 3386 1306 vel
3431 1262 3562 1308 sunt

1964 1358 1994 1396 a
2045 1344 2162 1398 suis
2209 1343 2412 1408 traditi,
2446 1343 2527 1396 vel
2549 1343 2667 1398 suis
2701 1343 2907 1413 alioqui
2943 1344 3304 1399 facultatibus
3335 1346 3556 1415 privati,

1965 1436 2046 1491 vel
2101 1421 2369 1492 tormenta
2427 1437 2691 1506 perpessi,
2742 1440 2823 1492 vel
2876 1439 2929 1492 in
2987 1453 3266 1494 carcerem
3325 1441 3562 1509 conjecti

1964 1540 2108 1594 sunt,
2142 1531 2442 1585 clamantes
2495 1545 2552 1583 se
2583 1544 2705 1583 esse
2737 1529 3109 1591 Christianos,
3159 1540 3211 1585 et
3239 1532 3438 1586 divulsi
3500 1547 3563 1586 ac

1963 1623 2211 1678 distracti
2259 1632 2408 1689 sunt,
2455 1623 2539 1678 vel
2594 1622 2662 1678 iis
2709 1625 2802 1693 qui
2838 1625 2944 1678 vim
2996 1625 3296 1680 offerebant
3341 1628 3470 1682 thus
3510 1628 3562 1680 in

1974 1731 2172 1771 manus
2199 1714 2644 1780 immitteutibus,
2691 1716 2776 1770 vel
2823 1716 2948 1770 cibo
2977 1717 3158 1787 aliquo
3204 1733 3296 1787 per
3325 1719 3565 1773 necessi-

1974 1818 2138 1864 tatem
2178 1816 2461 1878 suscepto,
2497 1824 2554 1863 se
2593 1819 2772 1864 tamen
2809 1825 2934 1865 esse
2983 1810 3329 1865 Christianus
3371 1828 3567 1882 perpe-

1972 1908 2069 1953 tuo
2099 1896 2357 1963 fatentes,
2383 1908 2437 1954 et
2456 1899 2576 1970 ejus
2598 1901 2744 1969 quod
2768 1902 2967 1956 accidit
2989 1901 3233 1955 dolorem
3257 1911 3310 1957 et
3330 1904 3562 1970 amictu,

1953 2000 2026 2045 .et
2057 1991 2266 2055 habitu,
2295 1999 2351 2045 et
2383 1992 2510 2046 vitae
2539 1993 2701 2062 283
2737 1993 3046 2048 humilitate
3078 2009 3189 2062 pra:
3213 2009 3273 2049 se
3302 1993 3562 2061 ferentes,

1973 2099 2004 2138 a
2038 2084 2431 2139 communione
2461 2100 2571 2139 non
2606 2086 2803 2140 arceri.
2835 2083 2930 2140 Sin
2960 2094 3142 2139 autem
3169 2088 3334 2141 etiam
3366 2089 3434 2143 ah
3463 2090 3565 2143 ali-

1972 2189 2082 2245 quo
2117 2184 2246 2229 sunt
2296 2175 2582 2245 prohibiti,
2635 2177 2865 2247 majoris
2916 2178 3192 2233 cautionis
3243 2179 3436 2249 gratia,
3486 2179 3570 2235 vel

1971 2267 2135 2320 etiam
2167 2277 2392 2337 propter
2437 2268 2750 2338 aliquorum
2805 2268 3196 2339 ignorantiam,
3242 2271 3427 2325 statim
3465 2272 3570 2325 ad-

1976 2361 2276 2414 mittantur.
2315 2359 2431 2413 Hoc
2467 2373 2651 2415 autem
2699 2362 2957 2415 similiter
2996 2362 3051 2415 in
3097 2363 3312 2417 clericis
3347 2372 3400 2419 ct
3442 2365 3568 2420 aliis

1972 2449 2149 2506 laicis.
2207 2452 2321 2508 Hoc
2367 2468 2588 2524 quoque
2636 2463 2722 2509 est
2778 2456 3177 2520 examinatum,
3233 2473 3300 2510 an
3355 2461 3569 2527 possint

1972 2544 2134 2598 etiam
2179 2545 2324 2611 laici,
2375 2545 2469 2614 qui
2522 2545 2574 2598 in
2626 2545 2873 2599 eamdem
2931 2546 3314 2601 necessitatem
3362 2549 3542 2605 incide

1973 2647 2123 2704 runt,
2145 2640 2210 2693 ad
2241 2639 2492 2694 ordinem
2518 2639 2853 2708 promoveri.
2879 2637 3072 2694 Visum
3103 2648 3187 2693 est
3207 2653 3361 2709 ergo,
3389 2651 3442 2695 et
3467 2659 3562 2698 ros

1976 2743 2032 2786 ut
2062 2733 2155 2803 qui
2189 2733 2322 2786 nihil
2365 2740 2708 2808 peccassent,
2743 2731 2789 2786 si
2826 2732 2990 2786 ctiam
3026 2734 3341 2801 praecedens
3371 2751 3561 2789 eorum

1973 2825 2095 2879 vitze
2138 2825 2486 2880 instituendas
2536 2825 2676 2880 ratio
2724 2833 2875 2880 recta
2939 2828 3272 2892 inveniatur,
3342 2845 3563 2896 promo-

1975 2916 2112 2971 veri.

2296 3007 2522 3064 Concilii
2549 3008 2855 3062 wcumenici
2885 3023 2932 3062 vt
2953 3024 3124 3062 canon
3154 3007 3242 3064 67.

2042 3103 2130 3158 67.
2164 3101 2355 3155 Divi-na
2394 3101 2550 3155 nobis
2577 3100 2861 3171 Scriptura
2889 3101 3187 3167 mandavit,
3212 3122 3239 3157 ιι
3275 3105 3564 3174 sanguine,

1971 3205 2027 3250 et
2064 3195 2350 3256 sull'oeato,
2403 3204 2457 3248 et
2488 3192 2851 3249 fornicatione
2907 3196 3205 3250 abstinere.
3235 3176 3355 3252 'Eos
3401 3212 3553 3268 ergo,

1971 3293 2064 3364 qui
2116 3305 2336 3363 propter
2376 3292 2669 3346 delicatum
2725 3301 2966 3346 ventrem
3008 3291 3388 3362 cujuscunque
3442 3293 3565 3347 ani-

1973 3384 2132 3439 malis
2186 3384 2511 3453 sauguinem
2590 3392 2710 3438 arte
2767 3383 2951 3450 aliqua
3017 3384 3360 3438 esculentum
3430 3400 3566 3439 cou-

1972 3476 2131 3530 diunt
2192 3491 2257 3530 ac
2321 3475 2633 3538 instruunt,
2711 3483 2875 3543 alque
2944 3475 3018 3529 ita
3087 3475 3179 3529 illo
3239 3487 3561 3543 vescuntur,

1973 3569 2360 3625 convenienter
2400 3571 2681 3639 punimus.
2747 3567 2804 3622 Si
2874 3567 2998 3638 quis
3055 3570 3309 3639 deinceps
3349 3571 3565 3626 anima-
3604 3595 3606 3598 ν

1974 3664 2042 3719 iis
2097 3665 2418 3734 sanguinem
2461 3661 2654 3730 quovis
2707 3659 2872 3715 modo
2933 3661 3226 3715 comedere
3277 3664 3562 3732 aggredia-

1973 3767 2083 3822 tur,
2135 3758 2180 3813 si
2205 3757 2277 3812 sit
2310 3756 2530 3827 quidem
2580 3754 2833 3819 clerieus,
2859 3754 3205 3823 deponatur:
3261 3754 3347 3808 sin
3381 3766 3564 3810 autem

1975 3850 2170 3915 laicus,
2210 3859 2546 3920 segregctur.

2043 3939 2199 3996 CAP.
2233 3939 2398 3995 XXII.
2429 3971 2500 3980 ——
2546 3940 2696 4004 Quod
2744 3939 2996 4010 episcopi,
3056 3947 3106 3992 et
3166 3940 3473 4013 presbyteri,
3516 3949 3565 3994 et

1972 4037 2210 4100 diaconi,
2252 4051 2529 4102 omnesque
2566 4035 2655 4102 qui
2683 4047 2838 4086 sacra
2882 4040 3139 4096 tractant,
3174 4049 3206 4084 a
3252 4035 3563 4103 conjugibus

1973 4127 2194 4182 debeant
2238 4142 2291 4180 se
2323 4126 2610 4180 continere.

2045 4307 2275 4363 Concilii
2304 4305 2742 4376 Carthaginensis
2779 4321 3001 4359 canones
3033 4307 3086 4371 5,
3121 4307 3176 4371 4,
3207 4306 3298 4372 ‘25,
3340 4307 3429 4362 70.

1909 4400 1958 4462 D
2052 4399 2131 4454 De
2159 4399 2505 4453 continentia.

2044 4493 2097 4547 5.
2117 4491 2370 4547 Aurelius
2386 4491 2679 4559 episcopus
2711 4489 2850 4544 dixit
2879 4508 2891 4545 :
2928 4489 3064 4546 Cum
3085 4490 3360 4561 pra-tcrito
3378 4492 3566 4546 conci-

1974 4586 2049 4640 lio
2087 4586 2154 4640 de
2181 4584 2519 4640 continentia
2555 4593 2608 4636 et
2636 4583 2910 4638 castitatis
2941 4584 3319 4640 moderamine
3359 4595 3565 4640 tracta-

1975 4685 2146 4740 retur,
2193 4674 2396 4745 gradus
2442 4673 2530 4730 isti
2580 4683 2712 4738 tres,
2757 4673 2853 4743 qui
2884 4676 3282 4732 constrictione
3316 4677 3393 4749 (6)
3431 4693 3566 4746 qua-

1975 4769 2100 4821 dam
2153 4765 2426 4821 castitatis
2483 4779 2580 4834 per
2638 4767 3084 4822 consecrationes
3151 4769 3348 4822 adncxi
3411 4777 3563 4831 sunt,

1976 4859 2267 4930 episcopos
2313 4859 2414 4929 (7),
2477 4857 2725 4926 inquam,
2766 4860 3117 4931 presbyteros
3165 4871 3220 4915 et
3275 4861 3564 4924 diaconos,

1975 4954 2050 5008 ita
2083 4952 2416 5023 complacuit
2443 4951 2544 5022 (8),
2583 4959 2642 5006 ut
2679 4952 2943 5007 condecet
2968 4969 3158 5008 sacros
3193 4953 3468 5006 antistites
3497 4968 3564 5006 ac

1979 5048 2071 5102 Dei
2124 5047 2456 5109 sacerdotes,
2492 5045 2660 5118 284
2708 5061 2810 5101 nec
2840 5063 2949 5100 non
2983 5057 3036 5102 et
3077 5045 3294 5102 chitas
3334 5047 3432 5116 (9),
3482 5048 3565 5100 vel

1976 5141 2070 5210 qui
2135 5140 2498 5196 sacramentis
2554 5139 2756 5195 divinis
2827 5138 3153 5203 inserviunt,
3217 5140 3567 5192 continentes

1976 5245 2098 5285 esse
2151 5229 2204 5284 in
2257 5229 2541 5294 omnibus,
2573 5243 2682 5298 quo
2717 5229 2930 5298 possint
2984 5227 3307 5298 simpliciter
3358 5228 3502 5297 quod
3536 5242 3566 5281 a

1974 5420 2120 5460 cont.
2182 5420 2190 5427 ‘

2047 5476 2547 5557 (ἓὶῖνῖε-Ρηουῖίομ
2663 5549 2673 5557 .
2797 5548 2806 5557 .
2927 5547 3009 5557 ..
3124 5546 3134 5556 .

1973 5545 2121 5675 (179)
2156 5549 2256 5631 liis.
2289 5545 2342 5607 et
2391 5553 2473 5608 vel
2505 5550 2550 5607 si
2583 5549 2675 5620 qui
2706 5564 2718 5600 :
2755 5548 2828 5605 al.
2859 5547 2940 5603 vel
2967 5547 3013 5603 si
3044 5546 3175 5617 qui;
3209 5560 3401 5615 nempe
3433 5545 3562 5599 sub-

2013 5633 2215 5675 tacent.
