3912 6244
392 216 498 277 7'39

1502 218 1767 287 PHOTII
1816 221 2324 285 PATRIARCH/E
2352 226 2463 289 ΠΡ.

3554 235 3657 299 760

390 330 625 387 Domino
654 332 763 403 (l0)
791 333 1090 404 postulant,
1122 332 1418 402 impetrare
1447 353 1461 389 :
1492 337 1715 407 utquod
1748 339 1976 406 apostoli

2112 359 2171 394 να
2205 341 2301 395 καὶ
2329 343 2392 396 τὸ
2412 342 2501 397 διὰ
2520 342 2629 398 τῶν
2653 343 2969 399 ἀποστόλων
2999 345 3327 417 παραδοθὲν,
3360 347 3454 402 καὶ
3487 349 3545 415 ἐξ
3569 354 3664 405 αὑ-

391 425 722 489 doruernnt,
756 435 810 479 et
841 425 957 495 ipsa
996 426 1237 480 servavit
1275 425 1598 497 antiquitas,
1635 442 1736 483 nos
1759 444 1979 501 quoque

392 517 792 573 custodiamus.

465 608 544 664 De
568 610 790 664 diversis
818 610 1094 665 ordinibus
1126 611 1190 664 ab
1232 612 1488 666 uxoribus
1525 611 1871 667 abstinendis.

461 793 513 847 4.
555 792 854 848 Faustinus
879 794 1171 864 episcopus
1211 793 1470 850 Ecclesia:
1506 794 1826 860 Potentinae,
1853 809 1981 865 pro-

387 881 582 937 tim-ia:
636 882 852 949 Piceni,
907 884 1118 953 legatus
1174 885 1435 940 Romana:
1485 885 1762 951 Ecclesiae,
1799 886 1976 942 dixit:

389 972 576 1029 Placet
606 984 664 1029 ut
697 976 1013 1047 episc0pus.
1060 978 1346 1047 presbyter
1376 988 1430 1033 et
1452 978 1737 1043 diaconus,
1777 980 1861 1035 vel
1886 979 1981 1049 qui

390 1078 734 1123 sacramenta
790 1079 1167 1137 contrectant,
1221 1070 1497 1141 pudicitiae
1565 1072 1861 1138 custodes,
1913 1071 1983 1127 ab

389 1159 656 1216 uxoribus
683 1176 741 1216 se
764 1161 1101 1217 abstineant.

461 1360 540 1415 De
573 1361 857 1431 episcopis,
883 1362 964 1417 vel
989 1364 1321 1434 sequentibus
1345 1366 1644 1433 ordinibus,
1670 1371 1771 1439 qui
1800 1386 1985 1425 sacro-

394 1463 584 1507 sancta
630 1456 881 1524 mysteria
938 1465 1289 1524 contrectant,
1352 1461 1552 1529 placuit
1611 1437 1691 1516 ab
1726 1437 1987 1520 uicoribus

397 1549 655 1601 contineri
680 1548 1009 1621 [abstineri}.

464 1634 556 1691 25.
593 1637 850 1693 Aurelius
876 1639 1171 1708 episcopus
1197 1639 1395 1695 dixit"
1425 1660 1438 1697 :
1468 1641 1756 1712 Addimus,
1787 1644 1985 1703 fratres

2081 432 2182 501 τῆς
2229 434 2330 504 τῆς
2376 435 2738 507 ἀρχαιότητος
2788 437 3085 509 κρατηθὲν,
3119 438 3216 492 καὶ
3264 440 3427 511 ἡμεῖς
3469 442 3663 513 ὁμοίως

2082 525 2430 598 φυλάξωμεν.

2157 619 2296 686 Περὶ
2316 620 2621 699 ’διαφόρων
2664 622 2895 689 τάξεων
2925 621 3306 693 ὀφειλουσῶν
3339 624 3660 697 ἀπέχεσθαι

2085 707 2407 760 γυναικῶν.

2153 781 2215 837 δ’.
2241 785 2536 849 Φαυστίνος
2566 785 2867 850 ἐπίσκοπος
2910 787 3147 843 Πικένου
3192 790 3292 858 τῆς
3333 790 3666 860 Ποτεντηνῆς

2085 873 2290 945 χώρας,
2317 877 2699 948 τοποτηρητὴς
2730 878 2831 948 τῆς
2862 877 3189 947 Ἐκκλησίας
3230 878 3474 949 Ῥώμης,
3498 876 3664 934 εἶπενο

2098 970 2346 1040 Ἀρέσκει
2416 970 2503 1023 ἵνα
2566 971 2901 1036 ἐπίσκοπος,
2958 971 3054 1024 καὶ
3115 969 3523 1042 πρεσϐύτερος,
3577 973 3667 1028 καὶ

2083 1061 2347 1129 διάκονος,
2380 1065 2475 1117 καὶ
2524 1064 2724 1127 πάντες
2766 1065 2815 1117 οἱ
2865 1064 2934 1116 τὰ
2987 1063 3106 1134 ἱερὰ
3156 1062 3545 1134 ψηλαφῶντες,
3573 1065 3669 1137 τῆς

2087 1155 2445 1226 σωφροσύνης
2491 1154 2783 1227 ὑπάρχωσι
2821 1153 3105 1225 φύλακες,
3139 1154 3234 1208 καὶ
3268 1156 3542 1224 γυναικῶν
3570 1156 3669 1210 ἀπ-

2086 1246 2341 1318 έχωνται.

2158 1356 2301 1425 Περὶ
2348 1357 2701 1411 ἐπισκόπων
2746 1358 2843 1413 καὶ
2898 1356 3017 1412 τῶν
3064 1357 3375 1428 ἑπομένων
3428 1357 3668 1424 τάξεων,

2085 1448 2205 1503 τῶν
2235 1449 2306 1503 τὰ
2340 1449 2477 1518 ἅγια
2508 1450 2814 1520 μυστήρια
2846 1451 3290 1522 Μλαφωσῶν,
3316 1450 3534 1520 ὥρισεν
3558 1450 3673 1506 ἀπὸ

2086 1539 2391 1609 γυναικῶν
2427 1540 2907 1610 ἐγκρατεύεσθαι.
3143 1549 3145 1551 ’

2157 1630 2256 1687 κε’.
2295 1633 2564 1703 Αὐρήλιος
2592 1633 2893 1697 ἐπίσκοπος
2920 1628 3096 1687 εἶπεν
3138 1634 3504 1705 Προστίθημι,
3528 1634 3673 1688 ἀδελ-

394 1725 735 1791 charissimi,
767 1737 1052 1797 prwterea,
1084 1746 1210 1785 cum
1250 1732 1315 1785 de
1348 1735 1715 1801 quorumdam
1749 1738 1981 1793 clerico-

2112 1723 2180 1788 βοὶ
2205 1723 2544 1794 τιμιώτατοι,
2583 1723 3053 1791 προσεπιτοῶιοις,
3084 1726 3143 1777 ἐν
3188 1724 3267 1795 τῷ
3312 1725 3674 1797 ἀναφέρεσθαι

393 1832 538 1879 rum,
571 1820 826 1887 quamvis
858 1820 1145 1887 lectorum,
1171 1838 1295 1892 erga
1324 1839 1524 1879 uxores
1548 1827 1767 1895 prppria
1800 1828 1987 1884 incon-

393 1909 621 1963 tinentia
657 1910 975 1978 referretur,
1010 1913 1235 1983 placuit,
1268 1916 1415 1983 quod
1449 1917 1501 1969 in
1534 1918 1765 1974 diversis
1799 1921 1985 1977 conci-

394 1996 486 2051 liis
519 1997 792 2055 firmalum
826 2009 931 2067 est,
960 2012 1018 2055 ut
1049 2003 1520 2075 subdiaconi,'qui
1550 2022 1705 2061 sacra
1730 2011 1988 2078 mysteria

398 2088 527 2163 [ms.
568 2092 902 2165 ministeria]
927 2103 1271 2150 contrectant
1315 2106 1369 2151 ct
1397 2097 1525 2169 [ms.
1566 2098 1727 2172 item]
1751 2102 1987 2169 diaconi,

395 2194 452 2235 et
519 2185 843 2256 presbyteri,
905 2188 1001 2242 sed
1054 2199 1121 2242 et.
1157 2189 1399 2259 episcopi
1450 2193 1751 2247 secundum
1806 2198 1991 2264 priora

402 2276 525 2350 (ms.
554 2278 797 2350 propria]
846 2289 1049 2336 statuta
1082 2282 1246 2336 etiam
1294 2284 1364 2338 ab
1412 2285 1678 2342 uxoribus
1708 2304 1767 2343 se
1811 2290 1988 2343 eunti-

396 2380 591 2435 neant,
623 2382 680 2426 ut
728 2380 988 2443 tanquam
1041 2390 1151 2429 non
1198 2375 1462 2431 habentes
1497 2377 1786 2433 videantur
1820 2395 1941 2435 esse
1975 2398 1989 2435 :

400 2465 547 2526 quod
606 2465 713 2519 nisi
765 2465 1015 2534 fecerint,
1064 2467 1133 2521 ab
1173 2469 1553 2525 ecclesiastico
1602 2482 1991 2527 removeantur

400 2555 600 2611 «inicio.
629 2556 871 2613 Caeteros
894 2569 1072 2615 autem
1103 2562 1333 2617 clericos
1359 2563 1423 2617 ad
1452 2562 1556 2617 hoc
1580 2578 1686 2615 non
1720 2563 1861 2634 cogi,
1889 2564 1993 2618 nisi

402 2650 690 2704 maturiori
724 2659 903 2706 astate.
944 2655 1025 2706 Ab
1060 2655 1322 2708 universo
1353 2655 1588 2709 concilio
1618 2655 1825 2709 dictum
1859 2666 1941 2710 est
1978 2674 1993 2710 :

403 2736 536 2802 Qure
570 2749 751 2794 veSIra
777 2741 1046 2797 sanctitas
1084 2752 1165 2797 est
1192 2743 1338 2811 jnste
1368 2744 1670 2811 moderata,
1700 2754 1753 2800 et
1784 2752 1995 2811 saneta,

404 2842 458 2883 et
492 2828 603 2885 Deo
635 2832 833 2902 placita
861 2844 988 2889 sunt
1017 2836 1424 2891 confirmamus.
1706 2826 1711 2829 ⁷

410 3096 413 3097 ν
478 3014 586 3082 Qui
618 3017 799 3072 clerici
822 3016 886 3073 ab
918 3019 1171 3073 amaribus
1198 3019 1421 3075 debeant
1446 3022 1754 3079 abstinere?

480 3181 644 3253 285
664 3183 750 3238 70-
775 3182 1037 3239 PrmlerC-‘I
1064 3184 1262 3257 “(11),
1280 3201 1403 3240 cum
1429 3186 1494 3240 de
1517 3188 1877 3256 quorumdam
1893 3189 1998 3243 cle-

407 3274 671 3340 ricorum,
717 3277 970 3345 quamvis
1005 3293 1131 3347 erga
1177 3292 1376 3333 uxores
1401 3282 1650 3348 proprias
1683 3279 1998 3334 incontinen

407 3368 481 3420 tia
506 3366 830 3433 referretur;
862 3370 1065 3439 placuit
1092 3371 1382 3441 episcopos
1403 3413 1417 3437 ,
1458 3378 1512 3425 et
1547 3373 1915 3443 presbyteros,
1949 3384 2002 3429 et

406 3459 673 3514 diaconos
715 3464 1017 3515 secundum
1068 3463 1247 3532 priora
1281 3471 1481 3517 statuta
1522 3463 1688 3518 etiam
1714 3466 1783 3517 ab
1815 3466 2002 3520 uxori-

406 3550 513 3605 bus
539 3553 822 3607 continere
852 3571 864 3605 :
899 3554 1046 3622 quod
1089 3554 1195 3608 nisi
1222 3553 1472 3620 fecerint,
1521 3557 1590 3609 ah
1630 3557 2004 3613 ecclesiastico

415 3652 805 3697 removeantur
834 3643 1032 3699 ofﬁcio.
1064 3644 1305 3700 Caeteros
1339 3658 1520 3701 autem
1553 3648 1785 3703 clericos
1810 3648 1876 3701 ad
1905 3653 2006 3704 hoc

414 3749 525 3788 non
574 3734 714 3804 cogi,
762 3737 853 3789 sed
901 3738 1203 3792 secundum
1254 3739 1689 3811 uninscujusque
1744 3740 2005 3797 Ecclesiae

416 3829 872 3883 consuetudinem
901 3830 1179 3884 observari
1212 3830 1432 3886 debere.

657 3941 885 3998 Concilii
916 3946 1221 3999 wcumenici
1250 3963 1300 3999 γι
1326 3962 1552 4001 canones
1590 3946 1674 4014 12,
1706 3948 1792 4003 l5.

488 4054 582 4109 12.
608 4052 784 4109 Porro
812 4055 916 4111 hoc
955 4072 1181 4126 quoque
1227 4058 1294 4112 ad
1343 4059 1708 4129 cognitionem
1760 4069 2006 4117 nostram

424 4146 692 4215 pervenit,
716 4153 844 4212 etc.,
876 4156 933 4199 ut
969 4163 1092 4216 pag.
1126 4147 1248 4202 5H.

496 4234 646 4289 15."
674 4235 947 4301 Quoniam
967 4236 1228 4292 Romanae
1258 4238 1514 4294 Ecclesiae
1544 4255 1644 4309 pro
1660 4255 1867 4295 canone
1893 4251 2008 4295 tra-

417 4326 590 4382 ditium
622 4342 743 4382 esse
771 4328 1153 4397 cognovimus,
1183 4339 1243 4383 ut
1265 4332 1619 4400 promovendi
1648 4332 1713 4386 ad
1746 4332 2007 4387 diacona-

2090 1817 2277 1870 ’ἐνεκεν
2302 1815 2632 1886 ἐγκρατείας
2656 1817 2757 1885 τῆς
2792 1834 2854 1870 πε
2864 1817 2917 1888 pi.
2948 1819 3047 1881 τὰς
3073 1817 3213 1880 ἰδίας
3237 1820 3505 1887 γυναῖκας
3524 1818 3679 1873 τινῶν

2095 1907 2206 1961 τῶν
2240 1905 2543 1976 κληρικῶν,
2562 1906 2854 1977 ἐξαιρέτως
2885 1905 3269 1974 ἁναγνωστῶν,
3291 1906 3353 1959 τὸ
3376 1907 3471 1960 καὶ
3495 1908 3549 1958 ἐν
3568 1909 3681 1958 δια·-

2094 1999 2281 2070 φόροις
2310 1998 2550 2061 συνόδοις
2586 1997 2883 2066 βεϐαιωθέν
2911 2039 2925 2062 ,
2959 1996 3099 2050 ὥστε
3132 1998 3263 2062 τοὺς
3297 1998 3680 2060 ὑποδιακόνους

2091 2094 2219 2156 τοὺς
2248 2092 2317 2146 τὰ
2348 2092 2467 2163 ἱερὰ
2500 2093 2776 2162 μυστήρια
2803 2091 3191 2161 ψηλαφῶντας,
3227 2091 3325 2145 καὶ
3351 2092 3487 2155 τοὺς
3504 2092 3680 2145 διακό-

2093 2203 2239 2252 νους,
2272 2186 2367 2238 καὶ
2413 2185 2840 2256 πρεσϐυτέρους,
2875 2184 3013 2237 ἀλλὰ
3043 2184 3139 2237 καὶ
3182 2184 3522 2248 ἐπισκόπους
3549 2184 3681 2236 κατὰ

2092 2279 2219 2342 τοὺς
2246 2277 2407 2341 ἰδίους
2426 2279 2608 2348 ὄρους,
2629 2277 2723 2331 καὶ
2746 2279 2809 2330 ἐκ
2832 2276 2941 2331 τῶν
2964 2275 3212 2348 συμϐίων
3232 2274 3684 2347 ἐγκρατεὺεσθαι,

2097 2371 2186 2423 ἴνα
2215 2371 2291 2433 ὡς
2321 2371 2396 2441 μὴ
2426 2370 2642 2440 ἔχοντες
2676 2363 2841 2424 ὦσιν·
2890 2371 3033 2442 ὅπερ
3070 2372 3119 2424 εί
3153 2370 3228 2440 μὴ
3255 2371 3571 2440 ποιήσουσι,
3594 2366 3684 2421 τοῦ

2097 2463 2556 2533 ἐκκλησιαστικοῢ
2613 2461 2991 2531 ἀποκινηθῶσι
3038 2462 3419 2531 καθήκοντος·
3470 2462 3595 2524 τοὺς
3631 2460 3685 2513 δὲ

2097 2558 2319 2621 λοιποὺς
2349 2558 2649 2629 κληρικοὺς
2697 2556 2834 2628 πρὸς
2874 2556 3035 2611 τοῦτο
3066 2558 3140 2628 μὴ
3176 2555 3606 2624 ἀναγκάζεσθαι,
3639 2553 3685 2605 εἰ

2102 2653 2177 2724 μὴ
2224 2652 2281 2704 ἐν
2325 2651 2708 2723 προϐεϐηκυίᾳ
2749 2651 3085 2723 κείρα.Ἀπὸ
3132 2650 3314 2721 πάσης
3349 2648 3546 2719 ἐλέχθη
3596 2647 3688 2717 τῆς

2101 2745 2338 2799 συνόδου.
2364 2745 2429 2797 "A
2440 2761 2545 2815 περ
2576 2746 2609 2816 ή
2634 2744 2877 2815 ὑμετέρα
2902 2743 3181 2814 ἁγιωσὺνη
3212 2742 3443 2806 δικαίως
3468 2741 3686 2812 ἐρὺθμι-

2103 2856 2196 2893 σεν
2219 2838 2524 2911 ἱεροπρεπῆ
2565 2839 2695 2892 ὄντα
2733 2838 2830 2892 καὶ
2869 2838 3159 2909 θεὰρεστα,
3200 2836 3551 2907 βεϐαιοῦμενι

2033 3059 2078 3120 C
2184 3025 2319 3097 Περὶ
2362 3026 2471 3081 τοῦ
2510 3025 2670 3081 ποῖοι
2719 3026 3037 3096 ὀφείλουσι
3092 3025 3371 3093 κληρικοὶ
3434 3020 3697 3093 γαμετῶν

2109 3098 2464 3153 ἁπέγεσθαι.

2151 3098 2464 3166 πέχεσθαι.

2176 3187 2239 3245 o'.
2266 3188 2725 3257 Προσεπιτούτοις
2748 3188 2805 3240 ἐν
2826 3185 2903 3255 τῷ
2929 3203 2998 3238 πε
3010 3184 3062 3256 pl.
3089 3183 3422 3255 ἐκγρατείας
3450 3182 3547 3245 τῆς
3572 3180 3693 3249 περ).

2105 3280 2203 3343 τὰς
2228 3280 2437 3344 οἰκείας
2465 3281 2733 3351 γαμετὰς,
2762 3279 2926 3332 τινῶν
2957 3277 3402 3349 μνημονεύεσθαι
3423 3274 3695 3345 κληρικῶν

2106 3374 2304 3444 ἤρεσεν
2326 3389 2339 3402 ⁸
2377 3372 2521 3426 ὥστε
2554 3374 2681 3435 τοὺς
2716 3372 3051 3433 ἐπισκόπους
3077 3373 3172 3424 καὶ¹
3196 3373 3260 3423 ἐκ
3292 3370 3407 3423 τῶν
3446 3368 3586 3422 ἰδίων
3618 3366 3693 3420 ἔτι

2112 3465 2217 3536 μὴν
2247 3466 2550 3536 ἀπέχεσθαι
2576 3466 2834 3535 γαμετῶν
2860 3482 2872 3495 ’
2906 3466 3042 3534 ὅπερ
3074 3466 3121 3516 εἰ
3156 3464 3229 3534 μὴ
3260 3464 3570 3533 ποιήσαιεν,
3595 3459 3696 3514 ἀπὸ

2106 3558 2206 3627 τῆς
2256 3557 2719 3629 ἐκκλησιαστικῆς
2767 3556 3147 3626 ἁποκινηθῶσι
3192 3554 3439 3620 τάξεως·
3470 3554 3595 3616 τοὺς
3642 3552 3695 3605 δὲ

2106 3650 2327 3713 λοιποὺς
2354 3650 2650 3719 κληρικοὺς
2675 3650 2813 3719 πρὸς
2841 3649 3003 3719 τοῦτο
3032 3648 3106 3719 μὴ
3128 3642 3703 3715 ἀναγκάζεσθαι,ἀλλ’

2109 3710 2348 3810 ὀφείλειν
2400 3710 2545 3795 κατὰ
2589 3710 2689 3812 την
2723 3710 2976 3811 ’ἑκάστης
3024 3710 3356 3811 Ἐκκλησίας
3417 3737 3699 3807 συνήθειαν

2112 3835 2662 3906 παραφυλάττεσθαι.

2181 3950 2454 4004 Συνόδου
2493 3946 2918 4017 οἱκουμενικῆς
2956 3945 3135 4015 ἕκτης
3173 3943 3377 3998 κανὼν
3417 3940 3504 4012 ιβ’,
3547 3938 3632 4009 ιγ’.

2185 4059 2274 4131 ιβ’.
2316 4060 2427 4115 Καὶ
2452 4056 2614 4112 τοῦτο
2663 4057 2721 4113 δέ
2764 4058 2845 4122 εἰς
2886 4058 3091 4127 γνῶσιν
3120 4054 3401 4127 ἡμετέραν
3432 4049 3615 4126 ἦλθεν,
3646 4068 3699 4105 κ.

2150 4192 2164 4207 .
2190 4153 2242 4207 λ.

2110 4171 2141 4207 τ
2189 4245 2278 4317 ιγ’.
2318 4247 2538 4317 Ἐπειδὴ
2567 4247 2625 4298 ἐν
2660 4246 2728 4317 τῇ
2763 4242 3053 4314 Ῥωμαίων
3075 4240 3402 4313 Ἐκκλησία,
3448 4241 3506 4293 ἐν
3556 4238 3703 4303 τάξει

2116 4339 2343 4400 κανόνος
2386 4335 2788 4408 παραδεδόσθαι
2843 4334 3147 4403 διέγνωμεν
3174 4374 3188 4399 ,
3223 4334 3355 4396 τοὺς
3415 4331 3705 4403 μέλλοντας

420 4430 561 4486 tum,
618 4422 702 4475 vel
742 4422 1205 4493 prcsbyteratum,
1252 4425 1612 4493 proliteantur
1651 4440 1711 4481 se
1742 4442 1850 4481 non
1894 4442 1998 4480 am-

2114 4428 2364 4482 διακόνου
2396 4426 2428 4496 ἢ
2457 4426 2833 4498 πρεσϐυτέρου
2860 4423 3142 4491 ἀξιοῦσθαι
3184 4423 3543 4494 χειροτονίας,
3574 4420 3705 4473 καθ-

418 4514 566 4584 plius
611 4515 729 4569 suis
769 4516 1036 4571 uxoribus
1079 4516 1533 4588 eonjnngendos;
1577 4534 1679 4573 nos
1721 4519 2007 4590 antiquum

420 4619 687 4659 canonem
719 4606 1034 4673 apostolica
1061 4606 1416 4677 perfectionis
1440 4610 1763 4679 ordinisque
1789 4626 2011 4665 servan-

420 4707 528 4763 tes,
573 4698 855 4753 hominum
885 4699 975 4769 qui
1009 4708 1139 4755 sunt
1173 4701 1227 4755 in
1269 4702 1443 4757 sacris
1475 4702 1717 4772 legitima
1757 4704 2010 4774 conjugia

423 4790 684 4859 deinceps
731 4805 951 4860 quoque
998 4791 1152 4848 firma
1200 4800 1253 4847 et
1303 4793 1517 4848 stabilia
1570 4810 1693 4849 esse
1735 4795 2009 4861 volumus,

424 4899 773 4953 nequaquam
828 4900 1018 4938 eorum
1082 4900 1206 4940 eum
1260 4887 1527 4942 uxoribus
1561 4888 2008 4957 conjunctionem

426 4976 812 5042 (lissolvenles,
863 4976 946 5031 vel
989 4991 1088 5032 eos
1132 4986 1321 5032 mutua
1373 4987 1620 5047 tempore
1671 4978 2016 5035 convenienti

427 5069 827 5126 consuetudine
851 5070 1150 5139 privantes.
1185 5069 1558 5136 Quamobrem
1596 5071 1641 5126 si
1672 5072 1796 5141 quis
1822 5072 2020 5143 dignus

429 5162 686 5217 iuventus
737 5162 921 5230 fuerit,
982 5164 1075 5233 qui
1130 5164 1567 5234 hypodiacomts,
1610 5164 1695 5219 vel
1728 5164 2018 5231 diaconus,

430 5254 524 5308 vel-
549 5256 829 5327 presbyter
859 5255 1167 5321 ordinetur,
1205 5256 1251 5311 is
1274 5257 1339 5310 ad
1373 5255 1534 5311 talem
1559 5256 1787 5327 gradum
1813 5256 2020 5311 assumi

433 5362 783 5420 nequaquam
835 5350 1212 5419 prohibeatur,
1263 5349 1308 5406 si
1369 5364 1496 5406 cum
1554 5350 1798 5421 legitima
1854 5366 2025 5407 uxore

2114 4520 2399 4589 ομολογεῖν
2427 4518 2501 4582 ὡς
2532 4520 2721 4572 οὐκέτι
2761 4520 2887 4579 ταῖς
2920 4517 3103 4572 αὐτῶν
3133 4519 3498 4571 συνάπτονται
3524 4530 3708 4584 γυναι-

2117 4611 2220 4676 ξὶν,
2260 4612 2422 4681 ἡμεῖς
2470 4608 2549 4680 τῷ
2603 4609 2815 4680 ἀρχαίῳ
2863 4606 3350 4672 ἐξακολουθοῦντες
3400 4605 3585 4661 κανόνι
3614 4604 3707 4671 τῆς

2116 4701 2483 4771 ὰποστολικῆς
2532 4700 2817 4771 ἀκριϐείας
2864 4701 2957 4753 καὶ
3008 4700 3249 4766 τάξεως,
3280 4699 3349 4751 τὰ
3398 4698 3507 4751 τῶν
3551 4694 3709 4766 ἱερῶν

2117 4796 2328 4866 ἀνδρῶν
2354 4793 2495 4848 κατὰ
2526 4795 2723 4863 νόμους
2751 4793 3084 4858 συνοικέσια,
3119 4793 3211 4846 καὶ
3234 4791 3342 4845 ἀπὸ
3375 4789 3471 4844 τοῦ
3503 4789 3597 4842 νῦν
3619 4789 3708 4860 ἐρ·

2120 4887 2327 4958 ρῶσθαι
2360 4884 2663 4956 βουλόμεθα
2683 4925 2697 4946 ,
2733 4883 3001 4955 μηδαμῶς
3029 4883 3213 4937 αὑτῶν
3242 4882 3342 4952 τὴν
3376 4881 3515 4952 πρὸς
3544 4894 3712 4948 γαμε-

2125 4980 2221 5044 τὰς
2258 4979 2553 5047 συνάφειαν
2580 4975 2889 5040 διαλύοντες
2911 5019 2925 5044 ,
2964 4976 2997 5047 ἢ
3043 4974 3479 5046 ἀποστεροῦντες
3518 4972 3710 5032 αὑτοὺς

2123 5072 2223 5142 τῆς
2257 5070 2394 5141 πρὸς
2417 5070 2684 5140 ἀλλήλους
2712 5069 2853 5123 κατά
2883 5068 3076 5141 καιρὸν
3098 5069 3189 5122 τδν
3224 5067 3571 5138 προσήκοντα
3595 5066 3711 5131 ὁμι-

2124 5164 2277 5227 λίας·
2314 5162 2461 5216 ὣστε
2509 5163 2564 5217 εί
2596 5180 2681 5226 τις
2710 5159 2859 5226 ἄξιος
2894 5160 3148 5232 εὑρεθείη
3195 5160 3333 5231 πρὸς
3380 5154 3711 5228 χειροτονίαν

2127 5257 2506 5322 ὑποδιακόνου,
2540 5255 2572 5326 ἦ
2601 5255 2872 5319 διακόνου,
2977 5252 3346 5325 πρεσϐυτέρου
3374 5292 3387 5315 ,
3420 5244 3575 5309 οὗτος
3608 5261 3711 5315 μη-

2124 5350 2313 5423 δαμῶς
2343 5349 2637 5404 κωλυέσθω
2665 5348 2756 5400 ἐπὶ
2788 5346 3026 5402 τοιοῦτον
3059 5345 3267 5418 βαθμὸν
3297 5339 3714 5416 ἐμϐιϐάζεσθαι,

509 5531 555 5564 ⁸³
580 5530 841 5603 Carthag.
877 5548 929 5599 v,
974 5546 1103 5587 can.
1132 5532 1167 5587 '5
1197 5541 1251 5589 et
1291 5532 1377 5588 10.
1456 5532 1506 5566 ⁸⁸
1540 5531 1709 5591 Cone.
1738 5531 1997 5605 Carthag.
2029 5548 2084 5601 v,
2122 5547 2247 5587 can.
2275 5534 2346 5597 '6;
2383 5530 2553 5586 Afric.
2582 5546 2630 5585 c.
2663 5529 2754 5585 '57..
2823 5527 2874 5561 ⁸³
2906 5526 3043 5583 Can.
3075 5533 3253 5593 apost.
3277 5524 3327 5580 5.

751 5620 767 5647 \

439 5718 453 5762 ι
518 5690 630 5763 (l0)
671 5690 787 5746 ΜΞ.
822 5688 965 5761 quod
999 5688 1245 5745 omnino.
1852 5712 1871 5745 ι

2224 5689 2333 5761 (Η)
2373 5686 2437 5744 Et
2467 5687 2519 5743 in
2552 5686 2655 5744 hoc
2687 5686 2805 5758 ipso
2840 5685 3027 5743 codice
3057 5681 3309 5755 superius
3337 5694 3467 5763 can.
3491 5677 3584 5732 9.5.
