3842 6224
200 180 292 247 761

861 182 1264 245 SYNTAGMA
1304 181 1691 245 CANONUM.
1723 208 1790 219 —
1818 181 1970 243 TIT.
2014 181 2119 256 IX,
2160 181 2321 243 CAP.
2355 135 2583 256 XXIII,
2610 180 2823 243 XXIV.

3375 174 3484 241 762

197 297 397 367 γαμετῇ
426 293 688 349 συνοικῶν
714 295 936 369 νομίμῳ
958 314 973 328 ο
1022 298 1159 369 μήτε
1192 297 1291 367 μὲν
1329 297 1388 350 ὲν
1420 296 1501 368 τῷ
1531 297 1632 365 τῆς
1660 312 1773 366 χει-

1913 294 2175 350 ohabitet.
2229 292 2335 350 Sed
2370 308 2548 364 neque
2592 291 2965 348 ordinationis
3019 299 3269 363 temqore
3308 292 3378 346 ab
3413 305 3483 346 eo

200 388 433 461 ροτονίας
458 386 637 460 καιρῷ
665 389 1008 444 ἀπαιτείσθω
1034 390 1062 442 ὁ
1095 388 1339 453 τοιοῦτος
1365 388 1675 459 ὁμολογεῖν,
1699 388 1775 452 ὡς

198 482 553 551 ἀποστήσεται
596 481 699 552 τῆς
727 482 962 552 νομίμου
993 481 1131 551 πρὸς
1162 481 1259 553 τὴν
1284 481 1495 537 οἰκείαν
1527 480 1777 553 γαμετὴν

198 574 402 645 ὁμιλίας
426 590 439 604 °
473 574 562 629 ἵνα
591 573 666 645 μὴ
697 574 949 628 ἐντεῦθεν
970 575 1063 628 τὸν
1092 576 1157 628 ὲκ
1173 574 1311 628 Θεοῦ
1340 573 1778 647 νομοθετηθέντα

198 668 288 722 καὶ
310 667 669 738 εὐλογηθέντα
697 669 765 738 τῇ
788 666 954 722 αὑτοῦ
983 667 1261 739 παρουσίᾳ
1284 667 1485 737 γάμον,
1516 665 1781 737 καθυϐρί-

199 759 307 825 ζειν
335 757 713 828 ἐκϐιασθῶμεν
736 776 751 789 ο
791 759 889 828 τῆς
917 757 1010 811 τοῦ
1045 758 1381 825 Εὐαγγελίου
1413 757 1597 827 φωνῆς
1642 755 1780 825 βοώ-

200 868 291 921 σης
312 867 328 881 ·
367 852 429 904 Ἃ
469 852 501 903 ό
542 852 687 915 Θεὸς
718 848 980 914 ἔζευξεν,
1009 850 1320 917 ἄνθρωπος
1337 847 1425 918 μὴ
1457 844 1774 917 χωριζέτω·

199 942 385 996 καὶτοῦ
399 942 723 996 Ἀποστόλου
739 942 1108 1009 διδάσκοντος,
1120 943 1321 1012 Τίμιον
1340 942 1447 995 τὸν
1468 940 1660 1010 γάμον
1677 939 1778 994 καί

196 1035 302 1101 τὴν
316 1036 525 1104 κοίτην
537 1035 850 1104 ἀμίαντον·
879 1035 998 1102 καὶ,
1023 1034 1269 1089 Δέδεσαι
1288 1035 1561 1104 γυναικί;
1581 1032 1667 1104 μὴ
1686 1030 1781 1099 ζή-

198 1144 277 1180 τει
295 1128 479 1181 ,λύσιν
498 1141 513 1156 ’
543 1127 701 1196 ῐσμεν
723 1125 780 1180 δὲ
811 1126 960 1189 ὅπως
987 1126 1082 1179 καὶ
1114 1128 1161 1179 οἰ
1186 1128 1244 1180 ἐν
1267 1125 1627 1197 Καρθαγέννῃ
1653 1142 1779 1177 συν-

198 1218 431 1281 ελθόντες
460 1220 560 1287 τῆς
604 1220 663 1273 ἐν
709 1219 810 1290 βίῳ
839 1218 1170 1289 σεμνότητος
1203 1220 1312 1272 τῶν
1343 1217 1674 1288 λειτουργῶν
1702 1234 1783 1270 τι-

198 1311 405 1380 θέμενοι
446 1310 707 1381 πρόνοιαν
752 1311 964 1380 ἔφασαν
988 1328 1001 1340 ·
1040 1310 1181 1363 ῶστε
1230 1312 1356 1374 τοὺς
1391 1309 1781 1373 ὑποδιακόνους

194 1403 312 1466 τοὺς
339 1403 406 1456 τὰ
435 1403 556 1474 ἱερὰ
586 1403 864 1474 μυστήρια
892 1396 1283 1473 ψηλαφῶντας,
1315 1403 1411 1455 καὶ
1439 1404 1567 1465 τοὺς
1593 1402 1780 1455 διακό-

194 1512 307 1557 νους
339 1496 432 1548 καὶ
458 1496 870 1567 πρεσϐυτέρους
893 1535 909 1559 ,
940 1495 1085 1549 κατὰ
1113 1496 1242 1559 τοὺς
1277 1496 1444 1559 ἰδίους
1477 1497 1659 1566 ὄρους,
1688 1496 1782 1549 καὶ

192 1589 252 1640 ἐκ
278 1586 383 1640 τῶν
415 1587 665 1657 συμϐίων
691 1586 1155 1659 ἐγκρατεύεσθαι’
1194 1588 1283 1642 ἵνα
1322 1590 1417 1641 καὶ
1446 1588 1508 1641 τὸ
1548 1588 1640 1641 διὰ
1669 1588 1780 1641 τῶν

191 1680 493 1733 ἀποστόλων
521 1678 846 1749 παραδοθὲν,
880 1681 977 1733 καὶ
1006 1682 1170 1750 ¹ἡμεῖς
1193 1680 1396 1751 ὁμοίως
1426 1679 1779 1751 φυλάξωμεν,

190 1771 369 1844 καιρὸν
404 1773 499 1825 ἐπὶ
526 1773 728 1835 παντὸς
761 1772 1114 1842 ἐπιστάμενοι
1145 1773 1472 1842 πράγματος
1493 1815 1508 1837 ,
1543 1772 1640 1825 καὶ
1672 1771 1783 1842 μά-

191 1862 333 1916 λιστα
376 1864 636 1935 νηστείας
683 1866 779 1918 καὶ
815 1865 1145 1936 προσευχῆς.
1206 1865 1326 1937 Χρὴ
1374 1865 1484 1936 γὰρ
1537 1867 1664 1929 τοὺς
1706 1864 1784 1937 τῷ

189 1952 354 2022 καιρῷ
369 1956 463 2025 τῆς
483 1954 599 2007 τῶν
630 1954 797 2023 ἁγίων
832 1957 1285 2025 μεταχειρίσεως,
1311 1957 1605 2025 ἐγκρατεῖς
1638 1949 1783 2008 εἶναι

188 2046 240 2097 ἐν
268 2047 450 2111 πᾶσιν,
493 2046 646 2111 ὅπως
679 2046 983 2119 δυνηθῶσιν
1012 2042 1074 2102 οὗ
1109 2049 1260 2118 παρὰ
1293 2047 1390 2101 τοῦ
1422 2047 1558 2101 Θεοῦ
1587 2048 1780 2112 ἁπλῶς

188 2141 416 2196 αἰτοῦσιν
444 2142 732 2213 ἐπιτυχεῖν
754 2159 767 2173 ·
811 2143 867 2195 εἴ
891 2161 977 2209 τις
1004 2143 1098 2198 οὖν
1133 2144 1431 2216 τολμήσει,
1468 2144 1623 2214 παρὰ
1652 2145 1783 2207 τοὺς

185 2233 571 2296 ἁποστολικοὺς
608 2233 840 2297 κανόνας
880 2233 1226 2304 κινούμενος,
1254 2234 1378 2288 τινὰ
1406 2233 1514 2287 τῶν
1545 2234 1782 2305 ἱερωμέο

184 2339 298 2388 νων,
327 2322 721 2396 πρεσϐυτέρων
770 2324 971 2395 φαμὲν,
1003 2324 1036 2395 ἢ
1085 2324 1371 2392 διακόνων,
1407 2324 1440 2396 ἢ
1486 2323 1781 2378 ὑποδιακό-

184 2432 299 2479 νων,
332 2415 661 2488 ἀποστερεῖν
687 2417 786 2486 τῆς
820 2417 958 2488 πρὸς
985 2416 1087 2488 τὴν
1117 2417 1351 2488 νόμιμον
1380 2419 1619 2486 γυναῖκα
1650 2433 1778 2469 συν-

184 2508 365 2576 αφείας
387 2525 446 2560 τε
477 2511 581 2562 καὶ
611 2509 921 2572 κοινωνίας,
953 2508 1327 2582 καθαιρείσθω
1347 2524 1359 2536 ’
1383 2509 1646 2572 ὡσαύτως
1678 2510 1779 2563 καὶ

184 2600 231 2653 εί
254 2617 333 2663 τις
363 2599 767 2671 πρεσϐύτερος,
800 2601 833 2671 ἢ
866 2601 1114 2665 διάκονος
1134 2642 1148 2665 ,
1184 2602 1284 2671 τὴν
1318 2599 1512 2654 ἑαυτοῦ
1543 2603 1778 2669 γυναῖκα

187 2696 442 2765 προφάσει
486 2695 780 2758 εὐλαϐείας
831 2694 1108 2760 ἐκϐάλλει,
1160 2694 1548 2766 ἀφοριζέσθω·
1581 2694 1779 2765 ἐπιμέ-

190 2802 284 2837 νων
309 2785 383 2847 δὲ,
417 2784 823 2853 καθαιρείσθω.

252 2877 497 2932 ΚΕΦΑΛ.
540 2875 671 2932 K1".
704 2906 772 2919 —
807 2876 946 2945 Περί
1018 2874 1313 2945 κληρικοῦ
1383 2874 1781 2944 χλευάζοντος

188 2969 319 3036 τοὺς
354 2968 658 3034 ἀσθενεῖς.

601 3060 979 3113 Ἀποστόλων
1015 3059 1218 3113 κανὼν
1254 3057 1329 3124 νζ
1338 3099 1352 3112 .
1800 3048 1844 3105 C

254 3153 343 3218 νζ’.
384 3153 453 3207 Et
479 3171 568 3217 τις
605 3151 887 3224 κλῃρικὺς,
922 3152 1096 3223 χωλὸν
1124 3152 1159 3223 ἢ
1194 3151 1401 3222 κωφὸν,
1434 3168 1489 3206 κ.
1514 3168 1565 3205 τ.
1591 3150 1643 3204 λ.

254 3338 498 3392 ΚΕΦΔΛ.
543 3335 676 3393 KA'.
707 3365 781 3377 —
809 3334 952 3405 Περί
999 3334 1298 3404 κληρικοῦ
1335 3334 1556 3389 ἑαυτὸν
1582 3334 1775 3404 ἀκρω-

190 3429 579 3500 ττιριάζοντος.

602 3520 982 3575 Ἀποστόλων
1021 3517 1225 3573 κανὼν
1262 3518 1368 3588 κγ’.
1566 3572 1569 3575 η

255 3613 353 3684 κγ’.
394 3616 570 3677 Είτις
591 3613 851 3683 κληρικδς
874 3611 949 3665 ὢν
976 3612 1165 3666 ἑαυτὸν
1188 3613 1619 3685 ἀκρωτηριάσει,
1644 3610 1780 3665 καθ-

194 3704 445 3776 αιρείσθω
466 3722 480 3736 ο
516 3703 721 3775 φονεὺς
752 3704 860 3774 γάρ
889 3704 1038 3757 ἐστιν
1067 3702 1306 3756 eaut-06.

518 3812 798 3869 Συνόδου
836 3811 1089 3878 Νικαίας
1126 3810 1329 3866 κανὼν
1366 3808 1437 3865 α’.

256 3928 324 3987 α’.
362 3930 429 3984 ΕΞ
455 3946 543 3994 τις
589 3928 648 3981 ἐν
675 3927 815 3998 νόσῳ
868 3926 975 3980 ὑπὸ
1030 3925 1229 3998 ἰατρῶν
1272 3923 1695 3998 ἐχειρουργήθη,
1722 3941 1780 3980 κ.

194 4040 239 4077 τ.
265 4025 311 4079 λ.

197 4139 454 4196 Συνόδου
486 4137 538 4192 a'
574 4137 674 4192 καί
704 4135 765 4202 ,ϐ’
794 4137 1321 4207 συγκροτηθείσης
1355 4136 1426 4189 ἐν
1463 4138 1785 4189 Κωνσταν-

259 4212 603 4299 arcendam
625 4209 697 4262 ἐν
733 4208 814 4273 τῷ
841 4206 965 4273 ναῷ
1003 4206 1124 4261 τῶν
1148 4208 1363 4278 Ἀγίων
1393 4208 1786 4263 Ἀποοντόνίων

262 4298 460 4335 κανων
482 4300 521 4351 η
542 4321 557 4335 .

261 4392 327 4464 η’.
364 4394 422 4448 '0
450 4394 594 4456 θεῖος
629 4392 723 4445 καλ¹
757 4391 799 4444 ίε
810 4391 901 4462 ρὺς
926 4391 1035 4445 τῶν
1059 4391 1230 4459 ἁγίων
1255 4385 1572 4445 ἀποστόλων
1595 4389 1776 4445 κανὼν
1809 4399 1856 4457 ι)

198 4483 314 4547 τοὺς
340 4485 709 4553 ἐκτέμνοντας
743 4483 971 4546 ἑαυτοὺς
1004 4482 1407 4550 αὑτοφονευτὰς
1437 4482 1652 4553 κρίνει,
1687 4482 1783 4535 καὶ

201 4574 356 4645 ἱερεῖς
389 4575 488 4646 μὲν
516 4577 679 4637 ὄντας
712 4574 987 4644 καθαιρεῖ,
1024 4572 1319 4642 μέλλοντας
1356 4574 1414 4627 δὲ
1442 4573 1538 4627 καὶ
1564 4576 1663 4641 τῆς
1690 4574 1787 4625 ἐπὶ

202 4666 491 4738 ἱερωσύνην
525 4665 815 4735 προκοσιῆς
842 4664 1096 4734 ἀπείργει
1121 4680 1135 4695 ο
1169 4663 1330 4734 δῆλον
1370 4664 1622 4718 ἐντεῦθεν
1653 4662 1785 4716 καθ-

202 4761 375 4826 ιστῶν,
404 4760 481 4823 ὡς
514 4760 673 4828 εἴπερ
726 4760 754 4811 ὁ
804 4757 996 4810 ἑαυτὸν
1050 4758 1331 4827 ἐκτέμνων
1384 4758 1787 4829 αύτοιρονευτής

203 4854 359 4919 ἐστιν,
391 4854 419 4905 ὁ
462 4853 654 4923 ἕτερον
700 4849 985 4919 ἐκτέμνων
1052 4849 1272 4912 πάντως
1320 4850 1585 4919 φονευτής
1633 4850 1789 4901 ἐστι·

203 4942 315 5015 θείη
345 4945 388 4998 δ’
414 4945 482 4999 ἄν
507 4962 594 5008 τις
622 4944 714 4997 τὸν
744 4943 985 4996 τοιοῦτον
1014 4942 1241 5006 δικαίως
1276 4944 1373 4995 καὶ
1402 4944 1505 5013 τῆς
1530 4941 1792 5013 δημιουρ-

204 5035 318 5102 γίας
351 5039 519 5104 αὐτῆς
553 5036 838 5108 ὑϐριστήν.
872 5036 1071 5106 Διόπερ
1097 5034 1298 5107 ὥρισεν
1324 5037 1360 5107 ἡ
1387 5036 1519 5104 ἁγία
1550 5035 1791 5100 σύνοδος,

204 5128 273 5193 ὡς
306 5132 357 5184 εί
382 5150 466 5196 τις
492 5132 811 5196 ἐπίσκοπος,
840 5132 875 5201 ἢ
908 5130 1298 5202 πρεσϐύτερος,
1327 5132 1362 5201 ἢ
1392 5130 1634 5193 διάκονος
1654 5169 1669 5194 ,
1702 5132 1794 5183 εύ-

205 5225 457 5294 νουχίζων
479 5225 605 5279 τινὰ
634 5224 887 5295 ἐλεγχθῇ,
908 5224 941 5295 ἢ
966 5224 1302 5295 αὐτοχειρία,
1327 5224 1360 5294 ἢ
1391 5223 1454 5288 ἐξ
1482 5224 1796 5293 ἐπιτάγμα-

208 5333 313 5383 τος,
344 5318 533 5372 τοῦτον
568 5317 889 5389 καθαιρέσει
923 5316 1438 5371 καθυποϐἀλλεσθαι
1464 5333 1478 5347 ⁸
1516 5319 1564 5371 εἰ
1591 5316 1648 5370 δὲ
1681 5317 1798 5371 λαῖ-

211 5409 300 5473 ub;
330 5412 436 5482 εἴη,
476 5411 869 5482 ἀφορίζεσθαι·
919 5411 1060 5480 πλὴν
1109 5412 1159 5463 εἰ
1209 5413 1380 5481 μήπω
1430 5410 1649 5482 νόσημὰ
1689 5428 1796 5465 τινι

279 5573 323 5603 ⁸⁸
352 5571 539 5626 Matth.
584 5586 694 5637 xu,
746 5571 798 5625 6.

219 5654 389 5713 θρυει.
413 5643 507 5710 ‘32,
536 5642 611 5696 25
632 5651 684 5697 et
705 5642 795 5697 ει.

906 5572 949 5604 ⁵⁷
982 5568 1147 5628 Hebr.
1209 5586 1330 5640 xm,
1384 5570 1439 5626 4.

1554 5572 1597 5602 ⁵⁸
1650 5572 1671 5628 ι
1720 5572 1851 5630 Cor.
1883 5589 1979 5642 vn,
2018 5571 2109 5628 27.

1883 387 2213 457 postuletur,
2247 396 2305 440 ut
2348 385 2670 456 proliteatur
2700 399 2760 440 se
2806 398 2839 439 a
2870 382 3121 454 legitima
3145 397 3270 438 cum
3308 395 3483 437 uxore

1885 477 2285 533 consuetudine
2313 478 2691 531 abstenturam
2730 492 2745 530 :
2778 490 2847 530 ne
2875 490 2944 530 ex
2977 490 3044 531 eo
3079 490 3111 530 a
3134 473 3246 530 Deo
3273 473 3483 530 consti-

1884 579 2032 627 tutas
2078 580 2132 624 et
2154 585 2255 625 sua
2298 569 2589 639 praesentia
2629 567 2950 624 benedictas
3000 568 3224 636 nuptias
3280 565 3481 636 injuria

1886 664 2099 719 allicere
2122 677 2406 733 cogamur,
2441 660 2759 733 evangelica
2783 676 2914 716 voce
2939 661 3278 716 exclamante
3306 678 3318 714 :
3347 659 3480 724 Quae

1886 758 2028 812 Deus
2062 756 2358 825 conjunxit,
2392 755 2548 810 homo
2602 770 2706 809 non
2744 763 2948 823 separet
2978 754 3063 806 Im:
3113 764 3169 809 et
3219 752 3480 822 Apostolo

1887 852 2135 916 docente,
2169 849 2526 905 Honorabiles
2584 850 2798 918 nuptias
2844 858 2893 903 et
2936 859 3107 903 torum
3158 848 3481 901 immacula-

1889 951 1997 995 tum
2018 942 2085 1006 ⁸⁷,
2109 952 2182 1005 et,
2212 939 2482 1011 Alligatus
2507 955 2561 993 es
2591 939 2758 1011 286
2780 940 2936 992 uxori
2960 940 2986 994 ?
3019 955 3083 993 ne
3132 954 3308 1009 quazre
3334 938 3483 991 solu-

1889 1036 2081 1089 tionem
2104 1036 2150 1069 ⁸⁸
2179 1052 2192 1088 :
2226 1032 2437 1089 scimus
2489 1041 2695 1097 autem,
2736 1033 2879 1086 sicut
2919 1039 2974 1086 et
3017 1031 3110 1100 qui
3142 1029 3478 1099 Carthagine

1888 1123 2396 1189 conveneruutW‘,
2450 1132 2505 1177 et
2546 1122 2669 1177 vitae
2728 1121 3109 1176 ministrorum
3169 1119 3477 1175 honestatis

1889 1231 2080 1272 curam
2114 1224 2363 1284 gerentes
2397 1215 2677 1280 dixerunt,
2725 1223 2787 1269 ut
2817 1211 3162 1276 subdiaconi,
3192 1213 3283 1281 qui
3318 1226 3476 1266 sacra

1890 1311 2151 1381 mysteria
2192 1316 2557 1371 contrectant,
2589 1316 2643 1363 et
2690 1307 2932 1370 diaconi,
2966 1315 3021 1360 et
3062 1306 3367 1376 presbyteri
3394 1319 3481 1359 se-

1890 1404 2134 1459 cundum
2189 1401 2449 1471 proprios
2513 1402 2778 1455 terminos
2832 1416 2863 1454 a
2923 1398 3277 1454 consortibus
3307 1397 3481 1451 absti-

1892 1502 2057 1549 neant
2086 1513 2100 1548 :
2151 1502 2210 1547 ut
2260 1502 2316 1547 et
2364 1492 2511 1561 quod
2545 1505 2640 1561 per
2668 1489 2950 1560 apostolos
2998 1488 3258 1543 traditum
3292 1494 3398 1552 est,
3427 1493 3483 1540 et

1891 1588 1961 1642 ab
2000 1588 2118 1658 ipsa
2169 1601 2345 1656 usque
2382 1584 2708 1655 antiquitate
2760 1592 3062 1647 servatum,
3115 1595 3215 1635 nos
3260 1593 3481 1649 quoque

1808 1671 1857 1730 Β
1886 1683 2143 1739 similiter
2170 1694 2476 1743 serite-mus,
2512 1686 2727 1745 tempus
2762 1676 2819 1730 in
2856 1674 3008 1729 omni
3044 1689 3105 1726 re
3131 1674 3388 1737 scientes,
3426 1680 3482 1727 et

1886 1775 2124 1830 maxime
2160 1773 2213 1827 in
2258 1772 2473 1841 jejunio
2507 1781 2561 1824 et
2605 1769 2875 1823 oratione.
2912 1766 3142 1836 Oportet
3191 1766 3339 1820 enim
3386 1778 3482 1820 eos

1883 1870 1975 1940 qui
2010 1868 2195 1923 divino
2236 1865 2395 1921 altari
2431 1863 2698 1929 assident,
2734 1864 2787 1915 in
2818 1869 3133 1917 sanctorum
3166 1858 3479 1913 tractando-

1885 1978 2006 2017 rum
2047 1971 2292 2029 tempore
2321 1973 2443 2014 esse
2489 1956 2717 2011 omnino
2759 1954 3130 2015 continentes,
3173 1960 3233 2006 ut
3269 1952 3483 2019 possint

1883 2062 1936 2117 id
1968 2059 2115 2131 quod
2147 2075 2179 2115 a
2226 2060 2336 2114 Deo
2364 2056 2687 2127 simpliciter
2720 2060 2914 2125 petunt
2948 2051 3220 2105 oblinere.
3269 2046 3326 2103 Si
3353 2047 3480 2117 quis

1882 2168 2013 2223 ergo
2044 2151 2210 2207 fuerit
2253 2164 2427 2205 ausus
2479 2158 2676 2219 printer
2711 2146 3044 2216 apostolicos
3072 2156 3312 2198 canones
3343 2140 3482 2195 inci-

1884 2254 2033 2299 tatus
2061 2245 2301 2314 aliquem
2339 2256 2535 2297 eorum
2565 2240 2658 2308 qui
2695 2247 2827 2295 sunt
2876 2238 2930 2292 in
2966 2235 3161 2299 sacris,
3197 2234 3482 2305 presbyte-

1883 2348 2095 2397 rorum,
2123 2332 2407 2402 inquimus
2433 2330 2518 2385 vel
2553 2329 2934 2391 diacouorum,
2965 2326 3049 2380 vel
3076 2325 3483 2397 hypodiacono-

1885 2441 2033 2491 rum,
2064 2424 2457 2491 conjunctione
2502 2438 2628 2477 cum
2673 2420 2914 2491 legitima
2959 2433 3136 2473 uxore
3166 2426 3221 2472 et
3246 2431 3483 2472 consue-

1888 2516 2075 2572 tudine
2136 2516 2371 2585 privare,
2427 2514 2755 2582 deponatur.
2819 2510 3085 2565 Similiter
3119 2517 3194 2562 .et
3245 2509 3291 2562 si
3351 2507 3479 2577 quis

1885 2609 2171 2679 presbyter
2198 2606 2284 2659 vel
2323 2605 2595 2659 diaconus
2634 2617 2794 2657 suam
2827 2615 3054 2655 uxorem
3090 2598 3311 2669 pietatis
3340 2613 3482 2668 pra:-

1884 2708 2033 2753 textu
2068 2696 2310 2767 ejecerit,
2364 2703 2680 2765 segregetur
2709 2711 2722 2747 :
2774 2701 2828 2749 et
2858 2693 2904 2749 si
2933 2698 3271 2763 perseveret,
3307 2691 3479 2759 depo-

1884 2802 2107 2919 magi).
2144 2859 2336 2915 XXIII.
2358 2890 2425 2901 -—
2450 2859 2529 2913 De
2555 2859 2748 2913 clerico
2776 2789 3021 2927 inﬁrmos
3051 2855 3327 2910 irridente.

2324 3041 2700 3112 Apostolorum
2733 3056 2905 3094 canon
2935 3039 3023 3094 57.

1946 3136 2016 3191 57
2049 3133 2185 3207 [56].
2214 3134 2268 3189 Si
2294 3136 2420 3204 quis
2445 3132 2682 3188 clericus
2712 3132 2967 3186 claudum
2992 3129 3078 3185 vel
3095 3128 3345 3197 surdum,
3372 3136 3483 3185 etc.

1880 3242 1935 3287 ut
1970 3248 2089 3298 paq.
2126 3228 2251 3283 758.

1951 3323 2107 3380 CAP.
2145 3320 2341 3377 XXIV.
2374 3350 2447 3362 ——
2479 3319 2554 3373 De
2581 3318 2771 3374 clerico
2814 3318 2905 3388 qui
2936 3317 3167 3387 seipsum
3207 3315 3452 3370 mutilat.

2325 3511 2702 3582 Apostolorum
2725 3523 2897 3561 canon
2927 3505 3018 3559 2'5.

1962 3611 2034 3666 23
2068 3608 2206 3683 [22].
2243 3606 2300 3663 Si
2331 3608 2456 3677 quis
2484 3622 2608 3661 cum
2644 3604 2715 3661 sit
2749 3603 3004 3665 clericus,
3030 3596 3270 3669 s‘eipsum
3324 3595 3490 3651 muti-

1883 3704 2101 3770 laverit,
2134 3705 2442 3773 deponatur
2479 3716 2493 3753 :
2532 3706 2617 3754 est
2648 3697 2794 3752 enim
2826 3698 2909 3749 sui
2941 3692 3240 3748 homicida.

2182 3814 2347 3886 287
2378 3812 2605 3868 Concilii
2643 3808 2853 3864 Nicwni
2886 3824 3056 3861 canon
3094 3808 3145 3859 l.

1958 3931 2011 3987 1.
2051 3928 2106 3984 Si
2148 3929 2275 4000 quis
2334 3943 2367 3982 ιι
2423 3924 2650 3980 medicis
2680 3924 2734 3978 in
2772 3920 2966 3975 morbo
3003 3918 3252 3984 excisus,
3278 3924 3383 3971 etc.
3429 3923 3489 3968 ut

1884 4041 2009 4095 pag.
2043 4022 2169 4077 505.

1887 4134 2088 4205 Synodi
2136 4149 2253 4201 qua:
2281 4131 2457 4205 prima
2503 4137 2552 4205 et
2601 4126 2833 4181 secunda
2860 4130 3197 4205 nuncupatur
3230 4119 3492 4176 Constan-

1960 4198 2181 4273 tinopoli
2206 4206 2260 4256 in
2279 4198 2470 4270 templo
2496 4198 2820 4254 Sanctorum
2852 4198 3244 4265 Apostolorum
3267 4206 3488 4261 congre—

1958 4288 2084 4349 gata
2114 4290 2286 4328 canon
2312 4276 2401 4344 8.]

1954 4386 2004 4440 8.
2024 4386 2251 4441 Divinas
2268 4391 2322 4438 et
2337 4398 2494 4439 sacer
2507 4389 2823 4438 sanctorum
2845 4374 3220 4447 apostolorum
3237 4372 3495 4437 canon”,

1891 4496 1986 4535 eos
2010 4479 2102 4549 qui
2135 4494 2193 4534 se
2218 4479 2366 4548 ipsos
2400 4484 2645 4530 castraut
2675 4489 2798 4527 esse
2823 4472 2905 4527 sui
2935 4468 3492 4536 ltomicidasjudicat.

1890 4571 1958 4627 Et
2002 4572 2048 4627 si
2078 4572 2190 4626 sint
2216 4570 2439 4641 quidem
2471 4567 2804 4632 sacerdotes,
2849 4564 3102 4633 deponit;
3134 4562 3179 4615 si
3229 4577 3337 4614 non
3383 4560 3496 4613 sint

1893 4675 2098 4731 autem,
2133 4679 2200 4717 ne
2227 4662 2296 4717 ad
2336 4660 2705 4718 sacerdotium
2755 4663 3185 4727 promoveantur
3216 4651 3490 4722 prohibet,

1894 4773 1961 4813 ex
1988 4773 2052 4812 eo
2081 4769 2267 4826 aperte
2296 4764 2565 4816 statuens,
2591 4750 2738 4822 quod
2760 4752 2817 4821 si
2851 4750 2896 4804 is
2927 4749 3019 4819 qui
3045 4763 3103 4801 se
3128 4746 3306 4816 ipsum
3338 4758 3496 4797 exse-

1892 4849 2038 4903 cavit
2058 4850 2140 4903 sui
2161 4857 2243 4901 est
2264 4844 2561 4910 homicida,
2586 4843 2676 4913 qui
2702 4842 2867 4895 alium
2892 4848 3134 4901 exsecat,
3158 4846 3243 4889 est
3267 4832 3493 4887 omnino

1899 4942 2195 4997 homicida.
2255 4939 2442 4993 Merito
2494 4948 2675 4993 autem
2734 4934 2993 4990 statuerit
3039 4928 3310 5000 quispiam
3364 4939 3490 4979 eum

1902 5052 2124 5106 quoque
2157 5037 2209 5088 in
2247 5034 2524 5104 opiﬁcium
2550 5029 3012 5088 contumeliosum
3043 5021 3236 5077 videri.
3283 5016 3494 5085 Quam-

1898 5128 2085 5184 obrem
2115 5127 2359 5182 decrevit
2379 5133 2563 5182 sancta
2592 5124 2855 5195 synodus,
2881 5128 2939 5173 ut
2963 5118 3007 5173 si
3035 5116 3160 5186 quis
3179 5113 3493 5183 episcopus,

1898 5222 1982 5277 vel
2010 5220 2318 5291 presbyter,
2356 5221 2440 5274 vel
2471 5219 2760 5281 diaconus,
2798 5223 3043 5269 castrare
3084 5208 3325 5278 aliquem
3358 5219 3494 5258 con-

1899 5312 2077 5371 victus
2104 5315 2293 5381 fuerit,
2329 5315 2413 5368 vel
2472 5327 2640 5367 manu
2686 5308 2932 5381 propria,
2975 5304 3057 5358 vel
3082 5318 3182 5357 suo
3212 5301 3395 5372 jussu,
3447 5296 3496 5353 is

1900 5410 2232 5482 depositioni
2260 5407 2587 5477 subjiciatur
2623 5423 2636 5458 :
2674 5403 2720 5458 si
2751 5402 2825 5457 sit
2851 5409 3034 5455 autem
3066 5397 3261 5458 laicus,
3308 5406 3494 5461 segre-

2218 5569 2298 5604 δδ*
2324 5569 2494 5626 Cone.
2544 5565 2803 5635 Carthag.
2836 5576 2898 5628 ιι,
2929 5573 3053 5615 can.
3112 5555 3168 5611 2.
3270 5550 3313 5587 δέ
3349 5552 3492 5608 (Jan.
