3912 6244
347 237 453 303 763

1515 229 1779 291 ΡΗΟΤΙΙ
1819 228 2326 290 ΡΑΤΒΙΑΗΕΙΙ.Ἐ
2356 229 2466 292 CP.

3515 247 3610 310 ’764

349 367 529 429 gctur.
560 362 758 426 praeter
789 366 955 424 quam
991 350 1037 405 si
1082 349 1327 413 morbus,
1369 347 1463 419 qui
1509 349 1670 404 alicui
1721 348 1940 413 accidit,

2071 350 2382 419 προσπεσὸν,
2405 350 2542 418 πρὸς
2570 351 2810 424 ἐκτομὴν
2835 354 2929 408 τοῦ
2955 357 3282 421 πεπονθότος
3303 359 3610 426 ἐκδιάζοιτοο

349 450 415 504 ad
457 449 608 502 illum
657 443 1044 504 exsecandum,
1079 442 1173 511 qui
1207 449 1479 495 eastratus
1527 449 1631 502 est,
1676 441 1938 510 coegerit.

350 539 826 608 Quemadmodum
853 536 998 592 enim
1029 533 1264 590 Nicaeum
1296 533 1483 603 primae
1512 531 1702 604 synodi
1740 547 1940 595 canon,

349 650 445 691 eos
472 634 562 703 qui
595 633 647 686 in
679 631 870 685 morbo
899 627 1109 685 exsecti
1146 635 1296 694 sunt,
1345 641 1453 680 non
1505 626 1683 696 punit,
1719 633 1944 694 propter

349 729 625 790 morbum,
684 726 785 788 sic,
826 736 880 778 et
907 737 1029 788 nos,
1065 737 1166 777 nec
1200 722 1536 784 sacerdotes,
1569 721 1661 788 qui
1706 727 1942 788 aegrotos

349 821 581 876 castrari
627 818 909 881 mandant,
957 815 1416 880 condemnamus,
1462 828 1563 868 nec
1606 812 1800 875 laicos,
1850 810 1944 877 qui

346 913 586 984 propriis
650 911 904 965 inanibus
968 909 1034 962 ad
1089 908 1478 964 castrationem
1532 915 1798 970 utuntur,
1859 919 1946 958 re-

351 1003 764 1075 prehendimus.
804 999 920 1055 Hoc
951 999 1097 1054 enim
1135 999 1312 1054 morbi
1350 1014 1472 1053 esse
1502 996 1790 1059 medelam,
1832 1010 1942 1048 non

349 1106 534 1152 autem
561 1105 827 1148 creatura:
869 1093 1097 1147 insidias
1124 1091 1262 1158 ﬁeri,
1298 1092 1382 1146 vel
1417 1091 1696 1161 opiﬁcium
1743 1087 1946 1158 injuria

352 1187 491 1242 aﬂici
523 1187 924 1242 existimamus.

419 1281 560 1350 Lege
589 1295 710 1348 qua:
749 1277 1006 1348 superius
1033 1284 1292 1332 annotata
1316 1275 1518 1331 suntin
1554 1289 1675 1343 cap.
1708 1273 1794 1338 M,
1817 1271 1942 1326 titJ

347 1373 631 1444 praesentis
665 1373 864 1442 operis.

422 1465 590 1535 288
623 1465 774 1518 CAP.
807 1463 972 1518 XXV.
1006 1494 1079 1503 —
1109 1461 1182 1516 De
1214 1461 1419 1516 clericis
1448 1459 1706 1528 apostatis
1729 1498 1743 1523 ,
1773 1465 1820 1510 et
1855 1474 1948 1510 sa-

348 1557 712 1630 criﬁcantibus
762 1567 811 1611 et
844 1558 1094 1626 magis,et
1115 1554 1625 1617 incantatoribus,et
1645 1550 1946 1620 astrologis,

365 1672 426 1708 ac
461 1653 868 1718 mathematicis,
891 1662 939 1707 et
971 1653 1190 1719 divinis,
1228 1659 1278 1706 et
1303 1648 1564 1718 veneﬁcis,
1619 1655 1668 1700 et
1699 1646 1761 1698 de
1794 1661 1948 1699 autu-

351 1747 494 1802 latis.

808 1840 1184 1907 Apostolorum
1212 1857 1382 1894 canon
1413 1839 1503 1894 62.

421 1933 491 1989 6'2
527 1931 662 2004 [61].
698 1931 754 1986 Si
781 1933 907 1999 quis
941 1932 1177 1987 clericus
1232 1941 1454 2002 propter
1491 1938 1698 1984 metum
1754 1927 1945 1980 buma-

354 2044 517 2089 num,
569 2026 654 2082 vel
701 2025 904 2091 Judaei,
945 2025 1028 2081 vel
1081 2025 1320 2080 haeretici
1387 2022 1692 2095 negaverit,
1734 2024 1946 2080 etc.,ut

351 2123 632 2192 pag.746.

659 2235 888 2292 Concilii
923 2234 1195 2305 Ancyrani
1243 2249 1471 2288 canones
1507 2233 1555 2296 Ι,
1581 2232 1635 2286 ‘2.

425 2331 475 2384 1.
497 2328 850 2401 Presbyteros
870 2328 962 2398 qui
986 2327 1458 2390 sacrificaverunt,
1477 2335 1583 2380 etc.
1606 2337 1660 2379 ut
1679 2342 1799 2395 pag.
1821 2324 1946 2379 595.

431 2425 488 2475 ‘2.
527 2423 795 2475 Diaconos
829 2420 1084 2476 similiter
1121 2419 1214 2488 qui
1249 2419 1722 2483 sacriﬁcaverunt,
1761 2426 1946 2485 postea

351 2519 535 2566 autem
567 2510 815 2565 reluctati
846 2519 994 2574 sunt,
1018 2518 1150 2572 etc.,
1184 2518 1243 2560 ut
1274 2524 1395 2577 pag.
1433 2506 1555 2560 755.

715 2623 943 2680 Concilii
974 2621 1258 2675 Laodiccni
1289 2637 1458 2674 canon
1496 2620 1587 2675 '56.

423 2717 512 2773 36.
544 2716 702 2784 Quod
740 2733 846 2771 non
882 2721 1098 2786 oportet
1122 2729 1217 2770 eos
1254 2713 1346 2784 qui
1403 2721 1532 2768 sunt
1564 2714 1787 2778 sacrati,
1819 2722 1952 2779 etc.,

356 2824 412 2866 ut
441 2830 564 2883 pag.
596 2813 722 2865 75$.

433 2925 650 2982 Textus.
688 2926 764 2982 De
796 2925 1076 2992 veneﬁcis,
1110 2925 1541 2990 mathematicis,
1569 2924 1954 2993 similibusque

354 3018 442 3072 tit.
482 3018 569 3083 18,
605 3019 696 3072 lib.
730 3035 806 3073 ix.
830 3019 953 3074 cod.
989 3019 1179 3074 Const.
1215 3020 1238 3072 l
1273 3018 1426 3073 :liazc
1456 3017 1648 3073 statuit
1675 3037 1688 3072 :
1715 3015 1844 3070 Plus
1867 3023 1951 3070 est

353 3128 590 3175 veneno,
643 3128 807 3182 quam
847 3112 1028 3184 gladio
1060 3113 1336 3168 occidere.
1370 3111 1561 3166 Const.
1598 3111 1633 3165 2
1665 3130 1677 3166 :
1712 3111 1944 3166 Geome-

357 3207 519 3261 triam
549 3206 692 3261 seire
716 3206 850 3260 utile
873 3217 958 3262 est
987 3224 1001 3261 ι
1028 3221 1117 3261 ars
1140 3217 1323 3260 autem
1353 3205 1742 3259 mathematica
1775 3204 1945 3259 inter-

354 3301 498 3356 dicta
526 3309 632 3362 est,
656 3309 709 3355 et
737 3298 1016 3354 damnata.
1046 3300 1241 3354 Const.
1268 3300 1337 3353 ὃς
1367 3297 1562 3352 Nullus
1589 3297 1816 3362 artifex,
1853 3305 1948 3353 aut

359 3389 646 3453 sacerdos,
692 3397 786 3442 aut
831 3403 1026 3443 eorum
1061 3388 1354 3457 quisquam
1387 3387 1480 3456 qui
1519 3388 1645 3442 huic
1675 3387 1802 3441 ritui
1839 3387 1946 3441 mi-

358 3481 619 3544 nistrant,
662 3480 732 3533 ob
780 3480 947 3533 ullam
991 3479 1219 3533 omnino
1285 3495 1510 3534 causam
1556 3481 1622 3533 ad
1684 3481 1945 3550 aliquem,

361 3574 575 3628 tametsi
628 3574 840 3628 amicus
879 3573 1053 3643 ipsius
1088 3574 1188 3638 sit,
1246 3573 1484 3627 introeat
1526 3590 1538 3625 :
1589 3573 1836 3642 alioquin
1895 3583 1952 3628 et

361 3663 480 3732 ipse
507 3671 896 3716 concrematur
930 3681 942 3716 :
995 3671 1049 3717 et
1075 3664 1167 3729 qui
1207 3662 1387 3731 ipsum
1430 3661 1766 3727 evocaverit,
1825 3671 1952 3732 post

360 3755 632 3810 bonorum
693 3755 1145 3810 conﬁscationem
1197 3755 1517 3824 deportatur
1561 3775 1575 3811 :
1620 3765 1675 3810 et
1724 3757 1953 3823 quilibet

361 3858 605 3906 accusat.
642 3849 833 3906 Const.
866 3851 899 3904 4
935 3865 948 3902 :
999 3848 1103 3916 Qui
1145 3851 1370 3920 magicis
1405 3850 1618 3905 artibus
1657 3851 1821 3905 saluti
1849 3850 1950 3905 lio-

364 3943 576 3997 minum
620 3953 716 3997 aut
759 3943 1037 4012 pudicitiae
1071 3943 1422 4006 insidiantur,
1453 3943 1758 4013 puniuntur
1791 3962 1805 3998 :
1844 3960 1950 3999 non

363 4043 546 4088 autem
579 4032 673 4103 qui
707 4031 827 4104 [per
857 4031 998 4104 illas]
1030 4033 1346 4087 hominibus
1376 4033 1685 4098 medentur,
1714 4043 1808 4088 aut
1835 4032 1950 4087 fru-

363 4139 550 4181 ctuum
593 4136 918 4196 proventum
963 4127 1186 4182 uberem
1221 4138 1572 4190 conservant,
1608 4129 1815 4184 imbres
1859 4137 1954 4184 aut

355 4217 651 4288 grandines
689 4228 1019 4273 avertentes.
1054 4218 1245 4273 Const.
1285 4219 1318 4274 5
1350 4236 1363 4272 :
1411 4219 1584 4275 Nemo
1619 4231 1712 4276 aut
1745 4232 1950 4288 vatem,

367 4321 462 4364 aut
503 4312 834 4380 aruspicem,
869 4323 963 4366 aut
1005 4328 1265 4383 augurem
1299 4313 1553 4369 consulat
1601 4330 1616 4368 :
1664 4330 1843 4385 neque
1870 4315 1951 4368 di-

2047 441 2235 512 ὥσπερ
2269 442 2378 513 γάρ
2411 443 2440 494 6
2472 442 2572 512 τῆς
2603 444 2661 497 ἐν
2691 445 2898 518 Νικαίᾳ
2935 449 3153 502 συνόδου
3182 450 3390 518 πρῶτος
3423 453 3610 520 κανὼν,

2047 535 2173 596 τοὺς
2205 536 2264 587 ἐν
2291 534 2431 604 νόσῳ
2462 536 2957 605 χειρουργηθέντας
2991 540 3053 592 οὐ
3089 539 3308 604 κολάζει
3335 540 3421 596 διὰ
3455 543 3510 595 τὸ
3536 544 3614 596 νό-

2049 643 2114 694 ση
2125 643 2223 695 μα,
2244 623 2387 679 οὕτω
2413 629 2508 680 καὶ
2531 629 2690 698 ἡμεῖς
2712 643 2725 658 ·
2753 627 2876 684 οὔτε
2901 631 3026 694 τοὺς
3062 633 3227 703 ἱερεῖς
3253 633 3614 700 ἐπιτάττοντας

2047 717 2455 788 εὐνουχίζεσθαι
2509 721 2634 784 τοὺς
2687 720 2976 785 νοσοῦντας
3038 723 3455 792 κατακρίνομεν,
3503 726 3616 779 οὔτε

2050 809 2158 881 μὴν
2175 811 2302 874 τοὺς
2326 810 2550 874 latim");
2581 813 2902 886 αὐτοχειρίᾳ
2931 815 3067 886 πρὸς
3099 815 3198 885 τὴν
3229 817 3458 887 ἐκτομὴν
3480 835 3614 887 χρω-

2051 904 2282 974 μένους,
2321 905 2658 969 ὑπευθύνους
2704 905 3002 976 τιθέμεθαο
3059 907 3219 960 τοῦτο
3249 907 3355 978 γὰρ
3394 910 3620 979 ἰατρείαν

2047 995 2142 1049 τοῦ
2176 998 2500 1068 νοσήματος,
2540 997 2655 1050 ἀλλ’
2689 999 2787 1052 οὐκ
2822 999 3116 1071 ἐπιϐουλὴν
3159 1001 3251 1052 τοῦ
3299 999 3618 1071 πλάσματος,

2048 1088 2081 1160 ἢ
2113 1091 2211 1160 τῆς
2242 1090 2495 1156 πλάσεως
2531 1090 2712 1163 ὕϐριν,
2741 1091 3089 1164 λογιζόμεθα.

2120 1275 2421 1342 Ἀνάγνωθι
2470 1275 2540 1328 τὰ
2592 1275 3111 1348 παραγεγραμμένα
3160 1273 3418 1345 ἀνωτέρω
3460 1277 3513 1328 ἐν
3555 1276 3627 1348 τῷ

2054 1368 2113 1423 ιδ’
2151 1387 2275 1437 κεφ.
2308 1371 2402 1423 τοῦ
2434 1371 2480 1424 α’
2509 1372 2613 1426 τίτ.
2647 1372 2741 1425 τοῦ
2778 1374 3048 1442 παρόντος
3079 1371 3475 1439 συντάγματος.

2123 1465 2376 1519 ΚΙΞΦΑΛ.
2421 1466 2625 1521 KE'.-—
2651 1466 2787 1533 Περὶ
2813 1463 3117 1533 κληρικῶν
3142 1453 3517 1525 ἀποστατῶν,
3538 1461 3628 1516 καί

2051 1557 2276 1620 Ουτῶν,
2308 1558 2405 1611 καὶ
2448 1557 2674 1628 μάγων,
2708 1557 2807 1610 καὶ
2849 1555 3166 1617 ἐπαοιδῶν,
3201 1553 3301 1606 καί
3352 1553 3630 1622 ἀστρολόο

2055 1669 2193 1721 γων,
2216 1650 2664 1720 μαθηματικῶν,
2703 1651 2803 1705 καὶ
2833 1649 2967 1719 περὶ
3005 1645 3328 1718 μαντειῶν,
3361 1645 3455 1699 καὶ
3497 1663 3633 1716 φαρ-

2047 1745 2329 1817 μακειῶν,
2366 1747 2464 1799 καὶ
2499 1744 2860 1814 περιάπτων.

2465 1839 2524 1892 Ἀ
2534 1839 2855 1892 ποστόλων
2895 1838 3098 1893 κανὼν
3137 1841 3236 1912 ξβ’.

2121 1929 2222 2001 ξβ’.
2267 1929 2334 1984 Εἴ
2358 1948 2441 1993 τις
2487 1930 2751 2000 κληρικὸς
2799 1930 2887 1983 διὰ
2933 1931 3098 2000 φόϐον
3145 1932 3487 2004 ἀνθρώπινον
3508 1933 3640 1986 ’1ου-

2047 2023 2220 2089 δαίου,
2245 2024 2278 2094 ἢ
2301 2023 2581 2093 Ἕλληνος,
2615 2023 2648 2094 ἢ
2680 2022 2957 2094 αἱρετικοῦ
2983 2064 2998 2089 ,
3036 2024 3357 2096 ἀρνήσεται,
3386 2045 3442 2080 κ.
3463 2043 3513 2081 τ.
3535 2025 3586 2078 λ.
3638 2085 3643 2091 ,

2317 2232 2587 2287 Συνόδου
2626 2232 2910 2302 Ἀγκύρας
2948 2231 3152 2286 κανὼν
3189 2240 3267 2298 α’,
3314 2232 3379 2304 β’.

2123 2335 2190 2381 α’.
2233 2327 2650 2398 Πρεσὸυτέρους
2677 2326 2804 2388 τοὺς
2835 2323 3224 2389 ἐπιθύσαντας,
3265 2343 3318 2379 κ.
3345 2343 3397 2380 τ.
3425 2326 3476 2381 λ.

2125 2420 2190 2490 β’.
2233 2421 2524 2480 Διακόνους
2543 2419 2746 2488 ὁμοίως
2765 2416 3054 2484 θύσαντας,
3081 2418 3220 2489 μετά
3249 2418 3304 2471 δὲ
3330 2417 3502 2472 ταῦτα
3525 2417 3660 2472 ἀνα-

2055 2511 2457 2574 παλαίσαντας,
2490 2528 2544 2564 κ.
2565 2527 2618 2565 τ.
2643 2510 2693 2563 λ.

2323 2624 2594 2678 Συνόδου
2635 2625 2988 2690 Λαοδικείας
3027 2623 3235 2678 κανὼν
3273 2623 3386 2690 λς’.

2129 2716 2256 2770 Ὀτι
2291 2716 2350 2771 ού
2384 2716 2466 2770 δεῖ
2501 2719 2810 2789 ἱερατικοὺς
2863 2718 2896 2789 ἢ
2946 2717 3272 2789 κληρικοὺς,
3330 2717 3566 2787 μάγους,
3599 2731 3650 2767 κ.

2054 2827 2104 2864 τ.
2131 2810 2181 2864 λ.

2127 2926 2264 2995 Περὶ⁸
2287 2925 2598 2997 φαρμακῶν
2620 2927 2714 2980 καὶ
2743 2925 3146 2998 μαθηματικῶν
3180 2927 3280 2979 καὶ
3304 2925 3414 2978 τῶν
3435 2923 3656 2993 ὁμοίων,

2056 3018 2416 3089 διαλαμϐάνει
2449 3020 2476 3071 6
2513 3017 2581 3089 ιη’
2610 3020 2717 3073 τίτ.
2747 3019 2840 3073 τοῦ
2877 3019 2920 3072 θ’
2951 3019 3091 3089 βιὸλ.
3136 3018 3236 3071 τοῦ
3279 3019 3414 3073 κώδ.
3465 3015 3659 3070 ταῦτα.

2054 3112 2203 3165 Διάτ.
2240 3109 2318 3164 α”
2345 3111 2546 3176 Μεῖζόν
2578 3113 2695 3164 ἐστι
2725 3111 2787 3164 τὸ
2807 3112 3086 3183 φαρμάκῳ
3112 3111 3146 3182 ἢ
3177 3111 3330 3182 ξίφει
3367 3110 3623 3179 φονεῦσαι
3644 3114 3684 3141 ο·

2055 3205 2202 3260 Διάτ.
2224 3204 2288 3276 β’⁶
2309 3206 2420 3277 Τὴν
2437 3204 2785 3276 γεωμετρίαν
2811 3205 3082 3276 χρήσιμόν
3103 3208 3255 3258 ἐστιν
3277 3221 3291 3236 ⁶
3307 3203 3532 3267 εἰδέναι,
3547 3205 3582 3273 ἡ
3608 3201 3664 3256 δὲ

2059 3297 2414 3368 μαθηματικὴ
2439 3300 2812 3369 ἀπηγόρευται
2843 3300 2937 3352 καὶ
2957 3296 3558 3370 κατακέκριται.Διάτ.
3579 3300 3626 3362 γ’
3651 3309 3665 3323 ⁸

2056 3391 2262 3463 Μηδεὶς
2287 3392 2722 3463 οἰωνοσκόπος,ἢ
2777 3391 2978 3462 ἱερεὺς,
3004 3393 3037 3463 ἢ
3069 3391 3177 3445 τῶν
3236 3389 3667 3460 ὑπουργούντων

2059 3487 2284 3558 τοιαύτῃ
2317 3485 2621 3556 θρησκεία,
2655 3485 2840 3539 εἰσίτω
2879 3485 3015 3555 πρός
3065 3501 3188 3537 τινα
3243 3484 3335 3552 ἐφ’
3372 3484 3667 3556 οἱᾳδήποτε

2059 3576 2228 3648 αἰτίᾳ,
2262 3577 2364 3630 κᾶν
2396 3575 2560 3630 αὐτοῦ
2591 3576 2743 3646 φίλος
2771 3571 2838 3646 ἦν
2861 3591 2873 3603 ’
2910 3575 3031 3628 ἐπεὶ
3061 3576 3156 3628 καὶ
3209 3575 3382 3638 αὐτὸς
3425 3574 3668 3636 καίεται,

2060 3670 2152 3723 καὶ
2181 3669 2209 3721 6
2247 3668 2697 3739 προτρεψάμενος
2722 3667 2885 3721 αὑτὸν
2916 3667 3389 3739 δεπορτατεύεται
3435 3666 3674 3738 δημευό-

2064 3779 2244 3832 μενος,
2291 3762 2384 3816 καὶ
2411 3764 2439 3814 6
2471 3760 2787 3832 βουλόκενος
2833 3764 3150 3832 κατηγορεῖ.
3187 3761 3350 3816 Διάτ.
3376 3759 3421 3814 δ’
3445 3774 3458 3788 ⁸
3493 3761 3557 3813 Οἱ
3587 3757 3674 3818 διὰ

2065 3855 2296 3924 μαγείας
2319 3857 2385 3925 τῇ
2420 3855 2665 3926 σωτήρια
2692 3853 2798 3910 τῶν
2829 3851 3135 3924 ἀνθρώπων
3160 3854 3194 3924 ἢ
3232 3856 3302 3924 τῇ
3340 3851 3678 3922 σωφροσύνη

2061 3947 2502 4010 ἐπιϐουλεύοντες
2537 3945 2945 4018 τιμωροῦνται,
2993 3947 3054 3999 ού
3094 3946 3203 4016 μὴν
3235 3947 3288 4000 οἱ
3329 3946 3472 4017 πρὸς
3510 3945 3674 4014 θερα-

2063 4040 2222 4092 πείαν
2268 4038 2376 4091 τῶν
2427 4037 2716 4104 σωμάτων,
2757 4037 2790 4106 ἢ
2838 4038 2904 4106 τῇ
2959 4035 3224 4104 εὐετηρίᾳ
3277 4034 3392 4086 τῶν
3445 4029 3678 4101 καρπῶν

2063 4131 2363 4196 ποιοῦντες,
2385 4125 2497 4184 οἷον
2525 4128 2723 4202 βροχὴν
2745 4129 2777 4198 ἢ
2801 4127 3040 4198 χάλαζαν
3063 4127 3386 4196 ἐπέχοντες.
3419 4124 3575 4177 Διάτ.
3606 4119 3645 4173 ε’
3662 4137 3676 4149 °

2061 4223 2267 4294 Μηδεὶς
2297 4222 2554 4294 ἐρωτάτῳ
2585 4221 2776 4291 μάντιν
2801 4219 2834 4292 ἢ
2859 4219 3075 4291 θύτηνῆ
3102 4221 3514 4279 οἰωνοσκόπον,
3542 4216 3680 4287 μήτε

2064 4315 2452 4387 χρηματιζέτω
2485 4313 2810 4383 Χαλδαῖοςῆ
2849 4311 3238 4383 μαθηματικὸς
3289 4312 3324 4382 ἢ
3378 4312 3466 4373 τίς
3499 4325 3682 4381 παρα-

363 4403 517 4458 vinet
569 4404 884 4467 Chaldaeus,
917 4416 1012 4460 aut
1047 4407 1491 4470 mathematicus,
1547 4417 1640 4462 aut
1675 4408 1950 4478 quispiam

2071 4411 2322 4480 πλὴσιος⁸
2351 4410 2380 4462 ὁ
2410 4407 2464 4461 δὲ
2501 4407 2647 4480 παρά
2674 4407 2846 4462 ταῦτα
2878 4406 3082 4474 ποιῶν,
3115 4405 3536 4476 ἀποτέμνεται.

365 4495 584 4550 similis.
623 4496 726 4562 Qui
769 4506 962 4553 contra
1017 4500 1132 4554 haec
1162 4497 1370 4564 fecerit,
1412 4499 1580 4571 289
1623 4501 1949 4556 decollatur.

436 4585 654 4644 Textus.
715 4589 906 4646 Const.
955 4591 988 4647 6
1023 4589 1167 4657 :Qui
1224 4594 1494 4648 elementa
1547 4595 1809 4657 turbant,
1857 4603 1954 4647 aut

364 4679 620 4734 inimicos
663 4697 791 4736 suos
842 4697 939 4752 per
976 4697 1166 4738 manes
1209 4684 1486 4752 occidunt,
1536 4702 1566 4740 a
1610 4685 1742 4740 feris
1788 4685 1953 4738 absu-

365 4784 615 4829 muntur.
668 4773 860 4830 Const.
920 4776 971 4830 7.
1019 4777 1156 4832 Cum
1209 4779 1411 4848 ubique
1452 4779 1719 4834 maleﬁcia
1762 4779 1956 4833 odiosa

367 4867 503 4929 sint,
540 4867 633 4936 qui
672 4867 726 4921 in
755 4868 1111 4938 imperatorio
1136 4868 1450 4942 [comitatu]
1479 4872 1646 4941 magi,
1678 4871 1861 4938 arioli,
1902 4873 1955 4925 in

367 4963 696 5017 enarrandis
732 4963 965 5018 somniis
997 4963 1333 5026 divinantes,
1364 4973 1458 5018 aut
1483 4965 1770 5034 aruspices
1808 4965 1958 5019 inve-

368 5053 621 5118 niuntur,
661 5064 1010 5124 torquentur,
1048 5063 1102 5110 et
1135 5066 1394 5126 negantes
1441 5071 1503 5110 ac
1535 5051 1798 5128 [facinus]
1832 5072 1958 5125 pro-

367 5147 632 5202 bantibus
665 5158 1033 5220 repugnantes
1065 5148 1144 5220 [in
1182 5150 1376 5204 aculeo
1408 5149 1650 5222 ungulis]
1704 5151 1958 5205 incidun-

369 5252 482 5310 tur,
516 5245 723 5298 nullum
762 5244 1012 5298 valentes
1045 5243 1248 5298 habere
1274 5243 1639 5314 privilegium.
1676 5243 1867 5298 Const.
1903 5244 1958 5298 8.

375 5333 587 5388 Similia
631 5344 760 5389 sunt
795 5335 1069 5404 prohibita
1090 5335 1326 5399 discere,
1358 5345 1412 5390 et
1446 5336 1662 5390 docere.
1689 5336 1879 5391 Const.
1904 5337 1957 5390 9.

372 5427 475 5495 Qui
506 5430 713 5482 noverit
756 5428 1212 5498 praestigiatorem
1252 5429 1512 5499 aliquem,
1565 5430 1853 5499 ipsmnque
1905 5431 1960 5484 in

373 5522 774 5592 prazstigiatura
810 5524 1200 5591 occupaverit:
1230 5519 1433 5593 [illum]
1473 5523 1695 5576 tradito.
1744 5522 1801 5576 Si
1840 5521 1962 5592 quis

375 5630 508 5670 vero
553 5613 908 5686 [agitatorum
955 5614 1096 5687 sive]
1155 5616 1498 5686 aurigarum,
1542 5614 1754 5671 aliusve
1805 5616 1964 5684 quis-

379 5707 522 5776 piam
558 5715 750 5764 contra
784 5708 887 5764 hoc
923 5710 1132 5777 fecerit,
1167 5720 1261 5765 aut
1293 5709 1647 5766 clandestinis
1683 5709 1964 5781 suppliciis

2126 4597 2276 4650 Διάτ.
2321 4603 2374 4659 ς’
2405 4612 2418 4624 θ
2450 4595 2514 4648 Ol
2569 4592 2640 4648 τὰ
2692 4595 2931 4663 στοιχεῖα
2979 4591 3404 4663 ταράσσοντες,
3470 4590 3506 4663 ἢ
3560 4589 3689 4653 τοὺς

2058 4695 2286 4766 ἐχθροὺς
2348 4691 2529 4746 αὐτῶν
2586 4689 2674 4743 διὰ
2725 4689 2996 4759 δαιμόνων
3058 4686 3416 4757 φονεύοντες,
3467 4685 3689 4756 θηρίοις

2058 4785 2430 4857 ἀναιροῦνται.
2457 4781 2603 4836 Διάτ.
2637 4780 2678 4846 ζ’
2706 4797 2719 4808 ·
2748 4779 3028 4850 Πανταχοῦ
3055 4779 3152 4849 μὲν
3188 4779 3263 4832 τὰ
3288 4779 3693 4850 ἁμαρτήματα

2063 4878 2283 4950 μυσαρά
2312 4878 2481 4938 ἐστιν,
2518 4875 2575 4927 ἐν
2609 4873 2664 4926 δὲ
2689 4875 2753 4943 τῇ
2788 4870 3149 4942 βασιλευούσῃ
3183 4871 3242 4921 οἱ
3283 4870 3692 4942 εὑρισκόμενοι

2060 4972 2278 5041 γόητες,
2308 4970 2343 5042 ἢ
2383 4969 2625 5040 μάντεις,
2660 4967 2693 5035 ἦ
2726 4968 2783 5019 ἐν
2815 4965 3088 5034 ἀφηγήσει
3123 4963 3371 5033 ὀνείρων
3416 4961 3694 5034 μαντευό-

2066 5079 2238 5130 μενοι,
2299 5061 2332 5130 ἣ
2384 5057 2771 5122 οἰωνοσκόποι,
2827 5054 3218 5125 βασανίζονται
3296 5054 3402 5106 καὶ
3466 5055 3692 5118 ξέονται

2063 5151 2406 5225 ἀρνούμενοι,
2463 5151 2556 5205 καὶ
2601 5151 2713 5212 τοῖς
2765 5147 3080 5216 ἐλέγχουσιν
3135 5145 3560 5217 ἀνθιστάμενοι
3615 5145 3693 5216 μὴ

2061 5245 2346 5314 δυνάμενοι
2369 5242 2663 5314 προνόμιον
2691 5239 2852 5309 ἔχειν.
2878 5239 3028 5291 Διάτ.
3047 5244 3094 5308 η’
3126 5251 3139 5264 ⁸
3168 5230 3336 5290 Ἶσόν
3385 5239 3510 5290 ἐστι
3544 5237 3607 5290 τὸ
3627 5237 3696 5288 τὰ

2063 5335 2490 5409 ἀπηγορευμένα
2528 5333 2718 5404 μαθεῖν
2735 5333 2828 5385 καὶ
2856 5331 3082 5397 διδάξαι.
3109 5329 3268 5384 dicit.
3294 5330 3341 5383 θ’
3372 5347 3388 5362 °
3431 5332 3497 5386 Ὀ
3538 5331 3698 5394 εἰδὼς

2065 5429 2235 5500 γόητά
2259 5446 2400 5492 τινα,
2425 5427 2520 5480 καὶ
2553 5422 2842 5494 κατασχὼν
2874 5422 3037 5476 αὑτὸν
3083 5421 3174 5474 ἐπὶ
3204 5422 3480 5494 γοητείᾳ,
3508 5440 3697 5493 παρα-

2066 5523 2288 5576 διδότω·
2324 5522 2372 5574 εί
2429 5520 2487 5572 δὲ
2536 5519 2790 5589 ἡνίοχος,
2830 5517 2862 5588 ἦ
2897 5533 2980 5580 τις
3033 5515 3227 5585 ἕτερος
3296 5517 3467 5588 ποιρά
3513 5515 3695 5571 ταῦτα

2069 5619 2322 5689 ποιήσει,
2379 5614 2412 5685 ἢ
2447 5613 2722 5684 λαθραίως
2770 5610 2933 5665 αὑτὸν
2964 5608 3362 5680 τιμωρήσεται
3391 5654 3408 5677 ,
3442 5613 3700 5681 ἐσχάτως

2067 5710 2422 5779 τιμωρεῖταιο
2483 5705 2924 5777 ὑπολαμϐάνεται
2958 5703 3066 5774 γὰρ
3113 5701 3287 5758 τοῦτο
3348 5705 3573 5777 πρᾶξαι
3624 5705 3699 5769 ὼς
