3842 6224
157 260 259 323 765

973 254 1378 316 SYNTAGMA
1409 253 1800 316 CANONUM.
1831 279 1902 290 -
1926 253 2075 316 ΤΙΤ.
2109 255 2211 329 IX,
2258 257 2417 320 CAP.
2458 257 2636 318 XXV.

3341 261 3447 324 766

161 371 236 430 εἰς
266 365 485 436 ἐχθρὸν,
524 365 556 436 ἧ
593 363 682 419 ἵνα
713 363 922 430 ἐκεῖνος
975 366 1050 437 μὴ
1079 365 1418 438 δημοσιεύσῃ
1463 367 1590 429 τοὺς
1623 383 1735 419 συν-

1862 365 2210 436 oppresserit,
2239 366 2434 421 ultimo
2465 367 2736 437 supplicio
2765 367 3020 423 aﬂicitur.
3075 367 3332 440 Suspicio
3366 379 3451 425 est

159 461 392 530 ίστορας.

221 645 382 712 Λέγει
414 643 474 697 δέ
508 644 602 698 καὶ
639 643 779 714 βι6λ.
810 651 858 699 α’
891 645 985 698 τοῦ
1017 644 1147 699 κώδ.
1177 639 1300 700 τίτ.’
1326 643 1368 697 δ’
1391 643 1530 698 διάτ.
1561 651 1631 713 γ’,
1659 645 1744 700 δτι

155 747 200 798 οἱ
244 745 441 812 γόητες
487 745 580 796 καὶ
611 744 668 796 ἐν
705 745 827 806 ταῖς
862 745 1098 812 ἡμέραις
1147 743 1248 811 τῆς
1285 743 1599 812 Πασχαλίας
1647 745 1743 812 ἐγ-

153 835 418 890 κλείονται
447 835 544 887 καὶ
578 834 922 905 δεσμοῦνται’
957 837 1050 888 καὶ
1077 835 1220 890 διὰτ.
1242 841 1290 888 α’
1321 834 1416 888 τοῦ
1451 834 1616 888 αὐτοῦ
1642 835 1742 890 τίτ.

154 930 228 982 ’ότι
256 929 304 980 οἱ
338 912 718 998 μαθηματικοὶ
759 927 834 998 μὴ
868 927 1114 992 καίοντες
1147 929 1244 991 τὰς
1275 928 1490 998 βίϐλους
1514 928 1697 982 αὐτῶν
1729 969 1745 994 ,

153 1021 242 1072 καὶ
282 1020 603 1089 προσιόντες
651 1022 718 1091 τῇ
767 1020 1034 1091 ὁρθοδόξῳ
1085 1021 1266 1074 πίστει
1321 1023 1413 1075 ἐπί
1469 1022 1578 1074 τῶν
1625 1023 1746 1074 ἐπι-

160 1111 392 1175 σκόπων,
421 1110 604 1181 πάσης
637 1110 988 1164 ἀπωθοῦνται
1018 1111 1228 1175 πόλεως
1257 1127 1268 1142 ο
1308 1113 1357 1164 εἰ
1390 1111 1447 1166 δὲ
1479 1113 1537 1165 ἐν
1590 1111 1744 1167 πόλει

152 1200 440 1270 εὑρεθῶσιν
461 1200 534 1270 ,ἣ
575 1201 644 1254 τὰ
671 1201 773 1270 τῆς
804 1201 940 1266 ἰδίας
971 1202 1270 1274 θρησκείας
1301 1203 1742 1275 δημοσιεύοντες,

153 1291 652 1362 δεπορτατεύονται.

151 1387 168 1434 ἰ
216 1385 322 1438 Καὶ
361 1385 470 1438 τίτ.
504 1385 574 1438 ια’
600 1383 694 1439 τοῦ
729 1385 896 1441 αὐτοῦ
945 1387 1084 1458 βι6λ.
1131 1389 1284 1443 διάτ·
1321 1389 1386 1462 β’.
1414 1392 1622 1463 Μηδεὶς
1653 1393 1742 1448 διὰ

156 1477 660 1546 σπλαγχνοσκοπίας
713 1478 1100 1547 μαντευὲσθω·
1158 1481 1374 1552 πικρῶς
1408 1484 1516 1554 γὰρ
1570 1501 1742 1554 τιμω-

156 1570 374 1638 psit-1:6
421 1567 535 1622 τῶν
581 1569 896 1623 ἐνεστώτων
952 1572 1046 1624 καὶ
1102 1571 1431 1642 μελλόντων,
1482 1574 1639 1644 παρὰ
1678 1575 1741 1628 τὸ

153 1659 566 1730 κεκωλυμένον,
637 1663 886 1733 ἐκζητῶν
954 1664 1056 1734 τὴν
1119 1666 1380 1737 ἀλήθειαν
1418 1684 1430 1697 ·
1494 1667 1636 1738 βιὸλ.
1699 1676 1739 1721 ε’

1849 457 2020 523 enim,
2080 457 2258 526 ipsum
2311 457 2415 512 hoc
2479 467 2739 529 tanquam
2796 459 3023 516 inimico
3066 460 3284 526 fecisse,
3353 469 3449 517 aut

1852 547 2022 620 [certe
2049 547 2218 621 ideo],
2249 565 2319 605 ne
2349 550 2438 605 ille
2473 550 2736 606 facinoris
2764 553 2945 608 socios
2969 553 3299 623 publicaret.

1927 643 2065 696 Dicit
2096 658 2224 697 vero
2255 643 2419 697 etiam
2447 642 2542 697 lib.
2572 661 2587 699 ι
2641 644 2763 700 cod.
2802 645 2886 699 tit.
2917 646 2973 707 4,
3009 655 3188 701 const.
3219 647 3274 711 5,
3297 645 3446 716 quod

1849 734 2284 805 praestigiatores
2327 733 2383 788 in
2425 734 2620 791 diebus
2667 735 3026 791 Paschalibus
3063 746 3116 790 et
3151 736 3442 790 includan-

1849 835 1940 882 tur
1980 834 2033 882 et
2076 827 2407 883 vinciantur.
2462 827 2529 882 Et
2565 838 2743 885 const.
2780 828 2847 882 ‘10
2878 829 3123 898 ejusdem
3163 829 3245 884 tit.
3295 816 3443 899 quod

1850 922 2223 976 mathematici
2249 923 2342 990 qtti
2386 938 2494 977 non
2547 924 2915 978 concrematis
2959 939 3145 978 coram
3181 925 3443 993 episcopo

1848 1015 2003 1069 libris
2033 1016 2148 1070 suis
2184 1016 2253 1070 ad
2301 1015 2664 1071 orthodoxam
2696 1015 2854 1070 fidem
2899 1017 3256 1079 accesserint,
3290 1015 3443 1070 omni

1847 1106 2070 1161 civitate
2127 1109 2399 1177 pellantur
2455 1127 2469 1164 :
2525 1118 2581 1164 et
2614 1150 2629 1176 ,
2705 1110 2750 1164 si
2811 1108 2866 1162 in
2935 1109 3156 1163 civitate
3204 1106 3438 1180 [aliqua]

1846 1196 2055 1252 fuerint
2111 1198 2478 1268 deprehensi,
2534 1199 2619 1252 vel
2689 1197 3147 1253 caeremoniarum
3211 1212 3436 1252 suarum

1844 1289 2244 1361 professionem
2279 1289 2661 1359 publicaverit,
2693 1290 3074 1360 deportentur.

1921 1381 2139 1437 Textus.
2180 1380 2248 1437 Et
2282 1384 2364 1436 tit.
2396 1381 2457 1435 11
2517 1381 2762 1452 ejusdem
2793 1382 2888 1436 lib.
2920 1382 3142 1436 constit.
3178 1381 3233 1435 2.
3267 1379 3440 1434 Nemo

1844 1491 1943 1546 per
1981 1484 2229 1530 extorum
2275 1474 2576 1529 sectionem
2606 1474 2872 1528 divinato.
2907 1472 3120 1528 Accrbe
3155 1472 3301 1525 enim
3341 1487 3441 1542 pu—

1845 1567 2014 1631 nitur,
2050 1565 2146 1636 qui
2195 1574 2387 1619 eontra
2434 1565 2663 1619 vetitum
2702 1566 3060 1634 prazsentium
3106 1565 3192 1619 vel
3227 1562 3443 1618 futura-

1845 1674 1965 1711 rum
2014 1655 2248 1729 [rerum]
2285 1657 2537 1726 explorat
2582 1660 2892 1712 veritatem.
2943 1653 3068 1710 Lib.
3127 1673 3176 1724 v,
3228 1656 3312 1710 tit.
3352 1656 3440 1722 l7,

152 1753 246 1806 τίτ.
272 1751 335 1816 ις’
358 1752 501 1807 διάτ.
523 1761 571 1825 η’
591 1770 604 1784 ·
626 1754 919 1823 Εὑλόγωςὸ
942 1756 1080 1827 ἀνὴρ
1111 1758 1383 1829 εὑρίσκων
1413 1759 1513 1830 τὴν
1541 1760 1735 1814 ἑαυτοῦ

1862 1753 2070 1806 :onstit.
2127 1750 2159 1804 8
2195 1768 2207 1802 :
2239 1749 2472 1804 Maritus
2519 1750 2934 1820 deprehendens
2987 1765 3216 1804 uxorem
3277 1764 3437 1803 suam

152 1843 382 1915 γαμετὴν
437 1845 768 1915 φαρμακὸν,
809 1848 1078 1918 ρεπουδίῳ
1125 1849 1241 1903 λύει
1269 1851 1359 1904 τὸν
1393 1852 1593 1921 γάμον,
1645 1853 1741 1907 καὶ

153 1936 207 1986 ἐκ
231 1935 316 1988 τοῦ
346 1936 594 1988 ἐναντίου
625 1939 656 2008 ἡ
688 1938 848 2008 γυνὴ,
875 1937 970 1992 τοῦ
993 1940 1188 2011 ἀνδρὸς
1219 1941 1373 2006 ὄντος
1408 1945 1732 2015 φαρμακοῦ.

151 2027 333 2096 ὁμοίως
359 2028 452 2081 καὶ
482 2031 520 2098 ἡ
556 2031 683 2099 περὶ
714 2031 1016 2101 ῥεπουδίων
1047 2032 1238 2104 νεαρὰ,
1269 2033 1411 2104 βιὸλ.
1445 2035 1490 2100 ζ’
1528 2035 1633 2089 τίτ.
1661 2037 1739 2103 ξεν

151 2119 276 2175 διάτ.
302 2121 362 2192 β’·
405 2121 465 2174 Ὁ
527 2122 624 2175 ἐπὶ
662 2124 888 2196 γοητεία
927 2127 1366 2189 καταδικασθεὶς,
1405 2129 1454 2180 εί
1490 2127 1589 2198 μὲν
1630 2127 1738 2181 ἀπὸ

151 2213 450 2287 τεκμηρίων
499 2217 596 2268 καὶ
638 2217 936 2288 μαρτύρων
992 2218 1086 2271 καὶ
1125 2219 1260 2282 ἰδίας
1287 2219 1518 2292 ἐλεγχθῇ
1558 2238 1734 2274 κατα-

155 2304 354 2370 θέσεως,
383 2307 413 2359 ὁ
458 2308 554 2359 ἐπὶ
617 2309 843 2380 γοητεία
895 2309 1355 2376 καταδικασθεὶς,
1405 2312 1466 2364 οὐ
1507 2312 1736 2366 δύναται

154 2398 482 2453 ἐκκαλεῖσθαι
508 2417 524 2431 ο
560 2401 611 2452 εί
639 2401 694 2454 δέ
719 2401 826 2454 ἀπὸ
878 2403 1172 2475 μαρτύρων
1216 2406 1306 2458 καὶ
1350 2404 1737 2476 δικαιωμάτων

155 2492 237 2544 καὶ
265 2491 433 2546 ἄλλων
476 2494 818 2564 τεκμηρίων,
850 2496 909 2547 ού
952 2497 1059 2565 μὴν
1098 2495 1194 2549 καὶ
1240 2497 1302 2562 ἐξ
1327 2496 1536 2562 οἰκείας
1568 2515 1734 2552 κατα-

155 2583 375 2650 θέσεως,
425 2585 458 2656 ἦ
508 2585 664 2656 φόϐῳ
711 2586 819 2639 τῶν
870 2587 1118 2656 βασάνων
1162 2589 1461 2652 κατέθετο,
1507 2589 1734 2644 δύναται

157 2677 508 2731 ἐκκαλεῖσθαι.
548 2677 700 2732 Βιὸλ.
734 2679 778 2732 θ’
808 2679 914 2733 τίτ.
956 2687 1066 2750 μα’,
1094 2680 1234 2735 διάτ.
1269 2688 1315 2749 γ’
1339 2699 1353 2713 ⁶
1389 2681 1604 2753 Πρῶτοι
1644 2683 1739 2753 βα-

157 2769 438 2834 σανίζονται
478 2772 531 2824 οἱ
571 2771 843 2842 ἀλλότριοι
877 2773 1074 2837 δοῦλοι,
1129 2776 1225 2830 καὶ
1256 2775 1345 2827 ὅτε
1399 2775 1611 2842 δόξουσι
1645 2774 1737 2828 λέ-

156 2877 259 2926 γειν
288 2863 483 2916 πιθανὰ
513 2863 649 2933 περὶ
683 2864 778 2917 τοῦ
837 2864 1206 2936 ἐγκλήματος,
1239 2866 1363 2919 τότε
1403 2869 1496 2921 καὶ
1529 2869 1556 2920 ὁ
1581 2867 1737 2936 λεγό-

160 2971 300 3022 μενος
331 2957 619 3038 φαρμάξαι
649 2956 1002 3027 βασανίζεται
1024 2975 1037 2989 °
1067 2960 1160 3013 καὶ
1191 2959 1296 3013 τίτ.
1332 2959 1418 3030 με’
1449 2960 1542 3013 τοῦ
1571 2960 1736 3014 αὑτοῦ

162 3039 284 3109 βιϐλ.
319 3043 457 3098 διάτ.
495 3051 576 3108 ις’
609 3061 622 3073 ·
661 3046 733 3098 Ού
769 3045 850 3098 δεῖ
900 3044 1235 3117 ψηφίζεσθαι
1276 3050 1408 3121 περὶ
1455 3054 1732 3119 γοητείας,
1765 3077 1808 3135 C

158 3135 249 3197 ἕως
278 3136 339 3189 ἂν
365 3135 663 3208 ἀποδειχθῇ
699 3137 761 3189 τὸ
809 3137 1065 3208 ἔγκλημα
1112 3139 1200 3193 διὰ
1251 3139 1603 3203 καταθέσεως
1635 3139 1732 3192 τοῦ

160 3229 639 3301 κατηγορουμένου,
672 3230 766 3283 καὶ
801 3230 1049 3301 βασάνων
1083 3233 1178 3287 καὶ
1208 3232 1518 3302 συμφώνων
1554 3250 1737 3287 κατα-

161 3319 361 3375 θέσεων.

219 3415 317 3468 Kal.
349 3415 484 3485 βιϐλ.
517 3422 572 3481 ι’,
600 3415 704 3470 τίτ.
744 3415 826 3481 ιε’,
859 3416 1091 3484 διάτ.”α’,
1123 3418 1204 3471 ὅτι
1239 3417 1488 3483 Ἔξεστιν
1522 3418 1738 3489 ἐκάστῳ

160 3507 307 3578 ἐντῷ
335 3508 446 3579 ἰδίῳ
475 3509 634 3580 τόπῳ
694 3509 876 3581 ζητεῖν
929 3510 1240 3581 θησαυρὸν,
1278 3512 1407 3565 ἄνευ
1460 3511 1661 3566 θυσιῶν
1701 3514 1736 3584 ἡ

160 3615 284 3662 τινος
350 3601 672 3671 παρανόμου
763 3602 992 3673 τέχνης·
1069 3604 1163 3656 καὶ
1240 3603 1585 3658 ἀπολαύειὸ
1641 3606 1735 3657 εύ-

163 3689 363 3758 ρίσκων,
417 3693 514 3746 καὶ
575 3694 705 3764 περὶ
753 3693 862 3746 τῶν
902 3695 1144 3748 τοιούτον
1187 3697 1286 3748 οὐκ
1340 3695 1517 3762 ἔξεστι
1566 3713 1738 3767 προσ-

164 3785 445 3852 αγγέλλειν.
469 3774 475 3782 ’

221 3880 344 3949 Περὶ
366 3882 420 3935 δὲ
452 3882 804 3946 ἀποστατῶν,
833 3883 1042 3954 φησὶνὸ
1072 3882 1116 3946 ζ’
1142 3881 1255 3937 τίτ.
1275 3883 1368 3936 τοῦ
1404 3888 1452 3935 α’
1479 3881 1621 3952 βιὸλ.
1641 3880 1734 3935 τοῦ

163 3972 274 4028 κώδ.
303 3975 435 4031 διάτ.
466 3975 540 4038 α’,
570 3979 597 4029 6
619 3977 725 4029 ἀπὸ
755 3976 1101 4047 Χριστιανῶν
1132 3976 1420 4046 γινόμενος
1461 3976 1733 4042 Ἰουδαῖος,

162 4063 430 4134 δημεύεται
467 4087 480 4099 ο
506 4067 649 4121 διάτ.
684 4068 750 4139 β’,
784 4071 812 4122 6
858 4069 1032 4137 λέγων
1073 4069 1165 4122 τὸν
1196 4069 1604 4137 τελευτήσαντα
1654 4069 1731 4139 μὴ

161 4155 393 4212 δύνασθαι
432 4161 790 4226 διατίθεσθαι,
823 4161 912 4215 διὰ
937 4163 996 4215 τὸ
1026 4161 1136 4214 ἀπὸ
1180 4162 1526 4231 Χριστιανῶν
1573 4164 1736 4217 αὑτὸν

174 4247 399 4303 Ἰουδαῖον
441 4252 476 4326 ἦ
511 4254 753 4324 Ἕλληνα
796 4255 1075 4323 γενέσθαι,
1111 4254 1243 4308 εἴσω
1279 4257 1603 4319 πενταετίας
1646 4257 1734 4310 ὲν-

166 4338 290 4408 άγοι·
313 4344 446 4398 διάτ·
476 4353 548 4415 γ’,
581 4347 663 4400 δτι
687 4350 714 4400 ὁ
739 4345 798 4412 ἐξ
827 4347 1108 4418 ὀρθοδόξου
1129 4348 1414 4419 γινόμενος
1430 4347 1732 4421 αἱρετικὸς,

1845 1845 2145 1898 veneficam
2188 1843 2366 1916 [esse,
2411 1844 2601 1916 misso]
2639 1845 2867 1914 repudio
2916 1856 3062 1900 recte
3109 1845 3270 1900 solvit
3325 1863 3444 1902 ma-

1844 1938 2164 1992 trimonium
2199 1948 2347 1993 :ete
2393 1938 2612 1993 diverso
2660 1938 2883 2000 mulier,
2936 1937 2982 1992 si
3033 1938 3118 1991 vir
3159 1939 3440 1995 veneficus

1842 2030 2029 2086 fuerit.
2084 2029 2348 2086 Similiter
2398 2032 2563 2085 etiam
2621 2033 2855 2097 novella,
2903 2048 3026 2102 qua:
3075 2034 3145 2087 de
3196 2035 3442 2104 repudiis

1843 2123 2112 2197 [tractat.]
2142 2126 2236 2180 lib.
2267 2141 2364 2190 vn,
2390 2125 2473 2180 tit.
2510 2125 2600 2191 65,
2634 2127 2856 2181 constit.
2883 2126 2919 2180 2
2950 2145 2962 2180 :
3003 2125 3264 2182 Veneﬁcii
3308 2142 3442 2182 eou-

1849 2221 2164 2285 demnatus,
2220 2219 2266 2274 si
2309 2219 2535 2288 quidem
2575 2221 2938 2289 argumentis,
2977 2222 3227 2284 testibus,
3278 2229 3444 2291 atque

1844 2326 1945 2365 sua
1983 2311 2160 2380 ipsius
2186 2310 2541 2366 confessione
2580 2313 2869 2367 convictus
2897 2311 3085 2376 fuerit,
3122 2329 3225 2366 non
3263 2321 3446 2382 potest

1842 2403 2008 2473 290
2048 2403 2328 2473 appellare
2374 2422 2387 2458 :
2438 2403 2484 2457 si
2533 2419 2662 2458 vero
2716 2405 2971 2467 testibus,
3031 2403 3441 2469 iustrtm'tentis,

1843 2498 2078 2566 aliisque
2133 2497 2497 2565 argumentis,
2549 2513 2657 2550 non
2705 2506 2886 2551 autem
2938 2511 3039 2552 sua
3091 2497 3442 2552 confessione

1843 2587 2201 2661 [convictus,]
2246 2590 2327 2642 vel
2363 2589 2655 2642 formidine
2699 2598 3103 2644 tormentorum
3141 2589 3436 2645 confessus

1841 2683 1933 2749 sit,
1981 2697 2286 2753 provocare
2346 2697 2455 2736 non
2503 2681 2824 2751 impeditur.
2885 2680 3006 2736 Lib.
3068 2696 3144 2745 ιιι,
3204 2683 3285 2735 tit.
3347 2680 3441 2746 4|,

1841 2777 2064 2833 constit.
2097 2777 2182 2832 '5:
2232 2775 2484 2830 Primum
2547 2775 2692 2830 servi
2753 2775 2919 2830 alieni
2980 2784 3333 2845 torquentur,
3387 2783 3445 2830 et

1841 2871 2061 2942 quando
2111 2871 2177 2926 de
2235 2870 2471 2925 crimine
2526 2869 2851 2925 verisimilia
2920 2868 3105 2924 dicere
3161 2869 3442 2932 videntur,

1841 2968 1973 3014 tunc
2014 2959 2108 3028 qui
2164 2974 2435 3013 venenum
2486 2958 2800 3029 porrexisse
2849 2958 3074 3022 dicitur,
3131 2966 3440 3028 torquetur.

1843 3050 1907 3104 Et
1953 3052 2036 3107 tit.
2067 3051 2136 3105 47
2179 3052 2428 3122 ejusdem
2479 3051 2625 3118 libri,
2657 3051 2881 3107 constit.
2933 3051 3001 3105 16
3040 3049 3199 3105 :Non
3251 3059 3337 3106 est
3385 3050 3440 3104 in

1841 3144 2113 3199 veneficos
2169 3144 2395 3200 ferenda
2447 3144 2765 3209 sententia,
2821 3144 3142 3214 priusquam
3206 3159 3302 3212 per
3365 3141 3443 3196 rei

1841 3235 2268 3301 confessionem,
2313 3246 2611 3301 tormenta,
2655 3246 2819 3307 atque
2850 3238 3245 3294 coneordantia
3283 3239 3440 3293 testi-

1843 3332 2026 3384 monia
2064 3332 2357 3401 probatum
2388 3330 2550 3386 fuerit
2584 3333 2815 3387 crimen.

1832 3416 1840 3424 ’
1913 3423 2132 3479 Temtus.
2181 3427 2247 3480 Et
2281 3425 2376 3478 lib.
2414 3442 2466 3491 ιι,
2499 3425 2585 3481 tit.
2636 3426 2723 3491 15,
2776 3435 2951 3482 const.
2995 3427 3018 3480 1
3063 3443 3076 3478 :
3119 3425 3272 3480 Licet
3317 3423 3443 3477 titti-

1864 3520 2066 3588 cuique
2098 3519 2150 3572 in
2180 3533 2282 3574 suo
2317 3518 2438 3572 loco
2466 3518 2585 3572 sine
2617 3519 2911 3574 sacrificiis
2942 3518 3195 3587 aliquave
3231 3515 3444 3584 legibus

1843 3611 2036 3665 odiosa
2099 3618 2216 3663 arte
2267 3609 2591 3663 thesaurum
2645 3623 2932 3678 quaerere,
2991 3622 3054 3661 ac
3109 3605 3307 3658 fruitur
3358 3602 3443 3655 in-

1839 3713 2024 3767 vento,
2061 3715 2240 3771 neque
2269 3701 2392 3755 licet
2433 3701 2501 3756 de
2537 3715 2602 3756 ea
2634 3698 2719 3772 [re
2743 3699 2811 3754 ad
2843 3695 3170 3769 principem]
3211 3693 3438 3750 referre.

1913 3889 1988 3944 De
2035 3889 2302 3960 apostatis
2345 3888 2480 3943 dicit
2529 3888 2613 3942 tit.
2678 3887 2731 3954 '7,
2798 3886 2892 3941 lib.
2944 3901 2956 3939 ι
3004 3883 3126 3939 cod.
3174 3889 3350 3937 const.
3388 3882 3441 3945 1,

1838 3984 1983 4054 quod
2028 3984 2121 4052 qui
2167 3998 2236 4036 ex
2297 3981 2616 4037 Christiano
2665 3978 2885 4033 Judteus
2936 3977 3116 4031 factus
3155 3984 3258 4039 est,
3297 3973 3441 4048 [ejus

1839 4075 2007 4148 bona]
2065 4075 2459 4131 conﬁscentur.
2513 4072 2751 4127 Constit.
2806 4071 2860 4124 Et.
2922 4070 3026 4135 Qui
3069 4067 3202 4122 dicit
3244 4067 3443 4118 defun-

1839 4177 1987 4221 ctum
2043 4165 2236 4220 testari
2303 4179 2413 4218 non
2467 4162 2736 4232 potuisse,
2791 4157 2940 4229 quod
3004 4172 3070 4211 ex
3122 4154 3444 4209 Christiano

1839 4261 2097 4330 Paganns
2147 4255 2499 4312 autJudteus
2546 4254 2726 4307 factus
2784 4253 2878 4316 sit,
2931 4251 3074 4304 intra
3128 4247 3444 4317 quinquen-

1839 4354 1990 4407 nium
2022 4353 2155 4422 agit.
2191 4351 2386 4407 Const.
2437 4349 2490 4403 5.
2523 4347 2628 4415 Qui
2679 4362 2747 4402 ex
2795 4345 3102 4400 orthodoxo
3151 4340 3444 4396 litct-eticus

166 4432 218 4484 οὐ
245 4438 728 4510 συναναστρέφεται
748 4443 861 4501 τοῖς
888 4439 1220 4510 ἀνθρώποιςν
1244 4441 1339 4494 καὶ
1370 4442 1428 4492 οὐ
1464 4442 1735 4512 μαρτυρεῖ

1862 4447 2025 4502 "actus
2073 4457 2177 4513 est,
2242 4460 2352 4499 non
2407 4452 2773 4499 conversatur
2810 4455 2935 4494 cum
2973 4437 3314 4496 hominibus,
3346 4447 3446 4487 ne-

166 4522 194 4591 ἦ
224 4523 534 4596 διατίθεται,
570 4529 694 4584 οὔτε
728 4532 1088 4603 κληρονομεῖ,
1131 4533 1226 4586 καὶ
1263 4534 1363 4586 οὐκ
1405 4532 1518 4604 ἔχει
1568 4535 1734 4604 μετά-

169 4631 299 4671 νοιαν
349 4621 420 4686 ῶς
463 4625 520 4677 ἐν
573 4627 687 4688 τοῖς
726 4624 907 4688 ἄλλοις
942 4626 1339 4696 ἁμαρτήμασιν
1371 4641 1384 4655 ·
1423 4627 1456 4695 ἡ
1499 4625 1554 4677 δὲ
1600 4626 1733 4697 περὶ

169 4714 262 4767 τῶν
296 4717 624 4792 Ἐκκλησιῶν
669 4723 937 4793 Ἀφρικῆς
987 4723 1346 4794 διαλεγομένη
1405 4722 1506 4794 ρι6’
1535 4723 1728 4794 νεαρὰν

170 4804 328 4862 δίδωσι
368 4814 554 4885 καιρὸν
586 4815 875 4884 μετανοίας
909 4815 1023 4878 τοῖς
1059 4814 1118 4878 ἐξ
1156 4814 1456 4886 ὀρθοδόξων
1504 4813 1610 4866 ὑπὸ
1644 4813 1730 4865 αἱ-

175 4903 378 4966 ρετικῶν
425 4905 808 4976 βαπτισθεῖσι·
853 4908 992 4962 διάτ.
1046 4908 1109 4972 δ’,
1163 4910 1192 4961 6
1244 4907 1574 4978 Χριστιανὸς
1604 4907 1733 4959 ἀπο·

175 4994 284 5057 στὰς
314 4997 402 5051 καὶ
432 4998 598 5064 θύσας
619 5042 633 5067 ,
663 5001 696 5072 ἢ
729 4999 1114 5072 ἐντειλάμενος
1153 4999 1326 5070 ἑτέρῳ
1362 5000 1545 5066 θῦσαι,
1577 5001 1732 5070 παρὰ

173 5087 347 5151 παντὸς
403 5096 831 5164 κατηγορεῖται,
891 5093 966 5165 μὴ
1026 5092 1444 5162 ἀντιτιθεμένης
1511 5091 1732 5163 χρονίας

173 5186 509 5254 παραγραφῆς
530 5203 545 5219 ·
580 5187 674 5239 καὶ
709 5185 832 5239 οὔτε
855 5186 1108 5258 δωρεῖται
1135 5185 1317 5250 ἐξότου
1352 5187 1588 5256 ἀποστῇ,
1607 5183 1730 5238 οὔτε

172 5268 222 5320 ἒν
248 5276 469 5345 σχήματι
527 5280 784 5352 πράσεως
843 5281 1180 5352 περιγράφει
1231 5279 1325 5333 τὸν
1373 5280 1560 5349 νόμον,
1602 5277 1728 5331 οὔτε

172 5361 462 5436 διατίθεται,
484 5374 594 5428 ἀλλ’
624 5376 682 5440 ἐξ
713 5375 997 5429 ἀδιαθέτου
1035 5375 1215 5428 πάντα
1245 5376 1356 5438 τοῖς
1387 5374 1554 5427 αὐτοῦ
1596 5389 1728 5442 συγ-

173 5460 361 5519 γενέσιν
398 5465 640 5536 ἁρμόζει,
666 5464 747 5532 οἷς
789 5470 883 5520 καὶ
920 5467 1058 5538 μετὰ
1088 5467 1319 5521 θάνατον
1343 5469 1554 5536 ἐφεῖται
1595 5484 1730 5520 κατ-

175 5554 388 5620 ηγορεῖν,
434 5559 480 5610 εἰ
518 5561 611 5614 καὶ
642 5562 718 5632 μὴ
757 5560 948 5629 γέγονε
985 5561 1128 5614 κατὰ
1168 5561 1369 5625 ζῶντος
1402 5558 1498 5614 τοῦ
1531 5559 1730 5630 μιαροῦ

176 5647 541 5720 προκάταρξις·
599 5657 694 5708 καὶ
749 5657 1149 5728 ἀνατρέπονται
1189 5656 1284 5709 καὶ
1315 5658 1369 5709 αἱ
1397 5657 1600 5727 δωρεαὶ
1639 5657 1731 5709 καὶ

178 5735 222 5783 αἱ
253 5735 484 5810 διαθῆκαι
518 5747 714 5815 αὐτῶν,
756 5750 848 5803 καὶ
887 5751 1000 5813 τοῖς
1028 5747 1135 5802 ἀπὸ
1186 5750 1280 5801 τοῦ
1329 5747 1493 5817 νόμον
1532 5748 1728 5803 καλου-

1854 4556 1964 4608 que
1993 4537 2374 4594 testimonium
2404 4537 2559 4603 dicit,
2593 4549 2771 4605 neque
2804 4532 3115 4587 testamenti
3148 4529 3446 4584 factionem

1846 4631 2038 4697 habet,
2092 4646 2272 4700 neque
2307 4631 2360 4683 in
2397 4627 2812 4684 haereditatibus
2844 4626 3111 4689 succedit,
3165 4637 3345 4693 neque
3389 4630 3448 4678 ut

1853 4727 1906 4780 in
1943 4725 2066 4778 aliis
2101 4723 2446 4782 criminibus,
2493 4722 2830 4792 pmnitcntite
2864 4715 3220 4793 [remedium]
3256 4716 3438 4769 habet.

1800 4887 1810 4896 _
1840 4818 2073 4873 Novella
2111 4829 2290 4871 tamen
2321 4815 2412 4881 57,
2442 4831 2562 4885 qua:
2587 4815 2652 4868 de
2678 4812 2940 4868 Ecclesiis
2967 4810 3239 4864 Alricanis
3265 4808 3444 4879 (Ιίδδετ

1848 4914 1941 4979 rit,
2015 4911 2345 4965 orthodoxis
2395 4909 2489 4979 qui
2543 4909 2614 4962 ab
2664 4902 3260 4988 ltmreticis__baptiza_ti_
3292 4906 3440 4988 sntit,

1838 5006 2194 5077 paenitentiae
2229 5015 2445 5073 tempus
2483 5003 2697 5058 tribuit.
2739 4982 3017 5056 (ἶοιιειξὺό.
3042 4998 3144 5064 Qui
3168 4982 3201 5049 Vit
3224 4982 3446 5050 bris-tia-

1841 5116 1946 5154 nus
1979 5097 2040 5170 [a
2078 5096 2205 5168 fide]
2261 5095 2548 5163 defecerit,
2587 5104 2642 5149 et
2684 5091 3094 5154 sacrificaverit,
3147 5089 3306 5142 aliive
3353 5101 3443 5173 sa:-

1835 5196 2088 5250 criticare
2135 5191 2500 5253 mandaverit,
2567 5204 2679 5243 non
2716 5187 3070 5257 oppositutus
3108 5181 3252 5252 longi
3300 5191 3441 5234 tem-

1854 5288 2006 5358 poris
2052 5285 2530 5356 prwscriptioncm
2579 5298 2608 5338 α
2657 5293 2989 5352 quocunque
3037 5288 3350 5337 accusatur,
3390 5283 3445 5328 et

1848 5395 2027 5449 neque
2061 5396 2126 5433 ex
2165 5394 2275 5449 quo
2323 5379 2621 5432 desciverit
2662 5379 2852 5439 donat,
2901 5386 3078 5440 neque
3109 5369 3440 5456 venditionis

1844 5472 2028 5540 specie
2063 5471 2170 5540 legi
2213 5470 2460 5524 fraudem
2510 5469 2641 5524 fat-it
2672 5487 2682 5520 :
2719 5463 2990 5538 [insuper]
3029 5480 3134 5517 non
3177 5471 3434 5523 testatur,

1834 5566 1926 5618 sed
1965 5566 2030 5617 ab
2060 5565 2318 5617 intestato
2351 5573 2548 5617 cuncta
2592 5562 2776 5630 ipsius
2803 5559 3050 5630 cognatis
3094 5565 3432 5624 competunt,

1843 5657 2052 5725 quibus
2103 5657 2266 5711 etiam
2320 5666 2445 5726 post
2489 5665 2723 5710 mortem
2762 5653 3098 5723 permittitur
3149 5664 3429 5712 accusare,

1835 5750 1994 5821 291
2037 5752 2254 5806 tametsi
2305 5749 2579 5805 adversus
2628 5747 2917 5820 profanum
2969 5745 3193 5818 [adbch
3245 5745 3430 5798 vivum
