3912 6244
386 302 491 365 767

1547 302 1814 364 PIIOTII
1852 298 2362 362 PATRIARCIL‘E
2386 298 2496 359 (ΞΡ.

3536 300 3638 364 768

389 415 542 471 nulla
597 413 744 472 facta
804 414 876 473 sit
925 416 1276 473 contestatio.
1330 413 1669 472 Evertuntur
1720 416 1966 485 ipsorum

2098 413 2259 476 ιένοις
2314 411 2620 483 ἁρμόζουσι
2656 425 2671 441 ο
2719 410 2864 464 διάτ.
2928 415 3002 473 ε’,
3070 410 3099 462 ό
3158 410 3341 462 δουλον
3386 406 3417 479 ἧ
3464 410 3639 484 εὐγενῆ

385 508 712 564 donationes
740 516 796 564 et
830 517 1177 577 testamenta,
1231 519 1397 580 atque
1436 510 1504 565 iis
1532 510 1625 580 qui
1658 524 1690 564 a
1730 509 1846 580 lege
1878 522 1975 564 vo-

384 608 601 665 cantur,
649 608 992 670 competunt.
1044 600 1234 657 Const.
1287 600 1340 656 5.
1374 600 1703 671 Quicunque
1752 615 1973 656 servum

383 691 472 745 vel
517 693 817 760 ingenuum
849 692 1251 759 Christianum,
1302 693 1535 747 invitum
1586 691 1672 745 vel
1712 690 1976 746 suasione

385 782 455 837 ad
505 782 802 838 nefandum
854 784 1135 855 religionis
1184 784 1349 839 ritum
1406 783 1734 849 traduxerit,
1797 783 1977 851 capite

384 878 637 944 punitur,
683 878 935 948 bonaque
965 878 1087 948 ejus
1128 877 1519 933 conﬁscantur.
1561 876 1751 931 Const.
1781 875 1834 929 6.
1870 873 1975 941 Qui

388 964 627 1021 clericus
667 977 763 1021 aut
801 970 1106 1023 monachus
1135 970 1477 1024 orthodoxus
1512 966 1833 1039 Eutychetis
1882 974 1978 1020 aut

385 1055 719 1122 Apollinaris
752 1056 1011 1127 dogmata
1058 1068 1303 1115 sectatus
1352 1060 1536 1126 fuerit,
1573 1066 1789 1112 tenetur
1843 1058 1976 1127 legi?

2080 501 2428 573 Χριστιανὸν,
2460 501 2661 555 ἄκοντα
2691 498 2724 571 ἢ
2764 499 2852 554 διὰ
2903 497 3215 570 συμϐουλῆς
3240 496 3551 569 μεταγαγὼν
3573 504 3643 563 είς

2080 594 2340 664 ἀθέμιτον
2394 592 2733 666 θρησκείαν,
2805 592 3121 662 κεφαλικῶς
3179 592 3497 662 τιμωρεῖται
3558 598 3646 647 καὶ

2080 684 2376 757 δημεύεται
2402 700 2416 715 ⁸
2445 686 2583 740 διάτ.
2617 686 2691 752 ς’,
2722 685 3001 757 ὀρθόδοξος
3022 685 3285 755 κληρικδς
3323 683 3357 754 ἢ
3407 686 3643 755 μονωιδς,

2084 778 2406 850 θρησκεύων
2445 778 2513 833 τὰ
2548 778 2821 851 Εὐτυχοῦς
2855 779 2888 850 ἢ
2936 777 3352 849 Ἀπολιναρίου,
3384 778 3646 832 ὑπόκειται

2081 874 2193 937 τοῖς
2220 872 2361 926 κατὰ
2377 870 2667 945 αίρετικῶν
2695 872 2902 941 νόμοις,
2937 870 3035 924 καὶ
3058 871 3158 939 τῆς
3198 869 3505 940 Ῥωμαῖκῆς
3531 870 3653 936 ἐξω-

2084 965 2258 1020 θεῖται
2298 967 2593 1032 πολιτείας,
2631 964 2777 1020 κατὰ
2824 964 2891 1019 τὰ
2920 965 3062 1019 κατὰ
3088 965 3405 1035 Μανιχαίων
3440 965 3649 1035 νομοθε-

2082 1058 2338 1130 τηθέντα,

388 1150 496 1205 bus
525 1151 791 1210 adversus
836 1156 1126 1213 haereticos
1159 1155 1307 1230 [latis
1334 1155 1375 1228 :]
1406 1166 1461 1211 et
1505 1156 1670 1227 pro'ut
1704 1156 1770 1211 dc
1840 1154 2153 1212 Manichzeis
2225 1156 2499 1213 sancitum
2562 1164 2669 1221 est,
2714 1165 2868 1211 extra
2936 1152 3244 1210 Romanam
3276 1152 3654 1223 rempublicam

386 1246 729 1319 proﬂigatur.

418 1354 432 1361 ’
465 1363 680 1419 Textus.
716 1363 837 1419 Lih.
869 1380 909 1429 I,
940 1367 1023 1421 tit.
1054 1368 1111 1432 9,
1140 1377 1316 1423 const.
1346 1367 1434 1422 18.
1458 1365 1701 1434 Judaeus,
1728 1368 1820 1437 qui
1851 1382 1983 1422 eum

389 1456 483 1527 qui
509 1456 751 1512 Judaica:
778 1457 1060 1527 religionis
1086 1475 1194 1513 non
1222 1470 1391 1522 esset,
1418 1460 1696 1515 contraria
1731 1460 1985 1514 doctrina

390 1550 457 1604 ad
487 1551 631 1605 illam
667 1553 993 1619 traduxerit,
1020 1553 1290 1608 bonorum
1320 1554 1727 1624 proscriptione
1751 1554 1985 1608 damna-

392 1652 502 1708 tur,
529 1644 902 1715 miserumque
932 1646 984 1699 in
1017 1647 1237 1701 modum
1265 1648 1510 1716 punitur.

460 1734 728 1791 Caeterum
771 1738 840 1793 de
886 1739 1196 1795 istiusmodi
1242 1740 1297 1794 in
1336 1740 1445 1810 dig.
1475 1740 1640 1795 etiam
1688 1748 1979 1795 tractatur.
2013 1773 2055 1827 Β

388 1826 481 1882 Ait
524 1828 671 1882 enim
716 1829 810 1885 lib.
845 1846 922 1897 Ix,
957 1832 1045 1886 tit.
1078 1831 1135 1897 2,
1166 1831 1361 1901 digest.
1391 1832 1443 1895 7,
1476 1832 1624 1902 quod
1677 1835 1772 1903 qui
1822 1846 1983 1887 servo

388 1935 662 1975 venenum
693 1937 791 1992 pro
817 1924 1220 1979 medicamento
1246 1924 1414 1989 dedit,
1438 1925 1502 1977 ad
1536 1925 1710 1993 ipsius
1746 1923 1983 1994 pretium

394 2010 816 2085 [praestandum]
846 2024 1116 2081 teneatur,
1146 2024 1208 2070 ut
1236 2017 1329 2085 qui
1364 2033 1590 2071 causam
1621 2018 1817 2071 mortis
1850 2031 1985 2086 prae-

393 2110 595 2164 buerit.
620 2108 775 2167 Scias
799 2121 1005 2177 autem,
1027 2112 1172 2182 quod
1197 2114 1399 2168 actioni
1427 2112 1640 2184 [etiam]
1665 2114 1817 2168 locus
1840 2110 1983 2184 [sit,]

392 2201 437 2256 si
481 2202 946 2258 medicamentum
995 2220 1282 2274 perperam
1324 2206 1568 2268 dederit,
1621 2214 1680 2260 ut
1723 2206 1919 2278 digest.
1952 2207 1986 2261 8

395 2289 547 2363 [ait].
583 2293 849 2348 Similiter
878 2294 1041 2350 etiam
1070 2297 1138 2351 de
1168 2297 1462 2353 obstetrice
1489 2299 1686 2369 digest.
1718 2300 1771 2365 9,
1804 2300 1901 2355 lib.
1929 2316 1983 2366 x,

390 2384 477 2438 tit.
507 2383 575 2450 2,
608 2385 803 2454 digest.
833 2386 887 2440 ι.
919 2386 978 2441 In
1022 2388 1339 2443 haereditate
1382 2398 1599 2459 reperta
1635 2391 1776 2445 mala
1812 2392 1986 2445 medi-

394 2484 679 2543 camenta,
711 2486 806 2530 aut
837 2478 1032 2548 magici
1078 2479 1353 2533 similesve
1398 2478 1522 2533 libri
1561 2480 1703 2534 inter
1744 2479 1986 2535 haeredes

396 2581 505 2621 non
538 2567 901 2624 dividuntur:
934 2570 1027 2625 sed
1055 2570 1259 2641 judicis
1282 2571 1508 2627 arbitrio
1534 2583 1983 2642 corrumpuntur.

393 2657 515 2713 Lib.
546 2676 700 2724 vaII,
732 2662 815 2715 tit.
849 2662 899 2727 1,
933 2662 1129 2733 digest.
1161 2663 1249 2717 55.
1282 2664 1502 2719 Venena
1541 2664 1683 2719 mala
1715 2680 1820 2718 non
1852 2681 1985 2720 ven-

391 2752 623 2808 dunlur.
662 2751 716 2807 Si
753 2764 934 2808 tamen
974 2754 1119 2827 [aliis
1152 2756 1422 2828 materiis]
1457 2758 1638 2820 mista,
1666 2758 1822 2811 utilia
1852 2758 1983 2823 sint,

397 2853 458 2899 nt
488 2844 556 2900 de
593 2848 841 2901 antidoto
877 2846 1005 2918 [dici
1040 2848 1261 2921 debet],
1295 2851 1624 2905 vendunlur.
1652 2848 1771 2904 Lib.
1804 2866 1983 2914 XLVII,

282 2971 287 2977 ι
396 2938 483 2995 Iit.
519 2940 607 3009 10,
637 2942 830 3011 digest.
865 2941 953 2996 15.
985 2942 1089 3008 Qui
1122 2942 1528 2997 medicamento
1561 2943 1800 3012 alicuius
1833 2958 1988 2997 men-

393 3038 507 3087 tem
556 3033 946 3099 alienaverint,
978 3043 1234 3089 tenentur
1280 3033 1606 3102 iniuriarum
1656 3036 1890 3089 actione.
1924 3035 1983 3090 Si

2158 1366 2311 1422 Βιϐλ.
2348 1373 2419 1433 α’,
2445 1363 2649 1435 τίτ.εθ’,
2700 1365 2843 1420 διάτ.
2868 1363 2957 1435 ιη’,
3001 1364 3252 1427 Ἰουδαῖος
3291 1363 3383 1417 τὸν
3425 1365 3496 1435 μὴ
3540 1364 3656 1419 ὄντα

2084 1465 2184 1533 τῆς
2248 1463 2421 1533 αὐτῆς
2474 1461 2772 1533 θρησκείας
2835 1460 3057 1532 ἐναντίᾳ
3123 1460 3442 1533 διδασκαλίᾳ
3505 1479 3657 1532 μετα-

2084 1553 2273 1623 γαγὼν
2323 1557 2403 1619 είς
2448 1555 2641 1626 αὐτὴν,
2673 1554 2995 1625 δημεύεται,
3037 1554 3134 1607 καὶ
3164 1553 3477 1622 κεφαλικῶς
3502 1572 3659 1623 τιμω-

2085 1649 2281 1718 ρείται.

2154 1738 2525 1810 Διαλαμϐάνει
2583 1739 2642 1793 δὲ
2704 1738 2835 1809 περὶ
2883 1737 2996 1791 τῶν
3050 1738 3307 1793 τοιούτων
3359 1739 3454 1793 καὶ
3479 1740 3534 1792 ἐν
3560 1744 3663 1805 τοῖς

2086 1829 2355 1897 διγέστοις
2376 1846 2391 1861 ο
2442 1829 2579 1899 φησὶ⁸
2614 1830 2723 1897 γὰρ
2756 1827 2897 1898 βιϐλ.
2933 1827 2999 1889 θ’,
3026 1826 3132 1880 τίτ.
3170 1825 3237 1896 β’,
3264 1826 3374 1896 δίγ.
3425 1826 3500 1892 ζ’,
3534 1827 3609 1880 δτι
3636 1830 3666 1881 ό

2087 1920 2383 1990 φάρμακον
2417 1921 2537 1973 ἀντὶ
2581 1918 2824 1989 ἰατρείας
2868 1918 3039 1988 δούλῳ
3076 1916 3327 1981 δεδωκὼς
3351 1958 3366 1984 ,
3400 1918 3664 1972 ὑπόκειται

2087 2015 2166 2073 είς
2194 2012 2293 2083 τὴν
2320 2011 2487 2065 αὑτοῦ
2517 2012 2706 2082 τιμὴν,
2737 2012 2813 2073 ὼς
2840 2009 3019 2064 αἰτίαν
3045 2009 3278 2062 θανάτου
3335 2008 3620 2079 παρασχών
3646 2025 3660 2039 ο

2090 2105 2198 2159 ῐσθι
2230 2105 2288 2158 δὲ
2313 2106 2396 2159 ὅτι
2437 2103 2587 2176 χώρα
2614 2102 3045 2173 τῷνέγκλήματι,
3069 2102 3164 2155 καὶ
3194 2102 3247 2154 εί
3271 2117 3356 2163 τις
3392 2100 3666 2171 προπετῶς

2084 2195 2200 2267 δοίη
2267 2196 2557 2266 φάρμακον
2590 2208 2605 2223 '
2652 2192 2729 2257 ὼς
2785 2193 2891 2261 δίγ.
2976 2199 3046 2264 η’.
3106 2193 3340 2261 Ὅμοιον
3397 2191 3490 2245 καὶ
3548 2191 3669 2261 περὶ

2091 2288 2394 2361 ίατραίνης,
2431 2288 2538 2357 δίγ.
2576 2286 2643 2353 θ’,
2676 2286 2818 2358 βιϐλ.
2850 2292 2880 2339 ι’
2910 2285 3016 2342 τίτ.
3050 2284 3126 2356 β’·
3162 2284 3271 2353 δίγ·
3306 2284 3348 2337 δ’
3375 2326 3390 2350 ,
3430 2283 3490 2336 ού
3541 2282 3667 2335 διαι-

2090 2380 2310 2453 ροῦνται
2360 2378 2564 2450 μεταξὺ
2609 2377 2720 2433 τῶν
2776 2377 3151 2448 κληρονόμων,
3184 2376 3253 2429 τὰ
3292 2377 3352 2429 ἐν
3379 2378 3447 2446 τῇ
3482 2374 3666 2444 κληρο-

2088 2472 2251 2543 νομίᾳ
2272 2471 2566 2543 εὑρεθέντα
2606 2469 2753 2523 κακὰ
2780 2468 3069 2540 φάρμακα,
3097 2468 3131 2538 ἢ
3167 2466 3382 2538 μαγικὰ
3418 2465 3664 2537 βιϐλία,ἥ

2087 2566 2156 2618 τὰ
2180 2566 2362 2636 ὃμοια,
2394 2564 2527 2619 ἀλλὰ
2559 2564 2702 2618 κατὰ
2748 2562 3074 2633 δοκιμασίαν
3106 2560 3200 2615 τοῦ
3234 2559 3490 2614 δικαστοῦ
3523 2558 3665 2629 φθεί-

2093 2676 2296 2730 ρονται,
2332 2659 2471 2730 βιϐλ.
2501 2665 2570 2729 ιη’
2598 2659 2703 2712 τίτ.
2750 2665 2799 2711 α’
2828 2657 2935 2724 δίγ.
2959 2655 3055 2719 λε’,
3090 2658 3158 2708 τὰ
3209 2656 3359 2708 κακὰ
3410 2654 3669 2723 φάρμακα

2089 2751 2149 2804 οὐ
2182 2751 2556 2821 πιπράσκεται
2586 2767 2600 2781 ο
2644 2750 2693 2802 εί
2738 2748 2840 2819 μέν
2869 2765 2950 2800 τοι
2989 2746 3258 2818 δεχόμενα
3310 2744 3457 2817 μίξιν
3484 2762 3664 2816 χρησι-

2093 2843 2371 2915 μεύουσιν,
2394 2843 2471 2907 ὼς
2501 2843 2593 2896 ἐπὶ
2622 2841 2724 2911 τῆς
2748 2841 3026 2896 ἁντιδότου
3052 2840 3466 2910 πιπράσκονται
3496 2854 3508 2867 ’
3533 2836 3664 2908 βιϐλ.

2093 2934 2179 3006 μζ¹
2211 2936 2317 2992 τίτ.
2355 2942 2385 2989 ι’
2419 2933 2520 3004 δίγ¹
2550 2941 2632 3001 ιε’,
2667 2935 2716 2987 oi
2764 2932 3187 3004 παραφρονῆσαί
3226 2950 3354 2985 τινα
3406 2930 3667 3003 φαρμάκῳ

2090 3029 2394 3091 ποιοῦντες,
2443 3028 2719 3099 ἐνέχονται
2758 3026 2836 3097 τῷ
2876 3027 3006 3095 περὶ
3043 3024 3259 3096 ὕϐρεων
3309 3024 3493 3095 νόμον
3542 3024 3588 3074 εί
3616 3020 3668 3073 δὲ

394 3137 529 3177 vero
560 3124 653 3193 qui
682 3125 1036 3194 astrologiam
1073 3126 1310 3179 aliamve
1337 3126 1558 3179 vetitam
1590 3125 1983 3180 divinationem

2098 3120 2185 3172 καὶ
2223 3116 2635 3189 ἁστρολόγος,ἦ
2675 3115 2870 3186 ἑτέραν
2916 3115 3386 3186 άπηγορευμὲνην
3422 3112 3671 3185 μαντείαν

394 3224 646 3281 exercet,
688 3216 1005 3282 consultus,
1056 3215 1345 3288 [aliquem]
1396 3216 1570 3270 furem
1623 3216 1852 3279 dixerit,
1892 3216 1984 3284 qui

396 3318 506 3357 non
534 3316 652 3360 erat
676 3323 689 3359 :
718 3314 934 3362 tenetur
960 3308 1468 3363 constitutionibus.
1494 3307 1613 3362 Lib.
1641 3323 1796 3368 XLIII.
1822 3310 1906 3362 tit.
1929 3306 1985 3372 8,

393 3394 593 3466 digest.
629 3396 686 3451 2.
721 3395 967 3453 Tenetur
1007 3398 1123 3469 lege
1165 3397 1468 3471 [Cornelia]
1511 3400 1578 3454 de
1616 3398 1864 3464 sicariis,
1892 3396 1988 3468 qui

398 3487 560 3558 292
589 3504 855 3543 venenum
900 3491 1131 3545 necandi
1177 3492 1418 3546 hominis
1456 3507 1624 3546 causa
1669 3491 1797 3565 [vel]
1836 3491 1986 3558 facit,

397 3576 483 3630 vel
512 3578 822 3641 vendit,vel
850 3578 1033 3633 habet.
1064 3578 1204 3634 Sunt
1229 3590 1408 3635 autem
1439 3583 1602 3636 etiam
1628 3597 1837 3637 venena
1867 3597 1989 3650 qtm

396 3679 617 3735 sanant,
639 3677 693 3724 et
722 3686 842 3739 quae
869 3673 1137 3727 amatoria
1166 3674 1447 3728 dicuntur.
1477 3674 1535 3728 Si
1563 3689 1691 3729 vero
1714 3674 1985 3745 quispiam

397 3760 525 3815 licet
570 3776 679 3815 non
726 3764 873 3819 malo
921 3766 1107 3819 animo
1151 3766 1365 3820 mulieri
1414 3767 1874 3821 medicamentum
1920 3769 1988 3823 ad

397 3855 807 3923 conceptionem
854 3856 1097 3923 dederit,
1130 3872 1305 3927 eaque
1353 3856 1443 3929 [ex
1485 3857 1574 3930 eo]
1620 3871 1838 3914 mortua
1885 3860 1986 3924 sit,

396 3944 692 4015 relegatur.
714 3944 1023 4020 [Similiter]
1046 3949 1209 4003 etiam
1232 3950 1758 4021 pigmentarius,qui
1786 3962 1991 4008 temere

396 4035 565 4092 alicui
605 4039 864 4105 cicutam,
894 4041 1322 4107 salamandram,
1358 4043 1659 4111 aconitum,
1692 4044 1990 4115 pilyocam-

398 4146 559 4200 pam,
597 4131 916 4203 buprestum
941 4176 958 4203 ,
998 4135 1453 4206 mandragoram,
1496 4144 1595 4191 aut
1635 4137 1990 4195 cantharidas

398 4224 629 4280 dederit.

475 4315 695 4374 Textus.
722 4318 923 4390 Digest.
958 4320 1044 4374 l3.
1076 4319 1179 4387 Qui
1202 4321 1369 4376 vetita
1399 4321 1667 4378 sacriﬁcia
1698 4321 1851 4388 facit,
1877 4322 1992 4394 lege

403 4407 702 4483 [Cornelia]
754 4412 821 4466 de
871 4412 1087 4469 sicariis
1136 4422 1371 4469 tenetur.
1404 4413 1526 4469 Lib.
1561 4431 1751 4479 ιιι-ιιι,
1781 4416 1865 4470 tit.
1900 4416 1988 4482 19,

2094 3209 2315 3281 μετιὼν,
2372 3209 2673 3281 ἐρωτηθεὶς
2744 3209 2873 3281 εἴπῃ
2927 3208 3170 3276 κλέπτην
3223 3206 3321 3261 τὸν
3387 3206 3463 3277 μὴ
3526 3205 3669 3268 ὄντα,

2090 3302 2376 3356 ὑπόκειται
2403 3303 2521 3364 ταῖς
2551 3298 2829 3365 διατάξεσι
2863 3316 2876 3329 ·
2911 3299 3056 3369 βιϐλ.
3092 3297 3183 3369 μη’
3208 3298 3319 3352 τίτ.
3350 3304 3421 3368 η’,
3469 3296 3568 3364 δίγ.
3608 3292 3669 3365 β’,

2088 3393 2166 3465 τῷ
2196 3394 2324 3464 περὶ
2353 3393 2555 3461 φονέων
2581 3392 2731 3462 νόμῳ
2778 3392 3087 3462 κατέχεται,
3121 3392 3149 3443 ό
3179 3390 3269 3443 διὰ
3316 3390 3378 3444 τὸ
3422 3387 3675 3459 φονεῦσαι

2088 3486 2377 3558 ἄνθρωπον
2406 3486 2574 3539 ποιῶν
2604 3487 2918 3556 φάρμακον,
2946 3485 2978 3556 ἦ
3015 3485 3350 3554 πιπράσκων
3372 3527 3386 3549 ,
3431 3483 3464 3553 ἥ
3497 3482 3628 3551 ἔχων
3655 3497 3672 3510 ·

2090 3580 2196 3633 εἰσὶ
2215 3579 2279 3645 δὲ,
2306 3580 2574 3649 φάρμακα
2596 3578 2786 3648 ὑγείαν
2818 3576 3175 3647 ἐμποιοῦντα,
3197 3578 3293 3630 καὶ
3325 3576 3393 3629 τὰ
3412 3575 3675 3644 λεγόμενα

2091 3671 2290 3742 φίλτρα
2319 3686 2332 3701 ⁸
2368 3673 2416 3723 εί
2442 3671 2496 3724 δὲ
2544 3671 2639 3723 καί
2686 3687 2771 3734 τις
2804 3670 2879 3740 μὴ
2926 3669 3083 3739 κακῴ
3132 3668 3385 3740 λογισμῷ
3427 3667 3679 3738 παράσχῃ

2091 3764 2314 3834 γυναικὶ
2357 3763 2756 3833 συλληπτικὸν,
2801 3765 2896 3817 καὶ
2947 3762 3263 3832 τελευτήσει
3330 3764 3365 3831 ἡ
3418 3759 3677 3824 λαϐοῦσα,

2091 3859 2391 3928 ἐξορίζεται
2417 3873 2433 3890 ο
2460 3857 2556 3911 καὶ
2594 3859 2621 3909 ὁ
2654 3874 2729 3926 πη
2740 3856 3029 3926 μεντάριος
3059 3855 3352 3927 προπετῶς
3377 3854 3552 3917 διδούς
3578 3869 3679 3905 τινι

2091 3949 2337 4011 κώνειον,
2382 3946 2415 4017 ἢ
2474 3946 2882 4017 σαλαμάνδραν,
2905 3946 3176 4011 ἀκόνιτον,
3206 3946 3238 4017 ἢ
3265 3944 3676 4016 πιτυοκάμπην,

2092 4038 2509 4111 ἣβούϐρωστιν,
2545 4039 2577 4108 ἢ
2611 4038 3030 4109 μανδραγόραν,
3066 4038 3100 4107 ἢ
3152 4038 3509 4109 κανθαρίδας.

2163 4322 2281 4390 Δίγ.
2323 4322 2412 4390 ιγ’,
2446 4324 2474 4375 ὁ
2500 4322 2671 4376 ποιῶν
2714 4323 2906 4387 θυσίας
2943 4324 3425 4395 ἀπηγορευμένας,
3457 4322 3532 4393 τῷ
3562 4320 3683 4391 περὶ

2095 4418 2300 4485 φονέων
2340 4416 2625 4470 ὑπόκειται
2649 4433 2661 4445 ⁸
2700 4416 2841 4486 βιϐλ.
2886 4421 2998 4487 μη’,
3037 4416 3143 4471 τίτ.
3183 4414 3271 4479 ιδ’,
3310 4416 3423 4483 δίγ.
3482 4412 3589 4485 κη’,
3637 4412 3684 4465 oi

402 4478 515 4571 dig.
551 4503 651 4568 28,
683 4478 985 4561 Venenarii
1038 4508 1305 4579 dignitate
1347 4510 1559 4580 praediti
1610 4478 1987 4581 deportantur,

2098 4478 2381 4583 φαρμακοὶ
2405 4478 2766 4580 ἀξιωματικοὶ
2797 4478 2968 4574 ὄντες,
2986 4478 3491 4581 ’δεπορτατεύονται
3510 4478 3601 4560 ’.οἱ
3630 4505 3685 4557 δέ

402 4595 600 4666 reliqui
630 4597 807 4667 capite
836 4600 1163 4670 puniuntur.
1190 4600 1393 4673 Digest.
1416 4602 1505 4657 58.
1529 4602 1631 4669 Qui
1660 4603 1992 4657 amatorium

404 4693 502 4740 aut
532 4687 835 4745 abortionis
867 4692 1122 4760 poculum
1152 4693 1272 4759 sine
1298 4695 1425 4750 dolo
1452 4694 1600 4749 dedit
1631 4713 1644 4749 :
1676 4696 1721 4748 si
1747 4695 1869 4749 vilis
1901 4694 1991 4761 sit,

404 4775 459 4831 in
495 4779 775 4834 metallum
811 4771 1104 4838 d9nmatur
1142 4803 1155 4839 :
1194 4786 1239 4841 si
1274 4786 1571 4853 honestus,
1605 4788 1809 4843 amissa
1840 4795 1995 4857 parte

404 4868 676 4925 bonorum
721 4873 997 4945 relegatur
1041 4878 1134 4932 sed
1178 4877 1224 4932 si
1268 4880 1396 4948 quis
1435 4880 1563 4935 inde
1604 4888 1858 4936 mortuus
1898 4881 1993 4946 sit,

404 4979 683 5019 summum
716 4970 1046 5038 supplicium
1082 4970 1367 5043 inﬂigitur.

477 5079 628 5135 CAP.
658 5080 851 5137 XXVI.
892 5113 955 5125 -—
996 5083 1074 5139 De
1112 5086 1367 5155 episcopis
1403 5095 1496 5141 aut
1536 5085 1743 5139 clericis
1781 5101 1995 5155 percus-

408 5170 616 5227 soribus
643 5174 719 5227 vel
742 5175 1045 5231 homicidia.

792 5288 1169 5358 Apostolorum
1204 5306 1375 5345 canon
1417 5290 1509 5359 27,
1546 5290 1636 5347 66.

483 5377 552 5432 27
572 5378 708 5453 [28].
727 5379 1169 5452 Episcnpum,vel
1188 5400 1238 5454 pi
1253 5384 1681 5457 csbyterum,vel
1701 5385 1993 5442 diaconum

414 5473 511 5544 qui
537 5474 791 5530 verberat
818 5492 913 5532 eos
940 5477 1032 5547 qui
1058 5488 1311 5549 peccant,
1337 5479 1420 5533 vel
1452 5478 1698 5534 inﬁdeles
1729 5478 1821 5550 qui
1857 5480 1998 5550 inju-

414 5568 552 5622 riam
577 5566 843 5635 fecerunt,
881 5580 933 5625 et
971 5586 1069 5642 per
1118 5571 1235 5627 hac
1282 5571 1393 5626 vult
1433 5580 1761 5639 perterrere,
1798 5573 1997 5643 deponi

410 5659 691 5729 iubemus.
735 5661 1002 5719 Dominus
1042 5664 1189 5719 enim
1224 5679 1325 5721 nos
1370 5679 1714 5734 nequaquam
1764 5665 1866 5719 hoc
1901 5668 1999 5722 do-

418 5752 561 5825 cuit;
601 5765 789 5812 contra
830 5766 1013 5814 autem
1045 5758 1160 5829 ipse
1192 5758 1530 5825 verberatus,
1568 5774 1677 5815 non
1713 5774 1999 5830 repercus-

2095 4602 2291 4667 λοιποὶ,
2327 4603 2407 4666 είς
2458 4601 2700 4672 κεφαλὴν
2737 4601 3109 4672 τιμωροῦνται
3142 4618 3156 4632 °
3208 4601 3307 4655 καὶ
3356 4601 3466 4670 δίγ.
3521 4601 3625 4670 λη’,
3658 4598 3686 4650 ὁ

2095 4693 2343 4757 δεδωκὼς
2372 4696 2525 4763 πόμα
2556 4694 2694 4764 πρὸς
2729 4693 2973 4763 φίλτρον,
3000 4693 3032 4763 ἢ
3065 4691 3212 4763 ἀμϐλ
3228 4691 3482 4764 ωθρίδιον
3520 4689 3685 4761 χωρίς

2094 4785 2271 4850 δόλου,
2312 4786 2526 4849 εὐτελὲς
2561 4786 2661 4856 μὲν
2684 4784 2759 4838 ὢν
2794 4784 3193 4856 μεταλλίξεταιο
3227 4786 3414 4856 τίμιος
3440 4785 3520 4849 δέ,
3574 4782 3689 4846 ego.

2099 4879 2308 4951 ρίζεται
2403 4877 2545 4949 μετὰ
2615 4878 2847 4949 μερικῆς
2917 4876 3282 4949 δημεύσεως·
3346 4877 3555 4948 ἐσχάτῃ
3632 4872 3687 4925 δὲ

2096 4970 2337 5043 τιμωρίᾳ
2364 4970 2653 5038 ἐπάγεται,
2689 4970 2785 5024 ἐάν
2811 4987 2896 5034 τις
2932 4970 2998 5023 ἐκ
3021 4969 3214 5023 τούτου
3245 4969 3571 5040 τελευτήσῃ.

2168 5086 2421 5140 ΚΕΦΑΛ.
2452 5083 2601 5154 KG’.
2633 5114 2703 5125 —
2743 5086 2884 5153 Περὶ
2926 5084 3277 5139 ἐπισκόπων
3306 5084 3346 5153 ἣ
3388 5079 3691 5151 κληρικῶν

2098 5180 2447 5235 τυπτόντων
2496 5178 2535 5247 ἣ
2582 5178 2987 5248 φονευόντων.

2456 5292 2832 5347 Ἀποστόλων
2854 5289 3058 5346 κανὼν
3079 5290 3185 5357 κζ’,
3223 5289 3333 5355 ξς’.

2169 5387 2273 5452 κζ’.
2316 5387 2667 5452 Ἐπίσκοπον,
2703 5385 2736 5453 ἢ
2784 5385 3179 5456 πρεσϐύτερον,
3215 5386 3248 5457 ἢ
3290 5383 3563 5446 διάκονον,
3596 5380 3690 5435 τύ-

2100 5499 2302 5537 πτοντα
2319 5482 2545 5545 πιστοὺς
2568 5480 2983 5552 ἁμαρτάνοντας
3000 5519 3016 5545 ,
3044 5478 3078 5550 ἢ
3108 5478 3378 5540 ἀπίστους
3412 5476 3692 5548 ἀδικήσαν-

2100 5593 2217 5639 τας,
2245 5574 2340 5628 καὶ
2368 5574 2456 5629 διὰ
2489 5573 2747 5628 τοιούτων
2784 5572 2971 5642 φοϐεῖν
2998 5572 3269 5638 ἐθέλοντα,
3308 5569 3689 5640 καθαιρεῖσθαι

2102 5666 2515 5739 προστάσσομεν
2542 5685 2554 5697 ·
2612 5663 2849 5736 οὐδαμοῦ
2884 5665 2991 5736 γὰρ
3022 5666 3050 5718 ό
3104 5664 3306 5733 Κύριος
3338 5662 3501 5717 τοῦτο
3551 5663 3690 5731 ἡμᾶς

2103 5758 2307 5823 ἐδίδαξε
2334 5774 2376 5833 '_
2398 5757 2706 5814 τούναντίον
2736 5757 2790 5811 δὲ
2825 5756 2985 5821 αὐτὸς
3017 5755 3377 5826 τυπτόμενος,
3413 5754 3512 5808 οὐκ
3542 5750 3689 5806 ἀντὲ·
