3766 6198
41 294 166 357 769

878 286 1283 349 SYNTAGMA
1323 277 1721 346 CANONUM.
1750 302 1820 312 —
1848 278 2000 339 TIT.
2042 277 2148 351 IX,
2185 277 2348 341 CAP.
2389 278 2601 341 XXVI.

3264 278 3369 344 770

41 426 235 464 τυπτε
268 424 282 437 ·
324 403 757 479 λοιδορούμενος,
810 402 911 458 ούκ
952 401 1314 471 ἀντελοιδόρει
1339 418 1353 432 ·
1414 399 1636 469 πάσχων

1854 410 1869 459 ;
1922 392 2229 448 maledictis
2283 393 2581 463 appetitus,
2645 392 2937 449 maledicta
2981 408 3088 448 non
3148 394 3364 462 retulit;

41 502 157 553 οὐκ
189 498 428 569 ἠπείλει.

124 591 243 659 ξς’.
279 592 347 645 El
366 607 449 653 τις
502 587 767 660 κληρικδς
802 588 862 640 ἐν
907 583 1059 658 μάχῃ
1108 582 1233 636 τινά
1282 579 1525 651 κρούσει,
1572 576 1665 633 καὶ

39 687 164 740 ἀπὸ
222 685 318 739 τοῦ
374 684 492 747 ἐνὸς
542 682 890 753 κρούσματος
931 678 1265 738 ἀποκτείνει,
1295 672 1666 745 καθαιρείσθω

38 777 140 832 διὰ
171 778 278 850 τὴν
312 776 643 848 προπέτειαν
699 772 867 829 αὑτοῦ
889 787 905 803 ⁸
959 771 1057 825 ἐάν
1095 768 1153 823 δὲ
1184 766 1373 831 λαῖκδς
1415 764 1471 839 ᾖ,
1529 765 1665 834 ἀφο-

45 871 322 942 ριζέσθω.

40 965 341 1020 Συνόδου
395 962 447 1018 α’
483 963 581 1017 καί
620 962 679 1027 β’
732 958 1255 1030 συγκροτηθείσης
1319 955 1389 1009 ἐν
1422 952 1502 1019 τῷ
1532 950 1662 1030 κᾳῷ

122 1036 257 1089 τῶν
284 1037 495 1103 Ἀγίων
519 1025 907 1088 Ἀποστόλωκ
930 1034 1000 1086 ἐν
1019 1025 1666 1083 Κωνσταντινουπόλει

122 1107 338 1160 κανὼν
362 1106 427 1159 θ’.

123 1196 200 1252 θ’.
227 1196 335 1250 Τοῦ
374 1192 734 1251 ἀποστολικοῦ
765 1193 861 1248 καὶ
900 1192 1045 1247 θείου
1073 1191 1315 1255 κανόνος,
1345 1193 1471 1254 τοὺς
1502 1190 1667 1262 ἱερεῖς

40 1288 292 1343 τύπτειν
338 1288 755 1360 ἐπιχειροῦντας
816 1285 1044 1349 πιστοὺς
1113 1285 1581 1355 ἁμαρτήσαντας,
1630 1284 1663 1355 ἢ

41 1384 331 1446 ἀπίστους
418 1381 832 1451 ἀδικήσαντας,
920 1378 1239 1449 καθαιρέσει
1316 1376 1666 1430 καθυποϐἁλ-

42 1475 272 1540 λοντος,
314 1474 364 1525 οἱ
407 1471 498 1525 τὸν
543 1473 744 1525 οἰκεῖον
789 1468 1229 1540 ἀποθεραπεύειν
1280 1468 1665 1539 μηχανώμενοι

43 1566 260 1636 θυμὸν,
300 1564 522 1628 καὶτὰς
579 1560 940 1627 ἀποπολικάς
975 1560 1248 1623 διατάξεις
1305 1561 1667 1631 παραχαράτ-

42 1679 270 1727 τοντες,
294 1662 422 1725 τοὺς
456 1658 774 1731 αὐτοχειρία
803 1658 1027 1711 τύπτειν
1053 1656 1494 1727 ἐπιχειροῦντας,
1529 1656 1664 1721 ἐξει-

1769 485 2003 555 patiens,
2038 500 2147 540 non
2182 486 2427 542 minatus
2456 495 2561 541 est.

1840 575 1910 631 66
1943 575 2079 649 [64].
2123 577 2179 633 Si
2214 579 2342 648 quis
2376 578 2613 635 clericus
2642 577 2695 633 iu
2729 594 2910 649 pugna
2958 579 3232 650 pulsatum
3263 579 3370 633 ali-

1768 685 2083 742 quemuno
2144 670 2252 725 ictu
2287 670 2572 737 occiderit,
2607 671 2911 740 deponatur
2948 681 3169 743 propter
3203 688 3363 727 suam

1768 760 2165 831 proclivitatem
2201 768 2255 816 et
2291 760 2691 827 temeritatem;
2729 760 2775 815 si
2818 761 2992 816 laicus
3026 771 3364 833 scgrcgetur.

1771 946 2000 1003 Concilii
2050 946 2210 1016 primi
2265 956 2315 1001 et
2375 947 2594 1001 secundi
2648 946 3108 1015 Constantinopoli
3158 950 3212 1002 in
3254 947 3366 1003 (vde

2065 1016 2389 1073 Sanctorum
2414 1018 2790 1087 Apostolorum
2821 1034 2991 1072 canon
3026 1018 3079 1073 9.

1839 1199 1892 1253 9.
1932 1198 2069 1254 Cum
2094 1199 2431 1270 apostolicus
2461 1206 2514 1255 et
2549 1213 2706 1255 sacer
2738 1214 2912 1254 canon
2970 1200 3362 1267 sacerdotes”,

1768 1288 1862 1357 qui
1894 1290 2184 1342 verberare
2218 1287 2380 1357 293
2412 1288 2809 1357 aggrediuntur
2838 1327 2853 1349 ,
2897 1286 2979 1340 vel
3031 1288 3234 1353 ﬁdeles,
3270 1289 3366 1359 qui

1769 1393 2090 1455 peccarunt,
2126 1384 2209 1437 vel
2246 1384 2495 1437 inlideles
2522 1382 2615 1451 qui
2656 1380 2917 1451 injuriam
2950 1381 3219 1447 fecerunt,
3271 1383 3367 1436 de-

1768 1475 2031 1546 positioni
2064 1474 2321 1543 subjiciat
2361 1493 2373 1529 :
2408 1475 2445 1529 ii
2476 1476 2569 1545 qui
2600 1489 2717 1528 sua:
2761 1474 2855 1529 irae
2890 1473 3094 1527 mederi
3122 1474 3366 1529 moliun-

1772 1572 1879 1630 tur,
1932 1575 1986 1619 et
2028 1565 2361 1635 apostolicas
2405 1565 2830 1619 constitutiones
2885 1565 3234 1634 detorquent,
3269 1581 3366 1620 eos

1770 1658 2177 1722 intellexerunt,
2201 1657 2295 1728 qui
2328 1673 2427 1712 sua
2468 1673 2633 1711 manu
2679 1658 2990 1723 verberant,
3024 1674 3124 1712 nec
3153 1672 3368 1713 canone

42 1750 271 1817 λήφασι
299 1765 313 1777 ο
368 1750 505 1820 μήτε
564 1747 658 1802 τοῦ
713 1747 936 1807 κανόνος
975 1745 1139 1815 μηδὲν
1173 1745 1419 1799 τοιοῦτον
1447 1747 1636 1816 ὑποσηι

1842 1765 1872 1805 e
1908 1750 2041 1819 quid
2074 1750 2437 1821 signilicante,
2478 1764 2578 1803 nec
2622 1757 2770 1803 recta
2816 1750 3028 1804 ratione
3060 1750 3162 1804 hoc
3199 1751 3363 1805 intel-

48 1841 376 1909 μαίνοντος,
405 1843 546 1910 μήτε
574 1839 665 1893 τοῦ
694 1838 858 1911 ὀρθοῦ
888 1839 1051 1907 λόγου
1087 1840 1247 1893 τοῦτο
1270 1842 1408 1892 νοεῖν
1443 1840 1663 1909 ἐπιτρέ-

45 1951 262 1997 ποντος
282 1950 300 1966 ο
341 1934 570 2005 μάταιον
587 1934 695 2003 γὰρ
719 1932 796 1994 ὡς
818 1931 1035 2003 ἀληθῶς
1070 1934 1163 1986 καὶ
1192 1932 1309 1986 λίαν
1336 1931 1661 2001 ἐπισφαλὲς,

44 2028 154 2080 τὸν
188 2026 507 2098 αὐτοχειρίᾳ
549 2025 647 2097 μὲν
687 2027 745 2079 ἐν
793 2024 871 2096 τῷ
912 2026 1138 2079 τύπτειν
1171 2025 1293 2097 τρὶς
1332 2025 1365 2096 ἢ
1405 2025 1664 2096 τετράκις

44 2118 369 2190 πλήξαντα,
397 2118 775 2190 καθαιρεῖσθαι
805 2135 820 2151 ο
846 2119 1029 2182 ἀδείας
1053 2119 1109 2173 δὲ
1138 2118 1420 2189 διδομένης
1439 2117 1665 2172 τύπτειν

40 2212 122 2277 ἐξ
162 2214 565 2284 ἐπιτάγματος,
596 2213 687 2267 τὸν
711 2211 939 2283 ἀπηνῶς
972 2212 1066 2265 καὶ
1100 2212 1264 2282 μέχρι
1304 2212 1538 2265 θανάτου
1563 2213 1663 2284 τὴν

44 2308 341 2379 τιμωρίαν
407 2307 735 2373 ἐπαύξοντα,
820 2305 1169 2377 παρορᾶσθαι
1260 2304 1610 2377 ἀτιμώρητον
1644 2322 1661 2339 ·

46 2402 259 2471 διόπερ
290 2399 383 2454 τοῦ
417 2400 643 2464 κανόνος
695 2401 757 2454 τὸ
808 2399 1035 2453 τύπτειν
1082 2399 1271 2463 ἁπλῶς
1320 2399 1661 2467 κολάζοντος,

50 2493 161 2546 καὶ
200 2494 368 2564 ἡμεῖς
422 2490 567 2545 οὕτω
620 2490 1087 2562 συμψηφιζόμεθα
1116 2504 1130 2523 ⁸
1167 2492 1275 2561 χρὴ
1302 2490 1412 2562 γάρ
1440 2492 1531 2545 τὸν
1567 2491 1662 2545 τοῦ

46 2584 205 2637 θεοῦ
262 2585 436 2655 ἱερέα,
491 2583 585 2637 καὶ
628 2583 1001 2647 διδασκαλίαις
1035 2584 1129 2638 καὶ
1155 2584 1486 2649 νουθεσίαις,
1547 2586 1662 2638 ἔσθ’

50 2676 153 2728 ὅτε
214 2674 274 2727 δὲ
323 2676 416 2728 καὶ
471 2676 584 2737 τοῖς
636 2674 1112 2745 ἐκκλησιαστικοῖς
1183 2675 1502 2744 ἐπιτιμίοις,
1574 2676 1665 2730 τὸν

58 2765 414 2819 ἀτακτοῦντα
468 2766 840 2834 παιδαγωγεῖν
876 2782 893 2798 ⁸
948 2767 1086 2821 ἀλλά
1146 2768 1220 2838 μὴ
1270 2772 1392 2831 ταῖς
1447 2769 1665 2839 μάστιξι

57 2859 160 2911 καὶ
192 2859 314 2921 ταῖς
344 2857 601 2929 πληγαῖς,
624 2858 704 2921 είς
726 2858 796 2912 τά
823 2857 931 2912 τῶν
958 2858 1262 2930 ἀνθρώπων
1288 2861 1519 2931 σώματα
1543 2862 1665 2915 ἐπι.-

58 2950 249 3022 πηδᾷν
278 2963 292 2975 ·
321 2952 373 3003 εί
402 2950 458 3002 δέ
486 2967 631 3014 τινες
661 2946 771 3004 εἷεν
800 2950 1082 3014 παντελῶς
1123 2952 1661 3020 ἀνυποτακτοῦντες,

56 3049 158 3101 καὶ
179 3045 264 3117 τῷ
315 3045 683 3118 σωφρονισμῷ
733 3045 845 3098 τῶν
879 3045 1175 3117 ἐπιτιμίων
1214 3046 1288 3117 μὴ
1321 3047 1662 3113 ὑπείκοντες,

52 3140 295 3203 τούτους
327 3138 416 3192 διὰ
440 3138 542 3207 τῆς
571 3137 709 3210 πρὸς
736 3139 865 3201 τοὺς
911 3138 1055 3192 κατά
1080 3137 1172 3192 τὸν
1200 3139 1368 3192 τόπον
1396 3141 1665 3209 ἄρχοντας

50 3233 407 3304 ἐγκλήσεως,
452 3231 625 3295 οὐδεὶς
654 3230 853 3285 κωλύει
891 3230 1325 3301 σωφρονίζεσθαι.
1351 3249 1365 3262 ο
1413 3233 1503 3285 καὶ
1559 3234 1669 3302 γὰρ

53 3326 211 3379 καὶὸ
264 3324 366 3393 τῆς
419 3323 478 3376 ἐν
527 3322 828 3393 Ἀντιοχείᾳ
859 3321 1079 3375 συνόδου
1144 3322 1394 3392 πέμπτος
1453 3322 1664 3391 κανὼν,

52 3420 193 3481 τοὺς
226 3414 595 3485 θορυϐοῦντας
631 3416 724 3467 καὶ
753 3414 970 3477 στάσεις
998 3416 1064 3484 τῇ
1106 3413 1405 3486 Ἐκκλησία
1436 3431 1664 3485 παρεισ-

54 3513 324 3580 άγοντας,
345 3508 436 3563 διά
463 3508 563 3579 τῆς
620 3504 821 3573 ἔξωθεν
852 3505 1037 3578 χειρὸς
1070 3506 1386 3560 ἐκανόνισεν
1417 3508 1668 3578 ἐπιστρέ-

53 3605 289 3676 φεσθαι.

528 3697 855 3751 Βασιλείου
887 3696 1089 3751 κανὼν
1119 3703 1213 3750 νε’.

136 3798 238 3846 νε’.
263 3790 328 3844 Οί
351 3789 466 3854 τοῖς
490 3788 716 3861 λῃσταῖς
742 3790 1179 3857 ἀντεπεξιόντες,
1216 3788 1323 3854 ἔξω
1357 3788 1460 3860 μὲν
1490 3787 1665 3854 ὄντες,

54 3888 167 3959 τῆς
195 3887 485 3950 κοινωνίας
541 3887 818 3955 εἴργονται
864 3886 958 3940 τοῦ
1017 3885 1229 3956 ἀγαθοῦ
1254 3903 1268 3917 ’
1310 3886 1566 3958 κληρικοὶ
1608 3888 1667 3942 δέ

55 3981 241 4045 ὄντες,
274 3978 369 4033 τοῦ
410 3978 620 4051 βαθμοῦ
653 3979 1075 4051 καθαιροῦνται·
1108 3978 1236 4047 Πᾶς
1263 3979 1397 4049 γάρ,
1431 3983 1669 4053 φησὶν,ό

54 4074 272 4129 ,λαϐὼν
290 4071 612 4144 μάχαιραν,
654 4074 725 4127 ἐν
770 4075 1040 4143 μαχαίρᾳ
1083 4074 1486 4130 ἀποθανεῖται.

144 4166 214 4220 Ἦ
250 4167 294 4237 β’
332 4166 573 4233 διάταξις
622 4166 718 4219 τοῦ
760 4172 809 4219 α’
841 4166 948 4219 τίτ.
986 4166 1097 4219 τῶν
1149 4165 1404 4237 Νεαρῶν,
1455 4167 1668 4235 ἀπαγο-

61 4260 220 4333 ρεύει
262 4258 363 4328 μὲν
385 4261 499 4320 τοῖς
528 4257 852 4321 ἐπισκόποις
895 4256 1154 4329 πλήττειν
1180 4259 1368 4328 χερσὶν
1395 4258 1625 4323 οἰκείαις
1649 4277 1665 4293 ο

56 4354 165 4424 οὐχ
202 4352 377 4421 ὥρισε
407 4352 466 4405 δὲ.
497 4351 690 4421 ποινήν
720 4366 733 4380 ·
773 4350 1012 4419 γενικῶς
1068 4350 1124 4403 δὲ
1175 4351 1306 4421 περὶ
1343 4352 1546 4415 παντὸς
1576 4352 1668 4403 τύ-

1765 1841 1930 1911 ligere
2003 1842 2375 1912 permittente.
2440 1840 2659 1895 Etenim
2715 1858 2906 1895 revera
2963 1843 3251 1909 ineptum,
3312 1852 3368 1897 et

1764 1933 1923 1989 valde
1954 1933 2252 1999 lubricum,
2305 1934 2488 2003 utqui
2529 1950 2626 1989 sua
2669 1934 2890 2004 quidem
2935 1950 3101 1988 manu
3144 1945 3245 2000 ter,
3281 1936 3365 1990 vel

1764 2034 1960 2095 quater
1992 2027 2349 2096 percusserit,
2368 2026 2699 2096 deponatur,
2732 2027 2858 2081 data
2890 2035 3071 2082 autem
3105 2026 3367 2084 facultate

1761 2118 1922 2187 jussu
1955 2119 2304 2183 verberandi,
2342 2133 2466 2174 eum
2500 2120 2593 2189 qui
2623 2119 2959 2183 immaniter,
2993 2130 3048 2174 et
3089 2138 3263 2191 usque
3297 2124 3365 2177 ad

1766 2222 2000 2266 mortem
2059 2213 2392 2282 supplicium
2464 2211 2779 2266 indicturus
2850 2221 2959 2277 est,
3032 2215 3254 2283 impune
3309 2216 3365 2269 id

1766 2302 1909 2359 ferre
1939 2305 2153 2376 negligi.
2190 2304 2558 2372 Quamobrem
2607 2320 2817 2359 canone
2858 2306 3035 2375 ipsum
3074 2308 3366 2364 verberare

1767 2398 2020 2452 absolute
2075 2397 2358 2467 puniente,
2411 2413 2513 2451 nos
2564 2412 2786 2467 quoque
2828 2398 2991 2451 simul
3038 2415 3161 2453 cum
3194 2415 3259 2453 eo
3290 2401 3364 2455 ita

1766 2491 2133 2545 decernimus.
2161 2491 2387 2560 Oportet
2434 2491 2581 2545 enim
2637 2490 2729 2544 Dei
2769 2492 3111 2546 sacerdotem
3151 2493 3365 2548 doctri-

1766 2582 1872 2644 nis,
1932 2590 1986 2635 et
2044 2582 2552 2645 admonitionibus,
2611 2596 3008 2651 nonnunquam
3076 2594 3257 2638 autem
3311 2595 3367 2639 et

1767 2675 1945 2743 pinnis
1984 2676 2271 2730 canonicis
2317 2690 2441 2729 eum
2476 2676 2664 2744 quise
2714 2676 3037 2731 immodeste
3094 2689 3148 2731 et
3214 2678 3364 2733 inso-

1768 2768 1941 2822 lenter
1970 2768 2130 2837 gerit,
2168 2768 2477 2831 instituere,
2506 2768 2599 2822 sed
2645 2783 2755 2822 non
2796 2767 3046 2837 ﬂagellis,
3087 2780 3141 2824 et
3171 2771 3363 2826 verbcc

1766 2860 1919 2915 ribus
1951 2860 2005 2914 in
2039 2862 2331 2915 hominum
2372 2876 2606 2931 corpora
2642 2862 2931 2916 insultare.
2962 2860 3020 2917 Si
3058 2863 3150 2932 qui
3182 2875 3362 2919 autem

1767 2963 1895 3009 sunt
1954 2970 2162 3010 morem
2209 2954 2438 3009 omnino
2494 2970 2602 3009 non
2656 2965 2926 3025 gerentes,
2980 2964 3035 3009 et
3071 2970 3359 3026 primarum

1767 3048 2097 3103 correctioni
2152 3063 2262 3103 non
2318 3048 2598 3113 cedentes,
2631 3062 2727 3103 eos
2780 3063 2878 3119 per
2913 3050 3253 3105 vocationem
3295 3050 3365 3103 ad

1769 3140 1889 3210 ejus
1954 3139 2056 3195 loci
2113 3140 2469 3209 magistratus
2537 3153 2697 3192 nemo
2763 3138 3021 3210 castigari
3087 3140 3361 3210 prohibet.

1768 3232 2121 3289 Antiochense
2150 3234 2298 3289 enim
2340 3233 2534 3304 synodi
2567 3247 2743 3288 canon
2773 3233 2828 3298 5,
2856 3248 3062 3304 eosque
3097 3233 3380 3289 tumultus'

1769 3330 2012 3384 excitant
2037 3337 2092 3383 et
2122 3328 2422 3383 seditiones
2477 3328 2529 3380 in
2563 3325 2811 3382 Ecclesia
2847 3326 3228 3395 introducunt,
3266 3342 3365 3398 per

1770 3436 1999 3477 manum
2036 3429 2317 3478 externam
2348 3420 2594 3476 converti
2624 3431 2881 3491 oportere
2908 3420 3122 3475 statuit.

2306 3680 2501 3736 Basilii
2529 3697 2702 3735 canon
2733 3679 2821 3735 55.

1841 3776 1931 3831 55.
1969 3774 2073 3842 Qui
2114 3775 2169 3829 in
2210 3774 2453 3829 latrones
2486 3790 2552 3829 ex
2587 3774 2821 3829 adverso
2852 3771 3130 3837 feruntur,
3166 3772 3214 3827 si
3248 3773 3361 3827 sint

1770 3869 1991 3940 quidem
2022 3868 2168 3933 laici,
2203 3882 2232 3921 a
2259 3868 2386 3923 boni
2415 3868 2807 3922 communione
2832 3878 3127 3933 arcentur;
3161 3867 3206 3920 si
3235 3882 3363 3921 vero

1771 3962 1978 4025 clerici,
2014 3976 2045 4015 a
2072 3960 2242 4035 gradu
2283 3959 2638 4028 dejiciuntur.
2674 3958 2927 4028 Quisquis
2950 3959 3111 4023 enim,
3143 3958 3343 4026 inquit,

1770 4056 2011 4129 gladium
2037 4055 2262 4123 accepit,
2292 4053 2473 4124 gladio
2500 4052 2714 4123 peribit.

1844 4149 2062 4204 Textus.
2096 4147 2332 4203 Constit.
2378 4146 2443 4211 2,
2480 4147 2564 4199 tit.
2606 4145 2632 4198 1
2683 4141 3033 4197 Novellarum
3086 4140 3364 4210 episcopis

1770 4242 1991 4313 quidem
2054 4240 2312 4294 manibus
2367 4238 2481 4293 suis
2537 4244 2823 4307 percutere
2882 4234 3136 4304 prohibet
3189 4252 3201 4287 :
3268 4234 3363 4289 sed

1771 4335 1937 4408 294
1989 4350 2210 4405 poenam
2264 4348 2373 4386 non
2421 4331 2633 4385 deﬁnit.
2676 4329 3019 4385 Generaliter
3064 4336 3247 4381 autem
3296 4327 3365 4382 de

60 4418 297 4508 πτοντος
353 4418 811 4515 ἢύὸρίζοντος,ό
864 4443 1146 4506 πολιτικὸς
1197 4418 1424 4513 διορίζει
1454 4444 1617 4517 νόμος

1850 4444 2104 4499 ocunqne
2143 4428 2234 4497 qui
2281 4425 2531 4480 verberat
2569 4422 2652 4477 vel
2699 4420 2953 4491 injuriam
3000 4419 3152 4484 facit,
3186 4418 3366 4476 civilis

60 4538 213 4610 βιόλ.
254 4535 363 4607 μξ,
399 4535 506 4590 τίτ.
544 4533 593 4599 ι’,
627 4534 808 4589 κανὼν
836 4533 979 4604 βιϐλ.
1018 4534 1062 4587 θ’
1098 4532 1193 4586 τοῦ
1215 4532 1347 4589 κώδ.
1388 4533 1497 4588 τίτ.
1532 4532 1601 4599 α’,
1639 4536 1667 4588 ὀ

57 4629 245 4691 διδοὺς
304 4626 426 4682 κατ’
448 4627 628 4681 αὐτῶν
656 4627 755 4697 τὴν
792 4626 920 4697 περὶ
958 4625 1170 4697 ὕϐρεως
1203 4624 1460 4697 ἀγωγὴν,
1491 4626 1526 4697 ἧ
1580 4644 1666 4691 τις

58 4723 161 4775 καί
187 4720 554 4791 χρηματικῶς
590 4721 819 4774 κινεῖται
853 4719 949 4772 καὶ
968 4718 1414 4788 ἐγκληματικῶς,
1446 4719 1666 4789 γραφῆς

60 4814 494 4886 ἁποτιθεμένης,
538 4814 632 4867 καὶ
652 4810 880 4882 διορίζει
910 4811 1037 4864 ποία
1066 4812 1184 4863 ἐστὶ
1212 4813 1446 4881 τραχεῖα
1477 4808 1662 4882 ὕϐρις,

60 4910 197 4965 ποία
227 4910 285 4963 δὲ
316 4908 529 4978 ἐλαφρά
560 4920 575 4936 ⁶
608 4906 738 4976 περὶ
770 4904 827 4958 δέ
852 4905 1031 4975 φόνων
1051 4902 1410 4972 διαλαμϐάνει
1432 4905 1461 4956 ό
1487 4902 1663 4973 η’τίτ.

58 5002 159 5059 τοῦ
194 5000 288 5073 μη⁹
328 5000 469 5072 βιόλ.
516 5000 613 5053 καὶ
657 5001 687 5052 ὁ
746 4998 821 5061 ις’
854 4995 960 5050 τίτ.
995 4994 1091 5049 τοῦ
1128 4995 1173 5049 θ’
1207 4995 1350 5066 sior.
1385 4994 1479 5049 τοῦ
1530 4996 1661 5052 κώδ.

60 5095 311 5148 Γίνωσκε
338 5091 395 5145 δὲ
425 5092 511 5145 ὅτι
530 5092 558 5144 ό
581 5089 741 5160 φόνος
776 5087 885 5142 ἀπὸ
910 5087 1011 5157 τῆς
1036 5086 1331 5149 διαθέσεως
1353 5090 1661 5153 σκοπεῖται,

60 5187 113 5239 εὶ
148 5186 355 5239 σκοπὸν
385 5182 510 5253 ἔσχε
542 5180 803 5251 φονεῦσαι
828 5196 843 5210 °
890 5180 1014 5232 ὅθεν
1039 5178 1188 5232 ἔστιν
1212 5178 1423 5249 εὑρεῖν,
1450 5179 1532 5231 ὅτι
1567 5178 1662 5232 καὶ

62 5284 91 5336 ὁ
120 5278 337 5350 πλήξας
391 5276 514 5347 μὲν,
577 5274 657 5346 μὴ
699 5274 968 5342 φονεύσας
1014 5271 1106 5337 δέ,
1144 5272 1221 5334 ὠς
1249 5273 1445 5340 φονεὺς
1489 5288 1663 5341 τιμω-

62 5378 245 5447 ρεῖται
278 5387 293 5403 ο
325 5369 420 5424 καὶ
451 5369 479 5421 ὁ
537 5366 806 5437 φονεύσας
838 5366 898 5419 ού
952 5366 1280 5435 τιμωρεῖται
1328 5364 1403 5427 ὡς
1442 5366 1657 5433 φονεὺς,

64 5467 161 5521 ἐάν
195 5463 359 5535 μόνον
407 5460 644 5533 ἠθέλησε
693 5458 900 5527 πλῆξαι
936 5475 948 5488 ·
985 5459 1018 5527 ἡ
1054 5456 1110 5510 δὲ
1148 5455 1371 5527 τοιαύτη
1419 5456 1660 5520 διάθεσις

67 5556 352 5611 σκοπεὶται
378 5552 489 5607 ἀπὸ
521 5550 617 5605 τοῦ
640 5551 944 5621 πλήξαντος
986 5547 1222 5619 ὀργάνου
1257 5564 1270 5579 ο
1296 5549 1390 5601 καὶ⁴
1417 5548 1535 5601 ἐστι
1563 5547 1658 5601 τοῦ

71 5649 169 5719 μὲν
210 5644 467 5701 ἑκουσίου
514 5645 701 5714 φόνου,
763 5642 857 5695 ἐπὶ
898 5640 1000 5712 μὲν
1024 5640 1246 5712 ἐντίμου
1275 5639 1655 5709 φονεύσαντος,

67 5737 436 5812 δεπορτατίων
462 5734 558 5790 καὶ
585 5735 767 5789 τελεία
804 5734 1071 5805 δήμευσις
1094 5749 1107 5765 ο
1139 5732 1230 5786 ἐπὶ
1276 5731 1332 5785 δὲ
1361 5732 1470 5803 τῶν
1500 5732 1655 5785 εὐτε-

1773 4524 1854 4577 lex
1897 4522 2118 4587 statuit,
2152 4520 2244 4573 lib.
2280 4532 2461 4577 XLVII.
2491 4516 2573 4570 tit.
2608 4513 2705 4581 10;
2751 4513 2846 4568 lib.
2880 4527 2965 4577 Ix,
2994 4512 3076 4566 tit.
3104 4511 3206 4576 '55,
3238 4511 3365 4565 cod.

1770 4618 1910 4674 dans
1972 4615 2235 4671 adversus
2298 4611 2422 4665 illos
2482 4607 2810 4679 injuriarum
2873 4604 3185 4665 actionem,
3240 4616 3364 4672 quae

1768 4710 2017 4781 deposita
2048 4707 2321 4775 scriptura
2353 4713 2466 4758 tum
2495 4699 2813 4771 pecunarie,
2856 4706 2966 4751 tum
3002 4696 3363 4750 criminaliler

1771 4802 2099 4858 instituitur.
2125 4798 2257 4866 Quae
2280 4797 2445 4852 etiam
2471 4792 2605 4867 [lex]
2632 4789 2942 4861 cujusmodi
2975 4788 3175 4858 injuria
3202 4794 3362 4841 atrox

1767 4894 1874 4958 sit,
1921 4889 2231 4960 cuiusmodi
2288 4887 2460 4951 levis,
2518 4883 2866 4939 determinat.
2927 4878 3003 4934 De
3067 4876 3359 4932 homicidia

1769 4997 1953 5042 autem
1992 4994 2187 5039 tractat
2234 4982 2323 5035 tit.
2359 4981 2412 5046 1,
2444 4978 2540 5032 lib.
2573 4991 2766 5041 xum,
2799 4981 2853 5028 et
2886 4967 3027 5043 [tit.]
3058 4970 3141 5033 16,
3171 4968 3264 5022 lib.
3302 4982 3355 5020 Ix

1766 5079 1889 5135 cod.
1916 5077 2071 5134 Scias
2100 5090 2253 5141 vero,
2280 5070 2427 5143 quod
2455 5067 2813 5124 homicidium
2844 5079 2909 5117 ex
2943 5062 3136 5116 allectu
3168 5059 3356 5114 consi-

1764 5173 2008 5227 deretur.
2056 5167 2212 5223 Unde
2261 5162 2505 5219 invenire
2554 5167 2670 5226 est,
2713 5156 2857 5229 quod
2911 5154 3003 5225 qui
3056 5152 3356 5223 percussit,

1764 5266 1981 5322 tametsi
2018 5279 2123 5318 non
2155 5260 2392 5322 occidit,
2423 5263 2481 5310 ut
2518 5253 2790 5309 homicida
2828 5257 3009 5302 tamen
3047 5247 3303 5316 puniatur
3340 5262 3355 5299 :

1762 5366 1816 5414 et
1855 5357 1947 5427 qui
1991 5352 2223 5415 occidit,
2255 5349 2422 5405 modo
2465 5356 2681 5402 tantum
2730 5348 3014 5412 percutere
3057 5337 3261 5401 voluit,
3298 5346 3357 5391 ut

1762 5449 2038 5517 homicida
2072 5462 2179 5501 non
2207 5443 2492 5515 puniatur.
2518 5439 2696 5508 Atque
2740 5431 3047 5489 istiusmodi
3083 5428 3352 5503 [quidem]

1762 5544 1992 5599 aﬂ‘cctus
2021 5556 2087 5596 ex
2120 5540 2509 5599 instrumento,
2540 5547 2652 5601 quo
2683 5541 3001 5599 percussum
3035 5536 3143 5588 est,
3170 5524 3355 5578 consi.

1761 5640 2004 5694 deratnr.
2053 5635 2325 5691 Caeterum
2388 5624 2681 5684 voluntarii
2738 5618 3022 5675 homicidii
3081 5633 3240 5686 poena
3298 5617 3351 5671 in

1763 5731 2010 5788 honestis
2041 5736 2124 5785 est
2154 5722 2483 5796 deportatio,
2515 5729 2569 5777 et
2600 5715 2846 5773 omnium
2879 5714 3150 5770 bonorum
3174 5709 3354 5782 publi-
