3912 6244
415 344 514 410 771
1580 340 1849 401 PHOTII
1888 340 1960 401 ΡΑ

2131 341 2397 404 ABCH/E
2434 343 2545 404 (ΣΡ.
3586 354 3676 419 772

415 458 565 513 catio
593 474 607 513 :
644 456 696 510 in
733 450 1055 521 humilibus,
1079 460 1138 507 ut
1163 450 1346 523 gladio
1373 458 1427 505 ct
1451 448 1643 505 bestiis
1671 449 1960 504 tradantur

2126 453 2240 517 κῶν,
2270 451 2413 523 ξίφει
2437 452 2531 509 καὶ
2549 453 2761 528 θηρίοις
2791 453 3166 528 ὑποϐληθῆναι
3191 473 3206 490 ·
3231 458 3325 513 ἐπὶ
3352 459 3519 517 δὲτοῦ
3543 470 3671 522 κατά

415 551 471 605 in
509 564 573 603 eo
603 548 695 619 qui
728 563 822 616 per
855 545 1241 617 negligentiam
1277 544 1395 600 sive
1429 542 1743 599 socordiam
1784 542 1959 598 occidi

2129 545 2377 601 Βλακείαν
2446 547 2616 618 ἤγουν
2674 548 2939 620 ἀμέλειαν
3000 548 3346 619 φονεύοντος,
3400 559 3674 632 πενταέτης

415 639 829 712 quinquennale
874 638 1153 694 exsilium.
1199 635 1257 691 In
1300 651 1409 691 non
1458 634 1776 690 Voluntario
1825 643 1960 689 autei

2130 640 2326 712 1:550pr
2362 639 2458 693 ἐπὶ
2494 640 2553 693 δὲ
2613 640 2708 694 τοῦ
2759 641 3046 705 ἀκουσίου,
3101 642 3397 717 συγγνώμη
3452 646 3675 705 δίδοται·

414 736 575 789 venia
607 733 790 788 datur.
818 732 958 787 Cum
988 730 1157 802 igitur
1178 729 1245 785 de
1276 727 1575 785 homicidio
1600 741 1838 798 quaeres,
1866 728 1959 798 leg:

2131 732 2295 804 ζητῶν
2319 727 2414 786 οὗν
2452 732 2581 802 περὶ
2616 732 2793 801 φόνων
2814 773 2830 797 ,
2866 732 3208 803 ἀναγίνωσκε
3226 735 3353 800 τοὺς
3374 736 3676 809 εἰρημένους

415 828 596 884 dictos
643 827 833 883 titulos
880 841 1004 881 cum
1056 826 1302 895 ipsorum
1348 822 1639 893 paratitlis.
1674 821 1888 877 Dictum
1931 835 1960 875 e

2138 827 2220 880 :lr.
2257 826 2353 879 σὺν
2376 828 2490 891 τοῖς
2518 825 2699 880 αὐτῶν
2728 827 3102 899 παρατίτλοις.
3152 828 3384 902 Εἴρηται
3402 831 3458 885 δὲ
3476 836 3683 902 γενικῶς

415 928 598 974 autem
643 916 969 988 generaliter
1009 914 1105 970 lib.
1136 930 1296 978 mn,
1328 914 1411 968 tit.
1440 912 1529 978 l9,
1558 912 1755 983 digest.
1785 911 1838 977 5,
1867 927 1958 981 qui

2142 917 2261 973 lt67t.
2313 924 2429 990 μη¹,
2471 917 2578 974 τίτ.
2636 919 2722 986 ιϐ’,
2754 920 2864 989 δίγ.
2896 917 2959 987 ε’,
2990 921 3072 974 ὅτι
3106 923 3165 976 ὲν
3195 924 3332 976 πᾶσι
3369 926 3480 989 τοῖς
3509 928 3687 1001 ἐγκλή-

414 1012 470 1068 in
496 1012 755 1068 omnibus
780 1011 1107 1065 criminibus
1135 1009 1305 1079 qumri
1334 1016 1622 1079 oporteat,
1654 1006 1959 1063 consultont

2141 1028 2253 1064 ιασι
2308 1012 2391 1064 δεῖ
2447 1011 2652 1083 ζητεῖν,
2699 1014 2764 1066 ἐκ
2817 1015 3078 1086 προνοίας
3138 1012 3291 1087 τίςῆ
3347 1019 3486 1073 κατά
3533 1020 3686 1092 τύχην

418 1122 488 1161 an
526 1122 660 1162 casu
704 1103 961 1177 [aliquid]
1005 1103 1309 1158 admissum
1362 1102 1465 1166 sit,
1497 1112 1662 1170 atque
1700 1100 1775 1154 ita
1816 1107 1912 1154 aut
1946 1114 1963 1153 ι

2145 1120 2355 1175 ιμαρτε,
2386 1104 2481 1157 καὶ
2518 1102 2693 1168 οὕτως
2722 1103 2755 1175 ἢ
2804 1104 2942 1176 πρὸς
2977 1106 3069 1160 τὸν
3120 1106 3305 1178 νόμον,
3335 1107 3369 1178 ἢ
3397 1109 3690 1182 πραοτέραν

418 1198 591 1269 legem
636 1206 732 1251 aut
768 1196 1041 1251 mitiorem
1084 1206 1306 1266 postiam
1347 1193 1559 1249 inferri.
1594 1193 1659 1247 Et
1693 1192 1890 1262 digest.
1923 1190 1963 1243 l

2145 1197 2387 1268 λιμωρίαν
2411 1198 2699 1271 ἐπιφέρειν
2729 1214 2744 1230 ο
2777 1201 2876 1254 καὶ
2928 1198 3038 1269 δίγ.
3086 1206 3188 1268 ια’,
3239 1201 3376 1273 ὅτιῆ
3419 1202 3524 1256 ἀπὸ
3566 1221 3690 1273 προ-

421 1289 570 1360 quod
600 1288 804 1358 aliquis
835 1288 1121 1359 delinquat
1142 1297 1237 1343 aut
1266 1287 1569 1359 prOposito,
1599 1295 1656 1339 ut
1689 1283 1784 1356 qui
1825 1283 1966 1339 factit

2149 1290 2608 1368 olacﬁuaptdvet
2634 1308 2720 1354 τις
2748 1332 2762 1357 ,
2791 1290 2870 1357 ὡς
2892 1292 2920 1344 ὀ
2958 1293 3195 1363 φατρίαν
3231 1295 3498 1348 συνιστῶν
3530 1310 3545 1327 ⁸
3570 1295 3602 1367 ἢ
3642 1297 3694 1362 ἐξ

417 1398 541 1438 nem
583 1381 791 1437 excitat
830 1399 843 1435 :
892 1390 987 1435 aut
1032 1380 1259 1448 impetu,
1290 1387 1351 1433 ut
1393 1377 1487 1448 qui
1532 1378 1706 1431 iratus
1745 1386 1828 1431 est
1867 1394 1879 1430 :
1924 1391 1962 1427 ai

2151 1383 2309 1454 Pﬁlga
2384 1382 2462 1447 ὡς
2526 1384 2555 1435 ὁ
2625 1381 3009 1452 θυμούμενοςο
3062 1386 3095 1457 ἦ
3160 1386 3303 1447 κατὰ
3359 1387 3563 1457 τύχην,
3626 1388 3694 1451 ὡς

419 1491 586 1543 casu,
621 1484 680 1529 ut
727 1474 819 1544 qui
869 1475 925 1528 in
969 1473 1263 1529 venatione
1306 1472 1361 1527 iu
1410 1471 1583 1527 feram
1634 1468 1792 1543 [telo]
1846 1468 1964 1524 mis:

2185 1476 2243 1526 ὲν
2292 1474 2435 1545 θήρᾳ
2484 1474 2625 1527 κατά
2665 1474 2857 1546 θηρίου
2916 1475 3080 1546 ῥίψας
3126 1476 3222 1531 καὶ
3282 1477 3549 1546 φονεύσας
3610 1479 3695 1533 ἀνι

416 1568 695 1622 hominem
721 1566 942 1622 occidit.

824 1566 942 1621 idit.
2121 1564 2363 1637 θρωπον.

485 1656 648 1728 295
678 1655 829 1711 CAP.
883 1654 1102 1711 XXVII.
1156 1685 1229 1695 —
1276 1654 1355 1709 De
1410 1652 1666 1723 episcopis
1718 1661 1768 1706 et
1808 1650 2016 1705 clericis

2189 1659 2441 1713 ΚΕΦΑΛ.
2481 1657 2608 1715 ΚΖ’.
2635 1689 2707 1700 --
2728 1660 2865 1729 Περὶ
2907 1661 3256 1716 ἐπισκόπων
3282 1662 3383 1716 καὶ
3417 1660 3702 1730 κληρικῶν

417 1750 762 1813 aleatoribus,
825 1758 919 1803 aut
970 1748 1216 1811 ebriosis,
1263 1756 1357 1801 aut
1410 1744 1835 1816 spectaculorum
1899 1755 1962 1796 stt

2160 1753 2518 1818 υόευόντων,
2545 1752 2585 1822 ἣ
2596 1753 3086 1824 μεθυσκομένων,
3117 1734 3163 1823 ἢ.
3184 1754 3349 1820 θέαις
3374 1756 3701 1823 παρεμϐιιλο

416 1842 606 1905 ιίίοδὶδ,
638 1845 915 1895 bustorum
948 1839 1335 1910 expilatoribus
1362 1839 1597 1909 furibus,
1628 1838 1879 1907 perjuris,
1923 1837 1961 1905 1ἰ

2158 1844 2391 1911 όντων,
2431 1845 3011 1914 τυμϐωρυχοῦντων,
3067 1846 3474 1904 κλεπτόντων.
3517 1845 3703 1912 ἐπιορ-

417 1934 772 2001 neratoribus,
805 1942 898 1987 aut
919 1933 1298 2003 sesquialteras
1318 1930 1726 2002 accipientibus,
1748 1940 1842 1984 aut
1869 1928 1962 1983 alii

2157 1938 2415 2002 ὀύντων,
2443 1936 2813 1998 τοκιζόντων,
2844 1937 2881 2006 ἢ
2899 1940 3337 2008 λαμϐανόντων
3358 1936 3702 2008 ήμιο.1ίας,ἢ

421 2039 575 2098 turpe
608 2028 817 2081 lucrum
857 2026 959 2079 sibi
1000 2024 1444 2096 excogitantibus.

2123 2029 2331 2099 ἕτερον
2356 2029 2595 2095 ἑαυτοῖς
2626 2028 2887 2098 αἰσχρὸν
2909 2029 3319 2084 ἐπινοούντων
3347 2029 3584 2098 κέρδος.

718 2117 1099 2185 Apostolorum
1127 2132 1352 2171 canones
1391 2116 1485 2180 25,
1516 2115 1607 2183 42,
1635 2115 1727 2171 45.

2387 2125 2765 2180 Ἁποστόλων
2797 2122 3000 2178 κανὼν
3026 2122 3126 2189 κε’,
3163 2123 3278 2196 μβ¹,
3319 2131 3435 2195 μγ’.

490 2212 562 2267 25
604 2209 744 2285 [2i].
783 2209 1111 2280 Episcopus,
1152 2210 1238 2265 vel
1267 2210 1571 2281 presbyter,
1610 2208 1695 2263 vel
1730 2206 2019 2273 diaconus,

2197 2223 2297 2272 κε’.
2346 2218 2697 2282 Ἐπίσκοπος,
2733 2217 2766 2287 ἢ
2796 2216 3171 2288 πρεσϐύτερος
3198 2257 3212 2280 ,
3253 2217 3287 2287 ἢ
3319 2217 3594 2283 διάκονος,
3627 2216 3712 2271 ἐπὶ.

412 2304 825 2368 fornicationis,
855 2302 939 2359 vel
986 2301 1236 2374 perjurii,
1268 2302 1354 2358 vel
1384 2300 1516 2358 furti
1547 2301 1858 2367 convictus,
1885 2308 1957 2356 ett

1965 2317 2018 2365 τις
2126 2308 2432 2383 πορνείᾳ,ἢ
2473 2311 2753 2381 ἐπιορκία,
2783 2310 2816 2381 ἢ
2870 2309 3046 2382 κλοπῇ
3073 2309 3258 2377 ἁλοὺς,
3293 2328 3351 2366 κ.
3373 2328 3428 2366 τ.
3457 2310 3510 2365 λ.

422 2408 483 2452 ιιι
520 2414 645 2468 pag.
680 2396 802 2452 745.

493 2490 565 2547 4‘2
599 2487 737 2562 [ll].
797 2487 1102 2559 Episcopus
1144 2487 1227 2543 vel
1284 2486 1570 2559 presbyter
1620 2489 1708 2545 vel
1755 2489 2022 2545 diaconus

2198 2492 2306 2565 μβ’.
2336 2491 2688 2558 Ἐπίσκοπος,
2710 2491 2743 2562 ἢ
2768 2490 3211 2563 πρεσϐύτερος,ῆ
3240 2491 3514 2556 διάκονος,
3538 2489 3717 2553 κύϐοις

419 2582 557 2639 aleis
609 2593 665 2637 et
726 2581 1085 2636 ebrietatibus
1133 2595 1336 2637 vacans
1384 2581 1469 2635 vel
1508 2591 1710 2649 cesset,
1736 2583 1821 2638 vel
1847 2582 1964 2652 (ιρι).

2172 2585 2406 2656 κολάζων
2484 2583 2579 2639 καὶ
2662 2583 2898 2656 μέθαις,
2962 2584 2997 2656 ἢ
3058 2585 3390 2651 παυσάσθω,
3444 2584 3479 2656 ἢ
3535 2583 3717 2637 καθαι-

423 2686 615 2733 natur.

2126 2679 2344 2752 ρείσθω.
3592 2749 3611 2752 ,.

493 2771 565 2826 43
614 2767 752 2842 [42].
793 2766 1244 2836 vaodiaconus,
1280 2766 1367 2822 vel
1417 2767 1593 2823 lector
1620 2768 1703 2823 vel
1732 2779 1922 2824 cantor
1948 2766 2023 2822 si-

2198 2780 2309 2844 μγ’.
2352 2772 2758 2838 ’Υποδιάκονος,
2797 2771 2830 2843 ἢ
2877 2771 3254 2842 ἀναγνώστης,
3301 2771 3337 2843 ἢ
3391 2770 3607 2841 ψάλτης
3656 2770 3720 2824 τὰ

425 2865 578 2920 milia
626 2863 856 2928 iaciens,
893 2862 979 2916 vel
999 2864 1202 2928 ~{cesset
1234 2862 1327 2916 vel
1369 2871 1706 2934 segregetur.
1739 2865 1929 2918 Itidem
1967 2886 1970 2905 ι

2177 2882 2284 2920 ιοια
2320 2866 2519 2930 ποιῶν,
2556 2866 2591 2937 ἢ
2618 2864 2924 2922 παυσάσθω
2959 2865 2994 2937 ἢ
3034 2865 3392 2937 ἁφοριζέσθω
3414 2881 3427 2894 ’
3463 2863 3722 2925 ὡσαύτως

424 2957 624 3013 laicus.
2124 2960 2220 3014 καὶ
2263 2959 2471 3023 λαῖκός.

825 3043 1052 3101 Concilii
1078 3041 1288 3099 Νίσοεηὶ
1315 3060 1484 3099 canon
1522 3045 1612 3100 l7.

2462 3053 2733 3111 Συνόδου
2767 3056 3020 3122 Νικαίας
3049 3054 3253 3109 κανὼν
3288 3053 3381 3121 ιζ’.

498 3162 587 3218 l7.
603 3160 875 3228 Quoniam
899 3158 1059 3215 tnulti
1084 3159 1179 3230 qui
1200 3159 1255 3214 in
1285 3174 1498 3216 canone
1513 3168 1870 3216 recensentur
1888 3168 2018 3229 etc.,

2201 3171 2290 3237 ιζ’.
2361 3170 2585 3240 Ἐπειδὴ
2668 3170 2853 3225 πολλοὶ
2925 3171 2986 3224 ἐν
3011 3172 3035 3243 ζ
3060 3171 3139 3243 τῷ
3208 3171 3408 3226 κανόνι
3482 3167 3728 3238 ἐξεταζό-

426 3266 485 3310 ut
510 3272 633 3327 pag.
665 3254 792 3310 747.

758 3254 792 3310 ί.
2056 3254 2095 3265 ’”
2131 3280 2303 3335 μενοι.

719 3346 949 3403 Concilii
970 3344 1264 3401 Laodiceni
1293 3361 1521 3401 canones
1557 3346 1612 3410 «5,
1641 3345 1734 3402 δι.

2340 3356 2613 3412 Συνόόου
2655 3357 3010 3423 Λαοδικείας
3054 3355 3257 3411 κανὼν
3285 3358 3355 3422 δ’,
3395 3359 3494 3411 νδθ.

498 3443 552 3497 4.
582 3442 706 3499 Non
730 3450 985 3511 Oportere
1013 3440 1298 3495 hominem
1347 3448 1627 3495 sacratum
1677 3438 1937 3503 fenerari,
1971 3447 2026 3494 et

2198 3452 2261 3506 δ’.
2296 3452 2433 3522 Περὶ
2489 3450 2585 3504 τοῦ
2638 3449 2714 3522 μὴ
2760 3450 2872 3505 δεῖν
2924 3450 3236 3523 ἱερατικοὺς
3286 3449 3594 3514 δανείζειν,
3646 3447 3736 3501 καὶ

432 3553 632 3593 usuras
661 3544 717 3589 et
743 3550 865 3605 quae
891 3532 1152 3588 dicuntur
1190 3532 1584 3601 sesquialteras
1609 3532 1883 3600 accipere.

2128 3544 2323 3608 τόκους
2365 3544 2459 3597 καὶ
2485 3543 2583 3607 τὰς
2637 3543 2943 3613 λεγομένας
2978 3542 3237 3613 ἡμιολίας
3291 3542 3632 3613 λαμϐάνειν.

500 3629 590 3684 54.
624 3628 782 3696 Quod
811 3641 920 3680 non
952 3633 1168 3696 oportet
1196 3633 1442 3679 sacratos
1476 3632 1530 3678 et
1573 3623 1803 3679 clericos
1832 3623 1886 3677 in
1921 3639 2025 3676 nu-

2199 3634 2293 3689 v5’.
2321 3634 2445 3687 Ὅτι
2476 3634 2537 3687 οὐ
2563 3633 2643 3687 δεῖ
2669 3634 2979 3704 ἱερατικοὺς
3009 3633 3043 3702 ἦ
3078 3631 3393 3703 κληρικούς
3415 3649 3580 3695 τινας
3607 3634 3741 3684 θεω-

431 3721 560 3792 ptiis
609 3719 691 3774 vel
726 3715 996 3773 conviviis
1044 3716 1225 3785 aliqua
1277 3715 1587 3784 spectacula
1630 3714 1971 3783 contemplar

2197 3744 2255 3790 ας
2294 3726 2522 3797 θεωρεῖν
2564 3727 2623 3778 ὲν
2660 3725 2862 3793 γάμοις
2916 3724 3245 3795 ἢδείπνοις,
3301 3725 3454 3779 ἀλλά
3496 3724 3609 3794 πρὸ
3651 3720 3742 3775 τοῦ

430 3813 524 3868 sed
556 3810 877 3882 priusquam
926 3804 1306 3879 ingrediantur
1346 3803 1656 3876 thymelici,
1705 3819 1927 3874 surgere

2205 3818 2476 3891 πέρχεσθαι
2511 3818 2862 3889 θυμελικοὺς,
2896 3817 3210 3890 ἐγείρεσθαι
3233 3820 3450 3885 αὐτοὺς
3478 3820 3581 3874 καὶ
3623 3821 3750 3873 ἀνα-

432 3903 709 3959 secedere.
1940 3966 1977 3985 ὦ

1940 3964 2014 3985 Β,
2132 3916 2334 3986 χωρεῖν
2391 3912 2627 3969 ἐκεῖθεν.

541 4014 709 4087 296
737 4012 965 4070 Concilii
995 4010 1429 4082 Carthaginensis
1458 4024 1686 4064 canones
1717 4007 1773 4074 5,
1804 4006 1894 4062 16.

2332 4024 2606 4081 Συνόδου
2650 4024 3074 4098 Καρθαγέννης
3124 4026 3337 4082 κανὼν
3366 4035 3435 4097 ε’,
3474 4029 3577 4094 ις’.

995 4178 998 4181 _
1058 4102 1138 4158 De
1158 4102 1408 4157 avaritia.

2626 4117 2771 4187 Περὶ
2809 4119 3177 4187 ἀπληστίας.

513 4223 567 4277 5.
598 4221 853 4278 Aurelius
880 4221 1173 4292 episcopus
1199 4219 1370 4289 dixit}:
1391 4218 1651 4275 Avaritia:
1674 4217 1792 4289 (l2)
1823 4217 2035 4288 cupidi-

2217 4210 2269 4266 ε’.
2303 4210 2571 4282 Αὐρήλιος
2619 4212 2919 4276 ἐπίσκοπος
2946 4205 3100 4266 εἶπεν
3119 4228 3134 4243 ο
3168 4212 3286 4284 Τὴν
3314 4213 3431 4284 τῆς
3448 4210 3762 4286 ἀπληστίας

445 4326 551 4380 tas,
579 4333 745 4385 qttam
788 4331 972 4371 rerum
1018 4316 1265 4369 omnium
1304 4313 1574 4368 malarum
1622 4325 1849 4367 matrem
1889 4327 1990 4366 εδει

2218 4305 2298 4359 ιθυ
2307 4304 2456 4374 μίαν,
2489 4303 2555 4375 ῆν
2574 4303 2795 4359 πάντων
2810 4304 2921 4359 τῶν
2941 4306 3126 4359 κακῶν
3146 4307 3288 4377 μητέ
3300 4325 3375 4378 pa.
3406 4303 3560 4362 εἶναι
3588 4307 3763 4369 οὐδεὶς

440 4423 604 4462 nemo
642 4408 736 4476 qui
781 4406 892 4478 (l5)
947 4405 1178 4471 dubitet,
1216 4405 1446 4475 proinde
1479 4403 1773 4460 inhibenda
1815 4413 1920 4465 est,
1965 4417 1985 4457 r

2224 4396 2496 4465 φιϐάλλει,
2545 4395 2663 4450 δέον
2687 4396 2927 4482 ἐπέχειν,
2953 4395 3041 4450 ἵνα
3076 4397 3150 4467 μή
3179 4414 3265 4461 τις
3297 4400 3424 4463 τοῖς
3450 4398 3764 4468 ἀλλοτρίοις

437 4500 564 4569 quis
619 4497 827 4553 alienos
881 4498 1017 4553 lines
1044 4507 1272 4567 usurpet
1322 4498 1459 4569 (ll),
1487 4506 1583 4552 aut
1609 4512 1706 4568 per
1746 4495 1982 4567 praemia

2221 4507 2286 4552 it;
2336 4488 2771 4562 κατακέχρηται,
2810 4490 2887 4560 μὴ
2922 4489 2978 4543 δὲ
3010 4490 3098 4543 ἵνα
3131 4489 3219 4543 διὰ
3244 4490 3460 4563 κέρδος
3490 4491 3628 4554 τοὺς
3660 4489 3766 4544 τῶν

436 4591 704 4646 terminos
733 4588 959 4644 Patrum
1000 4600 1239 4646 statutos
1263 4590 1636 4653 transcendat,
1670 4605 1771 4644 nec
1806 4590 1981 4643 omnir

2227 4585 2400 4657 τέρων
2443 4559 2602 4658 ὄρους
2648 4600 2735 4647 τις
2770 4584 3101 4656 ὑπερϐαίνῃ,
3136 4584 3212 4656 μὴ
3236 4585 3301 4639 δὲ
3328 4559 3340 4563 -
3363 4588 3461 4641 ἵνα
3490 4588 3772 4650 παντοίως

438 4685 697 4755 cuiquam
752 4684 1075 4739 clericorum
1124 4684 1286 4739 liceat
1340 4682 1408 4738 de
1460 4682 1706 4753 qualibet
1762 4696 1822 4737 re
1868 4678 1977 4734 feni

2227 4679 2249 4731 l.
2286 4677 2537 4749 κληρικῷ
2579 4675 2699 4743 ἐξὸν
2748 4676 2833 4748 εἴη
2880 4675 2988 4731 ἀπὸ
3044 4678 3379 4749 οίουδήποτε
3430 4684 3772 4753 πράγματος

438 4755 1115 4848 θοοίρειίῖρυθιιίιυεηῖ
1152 4776 1381 4831 novella?
1456 4774 1863 4846 suggestiones,
1912 4770 1982 4844 qu

2234 4788 2293 4825 ον
2343 4770 2644 4840 λαμϐάνειν
2671 4786 2685 4802 ·
2742 4771 2839 4826 καὶ
2881 4773 2949 4825 τὰ
3000 4772 3099 4842 μὲν
3124 4774 3335 4827 νεωστὶ
3398 4775 3778 4847 ἀνενεχθέντα

437 4869 525 4925 vel
569 4869 818 4924 obscurae
861 4877 1009 4931 sunt,
1040 4868 1123 4924 vel
1159 4868 1262 4924 sub
1288 4882 1486 4938 genere
1510 4867 1680 4921 latent
1706 4865 1818 4938 (15)
1851 4866 1982 4936 ἰιιεμι

2232 4860 2363 4932 ιυρά
2402 4860 2533 4914 ὄντα
2572 4861 2669 4915 καὶ
2694 4861 2932 4915 καθόλου
2983 4861 3353 4931 λανθάνοντα,
3407 4865 3777 4937 σκοπούμενοι

441 4971 544 5017 ctae
567 4976 597 5015 a
633 4960 794 5015 nobis
826 4958 1058 5015 formam
1099 4960 1372 5030 accipiant
1404 4976 1418 5013 :
1451 4968 1708 5013 caeterum
1742 4959 1809 5013 de
1835 4958 1986 5029 quiht

2234 4952 2272 5005 α’
2299 4953 2461 5022 ἡμῶν
2486 4952 2929 5026 τυπωθήσονται⁸
2957 4954 3087 5027 περὶ
3108 4955 3166 5009 δὲ
3196 4948 3277 5010 ὧν
3324 4957 3720 5032 φανερώτατα
3746 4959 3779 5028 ἡ

437 5053 785 5124 apertissime
806 5053 990 5109 divina
1021 5052 1306 5124 Scriptura
1335 5053 1539 5117 sanxit,
1568 5067 1675 5106 non
1703 5059 1788 5106 est
1814 5049 1979 5107 fere".

2236 5064 2261 5101 ι
2278 5047 2471 5119 Γραφὴ
2496 5048 2808 5111 ἐθέσπισεν,
2829 5049 2890 5102 οὐ
2909 5046 3382 5120 δεῖψηφίζεσθαι-
3403 5051 3557 5105 ἀλλά
3576 5051 3781 5122 μᾶλλον

438 5147 734 5213 sententia,
776 5147 869 5202 sed
904 5146 1088 5217 potius
1118 5144 1488 5217 exsequenda.
1524 5143 1756 5199 Proinde
1772 5145 1938 5217 [quod
1973 5145 1983 5198 i

2242 5141 2403 5195 σθαι⁶
2452 5140 2763 5204 ἀκολούθως
2793 5142 2901 5213 γὰρ
2932 5142 2995 5195 τὸ
3038 5142 3097 5195 ὲν
3124 5141 3353 5208 λαῖκοῖς
3406 5144 3783 5217 ἐπιλήψιμον,

445 5234 601 5291 laicis
630 5237 1073 5307 reprehenditur,
1116 5236 1170 5291 id
1219 5237 1391 5290 multo
1439 5237 1613 5307 magis
1642 5235 1803 5291 debet
1832 5236 1885 5291 in
1910 5237 1990 5292 cie

2239 5234 2317 5307 λῷ
2346 5236 2549 5309 μᾶλλον
2585 5238 2643 5291 ὲν
2683 5236 2967 5306 κληρικοῖς
3006 5237 3211 5305 ὀφείλει
3250 5238 3784 5304 καταδικάζεσθαι.

444 5330 576 5385 ricis
640 5328 1032 5399 praedamnari.
1084 5328 1417 5385 Universum
1481 5328 1779 5384 concilium
1878 5328 2062 5384 dixit:
2098 5327 2270 5385 Nemo
2345 5338 2538 5386 contra
2589 5330 2912 5401 prophetas,
2966 5344 3129 5387 nemo
3186 5339 3409 5389 contra
3470 5331 3786 5407 Evangelia

448 5419 578 5476 facit
609 5423 728 5477 sine
752 5422 998 5492 periculo
1023 5421 1158 5495 (l6).

439 5607 453 5663 ι
515 5594 628 5667 (ιε’)
666 5594 765 5668 Ms.
799 5596 1045 5653 Avaritia
1076 5604 1129 5652 et
1157 5598 1446 5668 cupiditas.

1029 5613 1045 5652 ι
1076 5604 1129 5652 et
1157 5598 1446 5668 cupiditas.
2151 5614 2275 5655 can.
2307 5597 2374 5654 10
2403 5607 2458 5654 et
2488 5599 2574 5654 15.

516 5669 629 5744 (ιᾷ)
661 5667 763 5744 bis.
804 5683 971 5744 nemo
998 5669 1144 5738 quis.
1347 5740 1357 5744 _
1458 5738 1469 5744 .
1836 5739 1847 5744 _
1904 5738 2000 5744 _“
2214 5670 2329 5744 (l5)
2372 5669 2553 5744 usual
2583 5671 2666 5728 vel
2700 5671 2801 5727 sub
2830 5670 3051 5744 diverso
3076 5687 3310 5743 genere.

514 5736 670 5814 (14)-
689 5738 906 5814 (litatur
960 5736 1031 5793 in'
1069 5739 1272 5814 concil.
1308 5738 1666 5814 ΔΔιιιιὶεειειῃι.
1720 5739 1853 5795 anni
1904 5738 2029 5814 789.
2213 5736 2327 5814 (I6)
2362 5741 2437 5811 al.
2464 5739 2704 5800 Ms.sinc
2724 5758 2826 5801 suo
2845 5736 3106 5814 periculo,
3134 5754 3190 5800 ut
3218 5745 3288 5804 in
3321 5751 3549 5810 concil.
3572 5753 3784 5813 llliber.

447 5821 571 5879 cap.
604 5808 693 5863 55.
718 5807 813 5864 Est
843 5824 911 5865 ex
932 5810 1139 5865 concil.
1175 5807 1433 5882 Cartltag.
1459 5807 1563 5869 su'b
1588 5809 1755 5869 Grato
1784 5828 1874 5868 an.
1902 5813 2034 5867 348.
2142 5821 2198 5870 et
2219 5807 2369 5869 alibi.
