3766 6198
128 350 222 414 773
856 338 1261 402 SYNTAGMA
1300 335 1694 397 CANONUM.
1726 360 1794 370 -
1823 333 1972 393 TlT.
2020 333 2122 406 IX,
2167 333 2328 395 CAP.
2367 329 2609 394 XXVII.

3297 329 3406 392 774

195 465 368 516 Ὥστε
419 456 656 528 μηδένα
705 453 1068 515 ἐπίσκοπον,
1112 449 1150 518 ἣ
1195 448 1627 518 πρεσϐύτερον,
1661 446 1698 515 ἢ

1881 441 1948 498 Ut
1996 443 2176 497 nullus
2211 445 2506 513 episcopus,
2546 444 2816 514 presbyter
2875 453 2923 498 et
2971 443 3228 500 diaconus
3278 463 3404 500 con-

128 556 413 617 διάκονον,
445 548 713 617 ἓκληψίν
739 562 874 599 τινα
895 544 1246 615 λαμϐάνειν,
1293 559 1348 595 κ.
1382 559 1432 595 τ.
1468 540 1518 594 λ.

189 655 280 712 ις’.
329 643 557 714 Ὁμοίως
589 643 788 713 ἤρεσεν
809 679 823 702 ,
857 638 946 690 ἵνα
1000 637 1292 690 ἐπίσκοποι
1324 634 1418 687 καὶ
1459 629 1700 702 πρεσϐύ-

126 755 264 808 τεροι
337 737 431 789 καὶ
500 733 782 797 διάκονοι,
856 729 1194 801 ἐκλήπτορες
1252 726 1328 797 μὴ
1410 723 1694 792 γίνωνται.

126 848 174 884 κ.
202 847 250 883 τ.
285 829 336 883 λ.

124 920 377 976 Συνόδου
405 913 825 988 οὶκουμενικῆς
852 914 1032 982 ἕκτης
1065 909 1267 966 κανὼν
1284 906 1338 971 ι’,
1370 915 1476 977 κγ’,
1506 907 1604 971 κδ’,
1632 905 1695 962 ν’.

182 1013 229 1067 ι’.
271 1013 613 1074 Ἐπίσκοπος,
637 1007 671 1080 ἢ
697 1005 1088 1079 πρεσϐύτερος,
1120 1005 1152 1075 ἢ
1185 1003 1451 1067 διάκονος,
1481 1001 1695 1067 τόκους,

124 1125 172 1164 κ.
197 1123 244 1159 τ.
268 1104 317 1157 λ.

194 1194 296 1265 κγ’.
331 1195 465 1266 Περὶ
491 1194 584 1248 τοῦ
609 1193 813 1266 μηδένα
847 1191 960 1244 τῶν
993 1188 1104 1243 εἴτε
1145 1186 1458 1240 ἐπισκόπων
1494 1183 1527 1255 ἦ
1561 1199 1697 1254 πρε-

125 1290 409 1360 σϐυτέρων,
440 1306 494 1342 κ.
527 1306 579 1342 τ.
604 1288 656 1344 λ.

192 1381 285 1437 κδ’.
311 1384 402 1452 Μὴ
455 1381 658 1447 ἐξέστω
689 1381 796 1434 τινὶ
836 1378 945 1433 τῶν
995 1380 1052 1432 ὲν
1085 1372 1349 1447 ἱερατικῷ
1403 1371 1698 1441 καταλεγο-

124 1475 286 1544 μένων
317 1477 584 1546 τάγματι,
633 1475 667 1546 ἥ
700 1473 972 1545 μοναχῶν,
1026 1473 1082 1522 ἐν
1127 1467 1509 1538 ἱπποδρομίαις
1547 1468 1694 1518 ἀνιέ·

123 1585 218 1632 ναι,
249 1566 618 1638 ἢθυμελικῶν
671 1567 940 1636 παιγνίων
999 1562 1329 1634 ἀνέχεσθαι·
1365 1560 1480 1613 ἀλλ’
1522 1562 1570 1612 εἱ
1605 1559 1695 1611 καί

119 1677 194 1723 τις
223 1659 482 1731 κληρικδς
503 1660 729 1731 κληθείη
770 1661 826 1712 ὲν
859 1661 1044 1730 γάμῳ,
1071 1657 1236 1727 ἡνίκα
1267 1654 1310 1706 δ’
1339 1654 1404 1708 ἂν
1445 1653 1512 1705 τὰ
1560 1653 1696 1720 πρὸς

119 1751 321 1820 ἀπάτην
364 1751 665 1804 είσέλθοιεν
689 1751 936 1816 παίγνια,
983 1748 1332 1815 ὲξαναστήτω
1365 1744 1459 1796 καὶ
1493 1760 1698 1811 παραυο

1809 538 1997 590 ductor
2027 537 2277 601 exsistat,
2315 545 2445 602 etc.,
2483 545 2539 589 ut
2571 552 2693 606 pag.
2735 537 2865 591 550.

1882 628 1970 684 16.
2003 628 2135 684 Item
2171 629 2378 699 placuit
2436 637 2495 682 ut.
2550 631 2814 699 episcopi,
2850 629 3150 700 presbyteri
3183 639 3238 684 et
3285 629 3405 686 dia-

1809 724 1935 779 coni
1963 741 2072 780 non
2099 727 2210 779 sint
2241 723 2636 790 conductores,
2664 733 2792 791 etc.,
2827 734 2882 777 ut
2917 741 3043 795 pug.
3070 723 3198 779 550.

1915 905 2140 962 Concilii
2165 908 2469 963 aecumenici
2493 923 2546 962 vr
2576 924 2800 962 canones
2839 909 2921 973 10,
2953 909 3046 975 25,
3085 907 3177 975 24,
3206 909 3295 962 50.

1881 1002 1966 1055 10.
2017 999 2341 1072 Episcopus,
2384 1002 2689 1074 presbyter,
2732 1002 2812 1057 vel
2837 1002 3106 1057 diaconus
3145 1003 3240 1073 qui
3268 1017 3404 1057 usu-

1805 1109 1918 1158 ras,
1949 1103 2076 1158 etc.,
2105 1103 2164 1147 ut
2195 1111 2318 1164 pag.
2349 1095 2472 1149 750.

1877 1188 1968 1242 25.
2004 1186 2070 1240 lit
2092 1188 2276 1242 nullus
2306 1189 2422 1244 sive
2441 1189 2761 1259 episcopus,
2793 1187 2910 1242 sive
2944 1188 3247 1258 presbyter,
3269 1197 3402 1252 etc.,

1805 1292 1861 1336 ut
1897 1299 2018 1352 pag.
2045 1281 2167 1338 515.

1876 1373 1965 1428 21.
1993 1373 2068 1430 Ne
2096 1375 2184 1429 cui
2217 1373 2379 1428 liceat
2404 1388 2619 1437 eorum,
2645 1373 2737 1443 qui
2772 1373 2824 1427 in
2854 1371 3180 1427 sacerdotali
3209 1371 3403 1425 ordine

1804 1475 2219 1531 enumerantur,
2256 1465 2338 1519 vel
2376 1467 2797 1530 monachorum,
2830 1463 2885 1517 in
2923 1479 3189 1532 equorum
3228 1464 3406 1516 curri-

1805 1558 1944 1613 Culis
1972 1557 2134 1629 297
2161 1557 2483 1622 subsistere,
2517 1557 2599 1612 vel
2635 1557 2886 1612 scenicos
2917 1557 3076 1636 ludos
3107 1557 3403 1609 sustinere.

1806 1650 1913 1706 Sed
1954 1663 2006 1706 et
2041 1654 2085 1706 si
2121 1654 2242 1722 quis
2287 1653 2522 1708 clericus
2555 1653 2618 1706 ad
2657 1653 2875 1720 nuptias
2908 1661 3153 1714 vocetur,
3185 1651 3406 1720 quando

1805 1745 1872 1799 ad
1899 1745 2277 1814 deceptionem
2306 1752 2624 1814 comparata
2663 1745 2870 1799 ludicra
2903 1745 3149 1814 ingressa
3178 1743 3406 1804 fuerint,

118 1843 232 1896 τίκα
252 1843 628 1914 ἀναχωρείτω,
657 1841 800 1895 οὕτω
821 1842 919 1910 τῆς
950 1839 1212 1908 Πατέρων
1239 1836 1396 1907 ἡμῶν
1429 1851 1699 1905 προστατ-

1880 1849 1996 1908 rgat
2042 1849 2096 1893 et
2135 1839 2402 1903 discedat,
2442 1837 2664 1892 Patrum
2711 1849 3024 1894 nostrorum
3061 1837 3142 1891 sic
3183 1836 3409 1904 jubente

119 1935 303 2003 τούσης
359 1934 756 1996 διδασκαλίας·
792 1935 840 1986 εἰ
895 1933 951 1987 δέ
985 1949 1068 1994 τις
1089 1932 1181 1983 ἐπὶ
1237 1929 1416 1998 τοῦτῳ
1481 1925 1614 1997 ἁλῷ,
1665 1926 1698 1996 ἦ

121 2027 413 2081 παυσάσθω
438 2027 469 2097 ἢ
505 2024 899 2096 καθαιρείσθω.

183 2119 241 2174 ν’.
265 2121 492 2190 Μηδένα.
515 2118 624 2172 τῶν
649 2119 904 2172 ἁπάντων
935 2115 1044 2170 εἴτε
1064 2114 1272 2168 λαῖκῶν
1297 2111 1406 2167 εἴτε
1425 2111 1702 2184 κληρικῶν

123 2210 362 2262 κυϐεύειν
405 2209 518 2263 ἀπὸ
551 2207 646 2261 τοῦ
683 2210 778 2262 νῦν
807 2224 819 2236 ·
867 2209 915 2261 εί
966 2208 1023 2260 δέ
1058 2224 1141 2270 τις
1175 2205 1385 2259 τοιοῦτο
1421 2203 1702 2276 φωραθείη

123 2305 384 2371 πράττων,
420 2304 470 2355 εἰ
509 2302 610 2373 μὲν
653 2301 914 2374 κληρικὺς
950 2301 1059 2371 εἴη,
1093 2298 1493 2372 καθαιρείσθω·
1549 2301 1597 2352 εί
1646 2298 1704 2352 δὲ

121 2394 313 2461 λαῑκὺς,
352 2393 729 2465 ἁφοριζέσθω.

365 2589 412 2640 Σ
421 2584 646 2639 υνόδου
673 2586 922 2650 Νικαίας
954 2584 1022 2638 τὸ
1051 2581 1110 2648 β’
1135 2583 1338 2637 κανὼν
1365 2583 1427 2636 δ’.

187 2678 319 2748 Περὶ
372 2679 487 2733 τοῦ
521 2678 855 2748 ἀπέχεσθαι
897 2677 1038 2744 τοὺς
1089 2677 1468 2741 ἐπισκόπους
1501 2675 1706 2742 πάσης

119 2771 516 2842 δοσοληψίας.

183 2861 241 2917 δ’.
290 2865 346 2916 '0
376 2860 559 2934 κῆρυξ
587 2863 686 2933 τῆς
713 2862 976 2934 ἀληθείας
1004 2861 1234 2929 Παῦλος,
1269 2880 1324 2916 κ.
1355 2882 1405 2917 τ.
1437 2863 1487 2917 λ.

459 2955 790 3010 Βασιλείου
821 2955 1023 3009 κανὼν
1054 2963 1108 3019 ι’,
1152 2955 1234 3020 ιδ’,
1271 2954 1356 3020 ιζ’.

186 3053 236 3101 ι’.
270 3048 331 3101 Oi
379 3047 684 3118 ὀμνύοντες
714 3051 814 3122 ζμὴ
861 3049 1259 3120 καταδέχεσθαι
1305 3049 1404 3120 τὴν
1460 3067 1704 3122 χειροτο-

119 3142 247 3204 νίαν,
280 3160 332 3197 κ.
360 3161 412 3198 τ.
449 3143 503 3196 λ.

184 3232 261 3286 ιδ’.
307 3233 363 3286 Ὀ
397 3234 600 3296 τόκους
626 3231 942 3304 λαμϐάνων,
982 3234 1076 3286 ἐὰν
1103 3235 1468 3304 καταδέξηται
1496 3235 1555 3287 τὸ
1590 3235 1702 3289 ἄδι-

121 3341 207 3376 κον
246 3325 439 3394 κέρδος
492 3327 572 3388 είς
621 3327 871 3396 πτωχοὺς
920 3325 1221 3389 ἀναλῶσαι,
1256 3327 1350 3380 καὶ
1382 3326 1477 3379 τοῦ
1513 3327 1702 3379 λοιποῦ

115 3417 200 3468 τοῦ
223 3419 536 3489 νοσήματος
565 3417 660 3488 τῆς
692 3418 1130 3488 φιλοχρηματίας
1169 3419 1552 3490 ἀπαλλαγῆναι
1579 3462 1593 3484 ,
1623 3419 1706 3472 δε-

116 3510 230 3574 κτός
257 3513 402 3565 ἐστιν
437 3511 523 3574 εἰς
558 3511 880 3582 ἱερωσύνην.

183 3603 264 3668 ιζ’.
311 3604 642 3676 Ἡρώτησας
675 3606 823 3674 ἡμᾶς
876 3605 1006 3674 περὶ
1037 3604 1296 3677 Βιάνορος
1328 3606 1420 3659 τοῦ
1460 3607 1704 3676 πρεσϐυ-

117 3695 284 3766 τέρου,
317 3701 366 3750 εί
400 3697 598 3760 δεκτός
629 3697 778 3750 ἐστιν
809 3698 889 3759 είς
921 3697 1012 3750 τὸν
1041 3697 1246 3768 κλῆρον
1277 3697 1364 3751 διὰ
1395 3700 1484 3752 τὸν
1515 3701 1698 3770 ὅρκον·

115 3787 215 3856 ἐγὼ
245 3789 300 3843 δὲ
334 3791 440 3862 ἤδη
491 3791 614 3842 τινὰ
663 3791 757 3844 καὶ
789 3791 968 3844 κοινὸν
1000 3791 1126 3862 ὅρον
1162 3791 1294 3863 περὶ
1318 3792 1536 3846 πάντων
1564 3792 1701 3863 ὁμοῦ

116 3883 214 3935 τῶν
258 3885 376 3952 μετ’
404 3883 580 3937 αὐτοῦ
612 3882 986 3954 ὀμωμοκότων
1025 3886 1139 3948 τοῖς
1187 3884 1329 3938 κατᾶ
1369 3885 1702 3957 Ἀντιόχειαν

115 3975 386 4048 κληρικοῖς
427 3975 552 4031 οἴδα
580 3977 909 4040 ὲκτεθεικὼς
929 3996 942 4008 ο
974 3977 1117 4031 ὥστε
1147 3977 1258 4032 τῶν
1290 3977 1390 4048 μὲν
1421 3978 1702 4049 δημοσίων

115 4070 302 4134 αὐτοὺς
333 4070 649 4142 ἀπέχεσθαι
688 4071 989 4140 συλλόγων,
1017 4072 1123 4143 ἰδίᾳ
1150 4071 1206 4124 δὲ
1232 4074 1477 4142 ἐνεργεῖν
1499 4071 1567 4125 τὰ
1592 4072 1702 4124 τῶν

113 4164 502 4237 πρεσϐυτέρων
527 4179 540 4192 '
577 4165 638 4218 τὸ
667 4165 723 4217 δὲ
755 4165 889 4218 αὐτὸ
930 4164 1090 4219 τοῦτο
1143 4165 1241 4218 καὶ
1276 4166 1413 4238 πρὸς
1452 4165 1549 4236 τὴν
1578 4167 1702 4219 ἑαυ-

113 4255 196 4308 τοῦ
223 4256 558 4327 ὑπηρεσίαν,
591 4256 780 4311 ἄδειαν
825 4256 976 4328 αὐτῷ
1043 4259 1307 4328 παρέχει*
1342 4258 1476 4311 διότι
1516 4259 1616 4312 οὐκ
1642 4261 1698 4312 ὲν

125 4347 423 4422 Ἀντιοχείᾳ
452 4350 607 4404 ἐστὶν
636 4352 669 4421 ή
699 4349 992 4422 ἱερωσύνη,
1021 4350 1137 4403 ἀλλ’
1172 4351 1230 4402 ὲν
1273 4350 1500 4420 Ἰκονίῳ,
1529 4352 1596 4422 ἢν
1623 4351 1700 4416 ὠς

115 4441 266 4504 αὐτὸς
295 4442 624 4505 ἐπέστειλας
671 4444 804 4514 ἡμῖν
833 4442 934 4513 τῆς
969 4443 1302 4512 Ἀντιοχείας
1350 4445 1431 4506 είς
1483 4444 1698 4513 οἴκησιν

1804 1930 2076 1986 doctrina.
2129 1929 2186 1985 Si
2219 1931 2345 2002 quis
2394 1941 2577 1986 autem
2626 1931 2748 2001 ejus
2791 1932 2870 1986 rei
2901 1930 3184 1994 convictus
3221 1929 3408 1995 fuerit,

1806 2023 1886 2079 vel
1919 2032 2120 2088 cesset,
2150 2024 2234 2078 vel
2269 2024 2598 2092 deponatur.

1879 2115 1967 2170 50.
2011 2114 2228 2170 Nullum
2255 2117 2502 2170 omnium
2540 2119 2632 2182 '9‘,
2675 2117 2792 2172 sive
2818 2117 3104 2183 clericum,
3145 2119 3268 2175 sive
3299 2119 3405 2174 lai-

1808 2225 1956 2273 cum,
1989 2209 2058 2264 ab
2093 2211 2198 2264 hoc
2225 2210 2484 2280 deinceps
2517 2219 2762 2281 tempore
2792 2212 2910 2265 alea
2948 2213 3152 2268 ludere.
3184 2213 3240 2266 Si
3279 2215 3406 2280 quis

1805 2311 1988 2357 autem
2024 2301 2128 2358 hoc
2174 2303 2436 2375 deinceps
2480 2302 2664 2359 facere
2707 2305 3092 2374 deprehensus
3130 2304 3320 2369 fuerit,
3357 2307 3406 2361 si

1805 2403 1879 2454 sit
1915 2400 2136 2470 quidem
2180 2400 2438 2465 clericus,
2489 2402 2834 2471 deponatur;
2891 2401 2939 2455 si
2987 2400 3187 2461 laicus.
3216 2413 3405 2469 segre-

1806 2501 1984 2564 getur.

2202 2585 2430 2641 Concilii
2465 2585 2678 2641 Νίσιεηὶ
2706 2602 2740 2640 tt
2768 2603 2942 2640 canon
2965 2586 3018 2640 4.

1883 2679 2038 2745 Quod
2063 2678 2295 2749 episcopi
2329 2679 2394 2733 ab
2420 2681 2561 2732 omni
2596 2680 2829 2733 avaritia
2859 2695 2970 2733 sese
3022 2676 3289 2731 abstinere
3314 2677 3405 2730 de-

1807 2775 1984 2827 beant.

1878 2867 1931 2919 4.
1975 2864 2229 2921 Veritatis
2255 2880 2434 2934 praeco
2467 2863 2690 2928 Paulus,
2730 2872 2862 2931 etc.,
2892 2874 2947 2918 ut
2977 2881 3101 2933 pag.
3131 2861 3262 2917 515.

2208 2958 2409 3013 Basilii
2429 2975 2652 3012 canones
2683 2958 2768 3023 10,
2802 2958 2890 3022 14,
2929 2959 3011 3011 t7.

1882 3052 1969 3107 10.
2014 3051 2116 3118 Qui
2165 3053 2358 3121 jurant
2395 3067 2455 3107 se
2476 3051 2884 3106 ordinationem
2929 3068 3036 3106 non
3083 3061 3410 3121 accepturos

1808 3153 1939 3211 etc.,
1971 3158 2026 3200 ut
2058 3161 2179 3216 pag.
2207 3145 2331 3202 505.

1884 3241 1968 3296 11.
2009 3239 2115 3307 Qui
2153 3256 2348 3296 usuras
2377 3239 2597 3308 accipit,
2636 3238 2682 3291 si
2726 3238 2964 3292 voluerit
2998 3237 3266 3307 injustttm
3310 3241 3398 3294 ln-

1807 3347 1962 3388 crum
1998 3331 2052 3386 in
2100 3347 2370 3402 pauperes
2418 3331 2719 3393 insumere,
2763 3340 2816 3384 et
2855 3329 3116 3398 deinceps
3147 3331 3216 3383 ab
3272 3346 3405 3384 ava-

1806 3424 1946 3478 ritiae
1988 3423 2184 3479 morbo
2227 3421 2472 3490 liberari,
2521 3421 2588 3476 ad
2627 3420 2994 3477 sacerdotium
3045 3421 3258 3476 admitti
3311 3437 3410 3492 po-

1810 3525 1936 3572 test.

1881 3609 1970 3665 17.
2012 3608 2364 3679 lnterrogasti
2417 3623 2517 3663 nos
2543 3607 2611 3663 de
2646 3606 2882 3662 Bianore
2922 3608 3271 3680 presbytero,
3331 3625 3406 3665 an

1807 3703 1862 3757 in
1919 3703 2131 3757 clerum
2182 3701 2396 3757 admitti
2456 3703 2652 3772 possit,
2707 3715 2934 3772 propter
2982 3702 3402 3773 jusjurandum.

1805 3795 1920 3868 Ego
1949 3807 2132 3850 autem
2189 3811 2278 3850 me
2305 3795 2419 3864 jam
2467 3811 2818 3851 communem
2876 3796 3113 3866 aliquam
3157 3798 3402 3865 regulam

1805 3891 1874 3946 de
1905 3890 2164 3944 omnibus
2194 3889 2286 3960 qui
2338 3905 2446 3943 una
2479 3906 2603 3944 cum
2635 3904 2700 3944 eo
2726 3889 3068 3959 juraverant,
3100 3890 3404 3945 Antioche-

1806 3981 1896 4036 nis
1944 3981 2163 4036 clericis
2215 3979 2453 4034 edidisse
2508 3981 2772 4034 memini:
2811 3991 2872 4034 ut
2929 3981 3032 4049 ipsi
3075 3997 3104 4034 a
3163 3981 3404 4050 publicis

1804 4074 2022 4144 quidem
2054 4072 2423 4128 conventibus
2456 4073 2793 4138 abstineant,
2829 4072 3082 4142 privatim
3115 4088 3244 4125 vero
3283 4089 3403 4124 inu-

1804 4164 1894 4218 nia
1925 4163 2126 4217 obeant
2171 4162 2640 4232 presbyterorum.
2688 4158 2744 4212 ld
2803 4161 2982 4230 ipsum
3021 4170 3205 4214 autem
3229 4161 3397 4213 etiam

1802 4256 1852 4312 ei
1881 4255 2125 4310 muneris
2152 4256 2236 4309 sui
2288 4254 2582 4325 peragendi
2623 4252 2830 4323 praebet
2885 4254 3220 4318 libertatem,
3256 4253 3404 4323 quod

1805 4365 1910 4404 non
1948 4349 2019 4403 sit
2061 4347 2366 4401 Antiochiae
2397 4346 2786 4408 sacerdotium,
2823 4345 2915 4400 sed
2971 4343 3139 4397 leonii
3185 4362 3196 4397 :
3233 4359 3398 4413 quam

1804 4437 2021 4502 urbem,
2061 4437 2262 4505 utipse
2296 4435 2362 4487 ad
2399 4449 2500 4488 nos
2545 4431 2842 4502 scripsisti,
2875 4432 3162 4485 Antiochia
3199 4434 3263 4486 ad
3303 4432 3401 4484 ha-

111 4533 477 4605 ἀντηλλάξατο
497 4553 511 4567 ·
560 4537 708 4590 ἔστιν
751 4533 846 4591 οὖν
886 4537 1074 4600 δεκτὸς
1105 4538 1134 4590 ὁ
1164 4538 1305 4608 ἀνὴρ
1335 4538 1566 4601 ἐκεῖνος,
1598 4538 1699 4590 ἁπ-

1880 4527 2091 4582 .andum
2128 4525 2483 4596 permutavit.
2521 4522 2665 4593 Ergo
2694 4524 2778 4576 vir
2809 4523 2904 4576 ille
2938 4521 3144 4590 suscipi
3172 4532 3388 4591 potest;

111 4628 424 4698 σιτούμενος
459 4630 615 4698 παρά
644 4631 744 4700 τῆς
774 4630 1065 4694 εὐλαϐείας
1112 4647 1229 4694 σου,
1288 4629 1696 4700 μεταμέλεσθαι

109 4718 196 4771 ἐπὶ
223 4723 286 4790 τῇ
323 4720 553 4791 εὐκολίᾳ
586 4719 682 4773 τοῦ
728 4721 919 4790 ὅρκου,
947 4719 1005 4773 ὂν
1046 4721 1140 4773 ἐπὶ
1189 4721 1284 4774 τοῦ
1334 4722 1568 4774 ἀπίστου
1600 4723 1696 4774 ἁν-

109 4807 224 4875 δρὸς
249 4809 596 4880 ἐξωμόσατο,
631 4809 896 4879 βαστάξαι
920 4811 1020 4881 τὴν
1051 4811 1335 4881 ἐνόχλησιν
1365 4811 1458 4864 τοῦ
1493 4811 1693 4884 μικροῦ

109 4899 310 4954 ἐκείνου
336 4901 592 4955 κινδύνου
629 4901 705 4972 μὴ
735 4901 1013 4972 δυνηθείς.

182 4993 244 5046 Ἠ
291 4995 363 5048 λδ⁹
397 4994 644 5063 διάταξις
675 4997 768 5050 τοῦ
800 4997 842 5050 δ’
871 4996 978 5051 τίτ.
1013 4996 1107 5050 τοῦ
1147 4996 1192 5050 α’
1227 4997 1367 5068 βιϐλ.
1415 4998 1510 5052 τοῦ
1557 4999 1688 5053 κώδ.

111 5086 284 5154 φησίν
333 5088 668 5153 Ἐπίσκοπος
695 5090 728 5158 ἢ
758 5089 1039 5160 κληρικὸς,
1067 5089 1314 5142 κυϐεύων
1348 5090 1380 5160 ἦ
1418 5093 1693 5148 κοινωνῶν

107 5183 208 5244 τοῖς
238 5179 567 5235 κυϐεύουσιν
597 5182 629 5252 ἢ
664 5181 1151 5253 παρακαθήμενος,
1175 5183 1208 5252 ἢ
1236 5183 1461 5254 θέατρον
1491 5184 1524 5255 ἢ
1561 5202 1693 5236 κυν-

106 5272 252 5340 ήγιον
277 5274 526 5346 θεωρῶν,
554 5275 880 5346 ἀφορίζεται
927 5277 1108 5345 πάσης
1139 5276 1424 5347 ἱερατικῆς
1449 5276 1694 5350 λειτουρ-

107 5365 244 5431 γίας,
263 5371 359 5422 καὶ
382 5369 496 5422 τῶν
525 5373 788 5440 σιτήσεων
821 5369 987 5424 αὐτοῦ
1018 5375 1313 5441 στερεῖται,
1333 5371 1431 5424 καὶ
1451 5371 1695 5442 ὁρίζεται

108 5457 253 5529 αὐτῷ
283 5461 481 5532 χρόνος
514 5463 593 5527 είς
630 5463 919 5534 μετάνοιαν
945 5480 957 5494 ·
994 5465 1088 5519 καὶ
1117 5464 1212 5518 ἐὰν
1245 5464 1411 5532 ἀξίως
1441 5465 1572 5519 εἴσω
1596 5465 1690 5518 τοῦ

108 5553 296 5623 χρόνου
342 5558 491 5627 φανῇ
539 5560 918 5629 μετανοήσας,
973 5557 1253 5628 ἱερατικῆς
1287 5555 1536 5622 ἀξιοῦται
1568 5559 1693 5626 φιλ-

105 5643 425 5715 ανθρωπίας
447 5665 462 5678 ο
496 5651 544 5704 εἰ
574 5649 631 5704 δὲ
655 5649 795 5721 μετὰ
818 5650 910 5704 τὸν
935 5649 1128 5722 χρόνον
1151 5649 1449 5721 ὲπιμείνοι,
1471 5649 1692 5714 τελείως

103 5867 114 5872 _
164 5806 225 5838 ⁵³⁸
265 5805 402 5863 Cau.
434 5820 610 5877 apost.
635 5810 725 5878 42,
755 5811 843 5867 45.

1805 4623 2122 4694 postulante
2157 4620 2226 4675 ab
2259 4635 2325 4674 eo
2353 4619 2556 4688 pietate
2597 4626 2712 4677 tua.
2741 4625 2800 4670 ut
2833 4614 3212 4685 paenitentiam
3248 4623 3398 4682 agat,

1805 4717 1878 4770 ob
1911 4714 2128 4769 facilem
2171 4723 2224 4767 et
2247 4722 2564 4784 promptum
2593 4711 2659 4766 ad
2691 4710 3082 4780 jusjurandum
3121 4707 3395 4769 animum,

1802 4810 1948 4880 quod
1975 4825 2160 4863 coram
2204 4808 2408 4862 intideli
2458 4808 2574 4860 viro
2623 4804 2853 4874 juravit,
2889 4803 3200 4858 molestiam
3245 4799 3393 4853 ferre

1802 4903 1984 4972 exigui
2019 4903 2164 4958 illius
2191 4901 2416 4971 periculi
2447 4915 2555 4954 non
2588 4899 2798 4953 valens.

1876 4997 2092 5052 Textus.
2123 4997 2290 5067 293
2317 4997 2507 5050 Const.
2528 4995 2619 5056 54,
2645 4995 2734 5047 tit.
2759 4993 2813 5056 4,
2839 4991 2935 5044 lib.
2960 5006 2976 5044 ι
3027 4987 3148 5044 cod.
3174 4984 3401 5054 Episco-

1803 5108 1905 5162 pus
1936 5102 2028 5146 aut
2053 5092 2306 5156 clericus,
2344 5089 2540 5159 inquit,
2567 5088 2657 5156 qui
2691 5094 2787 5140 aut
2810 5085 2924 5138 alea
2958 5083 3119 5146 ludit,
3151 5088 3244 5133 aut
3270 5095 3393 5131 cum

1803 5187 2134 5240 aleatoribus
2158 5183 2553 5239 commercium
2586 5181 2774 5244 habet,
2799 5178 2878 5232 vel
2907 5174 3020 5247 [iis]
3054 5173 3278 5235 assidet,
3305 5182 3400 5224 aut

1804 5283 2115 5354 spectacula
2145 5281 2500 5337 arenariasve
2521 5277 2842 5332 venationes
2869 5278 3077 5341 Spectat
3106 5286 3119 5322 :
3149 5268 3218 5322 ah
3245 5267 3398 5320 omni

1805 5390 1966 5430 sacro
1997 5383 2320 5445 segregatur
2347 5371 2683 5431 ministerio,
2710 5363 3032 5420 aunouariis
3065 5361 3182 5416 suis
3217 5360 3398 5429 priva-

1803 5478 1892 5523 tur
1940 5468 2302 5538 pensionibus
2359 5481 2374 5518 :
2423 5473 2478 5520 et
2527 5459 2888 5519 constituitur
2930 5457 3008 5510 illi
3062 5451 3399 5525 paenitentia:

1801 5571 2052 5631 tempus,
2100 5560 2243 5614 intra
2293 5555 2440 5628 quod
2491 5555 2540 5611 si
2587 5554 2749 5622 digne
2795 5548 3068 5620 paenitere
3113 5545 3395 5606 videatur,

1800 5649 2127 5706 sacerdotali
2170 5647 2512 5719 benignitate
2551 5645 2748 5715 dignus
2790 5640 3024 5697 habetur
3071 5656 3084 5693 :
3131 5646 3185 5692 at
3227 5636 3293 5707 si_
3319 5636 3396 5706 [in
