3766 6198
214 315 323 379 775

1363 312 1627 374 PHOTII
1653 310 2161 375 PATRIARCH/E
2202 311 2310 372 (ΣΡ.

3428 310 3542 375 τῖϐ

220 430 367 484 vitiis
407 428 551 502 istis]
590 427 924 499 perstiterit,
962 428 1190 484 omnino
1231 444 1263 484 e
1305 428 1453 485 clero
1495 429 1735 501 ejicitur,
1767 438 1867 491 et}

2050 429 2249 483 ιλλεται
2283 429 2377 483 τοῦ
2405 427 2634 500 κλήρου,
2668 428 2765 484 καὶ
2793 429 3002 498 γίνεται
3053 429 3365 502 βουλευτὴς
3390 432 3542 500 μετὰ

219 523 379 594 cujus
420 523 659 578 civitatis
702 522 940 578 clericus
982 532 1131 590 erat,
1166 524 1288 593 ejus
1335 539 1462 579 cum
1509 523 1819 579 substantia

221 627 323 666 sua
368 612 536 666 curia:
581 612 932 681 mancipatur
979 629 993 665 :
1042 622 1135 667 aut
1177 613 1224 668 si
1268 628 1330 668 ea
1373 613 1570 668 civitas
1606 614 1816 669 curiam

1922 519 2025 590 τῆς
2050 518 2217 573 αὑτοῦ
2246 520 2567 589 περιουσίας
2592 521 2696 591 τῆς
2726 522 2939 585 πόλεως
2966 516 3034 592 ἧς
3062 518 3131 593 ἦν
3166 523 3472 595 κληρικος,
3503 524 3541 593 ἢ

1921 613 2021 681 τῆς
2053 612 2263 675 πόλεως
2289 612 2505 681 ἐκείνης
2534 613 2637 666 οὑκ
2668 613 2899 684 ἐχούσης
2925 614 3343 688 βουλευτήριον,
3380 617 3544 684 γίνε-

226 718 333 757 ιιοη
366 703 551 768 habet,
576 703 830 758 concedit
861 705 915 757 in
943 705 1258 760 destitutam
1294 704 1559 778 [aliquam
1585 704 1819 778 curiam]

2058 707 2138 769 είς
2160 706 2261 775 τὴν
2286 705 2595 777 χρῄζουσαν
2628 708 2692 760 ἐκ
2747 709 2857 760 τῶν
2888 708 3318 777 πλησιαζουσῶν
3341 726 3356 740 ·
3391 712 3449 761 εί
3484 709 3547 761 δὲ

228 796 540 851 vicinarum
600 794 960 868 [civitatum].
1004 796 1162 864 Quod
1214 798 1260 853 si
1308 800 1487 855 nullas
1534 799 1823 855 facultates

231 889 449 953 habeat,
476 888 534 942 fit
556 890 857 959 apparitor.
881 889 1212 946 Custodiunt
1234 900 1418 947 autem
1449 893 1564 947 haec
1592 893 1825 959 patriar-

226 983 366 1045 chae,
400 982 665 1051 episcOpi,
698 982 947 1038 ecclesiae
976 982 1319 1051 defensores,
1350 984 1623 1053 cujusque
1651 984 1826 1054 juris-

229 1075 493 1129 dictionis
520 1074 762 1143 praefecti
786 1085 840 1131 et
863 1075 1148 1144 prazsidcs.
1172 1076 1349 1147 Atque
1369 1077 1685 1132 defensores
1714 1077 1828 1131 haec

231 1168 614 1223 sacerdotibus
640 1167 991 1222 annuntiant.
1019 1167 1245 1237 Oportet
1273 1169 1437 1223 ctiam
1468 1168 1585 1224 haec
1614 1184 1831 1224 summa

230 1275 357 1316 cum
391 1258 676 1330 diligentia
713 1275 899 1314 coram
939 1258 1250 1331 Evangeliis
1284 1260 1516 1331 inquiri,
1546 1270 1601 1315 et
1642 1260 1695 1314 in
1740 1275 1829 1314 ca-

232 1355 592 1410 lumniatores
638 1355 1062 1424 indignationem
1095 1355 1311 1425 concipi
1338 1375 1350 1409 :
1380 1371 1444 1410 ac
1469 1356 1521 1410 in
1546 1355 1830 1425 praesides,

235 1449 523 1512 cohortes,
557 1457 721 1518 atque
754 1447 1102 1513 defensores,
1132 1448 1179 1503 si
1219 1449 1310 1504 ubi
1346 1448 1465 1504 haec
1503 1449 1832 1516 didicerint,

237 1542 678 1611 competentibus
720 1541 1104 1596 sacerdotibus
1146 1556 1255 1597 non
1300 1542 1721 1606 annuntiarint,
1754 1541 1837 1595 di-

239 1650 427 1690 versas
461 1648 650 1703 poenas
688 1634 881 1689 Statui.
910 1633 1111 1689 Verum
1148 1643 1328 1689 const.
1355 1633 1423 1698 2,
1454 1635 1537 1688 tit.
1576 1636 1596 1687 l
1636 1634 1837 1688 Novel-

241 1726 416 1780 larum
454 1727 606 1792 dicit,
640 1734 700 1780 ut
729 1726 968 1782 triennio
998 1726 1072 1781 illi
1104 1742 1133 1781 a
1165 1727 1473 1783 ministerio
1506 1728 1839 1798 prohibean-

240 1830 351 1880 tur,
388 1835 452 1873 ac
492 1819 545 1872 in
593 1820 991 1874 monasterium
1042 1820 1412 1891 conjiciantur
1459 1840 1473 1875 :
1526 1820 1837 1875 facultatem

242 1912 620 1967 sacerdotibus
652 1912 922 1979 praebens,
954 1920 1036 1978 ut,
1056 1915 1101 1967 si
1136 1913 1456 1983 poenitentia
1492 1922 1830 1983 compareat,

244 2013 462 2071 tempus
494 2002 848 2057 imminuant.

321 2093 539 2147 Tenus.
578 2092 694 2148 Non
740 2095 902 2150 modo
944 2094 1210 2164 pejcrare.
1243 2112 1432 2151 verum
1464 2097 1627 2151 etiam
1656 2096 1843 2167 jurare

247 2184 302 2236 in
352 2184 667 2239 universum
693 2183 909 2239 clericis
930 2185 1280 2256 prohibetur.
1307 2188 1515 2241 Dicitur
1535 2188 1677 2241 enim
1708 2188 1798 2241 lib.
1825 2204 1845 2242 ι

246 2276 369 2331 cod.
406 2277 489 2329 tit.
519 2276 581 2338 5,
611 2285 791 2330 const.
821 2276 925 2341 25,
954 2276 1100 2345 quod
1135 2277 1322 2331 clerici
1361 2279 1670 2351 litigantes,
1706 2280 1841 2335 fille-

243 2365 525 2437 jussioncs
559 2365 686 2418 dent
721 2380 894 2435 usque
933 2365 1000 2418 ad
1036 2366 1437 2435 quinquaginta
1475 2366 1643 2420 libras
1677 2363 1845 2437 [auri]

248 2467 302 2512 et
331 2459 374 2511 si
411 2472 499 2510 res
529 2455 696 2527 [hanc
728 2455 1027 2527 summam]
1059 2454 1319 2520 excedat,
1357 2471 1456 2525 pro
1490 2456 1846 2523 CXSUllel'allli

255 2550 567 2604 cautionem
619 2547 843 2617 injurati
893 2548 1096 2603 faciant
1143 2568 1156 2604 :
1205 2564 1272 2603 eo
1316 2551 1462 2620 quod
1510 2560 1563 2605 et
1603 2552 1751 2621 leges
1795 2558 1854 2605 et

252 2657 493 2699 canones
519 2640 779 2696 clericum
801 2642 992 2711 jurare
1022 2641 1699 2713 prohibeant,quanquam
1718 2643 1848 2716 [vel]

253 2734 493 2787 maxime
534 2732 750 2786 dicatur
788 2732 980 2787 eodem
1024 2732 1118 2787 lib.
1154 2733 1237 2786 tit.
1275 2733 1371 2797 12,
1405 2745 1583 2788 const.
1611 2734 1673 2799 5,
1703 2735 1852 2803 quod

255 2833 507 2895 Oporteat
554 2839 649 2878 eos
688 2822 784 2893 qui
830 2822 920 2895 [ad
961 2823 1249 2895 ecclesias]
1298 2824 1652 2896 confugiunt,
1688 2825 1855 2897 299

257 2917 602 2980 admonitos,
634 2923 689 2970 et
734 2916 802 2970 de
844 2916 1146 2971 securitate
1186 2916 1550 2986 jurejurando
1594 2928 1850 2987 accepto,

257 3008 533 3077 deponere
574 3022 696 3077 qua:
738 3005 814 3078 [in
857 3005 1003 3078 illas]
1048 3007 1334 3063 intulerint
1375 3024 1528 3064 arma
1575 3026 1588 3063 :
1631 3017 1684 3064 et
1726 3025 1856 3065 con-

259 3102 379 3158 stit.
409 3099 475 3167 6,
507 3100 751 3171 ejusdem
789 3116 867 3154 xu
904 3100 998 3155 lib.
1024 3101 1172 3156 dicat
1199 3120 1214 3157 :
1249 3102 1407 3169 Quod
1438 3104 1481 3156 si
1515 3103 1757 3173 suspicio
1784 3106 1855 3156 sit

260 3192 328 3247 de
354 3191 588 3257 clerico,
618 3200 875 3261 tanquam
920 3206 1009 3245 res
1054 3189 1319 3265 [aliquas]
1359 3193 1594 3265 confuge
1626 3196 1853 3258 habent,

256 3283 418 3353 jussu
448 3282 690 3353 episcopi
722 3282 808 3338 sui
832 3282 1001 3352 juret.
1033 3283 1108 3337 De
1141 3284 1510 3353 prohibitione
1538 3296 1719 3341 autem
1743 3328 1755 3345 ,
1792 3302 1859 3339 ne

261 3376 445 3431 clerici
495 3391 694 3431 usuras
733 3375 1007 3445 accipiant
1048 3376 1283 3446 ubique,
1318 3375 1459 3448 [ubi]
1502 3379 1569 3433 de
1613 3377 1861 3448 pecuniae

262 3468 485 3525 creditae
530 3468 647 3524 sive
686 3468 828 3537 pacti
871 3467 1261 3543 [actionibus].
1290 3471 1590 3540 quinetiam
1639 3473 1703 3527 iis
1742 3488 1863 3538 qua:

264 3580 333 3618 ex
363 3562 626 3616 dilatione
658 3561 937 3615 actionum
975 3561 1131 3615 bonae
1168 3563 1291 3617 fidei
1335 3564 1501 3619 tacite
1542 3575 1863 3635 competunt

270 3651 525 3726 [agitur]
557 3652 691 3706 mihi
717 3667 842 3706 esse
867 3652 1073 3706 dietum
1102 3655 1339 3709 videtur.

348 3743 568 3797 Textus.
598 3742 765 3811 Atqui
804 3752 981 3796 const.
1006 3743 1059 3806 5,
1101 3744 1182 3797 tit.
1209 3744 1244 3797 2
1280 3743 1631 3800 Novellarunt
1671 3748 1723 3801 in
1766 3748 1867 3817 piis

273 3834 469 3904 legatis
524 3844 750 3903 propter
804 3832 1127 3892 dilationem
1186 3850 1390 3891 usuras
1440 3846 1605 3907 atque
1656 3835 1869 3893 fructus

273 3927 417 3999 exigi
447 3926 601 3981 dicit.

348 4019 587 4074 Proinde
627 4018 695 4073 de
733 4017 899 4073 furtis
939 4017 1266 4073 clericorum
1313 4018 1596 4090 speciatim
1645 4019 1727 4074 lex
1763 4036 1872 4075 non

277 4113 520 4168 disserit.
555 4110 899 4167 Generaliter
931 4123 1111 4167 autem
1148 4113 1214 4167 de
1248 4112 1412 4167 furtis
1448 4122 1648 4168 tractat
1684 4116 1770 4167 tit.
1804 4113 1873 4179 2,

280 4206 373 4259 lib.
400 4221 451 4258 vr
499 4203 624 4258 COII.
648 4212 702 4257 et
728 4204 811 4257 tit.
835 4202 889 4267 5,
916 4203 1008 4259 lib.
1036 4220 1202 4270 XLVII,
1227 4205 1338 4275 dig.
1365 4203 1662 4259 Furtorum
1696 4216 1876 4261 autem

282 4300 405 4353 duae
431 4306 559 4351 sunt
584 4298 817 4366 species,
837 4312 1067 4365 quarum
1093 4300 1265 4352 altera
1292 4298 1643 4354 manifestum
1673 4299 1875 4354 furtum

284 4390 486 4443 dicitur
517 4404 531 4442 :
557 4388 725 4442 altera
760 4405 861 4442 nec
894 4389 1269 4446 manifestum.
1298 4388 1621 4445 Manifestus
1655 4390 1743 4445 fur
1770 4401 1876 4458 est,

1928 798 2003 867 μὴ
2033 796 2146 866 ἔχει
2173 794 2447 861 ἐξουσίαν,
2465 796 3004 870 γίνεταιταξεώτης·
3034 800 3548 869 παραφυλάττουσι

1923 887 1982 941 δὲ
2015 887 2189 942 ταῦτα
2213 889 2261 941 οἱ
2295 889 2637 960 πατριάρχαι
2661 890 2758 943 καὶ
2787 892 2836 942 οί
2873 890 3169 943 ἐπίσκοποι
3194 892 3297 944 καὶ
3346 892 3400 943 οί
3451 891 3550 942 ἐκ·

1927 980 2323 1051 κλησιέκδικοι,
2376 983 2474 1035 καὶ
2517 981 2567 1035 οἱ
2603 981 2840 1053 ἑκάστης
2891 982 3212 1054 διοικήσεως
3258 982 3549 1052 ὕπαρχοι,

1929 1073 2026 1125 καὶ
2065 1074 2114 1125 οἱ
2162 1074 2427 1144 ἄρχοντες
2456 1075 2553 1128 καὶ
2586 1075 2635 1127 οἱ
2682 1074 2890 1128 ἔκδικοι
2934 1074 3110 1129 ταῦτα
3153 1076 3270 1138 τοῖς
3321 1074 3556 1144 ἱερεῦσι

1932 1165 2404 1235 προσαγγέλλουσι
2425 1181 2439 1196 ·
2471 1164 2554 1218 δεῖ
2585 1165 2643 1218 δὲ
2668 1164 2893 1218 τοιαῦτα
2927 1163 3070 1235 μετὰ
3098 1164 3430 1237 ἀκριϐείας,
3452 1163 3557 1217 ἐπὶ

1932 1257 2042 1309 τῶν
2087 1256 2440 1326 Εὑαγγελίων
2488 1255 2816 1328 ζητεῖσθαι,
2872 1258 2969 1310 καὶ
3009 1258 3137 1319 τοὺς
3181 1257 3559 1325 συκοφάντας

1935 1347 2402 1417 άγανακτεῖσθαι·
2461 1348 2653 1412 ποινάς
2714 1348 2771 1401 δὲ
2822 1348 3116 1418 διαφόρους
3164 1349 3345 1419 ὁρίζει
3400 1348 3557 1400 κατὰ

1936 1440 2045 1493 τῶν
2070 1442 2348 1511 ἀρχόντων
2394 1441 2490 1493 καὶ
2536 1441 2646 1494 τῶν
2678 1439 2886 1505 τάξεων
2920 1443 3017 1495 καὶ
3058 1440 3168 1494 τῶν
3193 1441 3472 1500 ἐκδίκων,
3510 1442 3559 1492 εξ

1938 1534 2112 1589 ταῦτα
2142 1535 2406 1605 μαθόντες
2442 1536 2517 1607 μὴ
2552 1537 2995 1605 προσαγγείλωσι
3046 1538 3159 1600 τοῖς
3194 1537 3563 1607 προσφόροις

1944 1625 2211 1697 ἱερεῦσιν·
2245 1629 2279 1698 ἡ
2314 1628 2497 1698 μέντοι
2528 1629 2571 1700 β’
2601 1628 2741 1684 διάτ.
2778 1628 2874 1681 τοῦ
2905 1628 2954 1681 α’
2984 1628 3092 1684 τίτ.
3136 1629 3247 1682 τῶν
3279 1628 3561 1698 Νεαρῶν,

1945 1722 2037 1773 ἐπὶ
2064 1718 2309 1792 τριετίαν
2360 1715 2515 1773 εἶπεν
2548 1722 2747 1784 αὐτοὺς
2800 1723 2900 1792 τῆς
2930 1720 3281 1792 λειτουργίας
3329 1720 3565 1773 κωλύε-

1944 1812 2090 1877 σθαι,
2127 1814 2222 1867 καὶ
2266 1814 2617 1885 μοναστηρίῳ
2676 1813 3073 1884 ἐμϐάλλεσθαι·
3114 1814 3308 1867 ἄδειαν
3357 1832 3567 1883 παρα-

1945 1906 2152 1977 σχοῦσα
2212 1908 2327 1970 τοῖς
2393 1905 2601 1976 ἱερεῦσι
2672 1907 2965 1977 μετανοίας
3046 1907 3567 1978 ἐπιδεικνυμένης,

1945 1998 2205 2052 ἐλαττοῦν
2230 1999 2320 2051 τὸν
2352 1999 2563 2070 χρόνον.

2017 2093 2093 2143 Οὑ
2158 2090 2319 2161 μόνον
2375 2092 2659 2162 ἐπιορκεῖν
2713 2091 2984 2146 κωλύεται
3039 2090 3306 2161 κληρικὸς
3337 2132 3353 2156 ,
3426 2090 3577 2143 ἀλλὰ

1946 2182 2177 2236 καθόλου
2228 2182 2495 2252 ὀμνύναι·
2546 2183 2763 2253 εἴρηται
2806 2184 2915 2254 γὰρ
2969 2185 3061 2238 τοῦ
3104 2184 3238 2240 κώδ.
3297 2184 3460 2254 βιϐλ.
3506 2183 3575 2245 α’,

1946 2276 2054 2328 τίτ.
2088 2282 2158 2343 γ’,
2194 2275 2338 2332 διάτ.
2371 2283 2471 2339 κε’,
2510 2276 2592 2328 ὅτι
2620 2277 2669 2328 οἱ
2716 2276 2970 2347 κληρικοὶ
2992 2277 3346 2345 δικαζόμενοι
3379 2278 3581 2330 διδόα-

1952 2386 2037 2421 σιν
2074 2368 2280 2436 ἐγγύας
2318 2367 2481 2438 μέχρι
2505 2374 2549 2422 ν’
2581 2368 2814 2439 λιτρῶν·
2850 2370 2897 2421 εἰ
2928 2370 2985 2422 δὲ
3014 2370 3076 2421 τὸ
3105 2371 3344 2440 πρᾶγμα
3384 2370 3584 2439 ὑπερ·

1950 2457 2149 2524 ϐαίνει,
2209 2457 2659 2527 όμολογίανξέπὶ
2709 2457 2786 2528 τῷ
2846 2458 3231 2528 ὑπερϐαίνοντι
3298 2460 3584 2511 ποιοῦσιν

1952 2549 2237 2621 ἀνώμοτον
2261 2566 2273 2578 ·
2312 2550 2447 2603 διότι
2483 2551 2579 2604 καλ⁵
2616 2552 2667 2604 οἱ
2700 2553 2855 2621 νόμοι
2904 2553 3001 2606 καὶ
3046 2554 3096 2605 οἱ
3134 2554 3399 2616 κανόνες,
3466 2571 3588 2604 κω-

1952 2643 2142 2696 λύουσι
2172 2642 2435 2713 κληρικὸν
2464 2643 2691 2713 ὀμνύειν
2713 2660 2727 2674 ·
2763 2644 2813 2697 εί
2841 2646 2937 2699 καὶ
2965 2643 3035 2696 τά
3066 2644 3309 2714 μάλιστα
3336 2646 3589 2715 εἴρηται

1958 2735 2101 2807 βιϐλ.
2140 2734 2219 2805 τῷ
2248 2732 2420 2798 αὐτῷ,
2454 2734 2561 2790 τίτ.
2602 2733 2689 2805 ιβ’,
2719 2735 2863 2791 διάτ.
2895 2742 2965 2804 γ’,
3003 2736 3191 2789 ὅτιδεί
3224 2738 3361 2799 τοὺς
3398 2755 3591 2808 1:99:—

1964 2825 2293 2895 φεύγοντας,
2326 2823 2809 2894 προτρεπομένους
2840 2825 2934 2876 καὶ
2969 2825 3131 2891 ὅρκον
3156 2824 3252 2875 ἐπὶ
3280 2827 3350 2893 τῇ
3387 2828 3593 2891 ἀσφα-

1955 2918 2078 2989 λείᾳ
2132 2914 2549 2985 λαμϐάνοντας,
2600 2913 2960 2969 ἀποτίθεσθαι
3007 2915 3151 2986 ἅπερ
3195 2917 3591 2985 ἐπιφέρονται

1957 3014 2132 3067 ὅπλα·
2156 3013 2310 3085 καὶὴ
2346 3012 2400 3078 ς’
2431 3012 2573 3065 διάτ.
2606 3011 2701 3064 τοῦ
2738 3012 2901 3066 αὑτοῦ
2946 3011 3090 3082 βιϐλ.
3124 3012 3321 3083 φησὶν,
3358 3013 3461 3065 ὅτι
3494 3012 3597 3064 ἐὰν

1961 3107 2110 3161 ἔστιν
2141 3105 2370 3158 ὑπόνοια
2404 3106 2532 3175 περὶ
2577 3105 2843 3176 κληρικοῦ
2875 3106 2952 3168 ώς
3000 3106 3214 3175 ἔχοντος
3251 3104 3597 3175 πράγματα

1961 3200 2057 3253 τοῦ
2090 3197 2555 3270 προσφεύγοντος.
2586 3198 2835 3251 κελεύσει
2860 3197 2954 3250 τοῦ
2989 3198 3296 3250 ἐπισκόπου
3326 3198 3556 3266 ὀμνύει
3582 3214 3593 3223 ·

1962 3294 1997 3365 ἡ
2041 3293 2097 3345 δὲ
2139 3291 2379 3355 κώλυσις
2422 3290 2518 3344 τοῦ
2549 3291 2851 3362 λαμϐάνειν
2899 3291 3161 3362 κληρικδν
3188 3292 3431 3353 τόκους,
3466 3295 3598 3361 ἐμοὶ

1966 3383 2217 3455 φαίνεται
2268 3382 2547 3453 πανταχοῦ
2600 3383 2730 3453 περὶ
2776 3383 2884 3436 τῶν
2944 3382 3053 3435 ἀπὸ
3116 3383 3339 3435 δανείου
3406 3384 3601 3453 ἤγουν

1968 3473 2264 3546 συμφώνου
2319 3472 2594 3542 λελέχθαι,
2644 3473 2706 3525 οὑ
2774 3472 2880 3543 μὴν
2936 3475 3067 3543 περὶ
3102 3472 3209 3524 τῶν
3262 3474 3600 3542 σιωπηρῶς

1966 3568 2319 3640 ἁρμοζόντων
2352 3566 2412 3632 ἐξ
2446 3566 2796 3638 ὑπερθέσεως
2819 3567 2915 3620 ἐπὶ
2943 3565 3053 3620 τῶν
3097 3565 3226 3635 βόνα
3265 3566 3402 3634 φίδε
3441 3568 3604 3635 ἀγω-

1968 3663 2101 3732 γῶν.

2055 3751 2272 3823 Ἀμέλει
2302 3751 2396 3805 καὶ
2432 3752 2463 3820 ἡ
2520 3756 2568 3819 γ’
2597 3750 2737 3804 διάτ.
2770 3748 2865 3803 τοῦ
2925 3748 2969 3820 β’
2999 3749 3104 3805 τίτ.
3148 3750 3258 3802 τῶν
3308 3750 3603 3821 Νεαρῶν,

1974 3848 2066 3901 ἐπὶ
2096 3847 2347 3919 ληγάτων
2375 3846 2618 3900 εὐσεϐῶν
2648 3846 2708 3911 ἐξ
2734 3846 3085 3919 ὑπερθέσεως
3130 3841 3289 3899 εἶπεν
3316 3852 3607 3901 ἀπαιτεῖ·

1976 3941 2103 3995 σθαι
2132 3941 2227 3994 καὶ
2253 3939 2448 4004 τόκους
2479 3940 2576 3993 καὶ
2605 3940 2875 4011 καρπούς.

2049 4035 2186 4104 Περὶ
2211 4032 2268 4087 δὲ
2295 4033 2505 4103 κλοπῆς
2534 4032 2833 4102 κληρικῶν,
2872 4033 3053 4096 ίδικῶς
3095 4035 3122 4087 ὁ
3171 4032 3337 4102 νόμος
3372 4034 3447 4085 οὑ
3485 4034 3609 4086 δια-

1978 4126 2222 4195 λέγεται,
2267 4125 2501 4193 γενικῶς
2536 4125 2593 4177 se
2622 4124 2985 4197 διαλαμϐάνει
3030 4126 3160 4196 περὶ
3208 4124 3472 4194 κλοπῆς,
3529 4124 3609 4194 οβ’

1979 4216 2084 4270 τίτ.
2118 4216 2214 4269 τοῦ
2245 4216 2332 4285 με’
2380 4214 2523 4285 βιϐλ.
2556 4215 2667 4269 τῶν
2692 4216 2807 4285 δίγ.
2845 4216 2950 4271 Δύο
2980 4216 3035 4270 δὲ
3060 4217 3178 4284 εἴδη
3209 4217 3314 4287 τῆς
3338 4218 3607 4289 κλοπῆς,

1979 4308 2075 4361 καὶ
2133 4307 2196 4359 τὸ
2247 4307 2344 4378 μὲν
2392 4307 2565 4376 αὑτῆς
2617 4304 2835 4376 λέγεται
2887 4308 3101 4379 φανερὰ
3152 4308 3374 4378 κλοπὴ,
3422 4311 3499 4362 τὸ
3553 4311 3611 4364 δὲ

1982 4401 2198 4470 ἀφανής
2223 4415 2238 4429 ·
2284 4400 2520 4472 φανερὸς
2555 4400 2796 4471 κλέπτης
2838 4402 3009 4467 ἐστὶν,
3058 4402 3087 4454 ό
3124 4402 3263 4470 μετὰ
3310 4402 3424 4455 τοῦ
3476 4406 3613 4457 ἑπι-

287 4482 383 4552 qni
423 4496 545 4536 cum
584 4480 785 4534 furtiva
824 4496 883 4535 re
918 4496 947 4533 a
982 4481 1355 4552 qualicunque
1397 4497 1662 4553 persona,
1696 4486 1867 4553 prius-

2050 4493 2318 4562 οπιμαίου
2377 4492 2707 4564 πράγματος
2767 4493 2828 4559 ἐξ
2883 4495 3203 4563 οίουδὴποτε
3278 4497 3611 4565 προσώπου

289 4587 457 4641 quam
486 4584 606 4623 eam
640 4569 913 4640 perferat,
946 4585 1057 4639 quo
1091 4586 1158 4626 eo
1189 4572 1278 4627 die
1314 4571 1603 4645 [perferre]
1641 4573 1881 4628 destina-

292 4672 401 4730 tat,
428 4663 545 4719 sive
576 4664 629 4716 in
659 4664 781 4718 loco
808 4663 1025 4731 publico
1049 4665 1166 4720 sive
1195 4664 1251 4719 in
1282 4666 1495 4736 privato
1523 4666 1884 4735 deprehendi-

293 4768 403 4810 tur.
434 4754 542 4810 Sed
576 4755 623 4810 si
655 4757 947 4826 pertulerit
975 4772 1087 4827 quo
1119 4757 1447 4823 destinavit,
1479 4758 1698 4813 tametsi
1736 4768 1885 4828 post-

296 4849 519 4904 modum
550 4862 676 4903 cum
709 4863 767 4903 re
795 4847 995 4905 furtiva
1023 4850 1467 4921 deprehendatur
1497 4868 1511 4905 :
1542 4866 1651 4905 non
1685 4860 1770 4906 est
1799 4852 1886 4904 fur

297 4941 646 4997 manifestus.
677 4940 781 5007 Qui
810 4958 941 4997 vero
972 4944 1098 4999 talis
1126 4959 1234 4998 non
1270 4942 1431 5016 [cst,]
1463 4943 1548 4997 fur
1580 4960 1681 4998 nec
1710 4946 1887 4997 mani-

296 5034 489 5090 festus.
523 5034 794 5089 Caeterum
835 5050 997 5105 pmna
1032 5035 1170 5093 luris
1208 5036 1489 5092 manifesti
1525 5037 1774 5105 procedit
1816 5035 1883 5090 ad

298 5127 669 5198 quadruplum
707 5128 865 5197 pretii
893 5130 971 5183 rei
1010 5128 1240 5195 furtivae,
1266 5129 1542 5185 interdum
1571 5130 1735 5183 etiam
1767 5130 1888 5200 ejus

298 5222 445 5289 quod
498 5221 727 5275 interest
768 5235 781 5274 :
828 5236 939 5276 non
983 5222 1291 5286 manifesti,
1326 5222 1394 5277 ad
1439 5222 1687 5290 duplum.
1719 5221 1785 5278 Et
1821 5224 1889 5278 ab

302 5319 539 5382 utroque
559 5322 751 5365 exacta
774 5328 835 5367 ea
863 5316 1218 5383 ptenzmlatur
1237 5311 1510 5384 [insuper]
1533 5328 1617 5368 res
1640 5311 1887 5386 [furtiva]

299 5402 487 5471 ejusve
512 5403 824 5457 aestimatio.

374 5494 595 5548 Textus.
620 5494 726 5561 Qui
752 5511 814 5551 ex
846 5497 1101 5551 incendio
1126 5506 1221 5550 aut
1249 5496 1535 5568 naufragio
1561 5496 1888 5572 [quidpiam]

304 5587 481 5655 capit,
506 5596 661 5641 extra
691 5604 805 5643 rem
836 5588 1096 5660 [captain]
1128 5589 1270 5643 intra
1304 5591 1494 5645 utilem
1526 5607 1731 5646 annum
1756 5610 1894 5663 qua-

307 5675 561 5743 druplutn
610 5676 657 5729 ei
704 5678 792 5731 cui
840 5679 1055 5734 furatus
1102 5690 1218 5745 est,
1253 5690 1306 5735 et
1350 5682 1714 5753 quadruplum
1766 5686 1896 5744 fisco

314 5768 406 5820 dat
452 5785 464 5819 :
522 5777 643 5837 pust
688 5786 891 5825 annum
941 5788 1068 5828 vero
1116 5774 1401 5844 simplum,
1441 5788 1499 5831 ut
1540 5777 1633 5832 lib.
1687 5796 1736 5833 τι
1774 5782 1893 5836 cod.

1985 4581 2399 4653 λαμϐανόμενος
2452 4583 2584 4650 πρὶν
2628 4582 2663 4653 ἢ
2715 4582 2777 4635 τδ
2824 4586 3060 4654 πρᾶγμα
3117 4582 3432 4650 ἐπαγάγοι,
3470 4585 3613 4638 ἕνθα

1988 4674 2258 4745 προέθετο
2279 4676 2337 4726 ἐν
2364 4675 2506 4745 αὑτῇ
2536 4677 2604 4746 τῇ
2639 4675 2847 4747 ἡμέρᾳ,
2876 4676 2988 4729 εἴτε
3015 4677 3075 4729 ἐν
3103 4675 3358 4747 δημοσίῳ
3395 4679 3523 4731 εἴτε
3554 4682 3613 4731 ἐν

1990 4764 2246 4836 ἰδιωτικῷ
2272 4766 2425 4837 τόπῳ
2444 4781 2460 4797 ·
2500 4767 2549 4819 εί
2578 4766 2636 4819 δὲ
2660 4765 2950 4837 ἀπήγαγεν
2982 4766 3113 4821 ἔνθα
3136 4767 3418 4839 προέθετο
3446 4770 3611 4833 αὖτ’),

1988 4861 2093 4915 κᾶν
2122 4860 2308 4914 λοιπὸν
2338 4859 2620 4932 συλληφθῇ
2657 4862 2775 4931 μετ’
2810 4860 3010 4927 αὑτοῦ,
3046 4863 3147 4915 οὑκ
3203 4861 3320 4914 ἐστι
3352 4865 3613 4934 φανερὸς

1991 4955 2236 5024 κλέπτης
2256 4970 2271 4984 ·
2303 4956 2331 5007 ό
2360 4954 2417 5007 δὲ
2444 4954 2521 5024 μὴ
2568 4955 2833 5019 τοιοῦτος,
2867 4954 3081 5027 ἀφανὴς
3116 4954 3365 5026 κλέπτης
3416 4958 3579 5010 ἐστίν
3599 4973 3611 4984 ·

1992 5050 2026 5119 ὴ
2057 5047 2115 5100 δὲ
2152 5046 2312 5119 ποινὴ
2338 5047 2433 5100 τοῦ
2468 5047 2568 5118 μὲν
2596 5048 2835 5119 φανεροῦ
2870 5049 3110 5102 κλέπτου
3139 5048 3384 5117 γίνεται,
3431 5050 3517 5111 είς
3550 5050 3614 5101 τὸ

1992 5139 2335 5211 τετραπλοῦν
2364 5139 2462 5193 τοῦ
2485 5142 2798 5211 τιμήματος
2827 5140 2921 5194 τοῦ
2960 5141 3268 5205 κλαπέντος
3291 5157 3304 5169 ·
3328 5141 3490 5195 ἐστιν
3517 5144 3610 5195 ὅτε

1993 5236 2088 5290 καὶ
2134 5234 2229 5289 τοῦ
2283 5236 2672 5307 διαφέροντος·
2704 5237 2801 5291 τοῦ
2851 5239 2909 5292 δὲ
2964 5240 3228 5308 ἀφανοῦς,
3278 5241 3361 5301 είς
3412 5241 3476 5294 τὸ
3530 5241 3613 5293 δι-

1994 5328 2163 5383 πλοῦν
2184 5348 2197 5360 ·
2245 5330 2340 5384 καὶ
2370 5332 2454 5401 ἐφ’
2486 5332 2774 5403 ἐκατέρου,
2806 5331 3006 5400 ἔξωθεν
3033 5334 3135 5404 τῆς
3168 5332 3441 5405 τοιαύτης
3464 5335 3611 5387 δίδο-

1994 5440 2086 5477 ται
2135 5424 2197 5476 τὸ
2245 5424 2484 5495 πρᾶγμα
2531 5425 2563 5496 ἥ
2614 5426 2649 5496 ἡ
2698 5426 3020 5498 διατίμησις
3066 5426 3259 5481 αὑτοῦ.

2082 5515 2141 5568 Ὁ
2162 5515 2219 5568 δέ
2242 5516 2351 5569 ἀπὸ
2368 5517 2704 5589 ἐμπρησμοῦ
2725 5519 2757 5589 ἦ
2782 5519 3043 5588 ναυαγίου
3062 5519 3369 5590 λαμϐάνων
3400 5519 3603 5585 ἔξωθεν

1997 5604 2092 5657 τοῦ
2114 5606 2463 5676 πράγματος,
2484 5608 2699 5663 δίδωσιν
2726 5610 2857 5662 εἵσω
2890 5609 2987 5678 μὲν
3004 5610 3243 5663 οὑτιλίου
3262 5610 3521 5664 ἐνιαυτοῦ
3543 5610 3602 5659 τὸ

1998 5697 2338 5766 τετραπλοῦν
2359 5699 2435 5769 τῷ
2456 5699 2737 5765 κλαπέντι,
2755 5700 2939 5771 καὶτῷ
2959 5700 3141 5771 φίσκῳ
3156 5700 3217 5755 τὸ
3232 5718 3402 5770 τετρα
3414 5698 3598 5752 πλοῦν·

2005 5789 2143 5859 μετά
2175 5789 2231 5842 δὲ
2262 5791 2351 5844 τόν
2403 5792 2671 5861 ἐνιαυτὸν,
2724 5793 2783 5846 τὸ
2826 5792 3053 5860 ἁπλοῦν,
3086 5793 3162 5859 ὡς
3212 5792 3357 5863 βιθλ,
3402 5800 3453 5857 ς’
3504 5790 3600 5844 τοῦ
