3766 6198
141 306 226 365 ιιι
840 298 1239 361 SYNTAGMA
1276 295 1661 382 eANoNUM.

1853 294 1935 353 [T.
1971 293 2056 353 IX
2077 342 2091 368 ,
2128 294 2284 355 CAP-
2316 295 2588 357 XXVIII-

3257 298 3365 362 778

139 411 251 464 ιιὼδ.
276 410 354 461 τὶτ
382 449 396 473 ,
424 407 491 479 β’,
522 408 662 462 διάτ.
692 405 780 476 ιη’,
813 409 906 461 καὶ
938 408 1088 475 ἐντῷ
1116 403 1159 458 6⁸
1186 405 1291 459 τίτ.
1320 403 1414 455 τοῦ
1439 403 1511 473 μζ
1552 402 1688 472 βιϐλ.

1853 417 1879 455 ι.
1914 401 1971 469 2,
2000 411 2179 456 const.
2212 402 2302 467 18,
2331 411 2385 456 et
2411 403 2495 456 tit.
2528 403 2582 468 9,
2616 401 2710 456 lib.
2741 418 2885 458 xavn
2924 401 3179 476 [dicunt].
3204 402 3367 474 300

205 501 288 561 Ὠς
314 502 403 552 ἐπὶ
430 501 491 553 τὸ
522 501 654 552 πολὺ
682 502 737 551 δὲ
767 498 1188 566 ἐγκληματικῶς
1217 497 1266 548 οἱ
1296 496 1527 547 κλέπται
1564 510 1692 545 κατ-

139 590 469 663 ηγοροῦνται,
496 591 706 659 κλοπῆς
740 591 1048 661 ἡγουμένης
1066 628 1081 653 ,
1108 589 1187 647 ὡς
1215 588 1321 656 δίγ.
1350 584 1438 653 ιιγ¹
1465 584 1559 637 τοῦ
1589 586 1689 638 αὐ-

136 684 219 738 τοῦ
244 685 344 737 τίτ.
394 684 487 736 καὶ
532 686 564 752 ἠ
617 682 711 735 τοῦ
765 680 956 734 διπλοῦ
989 679 1145 751 ἢτοῦ
1187 676 1491 750 τετραπλοῦ
1534 675 1692 747 ποινὴ

136 780 308 847 ἀργεῖ·
332 778 553 846 εἴρηται
582 776 690 843 γὰρ
724 774 833 843 δὶγ.
867 772 945 837 νζ¹
977 773 1072 826 τοῦ
1104 770 1294 833 αὑτοῦ,
1344 772 1424 823 ὅτι
1470 770 1564 824 ἐάν
1609 785 1692 831 τις

134 870 215 921 τὸν
241 867 476 935 κλέπτην
509 865 735 936 παραδῷ
764 864 1125 935 νυκτεπάρχῳ
1153 864 1185 934 ἢ
1219 862 1295 933 τῷ
1320 862 1562 932 ἄρχοντι,
1599 861 1691 912 καὶ

137 955 542 1018 καταδικασθεὶς
577 955 835 1025 παράσχῃ
873 955 936 1006 τὸ
978 955 1215 1024 πρᾶγμα
1246 953 1277 1023 ἢ
1306 954 1405 1021 τὴν
1433 950 1691 1019 διατίμη-

135 1065 209 1101 σιν
233 1046 417 1110 αὐτοῦ,
437 1047 744 1115 ἀναιρεῖται
775 1048 809 1114 ἡ
844 1046 964 1097 κατ’
996 1044 1159 1097 αὐτοῦ
1199 1043 1389 1112 ἀγωγὴ
1422 1043 1497 1104 ὡς
1527 1041 1691 1093 αὑτοῦ

132 1137 596 1199 κινδυνεύσαντος·
647 1138 675 1188 ὁ
705 1137 761 1189 δὲ
805 1133 1227 1196 καταδικασθεὶς
1275 1134 1368 1185 ἐπὶ
1415 1132 1612 1201 κλοπῇ,
1656 1132 1688 1203 ἢ

132 1226 342 1296 φιλικῶς
397 1227 736 1293 ἀπαλλαγεὶς
788 1225 884 1277 ἐπὶ
939 1225 1083 1277 δόσει
1132 1224 1448 1294 χρημάτων,
1500 1221 1694 1290 ἄτιμος

133 1320 337 1389 γίνεται,
388 1319 466 1381 ὡς
515 1318 657 1387 βιϐλ.
704 1316 774 1385 γ’,
831 1316 938 1369 τίτ.
999 1313 1065 1383 β’,
1117 1315 1223 1382 δίγ.
1279 1312 1344 1382 β’,
1397 1311 1575 1366 κανὼν
1616 1309 1690 1375 ς’.

201 1410 327 1478 Περὶ
369 1407 749 1476 τυμϐωρύχων
776 1406 1008 1474 γενικῶς
1039 1404 1395 1475 διαλαμϐάνει
1422 1404 1450 1456 ὁ
1487 1401 1551 1472 ιβ’
1584 1404 1689 1455 τίτ.

129 1500 211 1551 τοῦ
244 1505 330 1567 μη’
363 1498 508 1567 βιϐλ.
552 1502 609 1550 ὲν
711 1514 893 1567 φησιν,
926 1497 1033 1549 ὅτι.
1069 1495 1177 1548 Καὶ
1206 1495 1563 1565 χρηματικῶς
1599 1493 1694 1545 καὶ

128 1587 533 1658 ἑγκληματικῶς
579 1587 928 1639 ὑπόκεινται·
964 1587 1056 1639 καὶ
1110 1586 1257 1637 ἐστιν
1300 1586 1332 1653 ἡ
1380 1583 1693 1653 χρηματικὴ

128 1681 292 1747 ποινὴ,
318 1678 453 1730 ποτὲ
489 1679 587 1747 μὲν
615 1680 692 1740 εἰς
719 1675 790 1746 ρ’,
826 1677 959 1729 ποτὲ
993 1678 1049 1729 δὲ
1079 1679 1158 1739 είς
1187 1682 1251 1741 σ’,
1285 1675 1414 1727 ποτὲ
1446 1674 1501 1727 δὲ
1533 1677 1610 1736 εἱς
1635 1674 1694 1727 τὸ

1794 493 2122 562 Plerumque
2153 494 2513 547 criminaliter
2546 494 2813 563 scriptura
2847 497 3181 567 praecedente
3212 495 3365 549 fures

1794 594 2153 651 accusantur,
2221 586 2676 654 quemadmodum
2733 588 2926 656 digest.
2971 588 3075 651 95,
3122 585 3365 653 ejusdem

1792 674 1875 729 tit.
1904 673 1992 745 [de
2014 674 2175 728 furtis
2200 674 2481 747 traditur,]
2512 684 2568 729 et
2589 685 2766 729 cessat
2787 677 2933 746 dupli
2961 685 3054 730 aut
3076 674 3367 745 quadrupli

1792 781 1977 835 paena.
2009 764 2217 819 Dicitur
2246 767 2392 820 enim
2423 767 2620 835 digest.
2651 766 2746 831 57,
2775 767 3016 837 ejusdem
3056 765 3189 838 [tit.]
3219 765 3366 835 quod

1793 857 1840 912 si
1874 857 1998 926 quis
2032 856 2207 912 furem
2244 858 2421 912 tradat
2452 857 2707 929 praefecto
2740 860 2960 928 vigilum
2995 870 3091 913 aut
3117 858 3365 928 praesidi.

1793 956 1846 999 et
1874 944 2015 1017 [ille]
2047 947 2445 1002 condemnatus
2481 964 2595 1002 rem
2628 949 2814 1017 ejusve
2849 948 3081 1017 pretium
3111 948 3319 1002 dederit
3349 965 3363 999 :

1795 1034 2018 1088 tollatur
2044 1034 2310 1089 adversus
2340 1037 2516 1105 ipsum
2548 1038 2690 1091 actio
2715 1078 2729 1103 ,
2758 1034 2927 1107 [ideo]
2953 1037 3096 1105 quod
3125 1035 3214 1106 [de
3244 1050 3366 1089 ma-

1790 1126 1906 1192 iore
1941 1126 2123 1198 poma]
2158 1128 2512 1195 periclitetur.
2541 1128 2645 1193 Qui
2689 1138 2869 1182 autem
2910 1128 3038 1181 furti
3079 1130 3369 1181 damnatus

1793 1228 1903 1279 est,
1933 1226 2027 1269 aut
2057 1218 2231 1271 amice
2260 1218 2401 1272 datis
2430 1218 2673 1288 pecuniis
2706 1217 2795 1289 [de
2824 1217 2913 1289 eo]
2947 1219 3211 1287 transegit
3237 1234 3250 1270 :
3286 1217 3370 1271 ln-

1793 1306 1953 1360 famis
1979 1308 2243 1373 redditur,
2267 1318 2327 1362 ut
2349 1309 2444 1362 lib.
2466 1324 2548 1373 ιιι,
2570 1310 2652 1363 tit.
2678 1308 2731 1372 2,
2753 1308 3019 1378 digest.2,
3038 1322 3226 1362 canon:
3240 1306 3295 1359 6.

1868 1396 2082 1453 Textus.
2119 1397 2194 1453 De
2234 1400 2605 1468 sepulcrorum
2646 1399 3005 1453 violatoribus
3046 1398 3370 1467 generaliter

1796 1497 1992 1543 traeiat
2020 1490 2101 1541 tit.
2134 1489 2229 1554 l2,
2258 1491 2351 1543 lib.
2390 1506 2579 1552 χιιειιι,
2604 1505 2727 1544 cum
2756 1491 2886 1544 dicit
2912 1508 2925 1542 :
2961 1488 3232 1560 [Sepulcri
3259 1488 3372 1542 vio-

1795 1580 1890 1632 lati
1922 1579 2072 1651 reus]
2106 1587 2221 1633 tum
2257 1581 2572 1649 pecuniarie
2606 1592 2719 1635 tum
2753 1580 3108 1636 criminaliter
3136 1590 3368 1634 tenetur.

1794 1674 1871 1727 Ac
1926 1672 2241 1742 pecuniaria
2299 1670 2593 1744 [quidem]
2647 1688 2807 1741 pmna
2859 1672 2995 1725 alias
3051 1672 3103 1724 in
3153 1680 3370 1725 centum

129 1742 367 1839 διαφέρον
397 1742 503 1835 τῆς
528 1742 826 1838 γενομένης
884 1767 1109 1837 ζημίας,
1146 1768 1240 1820 καὶ
1264 1767 1457 1835 ἄτιμος
1485 1767 1691 1835 γίνεται

1853 1780 2017 1829 ireos,
2050 1764 2186 1817 alias
2221 1763 2274 1816 in
2300 1764 2597 1824 ducentos,
2632 1764 2766 1817 alias
2795 1762 2861 1816 ad
2895 1763 2949 1816 id
2975 1763 3117 1832 quod
3147 1762 3373 1816 interest

129 1860 153 1911 ὁ
173 1857 688 1927 καταδικαζόμενος.

189 2041 249 2094 Οἱ
280 2039 334 2092 δὲ
370 2037 883 2110 τυμϐωρυχοῦντες,
913 2041 961 2092 εἰ
994 2042 1092 2109 μὲν
1124 2040 1264 2109 μετὰ
1288 2039 1488 2102 ὅπλων,
1521 2055 1693 2106 κεφα-

128 2129 282 2192 λικῶς
312 2146 682 2200 τιμωροῦνται
704 2145 719 2160 ο
751 2131 798 2181 εἱ
830 2130 885 2181 δὲ
917 2129 1087 2199 χωρὶς
1119 2129 1319 2193 ὅπλων,
1356 2128 1517 2199 μέχρι
1562 2129 1686 2197 μέετ-

127 2220 288 2275 άλλων
310 2236 327 2252 ⁸
357 2222 407 2275 οἱ
435 2222 495 2273 δὲ
531 2222 599 2273 τὰ
630 2220 857 2285 λείψανα
898 2221 931 2290 ἢ
976 2222 1046 2273 τὰ
1070 2221 1203 2273 ὀστᾶ
1252 2217 1692 2291 μετακινοῦντες,

132 2312 352 2374 εὐτελεῖς
387 2313 490 2379 μὲν
520 2312 695 2377 ὄντες,
724 2314 913 2382 ἄκρως
937 2311 1345 2382 τιμωροῦνται·
1365 2312 1414 2363 οἱ
1444 2309 1499 2362 δὲ
1522 2309 1694 2367 ἄλλως

135 2403 252 2471 περὶ
298 2404 566 2473 μνημεῖον
620 2402 1093 2472 πλημμελοῦντες,
1138 2398 1492 2471 ἐξορίζονται,
1534 2399 1567 2469 ἢ
1617 2400 1697 2461 είς

134 2492 380 2559 μέταλλον
426 2492 919 2557 καταδικάζονταιο
962 2492 1080 2554 πῶς
1124 2492 1180 2545 δὲ
1214 2491 1436 2544 δυνατὸν
1482 2488 1698 2543 ἀκινδύ-

134 2600 229 2647 νως
270 2585 360 2638 καὶ
402 2585 658 2655 ἀζημίως
709 2584 1036 2655 μεταφέρειν
1064 2583 1317 2652 λείψανα,
1350 2583 1447 2635 καὶ
1478 2581 1699 2650 φιλοκα-

130 2675 230 2727 λεῖν
255 2677 540 2747 μνημεῖον,
571 2675 809 2729 διδάσκει
837 2677 866 2729 ό
908 2675 1070 2739 αὐτὸς
1102 2676 1209 2730 τὶτ.
1236 2676 1331 2727 καὶ
1362 2674 1391 2727 ὁ
1422 2671 1468 2737 ζ’
1500 2671 1595 2725 τοῦ
1627 2668 1694 2723 ια’

132 2765 261 2835 βιϐλ.
298 2766 404 2818 τῶν
434 2766 549 2833 διγ.
584 2767 903 2818 ὑπόκεινται
931 2764 988 2817 δὲ
1020 2767 1069 2818 οἱ
1101 2763 1473 2834 τυμϐωρύχοι,
1502 2762 1699 2832 καὶτῷ

132 2858 248 2925 περ).
281 2856 588 2926 ἱεροσυλίας
611 2857 781 2926 νόμῳ,
814 2857 888 2918 ὼς
923 2855 1066 2925 βιϐλ.
1098 2861 1214 2925 μη’,
1247 2856 1353 2909 τίτ.
1387 2860 1476 2922 ιγ’,
1496 2852 1634 2905 διάτ.
1660 2849 1697 2903 ε’

131 2946 215 2999 τοῦ
262 2946 319 2999 ιθ’
368 2948 480 3000 τὶτ.
531 2946 625 3000 τοῦ
658 2946 704 3000 θ’
758 2946 899 3017 βιϐλ.
936 2947 1029 3000 τοῦ
1061 2946 1217 3009 κώδ.,
1268 2947 1326 2998 ὲν
1367 2939 1409 3012 ᾧ
1461 2945 1554 2999 καὶ
1602 2944 1699 3006 τὰς

132 3040 467 3109 χρηματικὰς
499 3037 650 3102 αΰξει
677 3037 869 3100 ποινὰς
893 3077 910 3103 ,
969 3038 1101 3090 ποτὲ
1150 3037 1249 3109 μὲν
1281 3038 1535 3107 στέρησιν
1570 3037 1699 3104 κτή-

136 3146 289 3196 ματος
319 3128 351 3199 ἢ
383 3129 566 3199 ἀγροῦ
594 3129 627 3200 ἢ
657 3130 809 3182 οἴκου
834 3129 1077 3198 ἐπάγων,
1114 3128 1208 3181 ἐὰν
1254 3126 1333 3191 εἱς
1368 3129 1564 3190 αὐτοὺς
1595 3128 1695 3199 ὕλη

130 3220 385 3291 ἀπενεχθῇ
435 3221 548 3274 ἀπὸ
598 3219 899 3290 μνημείουθ
949 3221 1080 3272 ποτὲ
1123 3220 1177 3271 δὲ
1214 3218 1243 3271 ι’
1276 3219 1473 3289 λιτρῶν
1505 3222 1696 3289 ποινὴν

134 3310 358 3378 ἐπάγων,
390 3311 491 3363 καὶ
523 3316 569 3363 κ’
595 3311 670 3379 τῷ
694 3312 916 3380 ἄρχοντι
948 3312 1023 3381 μὴ
1045 3310 1312 3375 ἐπεξιόντι
1338 3325 1350 3339 ’
1378 3312 1471 3362 καὶ
1496 3311 1553 3361 ὲν
1579 3312 1697 3372 ταῖς

132 3401 350 3468 ἡμέραις
395 3399 460 3452 δὲ
513 3399 607 3451 τοῦ
654 3399 845 3464 Πάσχα
877 3401 927 3451 οἱ
972 3399 1322 3469 τυμϐωρύχοι
1368 3398 1697 3466 ὲγκλείονται

132 3489 213 3538 καὶ
261 3488 612 3559 δεσμοῦνται,
671 3491 749 3553 ὡς
809 3490 952 3560 βιϐλ.
985 3488 1031 3542 α’
1069 3490 1179 3542 ’τοῦ
1241 3489 1417 3557 κώδ.,
1467 3492 1570 3544 τίτ.
1631 3491 1693 3551 δ’,

128 3578 255 3631 διάτ.
297 3576 366 3647 γ’.

354 3815 373 3840 δ

193 3857 442 3912 ΚΕΦΑΛ.
476 3856 612 3910 Kll'.
647 3889 715 3900 —-
748 3860 889 3926 Περὶ
930 3857 1051 3912 τῶν
1070 3858 1565 3928 ,βδελυττομένων
1592 3858 1697 3911 τὸν

129 3945 304 4017 γάμον
329 3950 368 4018 ἣ
397 3948 514 4002 τὸν
543 3945 718 4002 οἶνον
749 3950 788 4018 ἢ
823 3951 897 4003 τὰ
933 3951 1097 4017 κρέα.

476 4041 862 4095 Ἀποστόλων
895 4040 1096 4094 κανὼν
1126 4039 1225 4105 va’,
1253 4039 1352 4107 νγ’.

194 4139 290 4187 ναν.
333 4134 400 4187 Εἰ
426 4151 515 4197 τις
546 4133 916 4204 ὲπίσκοπος,ἥ
947 4132 1335 4203 πρεσϐύτερος,
1364 4133 1397 4203 ἢ
1431 4133 1693 4196 διάκονος,

129 4224 159 4292 ἢ
209 4224 341 4289 ὅλως
387 4225 485 4278 τοῦ
522 4224 826 4293 καταλόγου
873 4225 967 4278 τοῦ
1022 4226 1320 4297 ἱερατικοῦ,
1374 4225 1554 4295 γάμου
1607 4227 1698 4277 καὶ

130 4315 315 4384 κρεῶν,
346 4334 403 4370 κ.
434 4334 489 4370 τ.
527 4316 577 4371 λ.

193 4404 287 4471 νγ’.
315 4407 382 4458 El'
409 4424 495 4470 τις
521 4406 841 4470 ἐπίσκοπος,
876 4407 909 4477 ἢ
944 4406 1335 4478 πρεσϐύτερος,
1369 4406 1401 4476 ἢ
1428 4406 1691 4471 διάκονος,
1727 4434 1770 4489 D

128 4495 179 4546 ἐν
204 4498 321 4560 ταῖς
352 4499 593 4567 ἡμέραις
623 4498 731 4551 τῶν
762 4499 984 4567 ἑορτῶν,
1018 4516 1073 4551 κ.
1106 4515 1156 4552 τ.
1186 4497 1235 4551 λ.

431 4590 705 4645 Συνόδου
740 4590 1027 4659 Ἀγκύρας
1058 4590 1258 4644 κανὼν
1296 4592 1373 4644 ιδ’.

198 4678 275 4733 ιδ’.
314 4679 458 4743 Τοὺς
506 4682 564 4735 ὲν
611 4682 797 4753 κλήρῳ
850 4681 1254 4753 πρεσϐυτέρους
1297 4682 1455 4746 ὄντας
1501 4683 1534 4753 ἢ
1579 4683 1693 4735 δια-

124 4772 324 4839 κόνους,
352 4792 409 4827 κ.
444 4791 494 4827 τ.
530 4773 580 4827 λ.

223 4863 497 4917 Συνόδου
525 4863 945 4934 οἱκουμενικῆς
973 4864 1151 4933 ἕκτης
1183 4866 1384 4920 κανὼν
1408 4865 1493 4935 ιγ’,
1525 4865 1587 4917 λ’.

192 4949 275 5017 ιγ’.
323 4952 545 5023 Ἐπειδὴ
582 4955 640 5006 ἐν
671 4957 737 5024 τῇ
776 4954 1061 5024 Ῥωμαίων
1105 4956 1419 5027 Ἐκκλησία,
1475 4973 1527 5008 κ.
1562 4974 1610 5007 τ.
1642 4955 1687 5008 λ.

188 5039 250 5095 λ’.
292 5043 483 5096 Πάντα
531 5044 666 5113 πρὸς
718 5044 1006 5115 οἰκοδομὴν
1053 5046 1146 5116 τῆς
1194 5047 1519 5115 Ἐκκλησὶας
1572 5048 1695 5117 βου-

127 5127 331 5198 λόμενοι
380 5134 829 5202 διαπράττεσθαι,
880 5137 974 5188 καὶ
1020 5137 1147 5199 τοὺς
1192 5139 1250 5190 ὲν
1280 5140 1397 5199 ταῖς
1432 5137 1693 5211 βαρϐαρι-

128 5225 244 5285 καῖς
296 5224 649 5296 Ἐκκλησίαις
695 5227 876 5296 ἱερέας
932 5229 1238 5297 οἰκονομεῖν
1281 5230 1691 5300 διεγνώκαμενο

126 5310 258 5366 ὣστε
285 5316 333 5367 εἰ
362 5316 457 5368 τὸν
486 5318 843 5373 ἁποστολικὸν
873 5320 1106 5385 κανόνα,
1137 5322 1229 5373 τὸν
1284 5322 1411 5391 περὶ
1441 5322 1536 5374 τοῦ
1563 5340 1695 5393 προ-

126 5405 281 5469 φάσει
306 5408 595 5472 εὐλαϐείας
629 5411 728 5480 τὴν
760 5412 968 5465 οἰκείαν
996 5413 1244 5483 γαμετὴν
1280 5414 1355 5484 μὴ
1388 5415 1688 5482 ἐκϐάλλειν,

132 5499 583 5571 ὑπεραναϐαίνειν
610 5507 812 5560 οἴονται
844 5507 977 5571 δεῖν,
1016 5510 1109 5562 καὶ
1138 5509 1281 5579 πέρα
1312 5510 1420 5563 τῶν
1447 5512 1692 5581 ὁρισθέν-

128 5606 231 5644 των
259 5598 455 5661 ποιεῖν,
498 5600 562 5651 ἐκ
584 5598 773 5652 τούτου
808 5617 868 5652 τε
908 5601 1044 5669 μετὰ
1078 5600 1186 5653 τῶν
1218 5603 1432 5654 οἰκείων
1460 5621 1690 5673 συμφω-

131 5676 333 5745 νοῦντες
373 5686 639 5751 συμϐίων,
683 5687 785 5757 τῆς
834 5690 973 5757 πρὸς
1022 5690 1281 5760 ἀλλήλους
1325 5692 1537 5756 ὁμιλίας
1586 5697 1688 5746 απ-

442 5774 716 5840 ΡΔΤΚΟΙ..
765 5780 875 5844 Gn.
928 5780 1083 5844 CIV.

1792 1855 2053 1908 damnum
2085 1854 2289 1910 factum
2320 1870 2442 1909 esse
2471 1855 2735 1926 procedit.
2759 1855 3165 1910 Condcmnatus
3190 1864 3369 1908 autem

1793 1946 2015 2001 infamis
2047 1948 2124 2000 lit.
3052 1972 3063 1991 ε

1863 2040 1967 2106 Qui
2000 2039 2247 2109 sepulcra
2273 2040 2498 2105 violant,
2526 2039 2569 2093 si
2594 2040 2791 2093 armati
2820 2036 2897 2109 [id
2926 2035 3169 2107 faciant],
3195 2037 3372 2105 capite

1794 2130 2102 2200 plectantur
2130 2148 2144 2183 :
2172 2130 2216 2186 si
2251 2130 2367 2185 sine
2394 2131 2584 2196 armis,
2609 2146 2779 2199 usque
2809 2130 2873 2184 ad
2903 2129 3106 2183 metalli
3132 2128 3370 2200 [poenam

1792 2222 2158 2295 proceditur.]
2202 2222 2305 2289 Qui
2340 2239 2469 2277 vero
2513 2222 2774 2293 reliquias
2822 2230 2915 2275 aut
2955 2235 3080 2276 ossa
3121 2235 3371 2274 remove-

1795 2317 1935 2384 rint,
1986 2317 2031 2372 si
2094 2317 2317 2370 humilis
2370 2316 2604 2370 fortuna:
2656 2316 2795 2380 sint,
2841 2330 3057 2370 summo
3109 2313 3373 2383 supplicio

1799 2407 2106 2461 adiciuntur
2145 2427 2158 2461 :
2198 2408 2242 2461 si
2287 2408 2534 2470 honesti,
2570 2408 2947 2476 deportantur.
2983 2406 3085 2470 Qui
3128 2405 3283 2457 aliter
3316 2403 3372 2457 in

1796 2508 2208 2554 monumentum
2269 2496 2596 2569 [quidpiam]
2644 2497 3049 2559 commiserint,
3094 2504 3189 2549 aut
3238 2495 3375 2548 rele-

1797 2600 2018 2661 gantur,
2050 2599 2146 2644 aut
2183 2593 2235 2644 in
2273 2591 2551 2644 metallum
2586 2590 2936 2643 damnantur.
2972 2587 3075 2654 Qui
3112 2588 3250 2642 idem
3288 2586 3373 2640 tit.

1797 2698 1861 2737 ac
1889 2683 1947 2747 7,
1973 2683 2069 2737 lib.
2103 2698 2141 2736 ιι
2178 2681 2296 2750 Dig.
2331 2680 2539 2754 [etiam]
2566 2682 2741 2744 docet,
2772 2682 3046 2750 quomodo
3071 2680 3205 2734 citra
3230 2682 3375 2749 peri-

1798 2773 1983 2826 culum
2012 2782 2066 2826 et
2097 2772 2357 2826 damnum
2385 2782 2724 2825 mortuorum
2755 2786 2985 2842 corpora
3017 2769 3299 2826 transferri
3322 2778 3374 2824 et

1799 2871 2157 2917 monumenta
2188 2863 2704 2933 exornaripossint.
2733 2859 2837 2928 Qui
2865 2862 3114 2932 sepulcra
3145 2861 3373 2921 violant.

1799 2952 1961 3008 etiam
1996 2954 2267 3022 sacrilegii
2300 2954 2418 3024 lege
2455 2961 2724 3019 tenentur,
2753 2962 2813 3008 ut
2838 2954 2934 3009 lib.
2963 2970 3151 3021 XLVIII,
3180 2955 3263 3008 tit.
3291 2955 3376 3018 13,

1799 3054 1854 3099 et
1896 3053 2071 3100 const.
2097 3044 2162 3108 5,
2192 3047 2276 3099 tit.
2316 3047 2414 3111 19,
2445 3046 2538 3099 lib.
2566 3061 2653 3111 ix,
2688 3045 2810 3100 cod.
2846 3044 3125 3117 [traditur]
3169 3046 3221 3100 in
3269 3062 3377 3116 quo

1804 3134 2131 3207 [posteriore
2160 3136 2271 3208 tit.]
2303 3152 2475 3207 paenae
2503 3137 2664 3191 etiam
2697 3146 2983 3204 augentur,
3008 3138 3143 3192 alias
3170 3154 3375 3206 possesv

1798 3225 2013 3279 sionum
2032 3265 2048 3289 ,
2077 3226 2224 3295 agri,
2258 3235 2353 3278 aut
2381 3226 2607 3291 domus,
2632 3226 2676 3280 si
2705 3225 2760 3279 in
2791 3241 2854 3279 ea
2885 3227 3113 3280 materia
3148 3226 3378 3298 [aliqua]

1797 3315 1864 3368 de
1888 3326 2241 3371 monumento
2266 3315 2554 3388 [detracla]
2578 3327 2852 3386 asportata
2876 3316 3059 3383 fuerit,
3079 3318 3378 3387 privatione

1800 3406 2022 3462 inducta
2061 3425 2075 3461 :
2112 3408 2247 3463 alias
2282 3409 2470 3463 decem
2510 3410 2689 3478 pondo
2722 3409 2867 3481 [auri
2903 3409 3065 3482 reis],
3099 3420 3153 3465 et
3188 3411 3377 3479 viginti

1799 3499 2141 3568 magistratui
2212 3501 2381 3554 multa
2442 3500 2717 3569 irrogata.
2772 3502 3015 3571 Denique
3074 3503 3130 3556 in
3187 3503 3379 3557 diebus

1801 3589 2081 3645 Paschalis
2141 3594 2516 3661 sepulcrorum
2578 3594 2866 3649 violatores
2922 3593 3009 3666 [in
3068 3594 3378 3664 carcerem]

1802 3682 2159 3736 includuntur
2190 3694 2352 3754 atque
2385 3686 2719 3750 vinciuntur,
2749 3687 2936 3742 ut.lib.
2976 3702 3021 3751 ι,
3052 3686 3174 3741 cod.
3210 3686 3289 3741 tit.
3315 3686 3375 3749 4,

1798 3784 1976 3829 const.
2004 3776 2057 3843 5,
2086 3776 2388 3849 [traditur.]

1867 3866 2023 3935 301
2092 3867 2245 3922 CAP.
2281 3865 2516 3932 XXVIII,
2557 3899 2626 3910 ——
2660 3868 2735 3922 Dc
2787 3867 3225 3936 vituperaloribus
3279 3884 3379 3922 nu-

1797 3959 2050 4026 ptiarum,
2082 3961 2190 4014 vini
2214 3971 2263 4015 et
2285 3962 2552 4019 carnium.

2148 4052 2522 4121 Apostolorum
2552 4067 2776 4105 canones
2805 4050 2893 4115 51,
2934 4050 3023 4104 55.

1871 4144 1929 4196 51
1967 4142 2105 4215 [50].
2142 4142 2198 4197 Si
2231 4145 2356 4213 quis
2387 4145 2697 4214 episcopus,
2745 4143 3040 4214 presbyter.
3074 4141 3158 4195 vel
3188 4141 3380 4196 diaco-

1800 4248 1926 4296 nus,
1991 4234 2073 4287 vel
2120 4234 2309 4290 omnio
2369 4248 2437 4289 ex
2484 4234 2806 4289 sacerdotali
2863 4249 3112 4298 numero,
3149 4241 3254 4287 etc.
3314 4246 3371 4287 ut

1799 4343 1919 4396 pag.
1950 4327 2073 4379 751.

1878 4419 1947 4472 52
1979 4419 2117 4491 [55].
2168 4419 2224 4473 Si
2263 4420 2388 4489 quis
2434 4419 2748 4489 episcopus,
2800 4420 2885 4474 vel
2936 4420 3237 4491 presbyter,
3292 4424 3378 4478 vel

1798 4510 2066 4565 diaconus
2096 4510 2150 4564 in
2178 4510 2331 4564 festis
2359 4510 2569 4572 diebus,
2595 4522 2699 4565 etc.
2732 4522 2790 4564 ιιι
2810 4528 2934 4581 pag.
2967 4510 3089 4566 746.

2168 4603 2396 4659 Concilii
2428 4605 2698 4675 Ancyrani
2728 4621 2898 4658 canon
2928 4606 3016 4659 14.

1868 4692 1954 4746 14.
1991 4691 2093 4759 Qui
2133 4693 2187 4745 in
2218 4693 2363 4747 clero
2407 4702 2554 4757 sunt,
2589 4694 2932 4764 presbyteros
2980 4696 3063 4751 vel
3095 4697 3375 4760 diaconos,

1794 4789 1852 4833 ut
1878 4797 2001 4852 pag.
2038 4782 2163 4835 747.

1996 4874 2222 4927 Concilii
2256 4877 2560 4930 mcumeuici
2590 4894 2661 4942 vr,
2692 4893 2914 4931 canones
2945 4878 3032 4942 15,
3062 4877 3151 4932 50.

1808 4948 1811 4949 ν
1866 4958 1952 5012 15.
1979 4960 2247 5024 Quoniam
2283 4961 2545 5018 Romana:
2567 4964 2843 5029 Ecclesia),
2878 4976 2982 5019 etc.
3010 4975 3065 5017 ut
3096 4982 3218 5033 pag.
3247 4964 3370 5019 759.

1865 5050 1954 5104 50.
1990 5052 2069 5104 Ad
2101 5053 2354 5109 Ecdesiaa
2391 5055 2801 5110 aediﬁcationem
2833 5057 3015 5111 omnia
3061 5056 3237 5109 facere
3276 5072 3376 5110 νο·-

1794 5141 2003 5208 lentes,
2037 5144 2202 5197 etiam
2240 5147 2601 5212 sacerdotes,
2645 5148 2739 5217 qui
2787 5156 2914 5203 sunt
2962 5147 3016 5200 in
3067 5146 3376 5203 Barbarieis

1795 5231 2089 5300 Ecclesiis,
2130 5238 2415 5306 complecti
2468 5255 2600 5293 cura
2648 5240 3051 5294 constituimus.
3103 5238 3280 5303 Quare
3329 5241 3374 5293 si

1794 5326 2152 5394 apostolicum
2178 5343 2440 5381 canonem
2472 5329 2538 5383 de
2571 5345 2736 5383 uxore
2765 5343 2871 5382 non
2908 5323 3167 5396 ejicienda
3201 5330 3373 5398 pieta-

1795 5415 1865 5467 tis
1891 5431 1955 5469 ac
1980 5416 2257 5485 religionis
2288 5426 2577 5486 praetextu,
2609 5434 2666 5472 se
2703 5418 3017 5487 supergredi
3046 5419 3237 5473 debere
3260 5420 3373 5472 exi—

1794 5507 2054 5573 stimant;
2103 5517 2157 5561 et
2194 5508 2333 5560 ultra
2380 5524 2442 5562 ea
2485 5525 2606 5578 qua:
2651 5519 2779 5563 sunt
2814 5512 3129 5577 constituta,
3173 5508 3375 5573 facere,

1792 5609 1845 5653 et
1877 5600 1999 5655 ideo
2029 5596 2361 5653 communi"
2382 5610 2457 5655 im
2494 5606 2609 5655 suis
2640 5604 2989 5657 consortibus
3017 5603 3379 5658 conventione

1793 5699 1845 5743 et
1872 5705 2142 5744 consensu
2176 5689 2333 5756 inito,
2370 5706 2399 5743 a
2432 5700 2621 5744 mutua
2654 5693 3047 5748 consuetudine
3082 5693 3376 5758 abstinent,

2931 5787 3009 5850 25
