3766 6198
461 314 534 376 Tili
1555 309 1826 372 ’PHOTH
1865 311 1948 370 PA

2127 311 2371 372 lRCHIE
2408 312 2526 376 .CP.
3543 324 3614 388 780

428 424 719 481 statuimus
750 438 844 479 eos
872 437 980 479 non
1006 423 1237 494 amplius
1267 437 1391 478 cum
1425 422 1531 478 illis
1572 423 1681 477 ullo
1716 422 1879 477 modo
1913 449 1915 468 ι

2125 422 2340 493 ἑχονται,
2367 423 2621 494 ὁρίζομεν
2652 423 2873 488 τούτους
2907 427 3103 496 μηκέτι
3134 428 3352 492 ταύταις
3398 439 3612 487 συνοικεῖν

429 517 673 571 habitare
723 516 946 581 debere,
986 525 1045 570 ut
1089 531 1156 571 eo
1193 516 1349 571 nobis
1400 513 1698 585 perfectam
1748 517 1834 570 sui
1887 531 1916 584 p

2126 514 2236 567 καθ’
2283 514 2593 585 οἱονδήποτε
2634 515 2859 585 τρόπον,
2907 517 3012 581 ἕως
3055 517 3121 572 ἂν
3149 519 3279 588 ἡμῖν
3323 519 3538 575 ἐντεῦθεν
3559 529 3613 577 ἑν-

427 607 581 661 missi
615 607 1136 662 demouswatiouem
1181 608 1478 679 praebeant.
1512 607 1624 663 Hoc
1673 617 1852 662 autem
1904 608 1914 661 i

2128 606 2242 675 ιελῆ
2267 607 2365 676 τῆς
2399 605 2748 675 ὑποσχέσεως
2774 607 3064 676 παρέξοιεν
3089 607 3184 679 τὴν
3219 609 3499 676 ἀπόδειξιν.
3521 616 3615 684 πρὶς

428 713 534 751 uou
573 706 797 768 propter
829 700 976 754 aliud
1020 715 1184 768 quam
1239 709 1456 770 propter
1499 713 1688 754 eorum
1723 698 1915 768 pusilla

2126 697 2276 750 τοῦτο
2307 697 2362 750 δὲ
2393 698 2599 761 αὐτοῖς,
2645 699 2706 751 οὐ
2748 699 2817 751 δι’
2850 698 2976 752 ἄλλο
3002 716 3056 751 τι
3085 698 3119 768 ἦ
3149 699 3237 752 διὰ
3278 700 3373 770 τὴν
3402 706 3486 770 τῆς
3514 705 3613 770 γνὼ-

425 789 691 855 mitatem,
721 798 1122 861 extraneosque
1151 805 1216 846 ac
1264 806 1376 846 non
1424 790 1560 846 satis
1611 790 1799 845 ﬁrmos
1836 805 1912 844 mc

2128 805 2224 858 ,ιης
2259 789 2649 859 μικροψυχίαν,
2703 789 2890 844 καὶτὸ
2932 789 3040 843 τῶν
3087 790 3235 862 ἠθῶν
3277 793 3615 864 ἁπεξενωμένοι

425 882 822 936 Concessituus.

2115 881 2208 933 καὶ
2235 880 2448 947 ἀπαγὲς
2479 880 2872 949 ὲνδεδώκαμεν.

496 973 656 1042 302
691 972 846 1028 CAP.
884 971 1078 1028 XXIX.
1111 1001 1182 1012 -—
1203 971 1278 1026 De
1300 971 1460 1026 licitis
1482 980 1530 1024 et
1555 970 1758 1025 illicitis
1789 973 1983 1040 nuptiis

2186 971 2434 1026 ΚΕΦΑΛ.
2467 970 2596 1025 KG’.
2621 1001 2690 1012 ——
2714 974 2852 1042 Περὶ
2892 973 3399 1043 ἑπιτετραμμένων
3432 976 3464 1043 ἢ
3492 993 3618 1030 κεκω-

425 1065 495 1119 Et
533 1067 671 1134 quod
716 1066 936 1120 lectores
959 1067 1075 1134 jam
1117 1064 1335 1135 puberes
1389 1064 1710 1132 interrogari
1770 1077 1912 1133 oport

2127 1060 2389 1128 λυμένων
2431 1063 2635 1132 γάμων
2658 1079 2672 1095 ο
2711 1065 2812 1117 καὶ
2855 1066 2990 1134 περὶ
3024 1066 3128 1120 τοῦ
3172 1065 3481 1134 ἐρωτᾶσθαι
3517 1069 3614 1133 τοὺς

426 1166 603 1209 utrum
617 1160 808 1211 nubere
832 1159 1012 1212 velint.
1046 1156 1115 1212 Et
1142 1158 1205 1211 de
1231 1154 1608 1221 concubinam,
1636 1157 1913 1224 loruicatia

2129 1151 2506 1221 ὶναγνώστας
2537 1153 2807 1223 ἐφήϐους
2837 1155 3212 1224 γινομένους,
3261 1159 3314 1210 εὶ
3355 1158 3616 1221 ,ϐούλονται

423 1259 473 1301 ει
513 1249 799 1303 “dunaria,
2115 1243 2357 1311 γαμεῖν·
2415 1244 2514 1297 καὶ
2561 1245 2696 1316 περὶ
2743 1248 3198 1317 παλλακισμοῦ,
3242 1249 3339 1302 καὶ
3382 1253 3616 1318 πορνείας,

2112 1333 2209 1387 καὶ
2231 1338 2522 1404 μοιχείας.

593 1455 970 1525 Apostolorum
1007 1472 1230 1512 canones
1265 1460 1355 1524 17,
1387 1458 1476 1524 18,
1508 1457 1593 1524 19,
1622 1457 1714 1522 25,
1750 1455 1840 1515 26.

2283 1453 2658 1508 Ἄποστόλων
2688 1455 2888 1512 κανὼν
2921 1455 3008 1521 ιζ’,
3042 1456 3135 1525 ιη’,
3171 1457 3258 1521 ιϐ’,
3292 1465 3384 1525 κε’,
3411 1458 3505 1523 κς’.

502 1567 566 1620 17
624 1566 762 1639 [16].
822 1566 925 1633 Qui
965 1577 1090 1637 post
1141 1579 1392 1626 sanctum
1425 1571 1754 1641 baptismum
1793 1570 1989 1625 duobus

2183 1562 2269 1628 ιζ’.
2335 1565 2393 1619 '0
2445 1565 2566 1620 δυσὶ
2617 1567 2815 1638 γάμοις
2882 1567 3227 1638 συμπλακεὶς
3281 1569 3410 1637 μετὰ
3463 1569 3511 1622 τὸ
3557 1570 3616 1640 βά-

423 1659 750 1729 conjug‘rbus
774 1657 940 1714 fuerit
973 1660 1295 1730 implicitus,
1329 1674 1459 1729 etc.,
1494 1675 1549 1718 ut
1581 1681 1700 1733 pag.
1733 1664 1852 1718 511.

1109 1661 1295 1729 icilus,
1329 1674 1459 1729 etc.,
1494 1675 1549 1718 ut
1581 1681 1700 1733 pag.
1733 1664 1852 1718 511.
2112 1673 2339 1728 πτισμα,
2371 1675 2424 1712 κ.
2457 1675 2508 1711 τ.
2544 1658 2591 1712 λ.

490 1747 726 1822 18[1’ῑ].
785 1749 891 1816 Qui
947 1751 1168 1807 viduam
1234 1754 1464 1822 accepit,
1513 1753 1597 1807 vel
1640 1753 1896 1823 ejectam,
1930 1769 1977 1806 \‘t

2189 1746 2279 1821 ιη’.
2313 1749 2373 1802 Ὀ
2404 1750 2580 1822 χήραν
2612 1750 2814 1818 λαϐὼν,
2841 1751 2874 1822 ἢ
2911 1752 3346 1824 ἐκϐεϐλημένην,
3376 1753 3405 1823 ἢ
3437 1755 3615 1824 ἑταίραν.

425 1843 785 1908 meretricem,
813 1842 898 1898 vel
922 1858 1158 1910 servam,
1189 1855 1273 1900 etc
1303 1885 1317 1909 ,
1353 1855 1409 1897 ut
1438 1861 1558 1913 pag.
1597 1846 1720 1900 511.

1201 1855 1273 1900 etc
1303 1885 1317 1909 ,
1353 1855 1409 1897 ut
1438 1861 1558 1913 pag.
1597 1846 1720 1900 511.
2117 1839 2149 1911 ἢ
2184 1840 2425 1912 οἰκέτην,
2468 1860 2522 1896 κ.
2556 1859 2607 1897 τ.
2640 1843 2688 1897 λ.

499 1934 565 1990 19
595 1934 733 2008 [18].
799 1937 901 2002 Qui
933 1938 1070 1994 duas
1125 1953 1348 1994 sorores
1405 1940 1582 2006 duxit,
1620 1943 1700 1996 vel
1729 1942 1982 1997 consobri

2191 1927 2280 1983 ιϐ’.
2328 1929 2386 1983 '0
2417 1930 2512 1984 δύο
2558 1931 2796 2000 ἀδελφὰς
2826 1932 3096 2004 ἀγόμενος
3126 1933 3160 2002 ἦ
3199 1933 3459 2004 ἀδελφὴν,
3493 1935 3539 1985 οὐ
3558 1934 3617 1986 δύο

428 2040 580 2090 nam,
606 2042 712 2080 nou
744 2036 923 2097 potest
965 2043 1086 2084 esse
1110 2030 1364 2084 clericus.

1268 2045 1364 2084 ms.
2115 2039 2274 2075 ναται
2303 2018 2444 2077 εἶναι
2475 2022 2755 2094 κληρικός.

508 2114 749 2188 25Ῐ24].
807 2116 1132 2188 Episcopus,
1185 2119 1266 2173 vel
1313 2118 1614 2190 presbyter,
1644 2120 1726 2174 vel
1755 2120 1995 2176 diaconu:

2185 2121 2282 2168 κε’.
2326 2116 2680 2180 Ἐπίσκοπος,
2716 2117 2748 2188 ἢ
2808 2117 3206 2188 πρεσϐύτερος,
3238 2119 3270 2189 ἣ
3300 2117 3532 2182 διάκονος,
3560 2119 3617 2169 ἐπὶ

427 2207 805 2265 fornicationis
831 2211 914 2265 vel
937 2213 1182 2282 perjurii,
1217 2222 1347 2278 etc.,
1377 2221 1433 2264 ut
1459 2228 1578 2282 pag.
1611 2213 1738 2268 745.

1480 2228 1578 2282 mg.
1611 2213 1738 2268 745,
2116 2207 2343 2278 πορνείᾳ
2372 2206 2405 2277 ἢ
2441 2208 2716 2278 ἐπιορκία,
2749 2226 2803 2264 κ.
2839 2226 2890 2265 τ.
2919 2209 2967 2265 λ.

495 2301 566 2356 ‘26
594 2299 732 2374 [25].
779 2301 856 2356 Ex
923 2303 1012 2367 iis,
1045 2305 1138 2374 qui
1171 2320 1277 2358 non
1317 2306 1475 2358 ducta
1513 2320 1680 2359 uxore
1713 2307 1780 2359 ad
1806 2305 1982 2360 cleruu

2185 2296 2297 2362 κς’.
2329 2299 2449 2351 Τῶν
2492 2301 2572 2363 είς
2616 2301 2817 2372 κλῆρον
2862 2301 3241 2372 προελθόντων
3289 2302 3521 2370 ἀγάμων,

426 2393 662 2460 promoti
707 2401 854 2459 sunt,
905 2394 1182 2461 juhemus,
1226 2395 1271 2449 si
1322 2395 1490 2450 velint
1541 2411 1764 2450 uxorem
1815 2397 1913 2454 duc

2129 2390 2342 2461 ιεύομεν
2373 2390 2729 2463 βουλομένους
2753 2393 3342 2464 γαμεῖν,ἀναγνώστας
3367 2393 3451 2446 καὶ
3467 2391 3616 2461 eam;

426 2486 660 2540 lectores
692 2494 747 2540 et
770 2495 1022 2541 cantores
1056 2487 1225 2541 solos.

806 2495 1022 2541 autores
1056 2487 1225 2541 solos.
2118 2485 2293 2553 μόνον.

802 2596 1032 2652 Concilii
1068 2598 1336 2668 Ancyram‘
1368 2615 1537 2653 canon
1560 2599 1646 2654 10.

2443 2598 2712 2652 Συνόδου
2755 2598 3036 2668 Ἀγκύρας
3074 2598 3282 2652 κανὼν
3309 2605 3355 2650 ι’.

503 2713 590 2767 10.
679 2711 1004 2782 Quicunque
1077 2713 1299 2768 diaconi
1378 2713 1685 2776 constituti,
1766 2722 1874 2769 etc.
1954 2732 1990 2768 ιι

2188 2710 2239 2765 ι’.
2281 2715 2526 2767 Διάκονοι
2579 2714 2692 2766 ὅσοι
2750 2713 3104 2768 καθίστανται
3156 2715 3288 2785 παρ’
3316 2713 3468 2785 αὐτὴν
3504 2711 3616 2765 κατὰ·

430 2818 552 2872 pag.
587 2802 710 2855 747.
2115 2817 2325 2866 στασιν,
2361 2819 2417 2857 κ.
2446 2820 2497 2856 τ.
2533 2803 2582 2856 λ.

606 2913 836 2968 Concilii
869 2912 1318 2969 Neocwsariensis
1342 2931 1566 2970 canones
1593 2915 1644 2982 1,
1664 2916 1717 2982 9,
1749 2916 1818 2970 10

2243 2913 2514 2968 Συνόδου
2546 2917 3016 2986 Νεοκαισαρείας
3057 2916 3266 2972 κανὼν
3293 2915 3363 2980 α’,
3389 2914 3448 2982 θ’,
3481 2913 3519 2967 ι’.

501 3007 555 3061 1.
595 3005 884 3077 Presbyter
917 3006 962 3060 si
997 3021 1221 3061 uxorem
1254 3008 1494 3074 duxerit,
1527 3008 1720 3064 ordine
1761 3022 1863 3062 suo
1893 3023 1988 3063 mo

2183 3013 2251 3062 α’.
2292 3007 2668 3078 Πρεσϐύτερος
2727 3009 2822 3062 ἐὰν
2871 3009 3062 3080 γήμῃ,
3113 3009 3214 3079 τῆς
3272 3007 3463 3072 τάξεως
3499 3005 3612 3058 αὐτὸν

435 3100 825 3171 veatur.303
862 3099 916 3154 Si
946 3111 1127 3155 autem
1157 3101 1460 3157 fornicatus
1493 3102 1677 3167 fuerit,
1700 3103 1783 3157 vel
1807 3102 1922 3157 adul

2126 3096 2532 3168 μετατίθεσθαι·
2564 3099 2659 3151 ἐὰν
2692 3099 2746 3152 δὲ
2775 3099 3049 3171 πορνεύσῃ
3085 3101 3119 3171 ἢ
3154 3100 3428 3170 μοιχεύσῃ,
3456 3096 3613 3161 ἐξωθεῖ-

427 3193 570 3247 rium
603 3193 960 3258 commiserit,
989 3195 1207 3264 penitus
1232 3196 1580 3261 cxtrudatur,
1622 3205 1672 3250 et
1712 3196 1779 3251 ad
1832 3212 1914 3267 p03

1970 3198 2010 3251 i-
2117 3189 2241 3243 σθαι
2271 3189 2433 3243 αὐτὸν
2460 3189 2644 3244 τέλεον
2673 3191 2764 3244 καὶ⁵
2796 3192 3025 3260 ἄγεσθαι
3056 3196 3138 3257 εἰς
3166 3195 3457 3262 μετάνοιαν.

429 3285 655 3339 tentiam
688 3285 1011 3341 deducatur.

497 3374 550 3427 9.
579 3374 636 3427 Si
665 3375 968 3445 presbyter,
990 3375 1085 3446 qui
1114 3391 1342 3447 corpore
1361 3376 1512 3447 prius
1533 3385 1872 3448 peccaverat,
1903 3387 1984 3433 etc

2194 3369 2258 3424 θ’.
2300 3369 2676 3442 Πρεσϐύτερος
2709 3369 2801 3423 ἐὰν
2831 3370 3305 3443 προημαρτηκὼς,
3341 3387 3390 3423 κ.
3413 3387 3455 3424 τ.
3482 3368 3518 3421 λ.

427 3474 484 3518 ut
511 3483 633 3536 pag.
676 3467 800 3520 547.

507 3559 590 3613 10.
647 3557 914 3612 Similiter
960 3568 1014 3613 et
1063 3558 1348 3624 diaconus,
1383 3561 1429 3614 si
1463 3561 1517 3614 in
1545 3560 1684 3616 idem
1725 3571 1994 3632 peccatun

2188 3551 2240 3608 t'.
2293 3555 2523 3624 Ὁμοίως
2571 3555 2668 3608 κα)⁸
2713 3555 2740 3607 ὁ
2785 3553 3054 3617 διάκονος,
3092 3555 3194 3607 ἐὰν
3221 3553 3296 3625 τῷ
3327 3550 3460 3622 αὐτῷ
3488 3550 3611 3619 ἁμαρ-

427 3651 702 3716 iuciderit,
737 3651 977 3705 ministri
1012 3652 1260 3706 ordinem
1295 3653 1511 3708 habeat.

2113 3647 2314 3716 τήματι
2351 3647 2645 3716 περιπέσῃ,
2675 3645 2772 3717 τὴν
2799 3644 2893 3698 τοῦ
2923 3645 3202 3716 ὑπηρέτου
3237 3645 3385 3709 τάξιν
3407 3644 3561 3713 ἐχέτω.

613 3743 838 3798 Coucilii
880 3743 1315 3800 Chalcedonensis
1351 3761 1574 3798 canones
1617 3747 1704 3809 14,
1738 3745 1824 3802 15.

2327 3739 2596 3792 Συνόδου
2624 3737 3014 3805 Χαλκηδόνος
3044 3739 3251 3791 κανὼν
3277 3738 3352 3801 ιδ’,
3386 3735 3454 3789 ιε’.

503 3837 591 3892 14.
623 3835 892 3901 Quoniam
941 3836 992 3888 in
1030 3835 1329 3902 nonnullis,
1368 3838 1660 3906 provinciis
1688 3851 1990 3893 concessuu

2185 3828 2261 3884 ιδ’.
2299 3830 2518 3900 Ἐπειδὴ
2557 3829 2614 3883 ἐν
2638 3847 2779 3882 τισιν
2810 3831 3104 3901 ἐπαρχίαις
3135 3830 3519 3902 συγκεχώρηται
3542 3827 3613 3884 τῡῖς

426 3938 510 3982 est
540 3927 832 3982 lectoribus
868 3937 920 3981 et
949 3928 1262 3982 cantoribus
1293 3943 1494 3983 uxores
1521 3929 1740 3996 ducere,
1773 3928 1913 3985 decrt

2119 3920 2488 3988 ἀναγνώσταις
2539 3924 2634 3974 καὶ
2682 3921 2912 3992 ψάλταις
2961 3925 3184 3992 γαμεῖν,
3219 3923 3408 3992 ὥρισεν
3453 3923 3478 3990 ἡ
3516 3919 3606 3984 ἁγία

430 4030 616 4075 sancta
662 4019 908 4091 synodus
938 4019 1301 4086 ιιυ111,θυι·υηι
1338 4021 1504 4076 licere
1531 4021 1760 4076 diversae
1799 4037 1829 4076 a
1863 4038 1917 4077 re

2125 4013 2350 4078 σύνοδος,
2388 4014 2463 4084 μὴ
2518 4015 2721 4081 ἐξεῖναί
2750 4031 2856 4068 τινι
2888 4015 3069 4068 αὐτῶν
3120 4017 3416 4087 ἑτερόδοξον
3444 4014 3612 4081 γυναῖκα

426 4112 702 4183 opinionis
744 4126 967 4166 uxorem
1014 4111 1216 4166 ducere
1246 4127 1379 4167 :eos
1414 4123 1593 4167 autem
1632 4113 1725 4184 qui
1767 4131 1834 4169 ex
1866 4115 1912 4184 ej

2124 4105 2446 4175 λαμϐάνειν·
2502 4108 2627 4169 τοὺς
2683 4105 2784 4176 ἤδη
2849 4109 2912 4160 ἐκ
2965 4108 3209 4161 τοιούτου
3271 4109 3433 4177 γάμου
3479 4100 3611 4155 παιδία·

425 4204 574 4258 modi
615 4204 964 4258 matrimonio
1010 4205 1212 4258 liberos
1249 4215 1628 4274 susceperunt,
1671 4206 1718 4261 si
1756 4222 1850 4262 eos
1890 4223 1912 4277 q

2124 4199 2464 4267 ποιήσαντας,
2513 4198 2560 4250 εἰ
2599 4197 2697 4268 μὲν
2726 4199 2969 4269 ἔφθασαν
3007 4199 3268 4270 βαπτίσαι
3309 4201 3372 4252 τὰ
3401 4197 3450 4260 ἐξ
3487 4193 3611 4247 αὐτῶν

426 4297 547 4349 dem
581 4295 854 4364 baptizare
900 4295 1040 4365 apud
1091 4297 1372 4351 haereticos
1411 4298 1790 4367 praeveneriut,
1822 4299 1889 4353 ad

2122 4291 2374 4359 τεχθέντα
2407 4290 2560 4360 παρὰ
2591 4293 2702 4354 τοῖς
2752 4293 3048 4362 αἱρετικοῖς
3076 4335 3092 4359 ,
3125 4293 3410 4364 προσάγειν
3437 4288 3546 4341 αὐτὰ
3567 4286 3609 4352 τῇ

429 4387 644 4440 tholica:
673 4387 929 4441 Ecclesia:
952 4388 1391 4443 communionem
1423 4389 1694 4444 adducere
1718 4409 1730 4444 :
1755 4390 1800 4445 si
1828 4399 1916 4444 aut

2123 4383 2372 4452 κοινωνίᾳ
2402 4385 2501 4452 τῆς
2527 4383 2826 4451 καθολικῆς
2877 4382 3207 4453 Ἐκκλησίας
3229 4401 3242 4414 ·
3275 4384 3344 4454 μὴ
3387 4377 3610 4451 {iamim-

427 4494 534 4539 uou
570 4479 997 4546 baptizaverint,
1046 4495 1156 4533 nou
1185 4495 1346 4550 posse
1397 4496 1493 4536 eos
1543 4483 1685 4552 apud
1720 4483 1914 4538 haereti

2123 4493 2208 4538 τας
2239 4475 2315 4540 δὲ,
2351 4475 2428 4546 μὴ
2456 4474 2716 4529 δύνασθαι
2747 4475 2828 4527 ἔτι
2863 4476 3150 4546 βαπτίζειν
3196 4477 3332 4530 αὐτὰ
3370 4472 3498 4542 παρὰ
3534 4470 3610 4527 τοῖς

427 4572 723 4638 baptizare.
781 4571 884 4624 Sed
930 4587 1103 4641 neque
1162 4572 1448 4638 lueretico,
1497 4574 1581 4628 vel
1634 4589 1878 4643 pagano,

2122 4570 2411 4638 αἱρετικοῖς
2436 4585 2448 4599 ο
2485 4574 2625 4640 μήτε
2681 4569 2788 4639 μὴν
2821 4572 3116 4623 συνάπτειν
3145 4570 3281 4642 πρὸς
3324 4569 3475 4637 γάμον
3510 4565 3609 4630 αἱρε-

424 4660 636 4726 Judaeo,
667 4662 1016 4716 matrimonio
1041 4663 1391 4733 conjungere,
1418 4664 1520 4719 nisi
1545 4665 1727 4733 utique
1751 4680 1908 4734 perso

2121 4662 2248 4733 τικῷ
2273 4663 2306 4734 ἢ
2345 4663 2585 4733 Ἰουδαίῳ
2614 4665 2648 4734 ἢ
2683 4663 2928 4734 Ἕλληνι,
2983 4666 3030 4716 εἰ
3062 4666 3139 4736 μὴ
3168 4667 3273 4736 ἄρα
3300 4659 3608 4728 ἐπαγγέλλοιτο

425 4769 548 4823 (pne
609 4754 927 4808 orthodoxa:
986 4755 1368 4826 conjuugitur,
1425 4771 1483 4810 se
1531 4758 1599 4811 ad
1643 4759 1911 4812 orthodox

2119 4754 2500 4824 μετατίθεσθαι
2530 4756 2609 4816 εἰς
2655 4755 2753 4825 τὴν
2794 4755 3076 4825 ὀρθόδοξον
3121 4757 3300 4810 πίστιν
3328 4754 3381 4807 τὸ
3410 4744 3606 4806 συναπτό-

428 4847 586 4900 tidelu
623 4846 1043 4900 convertendam
1079 4847 1358 4914 spondeat.
1399 4846 1456 4900 Si
1508 4849 1633 4916 quis
1672 4857 1853 4903 autem
1901 4849 1915 4903 1

2117 4861 2277 4915 μενον
2304 4844 2591 4915 πρόσωπον
2636 4845 2713 4915 τῷ
2741 4845 3010 4916 ὀρθοδόξῳ
3030 4862 3046 4878 ·
3095 4847 3144 4898 εἰ
3172 4846 3228 4899 δέ
3257 4862 3332 4908 τις
3362 4842 3517 4896 τοῦτον
3544 4835 3604 4886 τὸν

428 4946 630 4993 sancta:
661 4939 852 5009 synodi
891 4939 1167 4994 decretum
1200 4951 1572 5011 transgressus
1607 4941 1789 5007 fuerit,
1837 4957 1915 4998 cal

2114 4937 2236 5007 ὅρον
2285 4938 2568 5008 παραϐαίη
2621 4939 2720 5008 τῆς
2749 4939 2912 5007 ἁγίας
2967 4939 3206 5004 συνόδου,
3255 4933 3488 5003 κανονικῴ
3515 4932 3601 4983 ὑπο·

429 5031 565 5084 uicis
601 5032 777 5100 poenis
809 5031 1148 5100 subjiciatur.

1138 5073 1148 5084 ,
2113 5023 2312 5077 κείσθω
2341 5025 2625 5096 ἐπιτιμίῳ.

497 5119 586 5174 15.
642 5120 1018 5176 D‘iacouissam
1070 5138 1177 5177 non
1221 5139 1342 5179 esse
1396 5123 1678 5178 mulierem
1738 5123 1984 5179 ordinau-

2183 5115 2263 5171 ιε’.
2285 5119 2644 5174 Διακόνισσαν
2678 5121 2754 5192 μὴ
2783 5123 3208 5193 χειροτονεῖσθαι
3233 5121 3461 5192 γυναῖκα,
3479 5112 3596 5170 κῶλα

425 5211 571 5276 dam,
595 5223 724 5279 etc.,
754 5225 803 5266 ut
829 5230 951 5284 pag.
987 5213 1114 5268 550.

705 5326 932 5381 Concilt'i
974 5329 1404 5398 Cartltaginensis
1436 5346 1605 5383 canon
1636 5330 1716 5384 l6.

2352 5329 2622 5384 Συνόόου
2648 5333 3070 5400 Καρθαγεννης
3092 5348 3287 5386 κανων
3311 5329 3395 5395 ις’.

497 5437 565 5492 Ut
589 5439 767 5493 nullus
795 5443 1106 5511 episcopus,
1141 5445 1444 5512 presbyter,
1493 5454 1544 5498 et
1581 5445 1838 5501 diaconus
1873 5463 1984 5501 con-

2185 5443 2374 5497 ’Ὥστε
2411 5443 2647 5513 μηδένα
2702 5446 3061 5510 ἐπίσκοπον,
3112 5448 3148 5513 ἢ
3186 5430 3593 5513 πρεσϐύτερωκῆ

422 5527 614 5580 ductor
641 5530 880 5594 exsistat,
913 5539 1042 5594 etc.,
1079 5541 1133 5583 ut
1165 5548 1285 5600 pag.
1319 5531 1445 5586 550.

2108 5536 2410 5604 διάκονον,
2450 5538 2716 5606 ἕκληψίν
2743 5556 2878 5593 τινα
2907 5539 3247 5608 λαμϐάνειν.

493 5613 626 5668 llam
657 5618 883 5685 placuit,
921 5631 979 5674 ut
1017 5622 1282 5691 episc0pi,
1319 5623 1623 5695 presbyteri
1680 5637 1731 5684 et
1785 5630 1975 5687 diacou

2184 5637 2279 5694 ις’.
2321 5630 2550 5701 Ὁμοίως
2590 5633 2804 5702 ἤρεσεν,
2835 5633 2920 5686 ἵνα
2973 5634 3275 5698 ἐπίσκοποι,
3310 5628 3393 5682 καὶ
3418 5614 3587 5693 πρεσῦὗ·

425 5722 532 5759 non
559 5707 670 5762 siut
698 5711 1075 5778 conductores,
1101 5723 1226 5778 etc.,
1261 5725 1452 5788 ntpag.
1484 5719 1609 5773 550.

2112 5739 2277 5794 τεροι,
2311 5721 2403 5778 καὶ
2430 5723 2688 5793 διάκονοι,
2717 5725 3050 5797 ἐκλήπτορες
3079 5725 3146 5796 μὴ
3180 5724 3484 5792 γίνωνται,κ.
3505 5706 3582 5763 ιλ,
