3912 6244
301 329 403 394 781

1138 331 1537 393 SYNTAGMA
1572 331 2035 397 CANONUM.-
2062 335 2209 395 TlT.
2238 337 2342 397 IX.
2385 339 2542 398 CAP.
2583 341 2795 402 XXIX.

3460 358 3565 421 782

302 444 578 500 Συνόδου
602 443 1029 540 οὶκουμενικῇς
1056 446 1461 540 aetnaeade
1492 448 1562 517 γ’,
1595 448 1657 515 δ’,
1691 450 1765 517 ς’,
1801 450 1852 519 ιβ

1992 449 2152 521 304,
2199 450 2423 505 Concilii
2474 460 2785 540 (ccurpsmci
2826 473 2906 540 vlta,
2935 476 3160 517 canones
3205 465 3259 533 3,
3297 466 3349 533 4,
3382 466 3436 537 6,
3472 471 3562 540 12,

910 517 1001 585 ιγ’,
1034 516 1148 587 μη’,
1176 515 1272 571 νθῖ

368 626 514 696 Περὶ
542 629 748 695 ιερέων
772 627 871 681 καί
902 626 1227 695 κληρικῶν.

366 722 440 787 γ’.
496 722 719 793 Ἐπειδὴ
762 722 821 775 δὲ
858 723 887 775 ὁ
936 720 1169 792 εὐσεϐὴς
1197 721 1292 774 καὶ¹
1338 720 1681 793 φιλόχριστος
1725 722 1882 794 ἡμῶν

297 811 577 880 βασιλεὺς,
613 831 669 866 κ.
700 829 750 865 τ.
791 811 840 865 λ.

363 901 428 957 δ’.
489 903 561 955 El.’
607 920 689 966 τις
743 903 1073 971 ἐπίσκοπος,
1126 904 1161 974 ἢ
1218 903 1619 976 πρεσϐύτερος,
1675 903 1710 974 ἢ
1760 904 1880 959 διά-

294 1012 472 1059 κονος,
498 1012 552 1047 κ.
583 1012 635 1048 τ.
664 994 712 1048 λ.

365 1092 442 1149 ς’.
503 1085 728 1156 Ἐπειδὴ
759 1086 911 1157 παρὰ
954 1086 1064 1149 τοῖς
1099 1087 1479 1150 ἀποστολικοῖς
1518 1087 1740 1140 κανόσιν
1787 1084 1877 1139 εὖ·

294 1177 605 1248 ρηται,τῶν
635 1180 713 1240 εἰς
737 1177 940 1246 κλῆρον
972 1180 1366 1249 προαγομένων
1396 1178 1650 1248 ἀγάμων,
1682 1177 1876 1247 μόνους

292 1269 653 1336 ἀναγνώστας
702 1270 798 1321 καὶ
830 1269 1041 1338 ψάλτας
1091 1272 1312 1340 γαμεῖν,
1362 1271 1457 1323 καὶ⁴
1507 1272 1671 1340 ἡμεῖς
1716 1270 1874 1321 τοῦτο

292 1359 814 1428 παραφυλάττοντες
862 1359 1140 1431 ὁρίζομεν,
1183 1360 1291 1412 ἀπὸ
1330 1359 1425 1412 τοῦ
1459 1359 1555 1412 νῦν
1606 1358 1873 1430 μηδαμῶς

289 1447 671 1513 ὑποδιάκονον,
708 1448 740 1518 ἢ
772 1447 1053 1513 διάκονον,
1093 1448 1130 1518 ἢ
1163 1449 1555 1518 πρεσϐύτερον,
1597 1448 1733 1518 μετὰ
1772 1446 1872 1516 τὴν

288 1540 373 1591 ἐπ’
423 1539 578 1608 αὑτῷ
628 1540 1042 1610 προερχομένην
1090 1542 1447 1610 χειροτονίαν,
1495 1540 1638 1609 ἔχειν
1688 1538 1871 1592 ἄδειαν

288 1630 527 1699 γαμικὸν
576 1630 757 1701 ἑαυτῷ
813 1633 1069 1702 συνιστᾷν
1117 1632 1478 1685 συψικὲσιονο
1529 1632 1577 1684 εἰ
1619 1630 1675 1683 δὲ
1712 1629 1869 1682 τοῦτο

287 1721 551 1793 τολμήσοι
585 1723 851 1790 ποιῆσαι,
882 1722 1251 1793 καθαιρείσθω
1274 1738 1288 1751 ’
1331 1725 1380 1775 εί
1422 1722 1479 1775 δὲ
1512 1721 1753 1791 βούλοιτό
1783 1738 1869 1783 τις

2599 525 2687 589 15,
2719 526 2809 589 48,
2841 528 2928 583 49.

2061 631 2137 684 De
2166 635 2521 690 sacerdotibus
2537 645 2586 690 et
2600 637 2823 691 clericis.

2057 722 2111 775 5.
2140 720 2411 787 Quoniam
2452 740 2581 780 vero
2612 726 2737 795 pius
2768 728 3082 800 Christique
3122 746 3335 793 amator
3386 741 3559 813 impe-

1983 822 2135 866 rator
2161 824 2364 877 noster,
2398 824 2527 882 etc.,
2572 828 2774 887 utpag.
2802 819 2924 873 5H.

2055 901 2106 954 4.
2145 902 2201 957 Si
2231 904 2355 972 quis
2382 906 2691 976 episcopus,
2715 909 2799 963 vel
2830 911 3136 983 presbyter,
3170 917 3253 971 vel
3270 917 3557 990 diaconus,

1980 1002 2112 1058 etc.,
2145 1004 2201 1047 ut
2224 1012 2345 1065 pag.
2379 997 2502 1052 750.
3436 1062 3437 1065 η

2051 1084 2103 1137 6.
2126 1083 2393 1150 Quoniam
2425 1088 2539 1142 in“
2574 1093 2890 1160 apostolicis
2909 1097 3210 1154 canonibus
3238 1100 3441 1157 dictum
3470 1111 3555 1158 est

1978 1188 2170 1229 eorum
2204 1178 2299 1246 qui
2343 1194 2450 1234 non
2480 1181 2641 1237 ducta
2675 1200 2844 1240 uxore
2890 1187 2943 1241 in
2984 1189 3188 1244 clerum
3223 1207 3552 1260 promoven-

1979 1274 2088 1331 tur,
2136 1269 2285 1323 solos
2330 1270 2564 1329 lectores
2609 1284 2663 1328 et
2713 1287 2966 1333 cantores
3009 1296 3232 1336 uxorem
3260 1299 3420 1352 posse
3449 1287 3551 1341 du-

1976 1371 2134 1425 cere;
2163 1368 2217 1413 et
2245 1375 2344 1415 nos
2374 1362 2480 1417 hoc
2508 1374 2793 1420 servantes
2814 1366 3183 1437 decernimus,
3212 1382 3272 1426 ut
3297 1374 3553 1446 deinceps

1975 1450 2109 1502 nulli
2146 1453 2363 1520 penitus
2391 1455 2790 1524 hypodiacono,
2820 1461 2900 1514 vel
2933 1462 3184 1528 diacono,
3214 1464 3299 1518 vel
3329 1468 3555 1537 presby-

1974 1549 2092 1596 tero
2142 1553 2266 1612 post
2288 1546 2370 1600 sui
2412 1548 2811 1604 ordinationem
2872 1554 3195 1610 contrahere
3254 1557 3440 1612 liceat.
3494 1558 3550 1613 Si

1976 1641 2157 1687 autem
2186 1633 2352 1689 fuerit
2384 1637 2488 1692 hoc
2519 1654 2688 1693 ausus
2739 1639 2941 1707 facere,
2975 1644 3299 1713 deponatur.
3337 1646 3394 1702 Si
3423 1652 3551 1718 quis

1972 1734 2154 1778 autem
2211 1740 2428 1791 eorum,
2474 1731 2569 1798 qui
2622 1732 2678 1785 in
2708 1732 2915 1787 clerum
2958 1737 3246 1803 accedunt,
3276 1740 3403 1794 velit
3430 1742 3547 1811 lege

286 1814 393 1866 τῶν
447 1816 532 1875 είς
566 1812 771 1882 κλῆρον
816 1815 1263 1884 προερχομένων,
1311 1815 1491 1883 γάμου
1534 1813 1685 1883 νόμῳ
1738 1829 1854 1866 συν·

1980 1818 2314 1874 matrimonii
2346 1822 2563 1877 mulieri
2600 1826 2859 1896 conjungi
2890 1839 3183 1898 antequam
3217 1832 3548 1903 hypodiaco-

284 1906 559 1959 ἅπτεσθαι
590 1907 846 1973 γυναικὶ,
877 1907 985 1977 πρὸ
1010 1910 1109 1977 τῆς
1139 1906 1233 1959 τοῦ
1266 1906 1643 1969 ὑποδιακόνου,
1694 1903 1726 1975 ἢ
1753 1905 1866 1958 δια-

285 1999 466 2064 κόνου,
497 1998 532 2067 ἦ
559 1999 938 2069 πρεσϐυτέρου
984 1999 1338 2069 χειροτονίας,
1371 1997 1530 2050 τοῦτο
1556 1997 1859 2067 πραττέτω.

351 2091 443 2161 ιβ’.
491 2092 604 2145 Καὶ
642 2090 800 2144 τοῦτο
827 2091 883 2144 δὲ
915 2091 996 2154 είς
1030 2089 1232 2158 γνῶσιν
1261 2089 1536 2159 ἡμετέραν
1565 2084 1747 2159 ﬁlo“,
1786 2088 1863 2152 ὡς

281 2185 335 2235 ὲν
364 2185 435 2254 τῇ
478 2183 739 2253 Ἀφρικῇ,
771 2200 826 2237 κ.
857 2200 910 2236 τ.
943 2182 994 2234 λ.

349 2270 443 2341 ιγ’.
501 2272 723 2343 Ἐπειδὴ
747 2274 807 2327 ἐν
835 2275 902 2343 τῇ
946 2272 1235 2341 Ῥωμαίων
1276 2273 1593 2345 Ἐκκλησία,
1642 2291 1695 2327 κ.
1723 2291 1772 2329 τ.
1807 2273 1857 2326 λ.

349 2461 461 2527 μη’.
521 2457 588 2510 Ἠ
616 2457 711 2509 τοῦ
759 2460 897 2528 πρὸς
928 2458 1235 2528 ἐπισκοπῆς
1264 2458 1556 2528 προεδρίαν
1587 2459 1859 2529 ἀναγομέ-

281 2565 370 2601 νου
402 2549 542 2619 γυνὴ
568 2591 584 2615 ,
634 2550 777 2602 κατὰ
808 2550 992 2621 κοινὴν
1042 2551 1364 2620 συμφωνίαν
1388 2550 1485 2603 τοῦ
1520 2552 1724 2604 οἰκείου
1757 2552 1854 2605 ἀν-

280 2641 400 2713 δρὸς
428 2642 938 2712 προδιαζευχθεῖσα,
976 2643 1114 2713 μετὰ
1144 2643 1243 2712 τὴν
1284 2642 1370 2694 ἐπ’
1413 2642 1563 2713 αὺτῷ
1607 2644 1707 2713 τῆς
1733 2645 1856 2696 ὲπι-

280 2734 489 2803 σκοπῆς
517 2734 855 2803 χειροτονίαν
875 2773 889 2796 ,
936 2735 994 2786 ἐν
1038 2734 1383 2804 μοναστηρίῳ
1410 2735 1600 2787 εἰσίτω
1619 2774 1636 2800 ,
1666 2734 1856 2805 πόρρω

275 2823 373 2892 τῆς
416 2823 513 2876 τοῦ
570 2824 874 2877 ἐπισκόπου
922 2824 1260 2894 καταγωγῆς
1288 2824 1714 2895 ᾠκοδομημένῳ,
1762 2825 1857 2877 καὶ

276 2914 370 2984 τῆς
396 2916 462 2967 ἐκ
503 2915 601 2967 τοῦ
649 2916 950 2969 ἐπισκόπου
1005 2916 1260 2985 προνοίας
1298 2916 1655 2970 ἁπολαυὲτω*
1707 2918 1757 2971 εί
1797 2917 1855 2971 δὲ

277 3010 369 3059 καὶ
398 3006 528 3072 ἀξία
562 3007 758 3078 φανείη
786 3046 800 3071 ,
828 3009 926 3061 καὶ
954 3009 1093 3078 πρὸς
1121 3009 1183 3061 τὸ
1220 3008 1317 3080 τῆς
1349 3008 1699 3081 διακονίσσης
1723 3012 1855 3065 ἀνα-

277 3099 584 3163 ειϐαζέσθω
612 3101 852 3170 ἀξίωμα.

338 3189 441 3244 νθ⁸.
484 3190 696 3262 Μηδεὶς
725 3193 783 3245 ὲν
808 3191 1087 3262 εὐκτηρίῳ
1111 3192 1267 3261 οἴκῳ,
1300 3209 1354 3246 κ.
1388 3209 1442 3246 τ.
1468 3191 1518 3248 λ.

555 3304 883 3357 Βασιλείου
918 3304 1121 3359 κανὼν
1148 3304 1218 3373 γ’,
1257 3310 1332 3369 ς’,
1368 3304 1463 3369 ξθ’,
1498 3311 1560 3357 o'.

336 3404 410 3467 Τ.
509 3398 773 3460 Διάκονος
822 3396 997 3467 ,μετὰ
1077 3396 1177 3467 τὴν
1260 3397 1538 3452 διακονίαν
1618 3396 1850 3467 πορνεύ-

272 3507 387 3555 σας,
422 3509 478 3545 κ.
496 3490 610 3545 τ.λ.

339 3590 417 3648 ς’.
454 3584 580 3637 Τῶν
624 3584 928 3640 κανονικῶν
988 3585 1088 3648 τὰς
1137 3582 1399 3654 πορνείας
1437 3581 1520 3643 εἰς
1567 3584 1743 3651 γάμον
1775 3584 1850 3653 μὴ

272 3676 757 3747 καταλογίζεσθαι,
811 3678 946 3733 ἀλλὰ
982 3678 1145 3732 παντὶ
1177 3676 1364 3746 τρόπῳ
1396 3677 1629 3747 διασπᾷν
1671 3675 1850 3729 αὐτῶν

268 3770 366 3841 τὴν
398 3771 700 3839 συνάφειαν
727 3787 739 3799 ·
780 3771 939 3824 τοῦτο
972 3770 1083 3841 γὰρ
1122 3771 1217 3824 καὶ
1250 3770 1318 3839 τῇ
1358 3767 1656 3839 Ἐκκλησία
1713 3766 1851 3838 πρὸς

270 3864 578 3933 ἀσφάλειαν
603 3864 904 3931 λυσιτελὲς,
957 3866 1052 3919 καὶ
1114 3868 1226 3928 τοῖς
1251 3864 1547 3935 αίρετικοῖς
1577 3863 1635 3914 οὐ
1690 3860 1850 3914 δώσει

269 3955 386 4009 καθ’
414 3956 575 4027 ἡμῶν
606 3956 798 4028 λαϐὴν,
826 3957 903 4020 ὡς
930 3957 1015 4010 διὰ
1038 3957 1135 4028 τὴν
1164 3956 1256 4010 τοῦ
1277 3955 1613 4026 ἁμαρτάνειν
1644 3953 1847 4019 ἄδειαν,

271 4045 681 4114 ἐπισπωμένων
714 4047 850 4117 πρὸς
891 4047 1139 4110 ἑαυτούς.

335 4134 431 4201 ξθ’.
507 4136 891 4208 ’Ᾱναγνώστης
932 4140 981 4191 εἰ
1025 4141 1091 4209 τῇ
1122 4137 1317 4191 ἑαυτοῦ
1361 4139 1572 4209 μνηστῇ
1613 4137 1718 4208 πρὸ
1744 4135 1848 4205 γά-

270 4246 370 4298 μου
407 4227 811 4294 συναλλάξειεν,
855 4229 1103 4283 ἐνιαυτὸν
1148 4231 1402 4300 ἀργήσας
1442 4231 1522 4292 είς
1563 4228 1625 4280 τὸ
1649 4229 1844 4295 ἀναγι-

265 4320 495 4375 νώσκειν
562 4321 906 4391 δεχθήσεται,
953 4321 1131 4385 μένων
1164 4323 1513 4392 ἀπρόσκοπος
1537 4336 1553 4353 ⁸
1583 4319 1845 4389 κλεψιγα-

270 4415 448 4485 μήσας
499 4415 559 4468 δὲ
617 4416 745 4469 ἄνευ
799 4415 1114 4486 μνηστείας,
1179 4415 1523 4486 παυθήσεται
1585 4418 1685 4486 τῆς
1737 4415 1835 4467 ὑπ·

267 4508 486 4579 ηρεσίας
519 4524 534 4537 ’
570 4508 632 4561 τὸ
654 4508 710 4561 δὲ
732 4508 864 4561 αὐτὸ
896 4508 992 4563 καὶ
1026 4508 1327 4579 ὑπηρέτης.

330 4703 392 4751 o’.
424 4696 687 4762 Διάκονος
714 4700 771 4751 ὲν
801 4698 1004 4768 χείλεσι
1043 4697 1310 4769 μιανθεὶς,
1344 4715 1396 4751 κ.
1416 4714 1465 4750 τ.
1491 4697 1541 4750 λ.

334 4892 630 4960 Θεοφίλου
653 4891 721 4945 ἐκ
754 4892 859 4945 τοῦ
875 4890 1583 4977 Ὑπομνηστικοῦμκανὼν
1605 4891 1667 4955 δ’,
1698 4896 1758 4942 ε’.

329 4983 389 5036 δ’.
415 4983 553 5052 Περὶ
588 4982 645 5035 δὲ
676 4983 918 5052 Πανοὺφ,
954 5001 1006 5038 κ.
1043 5001 1095 5040 τ.
1130 4985 1180 5037 λ.

330 5083 390 5129 ε’.
420 5077 563 5149 Περὶ
589 5075 787 5129 Ἰακὼϐ
819 5076 1076 5148 ζητῆσαι,
1105 5095 1159 5132 κ.
1191 5095 1241 5130 τ.
1269 5079 1317 5131 λ.

344 5168 405 5221 Ἡ
446 5176 495 5221 α’
546 5168 638 5220 τοῦ
681 5167 835 5234 κὼδ.,
876 5169 983 5224 τίτ.
1040 5175 1110 5238 γ’,
1146 5168 1287 5222 διάτ.
1316 5174 1373 5233 ε’,
1434 5168 1529 5221 ὲάν
1557 5186 1637 5228 τις
1672 5167 1833 5237 μόνον

260 5259 493 5330 πειραθῇ
523 5259 712 5312 λαϐεῖν
736 5260 984 5331 γαμετὴν
1018 5260 1289 5331 παρθένον
1323 5260 1497 5330 ἱερὰν,
1520 5260 1832 5329 κεφαλικῶς

256 5353 614 5419 τιμωρεῖται·
640 5350 737 5403 καὶ
776 5351 915 5404 διάτ.
989 5352 1068 5422 μδ¹
1105 5350 1199 5405 τοῦ
1244 5352 1409 5404 αὐτοῦ
1459 5352 1565 5404 τίτ.
1617 5352 1698 5404 ὅτι
1738 5351 1832 5404 ἐὰν

256 5441 652 5512 πρεσϐύτερος,
692 5442 725 5512 ἢ
767 5442 1033 5507 διάκονος,
1099 5442 1131 5513 ἢ
1175 5441 1529 5504 ὑποδιάκονος
1577 5442 1828 5513 γαμήσῃ,

255 5531 536 5586 ὑπόκειται
566 5533 665 5603 μὲν
689 5536 801 5598 τοῖς
828 5534 1072 5601 κανόσιν,
1124 5535 1319 5598 οἵτινες
1369 5536 1469 5605 οὐχ
1515 5528 1677 5605 ἦττον
1723 5534 1832 5592 τῶν

252 5623 431 5691 νόμων
484 5623 752 5695 ἰσχύουσι,
798 5627 1023 5698 καὶτῆς
1054 5628 1357 5698 ἱερωσύνης
1415 5630 1697 5695 ἐκπίπτει,
1734 5629 1830 5683 καὶ

249 5716 298 5767 οἱ
332 5716 520 5779 παῖδες
584 5717 659 5780 ὡς
689 5718 746 5784 ἐξ
776 5718 1050 5789 ἀθεμίτων
1080 5720 1273 5790 γάμων
1333 5720 1641 5792 τεχθέντες,
1699 5722 1759 5776 οὗ
1773 5741 1823 5777 τε

1968 1927 2098 1978 nus,
2131 1913 2215 1969 vel
2245 1915 2530 1987 presbyter
2552 1917 2856 1985 ordinetur,
2891 1920 2998 1975 hoc
3023 1920 3208 1978 faciat.

2034 2092 2124 2146 12.
2170 2093 2339 2149 Porro
2389 2095 2497 2151 hoc
2532 2112 2752 2167 quoque
2785 2098 2851 2152 ad
2902 2111 3146 2156 nostram
3177 2105 3545 2173 cognitionem

1962 2184 2230 2252 pervenit,
2260 2187 2403 2254 quod
2426 2187 2481 2240 in
2508 2197 2561 2242 et
2593 2188 2799 2255 Africa,
2830 2198 2960 2258 etc.,
2983 2203 3040 2246 ut
3059 2210 3182 2264 pag.
3219 2195 3343 2249 5M.

2041 2273 2129 2328 15.
2177 2274 2449 2341 Quoniam
2500 2276 2763 2335 Romanae
2810 2278 3104 2348 Ecclesiae,
3154 2293 3260 2340 etc.
3311 2297 3368 2339 ut
3397 2304 3543 2358 pag.,

1971 2364 2095 2421 759.

2031 2460 2120 2516 48.
2166 2460 2317 2517 Uxor
2369 2464 2490 2534 ejus
2535 2466 2630 2535 qui
2675 2467 2743 2521 ad
2802 2468 3175 2538 episcopalem
3225 2470 3541 2541 dignitatem

1956 2563 2333 2620 promovetur,
2390 2557 2672 2611 communi
2725 2558 2809 2612 sui
2877 2559 2980 2614 viri
3051 2574 3323 2616 consensu
3392 2563 3544 2632 prius

1956 2651 2229 2710 separata,
2262 2653 2553 2714 postquam
2590 2648 2645 2700 in
2673 2648 2991 2717 episcopum
3030 2650 3320 2706 ordinatus
3360 2661 3445 2707 est
3473 2667 3540 2707 ac

1956 2743 2333 2801 consecratus,
2380 2738 2796 2793 monasterimm
2846 2740 3187 2810 ingrediatur
3234 2740 3427 2811 procul
3474 2744 3545 2797 ab

1956 2824 2198 2896 episcopi
2229 2828 2570 2884 habitatione
2608 2839 2968 2897 exstructum,
3013 2841 3067 2887 et
3117 2833 3359 2904 episcopi
3408 2850 3539 2905 pro-

1954 2917 2194 2972 videntia
2230 2918 2463 2976 fruatur.
2495 2920 2590 2976 Sin
2617 2933 2796 2977 autem
2822 2924 2985 2995 digna
3017 2925 3135 2980 visa
3158 2924 3343 2993 fuerit,
3372 2927 3541 2983 etiam

1956 3009 2023 3064 ad
2059 3010 2383 3069 diaconatus
2422 3013 2743 3084 dignitatem
2780 3016 3133 3085 provehetur.

2031 3195 2119 3252 59.
2157 3196 2213 3252 ln
2243 3198 2359 3255 aede
2404 3202 2643 3255 oratoria
2685 3211 2815 3270 etc.,
2854 3211 2912 3256 ut
2946 3219 3067 3272 pag.
3093 3204 3219 3257 607.

2218 3307 2379 3378 305
2412 3307 2606 3364 Basilii
2637 3327 2861 3365 canones
2890 3312 2945 3376 5,
2980 3312 3033 3378 6,
3066 3312 3155 3378 69,
3184 3313 3273 3378 70,

2024 3398 2078 3452 5.
2117 3395 2387 3454 Diaconus
2417 3410 2540 3470 post
2568 3402 2913 3458 diaconatum
2952 3404 3278 3470 fornicatus,
3316 3413 3448 3473 etc.,
3475 3416 3534 3461 ut

1954 3504 2080 3558 pag.
2117 3488 2239 3545 755.

2027 3579 2077 3634 6.
2127 3578 2537 3636 Canonicarum
2583 3598 2747 3654 supra
2784 3600 2881 3655 pro
2922 3588 3278 3643 matrimonio
3311 3604 3421 3645 non
3449 3606 3536 3645 rc-

1952 3681 2235 3741 putentur,
2274 3674 2366 3728 sed
2395 3690 2584 3729 earum
2618 3677 2932 3747 conjunctio
2964 3681 3195 3735 omnino
3223 3681 3530 3739 divellatur.

1953 3763 2070 3819 Hoc
2101 3767 2247 3821 enim
2273 3777 2327 3822 et
2360 3766 2622 3824 Ecclesiae
2652 3772 2719 3826 ad
2766 3775 3118 3832 securitatem
3157 3788 3239 3831 est
3274 3779 3426 3846 utile,
3479 3792 3533 3835 et

1955 3852 2228 3911 haereticis
2257 3872 2367 3911 non
2398 3859 2549 3914 dabit
2572 3861 2835 3918 adversus
2866 3879 2970 3919 nos
3000 3881 3213 3933 ansam,
3247 3872 3403 3941 quasi
3434 3887 3531 3941 per

1951 3948 2209 4012 peccandi
2241 3948 2548 4004 libertatem
2590 3953 2656 4006 ad
2680 3968 2779 4008 nos
2809 3958 3171 4012 altrahamus.

2022 4170 2111 4224 69.
2154 4170 2371 4235 Lector,
2424 4172 2470 4226 si
2506 4189 2630 4228 cum
2680 4190 2780 4233 sua
2832 4193 3036 4247 sponsa
3068 4189 3196 4236 ante
3239 4187 3528 4241 matrimo-

1950 4257 2099 4313 nium
2134 4261 2523 4315 commercium
2573 4264 2849 4330 habuerit;
2898 4278 3190 4339 postquam
3225 4288 3370 4330 anno
3405 4293 3530 4331 ces-

1950 4350 2174 4417 saverit,
2210 4350 2279 4405 ad
2326 4352 2614 4422 legendum
2645 4357 3016 4426 suscipietur;
3052 4378 3159 4415 non
3209 4371 3393 4420 tamen
3439 4369 3527 4421 ul-

1875 4451 1919 4505 Β
1947 4448 2031 4496 tra
2086 4443 2513 4512 promovendus.
2559 4446 2714 4511 Quod
2774 4449 2818 4504 si
2857 4451 3065 4521 absque
3103 4455 3528 4524 desponsatione

1950 4534 2135 4588 lurtim
2168 4535 2377 4603 coierit,
2415 4538 2656 4593 cessabit
2681 4555 2711 4595 a
2748 4542 3074 4599 ministerio.
3109 4544 3310 4603 Eadem
3341 4558 3397 4604 et
3424 4551 3527 4604 mi-

1944 4626 2101 4683 nistri
2139 4627 2300 4681 ratio.

2014 4718 2276 4790 30670.
2298 4720 2570 4778 Diaconus
2592 4723 2683 4794 qui
2708 4725 2945 4795 pollutus
2973 4739 3057 4785 est
3084 4730 3139 4785 in
3170 4732 3356 4800 labris,
3387 4741 3521 4800 etc.,

1947 4817 2005 4861 ut
2035 4827 2157 4880 pag.
2202 4811 2327 4865 755.

2120 4900 2383 4971 Theophili
2414 4919 2478 4956 ea:
2503 4904 2915 4963 Commonitorio
2944 4927 3169 4967 canones
3200 4914 3255 4979 4,
3287 4916 3340 4971 5.

2010 4992 2063 5046 4.
2095 4992 2170 5047 De
2208 4993 2455 5065 Panuph,
2486 5006 2591 5052 etc.
2624 5010 2679 5052 ut
2706 5016 2830 5070 pag.
2859 5002 2985 5057 550.

2010 5080 2063 5134 5.
2106 5081 2179 5136 De
2207 5080 2377 5138 Jacob
2410 5101 2679 5154 quaerere,
2706 5097 2837 5154 etc.,
2867 5101 2923 5143 ut
2955 5107 3075 5161 pag.
3108 5092 3234 5148 550.

2014 5173 2228 5230 Temtas.
2262 5175 2382 5232 Lib.
2419 5195 2456 5243 ι,
2488 5180 2610 5234 cod.
2659 5180 2745 5235 tit.
2773 5182 2827 5248 5,
2859 5192 3034 5239 const.
3072 5185 3122 5239 5.
3172 5186 3227 5239 Si
3260 5188 3386 5256 quis
3420 5205 3517 5246 sa-

1937 5283 2085 5322 cram
2108 5269 2371 5338 virginem
2398 5286 2623 5326 uxorem
2644 5271 2844 5327 ducere
2866 5278 3248 5331 tantummodo
3270 5284 3515 5347 tentarit.

1936 5362 2154 5431 capitali
2187 5378 2341 5430 poena
2386 5362 2601 5419 feritur.
2650 5366 2717 5419 Et
2764 5368 2985 5422 constit.
3022 5370 3113 5433 44,
3143 5370 3389 5440 ejusdem
3430 5376 3514 5430 tit.

1938 5455 1992 5508 Si
2058 5455 2360 5525 presbyter,
2429 5465 2524 5511 aut
2578 5457 2883 5522 diaconus,
2946 5471 3041 5514 aut
3102 5462 3515 5531 hypodiaconus

1936 5546 2157 5614 nuptias
2215 5547 2572 5613 contraxerit,
2623 5550 2929 5604 canonibus
2979 5561 3209 5618 tenetur,
3262 5556 3355 5624 qui
3398 5572 3511 5611 non

1934 5636 2118 5691 minus
2168 5636 2349 5691 valent
2394 5654 2557 5708 quam
2614 5641 2781 5710 leges,
2839 5652 2893 5697 ct
2941 5643 3245 5701 sacerdotio
3287 5647 3509 5703 excidit.

1935 5726 2111 5781 Liberi
2168 5737 2370 5795 autem,
2424 5741 2681 5800 tanquam
2739 5750 2803 5788 cx
2865 5735 3069 5793 illicitis
3115 5739 3317 5809 nuptiis
3370 5741 3525 5808 nali,
