  <div class='ocr_page' id='page_1' title='image "/cluster/home/n/w/nwhite01/storage/ocr_20150623/104 pt.4/mdp.39015061931229/401.png"; bbox 0 0 3912 6244; ppageno 0'>
   <div class='ocr_carea' id='block_1_1' title="bbox 359 337 486 402">
    <p class='ocr_par' dir='ltr' id='par_1_1' title="bbox 359 337 486 402">
     <span class='ocr_line' id='line_1_1' title="bbox 359 337 486 402; baseline -0.031 0"><span class='ocrx_word' id='word_1_1' title='bbox 359 337 486 402; x_wconf 71' lang='grc'><strong>’733</strong></span> 
     </span>
    </p>
   </div>
   <div class='ocr_carea' id='block_1_2' title="bbox 1545 331 2473 395">
    <p class='ocr_par' dir='ltr' id='par_1_2' title="bbox 1545 331 2473 395">
     <span class='ocr_line' id='line_1_2' title="bbox 1545 331 2473 395; baseline 0.003 -3"><span class='ocrx_word' id='word_1_2' title='bbox 1545 331 1808 393; x_wconf 86' lang='grc' dir='ltr'><strong>ΡΙΙΟΤΙΙ</strong></span> <span class='ocrx_word' id='word_1_3' title='bbox 1834 333 2336 395; x_wconf 61' lang='grc' dir='ltr'><strong>ΡΑΤΒΙΔΗΟΗᾹΕ</strong></span> <span class='ocrx_word' id='word_1_4' title='bbox 2366 335 2473 395; x_wconf 80' lang='lat' dir='ltr'><strong>CP.</strong></span> 
     </span>
    </p>
   </div>
   <div class='ocr_carea' id='block_1_3' title="bbox 3516 346 3612 410">
    <p class='ocr_par' dir='ltr' id='par_1_3' title="bbox 3516 346 3612 410">
     <span class='ocr_line' id='line_1_3' title="bbox 3516 346 3612 410; baseline -0.021 0"><span class='ocrx_word' id='word_1_5' title='bbox 3516 346 3612 410; x_wconf 65' lang='lat' dir='ltr'><strong>78L</strong></span> 
     </span>
    </p>
   </div>
   <div class='ocr_carea' id='block_1_4' title="bbox 357 445 1969 531">
    <p class='ocr_par' dir='ltr' id='par_1_4' title="bbox 357 445 1960 521">
     <span class='ocr_line' id='line_1_4' title="bbox 357 445 1960 521; baseline -0.002 -16"><span class='ocrx_word' id='word_1_6' title='bbox 357 478 366 497; x_wconf 86' lang='grc'><strong>-.</strong></span> <span class='ocrx_word' id='word_1_7' title='bbox 384 465 563 521; x_wconf 82' lang='lat' dir='ltr'><strong>neque</strong></span> <span class='ocrx_word' id='word_1_8' title='bbox 606 448 883 504; x_wconf 79' lang='lat' dir='ltr'><strong>naturales</strong></span> <span class='ocrx_word' id='word_1_9' title='bbox 925 461 1099 518; x_wconf 88' lang='lat' dir='ltr'><strong>neque</strong></span> <span class='ocrx_word' id='word_1_10' title='bbox 1150 445 1303 501; x_wconf 89' lang='lat' dir='ltr'><strong>nothi</strong></span> <span class='ocrx_word' id='word_1_11' title='bbox 1361 454 1507 510; x_wconf 88' lang='lat' dir='ltr'><strong>sunt,</strong></span> <span class='ocrx_word' id='word_1_12' title='bbox 1569 457 1623 501; x_wconf 89' lang='lat' dir='ltr'><strong>et</strong></span> <span class='ocrx_word' id='word_1_13' title='bbox 1670 463 1847 517; x_wconf 89' lang='lat' dir='ltr'><strong>neque</strong></span> <span class='ocrx_word' id='word_1_14' title='bbox 1894 463 1960 502; x_wconf 81' lang='lat' dir='ltr'><strong>ex</strong></span> 
     </span>
    </p>
   </div>
   <div class='ocr_carea' id='block_1_5' title="bbox 2078 445 3612 531">
    <p class='ocr_par' dir='ltr' id='par_1_5' title="bbox 2078 447 3612 531">
     <span class='ocr_line' id='line_1_5' title="bbox 2078 447 3612 531; baseline 0.007 -29"><span class='ocrx_word' id='word_1_15' title='bbox 2078 450 2279 518; x_wconf 74' lang='grc' dir='ltr'>ρυσικοὶ</span> <span class='ocrx_word' id='word_1_16' title='bbox 2327 448 2451 502; x_wconf 72' lang='grc' dir='ltr'>οὔτε</span> <span class='ocrx_word' id='word_1_17' title='bbox 2481 447 2624 503; x_wconf 84' lang='grc' dir='ltr'>νόθοι</span> <span class='ocrx_word' id='word_1_18' title='bbox 2658 449 2783 516; x_wconf 75' lang='grc' dir='ltr'>εἰσὶ,</span> <span class='ocrx_word' id='word_1_19' title='bbox 2825 451 2918 504; x_wconf 72' lang='grc' dir='ltr'>καὶ</span> <span class='ocrx_word' id='word_1_20' title='bbox 2943 450 3066 505; x_wconf 73' lang='grc' dir='ltr'>οὔτε</span> <span class='ocrx_word' id='word_1_21' title='bbox 3105 453 3245 508; x_wconf 64' lang='grc' dir='ltr'>κατὰ</span> <span class='ocrx_word' id='word_1_22' title='bbox 3277 455 3536 528; x_wconf 82' lang='grc' dir='ltr'>διαδοχὴν,</span> <span class='ocrx_word' id='word_1_23' title='bbox 3583 462 3612 531; x_wconf 83' lang='grc' dir='ltr'>ἦ</span> 
     </span>
    </p>
   </div>
   <div class='ocr_carea' id='block_1_6' title="bbox 389 539 1959 605">
    <p class='ocr_par' dir='ltr' id='par_1_6' title="bbox 389 539 1959 605">
     <span class='ocr_line' id='line_1_6' title="bbox 389 539 1959 605; baseline -0.003 -9"><span class='ocrx_word' id='word_1_24' title='bbox 389 543 696 605; x_wconf 85' lang='lat' dir='ltr'><strong>donatione,</strong></span> <span class='ocrx_word' id='word_1_25' title='bbox 745 541 1113 603; x_wconf 84' lang='lat' dir='ltr'><strong>successione,</strong></span> <span class='ocrx_word' id='word_1_26' title='bbox 1165 540 1290 594; x_wconf 88' lang='lat' dir='ltr'><strong>ficto</strong></span> <span class='ocrx_word' id='word_1_27' title='bbox 1335 539 1542 602; x_wconf 84' lang='lat' dir='ltr'><strong>debito,</strong></span> <span class='ocrx_word' id='word_1_28' title='bbox 1590 548 1685 593; x_wconf 90' lang='lat' dir='ltr'><strong>aut</strong></span> <span class='ocrx_word' id='word_1_29' title='bbox 1733 541 1959 593; x_wconf 92' lang='lat' dir='ltr'><strong>aliorum</strong></span> 
     </span>
    </p>
   </div>
   <div class='ocr_carea' id='block_1_7' title="bbox 388 633 1962 706">
    <p class='ocr_par' dir='ltr' id='par_1_7' title="bbox 388 633 1962 706">
     <span class='ocr_line' id='line_1_7' title="bbox 388 633 1962 706; baseline -0.002 -17"><span class='ocrx_word' id='word_1_30' title='bbox 388 635 718 706; x_wconf 78' lang='lat' dir='ltr'><strong>obligatione</strong></span> <span class='ocrx_word' id='word_1_31' title='bbox 767 634 1025 703; x_wconf 81' lang='lat' dir='ltr'><strong>quiquam</strong></span> <span class='ocrx_word' id='word_1_32' title='bbox 1077 633 1386 703; x_wconf 87' lang='lat' dir='ltr'><strong>percipiunt</strong></span> <span class='ocrx_word' id='word_1_33' title='bbox 1435 649 1465 687; x_wconf 92' lang='lat' dir='ltr'><strong>a</strong></span> <span class='ocrx_word' id='word_1_34' title='bbox 1522 634 1770 702; x_wconf 88' lang='lat' dir='ltr'><strong>patribus</strong></span> <span class='ocrx_word' id='word_1_35' title='bbox 1802 633 1962 688; x_wconf 89' lang='lat' dir='ltr'><strong>suis:</strong></span> 
     </span>
    </p>
   </div>
   <div class='ocr_carea' id='block_1_8' title="bbox 389 722 1965 794">
    <p class='ocr_par' dir='ltr' id='par_1_8' title="bbox 389 722 1965 794">
     <span class='ocr_line' id='line_1_8' title="bbox 389 722 1965 794; baseline -0.001 -16"><span class='ocrx_word' id='word_1_36' title='bbox 389 727 480 780; x_wconf 83' lang='lat' dir='ltr'><strong>sed</strong></span> <span class='ocrx_word' id='word_1_37' title='bbox 513 740 692 794; x_wconf 86' lang='lat' dir='ltr'><strong>neque</strong></span> <span class='ocrx_word' id='word_1_38' title='bbox 729 733 934 778; x_wconf 89' lang='lat' dir='ltr'><strong>matres</strong></span> <span class='ocrx_word' id='word_1_39' title='bbox 981 723 1227 792; x_wconf 89' lang='lat' dir='ltr'><strong>ipsorum</strong></span> <span class='ocrx_word' id='word_1_40' title='bbox 1259 741 1272 778; x_wconf 90' lang='lat'><strong>:</strong></span> <span class='ocrx_word' id='word_1_41' title='bbox 1305 738 1494 777; x_wconf 90' lang='lat' dir='ltr'><strong>verum</strong></span> <span class='ocrx_word' id='word_1_42' title='bbox 1547 722 1638 776; x_wconf 88' lang='lat' dir='ltr'><strong>illa</strong></span> <span class='ocrx_word' id='word_1_43' title='bbox 1672 722 1819 792; x_wconf 87' lang='lat' dir='ltr'><strong>capit</strong></span> <span class='ocrx_word' id='word_1_44' title='bbox 1866 722 1965 777; x_wconf 85' lang='lat' dir='ltr'><strong>Ec-</strong></span> 
     </span>
    </p>
   </div>
   <div class='ocr_carea' id='block_1_9' title="bbox 320 815 1965 885">
    <p class='ocr_par' dir='ltr' id='par_1_9' title="bbox 320 815 1965 885">
     <span class='ocr_line' id='line_1_9' title="bbox 320 815 1965 885; baseline -0.002 -13"><span class='ocrx_word' id='word_1_45' title='bbox 320 880 323 882; x_wconf 28' lang='grc' dir='ltr'><strong>η</strong></span> <span class='ocrx_word' id='word_1_46' title='bbox 389 818 575 882; x_wconf 87' lang='lat' dir='ltr'><strong>clesia,</strong></span> <span class='ocrx_word' id='word_1_47' title='bbox 606 818 659 870; x_wconf 91' lang='lat' dir='ltr'><strong>in</strong></span> <span class='ocrx_word' id='word_1_48' title='bbox 688 831 793 885; x_wconf 89' lang='lat' dir='ltr'><strong>qua</strong></span> <span class='ocrx_word' id='word_1_49' title='bbox 847 816 923 869; x_wconf 86' lang='lat' dir='ltr'><strong>illi</strong></span> <span class='ocrx_word' id='word_1_50' title='bbox 981 815 1360 870; x_wconf 83' lang='lat' dir='ltr'><strong>deservierint.</strong></span> <span class='ocrx_word' id='word_1_51' title='bbox 1428 815 1568 870; x_wconf 90' lang='lat' dir='ltr'><strong>Dicit</strong></span> <span class='ocrx_word' id='word_1_52' title='bbox 1614 830 1746 869; x_wconf 90' lang='lat' dir='ltr'><strong>vero</strong></span> <span class='ocrx_word' id='word_1_53' title='bbox 1802 815 1965 869; x_wconf 89' lang='lat' dir='ltr'><strong>etiam</strong></span> 
     </span>
    </p>
   </div>
   <div class='ocr_carea' id='block_1_10' title="bbox 389 907 1968 980">
    <p class='ocr_par' dir='ltr' id='par_1_10' title="bbox 389 907 1968 980">
     <span class='ocr_line' id='line_1_10' title="bbox 389 907 1968 980; baseline -0.001 -17"><span class='ocrx_word' id='word_1_54' title='bbox 389 920 558 980; x_wconf 77' lang='lat' dir='ltr'><strong>coast.</strong></span> <span class='ocrx_word' id='word_1_55' title='bbox 599 912 683 976; x_wconf 76' lang='lat' dir='ltr'><strong>l5,</strong></span> <span class='ocrx_word' id='word_1_56' title='bbox 721 911 804 964; x_wconf 91' lang='lat' dir='ltr'><strong>tit.</strong></span> <span class='ocrx_word' id='word_1_57' title='bbox 839 925 855 963; x_wconf 83' lang='lat'>1</span> <span class='ocrx_word' id='word_1_58' title='bbox 889 907 1232 962; x_wconf 76' lang='lat' dir='ltr'><strong>Novellarum</strong></span> <span class='ocrx_word' id='word_1_59' title='bbox 1265 927 1278 963; x_wconf 86' lang='lat'>:</span> <span class='ocrx_word' id='word_1_60' title='bbox 1313 909 1371 962; x_wconf 79' lang='lat' dir='ltr'><strong>Si</strong></span> <span class='ocrx_word' id='word_1_61' title='bbox 1403 911 1706 964; x_wconf 89' lang='lat' dir='ltr'><strong>monachus</strong></span> <span class='ocrx_word' id='word_1_62' title='bbox 1735 908 1968 963; x_wconf 77' lang='lat' dir='ltr'><strong>clericus</strong></span> 
     </span>
    </p>
   </div>
   <div class='ocr_carea' id='block_1_11' title="bbox 391 999 1962 1066">
    <p class='ocr_par' dir='ltr' id='par_1_11' title="bbox 391 999 1962 1066">
     <span class='ocr_line' id='line_1_11' title="bbox 391 999 1962 1066; baseline -0.003 -12"><span class='ocrx_word' id='word_1_63' title='bbox 391 1001 567 1055; x_wconf 88' lang='lat' dir='ltr'><strong>factus</strong></span> <span class='ocrx_word' id='word_1_64' title='bbox 613 1001 705 1066; x_wconf 86' lang='lat' dir='ltr'><strong>sit,</strong></span> <span class='ocrx_word' id='word_1_65' title='bbox 754 1000 819 1054; x_wconf 91' lang='lat' dir='ltr'><strong>ad</strong></span> <span class='ocrx_word' id='word_1_66' title='bbox 869 1001 1275 1053; x_wconf 85' lang='lat' dir='ltr'><strong>matrimonium</strong></span> <span class='ocrx_word' id='word_1_67' title='bbox 1327 999 1586 1054; x_wconf 90' lang='lat' dir='ltr'><strong>devenire</strong></span> <span class='ocrx_word' id='word_1_68' title='bbox 1617 1015 1685 1054; x_wconf 89' lang='lat' dir='ltr'><strong>ne</strong></span> <span class='ocrx_word' id='word_1_69' title='bbox 1714 999 1912 1052; x_wconf 89' lang='lat' dir='ltr'><strong>audeto</strong></span> <span class='ocrx_word' id='word_1_70' title='bbox 1949 1013 1962 1049; x_wconf 90' lang='lat'><strong>:</strong></span> 
     </span>
    </p>
   </div>
   <div class='ocr_carea' id='block_1_12' title="bbox 391 1091 1966 1161">
    <p class='ocr_par' dir='ltr' id='par_1_12' title="bbox 391 1091 1966 1161">
     <span class='ocr_line' id='line_1_12' title="bbox 391 1091 1966 1161; baseline -0.003 -15"><span class='ocrx_word' id='word_1_71' title='bbox 391 1091 606 1147; x_wconf 79' lang='lat' dir='ltr'><strong>tametsi</strong></span> <span class='ocrx_word' id='word_1_72' title='bbox 655 1092 708 1145; x_wconf 94' lang='lat' dir='ltr'><strong>in</strong></span> <span class='ocrx_word' id='word_1_73' title='bbox 760 1091 907 1145; x_wconf 91' lang='lat' dir='ltr'><strong>clero</strong></span> <span class='ocrx_word' id='word_1_74' title='bbox 935 1106 1060 1146; x_wconf 90' lang='lat' dir='ltr'><strong>eum</strong></span> <span class='ocrx_word' id='word_1_75' title='bbox 1095 1091 1324 1161; x_wconf 78' lang='lat' dir='ltr'><strong>gradum</strong></span> <span class='ocrx_word' id='word_1_76' title='bbox 1374 1100 1567 1146; x_wconf 89' lang='lat' dir='ltr'><strong>nactus</strong></span> <span class='ocrx_word' id='word_1_77' title='bbox 1611 1091 1702 1156; x_wconf 89' lang='lat' dir='ltr'><strong>sit,</strong></span> <span class='ocrx_word' id='word_1_78' title='bbox 1754 1091 1807 1143; x_wconf 90' lang='lat' dir='ltr'><strong>in</strong></span> <span class='ocrx_word' id='word_1_79' title='bbox 1856 1104 1966 1158; x_wconf 89' lang='lat' dir='ltr'><strong>quo</strong></span> 
     </span>
    </p>
   </div>
   <div class='ocr_carea' id='block_1_13' title="bbox 391 1180 1964 1252">
    <p class='ocr_par' dir='ltr' id='par_1_13' title="bbox 391 1180 1964 1252">
     <span class='ocr_line' id='line_1_13' title="bbox 391 1180 1964 1252; baseline -0.003 -13"><span class='ocrx_word' id='word_1_80' title='bbox 391 1185 608 1239; x_wconf 80' lang='lat' dir='ltr'><strong>clericis</strong></span> <span class='ocrx_word' id='word_1_81' title='bbox 664 1183 1098 1248; x_wconf 85' lang='lat' dir='ltr'><strong>matrimonium,</strong></span> <span class='ocrx_word' id='word_1_82' title='bbox 1149 1183 1476 1237; x_wconf 81' lang='lat' dir='ltr'><strong>contrahere</strong></span> <span class='ocrx_word' id='word_1_83' title='bbox 1532 1184 1674 1249; x_wconf 90' lang='lat' dir='ltr'><strong>licet,</strong></span> <span class='ocrx_word' id='word_1_84' title='bbox 1725 1180 1964 1252; x_wconf 77' lang='lat' dir='ltr'><strong>[qualem</strong></span> 
     </span>
    </p>
   </div>
   <div class='ocr_carea' id='block_1_14' title="bbox 394 1273 1967 1347">
    <p class='ocr_par' dir='ltr' id='par_1_14' title="bbox 394 1273 1967 1347">
     <span class='ocr_line' id='line_1_14' title="bbox 394 1273 1967 1347; baseline -0.001 -18"><span class='ocrx_word' id='word_1_85' title='bbox 394 1274 664 1347; x_wconf 86' lang='lat' dir='ltr'><strong>videlicet]</strong></span> <span class='ocrx_word' id='word_1_86' title='bbox 719 1285 993 1340; x_wconf 87' lang='lat' dir='ltr'><strong>cantores,</strong></span> <span class='ocrx_word' id='word_1_87' title='bbox 1050 1283 1105 1329; x_wconf 89' lang='lat' dir='ltr'><strong>et</strong></span> <span class='ocrx_word' id='word_1_88' title='bbox 1165 1275 1396 1329; x_wconf 84' lang='lat' dir='ltr'><strong>lectores</strong></span> <span class='ocrx_word' id='word_1_89' title='bbox 1453 1273 1769 1345; x_wconf 76' lang='lat' dir='ltr'><strong>[obtinent].</strong></span> <span class='ocrx_word' id='word_1_90' title='bbox 1833 1274 1967 1327; x_wconf 88' lang='lat' dir='ltr'><strong>Aliis</strong></span> 
     </span>
    </p>
   </div>
   <div class='ocr_carea' id='block_1_15' title="bbox 392 1365 1967 1436">
    <p class='ocr_par' dir='ltr' id='par_1_15' title="bbox 392 1365 1967 1436">
     <span class='ocr_line' id='line_1_15' title="bbox 392 1365 1967 1436; baseline -0.001 -14"><span class='ocrx_word' id='word_1_91' title='bbox 392 1370 537 1422; x_wconf 87' lang='lat' dir='ltr'><strong>enim</strong></span> <span class='ocrx_word' id='word_1_92' title='bbox 595 1368 852 1423; x_wconf 89' lang='lat' dir='ltr'><strong>omnibus</strong></span> <span class='ocrx_word' id='word_1_93' title='bbox 901 1368 953 1421; x_wconf 90' lang='lat' dir='ltr'><strong>in</strong></span> <span class='ocrx_word' id='word_1_94' title='bbox 1011 1367 1328 1422; x_wconf 89' lang='lat' dir='ltr'><strong>universum</strong></span> <span class='ocrx_word' id='word_1_95' title='bbox 1389 1367 1595 1436; x_wconf 58' lang='lat' dir='ltr'><strong>nuptial</strong></span> <span class='ocrx_word' id='word_1_96' title='bbox 1662 1365 1967 1420; x_wconf 72' lang='lat' dir='ltr'><strong>interdictae</strong></span> 
     </span>
    </p>
   </div>
   <div class='ocr_carea' id='block_1_16' title="bbox 393 1457 1964 1527">
    <p class='ocr_par' dir='ltr' id='par_1_16' title="bbox 393 1457 1964 1527">
     <span class='ocr_line' id='line_1_16' title="bbox 393 1457 1964 1527; baseline -0.003 -13"><span class='ocrx_word' id='word_1_97' title='bbox 393 1468 539 1514; x_wconf 84' lang='lat' dir='ltr'><strong>sunt.</strong></span> <span class='ocrx_word' id='word_1_98' title='bbox 565 1457 635 1512; x_wconf 84' lang='lat' dir='ltr'><strong>At</strong></span> <span class='ocrx_word' id='word_1_99' title='bbox 664 1460 708 1513; x_wconf 93' lang='lat' dir='ltr'><strong>si</strong></span> <span class='ocrx_word' id='word_1_100' title='bbox 743 1469 834 1514; x_wconf 88' lang='lat' dir='ltr'><strong>aut</strong></span> <span class='ocrx_word' id='word_1_101' title='bbox 868 1459 1086 1527; x_wconf 84' lang='lat' dir='ltr'><strong>nuptias</strong></span> <span class='ocrx_word' id='word_1_102' title='bbox 1121 1459 1434 1520; x_wconf 83' lang='lat' dir='ltr'><strong>contrahat,</strong></span> <span class='ocrx_word' id='word_1_103' title='bbox 1470 1468 1566 1512; x_wconf 92' lang='lat' dir='ltr'><strong>aut</strong></span> <span class='ocrx_word' id='word_1_104' title='bbox 1595 1458 1964 1512; x_wconf 82' lang='lat' dir='ltr'><strong>concubinam</strong></span> 
     </span>
    </p>
   </div>
   <div class='ocr_carea' id='block_1_17' title="bbox 393 1549 1966 1620">
    <p class='ocr_par' dir='ltr' id='par_1_17' title="bbox 393 1549 1966 1620">
     <span class='ocr_line' id='line_1_17' title="bbox 393 1549 1966 1620; baseline -0.001 -15"><span class='ocrx_word' id='word_1_105' title='bbox 393 1553 608 1616; x_wconf 82' lang='lat' dir='ltr'><strong>habeat,</strong></span> <span class='ocrx_word' id='word_1_106' title='bbox 660 1559 753 1604; x_wconf 89' lang='lat' dir='ltr'><strong>aut</strong></span> <span class='ocrx_word' id='word_1_107' title='bbox 805 1551 1074 1620; x_wconf 80' lang='lat' dir='ltr'><strong>impudice</strong></span> <span class='ocrx_word' id='word_1_108' title='bbox 1119 1550 1285 1615; x_wconf 90' lang='lat' dir='ltr'><strong>vivat,</strong></span> <span class='ocrx_word' id='word_1_109' title='bbox 1326 1549 1563 1619; x_wconf 87' lang='lat' dir='ltr'><strong>ejicitor,</strong></span> <span class='ocrx_word' id='word_1_110' title='bbox 1610 1565 1673 1603; x_wconf 92' lang='lat' dir='ltr'><strong>ac</strong></span> <span class='ocrx_word' id='word_1_111' title='bbox 1722 1550 1966 1618; x_wconf 86' lang='lat' dir='ltr'><strong>plebeius</strong></span> 
     </span>
    </p>
   </div>
   <div class='ocr_carea' id='block_1_18' title="bbox 392 1641 1966 1713">
    <p class='ocr_par' dir='ltr' id='par_1_18' title="bbox 392 1641 1966 1713">
     <span class='ocr_line' id='line_1_18' title="bbox 392 1641 1966 1713; baseline -0.001 -16"><span class='ocrx_word' id='word_1_112' title='bbox 392 1654 531 1698; x_wconf 84' lang='lat' dir='ltr'><strong>esto.</strong></span> <span class='ocrx_word' id='word_1_113' title='bbox 564 1644 642 1696; x_wconf 84' lang='lat' dir='ltr'><strong>Ad</strong></span> <span class='ocrx_word' id='word_1_114' title='bbox 674 1643 918 1696; x_wconf 88' lang='lat' dir='ltr'><strong>militiam</strong></span> <span class='ocrx_word' id='word_1_115' title='bbox 954 1641 1128 1713; x_wconf 84' lang='lat' dir='ltr'><strong>[vero]</strong></span> <span class='ocrx_word' id='word_1_116' title='bbox 1159 1644 1243 1696; x_wconf 91' lang='lat' dir='ltr'><strong>vel</strong></span> <span class='ocrx_word' id='word_1_117' title='bbox 1273 1643 1419 1696; x_wconf 85' lang='lat' dir='ltr'><strong>aliud</strong></span> <span class='ocrx_word' id='word_1_118' title='bbox 1444 1642 1680 1696; x_wconf 83' lang='lat' dir='ltr'><strong>oﬂicium</strong></span> <span class='ocrx_word' id='word_1_119' title='bbox 1711 1641 1966 1696; x_wconf 78' lang='lat' dir='ltr'><strong>devenire</strong></span> 
     </span>
    </p>
   </div>
   <div class='ocr_carea' id='block_1_19' title="bbox 391 1732 1964 1802">
    <p class='ocr_par' dir='ltr' id='par_1_19' title="bbox 391 1732 1964 1802">
     <span class='ocr_line' id='line_1_19' title="bbox 391 1732 1964 1802; baseline -0.003 -13"><span class='ocrx_word' id='word_1_120' title='bbox 391 1752 460 1790; x_wconf 89' lang='lat' dir='ltr'><strong>ne</strong></span> <span class='ocrx_word' id='word_1_121' title='bbox 510 1736 727 1788; x_wconf 88' lang='lat' dir='ltr'><strong>audeto.</strong></span> <span class='ocrx_word' id='word_1_122' title='bbox 757 1733 822 1787; x_wconf 86' lang='lat' dir='ltr'><strong>Et</strong></span> <span class='ocrx_word' id='word_1_123' title='bbox 862 1735 1084 1788; x_wconf 88' lang='lat' dir='ltr'><strong>constit.</strong></span> <span class='ocrx_word' id='word_1_124' title='bbox 1138 1751 1174 1799; x_wconf 83' lang='lat'><strong>1,</strong></span> <span class='ocrx_word' id='word_1_125' title='bbox 1224 1734 1464 1802; x_wconf 84' lang='lat' dir='ltr'><strong>ejusdem</strong></span> <span class='ocrx_word' id='word_1_126' title='bbox 1518 1734 1600 1788; x_wconf 88' lang='lat' dir='ltr'><strong>tit.</strong></span> <span class='ocrx_word' id='word_1_127' title='bbox 1647 1732 1840 1788; x_wconf 88' lang='lat' dir='ltr'><strong>Nullus</strong></span> <span class='ocrx_word' id='word_1_128' title='bbox 1871 1733 1964 1802; x_wconf 90' lang='lat' dir='ltr'><strong>qui</strong></span> 
     </span>
    </p>
   </div>
   <div class='ocr_carea' id='block_1_20' title="bbox 2065 541 3614 622">
    <p class='ocr_par' dir='ltr' id='par_1_20' title="bbox 2065 541 3614 622">
     <span class='ocr_line' id='line_1_20' title="bbox 2065 541 3614 622; baseline 0.006 -28"><span class='ocrx_word' id='word_1_129' title='bbox 2065 542 2295 612; x_wconf 78' lang='grc' dir='ltr'>δωρεὰν,</span> <span class='ocrx_word' id='word_1_130' title='bbox 2325 541 2356 609; x_wconf 83' lang='grc' dir='ltr'>ἢ</span> <span class='ocrx_word' id='word_1_131' title='bbox 2389 543 2865 612; x_wconf 79' lang='grc' dir='ltr'>ἐσχηματισμένον</span> <span class='ocrx_word' id='word_1_132' title='bbox 2887 544 3115 612; x_wconf 81' lang='grc' dir='ltr'><strong>δάνειον,</strong></span> <span class='ocrx_word' id='word_1_133' title='bbox 3153 547 3185 616; x_wconf 85' lang='grc' dir='ltr'>ἢ</span> <span class='ocrx_word' id='word_1_134' title='bbox 3209 547 3392 616; x_wconf 78' lang='grc' dir='ltr'>ἑτέραν</span> <span class='ocrx_word' id='word_1_135' title='bbox 3420 551 3614 622; x_wconf 80' lang='grc' dir='ltr'>ἐνοχὴν,</span> 
     </span>
    </p>
   </div>
   <div class='ocr_carea' id='block_1_21' title="bbox 2066 633 3618 712">
    <p class='ocr_par' dir='ltr' id='par_1_21' title="bbox 2066 633 3618 712">
     <span class='ocr_line' id='line_1_21' title="bbox 2066 633 3618 712; baseline 0.006 -26"><span class='ocrx_word' id='word_1_136' title='bbox 2066 633 2400 704; x_wconf 81' lang='grc' dir='ltr'>λαμϐάνουσί</span> <span class='ocrx_word' id='word_1_137' title='bbox 2433 651 2484 686; x_wconf 92' lang='grc' dir='ltr'><strong>τι</strong></span> <span class='ocrx_word' id='word_1_138' title='bbox 2515 633 2665 704; x_wconf 79' lang='grc' dir='ltr'>παρὰ</span> <span class='ocrx_word' id='word_1_139' title='bbox 2705 635 2815 689; x_wconf 86' lang='grc' dir='ltr'><strong>τῶν</strong></span> <span class='ocrx_word' id='word_1_140' title='bbox 2850 638 3106 707; x_wconf 80' lang='grc' dir='ltr'>πατέρων</span> <span class='ocrx_word' id='word_1_141' title='bbox 3151 639 3403 712; x_wconf 79' lang='grc' dir='ltr'>αύτῶν,ῆ</span> <span class='ocrx_word' id='word_1_142' title='bbox 3439 643 3494 695; x_wconf 72' lang='grc' dir='ltr'>αἱ</span> <span class='ocrx_word' id='word_1_143' title='bbox 3525 659 3618 712; x_wconf 86' lang='grc' dir='ltr'>μη-</span> 
     </span>
    </p>
   </div>
   <div class='ocr_carea' id='block_1_22' title="bbox 2065 721 3618 796">
    <p class='ocr_par' dir='ltr' id='par_1_22' title="bbox 2065 721 3618 796">
     <span class='ocr_line' id='line_1_22' title="bbox 2065 721 3618 796; baseline 0.004 -20"><span class='ocrx_word' id='word_1_144' title='bbox 2065 723 2222 792; x_wconf 80' lang='grc' dir='ltr'>τέρες</span> <span class='ocrx_word' id='word_1_145' title='bbox 2271 722 2475 786; x_wconf 83' lang='grc' dir='ltr'>αὐτῶν,</span> <span class='ocrx_word' id='word_1_146' title='bbox 2533 721 2670 776; x_wconf 77' lang='grc' dir='ltr'>ἀλλὰ</span> <span class='ocrx_word' id='word_1_147' title='bbox 2723 721 2896 776; x_wconf 78' lang='grc' dir='ltr'>ταῦτα</span> <span class='ocrx_word' id='word_1_148' title='bbox 2929 724 3194 794; x_wconf 84' lang='grc' dir='ltr'>λαμϐάνει</span> <span class='ocrx_word' id='word_1_149' title='bbox 3225 729 3257 796; x_wconf 85' lang='grc' dir='ltr'>ἡ</span> <span class='ocrx_word' id='word_1_150' title='bbox 3289 729 3405 781; x_wconf 75' lang='grc' dir='ltr'>κατ’</span> <span class='ocrx_word' id='word_1_151' title='bbox 3439 729 3618 795; x_wconf 76' lang='grc' dir='ltr'>αὐτοὺς</span> 
     </span>
    </p>
   </div>
   <div class='ocr_carea' id='block_1_23' title="bbox 2080 814 3617 894">
    <p class='ocr_par' dir='ltr' id='par_1_23' title="bbox 2080 814 3617 894">
     <span class='ocr_line' id='line_1_23' title="bbox 2080 814 3617 894; baseline 0.008 -27"><span class='ocrx_word' id='word_1_152' title='bbox 2080 814 2391 886; x_wconf 86' lang='grc' dir='ltr'>Ἐκκλησία·</span> <span class='ocrx_word' id='word_1_153' title='bbox 2411 814 2557 882; x_wconf 83' lang='grc' dir='ltr'>λέγει</span> <span class='ocrx_word' id='word_1_154' title='bbox 2571 814 2625 868; x_wconf 85' lang='grc' dir='ltr'><strong>δὲ</strong></span> <span class='ocrx_word' id='word_1_155' title='bbox 2652 817 2684 885; x_wconf 83' lang='grc' dir='ltr'>ἡ</span> <span class='ocrx_word' id='word_1_156' title='bbox 2713 823 2778 884; x_wconf 84' lang='grc' dir='ltr'>ιγ’</span> <span class='ocrx_word' id='word_1_157' title='bbox 2803 816 2943 870; x_wconf 87' lang='grc' dir='ltr'>διάτ.</span> <span class='ocrx_word' id='word_1_158' title='bbox 2961 817 3053 871; x_wconf 82' lang='grc' dir='ltr'>τοῦ</span> <span class='ocrx_word' id='word_1_159' title='bbox 3081 825 3128 872; x_wconf 82' lang='grc' dir='ltr'>α’</span> <span class='ocrx_word' id='word_1_160' title='bbox 3145 819 3245 872; x_wconf 83' lang='grc' dir='ltr'>τίτ.</span> <span class='ocrx_word' id='word_1_161' title='bbox 3261 822 3364 875; x_wconf 87' lang='grc' dir='ltr'>τῶν</span> <span class='ocrx_word' id='word_1_162' title='bbox 3388 822 3617 894; x_wconf 86' lang='grc' dir='ltr'>Νεαρῶν,</span> 
     </span>
    </p>
   </div>
   <div class='ocr_carea' id='block_1_24' title="bbox 2067 907 3621 987">
    <p class='ocr_par' dir='ltr' id='par_1_24' title="bbox 2067 907 3621 987">
     <span class='ocr_line' id='line_1_24' title="bbox 2067 907 3621 987; baseline 0 -28"><span class='ocrx_word' id='word_1_163' title='bbox 2067 907 2148 959; x_wconf 81' lang='grc' dir='ltr'>ὅτι</span> <span class='ocrx_word' id='word_1_164' title='bbox 2177 907 2270 960; x_wconf 81' lang='grc' dir='ltr'><strong>ἐὰν</strong></span> <span class='ocrx_word' id='word_1_165' title='bbox 2305 907 2539 978; x_wconf 85' lang='grc' dir='ltr'>μοναχὸς</span> <span class='ocrx_word' id='word_1_166' title='bbox 2574 908 2854 980; x_wconf 79' lang='grc' dir='ltr'>κληρωθῇ,</span> <span class='ocrx_word' id='word_1_167' title='bbox 2915 911 2990 980; x_wconf 81' lang='grc' dir='ltr'>μὴ</span> <span class='ocrx_word' id='word_1_168' title='bbox 3048 910 3320 983; x_wconf 75' lang='grc' dir='ltr'>θαρρείτω</span> <span class='ocrx_word' id='word_1_169' title='bbox 3356 915 3484 984; x_wconf 82' lang='grc' dir='ltr'>πρὸς</span> <span class='ocrx_word' id='word_1_170' title='bbox 3530 918 3621 987; x_wconf 78' lang='grc' dir='ltr'><strong>γά.</strong></span> 
     </span>
    </p>
   </div>
   <div class='ocr_carea' id='block_1_25' title="bbox 2070 998 3620 1078">
    <p class='ocr_par' dir='ltr' id='par_1_25' title="bbox 2070 998 3620 1078">
     <span class='ocr_line' id='line_1_25' title="bbox 2070 998 3620 1078; baseline 0.005 -26"><span class='ocrx_word' id='word_1_171' title='bbox 2070 1017 2167 1068; x_wconf 90' lang='grc' dir='ltr'><strong>μον</strong></span> <span class='ocrx_word' id='word_1_172' title='bbox 2196 998 2391 1064; x_wconf 81' lang='grc' dir='ltr'>ἐλθεῖν,</span> <span class='ocrx_word' id='word_1_173' title='bbox 2432 999 2533 1052; x_wconf 83' lang='grc' dir='ltr'><strong>κᾶν</strong></span> <span class='ocrx_word' id='word_1_174' title='bbox 2565 1000 2806 1053; x_wconf 82' lang='grc' dir='ltr'>τοιούτου</span> <span class='ocrx_word' id='word_1_175' title='bbox 2851 1000 3061 1071; x_wconf 79' lang='grc' dir='ltr'>βαθμοῦ</span> <span class='ocrx_word' id='word_1_176' title='bbox 3102 1004 3392 1074; x_wconf 78' lang='grc' dir='ltr'>τετύχηκεν</span> <span class='ocrx_word' id='word_1_177' title='bbox 3461 1008 3514 1060; x_wconf 85' lang='grc' dir='ltr'><strong>ἐν</strong></span> <span class='ocrx_word' id='word_1_178' title='bbox 3551 1009 3620 1078; x_wconf 80' lang='grc' dir='ltr'>τῷ</span> 
     </span>
    </p>
   </div>
   <div class='ocr_carea' id='block_1_26' title="bbox 2068 1082 3620 1164">
    <p class='ocr_par' dir='ltr' id='par_1_26' title="bbox 2068 1082 3620 1164">
     <span class='ocr_line' id='line_1_26' title="bbox 2068 1082 3620 1164; baseline 0.008 -24"><span class='ocrx_word' id='word_1_179' title='bbox 2068 1089 2256 1161; x_wconf 84' lang='grc' dir='ltr'>κλήρῳ</span> <span class='ocrx_word' id='word_1_180' title='bbox 2286 1089 2343 1142; x_wconf 87' lang='grc' dir='ltr'><strong>ἐν</strong></span> <span class='ocrx_word' id='word_1_181' title='bbox 2371 1082 2416 1158; x_wconf 82' lang='grc' dir='ltr'>ᾧ</span> <span class='ocrx_word' id='word_1_182' title='bbox 2445 1094 2555 1155; x_wconf 80' lang='grc' dir='ltr'>τοῖς</span> <span class='ocrx_word' id='word_1_183' title='bbox 2581 1092 2861 1162; x_wconf 82' lang='grc' dir='ltr'>κληρικοῖς</span> <span class='ocrx_word' id='word_1_184' title='bbox 2895 1091 3074 1156; x_wconf 76' lang='grc' dir='ltr'>ἔξεστι</span> <span class='ocrx_word' id='word_1_185' title='bbox 3119 1097 3338 1164; x_wconf 83' lang='grc' dir='ltr'>γαμεῖν,</span> <span class='ocrx_word' id='word_1_186' title='bbox 3390 1099 3620 1152; x_wconf 79' lang='grc' dir='ltr'>τουτέστι</span> 
     </span>
    </p>
   </div>
   <div class='ocr_carea' id='block_1_27' title="bbox 2066 1183 3622 1254">
    <p class='ocr_par' dir='ltr' id='par_1_27' title="bbox 2066 1183 3622 1254">
     <span class='ocr_line' id='line_1_27' title="bbox 2066 1183 3622 1254; baseline -0.003 -18"><span class='ocrx_word' id='word_1_187' title='bbox 2066 1183 2244 1254; x_wconf 78' lang='grc' dir='ltr'>ψάλτῃ</span> <span class='ocrx_word' id='word_1_188' title='bbox 2279 1183 2373 1236; x_wconf 72' lang='grc' dir='ltr'><strong>καὶ</strong></span> <span class='ocrx_word' id='word_1_189' title='bbox 2415 1183 2760 1254; x_wconf 81' lang='grc' dir='ltr'>ἀναγνώστῃ·</span> <span class='ocrx_word' id='word_1_190' title='bbox 2795 1187 2912 1248; x_wconf 83' lang='grc' dir='ltr'>τοῖς</span> <span class='ocrx_word' id='word_1_191' title='bbox 2941 1183 3053 1254; x_wconf 85' lang='grc' dir='ltr'>γὰρ</span> <span class='ocrx_word' id='word_1_192' title='bbox 3075 1185 3256 1250; x_wconf 82' lang='grc' dir='ltr'>ἄλλοις</span> <span class='ocrx_word' id='word_1_193' title='bbox 3287 1189 3455 1242; x_wconf 80' lang='grc' dir='ltr'>ἇπασι</span> <span class='ocrx_word' id='word_1_194' title='bbox 3503 1189 3622 1242; x_wconf 75' lang='grc' dir='ltr'>καθ-</span> 
     </span>
    </p>
   </div>
   <div class='ocr_carea' id='block_1_28' title="bbox 2068 1273 3627 1350">
    <p class='ocr_par' dir='ltr' id='par_1_28' title="bbox 2068 1273 3627 1350">
     <span class='ocr_line' id='line_1_28' title="bbox 2068 1273 3627 1350; baseline 0.004 -21"><span class='ocrx_word' id='word_1_195' title='bbox 2068 1273 2215 1339; x_wconf 81' lang='grc' dir='ltr'>ἅπαξ</span> <span class='ocrx_word' id='word_1_196' title='bbox 2258 1275 2286 1326; x_wconf 87' lang='grc' dir='ltr'>ὁ</span> <span class='ocrx_word' id='word_1_197' title='bbox 2326 1275 2499 1345; x_wconf 85' lang='grc' dir='ltr'>γάμος</span> <span class='ocrx_word' id='word_1_198' title='bbox 2528 1276 2922 1346; x_wconf 76' lang='grc' dir='ltr'><strong>ἀπηγόρευται·</strong></span> <span class='ocrx_word' id='word_1_199' title='bbox 2945 1279 2993 1330; x_wconf 77' lang='grc' dir='ltr'><strong>εί</strong></span> <span class='ocrx_word' id='word_1_200' title='bbox 3014 1277 3069 1330; x_wconf 88' lang='grc' dir='ltr'><strong>δέ</strong></span> <span class='ocrx_word' id='word_1_201' title='bbox 3094 1279 3356 1350; x_wconf 76' lang='grc' dir='ltr'>γαμήσει,</span> <span class='ocrx_word' id='word_1_202' title='bbox 3387 1280 3417 1349; x_wconf 88' lang='grc' dir='ltr'>ἢ</span> <span class='ocrx_word' id='word_1_203' title='bbox 3441 1281 3627 1336; x_wconf 86' lang='grc' dir='ltr'>παλλα-</span> 
     </span>
    </p>
   </div>
   <div class='ocr_carea' id='block_1_29' title="bbox 2069 1366 3624 1444">
    <p class='ocr_par' dir='ltr' id='par_1_29' title="bbox 2069 1366 3624 1444">
     <span class='ocr_line' id='line_1_29' title="bbox 2069 1366 3624 1444; baseline 0.005 -25"><span class='ocrx_word' id='word_1_204' title='bbox 2069 1367 2171 1438; x_wconf 81' lang='grc' dir='ltr'>κὴν</span> <span class='ocrx_word' id='word_1_205' title='bbox 2201 1367 2326 1436; x_wconf 80' lang='grc' dir='ltr'>σχῇ,</span> <span class='ocrx_word' id='word_1_206' title='bbox 2363 1367 2396 1436; x_wconf 81' lang='grc' dir='ltr'><strong>ἢ</strong></span> <span class='ocrx_word' id='word_1_207' title='bbox 2427 1366 2675 1435; x_wconf 79' lang='grc' dir='ltr'>ἀσελγῶς</span> <span class='ocrx_word' id='word_1_208' title='bbox 2721 1367 2902 1439; x_wconf 75' lang='grc' dir='ltr'>ζήσει,</span> <span class='ocrx_word' id='word_1_209' title='bbox 2930 1368 3280 1423; x_wconf 83' lang='grc' dir='ltr'>ἐκϐαλλέσθω</span> <span class='ocrx_word' id='word_1_210' title='bbox 3301 1371 3392 1424; x_wconf 79' lang='grc' dir='ltr'>τοῦ</span> <span class='ocrx_word' id='word_1_211' title='bbox 3419 1373 3624 1444; x_wconf 85' lang='grc' dir='ltr'>κλήρου,</span> 
     </span>
    </p>
   </div>
   <div class='ocr_carea' id='block_1_30' title="bbox 2070 1457 3629 1535">
    <p class='ocr_par' dir='ltr' id='par_1_30' title="bbox 2070 1457 3629 1535">
     <span class='ocr_line' id='line_1_30' title="bbox 2070 1457 3629 1535; baseline 0.004 -24"><span class='ocrx_word' id='word_1_212' title='bbox 2070 1458 2165 1511; x_wconf 75' lang='grc' dir='ltr'><strong>καὶ</strong></span> <span class='ocrx_word' id='word_1_213' title='bbox 2198 1457 2415 1527; x_wconf 81' lang='grc' dir='ltr'><strong>ἰδιώτης</strong></span> <span class='ocrx_word' id='word_1_214' title='bbox 2455 1458 2616 1524; x_wconf 72' lang='grc' dir='ltr'>ἔστω,</span> <span class='ocrx_word' id='word_1_215' title='bbox 2671 1460 2808 1529; x_wconf 81' lang='grc' dir='ltr'>πρὸς</span> <span class='ocrx_word' id='word_1_216' title='bbox 2840 1461 3135 1530; x_wconf 79' lang='grc' dir='ltr'>στρατείαν</span> <span class='ocrx_word' id='word_1_217' title='bbox 3188 1461 3220 1531; x_wconf 85' lang='grc' dir='ltr'>ἢ</span> <span class='ocrx_word' id='word_1_218' title='bbox 3248 1462 3438 1533; x_wconf 80' lang='grc' dir='ltr'>ἑτέραν</span> <span class='ocrx_word' id='word_1_219' title='bbox 3463 1468 3629 1535; x_wconf 77' lang='grc' dir='ltr'>ἐπιτήο</span> 
     </span>
    </p>
   </div>
   <div class='ocr_carea' id='block_1_31' title="bbox 2070 1547 3628 1620">
    <p class='ocr_par' dir='ltr' id='par_1_31' title="bbox 2070 1547 3628 1620">
     <span class='ocr_line' id='line_1_31' title="bbox 2070 1547 3628 1620; baseline 0.004 -20"><span class='ocrx_word' id='word_1_220' title='bbox 2070 1547 2254 1600; x_wconf 88' lang='grc' dir='ltr'>δευσιν</span> <span class='ocrx_word' id='word_1_221' title='bbox 2278 1547 2450 1599; x_wconf 78' lang='grc' dir='ltr'>ἐλθεῖν</span> <span class='ocrx_word' id='word_1_222' title='bbox 2490 1548 2550 1600; x_wconf 83' lang='grc' dir='ltr'><strong>ού</strong></span> <span class='ocrx_word' id='word_1_223' title='bbox 2607 1548 2845 1620; x_wconf 75' lang='grc' dir='ltr'>θαρρῶν·</span> <span class='ocrx_word' id='word_1_224' title='bbox 2886 1550 2978 1601; x_wconf 75' lang='grc' dir='ltr'>καὶ</span> <span class='ocrx_word' id='word_1_225' title='bbox 3024 1551 3058 1619; x_wconf 80' lang='grc' dir='ltr'>ἡ</span> <span class='ocrx_word' id='word_1_226' title='bbox 3108 1556 3156 1604; x_wconf 84' lang='grc' dir='ltr'>α’</span> <span class='ocrx_word' id='word_1_227' title='bbox 3190 1551 3330 1604; x_wconf 81' lang='grc' dir='ltr'>διάτ.</span> <span class='ocrx_word' id='word_1_228' title='bbox 3365 1551 3457 1605; x_wconf 78' lang='grc' dir='ltr'>τοῦ</span> <span class='ocrx_word' id='word_1_229' title='bbox 3479 1555 3628 1607; x_wconf 75' lang='grc' dir='ltr'>αὑτοῦ</span> 
     </span>
    </p>
   </div>
   <div class='ocr_carea' id='block_1_32' title="bbox 2076 1638 3632 1713">
    <p class='ocr_par' dir='ltr' id='par_1_32' title="bbox 2076 1638 3632 1713">
     <span class='ocr_line' id='line_1_32' title="bbox 2076 1638 3632 1713; baseline 0.005 -23"><span class='ocrx_word' id='word_1_230' title='bbox 2076 1638 2212 1701; x_wconf 87' lang='grc' dir='ltr'>τίτ.,</span> <span class='ocrx_word' id='word_1_231' title='bbox 2266 1639 2348 1691; x_wconf 82' lang='grc' dir='ltr'>ὅτι</span> <span class='ocrx_word' id='word_1_232' title='bbox 2441 1639 2629 1708; x_wconf 71' lang='grc' dir='ltr'>μηδεὶς</span> <span class='ocrx_word' id='word_1_233' title='bbox 2688 1640 3170 1711; x_wconf 77' lang='grc' dir='ltr'>δευτερογαμήσας</span> <span class='ocrx_word' id='word_1_234' title='bbox 3241 1645 3632 1713; x_wconf 79' lang='grc' dir='ltr'>χειροτονείσθω</span> 
     </span>
    </p>
   </div>
   <div class='ocr_carea' id='block_1_33' title="bbox 2070 1729 3633 1802">
    <p class='ocr_par' dir='ltr' id='par_1_33' title="bbox 2070 1729 3633 1802">
     <span class='ocr_line' id='line_1_33' title="bbox 2070 1729 3633 1802; baseline 0.003 -19"><span class='ocrx_word' id='word_1_235' title='bbox 2070 1729 2440 1802; x_wconf 78' lang='grc' dir='ltr'>πρεσϐύτερος</span> <span class='ocrx_word' id='word_1_236' title='bbox 2473 1730 2504 1799; x_wconf 82' lang='grc' dir='ltr'>ἣ</span> <span class='ocrx_word' id='word_1_237' title='bbox 2539 1731 2807 1794; x_wconf 87' lang='grc' dir='ltr'>διάκονος,</span> <span class='ocrx_word' id='word_1_238' title='bbox 2847 1735 2982 1800; x_wconf 83' lang='grc' dir='ltr'>μήτε</span> <span class='ocrx_word' id='word_1_239' title='bbox 3013 1733 3113 1802; x_wconf 80' lang='grc' dir='ltr'><strong>μὲν</strong></span> <span class='ocrx_word' id='word_1_240' title='bbox 3145 1735 3192 1785; x_wconf 84' lang='grc' dir='ltr'><strong>εί</strong></span> <span class='ocrx_word' id='word_1_241' title='bbox 3223 1735 3440 1802; x_wconf 73' lang='grc' dir='ltr'>γυναικὶ</span> <span class='ocrx_word' id='word_1_242' title='bbox 3473 1753 3633 1788; x_wconf 78' lang='grc' dir='ltr'>συνοι-</span> 
     </span>
    </p>
   </div>
   <div class='ocr_carea' id='block_1_34' title="bbox 392 1821 1969 1896">
    <p class='ocr_par' dir='ltr' id='par_1_34' title="bbox 392 1825 1968 1894">
     <span class='ocr_line' id='line_1_34' title="bbox 392 1825 1968 1894; baseline 0 -14"><span class='ocrx_word' id='word_1_243' title='bbox 392 1825 802 1880; x_wconf 86' lang='lat' dir='ltr'><strong>matrimonium</strong></span> <span class='ocrx_word' id='word_1_244' title='bbox 883 1826 1118 1890; x_wconf 85' lang='lat' dir='ltr'><strong>iteravit,</strong></span> <span class='ocrx_word' id='word_1_245' title='bbox 1179 1825 1462 1894; x_wconf 85' lang='lat' dir='ltr'><strong>presbyter</strong></span> <span class='ocrx_word' id='word_1_246' title='bbox 1537 1834 1633 1879; x_wconf 87' lang='lat' dir='ltr'><strong>aut</strong></span> <span class='ocrx_word' id='word_1_247' title='bbox 1699 1826 1968 1880; x_wconf 86' lang='lat' dir='ltr'><strong>diaconus</strong></span> 
     </span>
    </p>
   </div>
   <div class='ocr_carea' id='block_1_35' title="bbox 2078 1821 3631 1896">
    <p class='ocr_par' dir='ltr' id='par_1_35' title="bbox 2078 1821 3631 1896">
     <span class='ocr_line' id='line_1_35' title="bbox 2078 1821 3631 1896; baseline 0.003 -23"><span class='ocrx_word' id='word_1_248' title='bbox 2078 1823 2157 1874; x_wconf 79' lang='grc' dir='ltr'>κεί</span> <span class='ocrx_word' id='word_1_249' title='bbox 2173 1821 2264 1874; x_wconf 79' lang='grc' dir='ltr'>τὸν</span> <span class='ocrx_word' id='word_1_250' title='bbox 2295 1821 2424 1874; x_wconf 80' lang='grc' dir='ltr'>ἴδιον</span> <span class='ocrx_word' id='word_1_251' title='bbox 2469 1821 2640 1893; x_wconf 81' lang='grc' dir='ltr'>ἄνδρα</span> <span class='ocrx_word' id='word_1_252' title='bbox 2670 1823 3072 1896; x_wconf 84' lang='grc' dir='ltr'>καταλιπούσῃ,</span> <span class='ocrx_word' id='word_1_253' title='bbox 3111 1826 3249 1895; x_wconf 81' lang='grc' dir='ltr'>μήτε</span> <span class='ocrx_word' id='word_1_254' title='bbox 3286 1828 3334 1878; x_wconf 78' lang='grc' dir='ltr'>εἰ</span> <span class='ocrx_word' id='word_1_255' title='bbox 3369 1827 3631 1896; x_wconf 79' lang='grc' dir='ltr'>παλλακὴν</span> 
     </span>
    </p>
   </div>
   <div class='ocr_carea' id='block_1_36' title="bbox 395 1916 1968 1987">
    <p class='ocr_par' dir='ltr' id='par_1_36' title="bbox 395 1916 1968 1987">
     <span class='ocr_line' id='line_1_36' title="bbox 395 1916 1968 1987; baseline 0 -17"><span class='ocrx_word' id='word_1_256' title='bbox 395 1919 680 1972; x_wconf 89' lang='lat' dir='ltr'><strong>ordinator</strong></span> <span class='ocrx_word' id='word_1_257' title='bbox 715 1933 730 1970; x_wconf 88' lang='lat'><strong>:</strong></span> <span class='ocrx_word' id='word_1_258' title='bbox 766 1933 943 1987; x_wconf 87' lang='lat' dir='ltr'><strong>neque</strong></span> <span class='ocrx_word' id='word_1_259' title='bbox 979 1917 1140 1970; x_wconf 89' lang='lat' dir='ltr'><strong>etiam</strong></span> <span class='ocrx_word' id='word_1_260' title='bbox 1173 1916 1266 1984; x_wconf 91' lang='lat' dir='ltr'><strong>qui</strong></span> <span class='ocrx_word' id='word_1_261' title='bbox 1313 1916 1474 1970; x_wconf 72' lang='lat' dir='ltr'><strong>uxori</strong></span> <span class='ocrx_word' id='word_1_262' title='bbox 1514 1917 1808 1981; x_wconf 85' lang='lat' dir='ltr'><strong>cohabitat,</strong></span> <span class='ocrx_word' id='word_1_263' title='bbox 1845 1932 1968 1986; x_wconf 70' lang='lat' dir='ltr'><strong>quae</strong></span> 
     </span>
    </p>
   </div>
   <div class='ocr_carea' id='block_1_37' title="bbox 395 2006 1967 2079">
    <p class='ocr_par' dir='ltr' id='par_1_37' title="bbox 395 2006 1967 2079">
     <span class='ocr_line' id='line_1_37' title="bbox 395 2006 1967 2079; baseline -0.002 -15"><span class='ocrx_word' id='word_1_264' title='bbox 395 2011 650 2064; x_wconf 86' lang='lat' dir='ltr'><strong>maritum</strong></span> <span class='ocrx_word' id='word_1_265' title='bbox 687 2025 844 2063; x_wconf 92' lang='lat' dir='ltr'><strong>suum</strong></span> <span class='ocrx_word' id='word_1_266' title='bbox 877 2008 1043 2079; x_wconf 87' lang='lat' dir='ltr'><strong>[facto</strong></span> <span class='ocrx_word' id='word_1_267' title='bbox 1069 2006 1325 2078; x_wconf 87' lang='lat' dir='ltr'><strong>divOrtio]</strong></span> <span class='ocrx_word' id='word_1_268' title='bbox 1359 2008 1575 2077; x_wconf 86' lang='lat' dir='ltr'><strong>reliquit</strong></span> <span class='ocrx_word' id='word_1_269' title='bbox 1611 2027 1623 2062; x_wconf 92' lang='lat'><strong>:</strong></span> <span class='ocrx_word' id='word_1_270' title='bbox 1656 2024 1828 2077; x_wconf 88' lang='lat' dir='ltr'><strong>neque</strong></span> <span class='ocrx_word' id='word_1_271' title='bbox 1873 2008 1967 2077; x_wconf 88' lang='lat' dir='ltr'><strong>qui</strong></span> 
     </span>
    </p>
   </div>
   <div class='ocr_carea' id='block_1_38' title="bbox 395 2095 1965 2167">
    <p class='ocr_par' dir='ltr' id='par_1_38' title="bbox 395 2095 1965 2167">
     <span class='ocr_line' id='line_1_38' title="bbox 395 2095 1965 2167; baseline -0.002 -13"><span class='ocrx_word' id='word_1_272' title='bbox 395 2099 756 2154; x_wconf 82' lang='lat' dir='ltr'><strong>concubinam</strong></span> <span class='ocrx_word' id='word_1_273' title='bbox 818 2098 998 2151; x_wconf 84' lang='lat' dir='ltr'><strong>habet.</strong></span> <span class='ocrx_word' id='word_1_274' title='bbox 1042 2097 1113 2148; x_wconf 90' lang='lat' dir='ltr'><strong>At</strong></span> <span class='ocrx_word' id='word_1_275' title='bbox 1160 2095 1328 2167; x_wconf 76' lang='lat' dir='ltr'><strong>[talis]</strong></span> <span class='ocrx_word' id='word_1_276' title='bbox 1377 2109 1584 2150; x_wconf 80' lang='lat' dir='ltr'><strong>caSIam</strong></span> <span class='ocrx_word' id='word_1_277' title='bbox 1621 2099 1786 2151; x_wconf 90' lang='lat' dir='ltr'><strong>vitam</strong></span> <span class='ocrx_word' id='word_1_278' title='bbox 1822 2107 1965 2166; x_wconf 78' lang='lat' dir='ltr'><strong>agat,</strong></span> 
     </span>
    </p>
   </div>
   <div class='ocr_carea' id='block_1_39' title="bbox 395 2188 1968 2260">
    <p class='ocr_par' dir='ltr' id='par_1_39' title="bbox 395 2188 1968 2260">
     <span class='ocr_line' id='line_1_39' title="bbox 395 2188 1968 2260; baseline -0.001 -15"><span class='ocrx_word' id='word_1_279' title='bbox 395 2199 490 2245; x_wconf 91' lang='lat' dir='ltr'><strong>aut</strong></span> <span class='ocrx_word' id='word_1_280' title='bbox 519 2190 684 2245; x_wconf 88' lang='lat' dir='ltr'><strong>etiam</strong></span> <span class='ocrx_word' id='word_1_281' title='bbox 720 2189 876 2243; x_wconf 82' lang='lat' dir='ltr'><strong>uxori</strong></span> <span class='ocrx_word' id='word_1_282' title='bbox 920 2188 1215 2250; x_wconf 89' lang='lat' dir='ltr'><strong>cohabitet,</strong></span> <span class='ocrx_word' id='word_1_283' title='bbox 1244 2189 1330 2242; x_wconf 86' lang='lat' dir='ltr'><strong>vel</strong></span> <span class='ocrx_word' id='word_1_284' title='bbox 1379 2191 1540 2244; x_wconf 86' lang='lat' dir='ltr'><strong>unius</strong></span> <span class='ocrx_word' id='word_1_285' title='bbox 1573 2188 1786 2260; x_wconf 77' lang='lat' dir='ltr'><strong>[uxoris</strong></span> <span class='ocrx_word' id='word_1_286' title='bbox 1818 2190 1968 2259; x_wconf 87' lang='lat' dir='ltr'><strong>ejus-</strong></span> 
     </span>
    </p>
   </div>
   <div class='ocr_carea' id='block_1_40' title="bbox 396 2280 1970 2352">
    <p class='ocr_par' dir='ltr' id='par_1_40' title="bbox 396 2280 1970 2352">
     <span class='ocr_line' id='line_1_40' title="bbox 396 2280 1970 2352; baseline -0.002 -14"><span class='ocrx_word' id='word_1_287' title='bbox 396 2280 650 2352; x_wconf 80' lang='lat' dir='ltr'><strong>demque]</strong></span> <span class='ocrx_word' id='word_1_288' title='bbox 681 2291 864 2347; x_wconf 74' lang='lat' dir='ltr'><strong>castze,</strong></span> <span class='ocrx_word' id='word_1_289' title='bbox 902 2296 966 2335; x_wconf 88' lang='lat' dir='ltr'><strong>ac</strong></span> <span class='ocrx_word' id='word_1_290' title='bbox 994 2295 1060 2334; x_wconf 82' lang='lat' dir='ltr'><strong>ex</strong></span> <span class='ocrx_word' id='word_1_291' title='bbox 1090 2280 1402 2349; x_wconf 78' lang='lat' dir='ltr'><strong>virginitate</strong></span> <span class='ocrx_word' id='word_1_292' title='bbox 1431 2280 1771 2352; x_wconf 70' lang='lat' dir='ltr'><strong>[assuinptze]</strong></span> <span class='ocrx_word' id='word_1_293' title='bbox 1802 2281 1970 2335; x_wconf 89' lang='lat' dir='ltr'><strong>mari-</strong></span> 
     </span>
    </p>
   </div>
   <div class='ocr_carea' id='block_1_41' title="bbox 398 2372 1969 2444">
    <p class='ocr_par' dir='ltr' id='par_1_41' title="bbox 398 2372 1969 2444">
     <span class='ocr_line' id='line_1_41' title="bbox 398 2372 1969 2444; baseline -0.001 -15"><span class='ocrx_word' id='word_1_294' title='bbox 398 2387 485 2429; x_wconf 88' lang='lat' dir='ltr'><strong>tus</strong></span> <span class='ocrx_word' id='word_1_295' title='bbox 523 2375 707 2428; x_wconf 89' lang='lat' dir='ltr'><strong>fuerit.</strong></span> <span class='ocrx_word' id='word_1_296' title='bbox 739 2373 1004 2428; x_wconf 63' lang='lat' dir='ltr'><strong>Caeterum</strong></span> <span class='ocrx_word' id='word_1_297' title='bbox 1038 2373 1084 2427; x_wconf 94' lang='lat' dir='ltr'><strong>si</strong></span> <span class='ocrx_word' id='word_1_298' title='bbox 1117 2374 1239 2442; x_wconf 88' lang='lat' dir='ltr'><strong>quis</strong></span> <span class='ocrx_word' id='word_1_299' title='bbox 1271 2388 1394 2426; x_wconf 90' lang='lat' dir='ltr'><strong>cum</strong></span> <span class='ocrx_word' id='word_1_300' title='bbox 1428 2374 1709 2444; x_wconf 87' lang='lat' dir='ltr'><strong>presbyter</strong></span> <span class='ocrx_word' id='word_1_301' title='bbox 1753 2372 1845 2435; x_wconf 87' lang='lat' dir='ltr'><strong>sit,</strong></span> <span class='ocrx_word' id='word_1_302' title='bbox 1877 2381 1969 2427; x_wconf 88' lang='lat' dir='ltr'><strong>aut</strong></span> 
     </span>
    </p>
   </div>
   <div class='ocr_carea' id='block_1_42' title="bbox 397 2465 1968 2536">
    <p class='ocr_par' dir='ltr' id='par_1_42' title="bbox 397 2465 1968 2536">
     <span class='ocr_line' id='line_1_42' title="bbox 397 2465 1968 2536; baseline -0.003 -14"><span class='ocrx_word' id='word_1_303' title='bbox 397 2469 660 2522; x_wconf 81' lang='lat' dir='ltr'><strong>diaconus</strong></span> <span class='ocrx_word' id='word_1_304' title='bbox 706 2476 800 2520; x_wconf 90' lang='lat' dir='ltr'><strong>aut</strong></span> <span class='ocrx_word' id='word_1_305' title='bbox 841 2465 1272 2536; x_wconf 83' lang='lat' dir='ltr'><strong>hypodiaeonus,</strong></span> <span class='ocrx_word' id='word_1_306' title='bbox 1305 2465 1388 2518; x_wconf 86' lang='lat' dir='ltr'><strong>vel</strong></span> <span class='ocrx_word' id='word_1_307' title='bbox 1441 2467 1641 2533; x_wconf 86' lang='lat' dir='ltr'><strong>palam,</strong></span> <span class='ocrx_word' id='word_1_308' title='bbox 1675 2466 1758 2519; x_wconf 89' lang='lat' dir='ltr'><strong>vel</strong></span> <span class='ocrx_word' id='word_1_309' title='bbox 1806 2465 1968 2530; x_wconf 88' lang='lat' dir='ltr'><strong>clam,</strong></span> 
     </span>
    </p>
   </div>
   <div class='ocr_carea' id='block_1_43' title="bbox 396 2556 1970 2628">
    <p class='ocr_par' dir='ltr' id='par_1_43' title="bbox 396 2556 1970 2628">
     <span class='ocr_line' id='line_1_43' title="bbox 396 2556 1970 2628; baseline -0.001 -18"><span class='ocrx_word' id='word_1_310' title='bbox 396 2559 478 2613; x_wconf 88' lang='lat' dir='ltr'><strong>vel</strong></span> <span class='ocrx_word' id='word_1_311' title='bbox 511 2559 614 2614; x_wconf 91' lang='lat' dir='ltr'><strong>sub</strong></span> <span class='ocrx_word' id='word_1_312' title='bbox 649 2558 834 2627; x_wconf 92' lang='lat' dir='ltr'><strong>aliquo</strong></span> <span class='ocrx_word' id='word_1_313' title='bbox 864 2566 1128 2626; x_wconf 63' lang='lat' dir='ltr'><strong>prmtextu</strong></span> <span class='ocrx_word' id='word_1_314' title='bbox 1162 2557 1248 2628; x_wconf 84' lang='lat' dir='ltr'><strong>[ad</strong></span> <span class='ocrx_word' id='word_1_315' title='bbox 1285 2556 1369 2627; x_wconf 84' lang='lat' dir='ltr'><strong>se]</strong></span> <span class='ocrx_word' id='word_1_316' title='bbox 1419 2572 1644 2612; x_wconf 75' lang='lat' dir='ltr'><strong>uxorem</strong></span> <span class='ocrx_word' id='word_1_317' title='bbox 1697 2564 1790 2611; x_wconf 88' lang='lat' dir='ltr'><strong>aut</strong></span> <span class='ocrx_word' id='word_1_318' title='bbox 1835 2571 1970 2610; x_wconf 82' lang='lat' dir='ltr'><strong>con-</strong></span> 
     </span>
    </p>
   </div>
   <div class='ocr_carea' id='block_1_44' title="bbox 396 2645 1971 2701">
    <p class='ocr_par' dir='ltr' id='par_1_44' title="bbox 396 2645 1971 2701">
     <span class='ocr_line' id='line_1_44' title="bbox 396 2645 1971 2701; baseline -0.001 -2"><span class='ocrx_word' id='word_1_319' title='bbox 396 2647 651 2700; x_wconf 66' lang='lat' dir='ltr'><strong>«ubinam</strong></span> <span class='ocrx_word' id='word_1_320' title='bbox 718 2646 1080 2700; x_wconf 74' lang='lat' dir='ltr'><strong>introduxerit</strong></span> <span class='ocrx_word' id='word_1_321' title='bbox 1130 2663 1144 2700; x_wconf 91' lang='lat'><strong>:</strong></span> <span class='ocrx_word' id='word_1_322' title='bbox 1201 2660 1366 2700; x_wconf 62' lang='lat' dir='ltr'><strong>sacro.</strong></span> <span class='ocrx_word' id='word_1_323' title='bbox 1423 2646 1713 2701; x_wconf 83' lang='lat' dir='ltr'><strong>confestim</strong></span> <span class='ocrx_word' id='word_1_324' title='bbox 1777 2645 1971 2700; x_wconf 86' lang='lat' dir='ltr'><strong>ordine</strong></span> 
     </span>
    </p>
   </div>
   <div class='ocr_carea' id='block_1_45' title="bbox 2073 1911 3634 1986">
    <p class='ocr_par' dir='ltr' id='par_1_45' title="bbox 2073 1911 3634 1986">
     <span class='ocr_line' id='line_1_45' title="bbox 2073 1911 3634 1986; baseline 0.004 -22"><span class='ocrx_word' id='word_1_325' title='bbox 2073 1911 2206 1981; x_wconf 77' lang='grc' dir='ltr'>ἔχοι,</span> <span class='ocrx_word' id='word_1_326' title='bbox 2225 1912 2359 1967; x_wconf 85' lang='grc' dir='ltr'>ἀλλὰ</span> <span class='ocrx_word' id='word_1_327' title='bbox 2381 1912 2704 1985; x_wconf 81' lang='grc' dir='ltr'>σωφροσύνῃ</span> <span class='ocrx_word' id='word_1_328' title='bbox 2722 1914 2920 1978; x_wconf 78' lang='grc' dir='ltr'>συζῶν,</span> <span class='ocrx_word' id='word_1_329' title='bbox 2950 1915 3095 1986; x_wconf 79' lang='grc' dir='ltr'>καὶῆ</span> <span class='ocrx_word' id='word_1_330' title='bbox 3126 1919 3341 1986; x_wconf 79' lang='grc' dir='ltr'>γαμετῇ</span> <span class='ocrx_word' id='word_1_331' title='bbox 3369 1918 3634 1983; x_wconf 86' lang='grc' dir='ltr'>συνοικῶν,</span> 
     </span>
    </p>
   </div>
   <div class='ocr_carea' id='block_1_46' title="bbox 2073 2003 3632 2076">
    <p class='ocr_par' dir='ltr' id='par_1_46' title="bbox 2073 2003 3632 2076">
     <span class='ocr_line' id='line_1_46' title="bbox 2073 2003 3632 2076; baseline 0.004 -21"><span class='ocrx_word' id='word_1_332' title='bbox 2073 2004 2106 2073; x_wconf 83' lang='grc' dir='ltr'><strong>ἢ</strong></span> <span class='ocrx_word' id='word_1_333' title='bbox 2142 2005 2270 2074; x_wconf 80' lang='grc' dir='ltr'>μιᾶς</span> <span class='ocrx_word' id='word_1_334' title='bbox 2300 2003 2439 2074; x_wconf 83' lang='grc' dir='ltr'>ἀνὴρ</span> <span class='ocrx_word' id='word_1_335' title='bbox 2464 2005 2758 2074; x_wconf 83' lang='grc' dir='ltr'>γενόμενος</span> <span class='ocrx_word' id='word_1_336' title='bbox 2808 2005 3088 2075; x_wconf 80' lang='grc' dir='ltr'>σώφρονος</span> <span class='ocrx_word' id='word_1_337' title='bbox 3113 2007 3210 2060; x_wconf 75' lang='grc' dir='ltr'><strong>καὶ</strong></span> <span class='ocrx_word' id='word_1_338' title='bbox 3232 2009 3298 2060; x_wconf 81' lang='grc' dir='ltr'><strong>ἐκ</strong></span> <span class='ocrx_word' id='word_1_339' title='bbox 3334 2008 3632 2076; x_wconf 71' lang='grc' dir='ltr'>παρθενίας·</span> 
     </span>
    </p>
   </div>
   <div class='ocr_carea' id='block_1_47' title="bbox 2075 2096 3638 2170">
    <p class='ocr_par' dir='ltr' id='par_1_47' title="bbox 2075 2096 3638 2170">
     <span class='ocr_line' id='line_1_47' title="bbox 2075 2096 3638 2170; baseline 0.001 -21"><span class='ocrx_word' id='word_1_340' title='bbox 2075 2097 2124 2149; x_wconf 82' lang='grc' dir='ltr'>εὶ</span> <span class='ocrx_word' id='word_1_341' title='bbox 2151 2096 2208 2148; x_wconf 88' lang='grc' dir='ltr'><strong>δέ</strong></span> <span class='ocrx_word' id='word_1_342' title='bbox 2234 2113 2317 2160; x_wconf 88' lang='grc' dir='ltr'><strong>τις</strong></span> <span class='ocrx_word' id='word_1_343' title='bbox 2341 2096 2710 2169; x_wconf 86' lang='grc' dir='ltr'>πρεσϐύτερος</span> <span class='ocrx_word' id='word_1_344' title='bbox 2735 2097 2832 2164; x_wconf 84' lang='grc' dir='ltr'><strong>ὢν,</strong></span> <span class='ocrx_word' id='word_1_345' title='bbox 2866 2100 2898 2170; x_wconf 81' lang='grc' dir='ltr'>ἢ</span> <span class='ocrx_word' id='word_1_346' title='bbox 2927 2099 3197 2164; x_wconf 87' lang='grc' dir='ltr'>διάκονος,</span> <span class='ocrx_word' id='word_1_347' title='bbox 3239 2099 3272 2170; x_wconf 84' lang='grc' dir='ltr'>ἢ</span> <span class='ocrx_word' id='word_1_348' title='bbox 3307 2100 3638 2159; x_wconf 80' lang='grc' dir='ltr'>ύποδιάκονος</span> 
     </span>
    </p>
   </div>
   <div class='ocr_carea' id='block_1_48' title="bbox 2075 2188 3640 2261">
    <p class='ocr_par' dir='ltr' id='par_1_48' title="bbox 2075 2188 3640 2261">
     <span class='ocr_line' id='line_1_48' title="bbox 2075 2188 3640 2261; baseline 0.003 -21"><span class='ocrx_word' id='word_1_349' title='bbox 2075 2188 2322 2258; x_wconf 79' lang='grc' dir='ltr'>γαμετὴν</span> <span class='ocrx_word' id='word_1_350' title='bbox 2382 2189 2414 2258; x_wconf 84' lang='grc' dir='ltr'><strong>ἣ</strong></span> <span class='ocrx_word' id='word_1_351' title='bbox 2481 2189 2764 2259; x_wconf 85' lang='grc' dir='ltr'>παλλακὴν</span> <span class='ocrx_word' id='word_1_352' title='bbox 2821 2191 3094 2258; x_wconf 75' lang='grc' dir='ltr'>εἰσάγοιτο</span> <span class='ocrx_word' id='word_1_353' title='bbox 3143 2191 3398 2260; x_wconf 76' lang='grc' dir='ltr'>φανερῶς</span> <span class='ocrx_word' id='word_1_354' title='bbox 3440 2191 3640 2261; x_wconf 77' lang='grc' dir='ltr'>ἢέσχη·</span> 
     </span>
    </p>
   </div>
   <div class='ocr_carea' id='block_1_49' title="bbox 2080 2281 3636 2353">
    <p class='ocr_par' dir='ltr' id='par_1_49' title="bbox 2080 2281 3636 2353">
     <span class='ocr_line' id='line_1_49' title="bbox 2080 2281 3636 2353; baseline 0.001 -21"><span class='ocrx_word' id='word_1_355' title='bbox 2080 2281 2450 2351; x_wconf 85' lang='grc' dir='ltr'>ματισμένως,</span> <span class='ocrx_word' id='word_1_356' title='bbox 2507 2281 2711 2344; x_wconf 80' lang='grc' dir='ltr'>εὐθέως</span> <span class='ocrx_word' id='word_1_357' title='bbox 2740 2283 2839 2351; x_wconf 79' lang='grc' dir='ltr'><strong>τῆς</strong></span> <span class='ocrx_word' id='word_1_358' title='bbox 2884 2283 3038 2353; x_wconf 77' lang='grc' dir='ltr'>ἱερᾶς</span> <span class='ocrx_word' id='word_1_359' title='bbox 3083 2283 3403 2337; x_wconf 84' lang='grc' dir='ltr'>ἐκπιπτέτω</span> <span class='ocrx_word' id='word_1_360' title='bbox 3426 2281 3636 2347; x_wconf 73' lang='grc' dir='ltr'>τάξεως,</span> 
     </span>
    </p>
   </div>
   <div class='ocr_carea' id='block_1_50' title="bbox 2076 2371 3640 2445">
    <p class='ocr_par' dir='ltr' id='par_1_50' title="bbox 2076 2371 3640 2445">
     <span class='ocr_line' id='line_1_50' title="bbox 2076 2371 3640 2445; baseline -0.001 -21"><span class='ocrx_word' id='word_1_361' title='bbox 2076 2371 2170 2424; x_wconf 81' lang='grc' dir='ltr'><strong>καὶ</strong></span> <span class='ocrx_word' id='word_1_362' title='bbox 2189 2371 2404 2441; x_wconf 75' lang='grc' dir='ltr'>ἰδιώτης</span> <span class='ocrx_word' id='word_1_363' title='bbox 2437 2373 2530 2424; x_wconf 80' lang='grc' dir='ltr'>καὶ</span> <span class='ocrx_word' id='word_1_364' title='bbox 2564 2373 2754 2435; x_wconf 78' lang='grc' dir='ltr'>λαῖκδς</span> <span class='ocrx_word' id='word_1_365' title='bbox 2786 2372 2926 2427; x_wconf 80' lang='grc' dir='ltr'>ἕστω</span> <span class='ocrx_word' id='word_1_366' title='bbox 2946 2390 2959 2403; x_wconf 92' lang='grc'><strong>·</strong></span> <span class='ocrx_word' id='word_1_367' title='bbox 2999 2374 3353 2445; x_wconf 84' lang='grc' dir='ltr'>ἀναγνώστης</span> <span class='ocrx_word' id='word_1_368' title='bbox 3384 2373 3440 2426; x_wconf 81' lang='grc' dir='ltr'>δὲ</span> <span class='ocrx_word' id='word_1_369' title='bbox 3471 2373 3640 2425; x_wconf 82' lang='grc' dir='ltr'>δευτε-</span> 
     </span>
    </p>
   </div>
   <div class='ocr_carea' id='block_1_51' title="bbox 2075 2462 3637 2536">
    <p class='ocr_par' dir='ltr' id='par_1_51' title="bbox 2075 2462 3637 2536">
     <span class='ocr_line' id='line_1_51' title="bbox 2075 2462 3637 2536; baseline -0.003 -17"><span class='ocrx_word' id='word_1_370' title='bbox 2075 2462 2354 2534; x_wconf 70' lang='grc' dir='ltr'>ρογαμῶν,</span> <span class='ocrx_word' id='word_1_371' title='bbox 2388 2463 2462 2534; x_wconf 88' lang='grc' dir='ltr'>μὴ</span> <span class='ocrx_word' id='word_1_372' title='bbox 2489 2465 2870 2534; x_wconf 84' lang='grc' dir='ltr'>προκοπτέτω,</span> <span class='ocrx_word' id='word_1_373' title='bbox 2910 2465 2985 2536; x_wconf 83' lang='grc' dir='ltr'>μὴ</span> <span class='ocrx_word' id='word_1_374' title='bbox 3024 2468 3131 2536; x_wconf 74' lang='grc' dir='ltr'>μὴν</span> <span class='ocrx_word' id='word_1_375' title='bbox 3157 2467 3259 2521; x_wconf 81' lang='grc' dir='ltr'>καὶ</span> <span class='ocrx_word' id='word_1_376' title='bbox 3296 2465 3637 2536; x_wconf 82' lang='grc' dir='ltr'>τριγαμείτω·</span> 
     </span>
    </p>
   </div>
   <div class='ocr_carea' id='block_1_52' title="bbox 2071 2554 3631 2630">
    <p class='ocr_par' dir='ltr' id='par_1_52' title="bbox 2071 2554 3631 2630">
     <span class='ocr_line' id='line_1_52' title="bbox 2071 2554 3631 2630; baseline 0 -24"><span class='ocrx_word' id='word_1_377' title='bbox 2071 2557 2119 2607; x_wconf 79' lang='grc' dir='ltr'>εξ</span> <span class='ocrx_word' id='word_1_378' title='bbox 2152 2554 2209 2606; x_wconf 83' lang='grc' dir='ltr'>δὲ</span> <span class='ocrx_word' id='word_1_379' title='bbox 2271 2555 2758 2626; x_wconf 87' lang='grc' dir='ltr'>δευτερογαμήσας</span> <span class='ocrx_word' id='word_1_380' title='bbox 2816 2559 3043 2610; x_wconf 87' lang='grc' dir='ltr'>σπεύσει</span> <span class='ocrx_word' id='word_1_381' title='bbox 3088 2557 3386 2630; x_wconf 75' lang='grc' dir='ltr'>προκόψαι,</span> <span class='ocrx_word' id='word_1_382' title='bbox 3435 2557 3631 2624; x_wconf 87' lang='grc' dir='ltr'>γίνεται</span> 
     </span>
    </p>
   </div>
   <div class='ocr_carea' id='block_1_53' title="bbox 2074 2641 2306 2710">
    <p class='ocr_par' dir='ltr' id='par_1_53' title="bbox 2074 2641 2306 2710">
     <span class='ocr_line' id='line_1_53' title="bbox 2074 2641 2306 2710; baseline 0 -15"><span class='ocrx_word' id='word_1_383' title='bbox 2074 2641 2306 2710; x_wconf 84' lang='grc' dir='ltr'>ἰδιώτης.</span> 
     </span>
    </p>
   </div>
   <div class='ocr_carea' id='block_1_54' title="bbox 395 2735 3642 2811">
    <p class='ocr_par' dir='ltr' id='par_1_54' title="bbox 395 2735 3642 2811">
     <span class='ocr_line' id='line_1_54' title="bbox 395 2735 3642 2811; baseline 0.001 -23"><span class='ocrx_word' id='word_1_384' title='bbox 395 2739 650 2801; x_wconf 75' lang='lat' dir='ltr'><strong>oscidito,</strong></span> <span class='ocrx_word' id='word_1_385' title='bbox 708 2746 761 2792; x_wconf 91' lang='lat' dir='ltr'><strong>et</strong></span> <span class='ocrx_word' id='word_1_386' title='bbox 818 2740 1064 2807; x_wconf 84' lang='lat' dir='ltr'><strong>privatus</strong></span> <span class='ocrx_word' id='word_1_387' title='bbox 1097 2750 1260 2807; x_wconf 90' lang='lat' dir='ltr'><strong>atque</strong></span> <span class='ocrx_word' id='word_1_388' title='bbox 1313 2740 1555 2808; x_wconf 88' lang='lat' dir='ltr'><strong>plebeius</strong></span> <span class='ocrx_word' id='word_1_389' title='bbox 1608 2739 1769 2810; x_wconf 82' lang='lat'><strong>307</strong></span> <span class='ocrx_word' id='word_1_390' title='bbox 1824 2746 1966 2794; x_wconf 85' lang='lat' dir='ltr'><strong>esto.</strong></span> <span class='ocrx_word' id='word_1_391' title='bbox 2008 2737 2201 2791; x_wconf 85' lang='lat' dir='ltr'><strong>Lector</strong></span> <span class='ocrx_word' id='word_1_392' title='bbox 2270 2745 2452 2791; x_wconf 87' lang='lat' dir='ltr'><strong>autem</strong></span> <span class='ocrx_word' id='word_1_393' title='bbox 2521 2745 2934 2793; x_wconf 79' lang='lat' dir='ltr'><strong>matrimonium</strong></span> <span class='ocrx_word' id='word_1_394' title='bbox 2967 2740 3173 2795; x_wconf 90' lang='lat' dir='ltr'><strong>iterans</strong></span> <span class='ocrx_word' id='word_1_395' title='bbox 3214 2738 3310 2811; x_wconf 88' lang='lat' dir='ltr'><strong>[ad</strong></span> <span class='ocrx_word' id='word_1_396' title='bbox 3341 2735 3552 2807; x_wconf 85' lang='lat' dir='ltr'><strong>altiora]</strong></span> <span class='ocrx_word' id='word_1_397' title='bbox 3578 2749 3642 2790; x_wconf 88' lang='lat' dir='ltr'><strong>ne</strong></span> 
     </span>
    </p>
   </div>
   <div class='ocr_carea' id='block_1_55' title="bbox 397 2830 3644 2904">
    <p class='ocr_par' dir='ltr' id='par_1_55' title="bbox 397 2830 3644 2904">
     <span class='ocr_line' id='line_1_55' title="bbox 397 2830 3644 2904; baseline -0.001 -17"><span class='ocrx_word' id='word_1_398' title='bbox 397 2834 755 2903; x_wconf 81' lang='lat' dir='ltr'><strong>progreditor,</strong></span> <span class='ocrx_word' id='word_1_399' title='bbox 791 2850 969 2904; x_wconf 89' lang='lat' dir='ltr'><strong>neque</strong></span> <span class='ocrx_word' id='word_1_400' title='bbox 1011 2835 1078 2889; x_wconf 90' lang='lat' dir='ltr'><strong>ad</strong></span> <span class='ocrx_word' id='word_1_401' title='bbox 1122 2834 1310 2889; x_wconf 85' lang='lat' dir='ltr'><strong>tertias</strong></span> <span class='ocrx_word' id='word_1_402' title='bbox 1342 2836 1560 2904; x_wconf 87' lang='lat' dir='ltr'><strong>nuptias</strong></span> <span class='ocrx_word' id='word_1_403' title='bbox 1589 2835 1860 2890; x_wconf 88' lang='lat' dir='ltr'><strong>devenito.</strong></span> <span class='ocrx_word' id='word_1_404' title='bbox 1893 2836 1972 2888; x_wconf 81' lang='lat' dir='ltr'><strong>Ac</strong></span> <span class='ocrx_word' id='word_1_405' title='bbox 2013 2836 2060 2890; x_wconf 91' lang='lat' dir='ltr'><strong>si</strong></span> <span class='ocrx_word' id='word_1_406' title='bbox 2127 2843 2249 2902; x_wconf 89' lang='lat' dir='ltr'><strong>post</strong></span> <span class='ocrx_word' id='word_1_407' title='bbox 2270 2832 2524 2887; x_wconf 89' lang='lat' dir='ltr'><strong>iteratum</strong></span> <span class='ocrx_word' id='word_1_408' title='bbox 2556 2833 2873 2903; x_wconf 82' lang='lat' dir='ltr'><strong>conjugium</strong></span> <span class='ocrx_word' id='word_1_409' title='bbox 2954 2835 3207 2904; x_wconf 72' lang='lat' dir='ltr'><strong>progredi</strong></span> <span class='ocrx_word' id='word_1_410' title='bbox 3253 2834 3513 2898; x_wconf 87' lang='lat' dir='ltr'><strong>enitatur,</strong></span> <span class='ocrx_word' id='word_1_411' title='bbox 3543 2830 3644 2901; x_wconf 82' lang='lat' dir='ltr'><strong>ple-</strong></span> 
     </span>
    </p>
   </div>
   <div class='ocr_carea' id='block_1_56' title="bbox 397 2927 720 2982">
    <p class='ocr_par' dir='ltr' id='par_1_56' title="bbox 397 2927 720 2982">
     <span class='ocr_line' id='line_1_56' title="bbox 397 2927 720 2982; baseline -0.009 -1"><span class='ocrx_word' id='word_1_412' title='bbox 397 2927 551 2982; x_wconf 78' lang='lat' dir='ltr'><strong>Deius</strong></span> <span class='ocrx_word' id='word_1_413' title='bbox 582 2936 720 2979; x_wconf 88' lang='lat' dir='ltr'><strong>esto.</strong></span> 
     </span>
    </p>
   </div>
   <div class='ocr_carea' id='block_1_57' title="bbox 469 3015 1968 3082">
    <p class='ocr_par' dir='ltr' id='par_1_57' title="bbox 469 3015 1968 3082">
     <span class='ocr_line' id='line_1_57' title="bbox 469 3015 1968 3082; baseline -0.001 -11"><span class='ocrx_word' id='word_1_414' title='bbox 469 3017 611 3072; x_wconf 81' lang='lat' dir='ltr'><strong>Dicit</strong></span> <span class='ocrx_word' id='word_1_415' title='bbox 644 3017 770 3070; x_wconf 90' lang='lat' dir='ltr'><strong>item</strong></span> <span class='ocrx_word' id='word_1_416' title='bbox 811 3035 823 3071; x_wconf 91' lang='lat'><strong>:</strong></span> <span class='ocrx_word' id='word_1_417' title='bbox 864 3016 994 3082; x_wconf 86' lang='lat' dir='ltr'><strong>Quae</strong></span> <span class='ocrx_word' id='word_1_418' title='bbox 1023 3015 1352 3071; x_wconf 85' lang='lat' dir='ltr'><strong>diaconissae</strong></span> <span class='ocrx_word' id='word_1_419' title='bbox 1395 3015 1740 3081; x_wconf 86' lang='lat' dir='ltr'><strong>ordinantur,</strong></span> <span class='ocrx_word' id='word_1_420' title='bbox 1775 3017 1968 3070; x_wconf 84' lang='lat' dir='ltr'><strong>admo-</strong></span> 
     </span>
    </p>
   </div>
   <div class='ocr_carea' id='block_1_58' title="bbox 2145 3010 3646 3086">
    <p class='ocr_par' dir='ltr' id='par_1_58' title="bbox 2145 3010 3646 3086">
     <span class='ocr_line' id='line_1_58' title="bbox 2145 3010 3646 3086; baseline -0.005 -17"><span class='ocrx_word' id='word_1_421' title='bbox 2145 3015 2308 3084; x_wconf 82' lang='grc' dir='ltr'>Λέγει</span> <span class='ocrx_word' id='word_1_422' title='bbox 2337 3015 2393 3069; x_wconf 82' lang='grc' dir='ltr'>δὲ</span> <span class='ocrx_word' id='word_1_423' title='bbox 2437 3016 2519 3069; x_wconf 87' lang='grc' dir='ltr'>ὄτι</span> <span class='ocrx_word' id='word_1_424' title='bbox 2563 3015 3038 3086; x_wconf 88' lang='grc' dir='ltr'>χειροτονούμεναι</span> <span class='ocrx_word' id='word_1_425' title='bbox 3096 3017 3151 3069; x_wconf 77' lang='grc' dir='ltr'>αἱ</span> <span class='ocrx_word' id='word_1_426' title='bbox 3179 3015 3442 3079; x_wconf 84' lang='grc' dir='ltr'>διάκονοι,</span> <span class='ocrx_word' id='word_1_427' title='bbox 3473 3010 3646 3068; x_wconf 86' lang='grc' dir='ltr'>νουθε-</span> 
     </span>
    </p>
   </div>
   <div class='ocr_carea' id='block_1_59' title="bbox 400 3103 1969 3179">
    <p class='ocr_par' dir='ltr' id='par_1_59' title="bbox 400 3107 1969 3179">
     <span class='ocr_line' id='line_1_59' title="bbox 400 3107 1969 3179; baseline -0.003 -14"><span class='ocrx_word' id='word_1_428' title='bbox 400 3122 627 3166; x_wconf 86' lang='lat' dir='ltr'><strong>nentor:</strong></span> <span class='ocrx_word' id='word_1_429' title='bbox 657 3108 765 3179; x_wconf 77' lang='lat' dir='ltr'><strong>[ae]</strong></span> <span class='ocrx_word' id='word_1_430' title='bbox 790 3109 1026 3172; x_wconf 87' lang='lat' dir='ltr'><strong>sciunto,</strong></span> <span class='ocrx_word' id='word_1_431' title='bbox 1063 3108 1210 3176; x_wconf 88' lang='lat' dir='ltr'><strong>quod</strong></span> <span class='ocrx_word' id='word_1_432' title='bbox 1243 3107 1287 3162; x_wconf 87' lang='lat' dir='ltr'><strong>si</strong></span> <span class='ocrx_word' id='word_1_433' title='bbox 1313 3108 1969 3162; x_wconf 86' lang='lat' dir='ltr'><strong>contractomatrimonio</strong></span> 
     </span>
    </p>
   </div>
   <div class='ocr_carea' id='block_1_60' title="bbox 2078 3103 3648 3179">
    <p class='ocr_par' dir='ltr' id='par_1_60' title="bbox 2078 3103 3648 3179">
     <span class='ocr_line' id='line_1_60' title="bbox 2078 3103 3648 3179; baseline -0.003 -19"><span class='ocrx_word' id='word_1_434' title='bbox 2078 3107 2396 3160; x_wconf 87' lang='grc' dir='ltr'>τείσθωσαν·</span> <span class='ocrx_word' id='word_1_435' title='bbox 2426 3107 2620 3161; x_wconf 84' lang='grc' dir='ltr'>εἰδυῖαι</span> <span class='ocrx_word' id='word_1_436' title='bbox 2664 3107 2738 3169; x_wconf 84' lang='grc' dir='ltr'>ὡς</span> <span class='ocrx_word' id='word_1_437' title='bbox 2784 3109 2831 3160; x_wconf 79' lang='grc' dir='ltr'>εἰ</span> <span class='ocrx_word' id='word_1_438' title='bbox 2895 3107 3233 3179; x_wconf 71' lang='grc' dir='ltr'>θαρρήσαιεν</span> <span class='ocrx_word' id='word_1_439' title='bbox 3295 3103 3648 3175; x_wconf 81' lang='grc' dir='ltr'>καταισχῦναι</span> 
     </span>
    </p>
   </div>
   <div class='ocr_carea' id='block_1_61' title="bbox 399 3197 1970 3271">
    <p class='ocr_par' dir='ltr' id='par_1_61' title="bbox 399 3197 1970 3271">
     <span class='ocr_line' id='line_1_61' title="bbox 399 3197 1970 3271; baseline -0.003 -14"><span class='ocrx_word' id='word_1_440' title='bbox 399 3204 574 3257; x_wconf 86' lang='lat' dir='ltr'><strong>aliave</strong></span> <span class='ocrx_word' id='word_1_441' title='bbox 607 3201 729 3254; x_wconf 67' lang='lat' dir='ltr'><strong>vitae</strong></span> <span class='ocrx_word' id='word_1_442' title='bbox 767 3201 978 3253; x_wconf 88' lang='lat' dir='ltr'><strong>ratione</strong></span> <span class='ocrx_word' id='word_1_443' title='bbox 1025 3197 1326 3271; x_wconf 89' lang='lat' dir='ltr'><strong>[suscepta]</strong></span> <span class='ocrx_word' id='word_1_444' title='bbox 1369 3199 1700 3254; x_wconf 88' lang='lat' dir='ltr'><strong>dedecorare</strong></span> <span class='ocrx_word' id='word_1_445' title='bbox 1743 3199 1970 3254; x_wconf 89' lang='lat' dir='ltr'><strong>ordina-</strong></span> 
     </span>
    </p>
   </div>
   <div class='ocr_carea' id='block_1_62' title="bbox 400 3289 1973 3360">
    <p class='ocr_par' dir='ltr' id='par_1_62' title="bbox 400 3289 1973 3360">
     <span class='ocr_line' id='line_1_62' title="bbox 400 3289 1973 3360; baseline -0.003 -12"><span class='ocrx_word' id='word_1_446' title='bbox 400 3296 602 3348; x_wconf 87' lang='lat' dir='ltr'><strong>tionem</strong></span> <span class='ocrx_word' id='word_1_447' title='bbox 633 3306 780 3345; x_wconf 76' lang='lat' dir='ltr'><strong>ausa:</strong></span> <span class='ocrx_word' id='word_1_448' title='bbox 811 3290 1037 3355; x_wconf 84' lang='lat' dir='ltr'><strong>fuerint,</strong></span> <span class='ocrx_word' id='word_1_449' title='bbox 1064 3304 1172 3360; x_wconf 71' lang='lat' dir='ltr'><strong>reae</strong></span> <span class='ocrx_word' id='word_1_450' title='bbox 1202 3290 1394 3344; x_wconf 88' lang='lat' dir='ltr'><strong>mortis</strong></span> <span class='ocrx_word' id='word_1_451' title='bbox 1429 3289 1579 3355; x_wconf 82' lang='lat' dir='ltr'><strong>fient,</strong></span> <span class='ocrx_word' id='word_1_452' title='bbox 1605 3299 1658 3342; x_wconf 88' lang='lat' dir='ltr'><strong>et</strong></span> <span class='ocrx_word' id='word_1_453' title='bbox 1681 3289 1973 3344; x_wconf 79' lang='lat' dir='ltr'><strong>facultates</strong></span> 
     </span>
    </p>
   </div>
   <div class='ocr_carea' id='block_1_63' title="bbox 398 3379 1970 3447">
    <p class='ocr_par' dir='ltr' id='par_1_63' title="bbox 398 3379 1970 3447">
     <span class='ocr_line' id='line_1_63' title="bbox 398 3379 1970 3447; baseline -0.004 -9"><span class='ocrx_word' id='word_1_454' title='bbox 398 3400 511 3438; x_wconf 81' lang='lat' dir='ltr'><strong>suae</strong></span> <span class='ocrx_word' id='word_1_455' title='bbox 540 3381 887 3437; x_wconf 88' lang='lat' dir='ltr'><strong>monasteriis</strong></span> <span class='ocrx_word' id='word_1_456' title='bbox 917 3389 1011 3435; x_wconf 91' lang='lat' dir='ltr'><strong>aut</strong></span> <span class='ocrx_word' id='word_1_457' title='bbox 1059 3380 1316 3434; x_wconf 84' lang='lat' dir='ltr'><strong>Ecclesiis</strong></span> <span class='ocrx_word' id='word_1_458' title='bbox 1371 3379 1485 3432; x_wconf 81' lang='lat' dir='ltr'><strong>suis</strong></span> <span class='ocrx_word' id='word_1_459' title='bbox 1537 3379 1970 3447; x_wconf 77' lang='lat' dir='ltr'><strong>applicabuntur.</strong></span> 
     </span>
    </p>
   </div>
   <div class='ocr_carea' id='block_1_64' title="bbox 399 3470 1969 3542">
    <p class='ocr_par' dir='ltr' id='par_1_64' title="bbox 399 3470 1969 3542">
     <span class='ocr_line' id='line_1_64' title="bbox 399 3470 1969 3542; baseline -0.003 -13"><span class='ocrx_word' id='word_1_460' title='bbox 399 3475 502 3542; x_wconf 87' lang='lat' dir='ltr'><strong>Qui</strong></span> <span class='ocrx_word' id='word_1_461' title='bbox 535 3488 663 3529; x_wconf 89' lang='lat' dir='ltr'><strong>vero</strong></span> <span class='ocrx_word' id='word_1_462' title='bbox 693 3474 894 3528; x_wconf 87' lang='lat' dir='ltr'><strong>dueere</strong></span> <span class='ocrx_word' id='word_1_463' title='bbox 926 3473 1046 3526; x_wconf 89' lang='lat' dir='ltr'><strong>illas</strong></span> <span class='ocrx_word' id='word_1_464' title='bbox 1075 3481 1168 3526; x_wconf 91' lang='lat' dir='ltr'><strong>aut</strong></span> <span class='ocrx_word' id='word_1_465' title='bbox 1197 3482 1561 3541; x_wconf 89' lang='lat' dir='ltr'><strong>consluprare</strong></span> <span class='ocrx_word' id='word_1_466' title='bbox 1593 3473 1708 3526; x_wconf 85' lang='lat' dir='ltr'><strong>ausi</strong></span> <span class='ocrx_word' id='word_1_467' title='bbox 1744 3470 1969 3536; x_wconf 80' lang='lat' dir='ltr'><strong>fuerint,</strong></span> 
     </span>
    </p>
   </div>
   <div class='ocr_carea' id='block_1_65' title="bbox 398 3564 1973 3636">
    <p class='ocr_par' dir='ltr' id='par_1_65' title="bbox 398 3564 1973 3636">
     <span class='ocr_line' id='line_1_65' title="bbox 398 3564 1973 3636; baseline -0.001 -17"><span class='ocrx_word' id='word_1_468' title='bbox 398 3567 579 3636; x_wconf 72' lang='lat' dir='ltr'><strong>gladio</strong></span> <span class='ocrx_word' id='word_1_469' title='bbox 606 3565 829 3620; x_wconf 72' lang='lat' dir='ltr'><strong>obnoxii</strong></span> <span class='ocrx_word' id='word_1_470' title='bbox 861 3575 1044 3630; x_wconf 87' lang='lat' dir='ltr'><strong>erunt,</strong></span> <span class='ocrx_word' id='word_1_471' title='bbox 1084 3579 1385 3634; x_wconf 89' lang='lat' dir='ltr'><strong>eorumque</strong></span> <span class='ocrx_word' id='word_1_472' title='bbox 1407 3564 1773 3619; x_wconf 85' lang='lat' dir='ltr'><strong>substantiam</strong></span> <span class='ocrx_word' id='word_1_473' title='bbox 1805 3564 1973 3620; x_wconf 81' lang='lat' dir='ltr'><strong>fiscus</strong></span> 
     </span>
    </p>
   </div>
   <div class='ocr_carea' id='block_1_66' title="bbox 399 3657 594 3727">
    <p class='ocr_par' dir='ltr' id='par_1_66' title="bbox 399 3657 594 3727">
     <span class='ocr_line' id='line_1_66' title="bbox 399 3657 594 3727; baseline -0.005 -16"><span class='ocrx_word' id='word_1_474' title='bbox 399 3657 594 3727; x_wconf 67' lang='lat' dir='ltr'><strong>Capiet.</strong></span> 
     </span>
    </p>
   </div>
   <div class='ocr_carea' id='block_1_67' title="bbox 475 3747 1976 3817">
    <p class='ocr_par' dir='ltr' id='par_1_67' title="bbox 475 3747 1976 3817">
     <span class='ocr_line' id='line_1_67' title="bbox 475 3747 1976 3817; baseline 0.001 -17"><span class='ocrx_word' id='word_1_475' title='bbox 475 3748 691 3802; x_wconf 69' lang='lat' dir='ltr'><strong>Tenus.</strong></span> <span class='ocrx_word' id='word_1_476' title='bbox 728 3747 964 3803; x_wconf 81' lang='lat' dir='ltr'><strong>Constit.</strong></span> <span class='ocrx_word' id='word_1_477' title='bbox 1006 3747 1061 3812; x_wconf 69' lang='grc' dir='ltr'><strong>οὶ,</strong></span> <span class='ocrx_word' id='word_1_478' title='bbox 1106 3747 1350 3817; x_wconf 76' lang='lat' dir='ltr'><strong>ejusdem</strong></span> <span class='ocrx_word' id='word_1_479' title='bbox 1400 3748 1483 3801; x_wconf 90' lang='lat' dir='ltr'><strong>tit.</strong></span> <span class='ocrx_word' id='word_1_480' title='bbox 1531 3747 1586 3800; x_wconf 92' lang='lat' dir='ltr'><strong>Si</strong></span> <span class='ocrx_word' id='word_1_481' title='bbox 1627 3747 1846 3801; x_wconf 90' lang='lat' dir='ltr'><strong>decurio</strong></span> <span class='ocrx_word' id='word_1_482' title='bbox 1882 3757 1976 3802; x_wconf 91' lang='lat' dir='ltr'><strong>aut</strong></span> 
     </span>
    </p>
   </div>
   <div class='ocr_carea' id='block_1_68' title="bbox 403 3838 1972 3908">
    <p class='ocr_par' dir='ltr' id='par_1_68' title="bbox 403 3838 1972 3908">
     <span class='ocr_line' id='line_1_68' title="bbox 403 3838 1972 3908; baseline -0.002 -14"><span class='ocrx_word' id='word_1_483' title='bbox 403 3841 724 3906; x_wconf 90' lang='lat' dir='ltr'><strong>cohortalis,</strong></span> <span class='ocrx_word' id='word_1_484' title='bbox 753 3839 844 3893; x_wconf 89' lang='lat' dir='ltr'><strong>ubi</strong></span> <span class='ocrx_word' id='word_1_485' title='bbox 878 3839 1190 3908; x_wconf 88' lang='lat' dir='ltr'><strong>quindecim</strong></span> <span class='ocrx_word' id='word_1_486' title='bbox 1233 3839 1390 3892; x_wconf 85' lang='lat' dir='ltr'><strong>annis</strong></span> <span class='ocrx_word' id='word_1_487' title='bbox 1440 3841 1743 3894; x_wconf 87' lang='lat' dir='ltr'><strong>monachus</strong></span> <span class='ocrx_word' id='word_1_488' title='bbox 1786 3838 1972 3901; x_wconf 82' lang='lat' dir='ltr'><strong>fuerit,</strong></span> 
     </span>
    </p>
   </div>
   <div class='ocr_carea' id='block_1_69' title="bbox 403 3929 1975 4003">
    <p class='ocr_par' dir='ltr' id='par_1_69' title="bbox 403 3929 1975 4003">
     <span class='ocr_line' id='line_1_69' title="bbox 403 3929 1975 4003; baseline -0.003 -15"><span class='ocrx_word' id='word_1_489' title='bbox 403 3933 638 3988; x_wconf 88' lang='lat' dir='ltr'><strong>clericus</strong></span> <span class='ocrx_word' id='word_1_490' title='bbox 685 3932 799 3998; x_wconf 85' lang='lat' dir='ltr'><strong>fiat,</strong></span> <span class='ocrx_word' id='word_1_491' title='bbox 839 3930 946 4003; x_wconf 86' lang='lat' dir='ltr'><strong>[ac]</strong></span> <span class='ocrx_word' id='word_1_492' title='bbox 982 3931 1176 3985; x_wconf 88' lang='lat' dir='ltr'><strong>deinde</strong></span> <span class='ocrx_word' id='word_1_493' title='bbox 1225 3933 1446 4002; x_wconf 86' lang='lat' dir='ltr'><strong>nuptias</strong></span> <span class='ocrx_word' id='word_1_494' title='bbox 1485 3932 1793 3996; x_wconf 86' lang='lat' dir='ltr'><strong>contrahat,</strong></span> <span class='ocrx_word' id='word_1_495' title='bbox 1840 3929 1975 4002; x_wconf 88' lang='lat' dir='ltr'><strong>[pri-</strong></span> 
     </span>
    </p>
   </div>
   <div class='ocr_carea' id='block_1_70' title="bbox 401 4021 1973 4095">
    <p class='ocr_par' dir='ltr' id='par_1_70' title="bbox 401 4021 1973 4095">
     <span class='ocr_line' id='line_1_70' title="bbox 401 4021 1973 4095; baseline -0.002 -17"><span class='ocrx_word' id='word_1_496' title='bbox 401 4021 580 4094; x_wconf 63' lang='lat' dir='ltr'><strong>stinae]</strong></span> <span class='ocrx_word' id='word_1_497' title='bbox 617 4039 730 4080; x_wconf 63' lang='lat' dir='ltr'><strong>sua:</strong></span> <span class='ocrx_word' id='word_1_498' title='bbox 762 4023 995 4077; x_wconf 70' lang='lat' dir='ltr'><strong>fortuna:</strong></span> <span class='ocrx_word' id='word_1_499' title='bbox 1030 4023 1356 4078; x_wconf 74' lang='lat' dir='ltr'><strong>resdtuitur.</strong></span> <span class='ocrx_word' id='word_1_500' title='bbox 1407 4022 1608 4095; x_wconf 85' lang='lat' dir='ltr'><strong>[Quod]</strong></span> <span class='ocrx_word' id='word_1_501' title='bbox 1654 4024 1795 4078; x_wconf 89' lang='lat' dir='ltr'><strong>idem</strong></span> <span class='ocrx_word' id='word_1_502' title='bbox 1827 4034 1880 4076; x_wconf 92' lang='lat' dir='ltr'><strong>et</strong></span> <span class='ocrx_word' id='word_1_503' title='bbox 1920 4024 1973 4075; x_wconf 92' lang='lat' dir='ltr'><strong>in</strong></span> 
     </span>
    </p>
   </div>
   <div class='ocr_carea' id='block_1_71' title="bbox 400 4114 1970 4186">
    <p class='ocr_par' dir='ltr' id='par_1_71' title="bbox 400 4114 1970 4186">
     <span class='ocr_line' id='line_1_71' title="bbox 400 4114 1970 4186; baseline 0.001 -17"><span class='ocrx_word' id='word_1_504' title='bbox 400 4116 521 4169; x_wconf 84' lang='lat' dir='ltr'><strong>aliis</strong></span> <span class='ocrx_word' id='word_1_505' title='bbox 545 4116 641 4184; x_wconf 89' lang='lat' dir='ltr'><strong>qui</strong></span> <span class='ocrx_word' id='word_1_506' title='bbox 672 4130 738 4169; x_wconf 81' lang='lat' dir='ltr'><strong>ex</strong></span> <span class='ocrx_word' id='word_1_507' title='bbox 773 4115 1061 4170; x_wconf 89' lang='lat' dir='ltr'><strong>monachis</strong></span> <span class='ocrx_word' id='word_1_508' title='bbox 1089 4115 1274 4169; x_wconf 90' lang='lat' dir='ltr'><strong>clerici</strong></span> <span class='ocrx_word' id='word_1_509' title='bbox 1311 4114 1461 4186; x_wconf 87' lang='lat' dir='ltr'><strong>[facti</strong></span> <span class='ocrx_word' id='word_1_510' title='bbox 1496 4127 1642 4180; x_wconf 91' lang='lat' dir='ltr'><strong>sunt,</strong></span> <span class='ocrx_word' id='word_1_511' title='bbox 1691 4115 1918 4186; x_wconf 87' lang='lat' dir='ltr'><strong>obtinet]</strong></span> <span class='ocrx_word' id='word_1_512' title='bbox 1956 4135 1970 4170; x_wconf 90' lang='lat'><strong>:</strong></span> 
     </span>
    </p>
   </div>
   <div class='ocr_carea' id='block_1_72' title="bbox 401 4206 1969 4261">
    <p class='ocr_par' dir='ltr' id='par_1_72' title="bbox 401 4206 1969 4261">
     <span class='ocr_line' id='line_1_72' title="bbox 401 4206 1969 4261; baseline -0.001 0"><span class='ocrx_word' id='word_1_513' title='bbox 401 4207 618 4261; x_wconf 82' lang='lat' dir='ltr'><strong>tametsi</strong></span> <span class='ocrx_word' id='word_1_514' title='bbox 645 4207 973 4261; x_wconf 89' lang='lat' dir='ltr'><strong>decuriones</strong></span> <span class='ocrx_word' id='word_1_515' title='bbox 1003 4215 1097 4261; x_wconf 91' lang='lat' dir='ltr'><strong>aut</strong></span> <span class='ocrx_word' id='word_1_516' title='bbox 1128 4207 1440 4261; x_wconf 88' lang='lat' dir='ltr'><strong>cohortales</strong></span> <span class='ocrx_word' id='word_1_517' title='bbox 1469 4222 1576 4260; x_wconf 89' lang='lat' dir='ltr'><strong>non</strong></span> <span class='ocrx_word' id='word_1_518' title='bbox 1613 4207 1834 4261; x_wconf 89' lang='lat' dir='ltr'><strong>fuerint.</strong></span> <span class='ocrx_word' id='word_1_519' title='bbox 1864 4206 1930 4260; x_wconf 77' lang='lat' dir='ltr'><strong>Et</strong></span> <span class='ocrx_word' id='word_1_520' title='bbox 1957 4225 1969 4260; x_wconf 92' lang='lat'><strong>:</strong></span> 
     </span>
    </p>
   </div>
   <div class='ocr_carea' id='block_1_73' title="bbox 402 4297 1975 4367">
    <p class='ocr_par' dir='ltr' id='par_1_73' title="bbox 402 4297 1975 4367">
     <span class='ocr_line' id='line_1_73' title="bbox 402 4297 1975 4367; baseline 0.001 -16"><span class='ocrx_word' id='word_1_521' title='bbox 402 4298 504 4363; x_wconf 77' lang='lat' dir='ltr'><strong>Qui</strong></span> <span class='ocrx_word' id='word_1_522' title='bbox 562 4298 803 4351; x_wconf 62' lang='lat' dir='ltr'><strong>caelibem</strong></span> <span class='ocrx_word' id='word_1_523' title='bbox 839 4297 1078 4361; x_wconf 87' lang='lat' dir='ltr'><strong>ordinat,</strong></span> <span class='ocrx_word' id='word_1_524' title='bbox 1125 4299 1460 4367; x_wconf 77' lang='lat' dir='ltr'><strong>interrogato</strong></span> <span class='ocrx_word' id='word_1_525' title='bbox 1512 4299 1685 4362; x_wconf 85' lang='lat' dir='ltr'><strong>illum,</strong></span> <span class='ocrx_word' id='word_1_526' title='bbox 1739 4315 1807 4352; x_wconf 93' lang='lat' dir='ltr'><strong>an</strong></span> <span class='ocrx_word' id='word_1_527' title='bbox 1857 4299 1975 4352; x_wconf 87' lang='lat' dir='ltr'><strong>sine</strong></span> 
     </span>
    </p>
   </div>
   <div class='ocr_carea' id='block_1_74' title="bbox 399 4389 1971 4459">
    <p class='ocr_par' dir='ltr' id='par_1_74' title="bbox 399 4389 1971 4459">
     <span class='ocr_line' id='line_1_74' title="bbox 399 4389 1971 4459; baseline 0 -17"><span class='ocrx_word' id='word_1_528' title='bbox 399 4389 637 4458; x_wconf 78' lang='lat' dir='ltr'><strong>legitima</strong></span> <span class='ocrx_word' id='word_1_529' title='bbox 673 4403 843 4443; x_wconf 85' lang='lat' dir='ltr'><strong>uxore</strong></span> <span class='ocrx_word' id='word_1_530' title='bbox 879 4398 1026 4443; x_wconf 81' lang='lat' dir='ltr'><strong>caste</strong></span> <span class='ocrx_word' id='word_1_531' title='bbox 1056 4390 1237 4442; x_wconf 84' lang='lat' dir='ltr'><strong>vivere</strong></span> <span class='ocrx_word' id='word_1_532' title='bbox 1279 4391 1468 4459; x_wconf 89' lang='lat' dir='ltr'><strong>possit.</strong></span> <span class='ocrx_word' id='word_1_533' title='bbox 1500 4389 1602 4456; x_wconf 88' lang='lat' dir='ltr'><strong>Qui</strong></span> <span class='ocrx_word' id='word_1_534' title='bbox 1652 4405 1784 4444; x_wconf 85' lang='lat' dir='ltr'><strong>vero</strong></span> <span class='ocrx_word' id='word_1_535' title='bbox 1834 4399 1971 4444; x_wconf 80' lang='lat' dir='ltr'><strong>terri-</strong></span> 
     </span>
    </p>
   </div>
   <div class='ocr_carea' id='block_1_75' title="bbox 399 4458 2050 4551">
    <p class='ocr_par' dir='ltr' id='par_1_75' title="bbox 399 4458 2050 4551">
     <span class='ocr_line' id='line_1_75' title="bbox 399 4458 2050 4551; baseline -0.001 -16"><span class='ocrx_word' id='word_1_536' title='bbox 399 4496 530 4551; x_wconf 86' lang='lat' dir='ltr'><strong>porc</strong></span> <span class='ocrx_word' id='word_1_537' title='bbox 563 4471 926 4534; x_wconf 77' lang='lat' dir='ltr'><strong>ordinationis</strong></span> <span class='ocrx_word' id='word_1_538' title='bbox 965 4481 1197 4535; x_wconf 89' lang='lat' dir='ltr'><strong>diacono</strong></span> <span class='ocrx_word' id='word_1_539' title='bbox 1238 4493 1360 4551; x_wconf 88' lang='lat' dir='ltr'><strong>post</strong></span> <span class='ocrx_word' id='word_1_540' title='bbox 1401 4481 1805 4535; x_wconf 88' lang='lat' dir='ltr'><strong>ordinationem</strong></span> <span class='ocrx_word' id='word_1_541' title='bbox 1858 4497 1972 4534; x_wconf 85' lang='lat' dir='ltr'><strong>ma—</strong></span> <span class='ocrx_word' id='word_1_542' title='bbox 2004 4458 2050 4513; x_wconf 71' lang='grc' dir='ltr'><strong>θ</strong></span> 
     </span>
    </p>
   </div>
   <div class='ocr_carea' id='block_1_76' title="bbox 397 4572 1971 4643">
    <p class='ocr_par' dir='ltr' id='par_1_76' title="bbox 397 4572 1971 4643">
     <span class='ocr_line' id='line_1_76' title="bbox 397 4572 1971 4643; baseline -0.001 -16"><span class='ocrx_word' id='word_1_543' title='bbox 397 4573 714 4627; x_wconf 86' lang='lat' dir='ltr'><strong>trimonium</strong></span> <span class='ocrx_word' id='word_1_544' title='bbox 777 4572 1100 4628; x_wconf 87' lang='lat' dir='ltr'><strong>contrahere</strong></span> <span class='ocrx_word' id='word_1_545' title='bbox 1152 4575 1482 4643; x_wconf 88' lang='lat' dir='ltr'><strong>permiserit,</strong></span> <span class='ocrx_word' id='word_1_546' title='bbox 1537 4576 1604 4627; x_wconf 91' lang='lat' dir='ltr'><strong>ab</strong></span> <span class='ocrx_word' id='word_1_547' title='bbox 1655 4574 1971 4642; x_wconf 84' lang='lat' dir='ltr'><strong>episcopatu</strong></span> 
     </span>
    </p>
   </div>
   <div class='ocr_carea' id='block_1_77' title="bbox 397 4663 1976 4734">
    <p class='ocr_par' dir='ltr' id='par_1_77' title="bbox 397 4663 1976 4734">
     <span class='ocr_line' id='line_1_77' title="bbox 397 4663 1976 4734; baseline -0.003 -16"><span class='ocrx_word' id='word_1_548' title='bbox 397 4665 636 4733; x_wconf 72' lang='lat' dir='ltr'><strong>cj-icitur.</strong></span> <span class='ocrx_word' id='word_1_549' title='bbox 671 4663 843 4718; x_wconf 89' lang='lat' dir='ltr'><strong>Porro</strong></span> <span class='ocrx_word' id='word_1_550' title='bbox 873 4663 1176 4734; x_wconf 80' lang='lat' dir='ltr'><strong>presbyter,</strong></span> <span class='ocrx_word' id='word_1_551' title='bbox 1210 4675 1303 4717; x_wconf 90' lang='lat' dir='ltr'><strong>aut</strong></span> <span class='ocrx_word' id='word_1_552' title='bbox 1334 4666 1618 4728; x_wconf 86' lang='lat' dir='ltr'><strong>diaconus,</strong></span> <span class='ocrx_word' id='word_1_553' title='bbox 1661 4673 1756 4717; x_wconf 91' lang='lat' dir='ltr'><strong>aut</strong></span> <span class='ocrx_word' id='word_1_554' title='bbox 1804 4663 1976 4732; x_wconf 76' lang='lat' dir='ltr'><strong>hypo-</strong></span> 
     </span>
    </p>
   </div>
   <div class='ocr_carea' id='block_1_78' title="bbox 398 4756 1974 4829">
    <p class='ocr_par' dir='ltr' id='par_1_78' title="bbox 398 4756 1974 4829">
     <span class='ocr_line' id='line_1_78' title="bbox 398 4756 1974 4829; baseline -0.003 -18"><span class='ocrx_word' id='word_1_555' title='bbox 398 4759 663 4812; x_wconf 89' lang='lat' dir='ltr'><strong>diaconus</strong></span> <span class='ocrx_word' id='word_1_556' title='bbox 687 4758 778 4829; x_wconf 84' lang='lat' dir='ltr'><strong>qui</strong></span> <span class='ocrx_word' id='word_1_557' title='bbox 806 4764 927 4827; x_wconf 89' lang='lat' dir='ltr'><strong>post</strong></span> <span class='ocrx_word' id='word_1_558' title='bbox 948 4756 1353 4811; x_wconf 89' lang='lat' dir='ltr'><strong>ordinationem</strong></span> <span class='ocrx_word' id='word_1_559' title='bbox 1396 4757 1805 4810; x_wconf 89' lang='lat' dir='ltr'><strong>matrimonium</strong></span> <span class='ocrx_word' id='word_1_560' title='bbox 1840 4770 1974 4809; x_wconf 91' lang='lat' dir='ltr'><strong>con-</strong></span> 
     </span>
    </p>
   </div>
   <div class='ocr_carea' id='block_1_79' title="bbox 399 4847 1976 4918">
    <p class='ocr_par' dir='ltr' id='par_1_79' title="bbox 399 4847 1976 4918">
     <span class='ocr_line' id='line_1_79' title="bbox 399 4847 1976 4918; baseline -0.002 -15"><span class='ocrx_word' id='word_1_561' title='bbox 399 4850 586 4914; x_wconf 86' lang='lat' dir='ltr'><strong>trahit,</strong></span> <span class='ocrx_word' id='word_1_562' title='bbox 616 4864 646 4902; x_wconf 90' lang='lat' dir='ltr'><strong>e</strong></span> <span class='ocrx_word' id='word_1_563' title='bbox 692 4850 837 4904; x_wconf 91' lang='lat' dir='ltr'><strong>clero</strong></span> <span class='ocrx_word' id='word_1_564' title='bbox 871 4849 1110 4918; x_wconf 89' lang='lat' dir='ltr'><strong>ejicitur,</strong></span> <span class='ocrx_word' id='word_1_565' title='bbox 1156 4859 1210 4902; x_wconf 87' lang='lat' dir='ltr'><strong>et</strong></span> <span class='ocrx_word' id='word_1_566' title='bbox 1250 4863 1374 4902; x_wconf 93' lang='lat' dir='ltr'><strong>cum</strong></span> <span class='ocrx_word' id='word_1_567' title='bbox 1430 4850 1592 4902; x_wconf 87' lang='lat' dir='ltr'><strong>rebus</strong></span> <span class='ocrx_word' id='word_1_568' title='bbox 1642 4847 1758 4901; x_wconf 88' lang='lat' dir='ltr'><strong>suis</strong></span> <span class='ocrx_word' id='word_1_569' title='bbox 1809 4847 1976 4901; x_wconf 73' lang='lat' dir='ltr'><strong>curiae</strong></span> 
     </span>
    </p>
   </div>
   <div class='ocr_carea' id='block_1_80' title="bbox 401 4934 1975 5005">
    <p class='ocr_par' dir='ltr' id='par_1_80' title="bbox 401 4934 1975 5005">
     <span class='ocr_line' id='line_1_80' title="bbox 401 4934 1975 5005; baseline -0.002 -13"><span class='ocrx_word' id='word_1_570' title='bbox 401 4937 642 4992; x_wconf 80' lang='lat' dir='ltr'><strong>civitatis</strong></span> <span class='ocrx_word' id='word_1_571' title='bbox 674 4938 726 4990; x_wconf 92' lang='lat' dir='ltr'><strong>in</strong></span> <span class='ocrx_word' id='word_1_572' title='bbox 756 4951 864 5005; x_wconf 89' lang='lat' dir='ltr'><strong>qua</strong></span> <span class='ocrx_word' id='word_1_573' title='bbox 899 4936 1135 4991; x_wconf 88' lang='lat' dir='ltr'><strong>clericus</strong></span> <span class='ocrx_word' id='word_1_574' title='bbox 1179 4945 1318 5000; x_wconf 88' lang='lat' dir='ltr'><strong>erat,</strong></span> <span class='ocrx_word' id='word_1_575' title='bbox 1352 4936 1605 4990; x_wconf 87' lang='lat' dir='ltr'><strong>traditur.</strong></span> <span class='ocrx_word' id='word_1_576' title='bbox 1637 4935 1765 4989; x_wconf 83' lang='lat' dir='ltr'><strong>Item</strong></span> <span class='ocrx_word' id='word_1_577' title='bbox 1803 4934 1975 4989; x_wconf 90' lang='lat' dir='ltr'><strong>lector</strong></span> 
     </span>
    </p>
   </div>
   <div class='ocr_carea' id='block_1_81' title="bbox 399 5025 1976 5098">
    <p class='ocr_par' dir='ltr' id='par_1_81' title="bbox 399 5025 1976 5098">
     <span class='ocr_line' id='line_1_81' title="bbox 399 5025 1976 5098; baseline -0.003 -16"><span class='ocrx_word' id='word_1_578' title='bbox 399 5030 490 5098; x_wconf 90' lang='lat' dir='ltr'><strong>qui</strong></span> <span class='ocrx_word' id='word_1_579' title='bbox 552 5028 771 5097; x_wconf 89' lang='lat' dir='ltr'><strong>nuptias</strong></span> <span class='ocrx_word' id='word_1_580' title='bbox 855 5029 1035 5091; x_wconf 87' lang='lat' dir='ltr'><strong>iterat,</strong></span> <span class='ocrx_word' id='word_1_581' title='bbox 1099 5035 1193 5080; x_wconf 84' lang='lat' dir='ltr'><strong>aut</strong></span> <span class='ocrx_word' id='word_1_582' title='bbox 1259 5025 1506 5090; x_wconf 84' lang='lat' dir='ltr'><strong>viduam,</strong></span> <span class='ocrx_word' id='word_1_583' title='bbox 1578 5025 1664 5078; x_wconf 87' lang='lat' dir='ltr'><strong>vel</strong></span> <span class='ocrx_word' id='word_1_584' title='bbox 1739 5025 1976 5079; x_wconf 90' lang='lat' dir='ltr'><strong>divortio</strong></span> 
     </span>
    </p>
   </div>
   <div class='ocr_carea' id='block_1_82' title="bbox 400 5117 1974 5190">
    <p class='ocr_par' dir='ltr' id='par_1_82' title="bbox 400 5117 1974 5190">
     <span class='ocr_line' id='line_1_82' title="bbox 400 5117 1974 5190; baseline -0.002 -17"><span class='ocrx_word' id='word_1_585' title='bbox 400 5119 752 5185; x_wconf 85' lang='lat' dir='ltr'><strong>disjunclam,</strong></span> <span class='ocrx_word' id='word_1_586' title='bbox 782 5121 865 5174; x_wconf 88' lang='lat' dir='ltr'><strong>vel</strong></span> <span class='ocrx_word' id='word_1_587' title='bbox 894 5119 1103 5188; x_wconf 82' lang='lat' dir='ltr'><strong>legibus</strong></span> <span class='ocrx_word' id='word_1_588' title='bbox 1129 5118 1496 5171; x_wconf 90' lang='lat' dir='ltr'><strong>canonibusve</strong></span> <span class='ocrx_word' id='word_1_589' title='bbox 1528 5117 1871 5172; x_wconf 88' lang='lat' dir='ltr'><strong>interdictam</strong></span> <span class='ocrx_word' id='word_1_590' title='bbox 1896 5117 1974 5190; x_wconf 92' lang='lat' dir='ltr'><strong>[in</strong></span> 
     </span>
    </p>
   </div>
   <div class='ocr_carea' id='block_1_83' title="bbox 401 5209 1970 5282">
    <p class='ocr_par' dir='ltr' id='par_1_83' title="bbox 401 5209 1970 5282">
     <span class='ocr_line' id='line_1_83' title="bbox 401 5209 1970 5282; baseline 0 -19"><span class='ocrx_word' id='word_1_591' title='bbox 401 5209 654 5282; x_wconf 73' lang='lat' dir='ltr'><strong>uxorem]</strong></span> <span class='ocrx_word' id='word_1_592' title='bbox 681 5210 933 5274; x_wconf 87' lang='lat' dir='ltr'><strong>assumit,</strong></span> <span class='ocrx_word' id='word_1_593' title='bbox 979 5211 1033 5262; x_wconf 90' lang='lat' dir='ltr'><strong>in</strong></span> <span class='ocrx_word' id='word_1_594' title='bbox 1071 5209 1239 5263; x_wconf 88' lang='lat' dir='ltr'><strong>alium</strong></span> <span class='ocrx_word' id='word_1_595' title='bbox 1288 5209 1514 5279; x_wconf 78' lang='lat' dir='ltr'><strong>gradum</strong></span> <span class='ocrx_word' id='word_1_596' title='bbox 1557 5224 1624 5262; x_wconf 91' lang='lat' dir='ltr'><strong>ne</strong></span> <span class='ocrx_word' id='word_1_597' title='bbox 1672 5209 1970 5279; x_wconf 88' lang='lat' dir='ltr'><strong>proccdito.</strong></span> 
     </span>
    </p>
   </div>
   <div class='ocr_carea' id='block_1_84' title="bbox 400 5301 1638 5371">
    <p class='ocr_par' dir='ltr' id='par_1_84' title="bbox 400 5301 1638 5371">
     <span class='ocr_line' id='line_1_84' title="bbox 400 5301 1638 5371; baseline 0 -16"><span class='ocrx_word' id='word_1_598' title='bbox 400 5301 542 5366; x_wconf 89' lang='lat' dir='ltr'><strong>Quin</strong></span> <span class='ocrx_word' id='word_1_599' title='bbox 567 5311 621 5356; x_wconf 90' lang='lat' dir='ltr'><strong>et</strong></span> <span class='ocrx_word' id='word_1_600' title='bbox 645 5303 689 5356; x_wconf 91' lang='lat' dir='ltr'><strong>si</strong></span> <span class='ocrx_word' id='word_1_601' title='bbox 720 5303 1071 5371; x_wconf 86' lang='lat' dir='ltr'><strong>processerit,</strong></span> <span class='ocrx_word' id='word_1_602' title='bbox 1108 5301 1278 5370; x_wconf 89' lang='lat' dir='ltr'><strong>priori</strong></span> <span class='ocrx_word' id='word_1_603' title='bbox 1315 5301 1638 5356; x_wconf 86' lang='lat' dir='ltr'><strong>restituitur.</strong></span> 
     </span>
    </p>
   </div>
   <div class='ocr_carea' id='block_1_85' title="bbox 472 5391 1972 5460">
    <p class='ocr_par' dir='ltr' id='par_1_85' title="bbox 472 5391 1972 5460">
     <span class='ocr_line' id='line_1_85' title="bbox 472 5391 1972 5460; baseline -0.003 -14"><span class='ocrx_word' id='word_1_604' title='bbox 472 5393 614 5446; x_wconf 91' lang='lat' dir='ltr'><strong>Dicit</strong></span> <span class='ocrx_word' id='word_1_605' title='bbox 640 5395 868 5460; x_wconf 89' lang='lat' dir='ltr'><strong>insuper</strong></span> <span class='ocrx_word' id='word_1_606' title='bbox 902 5412 914 5448; x_wconf 92' lang='lat'>:</span> <span class='ocrx_word' id='word_1_607' title='bbox 951 5391 1054 5458; x_wconf 91' lang='lat' dir='ltr'><strong>Qui</strong></span> <span class='ocrx_word' id='word_1_608' title='bbox 1087 5393 1397 5458; x_wconf 86' lang='lat' dir='ltr'><strong>ascetriam,</strong></span> <span class='ocrx_word' id='word_1_609' title='bbox 1447 5400 1542 5446; x_wconf 93' lang='lat' dir='ltr'><strong>aut</strong></span> <span class='ocrx_word' id='word_1_610' title='bbox 1589 5393 1972 5453; x_wconf 87' lang='lat' dir='ltr'><strong>monastriam,</strong></span> 
     </span>
    </p>
   </div>
   <div class='ocr_carea' id='block_1_86' title="bbox 401 5485 1972 5556">
    <p class='ocr_par' dir='ltr' id='par_1_86' title="bbox 401 5485 1972 5556">
     <span class='ocr_line' id='line_1_86' title="bbox 401 5485 1972 5556; baseline -0.001 -17"><span class='ocrx_word' id='word_1_611' title='bbox 401 5493 496 5539; x_wconf 84' lang='lat' dir='ltr'><strong>aut</strong></span> <span class='ocrx_word' id='word_1_612' title='bbox 548 5485 940 5552; x_wconf 88' lang='lat' dir='ltr'><strong>diaconissam,</strong></span> <span class='ocrx_word' id='word_1_613' title='bbox 988 5495 1084 5540; x_wconf 89' lang='lat' dir='ltr'><strong>aut</strong></span> <span class='ocrx_word' id='word_1_614' title='bbox 1125 5487 1292 5539; x_wconf 86' lang='lat' dir='ltr'><strong>alium</strong></span> <span class='ocrx_word' id='word_1_615' title='bbox 1349 5485 1664 5556; x_wconf 85' lang='lat' dir='ltr'><strong>religiosum</strong></span> <span class='ocrx_word' id='word_1_616' title='bbox 1726 5485 1972 5538; x_wconf 85' lang='lat' dir='ltr'><strong>habitum</strong></span> 
     </span>
    </p>
   </div>
   <div class='ocr_carea' id='block_1_87' title="bbox 400 5574 1974 5647">
    <p class='ocr_par' dir='ltr' id='par_1_87' title="bbox 400 5574 1974 5647">
     <span class='ocr_line' id='line_1_87' title="bbox 400 5574 1974 5647; baseline 0.003 -21"><span class='ocrx_word' id='word_1_617' title='bbox 400 5584 698 5646; x_wconf 72' lang='lat' dir='ltr'><strong>gestantem</strong></span> <span class='ocrx_word' id='word_1_618' title='bbox 760 5574 1095 5647; x_wconf 90' lang='lat' dir='ltr'><strong>[mulierem]</strong></span> <span class='ocrx_word' id='word_1_619' title='bbox 1158 5577 1398 5646; x_wconf 91' lang='lat' dir='ltr'><strong>rapiunt,</strong></span> <span class='ocrx_word' id='word_1_620' title='bbox 1455 5585 1833 5645; x_wconf 91' lang='lat' dir='ltr'><strong>corrumpunt,</strong></span> <span class='ocrx_word' id='word_1_621' title='bbox 1889 5575 1974 5630; x_wconf 87' lang='lat' dir='ltr'><strong>vel</strong></span> 
     </span>
    </p>
   </div>
   <div class='ocr_carea' id='block_1_88' title="bbox 403 5667 1973 5740">
    <p class='ocr_par' dir='ltr' id='par_1_88' title="bbox 403 5667 1973 5740">
     <span class='ocr_line' id='line_1_88' title="bbox 403 5667 1973 5740; baseline 0.003 -23"><span class='ocrx_word' id='word_1_622' title='bbox 403 5676 785 5737; x_wconf 78' lang='lat' dir='ltr'><strong>constuprant,</strong></span> <span class='ocrx_word' id='word_1_623' title='bbox 821 5668 1021 5738; x_wconf 88' lang='lat' dir='ltr'><strong>quique</strong></span> <span class='ocrx_word' id='word_1_624' title='bbox 1053 5667 1186 5740; x_wconf 89' lang='lat' dir='ltr'><strong>[illis</strong></span> <span class='ocrx_word' id='word_1_625' title='bbox 1218 5667 1364 5740; x_wconf 88' lang='lat' dir='ltr'><strong>sese]</strong></span> <span class='ocrx_word' id='word_1_626' title='bbox 1395 5669 1674 5724; x_wconf 90' lang='lat' dir='ltr'><strong>associant</strong></span> <span class='ocrx_word' id='word_1_627' title='bbox 1704 5686 1716 5721; x_wconf 87' lang='lat'><strong><em>:</em></strong></span> <span class='ocrx_word' id='word_1_628' title='bbox 1751 5668 1973 5737; x_wconf 87' lang='lat' dir='ltr'><strong>capitali</strong></span> 
     </span>
    </p>
   </div>
   <div class='ocr_carea' id='block_1_89' title="bbox 403 5759 1969 5834">
    <p class='ocr_par' dir='ltr' id='par_1_89' title="bbox 403 5759 1969 5834">
     <span class='ocr_line' id='line_1_89' title="bbox 403 5759 1969 5834; baseline 0.003 -24"><span class='ocrx_word' id='word_1_629' title='bbox 403 5759 670 5827; x_wconf 75' lang='lat' dir='ltr'><strong>supplicio</strong></span> <span class='ocrx_word' id='word_1_630' title='bbox 698 5761 1028 5828; x_wconf 74' lang='lat' dir='ltr'><strong>afﬁciuntur,</strong></span> <span class='ocrx_word' id='word_1_631' title='bbox 1063 5779 1126 5817; x_wconf 82' lang='lat' dir='ltr'><strong>ac</strong></span> <span class='ocrx_word' id='word_1_632' title='bbox 1160 5777 1244 5820; x_wconf 90' lang='lat' dir='ltr'><strong>res</strong></span> <span class='ocrx_word' id='word_1_633' title='bbox 1271 5761 1489 5818; x_wconf 87' lang='lat' dir='ltr'><strong>illorum</strong></span> <span class='ocrx_word' id='word_1_634' title='bbox 1523 5762 1723 5834; x_wconf 86' lang='lat' dir='ltr'><strong>injuria</strong></span> <span class='ocrx_word' id='word_1_635' title='bbox 1767 5760 1969 5817; x_wconf 72' lang='lat' dir='ltr'><strong>aﬂ&#39;ectze</strong></span> 
     </span>
    </p>
   </div>
   <div class='ocr_carea' id='block_1_90' title="bbox 2074 3195 3647 3270">
    <p class='ocr_par' dir='ltr' id='par_1_90' title="bbox 2074 3195 3647 3270">
     <span class='ocr_line' id='line_1_90' title="bbox 2074 3195 3647 3270; baseline -0.004 -18"><span class='ocrx_word' id='word_1_636' title='bbox 2074 3199 2172 3268; x_wconf 84' lang='grc' dir='ltr'><strong>τὴν</strong></span> <span class='ocrx_word' id='word_1_637' title='bbox 2203 3200 2560 3270; x_wconf 82' lang='grc' dir='ltr'>χειροτονίαν,</span> <span class='ocrx_word' id='word_1_638' title='bbox 2615 3199 3045 3270; x_wconf 83' lang='grc' dir='ltr'>προσομιλοῦσαι</span> <span class='ocrx_word' id='word_1_639' title='bbox 3078 3200 3247 3270; x_wconf 85' lang='grc' dir='ltr'>γάμῳ</span> <span class='ocrx_word' id='word_1_640' title='bbox 3285 3199 3318 3270; x_wconf 79' lang='grc' dir='ltr'><strong>ἢ</strong></span> <span class='ocrx_word' id='word_1_641' title='bbox 3352 3199 3509 3253; x_wconf 81' lang='grc' dir='ltr'>ἄλλου</span> <span class='ocrx_word' id='word_1_642' title='bbox 3541 3195 3647 3265; x_wconf 83' lang='grc' dir='ltr'>βίου</span> 
     </span>
    </p>
   </div>
   <div class='ocr_carea' id='block_1_91' title="bbox 2075 3285 3649 3364">
    <p class='ocr_par' dir='ltr' id='par_1_91' title="bbox 2075 3285 3649 3364">
     <span class='ocr_line' id='line_1_91' title="bbox 2075 3285 3649 3364; baseline -0.004 -18"><span class='ocrx_word' id='word_1_643' title='bbox 2075 3293 2290 3364; x_wconf 75' lang='grc' dir='ltr'>πορείᾳ,</span> <span class='ocrx_word' id='word_1_644' title='bbox 2325 3293 2538 3361; x_wconf 84' lang='grc' dir='ltr'>θανάτῳ</span> <span class='ocrx_word' id='word_1_645' title='bbox 2593 3293 2917 3363; x_wconf 85' lang='grc' dir='ltr'>γενήσονται</span> <span class='ocrx_word' id='word_1_646' title='bbox 2975 3292 3169 3362; x_wconf 74' lang='grc' dir='ltr'>ἔνοχοι·</span> <span class='ocrx_word' id='word_1_647' title='bbox 3205 3291 3436 3354; x_wconf 72' lang='grc' dir='ltr'>καὶτοῖς</span> <span class='ocrx_word' id='word_1_648' title='bbox 3480 3285 3649 3342; x_wconf 81' lang='grc' dir='ltr'>αὐτῶν</span> 
     </span>
    </p>
   </div>
   <div class='ocr_carea' id='block_1_92' title="bbox 2077 3381 3648 3456">
    <p class='ocr_par' dir='ltr' id='par_1_92' title="bbox 2077 3381 3648 3456">
     <span class='ocr_line' id='line_1_92' title="bbox 2077 3381 3648 3456; baseline -0.006 -17"><span class='ocrx_word' id='word_1_649' title='bbox 2077 3386 2394 3456; x_wconf 76' lang='grc' dir='ltr'>ἐκκλησίαις</span> <span class='ocrx_word' id='word_1_650' title='bbox 2430 3385 2484 3438; x_wconf 89' lang='grc' dir='ltr'>αἱ</span> <span class='ocrx_word' id='word_1_651' title='bbox 2514 3384 2822 3454; x_wconf 85' lang='grc' dir='ltr'>περιουσίαι</span> <span class='ocrx_word' id='word_1_652' title='bbox 2858 3383 3036 3437; x_wconf 84' lang='grc' dir='ltr'>αὐτῶν</span> <span class='ocrx_word' id='word_1_653' title='bbox 3077 3381 3648 3454; x_wconf 81' lang='grc' dir='ltr'>προσκυρωθήσονται·</span> 
     </span>
    </p>
   </div>
   <div class='ocr_carea' id='block_1_93' title="bbox 2076 3470 3652 3546">
    <p class='ocr_par' dir='ltr' id='par_1_93' title="bbox 2076 3470 3652 3546">
     <span class='ocr_line' id='line_1_93' title="bbox 2076 3470 3652 3546; baseline -0.007 -13"><span class='ocrx_word' id='word_1_654' title='bbox 2076 3482 2123 3533; x_wconf 87' lang='grc' dir='ltr'>οἱ</span> <span class='ocrx_word' id='word_1_655' title='bbox 2163 3479 2219 3531; x_wconf 84' lang='grc' dir='ltr'><strong>δέ</strong></span> <span class='ocrx_word' id='word_1_656' title='bbox 2258 3477 2435 3546; x_wconf 83' lang='grc' dir='ltr'>γῆμαι</span> <span class='ocrx_word' id='word_1_657' title='bbox 2472 3476 2748 3546; x_wconf 81' lang='grc' dir='ltr'>ἢφθεῖραι</span> <span class='ocrx_word' id='word_1_658' title='bbox 2778 3475 2950 3538; x_wconf 79' lang='grc' dir='ltr'>αὐτὰς</span> <span class='ocrx_word' id='word_1_659' title='bbox 2981 3475 3380 3544; x_wconf 82' lang='grc' dir='ltr'>τολμήσαντες,</span> <span class='ocrx_word' id='word_1_660' title='bbox 3424 3470 3652 3527; x_wconf 84' lang='grc' dir='ltr'>ὑπεύθυ-</span> 
     </span>
    </p>
   </div>
   <div class='ocr_carea' id='block_1_94' title="bbox 2077 3560 3652 3636">
    <p class='ocr_par' dir='ltr' id='par_1_94' title="bbox 2077 3560 3652 3636">
     <span class='ocr_line' id='line_1_94' title="bbox 2077 3560 3652 3636; baseline -0.003 -18"><span class='ocrx_word' id='word_1_661' title='bbox 2077 3565 2158 3618; x_wconf 89' lang='grc' dir='ltr'><strong>νοί</strong></span> <span class='ocrx_word' id='word_1_662' title='bbox 2190 3568 2298 3618; x_wconf 84' lang='grc' dir='ltr'>εἰσι</span> <span class='ocrx_word' id='word_1_663' title='bbox 2329 3565 2495 3634; x_wconf 73' lang='grc' dir='ltr'>ξίφει,</span> <span class='ocrx_word' id='word_1_664' title='bbox 2529 3564 2624 3617; x_wconf 77' lang='grc' dir='ltr'><strong>καὶ</strong></span> <span class='ocrx_word' id='word_1_665' title='bbox 2653 3564 2749 3636; x_wconf 84' lang='grc' dir='ltr'>τὴν</span> <span class='ocrx_word' id='word_1_666' title='bbox 2776 3564 2962 3618; x_wconf 82' lang='grc' dir='ltr'>οὐσίαν</span> <span class='ocrx_word' id='word_1_667' title='bbox 2986 3564 3168 3618; x_wconf 78' lang='grc' dir='ltr'>αὐτῶν</span> <span class='ocrx_word' id='word_1_668' title='bbox 3191 3564 3254 3617; x_wconf 84' lang='grc' dir='ltr'><strong>τὸ</strong></span> <span class='ocrx_word' id='word_1_669' title='bbox 3281 3563 3538 3633; x_wconf 83' lang='grc' dir='ltr'>δημόσιον</span> <span class='ocrx_word' id='word_1_670' title='bbox 3561 3560 3652 3630; x_wconf 88' lang='grc' dir='ltr'><strong>λή-</strong></span> 
     </span>
    </p>
   </div>
   <div class='ocr_carea' id='block_1_95' title="bbox 2073 3655 2258 3726">
    <p class='ocr_par' dir='ltr' id='par_1_95' title="bbox 2073 3655 2258 3726">
     <span class='ocr_line' id='line_1_95' title="bbox 2073 3655 2258 3726; baseline 0.022 -17"><span class='ocrx_word' id='word_1_671' title='bbox 2073 3655 2258 3726; x_wconf 70' lang='grc' dir='ltr'>ψεται-.</span> 
     </span>
    </p>
   </div>
   <div class='ocr_carea' id='block_1_96' title="bbox 2148 3746 3654 3822">
    <p class='ocr_par' dir='ltr' id='par_1_96' title="bbox 2148 3746 3654 3822">
     <span class='ocr_line' id='line_1_96' title="bbox 2148 3746 3654 3822; baseline -0.005 -18"><span class='ocrx_word' id='word_1_672' title='bbox 2148 3752 2259 3804; x_wconf 75' lang='grc' dir='ltr'>Καὶ</span> <span class='ocrx_word' id='word_1_673' title='bbox 2288 3753 2321 3822; x_wconf 84' lang='grc' dir='ltr'>ἡ</span> <span class='ocrx_word' id='word_1_674' title='bbox 2347 3750 2390 3821; x_wconf 81' lang='grc' dir='ltr'>β’</span> <span class='ocrx_word' id='word_1_675' title='bbox 2419 3752 2560 3806; x_wconf 85' lang='grc' dir='ltr'>διάτ.</span> <span class='ocrx_word' id='word_1_676' title='bbox 2587 3751 2680 3804; x_wconf 78' lang='grc' dir='ltr'>τοῦ</span> <span class='ocrx_word' id='word_1_677' title='bbox 2719 3750 2883 3804; x_wconf 78' lang='grc' dir='ltr'>αὐτοῦ</span> <span class='ocrx_word' id='word_1_678' title='bbox 2905 3749 3035 3814; x_wconf 86' lang='grc' dir='ltr'>τίτ.,</span> <span class='ocrx_word' id='word_1_679' title='bbox 3069 3750 3152 3804; x_wconf 81' lang='grc' dir='ltr'><strong>ὅτι</strong></span> <span class='ocrx_word' id='word_1_680' title='bbox 3182 3751 3280 3805; x_wconf 82' lang='grc' dir='ltr'>ἐὰν</span> <span class='ocrx_word' id='word_1_681' title='bbox 3315 3746 3654 3818; x_wconf 79' lang='grc' dir='ltr'>βουλευτὴςῆ</span> 
     </span>
    </p>
   </div>
   <div class='ocr_carea' id='block_1_97' title="bbox 2077 3837 3653 3913">
    <p class='ocr_par' dir='ltr' id='par_1_97' title="bbox 2077 3837 3653 3913">
     <span class='ocr_line' id='line_1_97' title="bbox 2077 3837 3653 3913; baseline -0.003 -18"><span class='ocrx_word' id='word_1_682' title='bbox 2077 3842 2381 3912; x_wconf 83' lang='grc' dir='ltr'>ταξεὼτης,</span> <span class='ocrx_word' id='word_1_683' title='bbox 2415 3845 2507 3896; x_wconf 78' lang='grc' dir='ltr'><strong>ἐπὶ</strong></span> <span class='ocrx_word' id='word_1_684' title='bbox 2569 3840 2630 3896; x_wconf 88' lang='grc' dir='ltr'>ιε’</span> <span class='ocrx_word' id='word_1_685' title='bbox 2686 3843 2926 3912; x_wconf 84' lang='grc' dir='ltr'>μονάσας</span> <span class='ocrx_word' id='word_1_686' title='bbox 2981 3842 3074 3913; x_wconf 77' lang='grc' dir='ltr'>ἔτη</span> <span class='ocrx_word' id='word_1_687' title='bbox 3115 3843 3350 3912; x_wconf 83' lang='grc' dir='ltr'>γένηται</span> <span class='ocrx_word' id='word_1_688' title='bbox 3379 3837 3653 3912; x_wconf 82' lang='grc' dir='ltr'>κληρικὸς,</span> 
     </span>
    </p>
   </div>
   <div class='ocr_carea' id='block_1_98' title="bbox 2076 3927 3655 4004">
    <p class='ocr_par' dir='ltr' id='par_1_98' title="bbox 2076 3927 3655 4004">
     <span class='ocr_line' id='line_1_98' title="bbox 2076 3927 3655 4004; baseline -0.003 -20"><span class='ocrx_word' id='word_1_689' title='bbox 2076 3929 2196 3986; x_wconf 72' lang='grc' dir='ltr'>εἶτα</span> <span class='ocrx_word' id='word_1_690' title='bbox 2225 3934 2474 4004; x_wconf 77' lang='grc' dir='ltr'>γαμήσῃ,</span> <span class='ocrx_word' id='word_1_691' title='bbox 2519 3932 2830 3986; x_wconf 79' lang='grc' dir='ltr'>ἀποδίδοται</span> <span class='ocrx_word' id='word_1_692' title='bbox 2870 3935 2936 4003; x_wconf 81' lang='grc' dir='ltr'>τῇ</span> <span class='ocrx_word' id='word_1_693' title='bbox 2992 3932 3098 4002; x_wconf 68' lang='grc' dir='ltr'>ἰδίᾳ</span> <span class='ocrx_word' id='word_1_694' title='bbox 3136 3933 3303 4003; x_wconf 85' lang='grc' dir='ltr'>τύχῃ·</span> <span class='ocrx_word' id='word_1_695' title='bbox 3340 3933 3407 3984; x_wconf 81' lang='grc' dir='ltr'><strong>τά</strong></span> <span class='ocrx_word' id='word_1_696' title='bbox 3434 3930 3571 3985; x_wconf 78' lang='grc' dir='ltr'>αὑτά</span> <span class='ocrx_word' id='word_1_697' title='bbox 3603 3927 3655 3980; x_wconf 75' lang='grc' dir='ltr'>δὲ</span> 
     </span>
    </p>
   </div>
   <div class='ocr_carea' id='block_1_99' title="bbox 2077 4021 3654 4096">
    <p class='ocr_par' dir='ltr' id='par_1_99' title="bbox 2077 4021 3654 4096">
     <span class='ocr_line' id='line_1_99' title="bbox 2077 4021 3654 4096; baseline -0.003 -20"><span class='ocrx_word' id='word_1_698' title='bbox 2077 4024 2172 4077; x_wconf 71' lang='grc' dir='ltr'><strong>καὶ</strong></span> <span class='ocrx_word' id='word_1_699' title='bbox 2207 4025 2333 4096; x_wconf 71' lang='grc' dir='ltr'>περὶ</span> <span class='ocrx_word' id='word_1_700' title='bbox 2385 4025 2495 4077; x_wconf 83' lang='grc' dir='ltr'><strong>τῶν</strong></span> <span class='ocrx_word' id='word_1_701' title='bbox 2529 4024 2703 4079; x_wconf 83' lang='grc' dir='ltr'>ἄλλων</span> <span class='ocrx_word' id='word_1_702' title='bbox 2764 4023 3043 4094; x_wconf 86' lang='grc' dir='ltr'>κληρικῶν</span> <span class='ocrx_word' id='word_1_703' title='bbox 3087 4025 3198 4078; x_wconf 81' lang='grc' dir='ltr'>τῶν</span> <span class='ocrx_word' id='word_1_704' title='bbox 3229 4024 3342 4078; x_wconf 80' lang='grc' dir='ltr'>ἀπὸ</span> <span class='ocrx_word' id='word_1_705' title='bbox 3390 4021 3654 4094; x_wconf 86' lang='grc' dir='ltr'>μοναχῶν,</span> 
     </span>
    </p>
   </div>
   <div class='ocr_carea' id='block_1_100' title="bbox 2076 4112 3658 4186">
    <p class='ocr_par' dir='ltr' id='par_1_100' title="bbox 2076 4112 3658 4186">
     <span class='ocr_line' id='line_1_100' title="bbox 2076 4112 3658 4186; baseline -0.002 -19"><span class='ocrx_word' id='word_1_706' title='bbox 2076 4115 2179 4167; x_wconf 83' lang='grc' dir='ltr'>κᾶν</span> <span class='ocrx_word' id='word_1_707' title='bbox 2206 4115 2280 4185; x_wconf 82' lang='grc' dir='ltr'>μὴ</span> <span class='ocrx_word' id='word_1_708' title='bbox 2323 4116 2580 4182; x_wconf 82' lang='grc' dir='ltr'>γεγόνασι</span> <span class='ocrx_word' id='word_1_709' title='bbox 2617 4116 2900 4186; x_wconf 79' lang='grc' dir='ltr'>βουλευταὶ</span> <span class='ocrx_word' id='word_1_710' title='bbox 2946 4115 2979 4184; x_wconf 81' lang='grc' dir='ltr'>ἢ</span> <span class='ocrx_word' id='word_1_711' title='bbox 3036 4113 3340 4179; x_wconf 79' lang='grc' dir='ltr'>ταξεῶται·</span> <span class='ocrx_word' id='word_1_712' title='bbox 3397 4115 3490 4168; x_wconf 72' lang='grc' dir='ltr'><strong>καὶ</strong></span> <span class='ocrx_word' id='word_1_713' title='bbox 3517 4114 3597 4167; x_wconf 83' lang='grc' dir='ltr'>ὅτι</span> <span class='ocrx_word' id='word_1_714' title='bbox 3631 4112 3658 4164; x_wconf 83' lang='grc' dir='ltr'>ὁ</span> 
     </span>
    </p>
   </div>
   <div class='ocr_carea' id='block_1_101' title="bbox 2075 4203 3658 4277">
    <p class='ocr_par' dir='ltr' id='par_1_101' title="bbox 2075 4203 3658 4277">
     <span class='ocr_line' id='line_1_101' title="bbox 2075 4203 3658 4277; baseline 0.004 -21"><span class='ocrx_word' id='word_1_715' title='bbox 2075 4205 2395 4274; x_wconf 83' lang='grc' dir='ltr'>χειροτονῶν</span> <span class='ocrx_word' id='word_1_716' title='bbox 2418 4206 2653 4274; x_wconf 78' lang='grc' dir='ltr'>ἄγαμον,</span> <span class='ocrx_word' id='word_1_717' title='bbox 2680 4206 2940 4277; x_wconf 80' lang='grc' dir='ltr'>ἐρωτάτω</span> <span class='ocrx_word' id='word_1_718' title='bbox 2965 4205 3128 4258; x_wconf 76' lang='grc' dir='ltr'>αὑτὸν</span> <span class='ocrx_word' id='word_1_719' title='bbox 3157 4207 3206 4258; x_wconf 88' lang='grc' dir='ltr'>εἰ</span> <span class='ocrx_word' id='word_1_720' title='bbox 3227 4206 3455 4260; x_wconf 90' lang='grc' dir='ltr'>δύναται</span> <span class='ocrx_word' id='word_1_721' title='bbox 3495 4203 3658 4274; x_wconf 78' lang='grc' dir='ltr'>χωρὶς</span> 
     </span>
    </p>
   </div>
   <div class='ocr_carea' id='block_1_102' title="bbox 2074 4292 3659 4368">
    <p class='ocr_par' dir='ltr' id='par_1_102' title="bbox 2074 4292 3659 4368">
     <span class='ocr_line' id='line_1_102' title="bbox 2074 4292 3659 4368; baseline -0.008 -12"><span class='ocrx_word' id='word_1_722' title='bbox 2074 4295 2305 4365; x_wconf 79' lang='grc' dir='ltr'>νομίμου</span> <span class='ocrx_word' id='word_1_723' title='bbox 2333 4297 2578 4365; x_wconf 79' lang='grc' dir='ltr'>γαμετῆς</span> <span class='ocrx_word' id='word_1_724' title='bbox 2615 4297 2826 4366; x_wconf 80' lang='grc' dir='ltr'>σεμνῶς</span> <span class='ocrx_word' id='word_1_725' title='bbox 2868 4296 3018 4367; x_wconf 81' lang='grc' dir='ltr'>βιοῦν</span> <span class='ocrx_word' id='word_1_726' title='bbox 3039 4312 3054 4330; x_wconf 90' lang='grc'><strong>·</strong></span> <span class='ocrx_word' id='word_1_727' title='bbox 3089 4299 3117 4350; x_wconf 83' lang='grc' dir='ltr'>ὁ</span> <span class='ocrx_word' id='word_1_728' title='bbox 3167 4297 3224 4349; x_wconf 83' lang='grc' dir='ltr'>δὲ</span> <span class='ocrx_word' id='word_1_729' title='bbox 3247 4297 3328 4368; x_wconf 78' lang='grc' dir='ltr'>τῷ</span> <span class='ocrx_word' id='word_1_730' title='bbox 3350 4296 3527 4368; x_wconf 85' lang='grc' dir='ltr'>καιρῴ</span> <span class='ocrx_word' id='word_1_731' title='bbox 3562 4292 3659 4362; x_wconf 82' lang='grc' dir='ltr'><strong>τῆς</strong></span> 
     </span>
    </p>
   </div>
   <div class='ocr_carea' id='block_1_103' title="bbox 2075 4385 3662 4461">
    <p class='ocr_par' dir='ltr' id='par_1_103' title="bbox 2075 4385 3662 4461">
     <span class='ocr_line' id='line_1_103' title="bbox 2075 4385 3662 4461; baseline 0.001 -22"><span class='ocrx_word' id='word_1_732' title='bbox 2075 4389 2410 4459; x_wconf 83' lang='grc' dir='ltr'>χειροτονίας</span> <span class='ocrx_word' id='word_1_733' title='bbox 2442 4390 2751 4460; x_wconf 83' lang='grc' dir='ltr'>ἐπιτρέπων</span> <span class='ocrx_word' id='word_1_734' title='bbox 2775 4389 3008 4459; x_wconf 79' lang='grc' dir='ltr'>διακόνῳ</span> <span class='ocrx_word' id='word_1_735' title='bbox 3036 4390 3069 4461; x_wconf 75' lang='grc' dir='ltr'><strong>ἢ</strong></span> <span class='ocrx_word' id='word_1_736' title='bbox 3104 4391 3451 4460; x_wconf 71' lang='grc' dir='ltr'>ὑποδιακόνῳ</span> <span class='ocrx_word' id='word_1_737' title='bbox 3483 4385 3662 4455; x_wconf 80' lang='grc' dir='ltr'>γαμῆ-</span> 
     </span>
    </p>
   </div>
   <div class='ocr_carea' id='block_1_104' title="bbox 2081 4479 3657 4551">
    <p class='ocr_par' dir='ltr' id='par_1_104' title="bbox 2081 4479 3657 4551">
     <span class='ocr_line' id='line_1_104' title="bbox 2081 4479 3657 4551; baseline -0.003 -19"><span class='ocrx_word' id='word_1_738' title='bbox 2081 4497 2170 4532; x_wconf 87' lang='grc' dir='ltr'><strong>σαι</strong></span> <span class='ocrx_word' id='word_1_739' title='bbox 2203 4480 2342 4549; x_wconf 86' lang='grc' dir='ltr'>μετὰ</span> <span class='ocrx_word' id='word_1_740' title='bbox 2357 4481 2455 4551; x_wconf 80' lang='grc' dir='ltr'><strong>τὴν</strong></span> <span class='ocrx_word' id='word_1_741' title='bbox 2482 4481 2836 4551; x_wconf 86' lang='grc' dir='ltr'>χειροτονίαν,</span> <span class='ocrx_word' id='word_1_742' title='bbox 2861 4481 2958 4550; x_wconf 80' lang='grc' dir='ltr'>τῆς</span> <span class='ocrx_word' id='word_1_743' title='bbox 2982 4481 3292 4550; x_wconf 82' lang='grc' dir='ltr'>ἐπισκοπῆς</span> <span class='ocrx_word' id='word_1_744' title='bbox 3315 4479 3657 4534; x_wconf 86' lang='grc' dir='ltr'>ἐκϐάλλεται·</span> 
     </span>
    </p>
   </div>
   <div class='ocr_carea' id='block_1_105' title="bbox 2077 4569 3658 4644">
    <p class='ocr_par' dir='ltr' id='par_1_105' title="bbox 2077 4569 3658 4644">
     <span class='ocr_line' id='line_1_105' title="bbox 2077 4569 3658 4644; baseline -0.003 -20"><span class='ocrx_word' id='word_1_745' title='bbox 2077 4573 2470 4644; x_wconf 81' lang='grc' dir='ltr'>πρεσϐύτερος,</span> <span class='ocrx_word' id='word_1_746' title='bbox 2499 4574 2532 4644; x_wconf 85' lang='grc' dir='ltr'>ἢ</span> <span class='ocrx_word' id='word_1_747' title='bbox 2565 4573 2830 4638; x_wconf 81' lang='grc' dir='ltr'>διάκονος,</span> <span class='ocrx_word' id='word_1_748' title='bbox 2880 4573 2913 4644; x_wconf 83' lang='grc' dir='ltr'><strong>ἢ</strong></span> <span class='ocrx_word' id='word_1_749' title='bbox 2961 4573 3337 4639; x_wconf 77' lang='grc' dir='ltr'>ύποδιὰκονος,</span> <span class='ocrx_word' id='word_1_750' title='bbox 3398 4572 3536 4643; x_wconf 83' lang='grc' dir='ltr'>μετὰ</span> <span class='ocrx_word' id='word_1_751' title='bbox 3564 4569 3658 4639; x_wconf 82' lang='grc' dir='ltr'>τὴν</span> 
     </span>
    </p>
   </div>
   <div class='ocr_carea' id='block_1_106' title="bbox 2077 4659 3658 4736">
    <p class='ocr_par' dir='ltr' id='par_1_106' title="bbox 2077 4659 3658 4736">
     <span class='ocr_line' id='line_1_106' title="bbox 2077 4659 3658 4736; baseline -0.003 -19"><span class='ocrx_word' id='word_1_752' title='bbox 2077 4666 2412 4734; x_wconf 88' lang='grc' dir='ltr'>χειροτονίαν</span> <span class='ocrx_word' id='word_1_753' title='bbox 2441 4666 2634 4736; x_wconf 85' lang='grc' dir='ltr'>γαμῶν</span> <span class='ocrx_word' id='word_1_754' title='bbox 2665 4666 2984 4720; x_wconf 85' lang='grc' dir='ltr'>ἐκϐάλλεται</span> <span class='ocrx_word' id='word_1_755' title='bbox 3007 4666 3099 4720; x_wconf 83' lang='grc' dir='ltr'>τοῦ</span> <span class='ocrx_word' id='word_1_756' title='bbox 3129 4667 3361 4736; x_wconf 82' lang='grc' dir='ltr'>κλήρου,</span> <span class='ocrx_word' id='word_1_757' title='bbox 3394 4665 3486 4718; x_wconf 77' lang='grc' dir='ltr'>καὶ</span> <span class='ocrx_word' id='word_1_758' title='bbox 3524 4659 3658 4731; x_wconf 75' lang='grc' dir='ltr'>μετὰ</span> 
     </span>
    </p>
   </div>
   <div class='ocr_carea' id='block_1_107' title="bbox 2078 4755 3658 4828">
    <p class='ocr_par' dir='ltr' id='par_1_107' title="bbox 2078 4755 3658 4828">
     <span class='ocr_line' id='line_1_107' title="bbox 2078 4755 3658 4828; baseline -0.002 -20"><span class='ocrx_word' id='word_1_759' title='bbox 2078 4756 2185 4809; x_wconf 84' lang='grc' dir='ltr'>τῶν</span> <span class='ocrx_word' id='word_1_760' title='bbox 2220 4756 2385 4809; x_wconf 78' lang='grc' dir='ltr'>αὑτοῦ</span> <span class='ocrx_word' id='word_1_761' title='bbox 2419 4757 2762 4826; x_wconf 85' lang='grc' dir='ltr'>πραγμάτων</span> <span class='ocrx_word' id='word_1_762' title='bbox 2790 4757 2992 4810; x_wconf 84' lang='grc' dir='ltr'>δίδοται</span> <span class='ocrx_word' id='word_1_763' title='bbox 3025 4759 3092 4828; x_wconf 85' lang='grc' dir='ltr'>τῇ</span> <span class='ocrx_word' id='word_1_764' title='bbox 3125 4757 3293 4828; x_wconf 85' lang='grc' dir='ltr'>βουλῇ</span> <span class='ocrx_word' id='word_1_765' title='bbox 3324 4755 3426 4826; x_wconf 85' lang='grc' dir='ltr'><strong>τῆς</strong></span> <span class='ocrx_word' id='word_1_766' title='bbox 3454 4755 3658 4815; x_wconf 85' lang='grc' dir='ltr'>πόλεως</span> 
     </span>
    </p>
   </div>
   <div class='ocr_carea' id='block_1_108' title="bbox 2077 4842 3658 4921">
    <p class='ocr_par' dir='ltr' id='par_1_108' title="bbox 2077 4842 3658 4921">
     <span class='ocr_line' id='line_1_108' title="bbox 2077 4842 3658 4921; baseline 0.003 -21"><span class='ocrx_word' id='word_1_767' title='bbox 2077 4842 2200 4921; x_wconf 80' lang='grc' dir='ltr'>ἐνῇ</span> <span class='ocrx_word' id='word_1_768' title='bbox 2262 4849 2522 4920; x_wconf 79' lang='grc' dir='ltr'>κληρικὸς</span> <span class='ocrx_word' id='word_1_769' title='bbox 2548 4846 2650 4920; x_wconf 79' lang='grc' dir='ltr'>ἦν·</span> <span class='ocrx_word' id='word_1_770' title='bbox 2711 4849 3125 4920; x_wconf 82' lang='grc' dir='ltr'>δευτερογαμὼν</span> <span class='ocrx_word' id='word_1_771' title='bbox 3177 4849 3234 4901; x_wconf 85' lang='grc' dir='ltr'><strong>δέ</strong></span> <span class='ocrx_word' id='word_1_772' title='bbox 3280 4845 3658 4916; x_wconf 73' lang='grc' dir='ltr'>ἁναγνώστηςς</span> 
     </span>
    </p>
   </div>
   <div class='ocr_carea' id='block_1_109' title="bbox 2077 4934 3660 5010">
    <p class='ocr_par' dir='ltr' id='par_1_109' title="bbox 2077 4934 3660 5010">
     <span class='ocr_line' id='line_1_109' title="bbox 2077 4934 3660 5010; baseline -0.004 -16"><span class='ocrx_word' id='word_1_773' title='bbox 2077 4939 2110 5009; x_wconf 85' lang='grc' dir='ltr'>ἢ</span> <span class='ocrx_word' id='word_1_774' title='bbox 2144 4942 2318 5010; x_wconf 84' lang='grc' dir='ltr'>χήραν</span> <span class='ocrx_word' id='word_1_775' title='bbox 2368 4940 2400 5010; x_wconf 79' lang='grc' dir='ltr'>ἢ</span> <span class='ocrx_word' id='word_1_776' title='bbox 2427 4938 2813 5010; x_wconf 84' lang='grc' dir='ltr'>διεξευγμένην</span> <span class='ocrx_word' id='word_1_777' title='bbox 2861 4938 3169 5010; x_wconf 86' lang='grc' dir='ltr'>λαμϐάνων,</span> <span class='ocrx_word' id='word_1_778' title='bbox 3202 4937 3237 5009; x_wconf 82' lang='grc' dir='ltr'>ἢ</span> <span class='ocrx_word' id='word_1_779' title='bbox 3269 4939 3387 5001; x_wconf 90' lang='grc' dir='ltr'>τοῖς</span> <span class='ocrx_word' id='word_1_780' title='bbox 3416 4937 3602 5006; x_wconf 83' lang='grc' dir='ltr'>νόμοις</span> <span class='ocrx_word' id='word_1_781' title='bbox 3629 4934 3660 5001; x_wconf 82' lang='grc' dir='ltr'><strong>ἣ</strong></span> 
     </span>
    </p>
   </div>
   <div class='ocr_carea' id='block_1_110' title="bbox 2077 5025 3665 5102">
    <p class='ocr_par' dir='ltr' id='par_1_110' title="bbox 2077 5025 3665 5102">
     <span class='ocr_line' id='line_1_110' title="bbox 2077 5025 3665 5102; baseline -0.003 -21"><span class='ocrx_word' id='word_1_782' title='bbox 2077 5033 2188 5092; x_wconf 89' lang='grc' dir='ltr'>τοῖς</span> <span class='ocrx_word' id='word_1_783' title='bbox 2215 5030 2434 5083; x_wconf 86' lang='grc' dir='ltr'>κανόσιν</span> <span class='ocrx_word' id='word_1_784' title='bbox 2481 5032 2962 5102; x_wconf 85' lang='grc' dir='ltr'>ἀπηγορευμένην,</span> <span class='ocrx_word' id='word_1_785' title='bbox 3006 5032 3084 5093; x_wconf 76' lang='grc' dir='ltr'>εἰς</span> <span class='ocrx_word' id='word_1_786' title='bbox 3123 5029 3282 5082; x_wconf 84' lang='grc' dir='ltr'>ἄλλον</span> <span class='ocrx_word' id='word_1_787' title='bbox 3323 5028 3402 5099; x_wconf 83' lang='grc' dir='ltr'><strong>μὴ</strong></span> <span class='ocrx_word' id='word_1_788' title='bbox 3441 5025 3665 5098; x_wconf 82' lang='grc' dir='ltr'>προϐαι-</span> 
     </span>
    </p>
   </div>
   <div class='ocr_carea' id='block_1_111' title="bbox 2079 5116 3665 5193">
    <p class='ocr_par' dir='ltr' id='par_1_111' title="bbox 2079 5116 3665 5193">
     <span class='ocr_line' id='line_1_111' title="bbox 2079 5116 3665 5193; baseline -0.001 -21"><span class='ocrx_word' id='word_1_789' title='bbox 2079 5123 2220 5174; x_wconf 86' lang='grc' dir='ltr'><strong>νέτω</strong></span> <span class='ocrx_word' id='word_1_790' title='bbox 2250 5121 2479 5192; x_wconf 82' lang='grc' dir='ltr'>βαθμὸν,</span> <span class='ocrx_word' id='word_1_791' title='bbox 2513 5121 2649 5175; x_wconf 81' lang='grc' dir='ltr'>ἀλλὰ</span> <span class='ocrx_word' id='word_1_792' title='bbox 2695 5123 2790 5175; x_wconf 75' lang='grc' dir='ltr'>καὶ</span> <span class='ocrx_word' id='word_1_793' title='bbox 2830 5121 3040 5193; x_wconf 84' lang='grc' dir='ltr'>προϐὰς</span> <span class='ocrx_word' id='word_1_794' title='bbox 3087 5119 3530 5175; x_wconf 83' lang='grc' dir='ltr'>ἀποκαθίσταται</span> <span class='ocrx_word' id='word_1_795' title='bbox 3588 5116 3665 5185; x_wconf 78' lang='grc' dir='ltr'><strong>τῷ</strong></span> 
     </span>
    </p>
   </div>
   <div class='ocr_carea' id='block_1_112' title="bbox 2078 5227 2350 5283">
    <p class='ocr_par' dir='ltr' id='par_1_112' title="bbox 2078 5227 2350 5283">
     <span class='ocr_line' id='line_1_112' title="bbox 2078 5227 2350 5283; baseline 0 -20"><span class='ocrx_word' id='word_1_796' title='bbox 2078 5227 2350 5283; x_wconf 82' lang='grc' dir='ltr'>προτερῳ.</span> 
     </span>
    </p>
   </div>
   <div class='ocr_carea' id='block_1_113' title="bbox 2149 5387 3658 5463">
    <p class='ocr_par' dir='ltr' id='par_1_113' title="bbox 2149 5387 3658 5463">
     <span class='ocr_line' id='line_1_113' title="bbox 2149 5387 3658 5463; baseline -0.001 -20"><span class='ocrx_word' id='word_1_797' title='bbox 2149 5391 2312 5458; x_wconf 83' lang='grc' dir='ltr'>Λέγει</span> <span class='ocrx_word' id='word_1_798' title='bbox 2343 5391 2400 5443; x_wconf 82' lang='grc' dir='ltr'>δὲ</span> <span class='ocrx_word' id='word_1_799' title='bbox 2430 5391 2512 5444; x_wconf 80' lang='grc' dir='ltr'>ὅτι</span> <span class='ocrx_word' id='word_1_800' title='bbox 2570 5392 2620 5444; x_wconf 84' lang='grc' dir='ltr'>οἱ</span> <span class='ocrx_word' id='word_1_801' title='bbox 2669 5391 3026 5463; x_wconf 77' lang='grc' dir='ltr'>ἀρπαζόντες,</span> <span class='ocrx_word' id='word_1_802' title='bbox 3084 5393 3116 5462; x_wconf 76' lang='grc' dir='ltr'>ἦ</span> <span class='ocrx_word' id='word_1_803' title='bbox 3147 5389 3600 5451; x_wconf 85' lang='grc' dir='ltr'>ύπονοθεύοντες,</span> <span class='ocrx_word' id='word_1_804' title='bbox 3628 5387 3658 5453; x_wconf 77' lang='grc' dir='ltr'>ἢ</span> 
     </span>
    </p>
   </div>
   <div class='ocr_carea' id='block_1_114' title="bbox 2078 5482 3660 5557">
    <p class='ocr_par' dir='ltr' id='par_1_114' title="bbox 2078 5482 3660 5557">
     <span class='ocr_line' id='line_1_114' title="bbox 2078 5482 3660 5557; baseline -0.003 -21"><span class='ocrx_word' id='word_1_805' title='bbox 2078 5483 2482 5555; x_wconf 74' lang='grc' dir='ltr'>διαφθείροντες</span> <span class='ocrx_word' id='word_1_806' title='bbox 2501 5485 2801 5557; x_wconf 80' lang='grc' dir='ltr'>ἀσκήτριαν</span> <span class='ocrx_word' id='word_1_807' title='bbox 2818 5485 2850 5556; x_wconf 81' lang='grc' dir='ltr'>ἢ</span> <span class='ocrx_word' id='word_1_808' title='bbox 2870 5483 3269 5554; x_wconf 74' lang='grc' dir='ltr'>μονάστριαν,ἣ</span> <span class='ocrx_word' id='word_1_809' title='bbox 3291 5482 3660 5539; x_wconf 73' lang='grc' dir='ltr'>διακύνισσαν,</span> 
     </span>
    </p>
   </div>
   <div class='ocr_carea' id='block_1_115' title="bbox 2078 5573 3658 5648">
    <p class='ocr_par' dir='ltr' id='par_1_115' title="bbox 2078 5573 3658 5648">
     <span class='ocr_line' id='line_1_115' title="bbox 2078 5573 3658 5648; baseline -0.004 -20"><span class='ocrx_word' id='word_1_810' title='bbox 2078 5573 2110 5644; x_wconf 77' lang='grc' dir='ltr'>ἦ</span> <span class='ocrx_word' id='word_1_811' title='bbox 2143 5574 2268 5628; x_wconf 83' lang='grc' dir='ltr'>ἄλλο</span> <span class='ocrx_word' id='word_1_812' title='bbox 2297 5575 2524 5639; x_wconf 77' lang='grc' dir='ltr'>εὐλαϐὲς</span> <span class='ocrx_word' id='word_1_813' title='bbox 2565 5575 2793 5646; x_wconf 75' lang='grc' dir='ltr'>ἔχουσαν</span> <span class='ocrx_word' id='word_1_814' title='bbox 2834 5577 3040 5648; x_wconf 76' lang='grc' dir='ltr'>σχῆμα,</span> <span class='ocrx_word' id='word_1_815' title='bbox 3070 5576 3164 5628; x_wconf 71' lang='grc' dir='ltr'>καὶ</span> <span class='ocrx_word' id='word_1_816' title='bbox 3190 5577 3241 5628; x_wconf 73' lang='lat' dir='ltr'><strong>ot</strong></span> <span class='ocrx_word' id='word_1_817' title='bbox 3276 5573 3658 5643; x_wconf 78' lang='grc' dir='ltr'>μετασχόντες,</span> 
     </span>
    </p>
   </div>
   <div class='ocr_carea' id='block_1_116' title="bbox 2079 5665 3658 5740">
    <p class='ocr_par' dir='ltr' id='par_1_116' title="bbox 2079 5665 3658 5740">
     <span class='ocr_line' id='line_1_116' title="bbox 2079 5665 3658 5740; baseline -0.004 -20"><span class='ocrx_word' id='word_1_818' title='bbox 2079 5667 2388 5735; x_wconf 81' lang='grc' dir='ltr'>κεφαλικῶς</span> <span class='ocrx_word' id='word_1_819' title='bbox 2414 5669 2801 5740; x_wconf 77' lang='grc' dir='ltr'>τιμωροῦνται,</span> <span class='ocrx_word' id='word_1_820' title='bbox 2852 5669 2945 5723; x_wconf 79' lang='grc' dir='ltr'>καὶ</span> <span class='ocrx_word' id='word_1_821' title='bbox 2970 5669 3037 5722; x_wconf 72' lang='grc' dir='ltr'>τὰ</span> <span class='ocrx_word' id='word_1_822' title='bbox 3063 5669 3369 5740; x_wconf 74' lang='grc' dir='ltr'>πράγματα</span> <span class='ocrx_word' id='word_1_823' title='bbox 3390 5665 3572 5721; x_wconf 74' lang='grc' dir='ltr'>αὐτῶν</span> <span class='ocrx_word' id='word_1_824' title='bbox 3597 5665 3658 5731; x_wconf 77' lang='grc' dir='ltr'>τῇ</span> 
     </span>
    </p>
   </div>
   <div class='ocr_carea' id='block_1_117' title="bbox 2092 5760 3658 5834">
    <p class='ocr_par' dir='ltr' id='par_1_117' title="bbox 2092 5760 3658 5834">
     <span class='ocr_line' id='line_1_117' title="bbox 2092 5760 3658 5834; baseline -0.006 -20"><span class='ocrx_word' id='word_1_825' title='bbox 2092 5760 2385 5831; x_wconf 74' lang='grc' dir='ltr'>Ἐκκλησία</span> <span class='ocrx_word' id='word_1_826' title='bbox 2414 5761 2444 5831; x_wconf 80' lang='grc' dir='ltr'>ἢ</span> <span class='ocrx_word' id='word_1_827' title='bbox 2482 5761 2557 5832; x_wconf 81' lang='grc' dir='ltr'>τῷ</span> <span class='ocrx_word' id='word_1_828' title='bbox 2588 5769 2933 5834; x_wconf 80' lang='grc' dir='ltr'>μοναστηρῐῳ</span> <span class='ocrx_word' id='word_1_829' title='bbox 2973 5763 3069 5833; x_wconf 77' lang='grc' dir='ltr'><strong>τῆς</strong></span> <span class='ocrx_word' id='word_1_830' title='bbox 3115 5761 3475 5831; x_wconf 80' lang='grc' dir='ltr'>ὑϐρισθείσης</span> <span class='ocrx_word' id='word_1_831' title='bbox 3509 5772 3658 5824; x_wconf 79' lang='grc' dir='ltr'>περι·</span> 
     </span>
    </p>
   </div>
  </div>
