3912 6244
286 193 382 254 785

1163 196 1561 259 SYNTAGMA
1598 166 1985 258 CANONUM.
2013 197 2161 260 TIT.
2190 196 2295 273 Ix,
2320 198 2478 260 CAP.
2502 200 2686 263 xxx.
2706 171 2734 199 ”

3447 202 3551 266 786
3590 212 3597 215 ’

289 306 563 361 ποιοῦνται
591 306 681 361 διὰ
709 305 805 360 τοῦ
830 306 1129 361 ἐπισκόπου
1188 309 1221 380 ἢ
1278 310 1373 363 τοῦ
1428 309 1714 381 οἰκονόμου
1764 309 1858 362 καὶ
1890 311 1917 368 ,Δ

2013 308 2261 381 nulieris]
2285 310 2530 366 ecclesia:
2552 320 2647 365 aut
2673 310 3005 366 monasterio
3042 324 3137 381 per
3176 325 3545 378 meonomum,

285 398 385 453 τῶν
416 398 699 469 ἀρχόντων
730 400 825 452 καὶ
880 400 989 453 τῶν
1021 400 1247 465 τάξεων·
1290 400 1431 471 αῦτη
1476 402 1533 455 δὲ
1569 402 1706 472 μετά
1756 401 1863 454 τῶν

284 494 452 561 αὐτῆς
518 492 887 563 πραγμάτων,
923 494 1273 565 μοναστηρίῳ
1321 494 1653 562 ἐμϐάλλεται
1686 496 1863 563 ἀσφα-

285 585 387 647 λῶς
418 585 882 655 φυλαχθησομένη
902 603 915 617 ·
954 588 1002 638 εί
1050 586 1106 638 δὲ
1154 586 1466 639 διακόνισσά
1493 587 1639 640 ἐστιν
1666 586 1865 657 ἔχουσα

284 676 546 745 νομίμους
598 677 814 741 παῖδας,
882 678 943 731 τὸ
998 678 1229 749 νόμιμον
1265 678 1429 750 μέρος
1454 677 1822 748 λαμϐάνουσιν
1850 694 1862 707 ·

285 772 330 822 εἰ
354 768 524 821 ssent
549 768 793 821 ἐνιαυτὸν
853 770 991 838 μετά
1045 771 1108 821 τὸ
1161 769 1471 838 γνωσθῆναι
1506 769 1565 822 τὸ
1590 768 1759 840 μῦσος
1790 769 1865 840 μὴ

285 861 634 930 ἐκδικὴσουσι
656 863 724 915 τά
750 861 1054 932 πράγματα
1085 864 1135 916 οἱ
1182 863 1398 929 εὐαγεῖς
1424 857 1583 925 οἶκοι,
1612 864 1640 916 ό
1676 862 1868 931 φίσκος

286 950 423 1004 αὖτά
452 949 749 1020 λαμϐάνει,
804 949 898 1002 τοῦ
949 949 1279 1019 ἀμελοῦντος
1313 948 1452 1004 αὐτὰ
1514 950 1868 1020 ἐκδικηθῆναι

285 1044 547 1113 ἄρχοντος
570 1041 1046 1111 ἀποζωννυμένου,
1090 1042 1183 1096 καὶ
1231 1040 1273 1094 ε’
1309 1041 1495 1112 λίτρας
1535 1044 1647 1104 τοῖς
1673 1041 1868 1112 πριὸά-

285 1150 395 1196 τοις
428 1152 627 1204 προστι
634 1152 718 1205 μω
724 1135 908 1204 μένου.

356 1318 617 1371 ΚΕΦΑΛ.
650 1320 730 1372 A'.
757 1348 825 1359 -ρ-
852 1318 991 1386 Περὶ
1046 1316 1162 1371 τῶν
1202 1317 1302 1371 ἐπὶ
1356 1318 1519 1389 γάμῳ
1579 1318 1869 1387 γυναῖκας

286 1408 697 1479 ἁρπαζόντων.

732 1504 780 1556 Ἀ
789 1504 1108 1556 ποστόλων
1137 1502 1339 1556 κανὼν
1374 1503 1469 1569 ξςν.

395 1595 461 1656 ζ’.
492 1593 559 1645 Εἴ
584 1611 669 1657 τις
696 1594 959 1664 παρθένον
981 1594 1351 1663 ἁμνήστευτον
1384 1593 1711 1663 βιασάμενος
1735 1594 1866 1663 ἔχει,

288 1704 419 1741 κ.τ.
463 1687 516 1739 λ.

551 1777 820 1831 Συνόδου
856 1777 1134 1847 Ἀγκύρας
1164 1778 1364 1831 κανὼν
1389 1785 1479 1843 ια’,
1520 1780 1617 1833 κε’.

364 1877 456 1925 ια’.
491 1870 605 1933 Τὰς
644 1868 1070 1941 μνηστευθείσας
1126 1868 1315 1939 κόρας,
1376 1872 1469 1921 καὶ
1532 1870 1671 1940 μετὰ
1707 1868 1882 1923 ταῦτα

291 1963 403 2015 ὑπὸ
471 1962 648 2015 ἄλλων
696 1962 1067 2032 ἀρπαγείσας,
1112 1961 1290 2026 ἔδοξεν
1346 1963 1689 2016 ἀποδίδοσθαι
1770 1965 1882 2025 τοῖς

294 2052 939 2123 προμνηστευσαμένοις,
999 2054 1047 2105 εί
1084 2054 1177 2105 καὶ
1235 2053 1357 2123 βίαν
1418 2052 1509 2105 ὑπ’
1553 2052 1733 2107 αὐτῶν
1779 2053 1883 2107 πά·

295 2145 465 2199 θοιεν.

372 2237 999 2307 κε’.Μνηστευσάμενός
1027 2255 1109 2301 τις
1172 2238 1363 2307 κόρην,
1419 2236 1773 2306 προσεφθάρη
1818 2239 1883 2307 τῇ

300 2328 509 2399 ἀδελφῇ
548 2329 739 2399 αὐτῆς,
776 2328 850 2391 ὡς
878 2330 969 2382 καὶ
995 2330 1330 2399 ὲπιφορῆσαι
1384 2328 1555 2404 αὑτήν
1580 2345 1591 2357 ·
1628 2327 1803 2398 ἔγημε
1830 2327 1886 2380 δὲ

301 2425 403 2493 τὴν
430 2425 676 2492 μνηστὴν
701 2423 840 2492 μετά
862 2424 1053 2485 ταῦτα,
1089 2425 1121 2493 ἡ
1153 2424 1210 2477 δὲ
1254 2424 1523 2494 φθαρεῖσα
1560 2424 1847 2494 ἀπήγξατο
1869 2439 1883 2453 ·

302 2518 354 2569 οἱ
390 2515 697 2579 συνειδότες
751 2515 1153 2585 ἐκελεύσθησαν
1198 2517 1254 2568 ἐν
1312 2516 1569 2587 δεκαετίᾳ
1625 2515 1887 2586 δεχθῆναι

305 2610 389 2669 εἰς
434 2609 564 2671 τοὺς
606 2608 965 2671 συνεστῶτας,
1010 2608 1151 2661 κατὰ
1192 2609 1320 2672 τοὺς
1372 2607 1711 2679 ὡρισμένους
1790 2608 1888 2677 βα-

310 2695 506 2765 θμοῦς.

600 2793 643 2843 Σ
646 2790 865 2844 υνόδου
882 2791 1265 2859 Χαλκηδόνος
1278 2790 1483 2844 κανὼν
1504 2791 1605 2855 κζ’.

385 2883 489 2946 κζ’.
548 2883 687 2945 Τοὺς
723 2884 1062 2952 ἁρπάζοντας
1094 2886 1379 2945 γυναῖκας,
1407 2899 1462 2935 κ.
1499 2900 1550 2935 τ.
1586 2882 1635 2935 λ.

447 2975 719 3030 Συνόδου
776 2974 1192 3045 οὶκουμενικῆς
1223 2976 1400 3043 ἕκτης
1422 2974 1623 3028 κανὼν
1649 2974 1755 3045 ιιβν.

385 3066 491 3136 ιβ’.
521 3067 661 3129 Τοὺς
700 3067 1045 3135 ἁρπάζοντας
1076 3069 1342 3135 γυναῖκας
1375 3065 1461 3120 ἐπ’
1500 3068 1725 3137 ὀνόματι
1772 3084 1896 3120 συν-

318 3160 576 3224 οικεσίου,
622 3159 655 3228 ἢ
700 3158 1172 3228 συμπράττοντας,
1226 3160 1256 3229 ἢ
1328 3158 1754 3229 συναιρομένους
1784 3161 1896 3221 τοῖς

322 3252 684 3321 ἁρπάζουσιν,
717 3252 915 3321 ὥρισεν
966 3252 999 3319 η
1034 3250 1163 3317 ἁγία
1222 3250 1460 3315 σύνοδος.
1502 3253 1550 3303 εί
1583 3251 1679 3320 μὲν
1704 3252 1895 3321 κληριο

322 3346 405 3396 κοὶ
436 3340 567 3405 εἷεν,
605 3343 893 3399 ἐκπίπτειν
919 3343 1013 3397 τοῦ
1042 3344 1243 3396 οἰκείου
1278 3342 1508 3414 βαθμοῦ·
1535 3344 1583 3395 εί
1611 3344 1666 3397 δὲ
1695 3344 1894 3408 λαῖκοὶ,

321 3434 838 3505 ἀναθεματίζεσθαι.

431 3527 729 3594 Θεοφίλου
751 3525 819 3579 ἐκ
866 3526 971 3579 τοῦ
990 3522 1467 3596 Ὺπομνηστικοῦ
1499 3526 1698 3579 κανὼν
1726 3526 1791 3596 β’.

397 3620 461 3691 β’.
489 3622 629 3689 Περὶ
677 3620 886 3691 Βήστου
930 3621 1296 3682 καταστάντος
1331 3621 1387 3671 ἐν
1432 3618 1626 3690 Ἐρέϐῃ
1672 3620 1905 3688 πρεσϐυο

329 3716 489 3785 τέρου
557 3713 840 3782 ζητητέον.
915 3714 1008 3765 καὶ
1065 3714 1112 3765 εί
1174 3712 1271 3781 μὲν
1324 3710 1747 3781 ἀποταξαμένην
1783 3714 1903 3765 τινὰ

334 3806 532 3869 ζῶντος
570 3805 663 3859 τοῦ
698 3806 889 3875 ἀνδρὸς
923 3805 1201 3868 ἐϐιάσατο,
1238 3804 1311 3874 μὴ
1358 3804 1746 3872 συγχωρείσθω
1770 3802 1907 3859 εἶναι

334 3898 726 3970 πρεσϐύτερος·
755 3899 887 3951 ὅπου
924 3916 986 3966 γε
1034 3897 1156 3951 οὺδέ
1186 3897 1261 3959 ὡς
1305 3896 1489 3958 λαῖκδς
1519 3897 1722 3963 ὀφείλει
1780 3916 1908 3951 συν-

336 3991 584 4058 άγεσθαι,
639 3991 739 4058 τῆς
795 3987 1121 4057 Ἐκκλησίας
1152 3985 1408 4049 εἰωθυίας
1458 3988 1583 4049 τοὺς
1634 3986 1909 4049 τοιούτους

338 4082 609 4150 χωρίζειν·
666 4081 724 4132 οῦ
752 4080 907 4149 φέρει
938 4082 1043 4150 γὰρ
1075 4079 1231 4132 τοῦτο
1269 4078 1552 4147 πρόκριμα
1580 4077 1654 4147 τῷ
1684 4079 1911 4131 ἐπισκό-

340 4171 753 4241 πῳἈπόλλωνι,
786 4172 834 4221 εί
866 4169 924 4235 ἐξ
976 4171 1194 4237 ἀγνοίας
1250 4170 1411 4222 αὑτὸν
1460 4170 1911 4241 κατέστησε,τῆς

341 4264 497 4330 ἁγίας
522 4262 743 4315 συνόδου
794 4262 1127 4332 κελευσάσης
1182 4264 1306 4327 τοὺς
1356 4266 1610 4329 ἀναξίους
1648 4265 1785 4334 μετὰ
1813 4264 1911 4333 τὴν

342 4355 672 4425 χειροτονίαν
722 4354 1112 4426 ἐλεγχομένους
1156 4357 1248 4409 ἐπὶ
1302 4358 1647 4428 ἐγκλήμασιν
1702 4357 1907 4411 ἐκϐάλ-
1938 4336 1990 4394 1)

342 4448 546 4503 λετθαι.

410 4544 557 4613 Βιβλ.
590 4543 793 4603 α’,ιτίτ.
817 4550 888 4612 γ’,
916 4543 1057 4598 διάτ.
1085 4551 1145 4608 ε’,
1196 4545 1291 4598 ἐάν
1317 4563 1398 4608 τις
1429 4546 1670 4617 ἁρπάσῃ,
1696 4545 1726 4615 ἢ
1754 4546 1912 4615 μόνον
1998 4562 2005 4572 ’

343 4637 572 4706 πειραθῇ
612 4634 795 4687 λαϐεῖν
826 4635 1074 4705 γαμετὴν
1118 4636 1388 4706 παρθένον
1457 4636 1627 4705 ἱερὰν,
1688 4635 1913 4704 κεφάλι-

344 4728 449 4790 κῶς
488 4728 831 4796 τιμωρεῖται·
896 4727 988 4779 καὶ
1038 4726 1179 4780 διάτ.
1209 4732 1286 4795 νγ¹
1316 4725 1407 4779 τοῦ
1456 4726 1620 4778 αὐτοῦ
1644 4726 1772 4791 τίτ.,
1804 4726 1915 4788 τοῖς

344 4819 585 4889 γονεῦσι,
624 4820 721 4871 καὶ
763 4821 879 4883 τοῖς
942 4819 1210 4888 ἀδελφοῖς,
1250 4819 1477 4881 καὶτοῖς
1521 4820 1781 4889 κηδεμόσι
1812 4818 1917 4870 τῶν

348 4914 652 4985 παρθένων,
688 4914 779 4965 καὶ
806 4912 1181 4974 διακονισσῶν,
1243 4914 1338 4965 καὶ
1383 4912 1491 4966 τῶν
1520 4911 1819 4981 ἀνειμένων
1844 4910 1920 4980 τῷ

348 5006 462 5076 θεῷ
488 5006 697 5077 χηρῶν,
731 5004 905 5069 ἔξεστι
954 5007 1078 5067 τοὺς
1137 5006 1393 5074 ἅρπαγας
1438 5004 1638 5072 αὐτῶν,
1671 5008 1764 5059 καὶ
1794 5006 1922 5068 τοὺς

351 5102 404 5149 ἐν
436 5095 613 5166 καιρῷ
640 5098 738 5164 τῆς
768 5097 957 5165 ἐφόδου
1015 5096 1346 5166 βοηθοῦντας
1406 5098 1611 5161 αὐτοῖς,
1649 5098 1735 5149 ἐπ’
1763 5098 1921 5150 αὑτο-

352 5189 515 5261 φώρῳ
544 5190 814 5258 φονεύειν·
848 5192 895 5242 εἰ
930 5190 985 5241 δὲ
1014 5189 1373 5258 διαφύγωσιν,
1421 5190 1780 5262 ἀναζητοῦσιν
1808 5191 1923 5257 έαὺ-

352 5284 495 5347 τοὺς,
527 5284 586 5335 ἐν
633 5283 1201 5336 Κωνσταντινουπόλει
1255 5283 1350 5353 μὲν
1403 5284 1453 5335 οἱ
1490 5284 1724 5354 ὕπαρχοι
1753 5284 1841 5335 καὶ
1897 5285 1923 5334 ὁ

357 5378 613 5447 ἔπαρχος,
647 5379 703 5429 ἐν
731 5378 787 5429 δέ
814 5383 930 5439 ταῖς
961 5376 1271 5446 ἐπαρχίαις,
1325 5378 1526 5440 πάντες
1552 5380 1601 5429 οἱ
1646 5377 1924 5447 ἄρχοντεςν

360 5471 621 5525 πολιτικοί
674 5487 732 5522 τε
765 5471 855 5521 καὶ
912 5470 1316 5537 στρατιωτικοὶ,
1372 5472 1462 5523 καὶ
1494 5471 1629 5540 μετὰ
1675 5472 1927 5523 σύστασιν

429 5627 472 5658 ⁸⁸
514 5626 677 5682 Basil.
715 5644 887 5683 canon
921 5628 1017 5695 50;
1045 5626 1296 5682 Clialccd.
1327 5625 1414 5679 '27.

1970 399 2137 470 308
2162 401 2478 470 episcopum
2503 402 2767 472 prasides
2792 411 2847 457 et
2879 403 3135 459 cohortes
3166 404 3544 460 vindicantur:

1972 489 2091 558 ipsa
2123 504 2252 544 vero
2283 505 2407 543 eum
2439 492 2604 546 rebus
2635 492 2749 545 suis
2789 492 2841 545 in
2870 492 3267 547 monasterium
3316 492 3547 563 conjici-

1973 588 2082 643 tur,
2119 577 2367 652 [ibidem]
2394 590 2554 637 caule
2582 583 2934 637 asservanda.
2966 582 3133 637 Plane
3163 583 3208 637 si
3235 582 3547 639 diaconissa

1972 672 2065 735 sit,
2117 680 2171 724 et
2225 668 2505 740 legitimos
2554 671 2755 726 liberos
2811 672 3024 738 habeat,
3074 672 3195 746 [illi]
3253 674 3548 743 legitimam

1972 768 2182 829 partem
2213 760 2451 829 capiunt.
2487 760 2645 827 Quod
2695 762 2739 815 si
2779 761 2917 817 intra
2960 778 3164 817 annum
3198 748 3308 833 quo
3356 766 3546 819 istius-

1974 853 2119 907 modi
2169 853 2350 909 scelus
2384 853 2654 916 innotuit,
2708 852 2847 925 [eas]
2888 853 3174 910 facultates
3210 856 3548 912 venerabiles

1973 942 2168 996 donius
2197 958 2304 996 non
2334 941 2611 997 vindicent
2641 961 2652 996 :
2689 942 2853 997 ﬁscus
2882 943 3003 999 illas
3042 944 3261 1013 accipit.
3310 946 3459 1011 Quas
3503 948 3547 1001 si

1972 1051 2173 1105 praeses
2197 1036 2474 1092 vindicare
2507 1037 2836 1107 neglexerit,
2863 1038 3078 1108 singulo
3101 1039 3363 1107 privatur,
3391 1049 3551 1109 atque

1974 1130 2215 1197 quinque
2250 1127 2403 1182 libris
2448 1126 2591 1199 [auri
2626 1128 2789 1182 rebus
2830 1126 3121 1199 principis]
3157 1130 3381 1198 privatis
3429 1129 3553 1201 [ap-

1973 1218 2261 1290 plieandis]
2294 1218 2573 1274 multatur.

2037 1311 2189 1365 CAP.
2220 1309 2390 1366 XXX.
2423 1343 2491 1352 —
2534 1313 2608 1367 De
2640 1314 2706 1368 iis
2731 1316 2818 1384 qui
2862 1315 3191 1369 matrimonii
3230 1331 3393 1369 causa
3436 1329 3557 1368 mtt-

1977 1403 2125 1456 lieres
2166 1402 2400 1471 rapiunt.

2413 1494 2787 1563 Apostolorum
2823 1512 2991 1550 canon
3031 1497 3121 1550 67.

2044 1587 2112 1640 67
2145 1584 2277 1658 [66].
2313 1587 2369 1641 Si
2401 1588 2523 1656 quis
2567 1588 2827 1657 virginem
2887 1604 2994 1643 non
3056 1590 3459 1660 desponsatam,
3504 1608 3555 1646 vr

1904 1656 1943 1708 Β
1984 1656 2359 1745 allata—habet,
2392 1689 2496 1733 etc.
2536 1690 2589 1731 ut
2620 1656 2739 1748 pug.
2770 1678 2893 1734 858.

2269 1769 2492 1825 Concilii
2520 1768 2787 1839 Aitcyrani
2823 1786 3046 1824 canones
3080 1771 3163 1835 Η,
3188 1770 3281 1825 95.

2060 1862 2149 1916 ll.
2187 1861 2552 1931 Desponsatas
2586 1861 2706 1915 aliis
2739 1862 2971 1931 puellas,
3016 1874 3069 1916 ct
3109 1864 3177 1916 ab
3222 1864 3341 1918 aliis
3375 1874 3559 1934 postea

1989 1964 2169 2025 raptas
2196 1994 2210 2020 ,
2260 1953 2434 2007 visum
2486 1962 2569 2008 est
2628 1953 2735 2018 iis,
2770 1954 2971 2023 quibus
3020 1954 3359 2024 desponsata:
3385 1966 3559 2021 erant,

1989 2048 2173 2113 reddi,
2206 2048 2369 2102 etiam
2405 2048 2449 2100 si
2482 2047 2588 2101 vim
2625 2062 2801 2117 passae
2829 2058 2974 2102 sunt.

2062 2258 2151 2311 εξ).
2188 2256 2420 2322 Quidam
2463 2257 2550 2312 cui
2582 2266 2701 2310 erat
2735 2258 2911 2325 puella
2940 2258 3287 2324 desponsata,
3330 2259 3447 2325 ejus
3476 2275 3567 2313 so-

1991 2352 2100 2404 rori
2126 2350 2314 2403 vitium
2345 2349 2548 2411 attulit,
2576 2350 2646 2403 ita
2677 2359 2735 2403 ut
2762 2365 2824 2403 ca
2850 2351 3015 2403 etiam
3044 2352 3371 2418 conciperet.
3396 2352 3567 2421 Spon-

1992 2457 2108 2497 sam
2145 2450 2325 2495 autem
2359 2450 2544 2509 postea
2570 2456 2795 2495 uxorem
2825 2442 2995 2495 duxit.
3033 2441 3108 2496 Ea
3150 2452 3329 2496 autem
3369 2445 3455 2495 cui
3489 2443 3567 2496 vi-

1993 2536 2129 2589 tium
2174 2543 2289 2589 erat
2333 2534 2579 2597 allatum,
2624 2548 2682 2589 sc
2728 2534 3029 2589 suﬂ'ocavit.
3072 2536 3175 2601 Qui
3208 2537 3413 2591 conscii
3449 2536 3568 2589 fue—

1992 2638 2134 2692 rant,
2158 2627 2299 2697 jussi
2340 2634 2469 2680 sunt
2495 2626 2761 2681 decennio
2792 2627 2845 2679 in
2875 2643 2969 2683 eos
3001 2628 3093 2697 qui
3125 2629 3450 2689 consistunt.
3487 2644 3571 2681 re-

1994 2722 2099 2791 cipi
2129 2737 2225 2792 per
2250 2722 2451 2789 gradus
2475 2719 2744 2775 definitos.

2278 2811 2504 2867 Concilii
2535 2811 2975 2867 Chalcedonensis
3009 2830 3175 2867 ration
3203 2815 3293 2867 ‘27.

2070 2906 2161 2959 27.
2203 2904 2311 2958 Eos
2337 2904 2428 2973 qui
2463 2905 2683 2957 nomine
2720 2904 2958 2973 conjugii
2982 2945 2995 2969 ,
3032 2914 3161 2971 etc.,
3204 2914 3262 2958 ut
3292 2921 3412 2973 pag.
3444 2905 3569 2960 750.

2292 2992 2514 3047 Concilii
2552 2994 2857 3046 mcumenici
2894 3010 2946 3046 v1
2992 3010 3160 3047 canon
3199 2996 3289 3051 9‘2.

2069 3087 2157 3143 99.
2202 3087 2307 3141 Eos
2361 3087 2455 3156 qui
2508 3086 2728 3147 nomine
2791 3087 3123 3140 matrimonii
3178 3088 3430 3143 mulieres
3492 3104 3577 3143 ra-

2002 3178 2158 3248 piunt
2186 3179 2251 3239 °°,
2293 3179 2497 3247 quique
2542 3193 2707 3247 opera
2753 3192 2965 3247 opeque
3010 3194 3105 3232 sua
3143 3189 3388 3247 raptores
3426 3180 3577 3241 adgu-

2003 3281 2162 3337 vant,
2204 3270 2393 3325 statuit
2426 3280 2616 3325 sancta
2647 3270 2929 3340 synodus:
2968 3270 3012 3323 si
3063 3270 3171 3324 sint
3204 3270 3421 3338 quidem
3466 3272 3577 3324 ele-

2004 3362 2124 3423 rici,
2150 3361 2372 3429 proprio
2400 3359 2569 3428 gradu
2606 3360 2856 3414 excidere
2884 3376 2899 3423 ;
2926 3360 2972 3413 si
3003 3374 3131 3413 vero
3165 3360 3308 3423 laici,
3350 3361 3579 3413 anathe-

2007 3462 2149 3506 mate
2179 3453 2405 3520 percuti.

2112 3544 2275 3614 309
2311 3544 2579 3613 Theophili
2642 3561 2705 3599 ex
2748 3544 3157 3599 Commonitorio
3194 3561 3359 3597 canon
3394 3545 3446 3597 ἓ.

2078 3637 2132 3689 2.
2176 3637 2250 3690 De
2296 3635 2465 3699 Bislo,
2498 3637 2591 3705 qui
2642 3638 2694 3691 in
2745 3636 2917 3692 Ereba
2956 3638 3290 3692 constitutus
3321 3646 3404 3691 est
3435 3650 3585 3705 pres-

2010 3722 2182 3790 byter,
2214 3722 2570 3791 quaerendum
2601 3731 2683 3776 est
2716 3739 2730 3787 ;
2767 3734 2819 3776 et
2850 3723 2895 3778 si
2935 3721 3098 3776 alicui
3122 3722 3339 3791 quidem
3370 3721 3585 3774 mulieri

2010 3825 2292 3885 separatre,
2341 3817 2558 3871 vivente
2592 3819 2808 3882 marito,
2846 3819 2954 3872 vim
3008 3819 3208 3884 attulit,
3245 3834 3351 3872 non
3376 3822 3588 3874 sinatur

2011 3924 2133 3963 esse
2199 3910 2525 3979 presbyter;
2568 3924 2691 3963 nam
2734 3926 2801 3964 ne
2855 3920 2912 3963 ut
2959 3911 3131 3964 laicus
3180 3911 3395 3979 quidem
3431 3912 3590 3963 debet

2012 4000 2440 4063 communicare,
2485 4016 2607 4054 cum
2665 4016 2760 4056 eos
2832 4003 2925 4070 qui
2970 4002 3107 4056 tales
3162 4014 3289 4055 sunt
3337 4017 3591 4071 separare

2014 4091 2364 4145 consueverit
2410 4092 2675 4146 Ecclesia.
2707 4092 2819 4146 Hoc
2850 4103 3030 4147 autem
3063 4095 3267 4146 nullmn
3300 4094 3592 4162 aifertcpi-

2016 4198 2183 4252 scopo
2236 4184 2473 4252 Apollini
2530 4185 2926 4254 praejudicium,
2981 4187 3025 4240 si
3054 4202 3177 4240 cum
3210 4202 3304 4256 per
3334 4187 3589 4256 ignoran-

2019 4280 2146 4331 tiam
2203 4278 2520 4341 constituit;
2564 4293 2687 4330 cum
2719 4290 2905 4333 sancta
2958 4281 3196 4351 synodus
3232 4280 3591 4350 jusseriteos,

2018 4370 2109 4437 qui
2142 4379 2266 4439 post
2325 4370 2727 4423 ordinationem
2758 4380 2979 4439 propter
3004 4372 3211 4425 crimen
3247 4372 3449 4440 indigni
3474 4388 3596 4423 esse

2016 4460 2433 4521 convincuntur,
2456 4459 2673 4528 expelli.

2091 4544 2303 4600 Textus.
2339 4546 2456 4600 Lib.
2494 4563 2533 4611 ι,
2564 4546 2645 4600 tit.
2676 4548 2729 4613 5,
2761 4556 2940 4604 const.
2968 4549 3021 4604 5.
3064 4548 3119 4603 Si
3162 4549 3286 4619 quis
3331 4550 3597 4625 rapuerit,

2017 4647 2109 4692 aut
2142 4638 2333 4691 saltem
2388 4638 2439 4690 in
2496 4653 2722 4692 uxorem
2775 4654 2967 4709 capere
3020 4650 3288 4694 sacratam
3333 4642 3596 4708 virginem

2018 4739 2246 4784 conatus
2296 4731 2405 4792 sit,
2478 4730 2699 4798 capitali
2748 4746 2911 4799 pruna
2948 4730 3159 4786 feritur.
3199 4732 3263 4785 Et
3297 4742 3475 4787 const.
3509 4732 3597 4791 55,

2026 4825 2268 4894 ejusdem
2305 4826 2386 4879 tit.
2416 4823 2740 4879 Parentibus
2774 4826 3060 4889 fratribus,
3092 4835 3145 4879 et
3176 4826 3449 4879 tutoribus
3488 4825 3599 4879 sive

2028 4918 2375 4973 curatoribus
2404 4918 2697 4986 virginum,
2733 4918 3195 4981 diaconissarum,
3230 4926 3284 4971 et
3313 4933 3586 4972 consecra-

2033 5020 2211 5062 tarum
2242 5008 2352 5061 Deo
2379 5008 2687 5073 viduarum,
2723 5008 2849 5062 licet
2890 5018 3138 5077 raptores
3171 5024 3385 5073 earum,
3415 5015 3470 5060 et
3511 5008 3598 5075 qui

1998 5102 2111 5159 .eis
2153 5100 2417 5155 auxilium
2468 5110 2709 5170 tempore
2749 5101 3050 5154 invasionis
3098 5100 3361 5169 prwbent,
3396 5099 3449 5151 in
3486 5098 3602 5167 ipso

2032 5205 2155 5248 actu
2180 5192 2544 5262 deprehensos
2571 5192 2841 5247 occidere.
2874 5192 2967 5245 Sin
3010 5202 3191 5245 autem
3244 5190 3366 5259 fuga
3413 5204 3602 5244 evase-

2033 5286 2160 5349 rint,
2234 5286 2563 5353 investigant
2633 5285 2780 5353 ipsos
2839 5282 3309 5351 Constantinopoli
3368 5280 3603 5350 praefecti

2033 5376 2335 5449 [praetorio]
2374 5386 2427 5431 et
2459 5376 2751 5446 prmfcctus
2783 5374 2982 5446 [urbis]
3012 5394 3023 5427 :
3061 5375 3113 5428 in
3150 5373 3445 5443 provinciis
3478 5386 3606 5425 vero

2033 5470 2347 5539 quicunque
2385 5469 2735 5539 magistratus
2784 5477 2835 5523 ct
2886 5467 3070 5521 civiles
3106 5475 3155 5520 ct
3201 5465 3508 5518 militares:
3556 5472 3608 5516 et
