3766 6198
297 207 402 270 787

2723 131 2774 170 Γ,

1417 202 1679 263 ΡΙ-ΙΟΊἹΙ
1722 198 2228 262 ΡΑΤΗ-ΙΑΒΟΗΕ
2254 197 2360 258 CP.
3486 184 3554 245 τε

301 331 425 388 post
454 316 724 391 [testium]
760 314 1096 373 coactionem
1131 311 1254 367 illos
1288 310 1438 367 nulla
1485 311 1726 368 admissa
1771 311 1873 365 fori

2028 311 2058 381 ὴ
2097 310 2416 380 χρωμένους
2453 305 2818 379 παραγραφῇ.
2872 301 3254 374 τιμωροῦνται
3311 297 3588 391 ἐσχάτως·

300 412 711 483 praescriptione
753 409 948 463 ultimo
995 406 1267 477 supplicio
1312 403 1552 459 alliciunt
1589 421 1696 460 :ac
1732 409 1874 460 bona

305 507 560 574 raptoris,
595 503 826 573 ejusque
865 500 956 570 qui
995 499 1077 569 (ut
1112 499 1318 553 dictum
1347 498 1452 564 est)
1490 497 1567 550 illi
1599 498 1877 566 suppetias

300 597 448 664 tulit,
477 596 622 666 capit
667 593 1065 649 monasterium
1113 600 1209 646 aut
1251 591 1600 654 asceterium,
1651 599 1709 643 ut
1750 588 1877 644 inde

300 688 413 742 vim
445 702 606 757 passa
635 685 747 742 illic
785 686 984 740 alatur.
1023 683 1080 738 Si
1109 697 1240 737 vero
1271 697 1392 752 quae
1426 682 1531 736 vim
1565 696 1725 751 passa
1767 689 1874 748 est,

302 777 612 833 diaeonissa
640 777 906 830 duntaxat
937 775 1029 840 sit,
1062 788 1169 828 nou
1199 782 1380 827 autem
1415 771 1672 835 ascetria,
1699 786 1878 840 neque

301 869 603 924 monastria
635 887 648 922 :
686 867 1070 938 proprietatem
1112 866 1286 936 ipsius
1313 865 1574 930 ecclesia,
1604 865 1721 934 ipsa
1749 878 1878 918 vero

301 961 708 1016 usumfructum
756 960 924 1030 capit.
962 958 1233 1014 Caeterum
1274 958 1366 1028 qui
1409 958 1518 1011 alio
1550 956 1712 1010 modo
1742 957 1876 1027 ipsis

301 1053 618 1123 atljumento
668 1052 911 1116 fuerunt,
953 1059 1047 1105 aut
1084 1049 1449 1104 ministerium
1501 1049 1872 1119 praebuerunt,

300 1155 393 1201 aut
427 1145 634 1200 conscii
686 1144 929 1208 fuerunt,
975 1152 1069 1197 aut
1116 1150 1498 1212 susceperunt,
1542 1153 1636 1197 aut
1678 1158 1876 1212 quam-

301 1251 520 1304 cunque
553 1250 711 1304 opem
745 1235 1065 1296 attulerunt,
1096 1233 1291 1288 ultimo
1326 1231 1708 1287 tantummodo
1740 1247 1873 1300 sup-

299 1328 467 1396 plicio
494 1326 803 1394 subjacent.
838 1326 1041 1380 Locum
1090 1333 1268 1378 autem
1303 1325 1558 1393 praedicta
1602 1321 1871 1394 [habeut,]

301 1419 518 1473 tametsi
551 1419 739 1473 volens
773 1417 1041 1471 dictarum
1071 1416 1361 1469 mulierum
1391 1416 1571 1486 aliqua
1603 1423 1755 1483 rapta
1781 1415 1871 1470 sit.

301 1508 422 1563 Lib.
460 1525 498 1574 t,
533 1509 615 1563 tit.
649 1509 701 1574 4,
727 1508 889 1578 310
917 1517 1094 1562 const.
1125 1510 1173 1568 5.
1207 1509 1267 1566 Et
1292 1509 1346 1560 in
1372 1508 1565 1561 diebus
1590 1506 1876 1560 Paschalis

299 1595 573 1666 virginum
633 1605 878 1665 raptores
936 1595 1015 1668 [in
1070 1594 1378 1666 carcerem]
1429 1596 1785 1650 includuntur
1820 1604 1874 1648 et

1982 401 2075 455 καὶ
2096 401 2164 454 τὰ
2183 401 2485 471 πράγματα
2515 399 2610 452 τοῦ
2638 399 2908 469 ἅρπαγος,
2941 396 3033 448 καὶ
3067 393 3194 458 τοῦ,
3224 391 3307 455 ὡς
3338 390 3588 460 εἴρηται,

1983 494 2353 565 βοηθήσαντος
2382 491 2551 560 αὐτῷ,
2603 491 2872 561 λαμϐάνει
2926 488 2988 540 τὸ
3040 485 3428 556 μοναστήριον
3467 484 3501 552 ἦ
3530 482 3592 534 τὸ

1981 585 2338 654 ἁσκητήριον,
2375 584 2460 650 ἐφ’
2484 576 2528 649 ᾧ
2553 581 2758 650 καὶτὴν
2795 577 3112 648 βιασθεῖσαν
3143 575 3206 638 ἐξ
3237 572 3433 628 αὐτῶν
3475 572 3594 624 ἐκεῖ

1978 675 2297 747 τρέφεσθαιο
2333 676 2381 726 εί
2408 674 2464 727 δὲ
2496 675 2654 741 μόνον
2682 670 2995 724 διακόνισσά
3017 670 3171 721 ἐστιν
3205 667 3242 737 ἡ
3294 663 3593 734 βιασθεῖσα

1979 767 2074 821 καὶ
2103 767 2203 819 οὑκ
2235 765 2566 836 ἀσκήτριαῆ
2598 765 2919 834 μονάστρια,
2953 761 3052 831 τὴν
3091 760 3200 830 μὴν
3253 757 3593 809 δεσποτείαν

1979 859 2013 928 ἡ
2048 858 2169 910 κατ’
2198 856 2370 925 αὐτὴν
2403 853 2701 921 Ἐκκλησία
2721 850 3012 922 λαμϐάνει,
3048 851 3189 918 αὐτή
3219 846 3282 901 δὲ
3307 845 3417 916 τὴν
3448 847 3594 914 χρῆο

1980 964 2088 1002 σιν’
2122 949 2173 1002 οἱ
2213 948 2271 1001 δὲ
2301 947 2476 1010 ἄλλως
2503 947 2641 1016 αὐτῇ
2693 943 3143 1015 βοηθήσαντες,ἦ
3180 939 3592 1010 ὑπουργήσαν-

1978 1057 2094 1103 τες,
2124 1037 2156 1093 ἦ
2195 1040 2521 1104 συνειδότες,
2550 1038 2584 1110 ἦ
2611 1035 3027 1106 ὑποδεξάμενοι,
3071 1034 3105 1101 ἧ
3142 1031 3395 1102 σπουδὴν
3434 1033 3589 1083 οἱαν-

1976 1133 2178 1200 δήποτε
2232 1131 2745 1200 συνεισαγαγόντες,
2789 1129 2928 1202 μόνῃ
2973 1129 3279 1198 τῇὲσχὰτῃ
3331 1125 3588 1195 τιμωρία

1979 1223 2314 1277 ὑπόκεινταιο
2359 1224 2512 1294 χώρα
2563 1222 2760 1285 δὲτοῖς
2819 1222 3156 1291 εἰρημένοις,
3209 1219 3321 1273 κᾶν
3375 1217 3588 1271 ἑκοῦσά

1976 1314 2177 1379 τιςτῶν
2203 1315 2512 1385 εἰρημένων
2537 1313 2814 1383 γυναικῶν
2836 1313 3155 1384 ἀμαρτηθῇ,
3186 1311 3338 1381 βιὸλ.
3376 1305 3452 1376 α’,
3472 1312 3583 1364 τίτ.

1974 1406 2039 1470 δ’,
2071 1406 2211 1461 διάτ.
2234 1414 2306 1476 γ’·
2346 1408 2444 1460 καὶ
2498 1409 2556 1460 ὲν
2577 1410 2696 1470 ταῖς
2751 1407 2988 1478 ἡμέραις
3015 1405 3109 1458 τοῦ
3154 1405 3362 1474 Πάσχα
3400 1403 3450 1455 οἱ
3475 1401 3588 1454 τῶν

1978 1499 2262 1569 παρθένων
2321 1498 2576 1570 ἅρπαγες
2646 1499 2986 1568 ὲγκλείονται
3063 1497 3162 1551 καὶ
3219 1494 3583 1565 δεσμοῦνταιο

1980 1589 2118 1660 βιϐλ.
2142 1588 2213 1658 γ’,
2241 1590 2347 1644 τίτ.
2376 1591 2477 1658 κδ’,
2511 1590 2654 1645 διάτ.
2695 1598 2769 1655 α’,
2802 1591 2832 1642 6
2864 1589 2939 1660 μὴ
2966 1589 3042 1642 ὣν
3074 1587 3424 1658 ίλλούστριος
3451 1586 3585 1640 ἀλλὰ

298 1688 638 1744 vinciuntur.
670 1688 791 1744 Lib.
827 1705 909 1754 ιιι,
941 1690 1023 1743 tit.
1054 1688 1147 1753 24,
1185 1695 1367 1742 const.
1401 1687 1452 1741 1.
1493 1685 1596 1752 Qui
1639 1686 1868 1740 illustris

2028 1683 2144 1737 όνον
2161 1683 2567 1754 λαμπρότατος,
2627 1683 2886 1755 ἁρπαγὴν
2928 1685 2986 1736 ὲν
3018 1683 3270 1754 ἐπαρχίᾳ
3299 1680 3580 1752 παρθένου

297 1794 406 1834 non
441 1788 545 1846 est,
590 1781 683 1836 sed
727 1781 1110 1836 tantummodo
1156 1779 1520 1840 clarissimus.
1565 1778 1611 1833 si
1658 1788 1874 1847 raptum

297 1871 526 1942 virginis
554 1872 608 1928 in
641 1854 927 1941 provincia
956 1871 1335 1928 commiserit:
1368 1872 1478 1926 illic
1506 1870 1716 1941 legibus
1748 1871 1878 1926 sub-

297 1964 539 2032 jugatur,
573 1979 673 2018 nec
699 1963 799 2018 fori
835 1964 1246 2034 praescriptione
1278 1964 1468 2016 utitur.

372 2052 589 2111 Τρωίας.
616 2055 726 2110 Tit.
755 2057 846 2119 41,
881 2066 1056 2110 const.
1089 2056 1143 2108 4.
1179 2055 1285 2121 Qui
1319 2057 1451 2110 dicit
1483 2071 1513 2110 a
1549 2070 1708 2110 servo
1741 2071 1877 2110 uxo-

297 2160 413 2209 rem
447 2161 604 2201 suam
636 2157 848 2215 raptam
879 2162 1022 2210 esse,
1055 2162 1165 2200 non
1199 2147 1508 2213 dominum,
1559 2149 1652 2202 sed
1697 2149 1875 2216 ipsum

299 2250 564 2291 accusare
588 2236 766 2291 debet.
798 2236 916 2290 Lib.
941 2253 1038 2302 vn,
1065 2237 1149 2291 tit.
1182 2237 1238 2299 5,
1292 2248 1470 2292 const.
1503 2237 1556 2290 5.
1591 2236 1648 2289 Si
1683 2251 1878 2292 servus

297 2325 553 2379 detulerit
584 2325 815 2394 virginis
847 2334 1082 2395 raptum,
1110 2333 1270 2395 pacto
1305 2335 1400 2380 aut
1441 2326 1878 2382 dissimulatione

296 2418 560 2486 celatum,
590 2418 844 2473 libertate
875 2417 1130 2473 donatur.
1157 2417 1278 2472 Lib.
1313 2434 1389 2484 ιι,
1420 2419 1502 2472 ιῑι.
1531 2419 1584 2480 9,
1619 2427 1792 2474 const.
1819 2419 1873 2474 7.

297 2507 526 2563 Maritus
551 2508 618 2564 de
659 2508 898 2563 violenta
948 2506 1175 2577 virginis
1227 2507 1697 2577 constupratione,
1750 2515 1879 2561 ante

295 2600 707 2655 matrimonium
749 2598 965 2673 [facta],
994 2599 1100 2655 nisi
1129 2597 1270 2671 [illa]
1296 2614 1496 2668 sponsa
1527 2597 1645 2666 ejus
1676 2597 1874 2665 fuerat,

296 2686 621 2762 [actionem]
658 2705 900 2752 movere,
941 2699 1200 2760 tanquam
1242 2689 1492 2756 maritus,
1530 2705 1638 2744 non
1676 2699 1873 2759 potest.

296 2782 416 2849 ipsa
452 2791 632 2836 autem
672 2799 778 2838 una
824 2800 949 2838 eum
989 2783 1338 2838 curatoribus
1385 2791 1588 2839 movet.
1634 2781 1741 2839 Tit.
1785 2784 1874 2850 10,

298 2879 479 2926 const.
506 2873 558 2926 Ι.
595 2870 652 2925 Si
693 2873 817 2940 quis
854 2889 976 2927 eam
1005 2871 1164 2942 cujus
1196 2882 1341 2927 tutor
1365 2873 1490 2939 fuit,
1520 2875 1876 2943 stupraverit,

297 2963 639 3030 deportatur,
667 2965 898 3035 ejusque
945 2967 1215 3021 universae
1262 2966 1552 3023 facultates
1588 2967 1875 3036 publican-

298 3062 408 3107 tur.
459 3053 571 3108 Tit.
611 3057 693 3117 tl,
727 3065 906 3112 const.
940 3058 994 3111 5.
1035 3056 1090 3112 Si
1127 3068 1280 3128 rapta
1324 3057 1490 3114 fuerit
1539 3074 1743 3130 sponsa
1776 3060 1872 3114 lilii

296 3145 428 3208 mei,
457 3146 628 3218 legem
663 3146 912 3220 [Juliam]
954 3150 1020 3205 de
1049 3151 1099 3205 vi
1126 3166 1341 3210 moveo.
1373 3151 1493 3206 Lib.
1526 3167 1602 3218 ιιι,
1652 3151 1735 3206 tit.
1782 3151 1874 3217 l5,

295 3249 476 3296 const.
507 3241 561 3308 l,
597 3250 652 3296 et
694 3243 878 3298 unica.
917 3242 974 3297 Si
1013 3244 1138 3313 quis
1191 3245 1632 3314 qualemcunque
1679 3243 1876 3300 mulie-

295 3346 434 3397 rem,
465 3332 580 3388 sive
617 3335 905 3404 ingenuam
959 3335 1075 3391 sive
1121 3351 1358 3403 servam,
1408 3337 1653 3405 rapuerit
1701 3353 1714 3389 :
1768 3347 1876 3391 tam

301 3422 408 3477 etsi
465 3422 566 3492 ipsi
617 3425 889 3494 desponsa
946 3426 1131 3493 fuerit,
1163 3428 1377 3496 capitali
1427 3428 1698 3483 sententia
1745 3443 1878 3482 con-

295 3517 587 3568 demnatus
637 3517 893 3580 moritur,
933 3526 988 3572 et
1021 3518 1225 3586 pariter
1264 3535 1386 3574 eum
1427 3534 1493 3573 eo
1524 3520 1614 3587 qui
1640 3519 1693 3572 in
1719 3527 1876 3588 raptu

296 3604 560 3658 auxilium
595 3607 840 3662 tulerint.
874 3607 1176 3678 Raptarum
1228 3621 1408 3664 autem
1445 3611 1715 3679 patribus,
1761 3610 1877 3664 fra-

297 3698 494 3762 tribus,
523 3699 797 3754 tutoribus
828 3701 914 3755 vel
946 3703 1315 3767 curatoribus,
1347 3703 1594 3772 patronis
1623 3712 1677 3758 et
1699 3703 1880 3757 domi-

297 3788 384 3842 nis
434 3789 733 3845 invasionis
777 3799 1024 3860 tempore
1071 3793 1169 3847 hos
1216 3791 1525 3847 interﬁcere
1579 3792 1724 3847 licet.
1780 3791 1878 3846 Sin

297 3886 480 3932 autem
530 3879 655 3948 fuga
701 3882 998 3942 evaserint,
1052 3881 1383 3952 investigant
1432 3881 1582 3951 ipsos
1634 3881 1879 3954 Byzantii

299 3968 537 4038 praefecti
563 3969 866 4044 [przetorio]
895 3981 949 4027 et
974 3973 1262 4042 praefectus
1291 3971 1469 4044 [urbis
1501 3972 1540 4044 :]
1577 3973 1630 4027 in
1656 3973 1879 4043 provin-

297 4062 398 4118 ciis
426 4078 556 4117 vero
582 4063 898 4132 quicunque
933 4065 1304 4133 magistratus,
1326 4065 1575 4134 magistri
1619 4066 1876 4128 militum,

295 4163 350 4208 et
381 4156 546 4210 duces
583 4172 597 4210 :
638 4167 803 4226 atque
838 4168 962 4227 post
998 4155 1269 4229 [testium]
1304 4158 1645 4211 coactiouem
1679 4157 1873 4211 interi-

296 4258 475 4311 munt,
519 4247 624 4302 fori
657 4251 1035 4321 praesciptione
1089 4259 1184 4304 aut
1229 4251 1617 4319 provocatione
1645 4252 1721 4306 uti
1769 4268 1876 4307 non

266 4341 276 4350 '
296 4348 585 4407 quenntes.

368 4428 436 4484 Et
467 4429 513 4484 si
548 4431 763 4500 quidem
817 4431 1016 4488 ancilla
1064 4433 1149 4489 vel
1188 4435 1443 4490 libertina
1492 4446 1646 4505 rapta
1691 4433 1877 4503 fuerit,

297 4521 700 4581 interficiuntur
759 4534 1005 4592 raptores
1059 4541 1074 4576 :
1134 4525 1230 4580 sed
1287 4527 1499 4580 nullam-
1557 4527 1880 4581 subStautim

297 4614 738 4668 imminutionem
771 4617 1067 4671 sustinent.
1105 4616 1175 4672 At
1205 4620 1250 4673 si
1302 4621 1536 4689 ingenua
1584 4630 1738 4688 rapta
1786 4622 1875 4685 sit,

296 4722 491 4763 omnes
515 4723 602 4764 res
638 4711 894 4777 raptoris,
934 4711 1093 4780 31]
1130 4727 1434 4782 eorumque
1465 4714 1555 4781 qui
1586 4713 1685 4782 ipsi
1721 4713 1868 4766 auxi-

296 4802 429 4855 lium
457 4802 807 4871 prmbueruut
831 4804 1179 4873 applicantur
1218 4815 1429 4874 raptze:
1466 4822 1588 4875 quae
1632 4822 1700 4859 ne
1743 4821 1876 4859 cou-

294 4890 566 4945 sentiente
611 4892 829 4960 quidem
861 4902 1014 4961 patre
1052 4896 1257 4964 raptori
1291 4911 1394 4950 suo
1435 4897 1641 4952 nubere
1674 4907 1874 4968 potest.

295 4983 556 5037 Eamdem
595 4994 776 5038 autem
821 5000 1035 5053 poenam
1083 4995 1138 5041 et
1181 4989 1373 5044 mortis
1417 4998 1470 5044 ct
1516 4991 1875 5064 [amissionis]

294 5091 475 5130 rerum
526 5077 824 5146 excipiunt.
892 5079 985 5148 qui
1056 5079 1123 5134 ad
1166 5095 1544 5149 aggressuratu
1603 5095 1874 5152 raptorem

295 5172 539 5226 comitati
583 5182 731 5227 sunt.
767 5173 870 5229 Sed
921 5176 1153 5239 conscii,
1187 5186 1241 5230 et
1289 5177 1546 5237 ministri,
1597 5187 1650 5230 et
1691 5193 1878 5232 susceo

292 5273 501 5332 ptores,
555 5272 612 5319 et
657 5268 751 5334 qui
807 5269 1306 5337 quomodocunque
1354 5270 1665 5338 raptoribus
1716 5286 1874 5339 opem

293 5359 539 5422 tulerint,
578 5358 1022 5431 [utriuscunque]
1055 5376 1240 5425 sexus,
1271 5371 1324 5414 et
1369 5361 1748 5431 cujuscunque
1782 5374 1877 5417 aut

293 5447 548 5513 fortunae,
580 5458 677 5503 aut
717 5452 942 5521 gradus,
977 5460 1072 5506 aut
1113 5451 1392 5521 dignitatis
1437 5453 1546 5505 sint
1590 5473 1600 5505 :
1656 5469 1874 5524 pcenam

296 5543 676 5598 tantummodo
727 5543 1013 5611 capitalem
1070 5547 1326 5609 subeunt,
1388 5545 1603 5616 [idquej
1655 5547 1870 5602 etiamsi

298 5632 494 5687 mulier
541 5633 727 5690 volens
776 5646 926 5704 rapta
977 5637 1064 5690 sit.
1103 5636 1269 5691 Plane
1317 5638 1360 5692 si
1411 5646 1663 5705 parentes
1706 5650 1874 5708 rapta:

1977 1774 2402 1845 πλημμελήσας,
2464 1777 2584 1828 ἐκεῖ
2631 1776 2745 1838 τοῖς
2798 1775 2989 1846 νόμοις
3032 1774 3440 1838 ὑποϐάλλεται,
3510 1771 3582 1843 μὴ

1977 1865 2259 1937 χρώμενος
2300 1867 2468 1938 φόρου
2501 1869 2864 1938 παραγραφῇ.

2048 2049 2165 2102 Τίτ.
2201 2058 2317 2118 μα’,
2348 2049 2488 2103 διάτ.
2519 2049 2582 2114 δ’,
2639 2051 2667 2102 6
2705 2048 2881 2116 λέγων
2907 2049 3061 2118 παρὰ
3091 2046 3289 2100 δούλου
3315 2044 3425 2110 τὴν
3465 2046 3571 2099 αύ-

1976 2139 2070 2194 τοῦ
2097 2139 2347 2210 γαμετὴν
2375 2140 2716 2211 ἁρπαγῆναι,
2746 2141 2808 2193 οὐ
2837 2139 2933 2193 τοῦ
2973 2138 3238 2194 δεσπότου
3263 2137 3386 2191 ἀλλ’
3415 2136 3576 2189 αὑτοῦ

1977 2234 2308 2304 κατηγορεῖν
2325 2232 2550 2301 ὀφείλειο
2571 2232 2711 2303 βισλ.
2733 2231 2799 2298 ζ’,
2813 2233 2919 2286 τίτ.
2941 2236 3012 2301 γ’,
3030 2231 3171 2285 διάτ.
3190 2237 3264 2300 γ’,
3280 2230 3383 2283 ἐὰν
3398 2229 3578 2292 δοῦλος

1978 2323 2344 2395 καταμηνύσῃ
2402 2325 2661 2396 ἁρπαγὴν
2695 2325 2966 2396 παρθένου
2994 2322 3292 2388 λαθοῦσαν,
3310 2322 3514 2391 πάκτῳ
3543 2321 3574 2392 ἦ

1976 2414 2446 2484 ἅποπροσποιήσει
2481 2413 2886 2484 ἐλευθεροῦταν
2911 2411 3051 2483 βιδλ.
3091 2412 3162 2477 θ’,
3191 2412 3302 2466 τίτ.
3334 2411 3408 2473 θ’,
3436 2410 3573 2464 διάτ.

1977 2505 2044 2568 ζ’,
2069 2508 2097 2558 6
2129 2504 2270 2576 ἀνὴρ
2303 2505 2366 2558 ού
2392 2503 2620 2558 δύναται
2650 2508 2822 2558 κινεῖν
2851 2505 2927 2568 ὡς
2962 2505 3102 2575 ἀνὴρ
3155 2504 3289 2574 περὶ
3325 2505 3436 2572 τῆς
3471 2503 3574 2571 πρ)

1977 2595 2071 2648 τοῦ
2096 2596 2278 2667 γάμου
2331 2595 2513 2666 βιαίας
2542 2597 2642 2666 τῆς
2705 2596 2979 2668 παρθένου
3040 2595 3273 2668 φθορᾶς,
3305 2598 3358 2650 εί
3403 2595 3479 2667 μὴ
3508 2590 3572 2665 ἦν

1977 2707 2143 2760 αὑτοῦ
2179 2707 2414 2778 μνηστή·
2448 2706 2587 2778 αὑτὴ
2609 2707 2667 2760 δὲ
2705 2709 2848 2760 κινεῖ
2888 2707 3157 2760 συνόντων
3206 2706 3322 2759 τῶν
3379 2721 3571 2773 κουρα·

1977 2795 2187 2867 τώρωνο
2238 2797 2348 2850 τίτ.
2414 2803 2465 2863 ι’,
2497 2797 2638 2851 διάτ.
2672 2804 2744 2860 α’,
2800 2797 2897 2851 ὲάν
2950 2815 3036 2860 τις
3060 2796 3260 2868 φθείρῃ
3301 2795 3408 2866 τὴν
3443 2794 3569 2864 παρ’

1977 2888 2143 2943 αὐτοῦ
2168 2890 2655 2961 ὲπιτροπευθεῖσαν
2678 2889 3160 2961 δεπορτατεύεται,
3199 2890 3297 2942 καὶ
3334 2892 3420 2952 είς
3465 2890 3570 2943 ὀλύ-

1977 2979 2179 3048 κληρον
2211 2978 2534 3048 δημεύεταιο
2568 2980 2673 3032 tif.
2702 2980 2793 3044 ια’,
2831 2980 2973 3034 διάτ.
3021 2986 3091 3048 γ’,
3141 2981 3240 3032 ἐὰν
3276 2979 3564 3049 ἁρπαγῇή

1985 3069 2198 3142 μνηστὴ
2226 3069 2322 3123 τοῦ
2359 3069 2482 3123 υίοῦ
2509 3089 2635 3141 μου,
2662 3071 2797 3124 κινῶ
2819 3070 2910 3124 τὸν
2926 3072 3056 3140 περὶ
3076 3071 3196 3141 βίας
3212 3070 3406 3140 νόμον·
3429 3070 3567 3139 βιελ.

1981 3161 2048 3226 0',
2072 3163 2177 3217 τίτ.
2211 3169 2302 3230 ιγ’,
2331 3163 2474 3217 διάτ.
2512 3169 2560 3216 α’
2615 3163 2711 3217 καὶ
2741 3164 2900 3234 μόνη,
2933 3165 3028 3217 ἐὰν
3084 3181 3168 3226 τις
3214 3163 3445 3233 ἁρπάσῃ
3491 3165 3570 3214 οἱ·

1981 3253 2250 3323 ανδήποτε
2289 3257 2524 3321 γυναῖκα
2551 3253 2743 3327 δούλην
2773 3255 2807 3324 ἦ
2832 3253 3145 3324 ἐλευθέραν,
3189 3254 3294 3308 κᾶν
3325 3250 3400 3324 ἦν
3427 3253 3568 3322 αὐτῷ

1984 3345 2472 3417 μεμνηστευμένη,
2515 3345 2829 3414 κεφαλικῶς
2878 3347 3391 3414 καταδικαζόμενος
3445 3347 3568 3400 ἁπο-

1983 3435 2345 3507 ϐνήσκει,καὶ
2368 3439 2414 3489 oi
2445 3437 2503 3489 ὲν
2557 3440 2624 3508 τῇ
2676 3439 2902 3510 ἁρπαγῇ
2951 3437 3326 3508 βοηθήσαντες
3376 3438 3562 3508 αὐτῷ.

1983 3529 2074 3581 καὶ
2132 3531 2244 3593 τοῖς
2300 3529 2540 3598 πατράσι
2569 3529 2674 3582 τῶν
2707 3530 3061 3600 ἁρπαγεισῶν
3095 3529 3299 3597 ἔξεστι,
3331 3532 3432 3584 καὶ
3462 3534 3568 3594 τοίς

1981 3621 2234 3691 ἀδελφοῖς
2262 3623 2356 3675 καὶ
2385 3625 2498 3685 τοῖς
2539 3623 2797 3693 κηδεμόσι
2837 3623 2930 3676 καὶ
2969 3623 3221 3692 πάτρωσι
3252 3625 3349 3677 καὶ
3382 3625 3567 3677 δεσπό-

1979 3731 2120 3778 ταις,
2151 3714 2210 3767 ὲν
2231 3712 2311 3784 τῷ
2345 3714 2522 3784 καιρῷ
2551 3716 2647 3784 τῆς
2709 3714 2899 3780 ἐφόδου
2947 3713 3175 3779 τούτους
3215 3715 3491 3784 φονεύεινο
3525 3717 3567 3769 εί

1980 3806 2036 3859 δὲ
2054 3807 2412 3876 διαφύγωσιν,
2442 3806 2804 3876 ἀναζητοῦσιν
2831 3807 3053 3870 αὐτοὺς,
3082 3810 3140 3861 ἐν
3167 3807 3268 3877 μὲν
3293 3807 3567 3879 Βυζαντίῳ

1981 3896 2031 3947 οἱ
2072 3894 2304 3966 ὕπαρχοι
2334 3897 2428 3949 καὶ
2461 3898 2768 3968 ὁὲπαρχος,
2800 3899 2857 3950 ὲν
2879 3896 2934 3948 δὲ
2952 3901 3077 3958 ταῖς
3105 3898 3406 3968 ἐπαρχίαις
3440 3900 3566 3952 πᾶν·

1981 4004 2069 4049 τες
2105 3988 2154 4040 οἱ
2221 3987 2503 4058 ἄρχοντες,
2536 3989 2630 4041 καὶ
2657 3989 3067 4060 στρατηλάται,
3109 3991 3204 4043 καὶ
3227 3990 3443 4054 ὃοῦκες,
3479 3992 3566 4045 καὶ

1985 4079 2121 4147 μετὰ
2150 4079 2409 4133 σύστασιν
2443 4081 2749 4150 ἀναιροῦσι,
2790 4081 2866 4151 μὴ
2897 4081 3229 4152 δυναμένους
3262 4083 3566 4155 χρήσασθαι

1983 4174 2148 4242 φόρου
2178 4177 2517 4246 παραγραφῇ
2550 4173 2583 4244 ἢ
2613 4174 2882 4246 ἐκκλήτῳ.

2056 4446 2164 4498 Καὶ
2210 4446 2260 4499 εἰ
2309 4447 2408 4516 μὲν
2457 4445 2618 4518 δούλη
2676 4446 2708 4518 ἢ
2763 4445 3109 4518 ἀπελευθέρα
3140 4447 3558 4519 ἁρπαγῇ,ἆναι-

1984 4537 2203 4608 ροῦνται
2232 4539 2279 4590 οί
2303 4537 2572 4608 ἅρπαγες,
2605 4539 2664 4591 οὐ
2695 4537 2802 4608 μὴν
2835 4539 2930 4590 καὶ
2965 4538 3213 4617 μείωσιν,
3239 4539 3346 4609 τῆς
3385 4541 3562 4602 οὐσίας

1983 4631 2326 4700 ύφίστανταν
2358 4633 2407 4683 εί
2441 4631 2496 4682 δὲ
2529 4632 2756 4702 εὐγενὴς
2798 4633 3050 4702 ήρπάγη,
3092 4633 3274 4685 πάντα
3321 4634 3391 4686 τὰ
3432 4633 3561 4702 πρά-

1981 4740 2167 4793 γματα
2193 4723 2287 4775 τοῦ
2323 4724 2672 4792 ἁρπάσαντος
2703 4724 2796 4777 καὶ
2828 4723 2938 4776 τῶν
2971 4724 3364 4793 βοηθησάντων
3395 4727 3556 4796 αὐτῷ,

1982 4815 2419 4886 προσκυροῦνται
2446 4816 2511 4884 τῇ
2563 4815 2898 4885 ἁρπαγείσῃ’
2950 4813 3073 4868 οὔτε
3107 4815 3162 4868 δὲ
3190 4817 3558 4880 συ-θαινοῦντος

1979 4905 2072 4959 τοῦ
2109 4905 2334 4976 πατρὸς,
2359 4904 2613 4959 δύνανται
2652 4907 2952 4976 γαμεῖσθαι
2985 4906 3064 4977 τῷ
3097 4909 3447 4978 ἁρπάσαντι·
3469 4909 3556 4978 τὴν

1983 4997 2151 5068 αὐτὴν
2189 4997 2246 5050 δὲ
2277 4998 2470 5067 ποινήν
2523 5000 2617 5050 τοῦ
2650 4998 2885 5051 θανάτου
2934 4999 3026 5051 καὶ
3064 5000 3176 5055 τῶν
3225 5001 3556 5070 πραγμάτοιν

1983 5089 2327 5157 ὑφίστανται,
2386 5091 2434 5142 οἱ
2463 5089 2600 5160 πρὸς
2633 5089 2732 5161 τὴν
2764 5090 2950 5160 ἔφοδον
2980 5092 3150 5161 αὐτῆς
3174 5093 3555 5162 ἀκολουθήσατε⁶

1979 5194 2090 5242 τες’
2123 5181 2170 5231 οἱ
2219 5179 2276 5232 δὲ
2335 5179 2648 5249 συνίστορες
2700 5180 3161 5252 καὶοίοὺπουργοὶ
3193 5182 3286 5234 καὶ
3341 5185 3387 5234 oi
3443 5185 3554 5236 ὑπο-

1979 5273 2175 5344 δοχεῖς,
2209 5273 2304 5325 καὶ
2329 5274 2377 5325 oi
2409 5273 2657 5326 ὁπωσοῦν
2687 5274 2871 5337 αὐτοῖς
2898 5275 3326 5340 σπουδάσαντες,
3355 5275 3466 5336 οἵας
3493 5275 3551 5327 ἄν

1979 5362 2087 5419 εἷεν
2123 5366 2336 5434 φύσεως
2363 5368 2459 5418 καὶ
2499 5364 2669 5434 τύχης
2703 5365 2796 5417 καὶ
2833 5364 3102 5435 βαθμοῦῆ
3159 5366 3341 5432 ἀξίας,
3395 5366 3548 5436 μόνην

1977 5459 2076 5529 τὴν
2109 5459 2411 5530 κεφαλικὴν
2449 5459 2773 5529 ὑφίστανται
2810 5458 3103 5526 τιμωρίαν,
3148 5459 3200 5511 εί
3234 5459 3330 5511 καὶ
3363 5459 3543 5511 ἑκοῦσα

1979 5553 2010 5620 ἡ
2041 5553 2177 5619 γυνὴ
2208 5551 2456 5622 ἡρπάγη·
2490 5555 2538 5603 εἰ
2568 5553 2623 5604 δὲ
2648 5553 2696 5604 οί
2734 5555 2911 5620 γονεῖς
2932 5555 3031 5618 τῆς
3054 5552 3401 5622 ἁρπαγείσης
3430 5551 3544 5604 ἀνάο

1981 5658 2214 5711 σχωνται
2245 5643 2336 5694 καὶ
2361 5644 2844 5714 παρσχωρήσουσι,
2881 5641 3386 5713 δεπορτατεύονταν
3416 5643 3460 5694 οἱ
