3766 6198
98 166 225 230 T89

107 274 565 347 ἰρέωυργήσαντες
593 267 768 321 δοῦλοι
804 265 1068 318 καίονταιο

115 343 558 435 περὶ-ἁρπαγῆς
600 356 883 427 γυναικῶν
929 351 1164 422 ἀλλαχοῦ
1205 343 1730 418 νενομοθετημένα,¹

113 457 230 528 τῆς
265 454 547 525 παρούσης
584 449 883 515 διατάξεως
916 443 1194 518 ἀρκούσης
1247 441 1340 494 ἐπὶ
1401 436 1580 492 αὐτῶν
1609 435 1704 489 καὶ

120 548 298 619 ἱερῶν
331 547 427 600 καὶ
455 542 662 615 χηρῶν.
969 555 974 560 ·

209 821 323 876 Καὶ
352 820 458 891 μζ’,
481 819 586 875 τίτ.
629 816 696 887 β’,
726 815 832 884 δίγ.
865 810 963 879 λθ’,
992 813 1021 864 ό
1043 809 1240 879 δούλην
1264 806 1555 878 ἀλλοτρίαν
1578 806 1708 875 πόρε

126 931 237 984 νην
262 908 429 967 οὖσαν
485 909 745 979 ἁρπάζων
789 907 822 978 ἢ
855 904 1138 975 κρύπτων,
1200 900 1323 954 οὔτε
1354 899 1430 962 ὼς
1450 899 1708 967 κλέπτης,

127 1005 264 1058 οὔτε
322 1005 398 1067 ὡς
451 997 878 1071 ἀνδραποδιστὴς
929 994 1206 1064 ἐνέχεταιο
1253 992 1314 1044 ού
1347 989 1454 1060 γὰρ
1507 989 1712 1059 κλοπῆς

131 1099 256 1152 ἀλλ’
292 1097 486 1168 ἡδονῆς
513 1095 674 1166 χάριν
706 1092 864 1146 τοῦτο
896 1090 1147 1159 ὲποίησε’
1197 1087 1338 1158 βιϐλ.
1371 1084 1484 1158 μη’,
1511 1086 1617 1142 τίτ.
1650 1091 1712 1150 ε’,

131 1190 252 1259 δίγ.
282 1187 388 1253 κθ’,
429 1189 457 1241 ό
500 1184 802 1257 ὡρισμένος
861 1183 940 1244 είς
991 1178 1327 1249 κατηγορίαν
1347 1177 1447 1248 τῆς
1475 1176 1716 1246 μοιχείας

119 1280 341 1352 ,χρόνος
368 1280 469 1348 τῆς
503 1271 950 1337 πενταετίας,ούκ
973 1269 1086 1341 ἔχει
1110 1268 1293 1340 χώραν
1328 1269 1419 1322 ἐπὶ
1451 1267 1552 1337 τῆς
1578 1266 1720 1320 κατὰ

137 1371 271 1440 βίαν
300 1367 597 1438 γενομένης
623 1359 828 1435 φθορᾶς
848 1375 862 1392 ⁸
909 1361 1376 1433 ἀπροσδιορίστως
1425 1358 1535 1427 γὰρ
1556 1359 1721 1411 κινεῖ-

133 1480 257 1529 ται,
297 1461 482 1531 ἐπειδὴ
507 1460 602 1514 καὶ
626 1457 858 1529 δημοσία
903 1455 992 1523 βία
1032 1453 1455 1524 πλημμελεῖται.
1492 1449 1723 1518 Ὁμοίως

136 1555 259 1622 δίγ.
286 1552 326 1606 ε’
358 1553 453 1606 τοῦ
479 1551 532 1616 ς’
584 1554 688 1605 τίτ.
725 1548 819 1602 τοῦ
849 1546 1014 1600 αὐτοῦ
1053 1545 1196 1615 βιϐλ.
1255 1545 1314 1598 ἐν
1342 1536 1385 1610 ᾧ
1429 1559 1614 1612 φησιν,
1643 1543 1727 1594 ὅτι

919 149 1312 216 SYN'I'AGMA
1331 126 1729 206 'CANONUM.
1764 114 1834 174 '—
1864 135 1988 196 TIT
2057 128 2154 206 Ix,
2186 121 2576 194 cmxxxr.

1119 261 1216 315 καὶ
1238 258 1398 328 ἀργεί
1429 256 1606 309 πάντα
1627 251 1694 304 τὰ
1721 253 1758 312 Α

1903 239 2090 311 dieris]
2140 238 2454 309 patientiam
2503 221 2838 301 praebuerint
2888 226 2943 274 et
2997 210 3366 276 conniverint,

2358 326 2366 328 .
2817 313 2828 325 .
2863 310 2932 328 ω
2983 304 3165 328 *ΝΜ
3207 303 3337 328 mm

3262 98 3380 164 790-

1802 303 2183 406 deportantur.
2219 326 2374 383 Servi
2395 332 2449 379 et
2477 320 2704 381 ancillis,
2739 313 2834 385 qui
2863 310 2942 383 [in
2983 304 3168 379 raptu]
3207 303 3376 358 mini-

1803 427 2032 485 sterium
2064 418 2415 494 praebuerint,
2443 415 2888 469 concremantur.
2907 402 3078 456 Porro
3107 411 3231 452 cum
3255 394 3372 447 Ιιιιιο

1806 491 2125 573 constitutio
2175 511 2242 566 de
2297 514 2454 577 raptu
2499 501 2790 557 mulierum
2835 503 2890 550 et
2931 497 3269 549 sacratarum
3317 491 3374 537 et

1807 607 2092 662 viduarum
2130 599 2360 658 suﬁiciat
2390 615 2405 650 :
2438 599 2655 651 cessant
2699 602 2820 660 quae
2863 587 2930 641 de
2971 597 3036 638 eo
3074 578 3200 634 alibi
3239 590 3374 630 con-

1808 700 1998 755 stituta
2031 705 2160 751 sunt
2190 689 2399 747 omnia.

1884 789 2100 843 Textus.
2134 783 2200 838 Et
2223 783 2320 837 lib.
2361 792 2506 842 τινι,
2530 775 2610 830 tit.
2639 772 2694 838 2,
2720 769 2916 840 digest.
2947 764 3036 819 '59.
3072 759 3175 827 Qui
3202 769 3379 812 mere-

1813 881 2001 936 tricem
2019 878 2251 932 alieuam
2279 869 2530 926 ancillam
2543 864 2742 933 rapuit,
2761 860 2845 914 vel
2866 854 3059 913 celavit
3077 872 3092 907 :
3110 863 3286 919 neque
3319 852 3380 900 ut

1813 972 1903 1028 fur
1924 983 2099 1038 neque
2123 976 2182 1020 ut
2205 961 2498 1035 plagiarius
2527 964 2756 1038 tene}ur.
2787 950 2904 1005 Non
2927 948 3071 1002 enim
3098 942 3252 1006 furti,
3284 937 3381 994 sed

1815 1032 2053 1118 libidinis
2081 1032 2244 1113 causa
2284 1055 2387 1108 hoc
2418 1049 2564 1105 fecit.
2599 1032 2715 1099 Lib.
2748 1055 2936 1103 vatn,
2965 1037 3045 1091 tit.
3079 1035 3135 1100 5,
3185 1032 3381 1101 digest.

1816 1159 1905 1214 26.
1925 1150 2294 1224 Quinquennii
2313 1159 2523 1216 tempus
2541 1135 2871 1198 accusationi
2885 1129 3131 1189 adulterii
3154 1125 3386 1198 praelini-

1821 1262 1957 1316 tum,
1991 1250 2044 1303 in
2082 1255 2270 1314 stupro
2297 1256 2394 1312 per
2417 1239 2525 1292 vim
2555 1236 2696 1290 facto
2714 1231 2894 1286 locum
2918 1241 3025 1280 non
3054 1223 3233 1277 habet.
3252 1218 3385 1272 Nam

1823 1355 1948 1396 cum
1978 1337 2060 1392 vis
2093 1309 2317 1404 publica
2339 1326 2736 1386 committatur,
2777 1318 2914 1374 citra
2945 1309 3200 1381 temporis
3248 1320 3389 1376 prie-

1825 1397 2124 1488 ﬁnitionem
2155 1420 2292 1495 [illa]
2323 1415 2646 1474 instituitur.
2684 1409 2950 1466 Similiter
2978 1404 3175 1473 digest.
3210 1397 3264 1464 5,
3297 1397 3384 1451 tit.

1826 1525 1879 1590 6,
1909 1487 2331 1593 ejusdem—libri,
2366 1524 2490 1564 cum
2520 1506 2674 1568 dicit,
2710 1501 2855 1572 quod
2901 1502 3090 1566 raptus
3118 1487 3394 1546 enormior

152 1584 259 1622 ιη.
286 1584 314 1606 ε.
359 1584 453 1606 ww
479 1584 508 1616 ς
584 1584 688 1605 τι...
726 1584 819 1602 νυυυ
849 1584 1014 1600 μνη...
1089 1584 1196 1598 ......
1255 1584 1310 1598 η..
1475 1584 1614 1606 .-..,
1645 1584 1727 1594 ,η

152 1648 227 1701 Ἦ
253 1648 483 1718 ἁρπαγὴ
514 1645 711 1714 μείζων
737 1643 854 1695 ἐστὶ
869 1642 968 1711 τῆς
1009 1584 1275 1710 μὲιχείας,
1303 1584 1396 1688 κάλ
1427 1584 1463 1688 ιζ
1471 1584 1723 1706 ἀρπάσας
1756 1618 1758 1624 1

1940 1609 2228 1668 adulterio.
2275 1603 2360 1667 Et,
2400 1598 2545 1669 quod
2590 1594 2682 1664 qui
2733 1596 2958 1660 nuptam
2993 1593 3086 1639 aut
3113 1584 3392 1649 innuptam

1970 1706 2002 1718 ”
2103 1699 2252 1718 ¹·²“⁴⁴
2280 1691 2544 1718 “··““¹²Α²Α
2574 1684 2832 1718 ηιιηῖαῐιη·
2858 1698 2870 1711 ο
2907 1673 3113 1718 [irinum]
3137 1680 3392 1718 extraneo

139 1737 619 1811 γεγαμημένηνῆ
679 1735 752 1806 μὴ
807 1731 1224 1803 γεγαμημένην,
1292 1728 1536 1798 ἐσχάτως
1567 1743 1728 1796 τιμω·

144 1833 357 1904 ρεῖται,
388 1831 481 1885 καὶ
509 1826 766 1894 ὲξωτικοῦ
800 1821 1252 1894 κατηγοροῦντος,
1277 1821 1371 1873 saw
1393 1821 1421 1872 ὁ
1441 1819 1539 1888 τῆς
1564 1818 1730 1888 κόρης

141 1922 345 1993 πατὴρ
379 1918 752 1992 παρακληθεὶς
783 1916 1137 1986 συγχωρήσῃ.

221 2014 397 2081 Λέγει
420 2012 478 2065 δὲ
513 2012 606 2064 καλ⁵
639 2009 778 2064 διάτ.
818 2015 866 2063 α’
897 2008 990 2061 τοῦ
1016 2006 1062 2062 α’
1101 2009 1211 2064 τίτ.
1242 2007 1351 2060 τῶν
1380 2005 1630 2076 Νεαρῶν,
1651 2005 1734 2058 ὅτι

144 2109 198 2159 οἱ
233 2105 554 2177 φθείροντες
583 2103 950 2164 διακόνισσαν,
992 2100 1407 2154 ύπεύθυνοίεὶσι
1446 2098 1610 2167 ξίφει,
1641 2099 1736 2150 καὶ

149 2198 263 2261 τὰς
302 2197 490 2260 οὐσίας
515 2195 696 2249 αὐτῶν
740 2194 1005 2264 λαμϐάνει
1033 2193 1094 2246 τὸ
1128 2192 1406 2262 δημόσιον·
1437 2192 1471 2260 ὴ
1520 2190 1578 2243 δὲ
1609 2190 1738 2258 περὶ

155 2291 456 2363 μανδάτων
479 2289 584 2342 τῶν
615 2289 888 2357 ἀρχόντων
909 2284 1266 2355 διαλεγομένη
1287 2281 1348 2347 ιζ’
1379 2281 1588 2350 Νεαρά,
1637 2280 1740 2332 ἀπ-

156 2384 432 2454 αγορεύει
463 2382 622 2452 ὄρους
638 2378 863 2441 ἀσυλίας
879 2375 1240 2445 φυλάττεσθαι
1263 2376 1371 2436 τοῖς
1402 2370 1605 2442 ἀρπαξι
1631 2369 1741 2423 τῶν

161 2475 466 2545 παρθένων
492 2489 506 2502 ·
535 2472 634 2526 καὶ
687 2473 721 2540 ἡ
763 2468 804 2540 β’
854 2468 948 2522 τοῦ
984 2466 1147 2522 αὑτοῦ
1196 2465 1414 2532 διατάγ.
1445 2463 1632 2533 φησιν,
1659 2461 1741 2514 ὅτι

155 2572 215 2622 oi.
268 2565 628 2637 ἁρπάζοντες,
682 2563 715 2633 ἦ
768 2559 1211 2622 ύπονοθεύοντες,
1258 2557 1293 2628 ἢ
1339 2555 1745 2625 διαφθείροντες

157 2662 502 2732 ἀσκήτριαν,
653 2655 1022 2716 διακόνισσαν,
1051 2652 1085 2722 ἦ
1128 2649 1476 2722 μονάστριαν,
1511 2646 1544 2717 ἢ
1580 2645 1746 2714 ἄλλην

163 2939 204 3009 ἢ
244 2937 327 2999 τῷ
360 2933 708 3006 μοναστηρίῳ
735 2931 834 2999 τῆς
859 2926 1205 2998 ὑϐρισθείσης
1232 2920 1638 2994 περιποιοῦνται
1665 2918 1752 2971 διὰ

167 3027 280 3084 τοῦ
309 3026 632 3085 ἐπισκόπου,
668 3019 868 3076 καὶτοῦ
893 3017 1199 3087 οἰκονόμου,
1229 3016 1324 3067 καὶ
1351 3012 1460 3066 τῶν
1479 3011 1754 3080 ἀρχόντων

169 3118 422 3175 καὶτῶν
464 3117 669 3180 τάξεων
701 3130 714 3144 ·
765 3111 904 3181 αὐτὴ
962 3111 1018 3163 δὲ
1079 3107 1218 3178 μετά
1243 3106 1352 3159 τῶν
1404 3102 1749 3174 πραγμάτων

170 3210 358 3278 αὐτῆς
383 3207 713 3277 ἐμϐάλλεται
763 3199 1110 3271 μοναστηρίῳ
1162 3194 1420 3264 ἀσφαλῶς
1473 3191 1756 3262 φυλαχθηο

177 3299 421 3370 σομένη·
473 3298 522 3348 εί
568 3294 626 3346 δὲ
662 3290 980 3346 διακόνισσά
1038 3291 1187 3341 ἐστιν
1238 3285 1433 3355 ἔχουσα
1473 3283 1736 3352 νομίμους

177 3391 416 3452 παῖδας,
449 3387 511 3440 τὸ
555 3385 787 3454 νόμιμον
848 3383 1014 3450 μέρος
1064 3376 1454 3447 λαμϐάνουσινο
1503 3372 1639 3426 εἰδὲ
1668 3371 1763 3424 ἐπὶ

179 3480 439 3537 ἐνιαυτὸν
471 3476 609 3547 μετά
667 3475 726 3527 τὸ
765 3470 1072 3542 γνωσθῆναι
1106 3468 1168 3521 τὸ
1220 3465 1408 3537 μῦσος,
1442 3464 1515 3534 μὴ
1553 3461 1766 3530 ἐκδική-

182 3585 352 3625 σουσι
389 3567 459 3619 τά
497 3563 794 3632 πράγματα
827 3560 875 3611 οἱ
901 3557 1115 3622 εὐαγεῖς
1135 3549 1292 3616 οἴκοι,
1337 3552 1367 3602 ὁ
1412 3549 1606 3618 φίσκος
1626 3545 1767 3598 αύτά

182 3662 485 3734 λαμϐάνειο
517 3655 610 3709 τοῦ
655 3649 985 3723 ἀμελοῦντος
1017 3648 1155 3701 αύτά
1192 3642 1541 3713 ἐκδικηθῆναι
1575 3640 1768 3710 ἄρχον-

185 3727 290 3819 τος
348 3747 799 3816 ἀποζωννυμένου
856 3743 946 3794 καὶ
995 3737 1035 3792 ε’
1081 3727 1282 3808 λίτρας
1317 3736 1431 3797 τοῖς
1487 3730 1768 3802 πριϐάτοις

192 3839 676 3916 προστιμωμένου·
713 3838 746 3906 ἡ
775 3835 832 3888 δὲ
859 3828 984 3904 ρμα¹
1045 3827 1214 3898 νεαρά
1248 3823 1605 3893 διαλεγομένη
1641 3819 1769 3890 περὶ

195 3913 462 4006 γυναικὸς
479 3930 784 4002 ἀρπαγείση
794 3945 837 3992 ς,
861 3927 952 3978 καὶ
971 3919 1312 3993 γαμηθείσης
1335 3915 1411 3986 τῷ
1428 3913 1738 3985 ἁρπάσαντι
1751 3953 1764 3975 ,

201 4028 363 4098 φησὶ,
387 4027 487 4093 τὴν
515 4019 766 4091 τοιαύτην
790 4020 864 4089 μὴ
891 4013 1146 4070 δύνασθαι
1172 4010 1355 4063 λαϐεῖν
1377 4007 1445 4060 τά
1469 4005 1770 4076 πράγματα

201 4119 399 4180 αὐτοῦ,
441 4117 576 4186 μήτε
604 4132 712 4167 των
755 4107 1128 4180 μετασχόντων
1171 4099 1267 4153 τοῦ
1318 4097 1542 4168 μύσους,
1589 4094 1704 4147 ἀλλ’
1723 4093 1773 4145 οἱ

203 4210 387 4276 γονεῖς
422 4185 588 4272 αὐτῆς
626 4199 992 4268 λαμϐάνουσιν
1033 4191 1202 4256 αὐτὰ,
1256 4191 1305 4242 εί
1365 4187 1439 4258 μὴ
1488 4186 1566 4255 τῷ
1613 4185 1775 4255 γάμῳ

1829 1706 2031 1776 rapuit,
2064 1699 2257 1754 ultimo
2280 1691 2545 1762 supplicio
2574 1684 2832 1757 puniatur
2858 1698 2870 1734 :
2907 1673 3114 1750 [idque]
3137 1680 3400 1728 extraneo

1829 1800 1992 1854 etiam
2032 1790 2363 1866 postulante,
2400 1785 2444 1840 si
2472 1789 2624 1850 pater
2648 1773 2891 1831 mulieris
2919 1773 3174 1823 exoratus
3207 1757 3400 1816 conni—

1831 1889 1990 1944 xerit.

1908 1979 2051 2032 Dixit
2078 1987 2206 2029 vere
2236 1971 2400 2025 etiam
2425 1962 2651 2021 constit.
2674 1975 2714 2024 ι,
2746 1957 2832 2012 tit.
2861 1951 3234 2014 Novellarum,
3258 1942 3405 2014 quod

1835 2075 1927 2145 qui
1969 2068 2335 2127 diaconissam
2364 2063 2744 2126 constuprant,
2785 2045 3012 2106 obnoxii
3064 2044 3176 2098 sint
3201 2037 3403 2110 gladio,

1837 2131 2138 2232 eorumque
2163 2157 2450 2216 facultates
2498 2150 2660 2204 tiscus
2684 2143 2882 2212 capiat.
2913 2135 3130 2192 Novella
3163 2131 3250 2197 Π,
3286 2141 3409 2199 quae

1839 2259 1906 2312 de
1935 2217 2208 2310 mandatis
2254 2243 2548 2317 praesidum
2583 2233 2824 2297 disserit,
2859 2227 3152 2289 interdicit,
3199 2237 3267 2276 ne
3295 2217 3412 2273 vir-

1841 2349 2026 2419 ginum
2059 2313 2370 2410 raptoribus
2416 2331 2550 2402 asyli
2597 2324 2813 2383 termini
2853 2325 3158 2376 serventur.
3189 2313 3254 2368 Et
3278 2326 3412 2366 con-

1843 2405 1958 2496 stit.
1987 2436 2042 2500 2,
2090 2405 2334 2502 eiusdem
2367 2423 2532 2494 312
2576 2420 2662 2474 tit.
2711 2415 2785 2470 ait
2824 2411 2975 2477 :Qui
3020 2405 3413 2466 diaconissam,

1845 2539 1938 2587 aut
1989 2523 2382 2582 monastriam,
2433 2523 2529 2569 aut
2570 2512 2735 2566 aliam
2793 2504 3110 2575 religiosum
3162 2496 3416 2551 habitum

1845 2627 2144 2695 gestantem
2205 2603 2555 2685 [mulierem]
2605 2601 2858 2671 rapiunt,
2903 2594 3295 2658 corrumpunt,
3333 2582 3424 2637 vel

1848 2675 2255 2780 constuprant”:
2283 2702 2486 2773 quique
2521 2675 2656 2768 [illis
2690 2687 2833 2760 sese]
2864 2684 3166 2749 associant,
3200 2675 3422 2747 capitali

1851 2771 2115 2878 supplicio
2146 2771 2476 2858 adiciuntur,
2507 2805 2569 2845 ac
2604 2803 2692 2842 res
2732 2785 2948 2838 illorum
2992 2776 3188 2844 injuria
3218 2771 3422 2826 aﬂ‘ectm

1855 2898 2123 2972 [mulieris
2146 2889 2390 2948 ecclesiae
2427 2893 2522 2939 aut
2549 2877 2885 2937 monasterio
2914 2888 3009 2944 per
3054 2877 3425 2926 ecconomum,

1855 2993 2195 3063 episcopum,
2223 2979 2483 3053 praesides
2516 2984 2570 3029 et
2615 2973 2869 3027 cohortes
2899 2963 3267 3018 vindicantur.
3301 2954 3425 3022 Ipsa

1857 3098 1987 3140 vero
2039 3095 2162 3134 cum
2212 3075 2375 3128 rebus
2419 3068 2535 3124 suis
2585 3066 2638 3119 in
2693 3055 3085 3116 monasterium
3141 3047 3429 3114 coniicitur

1861 3171 2110 3250 [ibidem]
2145 3177 2303 3224 caute
2333 3157 2684 3219 asservanda.
2719 3152 2886 3206 Plane
2915 3147 2961 3203 si
3000 3142 3307 3199 diaconissa
3337 3135 3428 3200 sit,

1862 3236 1917 3325 et
1943 3236 2214 3335 legitimos
2241 3257 2440 3310 liberos
2475 3251 2692 3308 habeat,
2733 3238 2857 3314 [illi]
2887 3236 3181 3306 legitimam
3221 3236 3433 3299 partem

1866 3361 2107 3431 capiunt.
2132 3349 2288 3418 Quod
2317 3347 2360 3402 si
2394 3345 2533 3399 intra
2561 3351 2763 3393 annum
2789 3345 2950 3402 quam
2978 3320 3287 3383 istiusmodi
3314 3333 3432 3374 sce-

2656 3428 2666 3431 _
3247 3411 3432 3431 Jun”

1867 3411 1960 3506 lusr
2006 3442 2262 3506 innotuit,
2306 3433 2472 3509 [eas]
2529 3428 2810 3485 facultates
2866 3415 3201 3475 venerabiles
3239 3411 3435 3466 domus

1875 3557 1983 3596 non
2015 3535 2328 3591 vindicent:
2362 3504 2528 3580 Iiseus
2561 3521 2684 3575 illas
2722 3514 2939 3583 accipit.
2991 3508 3140 3574 Quas
3163 3504 3208 3559 si
3239 3514 3436 3572 praeses

1871 3629 2154 3686 vindicare
2192 3616 2510 3688 neglexerit,
2545 3608 2765 3678 cingulo
2795 3604 3060 3674 privatur,
3091 3604 3254 3663 atque
3276 3591 3436 3661 quin-

1872 3681 2156 3789 qucflibris
2185 3681 2327 3782 [au-ri
2363 3705 2526 3760 rebus
2576 3693 2859 3770 principis]
2895 3689 3121 3762 privatis
3143 3681 3430 3757 [applican-

1871 3772 1978 3882 dis]
2012 3772 2293 3862 multatur.
2329 3796 2549 3852 Novella
2601 3801 2780 3846 autem
2815 3786 2938 3850 Mi,
2970 3795 3090 3851 quae
3124 3779 3192 3832 de
3219 3772 3440 3828 muliere

1873 3915 2049 3975 rapta,
2078 3915 2201 3970 qua:
2228 3892 2432 3963 raptori
2461 3887 2667 3957 nupsit,
2688 3879 2928 3940 disserit,
2964 3868 3271 3930 istiusmodi
3307 3866 3439 3937 [mu-

1875 3955 2049 3975 -—r-~~.
2096 3955 2110 3970 .
2295 3955 2307 3963 .
2544 3955 2554 3957 ν

1875 3991 2086 4063 lierem]
2119 4005 2207 4043 res
2239 3982 2474 4053 raptoris
2508 3989 2684 4046 neque
2705 3988 2767 4026 ex
2806 3971 2942 4038 lege,
2973 3978 3150 4031 neque
3179 3974 3246 4013 ex
3276 3955 3443 4026 ipsius

1878 4091 2224 4144 testamento,
2261 4091 2360 4130 nec
2387 4071 2538 4145 [item
2565 4064 2675 4134 res]
2703 4073 2893 4118 eorum
2931 4055 3025 4125 qui
3066 4051 3290 4108 sceleris
3312 4045 3446 4100 socii

1881 4181 2121 4238 fuerunt,
2175 4138 2371 4238 capere
2389 4138 2562 4234 posse
2595 4156 2728 4213 :sed
2781 4153 2904 4206 illas
2953 4154 3206 4218 parentes
3253 4138 3446 4211 ipsius,

207 4232 386 4276 γονεῖς
422 4232 586 4272 atreus
627 4232 990 4268 ιυιμυυυυυνπ
1033 4232 1202 4256 ...υ-νυ,
1256 4232 1305 4242 -ν
1365 4232 1439 4258 τη,
1498 4232 1562 4255 ,τ
1625 4232 1758 4255 ...Γ-ε

207 4296 401 4357 ίδικῶς
449 4295 766 4363 συνῄνεσαν
801 4289 849 4340 εί
878 4285 985 4355 γὰρ
1039 4282 1357 4352 συνῄνεσαν,
1418 4277 1574 4348 εἰμὴ
1629 4275 1758 4347 περί

1903 4268 1982 4323 tisi
2017 4261 2322 4334 specialiter
2341 4248 2692 4308 matrimonio
2709 4238 3111 4300 consenserint,
3137 4232 3448 4302 percipere:

1994 4359 2003 4363 λ
2340 4347 2350 4357 ·
2398 4355 2410 4363 -
2464 4351 2547 4363 Δ--ι
2580 4335 2736 4363 r-.-..t
2769 4333 3039 4363 nocnnnc:l\l
3083 4326 3444 4363 nncrlnn1nnn.

204 4407 342 4452 εισι,
369 4384 688 4455 φισκοῦνται
723 4382 792 4433 τά
818 4377 1042 4432 τοιαῦτα
1068 4375 1389 4446 πράγματα.

283 4569 539 4623 ΚΕΦΑΛ.
579 4562 778 4618 ΛΑἏ-
806 4558 944 4626 Περὶ
973 4552 1281 4623 ἱερατικῶν
1313 4545 1786 4616 συλλουομένων

211 4659 524 4734 γυναιξίν.

527 4745 793 4801 Συνόδου
829 4737 1177 4801 Λαοδικείας
1201 4731 1400 4788 κανὼν
1427 4727 1492 4782 λ’.

287 4845 354 4896 λ’.
391 4844 512 4895 Ὅτι
543 4840 605 4892 οὐ
652 4839 733 4890 δεῖ
762 4832 1064 4903 ίερατικοὺς
1098 4827 1131 4897 ἢ
1162 4824 1452 4894 κληρικοὺς
1481 4819 1516 4889 ἢ
1547 4817 1791 4887 ἀσκητάς

217 4941 280 4992 ὲν
309 4933 572 5007 βαλανείῳ
605 4928 745 4998 μετά
768 4924 1042 4996 γυναικῶν
1064 4916 1442 4981 ἀπολούεσθαι,
1486 4913 1626 4983 μήτε
1654 4910 1792 4971 ὅλως

215 5003 548 5100 Χριστιανὸν
582 5022 616 5092 ἢ
640 5019 848 5074 λαῖκόν·
911 5013 1051 5083 αῦτη
1089 5011 1196 5080 γὰρ
1222 5006 1417 5077 πρώτη
1441 5003 1792 5071 κατάγνωσις

221 5120 378 5192 παρά
407 5120 518 5181 τοῖς
547 5115 774 5168 ἔθνεσιν.

369 5301 638 5356 Συνόδου
659 5289 1078 5364 οίκουμενικῆς
1108 5289 1287 5352 ἕκτης
1314 5299 1512 5338 κανων
1542 5297 1598 5343 ος
1624 5320 1636 5332 .

299 5391 400 5458 οξ.
433 5394 556 5444 Ὅτι
585 5392 642 5442 οὐ
673 5390 750 5441 δεῖ
784 5385 1112 5456 ἱερατικοὺς,
1149 5379 1182 5449 ἢ
1214 5375 1533 5446 κληρικοῦς,
1570 5372 1798 5441 ἢάσκη-

232 5486 351 5551 τὰς,
396 5485 456 5538 ὲν
491 5479 756 5553 βαλανείῳ
784 5475 919 5548 μετά
951 5468 1223 5550 γυναικῶν
1251 5463 1631 5526 ἀπολούεσθαι,
1665 5459 1799 5530 μηδὲ

234 5578 410 5632 πάντα
446 5570 770 5641 Χριστιανὸν
804 5570 836 5638 ἦ
869 5566 1070 5621 λαῖκόν·
1103 5560 1241 5627 αὕτη
1272 5558 1384 5627 γὰρ.
1411 5554 1602 5626 πρώτη
1636 5552 1800 5607 κατά-

1883 4373 1937 4416 et
1963 4359 2007 4414 si
2039 4347 2437 4412 consenserint,
2462 4351 2554 4396 aut
2580 4335 2738 4411 [non]
2768 4333 3064 4404 supersint,
3083 4326 3302 4382 easdem
3321 4337 3444 4378 cou-

1885 4450 2063 4508 iiscari
2093 4446 2242 4502 dicit.

1957 4504 2112 4597 QAP.
2147 4535 2339 4591 XXXI.
2364 4529 2512 4583 —-De
2539 4525 2685 4581 sacri
2711 4517 2914 4575 ordinis
2947 4511 3243 4568 hominibus
3275 4504 3361 4575 qui
3403 4518 3450 4557 σε

1891 4652 2008 4688 cum
2043 4627 2353 4686 mulieribus
2382 4623 2585 4675 lanam.

2246 4711 2474 4770 Concilii
2500 4701 2788 4761 Laudiceni
2818 4711 2986 4751 canon
3015 4692 3104 4746 50.

1964 4814 2052 4868 50.
2093 4809 2250 4877 Quod
2281 4821 2388 4860 non
2420 4807 2635 4871 oportet
2658 4810 2782 4850 eum
2815 4789 2909 4858 qui
2933 4795 3017 4841 est
3061 4786 3329 4840 sacratus,
3375 4778 3456 4825 vet

1896 4906 2148 4966 clericus,
2191 4898 2278 4954 vel
2320 4895 2604 4954 excitator,
2639 4888 2692 4940 in
2743 4883 2940 4938 balneo
2976 4890 3096 4931 cum
3143 4864 3457 4924 mulieribus

1896 4995 2109 5058 lavari,
2157 5003 2333 5058 neque
2382 4997 2598 5040 omnem
2661 4976 2876 5048 penitus
2935 4963 3308 5022 Christianum
3379 4953 3459 5005 vel

1898 5088 2121 5141 laicum.
2161 5080 2283 5134 Haec
2317 5086 2401 5130 est
2437 5073 2582 5128 enim
2633 5067 2803 5137 prima
2850 5058 2989 5129 apud
3028 5061 3215 5124 gentes
3261 5043 3448 5100 conde-

1901 5179 2131 5235 mnatio.

2207 5259 2431 5316 Concilii
2454 5252 2752 5311 mcumenici
2784 5261 2831 5299 vr
2867 5255 3032 5296 canon
3062 5235 3150 5289 77.

1974 5356 2061 5410 ’77.
2092 5351 2250 5418 Quod
2284 5364 2390 5404 non
2434 5349 2648 5413 Oportet
2697 5333 2866 5390 sacris
2905 5327 3168 5384 initiatos,
3202 5315 3285 5370 vel
3314 5312 3462 5368 cleri-

1905 5468 2018 5512 cos,
2066 5449 2148 5501 vel
2178 5453 2410 5505 aseetas,
2466 5437 2518 5491 id
2571 5439 2672 5492 est,
2722 5423 3108 5482 exercitatnres
3153 5427 3244 5467 seu
3289 5421 3452 5457 Iliona

1907 5547 2060 5606 citos,
2090 5535 2259 5594 lavari
2288 5548 2410 5588 cum
2439 5522 2781 5586 mulieribus,
2821 5529 2918 5570 nec
2955 5521 3172 5564 omnem
3203 5499 3447 5557 Cbristia
