3904 6220
372 219 468 284 791

1524 209 1784 270 ΡΗΟΤΙΙ
1813 207 2317 268 PATRIARCILE
2350 206 2456 266 ΕΡ.

3502 188 3612 254 ’192

375 343 504 385 num
545 324 703 396 313
749 320 968 377 inicum.
1027 319 1148 376 Haec
1179 331 1262 374 est
1290 319 1440 375 enim
1479 322 1650 389 prima
1686 320 1941 376 condem-

2056 337 2246 389 γνωσις
2269 318 2419 386 παρά
2444 318 2554 378 τοῖς
2578 312 2808 365 ἔθνεσιν·
2835 310 2884 363 εί
2915 309 2973 363 δέ
2999 324 3080 370 τις
3119 307 3213 362 ἐπὶ
3233 305 3412 376 τούτῳ
3429 323 3612 378 φωρα-

375 421 524 476 natio
553 415 694 487 apud
723 422 931 484 gentes.
965 411 1022 467 Si
1061 412 1186 480 quis
1224 419 1408 466 autem
1439 414 1539 467 bac
1568 412 1622 464 in
1657 427 1714 466 re
1743 412 1940 481 depre-

375 511 578 567 hensus
624 507 809 583 fuerit,
844 504 887 559 si
919 504 991 558 sit
1025 503 1246 572 quidem
1297 503 1552 566 clericus,
1597 502 1937 573 deponatur;

373 604 456 657 sin
481 610 658 655 autem
684 599 876 660 laicus,
917 604 1252 666 segregetur.

447 691 666 746 Textus.
701 689 923 743 Novella
974 688 1094 750 H7,
1122 702 1244 756 qua:
1289 687 1356 740 de
1405 687 1645 756 repudiis
1676 684 1940 757 [tractat,]

374 785 692 839 facultatem
725 781 919 833 marito
941 779 1054 842 dat,
1088 789 1144 832 ut
1173 779 1217 829 si
1241 787 1437 846 praeter
1465 778 1795 831 voluntatem
1821 777 1940 846 ejus

381 889 501 926 cuin
532 871 665 928 viris
709 884 769 924 se
815 883 953 923 uxor
985 868 1145 930 lavet,
1185 867 1286 933 ipsi
1339 867 1622 935 repudium
1661 868 1856 932 mittat,
1889 873 1944 920 et

375 959 784 1016 tn..trimontum
817 959 1097 1020 dissolvat,
1129 959 1358 1027 ejusque
1389 958 1630 1012 lucretur
1663 957 1867 1012 dotem.

436 1051 588 1105 CAP.
622 1051 841 1107 XXXII.
869 1083 938 1092 —
970 1051 1309 1119 Deepiswpis
1335 1050 1628 1113 etctericis,
1653 1050 1744 1118 qui
1773 1059 1945 1102 trans-

374 1153 497 1198 eunt
527 1143 596 1196 ad
627 1144 825 1197 laicum
865 1151 1097 1207 statum,
1154 1150 1245 1194 aut
1299 1140 1586 1211 dignitates
1629 1141 1804 1196 civiles
1849 1151 1943 1195 aut

377 1236 646 1289 militiam.

816 1325 1183 1394 Apostolorum
1212 1338 1379 1376 canon
1410 1322 1499 1376 85.

445 1420 512 1474 85
557 1416 695 1490 [82].
736 1417 1073 1488 EpiscOpus,
1107 1415 1191 1469 vel
1223 1415 1536 1484 presbyter,
1570 1414 1654 1470 vel
1682 1414 1944 1469 diaconus

357 1510 639 1569 exercitui
671 1524 889 1574 vacans,
924 1517 1029 1562 etc.
1054 1519 1111 1562 ut
1142 1523 1264 1576 pag.
1294 1507 1425 1560 747.

763 1601 986 1656 Concilii
1020 1599 1231 1655 Nicami
1264 1616 1434 1653 canon
1473 1599 1558 1653 12.

447 1691 532 1744 1'2.
559 1689 660 1756 Qui
697 1699 880 1744 autem
913 1702 943 1743 a
979 1690 1150 1759 gratia
1201 1689 1420 1758 quidem
1457 1689 1691 1753 avocati,
1723 1698 1830 1744 etc.
1886 1700 1944 1742 ut
1983 1665 2021 1718 Β

373 1799 497 1853 pag.
539 1781 665 1834 751.

673 1868 901 1924 Concilii
934 1867 1375 1920 Chalcedonensis
1411 1883 1579 1920 canon
1605 1869 1662 1920 7.

453 1965 506 2016 7.
544 1963 653 2016 Eos
690 1962 780 2030 qui
814 1959 866 2012 in
901 1961 1048 2014 clero
1076 1960 1242 2012 semel
1273 1958 1512 2014 ordinati
1536 1967 1663 2013 sunt
1688 1970 1739 2014 et
1757 1959 1940 2014 itidem

367 2055 688 2114 monachos,
713 2061 820 2106 etc.
850 2062 907 2104 nt
928 2067 1050 2120 pag.
1079 2050 1202 2103 751.

443 2145 657 2198 Textus.
693 2141 814 2196 Lib.
855 2156 898 2202 ι,
929 2143 1051 2196 cod.
1087 2143 1170 2198 tit.
1206 2143 1260 2206 5,
1296 2152 1473 2194 const.
1507 2141 1597 2196 57.
1651 2140 1806 2197 Servi
1847 2144 1941 2212 qui

367 2235 647 2286 voluntate
695 2232 1040 2286 dominorum
1110 2231 1360 2284 monachi
1414 2232 1573 2294 liunt,
1633 2231 1941 2285 libertatem

364 2333 799 2393 consequuntur.
843 2327 912 2376 At
963 2323 1008 2377 si
1051 2322 1240 2376 relicto
1289 2321 1645 2392 [monacltali]
1681 2323 1942 2378 exercitio

366 2418 432 2470 ad
485 2417 650 2469 alium
703 2425 906 2469 statttm
946 2423 1246 2475 transeant,
1297 2415 1348 2466 itt
1399 2414 1715 2469 servitutem
1770 2425 1941 2469 retra-

367 2511 593 2564 Imntur.
645 2509 709 2560 Et
762 2508 992 2562 constit.
1023 2507 1113 2570 5‘2,
1166 2507 1412 2575 ejusdem
1439 2509 1521 2561 tit.
1557 2507 1612 2560 Si
1659 2508 1783 2576 quis
1815 2523 1937 2563 cum

363 2600 598 2654 clericus
625 2600 715 2663 sit,
743 2608 1010 2652 armatam
1047 2600 1294 2652 militiam
1323 2601 1504 2660 obeat.
1535 2608 1630 2653 aut
1661 2599 1820 2671 [jam]
1846 2601 1940 2654 de-

364 2694 575 2763 positus
610 2692 664 2746 in
688 2692 938 2746 militiam
974 2693 1261 2752 concedat.
1299 2703 1711 2755 exauctoratur,
1746 2694 1939 2748 confe-

364 2784 493 2837 Stim
523 2798 637 2837 suae
670 2783 926 2847 civitatis,
963 2793 1058 2836 aut
1100 2783 1324 2836 alterius
1354 2783 1497 2836 intra
1529 2799 1690 2836 unam
1721 2785 1941 2854 provin-

363 2875 530 2935 ciam,
573 2875 616 2927 si
667 2874 840 2942 ipsius
892 2873 1084 2928 civitas
1126 2875 1330 2929 multos
1382 2874 1707 2928 decuriones
1755 2875 1938 2938 habet,

2043 414 2185 483 θείη,
2221 413 2268 464 εί
2304 411 2402 481 μὲν
2424 405 2682 478 κληρικὺς
2701 404 2810 472 εἴη,
2839 399 3226 473 καθαιρείσθωο
3249 400 3302 454 εἰ
3326 398 3386 453 δὲ
3409 397 3610 467 tam,

2040 503 2404 578 ἀφοριζέσθω.

2121 691 2186 743 Ἦ
2209 688 2337 759 περὶ
2368 679 2876 758 ρεπουδίωνἭεαρὰ
2927 674 3046 748 ριξ,
3081 675 3294 730 δίδωσιν
3314 673 3496 728 ἄδειαν
3535 673 3612 744 τῷ

2040 783 2215 852 ἀνδρὶ,
2243 781 2344 849 τῆς
2399 775 2561 830 αὐτοῦ
2596 773 2847 844 γαμετῆς
2870 769 3020 839 παρὰ
3045 767 3271 837 γνώμην
3315 764 3479 818 αὑτοῦ
3501 764 3614 817 συλ-

2040 872 2335 943 λουομένης
2395 868 2642 938 ἀνδράσι,
2705 862 2944 916 στέλλειν
2984 862 3121 930 αὐτῇ
3146 857 3490 930 ’ρεπούδιον,
3520 856 3613 908 καὶ

2041 965 2188 1018 λύειν
2214 962 2304 1015 τὸν
2333 961 2508 1029 γάμον
2548 956 2642 1010 καὶ
2679 953 2986 1024 κερδαίνειν
3030 951 3132 1022 τὴν
3177 948 3352 1016 αὐτῆς
3391 949 3610 1018 προῖκα.

2115 1055 2368 1108 ΚΕΦΑΛ.
2396 1052 2520 1104 AB'.
2545 1079 2595 1090 —-
2628 1046 2768 1114 Περὶ
2806 1045 3157 1098 ἐπισκόπων
3184 1040 3289 1095 καὶ
3318 1037 3615 1106 κληρικῶν

2041 1145 2374 1218 γινομένων
2389 1139 2618 1198 lautitiae
2643 1139 2682 1209 ἢ
2709 1132 3123 1206 ἀξιωματικῶν
3155 1133 3194 1203 ἢ
3215 1127 3610 1200 στρατευομέ-

2040 1253 2185 1293 νων.

2467 1327 2850 1382 Ἀποστόλων
2879 1321 3080 1375 κανὼν·
3104 1323 3217 1387 πγ’.

2109 1429 2218 1494 πγ’.
2237 1420 2582 1486 Ἐπίσκοπος,
2607 1416 2641 1488 ἢ
2671 1413 3062 1488 πρεσϐύτερος,
3095 1409 3130 1480 ἢ
3159 1407 3429 1470 διάκονος,
3453 1417 3614 1456 στοαα

2044 1515 2164 1588 τείᾳ
2194 1513 2488 1584 σχολάζων,
2525 1527 2582 1563 κ.
2607 1526 2660 1562 τ.
2687 1507 2738 1561 λ.

2379 1600 2647 1657 Συνόδου
2669 1596 2911 1659 Νικαίας
2941 1592 3144 1648 κανὼν
3191 1589 3281 1656 ιβ’.

2121 1695 2208 1750 ιϐ’.
2233 1696 2296 1750 Οί
2352 1695 2410 1747 δὲ
2447 1689 2881 1764 προσκληθέντες
2922 1685 3022 1757 μὲν
3081 1682 3192 1737 ἀπὸ
3229 1681 3332 1751 τῆς
3379 1677 3611 1748 χάριτος,

2046 1809 2099 1844 κ.
2136 1808 2186 1843 τ.
2227 1790 2276 1842 λ.

2313 1877 2585 1934 Συνόδου
2616 1872 3006 1942 Χαλκηδόνος
3035 1868 3237 1923 κανὼν
3261 1866 3331 1930 ζ’.

2118 1974 2183 2038 ζ’.
2209 1973 2345 2036 Τοὺς
2375 1969 2520 2036 ἅπαξ
2552 1969 2608 2022 ὲν
2630 1967 2818 2037 κλήρῳ
2839 1960 3211 2032 τεταγμένους
3245 1957 3278 2028 ἢ
3328 1956 3423 2010 καὶ
3453 1970 3611 2025 μονα-

2045 2067 2198 2128 στὰς,
2228 2081 2284 2118 κ.
2316 2081 2369 2116 τ.
2402 2063 2454 2114 λ.

2112 2159 2262 2212 Βιῦλ.
2317 2163 2365 2208 α’
2391 2155 2485 2207 τοῦ
2540 2153 2696 2217 κώδ.,
2761 2150 2868 2202 τίτ.
2911 2154 2980 2215 γ’,
3013 2144 3288 2209 διάτ.λζ¹,
3343 2144 3392 2194 οί
3443 2136 3610 2192 δοῦλοι

2040 2250 2234 2320 γνώμῃ
2261 2247 2371 2300 τῶν
2399 2244 2675 2299 δεσποτῶν
2705 2239 3027 2311 μονάζοντες
3077 2233 3491 2304 ἐλευθεροῦνται
3521 2247 3536 2261 ο
3564 2228 3608 2281 εί

2039 2342 2097 2394 δὲ
2126 2319 2517 2399 καταλιπόντες
2543 2335 2639 2402 τὴν
2693 2333 2948 2398 ἄσκησιν,
2979 2328 3060 2390 εἰς
3102 2326 3298 2393 ἑτέραν
3342 2319 3610 2375 κατάστα-

2042 2451 2128 2486 σιν
2171 2429 2522 2500 μετέλθωσιν,
2575 2420 2990 2478 ἁναδουλοῦνται
3021 2435 3034 2449 ·
3069 2419 3167 2471 καὶ
3220 2414 3364 2468 διάτ.
3396 2411 3472 2483 νβ’
3519 2408 3609 2462 τοῦ

2041 2521 2206 2577 αὑτοῦ
2239 2523 2374 2583 τίτ..
2412 2520 2493 2570 ὅτι
2536 2517 2629 2570 ἐὰν
2653 2532 2738 2578 τις
2766 2514 2842 2567 ὣν
2867 2511 3127 2578 κληρικδς
3155 2506 3401 2567 ὲνόπλως
3453 2517 3608 2570 στραο

2039 2612 2319 2681 τεύοηται,
2367 2610 2400 2680 ἢ
2463 2603 2809 2676 καθαιρεθεὶς
2845 2599 3084 2672 μετέλθῃ
3141 2597 3457 2666 στρατείαν,
3484 2593 3613 2645 ἀπο-

2044 2702 2420 2773 στρατεύεται,
2450 2700 2544 2753 καὶ
2570 2696 2861 2768 βουλευτὴς
2903 2690 3255 2760 παραχρῆμα
3285 2687 3493 2753 γίνεται
3521 2681 3613 2773 τῆς

2045 2771 2177 2857 ἰδίας
2206 2793 2434 2856 πόλεως,
2463 2791 2496 2860 ἢ
2532 2790 2724 2858 ἐτέρας
2757 2786 2920 2856 μέχρι
2964 2783 3092 2853 μιᾶς
3115 2777 3406 2850 ἐπαρχίας,
3439 2773 3531 2826 ἐὰν
3581 2771 3610 2840 ή

2043 2885 2195 2947 πόλις
2228 2881 2392 2936 αὐτοῦ
2418 2881 2646 2942 πολλοὺς
2669 2878 2766 2948 ἔχῃ
2811 2873 3103 2945 βουλευτάς
3137 2889 3152 2903 ο
3192 2871 3242 2923 εἰ
3263 2869 3322 2922 δὲ
3351 2864 3612 2925 λανθάνοι,

363 2966 592 3020 decurio
634 2965 713 3018 lit.
760 2965 916 3031 Quod
951 2966 998 3019 si
1035 2966 1344 3031 delitescat,
1396 2966 1568 3036 ipsius
1603 2967 1745 3020 bona
1777 2969 1936 3023 decu-

2056 2973 2502 3044 ἐπιλαμϐάνονται
2529 2972 2578 3023 οἱ
2601 2969 2884 3038 βουλευταὶ
2911 2965 3019 3019 τῶν
3063 2962 3407 3032 πραγμάτων
3435 2956 3612 3017 αὐτου,

367 3059 554 3113 rienes
609 3057 870 3122 involant,
921 3066 975 3111 et
1009 3059 1292 3113 semissem
1347 3075 1412 3113 cx
1461 3060 1728 3114 reditibus
1781 3060 1943 3132 [jam]

363 3149 679 3203 constitutis
728 3158 822 3203 aut
867 3149 1114 3204 emendis
1173 3149 1518 3219 percipiunt;
1567 3151 1706 3204 alter
1761 3160 1944 3206 autem

363 3237 528 3309 314
578 3238 745 3292 semis
793 3236 1178 3308 praefectorum
1227 3253 1431 3292 mensae
1493 3239 1745 3295 infertur.
1800 3239 1942 3295 idem

363 3332 529 3382 etiam
581 3330 872 3392 monacho,
919 3329 1012 3398 qui
1055 3329 1550 3397 quontotiocunquc
1598 3331 1815 3393 militat,
1851 3339 1946 3385 aut

365 3421 682 3490 dignitatem
713 3423 966 3487 assumit,
1011 3430 1107 3474 aut
1154 3420 1428 3476 forensem
1479 3422 1646 3476 vitatn
1676 3433 1938 3488 sectatur,

369 3511 648 3584 [obtincL]

441 3603 658 3657 Textus.
688 3603 879 3657 Const.
910 3603 1000 3668 55,
1034 3603 1278 3670 ejusdem
1318 3605 1406 3659 tit.
1446 3605 1565 3660 Non
1600 3606 1725 3660 licet
1760 3621 1948 3676 paren-

367 3696 516 3749 tibus
550 3702 609 3748 ut
656 3695 954 3764 impediant
1013 3698 1308 3763 quominus
1339 3697 1496 3751 liberi
1544 3698 1791 3752 volentes
1823 3712 1947 3751 mo-

367 3784 529 3837 ttachi
557 3791 651 3836 aut
677 3783 860 3836 clerici
893 3782 1022 3836 ﬁant
1053 3801 1064 3835 :
1092 3791 1186 3837 aut
1210 3794 1427 3854 propter
1452 3785 1554 3838 hoc
1579 3786 1753 3840 solum
1781 3784 1946 3858 [illos]

369 3874 736 3929 exltaeredent.
773 3871 878 3927 Sed
911 3873 958 3927 si
989 3874 1090 3942 ipsi
1135 3883 1520 3930 testamentum
1551 3877 1807 3941 condant,
1849 3891 1948 3931 ne-

371 3982 522 4019 cesse
556 3966 779 4028 habent,
815 3975 872 4020 ut
905 3966 1012 4021 illis
1065 3967 1424 4036 quadrantem
1462 3968 1776 4036 relinquant
1811 3986 1824 4022 :
1859 3969 1943 4024 sin

369 4061 574 4115 autem,
615 4053 768 4107 locus
791 4051 918 4125 [est]
945 4057 1012 4107 ab
1038 4055 1320 4110 itttc5tato.
1358 4055 1513 4122 Quod
1545 4057 1589 4110 si
1621 4056 1742 4129 [illi]
1774 4059 1948 4113 eccle—

369 4145 482 4199 sias
548 4155 642 4198 aut
691 4148 1025 4200 monasteria
1081 4148 1427 4218 relinquant,
1469 4158 1633 4219 atque
1684 4152 1947 4206 mundani

368 4237 502 4291 ﬁant
531 4255 544 4290 :
573 4253 736 4293 omne
761 4241 1002 4308 ipsorum
1022 4241 1114 4310 jus
1131 4242 1198 4296 ad
1230 4245 1623 4298 monasterium
1649 4254 1744 4298 aut
1772 4246 1945 4300 eccle-

367 4329 503 4381 siam
533 4329 784 4398 pertinet.
821 4330 960 4385 Dicit
997 4347 1126 4386 vero
1162 4333 1324 4388 etiam
1360 4345 1536 4389 const.
1571 4336 1622 4399 l,
1661 4339 1744 4390 tit.
1779 4337 1804 4389 1
1837 4335 1939 4392 Νο-
1976 4327 2021 4384 Ι)

368 4422 653 4488 vellat-unt,
679 4424 823 4492 quod
865 4425 978 4479 sive
1029 4427 1331 4498 presbyter,
1363 4428 1476 4482 sive
1518 4429 1802 4495 diaconus,
1847 4440 1941 4484 aut

366 4513 794 4583 ltypotliacmtus,
827 4523 922 4568 aut
947 4516 1116 4572 lector
1148 4520 1455 4574 clcricalem
1482 4522 1727 4576 habitum
1770 4524 1938 4577 relin-

366 4620 557 4675 quere,
603 4621 657 4662 et
705 4609 771 4662 ad
815 4608 962 4670 aliud
1016 4612 1136 4665 vita:
1173 4628 1344 4682 genus
1386 4616 1616 4669 transire
1665 4616 1940 4671 voluerit:

365 4700 451 4752 vel
477 4714 601 4754 cum
639 4701 799 4755 bonis
849 4705 1034 4763 curiae,
1071 4704 1155 4757 vel
1196 4721 1400 4772 egenus
1455 4708 1724 4760 coltortali
1757 4708 1944 4761 condi-

366 4791 501 4844 tioni
524 4793 849 4847 ascribatur.
887 4793 947 4848 Et
977 4805 1154 4850 const.
1191 4796 1487 4866 erusdem
1518 4799 1601 4853 tit.
1640 4799 1831 4864 Nemo,
1860 4799 1943 4853 in-

367 4885 506 4953 quit,
530 4883 1005 4959 [ecclcsiasticam]
1033 4903 1185 4942 suam
1221 4901 1421 4944 sortem
1451 4892 1732 4957 deserens,
1779 4907 1942 4945 mun-

363 4977 542 5031 danus
582 4977 828 5032 ellicitor.
878 4979 1094 5048 Alioqui
1139 4980 1419 5046 dignitate,
1471 4997 1593 5049 qua:
1647 4980 1786 5056 forte
1837 4981 1940 5050 ipsi

364 5069 666 5133 obvenerit,
722 5083 816 5124 aut
851 5073 1042 5124 militia
1091 5072 1414 5139 privabitur,
1461 5083 1514 5126 ct
1559 5057 1942 5129 suw‘civitatis

365 5163 530 5215 Curia:
552 5165 817 5217 tradetur.
853 5165 905 5218 Si
959 5177 1152 5218 SCI'VIIS
1196 5165 1404 5218 sciente
1437 5181 1614 5234 neque
1667 5168 1942 5222 contradi-

363 5265 521 5308 cente
558 5256 783 5309 domino
821 5258 1052 5310 clericus
1099 5259 1273 5310 lactus
1305 5258 1468 5312 fuerit
1501 5277 1514 5312 :
1544 5259 1677 5313 liber
1709 5269 1762 5312 et
1791 5261 1940 5329 inge-

362 5360 514 5401 nuus
553 5347 631 5399 lit.
668 5349 737 5401 At
783 5349 826 5401 si
881 5349 1138 5401 dominus
1186 5348 1545 5417 ignoraret-it,
1594 5362 1755 5420 atque
1798 5352 1938 5405 intra

364 5450 568 5490 annum
605 5438 878 5493 fortunam
908 5441 1244 5509 comprobet,
1273 5442 1420 5495 illum
1457 5444 1666 5512 recipit.
1709 5442 1864 5510 Quod
1893 5445 1938 5500 si

364 5528 442 5582 ita
483 5529 615 5583 liber
641 5533 838 5596 factus,
875 5532 939 5585 ad
967 5532 1296 5586 mundanam
1329 5534 1494 5589 vitam
1541 5545 1804 5599 transeat,
1833 5546 1940 5590 tra-

375 5619 518 5676 ditur
550 5623 773 5680 domino
798 5627 851 5682 in
886 5628 1223 5684 servitutem.
1271 5628 1400 5682 Item
1424 5669 1439 5698 ,
1473 5632 1516 5686 si
1559 5632 1650 5701 qui
1697 5649 1791 5702 per
1819 5650 1936 5685 mo-

2049 3065 2142 3119 καὶ
2171 3043 2232 3116 το
2255 3062 2352 3133 μὲν
2382 3062 2555 3131 ἥμισυ
2589 3061 2644 3112 ὲν
2669 3058 2914 3129 προσόδῳ
2931 3054 3064 3123 οὔσῃ
3103 3053 3135 3122 ἦ
3171 3049 3454 3118 ὠνουμένη
3480 3043 3612 3112 λαμ-

2047 3155 2288 3215 ϐάνουσι,
2312 3153 2373 3205 τὸ
2401 3152 2456 3204 δὲ
2481 3151 2653 3220 ἥμισυ
2684 3152 2748 3220 τῇ
2778 3148 3024 3216 τραπέζῃ
3053 3145 3159 3197 τῶν
3192 3143 3454 3212 ὑπάρχων
3509 3138 3614 3190 elc—

2047 3247 2329 3316 κομίζεται
2361 3260 2374 3272 ·
2455 3247 2516 3296 τὸ
2574 3241 2708 3295 αὐτὸ
2791 3242 2886 3294 καὶ
2948 3240 3041 3291 ἐπὶ
3085 3235 3323 3306 μοναχοῦ
3377 3227 3614 3286 ὁπωσοῦν

2051 3337 2479 3409 στρατευομένου
2511 3333 2931 3404 ῆλαμϐἀνοντος
2983 3327 3162 3393 ἀξίαν,
3186 3328 3220 3398 ῆ
3260 3325 3353 3380 τὸν
3381 3326 3438 3377 ὲν
3465 3321 3614 3374 δικα-

2052 3429 2293 3500 στηρίοις
2330 3428 2442 3498 βίον
2475 3423 2925 3496 μεταδιώκοντος.

2125 3611 2271 3665 Διάτ.
2301 3609 2381 3678 νγ¹
2414 3606 2507 3660 τοῦ
2530 3605 2695 3660 αὐτοῦ
2729 3606 2857 3671 τίτ.,
2896 3605 2998 3657 οὐκ
3031 3604 3211 3670 ἔξεστι
3263 3604 3374 3664 τοῖς
3407 3596 3613 3668 γονεῦσι

2053 3701 2410 3773 βουλομένους
2479 3700 2606 3760 τοὺς
2657 3697 2852 3756 παῖδας
2913 3695 3144 3765 μονὰσαι
3202 3693 3238 3764 ἢ
3284 3690 3614 3762 κληρωθῆναι

2049 3793 2302 3858 κωλύειν,
2362 3789 2485 3844 οὔτε
2542 3790 2630 3843 διὰ
2694 3787 2854 3840 τοῦτο
2921 3787 3078 3856 μόνον
3146 3783 3614 3854 ἀποκληρονόμους

2049 3889 2223 3939 ποιεῖν
2254 3901 2269 3915 ⁸
2324 3882 2440 3937 ἀλλ’
2473 3884 2521 3934 εἰ
2573 3883 2675 3950 μὲν
2704 3881 2771 3933 τὰ
2820 3879 2941 3932 καθ’
2966 3879 3196 3941 ἑαυτοὺς
3251 3874 3611 3935 διατυποῦσιν,

2049 3977 2296 4044 ἀνάγκην
2352 3973 2538 4042 ἔχουσι
2588 3973 2736 4040 τρεῖς
2763 3969 2952 4037 ὀγκίας
2986 3970 3079 4038 ὲᾷν
3103 3969 3289 4031 αὐτοῖς
3315 3983 3329 3998 ⁸
3361 3967 3409 4020 εί
3438 3964 3492 4018 δὲ
3542 3962 3612 4032 μὴ

2049 4064 2473 4127 διατυπὼσουσι,
2537 4061 2690 4134 χώρα
2738 4064 2851 4120 τοῖς
2911 4059 2970 4124 ἐξ
2997 4059 3280 4114 ἁδιαθέτου
3306 4076 3320 4090 ο
3365 4059 3412 4111 εξ
3444 4056 3497 4108 δὲ
3522 4055 3612 4115 τὰς

2063 4156 2385 4222 Ἑκκλησίας
2408 4153 2440 4222 ἢ
2470 4151 2536 4204 τὰ
2571 4151 2906 4220 μοναστὴρια
2925 4147 3290 4213 καταλίπωσι,
3312 4143 3405 4198 καὶ
3427 4157 3609 4208 κοσμι·

2052 4247 2137 4301 κοὶ
2159 4247 2445 4314 γένωνται,
2485 4242 2662 4295 πάντα
2685 4240 2752 4293 τὰ
2770 4241 2954 4292 δίκαια
2973 4238 3151 4291 αὐτῶν
3176 4237 3256 4307 τῷ
3281 4229 3611 4307 μοναστηρίῳ

2047 4339 2140 4390 καὶ
2173 4334 2550 4405 τῇἙκκλησίᾳ
2575 4333 2844 4401 διαφέρει’
2876 4331 3026 4398 λέγει
3052 4331 3110 4382 δὲ
3128 4331 3273 4398 καὶὴ
3292 4325 3495 4380 α’διάτ.
3520 4319 3609 4373 τοῦ

2049 4427 2097 4481 α’
2133 4429 2236 4480 τίτ.
2259 4426 2364 4478 τῶν
2383 4425 2635 4496 Νεαρῶν,
2654 4425 2734 4476 ὅτι
2764 4424 2873 4476 εἴτε
2898 4422 3168 4491 πρεσϐύτε
3180 4438 3290 4492 ρος,
3312 4420 3416 4471 εἴτε
3439 4415 3608 4468 διάκο-

2049 4520 2212 4590 νος,ῆ
2252 4519 2620 4581 ὑποδιοὶκονος,
2660 4517 2693 4586 ἢ
2746 4513 3122 4584 ἀναγνώστης,
3176 4511 3457 4566 ἀπολιπεῖν
3495 4506 3608 4575 βου-

2047 4614 2182 4685 ληθῇ
2228 4613 2290 4666 τὸ
2341 4614 2524 4683 σχῆμα
2589 4609 2684 4662 τοῦ
2737 4609 3022 4679 κληρικοῦ,
3067 4607 3161 4660 καὶ
3194 4609 3269 4668 εἰς
3295 4605 3474 4674 ἕτερον
3503 4599 3607 4669 βίον

2050 4705 2349 4776 μετελθεῖν,
2395 4705 2428 4774 ἢ
2489 4706 2569 4766 εἰς
2618 4701 3000 4773 βουλευτήριον
3035 4699 3170 4769 μετὰ
3199 4699 3296 4767 τῆς
3325 4694 3526 4755 οὐσίας,
3573 4690 3602 4757 ἦ

2047 4799 2246 4865 ἄπορος
2274 4793 2347 4848 ὢν
2380 4797 2458 4858 εἰς
2496 4793 2831 4862 ταξεωτικὴν
2861 4791 3267 4861 καταχθήσεται
3295 4786 3461 4855 τύχην
3485 4800 3498 4812 ·
3517 4777 3605 4832 καὶ
3692 4857 3704 4872 Α

2046 4890 2146 4960 ἡβ⁹
2186 4889 2325 4943 διάτ.
2359 4887 2453 4940 τοῦ
2480 4887 2647 4940 αὑτοῦ
2686 4887 2787 4940 τίτ.
2820 4887 2978 4956 φησὶ,
3025 4884 3214 4953 μηδεὶς
3267 4882 3358 4934 τὸν
3410 4876 3598 4930 οἰκεῖον

2047 4983 2243 5052 κλῆρον
2271 4981 2394 5046 ἐῶν,
2428 4980 2659 5048 γινέσθω
2682 4977 2964 5048 κοσμικὺς,
3005 4975 3129 5028 ἐπεὶ
3149 4974 3242 5028 καὶ
3263 4973 3357 5042 τῆς
3379 4970 3450 5031 ὡς
3465 4965 3599 5024 εἰκὸς

2046 5075 2356 5146 προσούσης
2409 5073 2558 5144 αὐτῷ
2591 5072 2747 5139 ἀξίας
2780 5071 2813 5141 ἢ
2847 5070 3137 5140 στρατείας
3169 5067 3457 5137 στερεῖται,
3513 5056 3600 5108 καὶ

2044 5173 2109 5239 τῇ
2143 5169 2304 5239 βουλῇ
2340 5167 2437 5236 τῆς
2465 5167 2598 5228 ἰδίας
2625 5166 2831 5225 πόλεως
2852 5163 3164 5216 ἀποδίδοται
3195 5176 3210 5190 ·
3241 5159 3334 5213 καὶ
3363 5159 3452 5209 ἐὰν
3479 5148 3594 5204 δοῦ-

2043 5261 2134 5322 λος
2166 5261 2363 5323 εἰδότος
2391 5259 2486 5311 καὶ
2543 5256 2618 5327 μὴ
2652 5256 3027 5324 ἀντιλέγοντος
3060 5252 3152 5306 τοῦ
3189 5249 3440 5306 δεσπότου
3477 5243 3597 5308 κλη-

2046 5352 2215 5422 ρωθῇ,
2247 5350 2529 5420 ἐλεύθερος
2574 5349 2664 5402 καὶ
2703 5347 2928 5416 εὐγενὴς
2979 5347 3186 5415 γίνεται
3217 5361 3230 5376 ’
3263 5337 3462 5409 ἀγνοῶν
3493 5333 3545 5384 δὲ
3570 5331 3595 5382 ὁ

2043 5445 2341 5513 Δεσπότης,
2400 5444 2531 5494 εἵσω
2585 5439 2701 5504 ἐνὸς
2750 5436 2998 5491 ἐνιαυτοῦ
3042 5437 3140 5507 τὴν
3187 5435 3353 5503 τύχην
3386 5424 3588 5481 ἀποδει-

2044 5540 2194 5600 κνὺς,
2228 5535 2494 5606 λαμϐάνει
2529 5533 2692 5585 αὐτόν
2722 5548 2733 5558 ·
2767 5533 2796 5583 ὁ
2831 5531 2888 5582 δὲ
2919 5529 3090 5592 οὕτως
3137 5520 3586 5606 ἐλευθερούμενοςν

2043 5633 2136 5684 ἐὰν
2197 5632 2273 5692 εἰς
2323 5626 2582 5696 κοσμικὴν
2643 5625 2756 5694 βίον
2813 5621 3081 5693 μετέλθοι,
3129 5615 3464 5688 παραδίδοται
3519 5619 3587 5668 τῳ
