3766 6198
113 221 235 285 793

739 218 1137 283 SYNTAGMA
1177 215 1564 281 CANONUM.
1593 243 1664 255 -
1686 218 1833 278 TIT-
1865 217 1983 291 IX,
2019 217 2176 278 CAP.
2211 217 2699 280 XXXII-XXXV.

3298 222 3401 285 ’294

114 329 370 401 δεσπότῃ
395 326 558 382 αὐτοῦ
589 329 670 393 είς
692 328 938 382 δουλείαν
971 345 986 360 ·
1031 330 1127 383 καὶ
1155 332 1236 384 ὅτι
1266 331 1294 382 ὁ
1318 329 1406 383 διὰ
1469 327 1564 382 τοῦ
1617 345 1672 394 με

1865 324 2105 377 renatum
2158 323 2294 377 liber
2329 323 2509 380 factus
2556 333 2661 388 est,
2698 325 3009 382 mundanus
3057 327 3174 392 fiat,
3211 340 3306 384 aut
3344 335 3398 386 in

112 425 294 480 νάσαι
351 425 758 495 ἐλευθερωθεὶς,
809 424 905 478 ἐὰν
951 425 1216 495 κοσμικὸς
1271 425 1517 494 γένηται,
1564 424 1597 493 ἢ
1650 427 1708 476 ἐν

113 521 324 588 ἀγροῖς
356 517 736 588 περιέρχηται,
759 516 1070 570 ἀποδίδοται
1112 518 1178 586 τῇ
1237 516 1343 586 ἰδίᾳ
1381 515 1521 586 τύχῃ
1552 531 1566 546 ·
1615 516 1709 568 καὶ

111 611 152 680 ἡ
185 609 258 676 ιγ’
288 607 383 660 τοῦ
428 607 596 661 αὑτοῦ
648 607 754 660 τίτ.
812 607 952 660 διάτ.
1018 609 1201 676 φησιν,
1235 609 1316 661 ὅτι
1341 607 1526 672 δοῦλος
1568 608 1708 661 κατὰ

111 700 226 770 τὴν
251 701 309 750 ἐν
339 698 490 768 αὐτῷ
523 699 909 768 παρατήρησιν
939 699 1199 768 μονάσας,
1228 698 1326 752 ἐὰν
1364 699 1597 770 πειραθῇ
1647 699 1708 751 τὸ

114 794 493 863 μοναστήριον
520 791 824 854 ἀπολιπεῖν,
865 791 959 844 κα)⁸
1003 790 1116 861 βίου
1138 792 1325 859 ἐτέρου
1355 791 1541 861 σχῆμα
1571 808 1706 860 μετ-

110 866 325 945 ελθεῖν,
380 883 561 948 ἔξεστι
617 881 696 950 τῷ
743 882 858 952 ἰδίῳ
885 882 1119 953 δεσπότῃ
1149 882 1250 954 τὴν
1289 882 1458 954 τύχην
1490 884 1708 937 ἀποδει-

113 971 344 1037 κνύντι,
379 971 558 1024 ἐλκειν
586 971 747 1025 αὑτὸν
776 973 872 1025 καὶ
894 974 975 1035 είς
997 972 1220 1034 οἰκέτας
1249 973 1481 1042 ὑπάγειν
1513 991 1528 1005 ο
1558 975 1705 1044 λέγει

106 1065 175 1117 δὲ
237 1065 338 1117 καὶ
361 1065 395 1134 ἡ
430 1063 473 1132 β’
499 1063 637 1116 διάτ.
670 1061 765 1116 τοῦ
822 1069 871 1116 α’
899 1065 1006 1117 τίτ.
1059 1063 1170 1116 τῶν
1199 1064 1449 1134 Νεαρῶν,
1486 1065 1568 1120 δτι
1611 1067 1706 1119 ἐὰν

112 1155 365 1226 μοναχδς
407 1155 636 1224 γένηται
681 1155 886 1220 λαῖκδς,
924 1156 1226 1224 γυμνοῦται
1262 1159 1361 1226 τῆς
1415 1157 1706 1226 στρατείας

108 1249 216 1300 καὶ
273 1249 376 1317 τῆς
442 1248 630 1318 τιμῆς,
686 1247 780 1301 καὶ⁹
830 1247 915 1300 διὰ
940 1247 1034 1300 τοῦ
1094 1249 1418 1313 ἐπισκόπου,
1461 1248 1580 1318 μεθ’
1630 1241 1706 1302 ὧν

109 1341 493 1408 ἐπεκτήσατο,
525 1341 604 1402 εἰς
636 1339 1001 1409 μοναστήριον
1038 1337 1323 1408 βάλλεταιο
1367 1339 1416 1391 εἰ
1454 1340 1510 1392 δέ
1542 1339 1705 1394 πάλιν

108 1429 417 1483 καταλίποι
444 1431 503 1483 τὸ
537 1431 923 1500 μοναστήριον,
965 1433 992 1482 ό
1040 1431 1227 1501 ἄρχων
1279 1431 1378 1500 τῆς
1434 1433 1704 1503 ἐπαρχίας

107 1523 173 1573 ἐν
271 1521 603 1591 συνελήφθη,
641 1523 749 1574 ἑνοῖ
775 1521 937 1574 αὐτὸν
956 1523 1020 1591 τῇ
1053 1523 1332 1592 ἐπιχωρίῳ
1351 1521 1524 1586 τάξει.

187 1614 448 1668 ΚΕΦΛΛ.
515 1611 631 1667 Al".
667 1644 738 1654 —
804 1614 944 1682 Περὶ
999 1613 1118 1667 τῶν
1172 1615 1706 1686 συνεπισταμένων

103 1704 531 1773 ἁμαρτάνουσι
567 1704 893 1770 κληρικοῖς,
935 1706 1034 1758 καὶ
1079 1705 1158 1773 μὴ
1191 1710 1629 1775 φανερούντων.

573 1798 897 1849 Βασιλείου
923 1797 1128 1850 κανὼν
1155 1797 1253 1854 οα’.

177 1887 287 1942 οα’.
336 1887 392 1942 Ὀ
449 1889 802 1956 συνεγνωκὼς
856 1892 1070 1960 ἑκάστῳ
1135 1891 1242 1943 τῶν
1288 1895 1702 1963 προειρημένων

104 1980 560 2050 ἁμαρτημάτων,
583 1980 676 2032 καὶ
693 1981 766 2049 μὴ
783 1981 1140 2051 ὁμολογήσας,
1159 1982 1273 2035 ἀλλ’
1296 1983 1591 2054 ἐλεγχθεὶς,
1607 1986 1700 2040 τοῦ

102 2071 375 2124 τοσούτου
403 2071 595 2142 χρόνου
621 2074 702 2135 είς
734 2072 791 2124 ὃν
818 2075 846 2126 ὀ
873 2073 1110 2144 ἐργάτης
1173 2075 1282 2128 τῶν
1310 2076 1495 2130 κακῶν
1522 2079 1704 2131 ἐπιτε-

101 2163 369 2232 τίμηται,
406 2165 497 2218 καὶ
529 2165 692 2228 αὐτὸς
724 2165 876 2218 ἔσται
910 2167 968 2218 ἐν
993 2167 1274 2237 ἐπιτιμίῳ.

180 2257 330 2326 Περὶ
357 2258 466 2309 τῶν
502 2257 910 2329 ὑποδεχομένων
953 2261 985 2330 ἦ
1020 2263 1369 2330 κρυπτόντων
1403 2261 1626 2336 λῃστὰς,
1662 2264 1694 2336 ἢ

97 2350 429 2420 δυναμένων
446 2352 538 2403 καὶ
558 2351 631 2421 μὴ
651 2353 1072 2421 παραδιδόντων,
1094 2355 1124 2424 ἢ
1141 2356 1345 2426 ἐτέροις
1361 2357 1697 2429 ἐγκλήμασιν

96 2443 514 2512 ὑποκειμένων,
541 2444 894 2513 διαλαμὸάνει
925 2447 953 2497 ὁ
987 2447 1185 2500 λθ¹τίτ.
1220 2448 1314 2500 τοῦ
1343 2448 1386 2501 θ’
1424 2449 1564 2518 βιϐλ.
1601 2452 1694 2504 τοῦ

96 2537 240 2590 κώδ.
259 2539 397 2591 καὶὸ
418 2539 608 2602 ις’τίτ.
632 2538 724 2592 τοῦ
745 2539 829 2608 μζ¹
847 2539 985 2607 βιϐλ.
1012 2542 1119 2594 τῶν
1136 2545 1255 2610 Διγ.
1279 2545 1354 2612 πῆ
1375 2545 1474 2613 μὲν
1499 2545 1697 2607 αὐτοὺς

97 2630 512 2699 ὑποβάλλοντες
537 2634 655 2694 ταῖς
685 2634 805 2684 κατ’
850 2633 1076 2686 ἐκείνων
1120 2635 1490 2705 ἁρμοζούσαις
1518 2654 1693 2706 τιμω-

101 2721 283 2789 ρίαις,
317 2721 394 2790 πῆ
429 2721 486 2774 δὲ
510 2722 802 2792 διαφόρους
828 2723 1017 2786 ποινὰς
1046 2725 1346 2791 ἐπάγοντες
1369 2741 1385 2756 ο
1438 2727 1532 2778 καὶ
1575 2726 1693 2788 πῶς

95 2812 474 2866 ἀποσπῶνται
527 2814 578 2865 oi
615 2814 908 2868 ὑπεύθυνοι
951 2815 1233 2883 διάγοντες
1280 2817 1336 2869 ἐν
1369 2817 1591 2886 χωρίοις
1628 2833 1642 2846 ο
1665 2820 1692 2870 ὁ

93 2905 160 2956 δὲ
197 2905 438 2974 συγγενῆ
472 2905 504 2975 ἢ
540 2906 803 2975 άγχιστέα
832 2908 1036 2976 λῃστὴν
1095 2908 1336 2977 φυλάξας
1371 2911 1466 2961 καὶ
1490 2909 1690 2962 διασώ-

1819 414 2138 469 civitatibus
2179 415 2260 468 vel
2297 415 2347 468 iu
2384 416 2532 484 agris
2581 417 2960 482 circumerret,
3011 434 3123 472 sua;
3165 420 3399 476 fortuna:

1815 506 2145 560 restituitur.
2200 507 2264 560 Et
2292 516 2470 564 const.
2501 510 2587 573 15,
2624 510 2868 578 ejusdem
2903 511 2987 564 tit.
3021 512 3096 564 ait
3130 530 3142 565 :
3178 511 3234 565 Si
3288 529 3400 567 ser-

1821 611 1920 649 vus
1947 598 2247 650 secundum
2269 599 2705 653 observationem
2737 601 2790 655 iu
2829 602 2917 654 illa
2945 602 3248 674 [traditam]
3281 619 3398 658 mo-

1810 688 2020 742 nachus
2052 688 2250 754 factus,
2297 692 2693 746 monasterium
2745 694 3077 763 relinquere,
3127 697 3397 765 aliamque

1808 782 1932 837 vitae
1973 785 2237 838 rationem
2269 785 2466 839 sectari
2518 788 2804 842 tentaverit
2839 806 2853 844 :
2885 790 3045 860 315
3087 791 3270 845 licebit
3296 792 3395 845 do-

1811 875 1983 940 mino,
2019 887 2374 946 posteaquam
2404 876 2679 932 fortunam
2708 883 3095 950 comprobarit,
3130 892 3189 936 ut
3213 884 3390 952 ipsum

1810 970 2009 1030 trahat,
2033 977 2087 1022 et
2118 969 2260 1023 inter
2279 985 2466 1025 servos
2493 970 2766 1038 subjiciat.
2789 971 2893 1025 Sed
2921 982 2974 1026 et
2995 981 3166 1027 const.
3196 990 3233 1040 I,
3261 974 3347 1028 tit.
3378 993 3393 1030 r

1814 1057 2162 1114 Novellarum
2204 1059 2338 1114 dicit
2368 1079 2380 1115 :
2416 1059 2471 1114 Si
2517 1063 2822 1116 monachus
2862 1063 3034 1119 laicus
3067 1065 3244 1120 factus
3271 1066 3390 1119 fue-

1811 1149 1908 1214 rit,
1934 1150 2243 1205 dcnudatur
2266 1151 2462 1205 militia
2494 1170 2507 1204 :
2539 1161 2594 1206 et
2623 1169 2748 1207 cum
2775 1155 2841 1209 iis
2864 1170 2984 1224 quae
3013 1157 3389 1225 acquisiverit,

1808 1254 1903 1308 per
1929 1241 2246 1310 episcopum
2273 1242 2326 1295 iu
2353 1245 2747 1299 monasterium
2777 1246 3030 1300 mittitur.
3056 1248 3262 1302 Przeses
3292 1264 3390 1302 au-

1807 1340 1914 1387 tem
1953 1333 2249 1406 provincia:
2273 1334 2328 1388 in
2361 1351 2466 1404 qua
2490 1339 2919 1406 comprehensus
2951 1337 3140 1404 fuerit,
3177 1339 3376 1409 adjun-

1807 1425 1885 1493 git
1913 1425 2090 1495 ipsum
2127 1427 2454 1496 provinciali
2483 1428 2720 1484 cohorti.

1876 1613 2025 1670 CAP.
2052 1614 2294 1670 XXXIII.
2323 1647 2394 1656 ——
2417 1615 2492 1672 De
2516 1618 2740 1671 consciis
2764 1617 3020 1672 scelerum
3041 1617 3382 1682 clericorum,

1807 1723 1968 1776 neque
1995 1708 2370 1762 revelantibus.

2317 1800 2510 1854 Basilii
2561 1816 2730 1853 canon
2770 1800 2859 1854 7|.

1877 1890 1962 1944 7i.
2006 1890 2108 1957 Qui
2143 1891 2580 1959 uniuscujusque
2609 1890 2993 1959 praedictorum
3032 1901 3381 1959 peccatorum

1803 1983 2055 2038 conscius
2082 1993 2183 2046 est,
2217 1999 2313 2037 nec
2334 1982 2639 2046 confessus,
2660 1981 2752 2036 sed
2783 1981 3068 2037 convictus
3099 1991 3206 2047 est,
3233 1992 3384 2038 tanto

1804 2083 2064 2141 tempore,
2099 2082 2306 2140 quanto
2339 2073 2610 2126 malorum
2643 2081 2836 2126 auctor
2869 2072 3095 2142 punitus
3127 2081 3234 2138 est,
3265 2073 3388 2143 ipse

1801 2179 2023 2233 quoque
2054 2161 2333 2234 punietur.

1867 2256 2081 2310 Tcxtus.
2118 2257 2190 2310 De
2223 2257 2290 2310 iis
2317 2257 2408 2325 qui
2437 2256 2608 2322 fures,
2633 2255 2823 2310 aliisve
2854 2256 3181 2309 criminibus
3203 2256 3379 2309 obno—

1803 2351 1946 2412 xios,
1985 2360 2080 2403 aut
2111 2350 2400 2419 recipiunt,
2435 2358 2529 2402 aut
2555 2349 2857 2412 occultant,
2895 2358 2985 2401 aut
3008 2365 3130 2401 eum
3158 2359 3384 2418 possunt

1803 2460 1907 2496 non
1937 2445 2178 2508 tradunt,
2216 2453 2449 2498 tractant
2482 2446 2563 2498 tit.
2598 2445 2684 2504 59,
2723 2443 2814 2496 lib.
2851 2459 2898 2494 ix
2945 2443 3066 2494 cod.
3103 2452 3157 2495 et
3183 2443 3263 2496 tit.
3294 2425 3378 2504 lli,

1799 2533 1893 2588 lib.
1927 2550 2066 2586 xrvu
2097 2533 2299 2602 Digest.
2344 2534 2455 2602 jam
2494 2534 2642 2603 ipsos
2667 2532 2843 2602 pmnis
2871 2548 2994 2599 qua:
3026 2542 3213 2585 contra
3263 2533 3382 2584 illos

1797 2633 2137 2692 competunt,
2176 2624 2533 2694 subjicientes
2570 2624 2719 2693 :jatn
2771 2623 3017 2677 diversas
3063 2638 3253 2690 prenas
3297 2625 3380 2674 in--

1798 2714 2054 2768 ferentes.
2093 2713 2242 2786 [Qui]
2279 2715 2442 2768 etiam
2499 2712 2810 2784 [tractant],
2862 2713 3137 2783 quomodo
3179 2713 3255 2765 rei
3287 2713 3379 2781 qui

1797 2809 1849 2860 in
1879 2810 2026 2876 agris
2058 2809 2276 2878 degunt,
2323 2809 2735 2861 abstrahamur.
2773 2803 2876 2870 Qui
2925 2822 3055 2859 vero
3110 2807 3379 2859 latronem

1795 2903 2090 2962 cognatum
2133 2910 2225 2948 aut
2277 2896 2643 2964 prOpinquum
2683 2893 2924 2946 custodit
2973 2904 3026 2946 et
3071 2900 3380 2957 conservat,

99 3011 230 3058 σοις,
260 2995 442 3063 μέσως
474 3011 589 3057 πως
618 3000 962 3066 τιμωρεῖται,
989 2996 1065 3060 ὡς
1117 2997 1223 3066 δίγ.
1267 2997 1312 3067 β’
1340 2998 1433 3050 τοῦ
1464 3005 1539 3061 ις’
1577 3000 1672 3051 τιτι

1865 2987 1971 3039 adio
2005 2988 2238 3056 quodam
2293 2987 2456 3040 modo
2504 2987 2728 3057 punitur
2762 3003 2775 3039 :
2808 2993 2866 3037 ut
2898 2984 3008 3055 dig.
3064 2985 3118 3050 2,
3152 2985 3282 3040 dicti
3319 2985 3382 3036 l6

95 3084 200 3136 τοῦ
226 3084 524 3154 εἰρημένου
553 3084 645 3137 τοῦ
679 3088 765 3154 μζ⁹
797 3085 939 3154 βι6λ.

177 3193 436 3245 ΚΕΦΑΛ.
472 3190 589 3244 AA'.
624 3223 690 3233 -—-
725 3195 865 3261 Περὶ
921 3195 1028 3249 τοῦ
1092 3197 1500 3265 καθαιρεῖσθαι
1549 3198 1693 3264 τοὺς

96 3283 438 3352 κληρικοὺς
471 3283 750 3350 διδόντας
787 3285 1027 3354 ἐγγύας.

549 3376 767 3431 ’Λποστ
776 3377 934 3431 ὅλων
951 3378 1153 3432 κανὼν
1199 3385 1266 3433 κ’.

173 3468 246 3524 κ’.
271 3470 554 3541 Κληρικδς
579 3471 785 3537 ἐγγύας
817 3470 1015 3534 διδοὺς,
1052 3471 1442 3537 καθαιρείσθω.

181 3561 251 3614 Ἦ
284 3567 362 3613 κε’
394 3563 488 3614 καὶ
529 3563 561 3629 ἡ
584 3561 662 3630 λβ⁹
701 3560 840 3615 διάτ.
868 3560 962 3614 τοῦ
990 3567 1040 3630 γ’
1068 3561 1172 3614 τίτ.
1203 3562 1296 3614 τοῦ
1345 3568 1393 3615 α’
1430 3561 1571 3630 βιόλ.
1596 3561 1690 3615 τοῦ

103 3653 257 3708 Κὼδ.
311 3652 532 3721 λέγουσι
560 3653 686 3714 τοὺς
718 3653 1014 3722 κληρικοὺς
1066 3653 1455 3723 δικαζομένους
1490 3656 1692 3709 διδόναι

101 3747 317 3815 ἐγγύας
354 3761 370 3776 ο
403 3748 431 3815 ἡ
462 3746 516 3798 δέ
541 3745 595 3814 ’β’
620 3745 760 3798 διάτ.
785 3747 878 3812 τοῦ
912 3747 958 3799 α’
987 3746 1093 3802 τίτ.
1125 3747 1233 3800 τῶν
1265 3747 1493 3818 Νεαρῶν
1521 3749 1687 3816 λέγει,

101 3843 235 3902 τοὺς
269 3841 373 3908 μὲν
421 3839 716 3906 κληρικοὺς
761 3838 1176 3908 δικαζομένους,
1227 3841 1300 3910 μὴ
1359 3841 1560 3894 διδόναι
1595 3845 1688 3910 ἐγ-

104 3932 342 4003 γυητὴν,
378 3930 493 3983 ἀλλ’
518 3929 809 3999 ὁμολογίαν
843 3931 1178 3998 ἐνυπὸθηκον
1205 3932 1377 3982 ποιεῖν
1431 3930 1559 3983 ἄνευ
1597 3931 1688 4000 ὄρ-

103 4043 203 4078 κου
237 4039 252 4052 ⁸
284 4023 414 4085 τοὺς
443 4021 499 4074 δέ
523 4020 852 4084 ἐπισκόπους
874 4020 1284 4092 δικαζομένους,
1319 4023 1457 4090 μήτε
1478 4021 1686 4092 ἐγγύας

100 4115 329 4177 διδόναι,
357 4115 495 4185 μήτε
529 4118 700 4168 ποιεῖν
720 4115 1035 4185 ὁμολογίαν.

172 4231 437 4285 ΚΕΦΑΛ.
487 4227 612 4283 AE’.
645 4258 713 4270 ——
740 4229 884 4296 Περὶ
909 4226 1216 4296 κληρικῶν
1241 4225 1570 4282 ἐσθιόντων
1620 4227 1691 4280 ἐν

98 4323 423 4392 καπηλείῳ
449 4322 485 4392 ἢ
506 4323 863 4390 πανδοκείῳ.

548 4415 932 4469 Ἀποστόλων
954 4413 1154 4468 κανὼν
1169 4414 1257 4466 v-S'.

172 4505 270 4562 νδ’.
307 4508 372 4561 El’
395 4525 478 4571 τις
495 4508 753 4578 κληρικὸς
773 4509 830 4560 ἐν
855 4506 1137 4578 καπηλείῳ
1171 4506 1449 4577 φωραθείη
1470 4506 1689 4573 ἐσθίων,

95 4622 152 4657 κ.
190 4619 247 4656 τ.
277 4601 334 4656 λ.

374 4711 644 4765 Συνόδου
675 4712 1024 4778 Λαοδικείας
1046 4711 1248 4766 κανὼν
1275 4713 1375 4767 κδ’.

171 4804 278 4859 κδ’.
317 4805 441 4858 Ὀτι
465 4805 526 4858 οὺ
548 4805 628 4857 δεῖ
673 4806 981 4877 ίερατικοίις
1015 4807 1123 4858 άπὸ
1152 4807 1540 4878 πρεσϐυτέρων
1579 4807 1685 4871 ἕως

94 4896 391 4959 διακόνων,
419 4897 512 4948 καὶ
547 4894 694 4964 ἑξῆς.

377 5010 648 5065 Συνόδου
677 5011 1099 5080 Κίιρθαγέννης
1131 5011 1333 5065 κανὼν
1365 5021 1438 5083 μ’.

172 5103 314 5171 Περὶ
344 5103 454 5157 τοῦ
477 5103 565 5172 μὴ
601 5105 1052 5169 καπηλεύεσθαι
1094 5104 1232 5171 τοὺς
1259 5106 1604 5172 κσιηρικοὺς,
1639 5109 1689 5160 ει

93 5196 184 5266 μὴ
222 5195 755 5263 ἐπιξενουμένους.

175 5284 251 5357 μ’.
281 5287 447 5339 Ὥστε
477 5287 603 5347 τοὺς
633 5287 928 5358 κληρικοὺς
950 5289 1112 5358 χάριν
1145 5288 1239 5342 τοῦ
1261 5289 1492 5362 τρώγειν
1518 5290 1550 5360 ἢ
1590 5291 1682 5343 πί-

98 5396 238 5442 νειν,
281 5379 357 5448 μὴ
399 5377 627 5430 εἰσιέναι
678 5380 757 5442 εἰς
792 5380 1088 5450 καπηλεῖα,
1117 5382 1165 5434 εί
1199 5383 1271 5452 μή
1297 5383 1348 5452 γ’
1396 5381 1461 5436 ἂν
1512 5382 1691 5447 ξενίας

100 5475 314 5546 ἀνάγκη
343 5474 584 5526 συνωθου
592 5471 807 5544 μένους.

173 5657 219 5690 ⁸⁸
260 5655 431 5715 Cone.
457 5653 633 5710 Afric.
665 5671 714 5710 e.
746 5656 798 5709 7.

1799 3077 1878 3131 lit.
1913 3079 2005 3134 lib.
2040 3094 2182 3132 xnvn
2205 3077 2432 3151 [doect.]

1863 3190 2016 3245 CAP.
2043 3190 2287 3244 XXXIV.
2318 3222 2388 3232 —
2431 3191 2500 3246 Ut
2535 3193 2866 3262 deponantur
2903 3191 3081 3246 clerici
3120 3190 3210 3259 qui
3236 3189 3382 3255 [idei-

1787 3283 2052 3353 jussiones
2083 3283 2358 3336 dederunt.

2219 3374 2593 3442 Apostolorum
2629 3391 2797 3428 canon
2828 3376 2920 3428 ‘20.

1869 3464 1939 3518 ΞΟ
1964 3463 2104 3537 [l9].
2131 3465 2376 3521 Clericus
2403 3465 2701 3534 lidejubens
2725 3465 3054 3535 deponatur.

1864 3577 2027 3648 316
2048 3581 2257 3631 Textns.
2284 3578 2475 3634 Const.
2495 3580 2565 3632 23
2583 3590 2636 3633 et
2654 3579 2745 3645 '52,
2763 3579 2845 3634 tit.
2866 3581 2920 3644 5,
2935 3580 3029 3633 lib.
3049 3578 3202 3632 reod.
3221 3577 3380 3632 cleri-

1793 3686 1888 3725 cos
1907 3670 2180 3738 litigantes
2205 3670 2586 3740 fideiussiones
2606 3673 2738 3726 dare
2756 3671 2964 3726 dicunt.
2987 3671 3052 3725 Et
3081 3671 3304 3726 constit.
3322 3668 3380 3728 2,

1795 3765 1926 3818 tit.1
1966 3762 2335 3827 Novellaruin,
2387 3764 2615 3819 clericos
2663 3764 2936 3834 litigantes
3004 3762 3380 3831 ﬁdcjussorem

1795 3872 1904 3910 non
1942 3858 2096 3917 dare.
2135 3857 2227 3911 sed
2263 3857 2666 3912 confessionem
2692 3857 3108 3926 pignoraticiam
3136 3858 3255 3911 sine
3293 3854 3382 3925 ju-

1797 3957 2048 4002 ramcnto
2081 3948 2259 4003 facere
2299 3967 2312 4004 :
2351 3951 2640 4019 episcopos
2663 3960 2844 4004 autem
2898 3950 3176 4018 litigantes
3204 3962 3380 4016 neque

1795 4041 2175 4107 lidejussioncs
2241 4042 2418 4107 dare,
2489 4057 2664 4112 neque
2715 4042 3123 4098 confessionem
3203 4041 3380 4093 facere

1791 4133 1945 4186 dicit.

1863 4240 2015 4295 CAP.
2049 4239 2272 4296 XXXV.
2309 4271 2378 4283 -—
2407 4243 2484 4298 De
2506 4243 2713 4297 clericis
2743 4244 2796 4296 iu
2823 4245 3018 4313 popina
3046 4243 3124 4298 vel
3144 4245 3376 4296 diverso-

1717 4353 1764 4412 ι)
1793 4334 1871 4387 rio
1905 4331 2247 4387 noscentibus.

2222 4427 2597 4496 Apostolorum
2627 4444 2797 4481 canon
2824 4427 2912 4482 54.

1863 4518 2074 4592 54[ἒ’›3].
2095 4521 2150 4576 Si
2171 4522 2294 4592 quis
2319 4521 2550 4576 clericus
2579 4521 2633 4575 in
2659 4536 2901 4592 caupona
2937 4519 3248 4582 comedens.
3269 4530 3375 4574 etc.

1789 4620 1846 4665 ut
1882 4629 2004 4683 pag.
2034 4613 2160 4670 838.

2146 4728 2371 4784 Concilii
2415 4727 2705 4784 Laodiceni
2730 4745 2900 4782 canon
2931 4728 3024 4782 25.
3353 4785 3371 4796 ς

1852 4819 1942 4873 24.
1973 4817 2129 4886 Quod
2159 4837 2264 4874 non
2290 4830 2503 4890 oportet
2523 4829 2766 4874 sacratos
2790 4838 2817 4873 a
2840 4819 3172 4891 presbyteris
3201 4834 3373 4888 usque

1787 4913 1855 4965 ad
1887 4911 2166 4976 diaconos,
2198 4920 2304 4967 etc.
2339 4921 2394 4964 ut
2423 4929 2546 4980 pag.
2579 4912 2704 4966 555.

2073 5025 2300 5080 Concilii
2333 5024 2764 5092 Carlhayinensis
2792 5041 2957 5078 canon
2985 5023 3075 5077 40.

1868 5115 1934 5169 Ut
1965 5117 2143 5170 clerici
2211 5117 2479 5180 tabernas,
2512 5117 2617 5168 nisi
2647 5118 2701 5169 in
2729 5115 3040 5185 peregrinis,
3073 5129 3176 5167 non
3201 5113 3372 5184 ingre-

1790 5207 2031 5262 diantur.

1862 5299 1950 5353 40.
1993 5297 2065 5354 Ut
2116 5298 2300 5353 clerici
2357 5297 2552 5352 edendi
2611 5298 2690 5351 vel
2724 5295 2942 5350 bibendi
2975 5294 3020 5327 “
3069 5309 3229 5349 causa
3288 5303 3368 5348 ta-

1797 5388 1996 5443 bernas
2032 5404 2137 5443 non
2189 5390 2583 5459 ingrediantur,
2628 5387 2732 5442 nisi
2785 5385 3242 5455 peregrinationis
3273 5401 3369 5439 nea

1799 5482 2052 5536 cessitate
2085 5482 2352 5553 compulsi
2383 5480 2508 5553 [ms.
2549 5479 2798 5546 compulsi
2829 5476 2994 5549 sunt].
