3904 6220
728 319 954 374 Concilii
989 317 1294 372 aecttmenici
1316 333 1367 369 \-'l
1397 333 1563 370 canon
1607 318 1661 370 9.

471 412 523 466 9.
562 409 703 464 Nulli
731 410 894 464 licere
912 408 1111 462 clerico
1143 407 1527 475 cauponariam
1562 407 1762 460 habere
1799 405 1981 459 taber-

403 519 552 565 nam,
575 513 705 565 etc.,
738 511 794 554 ut
825 517 948 570 pag.
984 500 1106 559 750.

480 593 694 646 Textus.
746 592 936 646 Const.
989 593 1076 656 Η,
1111 593 1247 645 tit.t
1296 590 1641 644 Novellarum
1691 589 1786 650 ait,
1838 589 1983 658 quod

406 685 734 739 monachum
803 685 857 736 in
925 698 1171 752 caupona
1244 692 1655 736 eonversanlcm
1728 683 1980 750 castigari

407 782 674 844 oporteat,
709 774 762 827 in
800 774 1098 843 provinciis
1128 774 1343 841 quidem
1369 788 1397 826 a
1419 773 1698 826 civitatum
1733 772 1986 825 defenso-

405 870 583 934 ribus,
618 867 1092 934 Constantinopoli
1132 881 1260 918 vero
1293 880 1321 917 a
1366 863 1741 934 prmtoriornm
1797 862 1985 930 praefe-

407 972 540 1014 cto:
577 967 632 1013 et
679 975 709 1012 a
757 959 917 1028 317
953 957 1411 1011 monasteriorum
1458 954 1702 1008 antistite
1763 954 1984 1022 expelli.

409 1050 590 1122 [Tune
634 1052 796 1103 etiam
835 1048 1000 1120 hanc]
1058 1049 1228 1118 legem
1285 1047 1487 1114 ubique
1519 1046 1717 1108 valere,
1748 1060 1985 1113 eamque

413 1143 808 1196 observandam
836 1141 1124 1211 praefectos
1162 1151 1324 1208 atque
1354 1138 1613 1208 pra:sides
1651 1153 1844 1192 cnrare
1869 1136 1984 1207 [de-

409 1233 582 1306 bere]

481 1346 635 1400 CAP.
668 1345 909 1400 XXXVI.
939 1375 1009 1386 —
1045 1344 1118 1396 De
1141 1344 1344 1396 clericis
1370 1344 1762 1396 contumeliosis
1800 1345 1853 1396 in
1883 1344 1984 1395 im-

411 1449 726 1506 peratorem,
763 1447 855 1490 aut
894 1438 1221 1505 episcOpum,
1281 1445 1372 1488 aut
1433 1437 1842 1506 magistratum,
1894 1447 1984 1489 aut

415 1530 798 1599 presbyterum.

700 1640 1067 1709 Apostolorum
1102 1654 1346 1701 canones,
1379 1637 1467 1700 55,
1504 1638 1590 1700 56,
1622 1638 1711 1692 84.

481 1734 548 1786 55
577 1732 712 1804 [54].
750 1732 803 1786 Si
833 1737 955 1802 quis
1011 1734 1243 1785 clericus
1291 1732 1602 1800 episcopum
1656 1730 1984 1785 contumelia

416 1824 673 1890 allccelit,
726 1826 1047 1893 deponatur.
1084 1823 1326 1892 Principi
1363 1825 1499 1877 enim
1536 1823 1716 1892 populi
1771 1825 1848 1876 tui
1883 1839 1986 1875 non

418 1913 720 1967 maledicas.

489 2003 557 2056 56
585 2002 721 2073 [55].
771 2004 824 2056 Si
853 2005 972 2072 quis
1002 2005 1234 2059 clericus
1278 2004 1655 2073 presbyterum
1684 2004 1769 2057 vel
1803 2005 1988 2058 diaco-

419 2110 548 2147 num
580 2095 777 2164 injuria
803 2096 1060 2161 alfecerit,
1094 2107 1426 2166 segregetur.

485 2185 553 2238 84
580 2184 715 2257 [83].
753 2187 1009 2256 Quisquis
1034 2203 1236 2257 regem,
1277 2199 1378 2242 etc.
1412 2197 1466 2240 ut
1496 2202 1617 2258 pag.
1656 2187 1783 2242 759.

823 2299 896 2353 De
920 2299 1110 2354 P/totio
1148 2302 1336 2370 synodi
1368 2318 1534 2354 canon
1565 2303 1618 2356 5.

490 2410 544 2465 ’5.
587 2409 642 2466 Si
689 2412 813 2480 quis
871 2412 1044 2466 laicus
1101 2413 1284 2467 divina
1345 2428 1409 2467 ac
1451 2415 1598 2482 regia
1644 2422 1996 2469 contemnens

422 2503 706 2570 mandata,
777 2505 1193 2575 tremendasque
1253 2507 1672 2561 constitutiones
1730 2520 1786 2560 et
1850 2509 1996 2577 leges

422 2591 680 2645 Ecclesia:
739 2603 1114 2658 contemnens,
1167 2597 1385 2664 prepria
1447 2597 1775 2650 auctoritate
1829 2613 1998 2652 ausus

421 2683 588 2738 fuerit
629 2685 944 2754 episc0pum
983 2687 1271 2740 verberare
1304 2688 1478 2740 autin
1507 2703 1782 2743 carcerem
1822 2691 1996 2759 conji-

424 2793 585 2846 cere,
625 2778 708 2833 vel
755 2782 873 2835 sine
923 2797 1127 2847 causa,
1165 2783 1246 2835 vel
1290 2781 1412 2837 ﬁcta
1458 2798 1657 2848 causa,
1708 2786 1997 2840 anathema

424 2882 540 2926 65ιο
553 2912 565 2926 .

499 2961 717 3018 Tcxtus.
749 2962 824 3017 De
849 2962 1061 3018 clericis
1085 2966 1416 3020 contumelia
1437 2965 1793 3022 allicientibus
1820 2968 1997 3024 civilis
2026 2991 2071 3050 ο

429 3056 512 3110 lex
545 3056 854 3125 specialiter
881 3057 1012 3110 nihil
1039 3066 1263 3112 tractat.
1310 3058 1447 3114 Dicit
1481 3069 1664 3114 autem
1697 3062 1750 3114 in
1784 3061 1876 3116 lib.
1917 3079 1993 3126 IX,

429 3149 551 3203 cod.
587 3148 670 3201 tit.
704 3148 754 3212 7,
803 3149 1022 3205 constit.
1057 3166 1095 3214 ι,
1141 3166 1312 3219 eaque
1366 3153 1551 3217 unica,
1589 3151 1737 3223 quod
1775 3153 1870 3223 qui
1899 3155 1999 3206 im-

431 3249 738 3308 peratorem
778 3241 1041 3295 conviciis
1085 3242 1391 3307 incesserit,
1448 3259 1555 3297 non
1591 3245 1866 3313 puniatur,
1902 3261 1998 3300 ne-

430 3349 536 3400 que
591 3333 791 3386 durum
843 3334 1046 3403 aliquid
1108 3349 1208 3389 nec
1256 3351 1509 3405 asperum
1549 3337 1840 3394 sustineat.
1893 3339 2001 3393 Aut

427 3423 572 3476 enim
628 3423 852 3495 [inquit]
893 3440 957 3478 ex
1007 3424 1224 3478 levitate
1268 3425 1429 3490 dixit,
1485 3429 1997 3483 et'contemnitur:

435 3524 530 3569 aut
551 3531 616 3569 ex
647 3516 880 3579 insania,
907 3524 960 3569 et
1002 3516 1352 3571 miseratione
1384 3518 1578 3586 dignus
1612 3519 1840 3573 habetur
1872 3537 1882 3572 :
1909 3529 2002 3574 aut

433 3615 690 3675 tanquam
743 3607 999 3674 injuriam
1050 3622 1270 3677 passus,
1319 3616 1373 3661 et
1410 3608 1770 3662 condonatur.
1821 3609 1998 3682 [Eam]

432 3709 613 3752 autem
645 3697 807 3768 [rem]
850 3699 915 3752 ad
962 3699 1346 3768 imperatorem
1400 3698 1622 3766 referri,
1665 3716 1900 3765 eumque
1937 3719 2002 3756 ex

432 3787 693 3855 qualitate
727 3803 972 3855 personae
998 3787 1268 3856 judicare,
1313 3788 1542 3841 veniane
1582 3788 1874 3857 dignanda,
1911 3801 2004 3844 aut

431 3891 562 3930 vero
609 3877 878 3945 punienda
932 3877 1021 3930 sit.
1067 3875 1204 3929 Nam
1239 3876 1439 3930 dicitur
1480 3878 1648 3932 etiam
1689 3879 1784 3931 lib.
1819 3895 2002 3947 vam,

434 3970 521 4022 tit.
551 3971 605 4033 4,
631 3969 824 4037 digest.
862 3969 912 4033 7,
940 3969 1150 4039 judices
1183 3969 1496 4039 principalis
1530 3968 1878 4042 [majestatis]
1921 3987 2003 4025 ve-

437 4063 717 4116 neratione
740 4063 890 4116 abuti
925 4079 1033 4116 non
1064 4063 1278 4126 debere,
1309 4064 1399 4117 sed
1421 4063 1702 4117 veritatem
1738 4076 2002 4132 spectare,

436 4170 503 4208 an
531 4152 826 4225 [videlicet]
855 4153 1018 4223 318
1039 4169 1270 4223 persona
1301 4152 1415 4224 [illa
1436 4153 1510 4224 id]
1549 4153 1726 4208 facere
1747 4159 2003 4223 potuerit,

435 4256 489 4302 et
536 4263 604 4318 an
636 4256 760 4301 ante
806 4247 1017 4309 fecerit,
1075 4256 1127 4300 et
1161 4261 1228 4298 an
1272 4246 1623 4314 cogitaverit,
1669 4257 1721 4300 et
1756 4264 1822 4301 an
1862 4264 2006 4302 same

1574 202 1838 262 PHOTII
1878 201 2376 261 PATRIARCILE
2402 200 2508 259 (ΣΡ.

2008 317 2060 376 Α

3562 197 3662 260 ’ἴὲϐ

2242 313 2512 367 Σονόδου
2543 313 2966 380 οἱκουμενικῆς
2993 313 3169 381 ἕκτης
3199 314 3404 368 κανὼν
3431 318 3499 370 θ’.

2148 406 2442 476 [Μηδενὶ
2475 405 2674 468 ἐξεῖναι
2708 403 2950 475 κληρικῷ
2994 405 3292 475 καπηλικὸν
3317 407 3467 476 ἔχειν
3498 411 3660 480 ἐργα-

2086 501 2323 565 στήριον,
2351 515 2403 552 κ.
2435 514 2484 551 τ.
2509 496 2558 550 λ.

2170 589 2234 640 Ἠ
2281 587 2339 640 ιδ’
2370 588 2508 640 διὰτ.
2541 587 2634 640 τοῦ
2666 585 2712 638 α’
2745 585 2849 642 τίτ.
2907 585 3016 640 τῶν
3060 588 3285 657 Νεαρῶν
3335 595 3530 660 φησὶν,
3559 593 3658 656 ὅτι,

2087 679 2176 730 τὸν
2239 678 2471 748 μοναχὸν
2524 677 2998 746 ἀναστρεφόμενον
3043 679 3099 730 ὲν
3134 679 3424 749 καπηλείῳ
3449 680 3532 732 δεῖ
3559 699 3660 734 σω-

2085 768 2454 839 φρονίζεσθαι,
2488 769 2546 820 ὲν
2571 769 2668 838 μὲν
2691 770 2806 831 ταῖς
2834 771 3127 838 ἐπαρχίαις
3196 774 3351 841 παρὰ
3407 774 3520 825 τῶν
3571 777 3662 828 ὲκ.

2084 859 2267 924 δίκων,
2323 861 2382 910 ἐν
2422 859 2480 911 δὲ
2522 860 3092 914 Κωνσταντινουπόλει
3123 864 3270 934 παρὰ
3298 865 3396 915 τοῦ
3423 864 3662 935 ἐπάρχου

2083 950 2191 1002 τῶν
2254 951 2638 1020 πραιτωρίων,
2699 952 3071 1022 ἐξωθούμενον
3115 954 3222 1004 τῶν
3276 958 3662 1026 μοναστηρίων

2087 1041 2238 1110 παρὰ
2277 1041 2386 1094 τῶν
2442 1041 2758 1111 ἡγουμένων
2799 1059 2813 1073 ο
2873 1045 3148 1112 πανταχοῦ
3186 1045 3242 1097 δὲ
3291 1049 3542 1117 κρατεῖό
3576 1051 3661 1101 νό-

2088 1151 2186 1203 μος
2220 1149 2232 1162 ⁸
2270 1134 2365 1187 καὶ
2399 1135 2685 1203 προνοοῦσι
2731 1134 2830 1204 τῆς
2853 1135 3098 1205 φυλακῆς
3142 1137 3307 1190 αὐτοῦ
3340 1139 3391 1189 οε
3428 1139 3659 1210 ὕπαρχοι

2087 1227 2179 1279 καὶ
2209 1227 2257 1278 οἱ
2285 1227 2563 1296 ἄρχοντες.

2155 1340 2404 1394 ΚΕΦΛΛ.
2460 1342 2599 1407 Aq'.
2656 1373 2724 1383 —
2757 1343 2893 1412 Περὶ
2965 1344 3264 1411 κληρικῶν
3313 1346 3666 1413 ὑϐριζόντων

2079 1429 2345 1492 ,βασιλέα
2373 1431 2412 1500 ἢ
2441 1432 2796 1499 ἐπίσκοπον,
2850 1435 2889 1502 ἢ
2945 1434 3225 1504 ἄρχοντα,
3264 1436 3303 1504 ἢ
3341 1439 3659 1505 πρεσϐύτε-

2077 1538 2212 1589 ρον.

2385 1638 2762 1691 Ἀποστόλων
2794 1641 3106 1706 κανὼνενεκ
3140 1642 3250 1708 νίζ’,
3279 1642 3384 1696 πδθ.

2158 1727 2250 1781 νε’.
2288 1729 2356 1781 Εἴ
2414 1748 2493 1792 τις
2524 1730 2780 1798 κληρικὺς
2812 1732 3134 1801 ὑϐρίσειτὸν
3183 1733 3507 1792 ἐπίσκοπον,
3542 1734 3664 1785 καθα

2087 1820 2346 1890 αιρείσθω
2372 1836 2384 1849 ’
2418 1822 2711 1890 Ἄρχοντα
2736 1821 2844 1891 γὰρ
2875 1823 2977 1876 τοῦ
3019 1823 3170 1877 λαοῦ
3216 1841 3338 1877 σου
3387 1827 3497 1878 οὐκ
3519 1826 3662 1895 ἐρεῖς

2089 1913 2306 1980 κακῶς.

2161 2004 2268 2068 νς’.
2299 2006 2366 2059 Εἴ
2386 2025 2469 2070 τις
2495 2007 2752 2078 κληρικὺς
2783 2007 2991 2076 ὑδρίσει
3027 2007 3401 2079 πρεσϐύτερον
3434 2010 3466 2080 ἢ
3498 2010 3665 2064 διάκο-

2092 2114 2201 2162 νον,
2235 2098 2598 2168 ἀφοριζέσθω.

2164 2188 2266 2245 πδ’.
2307 2191 2498 2253 Ὅστις
2531 2191 2739 2262 ὑϐρίσει
2774 2191 3015 2261 βασιλέα,
3051 2210 3105 2245 κ.
3145 2193 3271 2246 τ.λ.

2336 2303 2450 2372 Τῆς
2487 2304 2586 2357 ἐπὶ
2617 2307 2814 2373 Φωτίῳ
2838 2307 3107 2360 συνόδου
3139 2307 3344 2361 κανὼν
3370 2316 3440 2376 γ’.

2153 2415 2223 2486 γ’.
2247 2416 2313 2470 Εἴ
2343 2434 2427 2479 τις
2459 2417 2566 2470 τῶν
2589 2416 2792 2470 λαῖκῶν
2828 2419 3182 2488 αὑθεντήσας,
3210 2420 3308 2472 καὶ¹
3341 2422 3666 2490 καταφρονή-

2099 2527 2196 2572 σας
2219 2510 2314 2578 μὲν
2338 2508 2445 2560 τῶν
2475 2508 2633 2562 θείων
2654 2509 2746 2562 καὶ
2778 2509 3065 2579 βασιλικῶν
3096 2513 3551 2582 προσταγμάτων,
3577 2530 3667 2565 κα-

2097 2600 2403 2669 ταγελάσας
2453 2599 2508 2650 δὲ
2551 2600 2644 2651 καὶ
2717 2600 2824 2652 τῶν
2887 2602 3129 2669 φρικτῶν
3186 2603 3288 2672 τῆς
3348 2603 3663 2672 Ἑκκλησίας

2099 2672 2316 2759 θεσμῶν
2353 2706 2412 2742 τε
2460 2689 2554 2741 καὶ
2601 2688 2800 2758 νόμων,
2833 2684 3153 2760 τολμήσειεν
3199 2692 3499 2745 ἐπίσκοπόν
3553 2708 3665 2744 τινα

2099 2784 2285 2851 τύψαι,
2329 2782 2361 2852 ἦ
2399 2781 2781 2852 φυλακίσαι,ἦ
2835 2783 3003 2852 χωρὶς
3053 2784 3256 2850 αἰτίας,
3322 2785 3483 2854 ἧκαὶ
3534 2801 3666 2854 συμο

2102 2873 2445 2943 πλασάμενος
2471 2872 2668 2935 αἰτίαν,
2702 2874 2728 2926 ὁ
2760 2872 2999 2935 τοιοῦτος
3026 2875 3276 2943 ἀνάθεμα
3307 2875 3466 2929 ἔστω.

2185 2968 2385 3028 Ἰδικῶς
2441 2967 2537 3036 μὲν
2569 2966 2662 3018 καὶ
2689 2966 2816 3036 περὶ
2867 2966 3143 3036 κληρικῶν
3167 2968 3503 3039 ὑϐριζόντων
3526 2969 3552 3021 ὁ
3580 2984 3666 3021 πο-

2101 3059 2302 3121 λιτικὸς
2329 3057 2490 3126 νόμος
2526 3057 2587 3108 οὐ
2608 3057 2964 3127 διαλαμϐάνει
2997 3075 3009 3088 ’
3047 3057 3196 3127 λέγει
3225 3059 3284 3111 δὲ
3335 3060 3475 3129 pm.
3513 3058 3554 3111 θ’
3580 3057 3665 3111 τοῦ

2112 3149 2268 3212 κώδ.,
2310 3149 2416 3201 τίτ.
2459 3145 2524 3212 ζ’,
2554 3147 2691 3200 διάτ.
2724 3154 2771 3200 α’
2799 3152 2890 3201 καὶ
2927 3149 3085 3217 μόνη,
3139 3151 3220 3202 ὅτι
3246 3153 3276 3203 ὁ
3332 3151 3421 3202 τὸν
3456 3149 3663 3219 βασιλέα

2092 3241 2336 3312 ὑϐρίζων
2388 3241 2445 3292 οὐ
2491 3241 2836 3310 τιμωρεῖται,
2893 3240 3019 3293 οὔτε
3067 3259 3119 3294 τι
3181 3243 3488 3314 σκληρὸνῆ
3539 3243 3662 3310 ταχὺ

2102 3332 2363 3402 ὑπομένει
2389 3348 2402 3361 ’
2435 3332 2468 3401 ἢ
2504 3332 2611 3400 γὰρ
2647 3331 2753 3384 ἀπὸ
2780 3333 3106 3400 κουφότητος
3157 3327 3279 3384 εἷπε
3307 3374 3322 3396 ,
3373 3334 3461 3385 κατί
3523 3347 3663 3399 περι-

2103 3426 2379 3493 φρονεῖται
2407 3437 2420 3451 ·
2449 3422 2481 3490 ἢ
2515 3421 2572 3488 ἐξ
2605 3422 2807 3486 ἀνοίας,
2844 3424 2938 3475 καὶ
2980 3423 3207 3475 ὲλεεῖται
3241 3441 3254 3452 ·
3298 3423 3330 3488 ἢ
3360 3424 3435 3484 ὡς
3468 3421 3664 3475 ἀδικού-

2107 3531 2284 3582 μενος,
2311 3513 2404 3566 καὶ
2435 3516 2799 3583 συγχωρεῖται
2830 3529 2842 3542 '
2898 3514 3227 3584 ἀναφέρεται
3261 3513 3319 3566 δὲ
3349 3513 3426 3583 τῷ
3448 3513 3658 3583 βασιλεῖ,

2105 3605 2197 3659 καὶ
2230 3605 2390 3667 αὐτὸς
2423 3607 2484 3656 ἐκ
2524 3605 2623 3673 τῆς
2676 3605 2960 3674 ποιότητος
3002 3605 3095 3658 τοῦ
3150 3605 3447 3674 προσώπου
3502 3604 3660 3674 κρίνει

2105 3700 2152 3750 εἰ
2184 3699 2387 3766 ὀφείλει
2428 3697 2848 3767 συγχωρηθῆναι
2894 3698 2926 3768 ἢ
2983 3699 3410 3769 τιμωρηθῆναι·
3463 3699 3660 3767 εἴρηται

2106 3789 2213 3859 γὰρ
2243 3791 2336 3841 καὶ
2369 3787 2509 3857 βιὸλ.
2572 3793 2682 3856 μη’,
2714 3788 2819 3840 τίτ.
2853 3785 2894 3838 δ’
2916 3829 2929 3852 ,
2958 3786 3065 3854 δίγ.
3101 3787 3143 3850 ζ’
3163 3827 3177 3850 ,
3204 3788 3288 3840 ὅτι
3315 3787 3373 3840 οὐ
3397 3787 3498 3857 χρὴ
3548 3786 3658 3846 τοὺς

2105 3880 2363 3943 δικαστὰς
2399 3879 2807 3950 ἁποκεχρῆσθαι
2831 3883 2894 3949 τῇ
2927 3879 3174 3950 βασιλικῇ
3209 3883 3366 3950 τιμῇ,
3421 3878 3550 3932 ἀλλὰ
3601 3878 3654 3928 τὸ

2106 3973 2302 4042 ἀληθὲς
2361 3975 2604 4036 σκοπεῖν,
2651 3973 2744 4024 καὶ
2794 3973 2840 4022 εἰ
2899 3971 3121 4024 δυνατὸν
3158 3967 3225 4042 ἦν
3268 3972 3329 4024 τὸ
3388 3971 3657 4040 πρόσωπον

2109 4065 2349 4134 ποιῆσαι,
2386 4065 2479 4116 καὶ
2517 4065 2563 4115 εἰ
2612 4065 2717 4135 πρὸ
2741 4061 2932 4116 τούτου
2965 4064 3210 4135 εποίησε,
3263 4065 3356 4119 καὶ
3407 4064 3452 4115 εί
3491 4059 3657 4113 ἐνεθυ-

2112 4155 2280 4226 μήθη,
2337 4158 2430 4208 καὶ
2463 4158 2509 4208 εἰ
2571 4156 2768 4223 ἓνηφεν
2803 4172 2814 4186 ·
2869 4153 2992 4208 οὕτε
3031 4157 3138 4226 γὰρ
3189 4155 3430 4227 εὐχερῶς
3469 4152 3654 4221 ὀφείλει

2109 4247 2462 4317 τιμωρεῖσθαι
2519 4249 2546 4300 ὁ
2593 4248 2872 4319 φλύαρος⁶
2931 4250 2978 4300 εί
3032 4247 3106 4317 μὴ
3163 4249 3399 4302 τοιοῦτόν
3460 4249 3568 4298 ἐστι
3602 4243 3655 4294 τὸ

438 4339 637 4393 mentis
669 4338 851 4392 fuerit.
897 4338 1088 4406 Neque
1110 4338 1253 4390 enim
1297 4337 1458 4392 facile
1507 4340 1786 4408 garrulum
1825 4342 2000 4407 puniri

2112 4340 2431 4409 ἁμάρτημα,
2463 4340 2598 4407 ὅπερ
2625 4340 2653 4390 ὁ
2687 4339 2848 4409 νόμος
2906 4339 3084 4409 ῥητῶς
3118 4339 3176 4403 ἐξ
3203 4341 3386 4409 ὁμοίου
3416 4335 3652 4406 τιμωρεί-

435 4431 632 4485 .lcbere
658 4430 760 4485 nisi
789 4431 833 4484 si
863 4430 968 4483 tale
1000 4429 1260 4484 delictum
1289 4432 1381 4496 sit,
1414 4430 1560 4499 quod
1582 4447 1650 4485 ex
1689 4441 1836 4485 certa
1868 4433 2002 4501 lege,

437 4531 532 4576 aut
567 4523 634 4576 ad
661 4522 969 4590 exemplum
1003 4523 1278 4589 puniatur.
1310 4521 1574 4577 Acerbins
1603 4533 1783 4578 autem
1821 4524 1874 4577 in
1907 4524 2010 4576 mi-

443 4616 568 4669 lites
611 4614 841 4682 insurgi.
871 4613 1207 4667 Generaliter
1239 4612 1414 4685 [vero]
1465 4614 1528 4667 de
1573 4613 1638 4669 iis
1669 4617 1762 4684 qui
1811 4624 2010 4669 contn-

438 4707 598 4760 melia
626 4705 886 4768 alliciunt,
912 4706 992 4758 vel
1025 4707 1337 4768 verberant,
1369 4708 1451 4761 vel
1478 4705 1720 4762 famosos
1753 4706 2010 4780 [libellos]

436 4796 753 4861 conﬁciunt,
790 4795 874 4849 vel
930 4795 1114 4864 legunt
1149 4804 1202 4850 et
1230 4812 1338 4849 non
1389 4797 1776 4866 disrumpunt,
1822 4807 2014 4852 tractat

438 4887 574 4941 liber
591 4903 758 4953 van,
779 4887 864 4942 tit.
887 4903 941 4951 ιι,
970 4886 1068 4953 l0;
1103 4897 1156 4941 et
1182 4887 1274 4939 lib.
1299 4904 1372 4951 ix,
1405 4887 1526 4941 cod.
1560 4889 1644 4941 tit.
1665 4888 1734 4941 55
1764 4897 1818 4942 et
1842 4889 1937 4953 '56;
1963 4898 2012 4942 et

438 4980 615 5034 lnstit.
659 4978 776 5050 [lib]
812 4994 887 5045 tv,
922 4979 1006 5031 tit.
1039 4980 1094 5045 4,
1138 4980 1191 5032 in
1224 4980 1423 5048 quibus
1474 4981 1692 5044 dicitur,
1729 4982 1874 5050 quod
1907 4979 2016 5050 [inc

435 5069 710 5135 jnriarum
755 5067 919 5138 actio]
967 5076 1080 5120 tum
1134 5068 1448 5137 pccuniaric
1491 5077 1602 5121 tum
1657 5071 2015 5124 criminalitcr

440 5169 746 5215 moveatur.
805 5163 870 5214 Et
904 5160 1048 5229 quod
1089 5159 1412 5228 injuriarum
1463 5161 1752 5214 damnatus
1797 5160 2015 5214 infamis

441 5254 572 5306 tiat:
615 5252 828 5306 tametsi
862 5268 1076 5305 servum
1125 5251 1360 5303 alienum
1397 5250 1595 5320 injuria
1629 5251 1887 5318 alleccrit,
1925 5263 2018 5307 aut

376 5343 378 5345 ’
442 5345 621 5398 amice
675 5344 818 5397 datis
853 5342 1097 5410 pecuniis
1150 5340 1240 5411 [de
1278 5357 1340 5395 ea
1393 5341 1629 5413 actione]
1676 5345 2013 5413 transegerit,

446 5437 524 5489 uti
558 5436 656 5489 lib.
695 5450 778 5497 ιιι,
829 5435 914 5486 tit.
972 5433 1038 5500 2,
1088 5434 1280 5502 digest.
1322 5434 1356 5486 2
1411 5443 1464 5488 et
1510 5434 1541 5487 6
1576 5433 1878 5507 [traditur].
1930 5436 2015 5500 Et,

448 5529 593 5597 quod
627 5536 777 5581 atrox
826 5525 1023 5594 injuria
1069 5526 1160 5591 sit,
1210 5541 1332 5596 qua:
1380 5528 1745 5597 magistratui,
1779 5529 2012 5594 consuli,

448 5619 736 5686 sacerdoti,
772 5617 1017 5690 [alioqui]
1049 5618 1130 5674 vel
1162 5620 1366 5674 honore
1404 5619 1627 5690 praedito
1665 5622 1740 5673 lit.
1777 5621 1837 5674 Et
1866 5621 2011 5689 quod

2109 4445 2248 4482 ται·
2307 4434 2640 4500 τραχύτερον
2683 4431 2740 4482 δὲ
2797 4430 2938 4483 κατὰ
2989 4431 3338 4502 στρατιωτῶν
3391 4431 3607 4482 κινεῖται
3641 4440 3652 4453 ·

2110 4523 2340 4592 γενικῶς
2392 4523 2448 4574 δὲ
2493 4524 2622 4592 περὶ
2691 4523 2799 4574 τῶν
2837 4523 3228 4592 ὑϐριζόντωνῆ
3289 4522 3584 4576 τυπτόντων
3628 4515 3654 4581 ἢ

2111 4613 2407 4666 ποιούντων
2461 4615 2701 4683 φάμοσα,
2756 4615 2848 4666 καὶ
2876 4614 2985 4666 τῶν
3013 4615 3376 4684 εὑρισκόντων
3399 4609 3530 4664 αὐτὰ
3574 4605 3658 4658 καὶ

2112 4705 2611 4774 ἀναγινωσκόντων,
2644 4706 2737 4758 καὶ
2777 4705 2850 4775 μὴ
2895 4705 3342 4775 διαῤῥηγνύντων
3377 4697 3657 4770 διαλαμϐα-

2113 4814 2192 4850 νει
2225 4796 2363 4866 βιὸλ.
2408 4797 2516 4865 μζ,
2554 4797 2660 4849 τίτ.
2691 4803 2742 4862 ι’,
2774 4795 2870 4849 καὶ
2895 4795 3034 4865 βιὸλ.
3071 4795 3112 4847 θ’
3136 4795 3230 4848 τοῦ
3264 4795 3415 4858 κώδ.,
3447 4792 3543 4844 τίτ.
3591 4787 3656 4838 λε’

2116 4890 2210 4942 καὶ
2229 4889 2337 4950 λς’⁶
2370 4889 2827 4942 καὶἸνστιτυτίων
2856 4888 2896 4942 δ’
2929 4887 3034 4943 τίτ.
3059 4888 3100 4940 δ’
3124 4929 3138 4953 ,
3160 4883 3313 4950 ὲνοῖς
3345 4887 3564 4955 εἴρηται,
3582 4879 3655 4931 δτι

2115 4981 2209 5031 καὶ
2246 4981 2600 5050 χρηματικῶς
2630 4979 2724 5033 καὶ
2751 4977 3174 5049 ἐγκληματικῶς
3202 4981 3442 5038 κινεῖται,
3479 4971 3654 5027 καὶὸτι

2115 5072 2143 5123 ὁ
2174 5070 2300 5140 περὶ
2325 5070 2534 5142 ὕϐρεως
2565 5070 3055 5138 καταδικαζόμενος
3100 5071 3290 5140 ἄτιμος
3314 5068 3530 5136 γίνεται,
3563 5059 3654 5112 κῖιν

2117 5162 2392 5231 ἀλλότριον
2438 5161 2621 5213 δοῦλον
2674 5159 2915 5228 ὕϐρισεν,
2954 5159 2984 5228 ἢ
3023 5159 3270 5226 φιλικῶς,
3311 5159 3342 5226 ἢ
3401 5156 3485 5207 ἐπὶ
3525 5150 3652 5203 δόσει

2117 5254 2414 5325 χρημάτων
2449 5252 2762 5322 ἀπηλλάγη,
2788 5251 2862 5313 ὼς
2913 5250 3054 5319 βιελ.
3076 5258 3121 5318 γ’
3145 5292 3158 5315 ,
3187 5251 3290 5302 τίτ.
3318 5249 3393 5317 β’,
3444 5245 3551 5311 δίγ.-
3571 5240 3610 5309 β’
3639 5278 3651 5300 ι

2120 5345 2215 5398 καὶ
2247 5348 2297 5405 ς’
2326 5358 2339 5371 ·
2374 5342 2467 5393 καὶ
2497 5342 2577 5393 ὃτι
2599 5343 2827 5411 τραχεῖα
2856 5340 3014 5410 ῦϐρις
3049 5341 3196 5392 ἐστὶν
3239 5341 3270 5409 ἡ
3299 5335 3540 5405 γινομένη
3565 5329 3651 5397 ἄρ·

2120 5452 2268 5506 χοντι
2302 5433 2333 5503 ἢ
2367 5433 2577 5502 ὑπάτῳ,
2618 5432 2711 5484 καὶ
2741 5434 2875 5503 ἱερεῖ
2913 5433 3010 5484 καὶ
3040 5427 3385 5499 ἀξιωματικῷ
3410 5441 3423 5456 ⁸
3465 5423 3549 5476 καὶ
3583 5420 3653 5506 ὅτι

2123 5528 2252 5582 εἵσω
2314 5525 2408 5579 τοῦ
2462 5525 2710 5579 ἐνιαυτοῦ
2770 5525 2930 5593 μόνου
2984 5525 3214 5576 κινεῖται
3245 5539 3260 5555 ·
3310 5512 3558 5586 κεφὰλικιὴ
3606 5505 3649 5556 δὲ

2126 5621 2361 5688 τιμωρία
2394 5616 2620 5686 ὥρισται
2644 5618 2782 5670 κατὰ
2837 5617 2942 5668 τῶν
2973 5613 3265 5668 ποιούντων
3302 5610 3526 5679 φάμα-ἴαν
3574 5596 3646 5649 καί
