3904 6220
256 215 357 277 797

877 223 1275 286 SYNTAGMA
1295 227 1678 289 CANONUM-
1710 255 1781 266 -
1812 233 1958 292 TIT-
1989 235 2091 304 IX,
2116 236 2270 296 CAP.
2305 239 2846 301 XXXVI-XXXIX.

3405 245 3507 310 798

251 329 359 380 τῶν
394 328 870 397 ἀναγινωσκόντων
915 337 1074 402 αὐτὰ,
1115 339 1209 390 καὶ
1235 339 1334 409 τὴν
1368 339 1594 412 δύναμιν
1645 344 1815 395 αὐτῶν

1950 354 2068 398 ntra
2095 361 2296 400 annttm
2325 348 2586 402 duntaxat
2614 347 2751 420 [haec
2794 347 2957 420 actio]
2995 361 3296 405 moveatur.
3329 354 3504 408 Caete-

249 418 513 486 λεγόντων
541 426 700 490 τισὶν,
735 425 810 490 ὡς
834 426 974 496 βιϐλ.
1006 429 1050 481 θ’
1068 470 1084 494 ,
1113 431 1218 483 τίτ.
1258 430 1364 495 λς’.

1937 451 2059 490 rum
2090 438 2142 490 in
2165 453 2260 494 eos
2287 439 2376 508 qui
2401 439 2645 496 famosos
2669 441 2926 513 [libellos]
2955 454 3308 512 componunt,
3345 446 3507 515 quive

251 508 791 604 iIIt)s*I_rg‘unt,quive
818 521 924 572 vim
950 535 1137 576 eorum
1188 523 1462 591 aliquibus
1527 524 1738 591 dicunt,
1765 526 2012 597 capitalis
2075 545 2234 599 poena
2267 532 2564 594 constituta
2628 508 2750 588 est:
2786 508 3242 604 quemadmodum
3295 508 3389 590 lib.
3413 553 3504 590 IK’

251 601 333 654 tit.
372 601 441 654 '56
472 601 698 675 [πωροι]

315 695 571 749 ΚΕΦΔΛ.
602 697 724 752 ΛΖ’.
755 702 985 769 ο-Περὶ
1017 702 1137 756 τῶν
1163 707 1498 761 ποιούντων
1540 723 1818 780 συνωμο-

245 787 381 852 σίας
404 787 446 853 ἣ
475 788 749 856 φατρίας.

514 880 786 946 Συνόδου
817 883 1206 951 Χαλκηδόνος
1232 887 1436 941 κανὼν
1462 896 1552 960 ιη’.

313 968 405 1042 ιη’.
439 971 515 1024 Τὸ
541 971 642 1040 τῆς
677 974 1065 1047 συνωμοσίαςῆ
1083 978 1316 1048 φατρίας
1333 978 1606 1052 ἔγκλημα,
1625 999 1678 1036 κ.
1698 1000 1749 1038 τ.
1767 983 1818 1037 λ.

477 1158 752 1212 Συνόδου
789 1162 1211 1230 Καρθαγέννης
1245 1165 1450 1220 κανῶν
1483 1165 1582 1236 νγ’.

307 1248 492 1301 Ὥστε
523 1248 632 1315 τὰς
653 1249 1000 1318 διοικήσεις,
1029 1255 1081 1305 εί
1128 1253 1209 1321 μὴ
1257 1256 1406 1309 κατὰ
1450 1258 1820 1312 συναίνεσιν

243 1338 344 1391 τοῦ
402 1338 562 1392 ίδίου
635 1339 1012 1407 ἐπισκόπου,
1093 1344 1436 1400 ἐπίσκοπον
1488 1348 1692 1417 ἕτερον
1732 1349 1818 1419 μὴ

241 1429 547 1499 δέχεσθαι.

178 1523 182 1525 “
308 1520 410 1591 vi)".
458 1523 766 1592 Ἐπιγόνιος
790 1525 1087 1587 ἐπίσκοπος
1115 1520 1288 1578 εἴπεν·
1326 1527 1413 1582 Ἐν
1450 1529 1668 1594 πολλαῖς
1699 1548 1825 1584 συν·

241 1611 377 1678 ὁδοις
400 1611 636 1683 ὥρισται
665 1616 924 1687 συνεδρίῳ
954 1615 1233 1687 ἱερατικῷ,
1257 1634 1311 1671 κ.
1343 1634 1396 1672 τ.
1416 1617 1467 1672 λ.

304 1808 580 1878 Αὐρήλιος
612 1809 906 1872 ἐπίσκοπος
945 1804 1115 1865 εἶπεν·
1149 1809 1255 1863 Τοῦ
1285 1809 1518 1880 ἀδελφοῦ
1544 1813 1636 1867 καὶ
1689 1830 1820 1867 συν-

239 1891 544 1953 επισκὸπου
575 1900 732 1971 ἡμῶν
763 1904 829 1972 τῇ
850 1900 1247 1973 ὲξακολουθήσε
1266 1921 1305 1966 ι,
1337 1921 1392 1956 κ.
1421 1921 1472 1958 τ.
1508 1905 1557 1958 λ.

315 1991 626 2060 Ὁνωράτος
690 1991 782 2043 καὶ
836 1991 1112 2062 Οὐρϐανὺς
1181 1992 1472 2046 ἐπίσκοποι
1526 1989 1699 2048 εἶπον·
1761 1995 1824 2048 Ἡ

240 2079 475 2149 μεγίστη
502 2079 726 2150 πρόνοια
753 2079 854 2148 τῆς
904 2081 1176 2151 ὑμετέρας
1238 2082 1566 2152 ἁγιωσύνης,
1597 2101 1652 2137 κ.
1683 2102 1734 2138 τ.
1772 2083 1821 2139 λ.

296 2172 628 2242 Σὺμπαντες
656 2171 942 2224 ἐπίσκοποι
969 2168 1144 2226 εἷπον.
1174 2173 1526 2244 -Ἀρέσκει,
1577 2176 1821 2246 ἀρέσκει..

371 2355 658 2410 Συνόδου
695 2354 1111 2424 οἱκουμενικῆς
1142 2355 1323 2424 ἕκτης
1355 2356 1560 2410 κανὼν
1586 2357 1680 2412 λδ’.

298 2444 394 2499 λδ’.
427 2447 542 2498 Καὶ
573 2446 732 2498 τοῦτο
757 2446 812 2498 δὲ
841 2445 932 2498 τοῦ
961 2447 1232 2515 ἱερατικοῦ
1263 2447 1484 2511 κανόνος
1509 2449 1694 2516 σαφῶς
1711 2449 1826 2503 δια-

236 2539 578 2610 γορεύοντος,
603 2540 677 2600 ὼς
693 2538 754 2590 τὸ
774 2541 872 2608 τῆς
890 2539 1229 2607 συνωμοσίας
1246 2542 1278 2610 ἢ
1299 2540 1527 2611 φατρίοίς
1551 2542 1716 2611 ἕγκλη
1727 2561 1822 2612 μα,

237 2631 331 2682 καὶ
350 2631 514 2699 παρὰ
542 2629 653 2683 τῶν
675 2630 778 2696 ἔξω
805 2632 984 2700 νόμων
1024 2632 1200 2699 πάντη
1249 2630 1575 2697 κεκώλυται,
1644 2634 1823 2705 πολλῷ

237 2725 298 2794 δὴ
327 2725 539 2795 μᾶλλον
578 2727 636 2778 ὲν
663 2729 728 2796 τῇ
752 2726 845 2779 τοῦ
878 2727 1013 2779 Θεοῦ
1057 2726 1358 2798 Ἐκκλησία
1390 2726 1550 2779 τοῦτο
1577 2726 1823 2794 γίνεσθαι

238 2818 617 2888 ἀπαγορεύειν
688 2821 976 2890 προσήκει,
1035 2821 1130 2873 καὶ⁵
1176 2822 1338 2892 ἡμεῖς
1377 2821 1822 2891 παραφυλάττειν

237 2908 616 2977 σπουδάζομεν
642 2922 655 2937 ⁸
715 2909 852 2962 ὥστε
911 2911 964 2964 εί
1006 2928 1152 2973 τινες
1201 2912 1454 2981 κληρικοὶ
1502 2913 1536 2982 ἢ
1593 2913 1819 2983 μοναχοὶ

1997 702 2148 768 CAP:
2181 714 2440 771 XXXVII.
2481 747 2552 757 —
2588 717 2666 771 De
2692 718 3091 787 conjurantibus
3148 729 3197 773 et
3249 721 3504 775 sodalitia

1930 807 2266 876 facientibus.

2197 900 2421 954 Concilii
2455 899 2887 954 Chalcedonensis
2915 919 3083 956 canon
3133 903 3218 960 I8.

1999 984 2087 1040 I8.
2144 985 2550 1054 Conjurationis
2598 988 2680 1042 vel
2711 988 3016 1045 sodalitatis
3064 991 3293 1056 crimen,
3363 992 3523 1057 ete.,'

1927 1086 1982 1130 ut
2013 1093 2134 1146 pag.
2170 1077 2294 1132 750.

2210 1169 2435 1222 Concilii
2477 1167 2886 1240 Cartltaginenis
2919 1187 3086 1224 canon
3134 1172 3221 1227 55.

2001 1257 2069 1311 Ut
2100 1258 2364 1320 diteceses,
2399 1259 2502 1310 nisi
2529 1273 2593 1311 ex
2618 1276 2872 1313 consensu
2894 1261 3120 1330 episcopi
3141 1262 3363 1331 proprii,
3392 1263 3502 1331 epi-

1927 1365 2140 1418 scopum
2174 1365 2274 1402 non
2305 1350 2594 1418 accipiant.

2005 1512 2095 1587 55.
2152 1531 2446 1602 Epigonins
2478 1531 2766 1600 cpisc0pns
2818 1533 2996 1589 dixit:
3037 1533 3220 1588 Multis
3256 1535 3502 1589 conciliis

1854 1620 2029 1680 Bhoc
2087 1633 2350 1679 statutum
2411 1631 2496 1678 est
2536 1637 2567 1677 a
2639 1632 2786 1678 coetu
2849 1625 3188 1691 sacerdotali,
3250 1638 3383 1691 etc.,
3446 1638 3502 1679 ιιι

1922 1733 2044 1787 pag.
2092 1716 2220 1770 650.
2283 1715 2288 1718 ’
2945 1709 2950 1714 ’

1990 1809 2156 1880 319
2185 1807 2436 1863 Aurelius
2467 1809 2760 1877 episcopus
2801 1807 2938 1862 dixit
2969 1826 2983 1862 τ
3019 1808 3239 1863 Fratres
3283 1819 3335 1864 et
3365 1825 3500 1864 con-

1923 1902 2230 1957 sacerdotes
2256 1900 2422 1953 nostri
2458 1899 2852 1969 prosecutioni,
2872 1907 3001 1963 cte.,
3028 1908 3085 1951 ut
3111 1915 3230 1968 pag.
3265 1899 3391 1954 650.

1992 1993 2304 2046 Honoratus
2324 2001 2378 2044 et
2406 1991 2666 2046 Urbanus
2685 1991 2925 2059 episcopi
2954 1991 3246 2044 dixerunt:
3275 1992 3501 2045 Summa

1923 2085 2165 2155 provisio
2188 2083 2492 2138 sanctitatis
2525 2093 2650 2149 tum,
2677 2093 2805 2148 etc.,
2837 2091 2892 2134 ut
2918 2099 3042 2151 pag.
3069 2082 3194 2136 651.

2005 2175 2255 2231 Universi
2280 2173 2518 2244 episcopi
2548 2173 2804 2228 dixerunt
2835 2191 2848 2226 :
2881 2172 3088 2238 Placet,
3125 2175 3319 2244 placet.

2227 2360 2452 2418 Concilii
2485 2358 2788 2413 mcumenici
2818 2373 2871 2412 Vl
2898 2374 3067 2410 canon
3093 2357 3186 2412 5i.

1994 2455 2082 2512 54.
2135 2454 2306 2510 Porro
2350 2461 2530 2506 autem
2555 2452 2601 2483 δ’
2649 2465 2772 2503 cum
2797 2459 2851 2504 et
2885 2449 2987 2503 hoc
3015 2465 3190 2502 canon
3245 2452 3501 2506 sacerdo-

1925 2552 2050 2605 talis
2094 2556 2279 2616 aperte
2305 2547 2501 2607 edicat,
2547 2543 2691 2612 quod
2718 2542 3115 2611 conjurationis
3175 2542 3258 2596 vel
3293 2543 3498 2597 sodali-

1926 2642 2051 2696 tatis
2079 2641 2286 2694 crimen
2315 2638 2475 2691 etiam
2535 2635 2602 2688 ab
2667 2633 2903 2686 externis
2967 2632 3177 2700 legibus
3229 2633 3450 2686 vetitum
3484 2674 3500 2698 ,

1923 2733 2092 2787 mullo
2151 2738 2330 2784 autem
2363 2727 2534 2798 magis
2559 2726 2661 2780 hoc
2710 2724 2821 2778 ﬁeri
2856 2725 2909 2776 in
2941 2723 3180 2778 Ecclesia
3212 2725 3503 2794 prohibere

1923 2831 2182 2894 oportet:
2226 2837 2327 2875 nos
2363 2832 2582 2889 quoque
2625 2815 2920 2870 observare
2973 2815 3256 2869 studemus
3291 2857 3305 2881 ,
3350 2825 3408 2870 ut
3454 2818 3500 2872 si

1925 2915 2015 2984 qui
2050 2914 2231 2969 clerici
2283 2920 2378 2965 aut
2435 2907 2682 2963 monachi
2738 2906 2944 2959 inventi
3005 2907 3114 2960 sint
3171 2908 3253 2962 vel
3308 2908 3502 2978 conju-

235 2996 535 3066 εὑρεθεῖεν,
576 2997 1058 3070 ἢσυνομνύμενοι,
1094 3000 1126 3069 ἢ
1181 3002 1589 3071 φατριάζοντες,
1633 3001 1666 3072 ἢ
1723 3019 1815 3056 κα-

1949 3011 2121 3069 antes,
2155 3003 2236 3056 vel
2260 3001 2574 3056 sodalitates
2613 2997 2885 3058 ineuntes,
2943 2997 3026 3049 vel
3070 2997 3333 3051 adversus
3384 2999 3502 3067 epi—

234 3087 510 3150 τασκευὰς
574 3087 891 3157 τυρεύοντες
938 3090 1277 3157 ἐπισκόπων,
1337 3091 1814 3163 ἢσυγκληρικῶν,

234 3176 655 3229 ὲκπιπτὲτωσαν
680 3179 852 3250 πάντη
886 3179 978 3231 τοῦ
1002 3181 1202 3234 οἰκείου
1231 3181 1460 3250 βαθμοῦ.

299 3267 416 3319 Καὶ
467 3266 497 3318 ὁ
545 3267 821 3329 πολιτικὸς
872 3268 1034 3338 νόμος
1084 3270 1408 3338 τιμωρεῖται
1445 3269 1543 3332 τὰς
1579 3268 1812 3338 φατρίας

235 3359 459 3429 καὶτὰς
493 3360 857 3428 συνωμοσίας,
888 3361 964 3423 ὡς
1006 3360 1149 3428 βιϐλ.
1203 3367 1293 3431 pq’
1327 3361 1431 3414 τίτ.
1458 3360 1530 3426 δ’,
1571 3361 1676 3428 δίγ.
1728 3361 1768 3414 δ’
1795 3400 1811 3425 ,

235 3452 324 3504 καὶ⁹
357 3451 468 3504 τίτ.
508 3450 575 3503 ιο’
595 3491 610 3511 ,
633 3451 740 3518 δίγ.
770 3457 816 3503 α’
841 3453 938 3503 καὶ
965 3459 1062 3516 ις’.
1301 3458 1314 3462 ’

300 3543 559 3595 ΚΕΦΑΛ.
588 3540 792 3596 ΛΗ¹.-
825 3544 971 3597 Ποῖα
996 3543 1382 3612 ἁμαρτήματα
1404 3545 1441 3612 ἠ
1479 3545 1814 3612 χειροθεσία

233 3633 379 3690 λύει.

478 3723 754 3777 Συνόδου
789 3724 1256 3792 Νεοκαισαρείας
1279 3723 1477 3778 κανὼν
1498 3723 1562 3778 θ’.

301 3814 366 3870 θ’.
413 3815 793 3887 Πρεσϐύτερος
826 3816 920 3868 ἐὰν
949 3817 1418 3889 προημαρτηκὼς,
1445 3834 1498 3871 κ.
1533 3834 1583 3870 τ.
1617 3816 1668 3870 λ.

298 4004 558 4058 ΚΕΦΑΛ.
600 3999 730 4056 ΔΘ’.
787 4031 856 4040 —
908 4002 1048 4070 Περὶ
1106 4002 1444 4071 μετανοίας,
1492 4003 1594 4056 καὶ·
1650 4003 1809 4069 τίνες

235 4098 435 4151 ἄδειαν
468 4081 689 4163 ἐχουσῖ
709 4094 936 4149 διδόναι
959 4095 1084 4159 τοῖς
1111 4095 1474 4163 μετανοοῦσι
1505 4098 1806 4147 καταλλα-

234 4190 362 4257 γὴν,
391 4189 491 4242 καὶ
517 4187 606 4240 ὅτι
626 4186 829 4250 ἔξεστι
855 4187 934 4253 τῷ
956 4187 1100 4255 ἱερεῖ
1124 4186 1332 4254 μειοῦν
1353 4187 1449 4240 καὶ
1479 4187 1689 4251 αὔξειν
1735 4186 1808 4240 τὰ

234 4280 518 4351 ἐπιτίμια.

657 4374 1039 4432 ’Λποστόλων
1081 4372 1282 4425 κανὼν
1306 4371 1403 4441 νβ’.

298 4463 398 4518 νϐ’.
426 4465 497 4518 Εἴ
522 4483 604 4528 τις
636 4467 932 4527 ἐπίσκοπος
960 4465 992 4532 ἢ
1024 4464 1390 4534 πρεσϐύτερος
1436 4463 1522 4514 τὸν
1557 4461 1811 4531 ἐπιστρέ-

237 4572 401 4620 φοντα
422 4556 534 4608 ἀπὸ
559 4557 837 4625 ἁμαρτίας
869 4557 928 4608 οὐ
949 4555 1316 4626 προσδέχεται,
1354 4553 1488 4606 ἀλλὰ
1518 4553 1813 4606 ἀποϐάλλε-

237 4647 736 4718 ται,καοαιρείσοω.
775 4651 855 4702 ὅτι
874 4649 1030 4700 λυπεῖ
1048 4648 1280 4715 Χριστὸν
1296 4648 1384 4699 τὸν
1397 4647 1638 4699 εἰπόντα’
1655 4645 1816 4711 Χαρὰ

238 4739 453 4804 γίνεται
476 4741 547 4791 ἐν
571 4739 803 4806 οὐρανῷ
825 4739 920 4792 ἐπὶ
952 4739 1042 4791 ἐνὶ
1061 4737 1381 4807 ἁμαρτωλῷ
1399 4737 1814 4806 μετανοοῦντι.

521 4925 568 4974 Σ
575 4921 791 4975 υνόδου
817 4922 1061 4987 Νικαίας
1085 4920 1285 4973 κανὼν
1314 4927 1401 4987 ια’,
1439 4919 1527 4991 ιβ’.

309 5009 395 5064 ια’.
423 5014 560 5081 Περὶ
586 5011 695 5063 τῶν
721 5013 1080 5082 παραϐάντων
1100 5013 1266 5080 χωρὶς
1285 5011 1547 5082 ἀνάγκης,
1581 5011 1612 5083 ἢ
1645 5012 1813 5082 χωρὶς

245 5103 587 5173 ἀφαιρέσεως
617 5104 987 5172 ὑπαρχόντων,
1026 5104 1058 5172 ἢ
1095 5104 1261 5174 χωρὶς
1295 5103 1560 5168 κινδύνου,
1594 5104 1628 5174 ἧ
1670 5121 1812 5168 τινος

243 5194 503 5256 τοιούτου,
561 5194 590 5246 ὃ
631 5195 852 5261 γέγονεν
893 5194 985 5245 ἐπὶ
1042 5193 1141 5262 τῆς
1172 5193 1480 5262 τυραννίδος
1514 5195 1810 5259 Λικιννίου,

246 5286 382 5348 ἔδοξε
411 5289 475 5356 τῇ
513 5286 737 5355 cruat/1&9,
771 5287 817 5338 εί
847 5288 940 5338 καὶ
973 5285 1177 5348 ἀνάξιοι
1204 5281 1343 5355 ἦσαν
1382 5286 1815 5354 φιλανθρωπίας,

247 5375 387 5440 ὅμως
419 5377 859 5446 χρηστεύσασοαι
896 5378 974 5440 είς
1004 5377 1195 5439 αὐτούς
1233 5393 1247 5407 ⁸
1297 5378 1411 5429 ὅσοι
1465 5377 1555 5429 οὖν
1579 5378 1814 5446 γνησίως

251 5467 692 5536 μεταμελοῦνται,
723 5474 771 5534 γ’
793 5467 886 5538 ,ξτη
937 5469 993 5522 ὲν
1021 5468 1388 5538 ἀκροωμένοις
1423 5470 1728 5540 ποιήσουσιν
1757 5471 1805 5520 οἱ

322 5618 366 5649 τ’
401 5619 565 5675 Cone.
593 5619 851 5676 Calched.
889 5637 937 5675 c.
989 5623 1069 5676 l8.
1148 5620 1190 5653 ⁸³
1223 5620 1352 5677 Lac.
1393 5638 1477 5688 xv,
1513 5622 1564 5674 7.

1845 4323 1892 4380 D

1918 3111 2112 3165 scopos
2141 3094 2226 3148 vel
2257 3092 2594 3148 conclericos
2653 3087 2862 3157 aliquid
2894 3097 3190 3155 struentes,
3226 3105 3256 3144 a
3283 3091 3531 3159 proprio

1917 3189 2086 3260 gradu
2119 3188 2345 3243 omnino
2379 3186 2658 3240 excidant.

1988 3280 2197 3334 Textus.
2236 3278 2422 3334 Civilis
2463 3280 2626 3333 etiam
2665 3281 2749 3334 lex
2793 3278 3062 3333 factiones
3108 3283 3273 3344 atque
3300 3274 3497 3342 conju-

1915 3370 2155 3424 rationes
2207 3369 2366 3438 punit
2404 3370 2904 3438 :quetnadmodum
2944 3368 3039 3421 lib.
3082 3382 3272 3428 XLVIII,
3327 3365 3408 3417 tit.
3437 3365 3496 3429 4,

1913 3462 2022 3530 dig.
2068 3461 2120 3524 4,
2165 3470 2217 3513 et
2265 3460 2344 3512 tit.
2382 3459 2464 3513 19.
2523 3461 2715 3530 digest.
2759 3461 2812 3522 I,
2861 3469 2912 3513 et
2945 3459 3038 3512 lib.
3092 3474 3201 3520 xw,
3239 3454 3499 3528 [docenLl

1981 3550 2134 3604 CAP.
2170 3548 2458 3602 XXXVIII.
2508 3579 2578 3589 —
2609 3550 2865 3616 Quantam
2911 3557 3126 3616 peccata
3158 3563 3249 3615 per
3281 3545 3500 3599 ordina—

1918 3643 2111 3695 tionem
2134 3641 2339 3694 solvant
2349 3659 2374 3692 η
2385 3659 2428 3695 r.

2190 3732 2420 3786 Concilii
2459 3731 2916 3785 Neocwsareensis
2959 3746 3128 3783 canon
3154 3729 3208 3784 9.

1981 3824 2036 3878 9.
2069 3823 2124 3878 Si
2151 3827 2435 3896 presbyter
2464 3827 2553 3894 qui
2580 3839 2810 3894 corpore
2838 3824 2987 3893 prius
3001 3830 3339 3892 peccaverat,
3364 3827 3492 3880 etc..

1917 3924 1973 3968 ut
1998 3931 2119 3983 pag.
2169 3915 2296 3968 547.

1980 4005 2144 4073 320
2171 4004 2322 4058 CAP.
2353 4003 2598 4057 XXXIX.
2630 4031 2694 4044 ——
2727 4001 2801 4054 De
2834 4001 3176 4070 pmnitcntia;
3202 4009 3248 4052 et
3280 3999 3492 4067 quinam

1914 4096 2142 4148 habeant
2171 4105 2482 4164 potestatem
2510 4095 2813 4162 pwnitentes
2852 4092 3258 4151 reconciliandi;
3284 4102 3330 4142 et
3356 4089 3492 4157 quod

1913 4188 2178 4240 sacerdoti
2232 4187 2389 4240 liceat
2440 4187 2672 4239 minuere
2721 4184 2799 4238 vel
2849 4199 3038 4252 augere
3088 4197 3290 4250 poenam
3331 4197 3492 4234 cano~

1917 4280 2111 4334 nicum.

2341 4366 2708 4436 Apostolorum
2736 4381 2905 4418 canon
2941 4365 3030 4419 5'2.

1993 4459 2216 4532 5:![51].
2249 4459 2304 4513 Si
2332 4460 2454 4526 quis
2478 4459 2784 4526 episcopus,
2805 4459 3084 4525 presbyter
3126 4457 3205 4509 vel
3235 4457 3497 4511 diaconus

1922 4568 2044 4607 eum
2079 4553 2171 4622 qui
2197 4568 2226 4605 a
2250 4550 2482 4619 peccatis
2497 4551 2830 4604 convertitur
2849 4565 2954 4602 non
2982 4548 3190 4615 recipit,
3212 4549 3302 4601 sed
3326 4547 3492 4616 ejieit,

1925 4647 2265 4715 deponatur;
2297 4644 2553 4712 quoniam
2589 4642 2869 4697 Christum
2907 4641 3156 4695 molesﬁa
3185 4639 3367 4704 allicit,
3398 4640 3492 4708 qui

1926 4738 2062 4792 dixit
2089 4753 2103 4789 :
2139 4735 2404 4788 Gaudium
2433 4745 2509 4788 est
2535 4736 2586 4786 in
2615 4735 2739 4786 coelo
2768 4744 2980 4802 propter
3031 4749 3193 4784 unum
3249 4741 3492 4801 peccato-

1915 4845 2019 4880 rent
2045 4828 2404 4895 paenitentiam
2429 4835 2660 4895 agentem
2689 4826 2754 4856 ⁶³’

2216 4918 2440 4973 Concilii
2475 4918 2682 4972 Nicwni
2714 4933 2939 4971 canones
2972 4917 3057 4978 II,
3098 4915 3213 4970 I‘2..

1991 5011 2077 5063 Il.
2125 5009 2196 5062 De
2231 5011 2318 5075 iis,
2365 5010 2456 5078 qui
2491 5009 2609 5062 sine
2657 5009 2976 5061 necessitate
3005 5006 3077 5068 ³⁸⁵,
3135 5005 3216 5056 vel
3261 5003 3377 5056 sine
3409 5001 3490 5055 fa-

1917 5103 2177 5156 cultatum
2211 5117 2434 5156 suarum
2471 5100 2768 5159 ablatione,
2801 5098 2884 5151 vel
2924 5098 3042 5149 sine
3083 5094 3192 5147 ullo
3222 5093 3486 5162 periculo,

1915 5197 1997 5248 vel
2049 5196 2230 5262 aliquo
2275 5193 2567 5261 ejusmodi,
2626 5190 2948 5259 transgressi
3001 5196 3148 5249 sunt,
3197 5185 3344 5255 quod
3392 5185 3494 5237 sub

1920 5287 2112 5341 Licinii
2155 5288 2441 5358 tyrannide
2475 5288 2678 5340 factum
2715 5295 2819 5347 est,
2848 5283 3053 5353 synodo
3089 5281 3262 5336 visunt
3298 5289 3399 5346 est,
3430 5290 3485 5333 et

1923 5379 1966 5430 si
2019 5376 2359 5430 humanitate
2402 5376 2608 5445 indigni
2659 5384 2804 5437 sunt,
2869 5373 3150 5426 clementia
3212 5380 3390 5424 tamen
3437 5380 3491 5423 et

1929 5468 2263 5538 benignitate
2295 5468 2348 5520 in
2381 5483 2472 5521 eos
2509 5467 2604 5521 uti.
2642 5465 2965 5534 Quicunque
2991 5478 3118 5532 ergo
3151 5477 3405 5532 germane
3440 5469 3492 5514 et

1643 5623 1684 5656 ιι
1711 5624 1908 5691 Αιιργικ
1943 5621 1976 5674 2
2005 5633 2058 5677 et
2085 5622 2152 5688 5;
2190 5622 2360 5692 Syrio.
2397 5623 2450 5675 5.
