3904 6220
407 243 514 311 799

1527 249 1790 310 PHOTII
1827 251 2334 313 PATRIARCH/E
2375 255 2487 316 ΟΡ.

3561 253 3660 315 800

405 372 534 412 vere
562 355 883 426 pcenitentia
916 356 1219 423 ducuntur,
1255 366 1367 415 tres
1392 375 1568 415 annos
1603 362 1742 416 inter
1774 362 1989 416 audito-

2118 365 2298 431 πιστοὶ,
2335 366 2430 420 καὶ
2464 366 2603 420 ἑπτὰ
2632 366 2726 438 ἔτη
2764 365 3164 420 ὑποπεσούνται
3193 379 3206 392 ·
3237 365 3330 418 δύο
3352 362 3407 415 δὲ
3446 362 3538 432 ἔτη
3559 381 3658 432 χω-

408 465 499 502 rcs
522 449 759 519 exigent,
789 459 847 504 ut
885 450 1094 513 ﬁdeles,
1119 461 1173 505 et
1201 461 1406 521 septem
1440 453 1599 507 annis
1633 464 1985 521 prosternen-

408 549 498 594 tur
539 542 854 610 supplices;
884 542 1100 598 duobus
1151 554 1334 598 autem
1382 547 1542 599 annis
1583 548 1792 615 absque
1836 546 1989 601 obla-

409 629 558 684 tione
581 641 741 684 erunt
779 632 1088 685 orationum
1120 648 1243 686 cum
1269 635 1468 703 p0pnlo
1504 636 1820 704 participes.

475 722 564 776 12.
599 723 704 788 Qui
745 734 926 778 autem
979 740 1009 780 a
1040 727 1212 796 gratia
1239 727 1459 796 quidem
1507 727 1740 794 evocati,
1778 736 1888 785 etc.
1929 737 1989 782 ut

411 817 684 886 pag.75l.

414 929 642 984 Concilii
667 931 938 1004 Ancyram’
966 949 1189 988 canones
1222 935 1275 1002 1,
1307 935 1361 1000 2,
1390 936 1445 1003 5,
1482 934 1537 1000 4,
1577 934 1628 1002 5,
1669 935 1727 999 6,
1764 936 1816 1002 7,
1849 936 1901 1004 8,
1935 937 1991 992 9.

483 1138 924 1212 LPresbyteros.
946 1141 1038 1212 qui
1067 1141 1464 1206 sacriﬁcarunt,
1481 1140 1678 1196 deinde
1695 1149 1882 1196 contra
1906 1156 1994 1198 re-

414 1229 603 1286 luctati
631 1241 779 1296 sunt,
811 1243 940 1298 elc.,
972 1242 1029 1285 ut
1055 1251 1180 1303 pag.
1216 1233 1343 1287 595.

483 1321 539 1375 2.
574 1321 844 1380 Diaconos
900 1325 1170 1390 similiter,
1220 1326 1312 1393 qui
1359 1324 1762 1388 sacrificarunt,
1795 1333 1899 1379 etc.
1938 1335 1992 1379 ut

412 1430 536 1485 pag.

483 1509 538 1563 5.
566 1507 673 1563 Eos
703 1509 797 1580 qui
834 1509 1102 1578 fugientes
1147 1513 1528 1582 comprehensi
1577 1520 1742 1577 sunt,
1786 1519 1889 1565 etc.
1937 1518 1996 1562 ut

412 1616 538 1670 pag.
573 1601 696 1656 758.

2093 457 2175 526 ρὶς
2201 459 2517 528 προσφορᾶς
2540 458 2871 529 κοινωνήσου
2883 475 2934 512 σι
2959 457 3037 530 τῷ
3055 455 3170 528 λαῷ
3198 455 3303 510 τῶν
3325 453 3653 525 προσευχῶν.

2167 742 2253 798 ιϐ’.
2267 741 2330 796 Οἱ
2343 741 2400 796 δὲ
2412 739 2841 811 προσκληθέντες
2865 738 2964 810 μὲν
2981 738 3084 792 ὑπὸ
3099 737 3196 808 τῆς
3212 735 3454 809 χάριτος.
3472 755 3524 789 κ.
3546 753 3592 790 τ.
3610 736 3656 789 λ,

2095 947 2365 1004 Συνόδου
2394 945 2672 1017 Ἀγκύρας
2697 942 2897 999 κανὼν
2913 950 2983 1009 α’,
3009 943 3072 1014 β’,
3091 950 3161 1013 γ’,
3179 943 3241 1009 δ’,
3259 948 3322 1008 ε’,
3343 949 3418 1008 ς’,
3433 940 3497 1006 ζ’,
3515 950 3583 1009 η’,
3601 941 3658 995 θ’.

2167 1150 2234 1207 α’.
2262 1149 2668 1222 Πρεσϐυτέρους
2688 1149 2814 1211 τοὺς
2837 1144 3221 1206 ἐπιθύσαντας,
3237 1139 3358 1196 εἶτα
3377 1139 3662 1195 ἀναπαλαί-

2097 1262 2314 1306 σαντας,
2354 1261 2408 1296 κ.
2440 1261 2488 1296 τ.
2521 1241 2570 1296 λ.

2167 1337 2230 1406 β’.
2267 1335 2554 1396 Διακόνους
2579 1332 2779 1404 ὁμοίως
2808 1330 3102 1393 θύσαντας,
3129 1345 3183 1381 κ.
3211 1343 3265 1382 τ.
3300 1327 3351 1380 λ.

2169 1523 2236 1586 γ’.
2267 1516 2404 1578 Τοὺς
2433 1512 2733 1584 φεύγοντας
2764 1510 2857 1565 καὶ
2889 1508 3316 1580 συλληφθέντας,
3354 1526 3408 1563 κ.
3451 1526 3498 1565 τ.
3531 1513 3576 1560 λ.

482 1720 538 1774 4.
577 1718 652 1772 De
699 1718 766 1774 iis
815 1719 906 1787 qui
952 1718 1002 1774 vi
1051 1719 1469 1785 sacriﬁcarunt,
1526 1729 1580 1774 et
1613 1728 1872 1790 prasterea
1919 1718 1986 1774 ad

2159 1725 2220 1782 δ’.
2243 1726 2376 1797 Περὶ
2396 1725 2505 1779 τῶν
2527 1724 2664 1796 πρὸς
2688 1723 2808 1795 βίαν
2835 1722 3135 1786 θυσάντων,
3164 1723 3258 1775 ἐπὶ
3279 1721 3335 1774 δὲ
3352 1722 3556 1783 τούτοις
3581 1719 3663 1773 καὶ

412 1807 554 1861 idola
601 1808 788 1876 pransi
831 1816 982 1870 sunt,
1014 1808 1330 1880 quicunque
1369 1810 1610 1875 abducti,
1660 1811 1903 1880 quidem,
1943 1819 1998 1865 et

411 1898 618 1953 lrctiore
664 1900 850 1953 habitu
887 1909 1261 1965 accesserunt,
1309 1910 1365 1965 et
1392 1912 1542 1956 veste
1592 1901 1998 1971 sumptuosiore

411 1991 500 2046 usi
548 1999 698 2054 sunt,
743 2001 797 2045 et
844 1992 1018 2061 parati
1047 1993 1284 2060 prandii,
1332 2009 1441 2048 non
1469 2008 1609 2064 :egre
1645 1993 1696 2047 id
1741 1993 1997 2059 ferentes,

415 2082 707 2152 participes
733 2083 974 2146 fuerunt,
1025 2084 1203 2139 vismn
1253 2094 1337 2141 est
1385 2101 1530 2139 anno
1561 2084 1772 2146 audire,
1824 2084 1998 2139 tribus

415 2184 595 2229 autem
629 2175 789 2229 annis
837 2176 1110 2230 substerni
1146 2191 1210 2231 ac
1241 2177 1516 2248 supplices
1539 2176 1858 2246 esse,321
1897 2176 1998 2231 soli

415 2275 600 2319 autem
632 2267 867 2320 orationi
895 2267 1108 2322 duobus
1139 2269 1299 2324 annis
1332 2269 1763 2334 communicare,
1790 2277 1846 2323 et
1872 2279 2000 2323 tunc

415 2355 481 2409 ad
512 2357 561 2410 id
594 2357 736 2425 quod
762 2367 847 2412 est
876 2357 1176 2426 perfectum
1205 2358 1489 2414 accedere.

486 2451 541 2505 5.
583 2450 907 2521 Quicunque
966 2451 1077 2522 (l5)
1107 2452 1287 2507 autem
1320 2469 1442 2507 cum
1472 2458 1626 2508 veste
1659 2452 1876 2521 lugubri
1909 2467 2001 2506 ac-

415 2553 722 2606 cesserunt,
747 2553 802 2599 et
826 2546 1212 2602 accumbentes
1243 2545 1622 2610 comederunt,
1658 2545 1865 2600 interea
1889 2553 2002 2601 toto

416 2637 707 2692 accubitus
762 2647 1005 2707 tempore
1041 2639 1315 2710 lacrymas
1368 2638 1682 2701 fundentes,
1733 2638 1777 2693 si
1834 2637 2002 2692 trien-

417 2732 543 2786 nale
587 2730 983 2786 substrationis
1017 2739 1234 2801 tempus
1283 2730 1673 2800 impleverunt,
1709 2729 1828 2784 sine
1854 2729 2001 2784 obla-

419 2825 565 2879 tione
605 2824 960 2893 recipientur.
1006 2823 1064 2877 Si
1095 2833 1279 2879 autem
1308 2840 1415 2878 non
1452 2823 1833 2887 comederunt,
1877 2837 2002 2877 cum

420 2917 637 2971 duobus
667 2917 826 2972 annis
860 2917 1134 2986 supplices
1167 2916 1542 2986 snbstratique
1573 2915 1800 2978 fuerint,
1840 2914 2001 2969 tertio

423 3025 568 3063 anno
601 3008 1007 3063 communicent
1034 3008 1152 3063 sine
1181 3009 1482 3071 oblatione,
1526 3016 1587 3062 ut
1618 3007 1671 3061 id
1705 3007 1850 3076 quod
1874 3021 2002 3076 per-

2099 1820 2211 1874 τῶν
2235 1817 2636 1889 δειπνησάντων
2667 1815 2829 1879 είςτά
2856 1815 3070 1879 εῐδωλα,
3102 1815 3219 1867 ὅσοι
3265 1813 3366 1883 μὲν
3402 1811 3665 1880 ἀπαγόμε-

2103 1929 2184 1965 νοι.
2235 1910 2328 1962 καὶ
2369 1909 2610 1979 σχήματι
2667 1905 3008 1978 φαιδροτέρῳ
3053 1903 3312 1973 ἀνῆλθον,
3371 1903 3464 1956 καὶ
3493 1901 3663 1970 ἐσθῆτι

2101 2003 2406 2073 ἐχρήσαντο
2436 1997 2891 2067 πολυτελεστέρα,
2922 1996 3018 2049 καὶ
3081 1994 3346 2065 μετέσχον
3377 1991 3469 2045 τοῦ
3505 2009 3664 2059 παραυ

2105 2093 2494 2153 σκευασθέντος
2539 2090 2758 2144 δείπνου
2820 2087 3149 2156 ἀδιαφόρως,
3203 2086 3384 2151 ἔδοξεν
3443 2084 3666 2138 ἐνιαυτὸν

2101 2183 2426 2253 ἀκροᾶσθαι,
2451 2181 2748 2234 ὑποπεσεῖν
2774 2179 2831 2232 δὲ
2881 2177 3008 2247 τρία
3031 2176 3148 2245 ἐτη,
3178 2176 3350 2245 εὐχῆς
3409 2175 3463 2227 δὲ
3516 2174 3665 2242 μόνης

2103 2273 2433 2342 κοινωνῆσαι
2460 2272 2555 2342 ἔτη
2581 2271 2696 2336 δύο,
2728 2271 2824 2325 καὶ
2877 2269 3000 2323 τότε
3030 2269 3203 2322 ἐλθεῖν
3251 2269 3348 2320 ἐπὶ
3375 2266 3433 2319 τὸ
3457 2266 3664 2317 τέλειον.

2170 2463 2233 2512 ε’.
2264 2455 2417 2508 Ὅσοι
2463 2455 2519 2507 δὲ
2559 2453 2787 2523 ἀνῆλθον
2832 2450 2970 2523 μετά
3008 2450 3235 2521 ἐσθῆτος
3280 2448 3554 2517 πενθικῆς,
3583 2449 3666 2500 καὶ

2105 2550 2466 2611 ἁναπεσόντες
2498 2547 2720 2615 ἔφαγον,
2750 2544 2951 2616 μεταξὺ
2973 2543 3039 2597 δι’
3067 2544 3196 2613 ὅλης
3215 2542 3320 2612 τῆς
3351 2539 3665 2600 ἀνακλίσεως

2104 2642 2465 2712 δακρύοντες,
2523 2640 2571 2692 εί
2630 2638 2958 2707 ἐπλήρωσαν
3001 2636 3095 2688 τὸν
3157 2633 3259 2704 τῆς
3321 2630 3666 2692 ὐποπτὼσεως

2104 2735 2292 2805 τριετῆ
2323 2733 2546 2804 χρόνον,
2587 2729 2758 2803 χωρὶς
2788 2727 3105 2799 προσφορᾶς
3138 2726 3486 2796 δεχθήτωσαν
3505 2741 3519 2754 ·
3558 2727 3599 2776 εί
3620 2721 3669 2774 δὲ

2110 2828 2183 2898 μὴ
2214 2827 2445 2896 ἔφαγον,
2478 2825 2571 2877 δύο
2619 2821 2987 2884 ὑποπεσόντες
3032 2819 3150 2889 ἔτη,
3179 2818 3260 2888 τῷ
3307 2817 3472 2888 τρίτῳ
3497 2832 3671 2869 κοινω-

2106 2922 2427 2991 νησάτωσαν
2481 2918 2650 2987 χωρὶς
2701 2914 3050 2986 προσφορᾶς,
3108 2912 3197 2963 ἴνα
3250 2911 3314 2963 τὸ
3367 2909 3565 2962 τέλειον
3612 2908 3668 2973 τῇ

2106 3009 2396 3078 τετραετίᾳ
2465 3005 2703 3060 λάϐωσιο
2762 3005 2890 3067 τοὺς
2938 3004 2995 3056 δὲ
3049 3000 3393 3063 ἐπισκόπους
3443 2997 3672 3064 ἐξουσίαν

421 3098 622 3152 fectum
653 3108 758 3166 est,
789 3097 1027 3153 triennio
1067 3098 1362 3168 accipiant.
1393 3097 1702 3151 Statnimus
1725 3105 1908 3150 autem
1944 3103 2004 3151 ut

2118 3103 2251 3175 ἔχειν
2273 3104 2364 3155 τὸν
2392 3102 2591 3172 τρόπον
2610 3101 2710 3168 τῆς
2740 3098 3078 3167 ἐπιστροφῆς
3105 3097 3532 3166 δοκιμάσαντας,
3559 3091 3669 3161 φιλ-

422 3189 688 3258 cpisc0pi,
738 3189 899 3243 modo
937 3188 1371 3243 conversationis
1421 3183 1850 3257 [conversionis]
1876 3199 2008 3239 exa-

423 3280 651 3344 minato,
707 3287 1033 3350 potestatem
1079 3279 1316 3334 habeant
1343 3278 1429 3332 vel
1462 3277 1645 3332 utendi
1692 3276 2004 3338 clementia,

425 3371 508 3426 vel
539 3372 660 3440 plus
688 3371 950 3440 temporis
999 3369 1321 3437 adjicicndi.
1351 3368 1491 3422 Ante
1531 3367 1716 3422 omnia
1742 3377 1923 3420 autem
1954 3374 2009 3420 et

425 3464 739 3536 prtecedens
761 3463 894 3528 vita,
923 3471 979 3516 et
1021 3475 1143 3530 quae
1168 3469 1464 3514 consecuta
1499 3469 1602 3524 est,
1637 3458 2005 3522 examinetur,

426 3571 480 3618 et
499 3562 578 3617 sic
609 3561 690 3617 eis
725 3559 1015 3614 clementia
1042 3557 1407 3626 impertiatnr.

497 3675 550 3730 θ’.
593 3673 671 3728 De
709 3672 798 3736 iis,
837 3671 928 3740 qui
963 3669 1214 3739 supplicii
1243 3669 1446 3731 minis.
1487 3675 1542 3722 et
1580 3668 1842 3722 bonorum
1867 3670 2010 3722 abla-

431 3768 618 3830 tionis,
667 3765 754 3820 vel
793 3762 1268 3819 exterminationis
1327 3769 1540 3815 tantum
1596 3768 1906 3822 cesserunt,
1956 3768 2010 3814 et

432 3857 904 3919 sacriﬁcaverunt,
931 3859 985 3907 et
1009 3851 1074 3905 ad
1108 3866 1350 3920 praesens
1379 3865 1553 3918 usque
1589 3858 1802 3917 tempus
1837 3848 2010 3918 paeni-

431 3948 655 4003 tentiam
687 3963 795 4001 non
842 3954 1094 4016 egerunt,
1128 3959 1226 3997 nec
1255 3941 1506 3997 conversi
1533 3950 1693 4006 sunt;
1723 3957 1867 3995 nunc
1913 3957 2010 3994 au-

431 4053 539 4096 tem
571 4041 712 4094 circa
759 4049 972 4106 tempus
1001 4035 1193 4107 synodi
1232 4041 1640 4102 processerunt,
1681 4042 1735 4088 et
1779 4048 2009 4088 conver-

431 4131 600 4187 sionis
672 4128 1056 4198 cogitationem
1134 4125 1469 4178 induerunt:
1531 4125 1710 4178 visum
1781 4132 1866 4178 est
1941 4122 2010 4178 ad

432 4237 688 4292 magnum
725 4235 898 4290 usque
925 4218 1068 4273 diem
1097 4231 1189 4272 eos
1224 4217 1289 4269 ad
1321 4216 1655 4270 auditionem
1681 4214 1922 4279 admitti,
1954 4222 2010 4268 et

432 4327 554 4388 post
597 4331 854 4386 magnum
889 4313 1033 4367 diem
1086 4312 1262 4365 tribus
1290 4311 1448 4366 annis
1485 4327 1607 4366 esse
1637 4310 1912 4379 supplices
1957 4318 2011 4362 et

433 4408 732 4472 substerni,
769 4415 822 4460 et
867 4412 990 4473 post
1032 4402 1170 4457 alios
1216 4401 1355 4456 duos
1398 4417 1571 4456 annos
1601 4399 2011 4454 communicare

433 4503 552 4556 sine
585 4498 879 4562 oblatione,
904 4504 957 4550 et
988 4495 1068 4549 sic
1100 4493 1166 4547 ad
1202 4494 1255 4548 id
1289 4493 1432 4562 quod
1475 4490 1778 4562 perfectum
1804 4501 1887 4544 est
1919 4505 2008 4544 ve-

434 4595 568 4657 nire.
611 4600 669 4645 ut
708 4600 878 4646 totum
927 4587 1251 4645 sexennium
1284 4585 1581 4656 impleant:
1633 4585 1676 4638 si
1711 4583 1801 4653 qui
1827 4591 2010 4637 autem

432 4695 560 4740 ante
603 4683 746 4738 hanc
784 4682 1054 4753 synodum
1091 4680 1155 4734 ad
1186 4678 1562 4749 pmnitenliam
1598 4675 1824 4731 admissi
1859 4681 2007 4735 sunt,

432 4781 503 4835 ab
531 4779 625 4834 illo
665 4786 909 4846 tempore
939 4776 1018 4830 eis
1055 4775 1375 4830 sexennium
1406 4771 1667 4836 reputari.
1696 4767 1801 4823 Sed
1837 4767 1885 4821 si
1918 4780 2014 4835 pe-

432 4873 692 4937 riculum,
734 4871 1040 4938 mortisque
1075 4866 1412 4938 exspectatio
1455 4880 1519 4919 ex
1549 4862 1756 4926 morbo,
1785 4859 1870 4916 vel
1915 4857 2010 4912 ali-

432 4981 542 5037 qua
585 4965 692 5019 alia
727 4962 1019 5019 occasione
1056 4959 1319 5024 evenerit,
1368 4957 1406 5012 ii
1437 4957 1541 5013 sub
1573 4954 1894 5011 deﬁnitione
1927 4968 2015 5008 re-

434 5056 724 5126 cipiantur.

507 5175 560 5229 7.
601 5174 677 5228 De
715 5173 782 5228 iis
811 5173 903 5243 qui
948 5172 1004 5226 in
1036 5169 1177 5226 festo
1215 5169 1433 5223 cthnico
1491 5167 1544 5220 in
1580 5164 1699 5218 loco
1723 5161 2017 5233 gentilibus

436 5273 717 5340 deputato,
769 5267 1042 5324 convivali
1077 5273 1226 5325 sunt,
1260 5273 1314 5318 et
1355 5261 1606 5332 preprios
1641 5259 1792 5314 cibos
1832 5256 2021 5310 attule-

439 5373 590 5428 runt,
626 5375 680 5419 et
700 5362 1090 5418 comederunt:
1123 5358 1304 5411 visum
1332 5363 1438 5419 est,
1471 5368 1596 5406 cum
1637 5349 1856 5404 biennio
1883 5347 2014 5402 sub-

442 5461 595 5516 strati
621 5457 846 5524 fuerint,
896 5471 1021 5512 esse
1053 5449 1430 5522 recipiendos.
1469 5445 1631 5516 322
1686 5444 1767 5496 An
1825 5455 2018 5495 unum-

2033 4459 2088 4518 D

2108 3192 2554 3263 ανθρωπεύεσθαι
2589 3191 2622 3262 ἢ
2670 3190 2893 3242 πλείονα
2927 3185 3285 3255 προστιθέναι
3313 3185 3530 3256 χρόνονο
3579 3179 3675 3242 πρὸ

2108 3287 2325 3339 πάντων
2354 3284 2410 3337 δὲ
2436 3284 2533 3337 καὶ
2557 3285 2583 3336 ὁ
2612 3282 2858 3354 προέχων
2883 3280 2994 3350 βίος
3016 3280 3112 3333 καὶ
3135 3281 3162 3332 ὁ
3197 3279 3338 3348 μετά
3371 3276 3538 3329 ταῦτα
3593 3272 3672 3337 ἐξ·

2109 3375 2416 3442 εταζέσθω,
2455 3376 2551 3429 καὶ
2578 3373 2752 3436 οὕτως
2783 3374 2817 3443 ἡ
2852 3371 3234 3442 φιλανθρωπία
3271 3365 3672 3441 ὲπιμετρείσθω.

2183 3677 2256 3744 ς’.
2286 3677 2420 3750 Περὶ
2447 3675 2554 3728 τῶν
2579 3672 2775 3744 ἀπειλῇ
2814 3670 2974 3742 μόνον
2999 3669 3261 3735 εἰξάντων
3292 3667 3574 3727 κολάσεως,
3595 3667 3677 3714 και

2109 3774 2449 3845 ἀφαιρέσεως
2475 3769 2830 3840 ὑπαρχόντων
2859 3766 2894 3838 ἢ
2926 3763 3233 3836 μετοικίας,
3273 3763 3369 3816 καὶ
3398 3759 3674 3819 θυσάντων,

2110 3868 2204 3921 καὶ
2247 3864 2408 3936 μέχρι
2446 3860 2542 3916 τοῦ
2576 3859 2843 3928 παρόντος
2894 3855 3088 3927 καιροῦ
3124 3856 3196 3926 μὴ
3229 3850 3676 3924 μετανοησάντων,

2113 3957 2249 4028 μηδὲ
2299 3952 2766 4024 ἐπιστρεψάντων,
2793 3949 2886 4002 νῦν
2933 3948 2990 4002 δὲ
3041 3946 3195 4018 παρά
3242 3947 3335 3999 τὸν
3377 3941 3559 4011 καιρὸν
3589 3937 3679 4006 τῆς

2113 4047 2331 4100 συνόδου
2360 4043 2789 4116 προσελθόντων,
2818 4039 2914 4094 καὶ
2944 4041 3023 4103 εἰς
3045 4039 3285 4092 διάνοιαν
3315 4036 3415 4106 τῆς
3446 4036 3678 4101 ἐπιστρο-

2111 4139 2218 4208 φῆς
2254 4137 2582 4206 γενομένων,
2619 4133 2763 4197 ἔδοξε
2799 4134 2961 4204 μέχρι
2987 4134 3084 4201 τῆς
3117 4131 3361 4201 μεγάλης
3385 4127 3588 4199 ἡμέρας
3610 4124 3677 4183 εἰς

2111 4231 2373 4300 ἀκρόασιν
2403 4226 2682 4296 δεχθῆναι,
2707 4225 2800 4278 καὶ
2829 4225 2966 4292 μετὰ
3004 4223 3103 4293 τὴν
3133 4223 3377 4292 μεγάλην
3406 4217 3677 4272 ὑποπεσεῖν

2111 4321 2238 4392 τρία
2262 4320 2380 4390 ἐτη,
2412 4320 2505 4371 καὶ
2547 4316 2688 4387 μετά
2739 4314 2875 4370 ἄλλα
2904 4314 2996 4366 δύο
3042 4313 3137 4383 ἔτη
3173 4311 3497 4379 κοινωνῆσαι
3527 4304 3678 4376 χωρὶς

2116 4413 2453 4485 προσφορᾶς,
2488 4410 2583 4463 καὶ
2630 4407 2803 4469 οὕτως
2844 4405 3018 4458 ἐλθεῖν
3053 4405 3146 4457 ἐπὶ
3191 4403 3251 4456 τὸ
3290 4403 3521 4454 τέλειον·
3552 4396 3678 4449 ὥστε

2115 4506 2216 4575 τὴν
2258 4504 2434 4556 πᾶσαν
2469 4501 2716 4567 ἑξαετίαν
2763 4497 3082 4568 πληρῶσαι·
3127 4497 3174 4547 εἰ
3210 4493 3268 4548 δέ
3298 4510 3438 4554 τινες
3465 4489 3564 4560 πρὸ
3594 4485 3678 4551 τῆς

2120 4597 2340 4651 συνόδου
2363 4595 2568 4664 ταύτης
2596 4591 2893 4662 ἐδέχθησαν
2924 4590 3003 4652 είς
3029 4588 3319 4659 μετάνοιαν
3349 4585 3441 4638 ἀπ’
3486 4577 3677 4634 ἐκείνου

2116 4689 2211 4744 τοῦ
2252 4689 2443 4761 χρόνου
2476 4685 2785 4754 λελογίσθαι
2844 4684 3028 4744 αὐτοῖς
3087 4681 3185 4751 τὴν
3236 4678 3408 4752 ἀρχὴν
3442 4675 3534 4743 τῆς
3560 4668 3678 4761 Δἐξει-

2117 4781 2295 4844 ετίας·
2327 4780 2376 4831 εἰ
2422 4777 2605 4847 μέντοι
2639 4774 2906 4838 κίνδυνος,
2929 4771 3021 4824 καὶ
3041 4768 3271 4822 θανάτου
3324 4757 3603 4834 προσδοκία
3624 4755 3678 4804 ὲγ

2118 4874 2274 4927 νόσου
2313 4871 2346 4943 ἢ
2383 4870 2550 4938 ἄλλης
2599 4867 2745 4930 τινὸς
2787 4863 3112 4936 προφάσεως
3168 4856 3435 4928 συμὸαίη,
3474 4849 3677 4905 τούτους

2119 4965 2212 5018 ἐπὶ
2240 4964 2352 5034 ὅρῳ
2374 4961 2651 5032 δεχθῆναι.

2195 5159 2262 5226 ζ’.
2303 5159 2441 5228 Περὶ
2477 5157 2585 5211 τῶν
2631 5151 3091 5210 συνεστιαθέντων
3126 5152 3182 5204 ἐν
3214 5147 3373 5219 ἑορτῇ
3399 5139 3597 5208 ἐθνικῇ,
3628 5133 3676 5184 ὲν

2121 5256 2272 5323 τόπῳ
2301 5250 2672 5322 ἀφωρισμένῳ
2700 5248 2812 5308 τοῖς
2854 5245 3109 5306 ἐθνικοϊς,
3145 5243 3252 5295 ῐδια
3296 5237 3547 5308 βρώματα
3572 5229 3675 5276 ἐπ’.-

2124 5346 2509 5419 κομισαμένων
2553 5344 2648 5397 καὶ
2669 5343 2972 5410 φαγόντων,
3001 5338 3142 5402 ἔδοξε
3167 5335 3368 5390 διετίαν
3396 5321 3673 5419 ὑπο-πεσόν

2127 5413 2227 5506 τας
2271 5413 2561 5511 δεχθῆναι·
2593 5438 2654 5490 τὸ
2708 5437 2765 5490 δὲ
2806 5436 2854 5488 εἰ
2892 5435 2996 5506 χρὴ
3053 5432 3192 5502 μετὰ
3236 5428 3332 5498 τῆς
3366 5413 3674 5492 προσφορᾶς.

516 5644 626 5712 (Ιὸ)
664 5643 726 5696 In
763 5641 952 5699 codice
977 5635 1233 5692 Ecclesiae
1268 5631 1524 5688 Romanm
1551 5628 1706 5685 'cdito
1739 5624 2027 5695 Moguntia:
2068 5623 2156 5678 hic
2242 5635 2415 5678 canon
2455 5616 2768 5672 Graecorum
2815 5634 2865 5681 ν,
2941 5630 3045 5669 non
3099 5607 3395 5680 seiungitur
3428 5618 3454 5655 8
3502 5599 3673 5665 llum“)

449 5713 748 5784 superiore.
