3904 6220
237 317 336 382 801

1016 307 1417 370 SYNTAGMA
1467 302 1855 365 CANONUM.
1881 326 1953 340 -
1989 304 2138 363 ΤΙΤ-
2169 304 2272 378 IX,
2301 306 2457 366 CAP.
2496 307 2764 368 XXXIX.

3395 305 3500 372 802

238 425 456 495 ἑκάστῳ
504 423 612 477 τῶν
660 419 988 476 ἐπισκόπων
1029 418 1232 486 ἐξέστω
1269 416 1581 486 δοκιμάσαι,
1617 413 1826 468 καὶτὸν

1958 429 2202 483 ιιιεηιίιιιθ
2252 426 2432 471 autem
2473 433 2598 472 cum
2629 418 2900 474 oblatione
2950 419 3193 488 recipere
3225 430 3496 488 oporteat,

235 515 391 569 ἀλλον
416 513 537 583 βίον
571 510 659 580 ἐφ’
692 511 922 565 ἑκάστου
951 506 1225 572 ἐξετάσαι.

301 702 375 766 η’.
404 697 476 748 Οι
518 693 578 747 δὲ
611 691 859 762 δεύτερον
881 689 978 744 καὶ
998 689 1180 759 τρίτον
1215 686 1479 749 θύσαντες
1515 681 1655 755 μετὰ
1673 681 1820 752 βίας»

235 787 559 856 τετραετίαν
588 783 1037 847 ὑποπεσέτωσαν,
1060 779 1155 832 δύο
1181 778 1238 831 δὲ
1260 778 1356 848 ἔτη
1387 776 1558 846 χωρὶς
1585 791 1823 845 προσφοο

240 882 336 951 ρᾶς
367 877 888 949 κοινωνησάτωσαν,
923 875 1019 928 καὶ
1052 873 1128 944 τῷ
1155 872 1366 943 ἑϐδόμῳ
1395 867 1616 932 τελείως
1633 866 1824 938 δεχθή-

236 987 440 1024 τωσαν.

311 1061 378 1114 θ’.
401 1061 563 1113 "Odor.
596 1059 652 1112 δὲ
686 1058 761 1129 μὴ
802 1058 960 1129 μόνον
1013 1055 1332 1126 ἀπέστησαν
1359 1052 1494 1106 ἀλλὰ
1530 1051 1634 1105 καὶ
1659 1051 1825 1102 ἐπαν-

241 1153 475 1222 έστησαν
503 1152 597 1204 καὶ
626 1150 942 1218 ἠνάγκασαν
973 1147 1254 1214 ἀδελφοὺς,
1275 1143 1369 1198 καὶ
1401 1143 1562 1197 αἴτιοι
1582 1142 1826 1210 ἐγένοντο

239 1243 329 1298 τοῦ
361 1245 802 1313 ἀναγκασθῆναι,
819 1234 962 1294 οῦτοι
988 1239 1081 1308 ἐτη
1104 1240 1200 1308 μὲν
1228 1237 1352 1308 τρία
1373 1236 1466 1288 τὸν
1493 1237 1594 1304 τῆς
1619 1233 1827 1304 ἀκροά-

243 1349 378 1395 σεως
433 1331 783 1396 δεξάσθωσαν
855 1330 1056 1381 τόπον·
1107 1329 1165 1379 ἐν
1208 1326 1264 1379 δὲ
1310 1324 1450 1397 ἄλλῃ
1484 1322 1700 1390 eguere;
1735 1320 1827 1373 τὸν

243 1425 336 1493 τῆς
367 1422 740 1484 ὑποπτώσεως
757 1437 771 1454 ·
798 1419 954 1474 ἄλλον
982 1419 1038 1471 δὲ
1063 1418 1306 1471 ἐνιαυτὸν
1340 1414 1826 1484 κοινωνησάτωσαν

245 1516 418 1584 χωρὶς
465 1512 813 1584 προσφορᾶςο
843 1510 928 1563 ἵνα
951 1509 1050 1578 τὴν
1089 1507 1372 1560 δεκαετίαν
1419 1502 1824 1573 πληρώσαντες,

245 1606 338 1658 τοῦ
369 1606 579 1658 τελείου
607 1604 947 1674 μετάσχωσιν
966 1616 978 1628 ·
1004 1603 1061 1653 ἐν
1091 1600 1272 1670 μέντοι
1303 1596 1475 1666 τούτῳ
1512 1594 1588 1664 τῷ
1633 1593 1824 1665 χρόνῳ,

243 1699 334 1750 καὶ
364 1700 458 1750 τὸν
489 1696 646 1749 ἄλλον
675 1694 852 1748 αὐτῶν
879 1690 1256 1762 ἐπιτηρεῖσθαι
1283 1689 1420 1758 βίον.

472 1787 745 1841 Συνόδου
791 1784 1255 1850 Νεοκαισαρείας
1285 1780 1486 1834 κανὼν
1536 1778 1602 1848 β’.

313 1880 382 1950 β’.
399 1880 546 1948 Γυνὴ
571 1879 666 1931 ἐὰν
689 1879 932 1948 γήμηται
953 1876 1044 1928 δύο
1061 1875 1328 1943 ἀδελφοῖς,
1348 1872 1651 1937 ἐξωθείσθω
1669 1871 1828 1942 μέχρι

250 1972 518 2025 θανάτου*
581 1970 720 2040 πλὴν
783 1971 841 2020 ἐν
888 1969 966 2038 τῷ
1007 1967 1223 2035 θανάτῳ
1277 1964 1365 2017 διὰ
1419 1964 1828 2033 φιλανθρωπίαν

249 2061 485 2113 εἰποῦσα
545 2059 622 2122 ὡς
675 2059 944 2126 ὑγιάνασα
1008 2058 1159 2110 λύσει
1199 2057 1289 2109 τὸν
1340 2054 1541 2125 γάμον,
1568 2055 1676 2120 ἔξει
1735 2054 1831 2124 τὴν

250 2153 566 2222 μετάνοιαν·
595 2151 691 2203 ἐὰν
720 2149 775 2202 δὲ
803 2148 1098 2219 τελευτήσῃ
1128 2150 1161 2218 ἡ
1189 2145 1325 2217 γυνὴ
1356 2147 1412 2198 ἐν
1429 2144 1652 2214 τοιούτῳ
1671 2144 1834 2214 γάμῳ

250 2241 408 2304 οὖσα,
451 2242 573 2312 ἦτοι
609 2241 637 2293 ό
675 2237 832 2308 ἀνὴρ,
884 2239 1153 2309 δυσχερὴς
1196 2237 1274 2306 τῷ
1304 2236 1546 2307 μείναντι
1582 2237 1616 2306 ή
1673 2236 1837 2306 μετά-

249 2349 388 2386 vcta.

555 2421 827 2477 Συνόδου
856 2419 1209 2486 Λαοδικείας
1239 2419 1441 2474 κανὼν
1475 2418 1538 2488 β’.

327 2513 396 2584 β’.
444 2512 588 2582 Περὶ
628 2510 722 2565 τοῦ
773 2512 900 2574 τοὺς
948 2509 1420 2580 ἐξαμαρτάνοντας
1463 2509 1522 2562 ἐν
1561 2508 1834 2581 διαφόροις

255 2608 607 2675 πταίσμασι,
649 2606 744 2656 καὶ
773 2600 1318 2672 προσκαρτεροῦντας
1338 2603 1404 2671 τῇ
1437 2605 1710 2671 προσευχῇ
1741 2603 1838 2672 τῆς

255 2698 702 2768 ἐξομολογήσεως
748 2695 846 2748 καὶ
897 2693 1202 2764 μετανοίας,
1235 2693 1327 2746 καὶ
1367 2692 1463 2762 τὴν
1492 2692 1839 2762 ἀποστροφὴν

256 2791 365 2843 τῶν
392 2788 582 2842 κακῶν
607 2787 818 2840 τελείαν
848 2785 1226 2855 ποιουμένους,
1251 2783 1394 2837 κατὰ
1427 2783 1526 2852 τὴν
1552 2783 1839 2850 ἀναλογίαν

257 2880 352 2934 τοῦ
403 2880 748 2949 πταίσματος
796 2876 988 2948 καιροῦ
1037 2877 1324 2947 μετανοίας
1393 2875 1672 2940 δοθέντος,
1715 2874 1871 2939 τοὺςδ

260 2971 536 3034 τοιούτους
581 2969 670 3022 διὰ
723 2968 847 3032 τοὺς
891 2968 1208 3038 οἱκτιρμοὺς
1251 2966 1344 3020 καὶ
1386 2964 1484 3036 τὴν
1524 2964 1841 3034 ἀγαθότητα.

260 3063 353 3116 τοῦ
388 3060 527 3116 Θεοῦ
564 3059 935 3132 προσάγεσθαι
958 3062 1024 3130 τῇ
1058 3059 1334 3130 κοινωνίᾳ.

266 3176 533 3232 Συνόὃου
571 3174 982 3243 Καρθαγέννης
1031 3171 1234 3226 κανὼν
1259 3178 1340 3237 ς’,
1371 3171 1414 3236 ζ’
1435 3172 1546 3243 κζ’,
1593 3168 1701 3240 μγ’,
1737 3175 1842 3239 με’.

335 3249 515 3299 Ὥστε
545 3241 786 3314 χρίσμα
807 3244 923 3298 ἀπὸ
953 3243 1366 3311 πρεσϐυτέρων
1382 3241 1461 3313 μὴ
1486 3243 1774 3312 γίνεσθαι.

337 3345 410 3403 ς’.
433 3335 835 3407 Φουρτουνάτος
868 3335 1163 3397 ἐπίσκοπος
1190 3332 1362 3387 εἶπεν⁸
1382 3335 1468 3386 Ἐν
1497 3336 1615 3394 ταῖς
1646 3331 1845 3398 προλα-

269 3429 490 3490 ϐούσαις
531 3425 769 3489 συνόδοις
818 3425 1144 3496 μεμνήμεθα
1173 3441 1336 3494 usque
1375 3425 1444 3478 ad
1477 3423 1586 3476 ἀπὸ
1625 3424 1842 3476 πάντων

271 3521 583 3576 ἐπισκόπων
609 3517 802 3590 ἐλέχθη
820 3535 833 3550 ο
873 3520 1041 3572 Ιιᾱσιν
1067 3517 1310 3588 ἀρέσκει.
1346 3517 1660 3587 Χρίσματος
1686 3515 1841 3584 ποίη-

272 3634 352 3677 σις
381 3617 477 3667 καὶ
501 3611 680 3681 κορῶν
706 3610 1050 3680 καθιέρωσις,
1072 3609 1238 3666 κ.τ.λ.

272 3707 407 3776 Περὶ
471 3702 581 3771 τῆς
621 3702 740 3756 τῶν
798 3701 868 3754 ἐν
903 3700 1162 3780 κινδύνῳ
1195 3699 1580 3754 καθεστώτων
1627 3703 1844 3752 καταλ-

962 3773 1175 3840 λαῖῆς.

339 3870 404 3934 ζ’.
435 3865 707 3938 Αὐρήλιος
739 3863 1032 3926 ἐπίσκοπος
1068 3858 1381 3916 είπεν”Εάν
1405 3877 1487 3924 τις
1520 3861 1577 3913 ἐν
1619 3860 1846 3932 κινδύνῳ

273 3959 572 4023 καθεστὼς,
602 3957 800 4028 αἰτήσῃ
849 3955 1040 4009 ἐαυτὸν
1068 3953 1472 4024 καταλλαγῆναι
1519 3954 1632 4014 τοῖς
1684 3953 1845 4019 ἱεροῖς

275 4050 705 4118 θυσιαστηρίοις,
740 4046 831 4101 τοῦ
858 4046 1156 4100 ἐπισκόπου
1187 4045 1438 4108 ἀπόντος,
1477 4043 1676 4112 ὀφείλει
1705 4041 1846 4096 εἰκό-

276 4160 375 4206 τως
421 4144 450 4194 ὁ
493 4139 866 4210 πρεσϐύτερος
924 4137 1198 4208 ἐρωτῆσαι
1250 4136 1342 4190 τὸν
1389 4135 1718 4203 ἐπίσκοπον,
1755 4137 1848 4190 καὶ

278 4234 444 4295 οὕτως
483 4231 572 4284 τὸν
613 4233 672 4283 ἐν
706 4229 931 4299 κινδύνῳ
957 4227 1284 4293 καταλλάξαι
1318 4227 1460 4280 κατὰ
1505 4227 1602 4297 τὴν
1639 4228 1846 4280 ἐκείνου

282 4323 682 4394 παραγγελίανο
711 4321 865 4375 τοῦτο
905 4321 959 4374 δὲ
987 4320 1048 4372 τὸ
1077 4322 1305 4392 πρᾶγμα
1350 4318 1637 4388 ὀφείλομεν
1675 4337 1850 4391 σωτη-

1923 515 2004 559 est
2031 504 2410 575 episcoporum
2434 510 2770 578 examinare,
2799 518 2856 566 et
2878 510 3042 565 aliam
3072 511 3236 565 vitam
3269 511 3325 565 in
3353 527 3495 566 uno-

1922 609 2143 664 quoque
2178 597 2483 666 inquirere.

1993 686 2047 742 8.
2100 687 2205 754 Qui
2247 699 2429 743 autem
2459 689 2546 744 his
2581 689 2663 745 vel
2699 698 2779 744 ter
2817 690 3199 746 sacrificarunt
3223 704 3321 757 per
3349 690 3496 755 vim',

1927 779 2162 834 triennio
2203 781 2662 848 substernantur,
2699 783 2912 836 duobus
2951 791 3131 835 autem
3167 781 3327 836 annis
3380 782 3500 836 sine

1925 871 2197 927 oblatione
2224 873 2630 928 communicent
2655 912 2671 939 ,
2706 884 2760 928 et
2790 863 3019 943 septimo
3047 871 3282 942 perfecte
3327 871 3501 927 susci-

1923 961 2163 1033 piantur.

1997 1054 2049 1108 9.
2091 1053 2416 1125 Quicunque
2445 1064 2624 1112 autem
2663 1071 2770 1110 non
2799 1057 2972 1111 solum
3005 1057 3376 1121 desciverunt,
3404 1055 3501 1110 sed

1925 1144 2088 1199 etiam
2126 1145 2580 1209 insurrexerunt,
2617 1157 2670 1201 ct
2706 1145 2902 1201 fratres
2929 1162 3060 1201 suos
3083 1156 3416 1216 coegerunt,
3447 1153 3502 1198 et
3579 1161 3583 1164 ·

1927 1250 2105 1290 causa:
2139 1235 2355 1290 fuerunt
2398 1245 2456 1291 nt
2488 1247 2810 1308 cogerentur
2832 1279 2846 1300 ,
2889 1238 2922 1292 ii
2954 1239 3114 1293 annis
3143 1238 3357 1307 quidem
3402 1236 3502 1292 tri-

1928 1325 2029 1379 bus
2059 1325 2354 1380 auditionis
2385 1327 2562 1380 locum
2597 1328 2940 1396 suscipiant,
2974 1343 3067 1382 sex
3099 1328 3501 1390 substrationis,

1927 1417 2034 1470 alio
2081 1425 2260 1471 autem
2311 1434 2456 1472 anno
2497 1423 2616 1473 sine
2657 1419 2932 1474 oblatione
2973 1421 3410 1482 communicent,
3447 1427 3504 1471 ut

1928 1509 2193 1562 decennio
2242 1510 2494 1578 expleto,
2549 1509 2668 1578 ejus
2703 1513 2850 1580 quod
2900 1520 2983 1565 est
3015 1510 3312 1580 perfectum
3337 1551 3353 1574 ,
3397 1509 3505 1564 sint

1928 1598 2237 1668 participes.
2278 1599 2481 1654 Eorum
2543 1609 2723 1656 autem
2781 1604 2838 1657 in
2884 1618 2950 1658 eo
2995 1619 3212 1673 quoque
3265 1612 3504 1672 tempore

1930 1690 2093 1744 vitam
2123 1691 2436 1747 examinare
2464 1703 2696 1763 oportet.

2213 1779 2440 1834 Concilii
2473 1781 2923 1837 Neoca’sariensis
2952 1801 3140 1838 canon.
3167 1785 3222 1838 2.

2003 1872 2062 1926 2.
2098 1872 2321 1927 Femina
2361 1876 2406 1929 si
2443 1876 2656 1930 duobus
2707 1877 2968 1932 fratribus
3004 1877 3274 1945 nupserit,
3317 1884 3504 1931 extru-

1937 1965 2098 2020 datur
2129 1982 2300 2035 usque
2333 1967 2398 2019 ad
2430 1975 2674 2022 mortem.
2711 1968 2817 2022 Sed
2849 1968 2900 2021 in
2933 1977 3123 2032 morte,
3161 1976 3376 2036 propter
3403 1969 3508 2020 hu-

1937 2059 2272 2122 manitatem,
2297 2059 2342 2112 si
2373 2059 2592 2125 dixerit,
2621 2060 2765 2128 quod
2809 2060 2897 2113 ubi
2939 2061 3293 2126 convaluerit,
3337 2062 3509 2115 solvet

1934 2150 2364 2218 matrimonium,
2408 2151 2628 2205 habebit
2659 2151 3050 2220 paenitentiam.
3083 2150 3186 2206 Sed
3220 2153 3265 2207 si
3296 2164 3506 2208 mortua
3565 2159 3568 2162 ’

1935 2238 2102 2294 fuerit
2150 2242 2346 2294 mulier
2394 2241 2685 2306 exsistens,
2731 2243 2814 2296 vel
2871 2241 2991 2310 ejus
3039 2242 3285 2309 uraritus,
3313 2243 3368 2297 in
3413 2245 3509 2297 tali

1935 2331 2189 2400 conjugio
2224 2330 2458 2385 dillicilis
2490 2341 2572 2386 est
2603 2333 2945 2400 pmnitentia.

2307 2423 2534 2476 Concilii
2562 2422 2844 2478 Laodiceni
2881 2440 3048 2477 canon
3081 2425 3138 2478 2.

2007 2514 2062 2570 2.
2107 2513 2210 2569 Eos
2261 2515 2354 2584 qui
2403 2516 2456 2569 in
2509 2515 2746 2570 diversis
2795 2516 3008 2570 delictis
3057 2523 3304 2586 peccant,
3349 2525 3403 2569 et
3451 2515 3508 2568 in

1938 2607 2184 2661 oratione
2247 2605 2703 2676 confessioneqne
2780 2616 2832 2661 et
2913 2608 3234 2676 ptEnitentia
3294 2607 3509 2661 fortiter

1938 2704 2308 2766 perseverant,
2353 2704 2408 2750 et
2463 2712 2522 2752 se
2571 2712 2602 2751 a
2658 2697 2816 2752 malis
2873 2697 3115 2766 perfecte
3168 2707 3507 2763 convertunt,

1942 2800 2184 2858 tempore
2244 2789 2578 2857 paenitentiae
2638 2789 2718 2843 eis
2786 2805 2882 2858 pro
2939 2789 3121 2843 delicti
3161 2791 3512 2859 proportione

1940 2879 2088 2947 dato,
2122 2888 2344 2950 propter
2384 2879 2480 2936 Dei
2525 2881 2911 2938 miserationes
2946 2890 3001 2937 et
3049 2882 3372 2947 bonitatem,
3428 2883 3513 2937 of.

1941 2969 2039 3026 feri
2071 2972 2468 3026 communioni.

1974 3169 2199 3226 Concilii
2238 3171 2670 3241 Carthaginensis
2704 3187 2924 3225 canones
2954 3171 3007 3236 6,
3059 3173 3110 3235 7,
3143 3173 3234 3238 27,
3269 3174 3358 3241 45,
3397 3173 3487 3227 45.

2240 3240 2306 3294 Ut
2343 3243 2568 3295 chrisma
2604 3259 2636 3295 a
2676 3242 2986 3312 presbyteris
3015 3261 3114 3295 non
3138 3245 3256 3311 ﬁat.

2020 3331 2074 3386 6.
2108 3331 2444 3387 Fortunatus
2470 3334 2761 3403 episcopus
2794 3335 2932 3387 dixit
2952 3352 2964 3388 :
2985 3333 3040 3386 ln
3070 3336 3360 3403 praeteritis
3386 3350 3520 3389 con-

1951 3425 2113 3489 ciliis,
2161 3436 2260 3479 etc.
2297 3425 2458 3496 323
2502 3442 2664 3496 usque
2697 3427 2766 3479 ad
2800 3441 2820 3479 :
2849 3428 2932 3481 Ab
2953 3429 3224 3483 universis
3253 3428 3520 3498 episcopis

1951 3515 2156 3570 dictum
2187 3527 2312 3572 est:
2343 3517 2608 3572 Omnibus
2648 3519 2844 3587 placet.
2875 3518 3207 3575 Chrismatis
3248 3521 3521 3578 confectio

1950 3620 2004 3664 et
2029 3609 2332 3679 puellarum
2360 3610 2718 3674 consecratio,
2737 3620 2841 3665 etc.
2868 3621 2926 3664 ut
2953 3630 3075 3683 pag.
3108 3613 3231 3666 562.

2098 3701 2169 3754 l)e
2189 3702 2268 3754 his
2293 3701 2383 3770 qui
2411 3701 2466 3754 in
2494 3701 2724 3769 periculo
2753 3704 2915 3772 positi
2947 3705 3376 3760 reconciliantur.

2024 3857 2077 3912 7.
2112 3857 2366 3912 Aurelius
2418 3858 2533 3928 (l4)
2577 3857 2870 3927 episcopus
2916 3858 3088 3912 dixit:
3129 3857 3184 3912 Si
3229 3860 3519 3929 quisquam

1953 3955 2006 4006 in
2034 3953 2272 4022 periculo
2301 3951 2464 4006 fuerit
2491 3955 2844 4015 constitutus,
2876 3961 2930 4006 et
2960 3969 3018 4008 se
3040 3956 3381 4010 reconciliari
3407 3957 3521 4027 (l5)

1953 4045 2154 4100 divinis
2185 4043 2450 4098 altaribus
2490 4044 2745 4113 petierit:
2780 4045 2823 4097 si
2867 4045 3155 4113 episcopus
3179 4044 3378 4099 absens
3398 4044 3522 4100 fue-

1954 4137 2044 4198 rit,
2094 4136 2252 4190 debet
2296 4135 2483 4202 utique
2523 4135 2804 4203 presbyter
2843 4133 3132 4188 consulere
3175 4134 3518 4204 episcopum,

1953 4237 2008 4281 ct
2056 4227 2138 4282 sic
2178 4227 2571 4296 periclitantem
2626 4225 2745 4294 ejus
2799 4233 3073 4294 praecepto
3124 4227 3518 4281 reconciliare:

1954 4336 2116 4388 quam
2192 4334 2302 4372 rem
2365 4318 2625 4371 debemus
2680 4315 2884 4370 salubri
2946 4316 3176 4371 consilio
3239 4317 3520 4372 roborare.

285 4417 457 4487 ριώδει
496 4415 657 4485 βουλῇ
685 4415 948 4484 κυριῖλσαι.
986 4413 1117 4463 ’Δπο
1145 4413 1359 4464 πάντων
1395 4410 1500 4463 τῶν
1535 4411 1841 4463 ἐπισκόπων

1958 4413 2036 4466 ΑΙ)
2078 4410 2349 4464 universis
2397 4409 2668 4478 episcopis
2721 4408 2929 4462 dictum
2975 4417 3099 4464 est:
3147 4409 3329 4464 Placet
3380 4410 3522 4478 quod

282 4509 490 4578 ἐλέχθη·
529 4508 779 4577 Ἀρέσκει
825 4505 960 4572 ὅπερ
1009 4505 1042 4572 ἡ
1071 4503 1312 4572 ὑμετέρα
1367 4502 1645 4574 ἁγιωσύνη
1683 4503 1853 4570 ἀναγ-

284 4603 447 4664 καίως
476 4602 626 4671 ἡμᾶς
658 4597 932 4667 ὠφελῆσαι
961 4595 1316 4665 κατηξίωσεν.

285 4713 676 4780 Πρεσϐύτεροι
697 4689 708 4694 ’
734 4707 836 4780 καί
867 4707 1132 4761 διάκονοι
1192 4706 1290 4760 ἐπὶ
1311 4704 1624 4780 ,ϐαρρτέρῳ
1675 4708 1857 4780 agap-

349 4784 563 4851 τήματι
578 4775 996 4851 ἐλεγχθέντες,
1024 4777 1398 4846 χειροθεσίαν
1417 4775 1495 4841 ὡς
1512 4776 1708 4830 labici
1738 4795 1855 4846 μη-

265 4863 268 4865 ’
350 4849 548 4922 δαμῶς
587 4849 1002 4913 ὑποδέξονται.

352 4962 454 5026 κζ’.
494 4962 728 5032 Ὁμοίως
765 4960 1067 5032 ἐϐεϐαιώθη
1099 4961 1173 5024 ὼς
1207 4961 1301 5014 ἐάν
1343 4977 1472 5013 ποτε
1495 4958 1854 5030 πρεσβύτεροι

291 5054 322 5122 ἢ
349 5055 607 5116 διάκονοι,
638 5054 730 5106 ἐπί
754 5069 860 5106 τινι
891 5052 1161 5124 βαρυτέρᾳ
1186 5052 1432 5122 ἁμαρτίᾳ
1451 5051 1766 5121 ἐλεγχθῶσι,
1791 5052 1854 5121 τῇ

292 5147 497 5220 ἀνάγκῃ
525 5147 721 5210 αὐτοὺς
754 5145 850 5216 τῆς
879 5144 1218 5216 λειτουργίας
1239 5144 1596 5214 ὰποκινούσῃ,
1623 5144 1698 5214 μὴ
1740 5145 1860 5196 ἐπι-

291 5239 529 5292 τίθεσθαι
564 5239 748 5302 αύτοῖς
781 5239 968 5308 χεῖρας
1021 5237 1096 5300 ὡς
1145 5235 1515 5307 μετανοοῦσιν,
1582 5235 1720 5307 ἢὼς
1769 5252 1858 5288 πι-

359 5420 412 5452 ⁶⁸
448 5417 712 5488 Cartliag.
748 5433 803 5484 ν,
844 5432 892 5473 c.
923 5419 1015 5473 ‘25.
1825 5461 1854 5514 μ

361 5579 468 5649 (14)
487 5577 1391 5649 GenctbliiscatentianrAnrclins,
1422 5577 1575 5649 etsic
1597 5579 1687 5632 alii
1728 5580 1858 5632 alio-

299 5665 411 5702 rnm
454 5651 835 5718 episcoporum
877 5663 908 5701 e
941 5648 1311 5715 superioribus
1344 5648 1591 5702 conciliis
1629 5660 1850 5702 senten-

297 5721 393 5772 tias
423 5722 631 5788 synodo
663 5718 958 5773 tirmandas
987 5720 1202 5772 nomine
1223 5733 1322 5774 suo
1363 5733 1663 5788 proponere
1706 5736 1850 5774 nunc

1955 4503 2215 4558 sanctitas
2266 4509 2445 4555 vestra
2497 4499 2811 4553 necessario
2863 4514 2961 4552 nos
2991 4499 3263 4554 instruere
3304 4501 3522 4570 dignata

1951 4606 2053 4652 est.

1958 4707 2251 4777 Presbyteri
2306 4715 2352 4759 et
2412 4705 2621 4760 diaconi
2673 4707 2725 4760 in
2776 4707 3014 4777 graviore
3054 4706 3210 4770 culpa
3277 4707 3519 4770 convicti,

2024 4776 2210 4830 manus
2231 4777 2614 4845 impositionem
2639 4785 2888 4847 tanquam
2910 4776 3035 4830 laici
3059 4793 3386 4848 nequaquam
3407 4777 3574 4830 διεδ-θ

2024 4849 2238 4916 cipiunt.

2023 4959 2112 5014 27.
2150 4959 2279 5014 ltem
2316 4959 2693 5014 confirmatum
2725 4969 2808 5015 est
2835 4961 2902 5025 ⁸⁵,
2937 4970 2995 5016 ut
3029 4961 3073 5015 si
3107 4962 3327 5030 quando
3371 4972 3522 5026 pres-

1955 5052 2126 5122 byteri
2165 5053 2245 5105 vel
2271 5052 2485 5105 diaconi
2526 5051 2578 5105 in
2623 5052 2803 5122 aliqua
2832 5053 3063 5122 graviori
3103 5051 3259 5119 culpa
3288 5049 3520 5104 convicti

1955 5143 2180 5210 fuerint,
2212 5159 2318 5213 qua
2353 5159 2445 5200 eos
2472 5159 2502 5196 a
2542 5144 2848 5199 ministerio
2881 5159 3102 5199 necesse
3123 5144 3195 5198 sit
3227 5144 3518 5204 removeri,

1959 5254 2066 5295 non
2091 5237 2170 5294 eis
2205 5253 2398 5295 manus
2423 5248 2680 5310 [aliquam
2715 5239 3104 5309 pmnitcntibus
3133 5236 3309 5303 laicis,
3341 5235 3518 5306 impo-

1963 5580 2234 5634 ridentur.

2034 5651 2141 5720 (l5)
2175 5649 2282 5706 MS.
2324 5667 2341 5702 ι
2379 5657 2430 5704 et
2459 5665 2517 5705 sc
2540 5649 2846 5705 conciliare.
2882 5665 2899 5700 ι
