3766 6198
302 335 409 400 803

1479 325 1738 386 ΡΗΟΤΙῘ
1777 322 2284 384 PATRIARCHIE
2312 323 2425 382 (ΣΡ.

3493 319 3604 382 θοι

309 458 504 510 natur;
551 438 738 514 neque
795 440 1253 512 permittendum,
1317 448 1375 494 ut
1435 437 1758 510 rebaptizati
1811 437 1877 492 ad

2071 437 2206 499 κοῖς,
2243 435 2377 506 μηδὲ
2426 433 2823 504 ἐπιτρέπεσθαι
2865 434 3052 498 αὐτοῖς
3078 433 3228 490 ὥστε
3283 431 3602 486 ἀναὸαπτιο

305 539 599 597 clericatus
639 536 862 607 gradum
895 541 1319 604 promoveantur
1351 529 1489 602 (l6).

826 625 903 678 De
936 625 1322 695 paenitentibus.

373 723 463 776 45.
524 717 596 774 Ut
641 719 1032 789 paenitentibus
1093 718 1138 750 ⁸⁸
1188 718 1486 773 secundum
1531 716 1890 772 ditl‘erentiam

307 821 656 884 peccatorum
691 807 936 880 episcopi
969 809 1200 865 arbitrio
1248 810 1586 878 ptenitentiae
1643 819 1888 879 tempora

308 907 676 961 decernantur
710 922 723 957 :
755 912 809 958 et
838 914 898 956 ut
930 904 1217 972 presbyter
1267 901 1600 956 inconsulto'
1629 902 1891 972 episcopo

312 1015 422 1054 non
449 995 766 1052 reconciliet
791 995 1171 1066 pcenitentem,
1208 994 1313 1048 nisi
1346 993 1595 1048 absentia
1642 992 1890 1062 episcopi

311 1091 638 1146 necessitate
696 1098 947 1157 cogente.
1030 1086 1426 1156 Cujuscunque
1491 1094 1670 1138 autem
1728 1083 1893 1155 325.

312 1181 631 1251 pmnitentis
664 1181 941 1250 pttblicum
979 1187 1032 1232 et
1075 1177 1508 1247 vulgatissimum
1549 1175 1754 1228 crimen
1785 1185 1889 1239 est,

310 1276 455 1345 quod
511 1274 821 1327 universam
856 1271 1156 1326 Ecclesiam
1203 1269 1577 1335 commoverit,
1612 1278 1734 1323 ante
1777 1267 1890 1340 (l7)

311 1366 554 1420 absidem
587 1379 784 1418 manus
822 1363 872 1417 ei
907 1363 1279 1432 imponantur.

317 1563 389 1617 De
429 1560 807 1632 regrotantibus
859 1561 947 1629 qui
994 1574 1211 1626 prorsus
1270 1557 1583 1625 respondere
1635 1571 1737 1609 non
1767 1571 1891 1624 pos-

946 1639 1088 1682 sunt.

386 1723 476 1779 45.
506 1721 582 1778 Ut
618 1727 966 1789 aegrotantes,
1000 1728 1056 1771 ut
1085 1735 1207 1787 pag.
1250 1717 1376 1772 619.

563 1812 787 1867 Concilii
825 1811 1129 1864 wcumenici
1156 1825 1207 1861 v1
1239 1825 1408 1862 canon
1444 1807 1567 1862 102.

391 1907 511 1961 102.
567 1907 793 1974 Oportet
825 1914 1008 1957 autem
1065 1918 1158 1956 eos
1187 1903 1386 1971 ",qui
1433 1900 1679 1956 solvendi
1728 1909 1782 1956 et
1829 1899 1895 1954 li-

317 2001 478 2072 gandi
520 2007 848 2069 potestatem
896 2011 926 2049 a
973 1995 1083 2049 Deo
1129 2010 1408 2064 accepere,
1458 1994 1668 2064 peccati
1726 1993 1896 2063 quali-

318 2103 484 2147 tatem
531 2091 899 2155 considerare,
955 2097 1010 2142 et
1042 2087 1158 2155 ejus
1225 2088 1317 2157 qui
1350 2087 1594 2156 peccavit
1649 2087 1719 2142 ad
1763 2102 1896 2141 con-

320 2183 626 2237 versionem
663 2189 970 2250 promptum
1015 2178 1277 2243 studium,
1345 2189 1398 2232 et
1427 2177 1710 2232 sicmorbo
1762 2193 1895 2232 con-

321 2272 627 2326 venientem
679 2268 875 2323 alferre
926 2268 1304 2323 medicinam:
1344 2282 1411 2320 ne
1465 2268 1509 2322 si
1565 2267 1618 2320 in
1663 2277 1896 2336 utroque

321 2360 774 2415 innnoderatione
819 2369 1025 2422 utatur,
1055 2359 1123 2411 ab
1147 2357 1286 2427 ejus,
1344 2357 1437 2426 qui
1469 2357 1699 2422 laborat,
1726 2358 1898 2411 salute

317 2453 553 2508 excidat.
589 2450 707 2506 Non
747 2448 892 2505 cnim
936 2451 1165 2519 simplex
1230 2459 1313 2504 est
1374 2450 1594 2504 morbus
1644 2449 1895 2519 peccati,

319 2548 412 2599 sed
451 2544 637 2599 varius
697 2553 748 2597 et
807 2541 1180 2607 multiformis,
1223 2552 1276 2596 et
1326 2543 1526 2596 multas
1571 2541 1899 2597 incommodi

317 2635 645 2704 propagines
671 2633 1026 2703 germinans:
1075 2649 1139 2687 ex
1181 2634 1381 2703 quibus
1435 2635 1638 2688 malum
1669 2636 1898 2689 multum

321 2727 665 2789 diffunditur,
719 2739 773 2781 et
824 2726 1048 2779 ulterius
1076 2726 1438 2794 progreditur,
1487 2726 1662 2780 donec
1691 2727 1900 2781 viribus

323 2815 592 2871 medentis
643 2816 934 2878 consistat,
993 2813 1176 2880 Quare
1229 2815 1320 2884 qui
1378 2815 1659 2869 medicina:
1724 2817 1902 2870 scien-

321 2907 454 2962 tiam
514 2909 567 2960 in
612 2907 804 2975 spiritu
871 2907 1175 2975 proﬁtetur,
1222 2915 1435 2974 oportet
1495 2922 1618 2959 eum
1667 2908 1901 2976 primum

322 3000 444 3069 ejus
500 2999 596 3069 qui
653 2999 918 3068 peccavit,
945 2997 1294 3052 allectionem
1326 2997 1676 3052 considerare
1705 3008 1758 3052 et
1789 2999 1904 3053 sive

325 3093 503 3160 vergit
556 3091 622 3145 ad
685 3091 1002 3156 sanitatem,
1060 3089 1174 3144 sive
1229 3099 1443 3152 contra,
1473 3089 1707 3158 propriis
1733 3089 1904 3143 mori-

325 3185 429 3240 bus
468 3193 729 3254 provocat
766 3186 818 3238 in
872 3199 930 3238 se
963 3182 1238 3247 morbum,
1294 3183 1577 3251 aspicere,
1632 3183 1906 3251 quomodo

324 3280 444 3350 cjus
505 3295 627 3348 qua:
675 3277 962 3333 intercedit
1016 3277 1138 3331 vitae
1169 3276 1398 3331 rationis
1428 3278 1911 3347 conversionisque

327 3388 515 3428 curam
582 3379 771 3442 gerat:
829 3379 884 3424 et
935 3371 981 3424 si
1037 3369 1233 3423 artilici
1272 3384 1380 3423 non
1447 3369 1744 3423 reluctatur
1785 3409 1800 3431 ,
1856 3378 1910 3423 et

327 3468 484 3523 ulcus
521 3467 716 3519 annuae
743 3472 905 3532 auget
944 3477 1040 3531 per
1109 3461 1490 3530 impositorum
1544 3461 1911 3514 medicamen-

330 3570 510 3612 torum
545 3555 943 3623 adjectionem;
994 3561 1046 3605 et
1104 3553 1182 3605 sic
1227 3552 1686 3614 misericordiam,
1749 3561 1910 3620 prout

328 3648 526 3717 dignus
581 3654 686 3710 est,
731 3643 1018 3712 impertiri.
1064 3640 1291 3695 Omnem
1353 3643 1498 3696 enim
1520 3644 1910 3698 rationetninit

334 3739 497 3803 Dens,
531 3739 686 3806 isque
740 3737 828 3790 cui
875 3735 1170 3804 pastoralis
1204 3734 1438 3790 traditus
1503 3749 1586 3791 est
1633 3737 1906 3807 principa-

331 3843 438 3898 tus,
488 3841 549 3884 ut
595 3840 863 3884 errantem
925 3842 1080 3881 ovem
1114 3829 1389 3892 reducat;
1439 3829 1596 3895 etei,
1628 3830 1774 3898 quod
1825 3837 1910 3883 est

332 3941 361 3977 a
422 3931 672 3991 serpente
715 3922 1082 3983 vulneratum,
1127 3923 1444 3990 medeatur;
1494 3930 1549 3976 et
1596 3938 1768 3990 neque
1814 3939 1909 3992 per

330 4014 730 4085 desperationis
765 4016 1062 4084 praecipitia
1125 4015 1385 4082 impellat,
1426 4029 1528 4068 nec
1560 4015 1628 4069 ad
1655 4016 1777 4069 vitae
1798 4017 1910 4078 dis-

329 4110 753 4172 solutioncm,et
784 4116 1154 4177 contemptura
1198 4106 1351 4161 frena
1383 4107 1588 4161 relaxet
1620 4124 1635 4162 :
1666 4107 1760 4161 sed
1800 4122 1909 4160 una

329 4203 546 4272 quidem
572 4200 733 4270 325
771 4200 994 4255 omnino
1032 4200 1264 4265 ratione,
1299 4199 1415 4253 sive
1459 4215 1554 4268 per
1609 4200 1822 4254 acriora
1858 4208 1912 4254 et

330 4298 708 4367 astu-ingentia,
746 4297 860 4350 sive
912 4311 1008 4364 per
1067 4296 1291 4348 meliora
1323 4303 1376 4347 et
1419 4293 1624 4348 leniora
1682 4295 1913 4348 medica-

333 4401 510 4444 menta
546 4387 819 4442 aﬂ'ectioni
865 4387 1108 4449 resistat,
1167 4395 1220 4439 et
1271 4386 1335 4438 ad
1373 4384 1576 4438 ulceris
1629 4384 1912 4438 obductio-

1995 528 2258 598 ζομένους
2291 527 2430 598 πρὸς
2447 526 2540 579 τὸν
2563 526 2659 580 τοῦ
2682 526 2887 596 κλήρου
2919 525 3133 596 βαθμὸν
3155 523 3534 596 προκόπτειν.

2374 618 2517 686 Περὶ
2546 617 2666 672 τῶν
2686 619 3173 688 μετανοούντων.

2063 707 2176 781 μγ’.
2210 710 2377 763 Ὥστε
2413 712 2530 774 τοῖς
2566 709 2891 780 μετανοοῦσι
2938 708 3084 763 κατά
3125 709 3231 779 τὴν
3260 707 3380 761 τῶν
3417 708 3607 778 ἀμαρ-

1989 800 2249 870 τημάτων
2303 800 2568 871 διαφορὰν
2622 804 2688 872 τῇ
2738 800 2848 854 τῶν
2892 800 3220 853 ἐπισκόπων
3268 800 3461 870 κρίσει
3506 802 3607 862 τὰς

2003 891 2291 962 μετανοίας
2339 894 2399 946 ὲν
2453 891 2634 965 καιρῷ
2687 889 3058 962 ψηφίζεσθαι·
3117 891 3510 962 πρεσϐύτερος
3553 892 3609 943 δὲ

1992 985 2145 1054 παρά
2171 981 2400 1054 γνώμην
2431 982 2526 1036 τοῦ
2556 984 2882 1048 ἐπισκόπου,
2915 983 2989 1055 μὴ
3025 982 3394 1054 καταλλάσσῃ
3433 999 3606 1052 μετα-

1991 1072 2234 1140 νοοῦντα,
2275 1076 2323 1126 εί
2372 1075 2446 1144 μή
2493 1074 2547 1142 γ’
2596 1073 2662 1127 ἂν
2715 1075 2965 1142 ἀνάγκης
3003 1074 3384 1142 συνωθούσης,
3432 1074 3492 1124 ὲν
3540 1075 3605 1142 τῇ

1994 1167 2231 1236 ἀπουσία
2297 1167 2390 1220 τοῦ
2447 1167 2780 1220 ἐπισκόπουο
2834 1165 3266 1234 οὑτινοσδήποτε
3319 1165 3383 1217 δὲ
3432 1181 3608 1232 μεταο

1991 1257 2271 1324 νοοῦντος,
2300 1260 2346 1311 εί
2403 1258 2695 1312 πούϐλικον
2742 1259 2836 1310 καὶ
2884 1257 3333 1328 τεθρυλλημένον
3385 1258 3511 1310 ἐστὶ
3549 1258 3608 1308 τὸ

1993 1347 2248 1419 ἔγκλημα
2271 1350 2334 1402 τὸ
2361 1350 2654 1421 σύμπασαν
2680 1347 2777 1420 τὴν
2805 1349 3101 1420 ἐκκλησίαν
3133 1347 3351 1417 κινοῦν,
3371 1348 3484 1417 πρὸ
3508 1349 3607 1418 τῆς

1991 1440 2184 1510 ἀψίδος
2211 1442 2384 1513 τούτῳ
2410 1445 2442 1513 ἡ
2464 1443 2587 1513 χεὶρ
2623 1440 2875 1511 ὲπιτεθῇ.

2067 1558 2206 1626 Περὶ
2236 1557 2355 1611 τῶν
2382 1559 2825 1621 ἀσθενούντων,
2862 1557 2961 1611 καὶ
2988 1555 3143 1625 ὑπὲρ
3179 1551 3426 1609 ἑαυτῶν
3457 1555 3606 1608 d30-

2385 1630 2692 1697 κρίνεσθαι
2723 1629 2812 1697 μὴ
2843 1628 3214 1698 δυναμένων.

2068 1726 2173 1790 με’.
2194 1719 2358 1772 Ὥστε
2386 1720 2511 1782 τοὺς
2539 1719 2930 1785 ἀσθενοῦντας,
2972 1737 3028 1772 κ.
3055 1735 3107 1773 τ.
3145 1717 3195 1770 λ.

2150 1812 2422 1866 Συνόδου
2449 1811 2866 1880 οῑκουμενικῆς
2894 1811 3070 1876 ἕκτης
3105 1807 3317 1862 κανὼν
3342 1805 3446 1879 ρβ¹.

2028 1921 2033 1943 ε
2068 1903 2170 1977 ρβ’.
2217 1907 2310 1957 Δεῖ
2331 1905 2389 1958 δὲ
2420 1905 2546 1967 τοὺς
2585 1904 2835 1968 ἐξουσίαν
2881 1903 3029 1956 λύειν
3064 1901 3162 1955 καὶ
3189 1903 3424 1972 δεσμεῖν
3452 1899 3602 1968 παρά

1995 1999 2129 2052 Θεοῦ
2162 1998 2424 2060 λαϐόντας
2443 2038 2457 2062 ,
2485 1999 2706 2051 σκοπεῖν
2734 1998 2831 2068 τὴν
2872 1997 2970 2067 τῆς
3003 1996 3281 2066 ἁμαρτία;
3311 1995 3596 2062 ποιά-ἦτε,

1996 2089 2089 2143 καὶ
2112 2087 2210 2159 τὴν
2241 2086 2336 2140 τοῦ
2382 2087 2764 2158 ἡμαρτηκότος
2811 2086 2946 2156 πρὸς
2990 2084 3338 2156 ἐπιστροφὴν
3382 2085 3600 2151 ἑτοιμα-

1999 2180 2140 2243 σίαν,
2175 2180 2270 2232 καὶ
2294 2177 2437 2231 οὕτω
2464 2178 2799 2246 κατάλληλον
2829 2179 2927 2248 τὴν
2949 2177 3256 2248 θεραπείαν
3290 2162 3597 2245 πῳσάγεεν

1997 2271 2076 2342 τῷ
2107 2267 2504 2341 ἀρ’ρωστήματι
2525 2285 2538 2300 '
2570 2269 2657 2322 ἵνα
2700 2271 2774 2339 μὴ
2808 2273 2875 2340 τῇ
2910 2269 3148 2340 ἀμετρίᾳ
3181 2269 3309 2323 καθ’
3337 2269 3597 2335 ἑκάτερον

1997 2363 2310 2434 χρώμενος,
2342 2363 2685 2433 ἀποσφαλείη
2718 2363 2857 2434 πρὸς
2888 2363 2987 2430 τὴν
3019 2361 3300 2432 σωτηρίαν
3353 2359 3452 2412 τοῦ
3499 2359 3594 2412 κά-

2003 2469 2258 2524 μνοντος·
2303 2454 2363 2506 οὐ
2403 2454 2513 2522 γὰρ
2537 2451 2682 2524 ἁπλῆ
2716 2454 2816 2523 τῆς
2859 2453 3134 2523 ἁμαρτίας
3177 2454 3213 2522 ἡ
3247 2455 3433 2513 νόσος,
3469 2450 3598 2503 ἀλλα

2001 2547 2244 2609 ποικίλος
2310 2547 2405 2599 καὶ
2449 2546 2755 2617 πολυειδὴς,
2819 2546 2915 2599 καὶ⁷
2969 2545 3169 2609 πολλὰς
3221 2545 3326 2615 τῆς
3403 2544 3600 2613 βλάσης

2000 2640 2361 2712 παραφυάδας
2375 2639 2762 2708 βλαστάνουσα,
2785 2641 2842 2705 ἐξ
2865 2633 2940 2691 ὧν
2958 2638 3017 2692 τὸ
3038 2638 3205 2692 κακὸν
3218 2639 3313 2689 ἐπὶ
3332 2639 3471 2689 πολὺ
3495 2635 3600 2688 δια·

2001 2734 2175 2803 χεῖται
2202 2731 2297 2785 καὶ
2325 2731 2515 2801 πρόσω
2549 2730 2741 2800 βαίνει.
2779 2731 2971 2800 μέχρις
2991 2728 3056 2782 ἂν
3087 2729 3251 2798 σταίη
3283 2731 3353 2798 τῇ
3379 2727 3597 2795 δυνάμει

2000 2825 2094 2876 τοῦ
2125 2822 2520 2893 θεραπεύοντος
2541 2840 2556 2854 ·
2583 2821 2722 2874 ὥστε
2754 2822 2846 2874 τδν
2865 2821 2965 2892 τὴν
2996 2821 3247 2892 ίατρικὴν
3278 2820 3596 2888 ἐπιστήμην

2003 2915 2061 2968 ὲν
2093 2913 2366 2984 πνεύματι
2415 2913 2881 2981 ἐπιδεικνύμενον,
2907 2911 3174 2982 πρότερον
3225 2911 3337 2981 χρὴ
3383 2909 3482 2979 τὴν
3508 2907 3596 2960 τοῦ

2005 3006 2389 3076 ἡμαρτηκότος
2439 3005 2679 3058 διάθεσιν
2708 3003 3155 3064 ἐπισκέπτεσθαι,
3191 3004 3289 3054 καὶ
3322 3003 3438 3054 εἴτε
3470 3001 3599 3070 πρὸς

2005 3099 2105 3169 τὴν
2151 3097 2362 3166 ὑγίειαν
2416 3095 2597 3162 νεύει,
2643 3094 2676 3164 ἢ
2737 3095 3046 3147 τούναντίον
3091 3093 3180 3145 διὰ
3225 3091 3339 3144 τῶν
3383 3090 3597 3144 οἰκείων

2011 3192 2227 3262 τρόπων
2287 3189 2675 3260 προσκαλεῖται
2726 3187 2849 3240 καθ’
2902 3185 3099 3239 ἑαυτοῦ
3143 3185 3203 3238 τὸ
3254 3183 3597 3254 ἅῤῥώημα

2014 3283 2238 3351 ὲφορᾷν,
2275 3281 2423 3343 ὅπως
2473 3297 2534 3332 τε
2577 3279 2676 3348 τῆς
2711 3279 2768 3332 ἐν
2793 3276 2870 3347 τῷ
2902 3275 3106 3347 μεταξὺ
3134 3278 3449 3345 προνοεῖται
3482 3277 3598 3326 ἁνα-

2015 3373 2275 3442 στροφῆς,
2307 3371 2400 3424 καὶ
2441 3372 2489 3423 εί
2526 3371 2600 3441 μὴ
2627 3369 2706 3442 τῷ
2730 3370 2949 3440 τεχνίτῃ
2995 3367 3382 3432 ὰντιπαλαίει,
3419 3368 3514 3419 καὶ
3543 3369 3598 3418 vi

2009 3463 2108 3533 τῆς
2151 3461 2330 3532 ψυχῆς
2367 3462 2525 3524 ἕλκος
2557 3462 2645 3514 διὰ
2672 3462 2770 3529 τῆς
2797 3461 2905 3513 τῶν
2939 3457 3340 3526 ἐπιτιθεμένων
3381 3459 3598 3528 φαρμά-

2011 3571 2123 3606 κων
2175 3554 2397 3619 αὐξάνει
2456 3550 2845 3622 προσαγωγῆς,
2903 3551 2997 3602 καὶ
3058 3548 3203 3601 οὕτω
3278 3549 3376 3601 τὸν
3456 3549 3598 3601 ἔλεον

2012 3646 2137 3699 κατ’
2171 3647 2329 3711 ἀξίαν
2359 3647 2703 3715 ἐπιμετρεῖν’
2736 3645 2844 3704 πᾶς
2870 3643 2978 3710 γάρ
3011 3640 3170 3708 λόγος
3211 3639 3334 3709 Θεῷ
3395 3640 3494 3692 καὶ
3529 3640 3598 3708 τῷ

2009 3738 2108 3809 τὴν
2140 3739 2506 3809 ποιμαντικὴν
2535 3736 2928 3809 ἐγχειρισῦέντι
2956 3725 3275 3807 ἡγεμονίαν,
3303 3735 3370 3788 τδ
3395 3736 3598 3788 πλανώ-

2014 3848 2176 3901 μενον
2212 3830 2485 3901 πρόϐατον
2520 3831 2915 3898 ἐπαναγαγεῖν,
2939 3829 3112 3883 καὶτὸ
3138 3825 3347 3896 τρωθὲν
3382 3825 3487 3878 ύπὺ
3509 3825 3595 3878 τοῦ

2009 3923 2186 3992 ὄφεως
2241 3923 2581 3987 ὲξιάσασθαι,
2614 3924 2708 3976 καὶ
2750 3925 2888 3993 μήτε
2917 3923 3058 3976 κατά
3092 3919 3362 3991 κρημνῶν
3394 3918 3597 3987 ὠθῆσαι

2011 4016 2114 4085 τῆς
2163 4016 2551 4084 ἀπογνώσεως,
2609 4017 2749 4086 μήτε
2776 4015 2868 4068 τὸν
2909 4015 3124 4084 χαλινὸν
3173 4013 3424 4066 ἐνδοῦναι
3466 4011 3598 4082 πρὸς

2010 4109 2107 4178 τὴν
2149 4108 2262 4179 βίου
2307 4107 2528 4162 ἓλκυσίν
2554 4125 2613 4160 τε
2668 4109 2764 4161 καὶ
2813 4108 3250 4178 καταφρόνησινο
3285 4105 3404 4160 ἀλλ’
3436 4104 3517 4158 ἑνί
3539 4121 3597 4173 γε

2010 4201 2198 4270 τρόπῳ
2243 4199 2482 4262 πάντως,
2527 4200 2638 4253 εἴτε
2679 4199 2770 4252 διὰ
2803 4200 2912 4252 τῶν
2948 4197 3368 4269 αὐστηροτέρων
3414 4213 3475 4248 τε
3509 4197 3599 4249 καὶ

2015 4290 2344 4356 στυφόντων,
2372 4291 2482 4344 είτε
2509 4289 2597 4344 διὰ
2624 4291 2731 4343 τῶν
2763 4290 3133 4361 ἀπαλωτέρων
3148 4306 3210 4342 τε
3241 4289 3339 4342 καὶ
3370 4289 3598 4359 πραοτέ-

2018 4395 2124 4448 ρων
2160 4379 2494 4449 φαρμάκων,
2527 4380 2669 4433 κατά
2713 4380 2806 4433 τοῦ
2842 4379 3071 4445 πάθους,
3103 4381 3200 4432 καὶ
3242 4378 3384 4450 πρὸς
3418 4379 3596 4431 crowd-

333 4497 454 4534 nem
489 4481 784 4544 animatur,
827 4479 1040 4531 fructus
1089 4478 1424 4547 paenitentiae
1454 4478 1800 4540 examinans,
1855 4485 1902 4530 el

2066 4488 2180 4523 υσιν
2204 4471 2298 4523 τοῦ
2321 4471 2512 4532 ἕλκους
2534 4470 3026 4540 ἀνταγωνίσασθαι,
3046 4471 3171 4532 τοὺς
3191 4469 3292 4541 τῆς
3319 4470 3596 4539 μετανοίας

333 4574 605 4643 sapienter
637 4571 960 4640 dispensans
1015 4580 1069 4624 et
1099 4571 1408 4640 gubernans
1474 4570 1776 4632 hominem,
1810 4570 1904 4637 qui

334 4667 400 4719 ad
453 4664 796 4732 superiorem
858 4661 1311 4716 illuminationem
1341 4671 1587 4715 vocatur.
1613 4658 1722 4713 Nos
1758 4660 1903 4713 enim

335 4764 565 4823 utraque
594 4755 736 4806 scire
776 4761 1023 4821 oportet,
1062 4760 1116 4805 et
1175 4766 1298 4820 qua:
1332 4762 1461 4805 sunt
1506 4751 1701 4803 summi
1726 4750 1864 4818 juris
1893 4793 1908 4814 ,

332 4858 537 4916 etquze
585 4857 712 4901 sunt
773 4845 1185 4899 consuetudinis
1241 4861 1254 4896 :
1311 4843 1364 4895 in
1439 4843 1505 4896 iis
1546 4853 1752 4906 autem,
1812 4841 1908 4911 qui

332 4950 574 4996 extrema
611 4923 725 4992 non.
772 4939 1082 5001 admittant,
1142 4937 1294 5005 sequi
1337 4936 1565 4989 formam
1603 4935 1906 5000 traditam,

334 5030 794 5102 quemadmodum
826 5040 1047 5083 sanctus
1072 5044 1172 5083 nos
1196 5028 1353 5082 docet
1374 5025 1626 5080 Basilius.

489 5203 679 5257 Basilii
709 5219 933 5256 canones
965 5202 1018 5269 5,
1051 5201 1139 5267 54,
1183 5200 1270 5264 7-5,
1309 5201 1396 5266 75,
1428 5200 1516 5264 76,
1558 5201 1647 5266 8:2,
1689 5200 1776 5255 8-1.

406 5293 459 5346 5.
501 5292 796 5347 llaereticos
827 5297 880 5346 in
913 5294 1059 5347 exitu
1092 5293 1467 5360 poenitentiam
1515 5302 1736 5360 agentes
1768 5290 1908 5344 reci-

339 5399 467 5455 pere
513 5393 747 5454 oportet.
803 5384 1065 5454 liecipere
1116 5393 1321 5448 autem,
1359 5399 1464 5437 non
1516 5385 1633 5438 sine
1674 5385 1907 5453 judicio,

2018 4564 2265 4628 καρποὺς
2303 4563 2679 4633 δοκιμάζοντι,
2731 4565 2826 4616 καὶ⁵
2875 4561 3246 4632 οἰκονομοῦντι
3306 4561 3486 4630 σοφῶς
3512 4562 3594 4614 τὸν

2013 4652 2149 4719 πρὸς
2177 4651 2277 4720 τὴν
2310 4653 2421 4705 ἄνω
2463 4652 2880 4723 λαμπροφορίαν
2913 4652 3246 4722 καλούμενον
3286 4652 3590 4723 ἄνθρωπον·

2010 4743 2298 4814 ἀμφότερα
2338 4744 2515 4798 τοίνυν
2542 4746 2736 4799 εἰδέναι
2767 4749 2799 4815 ἡ
2811 4747 2915 4815 μᾶς
2942 4747 3069 4816 χρὴ,
3102 4746 3198 4798 καὶ
3231 4745 3304 4798 τὰ
3332 4744 3433 4814 τῆς
3459 4747 3593 4814 ἀκρι.

2013 4835 2188 4900 Θείας,
2225 4838 2320 4889 καὶ
2360 4837 2428 4890 τὰ
2464 4839 2562 4912 τῆς
2599 4839 2977 4908 συμπαθείας·
3011 4837 3242 4891 ἕπεσθαι
3269 4838 3352 4903 δὲ,
3382 4839 3592 4891 ἐπὶτῶν

2014 4925 2468 4997 καταδεξαμένων
2492 4930 2588 4998 τὴν
2603 4930 2883 5000 ἀκρότητα
2904 4927 3317 4999 παραδέξασθαι
3335 4929 3414 4999 τῷ
3431 4945 3590 4999 παρα·

2024 5016 2232 5070 δοθέντι
2295 5019 2451 5089 τύπῳ
2476 5061 2490 5087 ,
2531 5019 2718 5084 καθὼς
2759 5022 2788 5073 ό
2816 5021 2958 5092 ἱερὸς
2985 5021 3130 5091 ἡμᾶς
3165 5019 3477 5074 ἐκδιδάσκει
3502 5020 3590 5073 Βα-

2025 5109 2243 5174 σίλειος.

2081 5204 2406 5257 Βασιλείου
2447 5203 2647 5257 κανὼν
2678 5203 2739 5270 ε’,
2773 5204 2869 5269 λδ’,
2904 5204 2994 5271 οδ’,
3027 5203 3120 5268 σε’,
3151 5210 3262 5269 og',
3300 5204 3413 5273 7.;3',
3444 5203 3537 5255 τπδ’.

2088 5301 2149 5346 ε’.
2171 5296 2310 5358 Τοὺς
2335 5295 2391 5348 δὲ
2419 5296 2511 5348 ἐπὶ
2535 5295 2702 5364 ἐξόδῳ
2730 5295 3122 5364 μετανοοῦντας
3149 5295 3260 5346 τῶν
3283 5292 3585 5364 αἱρετικῶν,

2018 5384 2270 5455 δέχεσθαι
2324 5386 2464 5456 χρήο
2525 5384 2774 5455 δέχεσθαι
2816 5385 2873 5438 δὲ
2924 5385 3164 5455 δηλονότι
3206 5387 3310 5438 οὐκ
3353 5384 3583 5456 ἀκρίτως.

407 5539 452 5570 ⁸⁸
485 5537 652 5593 Cone.
683 5537 851 5594 Alric.
880 5554 1000 5608 cap.
1031 5539 1116 5594 10.
1189 5538 1232 5570 ⁸⁷
1275 5537 1395 5593 Vid.
1433 5552 1551 5606 cap.
1596 5537 1646 5604 7,
1681 5553 1838 5593 conc.
1878 5538 2249 5605 Vormatien.;
2287 5539 2452 5596 Bas-il.
2489 5557 2611 5596 can.
2652 5541 2718 5596 74
2751 5553 2806 5597 et
2838 5542 2941 5608 84;
2975 5541 3211 5613 Nyssen.
3245 5543 3303 5597 8.

415 5694 526 5764 (l6)
570 5690 879 5747 Fcrrandus
912 5708 1034 5764 cap.
1105 5693 1229 5758 118,
1281 5709 1344 5747 ex
1405 5694 1600 5749 concil.
1661 5693 1918 5764 Carthag.

345 5761 426 5817 tit.
465 5762 550 5814 1‘2.

2107 5695 2219 5763 (7|)
2261 5697 2434 5760 Absis,
2480 5697 2565 5750 vel
2607 5697 2818 5767 absida,
2874 5698 3252 5754 sanctuarium
3293 5708 3385 5754 est
3411 5713 3427 5763 ;
3456 5695 3577 5767 vulg!

2023 5767 2144 5821 CLUI
2163 5783 2250 5820 unt
2281 5767 2532 5822 dicimus.
