3766 6198
67 287 157 348 805i

807 248 1218 334 'SYNTAGMA
1241 270 1629 333 CANONUM.
1664 295 1734 306 —
1759 272 1908 334 TIT.
1936 273 2039 346 IX,
2075 273 2233 334 CAP.
2270 274 2539 335 XXXIX.

3211 271 3315 336 806

70 395 186 449 ἀλλά
229 388 614 461 δοκιμάζοντας
673 387 721 440 εἰ
761 386 1022 457 ἀληθινὴν
1081 384 1483 438 ἐπιδείκνυνται.
1532 385 1660 453 τὴν,

1827 433 1828 439 η
1859 398 2236 443 examtnantes
2269 404 2336 442 an
2369 403 2554 442 veram
2584 386 2965 456 ptenitentiam
2997 388 3314 452 ostendant,

71 483 458 548 αετάνοιαν,καὶ
485 483 534 534 εί
563 479 688 543 τοὺς
714 480 959 548 καρποὺς
990 478 1177 549 ἔχουσι
1211 476 1628 548 μαρτυροῦντας

74 581 128 648 τῇ
156 575 282 644 πρὸς
308 572 369 625 τὸ
399 571 636 641 σωθῆναι
663 569 888 639 σπουδῇ.

125 667 207 720 λδ.
244 663 351 726 Τάς
380 660 762 734 μοιχευθεῖσας
792 661 888 712 καὶ
919 657 1350 728 ὲξαγορευούσας
1371 658 1438 712 δι’
1467 659 1629 712 εὐλά-

72 759 223 821 ϐειαν,
250 757 281 824 ἢ
313 752 560 807 ὁπωσοῦν
587 751 971 821 ἐλεγχομένας,
995 750 1343 818 δημοσιεύειν
1377 751 1476 820 μὲν
1498 749 1636 802 ὲκὼ-

71 851 217 901 λυσαν
274 846 322 898 οἱ
379 842 622 912 Πατέρες
663 841 821 912 ἡμῶν
863 841 995 906 ,ἴνα
1057 839 1132 910 μὴ
1176 839 1406 893 Θανάτου
1461 840 1637 892 αἰτίαν

72 940 416 1009 παράσχωμεν
460 934 861 1005 ἐλεγχθείσαις·
896 933 1143 984 ἵστασθαι
1179 930 1234 983 δὲ
1277 930 1462 994 ἀὐτὰς
1509 931 1636 985 ἄνευ

71 1029 323 1090 κοινωνίας
348 1027 707 1098 προσέταξαν,
733 1025 894 1094 μέχρι
933 1021 1026 1076 τοῦ
1055 1022 1515 1092 συμπληροῦσθαι
1545 1023 1637 1076 τὸν

72 1119 234 1189 χρόνον
257 1116 351 1185 τῆς
383 1115 692 1184 μετανοίας.

134 1208 349 1266 οδ’.Ἐὰν
378 1207 626 1277 μέντοιγε
649 1205 876 1267 ἕκαστος
903 1203 1014 1256 τῶν
1043 1206 1101 1258 ἐν
1126 1205 1237 1264 τοῖς
1266 1220 1638 1274 προγεγραμ-

79 1303 235 1374 μένοις
266 1299 630 1369 ἁμαρτήμασι
674 1297 1022 1366 γενομένων,
1079 1295 1364 1358 σπουδαῖος
1417 1297 1639 1364 γένηται

77 1389 560 1463 ἐξομολογούμενος,
592 1391 620 1441 ὁ
671 1386 985 1450 πιστευθεὶς
1013 1386 1164 1458 παρὰ
1210 1388 1309 1456 τῆς
1361 1387 1456 1440 τοῦ
1504 1385 1640 1440 Θεοῦ

78 1481 460 1553 φιλανθρωπίας
494 1479 642 1532 λύειν
698 1479 792 1532 καὶ
845 1478 1099 1548 δεσμεῖν,
1128 1477 1639 1550 φιλανθρωπότερος

79 1577 279 1644 γένοιτο,
306 1575 364 1628 τὸ
396 1573 741 1644 ὑπερϐάλλον
768 1571 864 1641 τῆς
898 1571 1341 1642 ὲξομολογήσεως
1376 1571 1518 1640 ὁρῶν
1547 1572 1641 1624 τοῦ

79 1668 455 1739 ἡμαρτηκότος,
489 1668 569 1728 εἰς
599 1667 657 1716 τὸ
685 1663 991 1717 ἐλαττῶσαι
1021 1665 1113 1716 τὸν
1149 1664 1340 1734 χρόνον
1377 1663 1486 1716 τῶν
1518 1665 1639 1716 ἐπι-

80 1759 266 1827 τιμίων,
294 1759 392 1811 οὐκ
445 1757 598 1809 ἔσται
650 1755 1047 1822 καταγνώσεως
1083 1755 1231 1820 ἄξιος
1254 1769 1267 1781 ·
1305 1755 1404 1824 τῆς
1433 1755 1490 1806 ὲν
1523 1757 1640 1817 ταῖς

83 1849 294 1919 Γραφαῖς
325 1847 568 1916 ἱστορίας
599 1842 970 1914 γνωριζούσης
1004 1845 1156 1912 ἡμῖν,
1188 1844 1314 1905 τοὺς
1347 1843 1484 1913 μετὰ
1515 1844 1645 1912 μεί-

84 1943 210 2006 ζονος
246 1942 402 1994 πόνου
438 1940 763 2008 ἐξομολογου
775 1939 990 2006 μένους,
1024 1936 1234 2006 ταχέως
1254 1936 1352 2006 τὴν
1387 1935 1480 1990 τοῦ
1511 1937 1645 1989 Θεοῦ

83 2032 465 2102 φιλανθρωπίαν
495 2030 954 2099 καταλαμϐάνειν.

137 2215 219 2262 οε⁹.
261 2209 315 2261 '0
354 2208 564 2279 ἀδελφῇ
603 2207 710 2279 ίδίᾳ
766 2209 831 2260 ὲκ
893 2206 1142 2278 πατρὸςῆ
1169 2207 1232 2258 ἐκ
1292 2206 1494 2276 μητρὸς
1518 2222 1652 2274 συμ-

88 2302 323 2370 μιανθεὶς,
343 2304 419 2364 εἰς
442 2296 592 2353 οἶκον
621 2299 929 2370 προσευχῆς
963 2300 1036 2369 μὴ
1067 2300 1445 2368 ὲπιτρεπέσθω
1461 2301 1653 2367 παρεῖ-

87 2412 180 2458 ναι,
201 2394 296 2456 ἕως
317 2393 380 2447 ἂν
407 2394 624 2462 ἀποστῇ
645 2393 744 2461 τῆς
769 2391 1086 2461 παρανόμου
1109 2390 1204 2443 καὶ
1229 2389 1488 2458 ἀθεμίτου
1511 2391 1653 2460 πρά-

90 2486 231 2548 ξεωςο
260 2485 391 2554 μετὰ
423 2485 483 2537 δὲ
511 2484 570 2536 τὸ
595 2484 769 2536 ἐλθεῖν
791 2485 870 2545 εἰς
901 2481 1252 2552 συναίσθησιν
1278 2485 1374 2552 τῆς
1418 2481 1654 2551 φοϐερᾶς

88 2577 351 2645 ἁμαρτίας,
384 2575 631 2645 τριετίαν
659 2573 1058 2644 προσκλαιέτω,
1078 2575 1146 2642 τῇ
1172 2571 1311 2644 θύρᾳ
1329 2572 1438 2625 τῶν
1462 2573 1652 2642 εύκτη-

91 2670 202 2738 ρίων
230 2670 386 2723 οἴκων
418 2667 816 2738 παρεστηκὼς,
866 2668 959 2720 καὶ
982 2666 1236 2732 δεόμενος
1263 2666 1357 2718 τοῦ
1384 2665 1515 2719 λαοῦ
1553 2667 1659 2718 εἱσ-

93 2760 237 2824 ιοντος
273 2761 363 2812 ἐπὶ
399 2759 501 2830 τὴν
546 2759 854 2830 προσευχήν
881 2773 894 2788 °
919 2756 1059 2810 ὥστε
1090 2756 1319 2810 ’ἑκαστον
1353 2755 1490 2826 μετά
1521 2773 1659 2824 συμ-

94 2851 296 2916 παθείας
329 2852 465 2924 ὑπὲρ
504 2850 671 2904 αὐτοῦ
702 2852 943 2912 ἐκτενεῖς
983 2848 1257 2902 ποιεῖσθαι
1288 2849 1425 2918 πρὸς
1456 2847 1658 2918 Κύριον

95 2948 402 3018 προσευχὰςο
427 2945 585 3016 παρά
611 2945 668 2997 δὲ
702 2944 874 3007 τοῦτο,
905 2942 1072 3013 ἄλλην
1093 2942 1332 3013 τριετίαν
1354 2943 1432 3006 εἰς
1457 2941 1661 3012 ἀκρόα-

97 3055 168 3092 σιν
204 3039 361 3110 μόνην
414 3036 846 3110 παραδεχθήτω,
889 3039 984 3090 καὶ
1030 3036 1244 3088 ἁκούων
1291 3034 1398 3088 τῶν
1430 3033 1661 3104 Γραφῶν

99 3132 176 3183 καὶ
206 3131 298 3199 τῆς
340 3129 716 3194 διδασκαλίας,
753 3127 1100 3180 ἐκϐαλλέσθω
1137 3127 1232 3179 καὶ
1268 3126 1342 3196 μὴ
1373 3122 1662 3187 καταξιού-

102 3221 200 3274 σθω
245 3221 554 3292 προσευχῆς
578 3237 592 3251 ο
623 3219 812 3272 ἔπειτα
843 3221 999 3288 εῖπερ
1031 3219 1169 3287 μετὰ
1195 3217 1446 3286 δακρύων
1471 3217 1660 3286 agam-

100 3331 240 3384 τησεν
268 3315 422 3366 αὑτὸν
448 3313 550 3366 καὶ
579 3312 883 3382 προσέπεσε
910 3311 986 3381 τῷ
1016 3311 1207 3380 Κυρίῳ
1240 3310 1378 3382 μετὰ
1405 3326 1664 3379 σύντριμ-

104 3403 192 3472 μοῦ
239 3403 458 3475 καρδίας
524 3403 618 3456 καὶ
675 3400 1058 3464 ταπεινώσεως
1134 3402 1382 3472 ἰσχυρᾶς,
1439 3400 1664 3454 διδόσθω

104 3493 230 3564 αὐτῷ
257 3497 287 3565 ἡ
315 3496 634 3556 ύπὸπτωσις
658 3495 714 3545 ὲν
745 3493 923 3555 ἄλλοις
950 3492 1128 3562 τρισὶν
1167 3491 1345 3556 ἔτεσι·
1378 3493 1470 3544 καί
1492 3490 1664 3553 οῦτως

105 3583 301 3637 ἐπειδὰν
343 3587 466 3646 τοὺς
513 3583 757 3653 καρποὺς
798 3583 915 3649 τῆς⁵
932 3581 1217 3651 μετανοίας
1245 3579 1427 3644 ἀξίους
1461 3579 1660 3633 ἐπιδεί-

108 3676 264 3745 ξηται,
299 3677 374 3746 τῷ
403 3675 622 3746 δεκάτῳ
660 3675 769 3728 ἔτει
816 3675 898 3737 είς
951 3674 1052 3742 τὴν
1097 3673 1205 3725 τῶν
1251 3672 1456 3725 πιστῶν
1503 3673 1666 3742 εὐχὴν

108 3767 326 3839 δεχθήτω
353 3768 529 3840 χωρὶς
565 3767 912 3838 προσφορᾶς·
945 3765 1040 3818 καὶ
1087 3763 1184 3819 δύο
1218 3763 1311 3833 ἔτη
1360 3763 1560 3825 συστὰς
1587 3767 1669 3828 είς

109 3861 190 3929 τὴν
230 3861 386 3931 εὐχὴν
439 3863 558 3923 τοῖς
609 3861 839 3922 πιστοῖς,
870 3855 1041 3920 οὕτως
1081 3856 1267 3909 λοιπὸν
1297 3857 1669 3922 καταξιούσθω

109 3948 194 4018 τῆς
226 3950 312 4002 τοῦ
346 3949 560 4019 ἀγαθοῦ
589 3947 897 4012 κοινωνίας.

168 4049 264 4106 ος.
295 4042 352 4096 Ὀ
383 4041 546 4104 αὐτὸς
566 4043 732 4106 τύπος
760 4044 852 4096 καὶ
887 4046 1013 4115 περὶ
1038 4046 1148 4098 τῶν
1171 4059 1270 4108 τας
1299 4045 1511 4116 νύμφας
1547 4047 1672 4100 ἑαυ-

112 4133 203 4186 τῶν
223 4135 622 4205 λαμϐανόντων.

173 4227 273 4295 πβ’.
305 4231 412 4284 Καὶ⁹
447 4230 577 4300 περὶ
599 4227 707 4281 τῶν
743 4229 1214 4300 ὲπιορκησάντων,
1241 4235 1290 4284 εἰ
1326 4231 1426 4300 μὲν
1457 4234 1520 4284 ἐκ
1551 4230 1672 4300 βίας

113 4319 193 4370 καὶ
232 4321 471 4391 ἀνάγκης
509 4321 834 4391 παρέϐησαν
895 4324 1023 4386 τοὺς
1073 4325 1287 4394 ὅρκους,
1325 4325 1672 4394 κουφοτέροις

1737 478 2059 548 fructusque
2118 480 2377 548 habeam,
2431 480 2526 550 qui
2570 479 2764 536 salutis
2811 479 3056 536 studium
3124 480 3317 536 testiﬁ-

1736 574 1949 620 centur.

1806 662 1897 717 54.
1938 661 2196 716 Mulieres
2253 663 2527 717 adulterio
2591 663 2852 731 pollutas,
2907 670 2963 718 et
3019 664 3090 718 ob
3147 663 3318 733 pieta-

1736 761 1847 806 tem
1897 753 2241 818 conﬁtentes,
2301 763 2395 807 aut
2442 753 2833 821 quoquomodo
2895 755 3173 808 convictas
3220 771 3320 822 νυν

1738 846 1928 900 blicari
1973 845 2167 901 Patres
2199 846 2370 900 nostri
2420 845 2735 909 noluerunt,
2767 861 2837 901 ne
2859 861 3081 900 causam
3125 846 3318 901 mortis

1739 939 2080 1008 praebeamus
2125 939 2424 1004 convictis;
2467 941 2772 995 consistere
2807 949 2987 994 autem
3039 941 3160 996 illas
3195 943 3315 996 sine

1741 1031 2128 1085 communione
2163 1031 2474 1100 jusserunt,
2521 1031 2700 1086 donec
2747 1032 3039 1100 impleatur
3099 1043 3316 1102 tempus

1741 1124 2092 1194 paenitentiae.

1812 1215 1900 1270 74.
1942 1215 2098 1282 Quod
2157 1217 2204 1272 si
2256 1217 2641 1286 unusquisque
2702 1233 2892 1271 eorum
2941 1221 3034 1287 qui
3077 1219 3132 1274 in
3184 1233 3322 1288 prae-

1744 1307 1906 1361 dictis
1950 1307 2194 1375 peccatis
2242 1306 2416 1372 l‘uerc,
2473 1308 2856 1376 ptenilentiam
2902 1325 3092 1378 agens,
3146 1310 3322 1364 bonus

1743 1399 2000 1464 evaserit,
2037 1400 2082 1454 is
2107 1400 2194 1452 cui
2230 1415 2258 1452 a
2298 1399 2391 1452 Dei
2425 1399 2758 1468 benignitate
2796 1400 2996 1467 ligandi
3026 1409 3189 1471 atque
3213 1403 3321 1454 sol-

1744 1491 1904 1545 vcndi
1934 1493 2136 1545 credita
2162 1501 2426 1561 potestas,
2461 1493 2506 1546 si
2542 1493 2866 1546 clementior
2893 1492 3009 1557 ﬁat,
3039 1504 3321 1562 perspecta

1748 1586 1892 1640 illius
1936 1587 2028 1655 qui
2106 1585 2351 1654 peccavit
2432 1585 2764 1653 pmnitentize
2813 1584 3206 1654 magnitudine,
3258 1584 3325 1637 ad

1747 1678 2161 1731 diminuendum
2213 1692 2498 1745 pcenarum
2543 1687 2780 1746 tempus,
2828 1693 2934 1730 non
2982 1677 3085 1731 erit
3129 1676 3327 1747 dignus

1751 1768 2230 1829 condemnatione,
2265 1784 2389 1821 eum
2417 1784 2480 1821 ea
2511 1784 2632 1837 qum
2657 1778 2742 1822 est
2792 1768 2847 1821 in
2885 1768 3184 1837 Scripturis
3213 1767 3326 1821 his-

1753 1862 1886 1916 toria
1921 1875 2022 1913 nos
2051 1861 2263 1920 doceat,
2301 1874 2396 1911 eos
2430 1859 2520 1926 qui
2573 1874 2696 1912 cum
2731 1859 2936 1924 majore
2983 1857 3168 1912 labore
3209 1872 3328 1925 pa:-

1753 1953 2040 2009 nitentiam
2091 1959 2278 2021 agunt,
2328 1951 2437 2005 cito
2485 1951 2575 2004 Dei
2627 1950 3066 2006 misericordiam
3132 1963 3327 2004 conse-

1751 2049 1868 2116 qui.

1824 2225 1910 2279 75.
1949 2225 2053 2291 Qui
2097 2241 2224 2280 cum
2262 2239 2359 2278 sua
2409 2238 2474 2277 ex
2517 2231 2672 2292 patre
2715 2222 2798 2276 vel
2833 2237 2898 2276 ex
2930 2229 3106 2276 matre
3145 2236 3335 2276 sorore
3383 2241 3394 2246 ·

1755 2318 1996 2387 pollutus
2040 2327 2144 2380 est,
2186 2317 2238 2369 in
2297 2316 2520 2369 domum
2563 2317 2832 2370 orationis
2883 2330 2953 2367 ne
2991 2314 3337 2382 permittatur

1756 2411 2038 2473 accedere,
2081 2411 2254 2463 donec
2275 2409 2438 2479 326
2469 2408 2536 2462 ab
2570 2409 2756 2476 iniqua
2793 2416 2848 2460 et
2880 2407 3086 2461 nefaria
3121 2409 3338 2461 actione

1756 2501 2008 2556 desistat.
2037 2499 2334 2569 Postquam
2368 2509 2550 2552 autem
2586 2499 2638 2551 in
2676 2498 2933 2551 horrendi
2973 2498 3181 2566 peccati
3210 2513 3336 2551 sen-

1759 2609 1876 2648 sum
1933 2603 1988 2646 et
2043 2592 2570 2645 animadversionem
2637 2589 2866 2652 venerit,
2901 2589 3133 2643 triennio
3189 2588 3335 2652 ﬂeat,

1759 2694 1910 2738 stans
1950 2692 2170 2753 propter
2199 2683 2344 2736 fores
2375 2681 2575 2734 domus
2601 2681 2892 2742 orationis,
2925 2688 2981 2732 et
3015 2695 3210 2748 rogans
3241 2696 3336 2748 po-

1761 2780 1950 2849 pulum
1982 2778 2377 2848 ingredientem
2408 2776 2474 2830 ad
2503 2777 2829 2836 orationem,
2863 2783 2922 2828 ut
2963 2773 3340 2843 unusquisque

1761 2867 2187 2922 misericorditer
2241 2881 2342 2934 pro
2408 2863 2528 2933 ipso
2592 2863 2836 2917 intensas
2915 2861 2982 2914 ad
3050 2860 3338 2914 Duminum

1764 2974 1950 3029 preces
1983 2956 2194 3012 fundat.
2221 2955 2416 3010 Postea
2460 2964 2640 3008 autem
2673 2954 2780 3006 alio
2809 2953 3041 3007 triennio
3067 2952 3134 3006 ad
3168 2953 3339 3008 solam

1763 3049 2099 3103 auditionem
2164 3047 2503 3111 admittatur,
2541 3054 2593 3099 et
2638 3044 2936 3113 Scripturis
2988 3044 3343 3112 doctrinaque

1763 3141 1964 3195 auditis
2008 3138 2279 3207 ejiciatur,
2337 3152 2437 3191 nec
2498 3135 2696 3205 dignus
2755 3135 3022 3213 habeatur
3070 3135 3339 3187 oratione.

1765 3233 1988 3296 Deinde,
2021 3233 2066 3284 si
2108 3231 2272 3284 modo
2297 3229 2444 3283 illam
2477 3245 2602 3284 cum
2638 3229 2896 3297 lacrymis
2923 3227 3265 3296 exquisierit,
3289 3237 3342 3280 et

1765 3323 1995 3377 Domino
2029 3336 2154 3375 cum
2208 3321 2389 3375 cordis
2421 3319 2748 3374 contritione
2775 3327 2830 3372 et
2861 3319 3036 3372 valida
3087 3319 3342 3371 humilia-

1766 3417 1914 3469 tione
1973 3413 2197 3482 supplex
2251 3411 2568 3480 prociderit,
2615 3412 2776 3464 detur
2825 3413 2873 3464 ei
2917 3410 3214 3464 substratio
3251 3426 3345 3478 per

1767 3508 1903 3561 alios
1938 3513 2047 3558 tres
2067 3520 2264 3558 annos.
2304 3504 2367 3556 Et
2422 3514 2710 3572 postquam
2755 3503 3092 3572 poenitentiae
3128 3503 3342 3556 l'rurtus

1767 3596 1964 3664 dignos
1990 3595 2313 3657 ostenderit,
2349 3607 2495 3646 anno
2531 3594 2746 3645 decimo
2781 3594 2835 3645 in
2867 3592 3104 3646 lidelium
3146 3592 3349 3645 oratio-

1770 3702 1864 3741 nes
1894 3686 2226 3755 suscipiatur
2249 3684 2366 3738 sine
2390 3684 2668 3737 oblatione
2695 3701 2708 3736 :
2739 3690 2793 3737 et
2831 3683 2923 3736 ubi
2955 3682 3114 3736 annis
3135 3683 3350 3737 duobus

1772 3795 1878 3834 una
1929 3795 2054 3834 cum
2113 3777 2362 3832 lidelihus
2393 3777 2605 3831 steterit
2645 3776 2711 3830 ad
2763 3777 3092 3840 orationem,
3145 3774 3217 3829 ita
3259 3775 3352 3828 de-

1771 3885 1922 3924 mum
1951 3869 2147 3939 dignus
2179 3868 2444 3922 habeatur
2476 3867 2598 3920 boni
2624 3866 3026 3921 Communione.

1847 4048 1936 4102 76.
1977 4048 2178 4103 Eadem
2213 4055 2297 4102 est
2322 4046 2462 4100 ratio
2482 4045 2548 4100 de
2576 4043 2641 4098 iis
2669 4059 2886 4114 quoque
2910 4059 2999 4113 qui
3031 4060 3158 4099 suas
3184 4061 3354 4102 nurus

1775 4143 2074 4211 accipiunt.

1846 4237 1934 4290 82.
1978 4235 2052 4288 De
2100 4233 2168 4286 iis
2211 4232 2374 4286 etiam
2405 4231 2496 4300 qui
2540 4229 2880 4300 pejcrarunt,
2925 4230 2971 4282 si
3027 4227 3079 4282 vi
3122 4227 3346 4298 quidem

1777 4339 1939 4398 atque
1968 4326 2293 4382 necessitate
2315 4325 2624 4393 juramcnta
2647 4322 2973 4389 transgressi
3002 4329 3149 4386 sunt,
3178 4322 3356 4389 poenis

114 4404 554 4478 ὑπόκεινταίτοῖς
601 4417 922 4486 ἐπιτιμίοις,
959 4417 1101 4470 ὥστε
1133 4420 1270 4488 μετὰ
1307 4419 1366 4484 ἒξ
1398 4419 1490 4488 ἔτη
1529 4415 1660 4472 εἶναι

1833 4422 2072 4476 vinribus
2104 4419 2493 4487 subjiciuntur,
2523 4416 2602 4470 sic
2641 4425 2695 4470 ut
2740 4424 2863 4485 post
2891 4430 2988 4469 sex
3023 4429 3199 4468 annos
3235 4430 3360 4482 pos-

113 4500 287 4565 αύτοὺς
346 4503 597 4567 δεκτούς·
633 4508 680 4557 εί
715 4505 772 4557 δὲ
821 4505 950 4558 ἄνευ
980 4508 1225 4577 άναγκης
1261 4509 1547 4577 προδόντες
1572 4509 1671 4579 τὴν

114 4596 300 4650 ἑαυτῶν
351 4600 556 4665 πίστιν,
597 4601 654 4652 ὲν
689 4600 842 4652 δυσὶν
869 4599 1013 4653 ἔτεσι
1049 4601 1546 4671 προσκλαύσαντες,
1578 4603 1674 4655 καὶ⁹

114 4686 164 4737 ὲν
195 4687 333 4743 δυσὶν
365 4691 791 4762 ἀκροασάμενοι,
822 4692 917 4744 καὶ
951 4695 1009 4745 ὲν
1056 4692 1220 4745 πέντε
1261 4695 1318 4746 ἐν
1362 4692 1673 4747 ὑποπτώσει

115 4779 406 4849 εὐξάμενοι,
442 4784 538 4836 καὶ
579 4786 635 4837 ὲν
681 4783 834 4836 δυσὶν
859 4784 1038 4846 ἄλλοι,
1082 4784 1210 4837 ἄνευ
1247 4787 1562 4856 προσφορᾶς
1595 4788 1674 4848 εἰς

115 4869 198 4938 τὴν
232 4876 512 4927 κοινωνίαν
543 4875 641 4944 τῆς
695 4877 1000 4945 προσευχῆς
1030 4876 1461 4946 παραδεχθέντες
1482 4917 1496 4943 ,
1531 4876 1675 4930 οὕτω

116 4962 404 5019 τελευταῖον
444 4968 723 5037 άῇόλογον
761 4967 961 5039 δηλαδὴ
1003 4968 1101 5038 τὴν
1148 4972 1434 5037 μετάνοιαν
1473 4969 1675 5022 ἐπιδει-

120 5054 341 5124 ξάμενοι,
378 5059 996 5129 ἀποκατασταθήσονται
1026 5060 1106 5122 είς
1132 5060 1232 5125 τὴν
1267 5059 1550 5113 κοινωνίαν
1580 5058 1673 5111 τοῦ

119 5145 347 5214 σώματος
371 5149 465 5202 τοῦ
497 5149 756 5220 Χριστοῦ.

180 5236 272 5292 πδ’.
301 5241 482 5294 Πάντα
513 5242 567 5294 δὲ
595 5241 766 5294 ταῦτα
784 5245 1087 5311 γράςομεν,
1107 5240 1246 5294 ὥστε
1274 5241 1400 5301 τοὺς
1428 5241 1675 5311 καρποὺς

119 5331 490 5400 δοκιμάζεσθαι
538 5334 636 5402 τῆς
674 5333 991 5400 μετανοίας*
1042 5333 1102 5385 οὑ
1159 5331 1266 5402 γὰρ
1316 5331 1536 5394 πάντως
1600 5331 1677 5402 τῷ

122 5423 282 5491 χρόνῳ
341 5427 595 5494 κρίνομεν
650 5427 718 5477 τὰ
749 5424 997 5486 τοιαῦτα,
1046 5423 1183 5477 ἀλλὰ
1242 5423 1320 5493 τῷ
1365 5424 1551 5491 τρόπῳ
1581 5423 1678 5490 τῆς

125 5517 390 5580 μετανοίας
408 5519 742 5588 προσέχομεν
764 5534 777 5548 ·
803 5519 900 5570 ἐάν
940 5518 994 5570 δὲ
1019 5517 1484 5579 δυσαποσπάστως
1511 5516 1675 5585 ἔχωσι

121 5605 218 5656 τῶν
269 5607 408 5660 ἰδίων
457 5609 612 5674 ἐθῶν,
641 5611 734 5662 καὶ
764 5612 882 5672 ταῖς
911 5609 1130 5678 ἡδοναῖς
1162 5608 1261 5678 τῆς
1293 5607 1495 5679 σαρκὸς
1535 5608 1673 5678 μᾶλ-

126 5695 202 5748 λον
226 5697 484 5756 δουλεύειν
520 5702 766 5758 ἐθέλωσιν
796 5704 826 5773 ἦ
856 5702 932 5772 τῷ
960 5702 1170 5772 Κυρίῳ,
1197 5701 1290 5757 καὶ
1317 5701 1415 5772 τὴν
1449 5701 1588 5756 κατὰ
1617 5702 1676 5754 τὸ

1780 4517 1889 4568 sint
1920 4514 2144 4582 suscipi.
2185 4510 2280 4564 Sin
2314 4519 2518 4572 autem,
2551 4508 2601 4562 vi
2633 4523 2739 4562 non
2779 4509 2950 4572 illata,
2990 4509 3149 4562 iidem
3201 4522 3358 4572 suam

1777 4606 2161 4676 prodiderunt,
2199 4603 2289 4656 tibi
2326 4601 2541 4656 duobus
2597 4601 2753 4655 annis
2783 4600 3030 4654 ﬂcverint
3063 4610 3116 4654 et
3149 4600 3361 4655 duobus

1777 4699 1937 4752 annis
1964 4697 2253 4759 audierint,
2302 4705 2354 4749 et
2398 4711 2491 4764 per
2537 4695 2780 4763 quinque
2823 4694 3100 4748 oraverint
3133 4695 3184 4748 in
3229 4695 3359 4749 Stib-

1778 4789 2065 4852 stratione,
2099 4796 2150 4841 et
2185 4803 2282 4856 per
2320 4787 2455 4840 alios
2484 4785 2622 4839 duos
2669 4787 2788 4838 sine
2833 4785 3109 4839 oblatione
3138 4785 3203 4837 ad
3236 4801 3359 4854 pre-

1777 4878 2010 4932 cationis
2063 4876 2505 4931 communionem
2567 4875 2772 4928 fuerint
2835 4876 3083 4938 admissi,
3140 4876 3211 4927 ita
3265 4873 3360 4927 de-

1778 4987 1951 5033 mum,
1997 4971 2154 5039 digna
2191 4969 2442 5023 videlicet
2488 4967 2812 5037 pmnitentia
2859 4979 3101 5030 ostensa,
3149 4967 3202 5018 in
3236 4979 3360 5020 cor-

1778 5065 1926 5135 poris
1947 5062 2150 5117 Christi
2177 5061 2622 5116 eommunionem
2658 5060 3037 5115 restituentur.

1782 5261 1792 5276 ·
1851 5242 1940 5295 84.
1981 5239 2105 5296 llaec
2131 5251 2312 5296 autem
2341 5241 2525 5294 omnia
2559 5240 2873 5302 scribimus,
2909 5247 2967 5291 ut
2993 5237 3203 5291 fructus
3233 5253 3360 5307 pro-

1780 5333 1980 5386 bentur
2043 5335 2397 5403 pmnitentize.
2461 5332 2581 5386 Non
2633 5333 2778 5385 enim
2834 5330 3061 5382 omnino
3117 5339 3360 5398 tempore

1780 5425 1944 5495 327
1991 5425 2363 5494 dijudicamus
2403 5441 2491 5478 res
2540 5422 2834 5492 ejusmodi,
2873 5421 2965 5474 sed
3015 5422 3079 5474 ad
3133 5422 3358 5474 modum

1781 5520 2118 5587 poenitentiae
2169 5519 2523 5572 attendimus.
2565 5515 2718 5580 Quod
2751 5513 2794 5567 si
2829 5513 2920 5581 qui
2975 5513 3190 5566 dillicile
3214 5513 3359 5565 avel-

1781 5611 1961 5663 lantur
1993 5626 2022 5663 a
2059 5611 2300 5678 proliriis
2351 5608 2614 5668 moribus,
2658 5605 2946 5673 carnisque
2993 5603 3361 5674 voluptatibus

1785 5703 1990 5759 servire
2041 5701 2228 5756 malint
2269 5716 2432 5770 quam
2488 5697 2740 5764 Domino,
2774 5705 2828 5752 et
2862 5695 3023 5750 vitam
3062 5694 3360 5752 secundum
