  <div class='ocr_page' id='page_1' title='image "/cluster/home/n/w/nwhite01/storage/ocr_20150623/104 pt.4/mdp.39015061931229/413.png"; bbox 0 0 3904 6220; ppageno 0'>
   <div class='ocr_carea' id='block_1_1' title="bbox 421 344 525 410">
    <p class='ocr_par' dir='ltr' id='par_1_1' title="bbox 421 344 525 410">
     <span class='ocr_line' id='line_1_1' title="bbox 421 344 525 410; baseline -0.019 0"><span class='ocrx_word' id='word_1_1' title='bbox 421 344 525 410; x_wconf 81' lang='lat'><strong>801</strong></span> 
     </span>
    </p>
   </div>
   <div class='ocr_carea' id='block_1_2' title="bbox 1590 325 2541 393">
    <p class='ocr_par' dir='ltr' id='par_1_2' title="bbox 1590 325 2541 393">
     <span class='ocr_line' id='line_1_2' title="bbox 1590 325 2541 393; baseline -0.005 0"><span class='ocrx_word' id='word_1_2' title='bbox 1590 330 1853 393; x_wconf 85' lang='grc' dir='ltr'><strong>ΡΙΙΟΤΙῘ</strong></span> <span class='ocrx_word' id='word_1_3' title='bbox 1893 327 2394 389; x_wconf 46' lang='grc' dir='ltr'><strong>ΡΑΤΒΙΛΗΟΗΞΕ</strong></span> <span class='ocrx_word' id='word_1_4' title='bbox 2431 325 2541 389; x_wconf 89' lang='lat' dir='ltr'><strong>CP.</strong></span> 
     </span>
    </p>
   </div>
   <div class='ocr_carea' id='block_1_3' title="bbox 3585 325 3681 389">
    <p class='ocr_par' dir='ltr' id='par_1_3' title="bbox 3585 325 3681 389">
     <span class='ocr_line' id='line_1_3' title="bbox 3585 325 3681 389; baseline -0.01 0"><span class='ocrx_word' id='word_1_5' title='bbox 3585 325 3681 389; x_wconf 82' lang='lat'><strong>803</strong></span> 
     </span>
    </p>
   </div>
   <div class='ocr_carea' id='block_1_4' title="bbox 430 435 2028 529">
    <p class='ocr_par' dir='ltr' id='par_1_4' title="bbox 430 446 2013 529">
     <span class='ocr_line' id='line_1_4' title="bbox 430 446 2013 529; baseline -0.01 -16"><span class='ocrx_word' id='word_1_6' title='bbox 430 456 782 529; x_wconf 83' lang='lat' dir='ltr'><strong>Evangelium</strong></span> <span class='ocrx_word' id='word_1_7' title='bbox 839 452 1133 509; x_wconf 87' lang='lat' dir='ltr'><strong>instituere</strong></span> <span class='ocrx_word' id='word_1_8' title='bbox 1162 449 1360 516; x_wconf 81' lang='lat' dir='ltr'><strong>nolint,</strong></span> <span class='ocrx_word' id='word_1_9' title='bbox 1393 447 1540 502; x_wconf 90' lang='lat' dir='ltr'><strong>nulla</strong></span> <span class='ocrx_word' id='word_1_10' title='bbox 1574 457 1659 502; x_wconf 90' lang='lat' dir='ltr'><strong>est</strong></span> <span class='ocrx_word' id='word_1_11' title='bbox 1685 446 1843 501; x_wconf 91' lang='lat' dir='ltr'><strong>nobis</strong></span> <span class='ocrx_word' id='word_1_12' title='bbox 1888 459 2013 499; x_wconf 91' lang='lat' dir='ltr'><strong>cum</strong></span> 
     </span>
    </p>
   </div>
   <div class='ocr_carea' id='block_1_5' title="bbox 2133 435 3681 529">
    <p class='ocr_par' dir='ltr' id='par_1_5' title="bbox 2133 435 3681 509">
     <span class='ocr_line' id='line_1_5' title="bbox 2133 435 3681 509; baseline -0.005 -13"><span class='ocrx_word' id='word_1_13' title='bbox 2133 441 2451 509; x_wconf 78' lang='grc' dir='ltr'>[Ξὺαγγέλιον</span> <span class='ocrx_word' id='word_1_14' title='bbox 2515 435 2660 508; x_wconf 76' lang='grc' dir='ltr'>ζωὴν</span> <span class='ocrx_word' id='word_1_15' title='bbox 2718 436 2793 507; x_wconf 83' lang='grc' dir='ltr'>μὴ</span> <span class='ocrx_word' id='word_1_16' title='bbox 2850 435 3284 506; x_wconf 78' lang='grc' dir='ltr'><strong>καταδέχωνται,</strong></span> <span class='ocrx_word' id='word_1_17' title='bbox 3334 435 3505 500; x_wconf 79' lang='grc' dir='ltr'>οὐδεὶς</span> <span class='ocrx_word' id='word_1_18' title='bbox 3560 440 3681 509; x_wconf 78' lang='grc' dir='ltr'>ἡμῖν</span> 
     </span>
    </p>
   </div>
   <div class='ocr_carea' id='block_1_6' title="bbox 428 539 2011 610">
    <p class='ocr_par' dir='ltr' id='par_1_6' title="bbox 428 539 2011 610">
     <span class='ocr_line' id='line_1_6' title="bbox 428 539 2011 610; baseline -0.01 -4"><span class='ocrx_word' id='word_1_19' title='bbox 428 552 537 607; x_wconf 84' lang='lat' dir='ltr'>illis</span> <span class='ocrx_word' id='word_1_20' title='bbox 558 547 868 604; x_wconf 88' lang='lat' dir='ltr'><strong>communis</strong></span> <span class='ocrx_word' id='word_1_21' title='bbox 923 547 1087 601; x_wconf 88' lang='lat' dir='ltr'><strong>ratio.</strong></span> <span class='ocrx_word' id='word_1_22' title='bbox 1115 542 1226 599; x_wconf 88' lang='lat' dir='ltr'><strong>Nos</strong></span> <span class='ocrx_word' id='word_1_23' title='bbox 1270 542 1419 599; x_wconf 89' lang='lat' dir='ltr'><strong>enim</strong></span> <span class='ocrx_word' id='word_1_24' title='bbox 1466 542 1521 595; x_wconf 89' lang='lat' dir='ltr'><strong>in</strong></span> <span class='ocrx_word' id='word_1_25' title='bbox 1564 540 1763 610; x_wconf 88' lang='lat' dir='ltr'><strong>populo</strong></span> <span class='ocrx_word' id='word_1_26' title='bbox 1792 539 2011 592; x_wconf 81' lang='lat' dir='ltr'><strong>inobse-</strong></span> 
     </span>
    </p>
   </div>
   <div class='ocr_carea' id='block_1_7' title="bbox 428 627 2013 711">
    <p class='ocr_par' dir='ltr' id='par_1_7' title="bbox 428 627 2013 711">
     <span class='ocr_line' id='line_1_7' title="bbox 428 627 2013 711; baseline -0.011 -14"><span class='ocrx_word' id='word_1_27' title='bbox 428 643 617 711; x_wconf 84' lang='lat' dir='ltr'><strong>quenti</strong></span> <span class='ocrx_word' id='word_1_28' title='bbox 665 649 720 694; x_wconf 86' lang='lat' dir='ltr'><strong>et</strong></span> <span class='ocrx_word' id='word_1_29' title='bbox 752 638 1153 693; x_wconf 89' lang='lat' dir='ltr'><strong>contradicenti</strong></span> <span class='ocrx_word' id='word_1_30' title='bbox 1192 635 1368 689; x_wconf 86' lang='lat' dir='ltr'><strong>edocti</strong></span> <span class='ocrx_word' id='word_1_31' title='bbox 1400 649 1597 688; x_wconf 90' lang='lat' dir='ltr'><strong>sumus</strong></span> <span class='ocrx_word' id='word_1_32' title='bbox 1627 632 1859 684; x_wconf 89' lang='lat' dir='ltr'><strong>audire:</strong></span> <span class='ocrx_word' id='word_1_33' title='bbox 1888 627 2013 683; x_wconf 86' lang='lat' dir='ltr'><strong>Ser-</strong></span> 
     </span>
    </p>
   </div>
   <div class='ocr_carea' id='block_1_8' title="bbox 429 721 2009 795">
    <p class='ocr_par' dir='ltr' id='par_1_8' title="bbox 429 721 2009 795">
     <span class='ocr_line' id='line_1_8' title="bbox 429 721 2009 795; baseline -0.013 -4"><span class='ocrx_word' id='word_1_34' title='bbox 429 752 553 791; x_wconf 81' lang='lat' dir='ltr'><strong>vans</strong></span> <span class='ocrx_word' id='word_1_35' title='bbox 575 750 724 787; x_wconf 82' lang='lat' dir='ltr'><strong>serva</strong></span> <span class='ocrx_word' id='word_1_36' title='bbox 750 732 987 784; x_wconf 84' lang='lat' dir='ltr'><strong>animam</strong></span> <span class='ocrx_word' id='word_1_37' title='bbox 1020 738 1165 781; x_wconf 86' lang='lat' dir='ltr'><strong>tuam</strong></span> <span class='ocrx_word' id='word_1_38' title='bbox 1198 727 1271 779; x_wconf 76' lang='grc'><strong>⁸⁸.</strong></span> <span class='ocrx_word' id='word_1_39' title='bbox 1295 723 1373 780; x_wconf 89' lang='lat' dir='ltr'><strong>Ne</strong></span> <span class='ocrx_word' id='word_1_40' title='bbox 1403 724 1567 795; x_wconf 85' lang='lat' dir='ltr'><strong>igitur</strong></span> <span class='ocrx_word' id='word_1_41' title='bbox 1584 721 2009 779; x_wconf 71' lang='lat' dir='ltr'><strong>committamus,</strong></span> 
     </span>
    </p>
   </div>
   <div class='ocr_carea' id='block_1_9' title="bbox 434 807 2014 889">
    <p class='ocr_par' dir='ltr' id='par_1_9' title="bbox 434 807 2014 889">
     <span class='ocr_line' id='line_1_9' title="bbox 434 807 2014 889; baseline -0.014 -9"><span class='ocrx_word' id='word_1_42' title='bbox 434 837 492 879; x_wconf 87' lang='lat' dir='ltr'><strong>ut</strong></span> <span class='ocrx_word' id='word_1_43' title='bbox 530 839 653 878; x_wconf 90' lang='lat' dir='ltr'><strong>cum</strong></span> <span class='ocrx_word' id='word_1_44' title='bbox 690 822 893 876; x_wconf 76' lang='lat' dir='ltr'><strong>talibus</strong></span> <span class='ocrx_word' id='word_1_45' title='bbox 926 834 1215 889; x_wconf 80' lang='lat' dir='ltr'><strong>pereamus</strong></span> <span class='ocrx_word' id='word_1_46' title='bbox 1242 835 1255 871; x_wconf 88' lang='lat'><strong>:</strong></span> <span class='ocrx_word' id='word_1_47' title='bbox 1287 816 1380 872; x_wconf 88' lang='lat' dir='ltr'><strong>sed</strong></span> <span class='ocrx_word' id='word_1_48' title='bbox 1411 829 1577 884; x_wconf 85' lang='lat' dir='ltr'><strong>grave</strong></span> <span class='ocrx_word' id='word_1_49' title='bbox 1606 810 1877 881; x_wconf 83' lang='lat' dir='ltr'><strong>judicium</strong></span> <span class='ocrx_word' id='word_1_50' title='bbox 1906 807 2014 860; x_wconf 83' lang='lat' dir='ltr'><strong>for-</strong></span> 
     </span>
    </p>
   </div>
   <div class='ocr_carea' id='block_1_10' title="bbox 433 899 2013 977">
    <p class='ocr_par' dir='ltr' id='par_1_10' title="bbox 433 899 2013 977">
     <span class='ocr_line' id='line_1_10' title="bbox 433 899 2013 977; baseline -0.011 -8"><span class='ocrx_word' id='word_1_51' title='bbox 433 916 724 977; x_wconf 89' lang='lat' dir='ltr'><strong>midantes,</strong></span> <span class='ocrx_word' id='word_1_52' title='bbox 754 923 809 968; x_wconf 89' lang='lat' dir='ltr'><strong>et</strong></span> <span class='ocrx_word' id='word_1_53' title='bbox 856 912 1153 966; x_wconf 82' lang='lat' dir='ltr'><strong>terribilem</strong></span> <span class='ocrx_word' id='word_1_54' title='bbox 1198 906 1575 963; x_wconf 84' lang='lat' dir='ltr'><strong>retributionis</strong></span> <span class='ocrx_word' id='word_1_55' title='bbox 1615 901 1829 957; x_wconf 88' lang='lat' dir='ltr'><strong>Domini</strong></span> <span class='ocrx_word' id='word_1_56' title='bbox 1872 899 2013 953; x_wconf 90' lang='lat' dir='ltr'><strong>diem</strong></span> 
     </span>
    </p>
   </div>
   <div class='ocr_carea' id='block_1_11' title="bbox 430 989 2017 1069">
    <p class='ocr_par' dir='ltr' id='par_1_11' title="bbox 430 989 2017 1069">
     <span class='ocr_line' id='line_1_11' title="bbox 430 989 2017 1069; baseline -0.013 -7"><span class='ocrx_word' id='word_1_57' title='bbox 430 1009 499 1062; x_wconf 89' lang='lat' dir='ltr'><strong>ob</strong></span> <span class='ocrx_word' id='word_1_58' title='bbox 552 1006 743 1061; x_wconf 91' lang='lat' dir='ltr'><strong>oculos</strong></span> <span class='ocrx_word' id='word_1_59' title='bbox 792 1005 1085 1069; x_wconf 83' lang='lat' dir='ltr'><strong>habentes,</strong></span> <span class='ocrx_word' id='word_1_60' title='bbox 1137 1017 1204 1055; x_wconf 92' lang='lat' dir='ltr'><strong>ne</strong></span> <span class='ocrx_word' id='word_1_61' title='bbox 1251 1000 1486 1055; x_wconf 82' lang='lat' dir='ltr'><strong>velimus</strong></span> <span class='ocrx_word' id='word_1_62' title='bbox 1523 1012 1632 1050; x_wconf 91' lang='lat' dir='ltr'><strong>una</strong></span> <span class='ocrx_word' id='word_1_63' title='bbox 1666 1008 1790 1048; x_wconf 90' lang='lat' dir='ltr'><strong>cum</strong></span> <span class='ocrx_word' id='word_1_64' title='bbox 1824 989 2017 1045; x_wconf 79' lang='lat' dir='ltr'><strong>alienis</strong></span> 
     </span>
    </p>
   </div>
   <div class='ocr_carea' id='block_1_12' title="bbox 438 1079 2019 1168">
    <p class='ocr_par' dir='ltr' id='par_1_12' title="bbox 438 1079 2019 1168">
     <span class='ocr_line' id='line_1_12' title="bbox 438 1079 2019 1168; baseline -0.014 -14"><span class='ocrx_word' id='word_1_65' title='bbox 438 1099 674 1168; x_wconf 73' lang='lat' dir='ltr'><strong>peccatis</strong></span> <span class='ocrx_word' id='word_1_66' title='bbox 726 1097 929 1166; x_wconf 89' lang='lat' dir='ltr'><strong>perire.</strong></span> <span class='ocrx_word' id='word_1_67' title='bbox 976 1093 1033 1148; x_wconf 94' lang='lat' dir='ltr'><strong>Si</strong></span> <span class='ocrx_word' id='word_1_68' title='bbox 1068 1093 1213 1149; x_wconf 89' lang='lat' dir='ltr'><strong>enim</strong></span> <span class='ocrx_word' id='word_1_69' title='bbox 1246 1107 1346 1145; x_wconf 90' lang='lat' dir='ltr'><strong>nos</strong></span> <span class='ocrx_word' id='word_1_70' title='bbox 1376 1105 1481 1144; x_wconf 88' lang='lat' dir='ltr'><strong>non</strong></span> <span class='ocrx_word' id='word_1_71' title='bbox 1509 1086 1829 1142; x_wconf 85' lang='lat' dir='ltr'><strong>erudierunt</strong></span> <span class='ocrx_word' id='word_1_72' title='bbox 1859 1079 2019 1135; x_wconf 89' lang='lat' dir='ltr'><strong>terri-</strong></span> 
     </span>
    </p>
   </div>
   <div class='ocr_carea' id='block_1_13' title="bbox 437 1181 2018 1254">
    <p class='ocr_par' dir='ltr' id='par_1_13' title="bbox 437 1181 2018 1254">
     <span class='ocr_line' id='line_1_13' title="bbox 437 1181 2018 1254; baseline -0.013 -9"><span class='ocrx_word' id='word_1_73' title='bbox 437 1192 563 1245; x_wconf 90' lang='lat' dir='ltr'><strong>bilia</strong></span> <span class='ocrx_word' id='word_1_74' title='bbox 594 1189 835 1251; x_wconf 84' lang='lat' dir='ltr'><strong>Domini,</strong></span> <span class='ocrx_word' id='word_1_75' title='bbox 871 1203 975 1241; x_wconf 90' lang='lat' dir='ltr'><strong>nec</strong></span> <span class='ocrx_word' id='word_1_76' title='bbox 999 1186 1135 1240; x_wconf 83' lang='lat' dir='ltr'><strong>tales</strong></span> <span class='ocrx_word' id='word_1_77' title='bbox 1162 1185 1335 1254; x_wconf 68' lang='lat' dir='ltr'><strong>plagae</strong></span> <span class='ocrx_word' id='word_1_78' title='bbox 1372 1181 1744 1241; x_wconf 79' lang='lat' dir='ltr'><strong>adduxerunt,</strong></span> <span class='ocrx_word' id='word_1_79' title='bbox 1778 1184 1840 1229; x_wconf 90' lang='lat' dir='ltr'><strong>ut</strong></span> <span class='ocrx_word' id='word_1_80' title='bbox 1865 1188 1965 1228; x_wconf 88' lang='lat' dir='ltr'><strong>nos</strong></span> <span class='ocrx_word' id='word_1_81' title='bbox 1989 1186 2018 1225; x_wconf 89' lang='lat' dir='ltr'><strong>a</strong></span> 
     </span>
    </p>
   </div>
   <div class='ocr_carea' id='block_1_14' title="bbox 437 1262 2019 1347">
    <p class='ocr_par' dir='ltr' id='par_1_14' title="bbox 437 1262 2019 1347">
     <span class='ocr_line' id='line_1_14' title="bbox 437 1262 2019 1347; baseline -0.012 -13"><span class='ocrx_word' id='word_1_82' title='bbox 437 1280 668 1334; x_wconf 84' lang='lat' dir='ltr'><strong>Domino</strong></span> <span class='ocrx_word' id='word_1_83' title='bbox 716 1287 937 1347; x_wconf 79' lang='lat' dir='ltr'><strong>propter</strong></span> <span class='ocrx_word' id='word_1_84' title='bbox 1006 1284 1249 1331; x_wconf 83' lang='lat' dir='ltr'><strong>nostram</strong></span> <span class='ocrx_word' id='word_1_85' title='bbox 1314 1270 1658 1340; x_wconf 77' lang='lat' dir='ltr'><strong>iniquitatem</strong></span> <span class='ocrx_word' id='word_1_86' title='bbox 1711 1262 2019 1323; x_wconf 87' lang='lat' dir='ltr'><strong>derelictos,</strong></span> 
     </span>
    </p>
   </div>
   <div class='ocr_carea' id='block_1_15' title="bbox 2114 528 3684 604">
    <p class='ocr_par' dir='ltr' id='par_1_15' title="bbox 2114 528 3684 604">
     <span class='ocr_line' id='line_1_15' title="bbox 2114 528 3684 604; baseline -0.003 -16"><span class='ocrx_word' id='word_1_87' title='bbox 2114 536 2295 596; x_wconf 80' lang='grc' dir='ltr'>κοινὸς</span> <span class='ocrx_word' id='word_1_88' title='bbox 2330 533 2468 604; x_wconf 83' lang='grc' dir='ltr'>πρὸς</span> <span class='ocrx_word' id='word_1_89' title='bbox 2495 532 2694 594; x_wconf 77' lang='grc' dir='ltr'>αὐτοὺς</span> <span class='ocrx_word' id='word_1_90' title='bbox 2724 531 2882 598; x_wconf 81' lang='grc' dir='ltr'><strong>λόγος</strong></span> <span class='ocrx_word' id='word_1_91' title='bbox 2905 544 2918 556; x_wconf 84' lang='lat'>&#39;</span> <span class='ocrx_word' id='word_1_92' title='bbox 2952 531 3113 599; x_wconf 86' lang='grc' dir='ltr'>ἡμεῖς</span> <span class='ocrx_word' id='word_1_93' title='bbox 3137 528 3244 598; x_wconf 81' lang='grc' dir='ltr'>γὰρ</span> <span class='ocrx_word' id='word_1_94' title='bbox 3268 531 3325 582; x_wconf 81' lang='grc' dir='ltr'><strong>ἐν</strong></span> <span class='ocrx_word' id='word_1_95' title='bbox 3350 528 3464 598; x_wconf 87' lang='grc' dir='ltr'>λαῷ</span> <span class='ocrx_word' id='word_1_96' title='bbox 3488 530 3684 583; x_wconf 75' lang='grc' dir='ltr'><strong>ἀπειθεῖ</strong></span> 
     </span>
    </p>
   </div>
   <div class='ocr_carea' id='block_1_16' title="bbox 2113 618 3683 691">
    <p class='ocr_par' dir='ltr' id='par_1_16' title="bbox 2113 618 3683 691">
     <span class='ocr_line' id='line_1_16' title="bbox 2113 618 3683 691; baseline -0.003 -13"><span class='ocrx_word' id='word_1_97' title='bbox 2113 626 2207 679; x_wconf 70' lang='grc' dir='ltr'>καὶ</span> <span class='ocrx_word' id='word_1_98' title='bbox 2229 624 2564 691; x_wconf 82' lang='grc' dir='ltr'>ἀντιλέγοντι</span> <span class='ocrx_word' id='word_1_99' title='bbox 2583 619 2943 690; x_wconf 77' lang='grc' dir='ltr'>δεδιδάγμεθα</span> <span class='ocrx_word' id='word_1_100' title='bbox 2964 619 3204 681; x_wconf 77' lang='grc' dir='ltr'>ἀκούειν,</span> <span class='ocrx_word' id='word_1_101' title='bbox 3222 620 3304 672; x_wconf 84' lang='grc' dir='ltr'>ὅτι</span> <span class='ocrx_word' id='word_1_102' title='bbox 3333 618 3532 679; x_wconf 79' lang='grc' dir='ltr'><strong>Σώζων</strong></span> <span class='ocrx_word' id='word_1_103' title='bbox 3549 620 3683 683; x_wconf 72' lang='grc' dir='ltr'>σῶζε</span> 
     </span>
    </p>
   </div>
   <div class='ocr_carea' id='block_1_17' title="bbox 2114 711 3681 783">
    <p class='ocr_par' dir='ltr' id='par_1_17' title="bbox 2114 711 3681 783">
     <span class='ocr_line' id='line_1_17' title="bbox 2114 711 3681 783; baseline -0.002 -14"><span class='ocrx_word' id='word_1_104' title='bbox 2114 717 2232 783; x_wconf 75' lang='grc' dir='ltr'><strong>τὴν</strong></span> <span class='ocrx_word' id='word_1_105' title='bbox 2263 714 2532 768; x_wconf 84' lang='grc' dir='ltr'><strong>σεαυτοῦ</strong></span> <span class='ocrx_word' id='word_1_106' title='bbox 2556 711 2789 782; x_wconf 58' lang='grc' dir='ltr'>ψυχήν</span> <span class='ocrx_word' id='word_1_107' title='bbox 2820 712 2897 783; x_wconf 79' lang='grc' dir='ltr'><strong>μὴ</strong></span> <span class='ocrx_word' id='word_1_108' title='bbox 2923 713 3101 767; x_wconf 77' lang='grc' dir='ltr'>τοίνυν</span> <span class='ocrx_word' id='word_1_109' title='bbox 3120 711 3538 781; x_wconf 70' lang='grc' dir='ltr'>καταδεξώμεθα</span> <span class='ocrx_word' id='word_1_110' title='bbox 3569 731 3681 767; x_wconf 87' lang='grc' dir='ltr'>συν-</span> 
     </span>
    </p>
   </div>
   <div class='ocr_carea' id='block_1_18' title="bbox 2114 802 3683 875">
    <p class='ocr_par' dir='ltr' id='par_1_18' title="bbox 2114 802 3683 875">
     <span class='ocr_line' id='line_1_18' title="bbox 2114 802 3683 875; baseline -0.001 -15"><span class='ocrx_word' id='word_1_111' title='bbox 2114 806 2445 860; x_wconf 86' lang='grc' dir='ltr'>απόλλυσθαι</span> <span class='ocrx_word' id='word_1_112' title='bbox 2472 806 2585 867; x_wconf 84' lang='grc' dir='ltr'>τοῖς</span> <span class='ocrx_word' id='word_1_113' title='bbox 2607 803 2866 865; x_wconf 80' lang='grc' dir='ltr'><strong>τοιούτοις</strong></span> <span class='ocrx_word' id='word_1_114' title='bbox 2886 821 2900 835; x_wconf 75' lang='grc' dir='ltr'><strong><em>ο</em></strong></span> <span class='ocrx_word' id='word_1_115' title='bbox 2934 803 3070 857; x_wconf 80' lang='grc' dir='ltr'>ἀλλὰ</span> <span class='ocrx_word' id='word_1_116' title='bbox 3108 802 3438 873; x_wconf 75' lang='grc' dir='ltr'>φοϐηθέντες</span> <span class='ocrx_word' id='word_1_117' title='bbox 3475 803 3533 856; x_wconf 76' lang='grc' dir='ltr'><strong>τὸ</strong></span> <span class='ocrx_word' id='word_1_118' title='bbox 3558 806 3683 875; x_wconf 78' lang='grc' dir='ltr'>βαρὺ</span> 
     </span>
    </p>
   </div>
   <div class='ocr_carea' id='block_1_19' title="bbox 2118 894 3685 967">
    <p class='ocr_par' dir='ltr' id='par_1_19' title="bbox 2118 894 3685 967">
     <span class='ocr_line' id='line_1_19' title="bbox 2118 894 3685 967; baseline -0.002 -17"><span class='ocrx_word' id='word_1_119' title='bbox 2118 899 2299 967; x_wconf 78' lang='grc' dir='ltr'>κρῖμα</span> <span class='ocrx_word' id='word_1_120' title='bbox 2317 935 2332 959; x_wconf 97' lang='grc'><strong>,</strong></span> <span class='ocrx_word' id='word_1_121' title='bbox 2365 894 2460 950; x_wconf 78' lang='grc' dir='ltr'>καὶ</span> <span class='ocrx_word' id='word_1_122' title='bbox 2509 894 2608 964; x_wconf 83' lang='grc' dir='ltr'>τὴν</span> <span class='ocrx_word' id='word_1_123' title='bbox 2657 894 2894 966; x_wconf 79' lang='grc' dir='ltr'>φοϐερὰν</span> <span class='ocrx_word' id='word_1_124' title='bbox 2917 894 3134 965; x_wconf 78' lang='grc' dir='ltr'>ἡμέραν</span> <span class='ocrx_word' id='word_1_125' title='bbox 3162 894 3264 964; x_wconf 84' lang='grc' dir='ltr'><strong>τῆς</strong></span> <span class='ocrx_word' id='word_1_126' title='bbox 3294 895 3685 958; x_wconf 82' lang='grc' dir='ltr'>ἀνταποδόσεως</span> 
     </span>
    </p>
   </div>
   <div class='ocr_carea' id='block_1_20' title="bbox 2116 985 3685 1059">
    <p class='ocr_par' dir='ltr' id='par_1_20' title="bbox 2116 985 3685 1059">
     <span class='ocr_line' id='line_1_20' title="bbox 2116 985 3685 1059; baseline -0.004 -15"><span class='ocrx_word' id='word_1_127' title='bbox 2116 990 2209 1045; x_wconf 83' lang='grc' dir='ltr'><strong>τοῦ</strong></span> <span class='ocrx_word' id='word_1_128' title='bbox 2258 989 2462 1059; x_wconf 80' lang='grc' dir='ltr'><strong>Κυρίου</strong></span> <span class='ocrx_word' id='word_1_129' title='bbox 2494 988 2601 1058; x_wconf 77' lang='grc' dir='ltr'><strong>πρὸ</strong></span> <span class='ocrx_word' id='word_1_130' title='bbox 2632 986 2930 1056; x_wconf 80' lang='grc' dir='ltr'><strong>ὀφθαλμῶν</strong></span> <span class='ocrx_word' id='word_1_131' title='bbox 2960 986 3239 1048; x_wconf 77' lang='grc' dir='ltr'>λαϐόντες,</span> <span class='ocrx_word' id='word_1_132' title='bbox 3274 986 3350 1055; x_wconf 85' lang='grc' dir='ltr'>μὴ</span> <span class='ocrx_word' id='word_1_133' title='bbox 3385 985 3685 1056; x_wconf 84' lang='grc' dir='ltr'>θελήσωμεν</span> 
     </span>
    </p>
   </div>
   <div class='ocr_carea' id='block_1_21' title="bbox 2120 1079 3685 1154">
    <p class='ocr_par' dir='ltr' id='par_1_21' title="bbox 2120 1079 3685 1154">
     <span class='ocr_line' id='line_1_21' title="bbox 2120 1079 3685 1154; baseline -0.003 -17"><span class='ocrx_word' id='word_1_134' title='bbox 2120 1083 2416 1154; x_wconf 82' lang='grc' dir='ltr'>ἁμαρτίαις</span> <span class='ocrx_word' id='word_1_135' title='bbox 2475 1081 2788 1151; x_wconf 70' lang='grc' dir='ltr'>ἀλλοτρίαις</span> <span class='ocrx_word' id='word_1_136' title='bbox 2841 1079 3317 1134; x_wconf 77' lang='grc' dir='ltr'>συναπόλλυσθαιο</span> <span class='ocrx_word' id='word_1_137' title='bbox 3369 1082 3418 1132; x_wconf 88' lang='grc' dir='ltr'><strong>εί</strong></span> <span class='ocrx_word' id='word_1_138' title='bbox 3462 1080 3567 1151; x_wconf 81' lang='grc' dir='ltr'><strong>γὰρ</strong></span> <span class='ocrx_word' id='word_1_139' title='bbox 3617 1082 3685 1150; x_wconf 77' lang='grc' dir='ltr'>μὴ</span> 
     </span>
    </p>
   </div>
   <div class='ocr_carea' id='block_1_22' title="bbox 2122 1173 3685 1245">
    <p class='ocr_par' dir='ltr' id='par_1_22' title="bbox 2122 1173 3685 1245">
     <span class='ocr_line' id='line_1_22' title="bbox 2122 1173 3685 1245; baseline -0.001 -17"><span class='ocrx_word' id='word_1_140' title='bbox 2122 1175 2441 1229; x_wconf 77' lang='grc' dir='ltr'>ἐπαίδευσεν</span> <span class='ocrx_word' id='word_1_141' title='bbox 2475 1176 2622 1244; x_wconf 83' lang='grc' dir='ltr'>ἡμᾶς</span> <span class='ocrx_word' id='word_1_142' title='bbox 2666 1175 2736 1227; x_wconf 83' lang='grc' dir='ltr'>τὰ</span> <span class='ocrx_word' id='word_1_143' title='bbox 2788 1173 2999 1245; x_wconf 78' lang='grc' dir='ltr'>φοϐερά</span> <span class='ocrx_word' id='word_1_144' title='bbox 3041 1173 3137 1227; x_wconf 82' lang='grc' dir='ltr'>τοῦ</span> <span class='ocrx_word' id='word_1_145' title='bbox 3190 1174 3422 1239; x_wconf 84' lang='grc' dir='ltr'>Κυρίου,</span> <span class='ocrx_word' id='word_1_146' title='bbox 3471 1174 3599 1243; x_wconf 85' lang='grc' dir='ltr'><strong>μηδέ</strong></span> <span class='ocrx_word' id='word_1_147' title='bbox 3635 1177 3685 1226; x_wconf 86' lang='grc' dir='ltr'><strong>αί</strong></span> 
     </span>
    </p>
   </div>
   <div class='ocr_carea' id='block_1_23' title="bbox 2119 1266 3685 1337">
    <p class='ocr_par' dir='ltr' id='par_1_23' title="bbox 2119 1266 3685 1337">
     <span class='ocr_line' id='line_1_23' title="bbox 2119 1266 3685 1337; baseline -0.001 -16"><span class='ocrx_word' id='word_1_148' title='bbox 2119 1267 2442 1337; x_wconf 79' lang='grc' dir='ltr'>τηλικαῦται</span> <span class='ocrx_word' id='word_1_149' title='bbox 2481 1267 2689 1336; x_wconf 79' lang='grc' dir='ltr'>πληγαὶ</span> <span class='ocrx_word' id='word_1_150' title='bbox 2745 1268 2825 1330; x_wconf 86' lang='grc' dir='ltr'><strong>είς</strong></span> <span class='ocrx_word' id='word_1_151' title='bbox 2885 1266 3139 1337; x_wconf 75' lang='grc' dir='ltr'>αἴσθησιν</span> <span class='ocrx_word' id='word_1_152' title='bbox 3174 1268 3320 1337; x_wconf 82' lang='grc' dir='ltr'>ἡμᾶς</span> <span class='ocrx_word' id='word_1_153' title='bbox 3350 1267 3575 1336; x_wconf 70' lang='grc' dir='ltr'>ἤγαγον,</span> <span class='ocrx_word' id='word_1_154' title='bbox 3610 1267 3685 1320; x_wconf 86' lang='grc' dir='ltr'>ὅτι</span> 
     </span>
    </p>
   </div>
   <div class='ocr_carea' id='block_1_24' title="bbox 435 1360 2028 1437">
    <p class='ocr_par' dir='ltr' id='par_1_24' title="bbox 435 1360 2025 1437">
     <span class='ocr_line' id='line_1_24' title="bbox 435 1360 2025 1437; baseline -0.009 -13"><span class='ocrx_word' id='word_1_155' title='bbox 435 1370 909 1437; x_wconf 87' lang='lat' dir='ltr'><strong>Barbarorumque</strong></span> <span class='ocrx_word' id='word_1_156' title='bbox 943 1370 997 1420; x_wconf 91' lang='lat' dir='ltr'><strong>in</strong></span> <span class='ocrx_word' id='word_1_157' title='bbox 1040 1381 1236 1419; x_wconf 85' lang='lat' dir='ltr'><strong>manus</strong></span> <span class='ocrx_word' id='word_1_158' title='bbox 1283 1364 1514 1417; x_wconf 88' lang='lat' dir='ltr'><strong>traditos</strong></span> <span class='ocrx_word' id='word_1_159' title='bbox 1554 1360 1905 1416; x_wconf 85' lang='lat' dir='ltr'><strong>sentiremus.</strong></span> <span class='ocrx_word' id='word_1_160' title='bbox 1969 1363 2025 1409; x_wconf 87' lang='lat' dir='ltr'><strong>et</strong></span> 
     </span>
    </p>
   </div>
   <div class='ocr_carea' id='block_1_25' title="bbox 2133 1360 3685 1437">
    <p class='ocr_par' dir='ltr' id='par_1_25' title="bbox 2133 1361 3685 1432">
     <span class='ocr_line' id='line_1_25' title="bbox 2133 1361 3685 1432; baseline -0.001 -17"><span class='ocrx_word' id='word_1_161' title='bbox 2133 1362 2211 1415; x_wconf 75' lang='grc' dir='ltr'>διὰ</span> <span class='ocrx_word' id='word_1_162' title='bbox 2254 1363 2353 1431; x_wconf 84' lang='grc' dir='ltr'><strong>τὴν</strong></span> <span class='ocrx_word' id='word_1_163' title='bbox 2391 1362 2619 1431; x_wconf 82' lang='grc' dir='ltr'>ἀνομίαν</span> <span class='ocrx_word' id='word_1_164' title='bbox 2658 1362 2816 1432; x_wconf 77' lang='grc' dir='ltr'>ἡμῶν</span> <span class='ocrx_word' id='word_1_165' title='bbox 2842 1362 3197 1430; x_wconf 79' lang='grc' dir='ltr'>ἐγκατέλιπεν</span> <span class='ocrx_word' id='word_1_166' title='bbox 3230 1362 3379 1431; x_wconf 83' lang='grc' dir='ltr'>ἡμας</span> <span class='ocrx_word' id='word_1_167' title='bbox 3420 1362 3449 1413; x_wconf 87' lang='grc' dir='ltr'><strong>ό</strong></span> <span class='ocrx_word' id='word_1_168' title='bbox 3476 1361 3685 1432; x_wconf 84' lang='grc' dir='ltr'>Κύριος,</span> 
     </span>
    </p>
   </div>
   <div class='ocr_carea' id='block_1_26' title="bbox 434 1450 2028 1528">
    <p class='ocr_par' dir='ltr' id='par_1_26' title="bbox 434 1450 2025 1528">
     <span class='ocr_line' id='line_1_26' title="bbox 434 1450 2025 1528; baseline -0.011 -16"><span class='ocrx_word' id='word_1_169' title='bbox 434 1459 693 1528; x_wconf 86' lang='lat' dir='ltr'><strong>populum</strong></span> <span class='ocrx_word' id='word_1_170' title='bbox 734 1457 877 1525; x_wconf 90' lang='lat' dir='ltr'><strong>apud</strong></span> <span class='ocrx_word' id='word_1_171' title='bbox 918 1458 1107 1511; x_wconf 81' lang='lat' dir='ltr'><strong>hostes</strong></span> <span class='ocrx_word' id='word_1_172' title='bbox 1140 1455 1417 1523; x_wconf 88' lang='lat' dir='ltr'><strong>captivum</strong></span> <span class='ocrx_word' id='word_1_173' title='bbox 1449 1450 1744 1505; x_wconf 89' lang='lat' dir='ltr'><strong>abductum</strong></span> <span class='ocrx_word' id='word_1_174' title='bbox 1778 1460 1920 1509; x_wconf 89' lang='lat' dir='ltr'><strong>esse,</strong></span> <span class='ocrx_word' id='word_1_175' title='bbox 1960 1456 2025 1495; x_wconf 91' lang='lat' dir='ltr'><strong>ac</strong></span> 
     </span>
    </p>
   </div>
   <div class='ocr_carea' id='block_1_27' title="bbox 2133 1450 3685 1528">
    <p class='ocr_par' dir='ltr' id='par_1_27' title="bbox 2133 1452 3685 1525">
     <span class='ocr_line' id='line_1_27' title="bbox 2133 1452 3685 1525; baseline -0.001 -18"><span class='ocrx_word' id='word_1_176' title='bbox 2133 1455 2220 1508; x_wconf 76' lang='lat' dir='ltr'><strong>ml.</strong></span> <span class='ocrx_word' id='word_1_177' title='bbox 2270 1453 2587 1525; x_wconf 79' lang='grc' dir='ltr'>παρέδωκεν</span> <span class='ocrx_word' id='word_1_178' title='bbox 2637 1453 2717 1514; x_wconf 90' lang='grc' dir='ltr'><strong>είς</strong></span> <span class='ocrx_word' id='word_1_179' title='bbox 2758 1455 2943 1523; x_wconf 84' lang='grc' dir='ltr'>χεῖρας</span> <span class='ocrx_word' id='word_1_180' title='bbox 2979 1452 3304 1523; x_wconf 66' lang='grc' dir='ltr'>Βαρϐάρων,</span> <span class='ocrx_word' id='word_1_181' title='bbox 3335 1453 3431 1506; x_wconf 77' lang='grc' dir='ltr'><strong>καὶ</strong></span> <span class='ocrx_word' id='word_1_182' title='bbox 3484 1455 3685 1524; x_wconf 80' lang='grc' dir='ltr'><strong>ἀπήχθη</strong></span> 
     </span>
    </p>
   </div>
   <div class='ocr_carea' id='block_1_28' title="bbox 435 1532 2028 1619">
    <p class='ocr_par' dir='ltr' id='par_1_28' title="bbox 435 1532 2025 1619">
     <span class='ocr_line' id='line_1_28' title="bbox 435 1532 2025 1619; baseline -0.012 -15"><span class='ocrx_word' id='word_1_183' title='bbox 435 1549 760 1619; x_wconf 89' lang='lat' dir='ltr'><strong>dispersioni</strong></span> <span class='ocrx_word' id='word_1_184' title='bbox 790 1549 1066 1609; x_wconf 87' lang='lat' dir='ltr'><strong>traditum,</strong></span> <span class='ocrx_word' id='word_1_185' title='bbox 1096 1546 1225 1615; x_wconf 88' lang='lat' dir='ltr'><strong>quia</strong></span> <span class='ocrx_word' id='word_1_186' title='bbox 1255 1546 1369 1598; x_wconf 74' lang='lat' dir='ltr'><strong>luce</strong></span> <span class='ocrx_word' id='word_1_187' title='bbox 1387 1542 1664 1596; x_wconf 83' lang='lat' dir='ltr'><strong>audebant</strong></span> <span class='ocrx_word' id='word_1_188' title='bbox 1691 1543 1784 1609; x_wconf 89' lang='lat' dir='ltr'><strong>qui</strong></span> <span class='ocrx_word' id='word_1_189' title='bbox 1813 1532 2025 1591; x_wconf 87' lang='lat' dir='ltr'><strong>Christi</strong></span> 
     </span>
    </p>
   </div>
   <div class='ocr_carea' id='block_1_29' title="bbox 2133 1532 3682 1619">
    <p class='ocr_par' dir='ltr' id='par_1_29' title="bbox 2133 1544 3682 1616">
     <span class='ocr_line' id='line_1_29' title="bbox 2133 1544 3682 1616; baseline -0.001 -17"><span class='ocrx_word' id='word_1_190' title='bbox 2133 1545 2469 1616; x_wconf 81' lang='grc' dir='ltr'>αίχμάλωτος</span> <span class='ocrx_word' id='word_1_191' title='bbox 2498 1546 2579 1607; x_wconf 83' lang='grc' dir='ltr'><strong>είς</strong></span> <span class='ocrx_word' id='word_1_192' title='bbox 2606 1546 2733 1608; x_wconf 82' lang='grc' dir='ltr'>τοὺς</span> <span class='ocrx_word' id='word_1_193' title='bbox 2764 1545 3057 1615; x_wconf 82' lang='grc' dir='ltr'>πολεμίους</span> <span class='ocrx_word' id='word_1_194' title='bbox 3080 1547 3107 1598; x_wconf 90' lang='grc' dir='ltr'><strong>ό</strong></span> <span class='ocrx_word' id='word_1_195' title='bbox 3133 1544 3283 1611; x_wconf 79' lang='grc' dir='ltr'>λαὸς,</span> <span class='ocrx_word' id='word_1_196' title='bbox 3308 1546 3400 1597; x_wconf 81' lang='grc' dir='ltr'><strong>καὶ</strong></span> <span class='ocrx_word' id='word_1_197' title='bbox 3431 1545 3682 1615; x_wconf 78' lang='grc' dir='ltr'>παρεδόθη</span> 
     </span>
    </p>
   </div>
   <div class='ocr_carea' id='block_1_30' title="bbox 438 1627 2025 1707">
    <p class='ocr_par' dir='ltr' id='par_1_30' title="bbox 438 1627 2025 1707">
     <span class='ocr_line' id='line_1_30' title="bbox 438 1627 2025 1707; baseline -0.009 -13"><span class='ocrx_word' id='word_1_198' title='bbox 438 1657 632 1695; x_wconf 86' lang='lat' dir='ltr'><strong>nomen</strong></span> <span class='ocrx_word' id='word_1_199' title='bbox 662 1641 1103 1707; x_wconf 16' lang='lat' dir='ltr'><strong>Acircumierunt:</strong></span> <span class='ocrx_word' id='word_1_200' title='bbox 1160 1637 1205 1692; x_wconf 90' lang='lat' dir='ltr'><strong>si</strong></span> <span class='ocrx_word' id='word_1_201' title='bbox 1251 1652 1358 1690; x_wconf 92' lang='lat' dir='ltr'><strong>non</strong></span> <span class='ocrx_word' id='word_1_202' title='bbox 1392 1642 1685 1695; x_wconf 87' lang='lat' dir='ltr'><strong>noverunt,</strong></span> <span class='ocrx_word' id='word_1_203' title='bbox 1722 1643 1892 1699; x_wconf 86' lang='lat' dir='ltr'><strong>neque</strong></span> <span class='ocrx_word' id='word_1_204' title='bbox 1941 1627 2025 1680; x_wconf 90' lang='lat' dir='ltr'><strong>in-</strong></span> 
     </span>
    </p>
   </div>
   <div class='ocr_carea' id='block_1_31' title="bbox 438 1718 2023 1801">
    <p class='ocr_par' dir='ltr' id='par_1_31' title="bbox 438 1718 2023 1801">
     <span class='ocr_line' id='line_1_31' title="bbox 438 1718 2023 1801; baseline -0.008 -16"><span class='ocrx_word' id='word_1_205' title='bbox 438 1734 779 1795; x_wconf 81' lang='lat' dir='ltr'><strong>tellexerunt,</strong></span> <span class='ocrx_word' id='word_1_206' title='bbox 829 1741 1114 1801; x_wconf 85' lang='lat' dir='ltr'><strong>preptcrea</strong></span> <span class='ocrx_word' id='word_1_207' title='bbox 1163 1728 1380 1782; x_wconf 88' lang='lat' dir='ltr'><strong>venisse</strong></span> <span class='ocrx_word' id='word_1_208' title='bbox 1428 1727 1484 1780; x_wconf 89' lang='lat' dir='ltr'><strong>in</strong></span> <span class='ocrx_word' id='word_1_209' title='bbox 1540 1740 1641 1780; x_wconf 90' lang='lat' dir='ltr'><strong>nos</strong></span> <span class='ocrx_word' id='word_1_210' title='bbox 1696 1724 1831 1776; x_wconf 85' lang='lat' dir='ltr'><strong>iram</strong></span> <span class='ocrx_word' id='word_1_211' title='bbox 1886 1718 2023 1773; x_wconf 81' lang='lat' dir='ltr'><strong>Dei:</strong></span> 
     </span>
    </p>
   </div>
   <div class='ocr_carea' id='block_1_32' title="bbox 2125 1633 3686 1708">
    <p class='ocr_par' dir='ltr' id='par_1_32' title="bbox 2125 1633 3686 1708">
     <span class='ocr_line' id='line_1_32' title="bbox 2125 1633 3686 1708; baseline -0.003 -18"><span class='ocrx_word' id='word_1_212' title='bbox 2125 1641 2192 1707; x_wconf 83' lang='grc' dir='ltr'>τῇ</span> <span class='ocrx_word' id='word_1_213' title='bbox 2225 1638 2510 1708; x_wconf 83' lang='grc' dir='ltr'>διασπορᾷ,</span> <span class='ocrx_word' id='word_1_214' title='bbox 2544 1635 2678 1689; x_wconf 80' lang='grc' dir='ltr'>διότι</span> <span class='ocrx_word' id='word_1_215' title='bbox 2730 1635 2907 1689; x_wconf 81' lang='grc' dir='ltr'>ταῦτα</span> <span class='ocrx_word' id='word_1_216' title='bbox 2951 1636 3191 1705; x_wconf 76' lang='grc' dir='ltr'>ἐτόλμων</span> <span class='ocrx_word' id='word_1_217' title='bbox 3226 1636 3275 1687; x_wconf 81' lang='grc' dir='ltr'>οἱ</span> <span class='ocrx_word' id='word_1_218' title='bbox 3317 1634 3377 1686; x_wconf 83' lang='grc' dir='ltr'><strong>τὸ</strong></span> <span class='ocrx_word' id='word_1_219' title='bbox 3407 1634 3570 1703; x_wconf 72' lang='grc' dir='ltr'>ὄνομα</span> <span class='ocrx_word' id='word_1_220' title='bbox 3601 1633 3686 1686; x_wconf 77' lang='grc' dir='ltr'>τοῦ</span> 
     </span>
    </p>
   </div>
   <div class='ocr_carea' id='block_1_33' title="bbox 2130 1726 3688 1799">
    <p class='ocr_par' dir='ltr' id='par_1_33' title="bbox 2130 1726 3688 1799">
     <span class='ocr_line' id='line_1_33' title="bbox 2130 1726 3688 1799; baseline -0.003 -17"><span class='ocrx_word' id='word_1_221' title='bbox 2130 1729 2367 1799; x_wconf 78' lang='grc' dir='ltr'>Χριστοῦ</span> <span class='ocrx_word' id='word_1_222' title='bbox 2421 1728 2839 1798; x_wconf 84' lang='grc' dir='ltr'>περιφέροντες·</span> <span class='ocrx_word' id='word_1_223' title='bbox 2875 1728 2922 1778; x_wconf 87' lang='grc' dir='ltr'><strong>εί</strong></span> <span class='ocrx_word' id='word_1_224' title='bbox 2971 1727 3045 1796; x_wconf 78' lang='grc' dir='ltr'>μὴ</span> <span class='ocrx_word' id='word_1_225' title='bbox 3090 1726 3334 1794; x_wconf 80' lang='grc' dir='ltr'>ἔγνωσαν</span> <span class='ocrx_word' id='word_1_226' title='bbox 3403 1726 3532 1796; x_wconf 84' lang='grc' dir='ltr'>μηδὲ</span> <span class='ocrx_word' id='word_1_227' title='bbox 3576 1743 3688 1778; x_wconf 84' lang='grc' dir='ltr'>συν-</span> 
     </span>
    </p>
   </div>
   <div class='ocr_carea' id='block_1_34' title="bbox 438 1790 2028 1896">
    <p class='ocr_par' dir='ltr' id='par_1_34' title="bbox 438 1814 2009 1896">
     <span class='ocr_line' id='line_1_34' title="bbox 438 1814 2009 1896; baseline -0.011 -16"><span class='ocrx_word' id='word_1_228' title='bbox 438 1842 559 1896; x_wconf 81' lang='lat' dir='ltr'><strong>quae</strong></span> <span class='ocrx_word' id='word_1_229' title='bbox 584 1841 671 1880; x_wconf 87' lang='lat' dir='ltr'><strong>res</strong></span> <span class='ocrx_word' id='word_1_230' title='bbox 700 1825 858 1879; x_wconf 85' lang='lat' dir='ltr'><strong>nobis</strong></span> <span class='ocrx_word' id='word_1_231' title='bbox 896 1839 1019 1877; x_wconf 93' lang='lat' dir='ltr'><strong>cum</strong></span> <span class='ocrx_word' id='word_1_232' title='bbox 1073 1823 1157 1875; x_wconf 88' lang='lat' dir='ltr'><strong>bis</strong></span> <span class='ocrx_word' id='word_1_233' title='bbox 1189 1820 1501 1874; x_wconf 90' lang='lat' dir='ltr'><strong>communis</strong></span> <span class='ocrx_word' id='word_1_234' title='bbox 1549 1816 1668 1872; x_wconf 87' lang='lat' dir='ltr'><strong>est?</strong></span> <span class='ocrx_word' id='word_1_235' title='bbox 1700 1814 1805 1869; x_wconf 88' lang='lat' dir='ltr'><strong>Sed</strong></span> <span class='ocrx_word' id='word_1_236' title='bbox 1823 1822 2009 1866; x_wconf 77' lang='lat' dir='ltr'><strong>tamen</strong></span> 
     </span>
    </p>
   </div>
   <div class='ocr_carea' id='block_1_35' title="bbox 2133 1790 3683 1896">
    <p class='ocr_par' dir='ltr' id='par_1_35' title="bbox 2133 1790 3683 1890">
     <span class='ocr_line' id='line_1_35' title="bbox 2133 1790 3683 1890; baseline -0.003 -17"><span class='ocrx_word' id='word_1_237' title='bbox 2133 1790 2287 1890; x_wconf 73' lang='grc' dir='ltr'>ἧκαν,</span> <span class='ocrx_word' id='word_1_238' title='bbox 2320 1821 2399 1873; x_wconf 82' lang='grc' dir='ltr'><strong>ὅτι</strong></span> <span class='ocrx_word' id='word_1_239' title='bbox 2430 1790 2519 1872; x_wconf 75' lang='grc' dir='ltr'><strong>διά</strong></span> <span class='ocrx_word' id='word_1_240' title='bbox 2549 1790 2722 1874; x_wconf 64' lang='grc' dir='ltr'>ταύτα</span> <span class='ocrx_word' id='word_1_241' title='bbox 2751 1815 2915 1889; x_wconf 82' lang='grc' dir='ltr'>ἦλθεν</span> <span class='ocrx_word' id='word_1_242' title='bbox 2934 1790 3015 1887; x_wconf 74' lang='grc' dir='ltr'>ἐφ’</span> <span class='ocrx_word' id='word_1_243' title='bbox 3033 1790 3186 1888; x_wconf 52' lang='grc' dir='ltr'>ἧμας</span> <span class='ocrx_word' id='word_1_244' title='bbox 3213 1820 3247 1888; x_wconf 82' lang='grc' dir='ltr'><strong>ἡ</strong></span> <span class='ocrx_word' id='word_1_245' title='bbox 3266 1790 3506 1887; x_wconf 33' lang='grc' dir='ltr'>ὀργὴ-τοῦ</span> <span class='ocrx_word' id='word_1_246' title='bbox 3530 1817 3683 1883; x_wconf 75' lang='grc' dir='ltr'>Θεοῦ,</span> 
     </span>
    </p>
   </div>
   <div class='ocr_carea' id='block_1_36' title="bbox 437 1906 2013 1978">
    <p class='ocr_par' dir='ltr' id='par_1_36' title="bbox 437 1906 2013 1978">
     <span class='ocr_line' id='line_1_36' title="bbox 437 1906 2013 1978; baseline -0.008 -9"><span class='ocrx_word' id='word_1_247' title='bbox 437 1916 700 1969; x_wconf 88' lang='lat' dir='ltr'><strong>obtestari</strong></span> <span class='ocrx_word' id='word_1_248' title='bbox 746 1930 841 1968; x_wconf 81' lang='lat' dir='ltr'><strong>eos</strong></span> <span class='ocrx_word' id='word_1_249' title='bbox 882 1923 937 1968; x_wconf 89' lang='lat' dir='ltr'><strong>et</strong></span> <span class='ocrx_word' id='word_1_250' title='bbox 970 1921 1133 1966; x_wconf 89' lang='lat' dir='ltr'><strong>noctu</strong></span> <span class='ocrx_word' id='word_1_251' title='bbox 1188 1922 1241 1965; x_wconf 88' lang='lat' dir='ltr'><strong>et</strong></span> <span class='ocrx_word' id='word_1_252' title='bbox 1290 1910 1551 1973; x_wconf 83' lang='lat' dir='ltr'><strong>interdiu,</strong></span> <span class='ocrx_word' id='word_1_253' title='bbox 1602 1919 1654 1962; x_wconf 88' lang='lat' dir='ltr'><strong>et</strong></span> <span class='ocrx_word' id='word_1_254' title='bbox 1703 1906 1917 1978; x_wconf 90' lang='lat' dir='ltr'><strong>publice</strong></span> <span class='ocrx_word' id='word_1_255' title='bbox 1959 1912 2013 1957; x_wconf 90' lang='lat' dir='ltr'><strong>et</strong></span> 
     </span>
    </p>
   </div>
   <div class='ocr_carea' id='block_1_37' title="bbox 437 1999 2013 2076">
    <p class='ocr_par' dir='ltr' id='par_1_37' title="bbox 437 1999 2013 2076">
     <span class='ocr_line' id='line_1_37' title="bbox 437 1999 2013 2076; baseline -0.009 -17"><span class='ocrx_word' id='word_1_256' title='bbox 437 2006 689 2076; x_wconf 78' lang='lat' dir='ltr'><strong>privatim</strong></span> <span class='ocrx_word' id='word_1_257' title='bbox 721 2004 982 2058; x_wconf 76' lang='lat' dir='ltr'><strong>debemus</strong></span> <span class='ocrx_word' id='word_1_258' title='bbox 1013 2020 1029 2069; x_wconf 90' lang='lat'><strong>;</strong></span> <span class='ocrx_word' id='word_1_259' title='bbox 1068 2019 1165 2057; x_wconf 89' lang='lat' dir='ltr'><strong>nos</strong></span> <span class='ocrx_word' id='word_1_260' title='bbox 1188 2010 1368 2055; x_wconf 90' lang='lat' dir='ltr'><strong>autem</strong></span> <span class='ocrx_word' id='word_1_261' title='bbox 1402 2000 1565 2055; x_wconf 89' lang='lat' dir='ltr'><strong>simul</strong></span> <span class='ocrx_word' id='word_1_262' title='bbox 1597 1999 1772 2067; x_wconf 88' lang='lat' dir='ltr'><strong>abripi</strong></span> <span class='ocrx_word' id='word_1_263' title='bbox 1821 2008 2013 2050; x_wconf 90' lang='lat' dir='ltr'><strong>eorum</strong></span> 
     </span>
    </p>
   </div>
   <div class='ocr_carea' id='block_1_38' title="bbox 2120 1908 3686 1979">
    <p class='ocr_par' dir='ltr' id='par_1_38' title="bbox 2120 1908 3686 1979">
     <span class='ocr_line' id='line_1_38' title="bbox 2120 1908 3686 1979; baseline -0.001 -16"><span class='ocrx_word' id='word_1_264' title='bbox 2120 1911 2201 1974; x_wconf 88' lang='grc' dir='ltr'><strong>τίς</strong></span> <span class='ocrx_word' id='word_1_265' title='bbox 2232 1913 2366 1979; x_wconf 75' lang='grc' dir='ltr'>ἡμῖν</span> <span class='ocrx_word' id='word_1_266' title='bbox 2392 1911 2569 1973; x_wconf 83' lang='grc' dir='ltr'>κοινὸς</span> <span class='ocrx_word' id='word_1_267' title='bbox 2594 1910 2731 1979; x_wconf 81' lang='grc' dir='ltr'>πρὸς</span> <span class='ocrx_word' id='word_1_268' title='bbox 2764 1910 2983 1971; x_wconf 79' lang='grc' dir='ltr'>τούτους</span> <span class='ocrx_word' id='word_1_269' title='bbox 3019 1909 3197 1977; x_wconf 81' lang='grc' dir='ltr'>λόγος,</span> <span class='ocrx_word' id='word_1_270' title='bbox 3234 1909 3352 1961; x_wconf 83' lang='grc' dir='ltr'>ἀλλ’</span> <span class='ocrx_word' id='word_1_271' title='bbox 3404 1908 3435 1977; x_wconf 84' lang='grc' dir='ltr'>ἢ</span> <span class='ocrx_word' id='word_1_272' title='bbox 3476 1910 3686 1978; x_wconf 84' lang='grc' dir='ltr'>διαμαρ-</span> 
     </span>
    </p>
   </div>
   <div class='ocr_carea' id='block_1_39' title="bbox 2120 2000 3686 2073">
    <p class='ocr_par' dir='ltr' id='par_1_39' title="bbox 2120 2000 3686 2073">
     <span class='ocr_line' id='line_1_39' title="bbox 2120 2000 3686 2073; baseline -0.003 -18"><span class='ocrx_word' id='word_1_273' title='bbox 2120 2002 2388 2073; x_wconf 89' lang='grc' dir='ltr'>τύρασθαι</span> <span class='ocrx_word' id='word_1_274' title='bbox 2420 2003 2601 2066; x_wconf 83' lang='grc' dir='ltr'>αὐτοῖς</span> <span class='ocrx_word' id='word_1_275' title='bbox 2634 2002 2727 2056; x_wconf 79' lang='grc' dir='ltr'><strong>καὶ</strong></span> <span class='ocrx_word' id='word_1_276' title='bbox 2756 2002 2947 2063; x_wconf 85' lang='grc' dir='ltr'>νυκτὸς</span> <span class='ocrx_word' id='word_1_277' title='bbox 2976 2000 3069 2053; x_wconf 79' lang='grc' dir='ltr'><strong>καὶ</strong></span> <span class='ocrx_word' id='word_1_278' title='bbox 3103 2002 3319 2071; x_wconf 81' lang='grc' dir='ltr'>ἡμέρας</span> <span class='ocrx_word' id='word_1_279' title='bbox 3357 2003 3447 2052; x_wconf 70' lang='grc' dir='ltr'><strong>καὶ</strong></span> <span class='ocrx_word' id='word_1_280' title='bbox 3476 2000 3686 2069; x_wconf 69' lang='grc' dir='ltr'>δημοσίᾳ</span> 
     </span>
    </p>
   </div>
   <div class='ocr_carea' id='block_1_40' title="bbox 440 2086 2014 2166">
    <p class='ocr_par' dir='ltr' id='par_1_40' title="bbox 440 2086 2014 2166">
     <span class='ocr_line' id='line_1_40' title="bbox 440 2086 2014 2166; baseline -0.01 -15"><span class='ocrx_word' id='word_1_281' title='bbox 440 2096 914 2166; x_wconf 87' lang='lat' dir='ltr'><strong>improbitatibus,</strong></span> <span class='ocrx_word' id='word_1_282' title='bbox 994 2108 1066 2147; x_wconf 88' lang='lat' dir='ltr'><strong>ne</strong></span> <span class='ocrx_word' id='word_1_283' title='bbox 1152 2093 1416 2154; x_wconf 80' lang='lat' dir='ltr'><strong>feramus,</strong></span> <span class='ocrx_word' id='word_1_284' title='bbox 1488 2091 1724 2144; x_wconf 80' lang='lat' dir='ltr'><strong>maxime</strong></span> <span class='ocrx_word' id='word_1_285' title='bbox 1795 2086 2014 2154; x_wconf 84' lang='lat' dir='ltr'><strong>quidem</strong></span> 
     </span>
    </p>
   </div>
   <div class='ocr_carea' id='block_1_41' title="bbox 440 2177 2017 2258">
    <p class='ocr_par' dir='ltr' id='par_1_41' title="bbox 440 2177 2017 2258">
     <span class='ocr_line' id='line_1_41' title="bbox 440 2177 2017 2258; baseline -0.007 -16"><span class='ocrx_word' id='word_1_286' title='bbox 440 2199 691 2258; x_wconf 84' lang='lat' dir='ltr'><strong>optantes</strong></span> <span class='ocrx_word' id='word_1_287' title='bbox 730 2202 826 2241; x_wconf 90' lang='lat' dir='ltr'><strong>cos</strong></span> <span class='ocrx_word' id='word_1_288' title='bbox 872 2184 1221 2250; x_wconf 82' lang='lat' dir='ltr'><strong>lucrifacere,</strong></span> <span class='ocrx_word' id='word_1_289' title='bbox 1259 2193 1313 2238; x_wconf 88' lang='lat' dir='ltr'><strong>et</strong></span> <span class='ocrx_word' id='word_1_290' title='bbox 1351 2199 1381 2237; x_wconf 88' lang='lat' dir='ltr'><strong>a</strong></span> <span class='ocrx_word' id='word_1_291' title='bbox 1431 2182 1654 2251; x_wconf 81' lang='lat' dir='ltr'><strong>maligni</strong></span> <span class='ocrx_word' id='word_1_292' title='bbox 1685 2181 1878 2249; x_wconf 90' lang='lat' dir='ltr'><strong>laqueo</strong></span> <span class='ocrx_word' id='word_1_293' title='bbox 1910 2177 2017 2232; x_wconf 89' lang='lat' dir='ltr'><strong>eri-</strong></span> 
     </span>
    </p>
   </div>
   <div class='ocr_carea' id='block_1_42' title="bbox 440 2268 2019 2349">
    <p class='ocr_par' dir='ltr' id='par_1_42' title="bbox 440 2268 2019 2349">
     <span class='ocr_line' id='line_1_42' title="bbox 440 2268 2019 2349; baseline -0.008 -15"><span class='ocrx_word' id='word_1_294' title='bbox 440 2295 601 2349; x_wconf 87' lang='lat' dir='ltr'><strong>pere;</strong></span> <span class='ocrx_word' id='word_1_295' title='bbox 638 2278 733 2333; x_wconf 91' lang='lat' dir='ltr'><strong>sed</strong></span> <span class='ocrx_word' id='word_1_296' title='bbox 785 2278 831 2331; x_wconf 88' lang='lat' dir='ltr'><strong>si</strong></span> <span class='ocrx_word' id='word_1_297' title='bbox 882 2278 984 2331; x_wconf 87' lang='lat' dir='ltr'><strong>hoc</strong></span> <span class='ocrx_word' id='word_1_298' title='bbox 1026 2293 1132 2330; x_wconf 91' lang='lat' dir='ltr'><strong>non</strong></span> <span class='ocrx_word' id='word_1_299' title='bbox 1180 2289 1494 2345; x_wconf 87' lang='lat' dir='ltr'><strong>possumus,</strong></span> <span class='ocrx_word' id='word_1_300' title='bbox 1548 2272 1866 2327; x_wconf 86' lang='lat' dir='ltr'><strong>studeamus</strong></span> <span class='ocrx_word' id='word_1_301' title='bbox 1911 2268 2019 2324; x_wconf 85' lang='lat' dir='ltr'><strong>sal-</strong></span> 
     </span>
    </p>
   </div>
   <div class='ocr_carea' id='block_1_43' title="bbox 441 2364 2019 2426">
    <p class='ocr_par' dir='ltr' id='par_1_43' title="bbox 441 2364 2019 2426">
     <span class='ocr_line' id='line_1_43' title="bbox 441 2364 2019 2426; baseline -0.006 -1"><span class='ocrx_word' id='word_1_302' title='bbox 441 2384 547 2426; x_wconf 87' lang='lat' dir='ltr'><strong>tem</strong></span> <span class='ocrx_word' id='word_1_303' title='bbox 574 2373 782 2425; x_wconf 90' lang='lat' dir='ltr'><strong>animas</strong></span> <span class='ocrx_word' id='word_1_304' title='bbox 816 2378 1032 2424; x_wconf 90' lang='lat' dir='ltr'><strong>nostras</strong></span> <span class='ocrx_word' id='word_1_305' title='bbox 1069 2368 1137 2422; x_wconf 91' lang='lat' dir='ltr'><strong>ab</strong></span> <span class='ocrx_word' id='word_1_306' title='bbox 1171 2379 1374 2422; x_wconf 65' lang='lat' dir='ltr'><strong>aeterna</strong></span> <span class='ocrx_word' id='word_1_307' title='bbox 1407 2364 1864 2422; x_wconf 84' lang='lat' dir='ltr'><strong>condemnatione</strong></span> <span class='ocrx_word' id='word_1_308' title='bbox 1902 2376 2019 2417; x_wconf 87' lang='lat' dir='ltr'><strong>ser-</strong></span> 
     </span>
    </p>
   </div>
   <div class='ocr_carea' id='block_1_44' title="bbox 447 2479 593 2517">
    <p class='ocr_par' dir='ltr' id='par_1_44' title="bbox 447 2479 593 2517">
     <span class='ocr_line' id='line_1_44' title="bbox 447 2479 593 2517; baseline 0 0"><span class='ocrx_word' id='word_1_309' title='bbox 447 2479 593 2517; x_wconf 91' lang='lat' dir='ltr'><strong>vare.</strong></span> 
     </span>
    </p>
   </div>
   <div class='ocr_carea' id='block_1_45' title="bbox 2123 2089 3686 2163">
    <p class='ocr_par' dir='ltr' id='par_1_45' title="bbox 2123 2089 3686 2163">
     <span class='ocr_line' id='line_1_45' title="bbox 2123 2089 3686 2163; baseline -0.003 -17"><span class='ocrx_word' id='word_1_310' title='bbox 2123 2094 2218 2146; x_wconf 75' lang='grc' dir='ltr'>καὶ</span> <span class='ocrx_word' id='word_1_311' title='bbox 2273 2092 2378 2163; x_wconf 69' lang='grc' dir='ltr'>ἰδία</span> <span class='ocrx_word' id='word_1_312' title='bbox 2430 2092 2752 2161; x_wconf 85' lang='grc' dir='ltr'>όφείλομεν;</span> <span class='ocrx_word' id='word_1_313' title='bbox 2794 2092 3213 2159; x_wconf 84' lang='grc' dir='ltr'>συναπάγεσθαι</span> <span class='ocrx_word' id='word_1_314' title='bbox 3261 2091 3319 2143; x_wconf 81' lang='grc' dir='ltr'><strong>δὲ</strong></span> <span class='ocrx_word' id='word_1_315' title='bbox 3373 2089 3547 2143; x_wconf 72' lang='grc' dir='ltr'>αὐτῶν</span> <span class='ocrx_word' id='word_1_316' title='bbox 3580 2093 3686 2151; x_wconf 76' lang='grc' dir='ltr'>ταῖς</span> 
     </span>
    </p>
   </div>
   <div class='ocr_carea' id='block_1_46' title="bbox 2126 2182 3686 2253">
    <p class='ocr_par' dir='ltr' id='par_1_46' title="bbox 2126 2182 3686 2253">
     <span class='ocr_line' id='line_1_46' title="bbox 2126 2182 3686 2253; baseline -0.003 -16"><span class='ocrx_word' id='word_1_317' title='bbox 2126 2183 2412 2253; x_wconf 87' lang='grc' dir='ltr'>πονηρίαις</span> <span class='ocrx_word' id='word_1_318' title='bbox 2439 2183 2514 2253; x_wconf 83' lang='grc' dir='ltr'>μὴ</span> <span class='ocrx_word' id='word_1_319' title='bbox 2539 2182 2985 2253; x_wconf 85' lang='grc' dir='ltr'>καταδεχώμεθα,</span> <span class='ocrx_word' id='word_1_320' title='bbox 3020 2183 3450 2253; x_wconf 84' lang='grc' dir='ltr'>προσευχόμενοι</span> <span class='ocrx_word' id='word_1_321' title='bbox 3474 2183 3686 2252; x_wconf 82' lang='grc' dir='ltr'>μάλιστα</span> 
     </span>
    </p>
   </div>
   <div class='ocr_carea' id='block_1_47' title="bbox 2128 2271 3685 2347">
    <p class='ocr_par' dir='ltr' id='par_1_47' title="bbox 2128 2271 3685 2347">
     <span class='ocr_line' id='line_1_47' title="bbox 2128 2271 3685 2347; baseline -0.002 -19"><span class='ocrx_word' id='word_1_322' title='bbox 2128 2275 2227 2347; x_wconf 82' lang='grc' dir='ltr'>μὲν</span> <span class='ocrx_word' id='word_1_323' title='bbox 2255 2275 2517 2345; x_wconf 84' lang='grc' dir='ltr'>κερδῆσαι</span> <span class='ocrx_word' id='word_1_324' title='bbox 2553 2274 2748 2337; x_wconf 82' lang='grc' dir='ltr'>αὐτοὺς</span> <span class='ocrx_word' id='word_1_325' title='bbox 2776 2276 2870 2327; x_wconf 73' lang='grc' dir='ltr'><strong>καὶ</strong></span> <span class='ocrx_word' id='word_1_326' title='bbox 2898 2275 3177 2339; x_wconf 79' lang='grc' dir='ltr'>ἐξελέσθαι</span> <span class='ocrx_word' id='word_1_327' title='bbox 3220 2277 3325 2345; x_wconf 76' lang='grc' dir='ltr'>τῆς</span> <span class='ocrx_word' id='word_1_328' title='bbox 3362 2275 3581 2343; x_wconf 82' lang='grc' dir='ltr'>παγίδος</span> <span class='ocrx_word' id='word_1_329' title='bbox 3602 2271 3685 2326; x_wconf 82' lang='grc' dir='ltr'>τοῦ</span> 
     </span>
    </p>
   </div>
   <div class='ocr_carea' id='block_1_48' title="bbox 2127 2364 3687 2437">
    <p class='ocr_par' dir='ltr' id='par_1_48' title="bbox 2127 2364 3687 2437">
     <span class='ocr_line' id='line_1_48' title="bbox 2127 2364 3687 2437; baseline -0.001 -19"><span class='ocrx_word' id='word_1_330' title='bbox 2127 2366 2362 2437; x_wconf 81' lang='grc' dir='ltr'>πονηροῦ</span> <span class='ocrx_word' id='word_1_331' title='bbox 2382 2384 2397 2399; x_wconf 66' lang='grc' dir='ltr'><strong><em>υ</em></strong></span> <span class='ocrx_word' id='word_1_332' title='bbox 2429 2365 2524 2418; x_wconf 76' lang='grc' dir='ltr'><strong>ἐὰν</strong></span> <span class='ocrx_word' id='word_1_333' title='bbox 2556 2365 2613 2418; x_wconf 83' lang='grc' dir='ltr'>δὲ</span> <span class='ocrx_word' id='word_1_334' title='bbox 2645 2366 2805 2418; x_wconf 81' lang='grc' dir='ltr'>τοῦτο</span> <span class='ocrx_word' id='word_1_335' title='bbox 2841 2366 2916 2433; x_wconf 81' lang='grc' dir='ltr'>μὴ</span> <span class='ocrx_word' id='word_1_336' title='bbox 2950 2366 3272 2435; x_wconf 77' lang='grc' dir='ltr'>δυνηθῶμεν</span> <span class='ocrx_word' id='word_1_337' title='bbox 3322 2364 3687 2433; x_wconf 77' lang='grc' dir='ltr'>σπουδάσωμεν</span> 
     </span>
    </p>
   </div>
   <div class='ocr_carea' id='block_1_49' title="bbox 2126 2454 3687 2525">
    <p class='ocr_par' dir='ltr' id='par_1_49' title="bbox 2126 2454 3687 2525">
     <span class='ocr_line' id='line_1_49' title="bbox 2126 2454 3687 2525; baseline -0.001 -17"><span class='ocrx_word' id='word_1_338' title='bbox 2126 2456 2225 2519; x_wconf 79' lang='grc' dir='ltr'><strong>τὰς</strong></span> <span class='ocrx_word' id='word_1_339' title='bbox 2269 2454 2399 2524; x_wconf 81' lang='grc' dir='ltr'>γοῦν</span> <span class='ocrx_word' id='word_1_340' title='bbox 2452 2455 2663 2508; x_wconf 72' lang='grc' dir='ltr'>ἑαυτῶν</span> <span class='ocrx_word' id='word_1_341' title='bbox 2710 2454 2889 2523; x_wconf 80' lang='grc' dir='ltr'>ψυχὰς</span> <span class='ocrx_word' id='word_1_342' title='bbox 2932 2455 3032 2523; x_wconf 79' lang='grc' dir='ltr'><strong>τῆς</strong></span> <span class='ocrx_word' id='word_1_343' title='bbox 3066 2455 3289 2508; x_wconf 87' lang='grc' dir='ltr'>αίωνίου</span> <span class='ocrx_word' id='word_1_344' title='bbox 3337 2455 3687 2525; x_wconf 80' lang='grc' dir='ltr'>κατακρίσεως</span> 
     </span>
    </p>
   </div>
   <div class='ocr_carea' id='block_1_50' title="bbox 2129 2548 2562 2621">
    <p class='ocr_par' dir='ltr' id='par_1_50' title="bbox 2129 2548 2562 2621">
     <span class='ocr_line' id='line_1_50' title="bbox 2129 2548 2562 2621; baseline 0.002 -20"><span class='ocrx_word' id='word_1_345' title='bbox 2129 2548 2562 2621; x_wconf 79' lang='grc' dir='ltr'>περισώσασθαι.</span> 
     </span>
    </p>
   </div>
   <div class='ocr_carea' id='block_1_51' title="bbox 2305 2636 3544 2710">
    <p class='ocr_par' dir='ltr' id='par_1_51' title="bbox 2305 2636 3544 2710">
     <span class='ocr_line' id='line_1_51' title="bbox 2305 2636 3544 2710; baseline -0.005 -15"><span class='ocrx_word' id='word_1_346' title='bbox 2305 2642 2637 2710; x_wconf 72' lang='grc' dir='ltr'>Γρηγορίου</span> <span class='ocrx_word' id='word_1_347' title='bbox 2658 2640 2915 2706; x_wconf 85' lang='grc' dir='ltr'>Νύσσης</span> <span class='ocrx_word' id='word_1_348' title='bbox 2942 2639 3144 2693; x_wconf 79' lang='grc' dir='ltr'>κανὼν</span> <span class='ocrx_word' id='word_1_349' title='bbox 3177 2646 3249 2707; x_wconf 88' lang='grc' dir='ltr'>γ’,</span> <span class='ocrx_word' id='word_1_350' title='bbox 3288 2636 3351 2703; x_wconf 90' lang='grc' dir='ltr'>δ’,</span> <span class='ocrx_word' id='word_1_351' title='bbox 3385 2636 3448 2702; x_wconf 77' lang='grc' dir='ltr'><strong>ζ’,</strong></span> <span class='ocrx_word' id='word_1_352' title='bbox 3477 2642 3544 2706; x_wconf 85' lang='grc' dir='ltr'><strong>η’.</strong></span> 
     </span>
    </p>
   </div>
   <div class='ocr_carea' id='block_1_52' title="bbox 2203 2728 3690 2802">
    <p class='ocr_par' dir='ltr' id='par_1_52' title="bbox 2203 2728 3690 2802">
     <span class='ocr_line' id='line_1_52' title="bbox 2203 2728 3690 2802; baseline -0.007 -13"><span class='ocrx_word' id='word_1_353' title='bbox 2203 2741 2272 2802; x_wconf 87' lang='grc' dir='ltr'><strong>γ’.</strong></span> <span class='ocrx_word' id='word_1_354' title='bbox 2309 2734 2429 2787; x_wconf 89' lang='grc' dir='ltr'><strong>Τῶν</strong></span> <span class='ocrx_word' id='word_1_355' title='bbox 2457 2734 2514 2786; x_wconf 81' lang='grc' dir='ltr'><strong>δέ</strong></span> <span class='ocrx_word' id='word_1_356' title='bbox 2545 2734 2611 2787; x_wconf 86' lang='grc' dir='ltr'>δι’</span> <span class='ocrx_word' id='word_1_357' title='bbox 2648 2733 2944 2802; x_wconf 78' lang='grc' dir='ltr'>ἐπιθυμίαν</span> <span class='ocrx_word' id='word_1_358' title='bbox 2972 2751 3030 2785; x_wconf 85' lang='grc' dir='ltr'><strong>τε</strong></span> <span class='ocrx_word' id='word_1_359' title='bbox 3070 2734 3161 2785; x_wconf 80' lang='grc' dir='ltr'><strong>καὶ</strong></span> <span class='ocrx_word' id='word_1_360' title='bbox 3202 2731 3395 2802; x_wconf 78' lang='grc' dir='ltr'>ἡδονὴν</span> <span class='ocrx_word' id='word_1_361' title='bbox 3419 2728 3690 2798; x_wconf 85' lang='grc' dir='ltr'>γινομένων</span> 
     </span>
    </p>
   </div>
   <div class='ocr_carea' id='block_1_53' title="bbox 2134 2819 3690 2896">
    <p class='ocr_par' dir='ltr' id='par_1_53' title="bbox 2134 2819 3690 2896">
     <span class='ocr_line' id='line_1_53' title="bbox 2134 2819 3690 2896; baseline -0.002 -17"><span class='ocrx_word' id='word_1_362' title='bbox 2134 2825 2566 2896; x_wconf 84' lang='grc' dir='ltr'>ἁμαρτημάτων,</span> <span class='ocrx_word' id='word_1_363' title='bbox 2585 2823 2810 2894; x_wconf 82' lang='grc' dir='ltr'>τοιαύτη</span> <span class='ocrx_word' id='word_1_364' title='bbox 2839 2824 2986 2875; x_wconf 74' lang='grc' dir='ltr'>ἐστὶν</span> <span class='ocrx_word' id='word_1_365' title='bbox 3012 2825 3043 2892; x_wconf 78' lang='grc' dir='ltr'>ἡ</span> <span class='ocrx_word' id='word_1_366' title='bbox 3065 2822 3333 2893; x_wconf 87' lang='grc' dir='ltr'>διαίρεσις</span> <span class='ocrx_word' id='word_1_367' title='bbox 3353 2837 3368 2851; x_wconf 69' lang='grc' dir='ltr'><strong>ο</strong></span> <span class='ocrx_word' id='word_1_368' title='bbox 3400 2822 3458 2874; x_wconf 81' lang='grc' dir='ltr'>τὺ</span> <span class='ocrx_word' id='word_1_369' title='bbox 3484 2821 3575 2889; x_wconf 88' lang='grc' dir='ltr'><strong>μὲν</strong></span> <span class='ocrx_word' id='word_1_370' title='bbox 3596 2819 3690 2885; x_wconf 67' lang='grc' dir='ltr'>γὰρ</span> 
     </span>
    </p>
   </div>
   <div class='ocr_carea' id='block_1_54' title="bbox 2134 2907 3691 2987">
    <p class='ocr_par' dir='ltr' id='par_1_54' title="bbox 2134 2907 3691 2987">
     <span class='ocr_line' id='line_1_54' title="bbox 2134 2907 3691 2987; baseline -0.008 -16"><span class='ocrx_word' id='word_1_371' title='bbox 2134 2919 2381 2971; x_wconf 86' lang='grc' dir='ltr'>καλεῖται</span> <span class='ocrx_word' id='word_1_372' title='bbox 2417 2917 2653 2987; x_wconf 87' lang='grc' dir='ltr'>μοιχεία,</span> <span class='ocrx_word' id='word_1_373' title='bbox 2677 2918 2738 2970; x_wconf 81' lang='grc' dir='ltr'>τὸ</span> <span class='ocrx_word' id='word_1_374' title='bbox 2783 2916 2840 2969; x_wconf 82' lang='grc' dir='ltr'>δὲ</span> <span class='ocrx_word' id='word_1_375' title='bbox 2899 2918 3158 2985; x_wconf 75' lang='grc' dir='ltr'>πορνεία”</span> <span class='ocrx_word' id='word_1_376' title='bbox 3188 2915 3304 2966; x_wconf 78' lang='grc' dir='ltr'>τισὶ</span> <span class='ocrx_word' id='word_1_377' title='bbox 3349 2915 3444 2981; x_wconf 84' lang='grc' dir='ltr'>μὲν</span> <span class='ocrx_word' id='word_1_378' title='bbox 3485 2907 3571 2964; x_wconf 75' lang='grc' dir='ltr'>οὖν</span> <span class='ocrx_word' id='word_1_379' title='bbox 3596 2909 3691 2962; x_wconf 85' lang='grc' dir='ltr'><strong>τῶν</strong></span> 
     </span>
    </p>
   </div>
   <div class='ocr_carea' id='block_1_55' title="bbox 2136 3004 3689 3083">
    <p class='ocr_par' dir='ltr' id='par_1_55' title="bbox 2136 3004 3689 3083">
     <span class='ocr_line' id='line_1_55' title="bbox 2136 3004 3689 3083; baseline -0.005 -19"><span class='ocrx_word' id='word_1_380' title='bbox 2136 3004 2543 3083; x_wconf 76' lang='grc' dir='ltr'>ἀκριϐεστέρων</span> <span class='ocrx_word' id='word_1_381' title='bbox 2592 3012 2779 3082; x_wconf 72' lang='grc' dir='ltr'>ἤρεσε,</span> <span class='ocrx_word' id='word_1_382' title='bbox 2812 3011 2905 3064; x_wconf 72' lang='grc' dir='ltr'>καὶ</span> <span class='ocrx_word' id='word_1_383' title='bbox 2955 3011 3015 3063; x_wconf 76' lang='grc' dir='ltr'>τὸ</span> <span class='ocrx_word' id='word_1_384' title='bbox 3058 3013 3199 3063; x_wconf 85' lang='grc' dir='ltr'>κατὰ</span> <span class='ocrx_word' id='word_1_385' title='bbox 3248 3008 3500 3078; x_wconf 78' lang='grc' dir='ltr'>πορνείαν</span> <span class='ocrx_word' id='word_1_386' title='bbox 3529 3005 3689 3074; x_wconf 83' lang='grc' dir='ltr'>πλημ-</span> 
     </span>
    </p>
   </div>
   <div class='ocr_carea' id='block_1_56' title="bbox 2143 3096 3691 3175">
    <p class='ocr_par' dir='ltr' id='par_1_56' title="bbox 2143 3096 3691 3175">
     <span class='ocr_line' id='line_1_56' title="bbox 2143 3096 3691 3175; baseline -0.006 -18"><span class='ocrx_word' id='word_1_387' title='bbox 2143 3104 2380 3175; x_wconf 77' lang='grc' dir='ltr'>μέλημα,</span> <span class='ocrx_word' id='word_1_388' title='bbox 2420 3104 2667 3174; x_wconf 86' lang='grc' dir='ltr'>μοιχείαν</span> <span class='ocrx_word' id='word_1_389' title='bbox 2699 3099 2840 3155; x_wconf 83' lang='grc' dir='ltr'>εἷναι</span> <span class='ocrx_word' id='word_1_390' title='bbox 2882 3103 3143 3171; x_wconf 80' lang='grc' dir='ltr'>νομίζειν,</span> <span class='ocrx_word' id='word_1_391' title='bbox 3180 3102 3320 3155; x_wconf 86' lang='grc' dir='ltr'>διότι</span> <span class='ocrx_word' id='word_1_392' title='bbox 3358 3101 3452 3167; x_wconf 88' lang='grc' dir='ltr'><strong>μία</strong></span> <span class='ocrx_word' id='word_1_393' title='bbox 3484 3098 3621 3151; x_wconf 76' lang='grc' dir='ltr'>ἐστὶν</span> <span class='ocrx_word' id='word_1_394' title='bbox 3662 3096 3691 3162; x_wconf 84' lang='grc' dir='ltr'>ἡ</span> 
     </span>
    </p>
   </div>
   <div class='ocr_carea' id='block_1_57' title="bbox 2138 3185 3688 3264">
    <p class='ocr_par' dir='ltr' id='par_1_57' title="bbox 2138 3185 3688 3264">
     <span class='ocr_line' id='line_1_57' title="bbox 2138 3185 3688 3264; baseline -0.006 -18"><span class='ocrx_word' id='word_1_395' title='bbox 2138 3196 2368 3264; x_wconf 84' lang='grc' dir='ltr'>νόμιμος</span> <span class='ocrx_word' id='word_1_396' title='bbox 2399 3192 2646 3261; x_wconf 79' lang='grc' dir='ltr'>συζυγία,</span> <span class='ocrx_word' id='word_1_397' title='bbox 2681 3193 2773 3245; x_wconf 80' lang='grc' dir='ltr'><strong>καὶ</strong></span> <span class='ocrx_word' id='word_1_398' title='bbox 2802 3191 3023 3258; x_wconf 74' lang='grc' dir='ltr'>γυναικὶ</span> <span class='ocrx_word' id='word_1_399' title='bbox 3059 3191 3194 3262; x_wconf 82' lang='grc' dir='ltr'>πρὸς</span> <span class='ocrx_word' id='word_1_400' title='bbox 3224 3190 3414 3261; x_wconf 85' lang='grc' dir='ltr'>ἄνδρα,</span> <span class='ocrx_word' id='word_1_401' title='bbox 3450 3190 3535 3242; x_wconf 72' lang='grc' dir='ltr'><strong>καὶ</strong></span> <span class='ocrx_word' id='word_1_402' title='bbox 3555 3185 3688 3254; x_wconf 62' lang='grc' dir='ltr'><strong>ἆινδρὶ</strong></span> 
     </span>
    </p>
   </div>
   <div class='ocr_carea' id='block_1_58' title="bbox 2139 3281 3690 3355">
    <p class='ocr_par' dir='ltr' id='par_1_58' title="bbox 2139 3281 3690 3355">
     <span class='ocr_line' id='line_1_58' title="bbox 2139 3281 3690 3355; baseline -0.009 -15"><span class='ocrx_word' id='word_1_403' title='bbox 2139 3286 2274 3355; x_wconf 64' lang='grc' dir='ltr'>πρὸς</span> <span class='ocrx_word' id='word_1_404' title='bbox 2302 3289 2533 3353; x_wconf 84' lang='grc' dir='ltr'>γυναῖκα</span> <span class='ocrx_word' id='word_1_405' title='bbox 2558 3302 2571 3316; x_wconf 78' lang='grc' dir='ltr'><strong>ο</strong></span> <span class='ocrx_word' id='word_1_406' title='bbox 2608 3287 2715 3337; x_wconf 79' lang='grc' dir='ltr'><strong>πᾶν</strong></span> <span class='ocrx_word' id='word_1_407' title='bbox 2755 3284 2848 3337; x_wconf 76' lang='grc' dir='ltr'><strong>οὖν</strong></span> <span class='ocrx_word' id='word_1_408' title='bbox 2892 3284 2954 3337; x_wconf 85' lang='grc' dir='ltr'><strong>τὸ</strong></span> <span class='ocrx_word' id='word_1_409' title='bbox 3013 3284 3088 3353; x_wconf 81' lang='grc' dir='ltr'>μὴ</span> <span class='ocrx_word' id='word_1_410' title='bbox 3116 3284 3370 3352; x_wconf 84' lang='grc' dir='ltr'>νόμιμον,</span> <span class='ocrx_word' id='word_1_411' title='bbox 3403 3281 3690 3350; x_wconf 80' lang='grc' dir='ltr'>παράνομον</span> 
     </span>
    </p>
   </div>
   <div class='ocr_carea' id='block_1_59' title="bbox 2138 3372 3690 3447">
    <p class='ocr_par' dir='ltr' id='par_1_59' title="bbox 2138 3372 3690 3447">
     <span class='ocr_line' id='line_1_59' title="bbox 2138 3372 3690 3447; baseline -0.006 -18"><span class='ocrx_word' id='word_1_412' title='bbox 2138 3377 2384 3440; x_wconf 80' lang='grc' dir='ltr'><strong>πάντως⁹</strong></span> <span class='ocrx_word' id='word_1_413' title='bbox 2417 3378 2513 3430; x_wconf 69' lang='grc' dir='ltr'>καὶ</span> <span class='ocrx_word' id='word_1_414' title='bbox 2541 3379 2568 3429; x_wconf 91' lang='grc' dir='ltr'>ὁ</span> <span class='ocrx_word' id='word_1_415' title='bbox 2597 3376 2672 3447; x_wconf 83' lang='grc' dir='ltr'>μὴ</span> <span class='ocrx_word' id='word_1_416' title='bbox 2700 3376 2759 3430; x_wconf 80' lang='grc' dir='ltr'><strong>τὸ</strong></span> <span class='ocrx_word' id='word_1_417' title='bbox 2794 3377 2925 3429; x_wconf 82' lang='grc' dir='ltr'>ἴδιον</span> <span class='ocrx_word' id='word_1_418' title='bbox 2953 3375 3114 3445; x_wconf 77' lang='grc' dir='ltr'>ἔχων,</span> <span class='ocrx_word' id='word_1_419' title='bbox 3140 3375 3341 3445; x_wconf 84' lang='grc' dir='ltr'>δηλαδὴ</span> <span class='ocrx_word' id='word_1_420' title='bbox 3363 3375 3421 3427; x_wconf 83' lang='grc' dir='ltr'><strong>τὸ</strong></span> <span class='ocrx_word' id='word_1_421' title='bbox 3440 3372 3690 3440; x_wconf 75' lang='grc' dir='ltr'>ἀλλότριον</span> 
     </span>
    </p>
   </div>
   <div class='ocr_carea' id='block_1_60' title="bbox 2138 3461 3689 3540">
    <p class='ocr_par' dir='ltr' id='par_1_60' title="bbox 2138 3461 3689 3540">
     <span class='ocr_line' id='line_1_60' title="bbox 2138 3461 3689 3540; baseline -0.005 -19"><span class='ocrx_word' id='word_1_422' title='bbox 2138 3469 2283 3539; x_wconf 78' lang='grc' dir='ltr'>ἔχει’</span> <span class='ocrx_word' id='word_1_423' title='bbox 2313 3468 2389 3538; x_wconf 85' lang='grc' dir='ltr'>τῷ</span> <span class='ocrx_word' id='word_1_424' title='bbox 2435 3469 2540 3539; x_wconf 82' lang='grc' dir='ltr'>γὰρ</span> <span class='ocrx_word' id='word_1_425' title='bbox 2568 3468 2840 3540; x_wconf 82' lang='grc' dir='ltr'>ἀνθρώπῳ</span> <span class='ocrx_word' id='word_1_426' title='bbox 2873 3468 2969 3537; x_wconf 90' lang='grc' dir='ltr'><strong>μία</strong></span> <span class='ocrx_word' id='word_1_427' title='bbox 3002 3468 3208 3521; x_wconf 77' lang='grc' dir='ltr'>δέδοται</span> <span class='ocrx_word' id='word_1_428' title='bbox 3260 3467 3410 3537; x_wconf 76' lang='grc' dir='ltr'>παρὰ</span> <span class='ocrx_word' id='word_1_429' title='bbox 3451 3466 3539 3517; x_wconf 77' lang='grc' dir='ltr'>τοῦ</span> <span class='ocrx_word' id='word_1_430' title='bbox 3572 3461 3689 3516; x_wconf 77' lang='grc' dir='ltr'>Θεοῦ</span> 
     </span>
    </p>
   </div>
   <div class='ocr_carea' id='block_1_61' title="bbox 2141 3554 3688 3632">
    <p class='ocr_par' dir='ltr' id='par_1_61' title="bbox 2141 3554 3688 3632">
     <span class='ocr_line' id='line_1_61' title="bbox 2141 3554 3688 3632; baseline -0.005 -19"><span class='ocrx_word' id='word_1_431' title='bbox 2141 3561 2353 3631; x_wconf 82' lang='grc' dir='ltr'>βοηθὸς,</span> <span class='ocrx_word' id='word_1_432' title='bbox 2392 3561 2487 3613; x_wconf 72' lang='grc' dir='ltr'><strong>καὶ</strong></span> <span class='ocrx_word' id='word_1_433' title='bbox 2537 3564 2601 3632; x_wconf 84' lang='grc' dir='ltr'>τῇ</span> <span class='ocrx_word' id='word_1_434' title='bbox 2650 3560 2870 3627; x_wconf 69' lang='grc' dir='ltr'>γυναικὶ</span> <span class='ocrx_word' id='word_1_435' title='bbox 2930 3560 3027 3629; x_wconf 82' lang='grc' dir='ltr'><strong>μία</strong></span> <span class='ocrx_word' id='word_1_436' title='bbox 3073 3560 3419 3629; x_wconf 82' lang='grc' dir='ltr'>ἐφήρμοσται</span> <span class='ocrx_word' id='word_1_437' title='bbox 3466 3554 3688 3623; x_wconf 76' lang='grc' dir='ltr'>κεφαλήο</span> 
     </span>
    </p>
   </div>
   <div class='ocr_carea' id='block_1_62' title="bbox 687 2638 1770 2714">
    <p class='ocr_par' dir='ltr' id='par_1_62' title="bbox 687 2638 1770 2714">
     <span class='ocr_line' id='line_1_62' title="bbox 687 2638 1770 2714; baseline -0.006 -16"><span class='ocrx_word' id='word_1_438' title='bbox 687 2643 923 2714; x_wconf 83' lang='lat' dir='ltr'><strong>Gregorii</strong></span> <span class='ocrx_word' id='word_1_439' title='bbox 956 2642 1188 2712; x_wconf 81' lang='lat' dir='ltr'><strong>Nysseni</strong></span> <span class='ocrx_word' id='word_1_440' title='bbox 1217 2657 1440 2695; x_wconf 83' lang='lat' dir='ltr'><strong>canones</strong></span> <span class='ocrx_word' id='word_1_441' title='bbox 1471 2641 1523 2703; x_wconf 81' lang='lat'><strong>5,</strong></span> <span class='ocrx_word' id='word_1_442' title='bbox 1552 2640 1607 2706; x_wconf 69' lang='grc'><strong>4,</strong></span> <span class='ocrx_word' id='word_1_443' title='bbox 1637 2640 1692 2706; x_wconf 92' lang='grc'>7,</span> <span class='ocrx_word' id='word_1_444' title='bbox 1716 2638 1770 2692; x_wconf 77' lang='lat'><strong>8.</strong></span> 
     </span>
    </p>
   </div>
   <div class='ocr_carea' id='block_1_63' title="bbox 510 2727 2025 2806">
    <p class='ocr_par' dir='ltr' id='par_1_63' title="bbox 510 2727 2025 2806">
     <span class='ocr_line' id='line_1_63' title="bbox 510 2727 2025 2806; baseline -0.004 -19"><span class='ocrx_word' id='word_1_445' title='bbox 510 2733 544 2787; x_wconf 75' lang='lat'><strong>3</strong></span> <span class='ocrx_word' id='word_1_446' title='bbox 575 2733 677 2806; x_wconf 69' lang='lat' dir='ltr'><strong>[li].</strong></span> <span class='ocrx_word' id='word_1_447' title='bbox 711 2734 909 2788; x_wconf 87' lang='lat' dir='ltr'><strong>Eorum</strong></span> <span class='ocrx_word' id='word_1_448' title='bbox 943 2742 1124 2786; x_wconf 89' lang='lat' dir='ltr'><strong>autem</strong></span> <span class='ocrx_word' id='word_1_449' title='bbox 1156 2747 1276 2799; x_wconf 55' lang='grc' dir='ltr'>(μιαί</span> <span class='ocrx_word' id='word_1_450' title='bbox 1308 2730 1372 2784; x_wconf 88' lang='lat' dir='ltr'><strong>ad</strong></span> <span class='ocrx_word' id='word_1_451' title='bbox 1403 2730 1756 2798; x_wconf 82' lang='lat' dir='ltr'><strong>cupiditatem</strong></span> <span class='ocrx_word' id='word_1_452' title='bbox 1786 2739 1839 2784; x_wconf 90' lang='lat' dir='ltr'><strong>et</strong></span> <span class='ocrx_word' id='word_1_453' title='bbox 1869 2727 2025 2783; x_wconf 87' lang='lat' dir='ltr'><strong>volu-</strong></span> 
     </span>
    </p>
   </div>
   <div class='ocr_carea' id='block_1_64' title="bbox 444 2820 2024 2896">
    <p class='ocr_par' dir='ltr' id='par_1_64' title="bbox 444 2820 2024 2896">
     <span class='ocr_line' id='line_1_64' title="bbox 444 2820 2024 2896; baseline -0.006 -15"><span class='ocrx_word' id='word_1_454' title='bbox 444 2834 641 2896; x_wconf 89' lang='lat' dir='ltr'><strong>ptatem</strong></span> <span class='ocrx_word' id='word_1_455' title='bbox 672 2826 809 2878; x_wconf 84' lang='lat' dir='ltr'><strong>ﬁunt</strong></span> <span class='ocrx_word' id='word_1_456' title='bbox 838 2834 1208 2895; x_wconf 87' lang='lat' dir='ltr'><strong>peccatorum,</strong></span> <span class='ocrx_word' id='word_1_457' title='bbox 1237 2824 1353 2877; x_wconf 75' lang='lat' dir='ltr'><strong>lucc</strong></span> <span class='ocrx_word' id='word_1_458' title='bbox 1379 2832 1462 2878; x_wconf 86' lang='lat' dir='ltr'><strong>est</strong></span> <span class='ocrx_word' id='word_1_459' title='bbox 1486 2821 1681 2877; x_wconf 88' lang='lat' dir='ltr'><strong>divisio</strong></span> <span class='ocrx_word' id='word_1_460' title='bbox 1713 2840 1727 2876; x_wconf 89' lang='lat'><strong>:</strong></span> <span class='ocrx_word' id='word_1_461' title='bbox 1753 2822 1858 2875; x_wconf 91' lang='lat' dir='ltr'><strong>hoc</strong></span> <span class='ocrx_word' id='word_1_462' title='bbox 1882 2820 2024 2875; x_wconf 88' lang='lat' dir='ltr'><strong>enim</strong></span> 
     </span>
    </p>
   </div>
   <div class='ocr_carea' id='block_1_65' title="bbox 444 2914 2028 2981">
    <p class='ocr_par' dir='ltr' id='par_1_65' title="bbox 444 2914 2028 2981">
     <span class='ocr_line' id='line_1_65' title="bbox 444 2914 2028 2981; baseline -0.003 -10"><span class='ocrx_word' id='word_1_463' title='bbox 444 2930 668 2973; x_wconf 86' lang='lat' dir='ltr'><strong>vocatur</strong></span> <span class='ocrx_word' id='word_1_464' title='bbox 702 2918 1062 2981; x_wconf 87' lang='lat' dir='ltr'><strong>adulterium,</strong></span> <span class='ocrx_word' id='word_1_465' title='bbox 1098 2916 1228 2969; x_wconf 91' lang='lat' dir='ltr'><strong>illud</strong></span> <span class='ocrx_word' id='word_1_466' title='bbox 1267 2930 1395 2969; x_wconf 85' lang='lat' dir='ltr'><strong>vero</strong></span> <span class='ocrx_word' id='word_1_467' title='bbox 1430 2914 1743 2969; x_wconf 82' lang='lat' dir='ltr'><strong>fornicatio.</strong></span> <span class='ocrx_word' id='word_1_468' title='bbox 1778 2914 1856 2969; x_wconf 83' lang='lat' dir='ltr'><strong>Ac</strong></span> <span class='ocrx_word' id='word_1_469' title='bbox 1890 2928 2028 2967; x_wconf 82' lang='lat' dir='ltr'><strong>non-</strong></span> 
     </span>
    </p>
   </div>
   <div class='ocr_carea' id='block_1_66' title="bbox 447 3002 2030 3077">
    <p class='ocr_par' dir='ltr' id='par_1_66' title="bbox 447 3002 2030 3077">
     <span class='ocr_line' id='line_1_66' title="bbox 447 3002 2030 3077; baseline -0.005 -14"><span class='ocrx_word' id='word_1_470' title='bbox 447 3010 605 3064; x_wconf 88' lang='lat' dir='ltr'><strong>nullis</strong></span> <span class='ocrx_word' id='word_1_471' title='bbox 644 3002 862 3077; x_wconf 85' lang='lat' dir='ltr'><strong>quidem</strong></span> <span class='ocrx_word' id='word_1_472' title='bbox 910 3021 1098 3060; x_wconf 89' lang='lat' dir='ltr'><strong>eorum</strong></span> <span class='ocrx_word' id='word_1_473' title='bbox 1139 3006 1232 3074; x_wconf 91' lang='lat' dir='ltr'><strong>qui</strong></span> <span class='ocrx_word' id='word_1_474' title='bbox 1278 3014 1409 3059; x_wconf 88' lang='lat' dir='ltr'><strong>sunt</strong></span> <span class='ocrx_word' id='word_1_475' title='bbox 1447 3005 1780 3071; x_wconf 84' lang='lat' dir='ltr'><strong>subtiliores,</strong></span> <span class='ocrx_word' id='word_1_476' title='bbox 1827 3003 2030 3073; x_wconf 86' lang='lat' dir='ltr'><strong>placuit</strong></span> 
     </span>
    </p>
   </div>
   <div class='ocr_carea' id='block_1_67' title="bbox 442 3092 2030 3166">
    <p class='ocr_par' dir='ltr' id='par_1_67' title="bbox 442 3092 2030 3166">
     <span class='ocr_line' id='line_1_67' title="bbox 442 3092 2030 3166; baseline -0.006 -12"><span class='ocrx_word' id='word_1_477' title='bbox 442 3102 608 3155; x_wconf 89' lang='lat' dir='ltr'><strong>etiam</strong></span> <span class='ocrx_word' id='word_1_478' title='bbox 646 3096 1029 3151; x_wconf 82' lang='lat' dir='ltr'><strong>lornicationis</strong></span> <span class='ocrx_word' id='word_1_479' title='bbox 1069 3104 1354 3166; x_wconf 81' lang='lat' dir='ltr'><strong>peccatum</strong></span> <span class='ocrx_word' id='word_1_480' title='bbox 1391 3095 1717 3149; x_wconf 84' lang='lat' dir='ltr'><strong>adulterium</strong></span> <span class='ocrx_word' id='word_1_481' title='bbox 1753 3108 1875 3148; x_wconf 89' lang='lat' dir='ltr'><strong>esse</strong></span> <span class='ocrx_word' id='word_1_482' title='bbox 1910 3092 2030 3147; x_wconf 79' lang='lat' dir='ltr'><strong>exi-</strong></span> 
     </span>
    </p>
   </div>
   <div class='ocr_carea' id='block_1_68' title="bbox 446 3181 2032 3259">
    <p class='ocr_par' dir='ltr' id='par_1_68' title="bbox 446 3181 2032 3259">
     <span class='ocr_line' id='line_1_68' title="bbox 446 3181 2032 3259; baseline -0.008 -13"><span class='ocrx_word' id='word_1_483' title='bbox 446 3192 690 3255; x_wconf 84' lang='lat' dir='ltr'><strong>stimare,</strong></span> <span class='ocrx_word' id='word_1_484' title='bbox 720 3189 886 3259; x_wconf 81' lang='lat'><strong>328</strong></span> <span class='ocrx_word' id='word_1_485' title='bbox 908 3188 1170 3257; x_wconf 87' lang='lat' dir='ltr'><strong>quoniam</strong></span> <span class='ocrx_word' id='word_1_486' title='bbox 1208 3202 1313 3239; x_wconf 92' lang='lat' dir='ltr'><strong>una</strong></span> <span class='ocrx_word' id='word_1_487' title='bbox 1340 3193 1423 3239; x_wconf 88' lang='lat' dir='ltr'><strong>est</strong></span> <span class='ocrx_word' id='word_1_488' title='bbox 1450 3185 1689 3253; x_wconf 80' lang='lat' dir='ltr'><strong>legitima</strong></span> <span class='ocrx_word' id='word_1_489' title='bbox 1718 3181 2032 3250; x_wconf 89' lang='lat' dir='ltr'><strong>conjunctio</strong></span> 
     </span>
    </p>
   </div>
   <div class='ocr_carea' id='block_1_69' title="bbox 444 3271 2039 3343">
    <p class='ocr_par' dir='ltr' id='par_1_69' title="bbox 444 3271 2039 3343">
     <span class='ocr_line' id='line_1_69' title="bbox 444 3271 2039 3343; baseline -0.008 -6"><span class='ocrx_word' id='word_1_490' title='bbox 444 3294 500 3337; x_wconf 90' lang='lat' dir='ltr'><strong>et</strong></span> <span class='ocrx_word' id='word_1_491' title='bbox 523 3283 768 3336; x_wconf 86' lang='lat' dir='ltr'><strong>mulieris</strong></span> <span class='ocrx_word' id='word_1_492' title='bbox 799 3296 921 3334; x_wconf 90' lang='lat' dir='ltr'><strong>cum</strong></span> <span class='ocrx_word' id='word_1_493' title='bbox 960 3280 1098 3343; x_wconf 83' lang='lat' dir='ltr'><strong>viro,</strong></span> <span class='ocrx_word' id='word_1_494' title='bbox 1124 3289 1175 3331; x_wconf 91' lang='lat' dir='ltr'><strong>et</strong></span> <span class='ocrx_word' id='word_1_495' title='bbox 1200 3278 1301 3330; x_wconf 89' lang='lat' dir='ltr'><strong>viri</strong></span> <span class='ocrx_word' id='word_1_496' title='bbox 1333 3292 1456 3331; x_wconf 83' lang='lat' dir='ltr'><strong>cum</strong></span> <span class='ocrx_word' id='word_1_497' title='bbox 1493 3276 1739 3330; x_wconf 87' lang='lat' dir='ltr'><strong>muliere.</strong></span> <span class='ocrx_word' id='word_1_498' title='bbox 1764 3271 2039 3342; x_wconf 83' lang='lat' dir='ltr'><strong>Quidquid</strong></span> 
     </span>
    </p>
   </div>
   <div class='ocr_carea' id='block_1_70' title="bbox 446 3365 2041 3441">
    <p class='ocr_par' dir='ltr' id='par_1_70' title="bbox 446 3365 2041 3441">
     <span class='ocr_line' id='line_1_70' title="bbox 446 3365 2041 3441; baseline -0.007 -15"><span class='ocrx_word' id='word_1_499' title='bbox 446 3390 574 3441; x_wconf 72' lang='lat' dir='ltr'><strong>ergo</strong></span> <span class='ocrx_word' id='word_1_500' title='bbox 621 3388 727 3425; x_wconf 86' lang='lat' dir='ltr'><strong>non</strong></span> <span class='ocrx_word' id='word_1_501' title='bbox 773 3382 856 3425; x_wconf 86' lang='lat' dir='ltr'><strong>est</strong></span> <span class='ocrx_word' id='word_1_502' title='bbox 901 3370 1235 3439; x_wconf 78' lang='lat' dir='ltr'><strong>legitimum,</strong></span> <span class='ocrx_word' id='word_1_503' title='bbox 1273 3375 1357 3422; x_wconf 89' lang='lat' dir='ltr'><strong>est</strong></span> <span class='ocrx_word' id='word_1_504' title='bbox 1402 3367 1628 3421; x_wconf 92' lang='lat' dir='ltr'><strong>omnino</strong></span> <span class='ocrx_word' id='word_1_505' title='bbox 1674 3365 1938 3434; x_wconf 80' lang='lat' dir='ltr'><strong>injustum</strong></span> <span class='ocrx_word' id='word_1_506' title='bbox 1987 3372 2041 3416; x_wconf 89' lang='lat' dir='ltr'><strong>et</strong></span> 
     </span>
    </p>
   </div>
   <div class='ocr_carea' id='block_1_71' title="bbox 448 3455 2042 3535">
    <p class='ocr_par' dir='ltr' id='par_1_71' title="bbox 448 3455 2042 3535">
     <span class='ocr_line' id='line_1_71' title="bbox 448 3455 2042 3535; baseline -0.006 -20"><span class='ocrx_word' id='word_1_507' title='bbox 448 3465 548 3535; x_wconf 58' lang='lat' dir='ltr'><strong>[egi</strong></span> <span class='ocrx_word' id='word_1_508' title='bbox 579 3464 913 3517; x_wconf 87' lang='lat' dir='ltr'><strong>contrarium</strong></span> <span class='ocrx_word' id='word_1_509' title='bbox 948 3480 961 3516; x_wconf 90' lang='lat'><strong>:</strong></span> <span class='ocrx_word' id='word_1_510' title='bbox 995 3469 1049 3515; x_wconf 89' lang='lat' dir='ltr'><strong>et</strong></span> <span class='ocrx_word' id='word_1_511' title='bbox 1076 3461 1175 3529; x_wconf 92' lang='lat' dir='ltr'><strong>qui</strong></span> <span class='ocrx_word' id='word_1_512' title='bbox 1214 3475 1320 3513; x_wconf 91' lang='lat' dir='ltr'><strong>non</strong></span> <span class='ocrx_word' id='word_1_513' title='bbox 1355 3459 1516 3513; x_wconf 87' lang='lat' dir='ltr'><strong>habet</strong></span> <span class='ocrx_word' id='word_1_514' title='bbox 1544 3458 1847 3528; x_wconf 88' lang='lat' dir='ltr'><strong>proprium,</strong></span> <span class='ocrx_word' id='word_1_515' title='bbox 1880 3455 2042 3508; x_wconf 79' lang='lat' dir='ltr'><strong>habet</strong></span> 
     </span>
    </p>
   </div>
   <div class='ocr_carea' id='block_1_72' title="bbox 448 3548 2041 3608">
    <p class='ocr_par' dir='ltr' id='par_1_72' title="bbox 448 3548 2041 3608">
     <span class='ocr_line' id='line_1_72' title="bbox 448 3548 2041 3608; baseline -0.003 -3"><span class='ocrx_word' id='word_1_516' title='bbox 448 3556 683 3608; x_wconf 85' lang='lat' dir='ltr'><strong>omnino</strong></span> <span class='ocrx_word' id='word_1_517' title='bbox 716 3555 977 3607; x_wconf 86' lang='lat' dir='ltr'><strong>alienum.</strong></span> <span class='ocrx_word' id='word_1_518' title='bbox 1004 3551 1222 3604; x_wconf 86' lang='lat' dir='ltr'><strong>Homini</strong></span> <span class='ocrx_word' id='word_1_519' title='bbox 1250 3550 1393 3603; x_wconf 86' lang='lat' dir='ltr'><strong>enim</strong></span> <span class='ocrx_word' id='word_1_520' title='bbox 1429 3565 1535 3603; x_wconf 82' lang='lat' dir='ltr'><strong>una</strong></span> <span class='ocrx_word' id='word_1_521' title='bbox 1569 3559 1774 3603; x_wconf 87' lang='lat' dir='ltr'><strong>tantum</strong></span> <span class='ocrx_word' id='word_1_522' title='bbox 1805 3548 1929 3602; x_wconf 86' lang='lat' dir='ltr'><strong>data</strong></span> <span class='ocrx_word' id='word_1_523' title='bbox 1956 3556 2041 3600; x_wconf 87' lang='lat' dir='ltr'><strong>est</strong></span> 
     </span>
    </p>
   </div>
   <div class='ocr_carea' id='block_1_73' title="bbox 449 3641 2041 3710">
    <p class='ocr_par' dir='ltr' id='par_1_73' title="bbox 449 3641 2041 3710">
     <span class='ocr_line' id='line_1_73' title="bbox 449 3641 2041 3710; baseline -0.003 -13"><span class='ocrx_word' id='word_1_524' title='bbox 449 3646 755 3698; x_wconf 81' lang='lat' dir='ltr'><strong>auxiliatrix</strong></span> <span class='ocrx_word' id='word_1_525' title='bbox 791 3661 821 3697; x_wconf 90' lang='lat' dir='ltr'><strong>a</strong></span> <span class='ocrx_word' id='word_1_526' title='bbox 858 3644 994 3706; x_wconf 86' lang='lat' dir='ltr'><strong>Deo,</strong></span> <span class='ocrx_word' id='word_1_527' title='bbox 1028 3653 1081 3696; x_wconf 90' lang='lat' dir='ltr'><strong>et</strong></span> <span class='ocrx_word' id='word_1_528' title='bbox 1126 3642 1341 3695; x_wconf 88' lang='lat' dir='ltr'><strong>mulieri</strong></span> <span class='ocrx_word' id='word_1_529' title='bbox 1391 3656 1561 3694; x_wconf 91' lang='lat' dir='ltr'><strong>unum</strong></span> <span class='ocrx_word' id='word_1_530' title='bbox 1606 3641 1914 3710; x_wconf 88' lang='lat' dir='ltr'><strong>appositum</strong></span> <span class='ocrx_word' id='word_1_531' title='bbox 1957 3647 2041 3693; x_wconf 87' lang='lat' dir='ltr'><strong>est</strong></span> 
     </span>
    </p>
   </div>
   <div class='ocr_carea' id='block_1_74' title="bbox 449 3732 2041 3803">
    <p class='ocr_par' dir='ltr' id='par_1_74' title="bbox 449 3732 2041 3803">
     <span class='ocr_line' id='line_1_74' title="bbox 449 3732 2041 3803; baseline -0.006 -13"><span class='ocrx_word' id='word_1_532' title='bbox 449 3744 630 3803; x_wconf 83' lang='lat' dir='ltr'><strong>caput.</strong></span> <span class='ocrx_word' id='word_1_533' title='bbox 661 3732 803 3803; x_wconf 76' lang='lat' dir='ltr'><strong>Ergo</strong></span> <span class='ocrx_word' id='word_1_534' title='bbox 836 3734 881 3785; x_wconf 87' lang='lat' dir='ltr'><strong>si</strong></span> <span class='ocrx_word' id='word_1_535' title='bbox 915 3734 1050 3802; x_wconf 82' lang='lat' dir='ltr'><strong>quis,</strong></span> <span class='ocrx_word' id='word_1_536' title='bbox 1083 3732 1319 3801; x_wconf 87' lang='lat' dir='ltr'><strong>quidem,</strong></span> <span class='ocrx_word' id='word_1_537' title='bbox 1350 3732 1622 3799; x_wconf 82' lang='lat' dir='ltr'><strong>proprium</strong></span> <span class='ocrx_word' id='word_1_538' title='bbox 1658 3747 1748 3783; x_wconf 84' lang='lat' dir='ltr'><strong>vas</strong></span> <span class='ocrx_word' id='word_1_539' title='bbox 1778 3746 1952 3791; x_wconf 85' lang='lat' dir='ltr'><strong>suum,</strong></span> <span class='ocrx_word' id='word_1_540' title='bbox 1980 3735 2041 3781; x_wconf 89' lang='lat' dir='ltr'><strong>ut</strong></span> 
     </span>
    </p>
   </div>
   <div class='ocr_carea' id='block_1_75' title="bbox 451 3821 2036 3893">
    <p class='ocr_par' dir='ltr' id='par_1_75' title="bbox 451 3821 2036 3893">
     <span class='ocr_line' id='line_1_75' title="bbox 451 3821 2036 3893; baseline -0.004 -14"><span class='ocrx_word' id='word_1_541' title='bbox 451 3826 669 3879; x_wconf 88' lang='lat' dir='ltr'><strong>divinus</strong></span> <span class='ocrx_word' id='word_1_542' title='bbox 699 3825 994 3893; x_wconf 84' lang='lat' dir='ltr'><strong>Apostolus</strong></span> <span class='ocrx_word' id='word_1_543' title='bbox 1025 3824 1297 3888; x_wconf 90' lang='lat' dir='ltr'><strong>nominat,</strong></span> <span class='ocrx_word' id='word_1_544' title='bbox 1328 3821 1702 3891; x_wconf 70' lang='lat' dir='ltr'><strong>possederit“,</strong></span> <span class='ocrx_word' id='word_1_545' title='bbox 1733 3822 1781 3875; x_wconf 91' lang='lat' dir='ltr'><strong>ei</strong></span> <span class='ocrx_word' id='word_1_546' title='bbox 1817 3822 1899 3876; x_wconf 81' lang='lat' dir='ltr'><strong>lex</strong></span> <span class='ocrx_word' id='word_1_547' title='bbox 1936 3836 2036 3874; x_wconf 84' lang='lat' dir='ltr'><strong>na-</strong></span> 
     </span>
    </p>
   </div>
   <div class='ocr_carea' id='block_1_76' title="bbox 452 3914 2037 3984">
    <p class='ocr_par' dir='ltr' id='par_1_76' title="bbox 452 3914 2037 3984">
     <span class='ocr_line' id='line_1_76' title="bbox 452 3914 2037 3984; baseline -0.001 -16"><span class='ocrx_word' id='word_1_548' title='bbox 452 3926 587 3970; x_wconf 70' lang='lat' dir='ltr'><strong>turre</strong></span> <span class='ocrx_word' id='word_1_549' title='bbox 627 3916 834 3984; x_wconf 89' lang='lat' dir='ltr'><strong>justum</strong></span> <span class='ocrx_word' id='word_1_550' title='bbox 882 3931 1040 3969; x_wconf 85' lang='lat' dir='ltr'><strong>usum</strong></span> <span class='ocrx_word' id='word_1_551' title='bbox 1089 3916 1358 3969; x_wconf 89' lang='lat' dir='ltr'><strong>concedit.</strong></span> <span class='ocrx_word' id='word_1_552' title='bbox 1396 3914 1450 3968; x_wconf 90' lang='lat' dir='ltr'><strong>Si</strong></span> <span class='ocrx_word' id='word_1_553' title='bbox 1490 3916 1613 3984; x_wconf 85' lang='lat' dir='ltr'><strong>quis</strong></span> <span class='ocrx_word' id='word_1_554' title='bbox 1656 3922 1834 3968; x_wconf 92' lang='lat' dir='ltr'><strong>autem</strong></span> <span class='ocrx_word' id='word_1_555' title='bbox 1884 3923 2037 3968; x_wconf 81' lang='lat' dir='ltr'><strong>extra</strong></span> 
     </span>
    </p>
   </div>
   <div class='ocr_carea' id='block_1_77' title="bbox 450 4006 2032 4076">
    <p class='ocr_par' dir='ltr' id='par_1_77' title="bbox 450 4006 2032 4076">
     <span class='ocr_line' id='line_1_77' title="bbox 450 4006 2032 4076; baseline 0 -16"><span class='ocrx_word' id='word_1_556' title='bbox 450 4007 730 4076; x_wconf 84' lang='lat' dir='ltr'><strong>proprium</strong></span> <span class='ocrx_word' id='word_1_557' title='bbox 764 4022 1064 4060; x_wconf 88' lang='lat' dir='ltr'><strong>conversus</strong></span> <span class='ocrx_word' id='word_1_558' title='bbox 1100 4006 1286 4072; x_wconf 85' lang='lat' dir='ltr'><strong>fuerit,</strong></span> <span class='ocrx_word' id='word_1_559' title='bbox 1317 4006 1420 4059; x_wconf 88' lang='lat' dir='ltr'><strong>erit.</strong></span> <span class='ocrx_word' id='word_1_560' title='bbox 1452 4007 1681 4060; x_wconf 91' lang='lat' dir='ltr'><strong>omnino</strong></span> <span class='ocrx_word' id='word_1_561' title='bbox 1717 4006 1768 4058; x_wconf 92' lang='lat' dir='ltr'><strong>in</strong></span> <span class='ocrx_word' id='word_1_562' title='bbox 1806 4006 1984 4059; x_wconf 89' lang='lat' dir='ltr'><strong>alieno</strong></span> <span class='ocrx_word' id='word_1_563' title='bbox 2019 4023 2032 4060; x_wconf 91' lang='lat'>:</span> 
     </span>
    </p>
   </div>
   <div class='ocr_carea' id='block_1_78' title="bbox 447 4099 2038 4168">
    <p class='ocr_par' dir='ltr' id='par_1_78' title="bbox 447 4099 2038 4168">
     <span class='ocr_line' id='line_1_78' title="bbox 447 4099 2038 4168; baseline -0.003 -13"><span class='ocrx_word' id='word_1_564' title='bbox 447 4107 536 4155; x_wconf 88' lang='lat' dir='ltr'><strong>est</strong></span> <span class='ocrx_word' id='word_1_565' title='bbox 565 4108 745 4153; x_wconf 88' lang='lat' dir='ltr'><strong>autem</strong></span> <span class='ocrx_word' id='word_1_566' title='bbox 776 4100 1071 4168; x_wconf 88' lang='lat' dir='ltr'><strong>unicuique</strong></span> <span class='ocrx_word' id='word_1_567' title='bbox 1102 4099 1340 4153; x_wconf 88' lang='lat' dir='ltr'><strong>alienum</strong></span> <span class='ocrx_word' id='word_1_568' title='bbox 1370 4099 1632 4168; x_wconf 88' lang='lat' dir='ltr'><strong>quidquid</strong></span> <span class='ocrx_word' id='word_1_569' title='bbox 1662 4114 1767 4151; x_wconf 88' lang='lat' dir='ltr'><strong>non</strong></span> <span class='ocrx_word' id='word_1_570' title='bbox 1802 4106 1884 4152; x_wconf 89' lang='lat' dir='ltr'><strong>est</strong></span> <span class='ocrx_word' id='word_1_571' title='bbox 1911 4113 2038 4167; x_wconf 82' lang='lat' dir='ltr'><strong>pro-</strong></span> 
     </span>
    </p>
   </div>
   <div class='ocr_carea' id='block_1_79' title="bbox 448 4190 2033 4262">
    <p class='ocr_par' dir='ltr' id='par_1_79' title="bbox 448 4190 2033 4262">
     <span class='ocr_line' id='line_1_79' title="bbox 448 4190 2033 4262; baseline -0.002 -19"><span class='ocrx_word' id='word_1_572' title='bbox 448 4196 659 4262; x_wconf 84' lang='lat' dir='ltr'><strong>primu,</strong></span> <span class='ocrx_word' id='word_1_573' title='bbox 686 4191 895 4245; x_wconf 85' lang='lat' dir='ltr'><strong>etiamsi</strong></span> <span class='ocrx_word' id='word_1_574' title='bbox 933 4190 985 4243; x_wconf 92' lang='lat' dir='ltr'><strong>id</strong></span> <span class='ocrx_word' id='word_1_575' title='bbox 1026 4206 1132 4243; x_wconf 92' lang='lat' dir='ltr'><strong>non</strong></span> <span class='ocrx_word' id='word_1_576' title='bbox 1167 4191 1490 4244; x_wconf 90' lang='lat' dir='ltr'><strong>contiteatur</strong></span> <span class='ocrx_word' id='word_1_577' title='bbox 1520 4190 1613 4258; x_wconf 90' lang='lat' dir='ltr'><strong>qui</strong></span> <span class='ocrx_word' id='word_1_578' title='bbox 1647 4197 1731 4243; x_wconf 77' lang='lat' dir='ltr'><strong>est</strong></span> <span class='ocrx_word' id='word_1_579' title='bbox 1758 4190 2033 4243; x_wconf 90' lang='lat' dir='ltr'><strong>dominus.</strong></span> 
     </span>
    </p>
   </div>
   <div class='ocr_carea' id='block_1_80' title="bbox 448 4280 2035 4353">
    <p class='ocr_par' dir='ltr' id='par_1_80' title="bbox 448 4280 2035 4353">
     <span class='ocr_line' id='line_1_80' title="bbox 448 4280 2035 4353; baseline -0.002 -16"><span class='ocrx_word' id='word_1_580' title='bbox 448 4282 566 4337; x_wconf 85' lang='lat' dir='ltr'><strong>Non</strong></span> <span class='ocrx_word' id='word_1_581' title='bbox 595 4284 752 4353; x_wconf 84' lang='lat' dir='ltr'><strong>longe</strong></span> <span class='ocrx_word' id='word_1_582' title='bbox 777 4298 905 4352; x_wconf 80' lang='lat' dir='ltr'><strong>ergo</strong></span> <span class='ocrx_word' id='word_1_583' title='bbox 931 4298 961 4335; x_wconf 89' lang='lat' dir='ltr'><strong>a</strong></span> <span class='ocrx_word' id='word_1_584' title='bbox 989 4291 1213 4353; x_wconf 87' lang='lat' dir='ltr'><strong>peccato</strong></span> <span class='ocrx_word' id='word_1_585' title='bbox 1247 4282 1500 4335; x_wconf 89' lang='lat' dir='ltr'><strong>adulterii</strong></span> <span class='ocrx_word' id='word_1_586' title='bbox 1534 4281 1843 4344; x_wconf 80' lang='lat' dir='ltr'><strong>fornicatio,</strong></span> <span class='ocrx_word' id='word_1_587' title='bbox 1871 4281 1938 4334; x_wconf 89' lang='lat' dir='ltr'><strong>ab</strong></span> <span class='ocrx_word' id='word_1_588' title='bbox 1969 4280 2035 4334; x_wconf 91' lang='lat' dir='ltr'><strong>iis</strong></span> 
     </span>
    </p>
   </div>
   <div class='ocr_carea' id='block_1_81' title="bbox 448 4376 2031 4447">
    <p class='ocr_par' dir='ltr' id='par_1_81' title="bbox 448 4376 2031 4447">
     <span class='ocr_line' id='line_1_81' title="bbox 448 4376 2031 4447; baseline -0.001 -17"><span class='ocrx_word' id='word_1_589' title='bbox 448 4379 542 4447; x_wconf 89' lang='lat' dir='ltr'><strong>qui</strong></span> <span class='ocrx_word' id='word_1_590' title='bbox 572 4393 684 4432; x_wconf 81' lang='lat' dir='ltr'><strong>rem</strong></span> <span class='ocrx_word' id='word_1_591' title='bbox 716 4378 874 4446; x_wconf 90' lang='lat' dir='ltr'><strong>paulo</strong></span> <span class='ocrx_word' id='word_1_592' title='bbox 904 4376 1214 4431; x_wconf 89' lang='lat' dir='ltr'><strong>accuratius</strong></span> <span class='ocrx_word' id='word_1_593' title='bbox 1244 4376 1593 4439; x_wconf 78' lang='lat' dir='ltr'><strong>examinant,</strong></span> <span class='ocrx_word' id='word_1_594' title='bbox 1635 4384 1887 4444; x_wconf 84' lang='lat' dir='ltr'><strong>suscepta</strong></span> <span class='ocrx_word' id='word_1_595' title='bbox 1915 4381 2031 4429; x_wconf 89' lang='lat' dir='ltr'><strong>est.</strong></span> 
     </span>
    </p>
   </div>
   <div class='ocr_carea' id='block_1_82' title="bbox 449 4468 1370 4537">
    <p class='ocr_par' dir='ltr' id='par_1_82' title="bbox 449 4468 1370 4537">
     <span class='ocr_line' id='line_1_82' title="bbox 449 4468 1370 4537; baseline -0.001 -14"><span class='ocrx_word' id='word_1_596' title='bbox 449 4486 574 4523; x_wconf 87' lang='lat' dir='ltr'><strong>eum</strong></span> <span class='ocrx_word' id='word_1_597' title='bbox 626 4470 771 4522; x_wconf 66' lang='lat' dir='ltr'><strong>ditat</strong></span> <span class='ocrx_word' id='word_1_598' title='bbox 812 4470 975 4525; x_wconf 82' lang='lat' dir='ltr'><strong>etiam</strong></span> <span class='ocrx_word' id='word_1_599' title='bbox 1022 4468 1305 4537; x_wconf 85' lang='lat' dir='ltr'><strong>Scriptura</strong></span> <span class='ocrx_word' id='word_1_600' title='bbox 1357 4486 1370 4522; x_wconf 92' lang='lat'><strong>:</strong></span> 
     </span>
    </p>
   </div>
   <div class='ocr_carea' id='block_1_83' title="bbox 449 4560 2031 4629">
    <p class='ocr_par' dir='ltr' id='par_1_83' title="bbox 449 4560 2031 4629">
     <span class='ocr_line' id='line_1_83' title="bbox 449 4560 2031 4629; baseline -0.003 -14"><span class='ocrx_word' id='word_1_601' title='bbox 449 4560 720 4625; x_wconf 77' lang='lat' dir='ltr'><strong>aliena&quot;;</strong></span> <span class='ocrx_word' id='word_1_602' title='bbox 755 4561 848 4615; x_wconf 91' lang='lat' dir='ltr'><strong>sed</strong></span> <span class='ocrx_word' id='word_1_603' title='bbox 884 4574 1007 4614; x_wconf 90' lang='lat' dir='ltr'><strong>cum</strong></span> <span class='ocrx_word' id='word_1_604' title='bbox 1039 4560 1483 4614; x_wconf 85' lang='lat' dir='ltr'><strong>imbecillioribus</strong></span> <span class='ocrx_word' id='word_1_605' title='bbox 1509 4560 1845 4629; x_wconf 82' lang='lat' dir='ltr'><strong>indulgenter</strong></span> <span class='ocrx_word' id='word_1_606' title='bbox 1870 4574 2031 4628; x_wconf 86' lang='lat' dir='ltr'><strong>agen-</strong></span> 
     </span>
    </p>
   </div>
   <div class='ocr_carea' id='block_1_84' title="bbox 450 4650 2027 4720">
    <p class='ocr_par' dir='ltr' id='par_1_84' title="bbox 450 4650 2027 4720">
     <span class='ocr_line' id='line_1_84' title="bbox 450 4650 2027 4720; baseline -0.001 -14"><span class='ocrx_word' id='word_1_607' title='bbox 450 4652 579 4706; x_wconf 91' lang='lat' dir='ltr'><strong>dum</strong></span> <span class='ocrx_word' id='word_1_608' title='bbox 626 4659 959 4706; x_wconf 89' lang='lat' dir='ltr'><strong>censuerunt</strong></span> <span class='ocrx_word' id='word_1_609' title='bbox 1000 4650 1219 4715; x_wconf 86' lang='lat' dir='ltr'><strong>Patres,</strong></span> <span class='ocrx_word' id='word_1_610' title='bbox 1255 4650 1571 4706; x_wconf 85' lang='lat' dir='ltr'><strong>distinctum</strong></span> <span class='ocrx_word' id='word_1_611' title='bbox 1620 4660 1703 4705; x_wconf 85' lang='lat' dir='ltr'><strong>est</strong></span> <span class='ocrx_word' id='word_1_612' title='bbox 1748 4661 2027 4720; x_wconf 82' lang='lat' dir='ltr'><strong>peceatum</strong></span> 
     </span>
    </p>
   </div>
   <div class='ocr_carea' id='block_1_85' title="bbox 454 4742 2032 4813">
    <p class='ocr_par' dir='ltr' id='par_1_85' title="bbox 454 4742 2032 4813">
     <span class='ocr_line' id='line_1_85' title="bbox 454 4742 2032 4813; baseline -0.001 -16"><span class='ocrx_word' id='word_1_613' title='bbox 454 4745 561 4798; x_wconf 68' lang='lat' dir='ltr'><strong>hac</strong></span> <span class='ocrx_word' id='word_1_614' title='bbox 589 4743 827 4812; x_wconf 76' lang='lat' dir='ltr'><strong>generali</strong></span> <span class='ocrx_word' id='word_1_615' title='bbox 863 4742 1164 4808; x_wconf 84' lang='lat' dir='ltr'><strong>divisione,</strong></span> <span class='ocrx_word' id='word_1_616' title='bbox 1194 4743 1340 4813; x_wconf 92' lang='lat' dir='ltr'><strong>quod</strong></span> <span class='ocrx_word' id='word_1_617' title='bbox 1376 4743 1661 4798; x_wconf 86' lang='lat' dir='ltr'><strong>l&#39;ornicatio</strong></span> <span class='ocrx_word' id='word_1_618' title='bbox 1692 4744 1908 4813; x_wconf 90' lang='lat' dir='ltr'><strong>quidem</strong></span> <span class='ocrx_word' id='word_1_619' title='bbox 1945 4743 2032 4796; x_wconf 86' lang='lat' dir='ltr'><strong>di-</strong></span> 
     </span>
    </p>
   </div>
   <div class='ocr_carea' id='block_1_86' title="bbox 453 4835 2035 4906">
    <p class='ocr_par' dir='ltr' id='par_1_86' title="bbox 453 4835 2035 4906">
     <span class='ocr_line' id='line_1_86' title="bbox 453 4835 2035 4906; baseline -0.001 -15"><span class='ocrx_word' id='word_1_620' title='bbox 453 4847 607 4892; x_wconf 87' lang='lat' dir='ltr'><strong>catur</strong></span> <span class='ocrx_word' id='word_1_621' title='bbox 636 4836 948 4905; x_wconf 87' lang='lat' dir='ltr'><strong>cupiditatis</strong></span> <span class='ocrx_word' id='word_1_622' title='bbox 982 4851 1075 4890; x_wconf 89' lang='lat' dir='ltr'><strong>seu</strong></span> <span class='ocrx_word' id='word_1_623' title='bbox 1112 4835 1354 4890; x_wconf 89' lang='lat' dir='ltr'><strong>libidinis</strong></span> <span class='ocrx_word' id='word_1_624' title='bbox 1388 4837 1652 4906; x_wconf 82' lang='lat' dir='ltr'><strong>expletio,</strong></span> <span class='ocrx_word' id='word_1_625' title='bbox 1681 4852 1802 4906; x_wconf 72' lang='lat' dir='ltr'><strong>qua:</strong></span> <span class='ocrx_word' id='word_1_626' title='bbox 1835 4837 1891 4891; x_wconf 82' lang='lat' dir='ltr'><strong>tit</strong></span> <span class='ocrx_word' id='word_1_627' title='bbox 1915 4837 2035 4891; x_wconf 88' lang='lat' dir='ltr'><strong>sine</strong></span> 
     </span>
    </p>
   </div>
   <div class='ocr_carea' id='block_1_87' title="bbox 452 4926 2038 4996">
    <p class='ocr_par' dir='ltr' id='par_1_87' title="bbox 452 4926 2038 4996">
     <span class='ocr_line' id='line_1_87' title="bbox 452 4926 2038 4996; baseline 0.001 -14"><span class='ocrx_word' id='word_1_628' title='bbox 452 4928 558 4983; x_wconf 87' lang='lat' dir='ltr'><strong>alia</strong></span> <span class='ocrx_word' id='word_1_629' title='bbox 607 4926 839 4996; x_wconf 84' lang='lat' dir='ltr'><strong>alicujus</strong></span> <span class='ocrx_word' id='word_1_630' title='bbox 881 4926 1114 4996; x_wconf 88' lang='lat' dir='ltr'><strong>injuria;</strong></span> <span class='ocrx_word' id='word_1_631' title='bbox 1164 4928 1491 4981; x_wconf 88' lang='lat' dir='ltr'><strong>adulterium</strong></span> <span class='ocrx_word' id='word_1_632' title='bbox 1537 4941 1694 4992; x_wconf 89' lang='lat' dir='ltr'><strong>vero,</strong></span> <span class='ocrx_word' id='word_1_633' title='bbox 1725 4928 1935 4983; x_wconf 71' lang='lat' dir='ltr'><strong>insidia:</strong></span> <span class='ocrx_word' id='word_1_634' title='bbox 1982 4940 2038 4983; x_wconf 88' lang='lat' dir='ltr'><strong>et.</strong></span> 
     </span>
    </p>
   </div>
   <div class='ocr_carea' id='block_1_88' title="bbox 454 5019 2037 5090">
    <p class='ocr_par' dir='ltr' id='par_1_88' title="bbox 454 5019 2037 5090">
     <span class='ocr_line' id='line_1_88' title="bbox 454 5019 2037 5090; baseline 0 -17"><span class='ocrx_word' id='word_1_635' title='bbox 454 5019 655 5090; x_wconf 89' lang='lat' dir='ltr'><strong>injuria</strong></span> <span class='ocrx_word' id='word_1_636' title='bbox 681 5035 801 5089; x_wconf 68' lang='lat' dir='ltr'><strong>quas</strong></span> <span class='ocrx_word' id='word_1_637' title='bbox 834 5019 987 5073; x_wconf 86' lang='lat' dir='ltr'><strong>alteri</strong></span> <span class='ocrx_word' id='word_1_638' title='bbox 1017 5019 1261 5072; x_wconf 84' lang='lat' dir='ltr'><strong>ail&#39;ertur.</strong></span> <span class='ocrx_word' id='word_1_639' title='bbox 1286 5019 1341 5071; x_wconf 86' lang='lat' dir='ltr'><strong>In</strong></span> <span class='ocrx_word' id='word_1_640' title='bbox 1375 5034 1440 5073; x_wconf 90' lang='lat' dir='ltr'><strong>co</strong></span> <span class='ocrx_word' id='word_1_641' title='bbox 1472 5030 1654 5074; x_wconf 90' lang='lat' dir='ltr'><strong>autem</strong></span> <span class='ocrx_word' id='word_1_642' title='bbox 1687 5030 1740 5074; x_wconf 89' lang='lat' dir='ltr'><strong>et</strong></span> <span class='ocrx_word' id='word_1_643' title='bbox 1768 5036 1891 5074; x_wconf 93' lang='lat' dir='ltr'><strong>cum</strong></span> <span class='ocrx_word' id='word_1_644' title='bbox 1922 5021 2037 5075; x_wconf 85' lang='lat' dir='ltr'><strong>ani—</strong></span> 
     </span>
    </p>
   </div>
   <div class='ocr_carea' id='block_1_89' title="bbox 455 5109 2039 5183">
    <p class='ocr_par' dir='ltr' id='par_1_89' title="bbox 455 5109 2039 5183">
     <span class='ocr_line' id='line_1_89' title="bbox 455 5109 2039 5183; baseline 0.002 -19"><span class='ocrx_word' id='word_1_645' title='bbox 455 5111 688 5165; x_wconf 87' lang='lat' dir='ltr'><strong>malibus</strong></span> <span class='ocrx_word' id='word_1_646' title='bbox 714 5110 920 5164; x_wconf 88' lang='lat' dir='ltr'><strong>coitum</strong></span> <span class='ocrx_word' id='word_1_647' title='bbox 950 5117 1003 5163; x_wconf 88' lang='lat' dir='ltr'><strong>et</strong></span> <span class='ocrx_word' id='word_1_648' title='bbox 1035 5109 1354 5178; x_wconf 79' lang='lat' dir='ltr'><strong>paedicalum</strong></span> <span class='ocrx_word' id='word_1_649' title='bbox 1383 5126 1505 5165; x_wconf 90' lang='lat' dir='ltr'><strong>esse</strong></span> <span class='ocrx_word' id='word_1_650' title='bbox 1530 5112 1875 5177; x_wconf 84' lang='lat' dir='ltr'><strong>existimant;</strong></span> <span class='ocrx_word' id='word_1_651' title='bbox 1902 5128 2039 5183; x_wconf 90' lang='lat' dir='ltr'><strong>quo-</strong></span> 
     </span>
    </p>
   </div>
   <div class='ocr_carea' id='block_1_90' title="bbox 457 5202 2037 5276">
    <p class='ocr_par' dir='ltr' id='par_1_90' title="bbox 457 5202 2037 5276">
     <span class='ocr_line' id='line_1_90' title="bbox 457 5202 2037 5276; baseline 0.003 -21"><span class='ocrx_word' id='word_1_652' title='bbox 457 5204 601 5255; x_wconf 90' lang='lat' dir='ltr'><strong>niam</strong></span> <span class='ocrx_word' id='word_1_653' title='bbox 635 5204 747 5255; x_wconf 73' lang='lat' dir='ltr'><strong>lucc</strong></span> <span class='ocrx_word' id='word_1_654' title='bbox 777 5211 905 5255; x_wconf 89' lang='lat' dir='ltr'><strong>sunt</strong></span> <span class='ocrx_word' id='word_1_655' title='bbox 932 5210 1140 5255; x_wconf 68' lang='lat' dir='ltr'><strong>natura:</strong></span> <span class='ocrx_word' id='word_1_656' title='bbox 1170 5202 1522 5260; x_wconf 88' lang='lat' dir='ltr'><strong>adulterium.</strong></span> <span class='ocrx_word' id='word_1_657' title='bbox 1549 5202 1606 5257; x_wconf 87' lang='lat' dir='ltr'><strong>ln</strong></span> <span class='ocrx_word' id='word_1_658' title='bbox 1641 5205 1692 5257; x_wconf 91' lang='lat' dir='ltr'><strong>id</strong></span> <span class='ocrx_word' id='word_1_659' title='bbox 1718 5206 1863 5258; x_wconf 89' lang='lat' dir='ltr'><strong>enim</strong></span> <span class='ocrx_word' id='word_1_660' title='bbox 1890 5206 2037 5276; x_wconf 86' lang='lat' dir='ltr'><strong>quod</strong></span> 
     </span>
    </p>
   </div>
   <div class='ocr_carea' id='block_1_91' title="bbox 454 5295 2042 5369">
    <p class='ocr_par' dir='ltr' id='par_1_91' title="bbox 454 5295 2042 5369">
     <span class='ocr_line' id='line_1_91' title="bbox 454 5295 2042 5369; baseline 0.002 -19"><span class='ocrx_word' id='word_1_661' title='bbox 454 5304 538 5350; x_wconf 90' lang='lat' dir='ltr'><strong>est</strong></span> <span class='ocrx_word' id='word_1_662' title='bbox 566 5296 826 5359; x_wconf 88' lang='lat' dir='ltr'><strong>alienum,</strong></span> <span class='ocrx_word' id='word_1_663' title='bbox 850 5304 904 5349; x_wconf 92' lang='lat' dir='ltr'><strong>et</strong></span> <span class='ocrx_word' id='word_1_664' title='bbox 930 5295 1077 5363; x_wconf 90' lang='lat' dir='ltr'><strong>quod</strong></span> <span class='ocrx_word' id='word_1_665' title='bbox 1108 5302 1193 5349; x_wconf 84' lang='lat' dir='ltr'><strong>est</strong></span> <span class='ocrx_word' id='word_1_666' title='bbox 1217 5305 1414 5363; x_wconf 68' lang='lat' dir='ltr'><strong>prmter</strong></span> <span class='ocrx_word' id='word_1_667' title='bbox 1444 5305 1718 5363; x_wconf 91' lang='lat' dir='ltr'><strong>naturam,</strong></span> <span class='ocrx_word' id='word_1_668' title='bbox 1746 5299 1803 5352; x_wconf 82' lang='lat' dir='ltr'><strong>tit</strong></span> <span class='ocrx_word' id='word_1_669' title='bbox 1830 5300 2042 5369; x_wconf 87' lang='lat' dir='ltr'><strong>injusti-</strong></span> 
     </span>
    </p>
   </div>
   <div class='ocr_carea' id='block_1_92' title="bbox 459 5385 2041 5459">
    <p class='ocr_par' dir='ltr' id='par_1_92' title="bbox 459 5385 2041 5459">
     <span class='ocr_line' id='line_1_92' title="bbox 459 5385 2041 5459; baseline 0.003 -19"><span class='ocrx_word' id='word_1_670' title='bbox 459 5388 552 5441; x_wconf 89' lang='lat' dir='ltr'><strong>tia.</strong></span> <span class='ocrx_word' id='word_1_671' title='bbox 579 5386 715 5439; x_wconf 88' lang='lat' dir='ltr'><strong>Cum</strong></span> <span class='ocrx_word' id='word_1_672' title='bbox 744 5388 858 5440; x_wconf 85' lang='lat' dir='ltr'><strong>haec</strong></span> <span class='ocrx_word' id='word_1_673' title='bbox 885 5401 1015 5455; x_wconf 79' lang='lat' dir='ltr'><strong>ergo</strong></span> <span class='ocrx_word' id='word_1_674' title='bbox 1045 5385 1239 5439; x_wconf 85' lang='lat' dir='ltr'><strong>divisio</strong></span> <span class='ocrx_word' id='word_1_675' title='bbox 1267 5385 1320 5439; x_wconf 95' lang='lat' dir='ltr'><strong>in</strong></span> <span class='ocrx_word' id='word_1_676' title='bbox 1354 5387 1455 5441; x_wconf 78' lang='lat' dir='ltr'><strong>liac</strong></span> <span class='ocrx_word' id='word_1_677' title='bbox 1483 5388 1647 5441; x_wconf 87' lang='lat' dir='ltr'><strong>etiam</strong></span> <span class='ocrx_word' id='word_1_678' title='bbox 1678 5392 1883 5458; x_wconf 89' lang='lat' dir='ltr'><strong>peccati</strong></span> <span class='ocrx_word' id='word_1_679' title='bbox 1920 5406 2041 5459; x_wconf 89' lang='lat' dir='ltr'><strong>spe-</strong></span> 
     </span>
    </p>
   </div>
   <div class='ocr_carea' id='block_1_93' title="bbox 461 5478 2036 5543">
    <p class='ocr_par' dir='ltr' id='par_1_93' title="bbox 461 5478 2036 5543">
     <span class='ocr_line' id='line_1_93' title="bbox 461 5478 2036 5543; baseline 0.003 -11"><span class='ocrx_word' id='word_1_680' title='bbox 461 5479 544 5532; x_wconf 90' lang='lat' dir='ltr'><strong>cie</strong></span> <span class='ocrx_word' id='word_1_681' title='bbox 578 5481 689 5543; x_wconf 84' lang='lat' dir='ltr'><strong>liat,</strong></span> <span class='ocrx_word' id='word_1_682' title='bbox 722 5478 1027 5531; x_wconf 83' lang='lat' dir='ltr'><strong>universale</strong></span> <span class='ocrx_word' id='word_1_683' title='bbox 1058 5489 1140 5532; x_wconf 88' lang='lat' dir='ltr'><strong>est</strong></span> <span class='ocrx_word' id='word_1_684' title='bbox 1168 5478 1490 5537; x_wconf 86' lang='lat' dir='ltr'><strong>remedium,</strong></span> <span class='ocrx_word' id='word_1_685' title='bbox 1526 5488 1584 5533; x_wconf 89' lang='lat' dir='ltr'><strong>ut</strong></span> <span class='ocrx_word' id='word_1_686' title='bbox 1614 5496 1645 5535; x_wconf 88' lang='lat' dir='ltr'><strong>a</strong></span> <span class='ocrx_word' id='word_1_687' title='bbox 1679 5482 1946 5536; x_wconf 83' lang='lat' dir='ltr'><strong>concitata</strong></span> <span class='ocrx_word' id='word_1_688' title='bbox 1984 5483 2036 5537; x_wconf 91' lang='lat' dir='ltr'><strong>in</strong></span> 
     </span>
    </p>
   </div>
   <div class='ocr_carea' id='block_1_94' title="bbox 466 5569 2039 5642">
    <p class='ocr_par' dir='ltr' id='par_1_94' title="bbox 466 5569 2039 5642">
     <span class='ocr_line' id='line_1_94' title="bbox 466 5569 2039 5642; baseline 0.004 -20"><span class='ocrx_word' id='word_1_689' title='bbox 466 5569 778 5639; x_wconf 86' lang='lat' dir='ltr'><strong>lmjusmodi</strong></span> <span class='ocrx_word' id='word_1_690' title='bbox 814 5571 1104 5641; x_wconf 87' lang='lat' dir='ltr'><strong>voluptatis</strong></span> <span class='ocrx_word' id='word_1_691' title='bbox 1134 5572 1302 5636; x_wconf 87' lang='lat' dir='ltr'><strong>rabie,</strong></span> <span class='ocrx_word' id='word_1_692' title='bbox 1336 5588 1430 5642; x_wconf 84' lang='lat' dir='ltr'><strong>per</strong></span> <span class='ocrx_word' id='word_1_693' title='bbox 1457 5574 1830 5642; x_wconf 73' lang='lat' dir='ltr'><strong>puniitentiam</strong></span> <span class='ocrx_word' id='word_1_694' title='bbox 1876 5576 2039 5629; x_wconf 88' lang='lat' dir='ltr'><strong>homo</strong></span> 
     </span>
    </p>
   </div>
   <div class='ocr_carea' id='block_1_95' title="bbox 536 5727 1013 5795">
    <p class='ocr_par' dir='ltr' id='par_1_95' title="bbox 536 5727 1013 5795">
     <span class='ocr_line' id='line_1_95' title="bbox 536 5727 1013 5795; baseline 0.002 -11"><span class='ocrx_word' id='word_1_695' title='bbox 536 5727 584 5759; x_wconf 81' lang='grc'><strong>⁸⁸</strong></span> <span class='ocrx_word' id='word_1_696' title='bbox 622 5732 753 5783; x_wconf 84' lang='lat' dir='ltr'><strong>Gen.</strong></span> <span class='ocrx_word' id='word_1_697' title='bbox 786 5746 896 5795; x_wconf 76' lang='lat' dir='ltr'><strong>xix,</strong></span> <span class='ocrx_word' id='word_1_698' title='bbox 926 5730 1013 5785; x_wconf 75' lang='lat' dir='ltr'><strong>i7.</strong></span> 
     </span>
    </p>
   </div>
   <div class='ocr_carea' id='block_1_96' title="bbox 2138 3647 3688 3720">
    <p class='ocr_par' dir='ltr' id='par_1_96' title="bbox 2138 3647 3688 3720">
     <span class='ocr_line' id='line_1_96' title="bbox 2138 3647 3688 3720; baseline -0.006 -15"><span class='ocrx_word' id='word_1_699' title='bbox 2138 3652 2331 3705; x_wconf 71' lang='grc' dir='ltr'>οὐκοῦν</span> <span class='ocrx_word' id='word_1_700' title='bbox 2347 3656 2395 3706; x_wconf 83' lang='grc' dir='ltr'><strong>εί</strong></span> <span class='ocrx_word' id='word_1_701' title='bbox 2415 3653 2531 3720; x_wconf 80' lang='grc' dir='ltr'>μέν</span> <span class='ocrx_word' id='word_1_702' title='bbox 2553 3671 2641 3718; x_wconf 78' lang='grc' dir='ltr'><strong>τις</strong></span> <span class='ocrx_word' id='word_1_703' title='bbox 2656 3654 2719 3704; x_wconf 80' lang='grc' dir='ltr'>τὸ</span> <span class='ocrx_word' id='word_1_704' title='bbox 2745 3652 2900 3705; x_wconf 81' lang='grc' dir='ltr'>ἴδιον</span> <span class='ocrx_word' id='word_1_705' title='bbox 2913 3651 3129 3706; x_wconf 82' lang='grc' dir='ltr'>ἑαυτοῦ</span> <span class='ocrx_word' id='word_1_706' title='bbox 3154 3651 3399 3715; x_wconf 58' lang='grc' dir='ltr'>θ’κεῦος,</span> <span class='ocrx_word' id='word_1_707' title='bbox 3414 3647 3688 3709; x_wconf 81' lang='grc' dir='ltr'>καθὼςόνο-</span> 
     </span>
    </p>
   </div>
   <div class='ocr_carea' id='block_1_97' title="bbox 2147 3736 3689 3813">
    <p class='ocr_par' dir='ltr' id='par_1_97' title="bbox 2147 3736 3689 3813">
     <span class='ocr_line' id='line_1_97' title="bbox 2147 3736 3689 3813; baseline -0.008 -16"><span class='ocrx_word' id='word_1_708' title='bbox 2147 3744 2307 3813; x_wconf 77' lang='grc' dir='ltr'>μάζει</span> <span class='ocrx_word' id='word_1_709' title='bbox 2332 3746 2359 3797; x_wconf 88' lang='grc' dir='ltr'>ὁ</span> <span class='ocrx_word' id='word_1_710' title='bbox 2387 3745 2526 3806; x_wconf 86' lang='grc' dir='ltr'>θεῖος</span> <span class='ocrx_word' id='word_1_711' title='bbox 2542 3743 2881 3805; x_wconf 79' lang='grc' dir='ltr'>Ἀπόστολος,</span> <span class='ocrx_word' id='word_1_712' title='bbox 2907 3740 3099 3805; x_wconf 82' lang='grc' dir='ltr'>ἐαυτῷ</span> <span class='ocrx_word' id='word_1_713' title='bbox 3112 3740 3419 3808; x_wconf 79' lang='grc' dir='ltr'>κτήσαιτο,</span> <span class='ocrx_word' id='word_1_714' title='bbox 3445 3736 3689 3807; x_wconf 87' lang='grc' dir='ltr'>συγχωρεί</span> 
     </span>
    </p>
   </div>
   <div class='ocr_carea' id='block_1_98' title="bbox 2135 3828 3687 3902">
    <p class='ocr_par' dir='ltr' id='par_1_98' title="bbox 2135 3828 3687 3902">
     <span class='ocr_line' id='line_1_98' title="bbox 2135 3828 3687 3902; baseline -0.007 -16"><span class='ocrx_word' id='word_1_715' title='bbox 2135 3835 2165 3887; x_wconf 87' lang='grc' dir='ltr'><strong>ὀ</strong></span> <span class='ocrx_word' id='word_1_716' title='bbox 2212 3833 2374 3902; x_wconf 86' lang='grc' dir='ltr'>νόμος</span> <span class='ocrx_word' id='word_1_717' title='bbox 2422 3834 2520 3902; x_wconf 79' lang='grc' dir='ltr'>τῆς</span> <span class='ocrx_word' id='word_1_718' title='bbox 2575 3833 2791 3902; x_wconf 85' lang='grc' dir='ltr'>φύσεως</span> <span class='ocrx_word' id='word_1_719' title='bbox 2833 3832 2930 3900; x_wconf 78' lang='grc' dir='ltr'>τὴν</span> <span class='ocrx_word' id='word_1_720' title='bbox 2960 3830 3173 3883; x_wconf 79' lang='grc' dir='ltr'>δικαίαν</span> <span class='ocrx_word' id='word_1_721' title='bbox 3206 3832 3404 3901; x_wconf 80' lang='grc' dir='ltr'>χρῆσιν</span> <span class='ocrx_word' id='word_1_722' title='bbox 3428 3847 3440 3860; x_wconf 89' lang='grc'><strong>·</strong></span> <span class='ocrx_word' id='word_1_723' title='bbox 3468 3830 3514 3881; x_wconf 88' lang='grc' dir='ltr'><strong>εί</strong></span> <span class='ocrx_word' id='word_1_724' title='bbox 3540 3828 3591 3880; x_wconf 83' lang='grc' dir='ltr'><strong>δέ</strong></span> <span class='ocrx_word' id='word_1_725' title='bbox 3618 3842 3687 3885; x_wconf 82' lang='grc' dir='ltr'><strong>τις</strong></span> 
     </span>
    </p>
   </div>
   <div class='ocr_carea' id='block_1_99' title="bbox 2136 3917 3688 3995">
    <p class='ocr_par' dir='ltr' id='par_1_99' title="bbox 2136 3917 3688 3995">
     <span class='ocr_line' id='line_1_99' title="bbox 2136 3917 3688 3995; baseline -0.006 -18"><span class='ocrx_word' id='word_1_726' title='bbox 2136 3924 2241 3990; x_wconf 81' lang='grc' dir='ltr'>ἔξω</span> <span class='ocrx_word' id='word_1_727' title='bbox 2268 3924 2361 3977; x_wconf 80' lang='grc' dir='ltr'><strong>τοῦ</strong></span> <span class='ocrx_word' id='word_1_728' title='bbox 2411 3925 2542 3978; x_wconf 84' lang='grc' dir='ltr'>ίδίου</span> <span class='ocrx_word' id='word_1_729' title='bbox 2588 3923 2845 3995; x_wconf 87' lang='grc' dir='ltr'>τραπείη,</span> <span class='ocrx_word' id='word_1_730' title='bbox 2878 3924 2934 3975; x_wconf 89' lang='grc' dir='ltr'><strong>ἐν</strong></span> <span class='ocrx_word' id='word_1_731' title='bbox 2980 3923 3247 3994; x_wconf 78' lang='grc' dir='ltr'>ἀλλοτρίῳ</span> <span class='ocrx_word' id='word_1_732' title='bbox 3298 3923 3510 3980; x_wconf 80' lang='grc' dir='ltr'>πάντως</span> <span class='ocrx_word' id='word_1_733' title='bbox 3543 3917 3688 3985; x_wconf 82' lang='grc' dir='ltr'>γενή-</span> 
     </span>
    </p>
   </div>
   <div class='ocr_carea' id='block_1_100' title="bbox 2137 4006 3688 4086">
    <p class='ocr_par' dir='ltr' id='par_1_100' title="bbox 2137 4006 3688 4086">
     <span class='ocr_line' id='line_1_100' title="bbox 2137 4006 3688 4086; baseline -0.004 -18"><span class='ocrx_word' id='word_1_734' title='bbox 2137 4032 2318 4069; x_wconf 89' lang='grc' dir='ltr'>σεται·</span> <span class='ocrx_word' id='word_1_735' title='bbox 2352 4016 2627 4086; x_wconf 82' lang='grc' dir='ltr'>ἀλλότριον</span> <span class='ocrx_word' id='word_1_736' title='bbox 2663 4016 2718 4068; x_wconf 80' lang='grc' dir='ltr'>δὲ</span> <span class='ocrx_word' id='word_1_737' title='bbox 2749 4017 2964 4084; x_wconf 81' lang='grc' dir='ltr'>ἑκάστῳ</span> <span class='ocrx_word' id='word_1_738' title='bbox 2995 4016 3101 4067; x_wconf 82' lang='grc' dir='ltr'><strong>πᾶν</strong></span> <span class='ocrx_word' id='word_1_739' title='bbox 3126 4017 3188 4067; x_wconf 82' lang='grc' dir='ltr'><strong>τὸ</strong></span> <span class='ocrx_word' id='word_1_740' title='bbox 3223 4015 3297 4085; x_wconf 75' lang='grc' dir='ltr'><strong>μὴ</strong></span> <span class='ocrx_word' id='word_1_741' title='bbox 3325 4016 3468 4076; x_wconf 80' lang='grc' dir='ltr'>ἴδιον,</span> <span class='ocrx_word' id='word_1_742' title='bbox 3493 4010 3585 4062; x_wconf 76' lang='grc' dir='ltr'>κᾶν</span> <span class='ocrx_word' id='word_1_743' title='bbox 3625 4006 3688 4077; x_wconf 84' lang='grc' dir='ltr'>μὴ</span> 
     </span>
    </p>
   </div>
   <div class='ocr_carea' id='block_1_101' title="bbox 2135 4092 3688 4178">
    <p class='ocr_par' dir='ltr' id='par_1_101' title="bbox 2135 4092 3688 4178">
     <span class='ocr_line' id='line_1_101' title="bbox 2135 4092 3688 4178; baseline -0.006 -18"><span class='ocrx_word' id='word_1_744' title='bbox 2135 4092 2566 4178; x_wconf 86' lang='grc' dir='ltr'>ὁμολογούμενον</span> <span class='ocrx_word' id='word_1_745' title='bbox 2593 4108 2690 4178; x_wconf 77' lang='grc' dir='ltr'><strong>ἔχη</strong></span> <span class='ocrx_word' id='word_1_746' title='bbox 2714 4108 2807 4160; x_wconf 77' lang='grc' dir='ltr'>τὸν</span> <span class='ocrx_word' id='word_1_747' title='bbox 2836 4106 3187 4177; x_wconf 79' lang='grc' dir='ltr'><strong>κυριεύοντα⁹</strong></span> <span class='ocrx_word' id='word_1_748' title='bbox 3212 4108 3408 4158; x_wconf 79' lang='grc' dir='ltr'>οὐκοῦν</span> <span class='ocrx_word' id='word_1_749' title='bbox 3439 4105 3495 4156; x_wconf 86' lang='grc' dir='ltr'><strong>ού</strong></span> <span class='ocrx_word' id='word_1_750' title='bbox 3521 4101 3688 4172; x_wconf 75' lang='grc' dir='ltr'>ττόρρω</span> 
     </span>
    </p>
   </div>
   <div class='ocr_carea' id='block_1_102' title="bbox 2134 4197 3689 4269">
    <p class='ocr_par' dir='ltr' id='par_1_102' title="bbox 2134 4197 3689 4269">
     <span class='ocr_line' id='line_1_102' title="bbox 2134 4197 3689 4269; baseline -0.006 -18"><span class='ocrx_word' id='word_1_751' title='bbox 2134 4199 2229 4251; x_wconf 82' lang='grc' dir='ltr'>τοῦ</span> <span class='ocrx_word' id='word_1_752' title='bbox 2274 4200 2413 4251; x_wconf 83' lang='grc' dir='ltr'>κατὰ</span> <span class='ocrx_word' id='word_1_753' title='bbox 2459 4199 2557 4268; x_wconf 80' lang='grc' dir='ltr'>τὴν</span> <span class='ocrx_word' id='word_1_754' title='bbox 2606 4198 2853 4268; x_wconf 85' lang='grc' dir='ltr'>μοιχείαν</span> <span class='ocrx_word' id='word_1_755' title='bbox 2889 4199 3359 4269; x_wconf 82' lang='grc' dir='ltr'>πλημμελήματος</span> <span class='ocrx_word' id='word_1_756' title='bbox 3392 4197 3537 4264; x_wconf 76' lang='grc' dir='ltr'>καὶὴ</span> <span class='ocrx_word' id='word_1_757' title='bbox 3570 4209 3689 4261; x_wconf 79' lang='grc' dir='ltr'>πορ·</span> 
     </span>
    </p>
   </div>
   <div class='ocr_carea' id='block_1_103' title="bbox 2135 4286 3687 4363">
    <p class='ocr_par' dir='ltr' id='par_1_103' title="bbox 2135 4286 3687 4363">
     <span class='ocr_line' id='line_1_103' title="bbox 2135 4286 3687 4363; baseline -0.006 -18"><span class='ocrx_word' id='word_1_758' title='bbox 2135 4292 2287 4357; x_wconf 86' lang='grc' dir='ltr'>νεία,</span> <span class='ocrx_word' id='word_1_759' title='bbox 2342 4295 2453 4356; x_wconf 85' lang='grc' dir='ltr'>τοῖς</span> <span class='ocrx_word' id='word_1_760' title='bbox 2509 4294 2599 4345; x_wconf 86' lang='grc' dir='ltr'><strong>τὸν</strong></span> <span class='ocrx_word' id='word_1_761' title='bbox 2660 4292 3053 4363; x_wconf 77' lang='grc' dir='ltr'>ἀκριϐέστερον</span> <span class='ocrx_word' id='word_1_762' title='bbox 3101 4291 3413 4358; x_wconf 79' lang='grc' dir='ltr'>ἐξετάζουσι</span> <span class='ocrx_word' id='word_1_763' title='bbox 3452 4286 3687 4355; x_wconf 79' lang='grc' dir='ltr'>λογισμὸν</span> 
     </span>
    </p>
   </div>
   <div class='ocr_carea' id='block_1_104' title="bbox 2136 4375 3685 4452">
    <p class='ocr_par' dir='ltr' id='par_1_104' title="bbox 2136 4375 3685 4452">
     <span class='ocr_line' id='line_1_104' title="bbox 2136 4375 3685 4452; baseline -0.005 -18"><span class='ocrx_word' id='word_1_764' title='bbox 2136 4382 2367 4451; x_wconf 82' lang='grc' dir='ltr'>ἐδείχθη,</span> <span class='ocrx_word' id='word_1_765' title='bbox 2403 4382 2667 4452; x_wconf 87' lang='grc' dir='ltr'>λεγούσης</span> <span class='ocrx_word' id='word_1_766' title='bbox 2721 4383 2942 4451; x_wconf 79' lang='grc' dir='ltr'>καὶτῆς</span> <span class='ocrx_word' id='word_1_767' title='bbox 2991 4381 3142 4443; x_wconf 82' lang='grc' dir='ltr'>θείας</span> <span class='ocrx_word' id='word_1_768' title='bbox 3205 4382 3446 4451; x_wconf 85' lang='grc' dir='ltr'>Γραφῆς,</span> <span class='ocrx_word' id='word_1_769' title='bbox 3492 4380 3569 4431; x_wconf 85' lang='grc' dir='ltr'>ὅτι</span> <span class='ocrx_word' id='word_1_770' title='bbox 3599 4375 3685 4440; x_wconf 83' lang='grc' dir='ltr'><strong>Μὴ</strong></span> 
     </span>
    </p>
   </div>
   <div class='ocr_carea' id='block_1_105' title="bbox 1422 4468 2028 4543">
    <p class='ocr_par' dir='ltr' id='par_1_105' title="bbox 1422 4468 2028 4522">
     <span class='ocr_line' id='line_1_105' title="bbox 1422 4468 2028 4522; baseline -0.005 -2"><span class='ocrx_word' id='word_1_771' title='bbox 1422 4468 1504 4522; x_wconf 78' lang='lat' dir='ltr'><strong>Ne</strong></span> <span class='ocrx_word' id='word_1_772' title='bbox 1550 4468 1746 4521; x_wconf 84' lang='lat' dir='ltr'><strong>multus</strong></span> <span class='ocrx_word' id='word_1_773' title='bbox 1788 4468 1863 4521; x_wconf 79' lang='lat' dir='ltr'><strong>sis</strong></span> <span class='ocrx_word' id='word_1_774' title='bbox 1914 4484 2028 4520; x_wconf 86' lang='lat' dir='ltr'><strong>cum</strong></span> 
     </span>
    </p>
   </div>
   <div class='ocr_carea' id='block_1_106' title="bbox 2133 4468 3687 4543">
    <p class='ocr_par' dir='ltr' id='par_1_106' title="bbox 2136 4470 3687 4543">
     <span class='ocr_line' id='line_1_106' title="bbox 2136 4470 3687 4543; baseline -0.006 -18"><span class='ocrx_word' id='word_1_775' title='bbox 2136 4474 2332 4539; x_wconf 80' lang='grc' dir='ltr'>πολὺς</span> <span class='ocrx_word' id='word_1_776' title='bbox 2355 4474 2480 4527; x_wconf 84' lang='grc' dir='ltr'>ἴσθι</span> <span class='ocrx_word' id='word_1_777' title='bbox 2500 4474 3010 4542; x_wconf 60' lang='grc' dir='ltr'>πρτῗ-ςάλλοτρίανο</span> <span class='ocrx_word' id='word_1_778' title='bbox 3049 4472 3187 4543; x_wconf 80' lang='grc' dir='ltr'>πλὴν</span> <span class='ocrx_word' id='word_1_779' title='bbox 3218 4472 3330 4524; x_wconf 79' lang='grc' dir='ltr'>ἀλλ’</span> <span class='ocrx_word' id='word_1_780' title='bbox 3359 4470 3567 4525; x_wconf 68' lang='grc' dir='ltr'>ἐπειδᾶν</span> <span class='ocrx_word' id='word_1_781' title='bbox 3590 4470 3687 4527; x_wconf 82' lang='grc' dir='ltr'>τοῖς</span> 
     </span>
    </p>
   </div>
   <div class='ocr_carea' id='block_1_107' title="bbox 2138 4561 3683 4634">
    <p class='ocr_par' dir='ltr' id='par_1_107' title="bbox 2138 4561 3683 4634">
     <span class='ocr_line' id='line_1_107' title="bbox 2138 4561 3683 4634; baseline -0.006 -15"><span class='ocrx_word' id='word_1_782' title='bbox 2138 4564 2551 4634; x_wconf 79' lang='grc' dir='ltr'>ἀσθενεστέροις</span> <span class='ocrx_word' id='word_1_783' title='bbox 2584 4564 2801 4631; x_wconf 81' lang='grc' dir='ltr'>ἐγένετό</span> <span class='ocrx_word' id='word_1_784' title='bbox 2845 4580 2929 4626; x_wconf 86' lang='grc' dir='ltr'><strong>τις</strong></span> <span class='ocrx_word' id='word_1_785' title='bbox 2972 4562 3121 4633; x_wconf 81' lang='grc' dir='ltr'>παρὰ</span> <span class='ocrx_word' id='word_1_786' title='bbox 3151 4563 3258 4615; x_wconf 89' lang='grc' dir='ltr'><strong>τῶν</strong></span> <span class='ocrx_word' id='word_1_787' title='bbox 3289 4561 3537 4629; x_wconf 80' lang='grc' dir='ltr'>Πατέρων</span> <span class='ocrx_word' id='word_1_788' title='bbox 3562 4572 3683 4625; x_wconf 82' lang='grc' dir='ltr'>συμ-</span> 
     </span>
    </p>
   </div>
   <div class='ocr_carea' id='block_1_108' title="bbox 2139 4653 3687 4729">
    <p class='ocr_par' dir='ltr' id='par_1_108' title="bbox 2139 4653 3687 4729">
     <span class='ocr_line' id='line_1_108' title="bbox 2139 4653 3687 4729; baseline -0.02 2"><span class='ocrx_word' id='word_1_789' title='bbox 2139 4658 2436 4729; x_wconf 67' lang='grc' dir='ltr'>περιφορὰν</span> <span class='ocrx_word' id='word_1_790' title='bbox 2478 4658 2721 4728; x_wconf 81' lang='grc' dir='ltr'>διεκρίθη</span> <span class='ocrx_word' id='word_1_791' title='bbox 2762 4658 2824 4710; x_wconf 83' lang='grc' dir='ltr'><strong>τὸ</strong></span> <span class='ocrx_word' id='word_1_792' title='bbox 2855 4658 3233 4727; x_wconf 83' lang='grc' dir='ltr'>πλημμέλημα</span> <span class='ocrx_word' id='word_1_793' title='bbox 3266 4660 3329 4727; x_wconf 83' lang='grc' dir='ltr'>τῇ</span> <span class='ocrx_word' id='word_1_794' title='bbox 3360 4656 3538 4724; x_wconf 82' lang='grc' dir='ltr'>γενικῇ</span> <span class='ocrx_word' id='word_1_795' title='bbox 3567 4653 3687 4704; x_wconf 83' lang='grc' dir='ltr'>διαι-</span> 
     </span>
    </p>
   </div>
   <div class='ocr_carea' id='block_1_109' title="bbox 2144 4742 3687 4823">
    <p class='ocr_par' dir='ltr' id='par_1_109' title="bbox 2144 4742 3687 4823">
     <span class='ocr_line' id='line_1_109' title="bbox 2144 4742 3687 4823; baseline -0.003 -18"><span class='ocrx_word' id='word_1_796' title='bbox 2144 4752 2292 4823; x_wconf 89' lang='grc' dir='ltr'>ρέσει</span> <span class='ocrx_word' id='word_1_797' title='bbox 2319 4751 2493 4823; x_wconf 85' lang='grc' dir='ltr'>ταύτῃ</span> <span class='ocrx_word' id='word_1_798' title='bbox 2513 4766 2527 4780; x_wconf 91' lang='grc'><strong>·</strong></span> <span class='ocrx_word' id='word_1_799' title='bbox 2560 4751 2636 4812; x_wconf 84' lang='grc' dir='ltr'><strong>ὡς</strong></span> <span class='ocrx_word' id='word_1_800' title='bbox 2682 4749 2938 4820; x_wconf 88' lang='grc' dir='ltr'>πορνείαν</span> <span class='ocrx_word' id='word_1_801' title='bbox 2966 4750 3065 4819; x_wconf 86' lang='grc' dir='ltr'><strong>μὲν</strong></span> <span class='ocrx_word' id='word_1_802' title='bbox 3102 4748 3374 4818; x_wconf 85' lang='grc' dir='ltr'>λέγεσθαι,</span> <span class='ocrx_word' id='word_1_803' title='bbox 3407 4746 3501 4817; x_wconf 77' lang='grc' dir='ltr'>τὴν</span> <span class='ocrx_word' id='word_1_804' title='bbox 3536 4742 3687 4814; x_wconf 76' lang='grc' dir='ltr'>χωρὶς</span> 
     </span>
    </p>
   </div>
   <div class='ocr_carea' id='block_1_110' title="bbox 2141 4833 3684 4911">
    <p class='ocr_par' dir='ltr' id='par_1_110' title="bbox 2141 4833 3684 4911">
     <span class='ocr_line' id='line_1_110' title="bbox 2141 4833 3684 4911; baseline -0.005 -17"><span class='ocrx_word' id='word_1_805' title='bbox 2141 4841 2353 4903; x_wconf 84' lang='grc' dir='ltr'>ἀδικίας</span> <span class='ocrx_word' id='word_1_806' title='bbox 2383 4841 2571 4911; x_wconf 85' lang='grc' dir='ltr'>ἐτέρου</span> <span class='ocrx_word' id='word_1_807' title='bbox 2603 4840 2893 4911; x_wconf 85' lang='grc' dir='ltr'>γινομένην</span> <span class='ocrx_word' id='word_1_808' title='bbox 2929 4842 3034 4892; x_wconf 78' lang='grc' dir='ltr'>τινὶ</span> <span class='ocrx_word' id='word_1_809' title='bbox 3064 4842 3161 4909; x_wconf 88' lang='grc' dir='ltr'>τῆς</span> <span class='ocrx_word' id='word_1_810' title='bbox 3186 4839 3475 4909; x_wconf 86' lang='grc' dir='ltr'>ἐπιθυμίας</span> <span class='ocrx_word' id='word_1_811' title='bbox 3501 4833 3684 4901; x_wconf 76' lang='grc' dir='ltr'>ἐκπλή-</span> 
     </span>
    </p>
   </div>
   <div class='ocr_carea' id='block_1_111' title="bbox 2146 4924 3686 5003">
    <p class='ocr_par' dir='ltr' id='par_1_111' title="bbox 2146 4924 3686 5003">
     <span class='ocr_line' id='line_1_111' title="bbox 2146 4924 3686 5003; baseline -0.006 -18"><span class='ocrx_word' id='word_1_812' title='bbox 2146 4948 2341 5001; x_wconf 76' lang='grc' dir='ltr'>ρωσινο</span> <span class='ocrx_word' id='word_1_813' title='bbox 2396 4932 2640 5002; x_wconf 82' lang='grc' dir='ltr'>μοιχείαν</span> <span class='ocrx_word' id='word_1_814' title='bbox 2672 4933 2765 4997; x_wconf 88' lang='grc' dir='ltr'><strong>δὲ,</strong></span> <span class='ocrx_word' id='word_1_815' title='bbox 2806 4932 2903 5003; x_wconf 79' lang='grc' dir='ltr'>τὴν</span> <span class='ocrx_word' id='word_1_816' title='bbox 2946 4933 3242 5003; x_wconf 73' lang='grc' dir='ltr'>ἐπιϐουλήν</span> <span class='ocrx_word' id='word_1_817' title='bbox 3280 4948 3337 4984; x_wconf 79' lang='grc' dir='ltr'><strong>τε</strong></span> <span class='ocrx_word' id='word_1_818' title='bbox 3376 4932 3465 4984; x_wconf 74' lang='grc' dir='ltr'>καὶ</span> <span class='ocrx_word' id='word_1_819' title='bbox 3497 4924 3686 4982; x_wconf 85' lang='grc' dir='ltr'>ἀδικίαν</span> 
     </span>
    </p>
   </div>
   <div class='ocr_carea' id='block_1_112' title="bbox 2134 5017 3687 5098">
    <p class='ocr_par' dir='ltr' id='par_1_112' title="bbox 2134 5017 3687 5098">
     <span class='ocr_line' id='line_1_112' title="bbox 2134 5017 3687 5098; baseline -0.001 -22"><span class='ocrx_word' id='word_1_820' title='bbox 2134 5025 2227 5077; x_wconf 75' lang='grc' dir='ltr'>τοῦ</span> <span class='ocrx_word' id='word_1_821' title='bbox 2256 5025 2541 5097; x_wconf 87' lang='grc' dir='ltr'>ἀλλοτρίου</span> <span class='ocrx_word' id='word_1_822' title='bbox 2568 5041 2584 5055; x_wconf 78' lang='grc' dir='ltr'><strong><em>ο</em></strong></span> <span class='ocrx_word' id='word_1_823' title='bbox 2612 5026 2670 5078; x_wconf 85' lang='grc' dir='ltr'><strong>ἐν</strong></span> <span class='ocrx_word' id='word_1_824' title='bbox 2696 5025 2871 5098; x_wconf 83' lang='grc' dir='ltr'>ταύτῃ</span> <span class='ocrx_word' id='word_1_825' title='bbox 2901 5026 2957 5077; x_wconf 82' lang='grc' dir='ltr'>δὲ</span> <span class='ocrx_word' id='word_1_826' title='bbox 2985 5026 3083 5097; x_wconf 80' lang='grc' dir='ltr'><strong>τὴν</strong></span> <span class='ocrx_word' id='word_1_827' title='bbox 3125 5026 3457 5097; x_wconf 78' lang='grc' dir='ltr'>ζωοφθορίαν</span> <span class='ocrx_word' id='word_1_828' title='bbox 3490 5021 3577 5075; x_wconf 77' lang='grc' dir='ltr'>καὶ</span> <span class='ocrx_word' id='word_1_829' title='bbox 3600 5017 3687 5086; x_wconf 77' lang='grc' dir='ltr'>τὴν</span> 
     </span>
    </p>
   </div>
   <div class='ocr_carea' id='block_1_113' title="bbox 2137 5107 3677 5185">
    <p class='ocr_par' dir='ltr' id='par_1_113' title="bbox 2137 5107 3677 5185">
     <span class='ocr_line' id='line_1_113' title="bbox 2137 5107 3677 5185; baseline -0.003 -18"><span class='ocrx_word' id='word_1_830' title='bbox 2137 5116 2526 5185; x_wconf 87' lang='grc' dir='ltr'>παιδεραστίαν</span> <span class='ocrx_word' id='word_1_831' title='bbox 2565 5110 2702 5169; x_wconf 76' lang='grc' dir='ltr'>εἶναι</span> <span class='ocrx_word' id='word_1_832' title='bbox 2736 5116 3047 5185; x_wconf 79' lang='grc' dir='ltr'>λογίζονται</span> <span class='ocrx_word' id='word_1_833' title='bbox 3074 5133 3089 5147; x_wconf 76' lang='grc' dir='ltr'><strong>ο</strong></span> <span class='ocrx_word' id='word_1_834' title='bbox 3122 5117 3255 5170; x_wconf 83' lang='grc' dir='ltr'>διότι</span> <span class='ocrx_word' id='word_1_835' title='bbox 3284 5116 3376 5170; x_wconf 75' lang='grc' dir='ltr'>καὶ</span> <span class='ocrx_word' id='word_1_836' title='bbox 3411 5111 3573 5166; x_wconf 84' lang='grc' dir='ltr'>ταῦτα</span> <span class='ocrx_word' id='word_1_837' title='bbox 3600 5107 3677 5176; x_wconf 56' lang='lat'><strong>99:3-</strong></span> 
     </span>
    </p>
   </div>
   <div class='ocr_carea' id='block_1_114' title="bbox 2138 5198 3683 5282">
    <p class='ocr_par' dir='ltr' id='par_1_114' title="bbox 2138 5198 3683 5282">
     <span class='ocr_line' id='line_1_114' title="bbox 2138 5198 3683 5282; baseline -0.005 -23"><span class='ocrx_word' id='word_1_838' title='bbox 2138 5207 2274 5269; x_wconf 88' lang='grc' dir='ltr'>σεώς</span> <span class='ocrx_word' id='word_1_839' title='bbox 2306 5209 2424 5260; x_wconf 85' lang='grc' dir='ltr'>ἐστι</span> <span class='ocrx_word' id='word_1_840' title='bbox 2451 5208 2666 5278; x_wconf 88' lang='grc' dir='ltr'>μοιχεία</span> <span class='ocrx_word' id='word_1_841' title='bbox 2686 5225 2699 5237; x_wconf 88' lang='grc'><strong>·</strong></span> <span class='ocrx_word' id='word_1_842' title='bbox 2730 5210 2811 5271; x_wconf 78' lang='grc' dir='ltr'>εἰς</span> <span class='ocrx_word' id='word_1_843' title='bbox 2841 5211 2948 5280; x_wconf 80' lang='grc' dir='ltr'><strong>γὰρ</strong></span> <span class='ocrx_word' id='word_1_844' title='bbox 2973 5209 3032 5261; x_wconf 86' lang='grc' dir='ltr'><strong>τὸ</strong></span> <span class='ocrx_word' id='word_1_845' title='bbox 3055 5210 3329 5282; x_wconf 86' lang='grc' dir='ltr'>ἀλλότριόν</span> <span class='ocrx_word' id='word_1_846' title='bbox 3360 5225 3414 5260; x_wconf 88' lang='grc' dir='ltr'><strong>τε</strong></span> <span class='ocrx_word' id='word_1_847' title='bbox 3440 5205 3529 5259; x_wconf 80' lang='grc' dir='ltr'>καὶ</span> <span class='ocrx_word' id='word_1_848' title='bbox 3557 5198 3683 5269; x_wconf 72' lang='grc' dir='ltr'>παρὰ</span> 
     </span>
    </p>
   </div>
   <div class='ocr_carea' id='block_1_115' title="bbox 2138 5297 3686 5374">
    <p class='ocr_par' dir='ltr' id='par_1_115' title="bbox 2138 5297 3686 5374">
     <span class='ocr_line' id='line_1_115' title="bbox 2138 5297 3686 5374; baseline 0.001 -22"><span class='ocrx_word' id='word_1_849' title='bbox 2138 5301 2299 5369; x_wconf 91' lang='grc' dir='ltr'>φύσιν</span> <span class='ocrx_word' id='word_1_850' title='bbox 2318 5301 2525 5369; x_wconf 87' lang='grc' dir='ltr'>γίνεται</span> <span class='ocrx_word' id='word_1_851' title='bbox 2547 5304 2580 5373; x_wconf 80' lang='grc' dir='ltr'>ἡ</span> <span class='ocrx_word' id='word_1_852' title='bbox 2606 5302 2818 5355; x_wconf 86' lang='grc' dir='ltr'>ἀδικία·</span> <span class='ocrx_word' id='word_1_853' title='bbox 2841 5304 3046 5374; x_wconf 81' lang='grc' dir='ltr'>ταύτης</span> <span class='ocrx_word' id='word_1_854' title='bbox 3072 5305 3252 5358; x_wconf 87' lang='grc' dir='ltr'>τοίνυν</span> <span class='ocrx_word' id='word_1_855' title='bbox 3276 5304 3371 5371; x_wconf 83' lang='grc' dir='ltr'><strong>τῆς</strong></span> <span class='ocrx_word' id='word_1_856' title='bbox 3398 5297 3686 5367; x_wconf 77' lang='grc' dir='ltr'>διαιρέσεως</span> 
     </span>
    </p>
   </div>
   <div class='ocr_carea' id='block_1_116' title="bbox 2143 5388 3681 5466">
    <p class='ocr_par' dir='ltr' id='par_1_116' title="bbox 2143 5388 3681 5466">
     <span class='ocr_line' id='line_1_116' title="bbox 2143 5388 3681 5466; baseline -0.001 -22"><span class='ocrx_word' id='word_1_857' title='bbox 2143 5394 2234 5445; x_wconf 73' lang='grc' dir='ltr'><strong>καὶ</strong></span> <span class='ocrx_word' id='word_1_858' title='bbox 2278 5394 2336 5444; x_wconf 88' lang='grc' dir='ltr'><strong>ἐν</strong></span> <span class='ocrx_word' id='word_1_859' title='bbox 2382 5392 2559 5464; x_wconf 86' lang='grc' dir='ltr'>τούτῳ</span> <span class='ocrx_word' id='word_1_860' title='bbox 2585 5394 2660 5465; x_wconf 84' lang='grc' dir='ltr'>τῷ</span> <span class='ocrx_word' id='word_1_861' title='bbox 2712 5394 2842 5447; x_wconf 85' lang='grc' dir='ltr'>είδει</span> <span class='ocrx_word' id='word_1_862' title='bbox 2877 5395 2976 5464; x_wconf 80' lang='grc' dir='ltr'>τῆς</span> <span class='ocrx_word' id='word_1_863' title='bbox 3005 5396 3280 5466; x_wconf 80' lang='grc' dir='ltr'>ἁμαρτίας</span> <span class='ocrx_word' id='word_1_864' title='bbox 3315 5388 3681 5462; x_wconf 72' lang='grc' dir='ltr'>γεγενημένηςν</span> 
     </span>
    </p>
   </div>
   <div class='ocr_carea' id='block_1_117' title="bbox 2143 5482 3679 5559">
    <p class='ocr_par' dir='ltr' id='par_1_117' title="bbox 2143 5482 3679 5559">
     <span class='ocr_line' id='line_1_117' title="bbox 2143 5482 3679 5559; baseline 0.003 -22"><span class='ocrx_word' id='word_1_865' title='bbox 2143 5485 2402 5556; x_wconf 77' lang='grc' dir='ltr'>καθολικὴ</span> <span class='ocrx_word' id='word_1_866' title='bbox 2430 5488 2527 5556; x_wconf 86' lang='grc' dir='ltr'><strong>μέν</strong></span> <span class='ocrx_word' id='word_1_867' title='bbox 2556 5490 2669 5539; x_wconf 84' lang='grc' dir='ltr'>ἐστι</span> <span class='ocrx_word' id='word_1_868' title='bbox 2697 5487 2961 5557; x_wconf 77' lang='grc' dir='ltr'>θεραπεία</span> <span class='ocrx_word' id='word_1_869' title='bbox 2986 5489 3046 5541; x_wconf 77' lang='grc' dir='ltr'>τὸ</span> <span class='ocrx_word' id='word_1_870' title='bbox 3066 5489 3163 5559; x_wconf 78' lang='grc' dir='ltr'>τῆς</span> <span class='ocrx_word' id='word_1_871' title='bbox 3190 5485 3463 5559; x_wconf 83' lang='grc' dir='ltr'>ἐμπαθοῦς</span> <span class='ocrx_word' id='word_1_872' title='bbox 3484 5482 3679 5544; x_wconf 64' lang='grc' dir='ltr'>λύσσης,</span> 
     </span>
    </p>
   </div>
   <div class='ocr_carea' id='block_1_118' title="bbox 2144 5579 3682 5654">
    <p class='ocr_par' dir='ltr' id='par_1_118' title="bbox 2144 5579 3682 5654">
     <span class='ocr_line' id='line_1_118' title="bbox 2144 5579 3682 5654; baseline -0.005 -21"><span class='ocrx_word' id='word_1_873' title='bbox 2144 5579 2243 5649; x_wconf 71' lang='grc' dir='ltr'><strong>τῆς</strong></span> <span class='ocrx_word' id='word_1_874' title='bbox 2276 5580 2402 5651; x_wconf 65' lang='grc' dir='ltr'>περὶ</span> <span class='ocrx_word' id='word_1_875' title='bbox 2435 5583 2531 5645; x_wconf 68' lang='grc' dir='ltr'><strong>τὰς</strong></span> <span class='ocrx_word' id='word_1_876' title='bbox 2564 5583 2817 5645; x_wconf 76' lang='grc' dir='ltr'>τοιαύτας</span> <span class='ocrx_word' id='word_1_877' title='bbox 2859 5583 3073 5654; x_wconf 62' lang='grc' dir='ltr'>ἡδονὰς,</span> <span class='ocrx_word' id='word_1_878' title='bbox 3110 5583 3343 5654; x_wconf 79' lang='grc' dir='ltr'>καθαρὸν</span> <span class='ocrx_word' id='word_1_879' title='bbox 3374 5583 3434 5633; x_wconf 84' lang='grc' dir='ltr'><strong>ἐκ</strong></span> <span class='ocrx_word' id='word_1_880' title='bbox 3470 5589 3682 5647; x_wconf 74' lang='grc' dir='ltr'>μεταμε-</span> 
     </span>
    </p>
   </div>
   <div class='ocr_carea' id='block_1_119' title="bbox 1093 5730 2264 5802">
    <p class='ocr_par' dir='ltr' id='par_1_119' title="bbox 1093 5730 2264 5802">
     <span class='ocr_line' id='line_1_119' title="bbox 1093 5730 2264 5802; baseline 0.003 -16"><span class='ocrx_word' id='word_1_881' title='bbox 1093 5733 1135 5766; x_wconf 83' lang='grc'><strong><em>⁶⁹</em></strong></span> <span class='ocrx_word' id='word_1_882' title='bbox 1164 5731 1184 5786; x_wconf 89' lang='lat' dir='ltr'>l</span> <span class='ocrx_word' id='word_1_883' title='bbox 1212 5730 1455 5787; x_wconf 80' lang='lat' dir='ltr'><strong>Thessal.</strong></span> <span class='ocrx_word' id='word_1_884' title='bbox 1497 5748 1568 5800; x_wconf 83' lang='lat' dir='ltr'><strong>iv,</strong></span> <span class='ocrx_word' id='word_1_885' title='bbox 1612 5734 1664 5787; x_wconf 72' lang='lat'><strong>4.</strong></span> <span class='ocrx_word' id='word_1_886' title='bbox 1731 5733 1773 5765; x_wconf 80' lang='grc' dir='ltr'><strong>⁷ο</strong></span> <span class='ocrx_word' id='word_1_887' title='bbox 1811 5734 2020 5791; x_wconf 87' lang='lat' dir='ltr'><strong>Ecclcs.</strong></span> <span class='ocrx_word' id='word_1_888' title='bbox 2064 5750 2139 5802; x_wconf 80' lang='lat' dir='ltr'><strong>ix,</strong></span> <span class='ocrx_word' id='word_1_889' title='bbox 2182 5736 2264 5789; x_wconf 72' lang='lat'><strong>12.</strong></span> 
     </span>
    </p>
   </div>
  </div>
