3766 6198
122 200 249 267 309

120 402 517 472 μοὶυνθέντων
540 447 555 472 ,
585 407 768 462 ἀδικία
798 428 881 474 τις
929 417 995 484 τῇ
1047 416 1289 488 ἁμαρτίᾳ
1323 421 1494 494 ταύτῃ
1530 424 1589 477 ού
1624 402 1723 478 καί·

119 494 515 565 ταμέμικταιο
544 496 633 551 διὰ
680 499 839 553 τοῦτο
887 502 1185 561 διπλασίων
1236 509 1444 582 ὡρίσθη
1475 514 1572 584 τῆς
1606 518 1725 569 ἐπι-

117 587 381 655 στροφῆς
432 587 462 639 ό
511 589 700 659 χρόνος
726 594 837 656 τοῖς
869 596 924 645 ἐν
958 600 1175 670 μοιχείᾳ
1224 603 1494 669 μιανθείσι
1530 608 1624 660 καὶ
1664 610 1721 660 ἐν

42 706 46 714 -
117 680 245 740 τοῖς
291 679 765 751 ἀπηγορευμένοις
806 689 1018 754 κακοῖς,
1057 689 1365 764 ζωοφθορίᾳ
1411 698 1471 748 τε
1520 698 1613 752 καὶ
1653 702 1717 770 τῇ

112 770 277 822 κατὰ
304 770 398 823 τοῦ
426 771 655 843 ἄρρενος
686 775 857 849 λύσσῃ
882 794 896 809 ο
937 780 1351 848 διπλασιάζεται
1377 788 1507 858 γὰρ,
1543 790 1618 853 ὡς
1642 787 1720 844 εἷ-

110 877 254 925 πον,
285 863 380 915 ἐπὶ
428 864 537 916 τῶν
579 868 838 922 τοιούτων
870 873 903 941 ἠ
938 874 1215 944 ἁμαρτία,
1253 878 1349 948 μία
1383 882 1481 950 μὲν
1510 885 1541 953 ή
1577 887 1717 940 κατά

112 950 228 1019 τὴν
251 953 494 1022 ἄθεσμον
522 955 733 1028 ἡδονὴν,
765 961 929 1030 ἑτέρα
958 965 1015 1017 δὲ
1062 967 1095 1035 ἡ
1136 968 1279 1022 κατὰ
1307 972 1405 1042 τὴν
1435 950 1540 1026 1:05-
1558 976 1715 1031 ἀλλο-

108 1044 280 1112 τρίου
329 1046 542 1100 ἀδικίαν
587 1055 983 1125 συνισταμένη·
1020 1058 1256 1130 διαφορά
1283 1063 1337 1114 δέ
1370 1064 1452 1127 τίς
1482 1068 1630 1121 ἐστιν
1659 1072 1715 1122 ἐν

105 1136 201 1203 τῷ
247 1137 391 1205 λόγῳ
444 1140 545 1207 τῆς
599 1147 883 1211 μετανοίας
930 1150 1023 1202 καὶ
1072 1152 1166 1205 ἐπὶ
1218 1155 1324 1207 τῶν
1372 1159 1493 1210 καθ’
1522 1161 1714 1231 ἡδονὴν

104 1225 596 1296 πλημμελούντων
621 1236 874 1307 τοιαύτην
892 1254 906 1268 ·
934 1240 962 1291 ὁ
988 1241 1085 1309 μὲν
1117 1244 1223 1315 γὰρ
1246 1246 1339 1315 ἀφ’
1360 1225 1557 1302 ἑαυτοῦ
1582 1225 1716 1321 πρός

105 1318 223 1385 τὴν
269 1321 623 1391 ἐξαγόρευσιν
671 1327 770 1396 τῆς
818 1329 1092 1401 ἁμαρτίας
1139 1335 1420 1407 ὁρμήσας,
1458 1318 1714 1413 αύτῴτῴ

104 1412 523 1477 καταδέξασθαι
553 1416 621 1469 δι’
648 1421 853 1484 οἰκείας
896 1423 1075 1493 ὁρμῆς
1126 1429 1378 1494 γενέσθαι
1424 1432 1532 1486 τῶν
1577 1412 1711 1503 κρυ-

103 1502 261 1569 φίων
292 1505 619 1575 κατήγορος,
653 1509 727 1573 ὡς
759 1512 858 1583 ἤδη
904 1516 1002 1583 τῆς
1054 1516 1350 1587 θεραπείας
1382 1525 1472 1575 τοῦ
1507 1526 1711 1591 πάθους

100 1594 449 1665 ἀρξάμενος,
480 1599 575 1652 καὶ
606 1605 828 1671 σημεῖον
859 1604 957 1675 τῆς
991 1608 1128 1676 πρὸς
1170 1611 1231 1663 τὸ
1275 1616 1521 1683 κρεῖττον
1553 1635 1713 1687 μετα-

893 212 1295 277 SYNTAGMA
1331 220 1720 284 CANONUM.
1752 251 1820 261 —
1850 229 1997 289 TlT.
2035 233 2139 307 Ix,
2179 237 2340 302 CAP.
2372 218 2643 306 xxxrxi

122 309 289 372 Λείας
316 310 569 377 γενέσθαι
596 312 688 367 τὸν
717 314 1003 387 ἄνθρωπον
1020 338 1032 351 ·
1053 324 1177 376 ἐπεὶ
1199 326 1255 378 δὲ
1280 326 1389 381 τῶν
1408 328 1465 381 ὲν
1496 334 1722 403 πορνείᾳ
1749 336 1796 395 Α

1825 353 1997 406 purus
2022 343 2321 417 elliciatur;
2350 355 2441 409 sed
2469 357 2594 425 quia
2621 372 2813 415 eorum
2842 363 2935 432 qui
2964 365 3019 421 in
3048 367 3413 435 fornicatione

1826 432 2018 501 polluti
2061 451 2219 505 sunt,
2254 438 2454 512 injuria
2498 450 2677 518 aliqua
2722 468 2846 507 cum
2892 458 2995 514 hoc
3036 476 3259 531 peccato
3300 485 3409 527 non

1825 528 2111 583 commista
2141 542 2253 596 est,
2285 548 2566 607 propterea
2600 543 2823 612 duplum
2857 556 3236 612 conversionis
3268 570 3407 615 tem-

1823 629 1925 683 pus
1971 618 2038 673 iis
2081 627 2455 695 praescriptum
2490 643 2574 685 est
2610 635 2702 702 qui
2739 636 2790 690 in
2828 640 3099 699 adulterio
3134 647 3403 719 inquinati

1824 716 1978 776 sunt;
2031 720 2085 767 et
2131 714 2183 767 in
2230 718 2352 771 aliis
2396 720 2581 777 itidem
2632 729 2809 784 vetitis
2859 734 3042 800 malis,
3081 740 3399 797 animalium

1827 800 1994 869 initu,
2024 812 2078 858 et
2108 808 2263 861 rabie
2305 812 2358 864 in
2402 817 2698 873 masculos.
2732 819 2786 873 In
2833 822 2900 878 iis
2939 828 3116 893 enim,
3153 842 3209 884 ut
3241 833 3407 904 329

1822 891 1956 958 dixi,
1984 908 2264 963 peccatum
2298 902 2634 973 duplicatur;
2664 926 2831 964 unum
2864 917 3080 983 quidem
3106 891 3185 991 [in

1822 991 1876 1035 ct
1909 982 2115 1040 nefaria
2151 990 2457 1059 voluptate;
2497 998 2726 1053 alterum
2766 982 2972 1076 autem]
3014 982 3157 1075 qudd
3202 1014 3401 1080 injuria

1822 1086 1943 1142 qua:
1980 1078 2037 1129 lit
2070 1079 2258 1141 alteri,
2290 1086 2563 1139 consistit.
2597 1088 2693 1142 Est
2730 1101 2909 1148 autem
2955 1102 3201 1164 quaedam
3248 1078 3401 1158 δῆσε-

1822 1169 1993 1221 rentia
2042 1170 2093 1223 in
2141 1174 2350 1229 ratione
2394 1180 2728 1245 ptenitentiae
2769 1185 2823 1239 in
2877 1188 2946 1242 iis
2992 1193 3085 1259 qui
3126 1196 3400 1265 voluptate

1817 1271 2143 1327 peccarunt,
2172 1266 2467 1333 ejusmodi.
2502 1270 2605 1336 Qui
2646 1274 2790 1327 enim
2833 1294 2898 1332 ex
2940 1295 2998 1334 se
3042 1284 3160 1350 ipso
3196 1289 3261 1339 ad
3300 1306 3397 1344 sua

1817 1351 2137 1418 proferenda
2162 1368 2380 1426 peccata
2406 1362 2673 1431 impulsus
2698 1377 2801 1433 est,
2822 1386 2886 1423 eo
2912 1374 3058 1441 quod
3084 1392 3179 1430 sua
3208 1395 3399 1447 sponte

1814 1446 2148 1500 occultorum
2205 1461 2493 1507 accusator
2544 1470 2667 1511 esse
2718 1462 2977 1528 voluerit,
3032 1476 3091 1520 ut
3139 1472 3231 1537 qui
3280 1470 3392 1540 jam

1814 1535 2082 1591 aﬂ‘ectioni
2128 1543 2453 1597 medicinam
2499 1548 2758 1604 adhibere
2798 1557 3055 1623 coeperit,
3091 1535 3395 1632 etsignmn

1815 1627 2133 1682 mutationis
2169 1630 2222 1682 in
2256 1632 2305 1685 id
2342 1634 2489 1702 quod
2520 1648 2605 1691 est
2632 1641 2821 1696 melius
2849 1649 3174 1714 ostenderit,
3209 1627 3260 1706 in
3293 1657 3395 1710 nii—

101 1683 285 1754 ϐολῆς
341 1688 774 1760 ἐπιδειξάμενος,
806 1696 864 1747 ἐν
917 1696 1450 1773 φιλανθρωποτέροις
1500 1707 1586 1774 γίν

101 1779 224 1815 φνιῒι-
257 1779 586 1815 ἐροηηηῖιηρο
619 1786 645 1815 Α
676 1784 729 1815 λλ
762 1789 1034 1815 .-.ιλμιμὶρ
1081 1794 1164 1815 ι-ὶ
1213 1795 1281 1815 ,με
1328 1813 1356 1815 η
1448 1798 1470 1809 ι-
1552 1800 1573 1815 κ

2284 1683 2303 1685 ν
2347 1683 2489 1702 Ἰτ-..
2525 1683 2605 1691 ,η
2632 1683 2821 1696 ...νημυ
2849 1683 3174 1714 υοιυιιυυΙΙι,
3209 1683 3260 1706 Ill
3293 1683 3388 1710 Illl‘

1813 1716 2044 1774 tioribus
2073 1722 2251 1789 pretiis
2284 1736 2556 1782 versatur.
2588 1729 2691 1795 Qui
2724 1743 2903 1789 autem
2940 1739 2993 1791 in
3027 1744 3167 1795 malo
3197 1746 3388 1815 depre-

98 1779 224 1840 τοίς
256 1779 586 1850 ἐπιτιμίοις·
619 1786 646 1837 ὁ
676 1784 731 1837 δὲ
762 1789 1034 1856 φωραθεὶς
1078 1794 1169 1845 ἐπὶ
1211 1795 1286 1864 τῷ
1325 1798 1502 1868 κακῷ,
1546 1800 1579 1869 ἦ
1621 1800 1709 1865 διά

98 1889 260 1935 τινος
305 1875 565 1943 ὑποψίας,
597 1876 629 1947 ἦ
659 1881 996 1950 κατηγορίας
1024 1884 1296 1950 ἀκουσίως
1322 1888 1618 1960 ἐλεγχθεὶς,
1651 1895 1707 1946 ἐν

100 1966 525 2040 ὲπιτεταγμένῃ
575 1970 781 2035 γίνεται
815 1977 879 2044 τῇ
912 1977 1247 2050 ἐπιστροφῇ·
1285 1981 1425 2036 ὥστε
1471 1984 1703 2055 καθαριο

100 2056 315 2112 σθέντα
345 2060 413 2113 δι’
443 2061 728 2130 ἀκριϐείας
761 2066 947 2128 αὐτὸν,
973 2068 1143 2133 οὕτως
1167 2072 1257 2124 ἐπὶ
1291 2078 1388 2144 τὴν
1418 2076 1526 2128 τῶν
1551 2079 1706 2142 ἁγια-

100 2150 344 2217 σμάτων
386 2152 673 2204 κοινωνίαν
706 2156 1114 2228 παραδεχθῆναι
1137 2177 1148 2188 ·
1189 2160 1305 2215 ἐστι
1335 2165 1513 2221 τοίνυν
1543 2169 1570 2219 ὁ
1603 2185 1703 2221 κα-

94 2239 216 2293 νὼν
257 2242 498 2305 τοιοῦτος
520 2285 532 2307 ,
565 2244 705 2298 ὥστε
734 2248 859 2312 τοὺς
886 2250 945 2302 ὲν
980 2254 1205 2324 πορνείᾳ
1233 2255 1614 2325 μολυνθὲντας,
1644 2263 1701 2313 ἐν

93 2334 261 2401 τρισὶ
295 2334 414 2402 μὲν,
440 2337 538 2405 τῆς
565 2337 879 2407 ἀκροάσεως
912 2343 1161 2413 μετέχειν
1194 2348 1394 2418 μόνης·
1436 2352 1493 2403 ἐν
1523 2352 1701 2416 ἄλλοις

133 2429 161 2478 ὲ
187 2432 367 2497 τρισὶν
390 2428 533 2481 ἔτεσι
577 2430 710 2499 μετὰ
738 2432 842 2485 τῶν
865 2437 923 2487 ὲν
948 2438 1013 2506 τῇ
1031 2438 1331 2510 ἐπιστροφῇ
1366 2443 1700 2498 ὑποπιπτόν-

94 2536 217 2571 των
256 2522 677 2590 προσεύχεσθαι,
719 2525 813 2577 καὶ
842 2526 960 2579 τότε
999 2530 1250 2600 μετέχειν
1283 2532 1392 2586 τῶν
1421 2537 1699 2605 ἁγιασμά-

93 2625 247 2661 των·
285 2611 378 2662 ἐπὶ
407 2610 463 2662 δὲ
496 2612 604 2665 τῶν
645 2616 1061 2688 σπουδαιότερον
1092 2623 1446 2692 κεχρημένων
1480 2628 1542 2696 τῇ
1577 2628 1697 2680 ὲπιο

98 2703 343 2770 στροφῇ,
377 2703 471 2754 καὶ
506 2702 584 2772 τῷ
617 2703 716 2774 βίῳ
748 2706 1072 2763 δεικνύντων
1099 2710 1195 2781 τὴν
1230 2713 1367 2784 πρὸς
1399 2716 1458 2767 τὸ
1493 2717 1697 2784 ἀγαθὸν

94 2793 389 2855 ἐπάνοδον,
419 2794 595 2858 ἔξεστι
626 2796 702 2866 τῷ
734 2800 1103 2869 οἰκονομοῦντι
1145 2804 1280 2875 πρὸς
1324 2806 1384 2859 τὸ
1419 2810 1696 2879 συμφέρον

94 2887 171 2955 τῇ
204 2885 633 2958 ἐκκλησιαστικῇ
659 2892 939 2964 οἰκονομίᾳ
965 2898 1249 2965 συντεμείν
1271 2896 1361 2950 τὸν
1383 2902 1571 2970 χρόνον
1598 2902 1694 2972 τῆς

94 2978 447 3047 ἀκροάσεως,
480 2982 574 3033 καὶ
602 2981 789 3052 τάχιον
816 2986 896 3048 είς
931 2988 1263 3059 ἐπιστροφὴν
1288 2990 1515 3060 ἀγαγεῖν
1540 3009 1553 3023 ⁸
1599 2997 1694 3049 καὶ

95 3069 274 3121 πάλιν
321 3072 413 3122 καὶ
455 3072 645 3125 τοῦτον
687 3078 968 3143 συντεμεῖν
999 3079 1091 3130 τὸν
1118 3080 1329 3151 χρόνον,
1362 3084 1458 3136 καὶ
1503 3084 1690 3154 τάχιον

97 3157 401 3213 ἀποδοῦναι
432 3163 529 3228 τὴν
561 3162 866 3228 κοινωνίαν,
899 3165 1045 3228 ὅπως
1089 3165 1156 3219 ἂν
1202 3170 1267 3237 τῇ
1299 3169 1494 3221 ἑαυτοῦ
1539 3171 1689 3225 δοκι·-

100 3250 282 3321 μασίᾳ
315 3252 557 3322 ὲγκρίνοι
596 3254 693 3323 τὴν
723 3255 815 3308 τοῦ
849 3254 1287 3329 θεραπευομένου
1322 3262 1686 3321 κατάστασιντ

97 3341 299 3412 ὥσπερ
327 3346 437 3413 γὰρ
476 3346 537 3396 τὸ
568 3347 679 3408 τοῖς
716 3346 919 3417 χοίροις
952 3349 1165 3420 ῥίπτειν
1206 3351 1296 3406 τὸν
1341 3355 1689 3425 μαργαρίτην

96 3434 420 3504 ἀπείρηται,
452 3434 623 3499 οὕτως
656 3437 717 3490 τὸ
746 3441 1070 3511 ἀποστερεῖν
1096 3442 1188 3495 τοῦ
1210 3444 1391 3513 τιμίου
1419 3446 1692 3514 μαργαρί-

95 3542 193 3579 του
242 3526 332 3578 τὸν
372 3526 472 3597 Ιἤδη
511 3528 795 3597 ἄνθρωπον
825 3531 912 3585 διὰ
956 3532 1057 3601 τῆς
1102 3533 1472 3607 καθαρότητός
1502 3554 1560 3589 τε
1596 3539 1689 3591 καὶ⁹

94 3616 373 3680 ἀπαθείας
416 3619 727 3689 γενόμενον,
764 3622 873 3677 τῶν
912 3625 1127 3679 ἀτόπων
1176 3626 1352 3679 ἐστίν’
1387 3629 1420 3699 η
1459 3627 1515 3680 δὲ
1547 3629 1688 3684 κατὰ

99 3711 353 3780 μοιχείαν
402 3713 522 3782 ἦτοι
569 3716 710 3769 κατὰ
743 3716 811 3770 τὰ
849 3717 1011 3771 λοιπὰ
1049 3718 1164 3789 εἴδη
1202 3721 1300 3791 τῆς
1340 3722 1686 3795 ἀκαθαρσίας

96 3804 366 3875 γενομένη
400 3808 735 3878 παρανομία,
760 3809 945 3873 καθὼς
970 3812 1313 3884 προείρηται,
1348 3818 1489 3875 κατά
1508 3817 1685 3871 πάντα

96 3896 154 3946 ὲν
183 3894 262 3965 τῷ
290 3896 439 3967 αὐτῷ
463 3899 691 3968 κρίματι
721 3900 1212 3971 θεραπευθήσεται,
1232 3904 1289 3955 ὲν
1311 3897 1354 3971 ᾧ
1375 3906 1471 3959 καὶ
1503 3905 1560 3958 τὸ
1585 3911 1683 3978 τῆς

98 3987 355 4058 πορνείας
400 3988 569 4056 ἄγος’
615 3990 692 4060 τῷ
735 3991 791 4045 δὲ
837 3992 1013 4063 χρόνῳ
1052 3995 1200 4064 μόνῳ
1231 3996 1641 4061 διπλασιάζεται
1666 4016 1679 4030 ο

96 4078 625 4147 παρατηρηθήσεται
649 4079 705 4132 δὲ
737 4082 829 4133 καὶ
850 4082 933 4133 ἐπ’
958 4082 1107 4152 αὐτῷ
1139 4085 1170 4153 ἡ
1199 4084 1289 4137 τοῦ
1319 4086 1682 4182 θεραπευομέ·

93 4185 185 4221 νον
220 4168 479 4234 διάθεσις,
503 4170 561 4223 ὃν
583 4173 779 4241 τρόπον
806 4175 899 4226 καὶ
936 4174 1027 4226 ἐπὶ
1060 4175 1168 4227 τῶν
1198 4176 1275 4247 τῷ
1301 4168 1560 4249 μολυσμῷ
1583 4181 1680 4249 τῆς

94 4259 352 4329 πορνείας
397 4264 820 4332 συνενεχθέντων
841 4279 855 4292 ⁸
892 4265 1032 4319 ὥστε
1062 4267 1095 4339 ἢ
1129 4267 1321 4324 θᾶττον
1352 4270 1384 4343 ἢ
1418 4272 1678 4342 βραδύτε-

96 4368 188 4423 ρον
211 4353 472 4420 γενέσθαι
500 4356 680 4419 αὐτοῖς
706 4356 804 4427 τῆν
839 4357 933 4411 τοῦ
968 4359 1172 4428 ἀγαθοῦ
1198 4362 1511 4431 μετουσίαν.

161 4444 227 4497 δ’.
258 4445 523 4499 Λείπεται
552 4447 687 4518 πρὸς
712 4449 920 4512 τούτοις
957 4452 1019 4504 τὸ
1053 4452 1332 4523 θυμοειδὲς
1371 4455 1471 4525 τῆς
1495 4456 1671 4528 ψυχῆς

93 4536 380 4607 προθεῖναι
435 4538 516 4601 είς
587 4536 857 4605 ἐξέτασιν,
907 4542 1035 4596 ὅταν
1094 4545 1512 4614 παρασφαλεῖσα
1575 4548 1675 4616 τῆς

92 4628 304 4699 ἀγαθῆς
356 4629 450 4683 τοῦ
486 4630 658 4700 θυμοῦ
688 4632 954 4704 χρήσεως,
985 4635 1067 4698 είς
1118 4635 1394 4707 ἁμαρτίαν
1420 4639 1628 4713 ἐκπέσῃ
1648 4657 1661 4671 ·

93 4718 302 4772 πολλῶν
321 4719 381 4773 δὲ
407 4719 578 4773 όντων
603 4720 711 4772 τῶν
737 4722 880 4775 κατὰ
917 4722 1081 4793 θυμὸν
1113 4726 1192 4789 εἰς
1221 4726 1494 4797 ἁμαρτίαν
1526 4728 1672 4801 ἐνερο

88 4812 391 4882 γουμένων,
437 4811 531 4864 καὶ
562 4812 777 4867 πάντων
811 4814 1017 4879 κακῶν,
1072 4815 1238 4886 ῆρεσέ
1271 4835 1386 4880 πως
1417 4823 1526 4882 τοῖς
1552 4818 1668 4874 Πα-

86 4906 280 4975 τράσιν
327 4902 509 4972 ἡμῶν,
563 4904 621 4955 ὲν
669 4906 784 4968 τοῖς
814 4905 993 4968 ἄλλοις
1041 4906 1116 4976 μὴ
1146 4908 1267 4962 λίαν
1298 4911 1670 4981 ἀκριϐολογεῖ-

88 5000 233 5059 σθαι,
288 4996 424 5065 μηδὲ
475 4997 675 5064 πολλῆς
717 4998 864 5061 ἄξιον
912 5000 1161 5068 ἡγεῖσθαι
1194 5005 1449 5073 σπουδῆς,
1481 5007 1540 5058 τὸ
1576 5005 1665 5058 θε-

84 5085 347 5158 ραπεύειν
377 5087 552 5140 πάντα
575 5090 643 5140 τὰ
668 5090 731 5140 ὲκ
753 5089 845 5141 τοῦ
874 5090 1045 5159 θυμοῦ
1074 5093 1518 5164 παραπτώματα·
1546 5098 1665 5151 καί·

80 5198 163 5233 τοι
189 5197 253 5248 γε
286 5179 385 5247 τῆς
424 5178 649 5248 Γραφῆς
680 5179 740 5230 οὐ
775 5179 934 5249 μόνον
965 5180 1063 5251 τὴν
1089 5180 1248 5251 ψιλὴν
1279 5184 1658 5256 ἀπαγορευού-

84 5289 182 5340 σης
236 5270 475 5339 πληγὴν,
532 5268 669 5322 ἀλλὰ
716 5270 811 5323 καὶ
842 5272 1020 5324 πᾶσαν
1054 5271 1317 5342 λοιδορίαν
1352 5274 1383 5345 ἣ
1422 5274 1663 5347 βλασφη-

84 5364 232 5433 μίαν,
287 5365 382 5415 καὶ
412 5364 539 5415 εἴτι
569 5363 697 5416 ἄλλο
726 5363 963 5417 τοιοῦτον
991 5367 1018 5416 ὁ
1048 5363 1215 5435 θυμὸς
1254 5368 1624 5438 ἀπεργάζεται
1644 5389 1657 5401 ·

84 5456 242 5526 μόνον
271 5453 326 5507 δὲ
358 5453 453 5506 τοῦ
481 5457 621 5508 κατὰ
647 5456 737 5509 τὸν
768 5456 935 5523 φόνον,
954 5457 1119 5524 ἄγους
1141 5458 1237 5527 τὴν
1266 5460 1660 5533 παραφυλακὴν

80 5550 406 5619 ἐποιήσαντο
468 5548 557 5600 διὰ
610 5549 716 5600 τῶν
780 5551 1108 5620 ἐπιτιμίωνο
1171 5551 1423 5623 διῄρηται
1481 5556 1537 5609 δὲ
1600 5559 1659 5611 τὸ

76 5640 312 5698 conﬁsae
365 5640 537 5693 κακὸν
587 5644 653 5712 τῇ
714 5642 946 5712 διαφορᾷ
997 5643 1093 5696 τοῦ
1158 5645 1409 5701 ἑκουσίου
1440 5667 1499 5703 τε
1563 5653 1658 5706 καὶ

392 5733 665 5795 Ριιτιιοι.
700 5733 814 5795 Gn.
854 5735 1009 5800 CIV.

1812 1807 2019 1863 liensus
2063 1821 2178 1878 est,
2214 1815 2296 1868 vel
2347 1828 2564 1887 propter
2603 1824 2841 1892 aliquam
2896 1833 3264 1900 suspicionem
3309 1842 3393 1895 \‘t’l

1809 1902 2215 1959 accusationem
2252 1908 2308 1962 in
2351 1912 2542 1978 gratiis
2571 1917 2855 1972 convictus
2901 1934 3014 1990 est,
3052 1926 3266 1997 longius
3313 1932 3391 1986 illi

1807 1997 2183 2052 conversionis
2218 2009 2432 2070 tempus
2462 2005 2651 2071 datur,
2686 2018 2745 2063 ut
2774 2010 2889 2080 ipse
2920 2018 3155 2083 perfecte
3188 2038 3389 2093 purga-

1808 2093 1892 2138 tus
1911 2128 1925 2150 ,
1955 2088 2036 2143 sic
2065 2090 2133 2144 ad
2163 2106 2627 2151 sacramentorum
2658 2108 3097 2163 communionem
3130 2114 3389 2171 admitta-

1807 2185 1917 2231 tur.
1939 2176 2035 2233 Est
2063 2196 2193 2252 ergo
2219 2199 2393 2240 canon
2426 2188 2717 2261 ejusmodi,
2742 2206 2799 2250 ut
2825 2200 2917 2266 qui
2945 2200 2999 2255 in
3026 2202 3388 2265 l'ornloatione

1804 2272 1999 2339 polluti
2043 2285 2199 2338 sunt,
2241 2277 2294 2330 in
2337 2281 2514 2337 tribus
2561 2286 2779 2354 quidem
2824 2295 2986 2347 annis
3026 2298 3095 2350 ab
3138 2304 3387 2359 oratione

1803 2362 2027 2417 omnino
2074 2368 2446 2434 expellantur;
2501 2373 2553 2427 in
2606 2377 2781 2432 tribus
2828 2392 3010 2437 autem
3060 2388 3169 2442 sint
3212 2393 3386 2449 solius

1801 2453 2096 2511 auditionis
2131 2460 2441 2530 participes,
2470 2464 2523 2518 in
2559 2468 2731 2523 tribus
2763 2480 2943 2529 autem
2978 2479 3121 2545 aliis,
3153 2498 3275 2537 cum
3315 2488 3384 2542 iis

1801 2546 1892 2612 qui
1949 2547 2003 2600 in
2053 2554 2414 2608 conversione
2465 2558 2924 2631 substernuntur,
2972 2584 3285 2641 precentur,
3331 2591 3385 2633 et

1802 2646 1929 2692 tunc
1977 2639 2088 2693 sint
2132 2658 2598 2704 sacramentorum
2642 2657 2950 2723 participes.
2987 2662 3044 2715 ln
3089 2666 3157 2719 iis
3201 2678 3382 2725 autem

1799 2732 1890 2797 qui
1921 2731 2253 2802 diligentiori
2284 2741 2642 2797 conversione
2675 2750 2757 2801 usi
2792 2750 3023 2819 fuerint,
3056 2766 3109 2809 et
3141 2761 3279 2824 vita,
3312 2763 3383 2817 ad

1801 2822 1851 2874 id
1896 2825 2040 2891 quod
2080 2826 2283 2882 bonum
2325 2840 2435 2898 est,
2472 2837 2705 2891 reditum
2754 2844 3122 2912 ostenderint,
3160 2822 3286 2907 licet
3328 2857 3380 2911 ei

1798 2912 1889 2980 qui
1914 2914 2210 2984 dispensat,
2237 2935 2334 2988 pro
2365 2924 2749 2982 ecclesiastica:
2774 2942 3095 2993 oeconomiae
3124 2945 3377 3014 utilitate,

1802 3012 2015 3074 tempus
2049 3010 2377 3080 auditionis,
2408 3020 2764 3087 contrahere,
2794 3034 2848 3078 et
2877 3030 3109 3087 celerius
3141 3036 3207 3088 ad
3244 3053 3378 3093 cen—

1798 3098 2102 3153 vcrsionem
2134 3102 2398 3159 deducere
2429 3124 2442 3159 :
2472 3120 2526 3161 et
2552 3126 2747 3169 rursus
2779 3117 2882 3172 hoc
2911 3136 3128 3192 quoque
3163 3135 3376 3197 tempus

1792 3189 2149 3255 contrahere,
2178 3202 2234 3248 et
2270 3195 2503 3252 celerius
2542 3207 2985 3264 communionem
3026 3217 3279 3283 reddere,
3317 3231 3377 3279 ut

1792 3293 1889 3332 sua
1919 3280 2259 3349 probatione,
2285 3287 2403 3355 ejus
2429 3290 2514 3343 cui
2543 3296 2748 3349 medela
2774 3300 3078 3368 adhibetur,
3110 3313 3379 3368 constitu-

1792 3369 1993 3424 tionem
2023 3373 2308 3442 dijudicet.
2339 3378 2806 3445 Quemadmodum
2838 3395 2983 3447 enim
3016 3403 3197 3465 porcis
3227 3419 3374 3459 mar-

1792 3465 1999 3531 gat-itas
2026 3468 2293 3537 projicere
2322 3483 2406 3527 est
2436 3478 2682 3543 vetitum,
2712 3481 2783 3534 ita
2813 3496 2866 3537 et
2896 3490 3128 3554 pretiosa
3159 3510 3374 3566 marga-

1790 3555 1891 3610 rita
1938 3558 2149 3625 privare
2194 3577 2319 3617 eum
2355 3567 2446 3633 qui
2480 3568 2591 3637 jam
2632 3586 2724 3640 per
2755 3576 3134 3637 alienationem
3174 3603 3203 3640 a
3240 3591 3372 3645 vitio

1788 3656 1841 3701 et
1868 3653 2245 3720 purgationem
2273 3658 2437 3714 homo
2465 3663 2537 3716 sit
2564 3663 2761 3731 factus,
2785 3669 3085 3728 absurdum
3113 3687 3213 3731 est.
3239 3681 3372 3746 Quae

1787 3747 1968 3792 autem
2002 3740 2054 3793 in
2087 3744 2356 3802 adulterio
2384 3758 2439 3803 et
2470 3751 2521 3803 in
2555 3755 2782 3823 reliquis
2813 3759 3170 3820 inmunditiae
3202 3784 3369 3837 gene-

1788 3828 1939 3883 ribus
1972 3830 2028 3884 lit
2059 3832 2339 3904 iniquitas,
2369 3847 2429 3892 ut
2453 3842 2659 3900 dictum
2688 3857 2793 3912 est,
2821 3854 3011 3906 eodem
3036 3828 3366 3929 330vjudi-

1785 3923 1870 3974 cio
1896 3927 2147 3991 punietur
2170 3945 2279 3997 quo
2304 3941 2357 3986 et
2382 3933 2754 3994 fornicationis
2776 3944 2975 4009 scelus,
3000 3951 3092 4003 sed
3122 3959 3365 4022 tempore

1783 4010 2170 4079 duplicabitur.
2203 4016 2261 4072 In
2301 4035 2368 4074 eo
2408 4030 2623 4087 autem,
2656 4028 2774 4093 ejus
2816 4032 2980 4085 etiam
3022 4037 3109 4089 cui
3154 4010 3363 4097 medela

1782 4104 2093 4171 adhibetur,
2125 4108 2339 4165 allectio
2379 4114 2831 4182 considerabitur,
2862 4138 2970 4190 quo
3015 4128 3176 4181 modo
3219 4140 3273 4184 et
3305 4134 3361 4187 in

1780 4195 1849 4249 iis
1882 4198 1973 4265 qui
2012 4197 2392 4258 fornicationis
2430 4206 2845 4274 inquinamento
2886 4214 3160 4285 illaqueati
3202 4234 3357 4292 sunt,

1782 4299 1839 4341 ut
1870 4290 1953 4343 vel
1981 4291 2143 4347 citius
2176 4294 2258 4349 vel
2290 4296 2500 4353 tardius
2526 4303 2608 4354 eis
2640 4302 2711 4355 sit
2737 4302 2864 4357 boni
2898 4310 3266 4379 participatio.

1845 4469 1880 4523 4
1909 4467 2009 4542 [5].
2038 4470 2227 4527 Restat
2253 4474 2318 4527 ad
2347 4474 2465 4532 hazc
2494 4486 2552 4532 ut
2581 4479 2903 4539 irascentem
2929 4490 3125 4545 anima:
3152 4506 3360 4564 partem

1775 4563 2194 4619 examinandum
2244 4582 2646 4638 preponamus,
2684 4579 2901 4642 quando
2944 4581 3092 4650 lapsa
3139 4603 3169 4641 a
3215 4590 3360 4644 bono

1774 4652 1868 4707 ira:
1901 4669 1999 4708 usu
2036 4655 2088 4708 in
2121 4667 2401 4725 peccatum
2454 4662 2735 4719 ceciderit.
2793 4668 2929 4723 Cum
2974 4686 3154 4731 autem
3189 4683 3360 4739 multa

1773 4745 1884 4798 sint
1925 4760 2047 4814 quae
2090 4763 2186 4816 per
2221 4747 2359 4803 iram
2395 4750 2533 4806 ﬁunt
2565 4768 2786 4822 peccata
2824 4773 2879 4813 et
2916 4766 3098 4820 omnis
3142 4774 3359 4838 generis

1772 4838 1934 4902 mala,
1961 4838 2166 4906 placuit
2199 4841 2456 4898 omnibus
2487 4849 2691 4902 nostris
2713 4848 2968 4909 Patribus
3000 4857 3052 4910 in
3082 4860 3206 4915 aliis
3233 4866 3357 4931 qui-

1770 4928 1890 4983 dem
1920 4944 2029 4984 non
2059 4932 2288 4987 nimium
2322 4936 2597 4992 subtiliter
2622 4955 2799 5011 agere,
2825 4960 2925 5000 nec
2948 4949 3177 5005 nimium
3210 4954 3263 5007 in
3291 4972 3357 5010 eu

1770 5020 1934 5075 studii
1959 5036 2248 5094 aperteque
2277 5042 2496 5096 ponere,
2523 5041 2581 5085 ut
2603 5034 2785 5089 omnia
2812 5053 2933 5105 qua:
2963 5055 3025 5094 ex
3056 5042 3132 5095 ira
3162 5059 3358 5100 nasce-

1769 5121 1958 5168 rentur
2006 5116 2201 5172 delicta
2259 5132 2548 5190 curarent;
2599 5123 2850 5195 quamvis
2903 5131 3185 5201 Scriptura
3242 5154 3355 5194 non

1767 5201 1945 5255 solum
1974 5204 2170 5259 vulnus
2200 5208 2505 5275 prohibeat,
2531 5214 2625 5267 sed
2657 5216 2819 5268 etiam
2852 5232 3011 5271 omne
3041 5221 3352 5278 convicium

1767 5289 1851 5342 vel
1886 5291 2269 5360 maledictum,
2294 5306 2348 5349 et
2380 5299 2425 5351 si
2462 5302 2590 5369 quid
2626 5303 2769 5357 aliud
2805 5305 3073 5373 ejusmodi
3116 5310 3188 5365 ita
3235 5313 3354 5367 eili-

1765 5378 1871 5445 cit;
1911 5382 2004 5434 scd
2043 5385 2215 5437 solam
2250 5387 2415 5442 caedis
2447 5391 2758 5447 cautionem
2804 5398 2918 5450 suis
2957 5399 3134 5467 poenis
3177 5403 3353 5458 intro-

1763 5468 2054 5525 duxerunt.
2090 5473 2357 5527 Dividitur
2404 5489 2583 5533 autem
2629 5481 2733 5536 hoc
2775 5484 3003 5551 malum,
3035 5487 3355 5548 dilferentia‘.

1763 5561 2084 5618 voluntariae
2124 5574 2177 5620 ct
2212 5567 2592 5625 involuntaria:
2637 5590 2650 5626 :
2693 5582 2747 5627 et
2786 5585 2872 5630 est
2910 5578 3090 5635 cmdes
3127 5582 3352 5651 quidem

1764 5654 2094 5727 voluntaria,
2118 5676 2239 5729 quae
2268 5664 2642 5732 praemeditate
2672 5682 2928 5741 suscepta
2958 5684 3037 5729 est
3065 5676 3133 5732 ab
3162 5690 3228 5735 co
3256 5680 3353 5751 qui

2956 5765 3037 5829 26
