3904 6220
404 256 501 324 811

1546 245 1809 307 ΡΙΙΟΤΙΙ
1845 238 2349 304 ΡΑἸἪΙΑΒΕΗιΕ
2396 240 2504 299 CP.

3552 233 3642 297 812

411 387 468 426 se
497 368 563 424 ad
599 368 701 423 hoc
731 369 1145 433 comparaverat
1173 369 1232 414 ut
1260 357 1364 414 hoc
1390 354 1603 412 facinus
1635 359 1990 424 perpetraret.

2127 347 2359 401 ικουσίου
2383 365 2395 379 ο
2426 349 2482 400 ὲν
2500 341 2578 411 οἷς
2601 345 2846 408 ἑκούσιος
2880 343 2979 415 μέν
3000 341 3116 396 ἐστι
3137 342 3316 411 φόνος,
3336 342 3537 412 πρῶτον
3560 349 3642 415 μὲν

412 460 615 517 Deinde
641 456 771 513 illud
797 468 1017 526 quoque
1048 453 1100 507 iu
1132 449 1456 507 voluntariis
1487 448 1862 503 existimatum
1898 450 2002 506 est,

417 553 638 627 quando
668 551 793 621 quis
829 550 887 604 in
920 561 1221 616 congressu
1255 545 1548 598 verberans
1583 550 1637 596 et
1667 541 2005 595 verberatus:

411 661 579 701 manu
625 643 839 713 plagam
886 637 1225 693 mortiferam
1275 634 1542 690 intulerit.
1575 631 1679 699 Qui
1730 630 1875 685 enim
1924 628 2004 682 ira

410 734 579 793 semel
618 733 799 787 victus
850 738 966 794 est,
994 736 1047 783 et
1084 726 1254 781 animi
1302 722 1623 795 appetitioni
1664 719 1837 784 cedit,
1868 717 2007 773 nihil

412 835 753 891 eorum-qum
780 818 985 872 malum
1016 824 1241 885 possent
1266 820 1574 882 amputare,
1599 809 1650 863 ei
1683 810 1736 861 in
1764 814 2004 862 mentem

413 915 583 971 venit.
620 915 801 981 Quare
844 919 900 966 et
938 909 1052 965 illic
1094 921 1313 978 quoque
1357 905 1450 975 qui
1493 918 1560 957 ex
1601 898 2008 957 concertatione

414 1006 693 1078 profecrus
718 1013 821 1067 est,
849 1001 1015 1057 caedis
1037 1006 1288 1064 eventus,
1306 998 1359 1051 in
1388 996 1589 1050 factum
1614 992 2004 1054 voluntarium,

416 1113 526 1152 non
558 1097 612 1151 in
642 1110 831 1151 casum
859 1092 1161 1148 confertur.
1185 1087 1569 1144 lnvoluutariae
1597 1095 1778 1139 autem
1804 1083 2009 1138 habent

421 1190 711 1247 manifesta
751 1188 987 1251 indicia,
1021 1183 1239 1255 quando
1283 1181 1407 1249 quis
1447 1178 1603 1250 331
1649 1175 1810 1231 alicui
1853 1172 2006 1227 alteri

420 1285 497 1341 rei
516 1282 777 1338 ’studium
823 1277 1134 1348 applicans,
1171 1288 1303 1329 casu
1351 1270 1738 1342 gravissimum
1785 1263 2008 1334 aliquod

421 1376 625 1431 malum
672 1370 988 1443 patraverit.
1025 1367 1080 1421 In
1136 1365 1222 1419 his
1266 1377 1395 1433 ergo
1471 1360 1646 1416 caedes
1688 1356 1906 1428 quidem
1954 1354 2008 1408 in

426 1470 619 1538 triplex
650 1476 865 1535 tempus
899 1460 1211 1517 extenditur
1242 1458 1309 1511 iis
1338 1455 1429 1525 qui
1462 1469 1559 1523 per
1591 1449 2007 1507 conversionem

422 1559 731 1622 voluntario
765 1555 993 1610 facinori
1033 1550 1330 1606 remedium
1382 1546 1641 1601 afferunt.
1676 1543 1782 1597 Ter
1816 1554 2009 1595 novem

425 1656 587 1709 etiam
636 1657 765 1705 sunt
802 1650 963 1710 anui,
995 1642 1333 1699 novennario
1367 1652 1640 1693 annorum
1677 1648 1903 1689 numero
1954 1631 2007 1685 in

429 1706 757 1815 unoquoque
789 1706 960 1809 gradu
998 1735 1298 1807 praefinito,
1330 1744 1391 1786 ut
1423 1732 1474 1785 in
1511 1728 1752 1799 perfecta
1789 1725 2008 1795 quidem
2044 1706 2086 1761 Β

430 1838 803 1910 segregatione
840 1847 1035 1887 novem
1072 1842 1341 1884 annorum
1380 1834 1635 1894 tempore
1668 1828 1917 1875 versetur
1947 1817 2015 1871 ah

431 1909 672 1988 Ecclesia
703 1926 1046 2000 prohibitus;
1082 1923 1219 1978 alios
1252 1927 1427 1973 autem
1458 1926 1538 1972 tot
1564 1928 1739 1969 annos
1771 1913 1824 1966 in
1856 1909 2014 1966 audi-

431 2025 582 2080 tione
623 2027 970 2092 permaneat,
1002 2016 1119 2071 sola
1165 2014 1447 2068 doctorum
1495 2018 1550 2063 et
1595 2006 2007 2075 Scripturarum

434 2112 714 2170 auditione
738 2119 791 2165 et
813 2104 1228 2165 conversatione
1254 2117 1378 2157 cum
1412 2097 1611 2169 popqu
1636 2096 1832 2166 dignus
1864 2092 2017 2147 habi-

433 2214 553 2269 tus,
591 2203 647 2257 in
689 2200 851 2256 tertio
894 2207 1077 2253 autem
1121 2191 1460 2249 novennario
1484 2203 1609 2244 cum
1640 2184 1928 2242 substratis
1961 2183 2015 2237 in

434 2296 792 2355 conversione
833 2307 1026 2358 orans,
1052 2299 1119 2345 ut
1157 2286 1434 2357 perveniat
1470 2283 1537 2337 ad
1577 2278 2016 2337 communionem

436 2387 763 2444 sacramenti
795 2386 1032 2450 scilicet;
1069 2390 1124 2437 et
1156 2382 1210 2435 in
1244 2379 1436 2434 eodem
1469 2376 1658 2431 eadem
1692 2372 1797 2428 erit
1828 2371 2018 2425 obser-

434 2481 583 2537 vatio
618 2482 686 2535 ab
718 2493 784 2534 eo
818 2477 909 2546 qui
943 2474 1244 2530 Ecclesium
1308 2469 1688 2533 administrat,
1720 2474 1774 2519 et
1803 2478 1901 2533 pro
1933 2477 2021 2515 ra-

437 2573 586 2628 tione
610 2568 983 2626 conversionis
1005 2566 1084 2620 illi
1107 2578 1325 2636 quoque
1349 2576 1524 2633 poenae
1546 2556 1793 2613 extensio
1816 2551 2021 2609 rescin-

435 2664 615 2729 detur,
646 2671 705 2717 ut
729 2676 825 2731 pro
857 2674 1048 2715 novem
1077 2657 1237 2711 annis
1270 2655 1323 2707 in
1355 2664 1688 2719 unoquoque
1715 2646 1909 2717 gradu,
1936 2643 2019 2697 vel

437 2766 591 2824 octo,
625 2758 709 2813 vel
744 2764 949 2826 septem
970 2794 984 2819 ,
1012 2751 1097 2807 vel
1130 2750 1373 2821 quinque
1405 2745 1581 2800 solum
1617 2741 1745 2796 anui
1782 2741 1951 2799 fiant:
1972 2736 2019 2791 si

437 2850 771 2922 poenitentia:
818 2845 1140 2918 magnitudo
1191 2851 1406 2911 tempus
1450 2839 1663 2901 vincat,
1700 2840 1755 2888 et
1801 2839 2022 2901 superet

440 2939 799 2996 correctionis
832 2938 1016 2993 studio
1045 2952 1144 2992 eos
1178 2936 1272 3006 qui
1310 2937 1362 2989 in
1398 2935 1562 3005 longo
1598 2942 1842 3001 tempore
1883 2942 2022 2997 prae-

441 3034 631 3088 Stituto
664 3040 949 3099 susceptas
983 3045 1015 3083 a
1046 3044 1106 3083 se
1140 3028 1384 3083 maculas
1417 3025 1656 3095 segniter
1689 3023 1899 3078 eluunt.
1933 3020 2021 3075 ln-
2047 3047 2090 3106 ο

441 3124 810 3179 voluntarium
841 3132 1021 3177 autem
1056 3122 1210 3175 venia
1245 3121 1461 3190 quidem
1494 3119 1750 3189 dignum,
1782 3114 1879 3171 sed
1912 3130 2021 3169 non

442 3217 715 3274 laudabile
760 3215 1065 3286 judicatum
1114 3223 1218 3269 est.
1266 3211 1381 3266 Hoc
1430 3221 1611 3265 autem
1658 3210 1800 3276 dixi,
1846 3218 1906 3261 ut
1956 3206 2028 3261 sit

446 3317 695 3377 apertum
716 3346 730 3371 ,
761 3304 907 3374 quod
943 3305 1104 3359 etiam
1142 3304 1187 3356 si
1222 3303 1347 3371 quis
1382 3297 1748 3353 iuvoluntarie
1778 3294 1939 3349 fuerit
1972 3292 2026 3346 in

448 3400 652 3456 scelere
694 3397 971 3453 homicidii
1022 3414 1034 3448 :
1080 3409 1203 3449 cum
1248 3402 1510 3461 tauquam
1552 3390 1662 3460 jam
1708 3386 2024 3458 profanum,

448 3494 725 3564 piaculum
756 3491 1056 3553 redditum,
1085 3504 1113 3541 a
1145 3484 1469 3542 sacerdotali
1496 3483 1670 3552 gratia
1698 3480 2026 3549 ejiciendum

449 3584 821 3659 pronuntiavit
845 3599 1044 3637 canon.
1073 3579 1347 3646 Quantum
1381 3587 1563 3631 autem
1593 3585 1676 3630 est
1704 3572 2030 3643 expiationis

451 3690 665 3752 tempus
701 3680 771 3733 ob
805 3676 1108 3746 simplicem
1144 3671 1588 3734 fornicationem,
1621 3677 1829 3721 tantum
1866 3666 2028 3720 etiam

450 3781 597 3828 recte
626 3770 826 3825 habere
850 3766 1221 3822 existimatum
1250 3771 1333 3815 est
1360 3760 1413 3813 in
1443 3761 1511 3815 iis
1535 3759 1626 3828 qui
1656 3756 1857 3811 caedem
1887 3755 2033 3807 invo-

451 3864 745 3920 luntariam
782 3861 1074 3925 fecissent;
1113 3855 1347 3919 scilicet,
1384 3853 1436 3906 in
1478 3852 1544 3905 iis
1578 3864 1825 3920 quoque,
1858 3846 2034 3917 ιιωηί-

454 3956 616 4012 tentis
657 3953 936 4008 voluntate
972 3948 1319 4010 examinata;
1369 3952 1427 3996 ut
1469 3943 1515 3995 si
1554 3942 1625 3996 sit
1674 3940 1775 3993 fide
1814 3938 2030 4008 quidem

453 4050 616 4120 digna
659 4046 979 4107 conversio,
1012 4057 1115 4095 nou
1154 4045 1403 4093 servetur
1437 4048 1703 4088 annorum
1739 4046 2030 4096 numerus;

453 4145 547 4199 sed
576 4140 840 4211 rernporis
868 4135 1182 4208 prolixitate
1207 4139 1473 4195 resccata,
1497 4128 1561 4182 ad
1591 4126 1752 4197 332
1780 4124 2037 4179 Ecclesia:

453 4235 853 4291 restitutionem
898 4239 952 4285 et
998 4226 1125 4284 boni
1183 4223 1655 4296 participationem
1712 4217 2035 4288 compendio

453 4331 765 4383 reducatur.

2108 443 2137 494 6
2171 441 2235 494 ὲκ
2288 441 2641 510 παρασκευῆς
2672 434 3078 506 τετολμημένος
3101 433 3196 486 τοῦ
3229 433 3309 495 εἰς
3353 433 3477 487 αὐτὸ
3509 436 3647 491 τοῦτο

2111 533 2563 605 εὐτρεπισμένου,
2587 533 2734 594 ὅπως
2756 530 2819 584 ἂν
2839 529 2901 582 τὸ
2917 530 3047 596 ἄγος
3066 528 3362 597 ἐργάσηται
3382 542 3394 557 ·
3416 525 3586 581 ἔπειτα
3602 530 3650 582 δὲ

2110 627 2361 688 κάκεῖνος
2381 627 2438 678 ὲν
2458 626 2570 687 τοῖς
2591 622 2858 684 ἑκουσίοις
2879 619 3163 690 ἐνομίσθη,
3187 618 3311 670 ὅταν
3341 634 3421 681 τις
3445 620 3496 671 ὲν
3529 637 3650 691 συμ-

2112 717 2283 787 πλοκῇ
2314 719 2409 771 καὶ
2441 717 2587 788 μάχῃ
2617 718 2835 768 τύπτων
2861 730 2920 765 τε
2962 712 3058 764 καὶ
3097 711 3444 779 τυπτόμενος,
3476 712 3651 783 ἐνέγκῃ

2111 810 2253 864 κατά
2265 826 2406 870 τινος
2431 807 2645 879 καιρίου
2668 806 2765 877 τὴν
2787 804 2875 858 διά
2900 803 3000 873 τῆς
3034 803 3212 873 χειρὸς
3243 802 3449 871 πληγήν
3471 820 3481 833 ·
3510 805 3535 856 6
3555 804 3649 873 γὰρ

2110 901 2257 966 ἀπαξ
2278 901 2354 971 τῷ
2370 899 2527 969 θυμῷ
2545 897 2856 967 κρατηθεὶς,
2877 896 2968 949 καὶ
2990 898 3053 964 τῇ
3072 896 3215 965 ὁρμῇ
3234 895 3330 963 τῆς
3349 893 3509 964 ὀργῆς
3525 912 3656 964 χαρι-

2112 995 2357 1065 ζόμενος,
2376 993 2532 1046 οὐδὲν
2550 991 2615 1045 ἂν
2639 989 2788 1059 παρὰ
2810 990 2899 1041 τὸν
2926 988 3116 1057 καιρὸν
3172 985 3267 1038 τοῦ
3321 985 3513 1048 πάθους
3563 988 3656 1039 τῶν

2112 1086 2381 1156 ἀνακόψαι
2412 1084 2472 1139 τὸ
2497 1084 2664 1137 κακὸν
2686 1080 3022 1151 δυναμένων,
3048 1078 3140 1131 ἐπὶ
3162 1076 3287 1131 νοῦν
3319 1076 3466 1129 λάϐοι
3485 1090 3498 1105 ⁸
3534 1075 3658 1129 ὥστε

2111 1179 2205 1232 καὶ
2232 1178 2291 1232 τὸ
2320 1180 2383 1231 ἐκ
2406 1179 2505 1247 τῆς
2530 1174 2849 1246 συμπλοκῆς
2879 1172 3227 1241 ἀποτέλεσμα
3257 1169 3351 1222 τοῦ
3384 1169 3557 1237 φόνου,
3587 1172 3657 1231 εἰς

2114 1272 2274 1342 ἔργον
2301 1269 2673 1340 προαιρέσεως
2703 1267 2796 1320 καὶ
2828 1268 2929 1319 οὐκ
2966 1268 3047 1329 εἰς
3070 1266 3371 1332 ἀποτυχίαν
3401 1264 3656 1327 ἀνάγεται·

2113 1368 2160 1418 οἱ
2190 1366 2246 1417 δὲ
2280 1361 2524 1416 ἀκούσιοι
2555 1361 2764 1431 φανερά
2802 1358 2988 1428 ἔχουσι
3039 1358 3108 1410 τά
3138 1355 3507 1427 γνωρίσματα,
3551 1355 3661 1405 ὅταν

2113 1473 2198 1519 τις
2231 1456 2370 1526 πρὸς
2401 1453 2588 1521 ἕτερόν
2619 1468 2672 1504 τι
2697 1451 2796 1519 τὴν
2827 1448 3062 1513 σπουδὴν
3104 1445 3266 1515 ἔχων,
3303 1442 3360 1506 ἐξ
3386 1441 3659 1510 ἀποτυχίας

2112 1567 2167 1603 τι
2192 1548 2300 1603 τῶν
2334 1546 2650 1617 ἀνηκέστων
2678 1543 2852 1613 δράσῃ
2874 1559 2889 1573 ο
2927 1541 3017 1593 ἐπὶ
3047 1538 3253 1591 τούτων
3299 1536 3493 1597 τοίνυν,
3524 1535 3549 1585 ό
3577 1533 3663 1601 μὲν

2115 1640 2275 1710 φόνος
2318 1639 2397 1702 είς
2432 1635 2789 1708 τριπλασίονα
2830 1632 3019 1705 χρόνον
3062 1629 3447 1701 παρατείνεται
3483 1628 3584 1688 τοῖς
3608 1623 3665 1677 δι’

2119 1730 2453 1801 ἐπιστροφῆς
2485 1724 2942 1800 θεραπευομένοις
2975 1722 3035 1776 τὸ
3063 1722 3312 1775 ἑκούσιον
3363 1720 3488 1787 ἄγος
3516 1734 3529 1749 ·
3564 1719 3667 1789 τρὶς

2116 1824 2275 1881 ἐννέα.
2311 1825 2421 1894 γάρ
2449 1825 2589 1876 εἰσιν
2624 1819 2886 1889 ὲνιαρτοὶ,
2931 1816 3055 1869 καθ’
3086 1815 3321 1869 ἕκαστον
3348 1813 3544 1883 βαθμὸν
3579 1811 3665 1879 τῆς

2118 1917 2334 1979 ὲννάδος
2372 1916 2479 1969 τῶν
2507 1914 2646 1967 ὲτῶν
2664 1910 2980 1983 ὁρισθείσης
3003 1926 3015 1939 ’
3045 1907 3186 1961 ὥστε
3226 1909 3283 1960 ὲν
3331 1906 3424 1975 μὲν
3454 1905 3527 1975 τῷ
3553 1920 3669 1955 παν-

2116 2011 2264 2064 τελεῖ
2302 2007 2617 2081 ἀφορισμῷ,
2650 2006 2874 2073 ὲνναετῆ
2895 2002 3085 2073 χρόνον
3118 1996 3459 2067 διαγενέσθαι
3493 1997 3670 2063 ἀπειρ-

2116 2104 2347 2175 γόμενον
2375 2101 2475 2171 τῆς
2516 2096 2866 2169 Ἐκκλησίαςο
2896 2094 3030 2150 ἄλλα
3060 2093 3116 2147 δὲ
3150 2091 3388 2146 τοσαῦτα
3416 2088 3506 2159 ἔτη
3535 2087 3587 2139 ἐν
3615 2087 3671 2155 τῇ

2118 2193 2382 2266 ἀκροάσει
2432 2192 2794 2263 παραμεῖναι,
2848 2188 3018 2257 μόνης
3069 2185 3178 2237 τῶν
3216 2180 3549 2236 διδασκάλων
3592 2178 3673 2229 καὶ

2118 2265 2218 2355 τῆς
2248 2284 2356 2339 τῶν
2380 2281 2613 2353 Γραφῶν
2643 2279 2981 2351 ἀκροάσεως,
3017 2275 3113 2329 καὶ
3154 2275 3297 2344 μετὰ
3328 2273 3424 2340 τῆς
3452 2268 3540 2322 τοῦ
3560 2265 3675 2320 λαοῦ

2122 2379 2430 2439 συστάσεως
2483 2373 2803 2443 ἀξιούμενον
2824 2389 2837 2401 ·
2881 2371 2938 2423 ὲν
2968 2369 3025 2422 δὲ
3057 2370 3124 2439 τῇ
3157 2365 3320 2437 τρίτῃ
3351 2362 3522 2417 ὲννάδι
3553 2357 3674 2429 μετὰ

2119 2472 2229 2526 τῶν
2283 2470 2699 2524 ὑποπιπτόντων
2760 2467 2819 2519 ὲν
2874 2462 3185 2532 ἐπιστροφῇ
3246 2454 3678 2529 προσευχόμενον,

2119 2562 2292 2624 οὕτως
2351 2560 2527 2615 ἐλθεῖν
2565 2557 2658 2610 ἐπὶ
2687 2556 2787 2627 τὴν
2854 2553 3145 2625 μετουσίαν
3184 2548 3279 2602 τοῦ
3332 2547 3677 2613 ἀγιάσματος·

2119 2654 2319 2728 δηλαδὴ
2381 2653 2475 2707 καὶ
2530 2652 2623 2704 ἐπὶ
2646 2648 2740 2703 τοῦ
2774 2647 3019 2701 τοιούτου
3064 2646 3098 2715 ἡ
3149 2641 3290 2712 αὑτὴ
3319 2638 3681 2708 παρατήρησις

2122 2752 2274 2803 ἔσται
2310 2748 2462 2818 παρά
2491 2745 2587 2799 τοῦ
2621 2741 3032 2815 οἱκονομοῦντος
3061 2739 3160 2811 τὴν
3195 2734 3523 2806 Ἐκκλησίαν
3546 2749 3558 2761 ⁸
3598 2729 3683 2783 καὶ

2123 2840 2258 2911 πρὸς
2292 2839 2450 2907 λόγον
2476 2838 2576 2907 τῆς
2625 2833 2988 2907 ἐπιστροφῆς,
3050 2828 3495 2899 συντμηθήσεται
3543 2820 3684 2889 αὐτῷ

2122 2931 2216 2985 καὶ
2244 2933 2278 3003 ἡ
2336 2930 2428 2984 τοῦ
2470 2928 2745 2999 ἐπιτιμίου
2808 2924 3153 2995 παράτασις·
3207 2919 3351 2972 ὥστε
3391 2916 3506 2969 ἀντὶ
3544 2911 3686 2965 ἐννέα

2124 3002 2379 3094 ὲτῶνέφ’
2439 3023 2657 3093 ἑκάστῳ
2724 3017 2935 3092 βαθμῷ,
2997 3013 3143 3069 ὀκτὼ
3193 3013 3227 3083 ἢ
3285 3010 3441 3073 ἑπτὰ,
3474 3005 3604 3077 ἣέξ.
3654 3002 3684 3074 ἢ

2127 3118 2289 3172 πέντε
2321 3117 2459 3190 μόνα
2538 3113 2814 3184 γενέσθαι,
2866 3110 3025 3180 εἴπερ
3063 3107 3125 3160 τὸ
3163 3104 3395 3176 μεγέθος
3451 3103 3543 3172 τῆς
3577 3104 3687 3151 ἐπι·

2132 3212 2373 3285 στροφῆς
2423 3207 2593 3278 νικῴη
2647 3206 2739 3259 τὸν
2783 3203 2995 3275 χρόνον,
3050 3194 3583 3268 καΓὺπερὸάλλοιτο
3630 3191 3689 3258 τῇ

2130 3305 2333 3374 σπουδῇ
2372 3304 2470 3370 τῆς
2525 3300 2869 3370 διορθώσεως
2922 3298 3049 3359 τοὺς
3108 3298 3165 3347 ὲν
3194 3297 3260 3363 τῇ
3299 3291 3483 3365 μακρᾷ
3511 3284 3690 3357 προθε-

2132 3398 2268 3466 σμίᾳ
2301 3393 2672 3466 ῥᾳθυμότερον
2707 3390 2933 3451 ἑαυτοὺς
2965 3389 3072 3443 ἀπὸ
3122 3387 3219 3457 τῆς
3255 3385 3472 3457 κηλίδος
3510 3375 3690 3433 καθαί-

2135 3503 2343 3560 ροντας·
2367 3486 2424 3538 τὸ
2444 3485 2500 3537 δὲ
2518 3482 2791 3543 ἀκούσιον,
2818 3479 3165 3548 συγγνωστὸν
3193 3480 3314 3548 μὲν,
3336 3478 3395 3530 οὐ
3424 3476 3528 3545 μὴν
3552 3475 3695 3523 ὲπαιυ

2130 3578 2280 3631 νετὸν
2298 3574 2510 3646 ἐκρίθη·
2537 3573 2694 3626 τοῦτο
2722 3572 2779 3624 δὲ
2800 3569 2971 3637 εἷπον,
2997 3571 3139 3623 ὥστε
3159 3570 3319 3638 δῆλον
3350 3566 3600 3636 γενέσθαι
3620 3562 3693 3614 ὅτι

2132 3671 2238 3724 κᾶν
2262 3668 2531 3731 ἀκουσίως
2551 3684 2634 3728 τις
2660 3664 2888 3734 γένηται
2918 3664 2975 3715 ὲν
3007 3662 3085 3733 τῷ
3107 3661 3201 3716 τοῦ
3230 3663 3393 3730 φόνου
3423 3658 3696 3730 μιάσματι,

2132 3760 2207 3822 ὡς
2240 3758 2339 3828 ἤδη
2395 3755 2621 3827 βέϐηλον
2681 3754 2845 3808 αὐτὸν
2909 3754 3016 3808 ἀπὸ
3048 3754 3141 3806 τοῦ
3190 3752 3360 3820 ἄγους
3399 3749 3695 3817 γενόμενον,

2133 3850 2439 3920 ἀπόϐλητον
2496 3848 2776 3919 ἱερατικῆς
2824 3848 3047 3918 χάριτος
3075 3848 3102 3899 6
3144 3846 3327 3898 κανὼν
3359 3842 3698 3910 ἁπεφήνατο’

2134 3944 2259 4006 ὅσος
2291 3942 2349 3996 δέ
2371 3943 2519 3994 ἔστιν
2556 3942 2648 3993 ἐπὶ
2684 3943 2751 4011 τῇ
2776 3939 2905 4010 ψιλῇ
2940 3938 3170 4008 πορνείᾳ
3204 3937 3300 3989 τοῦ
3334 3932 3631 4004 καθαρσίου
3676 3930 3701 3981 ὁ

2134 4036 2345 4107 χρόνος,
2372 4032 2626 4096 τοσοῦτος
2661 4034 2756 4084 καὶ
2797 4031 2890 4084 ἐπὶ
2943 4030 3053 4083 τῶν
3088 4029 3363 4092 ἀκουσίως
3396 4023 3706 4094 πεφονευκό-

2135 4149 2243 4185 των
2270 4127 2600 4199 ἐδοκιμάσθη
2650 4125 2832 4187 καλῶς
2858 4124 3004 4195 ἔχειν
3029 4139 3043 4155 ⁶
3074 4124 3278 4195 δηλαδὴ
3311 4124 3406 4178 καὶ
3461 4125 3517 4174 έν
3546 4118 3705 4186 τούτῳ

2137 4224 2235 4293 τῆς
2269 4220 2642 4293 προαιρέσεως
2669 4218 2764 4270 τοῦ
2819 4216 3211 4285 μετανοοῦντος
3243 4212 3707 4285 δοκιμαζομένης,

2138 4314 2279 4367 ὥστε
2304 4313 2616 4376 ἀξιόπιστος
2670 4309 2881 4379 γένοιτο
2917 4309 2951 4378 ὴ
3001 4307 3330 4376 ἐπιστροφὴ,
3377 4305 3453 4377 μὴ
3506 4303 3708 4360 πάντως

457 4416 954 4490 παραφυλαχθῆναι
1019 4412 1109 4467 τὸν
1139 4409 1373 4481 ἀριθμὸν
1417 4407 1528 4461 τῶν
1582 4404 1746 4473 ἐτῶν,
1778 4405 1913 4461 ἀλλά
1939 4407 2029 4462 διὰ
2101 4406 2395 4477 συντομίας
2456 4404 2688 4471 ἀγαγεῖν
2740 4400 2902 4454 αὑτὸν
2958 4400 3039 4462 είς
3105 4399 3205 4470 τὴν
3261 4401 3362 4469 τῆς
3400 4391 3712 4463 Ἐκκλησίας

456 4511 922 4572 ἀποκατάστασιν,
957 4507 1050 4559 καὶ
1099 4507 1177 4567 είς
1210 4506 1310 4575 τὴν
1358 4499 1452 4555 τοῦ
1489 4498 1693 4569 ἀγαθοῦ
1724 4501 2036 4571 μετουσίαν.

532 4602 585 4660 7.
616 4603 1005 4674 Sepulcrorum
1037 4609 1217 4654 autem
1248 4598 1488 4662 cfl‘ossio,
1512 4597 1627 4666 ipsa
1656 4610 1875 4665 quoque
1903 4595 2023 4649 divi

2184 4592 2279 4663 κζ’.
2318 4590 2468 4644 Ἡδὲ
2507 4586 2867 4659 τυμϐωρυχία
2924 4586 3019 4640 καὶ
3072 4585 3207 4655 αὕτη
3269 4584 3525 4655 διῄρηται
3559 4581 3634 4641 είς
3660 4576 3714 4630 τὸ

460 4697 610 4752 ditur
643 4697 696 4749 in
740 4695 791 4748 id
834 4693 978 4762 quod
1014 4692 1227 4746 veniam
1272 4699 1531 4752 meretur,
1563 4697 1615 4742 et
1651 4688 1702 4741 id
1744 4686 1888 4756 quod
1932 4701 2039 4739 non

460 4798 725 4846 meretur.
762 4786 820 4840 Si
851 4785 997 4838 enim
1028 4783 1153 4853 quis
1184 4790 1523 4836 mortuorum
1554 4795 1782 4850 parcens
1808 4778 2041 4833 faculta-

463 4882 612 4937 tibus
644 4887 696 4934 et
726 4886 934 4932 tectum
962 4890 1162 4945 corpus
1188 4876 1450 4929 intactum
1479 4873 1824 4943 relinquens,
1860 4880 1917 4926 ut
1946 4886 2043 4925 nec

462 4974 565 5031 soli
590 4971 909 5028 ostendatur
932 4967 1213 5039 turpitudo
1236 4965 1513 5033 corporis;
1538 4963 1810 5034 lapidibus
1837 4962 2045 5031 aliquot

463 5083 531 5122 ex
564 5067 633 5121 iis
663 5064 758 5135 qui
788 5074 912 5117 ante
938 5060 1250 5130 sepulcrum
1284 5057 1509 5128 proiecti
1537 5064 1692 5121 sunt,
1723 5056 1789 5110 ad
1824 5054 2045 5122 aliquod

465 5172 604 5226 opus
645 5150 1073 5210 construendum
1112 5163 1248 5204 usus
1286 5156 1397 5213 est;
1436 5161 1505 5201 ne
1548 5147 1653 5201 hoc
1695 5146 1915 5215 quidem
1960 5152 2045 5199 est

464 5245 775 5311 laudabile;
821 5244 915 5298 sed
959 5250 1018 5295 ut
1048 5250 1195 5295 esset
1225 5239 1448 5310 dignum
1479 5236 1667 5303 venia,
1702 5235 1877 5289 eﬂ‘ecit
1910 5250 2042 5289 con-

467 5338 730 5401 suetudo,
762 5333 984 5405 quando
1033 5332 1100 5386 ad
1146 5330 1351 5400 aliquid
1403 5327 1598 5383 melius
1646 5337 1701 5381 et
1742 5327 2050 5396 reipublij

467 5432 654 5487 utilius
694 5428 920 5483 materia
964 5425 1215 5480 traducta
1254 5422 1345 5478 sit.
1379 5419 1485 5476 Sed
1528 5420 1707 5475 carnis
1749 5419 1803 5472 in
1849 5427 2049 5473 terram

2148 4682 2495 4753 συγγνωστόν
2557 4698 2615 4733 τε
2664 4680 2760 4733 καὶ¹
2809 4677 3237 4746 ἀσύγγνωστον·
3304 4677 3353 4727 εί
3388 4675 3486 4744 μὲν
3512 4672 3615 4740 γάρ
3639 4684 3716 4729 τις

2146 4775 2244 4845 τῆς
2284 4773 2438 4835 ὁσίας
2472 4770 2809 4840 φειδόμενος,
2841 4770 2937 4822 καὶ
2975 4767 3172 4822 ἄσυλον
3202 4765 3365 4835 ἀφεὶς
3396 4766 3458 4817 τὸ
3487 4778 3717 4834 κεκρυμ-

2148 4867 2310 4937 μένον
2368 4865 2553 4943 ,σῶμα
2620 4863 2695 4926 ὡς
2731 4863 2806 4933 μὴ
2825 4860 3211 4931 ἀναδειχθῆναι
3243 4859 3380 4930 ἡλίῳ
3419 4858 3520 4926 τὴν
3557 4857 3716 4922 ἀσχη-

2151 4957 2391 5029 μοσύνην
2419 4957 2515 5025 τῆς
2550 4955 2784 5024 φύσεως,
2817 4953 2983 5015 λίθοις
3008 4952 3122 5003 τισὶ
3148 4950 3257 5003 τῶν
3281 4949 3361 5021 τῷ
3399 4950 3557 5018 τάφῳ
3586 4960 3712 5015 προ-

2150 5046 2499 5119 ϐεϐλημένων
2563 5045 2950 5116 συγχρήσαιτο,
3004 5043 3083 5104 είς
3146 5039 3309 5109 ἔργου
3351 5038 3498 5102 τινος
3557 5048 3720 5089 κατα-

2153 5140 2374 5209 σκευὴν,
2407 5136 2692 5190 ἐπαινετὸν
2738 5135 2838 5206 μὲν
2886 5133 3009 5187 οὐδὲ
3049 5130 3211 5185 τοῦτό
3263 5133 3403 5195 ἐστι,
3435 5127 3575 5198 πλὴν
3598 5121 3726 5178 ἀλλά

2156 5230 2501 5301 συγγνωστὸν
2533 5231 2786 5300 ἐποίησεν
2816 5230 2849 5298 ἡ
2886 5225 3167 5297 συνήθεια,
3191 5225 3319 5277 ὅταν
3355 5222 3440 5284 είς
3465 5213 3723 5288 προτιμό-

2156 5325 2313 5397 τερόν
2347 5341 2400 5377 τι
2424 5323 2520 5376 καὶ
2552 5319 3045 5390 κοινωφελέστερον
3073 5320 3106 5388 ἡ
3147 5317 3245 5385 τῆς
3271 5313 3407 5383 ὕλης
3441 5308 3724 5383 μετάθεσις

2151 5418 2368 5486 γίνηται
2392 5431 2406 5445 ο
2436 5414 2498 5468 τὸ
2517 5413 2574 5468 δὲ
2604 5410 2984 5483 διερευνᾶσθαι
3006 5408 3105 5478 τὴν
3133 5408 3282 5461 κόνιν
3323 5404 3436 5457 ἀπὸ
3466 5401 3570 5469 τῆς
3588 5412 3723 5466 γεω-

468 5526 703 5580 redactte
734 5522 1011 5593 pulverem
1045 5504 1406 5590 perscrutari,
1442 5522 1496 5571 et
1525 5529 1648 5569 ossa
1676 5527 1923 5579 movere;
1958 5527 2022 5582 sp

2152 5513 2339 5582 θείσης
2403 5510 2628 5582 σαρκὸς,
2679 5509 2775 5562 καὶ
2809 5507 3085 5561 ἀνακινεῖν
3128 5504 3197 5557 τὰ
3229 5502 3387 5564 ὀστᾶ,
3439 5495 3613 5552 ἐλπίδι
3642 5489 3727 5545 τοῦ

469 5618 701 5687 aliquem
729 5631 792 5670 ex
820 5613 1050 5669 defossis
1076 5609 1449 5666 lucrifaciendi
1479 5616 1755 5671 ornatum,
1780 5606 1832 5659 iu
1861 5605 2049 5659 eodem

469 5710 673 5781 judicio
706 5708 1123 5764 condemnatum
1158 5716 1267 5773 est,
1303 5718 1414 5774 quo
1456 5701 1685 5771 simplex
1722 5697 2047 5764 foruicatio,

2151 5605 2356 5673 κόσμον
2386 5603 2510 5656 τινὰ
2530 5600 2638 5654 τῶν
2668 5597 3221 5668 συγκατορυχθέντων
3258 5593 3544 5665 κερδᾶναι,
3572 5586 3721 5641 τοῦτο

2148 5696 2225 5767 τῷ
2264 5694 2412 5766 αὐτῷ
2442 5694 2672 5765 κρίματι
2706 5690 3093 5761 κατεδικάσθη,
3214 5686 3307 5743 καὶ
3344 5687 3378 5757 ἡ
3432 5682 3565 5755 ψιλὴ
3604 5692 3728 5748 πορ-
