3904 6220
342 238 442 303 813

1105 239 1507 305 SYNTAGMA
1536 245 1923 309 CANONUMo
1950 272 2019 286 σ-
2050 252 2197 313 ΤΙΤ.
2239 256 2344 332 ΙΧ,
2379 260 2537 322 CAP-
2578 266 2847 331 XXXIX.

3493 284 3595 348 8H

340 351 471 416 θεία,
500 349 686 414 καθὼς
717 353 774 405 ἐν
797 351 875 423 τῷ
932 352 1255 423 προλαϐόντι
1283 358 1536 429 διῄρηται
1566 360 1710 430 λόγῳ
1743 378 1756 392 ·
1787 362 1880 415 ὲπι

1988 367 2475 433 quemadmodum
2510 376 2564 431 in
2598 383 2936 448 praecedente
2962 390 3209 445 oratione
3234 391 3427 449 divisio
3453 396 3591 453 facta

337 442 662 506 σκοποῦντος
688 444 887 516 δηλαδὴ
912 447 1005 499 τοῦ
1035 448 1340 518 οἰκονόμου,
1372 451 1430 517 ἐξ
1457 451 1624 506 αὐτοῦ
1657 453 1751 506 τοῦ
1783 455 1903 525 βίου

338 534 427 603 τὴν
458 535 701 606 ἰατρείαν
724 534 817 590 τοῦ
846 535 1310 609 θεραπευομένου,
1335 540 1474 595 ὥστε
1502 561 1657 598 συντε
1667 548 1785 617 μεῖν
1806 548 1902 617 τὴν

334 631 392 683 εκ
434 626 544 677 τῶν
603 627 848 680 κανόνων
903 628 1214 699 ὁρισθεῖσαν
1263 631 1357 685 τοῦ
1422 635 1696 705 ἐπιτιμίου
1774 654 1907 708 προ-

244 773 255 787 ,
332 717 578 785 δεσμίαν.

395 809 462 879 η’.
515 810 576 862 Ἠ
622 811 680 864 δὲ
715 813 992 883 ἱεροσυλία
1046 816 1199 886 παρά
1231 817 1329 887 μὲν
1361 822 1427 891 τῇ
1478 820 1681 893 ἀρχαίᾳ
1714 823 1903 895 Γραφῇ

330 902 477 955 )ὐδὲν
506 903 769 974 ἐνομίσθη
796 906 895 975 τῆς
928 910 1160 979 φονικῆς
1192 912 1579 982 κατακρίσεως
1616 915 1905 968 ἀνεκτοτέ-

327 1009 394 1061 pa
419 1010 431 1020 ·
460 993 663 1063 ὁμοίως
690 995 798 1065 γὰρ
831 997 919 1049 ὅτε
952 999 1042 1050 ἐπὶ
1079 1000 1224 1071 φόνῳ
1278 1002 1458 1066 ἁλοὺς,
1488 1003 1583 1054 καὶ
1610 1003 1678 1056 τὰ
1708 1006 1904 1058 ἀνατε-

327 1082 484 1136 θέντα
549 1084 630 1155 τῷ
702 1086 820 1156 Θεῷ
879 1088 1228 1158 ὑφελόμενος,
1296 1093 1395 1162 τὴν
1454 1093 1542 1146 διὰ
1570 1094 1680 1148 τῶν
1740 1096 1903 1151 λίθων

327 1175 596 1247 τιμωρίαν
633 1179 855 1249 ὑπεῖχον
878 1196 892 1211 ⁸
920 1181 1013 1233 ἐπὶ
1037 1183 1093 1235 δὲ
1138 1183 1238 1251 τῆς
1268 1185 1733 1257 ἐκκλησιαστικῆς
1779 1206 1903 1241 συν-

323 1266 508 1336 ηθείας
551 1270 651 1323 οὐκ
699 1268 795 1324 οἷδ’
822 1273 971 1336 ὅπως
1007 1276 1416 1343 συγκατάθασίς
1444 1296 1529 1344 τις
1559 1280 1777 1349 ἐγένετο
1806 1286 1900 1338 καὶ

321 1361 733 1430 πμπεριφορά,
764 1361 904 1415 ὥστε
944 1365 1295 1437 ἀνεκτότερον
1335 1370 1657 1441 νομισθῆναι
1688 1372 1748 1425 τὸ
1794 1374 1896 1441 τῆς

321 1450 575 1520 τοιαύτης
603 1452 758 1506 νόσου
814 1454 1111 1526 καθάρσιον
1134 1473 1149 1487 ⁶
1178 1460 1236 1511 ἐν
1264 1459 1509 1515 ἐλάττονι
1558 1463 1668 1534 γάρ
1722 1467 1899 1539 χρόνῳ

317 1541 467 1610 παρὰ
499 1540 598 1609 τὴν
632 1545 899 1613 μοιχείαν,
951 1549 1067 1610 τοῖς
1108 1548 1371 1613 τοιούτοις
1400 1551 1464 1603 τὸ
1508 1554 1784 1622 ἐπιτίμιον
1816 1557 1897 1609 δι-

312 1632 543 1697 ετάξατο
573 1635 606 1702 ἡ
637 1634 742 1686 τῶν
769 1636 1025 1707 Πατέρων
1054 1640 1350 1710 παράδοσις
1371 1658 1386 1672 ·
1432 1646 1709 1714 πανταχοῦ
1730 1647 1786 1700 δὲ
1836 1649 1894 1700 ἐν

316 1721 791 1795 πλημμελήματος
830 1728 958 1782 εἴδει
1001 1729 1159 1784 τοῦτο
1206 1720 1446 1806 καθορᾷν
1478 1739 1745 1807 προσήκει
1786 1741 1894 1812 πρὸ
1928 1714 1970 1770 Β

314 1813 557 1881 πάντων,
587 1816 672 1869 οἵα
704 1819 852 1871 ἐστὶν
884 1820 1032 1889 ἡτοῦ
1058 1820 1499 1895 θεραπευομένου
1525 1828 1783 1895 διάθεσις,
1818 1831 1893 1901 μὴ

310 1904 404 1956 τὸν
437 1907 632 1974 χρόνον
664 1908 871 1961 οἴεσθαι
924 1910 1060 1981 πρὸς
1101 1912 1400 1982 θεραπείαν
1431 1918 1641 1987 ἀρκεῖν
1677 1922 1759 1984 τίς
1786 1929 1892 1995 γὰρ

311 1997 380 2050 ἂν
410 1998 477 2049 ὲκ
497 1998 592 2051 τοῦ
620 2002 814 2067 χρόνον
841 2002 983 2067 ἴασις
1006 2005 1250 2073 γένοιτο;
1276 2008 1412 2061 ἀλλά
1441 2011 1539 2082 τὴν
1571 2016 1891 2086 προαίρεσιν

314 2088 405 2143 τοῦ
429 2091 620 2146 ἑαυτὸν
651 2093 739 2147 διὰ
767 2094 863 2164 τῆς
890 2096 1223 2170 ἐπιστροφῆς
1253 2101 1673 2172 θεραπεύοντος.

380 2181 572 2238 Ταῦτά
597 2202 698 2249 σοι,
733 2181 777 2240 ὧ
830 2188 1083 2259 ἄνθρωπε
1139 2192 1232 2244 τοῦ
1278 2194 1436 2259 Θεοῦ,
1471 2196 1613 2250 κατὰ
1654 2201 1891 2271 σπουδὴν

312 2271 515 2342 πολλὴν
564 2276 627 2327 ὲκ
684 2276 792 2327 τῶν
847 2278 1155 2348 προχείρων
1200 2275 1506 2353 σῦνθέντες,
1558 2287 1646 2342 διὰ
1678 2290 1739 2343 τὸ
1781 2292 1890 2347 δεῖν

313 2364 422 2424 τοῖς
492 2363 603 2416 τῶν
657 2365 901 2433 ἀδελφῶν
963 2368 1301 2440 ἐπιτάγμασι
1359 2376 1684 2443 πείθεσθαι,
1750 2382 1890 2435 κατὰ

308 2453 551 2525 σπουδὴν
601 2456 1030 2527 ἀπεστείλαμεν·
1092 2462 1156 2514 σὺ
1208 2463 1263 2516 δὲ
1305 2466 1403 2530 τὰς
1453 2471 1705 2542 συνήθεις
1748 2474 1888 2547 ὑπὲρ

310 2544 468 2614 ἡμῶν
490 2546 655 2615 εὐχάς
680 2547 756 2618 τῷ
789 2549 908 2619 Θεῷ
933 2553 1223 2622 προσάγων
1256 2557 1330 2627 μὴ
1360 2559 1641 2634 διαλείπῃς
1664 2581 1678 2594 ο
1711 2544 1887 2637 χρεωξ

308 2637 455 2696 στεῖς
503 2635 633 2707 γὰρ,
692 2636 766 2700 ὡς
798 2639 1096 2710 εὐγνώμων
1150 2644 1283 2709 υίὸς,
1338 2647 1415 2717 τῷ
1471 2652 1612 2705 κατὰ
1646 2635 1777 2707 Θεόν
1828 2673 1887 2709 σε

306 2728 630 2795 γεννήσαντι
686 2729 784 2799 τὴν
830 2730 919 2784 διὰ
971 2732 1079 2785 τῶν
1136 2738 1454 2808 προσευχῶν
1498 2746 1881 2815 γηρωκομίαν·

305 2820 451 2873 κατὰ
473 2821 574 2891 τὴν
598 2824 818 2895 ἐντολὴν
846 2826 943 2898 τὴν
970 2828 1299 2885 κελεύουσαν
1320 2835 1485 2904 τιμᾷν
1519 2840 1645 2900 τοὺς
1670 2840 1881 2905 γονέας,

305 2910 407 2964 ἵνα
432 2908 503 2968 εὖ
521 2929 623 2968 σοι
645 2916 907 2985 γένηται,
942 2922 1042 2975 καὶ
1069 2922 1186 2989 ἕση
1210 2930 1639 2995 μακροχρίνιος
1664 2931 1885 3001 ἐπὶτῆς

304 3003 419 3071 τῆς
438 3022 450 3036 '
482 3005 641 3076 δῆλον
704 3009 761 3061 δὲ
811 3011 892 3064 ὅτι
924 3015 1001 3077 ὡς
1048 3015 1314 3085 σύμϐολον
1369 3020 1639 3089 ἱερατικὸν
1663 3024 1790 3097 δέξῃ
1822 3027 1880 3077 τὸ

302 3097 564 3166 γράμμα,
616 3102 711 3152 καὶ
748 3101 848 3153 οὐκ
880 3104 1167 3174 ἀτιμάσεις
1212 3108 1271 3161 τὸ
1306 3110 1480 3176 ξένιον
1515 3113 1621 3167 κᾶν
1652 3117 1880 3187 σμικρό-

302 3203 463 3240 τατον
487 3191 587 3259 τῆς
620 3194 717 3262 σῆς
752 3196 1125 3264 μεγαλοφυῖας

382 3279 447 3333 Ἦ
478 3284 688 3349 γ’διὰτ.
721 3290 814 3341 τοῦ
854 3290 897 3356 ζ’
930 3293 1037 3345 τίτ.
1064 3294 1157 3346 τοῦ
1185 3293 1237 3348 α’
1264 3295 1393 3351 κὼδ.
1436 3300 1615 3354 ἀνεῖλε
1649 3303 1746 3373 τὴν
1780 3320 1877 3373 με·

298 3376 526 3431 τάνοιαν
554 3380 647 3451 τῷ,
668 3383 726 3449 ἐξ
756 3384 1055 3455 ὁρθοδόξων
1089 3392 1168 3454 εἰς
1204 3394 1511 3461 αἱρετικοῦς
1544 3398 1873 3451 ἀποστάντι·

297 3469 331 3539 ή
388 3470 445 3523 δὲ
474 3470 554 3534 λζ’
605 3475 795 3544 νεαρὰ,
828 3479 861 3547 ἠ
899 3480 1029 3549 περὶ
1060 3481 1170 3533 τῶν
1208 3484 1546 3555 Ἐκκλησιῶν
1610 3489 1874 3561 Ἀφρικῆς

295 3560 677 3634 διαλεγομένη,
716 3567 942 3632 καὶτοῖς
969 3571 1230 3637 τοιούτοις
1258 3577 1447 3647 καιρὸν
1472 3578 1671 3632 δέδωκε
1707 3598 1873 3651 μετα-

294 3653 476 3716 νοίας’
512 3656 544 3724 ἡ
571 3655 628 3707 δὲ
658 3654 730 3708 λδ¹
753 3657 891 3713 διάτ.
921 3660 1012 3713 τοῦ
1042 3658 1082 3713 δ’
1108 3663 1212 3716 τίτ.
1246 3663 1338 3717 τοῦ
1388 3664 1435 3719 α’
1468 3667 1606 3737 βιϐλ.
1646 3672 1737 3722 καὶ
1762 3672 1793 3740 ἡ
1825 3669 1870 3742 β’

292 3744 433 3799 διάτ.
466 3749 573 3802 τοῦ
607 3746 656 3801 α’
682 3750 788 3804 τίτ.
816 3752 924 3805 τῶν
956 3754 1217 3826 Νεαρῶν,
1257 3757 1439 3810 ἄδειαν
1470 3761 1548 3830 τῷ
1585 3764 1869 3835 ὲπισκόπῳ

290 3835 511 3900 δέδωκε,
540 3838 829 3909 θεωροῦντι
862 3845 1149 3913 μετάνοιαν
1182 3848 1274 3901 τοῦ
1327 3852 1688 3919 κυϐεύσαντος
1732 3857 1865 3929 κλη-

294 3929 471 3996 ρικοῦ,
508 3930 541 3999 ἢ
573 3930 723 3994 θέαις
749 3935 1213 4004 παρεμϐαλόντος,
1244 3942 1431 4010 μειοῦν
1469 3945 1527 3997 τὸ
1568 3945 1862 4017 ἐπιτίμιον,

295 4023 386 4072 καὶ
416 4021 525 4089 πρὸ
558 4023 1007 4095 συμπληρώσεως
1042 4029 1136 4082 τοῦ
1165 4032 1474 4103 ὁρισθέντος
1504 4037 1696 4107 χρόνου
1723 4042 1861 4094 ἁπο-

292 4112 555 4183 καθιστᾷν
609 4116 771 4169 αὐτὸν
804 4121 870 4187 τῇ
902 4119 1022 4192 θείᾳ
1072 4121 1380 4197 λειτουργία
1403 4143 1416 4158 ·
1469 4128 1625 4183 τοῦτο
1651 4130 1705 4183 δὲ
1733 4134 1861 4204 περὶ

290 4203 605 4259 ἐπισκόπων
633 4208 799 4261 ἰδικόν
827 4212 973 4264 ἐστιν
1000 4229 1012 4242 ·
1038 4216 1211 4286 οίγάρ
1234 4220 1525 4284 πολιτικῶς
1547 4222 1859 4288 δικάζοντες

288 4295 469 4350 ἄδειαν
529 4297 735 4369 ἔχουσι,
793 4302 892 4373 τὴν
925 4306 1101 4376 ἀρχὴν
1134 4309 1519 4381 ψηφιζόμενοι,
1547 4313 1731 4381 αὔξειν
1762 4317 1856 4370 καὶ

2011 466 2126 521 est;
2177 463 2556 524 considerante
2598 473 2805 529 scilicet
2841 492 3130 534 oeconomo
3177 498 3270 537 seu
3316 485 3593 554 dispensa-

2011 554 2147 616 tore,
2178 566 2245 606 ex
2277 553 2391 623 ipsa
2416 558 2524 614 vita
2554 561 2694 632 ejus,
2724 566 2810 619 cui
2844 570 3047 625 medela
3078 553 3593 640 adliibetur,imedi-

2010 643 2195 697 cinam
2222 688 2236 709 ,
2266 655 2323 700 ut
2360 652 2590 717 spatium
2622 670 2653 710 a
2682 661 2988 718 canonibus
3018 665 3388 733 praestitutum
3418 673 3589 740 possit

2007 736 2348 792 contrahere.

2082 826 2136 879 8.
2171 826 2526 902 Sacrilegium
2574 846 2754 893 autem
2798 841 2853 895 iu
2897 847 3121 916 antiqua
3169 851 3385 921 quidem
3437 852 3587 909 Scri-

2013 925 2202 982 ptura,
2237 936 2304 974 ne
2342 924 2504 980 ctedis
2540 928 2758 996 quidem
2803 934 3255 995 condemnatione
3292 944 3467 998 visum
3506 955 3587 999 est

2010 1008 2372 1067 tolerabilius.
2410 1016 2671 1073 Similiter
2701 1023 2877 1090 enim,
2905 1039 2957 1081 ct
2986 1032 3076 1098 qui
3109 1033 3273 1089 caedis
3304 1036 3585 1094 convictus

2002 1106 2141 1162 erat,
2169 1110 2223 1155 et
2254 1103 2347 1171 qui
2379 1120 2468 1159 res
2496 1106 2607 1162 Deo
2638 1110 2917 1169 dedicatas
2950 1119 3266 1186 abstulerat,
3298 1124 3584 1194 lapidatio-

2002 1189 2088 1244 nis
2117 1193 2443 1261 supplicium
2479 1200 2719 1255 subibat.
2748 1205 2806 1257 In
2839 1207 3206 1265 ecclesiastica
3234 1222 3413 1269 autem
3447 1234 3582 1272 con-

2001 1282 2322 1350 suetudine,
2356 1285 2423 1340 de
2456 1303 2631 1357 penna:
2660 1294 2924 1361 gravitate
2962 1301 3143 1355 nescio
3176 1308 3447 1372 quomodo
3478 1309 3583 1362 ali-

2000 1374 2128 1442 quid
2174 1375 2509 1445 dctractum,
2539 1393 2594 1436 et
2626 1397 2692 1438 eo
2735 1386 2975 1444 lenitatis
3014 1391 3336 1450 descensum
3379 1408 3491 1465 est,
3524 1413 3582 1458 ut

1999 1465 2145 1520 illius
2176 1469 2345 1523 morbi
2376 1474 2781 1532 existimaretur
2825 1482 3157 1540 tolerabilius
3187 1489 3491 1559 piaculum;
3526 1494 3578 1547 in

1999 1558 2193 1611 minori
2223 1561 2366 1615 enim
2397 1574 2637 1634 tempore
2668 1584 2830 1638 quam
2863 1573 3209 1643 adulterium,
3238 1580 3273 1633 ii
3300 1597 3329 1635 a
3356 1580 3577 1640 Patrum

2000 1648 2291 1706 traditione
2331 1668 2546 1721 pcenam
2593 1674 2969 1732 susceperunt.
2998 1665 3209 1740 Ubique
3250 1685 3432 1730 autem
3475 1682 3578 1734 hoc

1998 1739 2053 1793 in
2086 1744 2338 1813 supplicii
2374 1762 2570 1815 genere
2601 1761 2726 1807 ante
2758 1759 2942 1811 omnia
2975 1760 3261 1819 videndum
3297 1775 3409 1835 est,
3438 1786 3575 1839 qua-

1996 1832 2063 1888 lis
2092 1836 2161 1890 sit
2187 1838 2306 1907 ejus
2336 1842 2424 1895 cui
2455 1844 2747 1900 adhibetur
2770 1848 3015 1914 affectio;
3045 1864 3098 1909 et
3124 1872 3231 1911 non
3262 1862 3576 1919 existimare

1996 1936 2210 1997 tempus
2242 1932 2308 1986 ad
2343 1936 2610 1990 medelam
2646 1939 2893 1997 suilicere
2929 1945 3203 2015 (quaenam
3236 1953 3380 2007 enim
3412 1954 3576 2010 fuerit

1991 2033 2056 2070 ex
2083 2028 2321 2090 tempore
2352 2024 2703 2099 medicina?),
2740 2032 2833 2086 sed
2870 2036 3012 2104 ejus,
3047 2040 3141 2108 qui
3178 2042 3277 2097 sibi
3314 2060 3409 2114 per
3438 2063 3572 2102 con-

1992 2113 2299 2168 versionem
2332 2119 2599 2187 medetur,
2625 2124 2868 2180 animum
2900 2136 2954 2182 et
2984 2131 3319 2191 institutum.

2061 2204 2220 2276 333
2253 2206 2378 2263 Haec
2408 2212 2533 2278 tibi,
2564 2229 2595 2269 o
2627 2216 2790 2271 homo
2822 2219 2945 2285 Dei,
2975 2239 3037 2277 ex
3072 2226 3140 2280 iis
3171 2245 3291 2297 quae
3317 2243 3472 2286 erant.
3503 2236 3570 2289 ad

1990 2314 2216 2355 manum
2250 2306 2495 2361 studiose
2524 2313 2825 2379 composita
2848 2355 2862 2377 ,
2890 2319 3029 2386 quod
3062 2332 3311 2390 oporteat
3336 2325 3568 2382 fratrum

1990 2394 2263 2447 mandatis
2302 2412 2527 2465 parere,
2558 2403 2800 2458 studiose
2845 2408 3117 2463 misimus.
3146 2410 3225 2465 Tu
3261 2430 3385 2469 vero
3430 2432 3565 2471 con-

1989 2495 2171 2541 suetas
2207 2502 2304 2556 pro
2338 2491 2495 2545 nobis
2526 2508 2714 2560 preces
2746 2494 2854 2551 Deo
2882 2498 3079 2553 oﬂ‘erre
3114 2519 3182 2557 uc
3217 2506 3563 2564 intermittas.

1992 2575 2162 2632 Debes
2201 2580 2345 2633 enim
2396 2592 2452 2636 ut
2497 2596 2682 2650 gratus
2728 2587 2899 2653 filius,
2930 2590 2978 2643 ei
3025 2593 3115 2659 qui
3169 2603 3219 2648 te
3262 2601 3561 2654 secundum

1987 2666 2153 2722 Deum
2194 2672 2412 2740 genuit,
2445 2674 2498 2727 in
2536 2686 2813 2734 senectute
2848 2697 2943 2750 per
2982 2694 3102 2740 tuas
3141 2691 3415 2747 orationes
3458 2694 3561 2749 ali-

1986 2770 2260 2826 mentum,
2298 2767 2683 2823 convenienter
2715 2786 2987 2843 praacepto
3020 2780 3165 2846 quod
3200 2781 3353 2850 jubet
3390 2784 3562 2839 hono-

1987 2867 2108 2906 rare
2138 2864 2417 2923 parentes,
2445 2868 2500 2910 ut
2534 2859 2629 2913 tibi
2658 2861 2780 2917 bene
2809 2866 2908 2931 sit,
2936 2876 2983 2920 et
3015 2870 3087 2923 sis
3120 2870 3378 2941 lonngus
3405 2893 3561 2945 super

1987 2951 2181 2999 terram
2202 2949 2266 3001 ⁷⁸.
2297 2949 2515 3004 Clarum
2548 2964 2633 3009 est
2665 2965 2841 3012 autem
2875 2960 3019 3028 quod
3054 2971 3111 3015 ut
3140 2966 3439 3033 symbolum
3471 2985 3562 3023 sa-

1907 3069 1948 3127 C
1985 3043 2277 3111 cerdotale,
2303 3045 2508 3102 litteras
2539 3050 2796 3120 accipies.
2819 3070 3127 3126 munusque
3154 3060 3421 3129 hospitale
3449 3080 3556 3117 non

1983 3144 2327 3199 conte-mnes,
2352 3140 2567 3196 etiamsi
2603 3143 2673 3198 sit
2702 3146 2884 3202 minus
2914 3164 3075 3217 quam
3110 3168 3209 3220 pro
3234 3169 3447 3211 summa
3479 3159 3557 3213 tui

1980 3223 2181 3293 ingenii
2213 3228 2476 3285 bonitate.

2054 3313 2270 3373 Τρωίας.
2331 3320 2562 3376 Constit.
2610 3326 2665 3389 '5,
2714 3327 2801 3381 tit.
2851 3329 2902 3395 7,
2946 3331 3041 3386 lib.
3079 3349 3118 3400 ι,
3161 3336 3286 3390 cod.
3353 3340 3553 3395 sustuli

1977 3410 2348 3476 paenitentiam
2400 3415 2829 3474 orthodoxorum
2865 3425 2929 3477 ad
2968 3424 3250 3483 haereticos
3295 3431 3552 3486 deiicien-

1976 3501 2134 3555 tium.
2175 3501 2395 3559 Novella
2436 3516 2617 3562 autem
2666 3510 2755 3577 57,
2795 3530 2915 3583 quae
2956 3517 3023 3571 de
3047 3516 3323 3576 Africanis
3369 3522 3552 3578 Eccle-

1974 3592 2072 3648 siis
2132 3594 2374 3663 disserit,
2443 3600 2640 3655 talibus
2716 3606 3048 3672 poenitentia:
3113 3619 3326 3682 tempus
3379 3617 3546 3671 dedit.

1969 3684 2202 3743 Constit.
2251 3706 2417 3758 porro
2469 3694 2556 3761 54,
2605 3696 2686 3750 tit.
2717 3696 2771 3761 4,
2824 3700 2917 3754 lib.
2954 3716 2994 3765 ι,
3034 3704 3157 3758 cod.
3188 3717 3241 3760 et
3275 3718 3450 3763 const.
3489 3709 3545 3776 2,

1970 3778 2053 3833 tit.
2113 3796 2150 3846 ι,
2186 3781 2557 3851 Novellarum,
2610 3790 2872 3861 episc0po
2921 3796 3122 3851 videnti
3174 3800 3543 3868 paenitentiam

1967 3872 2152 3926 clerici
2204 3875 2295 3943 qui
2325 3876 2439 3930 alca
2477 3878 2627 3945 lusit,
2681 3891 2773 3936 aut
2818 3891 3144 3953 spectaculis
3193 3891 3298 3963 [se]
3366 3893 3544 3947 immi-

1965 3961 2128 4027 scuit,
2170 3975 2485 4031 potestatem
2530 3968 2679 4035 facit,
2715 3982 2773 4026 ut
2813 3990 3025 4042 poenam
3052 3961 3361 4045 minuat,ﬁct
3386 3995 3540 4039 ante-

1962 4067 2125 4120 quam
2167 4064 2432 4112 statutum
2483 4067 2697 4130 tempus
2749 4068 3080 4134 completum
3118 4073 3208 4135 sit,
3244 4075 3418 4143 ipsum
3449 4092 3541 4131 sa-

1961 4154 2056 4193 cro
2108 4143 2411 4199 ministerio
2464 4152 2730 4206 restituat.
2781 4153 2980 4209 Verum
3031 4159 3133 4214 hoc
3178 4163 3537 4235 inepiscopis

1960 4234 2194 4300 speciale
2220 4247 2322 4294 est.
2350 4238 2488 4293 Nam
2522 4243 2710 4299 civiles
2730 4246 2946 4316 judices
2975 4251 3285 4309 facultatem
3316 4234 3533 4325 habent,

1960 4334 2016 4379 ut
2066 4326 2118 4380 in
2174 4329 2291 4399 ipsa
2348 4336 2617 4390 sententia
2676 4354 2891 4408 pmnam
2956 4352 3067 4398 tum
3118 4361 3370 4419 augeant.
3420 4362 3535 4408 tum

291 4389 474 4457 μειοῦν
523 4390 623 4460 τὴν
680 4396 870 4465 ποινήν
896 4411 909 4424 ·
936 4395 1079 4451 ὥστε
1129 4402 1227 4471 μέν
1256 4421 1338 4456 τοι
1371 4405 1461 4458 ἐπὶ
1493 4407 1751 4477 ἐκατέρου
1781 4411 1855 4480 μὴ

291 4478 601 4513 pangi-Am.
650 4482 749 4513 οὲ...
799 4487 1144 4513 mnum--1-..
1219 4489 1292 4513 Α--
1329 4490 1437 4513 mm
1502 4501 1588 4513 -__..
1623 4500 1631 4513 ρ
1670 4493 1723 4513 ,p,
1793 4494 1834 4513 m

2194 4389 2209 4399 _
2593 4389 2615 4390 η
2677 4389 2891 4408 ,-_--_---
2957 4389 3067 4398 η...
3118 4389 3370 4419 suum..."
3422 4389 3534 4408 ιυ...

1988 4416 2213 4473 ninuant
2245 4440 2258 4476 :
2293 4432 2353 4477 ut.
2394 4433 2574 4480 tamen
2625 4428 2679 4482 in
2730 4443 2959 4504 utroque
3015 4436 3226 4513 [modo]
3270 4446 3534 4501 rationem

289 4478 605 4548 παρεξιέναι
650 4482 749 4553 τὴν
799 4487 1165 4556 συμμετρίαν,
1216 4489 1292 4554 ὼς
1328 4490 1467 4562 βιδλ.
1500 4493 1757 4563 μηλίτίτ.
1792 4478 1856 4560 θ’,

284 4569 421 4624 διάτ.
472 4569 564 4640 ιβ’,
620 4571 721 4641 ιγ’
759 4576 807 4627 εί
852 4579 946 4629 καὶ
975 4579 1042 4632 τὰ
1081 4581 1316 4649 μάλιστα
1346 4584 1559 4655 εἴρηται
1595 4586 1736 4654 βιὸλ,
1780 4588 1860 4660 τῷ

283 4662 348 4714 αὐ
364 4662 431 4731 τῷ
469 4663 578 4717 τίτ.
615 4662 690 4731 ς’,
721 4666 861 4721 διάτ.
892 4666 963 4734 α’,
992 4670 1085 4722 καὶ
1125 4670 1466 4739 βιϐλ.ν’,τίτ.
1496 4674 1565 4738 α’,
1593 4676 1733 4732 διάτ.
1774 4677 1855 4741 ιε’,

281 4753 361 4806 ὅτι
386 4757 420 4824 ἡ
447 4756 543 4809 τοῦ
575 4758 782 4825 φάκτου
807 4758 1055 4830 ζήτησις,
1088 4764 1479 4839 ἐπιτέτραπται
1500 4768 1578 4836 τῷ
1604 4768 1854 4841 δικαστῇ,

281 4846 339 4899 οὗ
396 4849 507 4918 μὴν
564 4851 597 4919 ἡ
649 4850 742 4903 τοῦ
799 4853 963 4921 νόμου
999 4852 1370 4918 ὲπεξέλευσιςο
1438 4858 1586 4925 ὅμως
1623 4862 1722 4930 μέν
1775 4882 1855 4918 τοι

279 4938 684 5009 ψηφισάμενος,
712 4943 897 4996 οὐκέτι
926 4944 1150 4999 δύναται
1172 4946 1266 5014 τὴν
1293 4947 1471 5017 ψῆφον
1503 4950 1852 5024 ἀνατρέπειν·

282 5034 493 5100 ενῗρηται
556 5034 668 5103 γὰρ
715 5034 855 5103 βιϐλ.
889 5033 936 5099 ζ’
975 5036 1069 5090 τοῦ
1104 5038 1234 5091 κώδ.
1267 5041 1372 5093 τίτ.
1403 5039 1466 5107 ν’,
1495 5043 1636 5098 διάτ.
1669 5044 1739 5109 α’,
1771 5050 1854 5101 ὅτι

282 5119 401 5173 οὔτε
428 5123 529 5194 τὴν
560 5124 697 5178 ἰδίαν
726 5129 924 5197 ψῆφον,
953 5127 1078 5182 οὔτε
1120 5130 1219 5201 τὴν
1249 5131 1343 5183 τοῦ
1374 5132 1745 5205 διαλεχθέντος
1768 5140 1853 5193 δύ·

282 5214 433 5266 ναταί
468 5232 556 5277 τις
578 5216 930 5287 ἀνατρέπεινο
964 5221 1058 5273 καὶ
1093 5220 1233 5291 βιὸλ.
1265 5220 1308 5274 θ’
1338 5223 1440 5277 τίτ.
1469 5225 1553 5295 μζ¹
1578 5227 1717 5283 διάτ.
1765 5230 1850 5297 ιε’,

281 5301 357 5356 ὅτι
381 5304 410 5355 ὁ
447 5307 635 5375 ἄρχων
663 5309 762 5378 τὴν
792 5311 922 5380 παρ’
967 5313 1134 5366 αὑτοῦ
1187 5314 1514 5385 ἀνατρέπειν
1542 5320 1603 5372 οὐ
1634 5321 1851 5379 δύναται

281 5396 586 5464 ὁρισθεῖσαν
606 5404 819 5472 ποινήν.

359 5487 445 5539 Ἐν
476 5489 533 5542 δὲ
580 5492 663 5562 τῷ
711 5492 791 5563 με’
841 5496 1054 5566 διατάγ.
1091 5500 1184 5553 τοῦ
1214 5501 1262 5554 α’
1314 5503 1420 5559 τίτ.
1458 5505 1552 5559 τοῦ
1584 5506 1672 5578 μβ¹
1706 5508 1845 5578 βιὸλ.
1916 5547 1941 5564 ..

345 5665 385 5695 ⁷¹
411 5664 584 5723 Exod.
612 5684 705 5734 xx,
735 5671 825 5739 l2;
861 5673 1016 5730 Deut.
1039 5678 1219 5745 v,16;
1254 5679 1443 5737 Matth.
1472 5700 1557 5749 xv,
1583 5686 1635 5741 4.

1965 4520 2073 4560 non
2122 4511 2386 4565 excedant
2416 4528 2432 4567 :
2464 4519 2921 4585 quemadmodum
2966 4526 3060 4583 lib.
3093 4511 3280 4598 vaiu,
3332 4536 3414 4589 tit.
3449 4537 3533 4600 19,

1963 4598 2075 4669 dig.
2130 4601 2198 4654 l2
2248 4601 2551 4679 [traditur],
2606 4615 2822 4668 tametsi
2871 4618 3114 4685 ejusdem
3153 4624 3269 4692 lib.,
3332 4628 3411 4682 tit.
3449 4598 3535 4690 l6,

1916 4736 1921 4745 μ
1962 4691 2071 4759 dig.
2128 4693 2178 4760 1,
2210 4704 2263 4748 et
2302 4696 2395 4750 lib.
2461 4722 2511 4761 ι,
2542 4699 2625 4754 tit.
2672 4703 2723 4767 1,
2761 4704 2957 4776 digest.
3012 4712 3100 4774 15,
3127 4712 3257 4787 [vel]
3301 4721 3539 4775 maxime

1960 4783 2193 4849 dicatur,
2222 4789 2368 4856 quod
2399 4788 2576 4857 judici
2603 4794 2729 4850 facti
2767 4802 3016 4867 quaestio,
3054 4783 3162 4862 non
3192 4783 3371 4866 autem
3402 4815 3534 4885 legis

1963 4876 2272 4939 persecutio
2300 4881 2592 4937 commissa
2622 4885 2713 4940 sit.
2745 4885 2905 4945 Certe
2934 4893 3151 4962 quidem
3193 4902 3284 4968 qui
3318 4876 3537 4970 juditta-

1958 4964 2054 5028 vit,
2107 4970 2431 5024 sententiam
2481 4986 2730 5031 evertere
2751 4992 2858 5035 non
2887 4993 3087 5052 potest.
3135 4987 3345 5045 Dicitur
3378 5009 3533 5049 nam-

1956 5070 2062 5124 que
2108 5058 2202 5114 lib.
2249 5077 2343 5128 vn,
2394 5064 2516 5119 cod.
2566 5069 2651 5121 tit.
2693 5070 2783 5134 50,
2820 5079 3040 5133 constit.
3080 5080 3130 5146 l,
3172 5084 3316 5151 quod
3355 5102 3534 5157 neque

1957 5163 2111 5205 suam
2158 5165 2337 5221 neque
2388 5154 2695 5214 decessoris
2729 5162 2813 5215 sui
2861 5170 3185 5225 sententiam
3239 5176 3528 5246 quisquam

1956 5242 2266 5299 rescindere
2315 5249 2504 5314 possit.
2538 5247 2603 5301 Et
2633 5249 2725 5306 lib.
2766 5269 2838 5319 Ix,
2883 5258 2965 5312 tit.
3001 5261 3091 5324 47,
3128 5262 3290 5337 334
3349 5242 3526 5326 const.

1961 5330 2048 5397 15,
2089 5333 2232 5401 quod
2269 5335 2481 5403 praesidi
2532 5351 2749 5405 pmnam
2783 5359 2880 5399 sua
2910 5348 3108 5404 dictam
3140 5330 3417 5412 septennia
3443 5376 3523 5413 re-

1959 5435 2154 5475 v0t'are
2180 5439 2287 5478 non
2318 5426 2496 5480 liceat.
2530 5484 2545 5497 ω

2035 5512 2246 5572 Textus.
2311 5516 2367 5572 ln
2420 5520 2612 5591 digest.
2669 5527 2761 5592 45,
2800 5527 2880 5583 tit.
2924 5531 2975 5597 1,
3021 5533 3114 5591 lib.
3141 5553 3271 5604 xui,
3310 5556 3521 5611 plenam
