3904 6220
422 258 526 321 815
1613 263 1874 324 ΡΗΟΤΙΙ
1916 266 1964 325 Ρ.

2088 267 2416 329 tIARCH/E
2460 270 2569 329 cr.
3538 281 3630 347 διδ

413 368 681 422 sententia
717 366 940 433 dictam,
970 370 1087 425 sine
1122 370 1407 441 principali
1459 376 1783 430 auctoritate
1818 394 1955 445 nequ

2097 382 2282 450 φησιν,
2312 381 2394 433 ὅτι
2424 382 2523 451 τὴν
2551 380 2917 451 ψηφισθεῖσαν
2964 384 3152 455 ποινὴν
3205 386 3436 463 αὔξεινῆ
3465 401 3632 464 μειοῦν

412 460 663 529 ampliari
711 477 889 531 neque
930 463 1100 517 minui
1136 479 1296 534 posse
1326 464 1551 520 dicitur.
1586 466 1765 521 Etlib.
1796 483 1954 523 xum

2099 474 2128 523 6
2157 474 2339 544 ἄρχων
2377 477 2543 545 χωρὶς
2572 473 2858 544 βασιλικῆς
2884 473 3171 536 αὐθεντίας
3194 479 3252 530 οὐ
3278 460 3522 538 δύναται·
3556 494 3639 545 καὶ

415 565 495 622 tit.
534 552 617 618 l8,
662 551 773 622 dig.
822 554 872 609 1.
908 555 1024 609 ait:
1063 553 1119 608 Si
1155 570 1352 610 servus
1405 567 1553 612 metu
1588 557 1655 611 ad
1701 557 1957 612 dominum

2101 563 2241 633 βιὸλ.
2302 562 2551 638 μη’,τίτ.
2604 563 2693 634 ιη’,
2734 565 2870 619 διάτ.
2920 564 2969 620 α’
3020 569 3203 637 φησὶν,
3233 567 3436 626 ὃτιὲὰν
3475 577 3639 646 δοῦλος

406 653 715 722 revertendi
783 648 1011 723 [crimen
1062 645 1304 720 aliquod]
1349 647 1404 701 in
1457 664 1516 703 se
1582 649 1876 720 contingat,
1938 667 1948 703 ι

2103 656 2436 745 φοϐούμενος
2496 655 2635 726 πρὸς
2686 655 2779 710 τὸν
2829 658 3108 729 Δεσπότην
3143 660 3493 734 ὑποστρέψαι,
3525 673 3638 745 εἴπῃ

409 757 535 818 post
564 740 1073 800 condemnationem
1106 753 1171 793 eo
1197 738 1264 793 de
1296 740 1533 795 consciis
1572 742 1822 811 quaesito,
1850 743 1951 796 veri

2100 745 2223 798 καθ’
2256 744 2449 798 ἑαυτοῦ
2482 745 2757 810 πλαστῶς,
2789 747 2884 800 καί
2926 747 3065 816 μετὰ
3097 729 3402 821 καταδίκην·
3437 729 3638 824 gmw:

410 847 497 892 tas
527 841 786 905 appareat
818 848 829 883 :
866 830 1129 884 liberatur
1167 843 1351 899 poena,
1375 843 1549 897 eaque
1576 830 1890 885 conditione
1919 847 1951 885 n

2101 838 2263 908 μένου
2296 837 2463 891 αὐτοῦ
2494 838 2623 909 περὶ
2646 837 2755 893 τῶν
2786 840 3134 910 συνιστόρων,
3183 846 3321 913 φανῇ
3351 846 3383 915 ἡ
3411 846 3638 917 ἀλήθεια,

410 929 479 983 ad
528 926 808 981 dominum
861 929 1168 976 revertatur
1209 934 1240 973 a
1287 920 1511 975 cohorte
1561 921 1891 985 divenditur,
1936 937 1952 976 ε

2099 929 2478 1000 ἐλευθεροῦται
2505 928 2606 999 τῆς
2627 931 2840 1001 ποινῆς,
2872 932 2967 984 καὶ
2994 932 3081 984 διὰ
3104 932 3202 1002 τῆς
3228 934 3427 1001 τάξεως
3452 944 3640 1011 πικρά.

410 1018 647 1090 pretium
693 1014 916 1070 domino
964 1013 1147 1067 datur.
1182 1010 1357 1067 Judex
1392 1022 1575 1067 autem
1618 1013 1713 1084 qui
1748 1014 1952 1085 aliquer

2098 1039 2311 1086 σκεται,
2338 1023 2423 1090 ἐφ’
2455 1014 2501 1090 ᾧ
2563 1020 2638 1092 μὴ
2695 1023 3034 1093 ὑποστρέψαι
3069 1024 3204 1094 πρὸς
3236 1026 3325 1078 τὸν
3362 1031 3638 1102 Δεσπότην,

412 1108 690 1166 damnavit
722 1115 978 1176 tanquam
1010 1112 1243 1169 sontem,
1273 1104 1505 1158 liberare
1533 1105 1800 1160 insontem
1839 1121 1954 1161 com

2101 1114 2190 1164 καὶ
2217 1111 2278 1165 τὸ
2306 1112 2522 1182 τίμημα
2548 1110 2624 1181 τῷ
2648 1112 2896 1184 Δεσπότῃ
2924 1112 3126 1165 δίδοται
3147 1127 3161 1142 '
3184 1112 3342 1177 αὐτὸς
3364 1114 3418 1168 δὲ
3444 1118 3470 1170 6
3490 1134 3643 1172 κατα-

408 1210 624 1271 pertutn
658 1216 765 1254 non
796 1206 996 1269 potest.
1050 1195 1235 1265 Neque
1262 1196 1407 1249 enim
1453 1197 1741 1266 quisquam
1774 1207 1950 1252 senten

2102 1201 2319 1265 δικάσας
2374 1202 2451 1266 ὡς
2502 1202 2672 1255 αἴτιόν
2734 1219 2892 1265 τινα,
2951 1203 3013 1257 οὐ
3074 1203 3298 1258 δύναται
3348 1206 3644 1278 ἐλευθεροῦν

410 1293 542 1346 tiam
580 1307 735 1346 suam
781 1300 1021 1353 revocat,
1062 1288 1275 1341 etiamsi
1322 1289 1636 1357 pecuniaria
1671 1290 1759 1343 sit.
1789 1292 1847 1342 In
1880 1289 1952 1343 eri

2100 1292 2333 1345 ἀναίτιον
2389 1292 2817 1363 εὑρισκόμενονυ
2868 1294 2995 1348 οὔτε
3052 1296 3162 1366 γάρ
3212 1313 3297 1360 τις
3320 1297 3415 1366 τὴν
3451 1299 3642 1352 οἰκείαν

411 1386 648 1440 minibus
673 1384 837 1453 igitur
865 1383 931 1437 de
962 1398 1026 1436 eo
1051 1383 1117 1436 ad
1150 1385 1447 1451 principem
1476 1382 1677 1435 referre
1702 1380 1953 1453 [judicent

2098 1381 2271 1451 ψῆφον
2335 1382 2710 1450 ἀνακαλεῖται,
2770 1384 2875 1438 κᾶν
2930 1387 3247 1458 χρηματικὴ
3299 1388 3403 1458 εἴη.
3463 1389 3640 1445 δεῖοὗν

408 1485 641 1545 oportet.
702 1474 767 1529 Et
800 1475 993 1545 digest.
1036 1477 1068 1529 υ
1099 1485 1150 1528 et
1191 1474 1283 1528 27.
1324 1474 1406 1527 tit.
1454 1474 1539 1538 t9,
1589 1474 1829 1543 ejusdem
1888 1474 1950 1527 lit

2098 1471 2223 1542 περ).
2285 1468 2476 1523 τούτου
2509 1470 2719 1542 βασιλεῖ
2749 1474 3044 1543 ἀναφέρειν
3074 1473 3165 1525 ἐπὶ
3215 1476 3322 1526 τῶν
3379 1475 3640 1544 ἐγκλημε-

409 1567 642 1621 Decurio
671 1581 845 1635 neque
873 1565 927 1618 in
961 1564 1260 1629 metallum,
1315 1579 1493 1632 neque
1532 1565 1584 1617 in
1621 1580 1757 1634 opus
1783 1565 1951 1618 ntetal‘

2099 1577 2236 1615 τωνο
2284 1562 2377 1615 καί
2408 1561 2547 1617 διάτ.
2602 1560 2666 1627 θ’,
2715 1564 2809 1616 καί⁸
2840 1561 2922 1627 κζ’
2965 1564 3059 1617 τοῦ
3104 1563 3168 1616 ιϐ’
3226 1564 3330 1617 τίτ.
3375 1562 3468 1618 τοῦ
3495 1565 3641 1618 αὑτοῦ

406 1659 718 1721 damnatur,
761 1672 858 1712 nec
901 1656 1065 1711 furcae
1128 1657 1435 1725 subjicitur,
1488 1673 1662 1727 neque
1714 1659 1948 1713 exuritur

2100 1654 2234 1724 βιϐλ.
2297 1655 2382 1709 ὅτι
2449 1655 2741 1726 βουλευτὴς
2800 1655 2923 1709 οὔτε
2985 1657 3062 1719 εἰς
3095 1655 3356 1726 μέταλλον
3387 1699 3401 1722 ,
3440 1655 3555 1710 οὔτε
3573 1659 3642 1719 εἰς

413 1750 518 1806 Sed
546 1750 761 1805 tametsi
791 1750 895 1804 tale
916 1748 1191 1818 quidpiam
1222 1749 1527 1817 judicatum
1560 1750 1649 1814 sit,
1686 1750 1950 1805 liberatur

2097 1746 2246 1818 ἔργον
2308 1747 2571 1818 μετάλλου
2627 1747 3069 1813 καταδικάζεται,
3113 1746 3237 1800 οὔτε
3298 1747 3639 1817 φουλκίζεται,

410 1856 518 1896 non
576 1838 849 1913 [quidem]
898 1854 995 1909 per
1049 1839 1309 1915 judiccm,
1364 1840 1455 1894 sed
1509 1856 1603 1908 per
1664 1841 1952 1911 principem

2097 1838 2213 1892 οὔτε
2276 1841 2513 1906 καίεται,
2577 1840 2692 1893 ἀλλ’
2731 1840 2779 1892 εἰ
2846 1839 2939 1892 καί
2982 1857 3033 1891 τι
3097 1838 3337 1893 τοιοῦτον
3394 1840 3639 1910 ψηφισθῇ.

407 1932 500 2001 qui
556 1931 696 2003 [eam
729 1929 868 2001 rem]
898 1929 1123 1985 edoctus
1168 1944 1383 1999 poenam
1416 1942 1509 1985 aut
1550 1942 1843 2000 permutat,
1891 1947 1949 1987 au

2097 1929 2499 2001 ἐλευθεροῦται,
2533 1930 2726 1997 οὐ,διὰ
2789 1928 2882 1983 τοῦ
2939 1930 3220 2000 ἄρχοντος,
3270 1931 3404 1984 ἀλλὰ
3430 1930 3513 1983 διὰ
3556 1930 3639 1982 τοῦ

408 2022 685 2086 remittit,
740 2029 796 2077 et
832 2020 1097 2093 praesides
1136 2021 1436 2076 sententias
1476 2037 1602 2077 suas
1626 2038 1733 2077 non
1778 2024 1950 2079 rescin

2101 2019 2368 2090 βασιλέως
2432 2021 2860 2090 διδασκομένου,
2913 2022 3013 2091 τὴν
3065 2021 3341 2091 τιμωρίαν
3406 2020 3642 2074 ἐναλλάσ-

404 2115 559 2169 dunt.
593 2114 662 2168 Se
691 2123 871 2167 tamen
907 2113 960 2166 in
991 2112 1193 2183 sequis
1234 2115 1516 2178 mentitus,
1562 2126 1657 2170 aut
1712 2116 1783 2170 ob
1818 2116 1946 2171 dele

2100 2130 2273 2177 κοντος
2346 2114 2380 2185 ἢ
2460 2113 2912 2185 ἐλευθεροῦντας·
2969 2114 3065 2169 καὶ
3130 2115 3178 2167 οἰ
3240 2113 3497 2183 ἄρχοντες
3550 2114 3642 2165 οὐκ

404 2214 549 2260 ctum
575 2203 1011 2259 testiﬁcationum
1031 2206 1423 2261 condemnatus
1448 2207 1633 2274 fuerit,
1665 2222 1716 2264 et
1742 2222 1946 2282 postmo

2098 2206 2450 2277 ὶνατρέπουσι
2485 2207 2584 2268 τὰς
2638 2207 2774 2269 ἰδίας
2802 2206 3045 2275 ψήφους·
3078 2207 3125 2258 εἰ
3165 2206 3351 2274 μέντοι
3404 2223 3484 2269 τις
3529 2204 3640 2257 καθ’

403 2295 533 2351 dum
580 2295 928 2364 probationes
976 2310 1097 2364 qua:
1137 2296 1314 2365 ipsum
1368 2298 1561 2367 juveut
1611 2302 1945 2357 inveniantur

2096 2297 2277 2349 ἑαυτοῦ
2328 2296 2690 2365 ψευσάμενος,
2732 2298 2764 2365 ἢ
2822 2296 3028 2366 ἀπορία
3073 2296 3389 2359 συστάσεως
3433 2295 3638 2348 καταδι-

405 2387 661 2457 princeps
690 2394 785 2441 aut
808 2387 1001 2441 liberat
1027 2402 1153 2441 eum
1214 2397 1309 2443 aut
1338 2404 1558 2459 poenam
1592 2392 1810 2450 minuit.

2096 2387 2281 2457 μιασθῇ,
2309 2387 2402 2439 καί
2427 2385 2651 2453 ὕστερον
2673 2383 2939 2454 εὐρεθῶσι
2957 2382 3253 2454 βοηθοῦντα
3279 2382 3423 2452 αὺτῷ
3437 2380 3638 2434 δικαιώ-

2087 2491 2251 2545 ματα,
2316 2476 2345 2526 6
2401 2472 2724 2543 βασιλεὺςῆ
2777 2472 3054 2543 ἐλευθεροῖ
3104 2472 3339 2543 αὐτδνῆ
3394 2474 3529 2542 μειοῖ
3550 2471 3638 2540 τὴν

2082 2567 2295 2631 ποινήν.

471 2650 688 2706 Textus.
743 2650 965 2722 [Atque]
999 2652 1112 2705 haec
1159 2650 1428 2723 [quidem]
1463 2652 1529 2706 de
1558 2652 1813 2721 perfectis
1852 2670 1977 2709 sen-

2151 2656 2333 2709 Ταῦτα
2385 2656 2517 2727 περί
2579 2656 2881 2710 αὐτοτελῶν
2914 2658 3129 2727 εῖρηται
3177 2656 3410 2727 ψήφων·
3448 2655 3512 2710 τὰ
3537 2654 3634 2723 γὰρ

397 2747 585 2802 tentiis
634 2746 777 2801 dicta
830 2746 960 2800 sint.
1013 2745 1293 2816 Siquidem
1344 2762 1468 2816 quae
1516 2747 1681 2813 judcx
1725 2748 1779 2801 in
1824 2758 1939 2817 part

2092 2751 2214 2803 card
2260 2750 2425 2821 μέρος
2485 2749 2899 2819 διαλαλούμενα,
2930 2750 3151 2804 δύναται
3188 2751 3218 2803 6
3250 2750 3507 2816 δικαστὴς
3550 2747 3634 2800 καὶ

398 2837 603 2909 [aliqua
629 2835 842 2907 judicii]
876 2837 1233 2893 interlocutus
1283 2836 1467 2905 fuerit,
1508 2853 1570 2892 ea
1602 2852 1827 2906 prorsus
1870 2838 1940 2892 tot

2090 2842 2294 2906 τελείως
2321 2844 2564 2912 ἀναιρεῖν
2598 2844 2693 2896 καὶ
2722 2843 3089 2905 ὲναλλάσσειν,
3116 2842 3190 2905 ὡς
3219 2842 3367 2912 βιϐλ.
3421 2839 3632 2911 μβ’,τίτ.

394 2930 507 2985 lere
536 2937 589 2983 et
615 2929 906 2984 immutare
940 2938 1116 2999 potest
1147 2945 1161 2981 :
1197 2930 1655 2998 quemadmodum
1697 2929 1791 2984 lib.
1841 2946 1926 2983 xu

2092 2932 2302 2999 ι’,διάτ.
2363 2935 2447 2999 ιδ’,
2506 2934 2600 2987 καὶ
2647 2932 2791 3004 βιόλ.
2848 2930 3025 2996 δ’,τίτ.
3080 2932 3315 3002 η’,διάτ.
3363 2931 3450 2991 tO‘,
3505 2926 3569 2980 κ’·
3610 2930 3634 2978 6

393 3020 481 3074 tit.
531 3018 582 3071 1.
613 3018 811 3089 digest.
870 3018 960 3084 14,
991 3027 1045 3074 et
1066 3019 1159 3073 lib.
1192 3033 1266 3083 tv,
1296 3019 1380 3073 tit.
1406 3019 1460 3082 8,
1494 3020 1692 3089 digest.
1753 3019 1838 3083 l9,
1880 3019 1935 3073 2t

2090 3025 2179 3094 μὲν
2212 3024 2319 3096 γὰρ
2362 3025 2712 3097 διαλαλήσας,
2751 3025 2901 3095 μένει
2939 3024 3201 3093 δικαστής
3229 3039 3246 3055 ο
3281 3025 3310 3076 6
3331 3022 3386 3075 δὲ
3410 3020 3632 3090 ψηφισά-

391 3107 694 3181 [traditur].
745 3107 813 3162 Et
860 3108 1057 3163 merito
1106 3107 1397 3181 [quidem].
1438 3106 1574 3164 Nam
1614 3110 1705 3178 qui
1746 3110 1933 3164 interlc

2092 3132 2257 3179 ιενος,
2295 3115 2571 3169 πέπαυται
2600 3116 2688 3169 ἐπ’
2714 3115 2863 3185 αὐτῷ
2898 3113 2976 3185 τῷ
3008 3114 3301 3184 πράγματι
3327 3107 3465 3165 εἶναι
3495 3110 3634 3162 δικα-

390 3209 553 3255 cutus
575 3208 681 3262 est,
718 3210 901 3254 manet
933 3199 1098 3269 judex
1138 3217 1151 3253 :
1182 3202 1272 3270 qui
1306 3217 1438 3254 vero
1472 3200 1793 3256 sententiam
1813 3200 1922 3255 dixi

2089 3206 2230 3275 στὴς,
2273 3206 2348 3269 ὡς
2396 3206 2537 3275 βιῦλ.
2594 3207 2778 3277 μ’,τίτ.
2825 3204 2898 3276 η’,
2924 3205 3062 3259 διάτ.
3108 3202 3177 3270 κ’,
3219 3204 3317 3259 καὶ
3372 3193 3631 3273 βιϐλ.μβό

390 3291 445 3345 in
489 3290 679 3345 eadem
727 3289 865 3362 [illa]
904 3306 962 3344 re
991 3291 1157 3359 judex
1197 3306 1317 3347 esse
1361 3292 1555 3347 desiit:
1589 3302 1647 3347 ut
1680 3293 1774 3347 lib.
1835 3307 1921 3346 xu

1028 3292 1157 3346 udex
1197 3306 1317 3347 esse
1361 3292 1555 3347 desiit:
1589 3302 1647 3347 ut
1680 3293 1774 3347 lib.
1835 3307 1967 3354 χιιι.
2074 3296 2181 3349 ett.
2220 3295 2449 3359 α’,διάτ.
2478 3296 2570 3351 νε’.

391 3384 477 3438 tit.
512 3384 566 3449 l,
603 3382 712 3452 dig.
749 3382 819 3436 55
846 3381 1141 3455 [docetur].

1742 3760 2150 3847 ΤΙΤΛΟΣ
2225 3762 2309 3844 I'.

386 3964 545 4020 ΠΕΡΙ
582 3966 989 4021 ΔΙΟῙΚΠΣΕΩΣ
1044 3965 1657 4021 ΕΚΚΔΙῙΣΙΛΣΤΙΚΩΝ
1698 3966 2122 4020 ΠΡΑΓΜΑΤΩΝ
2148 4006 2162 4029 ,
2203 3966 2324 4019 ΚΑΙ
2382 3964 2543 4017 ΠΕΡΙ
2581 3962 2718 4017 ΤΩΝ
2758 3964 2993 4018 ΙΔΙΚΩΝ
3045 3962 3183 4016 ΤΟΥ
3220 3954 3628 4017 ΕΠΙΣΚΟΠΟΥ.

1698 4310 2163 4389 Tl'l‘ULUS
2235 4310 2327 4386 Χ.

519 4493 678 4565 335
711 4492 798 4547 DE
837 4484 1476 4546 ADMINISTRATIONE
1513 4482 1915 4541 PATRIMONII
1955 4479 2495 4551 ECCLESIASTICI,
2519 4480 2606 4536 ET
2635 4481 2723 4538 DE
2755 4479 2848 4535 RE
2880 4480 3172 4539 PROPRIA
3201 4477 3526 4537 EPlSCOPI.

421 4666 648 4724 CAPUT
676 4667 727 4739 _l.
755 4699 823 4708 —
870 4666 1123 4735 Oportere
1187 4681 1510 4719 (economum
1566 4665 1631 4718 de
1657 4662 1905 4721 Ecclesiae

2136 4662 2383 4716 ΚΕΦΑΛ.
2415 4660 2500 4718 A'.
2528 4692 2596 4703 —
2625 4646 2899 4731 ΠερΓτΟῦ
2933 4661 3152 4731 χρῆναι
3181 4663 3290 4715 τὸν
3318 4659 3626 4726 οἰκονόμον

1033 4752 1172 4807 clero
1192 4754 1311 4821 ﬁat.
2057 4751 2126 4805 ἐκ
2162 4752 2267 4806 τοῦ
2299 4751 2530 4820 κλήρου
2558 4770 2575 4806 ι

2057 4751 2126 4805 ἐκ
2162 4752 2267 4806 τοῦ
2299 4751 2530 4820 κλήρου
2558 4752 2668 4821 τῆς
2710 4754 3077 4819 Ἐκκλησιάς
3104 4749 3278 4807 εἶναι.

657 4844 863 4902 Concil.
891 4845 1331 4901 Chalcedonensis
1356 4861 1525 4899 canon
1582 4844 1672 4899 26.

2310 4844 2580 4900 Συνόδου
2608 4846 2995 4913 Χαλκηδόνος
3027 4845 3227 4899 κανὼν
3262 4850 3374 4909 κς’.

442 4937 535 4994 ες.
574 4937 847 5004 Quoniam
907 4936 964 4989 in
995 4935 1274 4990 nonnullis
1305 4933 1584 4999 Ecclesiis,
1640 4942 1698 4987 ut
1725 4948 1867 5003 saepe
1920 4950 1950 4989 a

2124 4935 2237 5001 κς’.
2300 4936 2518 5006 Ἐπειδὴ
2580 4936 2637 4989 ἐν
2677 4953 2818 4990 τισιν
2844 4936 3209 5007 Ἐκκλησίαις,
3249 4938 3325 4998 ὡς
3366 4931 3622 5004 περιηχή-

372 5032 532 5087 nobis
591 5028 837 5084 auditum
890 5038 994 5093 est,
1053 5028 1293 5098 episcopi
1324 5036 1488 5097 atque
1530 5028 1799 5082 eeconomi
1843 5040 1914 5081 tra

2083 5044 2248 5098 ημεν,
2289 5027 2409 5099 δίχα
2459 5030 2759 5099 οἰκονόμων
2815 5029 2864 5081 οἰ
2896 5028 3182 5083 ἐπίσκοποι
3224 5029 3296 5082 τὰ
3340 5027 3624 5095 ἐκκλησια-

372 5132 523 5177 ctant
572 5138 660 5177 res
706 5121 1129 5184 ecclesiasticas,
1161 5121 1365 5190 placuit
1389 5134 1608 5174 omnem
1651 5119 1909 5174 Ecclesia:

2079 5121 2220 5174 ιτικὰ
2281 5119 2579 5191 χειρίζουσι
2619 5121 2940 5192 πράγματα,
2971 5120 3118 5186 ἔδοξε
3156 5122 3340 5174 πᾶσαν
3400 5115 3621 5182 Ἐκκλη-

371 5214 691 5282 episcopum
748 5212 1062 5279 habentem,
1121 5226 1186 5266 ex
1240 5212 1463 5281 proprio
1519 5212 1691 5276 clero,
1726 5226 1913 5267 meone

2076 5210 2179 5265 τίαν
2209 5212 2509 5264 ἐπίσκοπον
2538 5211 2790 5281 ἔχουσαν,
2825 5212 2919 5265 καί
2949 5212 3231 5283 οἰκονόμον
3263 5210 3411 5278 ἔχειν
3441 5209 3505 5259 ἐκ
3531 5204 3618 5256 τοῦ

370 5317 523 5359 mum
556 5304 778 5370 habere,
846 5314 906 5358 ut
938 5303 1056 5358 sine
1089 5304 1318 5359 testibus
1365 5303 1436 5359 sit
1469 5302 1732 5358 Ecclesiae
1765 5303 1909 5357 admi

2078 5298 2189 5352 δίου
2216 5299 2444 5370 κλήρου,
2476 5300 2865 5371 οἰκονομοῦντα
2903 5301 2971 5355 τὰ
3018 5299 3448 5371 ἐκκλησιαστικὰ
3486 5292 3620 5348 κατὰ

369 5396 644 5459 nistratio,
685 5410 788 5449 nec
852 5394 975 5450 ideo
1011 5410 1099 5450 res
1130 5395 1249 5465 ejus
1301 5395 1664 5465 dissipentur,
1722 5404 1775 5447 et
1822 5410 1911 5464 pro

2076 5391 2276 5461 ’νώμην
2332 5392 2427 5444 τοῦ
2492 5392 2622 5445 ἰδίου
2654 5392 2953 5444 ἐπισκόπου
2992 5408 3003 5420 ⁸
3030 5392 3169 5445 ὥστε
3202 5392 3277 5461 μὴ
3310 5391 3618 5459 ἀμάρτυρον

367 5488 524 5541 brum
553 5503 618 5540 ac
638 5487 873 5543 dedecus
898 5488 1207 5543 sacerdotio
1245 5489 1517 5542 inuratur.
1556 5486 1611 5541 Si
1638 5497 1816 5542 autem
1842 5489 1909 5541 bo

2072 5479 2191 5536 Ivat
2228 5482 2324 5554 τὴν
2379 5484 2691 5554 οἰκονομίαν
2735 5483 2835 5555 τῆς
2900 5484 3377 5567 'Exxlncf1;,.xal
3419 5486 3481 5534 ὲκ
3504 5477 3614 5532 τού-

367 5593 477 5631 non
509 5576 718 5642 fecerit,
771 5594 894 5633 eum
931 5578 1129 5634 divinis
1179 5579 1343 5633 etiam
1396 5579 1697 5633 canonibus
1721 5578 1909 5648 subjici

2070 5595 2144 5631 του
2166 5579 2554 5651 σκορπίζεσθαι
2567 5583 2633 5635 τὰ
2660 5582 2754 5651 τῆς
2772 5582 2939 5651 αὐτῆς
2957 5580 3279 5649 Ἐκκλησίας
3296 5580 3612 5649 πράγματα.

365 5674 458 5725 καὶ
525 5670 791 5741 λοιδορίαν
832 5676 896 5743 τῇ
952 5674 1219 5745 ἱερωσύνῃ
1272 5673 1695 5745 προστρίϐεσθαι
1732 5688 1743 5701 '
1780 5674 1826 5725 εἰ
1858 5673 1911 5725 δὲ
1950 5674 2023 5743 μὴ
2057 5671 2213 5726 τοῦτο
2262 5677 2410 5745 ποιῇ,
2446 5674 2765 5729 ὑποκεῖσθαι
2795 5675 2956 5729 αὑτὸν
2996 5678 3106 5737 τοῖς
3154 5674 3316 5731 θείοις
3380 5671 3610 5726 κανόσιν.
