3904 6220
303 320 405 383 8J7

543 425 812 482 Συνόδου
840 422 1087 488 Νικαίας
1118 422 1185 475 τὸ
1205 421 1288 486 β’,
1309 419 1509 474 κανὼν
1542 419 1630 475 ια’.

374 520 499 573 Ὅτι
526 516 983 583 δεῖοἰκονόμους
1015 510 1169 567 εἶναι
1205 513 1274 565 ἐν
1301 511 1425 579 τοῖς
1465 512 1871 579 ἐπισκοπεὶοις

300 611 394 664 καί
426 610 550 675 τοῖς
574 606 1020 675 μοναστηρίοις.

371 700 458 755 ια’.
502 699 790 769 Ὑπόχρεοι
819 698 972 761 ὄντες
1020 698 1231 762 πάντας
1248 698 1375 760 τοὺς
1405 696 1584 759 θείους
1640 696 1872 759 κανόνας

297 792 611 860 φυλάττειν,
646 788 853 842 καὶτὸν
880 788 1109 856 λέγοντα
1136 788 1452 858 οἰκονόμους
1482 783 1622 841 εἶναι
1653 789 1710 855 ὲν
1741 786 1872 840 ἑκά-

298 899 398 955 στῃ
425 882 745 954 Ἐκκλησία,
764 882 927 935 παντὶ
956 883 1144 952 τρόπῳ
1161 881 1557 951 ἀπαράτρωτον
1593 880 1870 950 διατηρεῖν

297 972 587 1041 ὀφείλομεν
614 989 628 1004 θ
664 973 759 1025 καὶ
786 973 836 1025 εἰ
861 970 961 1043 μὲν
1001 972 1232 1034 ἕκαστος
1262 970 1663 1041 μητροπολίτης
1695 973 1754 1024 ὲν
1800 972 1868 1041 τῇ

308 1062 611 1135 Ἐκκλησία
634 1062 797 1116 αὑτοῦ
832 1064 1060 1134 καθιστᾷ
1086 1063 1388 1133 οἰκονόμον,
1420 1061 1601 1127 καλῶς
1625 1060 1691 1116 ἂν
1716 1062 1829 1133 ἔχοι
1852 1078 1865 1092 ⁶

295 1155 347 1206 εἰ
380 1154 437 1207 δὲ
479 1156 551 1226 μή
586 1172 671 1223 γε,
703 1154 763 1220 ἐξ
811 1155 1095 1219 αὐθεντίας
1130 1155 1265 1219 ἰδίας
1308 1154 1385 1225 τῷ
1430 1157 1870 1209 Κωνσταντινου-

296 1246 512 1308 πόλεως
539 1248 822 1317 ὲπισκόπῳ
855 1247 1008 1301 ἄδειά
1036 1249 1150 1300 ἐστι
1168 1245 1615 1318 προχειρίζεσθαι
1660 1248 1868 1301 οἰκονό-

297 1355 401 1400 μον
415 1338 476 1391 ὲν
493 1340 559 1409 τῇ
588 1337 753 1392 αὑτοῦ
783 1338 1081 1410 Ἐκκλησία
1095 1356 1109 1369 ·
1129 1337 1391 1401 ὡσαύτως
1417 1338 1640 1402 καὶτοῖς
1662 1356 1870 1410 μητρο-

292 1430 571 1493 πολίταις,
602 1430 651 1482 εἰ
683 1431 733 1482 οἱ
762 1430 853 1482 ὑπ’
885 1430 1079 1492 αὐτοὺς
1112 1429 1402 1483 ἐπίσκοποι
1429 1431 1489 1482 οὑ
1523 1429 1865 1501 προαιροῦν-

292 1538 387 1574 ται
402 1522 716 1592 οἰκονόμους
738 1524 1145 1593 ἐγκαταστῆσαι
1170 1522 1227 1574 ὲν
1242 1523 1359 1585 ταῖς
1385 1522 1594 1574 ἑαυτῶν
1632 1521 1868 1591 Ἐκκλη-

292 1613 443 1676 σίαις
480 1629 493 1643 ο
517 1612 580 1666 τὸ
595 1613 725 1667 αὐτὸ
749 1614 804 1667 δὲ
832 1613 1191 1682 φνλάττεσθαι
1212 1615 1306 1666 καὶ
1340 1613 1433 1666 ἐπὶ
1464 1613 1574 1667 τῶν
1600 1631 1871 1685 μοναστη-

296 1720 460 1775 ριων.

404 1795 698 1863 Θεοφίλου
722 1795 790 1849 ἐκ
819 1795 925 1849 τοῦ
961 1794 1440 1866 Ὑπομνηστικοῦ
1457 1797 1659 1852 κανὼν
1687 1797 1755 1854 0'.

370 1884 437 1939 θ’.
471 1887 634 1939 Ὥστε
663 1885 855 1962 γνώμῃ
899 1888 1100 1953 παντὸς
1137 1888 1231 1941 τοῦ
1260 1890 1550 1960 ἱερατείου,
1584 1892 1871 1962 οἰκονόμον

288 1977 686 2047 ἀποδειχθῆναι
718 1979 925 2050 ἕτερον,
958 1981 1044 2049 ἐφ’
1062 1974 1107 2049 ᾧ
1140 1980 1449 2035 συντίθεται
1477 1983 1616 2037 καὶὸ
1642 1983 1872 2038 ἐπίσκο-

288 2086 399 2132 πος
442 2070 735 2134 Ἀπόλλων,
774 2071 912 2143 πρὸς
936 2071 998 2126 τὸ
1024 2073 1095 2127 τὰ
1132 2076 1230 2145 τῆς
1265 2073 1595 2146 Ἐκκλησίας
1622 2078 1703 2139 εἰς
1748 2076 1867 2129 δέον

287 2161 711 2217 ἀναλίσκεσθαι.

375 2253 442 2306 Ἠ
476 2252 554 2323 λβ¹
582 2254 725 2309 διάτ.
766 2255 860 2309 τοῦ
900 2254 949 2324 γ’
1007 2257 1113 2311 τίτ.
1158 2256 1253 2310 τοῦ
1312 2255 1362 2310 α’
1410 2257 1552 2328 βιϐλ.
1588 2259 1680 2313 τοῦ
1735 2259 1865 2315 κώδ.

287 2344 443 2413 λέγει
468 2346 559 2399 τὸν
580 2348 861 2417 οἰκονόμον
902 2348 1098 2419 χρῆναι
1150 2350 1301 2420 παρὰ
1332 2350 1425 2403 τοῦ
1454 2352 1750 2406 ἐπισκόπου
1782 2353 1869 2421 γί-

290 2438 481 2491 νεσθαι
501 2454 514 2467 ·
544 2440 639 2492 καὶ
667 2442 700 2509 ἡ
727 2447 815 2510 μα’
844 2441 987 2495 διὰτ.
1016 2443 1111 2494 τοῦ
1140 2442 1304 2495 αὐτοῦ
1333 2443 1439 2497 τίτ.
1465 2444 1703 2496 ὅτικατὰ
1728 2445 1871 2498 δοκι-

294 2532 504 2601 μασίαν
531 2532 740 2600 γίνεται
770 2549 784 2564 ο
819 2535 853 2606 ή
876 2534 931 2587 δὲ
953 2533 1027 2588 κδ’
1058 2534 1153 2589 τοῦ
1179 2532 1223 2604 β’
1249 2535 1353 2590 τίτ.
1377 2536 1460 2588 δτι
1488 2535 1570 2588 δεῖ
1590 2537 1715 2599 τοὺς
1729 2537 1874 2590 οἰκο-

290 2624 494 2693 νόμους
548 2625 689 2678 κατά
726 2626 868 2696 μῆνα
896 2626 930 2698 ἢ
961 2626 1023 2680 τὸ
1073 2628 1340 2698 μήκιστον
1395 2627 1534 2697 ὑπὲρ
1566 2626 1679 2691 δύο,
1715 2627 1873 2696 λογο-

288 2717 471 2768 ποιεῖν
504 2715 643 2786 πρὸς
680 2720 805 2781 τοὺς
851 2718 1171 2790 ἀρκαριους,
1195 2720 1318 2772 ἐπεὶ
1355 2719 1745 2784 κινδυνεύουσι,
1777 2720 1872 2775 καὶ

289 2805 377 2858 ὅτι
410 2806 642 2872 ἕκαστος
677 2809 776 2879 μὲν
823 2810 1108 2877 οἰκονόμος
1158 2811 1314 2882 ζητεῖ
1333 2812 1399 2865 τὰ
1428 2812 1526 2879 τῆς
1557 2812 1649 2881 ὑφ’
1679 2812 1871 2868 ἑαυτὸν

292 2896 638 2965 διοικήσεως,
670 2899 719 2951 ol
772 2899 830 2952 δὲ
877 2899 1054 2953 λοιποὶ
1100 2903 1242 2955 κατὰ
1282 2902 1580 2973 πρόσταξιν
1624 2904 1872 2973 ἄγραφον

295 2985 391 3038 τοῦ
424 2987 767 3057 πατριάρχου
795 2991 905 3052 τοῖς
920 2989 1200 3059 λογισμοῖς
1236 2992 1636 3063 ὑπογράφουσι,
1673 2993 1735 3046 τὸ
1773 2995 1870 3047 ἀν-

298 3077 481 3170 έγνων.
503 3092 520 3108 ·
563 3078 657 3131 καὶ
826 3080 994 3170 χωρὶς
1022 3080 1122 3149 τῆς
1154 3081 1868 3154 τοιαύτηςιπαρατηρήσεως
1900 3107 1944 3170 C

299 3167 668 3236 λογιζόμενον,
697 3168 909 3222 οἴκοθεν
937 3171 986 3223 οἱ
1013 3170 1286 3241 οἰκονόμοι
1313 3171 1515 3225 διδόασι
1546 3188 1559 3202 ·
1593 3175 1688 3227 καὶ
1706 3176 1740 3245 ή
1781 3174 1871 3246 μα’

299 3259 395 3313 τοῦ
416 3259 588 3328 γ’τίτ.
614 3263 696 3315 ὅτι
717 3264 833 3315 κατ’
851 3263 1096 3317 ἐνιαυτὸν
1136 3265 1164 3317 6
1184 3264 1468 3333 οἰκονόμος
1518 3266 1878 3335 παρατίθεται

300 3351 459 3421 λόγον
481 3352 585 3421 τῆς
612 3353 777 3407 αὑτοῦ
817 3355 1133 3426 διοικήσεως
1160 3355 1237 3424 τῷ
1272 3357 1580 3427 ὲπισκόπῳ,
1624 3360 1719 3411 καὶ
1739 3360 1879 3412 ἁπο-

302 3444 520 3497 δίδωσιν
549 3444 602 3497 εἴ
630 3461 683 3496 τι
710 3449 852 3517 φανῇ
894 3446 1100 3515 βλάψας
1132 3446 1165 3518 ἢ
1201 3448 1469 3517 κερδήσας
1490 3465 1503 3479 ⁶
1534 3451 1582 3503 εἰ
1615 3450 1672 3503 δὲ
1696 3451 1880 3507 τελευ-

304 3537 462 3606 τήσει
487 3537 595 3607 πρὸ
621 3537 728 3590 τῶν
753 3539 1050 3607 λογισμῶν,
1083 3540 1399 3592 ὑπόκεινται
1438 3541 1645 3605 τούτοις
1669 3545 1717 3595 οἰ
1749 3542 1881 3614 κλη-

310 3628 527 3699 ρονόμοι
573 3629 737 3682 αὑτοῦ
766 3646 779 3659 ο
814 3630 1098 3683 ὑπόκειται
1144 3629 1254 3700 γὰρ
1308 3630 1403 3683 καὶ
1432 3632 1539 3684 ἀπὸ
1588 3632 1879 3703 ῥᾳθυμίας,

305 3722 402 3775 καὶ
441 3721 539 3774 ἐὰν
566 3722 794 3793 ἀπόροις
827 3721 1052 3775 ἐκδώσει
1078 3737 1091 3751 ’
1131 3725 1164 3793 ἠ
1197 3723 1253 3776 δὲ
1278 3722 1321 3794 β’
1351 3723 1492 3778 διάτ.
1540 3724 1635 3778 τοῦ
1665 3725 1709 3795 β’
1771 3727 1859 3781 τίτ

306 3813 413 3865 τῶν
441 3813 696 3882 Νεαρῶν,
726 3813 1059 3883 ἀπαγορεύει
1100 3816 1215 3878 τοῖς
1233 3817 1559 3887 οἰκονόμοις,
1590 3818 1685 3872 καὶ
1708 3821 1883 3891 ὀρφα-

308 3907 609 3976 νοτρόφοις,
641 3907 735 3961 καὶ
756 3907 1053 3978 διοικηταῖς
1081 3910 1189 3960 τῶν
1218 3908 1421 3961 λοιπῶν
1452 3910 1667 3978 εὐαγῶν
1694 3914 1880 3979 οἴκων,

312 3998 389 4052 ἔτι
423 3999 531 4069 μὴν
560 4000 654 4053 καὶ
682 4002 793 4063 τοῖς
811 4000 1028 4054 πάντων
1043 4001 1478 4072 χαρτουλαρίοις,
1510 4004 1602 4055 καὶ
1626 4007 1737 4067 τοῖς
1756 4006 1880 4059 τού-

311 4108 416 4144 των
458 4091 680 4159 γονεῦσι
724 4093 820 4145 καὶ
847 4093 1025 4157 παισὶ,
1062 4093 1298 4155 καὶτοῖς
1342 4094 1481 4147 κατὰ
1531 4094 1685 4162 γένος
1717 4096 1749 4166 ἢ
1779 4097 1883 4165 γά-

314 4197 411 4248 μον
437 4180 621 4244 αὐτοῖς
654 4182 1100 4251 συναπτομένοις,
1136 4181 1516 4251 ὲμφυτεύσεις,
1552 4184 1648 4237 καὶ
1680 4185 1883 4254 μισθὼο

314 4288 444 4335 σεις,
480 4272 575 4324 καί
598 4271 878 4342 ὑποθήκας
892 4271 1231 4342 πραγμάτων
1262 4271 1370 4326 τῶν
1396 4272 1611 4341 εὐαγῶν
1639 4273 1823 4338 οἴκων,
1848 4278 1881 4347 ἢ

310 4361 375 4415 δι’
422 4361 726 4433 ὲαυτῶν,ἢ
786 4362 875 4416 διὰ
922 4362 1270 4432 παρενθέτων
1305 4364 1614 4433 προσώπων
1668 4365 1881 4435 λαμϐά-

312 4469 420 4504 νειν
452 4470 465 4483 υ
507 4453 631 4504 ἐπεὶ
655 4453 749 4504 καὶ
792 4451 852 4504 τὸ
872 4450 1220 4521 συνάλλαγμα
1250 4452 1574 4522 ἀκυροῦται,
1604 4456 1699 4507 καὶ
1730 4456 1881 4509 πᾶσα
1914 4462 1958 4517 D

312 4544 345 4612 ἡ
381 4543 670 4614 περιουσία
707 4542 816 4595 τῶν
849 4544 1148 4612 οἰκονόμων
1179 4546 1271 4598 καὶ
1328 4545 1737 4615 χαρτουλαρίων
1782 4547 1878 4600 καὶ

312 4634 597 4704 διοικητῶν
619 4629 698 4697 οἷς
726 4634 867 4688 κατὰ
892 4635 982 4688 τὸν
1003 4635 1294 4704 εἰρημένον
1314 4636 1514 4706 τρόπον
1575 4637 1878 4692 συνάπτον-

310 4742 415 4791 ται,
440 4729 522 4790 εἰς
551 4727 643 4780 τὸν
673 4726 848 4796 εὐαγῆ
874 4721 1040 4790 οἶκον,
1078 4724 1138 4790 ἐξ
1179 4717 1240 4778 οὗ
1294 4726 1356 4779 τὸ
1408 4728 1639 4797 πρᾶγμα
1672 4729 1883 4800 λαμϐά-

312 4835 481 4887 νουσι,
512 4820 863 4890 περιέρχεται
895 4818 1031 4889 μετὰ
1059 4818 1158 4887 τὴν
1184 4818 1364 4872 αὐτῶν
1388 4818 1663 4892 τελευτήν.

378 5086 636 5139 ΚΕΦΑΛ.
668 5084 742 5138 B'.
780 5114 850 5126 —
880 5084 1019 5152 Περί
1077 5082 1431 5150 διοικήσεως
1454 5081 1570 5137 τῶν
1597 5083 1882 5152 ἐκκλησι-

312 5176 578 5233 αστικῶν
605 5176 983 5245 πραγμάτων.
1130 5187 1148 5207 ⁸

607 5269 981 5324 Ἀποστόλων
1012 5266 1213 5324 κανὼν
1238 5267 1339 5338 λη’,
1381 5275 1453 5338 μ’,
1489 5273 1599 5337 μα’.

379 5368 481 5437 λη’.
514 5365 740 5419 Πάντων
787 5362 894 5415 τῶν
945 5360 1412 5432 ὲκκλησιαστικῶν
1462 5360 1801 5431 πραγμάτων
1853 5361 1882 5414 6

313 5459 606 5520 ἐπίσκοπος
646 5456 816 5526 ἐχέτω
858 5456 957 5526 τὴν
1008 5454 1282 5525 φροντίδα,
1316 5455 1405 5507 κοιλ⁹
1445 5453 1715 5506 διοικείτω
1743 5450 1881 5506 αὐτὰ

315 5550 386 5613 ὡς
428 5548 523 5603 τοῦ
562 5545 700 5602 Θεοῦ
737 5547 1040 5619 ἐφορῶντος
1072 5562 1085 5577 ο
1127 5546 1201 5618 μὴ
1227 5546 1426 5613 ἐξεῖναι
1461 5545 1515 5599 δὲ
1551 5543 1699 5615 αὐτῷ
1750 5561 1879 5613 σφε-

386 5728 631 5805 "tione.
655 5724 941 5787 Chalcetl.,
965 5740 1081 5780 can.
1127 5723 1215 5778 26.

1115 313 1517 375 SYNTAGMA
1554 313 1941 374 CANONUM.
1972 336 2040 349 -
2070 312 2217 372 ΤΙΤ.
2248 313 2321 384 Χ,
2357 310 2519 373 CAP.
2558 310 2609 381 1',
2654 310 2735 371 Π.

1905 419 1952 479 Α

3443 300 3545 364 818

2150 490 2155 496 _
2316 418 2545 474 Concilii
2590 415 2799 470 Νίσαιιαί
2827 433 2861 470 ll
2895 434 3062 471 canon
3094 417 3182 471 Η.

2051 512 2266 578 Oportet
2303 526 2595 564 mconomos
2622 526 2729 565 esse
2772 514 2825 565 in
2867 511 3143 579 episcepiis
3186 517 3233 561 et
3274 509 3326 561 in
3366 526 3541 563 mona-

1979 602 2177 656 alariis.

2053 695 2143 747 11.
2201 693 2338 749 Cum
2370 710 2560 749 omnes
2595 696 2640 726 "’
2669 694 2882 749 divinos
2925 710 3163 750 canones
3214 708 3432 748 servare
3477 702 3553 746 tc-

1978 801 2227 850 neamur,
2266 801 2391 840 eum
2434 801 2675 856 quoque,
2723 787 2817 856 qui
2863 786 3017 857 jubet
3073 799 3389 841 oeconomos
3430 799 3553 839 esse

1977 878 2032 933 in
2061 878 2295 949 singulis
2327 878 2606 942 Ecclesiis,
2657 877 2883 932 illaesum
2923 876 3148 932 omnino
3193 890 3411 930 servare
3454 876 3549 930 de-

1976 969 2189 1025 bemus.
2224 967 2291 1023 Et
2335 969 2379 1023 si
2411 969 2631 1035 quidem
2664 968 3043 1038 unusquisque
3075 966 3237 1038 336
3274 974 3553 1035 metropo-

1977 1062 2177 1118 litanus
2200 1062 2253 1117 in
2280 1078 2380 1118 sua
2414 1061 2660 1117 Ecclesia
2702 1076 3047 1115 (economum
3082 1059 3384 1123 constituit,
3415 1057 3553 1112 bene

1977 1153 2181 1210 habet:
2244 1155 2330 1210 sin
2391 1155 2595 1220 minus,
2645 1153 3252 1222 Constantinopolitano
3295 1151 3552 1220 episcopo

1976 1246 2199 1316 speciali
2236 1246 2566 1301 auctoritate
2610 1246 2794 1300 licebit
2824 1259 3168 1299 mcunomum
3201 1244 3253 1295 in
3290 1240 3410 1310 ejus
3454 1241 3554 1293 Ec-

1976 1335 2141 1391 clesia
2183 1336 2474 1405 praeﬁcere.
2511 1336 2778 1390 Similiter
2807 1344 2859 1389 et
2895 1333 3354 1403 metropolitanis,
3388 1331 3432 1386 si
3461 1331 3554 1401 qui

1977 1428 2057 1483 eis
2086 1428 2320 1482 subsunt
2351 1427 2617 1496 episcopi,
2660 1427 2838 1482 nolint
2884 1426 2939 1480 in
2972 1427 3090 1481 suis
3116 1422 3376 1479 Ecclesiis
3403 1437 3553 1477 (eco-

1978 1534 2169 1576 nomos
2190 1519 2546 1575 constituere.
2588 1518 2701 1575 Hoc
2730 1520 2910 1589 ipsum
2947 1528 3129 1573 autem
3156 1516 3363 1572 servari
3388 1516 3549 1569 etiam

1976 1611 2031 1666 in
2106 1613 2471 1669 monasteriis.

2215 1782 2485 1853 Theophili
2516 1796 2582 1836 ea:
2611 1779 3029 1837 Commonitorio
3078 1793 3248 1832 canon

2043 1875 2095 1931 9.
2133 1870 2206 1929 Ut
2244 1874 2411 1928 totius
2451 1869 2807 1927 sacerdotalis
2852 1869 3063 1924 ordinis
3097 1865 3365 1923 sententia
3402 1861 3551 1919 alius

1971 1965 2317 2021 renuntietur
2351 1977 2701 2027 aaconomus,
2738 1961 2791 2014 in
2823 1975 2933 2029 quo
2963 1959 3155 2030 Apollo
3190 1971 3407 2027 quoque
3431 1954 3550 2025 epi-

1970 2070 2171 2128 sc0pus
2188 2054 2486 2117 consensit,
2514 2062 2575 2109 ut
2597 2054 2737 2107 bona
2768 2050 3026 2106 Ecclesia}
3056 2051 3109 2105 in
3147 2065 3209 2105 ea
3237 2064 3356 2106 quae
3389 2060 3553 2117 opor-

1969 2157 2045 2203 tet
2079 2148 2489 2217 impendantur.

2042 2240 2258 2295 Texlus.
2291 2239 2482 2295 Censt.
2518 2237 2609 2303 52,
2635 2238 2720 2293 tit.
2756 2237 2811 2301 5.
2842 2236 2936 2291 lib.
2973 2252 3014 2300 ι,
3042 2236 3168 2291 cod.
3201 2249 3547 2291 mconomum

1970 2332 2038 2386 ah
2078 2333 2334 2400 episcopo
2369 2330 2482 2384 fieri
2514 2338 2765 2399 oportere
2806 2328 2960 2382 dicit.
2994 2328 3060 2382 Et
3090 2336 3267 2383 const.
3301 2328 3361 2380 LI
3404 2326 3551 2393 ejus—

1971 2424 2092 2476 dem
2124 2422 2207 2477 tit.
2232 2436 2328 2491 per
2351 2420 2787 2489 explorationem
2914 2415 3054 2475 ﬁeri.
3083 2422 3102 2443 ‘
3151 2413 3336 2469 Const.
3431 2413 3501 2466 24
3525 2453 3542 2477 ,

1979 2510 2064 2566 tit.
2120 2507 2191 2569 2,
2294 2512 2439 2580 quod
2489 2521 2738 2581 oporteat
2772 2522 3092 2564 (economus
3146 2507 3414 2577 singulis,
3464 2506 3551 2559 vel

1974 2617 2252 2657 summum
2291 2603 2518 2658 alternis
2553 2601 2833 2657 mensibus
2854 2600 2999 2670 apud
3031 2599 3273 2655 arcarios
3308 2598 3550 2653 rationes

1973 2693 2286 2759 coniicere,
2340 2693 2545 2764 alioqui
2601 2692 2920 2762 periclitari.
2978 2691 3079 2756 Et,
3134 2689 3279 2759 quod
3318 2688 3553 2758 quisque

1975 2802 2297 2842 (economus
2322 2796 2533 2858 quaerat
2562 2802 2683 2857 quae
2716 2801 2828 2841 suae
2857 2783 3347 2859 administrationis
3379 2791 3506 2837 sunt
3537 2798 3550 2834 :

1974 2880 2173 2949 reliqui
2209 2892 2341 2933 vero
2391 2877 2690 2933 secundum
2731 2876 3038 2947 jussionem
3086 2874 3411 2945 patriarcha:
3442 2888 3554 2927 non

1981 2972 2243 3041 scriptam
2278 2970 2620 3034 rationibus,
2669 2968 3058 3034 subscribant,
3116 2968 3217 3037 legi
3253 2984 3266 3021 :
3297 2965 3555 3037 quodque

1983 3065 2119 3119 citra
2153 3063 2295 3118 hanc
2325 3063 2760 3117 observationem
2788 3062 2842 3115 in
2876 3061 3144 3115 rationem
3168 3059 3473 3123 deducitur,
3500 3058 3555 3111 id

1984 3156 2054 3212 de
2088 3172 2189 3211 suo
2219 3156 2490 3211 mconomi
2572 3145 2722 3204 dent.
2799 3146 2869 3202 Ει
2935 3148 3043 3215 JH,
3119 3150 3204 3205 ιίι.
3277 3153 3349 3219 5,
3409 3149 3555 3219 quod

1985 3247 2219 3317 singulis
2242 3263 2314 3316 qu
2334 3248 2546 3316 busque
2567 3247 2727 3300 annis
2754 3260 3070 3300 (economus
3094 3243 3335 3297 rationes
3367 3242 3557 3296 reddat

1984 3345 2196 3393 tractus
2229 3338 2311 3393 sui
2338 3338 2613 3407 episcopo,
2648 3345 2704 3391 et
2731 3336 3006 3398 restituat,
3040 3334 3086 3388 si
3117 3335 3263 3404 quod
3294 3334 3555 3388 damnum

1986 3429 2225 3497 dedisse,
2263 3440 2355 3485 aut
2381 3430 2594 3484 lucrum
2622 3428 2816 3482 fecisse
2862 3427 3132 3480 videatur.
3186 3422 3245 3479 Si
3274 3439 3404 3478 vero
3434 3434 3559 3477 ante

1987 3520 2278 3595 [redditas]
2318 3522 2555 3576 rationes
2595 3520 2883 3584 moriatur,
2916 3518 3023 3571 illis
3048 3516 3291 3571 heredes
3320 3515 3438 3584 ejus
3476 3522 3558 3567 te-

1988 3615 2128 3668 neri.
2168 3613 2364 3668 Teneri
2393 3614 2538 3667 enim
2580 3612 2649 3667 ob
2678 3611 3094 3682 negligentiam,
3138 3617 3234 3663 aut
3287 3608 3330 3661 si
3381 3606 3556 3681 [quid]

1988 3706 2056 3761 iis
2090 3707 2181 3776 qui
2214 3706 2477 3760 solvendo
2497 3720 2604 3759 non
2624 3701 3083 3759 suntelocaverit.
3102 3699 3272 3754 Porro
3298 3698 3331 3751 2
3356 3704 3555 3760 eonst.,

1989 3798 2075 3852 tit.
2110 3813 2129 3852 1
2180 3797 2558 3861 Novellarum,
2596 3795 2870 3851 interdicit
2903 3792 3226 3858 oeconomis,
3275 3802 3327 3845 et
3358 3791 3560 3859 orpha-

1991 3888 2313 3957 notropliis,
2370 3898 2423 3942 et
2456 3887 2789 3955 reliquarum
2847 3883 3239 3938 venerabilium
3296 3882 3558 3936 domuum

1989 3975 2500 4044 dispensatoribus,
2566 3988 2729 4045 atque
2798 3974 3022 4042 insuper
3110 3986 3561 4040 quarumcumque

1992 4066 2304 4139 [domuum]
2330 4066 2702 4130 chartulariis,
2736 4074 2790 4119 et
2827 4065 3023 4117 borum
3052 4062 3370 4132 parentibus
3398 4062 3560 4115 simul

1989 4170 2044 4215 et
2074 4162 2275 4225 liberis,
2302 4169 2356 4216 et
2385 4160 2508 4215 aliis
2538 4159 2697 4230 337
2732 4173 2930 4230 genere
2978 4158 3112 4227 ipsis
3165 4166 3259 4210 aut
3301 4154 3561 4211 affinitate

1990 4252 2320 4321 conjunctis,
2358 4266 2426 4305 ne
2448 4252 2850 4319 empbyteuses,
2881 4258 2975 4303 aut
3005 4247 3323 4311 locationes,
3353 4256 3443 4301 aut
3475 4248 3561 4319 Ity-

1990 4343 2251 4412 pothecas
2275 4358 2458 4397 rerum
2491 4341 2894 4395 venerabilibus
2938 4342 3191 4397 domibus
3227 4340 3562 4413 [competen-

1991 4434 2149 4507 tium]
2178 4435 2258 4489 vel
2289 4450 2386 4504 per
2403 4450 2461 4489 se
2492 4434 2576 4488 vel
2604 4448 2695 4502 per
2719 4434 3068 4503 interpositae
3094 4449 3357 4505 personas
3389 4434 3562 4487 susci-

1985 4528 2159 4597 piant.
2181 4525 2432 4595 Alioquin
2467 4523 2770 4596 [inquiens]
2797 4533 2853 4579 et
2876 4535 3190 4580 contractus
3222 4526 3407 4577 irritus
3439 4524 3562 4587 erit,

1985 4628 2039 4673 et
2071 4633 2507 4681 occonomorum,
2534 4626 2587 4670 et
2616 4618 3097 4682 cltartulariorum,
3140 4627 3194 4672 et
3219 4618 3563 4687 dispensato-

1986 4728 2133 4776 rum,
2167 4712 2368 4781 quibus
2420 4708 2545 4783 [illi]
2579 4712 2839 4780 praedicto
2874 4712 3037 4766 modo
3083 4710 3361 4779 conjuncti
3411 4717 3560 4767 sunt.

1990 4802 2309 4855 universum
2342 4801 2733 4870 patrimonium
2769 4808 2891 4870 post
2926 4800 3167 4869 ipsorum
3220 4808 3452 4853 mortem
3494 4797 3559 4850 ad

1989 4894 2357 4948 venerabilem
2390 4894 2639 4958 domum,
2691 4894 2836 4947 unde
2869 4909 2984 4947 rem
3025 4898 3404 4960 susceperunt,
3438 4902 3560 4957 per-

1986 4986 2184 5041 veniet.

2052 5074 2204 5131 CAP.
2239 5075 2301 5131 ll.
2326 5108 2392 5119 --
2430 5075 2828 5147 Depatrimonii
2850 5076 3194 5129 ecclesiastici
3215 5074 3558 5127 administra-

1988 5170 2147 5223 tione.

2267 5256 2645 5331 Apostolorum
2677 5272 2903 5311 canones
2946 5257 3034 5320 58,
3070 5255 3161 5317 40,
3184 5254 3273 5308 Η.

2058 5357 2147 5412 58.
2184 5355 2300 5428 [37]
2323 5355 2575 5410 Omnium
2610 5365 2790 5405 rerum
2812 5349 3304 5403 ecclesiasticarum
3345 5346 3559 5415 cpisco-

1987 5464 2090 5520 pus
2121 5464 2306 5503 curam
2336 5454 2505 5517 gerat,
2555 5454 2607 5498 et
2631 5457 2723 5497 eas
2767 5440 3110 5495 administret
3160 5447 3417 5507 tanquam
3451 5436 3561 5490 Deo

1987 5542 2250 5596 intuente.
2278 5537 2356 5593 Ne
2383 5538 2541 5593 liceat
2570 5544 2748 5591 autem
2782 5548 2842 5589 ex
2875 5532 2953 5588 eis
2980 5531 3181 5597 aliquid
3230 5530 3332 5587 sibi
3383 5523 3551 5584 vin‘di-
