3904 6220
391 354 494 421 819

1477 354 1743 416 PHOTI'I
1776 354 2283 421 PATRIARCH/E
2315 361 2425 421 CPo
3534 363 3624 427 8:20

392 483 537 533 care,
568 466 650 522 vel
698 465 933 536 propriis
968 466 1236 538 cognatis,
1288 468 1409 537 Qum
1453 464 1546 522 Dei
1580 476 1730 531 sunt,
1762 467 1968 539 largiri.

2079 473 2392 541 τερίζεσθαί
2430 490 2482 525 τι
2534 472 2592 537 ἐξ
2639 472 2837 539 αὐτῶν,
2881 473 2914 544 ἢ
2950 471 3266 541 συγγενέσιν
3312 473 3344 543 ἢ
3395 473 3531 549 ἰδίοις
3566 479 3626 531 τὰ

392 562 491 616 Sin
529 569 711 615 autem
773 570 902 615 sunt
947 575 1235 631 pauperes,
1278 571 1337 615 ut
1382 561 1712 630 pauperibus
1774 576 1971 631 suppe-

391 654 558 708 ditet:
591 652 683 707 sed
708 667 816 706 non
844 666 1030 707 eorum
1057 661 1320 723 praetextu
1346 652 1543 709 vendat
1571 668 1693 724 quae
1722 662 1851 709 sunt
1870 654 1970 710 Ec-

391 747 588 800 clesim.

458 840 548 892 ἀεὶ.
586 836 699 909 [39]
734 837 1027 893 Manifesta:
1064 839 1171 893 sint
1214 840 1448 912 episcopi
1489 858 1573 897 res
1602 844 1854 913 preprim,
1892 842 1969 897 si-

389 932 606 1000 quidem
658 949 746 985 res
784 932 942 986 habet
983 933 1251 1001 proprias,
1295 944 1349 989 et
1399 935 1697 991 manifestae
1745 952 1834 990 res
1862 935 1968 989 Do-

388 1025 601 1079 minica:
642 1043 655 1079 :
696 1034 755 1078 ut
814 1028 882 1080 sit
936 1026 987 1079 in
1052 1037 1315 1095 potestate
1368 1030 1653 1084 morientis
1703 1031 1964 1100 episcopi,

386 1115 603 1184 propria
638 1115 837 1184 quibus
870 1116 983 1169 vult
1015 1126 1069 1169 et
1118 1118 1233 1170 vult
1268 1118 1593 1188 relinquere,
1632 1128 1685 1173 et
1724 1136 1845 1173 .non
1883 1136 1968 1173 re-

386 1207 655 1276 linquere,
700 1216 753 1262 et
796 1224 905 1261 non
954 1225 1135 1263 rerum
1186 1212 1678 1267 ecclesiasticarum
1704 1222 1966 1282 praetextu

385 1315 473 1353 res
517 1301 757 1369 episcopi
786 1301 1155 1370 intercipiunt,
1190 1302 1282 1372 qui
1326 1320 1712 1375 nonnunquam
1742 1320 1967 1360 uxorem

385 1392 551 1446 habet
572 1401 624 1446 et
658 1393 880 1457 liberos,
912 1396 994 1448 vel
1010 1405 1287 1465 cognatos,
1311 1398 1394 1452 vel
1421 1396 1673 1454 famulos.
1702 1400 1794 1453 Est
1821 1399 1967 1454 enim

382 1483 592 1552 justum
624 1483 668 1515 ⁷³
697 1486 838 1552 apud
884 1485 1049 1539 Deum
1080 1492 1134 1540 et
1191 1487 1464 1553 homines,
1497 1498 1554 1543 ut
1606 1504 1705 1544 nec
1722 1489 1968 1545 Ecclesia

384 1580 643 1634 damnum
680 1581 903 1653 aliquod
943 1585 1178 1654 accipiat
1223 1595 1447 1654 propter
1482 1601 1667 1641 rerum
1722 1588 1967 1657 episcopi

383 1671 778 1740 ignorationem
807 1692 820 1728 :
848 1690 949 1730 nec
978 1676 1267 1746 episcopus
1294 1679 1377 1732 vel
1400 1678 1520 1747 ejus
1545 1680 1757 1748 cognati
1785 1678 1968 1735 Eccle-

382 1765 476 1816 εἰπε
510 1774 772 1833 praetextu
807 1769 1242 1836 proscribantur,
1276 1770 1362 1825 vel
1392 1771 1445 1824 in
1488 1774 1700 1842 negotia
1738 1773 1967 1843 litesque

2078 564 2172 617 τοῦ
2201 565 2336 618 Θεοῦ
2376 564 2692 636 χαρίζεσθαι
2730 582 2744 596 ⁸
2776 568 2823 619 εί
2877 566 2934 619 δέ
2978 568 3209 636 πένητες
3258 562 3384 630 εἷεν,
3426 567 3627 641 ἐπιχορ-

2078 657 2283 726 ηγείτω
2311 657 2385 721 ὡς
2416 658 2643 724 πένησιν
2678 675 2692 690 ⁶
2722 658 2859 711 ἀλλὰ
2894 657 2969 730 μὴ
3003 658 3276 729 προφάσει
3304 658 3520 725 τούτων,
3564 660 3627 714 τὰ

2077 752 2176 821 τῆς
2217 750 2539 819 Ἐκκλησίας
2573 749 2983 821 ἁπεμπολείτω.

2151 840 2225 911 μ’.
2266 840 2448 894 Ἔστω
2495 842 2701 910 φανερὰ
2738 840 2808 893 τὰ
2859 840 2967 894 ἴδια
3023 840 3117 894 τοῦ
3165 839 3457 893 ἐπισκόπου
3498 839 3628 909 πρά-

2078 930 2352 1001 γματα,εί
2376 948 2438 998 γε
2474 931 2567 984 καὶ
2597 930 2703 982 ἴδια
2736 930 2847 1000 ἔχει
2874 946 2889 962 ο
2914 931 3008 984 καὶ
3039 930 3249 1000 φανερὰ
3279 928 3347 981 τά
3377 929 3629 998 Κυριακὰ,

2078 1025 2144 1076 ἵν’
2162 1024 2409 1091 ἐξουσίαν
2440 1022 2537 1094 ἐχῃ
2566 1022 2674 1075 τῶν
2714 1022 2856 1075 ἰδίων
2876 1021 3145 1075 τελευτῶν
3167 1023 3196 1074 ὁ
3220 1020 3525 1085 ἐπίσκοπος,
3558 1016 3631 1082 οἷς

2081 1116 2328 1189 βούλεται
2358 1117 2450 1170 καὶ
2484 1116 2559 1179 ὡς
2595 1114 2843 1186 βούλεται
2886 1114 3208 1183 καταλείψαι
3240 1129 3253 1141 ·
3278 1114 3369 1165 καὶ
3411 1112 3480 1183 μὴ
3512 1129 3633 1183 προ-

2078 1210 2239 1280 φάσει
2289 1209 2396 1262 τῶν
2453 1207 2921 1278 ἐκκλησιαστικῶν
2952 1207 3313 1277 πραγμάτων,
3344 1204 3633 1257 διαπίπτειν

2076 1302 2145 1354 τὰ
2179 1299 2272 1352 τοῦ
2304 1298 2629 1363 ἐπισκόπου,
2658 1296 2770 1349 ἐσθ’
2803 1298 2891 1350 ὅτε
2936 1298 3172 1364 γυναῖκα
3202 1294 3298 1347 καὶ
3328 1292 3514 1354 παῖδας
3548 1308 3632 1344 κε-

2078 1391 2373 1462 κτημένου,
2404 1390 2437 1460 ἦ
2475 1390 2759 1458 συγγενεῖς
2790 1387 2824 1458 ἢ
2864 1387 3100 1450 οἰκέτας·
3136 1384 3344 1439 δίκαιον
3370 1381 3634 1452 γάρτοῦτο

2079 1481 2231 1553 παρὰ
2264 1480 2383 1551 Θεῷ
2422 1480 2516 1533 καὶ
2547 1478 2876 1549 ἀνθρώποις,
2908 1477 2968 1529 τὸ
3004 1478 3140 1547 μήτε
3173 1475 3270 1543 τὴν
3327 1472 3636 1542 Ἐκκλησίαν

2078 1571 2281 1643 ζημίαν
2320 1571 2442 1624 τινὰ
2493 1556 2807 1640 ὑπομένειν,
2834 1568 3027 1637 ἀγνοίᾳ
3057 1566 3168 1619 τῶν
3208 1564 3303 1618 τοῦ
3351 1563 3636 1617 ἐπισκόπου

2078 1665 2441 1737 πραγμάτων,
2478 1663 2615 1733 μήτε
2640 1662 2731 1716 τὸν
2753 1660 3052 1714 ἐπίσκοπον
3099 1659 3131 1728 ἢ
3163 1658 3287 1721 τοὺς
3321 1655 3485 1711 αὐτοῦ
3516 1671 3638 1721 συγ-

2076 1759 2274 1824 γενεῖς,
2309 1754 2578 1825 προφάσει
2601 1754 2699 1821 τῆς
2727 1750 3067 1820 Ἐκκλησίας,
3099 1746 3434 1818 δημεύεσθαι
3457 1745 3521 1815 ’ἢ
3552 1743 3639 1797 καὶ

384 1856 649 1922 incidant,
688 1860 784 1929 qui
815 1860 881 1913 ad
909 1876 1032 1913 eum
1070 1861 1326 1926 attinent,
1352 1870 1404 1916 et
1430 1864 1549 1932 ejus
1591 1875 1821 1921 mortem
1846 1880 1965 1920 ma-

2079 1851 2148 1912 είς
2199 1847 2501 1918 πράγματα
2556 1844 2854 1915 ἐμπίπτειν
2890 1843 3016 1905 τοὺς
3072 1840 3218 1911 αὐτῷ
3273 1838 3638 1908 διαφέροντας,

383 1946 599 2001 ledictis
631 1946 998 2017 infaustisque
1027 1950 1208 2004 verbis
1242 1959 1662 2020 prosequantur.

454 2038 622 2109 338
645 2040 702 2093 ιἰΙ
742 2038 878 2111 [40].
914 2040 1176 2097 Jubemus
1207 2043 1527 2113 episcopum
1571 2062 1751 2101 rerum
1780 2048 1967 2103 Eccle-

383 2131 479 2186 sia:
521 2140 847 2200 potestatem
897 2133 1098 2188 habere
1122 2134 1191 2189 ⁷⁸.
1243 2135 1301 2190 Si
1324 2137 1468 2191 enim
1505 2138 1755 2207 pretiosae
1791 2142 1969 2194 homi-

384 2239 515 2277 num
540 2224 738 2279 animae
773 2230 902 2279 sunt
930 2226 979 2280 ei
1013 2227 1315 2293 credendze,
1356 2230 1529 2283 multo
1560 2231 1731 2300 magis
1760 2232 1807 2284 ei
1843 2240 1970 2286 sunt

383 2315 791 2370 committendae
817 2319 1091 2386 pecuniae,
1122 2329 1174 2374 et
1200 2321 1251 2373 in
1302 2321 1423 2390 ejus
1452 2323 1524 2377 sit
1563 2320 1825 2378 facultate
1848 2340 1969 2379 om-

384 2406 472 2460 nia
508 2407 916 2474 administrare,
936 2420 989 2464 et
1019 2410 1087 2465 iis
1118 2412 1211 2481 qui
1236 2423 1394 2480 egent
1416 2428 1511 2482 per
1541 2415 1889 2485 presbyteros
1916 2426 1971 2471 et

383 2500 650 2556 diaconos
706 2502 1099 2557 subministrare
1133 2520 1255 2558 cum
1313 2504 1405 2559 Dei
1456 2506 1672 2571 timore,
1720 2516 1774 2561 et
1818 2510 1965 2563 omni

383 2593 669 2663 religione,
723 2603 777 2649 et
820 2596 1008 2661 etiam,
1054 2596 1099 2651 si
1155 2597 1226 2651 sit
1273 2613 1441 2666 opus,
1492 2600 1546 2652 in
1598 2601 1966 2656 necessarium

385 2700 548 2738 suum
579 2702 737 2739 usum
772 2687 1044 2755 accipere,
1076 2695 1128 2741 et
1152 2688 1381 2742 fratrum
1420 2690 1511 2760 qui
1556 2692 1794 2761 hospitio
1822 2694 1971 2748 exci-

384 2774 635 2842 piuntur,
693 2776 767 2829 ita
821 2785 881 2830 ut
919 2777 1033 2846 ipse
1083 2777 1233 2833 nullo
1269 2779 1433 2833 modo
1476 2790 1650 2849 egeat.
1683 2781 1794 2837 Lex
1825 2785 1968 2838 enim

386 2862 481 2916 Dei
512 2865 614 2919 hoc
644 2864 830 2931 habet,
855 2868 1026 2936 utqui
1060 2868 1219 2922 altari
1254 2869 1519 2935 assident,
1551 2885 1614 2924 ex
1641 2872 1796 2925 altari
1820 2873 1973 2927 alan-

388 2966 475 3010 tur
506 2957 550 2988 ⁷⁸
583 2977 596 3012 :
631 2960 1074 3029 quandoquidem
1101 2978 1204 3019 nec
1244 2965 1401 3021 miles
1443 2981 1683 3038 unquam
1727 2984 1828 3025 suo
1855 2969 1971 3026 via-

386 3049 496 3104 tico
521 3051 789 3109 adversus
818 3054 1005 3112 hostes
1025 3056 1391 3128 progreditur.

635 3316 864 3374 Concilii
895 3320 1203 3377 Antiocheni
1241 3340 1464 3380 canones
1501 3325 1591 3393 24,
1626 3326 1717 3383 25.

456 3407 547 3463 24.
584 3408 749 3466 Recte
782 3413 963 3479 habet,
1014 3425 1071 3470 ut
1100 3431 1162 3470 ea
1208 3434 1331 3487 quae
1361 3418 1622 3475 Ecclesiae
1647 3461 1662 3484 ,
1710 3420 1970 3478 Ecclesiae

389 3509 676 3555 serventur
702 3518 825 3556 cum
880 3505 1031 3559 omni
1082 3507 1208 3561 boni
1244 3511 1603 3575 conscientia,
1648 3522 1703 3566 et
1756 3514 1858 3568 llde
1912 3514 1968 3568 in

389 3589 637 3641 omnium
675 3592 958 3659 prmsidem
1016 3602 1070 3648 et
1110 3594 1347 3663 judicem
1386 3597 1554 3653 Deum
1586 3620 1598 3654 :
1634 3616 1756 3667 qua:
1804 3602 1969 3657 etiam

392 3677 764 3734 administrari
782 3684 1040 3736 convenit
1067 3702 1188 3739 cum
1217 3687 1449 3755 judicio,
1477 3699 1531 3743 et
1559 3700 1825 3759 potestate
1852 3694 1969 3765 epi-

391 3769 544 3836 sc0pi
570 3810 586 3833 ,
635 3770 725 3823 cui
779 3783 865 3827 est
919 3774 1098 3830 omnis
1133 3778 1369 3845 populus
1398 3780 1658 3846 creditus,
1692 3793 1747 3837 et
1777 3799 1967 3839 eorum

392 3860 591 3915 animae
623 3877 744 3929 qua:
800 3864 853 3917 in
910 3862 1210 3921 Ecclesiam
1242 3871 1594 3927 conveniunt.
1639 3874 1757 3930 Sint
1786 3887 1966 3931 autem

392 3950 685 4007 manifesta
714 3970 834 4024 quae
865 3957 930 4010 ad
954 3955 1254 4014 Ecclesiam
1288 3963 1561 4029 pertinent
1608 3982 1733 4021 cum
1786 3970 1973 4038 cogni-

392 4040 542 4097 tione
563 4044 1008 4115 presbyterorum
1035 4057 1089 4102 et
1117 4049 1495 4120 diaconorum,
1534 4057 1627 4124 qui
1669 4066 1797 4113 sunt
1826 4061 1972 4115 circa

389 4148 539 4197 eum,
567 4144 623 4189 ut
647 4136 822 4191 sciant
854 4146 908 4191 et
948 4154 1054 4194 non
1106 4140 1360 4210 ignorent
1414 4160 1536 4214 quae
1571 4156 1703 4201 sunt
1752 4152 1971 4219 propria

392 4225 672 4292 Ecclesiae,
708 4237 767 4283 ut
801 4229 936 4283 nihil
966 4231 1114 4300 ipsos
1144 4234 1309 4289 lateat
1336 4254 1349 4290 :
1384 4246 1443 4291 ut
1472 4239 1516 4293 si
1547 4241 1829 4311 contingat
1853 4244 1972 4313 epi—

392 4332 621 4387 scopum
659 4335 689 4373 e
721 4321 830 4375 vita
870 4323 1127 4392 migrare,
1154 4325 1220 4380 iis
1244 4328 1553 4385 manifestis
1581 4332 1971 4391 exsistentibus

391 4425 515 4477 qua:
563 4411 627 4464 ad
667 4409 967 4468 Eeclesiam
1002 4417 1293 4483 pertinent,
1332 4436 1399 4475 ne
1449 4437 1508 4476 ea
1559 4424 1886 4481 intercidant
1918 4436 1972 4482 et

390 4512 618 4571 pereant
648 4520 661 4556 :
692 4520 789 4557 nec
822 4521 943 4574 quae
989 4520 1115 4563 sunt
1144 4513 1360 4581 propria
1406 4515 1665 4584 episcopi,
1702 4528 1966 4587 praetextu
1998 4541 2045 4599 ι)

391 4609 575 4647 rerum
606 4594 1103 4655 ecclesiasticarum
1125 4614 1411 4659 vexentur.
1443 4605 1541 4662 Est
1564 4609 1707 4663 enim
1734 4611 1965 4679 justum,

388 4695 443 4741 et
487 4689 627 4757 apud
663 4688 833 4744 Deum
874 4702 928 4747 et
960 4694 1212 4752 homines
1238 4710 1526 4769 acceptum
1551 4744 1565 4767 ,
1597 4712 1655 4757 ut
1684 4705 1973 4776 episcOpus

391 4782 606 4850 propria
638 4786 835 4852 quibus
918 4784 1051 4840 velit
1118 4790 1412 4859 relinquat.
1482 4792 1613 4857 Quae
1641 4804 1970 4852 suntautem

388 4873 684 4940 Ecclesiae,
745 4877 846 4947 ipsi
906 4890 1224 4945 serventur,
1279 4892 1331 4935 et
1369 4882 1534 4953 339
1580 4900 1681 4939 nec
1729 4886 1969 4943 Ecclesia

391 4965 655 5023 damnum
688 4970 909 5040 aliquod
943 4972 1233 5037 sustineat,
1262 4990 1363 5027 nec
1384 4976 1677 5045 episcopus
1716 4977 1969 5035 Ecclesiae

387 5069 650 5128 praetextu
676 5063 1070 5131 proscribatur,
1104 5065 1188 5118 vel
1234 5066 1327 5134 qui
1361 5067 1426 5119 ad
1460 5081 1582 5120 eum
1620 5068 1871 5136 attinent,
1910 5072 1963 5125 in

387 5153 601 5221 negotia
639 5155 882 5211 incidant
915 5172 1039 5210 cum
1065 5172 1150 5222 eo,
1182 5158 1324 5225 quod
1357 5167 1410 5212 et
1452 5159 1631 5228 ipsum
1663 5171 1786 5230 post
1817 5178 1966 5219 mor-

390 5251 497 5298 tem
527 5246 687 5302 malis
708 5249 965 5303 omnibus
991 5261 1413 5320 prosequantur.

456 5511 547 5566 ‘23.
594 5512 897 5586 Episcopus
919 5518 1117 5576 habeat
1137 5536 1315 5576 rerum
1349 5521 1602 5581 Ecclesia:
1622 5533 1965 5595 potestatem,

390 5611 452 5656 ut
477 5619 571 5659 eas
602 5606 656 5659 in
682 5622 871 5666 omnes
901 5622 1122 5681 egentes
1161 5614 1442 5686 dispenset
1469 5634 1593 5673 cum
1630 5619 1801 5674 multa
1835 5635 1967 5674 cau-

2071 1938 2166 1992 καὶ
2190 1938 2280 1991 τὸν
2306 1935 2471 1990 αὑτοῦ
2501 1935 2728 1989 θάνατον
2753 1931 3036 2003 δυσφημίᾳ.
3066 1929 3507 2002 περιϐάλλεσθαι.

2145 2033 2255 2100 μα’.
2293 2026 2717 2097 Προστάσσομεν
2742 2024 2833 2077 τὸν
2870 2024 3167 2077 ἐπίσκοπον
3212 2020 3359 2091 ἔχειν
3405 2017 3641 2083 ἐξουσίαν

2068 2121 2175 2174 τῶν
2211 2119 2310 2189 τῆς
2348 2118 2676 2189 Ἐκκλησίας
2702 2117 3043 2187 πραγμάτων
3074 2133 3087 2147 ο
3111 2115 3160 2167 εί
3195 2113 3305 2183 γὰρ
3341 2112 3440 2173 τὰς
3465 2110 3640 2179 τιμίας

2068 2210 2176 2264 τῶν
2202 2206 2505 2279 ἀνθρώπων
2562 2207 2739 2278 ψυχάς
2787 2206 2934 2276 αὑτῷ
2975 2205 3316 2268 πιστευτέον,
3358 2202 3535 2271 πολλῷ
3580 2201 3641 2254 ἂν

2068 2303 2175 2356 δέοι
2204 2300 2464 2371 περὶτῶν
2494 2302 2790 2371 χρημάτων
2810 2298 3151 2352 ἐντέλλεσθαι
3176 2313 3189 2326 ’
3216 2297 3360 2376 ὥστε
3388 2293 3525 2347 κατὰ
3551 2292 3641 2363 τὴν

2068 2392 2232 2447 αὐτοῦ
2267 2392 2513 2458 ἐξουσίαν
2559 2392 2738 2445 πάντα
2770 2388 3090 2442 διοικεῖσθαι
3118 2391 3228 2452 τοῖς
3263 2387 3540 2458 δεομένοις
3561 2384 3644 2437 διὰ

2068 2484 2174 2536 τῶν
2205 2480 2590 2552 πρεσϐυτέρων
2624 2481 2717 2533 καὶ
2755 2478 3038 2539 διακόνων,
3072 2478 3166 2530 καὶ
3195 2474 3642 2561 ἐποιχορηγεῖσθαι

2073 2574 2211 2646 μετὰ
2254 2572 2421 2642 φόϐου
2457 2572 2591 2624 Θεοῦ
2633 2572 2728 2624 καὶ
2769 2571 2951 2637 πάσης
2981 2568 3267 2632 εὐλαϐείας
3297 2584 3313 2598 ⁰
3372 2565 3642 2638 μεταλαμ-

2069 2666 2251 2719 ϐάνειν
2283 2664 2341 2717 δὲ
2373 2662 2468 2717 καὶ
2508 2663 2670 2715 αὑτὸν
2701 2662 2810 2715 τῶν
2831 2662 3078 2727 δεόνεων,
3101 2660 3217 2728 εῐγε
3252 2658 3429 2712 δέοιτο
3456 2658 3533 2721 εἰς
3554 2655 3646 2717 τάς

2069 2756 2374 2825 ἀναγκαίας
2431 2754 2595 2810 αὑτοῦ
2647 2754 2859 2825 χρείας,
2910 2754 3005 2807 καὶ
3058 2752 3168 2806 τῶν
3215 2748 3645 2820 ἐπιξενουμένων

2070 2850 2334 2919 ἀδελφῶν,
2363 2850 2439 2912 ὡς
2486 2848 2627 2902 κατὰ
2665 2847 2870 2919 μηδένα
2918 2847 3117 2916 τρόπον
3155 2845 3358 2908 αὐτοὺς
3412 2843 3648 2913 ὑστερεί-

2073 2943 2226 2996 σθαι’
2254 2943 2282 2994 ὁ
2316 2943 2425 3012 γὰρ
2455 2941 2617 3011 νόμος
2644 2942 2738 2994 τοῦ
2780 2940 2916 2994 Θεοῦ
2947 2940 3247 3004 διετάξατο,
3278 2938 3412 3001 τοὺς
3457 2935 3534 3007 τῷ
3562 2935 3648 2987 θυ-

2074 3038 2379 3107 σιαστηρίῳ
2404 3034 2887 3105 προσεδρεύοντας,
2908 3035 2972 3086 ἐκ
2997 3031 3090 3085 τοῦ
3117 3030 3509 3102 θυσιαστηρίου
3526 3027 3650 3098 τρέ-

2076 3129 2266 3197 φεσθαι
2294 3144 2309 3159 ο
2354 3127 2586 3198 ἐπείπερ
2612 3126 2735 3179 οὐδὲ
2772 3128 3110 3197 στρατιώτης
3138 3126 3270 3178 ποτέ
3318 3125 3472 3187 ἰδίοις
3513 3121 3653 3192 ὀψω-

2071 3224 2224 3286 νίοις,
2256 3221 2394 3275 ὅπλα
2424 3220 2564 3274 κατὰ
2587 3219 2860 3289 πολεμίων
2890 3219 3231 3290 ἐπιφέρεται.

2285 3315 2556 3370 Συνόδου
2595 3315 2950 3384 Ἀντιοχείας
2971 3314 3172 3368 κανὼν
3201 3313 3303 3379 κδ’,
3341 3312 3443 3365 κε’.

2141 3412 2242 3465 κδ’.
2267 3409 2350 3462 Τὰ
2377 3410 2477 3479 τῆς
2505 3408 2852 3477 Ἐκκλησίας,
2872 3409 2939 3477 τῇ
2983 3405 3282 3476 Ἐκκλησία
3306 3404 3494 3465 καλῶς
3517 3400 3658 3470 ἔχειν

2077 3500 2441 3570 φυλάττεσθαι
2486 3499 2587 3566 δεῖ,
2627 3499 2765 3569 μετὰ
2811 3498 2992 3567 πάσης
3043 3496 3365 3568 ἐπιμελείας
3398 3495 3496 3548 καὶ
3527 3493 3658 3560 ἀγα-

2073 3594 2171 3665 Θῆς
2212 3591 2569 3661 συνειδήσεως
2613 3590 2708 3643 καὶ
2760 3589 2999 3650 πίστεως
3031 3587 3131 3657 τῆς
3173 3588 3251 3648 εἰς
3280 3585 3379 3638 τὸν
3441 3581 3659 3635 πάντων

2072 3686 2265 3755 ἔφορον
2295 3684 2390 3736 καί⁸
2422 3681 2615 3753 κριτὴν
2639 3681 2790 3733 Θεόν·
2821 3680 2858 3734 ἃ
2887 3681 2983 3733 καὶ
3025 3678 3351 3732 διοικεῖσθαι
3382 3674 3657 3745 προσήκει

2075 3778 2214 3848 μετὰ
2229 3777 2464 3847 κρίσεως
2498 3773 2590 3827 καὶ
2638 3772 2887 3837 ἐξουσίας
2913 3770 3007 3825 τοῦ
3064 3770 3399 3833 ἐπισκόπου,
3432 3765 3530 3820 τοῦ
3563 3780 3661 3816 πε-

2074 3886 2266 3923 πιστευ
2276 3869 2437 3939 μένου
2469 3866 2646 3920 πάντα
2667 3867 2756 3918 τδν
2778 3865 2905 3919 λαὸν
2940 3865 3034 3918 καὶ
3061 3864 3161 3927 τὰς
3185 3862 3370 3932 ψυχὰς
3400 3859 3515 3912 τῶν
3541 3874 3663 3909 συν-

2072 3962 2354 4032 αγομένων
2378 3976 2393 3991 ·
2422 3958 2631 4029 φανερὰ
2679 3957 2736 4010 δὲ
2779 3954 2917 4010 εἶναι
2959 3957 3031 4010 τά
3062 3955 3396 4024 διαφέροντα
3439 3954 3508 4021 τῇ
3541 3949 3663 4002 Ἐκ-

2072 4051 2290 4123 κλησίᾳ,
2330 4051 2471 4121 μετὰ
2500 4050 2755 4118 γνώσεως
2784 4049 2893 4102 τῶν
2923 4048 3051 4118 περὶ
3079 4048 3241 4099 αὐτὸν
3262 4042 3664 4116 πρεσϐυτέρων

2072 4144 2164 4197 καὶ
2199 4144 2460 4196 διακόνων
2480 4160 2494 4174 ο
2536 4141 2676 4195 ὥστε
2699 4139 2923 4202 τούτους
2953 4140 3174 4201 εἰδέναι,
3206 4141 3301 4192 καὶ
3327 4138 3408 4207 μὴ
3444 4138 3662 4205 ἀγνοεῖν

2071 4235 2191 4287 τίνα
2220 4233 2350 4286 ποτε
2387 4234 2503 4285 ἐστι
2533 4231 2601 4284 τά
2629 4231 2738 4283 ἴδια
2768 4233 2867 4301 τῆς
2909 4230 3261 4295 Ἐκκλησίας,
3295 4228 3448 4281 ὥστε
3498 4224 3666 4295 μηδὲν

2071 4326 2270 4388 αὐτοὺς
2298 4324 2581 4378 λανθάνειν
2604 4339 2618 4353 ·
2639 4324 2706 4377 ἵν’
2731 4326 2779 4376 εἰ
2814 4323 3056 4394 συμϐαίη
3076 4322 3166 4374 τὸν
3194 4321 3502 4375 ἐπίσκοπον
3538 4333 3667 4387 μετ-

2071 4415 2353 4470 αλλάττειν
2394 4416 2486 4468 τὸν
2528 4415 2662 4486 βίον,
2702 4413 2954 4485 φανερῶν
3008 4413 3179 4467 ὄντων
3207 4412 3317 4466 τῶν
3369 4411 3667 4481 διαφερόνο

2072 4525 2177 4561 των
2202 4510 2268 4578 τῇ
2318 4506 2616 4579 Ἐκκλησία
2665 4507 3030 4577 πραγμάτιον,
3089 4508 3226 4576 μήτε
3294 4506 3439 4558 αὑτὰ
3487 4501 3669 4556 διαπί-

2076 4617 2232 4655 πτειν
2279 4600 2371 4653 καὶ
2405 4599 2762 4665 ἀπόλλυσθαι,
2799 4600 2936 4669 μήτε
2972 4600 3041 4651 τὰ
3078 4600 3184 4652 ἴδια
3215 4596 3308 4651 τοῦ
3353 4596 3668 4650 ἐπισκόπου

2073 4691 2429 4762 ἐνοχλεῖσθαι,
2456 4692 2727 4762 προφάσει
2755 4691 2862 4745 τῶν
2886 4688 3362 4759 ἐκκλησιαστικῶν
3406 4686 3670 4760 πραγμά-

2070 4800 2177 4836 των
2211 4799 2225 4814 ⁶
2262 4783 2468 4837 δίκαιον
2514 4784 2622 4854 γὰρ
2672 4784 2767 4837 καὶ
2805 4784 3035 4853 ἀρεστὸν
3074 4782 3220 4851 παρά
3278 4799 3338 4834 τε
3401 4781 3529 4851 Θεῷ
3576 4780 3671 4833 καὶ

2072 4874 2397 4944 ἀνθρώποις,
2458 4876 2524 4928 τὰ
2581 4875 2689 4929 ἴδια
2732 4875 2833 4928 τοῦ
2878 4875 3201 4934 ἐπισκόπου,
3248 4869 3330 4933 οἷς
3380 4872 3453 4927 ἂν
3505 4872 3670 4934 αὑτθις

2072 4972 2328 5044 βούληται
2379 4968 2909 5039 καταλιμπάνεσθαι,
2950 4969 3016 5021 τὰ
3068 4968 3251 5037 μέντοι
3290 4966 3392 5034 τῆς
3431 4965 3671 5033 Ἐκκλη-

2074 5065 2193 5128 σίας
2224 5065 2358 5132 αὐτῇ
2398 5060 2759 5131 φυλάττεσθαι
2788 5076 2801 5089 ⁸
2834 5060 2929 5113 καὶ
2994 5064 3132 5130 μήτε
3178 5058 3276 5128 τὴν
3322 5057 3671 5126 Ἐκκλησίαν

2074 5158 2366 5228 ὑπομένειν
2387 5155 2508 5207 τινὰ
2530 5155 2751 5224 ζημίαν,
2786 5155 2924 5223 μήτε
2944 5153 3034 5207 τὸν
3056 5152 3354 5205 ἐπίσκοπον
3384 5150 3671 5219 προφάσει

2073 5250 2171 5319 τῆς
2236 5247 2561 5317 Ἐκκλησίας
2613 5244 3024 5316 δημεύεσθαι,ῆ
3078 5246 3173 5299 καὶ
3221 5245 3300 5306 είς
3349 5242 3671 5311 πράγματα

2075 5343 2368 5414 ἐμπίπτειν
2388 5341 2513 5403 τοὺς
2541 5336 2687 5406 αὑτῷ
2708 5336 3079 5408 διαφέροντας,
3107 5337 3244 5407 μετὰ
3267 5333 3362 5387 τοῦ
3383 5334 3486 5387 καὶ
3504 5332 3673 5385 αὐτὸν

2071 5433 2208 5506 μετὰ
2245 5433 2473 5485 θάνατον
2529 5429 2813 5500 δυσφημία
2843 5428 3284 5500 περιϐάλλεσθαι.

2137 5524 2235 5580 κε’.
2270 5526 2597 5579 Ἐπίσκοπον
2618 5524 2761 5595 ἒχειν
2782 5522 2890 5575 τῶν
2906 5522 3005 5592 τῆς
3040 5521 3370 5592 Ἐκκλησίας
3395 5518 3672 5592 πραγμά-

2065 5637 2173 5673 των
2206 5618 2479 5686 ἐξουσίαν,
2508 5617 2649 5671 ῶστε
2672 5617 2895 5671 διοικεῖν
2925 5617 3006 5681 είς
3038 5614 3245 5677 πάντας
3277 5612 3416 5675 τοὺς
3463 5607 3666 5679 δεομέ-

463 5780 763 5839 "Antioch.
796 5802 915 5841 can.
942 5786 1033 5841 24.
1112 5788 1158 5821 τ*
1189 5788 1410 5856 Quaesit.
1449 5791 1535 5857 12,
1569 5808 1617 5849 c.
1642 5780 1991 5866 Prtecipinms
2022 5809 2041 5859 ;
2071 5791 2320 5847 Antioch.
2355 5806 2476 5847 can.
2507 5791 2599 5847 25.
2672 5791 2717 5824 "
2757 5791 2909 5847 Deut.
2946 5804 3097 5857 mn,
3145 5789 3166 5843 1
3198 5784 3422 5851 ;lCor.
3461 5803 3543 5846 IX.
3576 5785 3663 5840 13.
