3766 6198
146 317 251 382 821

972 314 1371 377 SYNTAGMA
1408 314 1791 377 CANONUM.
1826 340 1893 351 -
1922 316 2069 376 ΤΙΤ.
2103 317 2185 391 Χ,
2216 318 2373 378 CAP.
2412 321 2526 380 III.

3300 321 3405 383 822

146 446 275 494 νους
308 414 447 500 μετά
476 429 655 498 πάσης
696 428 1003 491 εὐλαϐείας,
1031 431 1126 482 καὶ
1163 428 1329 498 φόϐου
1357 425 1492 480 Θεοῦ
1523 443 1537 458 ο
1566 444 1730 497 μετα-
1756 434 1802 490 Α
1830 436 1852 483 ι

1903 446 1978 484 >ne
2011 440 2065 484 et
2102 430 2189 484 Dei
2237 430 2433 486 timore
2465 452 2478 488 :
2513 434 2627 502 ipse
2651 442 2829 488 autem
2860 449 3074 500 eorum,
3103 449 3225 504 qua
3266 451 3403 505 opus

148 522 456 592 λαμϐάνειν
493 522 550 575 δὲ
604 523 697 576 καὶ
730 523 892 575 αὐτὸν
937 522 1042 574 τῶν
1074 522 1317 585 δεόντων,
1357 520 1413 573 εἴ
1446 537 1508 587 γε
1541 520 1733 587 δέοιτο,

144 616 231 678 είς
250 617 354 678 τὰς
381 614 685 682 ἀναγκαίας
715 614 875 667 αὐτοῦ
905 614 1093 684 χρείας
1151 617 1244 667 καὶ
1289 612 1400 664 τῶν
1428 611 1557 682 παρ’
1585 611 1733 681 αὐτῷ

144 708 587 776 ἑπιξενουμένων
634 706 878 775 ἀδελφῶν
906 722 919 736 ·
973 706 1049 769 ὡς
1098 705 1240 757 κατὰ
1290 704 1494 775 μηδένα
1537 704 1736 775 τρόπον

143 798 355 859 αὐτοὺς
417 796 805 867 ὑστερεῖσθαι,
856 795 998 849 κατὰ
1046 795 1136 848 τὸν
1200 794 1341 848 θεῖον
1416 794 1737 847 Ἀπόστολον

142 887 403 954 λέγοντα,
414 888 701 955 ’Ἔχοντες
713 886 1032 954 διατροφὰς
1048 886 1145 938 καὶ
1166 883 1588 951 σκεπάσματα,
1603 882 1737 937 τού-

143 994 278 1042 τοις
310 978 810 1046 ἀρκεσθησόμεθα
840 992 853 1006 ·
887 978 935 1029 εἰ
964 976 1018 1029 δὲ
1049 974 1122 1046 μὴ
1151 974 1358 1037 τούτοις
1385 975 1623 1044 ἀρκοῖτο,
1648 991 1740 1043 με·

145 1068 415 1122 ταϐἀλλοι
443 1068 499 1120 δὲ
525 1068 593 1120 τὰ
622 1069 928 1139 πράγματα
956 1069 1035 1129 εἰς
1067 1066 1273 1125 οίκείας
1297 1064 1490 1118 ἑαυτοῦ
1515 1065 1731 1134 χρείας,

146 1161 252 1213 καὶ
282 1161 415 1223 τοὺς
439 1160 637 1230 πόρους
659 1159 759 1228 τῆς
793 1157 1193 1227 Ἐκκλησίας,ἢ
1240 1157 1367 1219 τοὺς
1400 1156 1508 1209 τῶν
1550 1156 1737 1226 ἀγρῶν

146 1250 430 1321 καρποὺς,
466 1250 538 1319 μὴ
575 1250 711 1319 μετὰ
754 1248 980 1318 γνώμης
1012 1248 1119 1301 τῶν
1149 1247 1593 1318 πρεσϐυτέρωνῆ
1619 1248 1735 1301 δια-

148 1340 336 1391 κόνων
362 1339 610 1409 χειρίζοι,
641 1338 754 1390 ἀλλ’
791 1337 1010 1400 οἰκείοις
1057 1334 1245 1399 αὐτοῦ,
1277 1336 1374 1389 καὶ
1397 1336 1733 1403 συγγενέσιν,

145 1431 182 1501 ἢ
224 1429 556 1500 ἁδελφοῖς,ἢ
592 1431 726 1492 υἱοῖς
756 1428 1093 1499 παράσχοιτο
1121 1426 1216 1496 τὴν
1251 1425 1523 1490 ἐξουσίαν,
1556 1428 1632 1489 εἰς
1675 1426 1736 1478 τὸ

141 1526 241 1578 διὰ
264 1525 375 1578 τῶν
411 1526 668 1578 τοιούτων
694 1524 996 1593 λεληθότως
1030 1522 1363 1593 βλάπτεσθαι
1394 1522 1518 1583 τοὺς
1546 1521 1737 1589 λόγους

142 1616 254 1684 τῆς
294 1612 642 1683 Ἑκκλησίας,
672 1610 860 1665 τοῦτον
892 1611 1120 1672 εὐθύνας
1152 1612 1416 1681 παρέχειν
1448 1612 1513 1680 τῇ
1535 1610 1735 1679 συνόδῳ

143 1706 252 1775 τῆς
282 1705 553 1775 ἐπαρχίας
574 1721 587 1733 ·
612 1704 660 1757 εί
687 1704 743 1756 δὲ
770 1703 864 1756 καὶ
900 1702 1073 1766 ἄλλως
1101 1701 1434 1756 διαϐάλλοιτο
1457 1703 1485 1753 ὁ
1514 1700 1733 1753 ἐπίσκο-

1837 530 1940 583 est,
1983 520 2054 573 sit
2081 522 2354 590 particeps
2394 521 2461 575 ad
2495 538 2627 577 usus
2673 523 3032 589 necessarios,
3076 532 3130 578 et
3173 522 3402 579 fratrum

1836 608 1929 678 qui
1964 610 2105 677 apud
2144 625 2265 664 eum
2316 611 2550 680 hospitio
2599 613 2965 681 excipiuntur,
3022 623 3081 667 ut
3118 614 3220 683 ipsi
3252 615 3404 668 nullo

1838 702 2000 754 modo
2031 700 2312 767 priventur
2344 703 2644 757 secundum
2674 704 2915 758 divinum
2938 704 3282 774 Apostolum,
3309 706 3403 775 qui

1836 792 1967 846 dicit
2001 810 2012 845 :
2052 793 2312 845 Habentes
2359 804 2536 847 autem
2563 797 2813 848 alimenta
2839 806 2888 848 et
2919 795 3106 865 quibus
3140 806 3402 865 tegamur,

1836 884 1903 936 iis
1924 886 2150 937 contenti
2170 885 2365 939 erimus
2396 886 2460 940 ⁷⁸.
2501 885 2597 940 Sin
2627 894 2808 941 autem
2841 887 2912 941 iis
2941 903 3059 954 non,
3077 887 3148 942 sit
3176 898 3403 943 conten-

1836 984 1947 1039 tus,
1977 986 2029 1029 et
2052 990 2137 1029 rcs
2171 975 2225 1029 in
2257 976 2509 1047 proprios
2553 992 2684 1031 usus
2717 987 3021 1041 convertat,
3062 988 3117 1033 et
3148 976 3402 1033 Ecclesia

1834 1065 2159 1129 reditus,vel
2181 1079 2432 1135 agrorum
2460 1066 2668 1120 fructus
2690 1082 2797 1119 non
2820 1082 2943 1121 cum
2964 1068 3403 1138 presbyterorum

1834 1156 1918 1210 vel
1949 1154 2304 1210 diaconorum
2341 1158 2611 1211 sententia
2641 1157 2985 1212 administret
3006 1199 3021 1223 ,
3049 1160 3141 1213 sed
3169 1159 3283 1215 suis
3310 1174 3403 1215 co-

1834 1248 2037 1319 gnatis,
2075 1248 2161 1301 vel
2196 1247 2476 1311 fratribus,
2528 1250 2609 1303 vel
2661 1250 2787 1304 liliis
2820 1251 3055 1320 prabeat
3095 1250 3402 1314 facultates,

1835 1347 1895 1391 ut
1922 1352 2014 1405 per
2043 1336 2285 1392 rationes
2314 1336 2571 1393 Ecclesia
2604 1338 2835 1394 latenter
2872 1340 3136 1394 ladantur
3157 1380 3171 1404 ,
3218 1340 3265 1394 is
3315 1342 3404 1395 det

1836 1427 2047 1497 synodo
2076 1426 2370 1496 provincia
2418 1428 2707 1484 rationem.
2747 1428 2840 1482 Sin
2875 1438 3058 1485 autem
3085 1432 3246 1485 etiam
3270 1431 3404 1485 alias

1834 1516 2180 1572 insimuletur
2208 1519 2518 1588 episcopos,
2542 1519 2625 1573 vel
2652 1519 2743 1587 qui
2776 1528 2905 1574 sunt
2934 1534 3058 1574 cum
3093 1535 3157 1575 eo
3179 1520 3405 1591 presby-

1838 1610 1964 1675 teri,
1988 1609 2133 1678 quod
2165 1625 2286 1677 qua
2308 1611 2582 1679 pertinent
2611 1612 2676 1665 ad
2692 1610 3008 1676 Ecclesiam,
3034 1612 3118 1666 vel
3141 1626 3204 1665 ex
3235 1613 3403 1679 agris,

1834 1701 1915 1755 vel
1937 1716 2002 1755 ex
2024 1716 2349 1771 quacunque
2370 1703 2476 1757 alia
2498 1718 2662 1758 causa
2687 1704 3079 1767 ecclesiastica,
3103 1703 3167 1757 ad
3195 1704 3404 1773 seipsos

145 1815 278 1861 πος,
316 1798 348 1867 ἢ
372 1798 421 1849 οί
449 1799 543 1851 σὺν
566 1794 715 1866 αὐτῷ
743 1795 1121 1866 πρεσϐύτεροι,
1142 1794 1216 1856 ὡς
1241 1794 1308 1846 τὰ
1326 1795 1392 1862 τῇ
1434 1792 1731 1863 Ἐκκλησία
1764 1827 1804 1880 Β
1835 1808 1853 1846 r

1903 1792 2093 1859 Ferant,
2123 1801 2183 1847 ut
2211 1808 2477 1862 pauperes
2509 1794 2728 1864 quidam
2755 1795 3154 1864 opprimantur,
3185 1803 3237 1849 et
3260 1796 3405 1848 invi-

143 1888 506 1958 διαφέροντα,
537 1889 653 1957 ’ήτοι
682 1887 741 1951 ἐξ
773 1887 978 1956 ἀγρῶν,
1014 1886 1047 1957 ἢ
1083 1885 1141 1947 ἐξ
1170 1885 1362 1953 ἐτέρας
1404 1884 1727 1953 προφάσεως

145 1978 641 2047 ὲκκλησιαστικῆς,
670 1979 750 2039 είς
781 1976 1005 2040 ἑαυτοὺς
1054 1974 1475 2043 ἀποφερόμενοι.
1500 1975 1574 2037 ὡς
1610 1974 1725 2026 θλί-

147 2069 351 2137 ϐεσθαι
372 2070 467 2139 μὲν
488 2068 612 2131 τοὺς
639 2067 899 2137 πένητας,
931 2064 1181 2135 διαϐολὴν
1206 2065 1261 2117 δὲ
1293 2065 1386 2117 καὶ
1419 2063 1728 2132 δυσφημίαν

1836 1883 1925 1938 dia
1960 1898 2023 1937 ac
2055 1883 2281 1938 infamia
2308 1886 2472 1939 verbo
2506 1886 2778 1949 inuratur,
2825 1895 2879 1940 et
2908 1886 2975 1941 iis
3003 1886 3093 1954 qui
3128 1888 3207 1941 sic
3233 1886 3406 1940 admi-

1834 1975 2067 2029 nistrant
2116 1993 2129 2028 :
2188 1976 2225 2029 ii
2288 1991 2507 2046 quoque
2568 1978 2963 2031 correctionem
3024 1984 3395 2046 assequamur

1835 2074 2024 2119 sancta
2056 2067 2266 2137 synodo
2294 2067 2345 2121 id
2386 2067 2532 2136 quod
2562 2067 2718 2121 decet
2759 2066 3122 2121 examinante.

149 2158 585 2228 προστρίϐεσθαι
616 2156 693 2225 τῷ
723 2172 784 2208 τε
820 2155 962 2225 λόγῳ
1016 2156 1109 2207 καὶ
1137 2156 1248 2217 τοῖς
1274 2152 1417 2206 οὕτω
1450 2152 1732 2220 διοικοῦσι,
1775 2154 1870 2209 καὶ
1930 2154 2153 2219 τούτους
2217 2156 2549 2227 διορθώσεως
2581 2158 2866 2227 τυγχάνειν
2897 2174 2909 2189 ο
2940 2158 3000 2210 τὸ
3021 2157 3231 2227 πρέπον
3252 2157 3400 2212 δοκι-

149 2251 441 2321 μαζούσης
468 2252 565 2319 τῆς
595 2249 755 2316 ἁγίας
778 2247 1014 2302 συνόδου.

146 2343 462 2411 Κυρίλλου
490 2341 557 2394 ἐκ
578 2339 685 2408 τῆς
715 2339 864 2408 πρὸς
888 2340 1115 2407 Δόμνον
1132 2336 1480 2407 ἐπιστολῆς,
1500 2354 1632 2406 κεφ.
1661 2336 1727 2407 β’.

229 2431 300 2503 β’.
329 2432 411 2486 Τὰ
441 2431 498 2484 δὲ
535 2431 733 2495 ἀδίκως
766 2428 1037 2501 ληφθέντα
1069 2429 1197 2500 παρ’
1228 2428 1391 2483 αὑτοῦ
1436 2430 1693 2502 χρήματα
1712 2467 1728 2494 ,

152 2543 213 2580 κ.
234 2541 290 2578 τ.
320 2522 371 2577 λ.

341 2614 632 2683 Θεοφίλου
659 2611 726 2666 ἐκ
745 2611 851 2665 τοῦ
872 2608 1324 2681 ὑπομνηστικοῦ
1350 2626 1482 2678 κεφ.
1521 2608 1573 2662 ι’.

232 2702 289 2760 ι’.
317 2706 382 2757 Δί
405 2708 569 2775 χῆραι
587 2704 680 2757 καὶ
696 2705 744 2756 οἱ
768 2704 997 2773 πένητες
1021 2704 1116 2755 καὶ
1139 2704 1187 2756 οί
1214 2701 1732 2773 παρεπιδημοῦντες

159 2796 306 2859 ξένοι
333 2796 513 2866 πάσης
545 2795 902 2856 ἀναπαύσεως
932 2794 1352 2848 ἀπολαυέτωσαν
1388 2809 1403 2825 ⁶
1436 2795 1529 2847 καὶ
1554 2795 1627 2865 μή
1650 2810 1734 2857 τις

157 2891 230 3003 τῐὶ
268 2889 368 2956 τῆς
389 2887 722 3003 ;Εκκλησίας
772 2886 1141 3003 ίδιοποῗείὲθω.
1167 2902 1182 2917 ο
1207 2886 1578 2957 ἀφιλάργυρον
1625 2884 1734 2957 γὰρ
1764 2944 1806 3003 C

160 2976 307 3033 εἶναι
331 2978 410 3032 δεῖ
431 2980 521 3032 τὸν
552 2978 862 3048 λειτουργὸν
889 2977 983 3031 τοῦ
1007 2976 1164 3031 Θεοῦ.

235 3070 417 3124 Πολλὰ
446 3069 545 3139 μὲν
586 3070 801 3141 εἴρηται
854 3069 950 3123 καὶ
992 3067 1122 3139 περὶ
1153 3067 1254 3137 τῆς
1286 3067 1601 3136 διοικήσεως
1631 3066 1742 3120 τῶν

158 3161 635 3231 ὲκκλησιαστικῶν
671 3165 1031 3231 πραγμάτων,
1063 3160 1121 3213 έν
1169 3159 1248 3231 τῷ
1292 3156 1335 3228 β’
1388 3159 1497 3213 τίτ.
1547 3158 1643 3213 τοῦ
1693 3157 1742 3212 α’

163 3254 308 3326 βιϐλ.
350 3250 446 3307 τοῦ
496 3252 625 3307 κώδ.
650 3253 740 3305 καὶ
774 3252 834 3304 ὲν
872 3251 1145 3321 διαφόροις
1184 3250 1291 3304 τῶν
1317 3250 1545 3322 Νεαρῶν
1579 3252 1741 3317 διατ.,

160 3347 257 3399 καὶ
288 3344 561 3413 ἀνάγνωθι
590 3344 679 3397 τὸν
702 3341 745 3413 β’
765 3342 866 3395 τίτ.
888 3342 995 3395 τῶν
1020 3341 1198 3396 αὐτῶν
1232 3341 1480 3412 Νεαρῶν,
1517 3343 1611 3395 καὶ
1636 3343 1741 3411 μά-

161 3438 323 3490 λιστα
360 3439 457 3507 τὴν
484 3433 527 3505 β’
571 3434 735 3489 αὑτοῦ
782 3435 874 3487 καὶ
901 3432 949 3501 γ’
979 3434 1122 3489 δίατ.
1176 3433 1535 3504 περιεχούσας
1566 3433 1743 3487 πάντα

160 3531 230 3581 τὰ
260 3528 392 3598 περὶ
418 3526 887 3596 ἐκκλησιαστικῶν
924 3525 1240 3595 διοικήσεων
1278 3525 1374 3578 καὶ
1410 3524 1740 3595 προνομίων.

165 3622 427 3675 ΚΕΦΔΛ.
456 3618 606 3673 Γ’.--
626 3620 765 3687 Περὶ
785 3618 1143 3687 πραγμάτων
1170 3616 1269 3669 καὶ
1287 3617 1605 3684 προσόδων
1624 3614 1744 3669 τῶν

550 3708 975 3763 ἀνεπισκόπων
1000 3702 1390 3771 Ἔκκλησιῶν.

500 3798 767 3853 Συνόδου
803 3795 1088 3866 Ἀγκύρας
1106 3795 1309 3851 κανὼν
1338 3800 1421 3848 ιε’.

234 3888 320 3943 ιε’.
350 3889 487 3959 Περὶ
518 3889 625 3941 τῶν
646 3888 1011 3960 διαφερόντων
1048 3887 1127 3959 τῷ
1158 3885 1440 3958 Κυριακῷ,
1472 3885 1573 3940 ὅσα
1618 3888 1740 3939 ἐπι-

158 3982 372 4034 σκόπου
408 3981 485 4049 μὴ
513 3980 664 4043 ὄντος
703 3979 1063 4051 πρεσϐύτεροι
1109 3978 1422 4047 ὲπώλησαν,
1454 3977 1739 4031 ἀνακαλεῖο

158 4073 291 4125 σθαι
322 4072 383 4124 τὸ
414 4072 687 4141 Κυριακόν
716 4089 728 4101 ⁸
759 4072 818 4125 ὲν
872 4071 928 4123 δὲ
971 4073 1037 4142 τῇ
1085 4070 1264 4139 κρίσει
1291 4070 1385 4123 τοῦ
1442 4068 1740 4122 ἐπισκόπου

157 4160 328 4227 εἶναι,
354 4167 463 4217 εἴτε
484 4168 749 4235 προσήκει
779 4163 1070 4217 ἀπολαϐεῖν
1091 4164 1189 4233 τὴν
1205 4161 1371 4232 τιμὴν
1397 4163 1523 4224 τοὺς
1557 4161 1740 4223 κακῶς

2004 2338 2193 2409 Cyrilli
2220 2354 2286 2393 ea:
2312 2340 2535 2409 epistola
2562 2338 2629 2390 ad
2670 2338 2930 2392 Damnum
2949 2380 2963 2403 ,
2992 2356 3111 2408 cap.
3154 2340 3211 2394 2.

1897 2430 1952 2486 2.
1994 2428 2283 2486 Pecuniam
2331 2440 2510 2486 autem
2555 2446 2677 2500 qua
2744 2446 2838 2500 per
2878 2431 3221 2501 injustitiam,
3275 2442 3406 2503 etc.,

1830 2531 1889 2576 ut
1917 2538 2040 2592 pag.
2073 2522 2200 2577 579.

1994 2611 2156 2683 340
2188 2611 2455 2681 TlteOpItili
2492 2614 2888 2667 commonitorio
2909 2656 2922 2677 ,
2948 2630 3067 2684 cap.
3117 2614 3206 2669 10.

1912 2703 1998 2758 10.
2031 2703 2219 2758 Vidua
2255 2715 2306 2759 et
2335 2720 2596 2775 pauperes
2628 2715 2681 2760 et
2732 2708 3138 2777 peregrinantes
3170 2709 3409 2780 hOSpites

1842 2792 1991 2847 omni
2015 2793 2199 2863 quiete
2227 2792 2477 2850 fruantur
2498 2836 2514 2861 ,
2555 2805 2609 2851 et
2637 2811 2797 2852 nemo
2827 2810 2888 2851 ea
2919 2812 3039 2867 qua
3072 2808 3197 2852 sunt
3226 2799 3409 2854 Eccle-

1842 2886 1939 2941 sia
1964 2925 1979 2950 ,
2011 2895 2069 2941 ut
2092 2902 2188 2942 sua
2220 2897 2463 2958 usurpet.

1918 3062 2133 3118 Τρίτεια.
2165 3064 2329 3119 Multa
2354 3065 2420 3121 de
2448 3080 2631 3121 rerum
2659 3067 3150 3123 ecclesiasticarum
3178 3066 3410 3121 admini-

1844 3157 2108 3211 stratione
2133 3157 2279 3211 dicta
2311 3167 2439 3213 sunt
2483 3159 2538 3213 in
2578 3158 2663 3214 tit.
2692 3160 2747 3226 2,
2782 3160 2877 3215 lib.
2908 3172 2946 3223 ι,
2991 3160 3113 3214 cod.
3142 3169 3195 3214 et
3226 3158 3412 3214 multis

1843 3245 2187 3303 Novellarum
2212 3250 2720 3306 constitutionibus.
2759 3250 2931 3322 Legas
2970 3266 3096 3306 vero
3129 3251 3215 3305 tit.
3240 3250 3276 3303 2
3300 3249 3410 3304 Νο-

1844 3339 2127 3403 Vellarum,
2166 3347 2220 3395 et
2257 3343 2557 3410 prasertim
2606 3342 2640 3396 2
2685 3352 2739 3397 et
2769 3342 2803 3397 ’5
2890 3342 3010 3412 ejus
3060 3350 3238 3397 const.
3293 3357 3414 3411 qua

1845 3433 2311 3501 comprehendunt
2340 3450 2679 3505 quacunque
2717 3436 2781 3489 ad
2811 3434 3209 3491 ecclesiasticas
3235 3432 3412 3490 admi-

1844 3525 2198 3581 nistrationes
2241 3535 2295 3581 et
2327 3527 2604 3597 privilegia
2634 3530 2934 3597 pertinent.

1843 3612 1994 3668 CAP.
2027 3612 2117 3669 ΙΙΙ.
2151 3643 2219 3657 --
2248 3616 2324 3670 De
2355 3616 2506 3671 rebus
2546 3627 2594 3671 et
2626 3618 2914 3672 reddilibus
2938 3614 3297 3672 Ecclesiarum
3324 3631 3414 3670 va-

2494 3710 2749 3762 cautium.

2197 3798 2423 3853 (ΖοιιεὶΗὶ
2468 3799 2738 3869 Ancyrani
2772 3816 2940 3854 canon
2968 3799 3057 3854 l5.

1920 3888 2009 3944 15.
2055 3888 2133 3944 Ex
2174 3890 2243 3945 iis
2287 3896 2409 3960 qua
2446 3892 2719 3960 pertinent
2766 3892 2833 3946 ad
2866 3891 3241 3959 Dominicum,
3274 3908 3414 3963 qua-

1842 3996 2081 4052 cunque,
2115 3982 2243 4038 dum
2285 3998 2393 4038 non
2426 3993 2569 4039 esset
2589 3983 2874 4053 episcopus
2897 4024 2911 4048 ,
2954 3984 3257 4056 presbyteri
3285 4000 3415 4039 ven-

1842 4079 2118 4143 diderunt,
2141 4094 2398 4134 revocare
2429 4077 2770 4133 Dominicum
2797 4096 2812 4132 :
2846 4079 3086 4148 episcopi
3115 4089 3295 4134 autem
3324 4079 3415 4148 ju-

1842 4167 1985 4221 dicio
2026 4167 2259 4235 relinqui
2292 4206 2309 4232 ,
2348 4182 2417 4220 an
2468 4175 2722 4236 oporteat
2764 4168 2996 4235 pretium
3044 4168 3315 4235 recipere,
3347 4181 3413 4219 an

158 4256 577 4329 ὼνησαμένους,
612 4254 720 4308 εἴτε
736 4256 830 4308 καὶ
854 4254 947 4325 μὴ,
965 4254 1053 4309 διὰ
1073 4253 1134 4306 τὸ
1160 4252 1421 4315 πολλάκις
1442 4252 1541 4320 τὴν
1571 4251 1742 4321 πράσα
1778 4288 1823 4342 D
1849 4277 1853 4313 l

1903 4273 1957 4313 in
1988 4276 2004 4313 :
2072 4266 2259 4327 utpote
2300 4257 2444 4326 quod
2488 4272 2677 4310 eorum
2724 4272 2845 4325 qua
2883 4266 3011 4312 sunt
3045 4258 3259 4313 vendita
3287 4296 3300 4320 ,
3336 4258 3415 4312 eis

160 4347 289 4399 οδον
317 4345 427 4398 τῶν
475 4346 841 4416 πεπραμένων
871 4343 1267 4399 ἀποδεδωκέναι
1302 4342 1485 4405 αὐτοῖς
1537 4339 1748 4403 τούτοις
1781 4339 1809 4342 ⁷
1850 4354 1853 4403 j

1903 4349 1984 4405 isis
2024 4348 2202 4419 majus
2233 4348 2469 4418 pretium
2505 4345 2817 4401 reddiderit.

163 4437 397 4493 πλείονα
424 4438 524 4507 τὴν
557 4437 748 4506 τιμήν.

441 4528 709 4583 Συνόδου
740 4524 1125 4591 Χαλκηδόνος
1145 4523 1347 4577 κανὼν
1379 4530 1477 4576 κε’.

239 4621 345 4676 κε’.
402 4621 731 4691 Ἐπειδήπερ
776 4619 919 4682 τινὲς
955 4616 1064 4670 τῶν
1110 4615 1518 4686 μητροπολιτῶν
1550 4616 1624 4678 ὡς
1653 4631 1752 4667 πε-

168 4719 545 4793 ριηχήθημεν,
577 4735 631 4769 κ.
659 4735 712 4772 τ.
743 4717 793 4770 λ.

350 4804 620 4859 Συνόδου
640 4801 1055 4871 οὶκουμενικῆς
1071 4802 1249 4870 ἕκτης
1272 4801 1470 4856 κανὼν
1493 4802 1585 4855 λε’.
1750 4868 1753 4869 ν

235 4896 339 4951 λε’.
360 4898 452 4969 Μὴ
476 4897 676 4964 ἐξέστω
704 4896 811 4950 τινὶ
831 4896 936 4948 τῶν
958 4896 1174 4950 πάντων
1208 4894 1640 4966 μητροπολιτῶν,
1663 4912 1753 4947 τε·-

162 4989 477 5053 λευτῶντος
512 4989 832 5055 ἐπισκόπου,
868 4988 1149 5051 τελοῦντος
1181 4990 1285 5041 ὑπὸ
1305 4988 1395 5041 τὸν
1428 4989 1547 5042 κατ’
1587 4986 1749 5040 αὐτὸν

165 5082 384 5151 θᾳόνον,
414 5080 484 5134 τὰ
512 5081 677 5134 αὐτοῦ
706 5081 1027 5151 πράγματα,
1054 5080 1086 5151 ἢ
1116 5080 1214 5149 τῆς
1264 5081 1383 5133 κατ’
1418 5078 1577 5132 αὐτὸν
1624 5080 1747 5132 Ἐκ-

166 5170 405 5239 κλησίας
438 5169 788 5239 ἀφαιρεῖσθαι
824 5170 856 5240 ἢ
887 5169 1299 5240 σφετερίζεσθαι
1323 5185 1335 5198 ’
1370 5168 1485 5223 ἀλλ’
1511 5168 1613 5221 ὑπὸ
1643 5184 1751 5221 πα-

164 5260 495 5331 ραφυλακὴν
522 5260 763 5313 ἔστωσαν
801 5259 895 5313 τοῦ
942 5259 1145 5329 κλήρου
1184 5260 1281 5328 τῆς
1302 5258 1632 5327 Ἐκκλησίας
1685 5252 1751 5329 ἧς

168 5353 201 5402 ὁ
227 5350 561 5421 τελευτήσας
602 5350 865 5421 ἐτύγχανε
910 5351 1189 5421 πρόεδρος,
1231 5349 1389 5420 μέχρι
1424 5349 1522 5419 τῆς
1557 5349 1745 5420 ἑτέρου

171 5444 475 5497 ἐπισκόπου
524 5446 876 5518 προαγωγῆς,
905 5444 1060 5507 ἐκτὸς
1110 5443 1160 5495 εί
1193 5442 1269 5513 μὴ
1298 5442 1550 5512 κληρικοὶ
1585 5443 1643 5495 ὲν
1682 5444 1747 5512 τῇ

171 5534 315 5601 αὐτῇ
364 5533 662 5605 Ἐκκλησία
687 5534 785 5606 οὐχ
825 5533 1227 5605 ὑπελείφθησαν
1259 5547 1275 5564 ⁸
1302 5531 1602 5605 τηνικαῦτα
1647 5534 1751 5602 γὰρ

2132 4521 2356 4577 Consilii
2387 4519 2825 4575 Chalcedonensis
2854 4536 3024 4574 canon
3045 4518 3135 4575 25.

1919 4615 2010 4670 25.
2072 4613 2343 4680 Quoniam
2393 4612 2643 4667 nonnulli
2688 4613 3123 4682 metropolitani,
3172 4620 3305 4681 etc.,
3360 4626 3421 4667 ut

1854 4706 2134 4779 pag.498.

2156 4797 2384 4852 Concilii
2416 4796 2716 4851 acumenici
2745 4811 2795 4850 Vl
2820 4812 2989 4851 canon
3025 4797 3116 4852 55.

1922 4891 2012 4949 55.
2045 4888 2189 4945 Nulli
2215 4889 2461 4943 omnium
2498 4887 3040 4955 metropolitanorum
3072 4889 3250 4952 liceat,
3276 4903 3415 4943 mor-

1850 4993 1946 5039 tuo
1967 4985 2245 5053 episcopo,
2281 4982 2374 5050 qui
2398 4981 2518 5051 ejus
2550 4980 2745 5033 throno
2775 4982 2984 5045 subest,
3012 4996 3099 5035 res
3121 4980 3314 5048 ipsius,
3337 4981 3416 5032 vel

1849 5072 2106 5128 Ecclesia
2155 5072 2274 5142 ejus
2299 5070 2535 5132 auferre,
2566 5069 2648 5122 vel
2687 5070 2791 5123 sibi
2842 5067 3114 5122 vindicare
3148 5069 3279 5121 :sed
3311 5068 3415 5121 sint

1852 5166 1954 5221 sub
1984 5164 2233 5220 custodia
2284 5162 2412 5217 cieri
2453 5159 2610 5232 341
2659 5159 2936 5223 Ecclesia,
2985 5158 3075 5213 cui
3129 5156 3416 5213 defunctus

1850 5257 2099 5327 prafuit,
2144 5269 2319 5323 usque
2345 5253 2411 5307 ad
2446 5250 2671 5307 alterius
2697 5251 2935 5319 episcOpi
2986 5248 3415 5317 promotionem;

1848 5356 2210 5418 praeterquam
2244 5345 2287 5400 si
2321 5345 2375 5398 in
2404 5343 2592 5399 eadem
2640 5340 2880 5396 Ecclesia
2927 5356 3034 5394 non
3086 5339 3263 5394 relicti
3310 5338 3416 5392 sint

1849 5439 2056 5494 clerici.
2105 5436 2262 5492 Tunc
2302 5435 2450 5492 enim
2501 5433 2957 5502 metropolitanus
3006 5446 3069 5486 ea
3100 5447 3207 5485 non
3256 5430 3415 5485 dimi-

1852 5542 1981 5586 nuta
2011 5529 2269 5594 servabit,
2303 5525 2609 5582 ordinando
2643 5525 2900 5593 episcopo
2940 5524 3123 5578 omnia
3163 5523 3417 5579 reddens.

172 5622 204 5671 ὁ
268 5622 670 5693 μητροπολίτης
722 5625 892 5679 ταῦτα
942 5623 1317 5696 παραφυλάξει
1360 5624 1627 5695 ἀμείωτα,
1669 5622 1745 5693 τῷ
1783 5619 2347 5693 χειροτονηθησομένῳ
2374 5615 2656 5684 ὲπισκὸπῳ
2681 5615 2856 5669 πάντα
2882 5614 3133 5678 ἀποδούς.

252 5718 295 5747 ³⁸
327 5715 343 5767 ι
383 5716 528 5771 Tim.
564 5735 637 5783 γι,
667 5718 718 5773 8.
