3904 6220
439 326 539 390 8‘23

1583 337 1846 398 PIIOTII
1883 340 2386 404 PATRIARCHE
2425 347 2557 408 CP.‘
3555 361 3646 424 8°25

509 438 658 493 CAP.
694 437 783 493 ιν.
836 468 899 480 -ι
948 439 1028 494 De
1060 443 1378 499 alienatione
1419 463 1592 500 rerum
1630 449 2009 506 ecclesiastica-

2190 455 2441 511 ΚΕΦΑΛ.
2494 461 2663 512 Δ’.--
2687 460 3220 534 Περὶέκποιήσεως
3267 468 3653 538 ἐκκλησιαστι-

439 545 576 584 ΤΙΙΙτΐ.

791 622 1161 692 Apostolorum
1195 645 1418 684 canones
1449 632 1537 697 58,
1573 633 1658 688 75.

499 713 576 766 ‘58
612 713 750 786 [57].
806 716 1064 773 Omnium
1090 737 1271 777 rerum
1305 727 1838 796 ecclesiaSticarnm,
1876 737 2006 794 etc.,

436 816 491 855 ut
519 819 636 873 pag.
679 806 808 860 818.

509 898 576 950 75
627 897 763 970 [72].
828 899 938 959 Vas
995 921 1222 964 aureum
1277 911 1360 966 vel
1416 922 1755 984 argenteum,
1783 925 1913 981 etc.,
1955 926 2013 970 ut

433 994 710 1062 pag.575.

806 1090 1038 1148 Concilii
1073 1097 1345 1167 Ancyrani
1373 1117 1539 1154 canon
1571 1100 1657 1156 15.

495 1177 583 1232 15.
728 1181 797 1237 iis
823 1200 946 1254 quae
984 1189 1255 1255 pertinent
1285 1194 1351 1246 ad
1395 1191 1765 1260 Dominicum,
1792 1201 1926 1261 etc.,
1957 1205 2012 1248 ut

433 1286 553 1340 pag.
588 1271 714 1326 8‘22.

793 1366 1024 1422 Concilii
1052 1367 1262 1424 Νίσιεηὶ
1307 1387 1346 1427 ιι
1372 1389 1539 1427 canon
1573 1373 1660 1428 l2.

509 1456 764 1514 Ecclesiae
802 1461 1118 1531 prwpositus
1164 1479 1268 1517 non
1332 1465 1478 1519 debet
1521 1465 1730 1535 praedia
1764 1463 2015 1520 Ecclesia:

435 1551 692 1604 alienare.

507 1641 592 1695 1‘2.
639 1640 694 1696 Si
726 1644 852 1713 quis
883 1645 1173 1715 episcopus
1218 1647 1303 1702 vel
1358 1648 1680 1703 monasterii
1725 1647 2015 1719 praefectus

2111 564 2257 605 θῑίιὶτθο

2477 644 2862 702 Ἀποστόλων
2888 649 3090 705 κανὼν
3115 649 3218 721 λη’,
3247 659 3344 720 ογ’.

2183 735 2282 808 λη’.
2304 735 2527 792 Πάντων
2539 737 2645 793 τῶν
2656 742 3120 812 ἐκκλησιαστικῶν
3136 745 3537 814 πραγμάτων,κ.
3553 763 3596 798 τ.
3607 745 3652 800 )..

2183 920 2283 991 ογ’.
2316 921 2516 986 Σκεῦος
2545 922 2780 994 χρυσοῦν
2807 923 2838 995 ἢ
2875 887 3150 997 ἀργυροῦν
3171 925 3444 994 ἁγιασθέν,
3465 943 3515 979 κ.
3537 944 3583 978 τ.
3608 926 3655 982 λ.

2434 1098 2707 1152 Συνόδου
2742 1095 3033 1167 Ἀγκύρας
3048 1099 3248 1152 κανὼν
3280 1099 3356 1154 ιε’.

2188 1188 2268 1246 ιε’.
2305 1191 2439 1263 Περὶ
2471 1191 2581 1245 τῶν
2623 1192 2985 1264 διαφερόντων
3031 1193 3110 1266 τῷ
3139 1195 3402 1266 Κυριακῷ
3451 1214 3504 1253 κ.
3533 1215 3580 1251 τ.
3609 1197 3655 1254 λ.

2360 1371 2410 1422 Σ
2415 1367 2632 1422 υνόδου
2671 1368 2920 1434 Νικαίας
2940 1369 3005 1422 τὸ
3028 1369 3113 1434 β’,
3132 1368 3332 1423 κανὼν
3353 1367 3437 1440 ιβ’.

2187 1461 2314 1514 ὀτι
2347 1463 2418 1514 οὺ
2444 1459 2540 1513 δεῖ
2559 1459 2925 1515 ἐκποιεῖσθαι
2952 1461 3290 1532 ἡγούμενον
3315 1461 3381 1515 ἐκ
3401 1461 3511 1516 τῶν
3531 1478 3659 1531 προ-

2113 1553 2374 1606 αστείων
2411 1550 2518 1621 τῆς
2562 1553 2948 1619 Ἐκκλησίας.

2188 1643 2275 1716 ιβ’.
2318 1644 2386 1696 Ei
2431 1661 2516 1707 τις
2545 1643 2842 1707 ἐπίσκοπος
2899 1644 3146 1716 εὑρεθείη
3187 1644 3219 1715 ἢ
3277 1645 3661 1717 ἠγοῦμενος,ὲκ

434 1730 689 1789 inventus
765 1735 929 1790 fuerit
999 1752 1063 1791 ex
1132 1739 1481 1807 episcopatus
1554 1739 1638 1794 vel
1697 1741 2009 1794 monasterii

2130 1737 2220 1790 τῶν
2243 1737 2608 1807 αὑτουργείων
2623 1735 2716 1788 τοῦ
2746 1737 3098 1789 ὲπισκοπείου
3120 1737 3153 1807 ἢ
3175 1736 3268 1790 τοῦ
3297 1739 3658 1807 μοναστηρίου,

434 1829 581 1896 agris
608 1868 622 1890 ,
650 1827 702 1881 in
739 1827 1002 1897 principis
1043 1829 1280 1898 alicujus
1312 1844 1507 1885 manus
1534 1831 1793 1894 alienare,
1819 1831 1900 1884 vel
1931 1831 2009 1885 al-

2130 1829 2496 1898 ;κποιούμενος
2534 1829 2613 1891 εἰς
2643 1827 2965 1900 ἁρχοντικὴν
3004 1831 3182 1899 χεῖρα,
3212 1830 3246 1900 ἢ
3305 1831 3468 1899 ἑτέρῳ
3513 1846 3662 1900 προσ-

433 1918 536 1973 teri
569 1934 814 1988 personas
850 1920 1086 1984 tradere,
1131 1921 1336 1974 nullius
1371 1922 1439 1975 sit
1475 1922 1737 1976 momenti
1769 1921 2008 1985 traditio,

437 2021 499 2064 ut
531 2021 843 2065 sanctorum
873 2013 1244 2080 apostolorum
1283 2013 1396 2066 vult
1423 2027 1600 2067 canon
1635 2013 1726 2080 qui
1763 2013 1894 2067 dicit
1917 2019 1961 2050 ⁷⁷
1993 2028 2006 2064 :

433 2103 691 2159 Omnium
721 2119 903 2158 rerum
936 2106 1437 2160 ecclesiasticarum
1483 2107 1773 2176 episcopus
1821 2119 2006 2159 curam

435 2205 607 2266 gerat,
651 2205 706 2250 et
747 2211 809 2250 ea
863 2196 1206 2252 administret
1255 2207 1514 2267 tanquam
1575 2198 1685 2251 Deo
1747 2197 2007 2250 intuente.

431 2285 510 2341 Ne
546 2287 706 2342 liceat
748 2297 928 2342 autem
960 2288 1258 2360 quidquam
1297 2305 1363 2344 ex
1413 2289 1493 2345 eis
1547 2289 1650 2343 sibi
1713 2288 2009 2350 vindicare,

429 2380 516 2434 vel
564 2380 800 2450 propriis
864 2382 1109 2452 cognatis
1158 2398 1279 2451 quae
1308 2382 1398 2435 Dei
1457 2389 1585 2436 sunt
1651 2381 1890 2450 elargiri.
1953 2381 2009 2434 Si

430 2482 612 2526 autem
645 2474 754 2526 sint
787 2487 1074 2542 pauperes,
1103 2483 1162 2526 ut
1189 2472 1522 2543 pauperibus
1557 2471 1886 2542 suppeditet,
1916 2470 2009 2524 sed

429 2580 544 2620 non
588 2578 780 2618 eorum
820 2575 1083 2634 pra-textu
1126 2581 1210 2619 res
1255 2565 1510 2620 Ecclesiae
1561 2565 1870 2620 venumdet.
1912 2563 2007 2617 Sin

428 2666 610 2711 autem
637 2656 1026 2711 detrimentum
1057 2656 1246 2711 all'erre
1271 2666 1547 2722 causetur,
1587 2671 1687 2710 nec
1711 2656 2008 2726 quidquam

429 2762 497 2800 ex
523 2762 654 2816 agro
682 2747 1036 2801 emolumenti
1071 2749 1298 2816 percipi,
1331 2763 1399 2800 ne
1431 2747 1510 2801 sic
1540 2747 1759 2816 quidem
1799 2745 2009 2815 princi-

427 2839 610 2909 pibus,
646 2841 737 2907 qui
785 2847 914 2894 sunt
946 2839 998 2892 in
1043 2855 1106 2893 eo
1139 2840 1280 2906 loco,
1336 2839 1533 2892 alicnet
1590 2837 1874 2908 praedium,
1914 2836 2006 2892 sed

430 2933 646 2988 clericis
680 2935 762 2987 vel
813 2935 1085 3002 agricolis.
1137 2935 1230 2986 Sin
1285 2942 1466 2986 autem
1526 2929 1705 3001 aliqua
1763 2931 2008 2998 improba

429 3025 728 3081 calliditate
759 3035 1002 3090 utentur,
1036 3036 1088 3080 et
1119 3025 1283 3097 342
1333 3026 1400 3078 ab
1427 3025 1666 3094 agricola
1699 3025 1776 3076 vel
1809 3023 2008 3077 clerico

429 3132 622 3186 agrum
658 3118 913 3188 princeps
952 3118 1162 3184 emerit,
1201 3119 1280 3172 sic
1310 3133 1527 3186 quoque
1559 3117 1763 3172 nullius
1789 3117 1858 3170 sit
1890 3131 2008 3169 rno-

428 3209 596 3262 menti
625 3209 885 3270 venditio,
917 3219 970 3264 et
1003 3209 1344 3279 episcopatui
1405 3209 1489 3262 vel
1545 3209 1873 3262 monasterio
1922 3223 2008 3261 re-

428 3299 707 3356 stituatur.
754 3299 924 3354 Porro
964 3303 1253 3370 episc0pus
1303 3300 1386 3354 vel
1438 3301 1755 3355 monasterii
1814 3301 2007 3370 praele-

426 3400 551 3447 ctus
582 3393 675 3462 qui
709 3393 811 3447 hoc
853 3391 1064 3459 fecerit,
1100 3393 1423 3447 exturbetur
1467 3395 1682 3462 quidem
1715 3393 2005 3462 episcopus

428 3485 499 3540 ab
521 3487 867 3554 episcopatu,
902 3486 1220 3541 monasterii
1251 3499 1381 3541 vero
1417 3486 1706 3556 praefectus
1738 3500 1766 3537 a
1809 3501 2006 3538 mona-

428 3577 615 3642 sterio,
661 3589 718 3632 ut
744 3578 838 3646 qui
879 3579 1020 3634 male
1069 3579 1337 3648 dissipent
1377 3595 1498 3649 qua:
1541 3593 1649 3632 non
1701 3593 2006 3649 congrega-

427 3680 572 3722 vere.

605 3755 882 3827 Cyrilliex
919 3758 1141 3827 epistola
1172 3759 1242 3811 ad
1278 3758 1541 3812 Domuum
1571 3775 1689 3828 cap.
1719 3758 1773 3812 2.

497 3848 554 3902 2.
581 3847 872 3904 Pecuniam
909 3860 1088 3906 autem
1126 3868 1248 3922 quae
1300 3868 1394 3922 per
1431 3852 1754 3920 injustitiam
1778 3860 1912 3920 etc.,
1948 3861 2006 3906 ut

427 3959 551 4013 pag.
584 3942 709 3997 579.

427 4113 448 4162 ι
493 4034 640 4161 Ιίιιιεο
675 4051 794 4107 qua:
830 4049 1090 4094 annotata
1122 4050 1252 4094 sunt
1291 4040 1344 4093 in
1368 4054 1488 4108 cap.
1539 4039 1576 4094 2
1626 4040 1911 4109 prasentis
1941 4039 2008 4093 ti-

456 4126 483 4160 u
513 4124 547 4160 ι.

456 4124 547 4160 llll.

498 4199 652 4255 CAP.
689 4197 753 4254 ν.
780 4198 856 4254 De
890 4217 942 4254 re
975 4201 1037 4255 ab
1069 4203 1325 4274 episcopis
1349 4211 1440 4256 aut
1478 4204 1683 4258 clericis
1711 4213 1826 4275 post
1859 4203 2007 4258 ordi-

429 4293 694 4346 nationem
715 4295 1003 4362 acquisita.

712 4403 935 4459 Concilii
960 4406 1392 4478 Cart/zaginensis
1435 4428 1603 4465 canon
1633 4412 1722 4466 ⁸52.

497 4495 556 4550 Si
593 4497 708 4566 quis
767 4497 1077 4552 clericorum
1135 4517 1332 4571 pauper
1367 4515 1641 4572 promotus
1691 4507 1745 4558 in
1803 4505 2004 4570 ordine,
2039 4517 2085 4574 ι)

425 4593 605 4655 postea
631 4587 867 4640 habuerit
902 4589 1128 4658 aliqutd,
1164 4589 1418 4646 Ecclesia:
1440 4594 1691 4661 potestati
1712 4593 2000 4663 sabjaoeat.

495 4759 585 4814 '52.
623 4758 756 4812 Item
795 4757 907 4829 (18)
953 4760 1176 4830 placuit,
1232 4773 1289 4817 ut
1339 4765 1607 4836 episc0pi,
1676 4766 2002 4839 presbyteri,

425 4852 664 4918 diaconi,
701 4852 784 4906 vel
816 4853 1130 4924 quicunque
1161 4856 1366 4924 clerici,
1403 4860 1496 4928 qui
1545 4859 1682 4913 nihil
1740 4860 2004 4915 habentes

426 4946 776 5010 ordinantur,
827 4955 881 5000 et
939 4955 1182 5016 tempore
1211 4950 1565 5020 episcopatus
1597 4952 1679 5005 vel
1712 4953 2004 5007 clericatus

427 5039 545 5104 sui,
595 5053 757 5108 agros
809 5040 894 5092 vel
952 5055 1292 5112 quaecunque
1363 5045 1562 5114 praedia
1620 5046 1842 5100 nomine
1903 5061 2006 5102 suo

429 5141 775 5197 comparant,
829 5137 1088 5198 tanquam
1145 5146 1327 5186 rerum
1383 5133 1788 5189 Dominicarum
1847 5136 2003 5190 inva-

427 5221 602 5275 sionis
633 5220 864 5276 crimine
909 5231 1195 5277 teneantur
1229 5242 1242 5278 :
1277 5227 1380 5279 nisi
1418 5227 1680 5281 admoniti
1717 5227 1768 5280 in
1815 5226 2003 5284 Eccle-

428 5316 564 5369 siam
591 5315 780 5370 eadem
806 5315 927 5384 ipsa
953 5316 1303 5371 contulerint.
1332 5317 1388 5374 Si
1422 5329 1603 5374 autem
1630 5321 1762 5391 ipsis
1787 5325 2004 5392 proprie

429 5407 635 5477 aliquid
680 5407 1010 5462 liberalitate
1064 5407 1322 5478 alicujus,
1382 5411 1466 5466 vel
1500 5413 1852 5469 successione
1905 5430 2001 5469 co-

491 5585 537 5619 "
566 5585 781 5644 Canon.
815 5588 906 5645 59.

2111 1921 2245 1991 ὡπῳ
2290 1921 2552 1985 ἐκδιδοὺς,
2589 1920 2794 1991 ἄκυρον
2824 1915 2964 1974 εἶναι
3005 1920 3105 1990 τὴν
3144 1919 3376 1985 ἔκδοσιν,
3414 1921 3546 1974 κατὰ
3583 1921 3660 1972 τὸν

2113 2014 2310 2067 κανόνα
2341 2013 2448 2066 τῶν
2484 2012 2656 2080 ἁγίων
2706 2013 3017 2066 ἀποστόλων
3057 2014 3148 2066 τὸν
3180 2013 3429 2081 λέγοντα,
3466 2013 3663 2067 Πάντων

2111 2105 2221 2158 τῶν
2264 2105 2734 2175 ὲκκλησιαστικῶν
2768 2105 3106 2176 πραγμάτων
3139 2107 3167 2159 ὁ
3197 2107 3489 2168 ἐπίσκοπος
3515 2105 3665 2175 ἐχέτω

2111 2196 2210 2266 τὴν
2258 2196 2535 2266 φροντίδα,
2577 2196 2673 2249 καὶ
2699 2197 2971 2251 διοικείτω
2996 2197 3134 2250 αὐτὰ
3165 2198 3241 2261 ὡς
3278 2197 3412 2250 Θεοῦ
3445 2197 3663 2267 ἐφορῶν-

2110 2305 2202 2352 τος
2233 2306 2248 2320 ·
2281 2288 2356 2359 μὴ
2390 2288 2588 2352 ἐξεῖναι
2620 2289 2768 2360 αὐτῷ
2807 2287 3220 2359 σφετερίζεσθαι
3286 2307 3338 2343 τι
3377 2289 3432 2355 ἐξ
3484 2288 3662 2354 αὐτῶν,

2112 2381 2145 2452 ἢ
2185 2380 2500 2449 συγγενέσιν
2557 2380 2706 2444 ἰδίοις
2735 2381 2804 2436 τά
2830 2381 2924 2434 τοῦ
2960 2379 3094 2434 Θεοῦ
3124 2381 3445 2451 χαρίζεσθαι
3485 2396 3498 2409 ·
3532 2381 3576 2432 εί
3615 2379 3664 2433 δὲ

2112 2472 2342 2540 πένητες
2373 2467 2502 2536 εἷεν,
2557 2472 2954 2542 ἐπιχορηγείτω
2996 2470 3072 2534 ὡς
3113 2472 3369 2543 πένησιν,
3419 2471 3546 2525 ἀλλὰ
3599 2471 3664 2541 μὴ

2111 2563 2384 2634 προφάσει
2407 2563 2610 2616 τούτων
2633 2564 2701 2616 τά
2727 2566 2823 2632 τῆς
2862 2564 3188 2634 Ἐκκλησίας
3205 2563 3596 2635 ἁπεμπολείτω·
3625 2565 3667 2615 εί

2110 2655 2166 2708 δὲ
2197 2655 2604 2727 προφασίζοιτο,
2659 2655 2862 2727 ζημίαν
2879 2659 3126 2727 ἐμποιεῖν
3155 2673 3170 2686 ⁸
3205 2658 3304 2711 καὶ
3344 2657 3505 2734 μηδὲν
3547 2655 3669 2726 πρὸς

2110 2746 2295 2816 ὖνησιν
2334 2747 2621 2818 τυγχάνειν
2676 2748 2767 2800 τὸν
2801 2749 2989 2820 ἀγρὸν,
3034 2749 3107 2819 μὴ
3140 2748 3185 2801 δ’
3215 2748 3361 2802 οῦτω
3404 2749 3510 2811 τοῖς
3543 2746 3668 2800 κατὰ

2112 2838 2275 2891 τόπον
2306 2838 2564 2910 ἄρχουσιν
2593 2837 2852 2892 ἐκδιδόναι
2877 2839 2967 2892 τὸν
3009 2838 3194 2905 τόπον,
3227 2839 3366 2892 ἀλλὰ
3413 2838 3670 2908 κληρικοίς

2111 2933 2144 3002 ἢ
2175 2937 2439 3003 γεωργοῖς
2471 2951 2485 2963 ’
2526 2935 2574 2986 εἰ
2604 2933 2658 2986 δὲ
2683 2933 2990 3005 πανουργίᾳ
3017 2923 3227 3002 πονηρᾷ
3255 2933 3555 3002 χρήσοιντο,
3585 2927 3670 2980 καὶ

2112 3026 2176 3077 ἐκ
2203 3024 2293 3076 τοῦ
2328 3025 2576 3096 γεωργοῦ
2609 3026 2641 3095 ἢ
2668 3025 2760 3078 τοῦ
2793 3024 3056 3096 κληρικοῦ
3091 3025 3360 3095 ὠνήσεται
3395 3023 3568 3095 ἄρχων
3589 3019 3669 3074 τὸν

2113 3117 2304 3185 ἀγρὸν,
2330 3117 2422 3169 καὶ
2446 3117 2619 3182 οὕτως
2651 3119 2855 3190 ἄκυρον
2885 3114 3020 3171 εἶναι
3048 3117 3147 3188 τὴν
3193 3117 3418 3182 πράσιν,
3447 3116 3536 3170 καὶ
3550 3115 3671 3167 ἁπο-

2114 3208 2476 3262 καϐίστασθαι
2498 3212 2557 3262 ὲν
2580 3209 2655 3280 τῷ
2684 3211 3024 3282 ὲπισκοπείῳ
3053 3210 3084 3280 ἦ
3111 3213 3168 3263 ἐν
3189 3209 3269 3280 τῷ
3303 3207 3668 3280 μοναστηρίῳ⁶

2115 3299 2208 3352 καὶ
2234 3301 2528 3364 ἐπίσκοπος
2557 3302 2613 3355 δὲ
2653 3302 2686 3373 ἢ
2742 3302 3042 3373 ἡγούμενος
3083 3303 3242 3355 τοῦτο
3292 3300 3458 3356 ποιῶν
3496 3297 3668 3351 ἐκδιω-

2114 3390 2316 3472 χοήτω,
2341 3393 2368 3444 ό
2393 3393 2489 3461 μὲν
2523 3393 2820 3456 ἐπίσκοπος
2853 3393 2946 3447 τοῦ
2978 3393 3356 3458 ὲπισκοπείου,
3390 3391 3489 3444 όδὲ
3522 3385 3671 3459 ἡγού-

2118 3485 2278 3554 μένος
2316 3486 2700 3558 μοναστηρίου,
2731 3486 2806 3548 ὡς
2833 3485 3310 3557 διασκορπίζοντες
3363 3483 3541 3545 κακῶς
3562 3481 3595 3534 ἆ
3617 3479 3674 3532 οὐ

2117 3578 2443 3647 συνήγαγον.

2110 3755 2416 3820 Ιιίνρίλλου
2444 3749 2511 3806 ἐκ
2532 3751 2640 3820 τῆς
2664 3755 2814 3820 πρὸς
2845 3755 3075 3823 Δόμνον
3105 3752 3442 3820 ἐπιστολῆς
3469 3762 3594 3819 κερ.
3615 3749 3672 3819 β’.

2185 3843 2250 3915 β’.
2284 3845 2365 3897 Τὰ
2401 3845 2455 3897 δὲ
2486 3844 2682 3909 ἀδίκως
2707 3845 2979 3915 ληφθέντα
3002 3863 3057 3899 κ.
3088 3863 3137 3902 τ.
3179 3846 3227 3899 λ.

2195 4012 2493 4082 Ἀνάγνωθι
2517 4012 2586 4067 τά
2609 4011 3126 4086 παραγεγραμμένα
3157 4014 3214 4066 ὲν
3245 4011 3324 4084 τῷ
3346 4015 3390 4086 β’
3433 4027 3554 4080 κεφ.
3587 4006 3672 4062 τοῦ

2111 4104 2378 4174 παρόντος
2406 4105 2513 4160 τίτ.
3012 4130 3015 4132 ·

2185 4196 2413 4249 ΚΕΦΑΛ
2447 4196 2523 4252 Ε’.
2551 4228 2622 4238 -
2648 4197 2934 4266 Περὶ·τῶν
2971 4196 3121 4266 μετὰ
3161 4194 3279 4266 τὴν
3321 4192 3678 4265 χειροτονίαν

2109 4291 2413 4364 κτωμένων
2437 4291 2793 4358 ἐπισκόποις
2818 4291 2854 4360 ἢ
2891 4275 3219 4362 κληρικοῖς.

2368 4401 2640 4457 Συνόδου
2665 4404 3085 4473 Καρθαγέννης
3118 4402 3320 4457 κανὼν
3349 4402 3449 4473 λβ’.

2194 4493 2337 4548 Ἐάν
2365 4511 2456 4560 τις
2485 4493 2604 4548 τῶν
2625 4494 2930 4562 κληρικῶν
2949 4497 3233 4565 πενιχρὸς
3252 4496 3563 4564 προκόψας
3592 4492 3678 4554 είς

2111 4603 2242 4640 τινα
2279 4586 2455 4651 τάξιν
2498 4586 2796 4656 κτήσηται
2835 4603 2912 4654 τι,
2967 4589 3309 4644 ὑποκείσθω
3342 4585 3416 4656 τῇ
3435 4584 3675 4650 ἐξουσίᾳ

2110 4679 2229 4732 τῶν
2249 4679 2617 4733 ἐπισκόπων.

2182 4769 2284 4842 λβ’.
2317 4771 2550 4841 Ὁμοίως
2591 4770 2818 4841 ἡρεσεν,
2852 4771 2942 4824 ἵνα
2964 4770 3273 4836 ἐπίσκοποι,
3300 4768 3673 4842 πρεσϐύτεροι,

2112 4864 2372 4929 διάκονοι,
2398 4865 2430 4935 ἦ
2461 4863 2906 4935 καὶηοὶοιδήποτε
2952 4863 3224 4934 κληρικοὶ,
3257 4865 3306 4916 oi
3337 4863 3500 4934 μηδὲν
3531 4861 3672 4929 ἕχον-

2113 4975 2225 5020 τες,
2260 4958 2356 5010 ἐὰν
2401 4956 2782 5027 προκόψαντες
2822 4956 2900 5026 τῷ
2949 4956 3126 5026 καιρῷ
3162 4955 3263 5026 τῆς
3293 4956 3612 5022 ἐπισκοπῆς,
3641 4951 3673 5022 ἢ

2110 5052 2207 5121 τῆς
2236 5049 2564 5122 κληρώσεως
2621 5049 2800 5102 αὐτῶν
2845 5050 3047 5118 ἀγροὺς
3094 5048 3126 5119 ἦ
3179 5047 3470 5116 οἱαδήποτε
3508 5043 3673 5117 χωρία

2108 5141 2197 5194 ἐπ’
2216 5139 2438 5210 ὀνόματι
2470 5138 2583 5209 ἰδίῳ
2613 5137 2979 5208 ἀγοράσωσιν,
3011 5137 3096 5190 ἵνα
3126 5135 3201 5199 ὡς
3233 5135 3374 5189 κατὰ
3422 5137 3672 5187 Δεσποτι-

2111 5232 2224 5286 κῶν
2281 5232 2620 5302 πραγμάτων
2668 5229 2854 5300 ἔφοδον
2897 5229 3257 5299 πεποιηκότες
3298 5227 3605 5296 ἐνέχωνται,
3628 5221 3672 5272 εί

2116 5326 2190 5397 μὴ
2224 5326 2332 5397 ἄρα
2351 5324 2535 5378 λοιπὸν
2576 5322 3040 5394 ὑπομνησθέντες,
3075 5324 3141 5393 τῇ
3190 5319 3484 5390 Ἐκκλησία
3509 5313 3672 5369 ταῦτα

2113 5417 2518 5487 εἰσκομίσουσιν
2541 5433 2561 5452 ο
2600 5414 2776 5486 ἐὰνδὲ
2805 5415 2884 5480 είς
2921 5414 3116 5479 αὐτοὺς
3152 5413 3375 5484 κυρίως,
3407 5405 3672 5480 φιλοτιμίᾳ

505 5739 617 5808 (l8)
648 5741 978 5810 Ilipponcttsi
1011 5743 1243 5800 concilio
1280 5744 1362 5799 tit.
1397 5742 1428 5799 8
1484 5743 1746 5800 tribuitur
1789 5759 1817 5799 a
1872 5742 2149 5802 Fcrrando
2174 5760 2290 5814 cap.
2327 5744 2415 5799 33.
