3766 6198
186 306 299 370 825

974 307 1371 370 SYNTAGMA
1404 307 1790 370 CANONUM.
1817 333 1884 344 -···
1906 310 2054 371 ΤΙΤ.
2093 311 2166 386 Χ,
2197 311 2355 372 CAP.
2396 311 2495 386 IV,
2527 311 2598 372 V.

3284 360 3294 364 _
3357 306 3462 369 826

185 415 393 488 τινδςῆ
423 415 639 486 διαδοχῇ
676 417 998 486 συγγενείας
1025 417 1308 491 περιέλθῃ,
1329 417 1389 483 ἐξ
1423 418 1587 472 αὐτοῦ
1623 421 1743 488 ποιή

1964 423 2163 477 ationis
2197 423 2497 486 obvenerit,
2524 419 2725 474 faciant
2747 416 2901 482 inde,
2949 414 3095 486 quod
3123 427 3314 468 eorum
3343 416 3459 485 (l9)

188 524 383 561 σουσιν
415 507 445 560 δ
473 507 584 576 ἔχει
613 508 649 577 ή
678 507 936 577 πρόθεσις
965 507 1146 561 αὐτῶν
1188 525 1202 540 ·
1239 510 1287 562 εί
1315 510 1374 562 δὲ
1423 509 1519 562 καὶ
1558 511 1694 579 μετὰ
1724 511 1784 563 τὸ

186 596 501 668 προθέσθαι
535 598 618 659 εἰς
645 597 886 650 τούπίσω
913 597 1324 667 μετατραπῶσι,
1356 598 1455 666 τῆς
1481 597 1780 668 ἐκκλησια-

187 688 389 757 στικῆς
415 688 582 759 τιμῆς
613 688 820 753 ἀνάξιοι
863 689 939 752 ὡς
971 689 1218 768 ἀδόκιμοι
1243 690 1527 760 κριθῶσιν.

185 798 470 852 Evr-660v
500 806 551 852 α’
583 801 678 854 καί
711 802 772 866 β’
795 804 1313 871 συγκροτηθείσης
1341 805 1412 857 ἐν·
1465 811 1783 861 Κωνσταν-

263 872 614 942 τινορπόᾼει
651 873 724 924 ἐν
749 873 830 937 τῷ
859 874 984 938 ναῷ
1013 871 1133 927 τῶν
1170 874 1374 942 Ἁγίων
1407 876 1786 932 Ἀποστόλων

264 938 475 991 κανὼν
509 939 572 1004 ζ’.

265 1048 335 1114 ζ’.
372 1051 578 1116 Πολλὰς
609 1053 716 1106 τῶν
741 1053 1056 1108 ἐπισκοπῶν
1078 1055 1294 1127 ὁρῶμεν
1323 1059 1783 1124 καταπιπτούσας

185 1143 292 1194 καὶ
324 1145 617 1216 ἀφανισμῷ
662 1146 854 1219 τελείῳ
897 1148 1316 1214 κινδυνευούσας
1363 1153 1779 1221 παραδίδοσθαι,

187 1235 391 1306 ἰτιπερ
458 1235 508 1288 oi
554 1236 758 1290 τούτων
801 1241 1224 1308 προεστηκότες,
1260 1240 1358 1313 τὴν
1417 1244 1546 1314 περὶ
1603 1244 1782 1296 αὐτῶν

192 1327 507 1397 φροντίδων
545 1331 638 1382 καὶ
679 1330 1001 1399 ἐπιμέλειαν
1041 1331 1122 1395 είς
1173 1334 1460 1403 νεουργίας
1510 1351 1782 1404 μοναστη-

192 1419 336 1489 ρίων
390 1420 868 1487 καταναλίσκουσι,
917 1424 1014 1476 καὶ
1063 1423 1266 1486 ταύτας
1305 1425 1782 1492 διασπῶντες,καὶ

184 1509 290 1562 τὸν
333 1511 696 1581 σφετερισμδν
746 1512 857 1564 τῶν
911 1514 1132 1567 εἰσόδων
1177 1515 1651 1586 ὲκμηχανώμενοι,
1683 1518 1782 1586 τὴν

187 1603 427 1656 ἐκείνων
456 1604 761 1676 ἐπαύξησιν
800 1607 1282 1678 πραγματεύονται
1309 1625 1322 1640 ο
1353 1607 1550 1679 ὥρισεν
1576 1605 1668 1663 οὖν
1697 1610 1783 1663 διὰ

187 1695 358 1749 τοῦτο
388 1696 569 1766 ήὰγία
611 1699 845 1761 σύνοδος,
878 1701 1068 1770 μηδενὶ
1091 1701 1202 1754 τῶν
1228 1701 1546 1754 ἐπισκόπων
1583 1701 1781 1766 ἐξεῖναι

1885 513 2166 583 proposito
2195 514 2447 583 congruit
2489 511 2678 582 :quod
2715 510 2761 564 si
2811 523 2842 564 a
2897 525 2997 564 suo
3053 507 3329 577 proposito
3387 522 3469 561 re-

1886 615 2123 662 trorsum
2158 607 2610 672 exorbitaverint,
2654 606 2862 658 honore
2895 601 3269 658 ecclesiastico
3316 601 3464 654 indi-

1884 699 1997 768 gni,
2033 706 2291 768 tanquam
2326 698 2566 767 reprobi,
2603 696 2940 766 judicentur.

1883 807 2043 880 343
2071 808 2294 864 Concilii
2329 810 2491 879 primi
2528 818 2578 880 et
2633 809 2848 880 secundi
2901 804 3362 880 Co‘nstantt'nOpoli
3408 805 3466 857 in

2018 876 2127 935 itde
2155 876 2474 935 Sanctorum
2503 879 2874 948 Apostolorum
2893 876 3058 930 habiti
3089 891 3258 929 canon
3290 877 3342 929 7.

1962 1054 2212 1112 7.Multos
2223 1055 2571 1126 episcopatus
2585 1069 2825 1121 ruere,et.
2841 1063 3100 1124 perpetuo
3130 1052 3294 1107 exitio
3319 1059 3462 1104 tram

1884 1148 2152 1215 videmus,
2196 1149 2341 1218 quod
2390 1148 2482 1218 qui
2542 1149 2624 1203 eis
2674 1155 2933 1217 praesunt,
2982 1160 3201 1200 onmem
3260 1145 3328 1198 de
3378 1143 3461 1199 eis

1884 1256 2094 1306 curam,
2114 1249 2168 1294 et
2189 1241 2605 1296 sollicitudinem
2641 1241 2696 1294 in
2721 1247 2965 1294 recentes
2994 1236 3455 1292 monasteriorum

1883 1335 2284 1388 exstructiones
2314 1333 2625 1399 conferunt,
2665 1340 2720 1386 et
2745 1347 2841 1386 eos
2871 1331 3187 1386 divellentes
3225 1344 3292 1382 ae
3344 1327 3459 1382 dis-

1885 1423 2182 1488 trahentes,
2215 1434 2267 1477 et
2292 1433 2352 1477 ut
2376 1425 2442 1476 ad
2477 1438 2535 1478 se
2567 1421 2876 1491 pertineant
2908 1420 3114 1474 reditus
3154 1417 3462 1481 molientes,

1883 1525 1944 1569 ut
1974 1516 2091 1583 ipsa
2121 1523 2426 1582 augeantur
2457 1514 2729 1567 laborant.
2759 1510 2871 1566 Hoc
2902 1526 3033 1578 ergo
3068 1509 3257 1563 statuit
3283 1517 3472 1562 sancta

1883 1603 2151 1674 synodus,
2191 1603 2329 1657 nulli
2371 1602 2538 1656 licere
2571 1601 2829 1671 episcopo
2875 1600 3144 1670 privatum
3197 1605 3472 1651 monaste-

1885 1698 2023 1751 rium
2054 1698 2119 1751 ad
2143 1697 2344 1766 pr0prii
2369 1697 2717 1766 episcopatus
2747 1694 3047 1763 perniciem
3085 1706 3278 1747 recens
3304 1705 3467 1745 cxco-

193 1789 563 1857 μοναστήριον
598 1788 728 1841 ῐδιον
772 1790 866 1842 ἐπὶ
906 1791 1204 1845 καταλύσει
1256 1795 1353 1862 τῆς
1395 1792 1603 1854 οίκείας
1657 1795 1743 1847 ὲπι

1964 1801 2074 1840 are.
2115 1786 2169 1840 Si
2201 1786 2328 1856 quis
2356 1795 2538 1840 autem
2575 1786 2678 1839 hoc
2709 1786 2910 1837 audere
2941 1784 3316 1852 deprehensus
3350 1780 3468 1834 fue-

191 1880 413 1948 σκοπῆς
435 1883 732 1950 νεουργεῖν·
764 1883 812 1934 εἰ
842 1883 899 1936 δέ
928 1901 1014 1947 τις
1057 1885 1333 1955 φωραθείη
1361 1883 1516 1936 τοῦτο
1545 1884 1780 1954 τολμῶν,

95 1987 98 1989 λ
191 1971 364 2022 αὐτὸν
387 1970 485 2040 μὲν
511 1972 587 2042 τῷ
606 1975 938 2046 προσήκοντι
959 1975 1226 2047 ἐπιτιμίῳ
1247 1976 1781 2044 καθυποόἁλλεσθαι,

192 2064 259 2114 τὸ
313 2063 370 2115 δὲ
427 2065 760 2135 νεουργηθὲν
808 2066 900 2118 ὑπ’
934 2066 1119 2132 αὑτοῦ,
1157 2067 1231 2130 ὡς
1265 2069 1338 2140 μὴ
1387 2070 1443 2122 δὲ
1483 2070 1581 2136 τὴν
1609 2068 1784 2140 ἀρχὴν

197 2149 570 2218 μοναστηρίου
617 2152 820 2205 δίκαιον
875 2154 1206 2225 ἁπειληφδς,
1256 2157 1332 2220 ὡς
1393 2158 1660 2211 ίδιωτικὺν
1709 2159 1786 2228 τῷ

194 2241 542 2312 ἑπισκοπείῳ
573 2244 1020 2312 προσκυροῦσθαι
1045 2264 1057 2277 ·
1095 2248 1249 2300 οὐδὲν
1271 2249 1378 2318 γὰρ
1403 2248 1511 2302 τῶν
1542 2250 1784 2320 παρανό-

196 2351 322 2401 μως
355 2334 450 2386 καὶ
475 2335 726 2398 ἀτάκτως
750 2353 1064 2406 παρυφιστα
1072 2339 1268 2408 μένων,
1285 2341 1344 2392 τὸ
1368 2342 1655 2412 πρόκριμα
1680 2341 1790 2396 τῶν

194 2423 501 2485 κανονικῶς
532 2426 942 2491 συνισταμένων
965 2428 1341 2497 ἀποφέρεσθαι
1373 2430 1618 2484 δύναται.

287 2514 350 2564 Ἦ
374 2513 450 2580 λγ¹
465 2513 606 2568 διᾶτ.
627 2515 720 2568 τοῦ
747 2522 795 2585 γ’
824 2517 929 2572 τίτ.
953 2519 1046 2571 τοῦ
1068 2517 1116 2572 α’
1149 2519 1289 2589 βιδλ.
1313 2521 1408 2574 τοῦ
1438 2521 1569 2577 κὼδ.
1598 2524 1786 2594 φησὶν,

194 2604 308 2667 ὅτι,
337 2605 402 2656 υἱ
424 2605 691 2674 ὀρθόδοξοι
730 2609 1018 2663 ἐπίσκοποι
1049 2611 1143 2664 καὶ
1163 2613 1436 2682 κληρικοὶ,
1473 2614 1610 2684 ὅπερ
1641 2614 1706 2666 ἂν
1733 2616 1791 2669 ὲν

191 2695 283 2766 τῷ
335 2697 512 2767 καιρῷ
564 2701 900 2770 κτήσωνται,
933 2703 1027 2756 καὶ
1075 2702 1384 2768 ὑπεξούσιοι
1447 2704 1602 2768 δντες
1662 2705 1792 2760 ίδιον

187 2786 409 2855 ἔχουσι,
463 2787 557 2839 καὶ
601 2790 660 2840 ού
717 2792 1162 2862 συνεισφέρουσιν
1229 2794 1390 2860 αὐτὰ,
1432 2793 1559 2858 ,ἀλλ’
1609 2795 1793 2848 ἄδειαν

192 2877 391 2946 ἔχουσι
426 2878 520 2933 καὶ
551 2877 754 2944 ζῶντες
785 2883 1050 2950 ὲκποιείν,
1078 2885 1171 2937 καὶ
1201 2886 1288 2938 ἐπ’
1325 2885 1507 2939 αὐτῶν
1552 2889 1631 2950 είς
1661 2886 1794 2951 ἐξω-

191 2972 397 3033 τικοὺς
427 2972 782 3041 διατίθεσθαι,
817 2974 848 3045 ἢ
881 2977 1160 3029 κατιοῦσιν
1182 2978 1321 3032 αὐτὰ
1355 2981 1750 3050 παραπέμπειν
1776 2999 1790 3012 ·

194 3064 300 3116 καὶ
357 3066 390 3134 ἡ
443 3064 533 3134 μα’
577 3065 715 3119 διάτ.
752 3067 844 3119 τοῦ
886 3068 1049 3121 αὐτοῦ
1083 3069 1192 3124 τίτ.
1231 3070 1335 3135 δτι,
1392 3071 1472 3123 Τὰ
1526 3071 1664 3141 μετὰ
1695 3072 1794 3144 τὴν

194 3158 513 3229 ἐπισκοπὴν
554 3158 820 3228 κτηθέντα
877 3163 904 3213 ὁ
966 3161 1265 3225 ἐπίσκοπος
1316 3163 1378 3215 οὐ
1423 3164 1645 3217 δύναται
1703 3167 1793 3218 ὲκ-
1823 3138 1865 3195 C

196 3249 406 3310 ποιεῖν,
436 3248 468 3318 ἦ
496 3248 828 3304 διατίθεσθαι
878 3251 965 3304 ἐπ’
997 3254 1200 3318 αὐτοῖς,
1227 3255 1276 3306 εί
1320 3255 1394 3324 μὴ
1425 3257 1534 3308 ἀπὸ
1591 3257 1793 3324 γονέων

195 3337 236 3406 ἢ
273 3337 438 3391 θείων
480 3338 511 3409 ἢ
577 3341 824 3411 ἀδελφῶν
867 3345 948 3406 είς
999 3345 1162 3398 αὑτὸν
1194 3347 1486 3417 περιῆλθον
1511 3364 1524 3380 ο
1559 3348 1694 3402 ἀλλὰ
1726 3351 1792 3420 τῇ

197 3430 329 3483 κατ’
356 3430 524 3484 αὑτὸν
564 3433 859 3504 Ἐκκλησία
887 3437 1201 3508 διαφέρουσι
1227 3454 1242 3469 ο
1279 3440 1373 3492 καὶ
1398 3440 1539 3508 μετὰ
1565 3439 1664 3510 τὴν
1699 3441 1796 3493 αύ-

198 3521 318 3573 τῶν
343 3521 598 3594 τελευτὴν
629 3525 922 3596 λογισμοὺς
941 3527 1052 3581 τῶν
1087 3531 1347 3583 τοιούτων
1379 3532 1720 3602 πραγμάτων
1746 3534 1794 3585 οί

203 3611 492 3682 οἰκονόμοι
545 3613 940 3669 ἀπαιτοῦνται·
977 3618 1048 3670 τὰ
1088 3619 1146 3672 δὲ
1193 3619 1301 3690 πρὸ
1348 3621 1446 3689 τῆς
1491 3621 1798 3692 ἐπισκοπῆς

205 3700 511 3773 κτηθέντα,
546 3706 640 3758 καὶ
667 3705 946 3760 ἐκποιοῦσι
971 3709 1067 3762 καὶ
1093 3709 1422 3764 διατίθενται
1449 3713 1535 3764 ἐπ’
1566 3714 1750 3776 αὐτοῖς
1781 3729 1796 3746 ο

203 3795 306 3848 καὶ
335 3796 368 3865 ὴ
405 3793 492 3864 μθ¹
520 3797 600 3850 ὅτι
630 3799 678 3849 οἱ
705 3799 994 3853 ἐπίσκοποι
1045 3802 1142 3855 καὶ
1174 3803 1536 3874 πρεσϐύτεροι
1562 3806 1655 3858 καὶ
1686 3805 1798 3859 διὰ-

205 3903 382 3948 κονοι,
413 3890 568 3957 quasi
591 3893 919 3944 castrension
948 3891 1149 3962 ἔχουσι,
1177 3893 1273 3945 καὶ
1295 3894 1621 3948 διατίθενται
1643 3896 1799 3964 νομί-

212 3996 334 4048 μως
386 3979 473 4032 ἐπ’
523 3980 672 4050 αὐτῷ
700 3999 714 4013 ·
748 3983 840 4034 καὶ
887 3985 986 4052 ούχ
1035 3984 1321 4037 ὑπόκειται
1377 3986 1410 4056 ἡ
1449 3985 1682 4056 διαθήκη
1730 3990 1797 4058 τῇ

211 4069 280 4122 de
304 4070 610 4138 inofﬁcioso.
652 4071 714 4125 Ἤ
753 4073 808 4124 δὲ
835 4070 883 4140 γ’
911 4074 1048 4126 stac.
1092 4073 1187 4127 τοῦ
1221 4075 1264 4144 β’
1297 4076 1402 4130 τίτ.
1430 4076 1540 4128 τῶν
1569 4077 1800 4147 Νεαρῶν

212 4162 412 4229 φησιν,
435 4161 539 4227 ὃτι,
569 4163 632 4215 Οἱ
661 4163 955 4216 ἐπίσκοποι
981 4165 1050 4218 τὰ
1084 4165 1222 4234 μετὰ
1255 4165 1354 4236 τὴν
1380 4169 1686 4236 ἐπισκοπὴν
1704 4169 1802 4220 αύ-

208 4255 332 4316 τοῖς
360 4254 629 4324 κτηθέντα
661 4255 854 4323 κινητά
877 4256 912 4327 ἦ
937 4258 1266 4328 αὑτοκίνητα
1304 4261 1383 4321 είς
1417 4258 1578 4322 ίδίους
1604 4275 1803 4326 συγγε-

210 4345 376 4415 νεῖςή
404 4345 596 4409 ἄλλους
615 4347 908 4418 οίῳδὴποτε
930 4350 1118 4420 τρόπῳ
1143 4352 1203 4402 οὐ
1223 4351 1644 4421 μεταφέρουσιν,
1668 4351 1802 4404 ἀλλὰ

211 4438 617 4492 δαπανᾶτωσαν
641 4440 778 4493 αὐτὰ
793 4443 874 4503 είς
900 4440 1052 4493 λύσιν
1085 4442 1445 4512 αἰχμαλώτων
1462 4443 1558 4496 καὶ
1573 4443 1803 4513 πτωχῶν

215 4529 611 4600 ἀποτροφὴν,ἢ
640 4532 720 4594 είς
749 4532 1026 4602 συμφέρον
1045 4533 1143 4603 τῆς
1173 4534 1311 4597 ἰδίας
1339 4535 1670 4604 Ἑκκλησίας
1699 4551 1712 4566 ·
1736 4536 1804 4590 τὰ

213 4620 274 4672 δὲ
305 4621 443 4690 μετὰ
481 4621 578 4692 τὴν
597 4621 776 4675 αὐτῶν
805 4622 1061 4692 τελευτὴν
1086 4625 1150 4677 ὲκ
1173 4624 1378 4678 τούτων
1401 4627 1806 4695 περιττεύοντα,

214 4715 252 4783 ἡ
318 4715 440 4766 κατ’
497 4715 694 4778 αὐτοὺς
761 4715 1056 4785 Ἐκκλησία
1104 4717 1400 4770 οἰκειοῦται
1445 4733 1460 4747 '
1513 4718 1700 4772 ἄδειαν
1750 4720 1809 4774 δὲ

214 4806 437 4876 ἔχουσιν
490 4808 729 4859 ὲκποιεῖν
769 4806 928 4861 ἅτινα
962 4809 1067 4879 πρὸ
1099 4812 1198 4878 τῆς
1232 4809 1540 4877 ἐπισκοπῆς
1573 4811 1802 4880 ἐσχηκό-

215 4914 312 4958 τες
365 4896 744 4966 ἀποδειχθῶσι,
784 4898 877 4951 καὶ
925 4898 1026 4952 ὅσα
1090 4901 1226 4968 μετὰ
1268 4901 1368 4969 τὴν
1401 4901 1706 4969 ἐπισκοπὴν
1727 4901 1809 4966 είς

218 4988 424 5051 αὐτοὺς
475 4987 754 5058 περιέλθοι
792 4989 901 5042 ἀπὸ
935 4989 1234 5056 συγγενῶν,
1275 4988 1366 5052 οὒς
1414 4989 1475 5055 ἐξ
1526 4990 1809 5043 ἀδιαθέτου

223 5080 389 5149 μέχρι
419 5081 679 5147 τετάρτου
707 5079 918 5149 βαθμοῦ
949 5080 1289 5149 διαδέχεσθαι
1315 5080 1565 5133 δύνανται
1603 5099 1616 5111 ο
1637 5079 1810 5134 ταῦτα

218 5171 279 5223 δὲ
309 5174 500 5240 κρατεῖ
523 5171 615 5223 ἐπὶ
640 5171 1068 5240 ὀρφανοτρόφων
1116 5172 1212 5224 καὶ
1259 5173 1681 5242 πτωχοτρόφων,
1717 5174 1810 5226 καὶ

224 5262 559 5330 νοσοκόμων,
591 5263 685 5315 καὶ
731 5265 1194 5333 γεροντοτρόφων,
1227 5266 1319 5317 καὶ
1374 5263 1684 5335 ξενοδόχων,
1715 5267 1809 5318 καὶ

223 5355 450 5408 πάντων
488 5356 596 5409 τῶν
626 5356 802 5411 ἄλλων
841 5356 1130 5426 διοικητῶν
1165 5356 1273 5410 τῶν
1311 5358 1622 5426 σεϐασμίων
1646 5357 1808 5411 οἴκων

228 5444 326 5498 ἐπὶ
358 5446 472 5507 τοῖς
503 5447 583 5506 είς
618 5445 812 5508 αὐτοὺς
847 5449 904 5498 ἐν
935 5445 1012 5516 τῷ
1052 5445 1228 5516 καιρῷ
1255 5445 1354 5515 τῆς
1399 5447 1578 5499 αὐτῶν
1609 5448 1808 5517 διοικήο

225 5554 365 5600 σεως
395 5537 539 5589 κατὰ
570 5535 661 5590 τὸν
718 5538 1010 5608 εἰρημένον
1056 5538 1257 5608 τρόπον
1311 5538 1684 5608 περιελθοῦσιν
1721 5557 1732 5570 ·
1770 5543 1801 5610 ἡ

303 5719 416 5785 (19)
453 5717 567 5774 Hoc
598 5727 700 5785 est,
739 5720 1022 5785 vocationi,
1056 5721 1386 5789 professioni,
1428 5723 1611 5775 statui.

1831 4493 1885 4553 D

1886 1880 1976 1939 rit,
2009 1878 2186 1947 ipsum
2210 1878 2430 1948 quidem
2462 1877 2809 1932 convenienli
2846 1891 3019 1944 pmuze
3063 1875 3261 1943 subjici
3288 1894 3301 1927 :
3324 1875 3468 1941 quod

1887 1972 1956 2026 ab
1988 1972 2108 2042 ipso
2143 1981 2324 2025 autem
2364 1985 2554 2025 recens
2594 1978 2928 2024 exstructum
2962 1975 3067 2030 est,
3104 1975 3163 2022 ut
3193 1968 3338 2036 quod
3370 1981 3474 2020 nec

1886 2075 1970 2120 est
2005 2065 2074 2119 ab
2106 2065 2262 2119 initio
2295 2064 2386 2134 jus
2417 2062 2736 2118 monasterii
2787 2062 3062 2125 sortitum,
3113 2066 3170 2112 ut
3201 2059 3468 2124 privatum

1888 2156 2226 2226 episcopatui
2277 2155 2523 2210 ascribit.
2572 2153 2877 2208 Nihilenim
2904 2167 3093 2205 eorum
3127 2166 3248 2221 quae
3276 2159 3476 2219 praeter

1890 2248 2035 2317 leges
2085 2256 2139 2302 et
2183 2247 2490 2302 inordinate
2535 2246 2867 2308 consistunt,
2922 2245 2987 2298 iis
3036 2259 3158 2313 qua:
3207 2243 3472 2297 canonice

1890 2339 2187 2394 constituta
2221 2347 2371 2406 sunt,
2399 2338 2773 2408 prmjudicium
2806 2335 3004 2391 afferre
3036 2342 3234 2404 potest.

1966 2514 2184 2569 Textus.
2209 2514 2401 2570 Const.
2434 2514 2526 2579 35,
2561 2515 2645 2570 tit.
2673 2514 2727 2577 5,
2759 2513 2855 2566 lib.
2875 2527 2890 2565 I
2912 2509 3036 2566 cod.
3067 2510 3141 2564 ait
3166 2528 3180 2564 :
3204 2509 3474 2575 Quaecun-

1893 2624 2000 2678 que
2032 2607 2273 2676 episcopi
2301 2615 2354 2660 et
2380 2606 2563 2661 clerici
2598 2613 2652 2659 ct
2677 2603 2963 2659 orthodoxi
2997 2618 3105 2673 quo
3147 2585 3390 2671 tempore
3416 2601 3471 2654 in

1893 2700 2066 2770 patria
2105 2706 2370 2767 potestate
2406 2705 2590 2752 essent
2637 2695 2988 2765 acquisierint
3029 2713 3041 2749 :
3078 2710 3140 2750 ea
3174 2694 3390 2748 tametsi
3417 2695 3473 2748 in

1894 2798 2165 2860 potestate
2199 2785 2425 2859 [adhuc]
2463 2787 2682 2855 degant,
2730 2785 2950 2855 propria
2999 2785 3240 2850 habent,
3297 2799 3475 2853 neque

1895 2881 2204 2936 conferunt.
2247 2880 2423 2949 Atque
2457 2878 2770 2932 facultatem
2826 2877 3044 2938 habent,
3082 2885 3142 2930 ut
3177 2874 3316 2947 [aut]
3363 2875 3473 2928 vivi

1900 2974 1990 3026 illa
2020 2973 2257 3026 alienent
2279 3012 2294 3036 ,
2333 2979 2427 3024 aut
2479 2976 2806 3023 testamento
2839 2968 3110 3022 extraneis
3145 2967 3474 3038 relinquant,

1898 3066 1984 3121 vel
2013 3064 2079 3119 ad
2111 3073 2363 3134 posteros
2393 3062 2784 3116 transmittant.
2841 3059 2904 3113 Et
2931 3066 3105 3114 const.
3135 3059 3195 3112 Η
3232 3060 3475 3128 ejusdem

1900 3159 1986 3212 tit.
2020 3156 2156 3223 Quae
2185 3165 2306 3226 post
2339 3156 2714 3226 episcopatum
2751 3155 3014 3224 acquisita
3049 3165 3194 3216 sunt,
3216 3154 3475 3212 alienare,

1901 3258 1994 3303 aut
2017 3249 2084 3303 de
2115 3248 2224 3304 illis
2245 3255 2630 3302 testamentum
2654 3244 2832 3300 facere
2851 3245 3140 3314 episcopus
3163 3260 3268 3296 non
3303 3252 3480 3311 potest

1901 3348 2078 3416 (extra
2105 3358 2268 3413 quam
2293 3343 2338 3397 si
2378 3356 2409 3396 a
2441 3341 2780 3411 parentibus,
2813 3349 2908 3394 aut
2931 3339 3160 3408 patruis,
3190 3338 3269 3391 vel
3301 3353 3475 3391 avun-

1902 3438 2062 3499 culis,
2097 3443 2189 3490 aut
2218 3435 2481 3490 fratribus
2521 3433 2587 3488 ad
2623 3434 2801 3503 ipsum
2837 3431 3228 3502 pervenerint),
3265 3429 3357 3483 sed
3410 3429 3478 3482 ad

1904 3527 2076 3595 ipsius
2105 3525 2403 3583 Ecclesiam
2447 3527 2720 3595 pertinent
2744 3543 2786 3592 ,λ
2817 3532 2872 3579 et
2904 3533 3041 3595 post
3074 3523 3193 3591 ejus
3245 3529 3476 3575 mortem

1904 3620 2146 3673 rationes
2203 3619 2397 3671 harum
2447 3632 2631 3671 rerum
2699 3616 2767 3670 ab
2807 3615 3107 3671 meonomis
3163 3613 3478 3682 exiguntur.

1905 3708 2037 3774 Quae
2061 3724 2190 3764 vero
2221 3718 2347 3763 ante
2377 3710 2752 3779 episcopatum
2784 3707 3054 3778 acquisita
3083 3714 3228 3770 sunt,
3264 3712 3318 3758 et
3343 3705 3481 3758 alie-

1906 3809 2000 3854 nat
2026 3839 2041 3864 ,
2081 3809 2136 3852 et
2169 3799 2236 3853 de
2294 3799 2360 3868 iis
2415 3808 2799 3856 testamentum
2833 3798 3036 3852 condit.
3070 3795 3138 3850 Et
3170 3805 3349 3850 const.
3393 3793 3481 3856 49,

1906 3893 2172 3962 episcopi,
2207 3891 2417 3957 clerici,
2451 3901 2506 3947 et
2533 3891 2697 3963 344
2727 3891 2946 3946 diaconi
2981 3891 3138 3959 quasi
3179 3889 3484 3943 castrensia

1911 3981 2174 4056 [peculia]
2206 3982 2428 4048 habent,
2461 3991 2513 4037 et
2541 3983 2668 4052 jure
2698 3997 2864 4050 super
2902 3981 3010 4035 illis
3057 3989 3346 4045 testantur,
3387 3994 3485 4033 ne.

1907 4055 2013 4147 que
2038 4087 2422 4133 testamentum
2457 4078 2525 4133 de
2551 4076 2854 4133 inollicioso
2887 4055 3162 4146 [querelae]
3185 4083 3266 4128 est
3309 4075 3484 4128 obno-

1909 4171 2080 4224 xium.
2123 4170 2311 4226 Const.
2343 4171 2398 4234 5,
2433 4171 2517 4225 tit.
2549 4172 2584 4224 ‘2
2612 4169 2958 4224 Novellarum
2992 4186 3004 4222 :
3035 4167 3166 4232 Quae
3212 4179 3334 4236 post
3370 4166 3488 4234 epi-

1910 4272 2216 4332 sc0patum,
2250 4263 2447 4332 inquit,
2477 4260 2621 4335 [aut]
2646 4262 2876 4316 mobiles
2907 4270 2998 4314 aut
3020 4276 3078 4314 se
3104 4267 3380 4313 moventes
3401 4273 3486 4314 res

1911 4339 2382 4422 acquisitzesuut,
2431 4369 2526 4408 eas
2558 4353 2802 4423 episcOpi
2849 4351 2919 4406 ad
2971 4361 3232 4422 cognatos
3280 4350 3488 4405 aliosve

1913 4445 2066 4498 nullo
2129 4445 2294 4498 modo
2353 4443 2726 4499 transferunto
2759 4461 2772 4497 :
2806 4445 2902 4498 sed
2954 4443 3020 4497 ad
3053 4442 3482 4510 redemptionem

1910 4535 2273 4604 captivorum,
2312 4544 2409 4588 aut
2433 4550 2733 4604 pauperum
2767 4534 3106 4597 alimoniam,
3137 4543 3231 4587 aut
3264 4535 3316 4587 in
3371 4533 3485 4587 uti-

1907 4628 2117 4682 litatem
2144 4626 2398 4681 Ecclesia:
2436 4641 2548 4680 suae
2578 4625 2950 4695 expendunto.
2981 4624 3114 4689 Qua:
3137 4639 3267 4678 vero
3295 4639 3362 4678 ex
3399 4623 3484 4678 his

1911 4729 2036 4791 post.
2066 4721 2282 4773 illorum
2314 4718 2522 4772 obitum
2548 4718 2937 4787 superfuerint,
2967 4717 3210 4784 ipsorum
3225 4716 3482 4771 Ecclesia:

1912 4812 2208 4867 vindicato.
2238 4812 2307 4863 At
2339 4826 2460 4879 quae
2485 4818 2610 4863 ante
2638 4809 3011 4878 episcopatum
3047 4807 3303 4861 habuisse
3331 4822 3482 4860 com-

1915 4905 2128 4972 probati
2159 4900 2381 4967 fuerint,
2411 4911 2507 4956 aut
2546 4911 2670 4970 post
2715 4901 3088 4970 episcopatum
3141 4912 3171 4951 a
3222 4898 3485 4966 cognatis,

1918 4996 2116 5065 quibus
2141 4995 2210 5048 ab
2230 4995 2490 5048 intestato
2516 5008 2692 5061 usque
2721 4993 2786 5045 ad
2818 5001 3076 5061 quartum
3111 4988 3334 5058 gradum
3366 5003 3492 5042 suc-

1919 5088 2110 5141 cedere
2158 5093 2446 5155 poterant,
2495 5083 2562 5138 ad
2620 5085 2770 5153 ipsos
2831 5079 3217 5151 pervenerint:
3253 5077 3486 5149 [eorum]

1916 5177 2326 5232 alienandorum
2353 5176 2668 5231 facultatem
2709 5175 2930 5228 habent.
2969 5172 3145 5239 Atque
3191 5171 3306 5224 haec
3344 5167 3482 5239 [qui-

1914 5269 2060 5340 dem]
2102 5271 2154 5322 in
2189 5269 2652 5338 orphanotrophis
2683 5268 2847 5320 etiam
2881 5264 3147 5328 obtinent,
3179 5271 3229 5316 et
3261 5264 3488 5331 ptocho-

1913 5365 2144 5431 trophis,
2174 5373 2229 5417 et
2255 5362 2584 5425 nosocomis,
2616 5369 2668 5413 et
2700 5354 3138 5429 gerontocomis,
3170 5363 3221 5408 et
3255 5354 3491 5406 senodu-

1913 5453 2065 5518 chis,
2126 5459 2180 5505 et
2235 5452 2493 5506 omnibus
2564 5450 2687 5503 aliis
2762 5445 3151 5500 venerabilium
3221 5443 3484 5496 domuum

1913 5545 2386 5614 dispensatoribus
2420 5561 2433 5598 :
2464 5545 2517 5599 in
2547 5542 2735 5614 [rebus
2770 5536 3065 5610 videlicet,]
3101 5553 3222 5610 qua:
3257 5535 3483 5604 dispen-
