3904 6220
390 264 495 325 827

392 378 623 434 Sationis
652 392 765 434 sua:
797 389 1049 451 tempore.
1068 386 1325 453 praedicto
1350 388 1515 442 modo
1545 389 1613 442 ad
1640 389 1788 457 ipsos
1841 405 1967 459 per-

394 467 659 523 venerint.
694 468 884 525 Const.
912 472 964 537 2,
995 474 1077 527 tit.
1114 476 1137 528 1
1166 473 1535 543 Novellarum,
1569 494 1688 547 quae
1723 488 1846 548 post
1875 494 1967 534 or-

393 556 732 613 dinationem
793 562 863 615 ab
920 565 1190 634 episcopis
1242 568 1507 638 acquisita
1561 577 1723 636 sunt,
1785 584 1847 624 ea
1903 569 1972 623 ad

395 648 671 707 Ecclesias
729 654 973 724 ipsorum
1030 661 1342 727 pertinere,
1419 663 1724 731 simplicius
1792 663 1970 717 dicit:

394 738 619 816 Omnes,
655 745 926 814 inquiens,
962 752 1146 804 clerici
1194 752 1320 823 (hoc
1352 764 1455 820 est,
1489 754 1811 823 presbyteri,
1855 755 1972 807 dia-

395 835 545 902 coni,
588 838 840 906 lectores,
869 847 1143 914 cantores)
1173 861 1311 914 quas
1349 861 1434 900 res
1479 844 1973 914 quomodocunque

396 931 773 998 acquisierint,
843 944 950 990 tam
990 941 1091 992 etsi
1150 940 1253 994 sub
1313 940 1484 1009 patria
1519 949 1782 1008 potestate
1840 937 1968 1001 sint,

396 1024 645 1090 proprias
678 1026 897 1092 habent,
931 1027 1065 1101 [eas]
1099 1047 1204 1101 que
1230 1033 1454 1096 donare,
1491 1048 1554 1086 ac
1581 1032 1647 1085 de
1682 1031 1747 1085 iis
1784 1029 1972 1084 testari

398 1109 677 1182 [possunt
708 1117 771 1188 ε]
824 1119 897 1173 ita
929 1133 1140 1187 tamen,
1191 1133 1250 1177 ut
1294 1123 1535 1193 ipsorum
1574 1123 1703 1187 ﬁlii,
1753 1130 1848 1175 aut
1891 1120 1975 1175 his

396 1217 503 1257 non
534 1206 979 1272 subsistentibus,
1027 1224 1301 1278 parentes,
1338 1214 1636 1281 legitimam
1667 1211 1971 1279 portionem

397 1294 596 1351 ferant.
632 1298 822 1354 Const.
871 1303 903 1355 5
926 1344 941 1367 ,
985 1305 1069 1363 tit.
1118 1306 1154 1357 2
1203 1305 1549 1360 Novellarum
1584 1307 1660 1359 ait
1690 1323 1703 1358 :
1738 1301 1895 1368 Quod
1929 1301 1975 1354 si

396 1385 685 1455 episcopus
710 1432 724 1454 ,
790 1402 884 1445 aut
923 1395 1154 1450 clericus
1191 1398 1571 1467 cujuscunque
1616 1402 1838 1470 gradus,
1881 1405 1977 1453 aut

396 1473 654 1532 Ecclesiae
692 1481 997 1537 diacouissa
1056 1488 1177 1542 sine
1211 1498 1539 1545 testamento
1575 1492 1659 1545 vel
1719 1490 1975 1562 legitimis

395 1568 621 1625 decedat
707 1578 1119 1634 successoribus
1206 1582 1448 1637 :horum
1526 1586 1804 1639 successio
1870 1583 1977 1637 Ec-

394 1662 592 1731 clesiae,
621 1667 672 1720 in
705 1685 865 1737 quam
901 1674 1138 1729 ordinati
1171 1674 1406 1743 fuerunt,
1430 1678 1749 1747 applicatur.

461 1776 621 1847 345
643 1780 792 1836 CAP.
828 1783 911 1837 Vl.
946 1785 1019 1839 De
1052 1804 1105 1840 re
1136 1788 1399 1857 familiari
1454 1794 1672 1860 propria
1714 1796 1968 1865 episcopis

392 1878 443 1921 et
470 1871 607 1938 quod
645 1887 762 1923 eum
795 1890 896 1927 non
938 1889 1172 1944 oporteat
1206 1882 1514 1937 intestatum
1548 1886 1658 1938 vita
1689 1886 1959 1945 decedere.

821 2097 1187 2161 Apostolorum
1219 2120 1386 2158 canon
1444 2107 1535 2163 40.

460 2181 529 2232 40
558 2180 715 2272 [59]..
741 2182 1041 2243 Μάιιὶίεειιε
1070 2203 1199 2247 sunt
1226 2196 1500 2267 episcopis
1533 2202 1789 2270 propriae,
1824 2211 1957 2272 etc.,

392 2281 449 2324 ut
469 2290 593 2344 pag.
633 2277 758 2330 819.

735 2369 960 2426 Concilii
992 2375 1298 2434 Amice/teni
1344 2398 1513 2437 canon
1544 2385 1634 2441 24.

456 2457 547 2521 24.
592 2458 755 2516 Recte
782 2463 943 2519 habet
991 2479 1050 2523 ut
1085 2486 1149 2525 ea
1184 2490 1303 2543 quae
1349 2490 1477 2533 sunt
1505 2479 1759 2537 Ecclesiae
1786 2523 1802 2550 ,
1837 2493 1966 2553 etc.,

389 2559 446 2602 ut
470 2566 592 2621 pag.
629 2552 751 2610 819.
800 2620 801 2623 η
1402 2586 1405 2587 ν

679 2644 903 2702 Concilii
948 2649 1387 2713 Chalcedonensis
1424 2677 1592 2716 canon
1612 2665 1700 2719 22.

457 2734 547 2788 22.
606 2735 724 2793 Non
782 2740 947 2795 licere
1005 2745 1240 2810 clericis,
1284 2760 1408 2817 post
1477 2768 1704 2811 mortem
1759 2762 1966 2830 proprii

392 2828 658 2898 episcopi,
713 2847 801 2887 res
850 2851 973 2904 quae
1032 2839 1098 2891 ad
1147 2840 1323 2909 ipsum
1380 2849 1674 2917 pertinent,
1727 2828 1919 2921 rapere
1951 2894 1966 2920 ,

390 2921 846 2987 quemadmodum
878 2939 931 2981 et
962 2930 1027 2985 iis
1053 2933 1143 3000 qui
1175 2950 1461 2993 assumunt
1484 2942 1965 3013 (20),prohibitum

390 3025 520 3069 est:
582 3034 649 3074 eo
702 3032 882 3077 autem
937 3028 1031 3096 qui
1077 3028 1310 3095 faciunt,
1358 3034 1425 3090 de
1454 3044 1673 3109 proprio
1707 3044 1878 3114 gradu
1910 3045 1963 3100 in

390 3108 693 3178 periculum
733 3117 937 3172 venire.

739 3227 963 3286 Concilii
992 3233 1318 3293 Sardicensis
1347 3258 1513 3295 canon
1545 3244 1629 3299 1‘2.

459 3314 547 3373 22.
566 3317 1026 3398 Osiusepiseopus
1049 3330 1212 3386 dixit:
1232 3334 1366 3398 Quia
1381 3339 1516 3398 nihil
1540 3346 1624 3393 est
1658 3341 1973 3409 permitten-

390 3406 542 3475 dum,
572 3424 701 3477 etc.,
732 3426 785 3465 ut
809 3432 931 3484 pag.
961 3417 1084 3472 659.

566 3500 790 3557 Concilii
824 3506 1254 3579 Carthaginensis
1287 3532 1513 3575 canones
1551 3523 1641 3589 22,
1700 3525 1789 3583 8l.

466 3590 534 3645 Ut
567 3596 796 3665 episcopi
824 3599 902 3651 vel
922 3600 1099 3656 clerici
1133 3605 1188 3658 in
1233 3624 1320 3662 eos
1354 3613 1444 3680 qui
1482 3630 1584 3668 non
1624 3628 1746 3671 sunt
1789 3622 1973 3675 catho-

391 3682 502 3750 lici,
536 3688 668 3741 nihil
683 3689 977 3758 conferant,

460 3867 552 3923 22.
609 3871 674 3927 Et
732 3885 789 3929 ut
831 3878 883 3932 in
922 3894 1018 3936 eos
1068 3884 1160 3952 qui
1220 3889 1472 3946 catholici
1519 3892 1814 3950 Christiani
1861 3914 1969 3953 non

390 3965 574 4017 sunt"
588 3965 744 4035 (20'),
759 3970 969 4024 etiamsi
988 3979 1358 4047 consanguine
1380 3981 1598 4050 fuerint,
1618 4002 1713 4055 per
1729 3989 1973 4046 donatio-

389 4069 487 4111 nes
510 4071 684 4112 rerum
701 4074 921 4117 suarum
939 4066 1175 4137 episcopi
1195 4071 1278 4123 vel
1303 4072 1484 4129 clerici
1507 4077 1639 4131 nihil
1662 4080 1967 4137 conferant.

457 4147 537 4203 De
568 4153 823 4223 episcopis
870 4158 960 4227 qui
1006 4160 1277 4217 hwreticos
1331 4168 1411 4220 vel
1460 4184 1694 4239 paganos
1740 4173 1969 4230 hwredes

389 4244 741 4296 constituunt.

457 4330 546 4386 81.
574 4332 697 4387 Item
727 4340 1078 4394 constitutum
1107 4346 1451 4416 est7’(2l).ut
1470 4352 1514 4405 si
1539 4322 1662 4421 quis
1684 4356 1969 4427 episcopus

1507 276 1767 338 PHOTII
1806 279 2307 346 PATRIARCH/E
2345 290 2450 350 (ΣΡ.

1999 1740 2047 1799 Β

2070 396 2126 450 δέ
2172 398 2216 469 β’
2268 401 2408 458 διάτ.
2456 404 2549 458 τοῦ
2607 406 2655 460 α’
2698 408 2803 465 τίτ.
2841 412 2951 466 τῶν
2977 414 3227 487 Νεαρῶν,
3274 421 3620 501 ἀπλούστερόν

2075 505 2258 558 φησιν,
2295 491 2376 544 ὅτι
2423 493 2503 546 Τὰ
2542 498 2678 566 μετά
2710 499 2810 563 τὴν
2863 505 3194 573 χειροτονίαν
3238 511 3499 581 κτηθέντα
3519 491 3621 582 τοῖς

2074 579 2412 646 ἐπισκόποις,
2444 588 2562 650 ταῖς
2594 588 2773 643 αὐτῶν
2812 592 3161 663 Ἐκκλησίαις
3203 579 3466 674 διαφ-ἑρει,
3506 579 3620 677 ἥτις

2072 668 2219 738 λέγει
2248 674 2329 727 ὅτι
2368 675 2576 740 Πάντες
2607 680 2655 731 οί
2685 681 2959 752 κληρικοὶ,
2987 688 3235 742 τουτέστι
3257 668 3621 765 πρεσϐύτεροι,

2072 760 2331 831 διάκονοι,
2369 769 2733 837 ἀναγνῶσται,
2766 775 2859 827 καὶ
2910 776 3130 845 ψάλται,
3156 781 3224 834 τὰ
3267 785 3508 839 ὁπωσοῦν
3535 792 3624 844 αὐ-

2073 861 2185 922 τοῖς
2209 859 2477 930 κτηθέντα
2503 863 2824 933 πράγματα,
2866 869 2968 922 κᾶν
3008 872 3314 938 ὑπεξούσιοί
3344 880 3495 942 εἰσιν,
3527 881 3626 935 ῐδια

2074 953 2278 1022 ἔχουσι,
2310 955 2405 1007 καὶ
2432 956 2747 1024 δωροῦνται,
2779 961 2870 1012 καὶ
2920 961 3247 1019 διατίθενται
3296 969 3381 1019 ἐπ’
3410 970 3583 1034 αὐτοῖς
3608 992 3623 1006 ·

2074 1044 2215 1097 οὕτω
2258 1046 2439 1115 μέντοι
2471 1046 2612 1100 ὥστε
2633 1050 2759 1112 τοὺς
2783 1052 2962 1105 αὐτῶν
3008 1056 3224 1119 παῖδας,
3251 1058 3283 1129 ἢ
3312 1059 3510 1113 τούτων
3537 1065 3627 1135 οὐχ

2076 1131 2339 1199 ὑπόντων,
2365 1134 2491 1197 τοὺς
2529 1138 2704 1203 γονεῖς
2745 1139 2927 1192 αὐτῶν
2967 1144 3286 1212 κομίζεσθαι
3313 1148 3373 1200 τὸ
3414 1131 3629 1221 νόμιμον

2079 1220 2242 1290 μέρος
2274 1238 2287 1251 ·
2325 1224 2357 1293 ή
2400 1223 2458 1277 δὲ
2509 1232 2557 1293 γ’
2594 1226 2734 1282 διάτ.
2765 1231 2856 1281 τοῦ
2888 1231 3051 1284 αὐτοῦ
3077 1232 3119 1302 β’
3147 1235 3254 1292 τίτ.
3284 1235 3389 1289 τῶν
3418 1220 3631 1309 Νεαρῶν

2076 1332 2258 1384 φησιν,
2314 1317 2417 1376 ὅτι.
2471 1318 2596 1372 Ἐὰν
2646 1321 2939 1386 ἐπίσκοπος
2980 1325 3301 1398 ἢκληρικὸς
3334 1331 3631 1401 οἱουδήποτε

2079 1408 2376 1479 βαθμοῦ,ῆ
2442 1411 2767 1483 Ἐκκλησίας
2824 1414 3139 1470 διακόνισσα
3182 1421 3478 1494 τελευτήσῃ
3514 1425 3631 1477 ἄνευ

2075 1500 2412 1571 διαθηκῶνῆ
2468 1504 2712 1573 νομίμων
2763 1505 3041 1575 διαδοχῶν,
3096 1511 3128 1578 ή
3177 1511 3380 1565 τούτων
3429 1513 3632 1584 διαδοχὴ

2078 1594 2482 1665 προσκυροῦται
2530 1598 2596 1666 τῇ
2646 1597 2939 1670 Ἐκκλησία
2972 1603 3031 1653 ὲν
3157 1605 3630 1676 κεχειροτόνηνται.

2148 1837 2398 1891 ΚΕΦΑΛ.
2433 1840 2608 1906 C.".—-
2635 1840 2773 1910 Περὶ
2796 1841 2915 1894 τῶν
2947 1840 3148 1896 ὶδικῶν
3175 1842 3284 1896 τοῦ
3317 1844 3633 1900 ἐπισκόπου

2074 1928 2449 1997 πραγμάτων,
2477 1932 2573 1984 καί
2607 1931 2696 1985 ὅτι
2758 1934 2870 1986 οὐκ
2909 1934 3166 2003 ὠφειλεν
3197 1934 3503 2002 ἀδιάθετος
3553 1954 3631 1989 τε·

2071 2018 2317 2088 λευτᾷν.

2507 2115 2885 2170 Ἀποστόλων
2919 2117 3120 2171 κανὼν
3157 2125 3209 2188 μ’

2144 2210 2217 2273 μ’.
2260 2206 2438 2257 Ἔστω
2468 2208 2676 2277 φανερά
2724 2208 2792 2263 τὰ
2846 2210 2951 2262 ἴδια
2999 2210 3092 2263 τοῦ
3153 2212 3451 2265 ἐπισκόπου
3506 2212 3632 2282 πρά-

2070 2310 2275 2366 γματα,
2300 2316 2353 2351 κ.
2373 2317 2420 2351 τ.
2441 2300 2491 2353 λ.

2353 2390 2625 2444 Συνόδου
2667 2392 3024 2463 Ἀντιοχείας
3056 2392 3262 2446 κανὼν
3291 2393 3388 2446 κδ’.

2142 2482 2239 2536 κδ’.
2267 2476 2452 2547 Τάτῆς
2479 2478 2802 2554 Ἐκκλησίας
2818 2484 2882 2554 τῇ
2909 2484 3198 2555 Ἐκκλησία
3251 2484 3428 2548 καλῶς
3478 2483 3631 2555 ἔχειν,

2075 2595 2130 2631 κ.
2158 2594 2208 2630 τ.
2246 2576 2294 2629 λ.

2320 2663 2590 2719 Συνόδου
2622 2666 3011 2732 Χαλκηδόνος
3041 2666 3243 2720 κανὼν
3262 2666 3367 2737 κβ’.

2142 2758 2364 2830 κβ’,(ἓ2)
2384 2759 2475 2828 Μὴ
2492 2759 2689 2824 ἐξεῖναι
2707 2760 2990 2830 κληρικοῖς
3010 2761 3147 2830 μετὰ
3164 2760 3394 2814 θάνατον
3408 2759 3497 2813 τοῦ
3515 2758 3632 2812 ἰδίου

2070 2853 2368 2906 ἐπισκόπου
2422 2853 2741 2922 διαρπάζειν
2794 2855 2862 2907 τὰ
2921 2852 3241 2924 διαφέροντα
3307 2852 3452 2923 αὑτῷ
3506 2851 3633 2922 πρά.-

2070 2960 2278 3013 γματα,
2311 2942 2491 3008 καθὼς
2514 2945 2610 2998 καὶ
2638 2947 2750 3008 τοῖς
2792 2944 2957 2998 πάλαι
2989 2948 3204 2997 κανόσιν
3236 2946 3629 3016 ἀπηγόρευται·

2076 3035 2109 3106 ἢ
2137 3036 2265 3098 τοὺς
2306 3033 2464 3088 τοῦτο
2494 3034 2802 3101 ποιοῦντας,
2830 3035 3161 3089 κινδυνεύειν
3193 3037 3274 3099 εἰς
3331 3038 3455 3098 τοὺς
3486 3033 3635 3093 ἰδίους

2079 3126 2340 3197 βαθμούς.

2402 3242 2673 3298 Συνόδου
2701 3241 3001 3311 Σαρδικῆς
3027 3242 3228 3296 κανὼν
3257 3240 3342 3310 ιβ’.

2144 3334 2231 3406 ιβ’.
2265 3335 2450 3400 Ὀσιος
2508 3336 2801 3399 ἐπίσκοπος
2841 3331 3027 3389 εἶπενο
3069 3335 3290 3406 Ἐπειδὴ
3343 3331 3490 3387 οὐδέν
3531 3330 3629 3382 ἐστι

2076 3429 2481 3500 παραλειπτέον
2492 3479 2511 3505 ,
2531 3446 2585 3484 κ.
2621 3447 2675 3483 τ.
2701 3429 2751 3484 λ.

2284 3521 2551 3576 Συνόδου
2584 3519 3007 3589 Καρθαγέννης
3035 3520 3241 3621 atare»:
3259 3519 3503 3621 κβ’,Δπα’.
3580 3603 3590 3621 ⁸

2146 3613 2325 3666 Ὥστε
2387 3611 2530 3677 τοὺς
2579 3612 2955 3676 ἐπισκόπους
2988 3609 3090 3664 καὶ
3146 3611 3293 3676 τοὺς
3326 3609 3632 3675 κληρικοὺς

2068 3704 2261 3775 μηδὲν
2286 3703 2673 3773 συνεισάγειν
2692 3703 2816 3770 τοῖς
2848 3704 2935 3774 μὴ
2991 3702 3337 3771 όρθοδόξοις
3373 3698 3632 3767 Χεριστια⁴

2071 3798 2222 3863 νοῖς,
2256 3801 2308 3852 ει
2350 3796 2449 3850 καὶ
2480 3797 2795 3865 συγγενεῖς
2834 3796 2922 3850 ἔτι
2939 3797 3067 3866 μὴν
3084 3791 3260 3851 ὦσιν.

2143 3890 2245 3960 κβθ.
2269 3889 2455 3960 Μηδὲν
2496 3889 2584 3941 διὰ
2616 3887 2826 3960 δωρεᾶς
2854 3885 2963 3940 τῶν
3019 3886 3236 3940 οἰκείων
3284 3888 3632 3987 πραγμάτων,

2069 3982 2145 4047 ὡς
2193 3984 2427 4052 εἴρηται,
2460 3982 2584 4043 τοὺς
2632 3980 3030 4049 ἐπισκόπουςῆ
3087 3977 3384 4049 κληρικοὺς
3442 3977 3634 4034 τούτοις

2073 4075 2432 4141 συνεισάγειν.

2142 4166 2280 4234 Περὶ
2328 4166 2680 4220 ἐπισκόπων
2725 4164 2845 4220 τῶν
2876 4164 3208 4231 αἱρετικοὺς
3254 4165 3292 4231 ἢ
3346 4163 3630 4226 Ἕλληνας

2070 4259 2491 4329 κληρονόμους
2522 4250 3121 4328 καταλιμπανόντων.

2142 4350 2252 4405 ποί.
2301 4352 2531 4422 Ὁμοίως
2559 4351 2768 4421 ὡρίσθη
2810 4351 2896 4403 ἵνα
2922 4351 3018 4404 ἐάν
3038 4368 3121 4413 τις
3181 4348 3479 4410 ἐπίσκοπος
3512 4347 3629 4413 κλη-

391 4422 630 4479 hzeredes
655 4426 820 4496 346
843 4441 1128 4487 extraneos
1159 4450 1188 4488 a
1230 4442 1700 4509 consanguinitate
1728 4462 1846 4510 sua,
1878 4449 1960 4502 vel

392 4514 675 4546 ιιωπιιιέηη..
699 4522 855 4546 Μελ.--
890 4539 1084 4546 ,η...--μ-
1104 4529 1212 4546 ,
1452 4545 1458 4546 ,
1776 4536 1812 4546 ,ς
1881 4541 1890 4546 .

2094 4445 2336 4513 ›ονόμους
2366 4419 2680 4510 συγγενεῖς,
2710 4419 2925 4509 ἥγὲκτὸς
2953 4442 3052 4511 τῆς
3109 4439 3246 4546 ἰδίας
3302 4435 3629 4546 συγγενείαςξ

389 4514 676 4571 haereticos
696 4522 857 4574 etiam
885 4529 1341 4597 consanguineos,
1373 4545 1466 4586 aut
1499 4536 1958 4605 paganos.Eecle-

2098 4535 2699 4609 ἱρετικοὺςῆἜλληνας
2726 4534 3038 4605 προτιμήσῃ
3061 4532 3157 4601 τῆς
3174 4530 3518 4600 Ἐκκλησίας,
3543 4525 3629 4580 καὶ

388 4606 483 4660 size
516 4610 832 4676 praetulerit,
883 4615 1071 4670 saltem
1135 4630 1255 4687 post
1286 4633 1532 4689 mortem,
1588 4628 1877 4680 anathema
1909 4629 1960 4683 ei

391 4700 600 4722 J2..-.___
690 4714 723 4722 Α.
794 4721 799 4722 ,
925 4709 937 4719 ο
1329 4715 1339 4722 .
1521 4716 1552 4722 _
1599 4718 1609 4722 _
1824 4720 1834 4722 _

2094 4606 2199 4681 ,ετὰ
2231 4606 2458 4682 θάνατον
2481 4625 2730 4695 ἀνάθεμα
2758 4624 2836 4695 τῷ
2889 4624 3122 4692 τοιούτῳ
3163 4623 3417 4722 λεγζθείη,
3441 4620 3545 4719 καὶ.
3566 4617 3623 4670 τὸ

386 4700 620 4768 dicatur,
675 4714 839 4773 atque
890 4709 1007 4777 ejus
1070 4726 1266 4766 nomen
1328 4715 1469 4770 inter
1520 4716 1613 4772 Dei
1651 4720 1960 4776 sacerdotes

388 4793 536 4819 ...ιΙΙιι
569 4796 724 4819 ...Ληιη
777 4799 1034 4819 _--:.-.._,-
1092 4802 1136 4819 ιτ
1471 4812 1483 4819 .
1673 4815 1684 4819 -
1815 4814 1827 4819 -
1880 4816 1890 4819 -

2094 4733 2231 4788 νομα
2259 4716 2424 4770 αὐτοῦ
2454 4714 2721 4787 μηδαμῶς
2763 4714 2913 4785 παρά
2954 4716 3066 4776 τοῖς
3098 4712 3190 4767 τοῦ
3233 4712 3368 4765 Θεοῦ
3404 4714 3627 4819 lapso?“

387 4793 538 4846 nullo
569 4796 728 4849 modo
777 4799 1056 4856 recitetur.
1090 4802 1200 4860 Nec
1234 4812 1483 4864 excusari
1538 4815 1732 4881 possil,
1784 4814 1829 4869 si
1878 4816 1961 4868 in-

2094 4810 2323 4881 .νενεχθῇ
2356 4826 2369 4839 ·
2400 4810 2475 4879 μὴ
2499 4808 2556 4861 δὲ
2576 4806 2775 4877 δυνηθῇ
2830 4805 3259 4875 ἀπολογηθῆναι,
3293 4807 3390 4858 ὲάν
3421 4801 3625 4856 ἀδιάθε-

386 4893 616 4943 testatus
646 4889 958 4960 decesserit,
990 4898 1115 4964 quia
1145 4900 1334 4970 utique
1372 4905 1574 4971 debuit,
1613 4907 1789 4963 factus
1839 4912 1955 4979 epi—

2095 4922 2153 4966 ος
2183 4903 2561 4972 ἀπογένηται·
2621 4901 2808 4972 ἐπειδὴ
2862 4901 3153 4970 γενόμενος
3213 4899 3528 5002 ἐπίσκοπος,
3558 4894 3623 4945 εί·

384 4991 603 5046 scopus,
632 4982 708 5035 rei
751 4999 864 5039 suae
908 4989 1306 5047 ordinationem
1351 5011 1648 5067 congruam
1682 5016 1796 5057 suae
1828 5017 1957 5071 pro-

387 5066 605 5101 romana
641 5090 981 5101 ..-....-....-__
1018 5081 1161 5101 ...νη

2094 4998 2226 5058 ότως
2256 4996 2459 5066 ὀφείλει
2488 4995 2598 5049 τῶν
2637 4994 2977 5065 πραγμάτων
3025 4991 3190 5045 αὑτοῦ
3224 4993 3323 5061 τὴν
3370 4988 3624 5101 διατύιπω·

384 5066 607 5125 fessioni
640 5090 983 5146 nequaquam
1012 5081 1248 5138 diﬂ'erre.

455 5161 624 5187 ῙΑ---
683 5182 792 5187 __-_,__
861 5170 903 5187 ad
970 5170 997 5187 ν
1467 5181 1477 5187 .
1584 5184 1590 5187 .

2094 5107 2140 5143 ιν
2183 5089 2448 5159 ἀρμοδίαν
2476 5088 2554 5155 τῷ
2604 5087 2798 5140 ἑαυτοῦ
2852 5085 3229 5155 ἐπαγγέλματι
3290 5080 3622 5177 ποιήσασθαιί

454 5161 628 5234 chas
677 5182 799 5235 qua:
860 5170 912 5222 in
966 5170 999 5224 5
1049 5188 1168 5243 cap.
1228 5181 1510 5245 praesentis
1557 5184 1637 5236 tit.
1695 5198 1954 5244 annotata

2139 5180 2440 5248 Ἀνάγνωθι
2477 5179 2546 5232 τὰ
2573 5179 3087 5251 παραγεγραμμένα
3119 5179 3175 5231 ἐν
3202 5176 3283 5230 τῶ
3311 5182 3350 5227 ε’
3379 5190 3501 5243 κεφ.
3534 5169 3620 5223 τοῦ

384 5262 531 5302 811111..

2094 5276 2329 5349 ταρόντος
2358 5274 2561 5327 τίτλον.
2602 5284 2607 5305 ⁵

451 5411 500 5445 ⁷⁸
521 5413 775 5483 Carthag.
804 5436 889 5485 ιιι,
920 5438 1040 5495 cap.
1072 5426 1159 5482 15.
1236 5430 1280 5462 ⁷⁸
1312 5430 1481 5488 Conc.
1509 5433 1682 5491 Alric.
1717 5452 1767 5494 c.
1800 5440 1889 5495 48.

605 5531 942 5612 étantiquis
968 5556 1183 5612 quoque
1213 5550 1537 5605 canouibus.

685 5602 997 5692 Ecl-raudus
1012 5602 1289 5692 cap.55_ex
1312 5602 1951 5692 council.Carthag.tit.25.

454 5670 573 5743 (2|)
594 5672 899 5735 Bonifacius
930 5670 1181 5757 Cartliag.
1215 5687 1297 5742 loc
1321 5670 1516 5745 icit—(ex
1547 5670 1811 5759 couc.°\'l,
1849 5697 1950 5750 sub

2065 5554 2411 5689 Alig‘gioll’ars
2464 5623 2692 5693 canonis
2720 5623 2879 5693 huius
2908 5622 3079 5692 posiia
3122 5624 3172 5678 ίη
3203 5623 3321 5691 il'$0
3356 5617 3510 5672 ίί¹¹²¹⁰
3542 5625 3614 5668 ⁸⁵³

2064 5696 2130 5750 ab
2162 5697 2453 5762 interprete
2483 5690 2690 5750 Gmeeo.
