3766 6198
130 341 269 404 829
935 338 1341 401 SYNTAGMA
1373 337 1766 398 CANONUM.
1794 361 1863 373 --
1893 336 2045 400 TlT.
2079 339 2155 412 Χ,
2191 338 2349 399 CAP.
2390 340 2490 416 VI,
2529 340 2668 402 VII.
3341 340 3446 404 830

233 452 490 509 ΚΕΦΑΛ.
519 450 594 508 Ζ’.
617 479 691 493 --
712 451 855 519 Περὶ
881 452 988 506 τοῦ
1008 450 1114 517 τὰς
1135 451 1206 504 ἐν
1225 448 1350 514 τοῖς
1363 446 1750 516 βαρϐαρικοῖς

1924 448 2073 503 CAP.
2093 447 2386 506 Vll.—-Dei
2402 450 2670 505 Ecclesias
2698 451 2836 505 inter
2863 450 3122 506 barbaras
3152 460 3327 521 gentes
3347 454 3448 505 ad-

132 546 413 601 ἔθνεσιν
443 546 637 611 οὔσας
668 543 774 597 τοῦ
805 542 955 597 Θεοῦ
997 541 1387 609 Ἐκκλησίας,
1436 539 1590 593 κατὰ
1640 539 1754 607 τὴν

1922 540 2247 595 inistraudas
2275 557 2385 597 esse
2416 558 2512 612 pro
2533 542 2732 612 vigente
2760 544 3159 597 consuetudine.

131 639 566 708 κρατήσασαν
602 636 954 691 διοικεῖσθαι
992 633 1341 700 συνήθειαν.

304 731 583 786 Συνόδου
607 729 1308 791 Κωνσταντινουπόλεως
1346 724 1548 779 κανὼν
1565 725 1629 796 β’.

232 822 303 891 β’.
337 823 483 887 Τοὺς
515 821 655 891 ὑπὲρ
689 820 955 890 διοίκησιν
983 817 1337 880 ἐπισκόπους,
1366 833 1491 871 κ.τ.
1533 815 1585 869 λ.

2087 722 2317 778 Concilii
2358 722 2950 795 Constantinopolitani
2986 744 3156 782 canon
3186 727 3242 782 2.

1928 816 1983 869 2.
2015 816 2270 888 Episcopi
2290 817 2354 870 ad
2376 817 2652 872 Ecclesias
2669 834 2791 888 qua:
2812 828 2938 873 sunt
2958 832 3111 875 extra
3128 835 3278 875 suam
3302 819 3444 876 dim-

1857 910 2049 977 cesim,
2079 917 2208 971 etc.,
2241 918 2297 961 ut
2328 925 2448 978 pag.
2471 908 2599 962 470.

420 1002 694 1057 Συνόδου
743 999 1136 1067 Χαλκηδόνος
1168 997 1370 1052 κανὼν
1399 1002 1509 1068 κη’.

2142 997 2368 1055 Concilii
2403 998 2844 1055 Chaicedonensis
2876 1017 3045 1054 canon
3068 1001 3159 1057 28.

230 1095 445 1166 Φῆςρος
467 1095 580 1165 τῆς
602 1093 791 1161 αὐτῆς
813 1094 986 1162 ἁγίας
1040 1091 1307 1146 συνόδου
1338 1090 1757 1160 ἐκφωνηθεὶσα

134 1189 345 1258 χάριν
366 1187 487 1243 τῶν
519 1188 852 1256 πρεσϐείων
878 1185 985 1239 τοῦ
1012 1184 1231 1253 θρόνου
1287 1181 1399 1252 τῆς
1425 1182 1757 1254 ἁγιωτάτης

153 1278 550 1344 Ἐκκλησίας
574 1275 1291 1339 Κωνσταντινουπόλεως.

232 1369 348 1440 κη’.
403 1369 688 1439 Παπαχοῦ
737 1369 852 1431 τοῖς
901 1364 1011 1419 τῶν
1057 1365 1230 1434 ἁγίων
1292 1364 1553 1437 Πατέρων
1608 1366 1754 1437 ὅροις

140 1464 454 1532 ἑπόμενοι,
481 1480 535 1516 κ.
558 1479 609 1517 τ.
637 1460 689 1514 λ.

250 1554 532 1608 Συνόδου
558 1549 976 1620 οἱκοινμενικῆς
1003 1549 1183 1616 ἕκτης
1214 1548 1418 1603 κανὼν
1441 1547 1537 1614 λζ’,
1556 1546 1656 1602 λθ’.

227 1642 341 1709 λζ’.
384 1642 603 1713 Ἐπειδὴ
631 1642 775 1695 κατὰ
800 1641 1093 1711 διαφόρους
1123 1642 1375 1711 καιροὺς,
1407 1656 1462 1694 κ.
1488 1656 1539 1694 τ.
1566 1638 1617 1692 λ.

1928 1088 2208 1144 Decretum
2239 1089 2474 1159 ejusdem
2500 1099 2702 1144 sanctw
2742 1091 2930 1160 synodi
2959 1097 3358 1163 promulgatum
3384 1092 3442 1144 in

1857 1183 2087 1251 gratiam
2144 1183 2480 1235 sacerdotum
2537 1182 2713 1236 throni
2784 1183 3135 1237 sanctissime
3189 1181 3445 1238 Ecclesia:

1858 1275 2485 1344 Constantinopolitame.

1926 1367 2018 1423 28.
2049 1366 2376 1422 Sanctorum
2403 1366 2627 1422 Patrum
2652 1367 2869 1423 decreta
2894 1367 3097 1438 ubique
3128 1377 3441 1437 sequentes,

1856 1475 1988 1533 etc.,
2023 1475 2079 1519 ut
2101 1482 2223 1535 pag.
2245 1466 2372 1520 470.

2072 1555 2300 1613 Concilii
2329 1558 2637 1613 wcumcm‘ci
2664 1574 2717 1613 γι
2746 1573 2969 1611 canones
3000 1556 3088 1620 57,
3119 1556 3209 1611 59.

1926 1654 2017 1708 57.
2044 1653 2316 1719 Quoniam
2371 1652 2605 1707 diversis
2651 1651 3014 1720 temporibus,
3061 1657 3194 1716 etc.,
3226 1659 3282 1703 ut
3317 1666 3442 1721 pag.

1857 1744 1983 1799 487.

225 1828 339 1883 λθ’.
373 1827 480 1881 Τοῦ
511 1826 740 1895 ἀδελφοῦ
776 1824 873 1879 καὶ
920 1821 1339 1896 συλλειτουργοῦ
1393 1822 1554 1895 ἡμῶν
1628 1823 1749 1877 Ἰωο

1927 1836 2016 1891 59.
2063 1835 2199 1890 Cum
2245 1834 2412 1889 frater
2440 1842 2495 1888 et
2548 1833 2929 1890 comminister
2967 1841 3155 1888 noster
3181 1832 3442 1897 Joannes,

140 1920 354 1988 ἁννου,
382 1938 436 1974 κ.
456 1937 507 1973 τ.
538 1920 589 1976 λ.

1922 1944 1988 1997 3.,
2014 1939 2071 1983 ut
2098 1945 2225 1999 pag.
2260 1928 2388 1983 474.

402 2012 674 2067 Συνόδου
709 2010 1137 2080 Κῳθαγέννης
1165 2011 1368 2064 κανὼν
1400 2007 1502 2079 νβ’.

2142 2020 2371 2076 Concilii
2399 2018 2835 2089 Carthaginiensis
2865 2036 3030 2073 canon
3066 2018 3132 2073 52

226 2105 385 2174 Περὶ
410 2105 517 2160 τοῦ
546 2102 656 2169 τὰς
685 2103 981 2171 ἐπαρχίας
1006 2101 1501 2156 ἐπισκέπτεσθαι.

228 2199 341 2269 νβ’.
380 2197 682 2269 Ὁνωράτος
742 2198 839 2251 καὶ
895 2195 1171 2267 Οὐρϐανὸς
1231 2195 1544 2259 ἐπίσκοποι,
1575 2188 1749 2247 εἷπον·

143 2294 411 2347 Κὰκεῖνο
439 2292 573 2362 ἡμῖν
597 2290 685 2344 διὰ
712 2290 873 2358 λόγου
907 2289 1244 2350 ἐντέταλται,
1268 2288 1409 2341 ὥστε
1466 2286 1563 2341 καὶ
1607 2287 1754 2356 ὑμᾶς

145 2381 510 2446 καταξιῶσαι
536 2381 596 2434 τὸ
617 2380 834 2451 ὁρισθὲν
882 2379 989 2433 ὑπὸ
1018 2382 1118 2451 τῆς
1141 2382 1198 2433 ἐν
1241 2380 1470 2434 Ἰππῶνι
1508 2380 1751 2445 συνόδου,

144 2474 406 2545 ὀφείλειν
422 2475 660 2544 ἑκάστην
686 2473 957 2544 ἐπαρχίαν
985 2475 1043 2526 ἐν
1070 2472 1149 2544 τῷ
1179 2472 1358 2543 καιρῷ
1391 2472 1490 2544 τῆς
1524 2472 1745 2526 συνόδου

145 2568 596 2621 ἐπισκέπτεσθαι
615 2583 632 2598 ⁸
654 2567 747 2620 καὶ
763 2566 845 2619 ὅτι
869 2570 926 2621 ἐν
943 2565 1117 2637 τούτῳ
1141 2568 1234 2620 καὶ
1251 2566 1330 2635 τῷ
1352 2566 1496 2637 ἄλλῳ
1521 2563 1755 2634 ἐνιαυτῷ

146 2660 502 2730 ὑπερέθεσθε
536 2659 678 2714 κατὰ
708 2658 861 2724 τάξιν
912 2658 1317 2729 ἐπισκέψασθαι
1373 2657 1473 2729 τὴν
1530 2658 1750 2728 Μαυρι-

144 2755 380 2808 πανίαν.

2285 2110 2363 2165 De
2382 2112 2665 2165 visitandis
2709 2112 3015 2181 provinciis.

1927 2202 2018 2258 52.
2059 2199 2373 2257 Honoratus
2393 2202 2439 2233 ³ο
2469 2212 2524 2256 et
2565 2199 2814 2257 Urbanus
2862 2200 3101 2273 episc0pi
3135 2201 3393 2256 dixerunt
3426 2220 3441 2257 :

1857 2294 1924 2349 Et
1959 2294 2090 2349 illud
2130 2294 2290 2349 nobis
2320 2293 2488 2349 verbo
2513 2295 2836 2348 mandatum
2883 2305 2986 2357 est,
3018 2294 3180 2365 34⁵1
3216 2304 3283 2353 ,ιιι
3314 2295 3441 2364 quia

1856 2388 2218 2445 constitutum
2272 2394 2357 2441 est
2400 2386 2456 2440 in
2510 2388 2743 2442 concilio
2788 2386 3150 2457 Hipponensi,
3199 2388 3444 2456 singulas

1855 2479 2171 2551 provincias
2220 2489 2466 2548 tempore
2512 2479 2733 2533 concilii
2788 2480 3093 2534 visitandas
3122 2496 3245 2535 esse
3276 2480 3438 2549 (ΞΤ),
3514 2466 3523 2477 “

1857 2573 2155 2644 dignemini
2199 2572 2387 2638 etiam,
2418 2573 2564 2642 quod
2615 2571 2723 2627 hoc
2763 2587 2910 2627 anno
2963 2573 3265 2628 secundum
3296 2574 3446 2628 ordi-

1857 2678 1981 2719 nem
2009 2662 2320 2726 distulistis,
2356 2661 2440 2715 vel
2477 2661 2588 2717 alio
2615 2676 2761 2716 anno
2792 2660 3177 2717 Mauritaniam
3219 2664 3445 2732 provin-

1856 2754 1997 2810 ciam
2028 2755 2271 2808 visitare.

233 2848 512 2919 Αὐρήλιος
543 2848 843 2912 ἐπίσκοπος
908 2842 1097 2902 εἶπενο
1131 2847 1267 2901 Τότε
1330 2846 1461 2917 περὶ
1496 2847 1596 2916 τῆς
1644 2844 1754 2899 τῶν

1927 2849 2183 2905 Aurelius
2211 2849 2500 2920 episcopus
2527 2849 2698 2904 dixit:
2724 2848 2880 2905 Tunc
2901 2850 2969 2905 de
2992 2850 3269 2920 provincia
3296 2849 3448 2907 Mau-

146 2942 537 3014 Μαυριτανῶν
563 2942 747 3013 χώρας
787 2942 941 2997 οὐδὲν
992 2941 1298 3010 ὡρίσαμεν,
1332 2940 1421 2993 διὰ
1472 2939 1533 2991 τὸ
1556 2941 1635 3002 είς
1686 2937 1754 2992 τὰ

1922 2944 2078 3009 tania,
2119 2951 2409 3012 propterea
2457 2942 2606 3012 quod
2661 2942 2714 2996 in
2758 2943 2962 2998 ﬁnibus
3012 2933 3446 3012 Africaz'posila

146 3036 295 3106 τέλη
316 3036 417 3105 τῆς
467 3033 735 3105 Ἀφρικῆς
785 3035 1000 3089 κεῖσθαι
1038 3033 1229 3104 αύτὴν,
1257 3034 1353 3086 καὶ
1382 3034 1464 3086 ὅτι
1500 3032 1580 3101 τῷ
1620 3032 1754 3103 βαρ-

1922 3044 1952 3100 L,
1995 3036 2130 3089 nihil
2173 3035 2489 3100 statuimus,
2538 3034 2808 3104 siquidem
2860 3034 3052 3088 vicina:
3084 3033 3209 3106 [ηις.
3253 3032 3443 3105 vicini]

150 3125 385 3195 ὀαρικῷ
408 3124 757 3196 παράκειται·
780 3126 808 3177 ὁ
828 3124 884 3177 δὲ
901 3123 1030 3186 θεὸς
1046 3122 1317 3193 παράσχοι
1342 3124 1405 3175 ἐκ
1436 3120 1754 3192 περιουσίας

1922 3136 1987 3181 nt
2034 3125 2372 3182 Barbarico:
2406 3126 2502 3182 sed
2550 3135 2773 3196 praestet
2821 3125 2989 3191 Deus,
3049 3134 3109 3179 ut
3156 3140 3222 3180 ex
3268 3126 3446 3179 abun-
3508 3176 3511 3179 .

151 3217 427 3270 δύνασθαι
480 3218 653 3287 ἡμᾶς,
708 3216 802 3269 καὶ
860 3215 936 3286 μὴ
1001 3214 1505 3285 ἐπαγγειλαμένους
1593 3210 1752 3265 τοῦτο

1922 3222 2006 3275 ηηίί
2046 3236 2156 3275 non
2188 3220 2513 3290 pollicentes
2560 3219 2751 3275 venire
2786 3220 3071 3290 possimus
3107 3219 3173 3271 ad
3209 3227 3445 3273 vestram

151 3312 372 3373 ποιεῖν,
408 3308 505 3363 καὶ
566 3307 974 3380 παραγενέσθαι
1032 3309 1114 3371 εἰς
1171 3306 1270 3377 τὴν
1323 3304 1508 3377 χώραν
1560 3302 1749 3373 ὑμῶν·

1922 3314 2219 3369 ονὶιιοίιιιη.
2260 3313 2517 3384 Cogitare
2569 3313 2716 3367 enim
2768 3312 3003 3376 debetis,
3045 3311 3264 3375 fratres,
3315 3311 3445 3380 quia

150 3401 415 3470 ὀφείλετε
442 3399 550 3471 γὰρ
618 3401 845 3465 ἐννοεῖν,
913 3399 1152 3468 ἀδελφοὶ,
1211 3399 1293 3451 ὅτι
1350 3398 1443 3451 ἐὰν
1496 3394 1754 3466 λογισμὸς

1922 3421 1964 3458 ιο
2004 3405 2105 3460 sibi
2134 3414 2189 3460 et
2218 3404 2546 3474 Tripolitani
2575 3414 2629 3460 et
2657 3403 2979 3473 Arzugitani
3015 3402 3217 3458 fratres
3253 3412 3446 3473 potue-

151 3498 380 3565 ἀπαιτῇ
401 3493 561 3547 τοῦτο
622 3496 752 3564 περὶ
775 3492 985 3545 ἑαυτῶν
1014 3490 1323 3557 διεξελθεῖν,
1381 3490 1644 3560 ἠδύναντο
1659 3490 1754 3543 καὶ

1928 3508 1984 3553 ιιι
2012 3498 2251 3569 exigere,
2280 3498 2327 3554 si
2354 3482 2496 3553 ratio
2533 3504 2841 3566 pateretur.

152 3591 211 3643 οἱ
249 3586 636 3659 Τριπολιτανοὶ
664 3585 759 3639 καὶ
784 3586 834 3638 οἱ
876 3584 1247 3657 Ἀρζουῖτανοὶ
1276 3582 1518 3652 ἀδελφοί.

1920 3700 2148 3757 Concilii
2172 3688 2615 3772 Chalcedonensis
2645 3717 2711 3757 ea:
2732 3702 2938 3756 actione
2978 3709 3171 3772 quarta
3197 3701 3253 3754 in
3273 3701 3444 3769 capite

1856 3773 1919 3828 de
1944 3775 2202 3843 episcOpis
2240 3771 2488 3843 Egypti.

149 3703 443 3761 Συνόδου
476 3702 863 3769 Χαλκηδόνος
884 3702 953 3755 ἐκ
989 3700 1099 3767 τῆς
1134 3699 1420 3768 τετάρτης
1457 3699 1752 3769 πράξεως,

234 3777 388 3830 ἔνθα
439 3773 750 3827 σκοπεῐται
800 3771 866 3825 τὸ
918 3771 1249 3840 κεφάλαιον
1298 3771 1365 3825 τὸ
1416 3772 1569 3825 κατὰ
1612 3772 1756 3840 τοὺς

235 3844 614 3911 ἐπισκόπους
638 3843 783 3910 τοὺς
813 3843 913 3897 ἀπ’
940 3843 1266 3910 Αἰγύπτου.

237 3963 305 4015 Oi.
342 3958 916 4031 μεγαλοπρεπέστατοι
951 3957 1047 4011 καὶ
1085 3956 1418 4023 ἐνδοξότατοι
1469 3956 1752 4029 ἄρχοντες,

156 4054 263 4110 καὶ
294 4055 327 4124 ή
354 4051 641 4122 ὑπερφυὴς
682 4048 985 4119 σύγκλητος
1011 4044 1185 4104 εἶπεν.

236 4143 314 4199 α’.
362 4142 585 4213 Ἐπειδὴ
613 4144 661 4195 oi
691 4140 1076 4195 εὐλαϐέστατοι
1125 4140 1417 4194 ἐπίσκοποι
1462 4140 1560 4211 τῆς
1588 4141 1757 4210 Αἰγυ-

159 4238 365 4302 πτίων,
409 4252 465 4291 κ.
494 4252 545 4287 τ.
574 4234 626 4288 λ.

1930 3958 2453 4030 Magniticentissimi
2494 3966 2550 4013 et
2573 3957 2954 4028 gloriosissimi
2995 3957 3211 4028 iudices
3244 3965 3299 4013 et
3319 3972 3441 4012 am-

1855 4052 2137 4124 plissimus
2165 4060 2391 4105 senatus
2420 4048 2678 4105 dixerunt
2712 4064 2728 4103 :

1928 4141 1980 4195 1.
2022 4139 2294 4205 Quoniam
2357 4137 2802 4194 reverendissimi
2858 4137 3101 4208 episcopi
3155 4136 3445 4209 Egyptio-

1856 4247 2001 4293 rum,
2034 4240 2163 4295 etc.,
2192 4238 2249 4283 ut
2278 4246 2401 4299 pag.
2435 4227 2559 4282 694.

346 4329 692 4387 Πασκασῖνος
741 4327 771 4378 ὁ
833 4322 1230 4387 εὐλαϐέστατος
1266 4322 1603 4388 ἐπίσκοπος.
1661 4342 1753 4377 το-

2024 4322 2398 4378 Pascliasinus
2427 4320 2917 4377 reverendissimus
2946 4322 3237 4391 episcopus
3256 4362 3270 4387 ,
3301 4320 3447 4377 vica-

162 4420 491 4493 ποτηρητὴς
524 4419 618 4473 τοῦ
658 4416 1018 4474 ἀποστολικοῦ
1069 4415 1259 4487 θρόνου
1297 4416 1518 4487 Ῥώμης
1571 4413 1747 4472 εἶπενο

1922 4433 1977 4472 us
2012 4417 2158 4472 sedis
2180 4414 2515 4485 apostolicae,
2558 4413 2696 4467 dixit
2725 4430 2738 4467 :

239 4514 309 4585 β’.
337 4516 399 4567 Εἰ
421 4514 746 4584 προστάττει
770 4512 802 4581 ἡ
824 4509 1065 4581 ὑμετέρα
1090 4508 1307 4573 ἐξουσία
1328 4550 1341 4573 ,
1364 4511 1458 4563 καὶ
1506 4511 1754 4566 κελεύετέ

1932 4507 1987 4561 ‘2.
2014 4504 2069 4559 Si
2098 4506 2417 4575 prameperit
2445 4504 2558 4575 (25)
2593 4503 2765 4574 gloria
2786 4512 2991 4567 vestra,
3020 4510 3074 4557 et
3102 4504 3307 4573 jubetis
3341 4504 3446 4560 illis

1856 4598 2061 4668 aliquid
2118 4596 2367 4666 prmstari
2399 4595 2783 4664 humanitatis,
2820 4596 3239 4665 lidejussoribus
3274 4596 3441 4660 datis,

1856 4709 1966 4747 non
1990 4701 2188 4746 exeant
2208 4689 2276 4746 de
2308 4692 2413 4747 ista
2440 4690 2684 4756 civitate,
2710 4691 2948 4760 qnandiu
2973 4690 3304 4745 Alexandria
3330 4691 3442 4760 (24)

159 4610 220 4663 τί
250 4624 385 4662 ποτε
419 4606 601 4669 αὐτοῖς
657 4602 1069 4674 παρασχεθῆναι
1113 4601 1525 4672 φιλανθρωπίας
1564 4604 1758 4674 ἐχόμε-

162 4716 287 4763 νον,
319 4696 523 4765 ἐγγύας
557 4695 821 4758 δότωσαν,
850 4694 932 4747 ὅτι
958 4692 1059 4745 οὐκ
1085 4690 1396 4761 ἐξέρχονται
1428 4692 1633 4763 ταύτης
1657 4696 1759 4764 τῆς

163 4790 404 4854 πόλεως,
433 4788 538 4851 ἕως
570 4779 630 4840 οὗ
657 4788 690 4857 ἡ
728 4783 1122 4855 Ἀλεξανδρέων
1171 4784 1474 4837 ἐπίσκοπον
1511 4784 1753 4855 δέξηται.

243 4883 309 4934 0i
344 4879 923 4951 μεγαλοπρεπέστατα
963 4876 1057 4928 καὶ
1112 4873 1445 4939 ἐνδοξότατοι
1496 4874 1757 4946 ἄρχοντες

165 4978 267 5032 καὶ
291 4978 325 5046 ἠ
358 4973 641 5046 ὑπερφυὴς
672 4972 977 5041 σύγκλητος
1003 4964 1176 5023 εἶπεν.

244 5076 315 5137 γῖ.
360 5070 423 5121 Ἠ
484 5067 576 5121 τοῦ
656 5064 955 5120 ὁσιωτάτου
1043 5062 1344 5116 ἐπισκόπου
1405 5062 1754 5116 Πασκασίνου

167 5163 352 5234 ψῆφος
402 5161 596 5231 βεϐαία
628 5160 767 5212 ἔστω
798 5175 811 5188 ·
848 5158 969 5211 ὅθεν
1018 5157 1274 5227 μένοντες
1304 5156 1396 5208 ἐπὶ
1428 5155 1523 5209 τοῦ
1552 5156 1753 5209 οἰκείου

178 5256 466 5326 σχήματος
534 5256 583 5306 οἱ
635 5251 1026 5304 εύλαϐέστατοι
1089 5248 1383 5301 ἐπίσκοποι
1442 5248 1552 5301 τῶν
1597 5249 1761 5316 Αἰγυ-

243 5393 291 5425 ⁸⁰
318 5393 486 5447 Cone.
519 5388 690 5443 Airic.
731 5403 782 5442 c.
822 5386 910 5442 i9.

242 5530 381 5602 (22')
424 5528 721 5585 Visitandis
747 5529 815 5584 ab
854 5523 1456 5602 episcopo_(_‘._arthagi_n.
1486 5520 1632 5602 Nihil
1665 5522 1755 5579 hic

175 5594 557 5656 de'visitatore
592 5602 852 5670 episcopo
876 5594 1096 5670 agitur,
1130 5595 1356 5670 Visitare
1386 5594 1492 5648 hoc
1522 5595 1642 5647 loco
1667 5603 1752 5670 est

177 5672 368 5726 adesse
398 5664 641 5725 concilio'
667 5664 936 5740 plen'ario;
957 5667 1108 5740 quod
1132 5682 1276 5740 nunc
1305 5665 1370 5740 in_
1393 5680 1501 5717 una
1527 5664 1749 5740 prosin-

176 5743 283 5808 cia,
330 5756 476 5795 nunc
504 5741 558 5794 in
595 5734 764 5796 altera
798 5734 990 5808 cOgere
1028 5738 1259 5792 debebat
1289 5736 1581 5806 episcopus
1610 5734 1744 5788 Car-

179 5813 322 5885 thag.
360 5828 427 5868 ex
461 5811 678 5867 decreto
712 5807 908 5868 concil.
946 5807 1179 5880 llippon.

1857 4785 2174 4856 episcopum
2206 4782 2457 4852 accipiat.

1927 4876 2453 4947 Magniﬁcentissimi
2497 4883 2551 4930 et
2589 4874 2977 4945 gloriosissimi
3001 4873 3215 4944 iudices
3247 4880 3299 4925 et
3325 4887 3444 4925 am-

1858 4970 2141 5042 plissimus
2172 4980 2398 5025 senatus
2421 4967 2682 5023 dixerunt
2710 4985 2723 5022 :

1931 5062 2096 5133 3&8
2124 5063 2176 5116 5.
2214 5062 2558 5116 Sanctissimi
2600 5061 2745 5133 [Diu.
2775 5071 2824 5115 et
2873 5060 3051 5116 Paris.
3087 5058 3473 5111 Revercndis-

1862 5155 2034 5227 simi.]
2056 5154 2367 5208 l’aschasini
2398 5155 2469 5209 sit
2496 5155 2711 5209 firmum
2746 5154 2856 5226 μά.
2879 5150 3110 5221 certum]
3156 5149 3445 5219 judicium.

1864 5246 2019 5302 Unde
2069 5253 2457 5317 permanentes
2504 5245 2557 5300 in
2607 5244 2829 5316 proprio
2874 5242 3063 5297 habitu
3096 5240 3446 5295 reverendis~

1936 5520 2050 5592 (93)
2082 5520 2249 5592 (ξω-ὴ.
2269 5519 2329 5576 Si
2371 5521 2618 5592 prwcepit
2647 5536 2667 5584 ;
2700 5517 2844 5592 quod
2873 5516 3121 5592 Crabbus
3156 5516 3232 5592 ita
3262 5529 3451 5592 emen-

1860 5585 2051 5646 darit':
2102 5590 2160 5645 Si
2204 5585 2928 5660 prwceﬂritXLegehdum;
2961 5585 3451 5660 SiAprarcipit.‘At;

1858 5679 1964 5733 que
1996 5664 2068 5716 ita
2088 5656 2306 5733 ﬁliab'ent
2336 5656 2925 5733 codicesfarisiensis
2956 5669 3009 5713 et
3038 5656 3409 5733 DivioAnensis.

1931 5734 2044 5803 (9.4)
2083 5732 2296 5787 Divion.
2343 5731 2683 5786 Alexandria:
2717 5728 3035 5799 Episcopum
3087 5726 3375 5798 accipiant.
