3904 6220
384 309 483 371 831

1517 306 1772 369 PHOTII
1816 306 2322 367 PATRIARCHE
2351 308 2461 366 ce.
3514 315 3605 377 832

381 422 504 475 simi
552 417 791 488 episcOpi
832 416 1236 488 Aigyptiorum,
1291 428 1387 472 aut
1417 417 1547 472 dent
1582 417 1950 486 ﬁdejussores,
1982 469 1984 475 .

2097 418 2206 479 ίων,
2236 416 2268 487 ἢ
2297 416 2497 484 ἐγγύας
2524 415 2877 486 παρέξουσιν,
2930 415 2979 468 εἰ
3009 414 3166 470 τοῦτο
3186 419 3362 483 αὐτοῖς
3388 419 3605 488 δυνατὸν,

298 578 311 589 κ
382 516 426 567 si
466 513 566 566 huc
600 512 707 565 illis
729 520 812 566 est
841 510 1136 579 possibile;
1163 520 1259 563 aut
1291 526 1385 589 per
1412 509 1525 581 (25)
1558 520 1961 563 sacramentum

382 604 464 655 eis
518 601 789 663 credatur,
828 600 954 667 quia
1001 584 1751 668 exspectantordinationem
1787 598 1962 653 futuri

385 694 626 763 episcopi
657 708 866 761 magnae
892 691 1125 745 civitatis
1154 692 1517 745 Alexandriae.

454 786 604 840 CAP.
647 783 946 838 Vlli.--Ne
972 785 1243 852 episcopus
1292 784 1369 837 vel
1391 783 1610 837 clericus
1642 782 1954 835 donationis

383 875 465 929 vel
504 876 797 927 testamenti
824 876 1030 927 nomine
1061 874 1258 926 tribuat
1300 874 1508 943 aliquid
1543 874 1743 926 homini
1788 874 1957 926 luere-

390 972 511 1032 tico,
538 968 750 1019 etiamsi
785 967 1108 1034 propinquus
1144 966 1257 1031 ejus
1294 964 1384 1017 sit.

575 1058 802 1113 Concilii
833 1056 1273 1125 Carthaginensis
1311 1071 1539 1108 canones
1570 1054 1664 1117 22,
1701 1052 1790 1107 81.

461 1149 531 1205 Ut
561 1151 788 1220 episcopi
816 1148 893 1202 vel
932 1148 1110 1202 clerici
1142 1148 1195 1200 in
1227 1163 1313 1201 eos
1345 1148 1433 1217 qui
1474 1163 1580 1200 non
1623 1156 1745 1200 sunt
1788 1144 1967 1199 clerici

392 1256 496 1295 non
531 1240 828 1308 conferant.

460 1421 552 1476 22.
593 1420 659 1475 Ει
693 1428 750 1474 ιιι
781 1420 833 1473 in
861 1434 955 1475 eos
985 1418 1077 1488 qui
1115 1417 1391 1482 catholici,
1422 1425 1479 1470 ut
1507 1433 1629 1486 pag.
1663 1415 1791 1470 827.

469 1608 543 1659 De
581 1606 831 1675 episcopis
878 1606 965 1675 qui
1006 1605 1277 1659 Itazreticos
1330 1604 1408 1657 vel
1456 1619 1689 1673 paganos
1738 1603 1969 1656 lueredes

394 1701 695 1753 instituunt.

2066 509 2403 581 ἢέξωμοσίᾳ
2459 507 3083 577 καταπιστευθήσονται,
3134 509 3481 579 ἀναμένοντες
3524 515 3609 584 τὴν

2066 601 2398 671 χειροτονίαν
2424 598 2517 652 τοῦ
2554 600 2817 669 ἐσομένου
2878 600 3179 654 ἐπισκόπου
3238 605 3332 674 τῆς
3391 603 3610 670 Ἀλεξαν-

2066 694 2237 765 δρέων
2283 691 2719 762 μεγαλοπόλεως.

2139 784 2387 835 ΚΕΦΑΛ.
2431 783 2514 836 Η¹.
2540 809 2610 822 -—
2636 781 2771 850 Περί
2812 779 2920 834 τοῦ
2940 780 3093 851 μήτε
3120 780 3448 837 ἐπίσκοπον
3478 786 3612 854 μήτε

2068 874 2359 939 κληρικὸν
2386 872 2637 938 διδόναι,
2670 872 2765 927 διὰ
2816 871 3041 939 δωρεᾶς
3082 871 3120 940 ἢ
3146 871 3445 941 διαθήκης,
3477 879 3613 943 αἱρε-

2068 965 2228 1031 τικῷ,
2269 964 2383 1018 κᾶν
2411 964 2503 1031 εἴη
2532 964 2836 1033 συγγενὴς
2866 963 3075 1017 αὑτοῦ.

2263 1056 2532 1110 Συνόδου
2563 1056 2981 1124 Καρθαγέννης
3018 1056 3224 1109 κανὼν
3256 1054 3355 1127 κβ’,
3376 1065 3478 1111 πα’.

2142 1150 2326 1203 Ὥστε
2370 1148 2511 1212 τοὺς
2541 1147 2918 1212 ἐπισκόπους
2956 1146 3054 1199 καὶ
3118 1146 3260 1211 τοὺς
3300 1148 3615 1216 κληρικοὺς,

2065 1240 2258 1310 μηδὲν
2285 1238 2679 1307 συνεισάγειν
2704 1237 2827 1301 τοῖς
2858 1236 2944 1306 μὴ
2992 1237 3334 1305 ὀρθοδόεοις
3368 1238 3619 1307 Χριστια-

2071 1332 2221 1398 νοῖς,
2252 1334 2303 1385 εἰ
2335 1331 2431 1384 καὶ
2452 1329 2771 1399 συγγενεῖς
2799 1330 2887 1384 ἔτι
2914 1329 3040 1398 μὴν
3058 1325 3235 1384 ὦσιν.

2142 1423 2246 1493 κβ’.
2274 1422 2455 1493 Μηδὲν
2493 1422 2579 1475 διὰ
2608 1420 2819 1491 δωρεᾶς
2864 1420 2971 1474 τῶν
3034 1420 3252 1474 οἰκείων
3281 1420 3621 1492 πραγμάτων,

2075 1535 2128 1571 κ.
2160 1534 2212 1570 τ.
2235 1515 2284 1568 λ.

2144 1606 2284 1675 Περὶ
2334 1605 2688 1660 ἐπισκόπων
2740 1604 2849 1657 τῶν
2882 1603 3213 1673 αἱρετικοὺς
3263 1604 3301 1672 ἢ
3344 1604 3623 1670 Ἕλληνας

2076 1700 2491 1768 κληρονόμους
2529 1699 3133 1767 καταλιμπανόντων.

463 1793 551 1846 8|.
596 1793 723 1845 Item
786 1789 1139 1845 constitutum
1196 1798 1299 1853 est,
1347 1796 1410 1842 ut
1466 1788 1513 1842 si
1575 1787 1699 1856 quis
1761 1787 1972 1855 episco-

2146 1798 2259 1845 πα¹.
2304 1791 2538 1860 Ὁμοίως
2571 1789 2801 1860 ὡρίσθη,
2831 1788 2920 1841 ἵνα
2954 1787 3049 1841 ἐάν
3070 1805 3156 1852 τις
3198 1787 3483 1851 ἐπίσκοπος
3510 1786 3623 1857 κλη-

394 1898 519 1952 pus.
558 1891 689 1945 i:tc.,
720 1890 776 1934 ut
806 1898 925 1950 pag.
956 1880 1081 1935 8'27.

474 1972 690 2026 Textus.
726 1971 935 2025 Nedum
983 1972 1051 2025 ab
1080 1971 1351 2039 episcopis
1379 1980 1433 2025 et
1464 1971 1678 2025 clericis
1725 1972 1975 2040 accipere

398 2064 645 2119 ltazretici
680 2064 1057 2133 prohibentur,
1086 2064 1463 2117 verumxetiam
1495 2066 1563 2118 ab
1594 2066 1737 2119 aliis.
1769 2064 1975 2119 Dicitur

399 2156 543 2208 enim
577 2156 669 2209 lib.
706 2172 744 2219 ι,
774 2155 853 2209 tit.
892 2154 940 2217 5,
972 2164 1145 2210 const.
1180 2153 1267 2219 10,
1304 2156 1447 2224 quod
1481 2157 1819 2211 orthodoxus
1858 2172 1971 2209 rem

399 2247 728 2299 immobilem
748 2262 867 2314 quae
888 2247 1246 2301 orthodoxam
1272 2248 1567 2307 Ecclesiam
1595 2248 1807 2309 habeat,
1828 2248 1975 2300 nullo

401 2337 566 2390 modo
599 2338 650 2390 in
684 2338 997 2391 ltaercticum
1032 2338 1325 2392 transferre
1346 2340 1518 2407 possit
1548 2356 1562 2393 :
1600 2338 1737 2409 [aut]
1771 2338 1975 2407 alioqui

401 2425 597 2497 [iilam]
630 2428 940 2481 conliscari.
970 2426 1184 2482 Rursus
1216 2438 1392 2481 const.
1440 2430 1495 2493 5,
1545 2429 1626 2482 tit.
1659 2429 1694 2480 2
1725 2427 1976 2481 Novella-

399 2536 522 2576 rum
552 2522 627 2574 ait
667 2538 680 2573 :
723 2518 778 2573 Si
812 2521 1153 2573 orthodoxus
1200 2521 1412 2574 habens
1467 2520 1871 2589 possessionem
1923 2518 1978 2572 in

401 2628 507 2681 qua
539 2622 725 2665 sancta
762 2611 831 2665 sit
863 2610 1128 2675 Ecclesia,
1162 2610 1360 2682 [illam]
1408 2610 1743 2673 alienaverit,
1773 2609 1858 2663 vel
1889 2624 1977 2662 re-

401 2703 647 2773 liquerit,
682 2703 762 2755 vel
792 2703 845 2755 in
877 2702 1257 2772 empbyteusin
1305 2703 1533 2765 dederit,
1572 2702 1656 2756 vel
1693 2701 1976 2764 locaverit,

404 2796 490 2848 vel
522 2810 849 2863 quorunque
892 2792 1383 2847 administrationis
1438 2809 1634 2864 genere
1690 2794 1980 2863 praebuerit

405 2894 499 2939 aut
525 2882 731 2947 Judaeo,
772 2892 866 2937 aut
898 2883 1260 2945 Samaritano,
1296 2890 1389 2937 aut
1418 2882 1658 2952 Pagano,
1700 2895 1792 2937 aut
1817 2882 1981 2954 3&9

409 2976 775 3037 Montanistze,
812 2982 903 3027 aut
928 2974 1149 3039 Ariano,
1180 2984 1273 3027 aut
1299 2976 1533 3029 breviter
1566 2976 1653 3028 alii
1689 2976 1976 3039 haeretica,

406 3067 527 3135 ejus
558 3066 797 3135 oppiduli
834 3063 1079 3120 Ecclesia
1117 3065 1289 3134 ipsius
1324 3065 1623 3118 dominium
1680 3065 1975 3119 vindicato.
2005 3102 2051 3162 ϐ

407 3158 532 3212 Lib.
562 3174 596 3221 ι,
636 3157 717 3211 ιίι.
752 3157 806 3221 5,
840 3166 1018 3211 const.
1064 3155 1151 3209 18.
1192 3155 1248 3210 Si
1294 3156 1599 3217 bavreticus,
1639 3165 1700 3210 ut
1730 3157 1981 3209 militiam

408 3250 490 3301 vel
526 3249 845 3317 dignitatem
877 3258 1279 3317 consequatur,
1336 3258 1429 3301 aut
1493 3248 1709 3316 publico
1758 3261 1987 3302 munere

410 3341 690 3409 fungatur,
721 3350 813 3393 aut
841 3340 1053 3405 doceat,
1118 3348 1212 3393 aut
1248 3339 1433 3393 causis
1468 3340 1862 3407 patrocinetur,
1891 3353 1985 3392 or-

413 3436 709 3487 thodoxum
745 3430 847 3502 [se]
891 3432 1132 3495 simulet,
1178 3439 1231 3484 ct
1258 3445 1482 3484 uxorem
1514 3439 1609 3483 aut
1648 3431 1787 3484 ﬁlios
1817 3430 1989 3485 haare-
2062 3436 2073 3447 '

415 3528 552 3580 ticos
591 3521 816 3595 [ipsum]
882 3523 1082 3575 habere
1140 3529 1384 3587 constet,
1433 3522 1671 3591 ejicitur.
1726 3521 1829 3575 Sed
1887 3523 1989 3576 etsi

413 3617 599 3678 lateat,
633 3632 740 3669 non
772 3624 949 3683 potest
975 3614 1273 3683 quidquam
1307 3630 1489 3668 rerum
1516 3630 1737 3668 suarum
1768 3618 1989 3678 donare,

414 3707 688 3776 alioquive
714 3706 953 3759 alienare
984 3706 1037 3759 in
1066 3706 1403 3760 lnereticum.
1423 3704 1623 3759 Verum
1656 3708 1773 3761 illas
1797 3707 1994 3773 ipsius-

416 3813 523 3869 que
556 3797 921 3851 htcreditatem
977 3812 1099 3865 qua:
1150 3797 1403 3851 hmretieo
1446 3798 1708 3863 defertur,
1752 3798 1991 3851 vindicat

418 3895 604 3945 tiscus.
652 3888 709 3940 In
742 3888 1059 3941 universum
1102 3887 1243 3941 enim
1288 3888 1379 3955 qui
1425 3888 1673 3941 militiam
1709 3886 1991 3961 [aliquam]

418 3981 842 4051 dignitatemque
890 3980 1139 4033 obtinent
1194 3980 1336 4048 :qui
1386 3978 1831 4033 advocationibus
1882 3980 1994 4050 [va-

419 4081 548 4128 cant
570 4071 622 4143 ι]
659 4073 749 4140 qui
780 4070 997 4139 publico
1033 4084 1258 4123 munere
1281 4110 1295 4134 ,
1350 4070 1642 4124 militarive
1676 4072 1993 4140 magistratu

422 4165 761 4237 [funguntur
782 4161 830 4234 :]
859 4163 1007 4216 solos
1040 4162 1377 4217 orthodoxos
1409 4162 1650 4217 haeredes
1676 4163 1877 4216 habent
1904 4179 1918 4216 :
1943 4172 1995 4217 et

421 4272 542 4325 qua:
573 4257 640 4309 ab
684 4255 789 4308 illis
821 4254 1317 4322 qnomodocunque
1366 4254 1432 4307 ad
1474 4254 1760 4308 hereticos
1805 4269 1994 4323 perve-

424 4348 602 4411 niunt,
633 4345 797 4412 exigit
830 4347 1015 4398 llscus.
1048 4342 1259 4398 Rursus
1285 4346 1475 4399 eadem
1519 4355 1695 4400 const.
1728 4346 1857 4399 dicit
1885 4360 1899 4398 :
1937 4344 1995 4398 Si

2078 1884 2339 1957 ρονόμους
2359 1884 2664 1950 συγγενεῖς,
2692 1898 2746 1935 κ.
2770 1899 2823 1934 τ.
2864 1880 2915 1935 λ.

2146 1977 2221 2028 (ἰὺ
2256 1976 2413 2045 μόνον
2443 1975 2549 2028 ἀπὸ
2590 1972 2904 2027 ἐπισκόπων
2929 1971 3022 2025 καὶ
3051 1968 3329 2040 κληρικῶν
3359 1967 3629 2021 κωλύονται

2080 2067 2381 2137 λαμϐάνειν
2417 2066 2466 2118 οἱ
2501 2066 2786 2135 αἱρετικοὶ,
2819 2063 2954 2117 ἀλλὰ
3006 2062 3102 2115 καὶ
3147 2063 3212 2113 ἐκ
3259 2060 3363 2113 τῶν
3409 2060 3627 2129 ἐτέρωνο

2077 2161 2289 2229 εἴρηται
2314 2157 2421 2227 γὰρ
2452 2157 2594 2227 βιϐλ.
2631 2154 2681 2209 α’
2716 2155 2822 2209 τίτ.
2858 2154 2919 2217 ε’,
2964 2153 3104 2206 διάτ.
3136 2158 3189 2216 ι’,
3224 2152 3305 2205 ὅτι
3336 2150 3465 2204 Οὔτε
3489 2149 3627 2220 ὀρθό-

2075 2248 2225 2313 δοξος
2278 2247 2496 2300 δύναται
2552 2246 2673 2298 καθ’
2705 2244 3013 2312 οἱονδήποτε
3063 2244 3265 2315 τρόπον
3335 2240 3634 2311 μεταφέρειν

2078 2342 2158 2403 είς
2204 2341 2479 2409 αἱρετικὸν
2528 2339 2784 2410 ἀκίνητον
2860 2340 3111 2409 πρᾶγμα,
3186 2336 3326 2405 ἔχων
3380 2333 3633 2403 όρθόδοξον

2090 2435 2439 2503 Ἐκκλησίαν,
2472 2436 2594 2485 ἐπεὶ
2625 2432 2945 2500 φισκοῦται’
2977 2432 3010 2500 ή
3044 2430 3142 2500 μέν
3190 2445 3277 2481 τοι
3323 2432 3367 2495 γ¹
3398 2427 3528 2479 διάτ.
3552 2422 3633 2476 τοῦ

2081 2523 2124 2591 β’
2156 2522 2260 2576 τίτ.
2293 2521 2400 2573 τῶν
2438 2521 2686 2590 Νεαρῶν,
2717 2521 2903 2590 φησὶν,
2930 2520 3032 2584 ὅτι,
3068 2518 3193 2571 Ἐὰν
3224 2516 3493 2589 ὁρθὸδοξος
3515 2514 3641 2583 ἔχων

2080 2616 2297 2684 κτῆσιν,
2328 2615 2385 2666 tv
2473 2614 2606 2682 ἁγία
2664 2613 2814 2666 ἐστὶν
2851 2611 3169 2680 Ἐκκλησία,
3202 2606 3521 2679 ἐκποιήσῃῆ
3547 2622 3637 2657 κα-

2086 2707 2313 2779 ταλίπῃ,
2344 2707 2376 2775 ἢ
2406 2705 2742 2776 ὲμιρυτεύσῃ,
2771 2704 2802 2773 ἢ
2828 2703 3075 2772 μισθώσῃ
3098 2743 3111 2766 ,
3139 2704 3171 2769 ἢ
3200 2700 3323 2754 καθ’
3341 2699 3637 2767 οἱανδήποτε

2080 2800 2346 2869 διοίκησιν
2364 2800 2621 2868 παράσχῃ
2653 2796 2915 2865 Ἰουδαίῳ,
2938 2794 2969 2865 ἦ
2996 2794 3333 2866 Σαμαρείτῃ,
3359 2792 3390 2862 ἦ
3412 2789 3637 2859 Ἕλληνι,

2080 2890 2113 2958 ἢ
2142 2892 2501 2958 Μοπανιστῇ,
2538 2889 2569 2957 ἥ
2602 2887 2862 2958 ’Λρειανῷ
2886 2886 2917 2956 ἢ
2937 2886 3119 2948 ἁπλῶς
3143 2884 3291 2955 ἄλλῳ
3319 2882 3582 2954 αἰρετικῷ,
3608 2881 3637 2949 ἠ

2095 2981 2386 3049 Ἐκκλησία
2404 2980 2502 3049 τῆς
2519 2980 2685 3049 αὐτῆς
2710 2978 2904 3047 κώμης
2929 2978 3026 3047 τὴν
3056 2976 3223 3030 αὐτοῦ
3242 2973 3545 3029 δεσποτείαν
3559 2975 3643 3025 ἐκ·

2082 3070 2320 3122 δικείτω·
2350 3068 2916 3139 βιϐλ.α’,τίτ.ε”,διάτ.
2940 3068 3029 3139 ιη’·
3061 3068 3187 3121 Ἐὰν
3218 3065 3488 3137 αἰρετικδς
3514 3063 3643 3130 ὑπὲρ

2092 3159 2182 3213 τοῦ
2199 3162 2376 3229 τυχεῖν
2393 3157 2545 3223 ἀξίας
2562 3158 2594 3229 ἢ
2621 3159 2921 3231 στρατείας,
2942 3159 2973 3230 ἢ
2997 3159 3254 3229 δημόσιον
3281 3156 3477 3228 πρᾶξαι
3499 3155 3648 3224 φρόν-

2093 3264 2277 3324 τισμα,
2308 3254 2339 3322 ἢ
2376 3251 2663 3305 παιδεῦσαι
2689 3292 2704 3317 ,
2737 3252 2768 3323 ἢ
2794 3251 3170 3321 συνηγορῆσαι
3234 3250 3648 3323 προσ-ποιήσηται

2094 3345 2185 3398 τὸν
2221 3344 2519 3415 ὀρθόδοξον,
2555 3344 2648 3396 καὶ
2711 3348 2851 3413 φανῇ
2888 3344 3134 3413 γαμετὴν
3194 3343 3230 3414 ἢ
3289 3344 3478 3405 παῖδας
3523 3340 3647 3411 ἔχων

2097 3437 2425 3507 αἰρετικοὺς,
2458 3436 2815 3489 ἐκϐάλλεται·
2858 3440 2905 3489 εἰ
2934 3436 2992 3490 δὲ
3034 3437 3128 3490 καὶ
3164 3436 3328 3511 λάθῃ,
3370 3437 3428 3490 οὐ
3445 3434 3649 3489 δύναταί

2096 3544 2148 3579 τι
2169 3526 2276 3580 τῶν
2306 3524 2472 3578 αὑτοῦ
2508 3526 2818 3595 δωρεῖσθαι,
2847 3526 2880 3596 ἢ
2910 3527 3083 3589 ἄλλως
3120 3528 3364 3581 ὲκποιείν
3388 3521 3650 3595 αἱρετικῷ,

2097 3619 2231 3673 ἀλλὰ
2279 3617 2451 3671 ταῦτα
2480 3618 2575 3670 καλ⁵
2603 3618 2701 3685 τὴν
2730 3617 2992 3688 αἱρετικῷ
3027 3618 3475 3689 καταφερομένην
3502 3612 3649 3669 αὑτοῦ

2098 3710 2461 3779 κληρονομίαν
2502 3708 2703 3761 ἐκδικεί
2758 3707 2820 3760 τὸ
2883 3708 3170 3777 δημόσιον·
3206 3708 3434 3762 καθόλου
3478 3707 3579 3775 γάρ
3607 3704 3652 3756 οἰ

2100 3799 2461 3869 μετασχόντες
2488 3799 2794 3867 στρατείας,
2830 3799 2863 3868 ἦ
2913 3798 3069 3863 ἀξίας
3120 3799 3475 3870 συνηγορίας,
3508 3796 3655 3867 ἥδη-

2103 3891 2294 3960 μοσίας
2329 3889 2726 3960 φιλοτιμίας,ἢ
2786 3892 3228 3960 συγκροτήσεως,
3294 3890 3442 3960 παρὰ
3493 3889 3654 3959 μόνων

2098 3982 2392 4054 όρθοδόξων
2437 3981 2899 4052 κληρονομοῦνται
2919 3997 2932 4010 ·
2963 3984 3057 4035 καὶ
3082 3983 3149 4035 τὰ
3176 3982 3239 4046 ἐξ
3268 3982 3449 4035 αὐτῶν
3485 3983 3653 4033 όπωσ-

2100 4076 2194 4129 οὖν
2247 4078 2331 4137 είς
2358 4074 2633 4143 αἱρετικὸν
2691 4074 2979 4143 ἐρχόμενα,
3024 4073 3087 4126 τὸ
3136 4073 3397 4142 δημόσιον
3424 4072 3653 4124 ἐκδικεῖ·

2100 4171 2134 4238 ἡ
2161 4168 2217 4221 δὲ
2245 4166 2379 4237 αὐτὴ
2409 4166 2548 4219 διάτ.
2575 4166 2760 4236 φησὶν,
2792 4168 2895 4228 ὅτι,
2937 4166 3064 4218 Ἐὰν
3091 4165 3199 4219 τῶν
3250 4166 3471 4229 παίδων,
3497 4165 3542 4216 οἰ
3566 4162 3659 4231 μέν

2102 4265 2237 4315 εἰσιν
2268 4259 2625 4329 αἰρετικοὶ,οἰ
2674 4258 2731 4310 δὲ
2780 4258 3071 4328 όρθόδοξοι,
3107 4258 3259 4327 μόνοι
3311 4260 3359 4311 οἰ
3403 4254 3658 4327 ὀρθόδοξοι

2103 4351 2532 4422 κληρονομοῦσιν
2558 4367 2571 4382 ·
2596 4352 2644 4403 εἰ
2671 4350 2727 4404 δέ
2758 4350 2960 4414 πάντες
2986 4351 3124 4404 είσίν
3149 4351 3440 4421 αἱρετικοὶ,
3477 4363 3660 4415 συγγε-

422 4439 659 4492 ﬁliorum
691 4436 783 4489 alii
811 4437 921 4491 sint
961 4435 1241 4502 haeretici,
1276 4437 1367 4491 alii
1398 4437 1693 4491 orthodoxi
1725 4457 1737 4492 :
1772 4438 1873 4492 soli
1903 4454 1984 4493 or-

2104 4448 2210 4506 νείς
2241 4443 2510 4514 ὀρθόδοξοι
2546 4442 2975 4513 κληρονομοῦσιν
3002 4459 3017 4473 ·
3046 4443 3077 4513 ἢ
3104 4441 3177 4513 μὴ
3202 4442 3394 4506 ὄντων,
3426 4442 3454 4492 ό
3478 4440 3660 4508 φίσκος

424 4529 649 4583 thodoxi
681 4528 921 4581 baaredes
947 4538 1093 4581 sunt.
1118 4528 1273 4593 Quod
1294 4530 1337 4582 si
1368 4544 1558 4583 omnes
1594 4530 1702 4584 sint
1735 4529 1993 4595 haeretici,

425 4621 637 4687 cegnati
695 4619 986 4672 orthodoxi
1046 4619 1416 4674 haereditatem
1469 4622 1713 4689 capiunt.
1771 4619 1827 4674 Si
1869 4634 1999 4675 vero

425 4711 566 4764 nulli
616 4710 761 4775 sint,
804 4710 1275 4767 succedit.ﬁscus.
1324 4710 1513 4765 Const.
1566 4712 1651 4764 i9.
1708 4711 2003 4767 ilaereticus

372 4828 383 4839 -
427 4800 668 4856 haeretici
692 4801 836 4855 (ilius
864 4801 1402 4870 nequedonationem
1438 4819 1615 4871 neque
1635 4804 2001 4857 lnereditatem

426 4894 597 4963 patris
626 4894 875 4962 percipit.
904 4892 1099 4948 Const.
1139 4895 1231 4948 22.
1260 4893 1447 4965 Neque
1500 4911 1565 4949 ex
1615 4896 1802 4950 militis
1833 4906 2001 4950 testa-

428 4998 613 5039 mento
649 4987 940 5041 haereticus
971 4987 1343 5041 haereditatem
1380 4998 1473 5041 aut
1500 4988 1738 5058 legatum
1780 4989 1944 5056 capit.

502 5076 714 5130 Tenus.
743 5075 875 5143 Quae
900 5077 1394 5131 exlnereditationis
1425 5094 1621 5132 causas
1648 5079 1863 5131 ordinat
1895 5075 2003 5129 No-

427 5168 565 5221 vella
595 5165 716 5231 102,
765 5169 881 5222 ait:
919 5167 974 5221 Si
1008 5184 1205 5237 parcns
1247 5168 1587 5222 orthodoxus
1633 5169 1831 5222 sentiat
1864 5168 2006 5222 ﬁlios

430 5275 559 5313 suos
607 5276 712 5312 non
746 5275 866 5314 esse
905 5259 1273 5324 orthodoxos,
1323 5259 1472 5328 ipsos
1512 5260 1892 5313 exhaaredandi
1930 5259 2007 5311 fa-

429 5351 688 5404 cultatem
722 5351 904 5406 habet.
931 5350 1084 5415 Quod
1114 5351 1159 5405 si
1191 5366 1220 5404 e
1251 5351 1467 5405 diverso
1497 5365 1693 5419 parens
1725 5350 2007 5403 lnercticns

432 5444 524 5502 sit,
555 5459 659 5496 non
686 5444 845 5509 alios,
881 5459 1043 5512 quam
1078 5442 1415 5497 orthodoxos
1446 5444 1606 5506 lilios,
1645 5452 1737 5495 aut
1772 5442 1853 5495 his
1892 5456 1997 5493 non

432 5534 858 5589 subsistentibus
887 5536 1221 5590 orthodoxos
1264 5543 1554 5604 cognatos,
1595 5534 1834 5588 haeredcs
1864 5532 2000 5585 scri-

2098 4536 2440 4604 διαδὲχεται·
2499 4534 2639 4587 διάτ.
2686 4532 2770 4597 ιθ’,
2824 4535 2875 4586 ot
2928 4534 3195 4604 αἰρετικοὶ
3252 4532 3348 4586 τοῦ
3396 4527 3656 4601 αἱρετικοῦ

2103 4627 2309 4689 παῖδες,
2344 4624 2467 4678 οὔτε
2482 4625 2688 4696 δωρεὰν
2719 4623 2842 4678 οὔτε
2866 4626 3065 4696 κλῆρον
3092 4625 3260 4678 αὐτοῦ
3296 4624 3619 4694 λαμϐάνουσι
3640 4633 3653 4647 ·

2103 4715 2241 4767 διάτ.
2273 4712 2376 4783 κβ’,
2409 4712 2532 4766 οὒτε
2564 4713 2671 4766 ἀπὸ
2698 4714 3096 4783 στρατιωτικῆς
3146 4713 3411 4785 διαθήκης
3466 4710 3662 4769 αἰρετι-

2106 4806 2198 4868 κδς
2223 4805 2546 4875 κληρονομεῖ
2573 4804 2604 4875 ἢ
2636 4806 2869 4875 ληγάτον
2894 4805 3180 4877 λαμϐάνει.

2190 5078 2254 5131 Ἦ
2283 5078 2338 5130 δὲ
2367 5078 2466 5140 τὰς
2496 5078 2673 5141 αἰτίας
2706 5078 2813 5131 τῶν
2859 5077 3273 5147 ἐξερεδατιόνων
3300 5080 3564 5133 τάττουσα
3587 5077 3647 5145 ρβ

2108 5174 2277 5241 νεαρά
2302 5187 2483 5239 φησιν,
2500 5168 2581 5220 ὅτι
2605 5167 2729 5223 Ἐὰν
2756 5171 2947 5237 γονεὺς
2969 5170 3247 5240 ὀρθόδοξος
3280 5170 3376 5234 ὢν,
3420 5168 3661 5235 αἴσθηται

2107 5263 2233 5325 τοὺς
2280 5262 2443 5324 ἰδίους
2496 5262 2688 5323 παῖδας
2761 5260 2833 5330 μὴ
2895 5262 3054 5323 ὄντας
3099 5261 3434 5332 ὀρθοδόξους,
3491 5258 3665 5313 ἄδειαν

2110 5350 2221 5419 ἔχει
2257 5352 2428 5402 ποιεῖν
2450 5350 2645 5411 αὐτοὺς
2678 5350 3152 5420 ἀποκληρονόμους
3179 5368 3192 5381 ·
3238 5352 3287 5403 εἰ
3338 5349 3395 5401 δὲ
3450 5349 3664 5401 τούναν-

2106 5442 2219 5493 τίον
2248 5442 2275 5492 ὀ
2301 5441 2489 5507 γονεύς
2541 5443 2686 5492 ἐστιν
2735 5442 3028 5509 αἱρετικὸς,
3063 5442 3137 5512 μὴ
3155 5440 3323 5509 ἐχέτω
3370 5439 3548 5493 ἄδειαν
3580 5434 3664 5489 ἁλ-

2106 5532 2230 5597 λους
2254 5531 2486 5601 γράφειν
2533 5532 2920 5603 κληρονόμους,
2969 5534 3018 5585 εἰ
3075 5532 3149 5603 μὴ
3190 5531 3314 5595 τοὺς
3359 5528 3659 5600 όρθοδόξους

506 5689 617 5758 (25)
655 5686 876 5745 νείατος
908 5689 1029 5745 libri
1069 5702 1121 5746 et
1154 5691 1446 5756 editiones,
1480 5699 1832 5752 sacramenta,
1863 5688 2004 5758 quod
2042 5696 2187 5743 certe
2219 5688 2412 5745 melius
2444 5698 2544 5744 cst.
