3766 6198
96 247 218 310 83B

907 236 1309 306 SYNTAGMA
1340 242 1728 303 CANONUM.
1758 266 1826 274 ·-
1854 242 2002 303 ΤΙΤ.
2041 244 2115 318 Χ,
2156 245 2312 307 CAP.
2348 247 2515 309 VIII.

3268 252 3373 313 834

95 360 312 424 παῖδας
329 358 393 430 ’ἢ
417 358 492 429 μὴ
509 359 678 413 ὄντων
730 357 933 423 αὐτῶν,
966 358 1249 423 συγγενεῖς
1270 355 1582 425 ὀρθοδόξους
1606 374 1616 386 ·
1645 357 1691 409 εί

1868 356 1957 410 ndi
1991 356 2303 413 facultatem
2353 358 2576 413 habeto.
2614 357 2722 414 Sed
2781 359 2827 416 si
2862 375 2931 415 ex
2982 359 3170 417 liberis
3200 363 3369 433 aliqui

79 454 160 508 δέ
184 470 335 515 τινες
358 452 467 508 τῶν
494 453 701 506 παίδων
720 451 857 505 είσὶν
874 449 1165 521 ὁρθόδοξοι,
1193 449 1331 512 τινὲς
1353 449 1410 501 δὲ
1435 448 1517 514 οὓ,
1547 450 1580 520 ἠ
1601 451 1692 502 οῦ-

78 544 192 597 σία
224 545 309 606 είς
343 544 472 607 τοὺς
514 544 830 615 ὀρθοδόξους
889 542 1131 613 ἔρχεται,
1168 541 1273 594 κᾶν
1318 542 1346 592 6
1379 541 1562 611 πατὴρ
1591 540 1689 594 ἀλ-

75 634 229 699 λους
260 634 471 707 ἔγραψε
508 635 886 706 κληρονόμους
909 650 922 664 ·
952 635 1001 686 εί
1037 633 1094 687 δὲ
1122 631 1267 703 μετά
1302 633 1473 685 ταῦτα
1500 634 1551 684 οί
1602 634 1687 685 αί-

85 727 320 797 ρετικοὶ
385 726 610 795 ἀδελφοὶ
681 725 953 797 ὀρθόδοξοι
1026 725 1313 794 γένωνται,
1361 725 1563 777 δίδοται
1628 725 1691 778 τὸ

79 819 297 889 αίροῦν
330 819 515 881 αὐτοῖς
550 819 737 889 μέρος,
762 819 821 870 οὐ
849 818 954 889 μὴν
974 819 1066 871 καὶ
1087 820 1135 871 οί
1161 817 1524 888 προλαϐόντες
1552 834 1690 888 καρ-

82 912 227 973 ποὶ,
254 908 384 963 οὔτε
413 910 608 977 λόγους
633 909 923 963 ἀπαιτοῦσι
975 909 1074 978 τῆς
1138 909 1457 976 διοικήσεως
1475 924 1490 938 °
1550 908 1689 971 τέως

77 1001 156 1055 δὲ
197 1002 268 1056 τὰ
299 1002 606 1073 πράγματα
645 1003 692 1055 οἱ
728 1000 1002 1071 ὀρθόδοξοι
1036 1002 1274 1053 ὲκποιεῖν
1296 1001 1356 1053 οὐ
1388 1000 1647 1054 δύνανται
1673 1016 1686 1032 ·

78 1095 144 1148 εί
184 1093 293 1164 μέν
338 1111 420 1147 τοι
476 1094 638 1165 μέχρι
685 1092 943 1163 τελευτῆς
984 1092 1304 1163 ὲπιμείνωσι
1365 1094 1431 1163 τῇ
1489 1091 1687 1163 πλάνῃ,

83 1185 295 1255 πλήρη
328 1186 425 1256 τὴν
448 1184 765 1237 δεσποτείαν
799 1184 1034 1238 κτῶνται
1083 1186 1133 1236 οἱ
1178 1182 1446 1255 ὀρθόδοξοι
1502 1183 1596 1235 καὶ
1639 1182 1689 1234 οἱ

82 1279 470 1349 κληρονόμον
509 1279 559 1330 εί
595 1278 650 1331 δὲ
677 1277 878 1340 πάντες
907 1276 957 1329 οί
1008 1277 1198 1339 παῖδες
1237 1276 1499 1346 αἱρετικοί
1529 1277 1687 1343 εἰσιν,

86 1371 385 1437 ὀρθόδοξοι
431 1372 715 1437 συγγενεῖς
766 1368 1197 1438 κληρονομοῦσιν
1224 1384 1235 1395 ·
1265 1368 1391 1420 είδὲ
1439 1366 1513 1438 μὴ
1559 1368 1687 1431 είσὶ,

80 1462 251 1526 τέττε,
302 1462 352 1513 εί
400 1462 498 1531 μὲν
530 1458 781 1531 κληρικοί
815 1460 954 1511 είσιν
1008 1461 1057 1511 οἱ
1094 1461 1293 1527 γονεῖς,
1326 1461 1359 1529 ἡ
1393 1459 1691 1527 Ἐκκλησία

82 1553 205 1620 τῆς
246 1554 461 1616 πόλεως
509 1555 567 1607 ὲν
610 1547 772 1624 ᾖτὴν
821 1553 1033 1621 οίκησιν
1092 1547 1260 1622 εἶχον,
1298 1552 1564 1621 λαμϐάνει
1622 1552 1692 1605 τὰ

85 1644 416 1715 πράγματα
444 1660 457 1673 ·
513 1645 563 1696 εί
620 1643 677 1695 δὲ
727 1644 776 1695 oi
833 1643 1279 1713 ἑκκλησιαστικοὶ
1352 1643 1419 1695 δι’
1438 1644 1685 1697 ἐνιαυτοῦ

1793 447 1904 501 sint
1929 448 2244 509 orthodoxi,
2283 448 2453 519 aliqui
2490 464 2621 505 vero
2649 465 2760 505 non
2794 469 2808 505 :
2843 452 3152 507 substantia
3182 454 3249 507 ad
3280 468 3371 507 or-

1793 539 2069 595 thodoxos
2096 542 2343 610 pervenit
2370 560 2383 594 :
2414 542 2630 596 tametsi
2674 553 2826 611 pater
2847 544 2986 598 alios
3015 542 3226 616 [etiam]
3258 545 3369 599 hae-

1790 631 1947 685 redes
1977 631 2279 701 scripserit.
2310 631 2366 687 Si
2391 648 2516 687 vero
2535 636 2883 703 postmodum
2910 635 3150 690 hmretiei
3174 636 3373 692 fratres

1790 720 2081 775 orthodoxi
2131 720 2279 785 ﬁant,
2314 722 2476 776 datur
2510 722 2642 791 ipsis
2674 736 2987 792 competens
3012 717 3189 794 portio
3220 742 3233 778 :
3262 740 3371 778 non

1791 820 1973 866 autem
2002 812 2166 883 350
2186 813 2349 867 etiam
2383 815 2640 883 prieteriti
2671 814 2882 870 fructus
2919 832 3094 885 neque
3132 816 3372 870 admini-

1791 906 2077 961 strationis
2108 907 2354 961 rationes
2374 906 2621 975 exigunt.
2652 906 2871 963 Interim
2905 920 3084 964 tamen
3125 927 3210 965 res
3238 910 3374 982 [bay

1742 1052 1751 1065 ,
1790 995 2101 1069 reditarias]
2135 998 2427 1053 orthodoxi
2455 999 2696 1052 alienare
2723 1015 2829 1053 non
2861 1010 3105 1069 possunt.
3139 1001 3207 1055 At
3228 1003 3273 1056 si
3304 1003 3371 1055 ad

1790 1096 2024 1143 mortem
2052 1104 2228 1159 usque
2259 1089 2315 1142 in
2340 1103 2532 1143 errore
2561 1092 2984 1158 permanserint,
3013 1094 3233 1162 plenum
3277 1096 3374 1147 do-

1792 1180 2021 1232 minium
2044 1181 2338 1234 orthodoxi
2387 1178 2734 1253 [eorumque]
2772 1183 3015 1240 hzeredes
3056 1185 3371 1255 acquirunt.

1790 1269 1959 1325 Plane
1984 1271 2032 1325 si
2071 1285 2262 1325 omnes
2295 1271 2450 1325 liberi
2492 1272 2735 1327 haeretici
2767 1275 2898 1339 sint,
2933 1277 3148 1345 cognati
3183 1278 3376 1330 ortho-

1792 1362 1924 1416 doxi
1958 1362 2201 1417 haeredes
2236 1363 2392 1418 ﬁunt.
2419 1363 2523 1429 Qui
2554 1366 2601 1420 si
2628 1366 2761 1419 nulli
2790 1367 2922 1429 sint,
2957 1374 3071 1420 tum
3118 1368 3162 1423 si
3192 1368 3375 1422 clerici

1790 1462 2044 1523 parentes
2090 1452 2315 1519 fuerint,
2343 1456 2585 1511 Ecclesia
2610 1456 2848 1511 civitatis
2868 1498 2883 1522 ,
2920 1457 2972 1510 in
3008 1472 3115 1527 qua
3143 1458 3375 1511 domici-

1791 1546 1924 1599 lium
1960 1546 2295 1607 habuerunt,
2333 1547 2619 1602 facultates
2671 1548 2921 1617 percipit.
2968 1548 3075 1604 Sed
3129 1550 3175 1604 si
3205 1551 3379 1605 eccle-

1791 1638 2002 1692 siastici
2064 1639 2205 1692 intra
2259 1654 2462 1693 annum
2512 1639 2635 1694 illas
2683 1641 2965 1695 vindicare
3018 1644 3378 1712 neglexerint,

86 1714 451 1804 ἀμελήσουσι
504 1733 845 1803 διεκδικῆσαι
896 1735 962 1785 τὶι
1042 1734 1365 1803 πράγματα.
1408 1736 1437 1786 6
1495 1735 1684 1802 φίσκος

1866 1728 1937 1796 pit
1966 1741 2059 1783 eas
2088 1728 2273 1783 ﬁscus.
2300 1729 2368 1782 At
2398 1729 2440 1783 si
2472 1729 2595 1784 laici
2629 1729 2851 1795 fuerint,
2896 1733 3010 1787 sive
3055 1735 3234 1787 testati
3268 1734 3380 1788 sint

87 1828 248 1879 αὐτὰ
278 1825 588 1895 λαμϐάνει·
618 1826 667 1877 εί
710 1826 767 1877 δὲ
828 1824 1005 1879 λαῖκοί
1036 1826 1194 1891 είσιν,
1245 1827 1273 1878 6
1316 1826 1507 1894 φίσκος
1548 1827 1691 1880 αὐτὰ

87 1918 402 1989 λαμϐάνει,
432 1920 541 1971 εἴτε
565 1918 802 1971 διέθεντο
825 1919 937 1971 εἴτε
959 1918 1067 1987 μή·
1089 1916 1159 1970 τὰ
1183 1918 1321 1971 αὐτά
1360 1920 1569 1987 κρατεῖ,
1595 1919 1691 1971 ἐὰν

87 2012 122 2062 6
164 2013 301 2073 παῖς
363 2009 641 2081 όρθόδοξος
673 2008 768 2075 ὣν,
818 2008 1074 2077 αἴσθηται
1104 2010 1231 2071 τοὺς
1265 2013 1445 2076 γονεῖς
1478 2012 1690 2079 αίρετι-

90 2103 262 2165 θεοὺς,
297 2102 425 2155 ὅταν
460 2101 624 2163 αὐτὸς
652 2102 680 2152 ὁ
702 2103 831 2163 παῖς
865 2100 1226 2171 διατίθηταιῆ
1259 2099 1687 2170 κληρονομῆται.

191 2190 257 2242 Ἥ
294 2196 339 2243 α’
377 2191 504 2259 περὶ
536 2188 643 2241 τῶν
676 2187 1057 2258 Σαμαρειτῶν,
1122 2187 1351 2257 δευτέρα
1408 2187 1543 2241 οὖσα
1598 2188 1690 2241 τοῦ

87 2283 214 2335 τίτ.
249 2281 345 2334 τοῦ
364 2280 412 2349 γ’
437 2280 546 2334 τῶν
566 2280 817 2350 Νεαρῶν,
844 2280 1187 2350 συνεχώρησε
1203 2281 1327 2343 τοὺς
1350 2280 1690 2350 Σαμαρείτας

90 2374 412 2442 λαμϐάνειν
441 2371 651 2442 δωρεὰς
681 2372 773 2424 καὶ
806 2373 869 2424 ἐκ
925 2372 1221 2441 διαθηκῶν,
1251 2373 1343 2425 καὶ
1369 2372 1569 2425 διδόναι
1599 2373 1693 2424 καὶ

92 2464 512 2536 παραπέμπειν
547 2463 921 2533 Σαμαρείταις
941 2464 1119 2517 αὐτῶν
1153 2464 1313 2518 παισὶ
1348 2464 1444 2518 καὶ
1474 2463 1692 2532 γονεῦσι

91 2557 205 2610 καὶ
224 2555 544 2623 συγγενέσιν
566 2571 580 2586 ο
604 2556 637 2624 ἡ
678 2555 776 2624 μέν
803 2570 886 2607 τοι
934 2555 1221 2609 τελευταία
1266 2554 1395 2627 περὶ
1424 2557 1693 2625 Σαμαρει-

90 2646 242 2711 τῶν,
274 2644 322 2713 1'
346 2641 479 2698 οὖσα
510 2644 604 2698 τοῦ
631 2643 677 2710 γ’
707 2645 810 2699 τίτ.
838 2645 946 2698 τῶν
993 2646 1225 2718 Νεαρῶν
1264 2665 1427 2717 φησιν
1448 2689 1463 2713 ,
1494 2648 1599 2713 ὅτι,
1628 2649 1692 2701 Οί

93 2738 455 2807 Σαμαρεῖται
513 2737 575 2789 οὐ
623 2735 1053 2806 κληρονομοῦσι-ι
1105 2739 1170 2791 ὲκ
1223 2738 1488 2810 διαθήκης
1540 2739 1574 2809 ἢ
1634 2739 1693 2804 ἐξ

93 2828 417 2892 ὰδιαθέτου,
476 2826 599 2881 οὔτε
670 2828 883 2899 ληγᾶτα
938 2828 971 2898 ἢ
1018 2829 1227 2898 δωρεὰς
1290 2829 1689 2898 λαμϐάνουσινο

92 2921 223 2976 ἀλλ’
251 2920 374 2975 οὔτε
394 2921 666 2991 διαδόχους
697 2921 909 2986 ἕξουσιν
937 2922 996 2985 ἐξ
1019 2922 1296 2991 ἀδιαδόχου
1329 2923 1691 2994 Σαμαρείτας,

93 3013 141 3082 ἤ
176 3013 685 3083 σχηματιζομένους
718 3013 816 3083 μὲν
866 3013 989 3076 τοὺς
1019 3013 1355 3083 ὀρθοδόξους,
1412 3017 1511 3085 οὐχ
1552 3014 1694 3067 οὕτω

95 3106 163 3158 δὲ
198 3105 568 3174 φρονοῦντας·
625 3103 751 3158 οὕτε
800 3104 857 3157 δὲ
909 3105 1244 3160 διατίθεσθαι
1310 3108 1343 3176 ἢ
1378 3106 1689 3178 δωρεῖσθαι,

101 3199 158 3249 εί
193 3197 270 3268 μὴ
306 3199 420 3261 τοῖς
452 3196 753 3266 ὀρθοδόξοις
788 3196 882 3250 καὶ
943 3198 1125 3251 πίστει
1178 3199 1273 3252 καὶ
1320 3199 1502 3268 ἔργοις
1528 3215 1542 3230 ο
1572 3199 1697 3253 τού-

102 3304 220 3339 των
252 3286 310 3339 δὲ
339 3287 416 3356 μὴ
442 3285 631 3351 ὄντων,
667 3289 722 3339 αἱ
761 3286 941 3340 οὐσίαι
997 3287 1137 3357 μετά
1179 3288 1407 3341 θάνατον
1464 3290 1542 3351 είς
1604 3291 1695 3343 τὸν

105 3375 312 3443 φίσκον
342 3374 592 3444 ἔρχονται
614 3391 627 3404 ·
657 3376 707 3427 οί
755 3375 811 3429 δὲ
862 3377 965 3445 γῆν
1015 3376 1475 3447 διαγεωργοῦντες
1510 3380 1697 3449 Σαμα-

112 3467 317 3536 ρεῖται,
354 3465 609 3519 δύνανται
636 3466 870 3537 γράφειν
900 3468 1273 3539 κληρονόμους
1330 3470 1578 3535 ἀνιόντας
1602 3472 1697 3524 καὶ

108 3558 403 3621 κατιόντας
437 3558 641 3622 αὐτῶν,
674 3560 770 3612 καὶ
796 3559 1118 3630 ληγατεύειν
1173 3563 1354 3624 αὐτοῖς
1382 3564 1474 3615 καὶ
1499 3566 1611 3626 τοῖς
1634 3565 1697 3616 ὲκ

109 3650 372 3718 πλαγίου,
396 3646 499 3702 κᾶν
525 3644 627 3704 ὦσι
645 3651 981 3722 Σαμαρεῖται
1007 3667 1021 3682 ο
1067 3651 1273 3705 τούτων
1311 3652 1367 3704 δὲ
1404 3654 1477 3723 μὴ
1504 3654 1693 3722 ὄντων,

106 3746 136 3796 6
172 3741 270 3794 τοῦ
304 3740 506 3811 χωρίου
535 3740 820 3812 δεσπότης,
846 3744 903 3794 ἐν
930 3736 975 3810 ᾧ
1005 3741 1266 3814 ἐγεώργει
1296 3746 1322 3796 6
1345 3745 1693 3815 τελευτήσας,

106 3833 210 3903 τὴν
250 3832 444 3885 οὐσίαν
478 3830 764 3901 λαμϐάνει,
813 3832 907 3885 τὸν
944 3832 1108 3886 τόπον
1136 3835 1193 3886 ὲν
1248 3832 1423 3905 τούτῳ
1478 3834 1573 3887 τοῦ
1607 3838 1697 3904 (pit

106 3942 243 3978 σκου
276 3924 510 3993 ἐπέχων.

189 4015 259 4067 Ἦ
288 4014 345 4067 δὲ
373 4014 418 4084 γ’
440 4015 579 4070 διάτ.
606 4016 700 4069 τοῦ
736 4014 779 4086 β’
813 4018 919 4072 τίτ.
967 4016 1075 4069 τῶν
1113 4017 1340 4087 Νεαρῶν
1370 4016 1557 4085 λέγει’
1576 4018 1697 4088 Μη-

101 4108 218 4170 δεὶς
250 4109 530 4178 αἱρετικὸς
582 4108 657 4180 μὴ
710 4110 853 4163 κατὰ
908 4110 1232 4181 μίσθωσινῆ
1283 4109 1693 4181 ὲμφύτευσιν,ῆ

103 4199 415 4269 ἁγορασίαν
444 4199 672 4270 ἢὲτέρῳ
702 4201 891 4271 τρόπῳ
944 4201 1176 4271 ἀκίνητα
1227 4202 1528 4271 πράγματα
1562 4201 1699 4271 λαμ-

106 4293 327 4346 ϐανέτω
359 4294 468 4347 ἀπὸ
510 4294 860 4366 Ἐκκλησίας,
889 4296 922 4366 ἢ
968 4295 1128 4349 ἄλλου
1164 4295 1461 4367 σεϐασμίου
1486 4296 1653 4349 τόπου
1678 4312 1694 4327 ·

1794 1818 1911 1872 sive
1940 1822 2091 1882 non,
2141 1817 2432 1873 facultates
2460 1819 2629 1874 ﬁscus
2668 1823 2832 1889 capit.
2871 1822 3071 1876 Eadem
3108 1825 3377 1891 obtinent,

1794 1912 1841 1965 si
1874 1910 2020 1965 ﬁlius
2049 1911 2388 1965 orlhodoxus
2419 1921 2673 1982 parentes
2726 1914 3019 1969 haereticos
3054 1914 3217 1987 [esse]
3251 1934 3377 1970 sen-

1795 2002 1913 2067 tiat,
1949 2002 2169 2071 quando
2195 2001 2489 2075 [videlicet]
2514 2005 2629 2074 ipse
2659 2013 3043 2060 testamentum
3073 2007 3221 2069 facit,
3266 2010 3380 2063 sive

1794 2094 2134 2150 succeditur.

1865 2184 2054 2241 Const.
2090 2186 2157 2240 de
2199 2184 2566 2242 Samaritanis
2599 2190 2649 2255 ί,
2680 2206 2802 2259 quae
2824 2190 2857 2242 ‘2
2883 2200 2965 2244 est
2996 2191 3079 2245 tit.
3118 2192 3151 2245 ὅ
3176 2191 3379 2247 Νονοισ

1794 2276 1993 2340 larum,
2012 2278 2263 2346 permisit
2285 2277 2646 2335 Samaritanis
2667 2294 2780 2336 tum
2806 2299 2871 2335 ex
2896 2284 3189 2338 donatione
3214 2296 3380 2354 atque

1793 2376 2121 2424 testamento
2151 2386 2365 2441 capere,
2397 2382 2509 2426 tum
2550 2374 2776 2440 donare,
2810 2387 2863 2428 et
2892 2376 2960 2430 ad
2992 2377 3193 2432 libetos
3224 2394 3376 2443 suos,

1792 2470 2072 2530 parentes,
2105 2474 2371 2534 cognatos
2392 2463 2769 2521 Samaritanos
2801 2470 3189 2523 transmittere.
3218 2472 3288 2524 At
3312 2472 3381 2524 de

1795 2549 2161 2605 Samaritanis
2196 2553 2295 2605 ult.
2326 2568 2449 2621 quae
2483 2564 2565 2608 est
2594 2554 2646 2617 5,
2685 2554 2769 2607 tit.
2799 2555 2832 2608 ὅ
2865 2552 3211 2607 Νυνριιιηυιιι
3238 2596 3253 2620 ,
3295 2554 3381 2607 di-

1794 2640 2274 2696 cit:Samaritani
2337 2658 2405 2697 ex
2466 2651 2791 2698 testamento
2843 2655 2938 2698 aut
2998 2645 3067 2699 ab
3124 2647 3379 2701 intestato

1795 2734 2039 2789 hzeredes
2072 2750 2179 2787 non
2216 2734 2374 2797 ﬁunt,
2408 2751 2584 2805 neque
2629 2737 2801 2806 legata
2853 2738 3252 2798 donationesve
3282 2754 3380 2792 ca-

1796 2827 1953 2895 piunt
1989 2842 2003 2878 :
2032 2826 2124 2880 sed
2148 2841 2245 2880 nec
2276 2824 2676 2891 Samaritanos,
2704 2839 2795 2881 aut
2821 2829 2915 2899 qui
2957 2829 3294 2883 ortltodoxos
3322 2844 3382 2884 se

1798 2917 2101 2983 simulant,
2154 2934 2263 2972 non
2311 2919 2384 2972 ita
2430 2931 2613 2973 autem
2663 2921 2950 2986 sentiunt,
3007 2921 3076 2975 ab
3126 2921 3382 2975 intestato

1798 3023 2145 3063 successores
2197 3008 2493 3065 habebunt.
2542 3008 2727 3079 Neque
2762 3009 2933 3082 [vero]
2994 3021 3379 3066 testamentum

1798 3100 2005 3155 faciunt
2041 3109 2134 3154 aut
2167 3101 2369 3170 legant,
2416 3112 2510 3153 ant
2546 3101 2773 3166 donant,
2828 3104 2930 3157 nisi
2975 3106 3297 3157 orthodoxis
3330 3113 3383 3157 et

1796 3195 1902 3248 ﬁde
1934 3204 1988 3248 et
2030 3194 2288 3263 operibus
2320 3212 2332 3248 :
2368 3194 2568 3264 quibus
2600 3210 2709 3248 non
2748 3196 3201 3265 subsistentibus,
3237 3198 3381 3251 bona

1798 3295 1921 3357 post
1971 3299 2206 3341 mortem
2270 3288 2336 3341 ad
2382 3287 2572 3341 ﬁscum
2607 3293 2949 3358 perveniunt.
2987 3290 3254 3344 Caeterum
3290 3290 3385 3360 qui

1800 3377 2128 3432 Samaritani
2183 3385 2358 3432 terras
2392 3379 2613 3443 colunt,
2672 3388 2926 3449 parentes
2962 3392 3127 3451 atque
3174 3380 3383 3437 liberos

1797 3486 1929 3526 suos
1966 3471 2209 3525 haeredes
2241 3471 2503 3536 scribere,
2541 3481 2706 3541 atque
2742 3474 2873 3543 ipsis
2894 3484 2948 3528 et
2973 3489 3038 3527 ex
3071 3456 3385 3531 transverso

1799 3560 2124 3636 [cognatis],
2165 3565 2380 3618 tametsi
2401 3564 2733 3619 Samaritani
2769 3569 2901 3632 sint,
2928 3568 3107 3637 legare
3131 3579 3380 3637 possunt.

1799 3656 1955 3722 Quod
1995 3656 2039 3711 si
2066 3656 2257 3710 horum
2287 3656 2469 3711 nullus
2501 3656 2591 3721 sit,
2638 3658 2825 3727 praedii
2857 3659 2909 3712 in
2944 3674 3054 3729 quo
3082 3659 3240 3730 351
3287 3660 3385 3714 de-

1802 3743 2021 3799 functus
2046 3746 2474 3815 agriculabatur,
2508 3746 2768 3801 dominus
2796 3749 3158 3803 substantiam
3195 3751 3340 3821 capit
3366 3768 3381 3805 :

1800 3834 2026 3907 [quippe
2065 3835 2182 3908 qui]
2232 3837 2406 3903 ricem
2437 3838 2553 3893 ﬁsci
2600 3838 2655 3892 in
2698 3839 2801 3893 hoc
2828 3840 3092 3895 obtineat.

1868 4021 2105 4076 Constit.
2137 4022 2189 4087 5,
2218 4021 2299 4076 tit.
2323 4022 2358 4074 ‘2
2382 4020 2733 4076 Novellarum
2766 4022 2899 4077 dicit
2930 4042 2941 4076 :
2975 4023 3168 4078 Nullus
3213 4025 3384 4081 Incre-

1800 4116 1938 4168 ticus
1971 4130 2064 4183 per
2088 4115 2512 4167 conductionem
2547 4123 2639 4167 aut
2667 4116 3089 4185 empltyteusim,
3124 4126 3219 4169 aut
3266 4134 3384 4170 eni-

1802 4208 2067 4277 ptionem,
2087 4214 2181 4258 aut
2208 4204 2313 4259 alio
2345 4206 2509 4259 modo
2538 4206 2603 4258 ab
2632 4207 2868 4259 Ecclesia
2892 4208 3065 4261 aliove
3087 4210 3384 4263 venerabili

1800 4299 1928 4351 loco
1954 4310 2043 4350 res
2076 4295 2384 4349 immobiles
2423 4296 2622 4364 capite.
2660 4296 2876 4363 Alioqui
2930 4298 3217 4354 haereticus
3262 4316 3386 4368 qua:

105 4384 237 4436 ἐπεὶ
260 4387 291 4436 6
315 4384 416 4453 μὲν
442 4385 718 4455 αίρετικὸς
748 4386 817 4439 τὰ
866 4386 1000 4457 παρ’
1026 4386 1192 4439 αὑτοῦ
1246 4386 1465 4441 δοθέντα
1492 4388 1584 4439 ἐπὶ
1628 4389 1693 4458 τῇ

1866 4403 1908 4442 ιο
1945 4386 2013 4442 de
2041 4403 2206 4443 causa
2243 4387 2411 4450 dedit,
2442 4386 2719 4439 amittito:
2757 4403 2846 4441 res
2880 4397 3062 4443 autem
3094 4391 3157 4443 ad
3203 4392 3384 4445 locum

103 4475 341 4550 τοιαύτῃ
365 4478 513 4549 αίτίᾳ
527 4479 832 4543 ἀπολλύτω,
854 4480 914 4533 τὸ
932 4480 989 4533 δὲ
1032 4482 1264 4551 πρᾶγμα
1282 4480 1699 4551 ὲπανατρεχέτω

106 4574 189 4637 εἰς
215 4572 311 4625 τὸν
343 4572 510 4625 τόπον
529 4574 588 4640 ἐξ
624 4568 686 4628 οὗ
720 4573 913 4645 ἐδόθη⁹
936 4577 964 4628 6
1013 4574 1070 4628 δὲ
1128 4574 1376 4638 δεδωκὼς
1421 4574 1699 4646 διοικητὴς

107 4665 362 4736 εἴργεται
387 4663 482 4717 τοῦ
514 4664 704 4718 λοιποῦ
740 4666 924 4735 πάσης
959 4666 1057 4735 τῆς
1098 4665 1442 4734 διοικήσεως,
1479 4668 1571 4717 κοιλ⁸
1598 4682 1698 4733 μο-

108 4757 395 4825 ναστηρίῳ
424 4754 779 4824 ἐμϐάλλεται,
826 4757 921 4807 καὶ
977 4755 1070 4805 ἐπὶ
1127 4754 1370 4807 ἐνιαυτὸν
1406 4755 1502 4823 τῆς
1535 4754 1699 4821 ἁγίας

108 4846 407 4910 κοινωνίας
434 4846 730 4917 χωρίζεται
769 4863 782 4876 ·
821 4848 855 4915 ἡ
898 4844 1038 4916 αὑτὴ
1092 4845 1149 4897 δὲ
1197 4845 1338 4899 διάτ.
1372 4845 1556 4915 φησὶν,
1593 4844 1696 4909 ὅτι,

124 4942 254 4996 Ἐάν
286 4956 370 5003 τις
401 4939 511 4993 τῶν
535 4938 848 5011 αἱρετικῶν,
883 4934 964 5000 οἷς
1015 4938 1475 5007 συναριθμοῦνται
1503 4936 1704 4990 Νεστο-

116 5034 294 5105 ριανοὶ
321 5032 417 5085 καὶ
444 5031 866 5100 Εὐτυχιανισταὶ
921 5029 1017 5082 καὶ
1074 5028 1385 5096 Ἀκέφαλοι,
1438 5027 1701 5098 τολμήσοι

113 5123 467 5192 καταγώγιον
492 5123 591 5193 τῆς
612 5123 748 5184 ίδίας
772 5121 1069 5190 θρησκείας
1110 5124 1355 5192 ποιῆσαι,
1388 5119 1422 5190 ἢ
1459 5120 1700 5172 Ἰουδαῖοι

113 5218 242 5270 νέαν
273 5215 621 5285 συναγωγὴν,
682 5214 967 5267 ἐκδικείτω
1002 5212 1167 5265 ,αὑτά
1210 5214 1243 5283 ἡ
1299 5212 1620 5281 Ἐκκλησίαν
1653 5212 1702 5263 εί

114 5312 173 5365 δὲ
196 5309 581 5378 ὲνεφύτευσεν,
615 5308 649 5380 ἢ
683 5307 1010 5376 ἐμίσθωσεν,
1040 5306 1073 5376 ἢ
1108 5304 1358 5359 ὁπωσοῦν
1383 5308 1462 5368 εἰς
1499 5305 1703 5373 διοίκη-

118 5420 202 5457 σιν
220 5403 428 5457 δέδωκε
446 5400 673 5470 τοιούτῳ
698 5397 1001 5469 προσώπῳ,
1020 5399 1067 5449 εί
1093 5396 1192 5467 μὲν
1214 5397 1371 5461 εἰδὼς
1391 5399 1419 5450 6
1438 5395 1703 5465 δεσπότης

119 5493 400 5566 αἱρετικὸς
436 5493 642 5563 ἔπραξε
716 5490 902 5556 τοῦτο,
930 5492 1111 5553 πάσας
1138 5489 1237 5552 τὰς
1269 5486 1567 5560 προσόδους
1610 5485 1705 5538 τοῦ

121 5588 316 5658 χρόνου
346 5585 441 5639 τοῦ
472 5585 917 5654 συναλλάγματος
952 5586 986 5654 ἡ
1017 5580 1315 5653 Ἐκκλησία
1342 5580 1439 5648 τῆς
1470 5578 1698 5641 πόλεως,

123 5678 207 5747 ὑφ’
239 5678 309 5749 ἢν
342 5678 377 5747 ἠ
408 5676 601 5747 κτῆσις
626 5675 918 5742 διάκειται,
946 5675 1155 5729 ἐκδικεῖ
1178 5691 1189 5703 ·
1222 5671 1506 5743 ἀγνοοῦντι
1542 5670 1598 5724 δὲ
1627 5670 1701 5739 τῷ

1799 4498 1864 4537 ex
1899 4496 2011 4551 quo
2039 4480 2165 4534 data
2205 4488 2289 4534 est
2340 4478 2609 4533 recurrite
2646 4496 2661 4533 :
2694 4479 3042 4549 dispensator
3075 4494 3255 4537 autem
3288 4485 3382 4554 qui

1801 4573 1948 4627 dedit
1974 4573 2041 4627 de
2074 4581 2272 4626 caetero
2322 4586 2352 4625 a
2388 4571 2797 4640 dispensatione
2830 4582 3063 4637 arcetur,
3092 4585 3145 4629 et
3178 4574 3230 4627 in
3258 4591 3383 4629 mo-

1805 4664 2103 4718 nasterium
2142 4663 2456 4732 conjicitor,
2511 4672 2563 4717 ct
2590 4678 2685 4732 per
2727 4679 2928 4717 annum
2955 4680 2983 4718 a
3015 4676 3200 4720 sancta
3228 4682 3382 4720 com-

1803 4754 2063 4809 munione
2094 4763 2428 4824 segrcgator.
2463 4752 2672 4808 Rursus
2695 4756 2884 4807 eadem
2915 4758 3133 4809 eonstit.
3167 4758 3243 4811 ait
3277 4776 3290 4811 :
3325 4756 3382 4811 Si

1804 4849 1928 4917 quis
1966 4847 2372 4911 haereticorum,
2393 4847 2594 4916 quibus
2621 4859 3090 4902 connumerantur
3107 4847 3383 4904 Nestoria-

1803 4939 1882 5003 ni,
1935 4937 2392 5007 Eutychianistm,
2451 4945 2505 4990 et
2541 4938 2801 5007 Acephali
2830 4977 2845 5001 ,
2885 4939 3199 5006 speluncam
3241 4940 3384 4992 ausit

1802 5029 2085 5097 religionis
2127 5043 2238 5081 suae
2270 5027 2629 5091 exaediﬁcare,
2664 5040 2755 5081 aut
2784 5026 2951 5081 Judaei
2982 5044 3171 5081 novam
3204 5028 3381 5099 Syna-

1805 5137 1994 5190 gogam
2028 5129 2311 5173 exstruere
2348 5138 2360 5174 :
2397 5123 2510 5175 haec
2530 5116 2771 5174 Ecclesia
2805 5120 3095 5173 vindicato.
3132 5122 3183 5171 Si
3212 5118 3381 5193 [quis]

1803 5228 1931 5266 vero
1960 5210 2286 5287 [quippiam]
2318 5212 2625 5281 hujusmodi
2654 5226 2899 5279 personae
2924 5210 2975 5261 in
3000 5210 3380 5279 entplij‘teusin

1802 5304 2035 5368 dederit,
2063 5313 2159 5357 aut
2186 5304 2470 5367 locaverit,
2504 5312 2598 5355 aut
2631 5302 3125 5370 qnomodocunque
3150 5302 3387 5353 admini-

1806 5399 2095 5455 strandum
2135 5400 2471 5453 concesserit
2508 5413 2520 5449 :
2554 5407 2607 5450 et
2634 5396 2851 5465 quidem
2884 5394 3203 5447 haereticum
3234 5395 3387 5447 illum

1807 5492 1974 5565 [esse]
2020 5491 2201 5547 sciens
2266 5492 2319 5546 id
2359 5489 2598 5545 fecerit:
2631 5503 2820 5542 omnes
2872 5487 3082 5542 reditus
3144 5486 3384 5559 quandiu

1806 5595 2122 5641 contractus
2141 5584 2323 5647 durat,
2351 5582 2592 5636 Ecclesia
2627 5578 2887 5646 civitatis,
2911 5578 3013 5633 sub
3037 5595 3145 5648 qua
3172 5593 3389 5649 posses-

1806 5678 1889 5732 sio
1920 5675 2024 5730 sita
2063 5683 2145 5729 est
2170 5713 2184 5739 ,
2249 5672 2486 5727 vindicat
2519 5690 2530 5724 :
2564 5673 2647 5726 sin
2701 5671 2958 5741 ignorans
2982 5707 2999 5737 ,
3050 5670 3259 5726 nullum
3304 5664 3380 5725 illi
