  <div class='ocr_page' id='page_1' title='image "/cluster/home/n/w/nwhite01/storage/ocr_20150623/104 pt.4/mdp.39015061931229/427.png"; bbox 0 0 3904 6220; ppageno 0'>
   <div class='ocr_carea' id='block_1_1' title="bbox 460 181 565 245">
    <p class='ocr_par' dir='ltr' id='par_1_1' title="bbox 460 181 565 245">
     <span class='ocr_line' id='line_1_1' title="bbox 460 181 565 245; baseline 0 -1"><span class='ocrx_word' id='word_1_1' title='bbox 460 181 565 245; x_wconf 87' lang='grc'>835</span> 
     </span>
    </p>
   </div>
   <div class='ocr_carea' id='block_1_2' title="bbox 1640 164 2030 270">
    <p class='ocr_par' dir='ltr' id='par_1_2' title="bbox 1640 189 2030 250">
     <span class='ocr_line' id='line_1_2' title="bbox 1640 189 2030 250; baseline -0.003 -1"><span class='ocrx_word' id='word_1_2' title='bbox 1640 189 1904 250; x_wconf 90' lang='grc' dir='ltr'>ΡΗΟΤΙΙ</span> <span class='ocrx_word' id='word_1_3' title='bbox 1946 190 2030 249; x_wconf 86' lang='grc' dir='ltr'>ΡΑ</span> 
     </span>
    </p>
   </div>
   <div class='ocr_carea' id='block_1_3' title="bbox 2142 164 3681 270">
    <p class='ocr_par' dir='ltr' id='par_1_3' title="bbox 2142 164 3681 270">
     <span class='ocr_line' id='line_1_3' title="bbox 2142 164 3681 270; baseline 0 -21"><span class='ocrx_word' id='word_1_4' title='bbox 2142 188 2454 253; x_wconf 63' lang='lat' dir='ltr'>.IARCHfE</span> <span class='ocrx_word' id='word_1_5' title='bbox 2494 194 2603 256; x_wconf 89' lang='lat' dir='ltr'>CP.</span> <span class='ocrx_word' id='word_1_6' title='bbox 2625 164 2633 170; x_wconf 34' lang='lat'><em>-</em></span> <span class='ocrx_word' id='word_1_7' title='bbox 3591 206 3681 270; x_wconf 74' lang='lat'>335</span> 
     </span>
    </p>
   </div>
   <div class='ocr_carea' id='block_1_4' title="bbox 459 266 2030 385">
    <p class='ocr_par' dir='ltr' id='par_1_4' title="bbox 459 294 2030 370">
     <span class='ocr_line' id='line_1_4' title="bbox 459 294 2030 370; baseline 0.007 -22"><span class='ocrx_word' id='word_1_8' title='bbox 459 295 717 350; x_wconf 83' lang='lat' dir='ltr'><strong>damnum</strong></span> <span class='ocrx_word' id='word_1_9' title='bbox 741 294 981 352; x_wconf 77' lang='lat' dir='ltr'>obvenit.</span> <span class='ocrx_word' id='word_1_10' title='bbox 1018 296 1318 354; x_wconf 73' lang='lat' dir='ltr'><strong><em>Haereticus</em></strong></span> <span class='ocrx_word' id='word_1_11' title='bbox 1345 300 1528 355; x_wconf 81' lang='lat' dir='ltr'><strong><em>autem</em></strong></span> <span class='ocrx_word' id='word_1_12' title='bbox 1553 298 1608 353; x_wconf 90' lang='lat' dir='ltr'>in</span> <span class='ocrx_word' id='word_1_13' title='bbox 1639 309 1872 370; x_wconf 88' lang='lat' dir='ltr'><strong><em>utroque</em></strong></span> <span class='ocrx_word' id='word_1_14' title='bbox 1898 318 2030 359; x_wconf 90' lang='lat' dir='ltr'><strong><em>casu</em></strong></span> 
     </span>
    </p>
   </div>
   <div class='ocr_carea' id='block_1_5' title="bbox 2142 266 3679 385">
    <p class='ocr_par' dir='ltr' id='par_1_5' title="bbox 2142 266 3679 385">
     <span class='ocr_line' id='line_1_5' title="bbox 2142 266 3679 385; baseline 0.007 -27"><span class='ocrx_word' id='word_1_15' title='bbox 2142 305 2370 377; x_wconf 82' lang='grc' dir='ltr'>δεσπότῃ</span> <span class='ocrx_word' id='word_1_16' title='bbox 2395 304 2651 375; x_wconf 84' lang='grc' dir='ltr'>,οὐδεμία</span> <span class='ocrx_word' id='word_1_17' title='bbox 2683 305 3034 374; x_wconf 76' lang='grc' dir='ltr'>προσγίνεται</span> <span class='ocrx_word' id='word_1_18' title='bbox 3064 305 3235 378; x_wconf 80' lang='grc' dir='ltr'>ζημία</span> <span class='ocrx_word' id='word_1_19' title='bbox 3255 323 3268 341; x_wconf 69' lang='grc' dir='ltr'><strong><em>ο</em></strong></span> <span class='ocrx_word' id='word_1_20' title='bbox 3300 310 3328 363; x_wconf 83' lang='grc' dir='ltr'>ὁ</span> <span class='ocrx_word' id='word_1_21' title='bbox 3359 309 3413 364; x_wconf 76' lang='grc' dir='ltr'>δὲ</span> <span class='ocrx_word' id='word_1_22' title='bbox 3442 266 3679 385; x_wconf 37' lang='grc' dir='ltr'>αἱρετικξ</span> 
     </span>
    </p>
   </div>
   <div class='ocr_carea' id='block_1_6' title="bbox 458 388 2039 465">
    <p class='ocr_par' dir='ltr' id='par_1_6' title="bbox 458 388 2039 465">
     <span class='ocr_line' id='line_1_6' title="bbox 458 388 2039 465; baseline 0.005 -25"><span class='ocrx_word' id='word_1_23' title='bbox 458 396 513 441; x_wconf 88' lang='lat' dir='ltr'>et</span> <span class='ocrx_word' id='word_1_24' title='bbox 560 388 907 457; x_wconf 83' lang='lat' dir='ltr'>possessione</span> <span class='ocrx_word' id='word_1_25' title='bbox 953 389 1236 461; x_wconf 84' lang='lat' dir='ltr'><strong><em>abigitur,</em></strong></span> <span class='ocrx_word' id='word_1_26' title='bbox 1291 400 1345 447; x_wconf 90' lang='lat' dir='ltr'>et</span> <span class='ocrx_word' id='word_1_27' title='bbox 1407 390 1565 464; x_wconf 86' lang='lat' dir='ltr'>[ejus</span> <span class='ocrx_word' id='word_1_28' title='bbox 1609 392 1790 465; x_wconf 90' lang='lat' dir='ltr'><strong><em>bona]</em></strong></span> <span class='ocrx_word' id='word_1_29' title='bbox 1860 394 2039 463; x_wconf 81' lang='lat' dir='ltr'><strong><em>publi-</em></strong></span> 
     </span>
    </p>
   </div>
   <div class='ocr_carea' id='block_1_7' title="bbox 460 490 675 534">
    <p class='ocr_par' dir='ltr' id='par_1_7' title="bbox 460 490 675 534">
     <span class='ocr_line' id='line_1_7' title="bbox 460 490 675 534; baseline -0.005 0"><span class='ocrx_word' id='word_1_30' title='bbox 460 490 675 534; x_wconf 83' lang='lat' dir='ltr'><strong><em>cantur.</em></strong></span> 
     </span>
    </p>
   </div>
   <div class='ocr_carea' id='block_1_8' title="bbox 2146 393 3681 469">
    <p class='ocr_par' dir='ltr' id='par_1_8' title="bbox 2146 393 3681 469">
     <span class='ocr_line' id='line_1_8' title="bbox 2146 393 3681 469; baseline 0.005 -19"><span class='ocrx_word' id='word_1_31' title='bbox 2146 397 2232 466; x_wconf 84' lang='grc' dir='ltr'>ἐφ’</span> <span class='ocrx_word' id='word_1_32' title='bbox 2265 395 2524 466; x_wconf 84' lang='grc' dir='ltr'>ἐκατέρου</span> <span class='ocrx_word' id='word_1_33' title='bbox 2574 393 2848 464; x_wconf 79' lang='grc' dir='ltr'>θέματος,</span> <span class='ocrx_word' id='word_1_34' title='bbox 2888 395 2984 449; x_wconf 79' lang='grc' dir='ltr'>καὶ</span> <span class='ocrx_word' id='word_1_35' title='bbox 3045 398 3145 466; x_wconf 85' lang='grc' dir='ltr'>τῆς</span> <span class='ocrx_word' id='word_1_36' title='bbox 3189 399 3429 469; x_wconf 82' lang='grc' dir='ltr'>κτήσεως</span> <span class='ocrx_word' id='word_1_37' title='bbox 3473 402 3681 459; x_wconf 76' lang='grc' dir='ltr'>ἀπελαύ-</span> 
     </span>
    </p>
   </div>
   <div class='ocr_carea' id='block_1_9' title="bbox 2142 485 2769 557">
    <p class='ocr_par' dir='ltr' id='par_1_9' title="bbox 2142 485 2769 557">
     <span class='ocr_line' id='line_1_9' title="bbox 2142 485 2769 557; baseline -0.003 -16"><span class='ocrx_word' id='word_1_38' title='bbox 2142 505 2292 544; x_wconf 88' lang='grc' dir='ltr'>νεται</span> <span class='ocrx_word' id='word_1_39' title='bbox 2323 488 2418 541; x_wconf 77' lang='grc' dir='ltr'>καὶ</span> <span class='ocrx_word' id='word_1_40' title='bbox 2453 485 2769 557; x_wconf 84' lang='grc' dir='ltr'>δημεύεται.</span> 
     </span>
    </p>
   </div>
   <div class='ocr_carea' id='block_1_10' title="bbox 473 678 3672 715">
    <p class='ocr_par' dir='ltr' id='par_1_10' title="bbox 473 678 3672 715">
     <span class='ocr_line' id='line_1_10' title="bbox 473 678 3672 715; baseline -0.004 -17"><span class='ocrx_word' id='word_1_41' title='bbox 473 678 3672 715; x_wconf 78' lang='lat'>__.____________._____________________________________</span> 
     </span>
    </p>
   </div>
   <div class='ocr_carea' id='block_1_11' title="bbox 1767 839 2399 927">
    <p class='ocr_par' dir='ltr' id='par_1_11' title="bbox 1767 839 2399 927">
     <span class='ocr_line' id='line_1_11' title="bbox 1767 839 2399 927; baseline 0 -4"><span class='ocrx_word' id='word_1_42' title='bbox 1767 839 2171 927; x_wconf 83' lang='grc' dir='ltr'>ΤΙΤΛΟΣ</span> <span class='ocrx_word' id='word_1_43' title='bbox 2246 841 2399 926; x_wconf 82' lang='lat' dir='ltr'>IA&#39;.</span> 
     </span>
    </p>
   </div>
   <div class='ocr_carea' id='block_1_12' title="bbox 1464 1018 2711 1081">
    <p class='ocr_par' dir='ltr' id='par_1_12' title="bbox 1464 1018 2711 1081">
     <span class='ocr_line' id='line_1_12' title="bbox 1464 1018 2711 1081; baseline 0.006 -7"><span class='ocrx_word' id='word_1_44' title='bbox 1464 1018 1624 1074; x_wconf 83' lang='grc' dir='ltr'>ΠΕΡΙ</span> <span class='ocrx_word' id='word_1_45' title='bbox 1659 1018 2157 1076; x_wconf 83' lang='grc' dir='ltr'>ΜΟΝΑΣΤΗΡΙΩΝ</span> <span class='ocrx_word' id='word_1_46' title='bbox 2194 1023 2314 1077; x_wconf 79' lang='grc' dir='ltr'>ΚΑΙ</span> <span class='ocrx_word' id='word_1_47' title='bbox 2352 1024 2711 1081; x_wconf 85' lang='grc' dir='ltr'>ΜΟΝΑΧΩΝ.</span> 
     </span>
    </p>
   </div>
   <div class='ocr_carea' id='block_1_13' title="bbox 1729 1347 2420 1429">
    <p class='ocr_par' dir='ltr' id='par_1_13' title="bbox 1729 1347 2420 1429">
     <span class='ocr_line' id='line_1_13' title="bbox 1729 1347 2420 1429; baseline 0 -3"><span class='ocrx_word' id='word_1_48' title='bbox 1729 1347 2194 1429; x_wconf 89' lang='lat' dir='ltr'>TITULUS</span> <span class='ocrx_word' id='word_1_49' title='bbox 2267 1349 2420 1429; x_wconf 86' lang='grc' dir='ltr'>ΧῙ.</span> 
     </span>
    </p>
   </div>
   <div class='ocr_carea' id='block_1_14' title="bbox 1515 1510 2655 1583">
    <p class='ocr_par' dir='ltr' id='par_1_14' title="bbox 1515 1510 2655 1583">
     <span class='ocr_line' id='line_1_14' title="bbox 1515 1510 2655 1583; baseline 0.003 -3"><span class='ocrx_word' id='word_1_50' title='bbox 1515 1524 1605 1580; x_wconf 89' lang='lat' dir='ltr'><strong>DE</strong></span> <span class='ocrx_word' id='word_1_51' title='bbox 1644 1523 2116 1581; x_wconf 82' lang='lat' dir='ltr'>MONASTERIIS</span> <span class='ocrx_word' id='word_1_52' title='bbox 2153 1526 2244 1582; x_wconf 79' lang='grc' dir='ltr'>ΕΤ</span> <span class='ocrx_word' id='word_1_53' title='bbox 2278 1510 2655 1583; x_wconf 72' lang='grc' dir='ltr'>ΜΟΝᾸΟΗΙΞ.</span> 
     </span>
    </p>
   </div>
   <div class='ocr_carea' id='block_1_15' title="bbox 524 1680 2030 1786">
    <p class='ocr_par' dir='ltr' id='par_1_15' title="bbox 524 1708 2027 1786">
     <span class='ocr_line' id='line_1_15' title="bbox 524 1708 2027 1786; baseline -0.007 -15"><span class='ocrx_word' id='word_1_54' title='bbox 524 1715 686 1786; x_wconf 76' lang='lat'><strong>352</strong></span> <span class='ocrx_word' id='word_1_55' title='bbox 709 1708 938 1769; x_wconf 78' lang='lat' dir='ltr'>CAPUT</span> <span class='ocrx_word' id='word_1_56' title='bbox 974 1710 1170 1765; x_wconf 84' lang='lat' dir='ltr'><strong><em>l.—De</em></strong></span> <span class='ocrx_word' id='word_1_57' title='bbox 1191 1711 1633 1764; x_wconf 79' lang='lat' dir='ltr'>monasteriorum</span> <span class='ocrx_word' id='word_1_58' title='bbox 1655 1713 2027 1780; x_wconf 68' lang='lat' dir='ltr'><strong><em>a’diﬁcauone,</em></strong></span> 
     </span>
    </p>
   </div>
   <div class='ocr_carea' id='block_1_16' title="bbox 2142 1680 3685 1786">
    <p class='ocr_par' dir='ltr' id='par_1_16' title="bbox 2202 1680 3685 1781">
     <span class='ocr_line' id='line_1_16' title="bbox 2202 1680 3685 1781; baseline 0.007 -22"><span class='ocrx_word' id='word_1_59' title='bbox 2202 1707 2452 1759; x_wconf 82' lang='grc' dir='ltr'>ΚΕΦΑΛ.</span> <span class='ocrx_word' id='word_1_60' title='bbox 2478 1708 2558 1761; x_wconf 81' lang='lat' dir='ltr'>A&#39;.</span> <span class='ocrx_word' id='word_1_61' title='bbox 2582 1735 2653 1747; x_wconf 93' lang='lat'><strong><em>—</em></strong></span> <span class='ocrx_word' id='word_1_62' title='bbox 2678 1708 3579 1781; x_wconf 74' lang='grc' dir='ltr'>Περίποιήσεωςμοναστηρίων·</span> <span class='ocrx_word' id='word_1_63' title='bbox 3601 1716 3685 1770; x_wconf 78' lang='grc' dir='ltr'>καί</span> 
     </span>
    </p>
   </div>
   <div class='ocr_carea' id='block_1_17' title="bbox 457 1803 2035 1875">
    <p class='ocr_par' dir='ltr' id='par_1_17' title="bbox 457 1803 2035 1875">
     <span class='ocr_line' id='line_1_17' title="bbox 457 1803 2035 1875; baseline -0.003 -15"><span class='ocrx_word' id='word_1_64' title='bbox 457 1815 506 1861; x_wconf 80' lang='lat' dir='ltr'>et</span> <span class='ocrx_word' id='word_1_65' title='bbox 529 1823 590 1860; x_wconf 84' lang='lat' dir='ltr'>ne</span> <span class='ocrx_word' id='word_1_66' title='bbox 610 1807 720 1861; x_wconf 75' lang='lat' dir='ltr'><strong><em>liazc</em></strong></span> <span class='ocrx_word' id='word_1_67' title='bbox 744 1806 937 1875; x_wconf 83' lang='lat' dir='ltr'><strong><em>privati</em></strong></span> <span class='ocrx_word' id='word_1_68' title='bbox 963 1804 1110 1873; x_wconf 77' lang='lat' dir='ltr'><strong><em>juris</em></strong></span> <span class='ocrx_word' id='word_1_69' title='bbox 1138 1804 1266 1867; x_wconf 83' lang='lat' dir='ltr'><strong><em>sint,</em></strong></span> <span class='ocrx_word' id='word_1_70' title='bbox 1286 1814 1333 1855; x_wconf 83' lang='lat' dir='ltr'>et</span> <span class='ocrx_word' id='word_1_71' title='bbox 1364 1803 1424 1855; x_wconf 86' lang='lat' dir='ltr'>de</span> <span class='ocrx_word' id='word_1_72' title='bbox 1460 1803 1833 1857; x_wconf 82' lang='lat' dir='ltr'>monachorum</span> <span class='ocrx_word' id='word_1_73' title='bbox 1861 1803 2035 1855; x_wconf 77' lang='lat' dir='ltr'><strong><em>rebus.</em></strong></span> 
     </span>
    </p>
   </div>
   <div class='ocr_carea' id='block_1_18' title="bbox 667 2006 1825 2071">
    <p class='ocr_par' dir='ltr' id='par_1_18' title="bbox 667 2006 1825 2071">
     <span class='ocr_line' id='line_1_18' title="bbox 667 2006 1825 2071; baseline -0.002 -7"><span class='ocrx_word' id='word_1_74' title='bbox 667 2008 893 2064; x_wconf 71' lang='lat' dir='ltr'><strong><em>Consilii</em></strong></span> <span class='ocrx_word' id='word_1_75' title='bbox 922 2008 1357 2063; x_wconf 72' lang='lat' dir='ltr'>Chalcedonensis</span> <span class='ocrx_word' id='word_1_76' title='bbox 1385 2023 1606 2061; x_wconf 84' lang='lat' dir='ltr'>canones</span> <span class='ocrx_word' id='word_1_77' title='bbox 1649 2006 1703 2071; x_wconf 69' lang='grc'>4,</span> <span class='ocrx_word' id='word_1_78' title='bbox 1733 2007 1825 2062; x_wconf 72' lang='lat'>‘24.</span> 
     </span>
    </p>
   </div>
   <div class='ocr_carea' id='block_1_19' title="bbox 526 2100 1612 2170">
    <p class='ocr_par' dir='ltr' id='par_1_19' title="bbox 526 2100 1612 2170">
     <span class='ocr_line' id='line_1_19' title="bbox 526 2100 1612 2170; baseline -0.005 -13"><span class='ocrx_word' id='word_1_79' title='bbox 526 2103 580 2157; x_wconf 69' lang='grc' dir='ltr'>αἱ.</span> <span class='ocrx_word' id='word_1_80' title='bbox 611 2100 715 2168; x_wconf 84' lang='lat' dir='ltr'><strong><em>Qui</em></strong></span> <span class='ocrx_word' id='word_1_81' title='bbox 749 2116 873 2155; x_wconf 85' lang='lat' dir='ltr'>vere</span> <span class='ocrx_word' id='word_1_82' title='bbox 901 2113 955 2155; x_wconf 90' lang='lat' dir='ltr'>et</span> <span class='ocrx_word' id='word_1_83' title='bbox 985 2101 1195 2155; x_wconf 90' lang='lat' dir='ltr'><strong><em>sincere</em></strong></span> <span class='ocrx_word' id='word_1_84' title='bbox 1222 2141 1237 2164; x_wconf 92' lang='lat'>,</span> <span class='ocrx_word' id='word_1_85' title='bbox 1268 2110 1325 2153; x_wconf 84' lang='lat' dir='ltr'>ut</span> <span class='ocrx_word' id='word_1_86' title='bbox 1346 2117 1465 2170; x_wconf 87' lang='lat' dir='ltr'><strong><em>pag.</em></strong></span> <span class='ocrx_word' id='word_1_87' title='bbox 1491 2100 1612 2153; x_wconf 74' lang='grc'>754.</span> 
     </span>
    </p>
   </div>
   <div class='ocr_carea' id='block_1_20' title="bbox 527 2188 2037 2258">
    <p class='ocr_par' dir='ltr' id='par_1_20' title="bbox 527 2188 2037 2258">
     <span class='ocr_line' id='line_1_20' title="bbox 527 2188 2037 2258; baseline -0.003 -13"><span class='ocrx_word' id='word_1_88' title='bbox 527 2192 619 2247; x_wconf 75' lang='grc'>24.</span> <span class='ocrx_word' id='word_1_89' title='bbox 690 2190 822 2257; x_wconf 79' lang='lat' dir='ltr'><strong><em>Quae</em></strong></span> <span class='ocrx_word' id='word_1_90' title='bbox 878 2190 1048 2245; x_wconf 87' lang='lat' dir='ltr'>semel</span> <span class='ocrx_word' id='word_1_91' title='bbox 1090 2190 1370 2244; x_wconf 85' lang='lat' dir='ltr'><strong><em>voluntate</em></strong></span> <span class='ocrx_word' id='word_1_92' title='bbox 1418 2188 1655 2258; x_wconf 87' lang='lat' dir='ltr'>episcopi</span> <span class='ocrx_word' id='word_1_93' title='bbox 1725 2194 2037 2243; x_wconf 88' lang='lat' dir='ltr'><strong><em>consecrata</em></strong></span> 
     </span>
    </p>
   </div>
   <div class='ocr_carea' id='block_1_21' title="bbox 458 2277 2036 2347">
    <p class='ocr_par' dir='ltr' id='par_1_21' title="bbox 458 2277 2036 2347">
     <span class='ocr_line' id='line_1_21' title="bbox 458 2277 2036 2347; baseline -0.006 -11"><span class='ocrx_word' id='word_1_94' title='bbox 458 2290 584 2337; x_wconf 86' lang='lat' dir='ltr'><strong><em>sunt</em></strong></span> <span class='ocrx_word' id='word_1_95' title='bbox 636 2280 995 2345; x_wconf 86' lang='lat' dir='ltr'><strong><em>monasteria,</em></strong></span> <span class='ocrx_word' id='word_1_96' title='bbox 1028 2288 1081 2334; x_wconf 86' lang='lat' dir='ltr'>et</span> <span class='ocrx_word' id='word_1_97' title='bbox 1110 2294 1198 2333; x_wconf 87' lang='lat' dir='ltr'>res</span> <span class='ocrx_word' id='word_1_98' title='bbox 1229 2294 1349 2347; x_wconf 74' lang='lat' dir='ltr'><strong><em>quae</em></strong></span> <span class='ocrx_word' id='word_1_99' title='bbox 1401 2278 1466 2332; x_wconf 90' lang='lat' dir='ltr'>ad</span> <span class='ocrx_word' id='word_1_100' title='bbox 1506 2293 1567 2332; x_wconf 90' lang='lat' dir='ltr'>ea</span> <span class='ocrx_word' id='word_1_101' title='bbox 1621 2277 1892 2347; x_wconf 91' lang='lat' dir='ltr'><strong><em>pertinent</em></strong></span> <span class='ocrx_word' id='word_1_102' title='bbox 1920 2291 2036 2329; x_wconf 88' lang='lat' dir='ltr'><strong><em>ser-</em></strong></span> 
     </span>
    </p>
   </div>
   <div class='ocr_carea' id='block_1_22' title="bbox 457 2366 2035 2441">
    <p class='ocr_par' dir='ltr' id='par_1_22' title="bbox 457 2366 2035 2441">
     <span class='ocr_line' id='line_1_22' title="bbox 457 2366 2035 2441; baseline -0.003 -15"><span class='ocrx_word' id='word_1_103' title='bbox 457 2373 592 2436; x_wconf 86' lang='lat' dir='ltr'><strong><em>vari,</em></strong></span> <span class='ocrx_word' id='word_1_104' title='bbox 631 2386 805 2441; x_wconf 90' lang='lat' dir='ltr'><strong><em>eaque</em></strong></span> <span class='ocrx_word' id='word_1_105' title='bbox 842 2387 947 2426; x_wconf 91' lang='lat' dir='ltr'>non</span> <span class='ocrx_word' id='word_1_106' title='bbox 981 2371 1215 2439; x_wconf 88' lang='lat' dir='ltr'>amplius</span> <span class='ocrx_word' id='word_1_107' title='bbox 1248 2371 1359 2425; x_wconf 86' lang='lat' dir='ltr'><strong><em>lleri</em></strong></span> <span class='ocrx_word' id='word_1_108' title='bbox 1395 2368 1673 2424; x_wconf 61' lang='lat' dir='ltr'><strong><em>saecularia</em></strong></span> <span class='ocrx_word' id='word_1_109' title='bbox 1707 2366 2035 2422; x_wconf 81' lang='lat' dir='ltr'>habitacula.</span> 
     </span>
    </p>
   </div>
   <div class='ocr_carea' id='block_1_23' title="bbox 457 2460 2038 2532">
    <p class='ocr_par' dir='ltr' id='par_1_23' title="bbox 457 2460 2038 2532">
     <span class='ocr_line' id='line_1_23' title="bbox 457 2460 2038 2532; baseline -0.004 -14"><span class='ocrx_word' id='word_1_110' title='bbox 457 2463 568 2518; x_wconf 83' lang='lat' dir='ltr'><strong><em>Eos</em></strong></span> <span class='ocrx_word' id='word_1_111' title='bbox 590 2473 793 2527; x_wconf 89' lang='lat' dir='ltr'><strong><em>autem,</em></strong></span> <span class='ocrx_word' id='word_1_112' title='bbox 825 2462 917 2532; x_wconf 88' lang='lat' dir='ltr'>qui</span> <span class='ocrx_word' id='word_1_113' title='bbox 954 2461 1058 2516; x_wconf 90' lang='lat' dir='ltr'>hoc</span> <span class='ocrx_word' id='word_1_114' title='bbox 1090 2460 1201 2516; x_wconf 83' lang='lat' dir='ltr'><strong><em>ﬁeri</em></strong></span> <span class='ocrx_word' id='word_1_115' title='bbox 1228 2460 1583 2531; x_wconf 87' lang='lat' dir='ltr'><strong><em>permittunt,</em></strong></span> <span class='ocrx_word' id='word_1_116' title='bbox 1617 2473 1890 2514; x_wconf 89' lang='lat' dir='ltr'><strong><em>canonum</em></strong></span> <span class='ocrx_word' id='word_1_117' title='bbox 1918 2471 2038 2527; x_wconf 71' lang='lat' dir='ltr'><strong><em>pa:-</em></strong></span> 
     </span>
    </p>
   </div>
   <div class='ocr_carea' id='block_1_24' title="bbox 456 2554 789 2623">
    <p class='ocr_par' dir='ltr' id='par_1_24' title="bbox 456 2554 789 2623">
     <span class='ocr_line' id='line_1_24' title="bbox 456 2554 789 2623; baseline -0.009 -14"><span class='ocrx_word' id='word_1_118' title='bbox 456 2554 544 2610; x_wconf 88' lang='lat' dir='ltr'>nis</span> <span class='ocrx_word' id='word_1_119' title='bbox 569 2554 789 2623; x_wconf 86' lang='lat' dir='ltr'>subjici.</span> 
     </span>
    </p>
   </div>
   <div class='ocr_carea' id='block_1_25' title="bbox 764 2842 1726 2904">
    <p class='ocr_par' dir='ltr' id='par_1_25' title="bbox 764 2842 1726 2904">
     <span class='ocr_line' id='line_1_25' title="bbox 764 2842 1726 2904; baseline -0.008 0"><span class='ocrx_word' id='word_1_120' title='bbox 764 2849 990 2904; x_wconf 74' lang='lat' dir='ltr'><strong><em>Consilii</em></strong></span> <span class='ocrx_word' id='word_1_121' title='bbox 1018 2845 1325 2903; x_wconf 68' lang='lat' dir='ltr'><strong><em>mcumenici</em></strong></span> <span class='ocrx_word' id='word_1_122' title='bbox 1355 2861 1405 2899; x_wconf 83' lang='lat' dir='ltr'><strong><em>Vl</em></strong></span> <span class='ocrx_word' id='word_1_123' title='bbox 1435 2861 1601 2898; x_wconf 83' lang='lat' dir='ltr'><strong><em>canon</em></strong></span> <span class='ocrx_word' id='word_1_124' title='bbox 1636 2842 1726 2897; x_wconf 72' lang='grc'>49.</span> 
     </span>
    </p>
   </div>
   <div class='ocr_carea' id='block_1_26' title="bbox 522 2930 2041 2998">
    <p class='ocr_par' dir='ltr' id='par_1_26' title="bbox 522 2930 2041 2998">
     <span class='ocr_line' id='line_1_26' title="bbox 522 2930 2041 2998; baseline -0.006 -4"><span class='ocrx_word' id='word_1_125' title='bbox 522 2935 608 2994; x_wconf 73' lang='grc'>49.</span> <span class='ocrx_word' id='word_1_126' title='bbox 632 2942 1006 2998; x_wconf 87' lang='lat' dir='ltr'><strong><em>Huncsaerum</em></strong></span> <span class='ocrx_word' id='word_1_127' title='bbox 1026 2942 1188 2997; x_wconf 89' lang='lat' dir='ltr'><strong><em>etiam</em></strong></span> <span class='ocrx_word' id='word_1_128' title='bbox 1202 2952 1463 2992; x_wconf 89' lang='lat' dir='ltr'><strong><em>canonem</em></strong></span> <span class='ocrx_word' id='word_1_129' title='bbox 1510 2939 1835 2988; x_wconf 80' lang='lat' dir='ltr'><strong><em>renovantes</em></strong></span> <span class='ocrx_word' id='word_1_130' title='bbox 1855 2930 2041 2986; x_wconf 87' lang='lat' dir='ltr'><strong><em>decer-</em></strong></span> 
     </span>
    </p>
   </div>
   <div class='ocr_carea' id='block_1_27' title="bbox 2143 1796 3685 1875">
    <p class='ocr_par' dir='ltr' id='par_1_27' title="bbox 2143 1796 3685 1875">
     <span class='ocr_line' id='line_1_27' title="bbox 2143 1796 3685 1875; baseline 0.008 -26"><span class='ocrx_word' id='word_1_131' title='bbox 2143 1797 2250 1850; x_wconf 86' lang='grc' dir='ltr'>τοῦ</span> <span class='ocrx_word' id='word_1_132' title='bbox 2265 1796 2352 1865; x_wconf 82' lang='grc' dir='ltr'>μὴ</span> <span class='ocrx_word' id='word_1_133' title='bbox 2387 1798 2657 1867; x_wconf 80' lang='grc' dir='ltr'>γίνεσθαι</span> <span class='ocrx_word' id='word_1_134' title='bbox 2704 1799 2859 1853; x_wconf 85' lang='grc' dir='ltr'>αὐτὰ</span> <span class='ocrx_word' id='word_1_135' title='bbox 2922 1801 3211 1856; x_wconf 79' lang='grc' dir='ltr'>ἰδιωτικά-</span> <span class='ocrx_word' id='word_1_136' title='bbox 3241 1805 3340 1858; x_wconf 81' lang='grc' dir='ltr'>καί</span> <span class='ocrx_word' id='word_1_137' title='bbox 3381 1806 3508 1874; x_wconf 79' lang='grc' dir='ltr'>περὶ</span> <span class='ocrx_word' id='word_1_138' title='bbox 3560 1822 3685 1875; x_wconf 81' lang='grc' dir='ltr'>πρα-</span> 
     </span>
    </p>
   </div>
   <div class='ocr_carea' id='block_1_28' title="bbox 2140 1888 2932 1959">
    <p class='ocr_par' dir='ltr' id='par_1_28' title="bbox 2140 1888 2932 1959">
     <span class='ocr_line' id='line_1_28' title="bbox 2140 1888 2932 1959; baseline 0.009 -19"><span class='ocrx_word' id='word_1_139' title='bbox 2140 1889 2378 1958; x_wconf 75' lang='grc' dir='ltr'>γμάτων</span> <span class='ocrx_word' id='word_1_140' title='bbox 2398 1888 2516 1943; x_wconf 84' lang='grc' dir='ltr'>τῶν</span> <span class='ocrx_word' id='word_1_141' title='bbox 2535 1890 2932 1959; x_wconf 77' lang='grc' dir='ltr'>μοναζόντων.</span> 
     </span>
    </p>
   </div>
   <div class='ocr_carea' id='block_1_29' title="bbox 2385 2005 3516 2077">
    <p class='ocr_par' dir='ltr' id='par_1_29' title="bbox 2385 2005 3516 2077">
     <span class='ocr_line' id='line_1_29' title="bbox 2385 2005 3516 2077; baseline 0.007 -19"><span class='ocrx_word' id='word_1_142' title='bbox 2385 2005 2657 2061; x_wconf 77' lang='grc' dir='ltr'>Συνόδου</span> <span class='ocrx_word' id='word_1_143' title='bbox 2699 2006 3089 2074; x_wconf 75' lang='grc' dir='ltr'>Χαλκηδόνος</span> <span class='ocrx_word' id='word_1_144' title='bbox 3112 2009 3315 2064; x_wconf 73' lang='grc' dir='ltr'>κανὼν</span> <span class='ocrx_word' id='word_1_145' title='bbox 3337 2009 3399 2077; x_wconf 84' lang='grc' dir='ltr'>δ’,</span> <span class='ocrx_word' id='word_1_146' title='bbox 3423 2010 3516 2066; x_wconf 89' lang='grc' dir='ltr'>κδ’.</span> 
     </span>
    </p>
   </div>
   <div class='ocr_carea' id='block_1_30' title="bbox 2207 2091 3324 2169">
    <p class='ocr_par' dir='ltr' id='par_1_30' title="bbox 2207 2091 3324 2169">
     <span class='ocr_line' id='line_1_30' title="bbox 2207 2091 3324 2169; baseline 0.011 -23"><span class='ocrx_word' id='word_1_147' title='bbox 2207 2091 2269 2147; x_wconf 87' lang='grc' dir='ltr'>δ’.</span> <span class='ocrx_word' id='word_1_148' title='bbox 2294 2094 2358 2147; x_wconf 84' lang='grc' dir='ltr'><strong>Οἱ</strong></span> <span class='ocrx_word' id='word_1_149' title='bbox 2386 2094 2600 2165; x_wconf 85' lang='grc' dir='ltr'>ἀληθῶς</span> <span class='ocrx_word' id='word_1_150' title='bbox 2626 2097 2721 2151; x_wconf 74' lang='grc' dir='ltr'>καὶ</span> <span class='ocrx_word' id='word_1_151' title='bbox 2743 2097 3070 2169; x_wconf 77' lang='grc' dir='ltr'>εἰλικρινῶς,</span> <span class='ocrx_word' id='word_1_152' title='bbox 3106 2118 3163 2156; x_wconf 83' lang='grc' dir='ltr'><strong>κ.</strong></span> <span class='ocrx_word' id='word_1_153' title='bbox 3196 2120 3247 2154; x_wconf 87' lang='grc' dir='ltr'>τ.</span> <span class='ocrx_word' id='word_1_154' title='bbox 3275 2103 3324 2158; x_wconf 80' lang='grc' dir='ltr'><strong>λ.</strong></span> 
     </span>
    </p>
   </div>
   <div class='ocr_carea' id='block_1_31' title="bbox 2211 2181 3685 2260">
    <p class='ocr_par' dir='ltr' id='par_1_31' title="bbox 2211 2181 3685 2260">
     <span class='ocr_line' id='line_1_31' title="bbox 2211 2181 3685 2260; baseline 0.005 -24"><span class='ocrx_word' id='word_1_155' title='bbox 2211 2181 2310 2237; x_wconf 88' lang='grc' dir='ltr'>κδ’.</span> <span class='ocrx_word' id='word_1_156' title='bbox 2358 2184 2441 2237; x_wconf 88' lang='grc' dir='ltr'>Τὰ</span> <span class='ocrx_word' id='word_1_157' title='bbox 2487 2184 2636 2249; x_wconf 80' lang='grc' dir='ltr'>ἅπαξ</span> <span class='ocrx_word' id='word_1_158' title='bbox 2699 2186 3108 2256; x_wconf 80' lang='grc' dir='ltr'>καθιερωθέντα</span> <span class='ocrx_word' id='word_1_159' title='bbox 3189 2190 3525 2260; x_wconf 80' lang='grc' dir='ltr'>μοναστήρια</span> <span class='ocrx_word' id='word_1_160' title='bbox 3562 2190 3685 2244; x_wconf 80' lang='grc' dir='ltr'>κατὰ</span> 
     </span>
    </p>
   </div>
   <div class='ocr_carea' id='block_1_32' title="bbox 2139 2274 3687 2352">
    <p class='ocr_par' dir='ltr' id='par_1_32' title="bbox 2139 2274 3687 2352">
     <span class='ocr_line' id='line_1_32' title="bbox 2139 2274 3687 2352; baseline 0.005 -25"><span class='ocrx_word' id='word_1_161' title='bbox 2139 2274 2365 2347; x_wconf 83' lang='grc' dir='ltr'>γνώμην</span> <span class='ocrx_word' id='word_1_162' title='bbox 2396 2278 2719 2344; x_wconf 87' lang='grc' dir='ltr'>ἐπισκόπου,</span> <span class='ocrx_word' id='word_1_163' title='bbox 2758 2279 2945 2347; x_wconf 86' lang='grc' dir='ltr'>μένειν</span> <span class='ocrx_word' id='word_1_164' title='bbox 2997 2280 3078 2343; x_wconf 87' lang='grc' dir='ltr'>είς</span> <span class='ocrx_word' id='word_1_165' title='bbox 3130 2280 3193 2334; x_wconf 85' lang='grc' dir='ltr'>τὸ</span> <span class='ocrx_word' id='word_1_166' title='bbox 3245 2281 3485 2351; x_wconf 85' lang='grc' dir='ltr'>διηκενές</span> <span class='ocrx_word' id='word_1_167' title='bbox 3542 2299 3687 2352; x_wconf 81' lang='grc' dir='ltr'>μονα-</span> 
     </span>
    </p>
   </div>
   <div class='ocr_carea' id='block_1_33' title="bbox 2141 2368 3687 2443">
    <p class='ocr_par' dir='ltr' id='par_1_33' title="bbox 2141 2368 3687 2443">
     <span class='ocr_line' id='line_1_33' title="bbox 2141 2368 3687 2443; baseline 0.005 -23"><span class='ocrx_word' id='word_1_168' title='bbox 2141 2368 2369 2438; x_wconf 86' lang='grc' dir='ltr'>στήρια·</span> <span class='ocrx_word' id='word_1_169' title='bbox 2402 2371 2496 2423; x_wconf 73' lang='grc' dir='ltr'>καὶ</span> <span class='ocrx_word' id='word_1_170' title='bbox 2536 2369 2604 2424; x_wconf 84' lang='grc' dir='ltr'>τὰ</span> <span class='ocrx_word' id='word_1_171' title='bbox 2650 2371 2918 2442; x_wconf 85' lang='grc' dir='ltr'>ἀνήκοντα</span> <span class='ocrx_word' id='word_1_172' title='bbox 2968 2373 3151 2436; x_wconf 82' lang='grc' dir='ltr'>αὐτοῖς</span> <span class='ocrx_word' id='word_1_173' title='bbox 3180 2374 3481 2443; x_wconf 80' lang='grc' dir='ltr'>πράγματα</span> <span class='ocrx_word' id='word_1_174' title='bbox 3508 2374 3687 2442; x_wconf 79' lang='grc' dir='ltr'>φυλάτ-</span> 
     </span>
    </p>
   </div>
   <div class='ocr_carea' id='block_1_34' title="bbox 2138 2458 3688 2532">
    <p class='ocr_par' dir='ltr' id='par_1_34' title="bbox 2138 2458 3688 2532">
     <span class='ocr_line' id='line_1_34' title="bbox 2138 2458 3688 2532; baseline 0.005 -22"><span class='ocrx_word' id='word_1_175' title='bbox 2138 2458 2329 2513; x_wconf 87' lang='grc' dir='ltr'>τεσθαι</span> <span class='ocrx_word' id='word_1_176' title='bbox 2365 2461 2443 2530; x_wconf 85' lang='grc' dir='ltr'>τῷ</span> <span class='ocrx_word' id='word_1_177' title='bbox 2469 2461 2842 2532; x_wconf 86' lang='grc' dir='ltr'>μοναστηρίῳ,</span> <span class='ocrx_word' id='word_1_178' title='bbox 2878 2463 2972 2515; x_wconf 73' lang='grc' dir='ltr'>καὶ</span> <span class='ocrx_word' id='word_1_179' title='bbox 3023 2463 3225 2531; x_wconf 85' lang='grc' dir='ltr'><strong>μηκέτι</strong></span> <span class='ocrx_word' id='word_1_180' title='bbox 3270 2463 3522 2517; x_wconf 80' lang='grc' dir='ltr'>δύνασθαι</span> <span class='ocrx_word' id='word_1_181' title='bbox 3556 2465 3688 2531; x_wconf 79' lang='grc' dir='ltr'>γενέ-</span> 
     </span>
    </p>
   </div>
   <div class='ocr_carea' id='block_1_35' title="bbox 2141 2549 3689 2626">
    <p class='ocr_par' dir='ltr' id='par_1_35' title="bbox 2141 2549 3689 2626">
     <span class='ocr_line' id='line_1_35' title="bbox 2141 2549 3689 2626; baseline 0.005 -24"><span class='ocrx_word' id='word_1_182' title='bbox 2141 2549 2263 2603; x_wconf 90' lang='grc' dir='ltr'>σθαι</span> <span class='ocrx_word' id='word_1_183' title='bbox 2311 2552 2485 2606; x_wconf 84' lang='grc' dir='ltr'>ταῦτα</span> <span class='ocrx_word' id='word_1_184' title='bbox 2532 2554 2771 2624; x_wconf 82' lang='grc' dir='ltr'>κοσμικὰ</span> <span class='ocrx_word' id='word_1_185' title='bbox 2810 2554 3169 2623; x_wconf 83' lang='grc' dir='ltr'>καταγώγια·</span> <span class='ocrx_word' id='word_1_186' title='bbox 3225 2558 3352 2620; x_wconf 85' lang='grc' dir='ltr'>τοὺς</span> <span class='ocrx_word' id='word_1_187' title='bbox 3398 2557 3454 2609; x_wconf 81' lang='grc' dir='ltr'>δὲ</span> <span class='ocrx_word' id='word_1_188' title='bbox 3501 2572 3689 2626; x_wconf 72' lang='grc' dir='ltr'>συγχωο</span> 
     </span>
    </p>
   </div>
   <div class='ocr_carea' id='block_1_36' title="bbox 2143 2644 3689 2715">
    <p class='ocr_par' dir='ltr' id='par_1_36' title="bbox 2143 2644 3689 2715">
     <span class='ocr_line' id='line_1_36' title="bbox 2143 2644 3689 2715; baseline 0.003 -18"><span class='ocrx_word' id='word_1_189' title='bbox 2143 2644 2370 2713; x_wconf 82' lang='grc' dir='ltr'>ροῦντας</span> <span class='ocrx_word' id='word_1_190' title='bbox 2410 2644 2569 2699; x_wconf 78' lang='grc' dir='ltr'>τοῦτο</span> <span class='ocrx_word' id='word_1_191' title='bbox 2619 2646 2888 2715; x_wconf 86' lang='grc' dir='ltr'>γίνεσθαι,</span> <span class='ocrx_word' id='word_1_192' title='bbox 2951 2648 3279 2702; x_wconf 80' lang='grc' dir='ltr'>ὑποκεῖσθαι</span> <span class='ocrx_word' id='word_1_193' title='bbox 3342 2653 3451 2712; x_wconf 87' lang='grc' dir='ltr'>τοῖς</span> <span class='ocrx_word' id='word_1_194' title='bbox 3491 2651 3550 2702; x_wconf 85' lang='grc' dir='ltr'>ἐκ</span> <span class='ocrx_word' id='word_1_195' title='bbox 3594 2649 3689 2702; x_wconf 87' lang='grc' dir='ltr'>τῶν</span> 
     </span>
    </p>
   </div>
   <div class='ocr_carea' id='block_1_37' title="bbox 2140 2737 2723 2809">
    <p class='ocr_par' dir='ltr' id='par_1_37' title="bbox 2140 2737 2723 2809">
     <span class='ocr_line' id='line_1_37' title="bbox 2140 2737 2723 2809; baseline 0.005 -19"><span class='ocrx_word' id='word_1_196' title='bbox 2140 2737 2380 2792; x_wconf 77' lang='grc' dir='ltr'>κανόνων</span> <span class='ocrx_word' id='word_1_197' title='bbox 2406 2739 2723 2809; x_wconf 89' lang='grc' dir='ltr'>ἐπιτιμίοις.</span> 
     </span>
    </p>
   </div>
   <div class='ocr_carea' id='block_1_38' title="bbox 2276 2852 3577 2925">
    <p class='ocr_par' dir='ltr' id='par_1_38' title="bbox 2276 2852 3577 2925">
     <span class='ocr_line' id='line_1_38' title="bbox 2276 2852 3577 2925; baseline 0.005 -22"><span class='ocrx_word' id='word_1_198' title='bbox 2276 2852 2551 2905; x_wconf 81' lang='grc' dir='ltr'>Συνόδου</span> <span class='ocrx_word' id='word_1_199' title='bbox 2586 2853 3010 2923; x_wconf 75' lang='grc' dir='ltr'>οίκουμεγικῆς</span> <span class='ocrx_word' id='word_1_200' title='bbox 3045 2854 3230 2922; x_wconf 80' lang='grc' dir='ltr'>ἕκτης</span> <span class='ocrx_word' id='word_1_201' title='bbox 3256 2855 3453 2909; x_wconf 77' lang='grc' dir='ltr'>κανὼν</span> <span class='ocrx_word' id='word_1_202' title='bbox 3476 2853 3577 2925; x_wconf 86' lang='grc' dir='ltr'>μθ’.</span> 
     </span>
    </p>
   </div>
   <div class='ocr_carea' id='block_1_39' title="bbox 2194 2937 3690 3016">
    <p class='ocr_par' dir='ltr' id='par_1_39' title="bbox 2194 2937 3690 3016">
     <span class='ocr_line' id='line_1_39' title="bbox 2194 2937 3690 3016; baseline 0.003 -25"><span class='ocrx_word' id='word_1_203' title='bbox 2194 2937 2299 3005; x_wconf 84' lang='grc' dir='ltr'>μθ’,</span> <span class='ocrx_word' id='word_1_204' title='bbox 2323 2941 2730 3015; x_wconf 80' lang='grc' dir='ltr'>Ἀνανεούμενοι</span> <span class='ocrx_word' id='word_1_205' title='bbox 2746 2945 2840 2999; x_wconf 65' lang='grc' dir='ltr'>καὶ</span> <span class='ocrx_word' id='word_1_206' title='bbox 2853 2943 3038 2998; x_wconf 77' lang='grc' dir='ltr'>τοῦτον</span> <span class='ocrx_word' id='word_1_207' title='bbox 3053 2945 3144 2997; x_wconf 81' lang='grc' dir='ltr'>τὸν</span> <span class='ocrx_word' id='word_1_208' title='bbox 3202 2946 3352 3016; x_wconf 73' lang='grc' dir='ltr'>ἱερὸν</span> <span class='ocrx_word' id='word_1_209' title='bbox 3374 2946 3563 2999; x_wconf 81' lang='grc' dir='ltr'>κανόνα</span> <span class='ocrx_word' id='word_1_210' title='bbox 3587 2943 3690 3015; x_wconf 86' lang='grc' dir='ltr'>ὁρί-</span> 
     </span>
    </p>
   </div>
   <div class='ocr_carea' id='block_1_40' title="bbox 457 3024 2030 3123">
    <p class='ocr_par' dir='ltr' id='par_1_40' title="bbox 457 3024 2030 3099">
     <span class='ocr_line' id='line_1_40' title="bbox 457 3024 2030 3099; baseline -0.007 -12"><span class='ocrx_word' id='word_1_211' title='bbox 457 3033 673 3094; x_wconf 81' lang='lat' dir='ltr'><strong><em>nimus,</em></strong></span> <span class='ocrx_word' id='word_1_212' title='bbox 734 3039 794 3085; x_wconf 91' lang='lat' dir='ltr'><strong><em>ut</em></strong></span> <span class='ocrx_word' id='word_1_213' title='bbox 847 3044 969 3099; x_wconf 65' lang='lat' dir='ltr'><strong><em>qua:</em></strong></span> <span class='ocrx_word' id='word_1_214' title='bbox 1022 3027 1315 3097; x_wconf 85' lang='lat' dir='ltr'>episcopali</span> <span class='ocrx_word' id='word_1_215' title='bbox 1367 3027 1644 3082; x_wconf 83' lang='lat' dir='ltr'><strong><em>voluntate</em></strong></span> <span class='ocrx_word' id='word_1_216' title='bbox 1689 3024 1853 3079; x_wconf 93' lang='lat' dir='ltr'><strong><em>semel</em></strong></span> <span class='ocrx_word' id='word_1_217' title='bbox 1904 3038 2030 3078; x_wconf 90' lang='lat' dir='ltr'><strong><em>con-</em></strong></span> 
     </span>
    </p>
   </div>
   <div class='ocr_carea' id='block_1_41' title="bbox 2142 3024 3691 3123">
    <p class='ocr_par' dir='ltr' id='par_1_41' title="bbox 2142 3029 3691 3107">
     <span class='ocr_line' id='line_1_41' title="bbox 2142 3029 3691 3107; baseline 0.004 -24"><span class='ocrx_word' id='word_1_218' title='bbox 2142 3029 2305 3101; x_wconf 81' lang='grc' dir='ltr'>ζομεν</span> <span class='ocrx_word' id='word_1_219' title='bbox 2334 3071 2349 3095; x_wconf 90' lang='grc'>,</span> <span class='ocrx_word' id='word_1_220' title='bbox 2384 3031 2524 3085; x_wconf 82' lang='grc' dir='ltr'>ὥστε</span> <span class='ocrx_word' id='word_1_221' title='bbox 2571 3034 2640 3087; x_wconf 85' lang='grc' dir='ltr'>τὰ</span> <span class='ocrx_word' id='word_1_222' title='bbox 2693 3033 2838 3097; x_wconf 79' lang='grc' dir='ltr'>ἅπαξ</span> <span class='ocrx_word' id='word_1_223' title='bbox 2905 3034 3315 3104; x_wconf 78' lang='grc' dir='ltr'>καθιερωθέντα</span> <span class='ocrx_word' id='word_1_224' title='bbox 3383 3037 3691 3107; x_wconf 81' lang='grc' dir='ltr'>μοναστήρια</span> 
     </span>
    </p>
   </div>
   <div class='ocr_carea' id='block_1_42' title="bbox 458 3121 2038 3185">
    <p class='ocr_par' dir='ltr' id='par_1_42' title="bbox 458 3121 2038 3185">
     <span class='ocr_line' id='line_1_42' title="bbox 458 3121 2038 3185; baseline -0.009 -4"><span class='ocrx_word' id='word_1_225' title='bbox 458 3132 669 3181; x_wconf 90' lang='lat' dir='ltr'><strong><em>secrata</em></strong></span> <span class='ocrx_word' id='word_1_226' title='bbox 749 3121 957 3177; x_wconf 80' lang='lat' dir='ltr'><strong><em>fuerint</em></strong></span> <span class='ocrx_word' id='word_1_227' title='bbox 1016 3121 1389 3183; x_wconf 84' lang='lat' dir='ltr'><strong><em>monasteria,</em></strong></span> <span class='ocrx_word' id='word_1_228' title='bbox 1471 3132 1687 3185; x_wconf 85' lang='lat' dir='ltr'><strong><em>semper</em></strong></span> <span class='ocrx_word' id='word_1_229' title='bbox 1766 3124 2038 3169; x_wconf 83' lang='lat' dir='ltr'><strong><em>monaste-</em></strong></span> 
     </span>
    </p>
   </div>
   <div class='ocr_carea' id='block_1_43' title="bbox 459 3207 2038 3282">
    <p class='ocr_par' dir='ltr' id='par_1_43' title="bbox 459 3207 2038 3282">
     <span class='ocr_line' id='line_1_43' title="bbox 459 3207 2038 3282; baseline -0.007 -12"><span class='ocrx_word' id='word_1_230' title='bbox 459 3217 541 3271; x_wconf 90' lang='lat' dir='ltr'>ria</span> <span class='ocrx_word' id='word_1_231' title='bbox 585 3224 861 3280; x_wconf 88' lang='lat' dir='ltr'><strong><em>maneant,</em></strong></span> <span class='ocrx_word' id='word_1_232' title='bbox 900 3224 953 3268; x_wconf 92' lang='lat' dir='ltr'>et</span> <span class='ocrx_word' id='word_1_233' title='bbox 1016 3228 1102 3268; x_wconf 88' lang='lat' dir='ltr'>res</span> <span class='ocrx_word' id='word_1_234' title='bbox 1158 3228 1278 3282; x_wconf 84' lang='lat' dir='ltr'><strong><em>quae</em></strong></span> <span class='ocrx_word' id='word_1_235' title='bbox 1319 3211 1384 3265; x_wconf 89' lang='lat' dir='ltr'>ad</span> <span class='ocrx_word' id='word_1_236' title='bbox 1419 3209 1536 3278; x_wconf 91' lang='lat' dir='ltr'><strong><em>ipsa</em></strong></span> <span class='ocrx_word' id='word_1_237' title='bbox 1593 3207 1886 3278; x_wconf 74' lang='lat' dir='ltr'><strong><em>pertinent,</em></strong></span> <span class='ocrx_word' id='word_1_238' title='bbox 1919 3221 2038 3259; x_wconf 86' lang='lat' dir='ltr'><strong><em>mo-</em></strong></span> 
     </span>
    </p>
   </div>
   <div class='ocr_carea' id='block_1_44' title="bbox 459 3299 2036 3371">
    <p class='ocr_par' dir='ltr' id='par_1_44' title="bbox 459 3299 2036 3371">
     <span class='ocr_line' id='line_1_44' title="bbox 459 3299 2036 3371; baseline -0.005 -10"><span class='ocrx_word' id='word_1_239' title='bbox 459 3308 702 3362; x_wconf 85' lang='lat' dir='ltr'><strong><em>nasteria</em></strong></span> <span class='ocrx_word' id='word_1_240' title='bbox 734 3314 1041 3369; x_wconf 79' lang='lat' dir='ltr'><strong><em>serventur,</em></strong></span> <span class='ocrx_word' id='word_1_241' title='bbox 1076 3313 1129 3358; x_wconf 88' lang='lat' dir='ltr'>et</span> <span class='ocrx_word' id='word_1_242' title='bbox 1157 3319 1219 3357; x_wconf 92' lang='lat' dir='ltr'>ea</span> <span class='ocrx_word' id='word_1_243' title='bbox 1248 3318 1354 3356; x_wconf 86' lang='lat' dir='ltr'>non</span> <span class='ocrx_word' id='word_1_244' title='bbox 1399 3300 1612 3371; x_wconf 85' lang='lat' dir='ltr'><strong><em>possint</em></strong></span> <span class='ocrx_word' id='word_1_245' title='bbox 1644 3315 1766 3355; x_wconf 87' lang='lat' dir='ltr'><strong><em>esse</em></strong></span> <span class='ocrx_word' id='word_1_246' title='bbox 1800 3299 2036 3368; x_wconf 89' lang='lat' dir='ltr'><strong><em>amplius</em></strong></span> 
     </span>
    </p>
   </div>
   <div class='ocr_carea' id='block_1_45' title="bbox 468 3392 2034 3461">
    <p class='ocr_par' dir='ltr' id='par_1_45' title="bbox 468 3392 2034 3461">
     <span class='ocr_line' id='line_1_45' title="bbox 468 3392 2034 3461; baseline -0.008 -5"><span class='ocrx_word' id='word_1_247' title='bbox 468 3399 748 3456; x_wconf 60' lang='lat' dir='ltr'><strong><em>saecularia</em></strong></span> <span class='ocrx_word' id='word_1_248' title='bbox 776 3398 1115 3461; x_wconf 84' lang='lat' dir='ltr'><strong><em>habitacula,</em></strong></span> <span class='ocrx_word' id='word_1_249' title='bbox 1157 3410 1257 3449; x_wconf 88' lang='lat' dir='ltr'>nec</span> <span class='ocrx_word' id='word_1_250' title='bbox 1298 3394 1366 3447; x_wconf 90' lang='lat' dir='ltr'>ab</span> <span class='ocrx_word' id='word_1_251' title='bbox 1410 3393 1520 3446; x_wconf 91' lang='lat' dir='ltr'><strong><em>ullo</em></strong></span> <span class='ocrx_word' id='word_1_252' title='bbox 1553 3407 1615 3445; x_wconf 83' lang='lat' dir='ltr'><strong><em>ex</em></strong></span> <span class='ocrx_word' id='word_1_253' title='bbox 1653 3392 1908 3445; x_wconf 88' lang='lat' dir='ltr'><strong><em>omnibus</em></strong></span> <span class='ocrx_word' id='word_1_254' title='bbox 1938 3406 2034 3445; x_wconf 67' lang='lat' dir='ltr'><strong><em>sae-</em></strong></span> 
     </span>
    </p>
   </div>
   <div class='ocr_carea' id='block_1_46' title="bbox 458 3484 2036 3548">
    <p class='ocr_par' dir='ltr' id='par_1_46' title="bbox 458 3484 2036 3548">
     <span class='ocr_line' id='line_1_46' title="bbox 458 3484 2036 3548; baseline -0.008 0"><span class='ocrx_word' id='word_1_255' title='bbox 458 3493 740 3548; x_wconf 90' lang='lat' dir='ltr'><strong><em>cularibus</em></strong></span> <span class='ocrx_word' id='word_1_256' title='bbox 776 3490 917 3544; x_wconf 87' lang='lat' dir='ltr'><strong><em>tradi</em></strong></span> <span class='ocrx_word' id='word_1_257' title='bbox 947 3487 1285 3542; x_wconf 90' lang='lat' dir='ltr'><strong><em>hominibus.</em></strong></span> <span class='ocrx_word' id='word_1_258' title='bbox 1329 3486 1433 3540; x_wconf 89' lang='lat' dir='ltr'><strong><em>Sed</em></strong></span> <span class='ocrx_word' id='word_1_259' title='bbox 1464 3485 1628 3539; x_wconf 90' lang='lat' dir='ltr'><strong><em>etiam</em></strong></span> <span class='ocrx_word' id='word_1_260' title='bbox 1683 3484 1728 3539; x_wconf 89' lang='lat' dir='ltr'>si</span> <span class='ocrx_word' id='word_1_261' title='bbox 1782 3484 1883 3537; x_wconf 92' lang='lat' dir='ltr'>hoc</span> <span class='ocrx_word' id='word_1_262' title='bbox 1931 3484 2036 3535; x_wconf 90' lang='lat' dir='ltr'><strong><em>hu-</em></strong></span> 
     </span>
    </p>
   </div>
   <div class='ocr_carea' id='block_1_47' title="bbox 458 3577 2034 3652">
    <p class='ocr_par' dir='ltr' id='par_1_47' title="bbox 458 3577 2034 3652">
     <span class='ocr_line' id='line_1_47' title="bbox 458 3577 2034 3652; baseline -0.006 -13"><span class='ocrx_word' id='word_1_263' title='bbox 458 3598 679 3652; x_wconf 83' lang='lat' dir='ltr'><strong><em>cusque</em></strong></span> <span class='ocrx_word' id='word_1_264' title='bbox 729 3580 935 3637; x_wconf 80' lang='lat' dir='ltr'><strong><em>factum</em></strong></span> <span class='ocrx_word' id='word_1_265' title='bbox 990 3588 1096 3643; x_wconf 86' lang='lat' dir='ltr'><strong><em>est,</em></strong></span> <span class='ocrx_word' id='word_1_266' title='bbox 1142 3580 1247 3633; x_wconf 90' lang='lat' dir='ltr'>hoc</span> <span class='ocrx_word' id='word_1_267' title='bbox 1300 3592 1647 3647; x_wconf 89' lang='lat' dir='ltr'><strong><em>nequaquam</em></strong></span> <span class='ocrx_word' id='word_1_268' title='bbox 1703 3577 2034 3631; x_wconf 79' lang='lat' dir='ltr'><strong><em>servandum</em></strong></span> 
     </span>
    </p>
   </div>
   <div class='ocr_carea' id='block_1_48' title="bbox 457 3666 2037 3738">
    <p class='ocr_par' dir='ltr' id='par_1_48' title="bbox 457 3666 2037 3738">
     <span class='ocr_line' id='line_1_48' title="bbox 457 3666 2037 3738; baseline -0.004 -9"><span class='ocrx_word' id='word_1_269' title='bbox 457 3674 837 3737; x_wconf 86' lang='lat' dir='ltr'><strong><em>decernimus;</em></strong></span> <span class='ocrx_word' id='word_1_270' title='bbox 868 3686 965 3725; x_wconf 89' lang='lat' dir='ltr'>eos</span> <span class='ocrx_word' id='word_1_271' title='bbox 1002 3680 1204 3735; x_wconf 89' lang='lat' dir='ltr'><strong><em>autem,</em></strong></span> <span class='ocrx_word' id='word_1_272' title='bbox 1251 3669 1345 3738; x_wconf 89' lang='lat' dir='ltr'><strong><em>qui</em></strong></span> <span class='ocrx_word' id='word_1_273' title='bbox 1394 3669 1649 3736; x_wconf 78' lang='lat' dir='ltr'><strong><em>deinceps</em></strong></span> <span class='ocrx_word' id='word_1_274' title='bbox 1701 3668 1808 3721; x_wconf 91' lang='lat' dir='ltr'>hoc</span> <span class='ocrx_word' id='word_1_275' title='bbox 1855 3666 2037 3722; x_wconf 79' lang='lat' dir='ltr'><strong><em>facere</em></strong></span> 
     </span>
    </p>
   </div>
   <div class='ocr_carea' id='block_1_49' title="bbox 461 3746 1643 3836">
    <p class='ocr_par' dir='ltr' id='par_1_49' title="bbox 461 3746 1643 3836">
     <span class='ocr_line' id='line_1_49' title="bbox 461 3746 1643 3836; baseline -0.005 -16"><span class='ocrx_word' id='word_1_276' title='bbox 461 3766 871 3836; x_wconf 77' lang='lat' dir='ltr'><strong><em>aggrediuntur,</em></strong></span> <span class='ocrx_word' id='word_1_277' title='bbox 904 3746 1179 3818; x_wconf 84' lang='lat' dir='ltr'><strong><em>canonum</em></strong></span> <span class='ocrx_word' id='word_1_278' title='bbox 1210 3761 1389 3831; x_wconf 75' lang='lat' dir='ltr'><strong><em>ptenis</em></strong></span> <span class='ocrx_word' id='word_1_279' title='bbox 1426 3761 1643 3830; x_wconf 89' lang='lat' dir='ltr'><strong><em>subjici.</em></strong></span> 
     </span>
    </p>
   </div>
   <div class='ocr_carea' id='block_1_50' title="bbox 450 3969 2034 4049">
    <p class='ocr_par' dir='ltr' id='par_1_50' title="bbox 450 3969 2034 4049">
     <span class='ocr_line' id='line_1_50' title="bbox 450 3969 2034 4049; baseline -0.004 -19"><span class='ocrx_word' id='word_1_280' title='bbox 450 3976 617 4049; x_wconf 73' lang='lat'>353</span> <span class='ocrx_word' id='word_1_281' title='bbox 646 3974 868 4049; x_wconf 82' lang='lat' dir='ltr'><strong><em>Co_ncilii</em></strong></span> <span class='ocrx_word' id='word_1_282' title='bbox 897 3973 1054 4041; x_wconf 82' lang='lat' dir='ltr'><strong><em>primi</em></strong></span> <span class='ocrx_word' id='word_1_283' title='bbox 1096 3982 1151 4049; x_wconf 17' lang='lat' dir='ltr'><strong><em>Aet</em></strong></span> <span class='ocrx_word' id='word_1_284' title='bbox 1201 3970 1416 4049; x_wconf 73' lang='lat' dir='ltr'><strong><em>secundi</em></strong></span> <span class='ocrx_word' id='word_1_285' title='bbox 1467 3969 1927 4049; x_wconf 38' lang='lat' dir='ltr'><strong><em>C‘onstanlinopoli</em></strong></span> <span class='ocrx_word' id='word_1_286' title='bbox 1978 3970 2034 4049; x_wconf 66' lang='lat' dir='ltr'>in</span> 
     </span>
    </p>
   </div>
   <div class='ocr_carea' id='block_1_51' title="bbox 527 4038 2029 4111">
    <p class='ocr_par' dir='ltr' id='par_1_51' title="bbox 527 4038 2029 4111">
     <span class='ocr_line' id='line_1_51' title="bbox 527 4038 2029 4111; baseline -0.006 -11"><span class='ocrx_word' id='word_1_287' title='bbox 527 4038 637 4100; x_wconf 71' lang='grc' dir='ltr'>ἷυᾶε</span> <span class='ocrx_word' id='word_1_288' title='bbox 694 4038 1013 4100; x_wconf 76' lang='lat' dir='ltr'><strong><em>Sanctorum</em></strong></span> <span class='ocrx_word' id='word_1_289' title='bbox 1072 4042 1439 4111; x_wconf 74' lang='lat' dir='ltr'><strong><em>Apostolorum</em></strong></span> <span class='ocrx_word' id='word_1_290' title='bbox 1496 4040 1660 4093; x_wconf 83' lang='lat' dir='ltr'><strong><em>habiti</em></strong></span> <span class='ocrx_word' id='word_1_291' title='bbox 1723 4056 1947 4093; x_wconf 81' lang='lat' dir='ltr'><strong><em>canones</em></strong></span> <span class='ocrx_word' id='word_1_292' title='bbox 2007 4038 2029 4091; x_wconf 86' lang='grc'><strong>1</strong></span> 
     </span>
    </p>
   </div>
   <div class='ocr_carea' id='block_1_52' title="bbox 526 4119 655 4172">
    <p class='ocr_par' dir='ltr' id='par_1_52' title="bbox 526 4119 655 4172">
     <span class='ocr_line' id='line_1_52' title="bbox 526 4119 655 4172; baseline -0.016 0"><span class='ocrx_word' id='word_1_293' title='bbox 526 4129 574 4172; x_wconf 78' lang='lat' dir='ltr'>et</span> <span class='ocrx_word' id='word_1_294' title='bbox 601 4119 655 4171; x_wconf 80' lang='grc'><strong>6.</strong></span> 
     </span>
    </p>
   </div>
   <div class='ocr_carea' id='block_1_53' title="bbox 525 4202 2033 4273">
    <p class='ocr_par' dir='ltr' id='par_1_53' title="bbox 525 4202 2033 4273">
     <span class='ocr_line' id='line_1_53' title="bbox 525 4202 2033 4273; baseline -0.003 -13"><span class='ocrx_word' id='word_1_295' title='bbox 525 4209 578 4262; x_wconf 77' lang='grc'><strong>1.</strong></span> <span class='ocrx_word' id='word_1_296' title='bbox 608 4207 715 4264; x_wconf 71' lang='lat' dir='ltr'><strong><em>[les</em></strong></span> <span class='ocrx_word' id='word_1_297' title='bbox 741 4206 873 4263; x_wconf 89' lang='lat' dir='ltr'><strong><em>adeo</em></strong></span> <span class='ocrx_word' id='word_1_298' title='bbox 905 4206 1210 4262; x_wconf 85' lang='lat' dir='ltr'><strong><em>veneranda</em></strong></span> <span class='ocrx_word' id='word_1_299' title='bbox 1235 4213 1291 4258; x_wconf 89' lang='lat' dir='ltr'>et</span> <span class='ocrx_word' id='word_1_300' title='bbox 1312 4202 1674 4269; x_wconf 87' lang='lat' dir='ltr'><strong><em>honorabilis,</em></strong></span> <span class='ocrx_word' id='word_1_301' title='bbox 1702 4212 1807 4257; x_wconf 86' lang='lat' dir='ltr'><strong><em>etc.</em></strong></span> <span class='ocrx_word' id='word_1_302' title='bbox 1836 4214 2033 4273; x_wconf 84' lang='lat' dir='ltr'><strong><em>utpag.</em></strong></span> 
     </span>
    </p>
   </div>
   <div class='ocr_carea' id='block_1_54' title="bbox 456 4299 580 4354">
    <p class='ocr_par' dir='ltr' id='par_1_54' title="bbox 456 4299 580 4354">
     <span class='ocr_line' id='line_1_54' title="bbox 456 4299 580 4354; baseline -0.008 0"><span class='ocrx_word' id='word_1_303' title='bbox 456 4299 580 4354; x_wconf 81' lang='lat' dir='ltr'>H8.</span> 
     </span>
    </p>
   </div>
   <div class='ocr_carea' id='block_1_55' title="bbox 2141 3121 3691 3198">
    <p class='ocr_par' dir='ltr' id='par_1_55' title="bbox 2141 3121 3691 3198">
     <span class='ocr_line' id='line_1_55' title="bbox 2141 3121 3691 3198; baseline 0.002 -22"><span class='ocrx_word' id='word_1_304' title='bbox 2141 3122 2281 3176; x_wconf 81' lang='grc' dir='ltr'>κατὰ</span> <span class='ocrx_word' id='word_1_305' title='bbox 2325 3121 2552 3193; x_wconf 79' lang='grc' dir='ltr'>γνώμην</span> <span class='ocrx_word' id='word_1_306' title='bbox 2602 3126 2924 3191; x_wconf 78' lang='grc' dir='ltr'>ἐπισκόπου,</span> <span class='ocrx_word' id='word_1_307' title='bbox 2978 3127 3156 3196; x_wconf 79' lang='grc' dir='ltr'>μένειν</span> <span class='ocrx_word' id='word_1_308' title='bbox 3226 3129 3307 3191; x_wconf 86' lang='grc' dir='ltr'>εἰς</span> <span class='ocrx_word' id='word_1_309' title='bbox 3368 3129 3428 3181; x_wconf 82' lang='grc' dir='ltr'>τὸ</span> <span class='ocrx_word' id='word_1_310' title='bbox 3469 3129 3691 3198; x_wconf 81' lang='grc' dir='ltr'>διηνεκὲς</span> 
     </span>
    </p>
   </div>
   <div class='ocr_carea' id='block_1_56' title="bbox 2141 3216 3690 3292">
    <p class='ocr_par' dir='ltr' id='par_1_56' title="bbox 2141 3216 3690 3292">
     <span class='ocr_line' id='line_1_56' title="bbox 2141 3216 3690 3292; baseline 0.003 -24"><span class='ocrx_word' id='word_1_311' title='bbox 2141 3217 2478 3286; x_wconf 80' lang='grc' dir='ltr'>μοναστήρια</span> <span class='ocrx_word' id='word_1_312' title='bbox 2507 3216 2688 3269; x_wconf 78' lang='grc' dir='ltr'>καὶτὰ</span> <span class='ocrx_word' id='word_1_313' title='bbox 2736 3220 3005 3286; x_wconf 85' lang='grc' dir='ltr'>ἀνήκοντα</span> <span class='ocrx_word' id='word_1_314' title='bbox 3038 3219 3227 3283; x_wconf 84' lang='grc' dir='ltr'>αὐτοῖς</span> <span class='ocrx_word' id='word_1_315' title='bbox 3255 3221 3550 3292; x_wconf 76' lang='grc' dir='ltr'>πράγματα</span> <span class='ocrx_word' id='word_1_316' title='bbox 3597 3238 3690 3289; x_wconf 80' lang='grc' dir='ltr'>φυ-</span> 
     </span>
    </p>
   </div>
   <div class='ocr_carea' id='block_1_57' title="bbox 2137 3307 3689 3383">
    <p class='ocr_par' dir='ltr' id='par_1_57' title="bbox 2137 3307 3689 3383">
     <span class='ocr_line' id='line_1_57' title="bbox 2137 3307 3689 3383; baseline 0.001 -22"><span class='ocrx_word' id='word_1_317' title='bbox 2137 3307 2427 3362; x_wconf 80' lang='grc' dir='ltr'>λάττεσθαι</span> <span class='ocrx_word' id='word_1_318' title='bbox 2486 3309 2561 3380; x_wconf 82' lang='grc' dir='ltr'>τῷ</span> <span class='ocrx_word' id='word_1_319' title='bbox 2622 3310 2985 3383; x_wconf 76' lang='grc' dir='ltr'>μοναστηρίῳ,</span> <span class='ocrx_word' id='word_1_320' title='bbox 3043 3311 3139 3365; x_wconf 74' lang='grc' dir='ltr'>καὶ</span> <span class='ocrx_word' id='word_1_321' title='bbox 3209 3315 3409 3383; x_wconf 80' lang='grc' dir='ltr'>μηκέτι</span> <span class='ocrx_word' id='word_1_322' title='bbox 3456 3313 3689 3366; x_wconf 75' lang='grc' dir='ltr'>δύνασθαι</span> 
     </span>
    </p>
   </div>
   <div class='ocr_carea' id='block_1_58' title="bbox 2138 3399 3690 3473">
    <p class='ocr_par' dir='ltr' id='par_1_58' title="bbox 2138 3399 3690 3473">
     <span class='ocr_line' id='line_1_58' title="bbox 2138 3399 3690 3473; baseline 0.003 -23"><span class='ocrx_word' id='word_1_323' title='bbox 2138 3399 2278 3452; x_wconf 80' lang='grc' dir='ltr'>αὐτὰ</span> <span class='ocrx_word' id='word_1_324' title='bbox 2307 3400 2548 3470; x_wconf 80' lang='grc' dir='ltr'>κοσμικὰ</span> <span class='ocrx_word' id='word_1_325' title='bbox 2578 3401 2918 3469; x_wconf 82' lang='grc' dir='ltr'>καταγώγια,</span> <span class='ocrx_word' id='word_1_326' title='bbox 2956 3405 3094 3473; x_wconf 85' lang='grc' dir='ltr'>μήτε</span> <span class='ocrx_word' id='word_1_327' title='bbox 3147 3405 3205 3458; x_wconf 84' lang='grc' dir='ltr'>δὲ</span> <span class='ocrx_word' id='word_1_328' title='bbox 3260 3406 3365 3458; x_wconf 82' lang='grc' dir='ltr'>ὑπὸ</span> <span class='ocrx_word' id='word_1_329' title='bbox 3414 3423 3554 3468; x_wconf 89' lang='grc' dir='ltr'>τινος</span> <span class='ocrx_word' id='word_1_330' title='bbox 3598 3406 3690 3456; x_wconf 84' lang='grc' dir='ltr'>τῶν</span> 
     </span>
    </p>
   </div>
   <div class='ocr_carea' id='block_1_59' title="bbox 2136 3491 3690 3563">
    <p class='ocr_par' dir='ltr' id='par_1_59' title="bbox 2136 3491 3690 3563">
     <span class='ocr_line' id='line_1_59' title="bbox 2136 3491 3690 3563; baseline 0 -19"><span class='ocrx_word' id='word_1_331' title='bbox 2136 3491 2394 3544; x_wconf 86' lang='grc' dir='ltr'>ἁπάντων</span> <span class='ocrx_word' id='word_1_332' title='bbox 2420 3494 2707 3561; x_wconf 85' lang='grc' dir='ltr'>κοσμικοῖς</span> <span class='ocrx_word' id='word_1_333' title='bbox 2739 3493 2965 3563; x_wconf 84' lang='grc' dir='ltr'>ἀνδράσι</span> <span class='ocrx_word' id='word_1_334' title='bbox 3004 3494 3177 3547; x_wconf 80' lang='grc' dir='ltr'>ταῦτα</span> <span class='ocrx_word' id='word_1_335' title='bbox 3226 3496 3522 3549; x_wconf 82' lang='grc' dir='ltr'>ἐκδίδοσθαι</span> <span class='ocrx_word' id='word_1_336' title='bbox 3543 3513 3557 3526; x_wconf 71' lang='grc'><strong>⁸</strong></span> <span class='ocrx_word' id='word_1_337' title='bbox 3588 3494 3690 3548; x_wconf 82' lang='grc' dir='ltr'>ἀλλ’</span> 
     </span>
    </p>
   </div>
   <div class='ocr_carea' id='block_1_60' title="bbox 2136 3582 3691 3659">
    <p class='ocr_par' dir='ltr' id='par_1_60' title="bbox 2136 3582 3691 3659">
     <span class='ocr_line' id='line_1_60' title="bbox 2136 3582 3691 3659; baseline 0.003 -24"><span class='ocrx_word' id='word_1_338' title='bbox 2136 3584 2185 3636; x_wconf 82' lang='grc' dir='ltr'>εί</span> <span class='ocrx_word' id='word_1_339' title='bbox 2208 3584 2481 3653; x_wconf 74' lang='grc' dir='ltr'>καὶμέχρι</span> <span class='ocrx_word' id='word_1_340' title='bbox 2511 3582 2605 3636; x_wconf 80' lang='grc' dir='ltr'>νῦν</span> <span class='ocrx_word' id='word_1_341' title='bbox 2636 3585 2825 3652; x_wconf 81' lang='grc' dir='ltr'>γέγονε</span> <span class='ocrx_word' id='word_1_342' title='bbox 2855 3585 3033 3650; x_wconf 80' lang='grc' dir='ltr'>τοῦτο,</span> <span class='ocrx_word' id='word_1_343' title='bbox 3078 3589 3349 3658; x_wconf 78' lang='grc' dir='ltr'>μηδαμῶς</span> <span class='ocrx_word' id='word_1_344' title='bbox 3399 3588 3691 3659; x_wconf 82' lang='grc' dir='ltr'>κρατεῖσθαι</span> 
     </span>
    </p>
   </div>
   <div class='ocr_carea' id='block_1_61' title="bbox 2135 3673 3690 3750">
    <p class='ocr_par' dir='ltr' id='par_1_61' title="bbox 2135 3673 3690 3750">
     <span class='ocr_line' id='line_1_61' title="bbox 2135 3673 3690 3750; baseline 0.003 -23"><span class='ocrx_word' id='word_1_345' title='bbox 2135 3673 2431 3745; x_wconf 76' lang='grc' dir='ltr'>ὁρίζομενο</span> <span class='ocrx_word' id='word_1_346' title='bbox 2488 3677 2613 3740; x_wconf 78' lang='grc' dir='ltr'>τοὺς</span> <span class='ocrx_word' id='word_1_347' title='bbox 2659 3676 2716 3729; x_wconf 82' lang='grc' dir='ltr'>δὲ</span> <span class='ocrx_word' id='word_1_348' title='bbox 2776 3677 2887 3730; x_wconf 74' lang='grc' dir='ltr'>ἀπὸ</span> <span class='ocrx_word' id='word_1_349' title='bbox 2949 3676 3043 3729; x_wconf 81' lang='grc' dir='ltr'>τοῦ</span> <span class='ocrx_word' id='word_1_350' title='bbox 3106 3680 3378 3750; x_wconf 80' lang='grc' dir='ltr'>παρόντος</span> <span class='ocrx_word' id='word_1_351' title='bbox 3448 3681 3690 3750; x_wconf 76' lang='grc' dir='ltr'>πράττειν</span> 
     </span>
    </p>
   </div>
   <div class='ocr_carea' id='block_1_62' title="bbox 2134 3765 3691 3837">
    <p class='ocr_par' dir='ltr' id='par_1_62' title="bbox 2134 3765 3691 3837">
     <span class='ocr_line' id='line_1_62' title="bbox 2134 3765 3691 3837; baseline 0.006 -20"><span class='ocrx_word' id='word_1_352' title='bbox 2134 3765 2293 3818; x_wconf 81' lang='grc' dir='ltr'>τοῦτο</span> <span class='ocrx_word' id='word_1_353' title='bbox 2338 3768 2773 3837; x_wconf 76' lang='grc' dir='ltr'>ἐπιχειροῦντας,</span> <span class='ocrx_word' id='word_1_354' title='bbox 2829 3769 3154 3825; x_wconf 86' lang='grc' dir='ltr'>ὑποκεῖσθαι</span> <span class='ocrx_word' id='word_1_355' title='bbox 3193 3774 3310 3836; x_wconf 82' lang='grc' dir='ltr'>τοῖς</span> <span class='ocrx_word' id='word_1_356' title='bbox 3342 3773 3406 3825; x_wconf 83' lang='grc' dir='ltr'>ἐκ</span> <span class='ocrx_word' id='word_1_357' title='bbox 3457 3773 3561 3826; x_wconf 84' lang='grc' dir='ltr'>τῶν</span> <span class='ocrx_word' id='word_1_358' title='bbox 3602 3789 3691 3823; x_wconf 86' lang='grc' dir='ltr'>κα-</span> 
     </span>
    </p>
   </div>
   <div class='ocr_carea' id='block_1_63' title="bbox 2135 3855 2643 3927">
    <p class='ocr_par' dir='ltr' id='par_1_63' title="bbox 2135 3855 2643 3927">
     <span class='ocr_line' id='line_1_63' title="bbox 2135 3855 2643 3927; baseline 0.008 -20"><span class='ocrx_word' id='word_1_359' title='bbox 2135 3855 2301 3908; x_wconf 89' lang='grc' dir='ltr'>νόνων</span> <span class='ocrx_word' id='word_1_360' title='bbox 2329 3856 2643 3927; x_wconf 83' lang='grc' dir='ltr'>ἐπιτιμίοις.</span> 
     </span>
    </p>
   </div>
   <div class='ocr_carea' id='block_1_64' title="bbox 2137 3967 3689 4040">
    <p class='ocr_par' dir='ltr' id='par_1_64' title="bbox 2137 3967 3689 4040">
     <span class='ocr_line' id='line_1_64' title="bbox 2137 3967 3689 4040; baseline 0.002 -19"><span class='ocrx_word' id='word_1_361' title='bbox 2137 3968 2408 4022; x_wconf 81' lang='grc' dir='ltr'>Συνόδου</span> <span class='ocrx_word' id='word_1_362' title='bbox 2435 3975 2487 4023; x_wconf 89' lang='lat' dir='ltr'>a&#39;</span> <span class='ocrx_word' id='word_1_363' title='bbox 2527 3969 2623 4022; x_wconf 80' lang='grc' dir='ltr'>καὶ</span> <span class='ocrx_word' id='word_1_364' title='bbox 2643 3967 2703 4033; x_wconf 81' lang='grc' dir='ltr'>β’</span> <span class='ocrx_word' id='word_1_365' title='bbox 2735 3973 3257 4040; x_wconf 15' lang='grc' dir='ltr'>νσυγκροτηθείσης</span> <span class='ocrx_word' id='word_1_366' title='bbox 3294 3973 3365 4027; x_wconf 75' lang='grc' dir='ltr'>ἐν</span> <span class='ocrx_word' id='word_1_367' title='bbox 3399 3978 3689 4027; x_wconf 77' lang='grc' dir='ltr'>Κωνσταν-</span> 
     </span>
    </p>
   </div>
   <div class='ocr_carea' id='block_1_65' title="bbox 2203 4039 3688 4114">
    <p class='ocr_par' dir='ltr' id='par_1_65' title="bbox 2203 4039 3688 4114">
     <span class='ocr_line' id='line_1_65' title="bbox 2203 4039 3688 4114; baseline 0.002 -23"><span class='ocrx_word' id='word_1_368' title='bbox 2203 4042 2547 4114; x_wconf 61' lang='grc' dir='ltr'>τινορπόλει</span> <span class='ocrx_word' id='word_1_369' title='bbox 2579 4040 2647 4114; x_wconf 61' lang='grc' dir='ltr'>(ἓν</span> <span class='ocrx_word' id='word_1_370' title='bbox 2681 4039 2760 4106; x_wconf 84' lang='grc' dir='ltr'>τῷ</span> <span class='ocrx_word' id='word_1_371' title='bbox 2789 4039 2913 4106; x_wconf 73' lang='grc' dir='ltr'>ναῷ</span> <span class='ocrx_word' id='word_1_372' title='bbox 2943 4041 3057 4094; x_wconf 83' lang='grc' dir='ltr'>τῶν</span> <span class='ocrx_word' id='word_1_373' title='bbox 3082 4045 3303 4114; x_wconf 75' lang='grc' dir='ltr'>Ἀγίων</span> <span class='ocrx_word' id='word_1_374' title='bbox 3331 4045 3688 4098; x_wconf 74' lang='grc' dir='ltr'>Ἀποστόλων</span> 
     </span>
    </p>
   </div>
   <div class='ocr_carea' id='block_1_66' title="bbox 2206 4108 2709 4173">
    <p class='ocr_par' dir='ltr' id='par_1_66' title="bbox 2206 4108 2709 4173">
     <span class='ocr_line' id='line_1_66' title="bbox 2206 4108 2709 4173; baseline 0.006 -12"><span class='ocrx_word' id='word_1_375' title='bbox 2206 4108 2407 4162; x_wconf 77' lang='grc' dir='ltr'>κανὼν</span> <span class='ocrx_word' id='word_1_376' title='bbox 2435 4115 2480 4161; x_wconf 83' lang='grc' dir='ltr'>α’</span> <span class='ocrx_word' id='word_1_377' title='bbox 2505 4109 2602 4164; x_wconf 75' lang='grc' dir='ltr'>καὶ</span> <span class='ocrx_word' id='word_1_378' title='bbox 2634 4117 2709 4173; x_wconf 79' lang='grc' dir='ltr'><strong>ς’.</strong></span> 
     </span>
    </p>
   </div>
   <div class='ocr_carea' id='block_1_67' title="bbox 2206 4201 3547 4276">
    <p class='ocr_par' dir='ltr' id='par_1_67' title="bbox 2206 4201 3547 4276">
     <span class='ocr_line' id='line_1_67' title="bbox 2206 4201 3547 4276; baseline 0.003 -22"><span class='ocrx_word' id='word_1_379' title='bbox 2206 4208 2275 4255; x_wconf 88' lang='grc' dir='ltr'>α’.</span> <span class='ocrx_word' id='word_1_380' title='bbox 2318 4202 2557 4273; x_wconf 83' lang='grc' dir='ltr'>Πρᾶγμα</span> <span class='ocrx_word' id='word_1_381' title='bbox 2585 4203 2780 4272; x_wconf 76' lang='grc' dir='ltr'>σεμνὸν</span> <span class='ocrx_word' id='word_1_382' title='bbox 2807 4201 2948 4256; x_wconf 79' lang='grc' dir='ltr'>οὕτω</span> <span class='ocrx_word' id='word_1_383' title='bbox 2972 4202 3067 4256; x_wconf 71' lang='grc' dir='ltr'>καὶ</span> <span class='ocrx_word' id='word_1_384' title='bbox 3096 4204 3301 4276; x_wconf 88' lang='grc' dir='ltr'>τίμιον,</span> <span class='ocrx_word' id='word_1_385' title='bbox 3330 4223 3383 4259; x_wconf 88' lang='grc' dir='ltr'><strong>κ.</strong></span> <span class='ocrx_word' id='word_1_386' title='bbox 3419 4224 3469 4260; x_wconf 89' lang='grc' dir='ltr'><strong>τ.</strong></span> <span class='ocrx_word' id='word_1_387' title='bbox 3499 4206 3547 4258; x_wconf 81' lang='grc' dir='ltr'><strong>λ.</strong></span> 
     </span>
    </p>
   </div>
   <div class='ocr_carea' id='block_1_68' title="bbox 525 4385 2030 4459">
    <p class='ocr_par' dir='ltr' id='par_1_68' title="bbox 525 4386 2026 4458">
     <span class='ocr_line' id='line_1_68' title="bbox 525 4386 2026 4458; baseline -0.005 -11"><span class='ocrx_word' id='word_1_388' title='bbox 525 4393 578 4447; x_wconf 85' lang='grc'><strong>6.</strong></span> <span class='ocrx_word' id='word_1_389' title='bbox 622 4391 873 4446; x_wconf 87' lang='lat' dir='ltr'><strong><em>Monachi</em></strong></span> <span class='ocrx_word' id='word_1_390' title='bbox 914 4391 1047 4444; x_wconf 84' lang='lat' dir='ltr'><strong><em>nihil</em></strong></span> <span class='ocrx_word' id='word_1_391' title='bbox 1082 4391 1281 4445; x_wconf 86' lang='lat' dir='ltr'><strong><em>debent</em></strong></span> <span class='ocrx_word' id='word_1_392' title='bbox 1332 4391 1533 4445; x_wconf 86' lang='lat' dir='ltr'><strong><em>habere</em></strong></span> <span class='ocrx_word' id='word_1_393' title='bbox 1580 4388 1852 4458; x_wconf 86' lang='lat' dir='ltr'><strong><em>preprium</em></strong></span> <span class='ocrx_word' id='word_1_394' title='bbox 1890 4386 2026 4441; x_wconf 88' lang='lat' dir='ltr'><strong><em>:sed</em></strong></span> 
     </span>
    </p>
   </div>
   <div class='ocr_carea' id='block_1_69' title="bbox 2142 4385 3691 4459">
    <p class='ocr_par' dir='ltr' id='par_1_69' title="bbox 2205 4385 3691 4459">
     <span class='ocr_line' id='line_1_69' title="bbox 2205 4385 3691 4459; baseline -0.004 -17"><span class='ocrx_word' id='word_1_395' title='bbox 2205 4394 2280 4452; x_wconf 77' lang='grc' dir='ltr'><strong>ς’.</strong></span> <span class='ocrx_word' id='word_1_396' title='bbox 2322 4390 2383 4441; x_wconf 86' lang='grc' dir='ltr'>Οί</span> <span class='ocrx_word' id='word_1_397' title='bbox 2417 4387 2640 4459; x_wconf 85' lang='grc' dir='ltr'>μοναχοὶ</span> <span class='ocrx_word' id='word_1_398' title='bbox 2668 4388 2818 4442; x_wconf 80' lang='grc' dir='ltr'>οὐδὲν</span> <span class='ocrx_word' id='word_1_399' title='bbox 2845 4389 2974 4441; x_wconf 75' lang='grc' dir='ltr'>ἴδιον</span> <span class='ocrx_word' id='word_1_400' title='bbox 2998 4388 3306 4458; x_wconf 80' lang='grc' dir='ltr'>ὀφείλουσιν</span> <span class='ocrx_word' id='word_1_401' title='bbox 3332 4388 3494 4459; x_wconf 78' lang='grc' dir='ltr'>ἔχειν,</span> <span class='ocrx_word' id='word_1_402' title='bbox 3531 4385 3691 4438; x_wconf 79' lang='grc' dir='ltr'>πάντα</span> 
     </span>
    </p>
   </div>
   <div class='ocr_carea' id='block_1_70' title="bbox 456 4478 2030 4539">
    <p class='ocr_par' dir='ltr' id='par_1_70' title="bbox 456 4478 2030 4539">
     <span class='ocr_line' id='line_1_70' title="bbox 456 4478 2030 4539; baseline -0.004 0"><span class='ocrx_word' id='word_1_403' title='bbox 456 4486 640 4539; x_wconf 90' lang='lat' dir='ltr'><strong><em>omnia</em></strong></span> <span class='ocrx_word' id='word_1_404' title='bbox 668 4498 855 4538; x_wconf 92' lang='lat' dir='ltr'><strong><em>eorum</em></strong></span> <span class='ocrx_word' id='word_1_405' title='bbox 886 4482 1216 4536; x_wconf 86' lang='lat' dir='ltr'><strong><em>monasterio</em></strong></span> <span class='ocrx_word' id='word_1_406' title='bbox 1235 4483 1457 4536; x_wconf 88' lang='lat' dir='ltr'><strong><em>ascribi.</em></strong></span> <span class='ocrx_word' id='word_1_407' title='bbox 1486 4480 1622 4533; x_wconf 81' lang='lat' dir='ltr'><strong><em>Dicit</em></strong></span> <span class='ocrx_word' id='word_1_408' title='bbox 1653 4479 1795 4532; x_wconf 89' lang='lat' dir='ltr'><strong><em>enim</em></strong></span> <span class='ocrx_word' id='word_1_409' title='bbox 1837 4478 2030 4532; x_wconf 85' lang='lat' dir='ltr'><strong><em>beatus</em></strong></span> 
     </span>
    </p>
   </div>
   <div class='ocr_carea' id='block_1_71' title="bbox 454 4570 2029 4642">
    <p class='ocr_par' dir='ltr' id='par_1_71' title="bbox 454 4570 2029 4642">
     <span class='ocr_line' id='line_1_71' title="bbox 454 4570 2029 4642; baseline -0.008 -13"><span class='ocrx_word' id='word_1_410' title='bbox 454 4573 631 4629; x_wconf 84' lang='lat' dir='ltr'><strong><em>Lucas</em></strong></span> <span class='ocrx_word' id='word_1_411' title='bbox 678 4573 745 4627; x_wconf 90' lang='lat' dir='ltr'>de</span> <span class='ocrx_word' id='word_1_412' title='bbox 776 4573 844 4627; x_wconf 88' lang='lat' dir='ltr'>iis</span> <span class='ocrx_word' id='word_1_413' title='bbox 875 4573 964 4642; x_wconf 88' lang='lat' dir='ltr'>qui</span> <span class='ocrx_word' id='word_1_414' title='bbox 997 4572 1227 4626; x_wconf 89' lang='lat' dir='ltr'><strong><em>credunt</em></strong></span> <span class='ocrx_word' id='word_1_415' title='bbox 1262 4573 1315 4624; x_wconf 91' lang='lat' dir='ltr'>in</span> <span class='ocrx_word' id='word_1_416' title='bbox 1368 4570 1668 4633; x_wconf 87' lang='lat' dir='ltr'><strong><em>Christum,</em></strong></span> <span class='ocrx_word' id='word_1_417' title='bbox 1724 4576 1779 4620; x_wconf 88' lang='lat' dir='ltr'>et</span> <span class='ocrx_word' id='word_1_418' title='bbox 1839 4579 2029 4619; x_wconf 87' lang='lat' dir='ltr'><strong><em>mona-</em></strong></span> 
     </span>
    </p>
   </div>
   <div class='ocr_carea' id='block_1_72' title="bbox 455 4656 2030 4729">
    <p class='ocr_par' dir='ltr' id='par_1_72' title="bbox 455 4656 2030 4729">
     <span class='ocr_line' id='line_1_72' title="bbox 455 4656 2030 4729; baseline -0.008 -8"><span class='ocrx_word' id='word_1_419' title='bbox 455 4668 683 4721; x_wconf 82' lang='lat' dir='ltr'><strong><em>chorum</em></strong></span> <span class='ocrx_word' id='word_1_420' title='bbox 716 4665 1115 4721; x_wconf 88' lang='lat' dir='ltr'><strong><em>institutionem</em></strong></span> <span class='ocrx_word' id='word_1_421' title='bbox 1149 4662 1484 4727; x_wconf 89' lang='lat' dir='ltr'><strong><em>describunt,</em></strong></span> <span class='ocrx_word' id='word_1_422' title='bbox 1511 4661 1653 4729; x_wconf 87' lang='lat' dir='ltr'><strong><em>quod</em></strong></span> <span class='ocrx_word' id='word_1_423' title='bbox 1687 4673 1847 4712; x_wconf 88' lang='lat' dir='ltr'><strong><em>nemo</em></strong></span> <span class='ocrx_word' id='word_1_424' title='bbox 1873 4656 2030 4726; x_wconf 89' lang='lat' dir='ltr'><strong><em>quid-</em></strong></span> 
     </span>
    </p>
   </div>
   <div class='ocr_carea' id='block_1_73' title="bbox 453 4748 2026 4826">
    <p class='ocr_par' dir='ltr' id='par_1_73' title="bbox 453 4748 2026 4826">
     <span class='ocr_line' id='line_1_73' title="bbox 453 4748 2026 4826; baseline -0.005 -17"><span class='ocrx_word' id='word_1_425' title='bbox 453 4772 615 4826; x_wconf 82' lang='lat' dir='ltr'><strong><em>quam</em></strong></span> <span class='ocrx_word' id='word_1_426' title='bbox 647 4772 835 4811; x_wconf 84' lang='lat' dir='ltr'><strong><em>eorum</em></strong></span> <span class='ocrx_word' id='word_1_427' title='bbox 872 4772 993 4825; x_wconf 65' lang='lat' dir='ltr'><strong><em>quae</em></strong></span> <span class='ocrx_word' id='word_1_428' title='bbox 1025 4756 1266 4815; x_wconf 79' lang='lat' dir='ltr'><strong><em>aderant,</em></strong></span> <span class='ocrx_word' id='word_1_429' title='bbox 1302 4753 1584 4823; x_wconf 87' lang='lat' dir='ltr'><strong><em>proprium</em></strong></span> <span class='ocrx_word' id='word_1_430' title='bbox 1620 4763 1743 4805; x_wconf 88' lang='lat' dir='ltr'><strong><em>esse</em></strong></span> <span class='ocrx_word' id='word_1_431' title='bbox 1790 4748 2026 4813; x_wconf 88' lang='lat' dir='ltr'><strong><em>dicebat,</em></strong></span> 
     </span>
    </p>
   </div>
   <div class='ocr_carea' id='block_1_74' title="bbox 454 4835 2027 4904">
    <p class='ocr_par' dir='ltr' id='par_1_74' title="bbox 454 4835 2027 4904">
     <span class='ocr_line' id='line_1_74' title="bbox 454 4835 2027 4904; baseline -0.008 -3"><span class='ocrx_word' id='word_1_432' title='bbox 454 4848 548 4901; x_wconf 76' lang='lat' dir='ltr'>sed</span> <span class='ocrx_word' id='word_1_433' title='bbox 578 4854 735 4900; x_wconf 87' lang='lat' dir='ltr'><strong><em>erant</em></strong></span> <span class='ocrx_word' id='word_1_434' title='bbox 772 4845 878 4900; x_wconf 90' lang='lat' dir='ltr'><strong><em>illis</em></strong></span> <span class='ocrx_word' id='word_1_435' title='bbox 910 4845 1090 4899; x_wconf 88' lang='lat' dir='ltr'><strong><em>omnia</em></strong></span> <span class='ocrx_word' id='word_1_436' title='bbox 1143 4842 1481 4898; x_wconf 86' lang='lat' dir='ltr'><strong><em>communia.</em></strong></span> <span class='ocrx_word' id='word_1_437' title='bbox 1534 4840 1598 4893; x_wconf 85' lang='lat' dir='ltr'><strong><em>Et</em></strong></span> <span class='ocrx_word' id='word_1_438' title='bbox 1654 4839 1775 4892; x_wconf 84' lang='lat' dir='ltr'><strong><em>ideo</em></strong></span> <span class='ocrx_word' id='word_1_439' title='bbox 1823 4837 1889 4890; x_wconf 87' lang='lat' dir='ltr'>iis</span> <span class='ocrx_word' id='word_1_440' title='bbox 1933 4835 2027 4904; x_wconf 87' lang='lat' dir='ltr'>qui</span> 
     </span>
    </p>
   </div>
   <div class='ocr_carea' id='block_1_75' title="bbox 454 4928 2027 5007">
    <p class='ocr_par' dir='ltr' id='par_1_75' title="bbox 454 4928 2027 5007">
     <span class='ocr_line' id='line_1_75' title="bbox 454 4928 2027 5007; baseline -0.008 -14"><span class='ocrx_word' id='word_1_441' title='bbox 454 4940 705 4994; x_wconf 86' lang='lat' dir='ltr'><strong><em>monachi</em></strong></span> <span class='ocrx_word' id='word_1_442' title='bbox 731 4954 850 4994; x_wconf 90' lang='lat' dir='ltr'><strong><em>esse</em></strong></span> <span class='ocrx_word' id='word_1_443' title='bbox 876 4938 1087 5003; x_wconf 87' lang='lat' dir='ltr'><strong><em>volunt,</em></strong></span> <span class='ocrx_word' id='word_1_444' title='bbox 1118 4938 1269 5007; x_wconf 88' lang='lat' dir='ltr'><strong><em>prius</em></strong></span> <span class='ocrx_word' id='word_1_445' title='bbox 1303 4938 1461 4990; x_wconf 90' lang='lat' dir='ltr'><strong><em>datur</em></strong></span> <span class='ocrx_word' id='word_1_446' title='bbox 1503 4933 1736 4987; x_wconf 82' lang='lat' dir='ltr'><strong><em>facultas</em></strong></span> <span class='ocrx_word' id='word_1_447' title='bbox 1788 4929 1854 4984; x_wconf 90' lang='lat' dir='ltr'>de</span> <span class='ocrx_word' id='word_1_448' title='bbox 1910 4928 2027 4983; x_wconf 89' lang='lat' dir='ltr'><strong><em>suis</em></strong></span> 
     </span>
    </p>
   </div>
   <div class='ocr_carea' id='block_1_76' title="bbox 453 5023 2028 5098">
    <p class='ocr_par' dir='ltr' id='par_1_76' title="bbox 453 5023 2028 5098">
     <span class='ocr_line' id='line_1_76' title="bbox 453 5023 2028 5098; baseline -0.01 -13"><span class='ocrx_word' id='word_1_449' title='bbox 453 5031 614 5085; x_wconf 78' lang='lat' dir='ltr'><strong><em>rebus</em></strong></span> <span class='ocrx_word' id='word_1_450' title='bbox 660 5030 918 5094; x_wconf 87' lang='lat' dir='ltr'><strong><em>testandi,</em></strong></span> <span class='ocrx_word' id='word_1_451' title='bbox 972 5044 1035 5084; x_wconf 86' lang='lat' dir='ltr'>ac</span> <span class='ocrx_word' id='word_1_452' title='bbox 1085 5026 1445 5098; x_wconf 90' lang='lat' dir='ltr'><strong><em>disponendi,</em></strong></span> <span class='ocrx_word' id='word_1_453' title='bbox 1505 5033 1559 5079; x_wconf 87' lang='lat' dir='ltr'>et</span> <span class='ocrx_word' id='word_1_454' title='bbox 1607 5023 2028 5092; x_wconf 88' lang='lat' dir='ltr'><strong><em>quibuscunque</em></strong></span> 
     </span>
    </p>
   </div>
   <div class='ocr_carea' id='block_1_77' title="bbox 452 5114 2023 5193">
    <p class='ocr_par' dir='ltr' id='par_1_77' title="bbox 452 5114 2023 5193">
     <span class='ocr_line' id='line_1_77' title="bbox 452 5114 2023 5193; baseline -0.009 -16"><span class='ocrx_word' id='word_1_455' title='bbox 452 5123 617 5177; x_wconf 84' lang='lat' dir='ltr'><strong><em>velint</em></strong></span> <span class='ocrx_word' id='word_1_456' title='bbox 646 5125 915 5192; x_wconf 90' lang='lat' dir='ltr'><strong><em>personis,</em></strong></span> <span class='ocrx_word' id='word_1_457' title='bbox 964 5123 1080 5193; x_wconf 80' lang='lat' dir='ltr'><strong><em>lege</em></strong></span> <span class='ocrx_word' id='word_1_458' title='bbox 1128 5121 1342 5176; x_wconf 87' lang='lat' dir='ltr'><strong><em>scilicet</em></strong></span> <span class='ocrx_word' id='word_1_459' title='bbox 1404 5133 1510 5172; x_wconf 89' lang='lat' dir='ltr'>non</span> <span class='ocrx_word' id='word_1_460' title='bbox 1562 5114 1872 5187; x_wconf 91' lang='lat' dir='ltr'><strong><em>prohibitis,</em></strong></span> <span class='ocrx_word' id='word_1_461' title='bbox 1926 5128 2023 5167; x_wconf 85' lang='lat' dir='ltr'>sua</span> 
     </span>
    </p>
   </div>
   <div class='ocr_carea' id='block_1_78' title="bbox 451 5204 2023 5285">
    <p class='ocr_par' dir='ltr' id='par_1_78' title="bbox 451 5204 2023 5285">
     <span class='ocr_line' id='line_1_78' title="bbox 451 5204 2023 5285; baseline -0.009 -13"><span class='ocrx_word' id='word_1_462' title='bbox 451 5217 877 5281; x_wconf 69' lang='lat' dir='ltr'><strong><em>transmitteudi,</em></strong></span> <span class='ocrx_word' id='word_1_463' title='bbox 944 5218 1236 5285; x_wconf 87' lang='lat' dir='ltr'><strong><em>Postquam</em></strong></span> <span class='ocrx_word' id='word_1_464' title='bbox 1314 5214 1458 5268; x_wconf 91' lang='lat' dir='ltr'><strong><em>enim</em></strong></span> <span class='ocrx_word' id='word_1_465' title='bbox 1554 5208 1810 5265; x_wconf 88' lang='lat' dir='ltr'><strong><em>monachi</em></strong></span> <span class='ocrx_word' id='word_1_466' title='bbox 1892 5204 2023 5261; x_wconf 84' lang='lat' dir='ltr'><strong><em>facti</em></strong></span> 
     </span>
    </p>
   </div>
   <div class='ocr_carea' id='block_1_79' title="bbox 451 5300 2021 5371">
    <p class='ocr_par' dir='ltr' id='par_1_79' title="bbox 451 5300 2021 5371">
     <span class='ocr_line' id='line_1_79' title="bbox 451 5300 2021 5371; baseline -0.005 -10"><span class='ocrx_word' id='word_1_467' title='bbox 451 5306 675 5371; x_wconf 87' lang='lat' dir='ltr'><strong><em>fuerint,</em></strong></span> <span class='ocrx_word' id='word_1_468' title='bbox 718 5308 963 5361; x_wconf 89' lang='lat' dir='ltr'><strong><em>omnium</em></strong></span> <span class='ocrx_word' id='word_1_469' title='bbox 994 5307 1261 5360; x_wconf 89' lang='lat' dir='ltr'><strong><em>bonorum</em></strong></span> <span class='ocrx_word' id='word_1_470' title='bbox 1292 5302 1595 5358; x_wconf 91' lang='lat' dir='ltr'><strong><em>dominium</em></strong></span> <span class='ocrx_word' id='word_1_471' title='bbox 1629 5300 2021 5354; x_wconf 87' lang='lat' dir='ltr'><strong><em>monasterium</em></strong></span> 
     </span>
    </p>
   </div>
   <div class='ocr_carea' id='block_1_80' title="bbox 451 5393 2019 5465">
    <p class='ocr_par' dir='ltr' id='par_1_80' title="bbox 451 5393 2019 5465">
     <span class='ocr_line' id='line_1_80' title="bbox 451 5393 2019 5465; baseline -0.006 -12"><span class='ocrx_word' id='word_1_472' title='bbox 451 5399 690 5463; x_wconf 85' lang='lat' dir='ltr'><strong><em>habebit,</em></strong></span> <span class='ocrx_word' id='word_1_473' title='bbox 721 5407 775 5452; x_wconf 90' lang='lat' dir='ltr'>et</span> <span class='ocrx_word' id='word_1_474' title='bbox 806 5398 1013 5452; x_wconf 91' lang='lat' dir='ltr'><strong><em>nullam</em></strong></span> <span class='ocrx_word' id='word_1_475' title='bbox 1041 5398 1108 5451; x_wconf 90' lang='lat' dir='ltr'>de</span> <span class='ocrx_word' id='word_1_476' title='bbox 1138 5396 1302 5450; x_wconf 89' lang='lat' dir='ltr'><strong><em>rebus</em></strong></span> <span class='ocrx_word' id='word_1_477' title='bbox 1329 5393 1566 5465; x_wconf 87' lang='lat' dir='ltr'><strong><em>prepriis</em></strong></span> <span class='ocrx_word' id='word_1_478' title='bbox 1595 5407 1781 5446; x_wconf 87' lang='lat' dir='ltr'><strong><em>curam</em></strong></span> <span class='ocrx_word' id='word_1_479' title='bbox 1813 5404 2019 5459; x_wconf 81' lang='lat' dir='ltr'><strong><em>gerere,</em></strong></span> 
     </span>
    </p>
   </div>
   <div class='ocr_carea' id='block_1_81' title="bbox 450 5483 2013 5560">
    <p class='ocr_par' dir='ltr' id='par_1_81' title="bbox 450 5483 2013 5560">
     <span class='ocr_line' id='line_1_81' title="bbox 450 5483 2013 5560; baseline -0.008 -17"><span class='ocrx_word' id='word_1_480' title='bbox 450 5489 534 5544; x_wconf 84' lang='lat' dir='ltr'><strong><em>vel</em></strong></span> <span class='ocrx_word' id='word_1_481' title='bbox 565 5490 850 5560; x_wconf 87' lang='lat' dir='ltr'><strong><em>disponere</em></strong></span> <span class='ocrx_word' id='word_1_482' title='bbox 905 5489 985 5544; x_wconf 90' lang='lat' dir='ltr'>eis</span> <span class='ocrx_word' id='word_1_483' title='bbox 1030 5488 1360 5558; x_wconf 90' lang='lat' dir='ltr'><strong><em>permissum</em></strong></span> <span class='ocrx_word' id='word_1_484' title='bbox 1403 5495 1506 5541; x_wconf 87' lang='lat' dir='ltr'><strong><em>est.</em></strong></span> <span class='ocrx_word' id='word_1_485' title='bbox 1569 5483 1626 5539; x_wconf 90' lang='lat' dir='ltr'><strong><em>Si</em></strong></span> <span class='ocrx_word' id='word_1_486' title='bbox 1662 5483 1784 5553; x_wconf 84' lang='lat' dir='ltr'><strong><em>quis</em></strong></span> <span class='ocrx_word' id='word_1_487' title='bbox 1833 5489 2013 5534; x_wconf 85' lang='lat' dir='ltr'><strong><em>autem</em></strong></span> 
     </span>
    </p>
   </div>
   <div class='ocr_carea' id='block_1_82' title="bbox 451 5578 2014 5653">
    <p class='ocr_par' dir='ltr' id='par_1_82' title="bbox 451 5578 2014 5653">
     <span class='ocr_line' id='line_1_82' title="bbox 451 5578 2014 5653; baseline -0.006 -17"><span class='ocrx_word' id='word_1_488' title='bbox 451 5582 821 5653; x_wconf 88' lang='lat' dir='ltr'><strong><em>deprehensus</em></strong></span> <span class='ocrx_word' id='word_1_489' title='bbox 848 5582 1027 5649; x_wconf 74' lang='lat' dir='ltr'><strong><em>fuerit,</em></strong></span> <span class='ocrx_word' id='word_1_490' title='bbox 1083 5582 1489 5653; x_wconf 86' lang='lat' dir='ltr'><strong><em>possessionem</em></strong></span> <span class='ocrx_word' id='word_1_491' title='bbox 1579 5578 1843 5646; x_wconf 75' lang='lat' dir='ltr'><strong><em>aliquam,</em></strong></span> <span class='ocrx_word' id='word_1_492' title='bbox 1892 5588 2014 5643; x_wconf 76' lang='lat' dir='ltr'><strong><em>qua:</em></strong></span> 
     </span>
    </p>
   </div>
   <div class='ocr_carea' id='block_1_83' title="bbox 2136 4476 3691 4550">
    <p class='ocr_par' dir='ltr' id='par_1_83' title="bbox 2136 4476 3691 4550">
     <span class='ocr_line' id='line_1_83' title="bbox 2136 4476 3691 4550; baseline -0.004 -18"><span class='ocrx_word' id='word_1_493' title='bbox 2136 4478 2193 4532; x_wconf 83' lang='grc' dir='ltr'>δὲ</span> <span class='ocrx_word' id='word_1_494' title='bbox 2228 4481 2297 4532; x_wconf 83' lang='grc' dir='ltr'>τὰ</span> <span class='ocrx_word' id='word_1_495' title='bbox 2329 4478 2508 4532; x_wconf 86' lang='grc' dir='ltr'>αὐτῶν</span> <span class='ocrx_word' id='word_1_496' title='bbox 2543 4479 3016 4550; x_wconf 82' lang='grc' dir='ltr'>προσκληροῦσθαι</span> <span class='ocrx_word' id='word_1_497' title='bbox 3056 4480 3134 4548; x_wconf 85' lang='grc' dir='ltr'>τῷ</span> <span class='ocrx_word' id='word_1_498' title='bbox 3172 4479 3539 4549; x_wconf 81' lang='grc' dir='ltr'>μοναστηρίῳ·</span> <span class='ocrx_word' id='word_1_499' title='bbox 3572 4476 3691 4545; x_wconf 72' lang='grc' dir='ltr'>φησὶ</span> 
     </span>
    </p>
   </div>
   <div class='ocr_carea' id='block_1_84' title="bbox 2136 4571 3695 4643">
    <p class='ocr_par' dir='ltr' id='par_1_84' title="bbox 2136 4571 3695 4643">
     <span class='ocr_line' id='line_1_84' title="bbox 2136 4571 3695 4643; baseline -0.003 -19"><span class='ocrx_word' id='word_1_500' title='bbox 2136 4571 2242 4642; x_wconf 76' lang='grc' dir='ltr'>γὰρ</span> <span class='ocrx_word' id='word_1_501' title='bbox 2276 4574 2304 4625; x_wconf 85' lang='grc' dir='ltr'>ὁ</span> <span class='ocrx_word' id='word_1_502' title='bbox 2345 4572 2613 4643; x_wconf 87' lang='grc' dir='ltr'>μακάριος</span> <span class='ocrx_word' id='word_1_503' title='bbox 2658 4572 2871 4634; x_wconf 82' lang='grc' dir='ltr'>Λουκᾶς</span> <span class='ocrx_word' id='word_1_504' title='bbox 2902 4572 3029 4642; x_wconf 74' lang='grc' dir='ltr'>περὶ</span> <span class='ocrx_word' id='word_1_505' title='bbox 3073 4572 3182 4625; x_wconf 86' lang='grc' dir='ltr'>τῶν</span> <span class='ocrx_word' id='word_1_506' title='bbox 3212 4575 3290 4633; x_wconf 81' lang='grc' dir='ltr'>είς</span> <span class='ocrx_word' id='word_1_507' title='bbox 3333 4572 3563 4641; x_wconf 82' lang='grc' dir='ltr'>Χριστὸν</span> <span class='ocrx_word' id='word_1_508' title='bbox 3612 4587 3695 4621; x_wconf 79' lang='grc' dir='ltr'>πι-</span> 
     </span>
    </p>
   </div>
   <div class='ocr_carea' id='block_1_85' title="bbox 2138 4661 3693 4734">
    <p class='ocr_par' dir='ltr' id='par_1_85' title="bbox 2138 4661 3693 4734">
     <span class='ocr_line' id='line_1_85' title="bbox 2138 4661 3693 4734; baseline -0.003 -19"><span class='ocrx_word' id='word_1_509' title='bbox 2138 4663 2454 4725; x_wconf 83' lang='grc' dir='ltr'>στευόντων,</span> <span class='ocrx_word' id='word_1_510' title='bbox 2498 4664 2592 4716; x_wconf 76' lang='grc' dir='ltr'>καὶ</span> <span class='ocrx_word' id='word_1_511' title='bbox 2620 4664 2718 4734; x_wconf 79' lang='grc' dir='ltr'>τὴν</span> <span class='ocrx_word' id='word_1_512' title='bbox 2761 4664 2870 4715; x_wconf 84' lang='grc' dir='ltr'>τῶν</span> <span class='ocrx_word' id='word_1_513' title='bbox 2915 4663 3197 4732; x_wconf 83' lang='grc' dir='ltr'>μοναστῶν</span> <span class='ocrx_word' id='word_1_514' title='bbox 3230 4661 3504 4715; x_wconf 81' lang='grc' dir='ltr'>πολιτείαν</span> <span class='ocrx_word' id='word_1_515' title='bbox 3528 4661 3693 4713; x_wconf 80' lang='grc' dir='ltr'>διατυ-</span> 
     </span>
    </p>
   </div>
   <div class='ocr_carea' id='block_1_86' title="bbox 2135 4748 3696 4820">
    <p class='ocr_par' dir='ltr' id='par_1_86' title="bbox 2135 4748 3696 4820">
     <span class='ocr_line' id='line_1_86' title="bbox 2135 4748 3696 4820; baseline -0.004 -16"><span class='ocrx_word' id='word_1_516' title='bbox 2135 4752 2403 4817; x_wconf 83' lang='grc' dir='ltr'>ποὺντων,</span> <span class='ocrx_word' id='word_1_517' title='bbox 2436 4753 2509 4815; x_wconf 83' lang='grc' dir='ltr'>ὡς</span> <span class='ocrx_word' id='word_1_518' title='bbox 2543 4752 2716 4815; x_wconf 76' lang='grc' dir='ltr'>οὐδείς</span> <span class='ocrx_word' id='word_1_519' title='bbox 2743 4770 2794 4805; x_wconf 89' lang='grc' dir='ltr'>τι</span> <span class='ocrx_word' id='word_1_520' title='bbox 2828 4751 2937 4803; x_wconf 85' lang='grc' dir='ltr'>τῶν</span> <span class='ocrx_word' id='word_1_521' title='bbox 2977 4750 3333 4820; x_wconf 82' lang='grc' dir='ltr'>ὑπαρχόντων</span> <span class='ocrx_word' id='word_1_522' title='bbox 3359 4749 3542 4815; x_wconf 79' lang='grc' dir='ltr'>ἔλεγεν</span> <span class='ocrx_word' id='word_1_523' title='bbox 3576 4748 3696 4799; x_wconf 76' lang='grc' dir='ltr'>ἴδιον</span> 
     </span>
    </p>
   </div>
   <div class='ocr_carea' id='block_1_87' title="bbox 2134 4838 3691 4913">
    <p class='ocr_par' dir='ltr' id='par_1_87' title="bbox 2134 4838 3691 4913">
     <span class='ocr_line' id='line_1_87' title="bbox 2134 4838 3691 4913; baseline -0.006 -17"><span class='ocrx_word' id='word_1_524' title='bbox 2134 4841 2293 4904; x_wconf 80' lang='grc' dir='ltr'>εἶναι.</span> <span class='ocrx_word' id='word_1_525' title='bbox 2324 4843 2438 4897; x_wconf 78' lang='grc' dir='ltr'>ἀλλ’</span> <span class='ocrx_word' id='word_1_526' title='bbox 2464 4840 2531 4913; x_wconf 80' lang='grc' dir='ltr'>ἦν</span> <span class='ocrx_word' id='word_1_527' title='bbox 2559 4844 2742 4907; x_wconf 82' lang='grc' dir='ltr'>αὐτοῖς</span> <span class='ocrx_word' id='word_1_528' title='bbox 2776 4844 2993 4897; x_wconf 76' lang='grc' dir='ltr'>ἅπαντα</span> <span class='ocrx_word' id='word_1_529' title='bbox 3017 4842 3189 4894; x_wconf 87' lang='grc' dir='ltr'>κοινά·</span> <span class='ocrx_word' id='word_1_530' title='bbox 3220 4840 3304 4893; x_wconf 81' lang='grc' dir='ltr'>διὸ</span> <span class='ocrx_word' id='word_1_531' title='bbox 3324 4843 3436 4902; x_wconf 80' lang='grc' dir='ltr'>τοῖς</span> <span class='ocrx_word' id='word_1_532' title='bbox 3468 4838 3691 4891; x_wconf 83' lang='grc' dir='ltr'>ἐθέλουσι</span> 
     </span>
    </p>
   </div>
   <div class='ocr_carea' id='block_1_88' title="bbox 2137 4928 3690 5005">
    <p class='ocr_par' dir='ltr' id='par_1_88' title="bbox 2137 4928 3690 5005">
     <span class='ocr_line' id='line_1_88' title="bbox 2137 4928 3690 5005; baseline -0.008 -16"><span class='ocrx_word' id='word_1_533' title='bbox 2137 4936 2390 5005; x_wconf 79' lang='grc' dir='ltr'>μονάζειν</span> <span class='ocrx_word' id='word_1_534' title='bbox 2419 4938 2571 4991; x_wconf 83' lang='grc' dir='ltr'>ἄδεια</span> <span class='ocrx_word' id='word_1_535' title='bbox 2600 4936 2800 4989; x_wconf 78' lang='grc' dir='ltr'>δίδοται</span> <span class='ocrx_word' id='word_1_536' title='bbox 2835 4936 2962 5005; x_wconf 71' lang='grc' dir='ltr'>περὶ</span> <span class='ocrx_word' id='word_1_537' title='bbox 2992 4932 3102 4987; x_wconf 83' lang='grc' dir='ltr'>τῶν</span> <span class='ocrx_word' id='word_1_538' title='bbox 3131 4932 3487 5001; x_wconf 83' lang='grc' dir='ltr'>ὑπαρχόντων</span> <span class='ocrx_word' id='word_1_539' title='bbox 3526 4928 3690 4987; x_wconf 79' lang='grc' dir='ltr'>αὐτοῖς</span> 
     </span>
    </p>
   </div>
   <div class='ocr_carea' id='block_1_89' title="bbox 2132 5020 3692 5095">
    <p class='ocr_par' dir='ltr' id='par_1_89' title="bbox 2132 5020 3692 5095">
     <span class='ocr_line' id='line_1_89' title="bbox 2132 5020 3692 5095; baseline -0.007 -17"><span class='ocrx_word' id='word_1_540' title='bbox 2132 5025 2468 5079; x_wconf 85' lang='grc' dir='ltr'>διατίθεσθαι</span> <span class='ocrx_word' id='word_1_541' title='bbox 2521 5025 2807 5095; x_wconf 86' lang='grc' dir='ltr'>πρότερον,</span> <span class='ocrx_word' id='word_1_542' title='bbox 2844 5025 2939 5078; x_wconf 76' lang='grc' dir='ltr'>καὶ</span> <span class='ocrx_word' id='word_1_543' title='bbox 2981 5020 3063 5086; x_wconf 76' lang='grc' dir='ltr'>οἷς</span> <span class='ocrx_word' id='word_1_544' title='bbox 3124 5022 3190 5076; x_wconf 85' lang='grc' dir='ltr'>ἂν</span> <span class='ocrx_word' id='word_1_545' title='bbox 3223 5020 3499 5090; x_wconf 81' lang='grc' dir='ltr'>βούλοιντο</span> <span class='ocrx_word' id='word_1_546' title='bbox 3536 5031 3692 5086; x_wconf 76' lang='grc' dir='ltr'>προσο</span> 
     </span>
    </p>
   </div>
   <div class='ocr_carea' id='block_1_90' title="bbox 2132 5107 3688 5187">
    <p class='ocr_par' dir='ltr' id='par_1_90' title="bbox 2132 5107 3688 5187">
     <span class='ocr_line' id='line_1_90' title="bbox 2132 5107 3688 5187; baseline -0.005 -18"><span class='ocrx_word' id='word_1_547' title='bbox 2132 5115 2322 5182; x_wconf 81' lang='grc' dir='ltr'>ὡποις,</span> <span class='ocrx_word' id='word_1_548' title='bbox 2347 5116 2421 5187; x_wconf 86' lang='grc' dir='ltr'>μὴ</span> <span class='ocrx_word' id='word_1_549' title='bbox 2452 5116 2853 5185; x_wconf 80' lang='grc' dir='ltr'>κεκωλυμένοις</span> <span class='ocrx_word' id='word_1_550' title='bbox 2878 5115 3118 5185; x_wconf 85' lang='grc' dir='ltr'>δηλονότι</span> <span class='ocrx_word' id='word_1_551' title='bbox 3149 5114 3301 5184; x_wconf 85' lang='grc' dir='ltr'>παρὰ</span> <span class='ocrx_word' id='word_1_552' title='bbox 3317 5112 3411 5166; x_wconf 83' lang='grc' dir='ltr'>τοῦ</span> <span class='ocrx_word' id='word_1_553' title='bbox 3448 5112 3607 5180; x_wconf 88' lang='grc' dir='ltr'>νόμου</span> <span class='ocrx_word' id='word_1_554' title='bbox 3635 5107 3688 5160; x_wconf 73' lang='grc' dir='ltr'>τό</span> 
     </span>
    </p>
   </div>
   <div class='ocr_carea' id='block_1_91' title="bbox 2132 5201 3688 5278">
    <p class='ocr_par' dir='ltr' id='par_1_91' title="bbox 2132 5201 3688 5278">
     <span class='ocr_line' id='line_1_91' title="bbox 2132 5201 3688 5278; baseline -0.008 -16"><span class='ocrx_word' id='word_1_555' title='bbox 2132 5208 2313 5262; x_wconf 82' lang='grc' dir='ltr'>αὐτῶν</span> <span class='ocrx_word' id='word_1_556' title='bbox 2352 5206 2854 5278; x_wconf 76' lang='grc' dir='ltr'>παραπέμπεσθαιο</span> <span class='ocrx_word' id='word_1_557' title='bbox 2895 5206 3033 5274; x_wconf 82' lang='grc' dir='ltr'>μετὰ</span> <span class='ocrx_word' id='word_1_558' title='bbox 3077 5206 3183 5274; x_wconf 80' lang='grc' dir='ltr'>γάρ</span> <span class='ocrx_word' id='word_1_559' title='bbox 3231 5222 3317 5257; x_wconf 89' lang='grc' dir='ltr'>τοι</span> <span class='ocrx_word' id='word_1_560' title='bbox 3355 5204 3414 5256; x_wconf 84' lang='grc' dir='ltr'>τὸ</span> <span class='ocrx_word' id='word_1_561' title='bbox 3452 5201 3688 5271; x_wconf 84' lang='grc' dir='ltr'>μονάσαι,</span> 
     </span>
    </p>
   </div>
   <div class='ocr_carea' id='block_1_92' title="bbox 2132 5287 3689 5369">
    <p class='ocr_par' dir='ltr' id='par_1_92' title="bbox 2132 5287 3689 5369">
     <span class='ocr_line' id='line_1_92' title="bbox 2132 5287 3689 5369; baseline -0.01 -17"><span class='ocrx_word' id='word_1_562' title='bbox 2132 5298 2241 5352; x_wconf 84' lang='grc' dir='ltr'>τῶν</span> <span class='ocrx_word' id='word_1_563' title='bbox 2267 5292 2578 5369; x_wconf 83' lang='grc' dir='ltr'>προσόντων</span> <span class='ocrx_word' id='word_1_564' title='bbox 2611 5296 2794 5357; x_wconf 80' lang='grc' dir='ltr'>αὐτοῖς</span> <span class='ocrx_word' id='word_1_565' title='bbox 2822 5295 3077 5347; x_wconf 84' lang='grc' dir='ltr'>ἁπάντων</span> <span class='ocrx_word' id='word_1_566' title='bbox 3109 5294 3168 5346; x_wconf 82' lang='grc' dir='ltr'>τὸ</span> <span class='ocrx_word' id='word_1_567' title='bbox 3200 5294 3564 5363; x_wconf 87' lang='grc' dir='ltr'>μοναστήριον</span> <span class='ocrx_word' id='word_1_568' title='bbox 3591 5287 3689 5357; x_wconf 83' lang='grc' dir='ltr'>ἔχει</span> 
     </span>
    </p>
   </div>
   <div class='ocr_carea' id='block_1_93' title="bbox 2129 5378 3687 5463">
    <p class='ocr_par' dir='ltr' id='par_1_93' title="bbox 2129 5378 3687 5463">
     <span class='ocr_line' id='line_1_93' title="bbox 2129 5378 3687 5463; baseline -0.012 -18"><span class='ocrx_word' id='word_1_569' title='bbox 2129 5392 2229 5463; x_wconf 85' lang='grc' dir='ltr'>τὴν</span> <span class='ocrx_word' id='word_1_570' title='bbox 2263 5390 2582 5460; x_wconf 84' lang='grc' dir='ltr'>κυριότητα,</span> <span class='ocrx_word' id='word_1_571' title='bbox 2620 5390 2714 5441; x_wconf 78' lang='grc' dir='ltr'>καὶ</span> <span class='ocrx_word' id='word_1_572' title='bbox 2754 5388 2904 5441; x_wconf 79' lang='grc' dir='ltr'>οὐδὲν</span> <span class='ocrx_word' id='word_1_573' title='bbox 2937 5387 3065 5456; x_wconf 82' lang='grc' dir='ltr'>περὶ</span> <span class='ocrx_word' id='word_1_574' title='bbox 3097 5385 3203 5439; x_wconf 82' lang='grc' dir='ltr'>τῶν</span> <span class='ocrx_word' id='word_1_575' title='bbox 3235 5385 3456 5438; x_wconf 76' lang='grc' dir='ltr'>οἰκείων</span> <span class='ocrx_word' id='word_1_576' title='bbox 3494 5378 3687 5452; x_wconf 77' lang='grc' dir='ltr'>φροντί-</span> 
     </span>
    </p>
   </div>
   <div class='ocr_carea' id='block_1_94' title="bbox 2134 5466 3694 5551">
    <p class='ocr_par' dir='ltr' id='par_1_94' title="bbox 2134 5466 3694 5551">
     <span class='ocr_line' id='line_1_94' title="bbox 2134 5466 3694 5551; baseline -0.011 -15"><span class='ocrx_word' id='word_1_577' title='bbox 2134 5482 2245 5546; x_wconf 80' lang='grc' dir='ltr'>ζειν</span> <span class='ocrx_word' id='word_1_578' title='bbox 2279 5481 2311 5551; x_wconf 81' lang='grc' dir='ltr'>ἢ</span> <span class='ocrx_word' id='word_1_579' title='bbox 2345 5478 2726 5534; x_wconf 87' lang='grc' dir='ltr'>διατάσσεσθαι</span> <span class='ocrx_word' id='word_1_580' title='bbox 2768 5478 2976 5541; x_wconf 83' lang='grc' dir='ltr'>τούτοις</span> <span class='ocrx_word' id='word_1_581' title='bbox 3019 5474 3518 5548; x_wconf 78' lang='grc' dir='ltr'>παρακεχώρηται·</span> <span class='ocrx_word' id='word_1_582' title='bbox 3566 5470 3610 5523; x_wconf 86' lang='grc' dir='ltr'>εί</span> <span class='ocrx_word' id='word_1_583' title='bbox 3644 5466 3694 5520; x_wconf 78' lang='grc' dir='ltr'>ἱιὲ</span> 
     </span>
    </p>
   </div>
   <div class='ocr_carea' id='block_1_95' title="bbox 2132 5559 3691 5643">
    <p class='ocr_par' dir='ltr' id='par_1_95' title="bbox 2132 5559 3691 5643">
     <span class='ocr_line' id='line_1_95' title="bbox 2132 5559 3691 5643; baseline -0.011 -16"><span class='ocrx_word' id='word_1_584' title='bbox 2132 5593 2211 5637; x_wconf 82' lang='grc' dir='ltr'>τις</span> <span class='ocrx_word' id='word_1_585' title='bbox 2259 5571 2537 5643; x_wconf 76' lang='grc' dir='ltr'>φωραθείη</span> <span class='ocrx_word' id='word_1_586' title='bbox 2579 5570 2770 5641; x_wconf 82' lang='grc' dir='ltr'>κτῆσίν</span> <span class='ocrx_word' id='word_1_587' title='bbox 2800 5587 2955 5635; x_wconf 86' lang='grc' dir='ltr'>τινα,</span> <span class='ocrx_word' id='word_1_588' title='bbox 2996 5569 3027 5640; x_wconf 71' lang='grc' dir='ltr'>ἦ</span> <span class='ocrx_word' id='word_1_589' title='bbox 3076 5585 3157 5631; x_wconf 89' lang='grc' dir='ltr'>τις</span> <span class='ocrx_word' id='word_1_590' title='bbox 3196 5567 3298 5619; x_wconf 75' lang='grc' dir='ltr'>οὐκ</span> <span class='ocrx_word' id='word_1_591' title='bbox 3345 5559 3691 5631; x_wconf 74' lang='grc' dir='ltr'>ἀπεκληρώοη</span> 
     </span>
    </p>
   </div>
  </div>
