3766 6198
144 178 237 241 ί31

988 178 1389 239 SYNTAGMA
1424 181 1815 243 CANONUM.
1854 203 1914 222 ι·-
1944 182 2092 241 TIT.
2120 182 2240 256 'XI,
2276 183 2433 244 CAP.
2478 184 2528 245 Ι.

3180 122 3195 142 .
3294 186 3401 250 δ’ἶὸ

147 288 214 356 τῷ
246 284 592 357 μοναστηρίῳ
624 284 1070 358 ίδιοποιούμενος,
1100 289 1195 342 καὶ
1228 290 1586 357 φιλοκτησίας
1618 291 1715 343 πά·
1748 298 1767 351 Δ

1890 294 2153 349 masterio
2207 294 2443 363 ascripta
2500 294 2692 355 fuerit,
2756 292 2860 348 sibi
2932 293 3185 363 privatim
3239 296 3400 350 attri-

149 380 223 431 ῡει
251 377 636 447 δουλούμενος,
668 378 874 449 ταύτην
908 380 1009 449 μὲν
1042 380 1196 450 παρὰ
1224 381 1316 433 τοῦ
1348 381 1652 451 ἡγουμένου
1684 382 1717 452 ἢ

146 469 231 522 τοῦ
258 466 552 522 ἐπισκόπου
586 471 1067 540 ἀναλαμϐάνεσθαι
1091 513 1106 537 ,
1130 472 1226 525 καὶ
1265 472 1476 525 πολλῶν
1512 491 1715 542 παρου-

151 559 232 629 σίᾳ
251 559 679 628 πιπράσκεσθαι,
710 560 804 612 καὶ
827 562 1063 631 πτωχοῖς
1088 561 1318 631 ἀπόροις
1342 562 1716 633 διανέμεσθαι·

151 651 231 704 τὸν
256 650 313 704 δέ
342 668 407 719 γε
435 651 533 721 τὴν
558 651 815 722 τοιαύτην
847 653 1061 723 κτῆσιν,
1094 654 1237 706 κατὰ
1264 654 1354 707 τὸν
1378 656 1541 709 πάλαι
1575 656 1723 711 Ἀνα-

146 743 255 795 νίαν
288 743 560 814 ύποσυλᾷν
587 745 978 814 μελετήσαντα,
1004 746 1082 817 τῷ
1110 747 1439 817 προσήκοντι
1461 749 1721 819 ἐπιτιμίῳ

147 836 173 905 ή
205 834 331 900 άγία
375 834 591 899 σύνοδος
623 834 791 905 ὥρισε
828 836 1279 906 σωφρονίζεσθαι·
1313 838 1468 907 δῆλον
1503 838 1593 903 δὲ,
1645 838 1721 902 ὡς

147 928 177 980 ει
199 945 317 980 τινα
347 929 475 997 περὶ
508 927 848 998 μοναζόντων
876 929 1085 1000 ἀνδρῶν
1115 931 1148 998 ή
1175 929 1309 998 ἁγία
1339 930 1553 993 σύνοδος
1587 931 1721 983 ὲκα-

142 1019 333 1080 νόνισε,
362 1020 434 1071 τὰ
461 1019 599 1071 αύτά
620 1020 713 1072 καὶ⁸
744 1020 871 1091 περὶ
910 1019 1257 1091 μοναζουσῶν
1278 1019 1553 1088 γυναικῶν
1584 1035 1721 1090 κρα-

145 1109 344 1162 τεῖσθαι
379 1110 725 1164 ἐδικαίωσεν.

374 1288 651 1343 Συνόδου
679 1289 929 1355 Νικαίας
960 1288 1024 1342 τὸ
1046 1288 1105 1354 ,β’
1120 1329 1135 1356 ,
1166 1288 1370 1343 κανὼν
1398 1288 1491 1360 ιγ’.

210 1382 329 1434 Ὀτι
378 1382 653 1451 μεγάλης
706 1381 1113 1450 κατακρίσεως
1161 1381 1319 1446 ἄξιοί
1349 1383 1511 1436 εἰσιν
1553 1382 1607 1437 οἱ
1647 1383 1719 1437 τὰ

144 1472 514 1544 μοναστήρια
550 1472 880 1540 κρινοῦντες
895 1516 908 1530 .

195 1571 260 1630 γ’.
288 1562 511 1634 Ἐπειδὴ
525 1562 612 1620 διὰ
628 1563 724 1633 τὴν
781 1563 1077 1634 γενομένην
1130 1563 1271 1617 κατὰ
1300 1563 1398 1627 τὰς
1445 1563 1718 1635 ἁμαρτίας

143 1654 287 1723 ἡμῶν
324 1655 615 1723 συμφορὰν
640 1655 697 1706 ἐν
723 1656 841 1718 ταῖς
882 1655 1233 1725 Ἐκκλησίαις
1277 1656 1714 1726 καθηρπάγησάν
1742 1644 1790 1704 Β

142 1762 274 1809 τινες
302 1748 529 1814 εὐαγεῖς
557 1742 695 1800 οἶκοι
726 1747 829 1800 ὑπό
857 1765 1019 1801 τινων
1047 1748 1277 1818 ἀνδρῶν,
1306 1748 1628 1802 ἐπισκοπεῖά
1654 1766 1712 1802 τε

142 1837 228 1890 καὶ
259 1840 605 1909 μοναστήρια
626 1877 642 1903 ,
675 1837 773 1891 καὶ
806 1839 1053 1907 ἐγένοντο
1087 1840 1243 1893 κοινὰ
1281 1838 1635 1908 καταγώγια,
1665 1842 1714 1893 εἰ

143 1929 234 1999 μὲν
252 1930 301 1982 οί
316 1929 746 2001 διακρατοῦντες
768 1930 940 1983 ταῦτα
963 1932 1352 2001 προαιροῦνται
1380 1932 1712 1999 ἀποδιδόναι,

141 2021 220 2073 ἴνα
252 2022 394 2075 κατά
433 2023 494 2075 τὸ
522 2023 750 2093 ἀρχαῖον
789 2022 1336 2089 άποκατασταθῶσιν,
1374 2020 1433 2078 εὖ
1466 2024 1531 2077 ἂν
1564 2024 1677 2094 ἔχοι
1697 2039 1711 2053 ·

139 2114 183 2165 εἰ
210 2113 263 2165 δὲ
292 2114 365 2187 μή
390 2130 482 2182 γε,
508 2116 557 2167 εί
585 2115 683 2185 μὲν
705 2114 798 2167 τοῦ
821 2115 1124 2183 καταλόγου
1154 2116 1246 2168 τοῦ
1281 2115 1556 2185 ἱερατικοῦ
1584 2117 1711 2182 είσι,

140 2206 351 2269 τούτους
380 2204 767 2275 καθαιρεῖσθαι
794 2208 1233 2277 προστάσσομεν·
1268 2210 1315 2260 εί
1344 2208 1400 2260 δὲ
1426 2208 1652 2278 μοναχοὶ
1677 2208 1710 2279 ῆ

141 2303 307 2352 λαῖκοὶ
329 2339 343 2363 ,
375 2298 762 2368 ἀφορίζεσθαι,
794 2300 869 2363 ὼς
898 2300 1054 2364 ὄντας
1089 2299 1452 2369 κατακρίτους
1480 2300 1586 2353 ἀπὸ
1618 2298 1712 2351 τοῦ

142 2390 365 2461 Πατρὺς,
384 2389 484 2442 καὶ
515 2389 609 2442 τοῦ
641 2388 794 2450 Υίοῦ,
825 2391 1035 2443 καὶτοῦ
1062 2391 1217 2459 ἁγίου
1245 2391 1559 2462 Πνεύματος
1580 2432 1594 2459 ,
1620 2390 1727 2445 καὶ·

140 2481 482 2549 τετάχθωσαν
519 2480 651 2532 ὅπου
686 2481 715 2533 ό
745 2479 962 2550 σκώληξ
1006 2481 1065 2533 ού
1115 2480 1342 2552 τελευτᾷ
1375 2484 1469 2535 καὶ
1507 2483 1567 2534 τὸ
1605 2484 1715 2552 πῦρ

141 2571 197 2623 ού
227 2570 549 2637 σϐέννυται,
594 2571 677 2624 ὅτι
713 2574 781 2643 τῇ
810 2571 903 2624 τοῦ
932 2570 1135 2641 Κυρίου
1169 2576 1321 2643 φωνῇ
1350 2574 1716 2627 ἐναντιοῦνται

145 2664 205 2731 τῇ
238 2660 474 2732 λεγούσῃ
510 2678 523 2693 ·
561 2662 657 2729 Μὴ
689 2662 911 2716 ποιεῖτε
964 2666 1070 2717 τὸν
1116 2660 1286 2719 οἷκον
1324 2666 1431 2719 τοῦ
1485 2668 1717 2735 Πατρός

141 2770 248 2821 μου
288 2748 462 2807 οἷκον
494 2753 803 2823 ἐμπορίου.

218 2847 276 2898 Ἡ
312 2846 380 2915 ιγ’
409 2846 554 2901 διάτ.
589 2847 683 2899 τοῦ
718 2853 765 2900 α’
814 2846 918 2901 τίτ.
950 2847 1060 2901 τῶν
1096 2849 1326 2919 Νεαρῶν
1350 2849 1519 2917 λέγει,
1566 2849 1647 2904 ὅτι
1665 2852 1723 2907 '0

143 2935 460 3007 βουλόμενος
487 2938 843 3009 οἰκοδομῆσαι
865 2942 1247 3011 μοναστήριον,
1268 2941 1530 3011 πρότερον
1550 2960 1717 3012 προσ-

141 3029 466 3098 διαλεγέσθω
508 3029 587 3101 τῷ
642 3030 927 3102 ἐπισκόπῳ
959 3031 1068 3084 τῶν
1102 3033 1301 3099 τόπων,
1332 3034 1478 3096 ὅπως
1509 3033 1574 3087 ἂν
1599 3036 1715 3087 ἐκεῖ

142 3121 443 3192 γενόμενος,
483 3123 647 3192 εὐχήν
678 3123 957 3193 ποιήσοιτο
988 3124 1084 3177 καὶ
1124 3125 1354 3197 σταυρὸν
1386 3126 1547 3196 πήξοι
1568 3166 1583 3191 ,
1618 3127 1713 3181 καὶ

142 3215 254 3267 τότε
282 3214 376 3267 τοῦ
424 3215 727 3284 κτίσματος
761 3216 795 3285 ἡ
834 3216 976 3287 ἀρχὴ
1005 3216 1256 3285 γινέσθω·
1288 3219 1382 3271 καὶ
1414 3220 1445 3289 ή
1478 3218 1528 3287 γ’
1567 3219 1708 3275 διάτ.

142 3304 229 3355 τοῦ
262 3303 303 3373 β’
334 3304 443 3358 τίτ.
484 3303 591 3357 τῶν
618 3303 848 3374 Νεαρῶν
888 3322 1071 3375 φησιν,
1108 3307 1210 3371 ὅτι,
1255 3306 1312 3359 '0
1344 3307 1511 3360 θέλων
1530 3311 1711 3363 κτίσαι

146 3400 522 3467 μοναστήριον,
554 3396 629 3468 μὴ
659 3396 831 3461 άλλως
856 3398 1107 3468 ἀρχέσθω
1134 3400 1225 3453 τοῦ
1254 3401 1507 3470 οἰκοδομή
1518 3419 1707 3471 ματος,

145 3490 189 3540 εί
224 3489 344 3558 μὴὸ
377 3488 492 3541 τῶν
516 3490 696 3541 τύπων
731 3489 1027 3552 ἐπίσκοπος
1057 3490 1222 3560 εὐχὴν
1252 3492 1431 3543 ἐκεῖσε
1468 3493 1705 3560 ποιήσει,

144 3578 344 3632 καὶτὸν
385 3579 573 3648 τίμιον
608 3579 768 3649 πήξει
801 3580 1050 3650 σταυρόν·
1105 3580 1131 3631 ὁ
1162 3581 1217 3632 δὲ
1251 3580 1554 3651 ἀρξάμενος
1591 3583 1710 3637 νέον

142 3671 335 3734 κτίζειν
369 3672 403 3742 ἥ
433 3671 664 3724 παλαιὸν
690 3671 967 3739 ἀνανεοῦν,
998 3672 1360 3740 ἀναγκάζεται
1394 3674 1704 3745 πληρῶσαι·

143 3762 407 3831 ἀνάγνωθι
440 3761 540 3815 καὶ
573 3763 641 3815 τὰ
688 3762 1070 3833 προγραφέντα
1100 3765 1157 3815 ἐν
1191 3764 1268 3833 τῷ
1295 3761 1341 3817 α’
1376 3782 1500 3833 κεφ.
1534 3765 1627 3818 τοῦ
1664 3764 1707 3836 β’

142 3854 240 3906 τίτ.
262 3869 389 3922 κεφ.
417 3869 484 3905 τε
514 3852 1089 3923 τεσσαρεσκαιδεκάτῳ
1109 3852 1199 3905 τοῦ
1234 3860 1281 3922 γ’
1310 3854 1414 3907 τίτ.
1442 3854 1533 3907 τοῦ
1562 3874 1707 3926 παρ-

143 3943 279 4006 όντος
329 3946 733 4013 συντάγματος·
780 3946 814 4015 ή
867 3944 924 3997 δὲ
965 3950 1011 3997 α’
1044 3945 1184 3998 διάτ.
1218 3945 1311 3997 τοῦ
1363 3946 1403 4016 β’
1445 3947 1547 4000 τίτ.
1601 3948 1707 3999 τῶν

144 4033 362 4105 Νεαρῶν
385 4035 785 4105 λέγει·Μηδεὶς
802 4038 1162 4107 μοναστήριον
1186 4038 1453 4098 πωλείτω,
1486 4038 1518 4109 ἦ
1550 4039 1708 4108 ἀμει-

146 4124 305 4194 δέτω,
358 4128 392 4198 ἢ
440 4127 738 4197 δωρείσθω,
796 4128 925 4181 ἔνθα
974 4128 1357 4198 θυσιαστήριον
1408 4129 1704 4200 καθιδρύθη

147 4221 230 4270 καὶ
272 4221 392 4291 ἱερὰ
444 4218 636 4287 γέγονε
664 4218 971 4289 λειτουργία
1018 4222 1113 4271 καὶ
1145 4221 1411 4291 μοναχικὴ
1442 4219 1700 4291 ἄσκησις·

146 4310 257 4363 ἐπεί
300 4328 382 4363 τοι
417 4328 480 4379 γε
512 4312 572 4363 τὸ
602 4309 889 4381 γενόμενον
919 4310 1119 4382 ἄκυρον
1150 4310 1299 4365 ἔσται
1320 4351 1334 4376 ,
1370 4313 1594 4365 καὶτῶν
1627 4330 1707 4366 τι·
1739 4344 1788 4402 D

150 4406 405 4475 μημάτων
428 4410 456 4459 ό
486 4406 664 4459 λαϐὼν
694 4408 1045 4471 ἐκπεσεῖται,
1078 4408 1171 4460 καὶ
1202 4409 1230 4459 ό
1259 4407 1585 4479 πιπράσκων
1614 4412 1710 4479 ζηο

149 4498 473 4568 μιωθήσεται
498 4502 565 4571 τῇ
612 4517 671 4552 τε
720 4500 812 4552 τοῦ
847 4503 1170 4571 πράγματος
1198 4499 1468 4553 ἐκπτώσει
1515 4501 1612 4555 καὶ
1640 4505 1706 4575 τῇ

143 4589 230 4642 τοῦ
261 4592 569 4663 τιμήματος
612 4592 887 4662 ἀπωλείᾳ,
923 4595 988 4663 τῇ
1036 4591 1179 4646 κατά
1216 4592 1379 4645 τόπον
1429 4593 1707 4667 ἁγιωτάτῃ

146 4679 463 4754 Ἐκκλησία,
507 4684 599 4738 καὶ
640 4687 751 4747 τοῖς
784 4686 926 4738 κατὰ
972 4686 1137 4739 τόπον
1165 4684 1387 4755 εύαγέσι
1437 4703 1709 4758 μοναστη..

144 4772 291 4843 ρίοις,
319 4775 524 4827 τούτων
553 4777 1027 4847 προσνεμομένων·
1061 4778 1200 4833 ὥστε
1227 4778 1426 4843 αὐτοὺς
1457 4783 1710 4848 προνοεῖν

143 4865 231 4917 τοῦ
281 4867 342 4919 τὸ
391 4868 573 4932 κακῶς
622 4869 937 4938 ἐκποιηθὲν,
992 4870 1148 4934 αὖθις
1202 4873 1576 4941 ἐπαναγαγεῖν
1631 4874 1711 4936 είς

60 5024 69 5033 ί
148 4958 432 5027 μοναχικδν
472 4960 692 5030 σχῆμα·
739 4963 875 5031 μήτε
924 4962 1170 5033 ὑποθήκη
1218 4963 1312 5037 ἐπὶ
1363 4964 1573 5026 τούτοις
1620 4964 1712 5036 ep-

76 5040 79 5043 ν
148 5048 367 5117 ρὠθω,
404 5051 541 5105 άλλά
583 5052 938 5123 ἀκυρούσθω,
993 5056 1087 5108 καὶ
1140 5056 1201 5108 τὸ
1250 5058 1609 5126 μοναστήριον
1644 5059 1710 5127 τῇ

149 5140 262 5211 ἱερᾷ
286 5142 598 5213 λειτουργία
620 5145 1068 5217 προσκυρούσθω·
1104 5147 1197 5200 καὶ
1228 5148 1260 5217 ἠ
1296 5148 1343 5219 β’
1366 5149 1507 5203 διάτ.
1538 5148 1631 5201 τοῦ
1662 5146 1707 5217 β’

144 5229 242 5284 τίτ.
271 5232 380 5284 τῶν
410 5234 638 5304 Νεαρῶν
667 5252 852 5307 φησιν,
889 5238 971 5290 ὅτι
1003 5238 1287 5309 ὲκποίησις
1336 5239 1713 5309 μοναστηρίων

150 5321 220 5391 μὴ
247 5324 479 5391 γινέσθω
509 5327 602 5380 ἐπὶ
632 5327 709 5398 τῷ
736 5328 798 5380 τὸ
834 5329 1107 5399 ἱερατικὸν
1163 5329 1347 5400 σχῆμα
1387 5332 1467 5393 είς
1515 5329 1711 5383 ἰδιωτι-

149 5414 243 5484 κὴν
275 5416 551 5489 διαγωγήν
582 5421 1181 5493 μετασχηματίζεσθαι,
1204 5422 1327 5477 ἐπεὶ
1348 5422 1531 5477 ἄδειαν
1556 5422 1708 5493 ἔχου-

217 5569 256 5598 ⁸¹
288 5568 445 5623 Joan.
478 5585 532 5638 η,
566 5572 651 5628 16.

1821 387 2010 451 buere,
2061 395 2117 441 et
2162 386 2619 455 acquirendarum
2654 386 3067 455 possessionum
3108 386 3399 456 cupiditati

1822 475 2054 538 servire.
2105 492 2166 530 ea
2216 477 2436 546 quidem
2478 477 2547 530 ab
2586 477 2846 546 episcopo
2889 492 2982 531 seu
3020 475 3274 546 praefecto
3309 493 3397 531 re-

1822 568 2098 636 cipiatur,
2173 577 2227 620 ct
2294 568 2346 620 in
2417 568 2715 621 multorum
2791 570 3078 638 praesentia
3133 569 3396 635 vendita,

1822 656 2155 726 pauperibus
2198 664 2253 711 et
2287 656 2551 711 mendicis
2600 658 2983 713 distribuatur.
3032 660 3167 712 Eum
3214 667 3393 713 autem

1821 748 1914 818 qui
1944 763 2062 802 eam
2098 748 2495 815 possessionem
2516 790 2531 815 ,
2569 758 2629 803 ut
2656 751 2785 804 olim
2815 752 3078 815 Ananias,
3112 752 3397 821 subripere

1822 840 2112 895 meditatus
2146 853 2249 905 est,
2284 842 2626 895 convenienti
2660 858 2817 912 poena
2862 844 3241 913 castigandum
3274 858 3396 898 esse

1825 941 2012 987 sancta
2061 932 2299 1003 synodus
2342 932 2550 987 statuit.
2588 932 2808 987 Clarum
2847 942 2930 987 est
2986 942 3200 997 autem,
3247 932 3394 1003 quod

1821 1040 1943 1095 qua:
1995 1024 2061 1079 de
2102 1025 2233 1079 viris
2275 1024 2558 1079 monachis
2605 1035 2793 1080 sancta
2840 1026 3081 1095 synodus
3128 1026 3394 1079 canonice

1822 1116 2130 1182 constituit,
2157 1130 2220 1170 ea
2256 1117 2309 1169 in
2356 1116 2641 1170 monachis
2672 1131 2893 1187 quoque
2940 1115 3156 1172 feminis
3194 1117 3395 1181 valere,

1821 1217 1875 1263 et
1903 1207 2183 1263 observari
2229 1223 2445 1276 a'quum
2476 1211 2711 1263 censuit.

2149 1311 2373 1367 Concilii
2414 1311 2620 1366 Nicwni
2665 1329 2701 1367 ιι
2751 1329 2917 1366 canon
2968 1312 3056 1369 13.

1891 1405 2044 1471 Quod
2063 1422 2255 1476 magna
2276 1405 2618 1459 damnatione
2642 1407 2787 1477 digni
2813 1417 2933 1460 sunt
2955 1409 3045 1477 qui
3070 1410 3393 1463 monasteria

1818 1500 2118 1553 communia
2149 1498 2352 1567 faciunt
2384 1498 2695 1553 diversoria.

1890 1608 1977 1663 15.
2012 1607 2280 1675 Quoniam
2316 1622 2415 1676 per
2445 1622 2563 1662 eam
2608 1622 2729 1677 quae
2768 1606 2873 1662 fuit
2904 1617 3125 1677 propter
3166 1618 3389 1679 peccata

1818 1711 2002 1757 nostra
2051 1702 2103 1754 in
2152 1699 2411 1754 Ecclesiis
2445 1700 2808 1755 calamitatem
2851 1710 3209 1755 sacrosancta:
3238 1717 3393 1770 quam

1816 1794 1941 1849 dam
1969 1793 2110 1847 a-des
2133 1790 2302 1863 355
2326 1806 2353 1846 a
2378 1792 2704 1861 quibusdam
2725 1792 2860 1845 viris
2881 1803 3109 1860 arrepta:
3154 1802 3305 1857 sunt,
3338 1802 3394 1848 et

1814 1886 2176 1956 episeOpatus,
2205 1884 2601 1938 etmonastcria
2624 1922 2639 1948 ,
2674 1891 2728 1937 et
2762 1882 2901 1937 facta
2923 1893 3051 1937 sunt
3081 1884 3393 1939 communia

1814 1998 2112 2054 diversoria
2139 2016 2152 2053 :
2182 1998 2226 2053 si
2252 1997 2343 2068 qui
2367 2012 2429 2051 ea
2457 1995 2674 2066 quidem
2699 2004 2902 2060 tenent,
2922 1996 3115 2053 volunt
3146 1997 3390 2060 reddere,

1814 2102 1872 2147 ut
1903 2093 1955 2145 in
1978 2092 2264 2161 pristinum
2283 2098 2484 2145 statum
2518 2089 2872 2145 restituantur
2892 2131 2907 2154 ,
2944 2089 3079 2143 bene
3099 2099 3152 2142 et
3168 2090 3394 2158 pulchre

1816 2183 2013 2247 habet;
2049 2183 2132 2236 sin
2168 2182 2371 2245 minus,
2408 2181 2453 2236 si
2485 2190 2614 2235 sunt
2642 2181 2864 2250 quidam
2908 2180 3265 2235 sacerdotalis
3298 2196 3394 2235 ca-

1815 2275 1997 2344 talogi,
2051 2288 2146 2327 eos
2191 2272 2387 2341 deponi
2433 2272 2686 2341 jubemus
2730 2271 2861 2325 :sin
2907 2281 3087 2326 autem
3136 2273 3391 2327 monachi

1813 2367 1899 2423 vel
1934 2367 2075 2430 laici,
2103 2364 2411 2434 segregari,
2440 2374 2499 2418 ut
2528 2365 2618 2433 qui
2649 2364 2759 2418 sint
2779 2364 3122 2417 condemnati
3152 2380 3179 2417 a
3208 2364 3389 2428 Patre,

1814 2470 1868 2517 et
1891 2460 2050 2524 Filio,
2074 2466 2127 2514 ct
2153 2456 2360 2528 Spiritu
2414 2464 2625 2520 saneto,
2670 2466 2724 2510 et
2773 2466 3044 2524 ponantur
3070 2456 3159 2510 ubi
3190 2458 3390 2512 vermis

1817 2570 1925 2608 non
1956 2552 2204 2618 moritur,
2240 2567 2337 2607 nec
2372 2549 2511 2622 ignis
2545 2547 2929 2616 exstinguitur,
2966 2549 3092 2617 quia
3120 2550 3240 2603 voci
3284 2548 3389 2602 Do-

1816 2647 1947 2701 mini
1983 2646 2359 2710 adversantur,
2388 2660 2509 2713 qum
2540 2641 2707 2698 dicit:
2744 2639 2821 2695 Ne
2852 2640 3014 2711 facile
3040 2642 3254 2696 domum
3282 2642 3391 2696 Pa-

1817 2741 1912 2794 tris
1946 2740 2046 2792 mei
2083 2738 2298 2791 domum
2332 2737 2699 2806 negotiationis
2719 2736 2785 2792 ⁸⁸.

1890 2847 2104 2903 Textus.
2152 2844 2340 2898 Const.
2389 2843 2476 2905 l5,
2530 2844 2609 2896 tit.
2665 2842 2689 2895 1
2743 2840 3086 2896 Novellarum
3138 2842 3251 2895 ait:
3287 2838 3390 2905 Qui

1820 2939 2215 2995 monasterium
2266 2936 2537 2993 tedificare
2588 2935 2721 2998 vult,
2767 2934 2919 3004 prius
2970 2950 3093 2988 cum
3148 2916 3404 2987 iocor-our

1818 3028 2071 3098 episcopo
2116 3027 2284 3097 agito,
2332 3040 2441 3096 quo
2490 3024 2578 3078 ille
2622 3025 2845 3079 veniens
2890 3034 3076 3078 votum
3121 3024 3298 3087 faciat,
3340 3028 3394 3077 et

1818 3135 2033 3175 crucem
2081 3120 2243 3189 figat:
2288 3129 2449 3188 atque
2494 3127 2605 3172 tum
2649 3115 2918 3190 [demum]
2953 3117 3165 3170 mdificii
3193 3116 3392 3171 funda-

1817 3219 2059 3265 mentum
2108 3210 2320 3279 iacitor.
2355 3208 2442 3274 {Et
2489 3216 2668 3264 const.
2709 3209 2763 3273 5,
2808 3209 2889 3266 tit.
2937 3208 2973 3261 2
3043 3206 3389 3263 Novellarum

1817 3304 1935 3359 ait:
1986 3301 2091 3369 Qui
2145 3286 2534 3356 monasterium
2588 3310 2869 3355 exstruere
2916 3300 3032 3355 vult
3078 3316 3183 3353 non
3237 3300 3393 3354 aliter

1816 3396 2226 3450 aedificationem
2259 3394 2502 3462 incipito,
2535 3394 2636 3445 nisi
2676 3393 2916 3446 locorum
2943 3392 3231 3460 episc0pus
3264 3407 3389 3460 pre-

1816 3502 1911 3541 ces
1961 3486 2070 3541 illic
2116 3484 2446 3555 profuderit,
2490 3492 2544 3537 et
2585 3483 2877 3553 pretiosam
2920 3498 3135 3538 erucem
3185 3484 3384 3539 fixerit.

1815 3580 1973 3636 Certe
2026 3580 2120 3648 qui
2178 3578 2346 3632 semel
2398 3586 2711 3642 exstruere,
2764 3577 2848 3631 vel
2904 3587 3061 3630 vetus
3115 3591 3383 3631 renovare

1816 3673 2001 3740 coepit,
2047 3678 2429 3725 consummare
2472 3670 2701 3738 cogitur.
2755 3668 2925 3739 Legas
2969 3668 3169 3741 [vero]
3223 3671 3386 3723 etiam

1814 3779 1936 3833 qua:
1987 3771 2244 3817 annotata
2290 3772 2418 3817 sunt
2453 3762 2507 3815 in
2545 3778 2666 3831 cap.
2714 3762 2765 3826 1,
2820 3763 2903 3815 tit.
2946 3763 3001 3827 ἓ,
3046 3770 3100 3815 et
3143 3778 3262 3830 cap.
3300 3763 3388 3827 14,

1816 3858 1900 3909 tit.
1933 3856 1966 3908 3
2025 3856 2311 3923 prazsentis
2352 3856 2554 3923 operis.
2588 3854 2822 3909 Constit.
2855 3854 2906 3920 1,
2945 3856 3028 3907 lit.
3061 3854 3097 3907 2
3140 3852 3392 3909 Novella-

1813 3964 1934 4001 rum
1959 3946 2066 4000 ait:
2096 3947 2265 3999 Nemo
2291 3946 2706 4007 monasterium,
2731 3946 2782 3999 in
2805 3960 2912 4014 quo
2933 3946 3103 3999 altare
3124 3956 3387 4013 erectum,

1813 4048 1907 4093 aut
1930 4054 2146 4092 sacrum
2182 4038 2545 4091 ministerium
2578 4037 2901 4101 exhibitnm,
2930 4046 3024 4091 aut
3053 4038 3390 4093 monachalis

1812 4129 2133 4184 exercitatio
2166 4127 2325 4182 fuerit
2351 4147 2363 4180 :
2398 4126 2527 4199 [vel]
2556 4128 2796 4191 vendito,
2828 4128 2908 4179 vel
2944 4136 3272 4196 permutato,
3304 4126 3388 4180 vel

1812 4224 2036 4278 donato.
2076 4220 2293 4291 Alioqui
2336 4220 2484 4290 quod
2518 4218 2719 4273 factum
2771 4219 2954 4287 fuerit,
2999 4219 3208 4272 irritum
3236 4219 3385 4273 erit:

1814 4326 1865 4373 et
1896 4316 1987 4385 qui
2023 4316 2247 4386 ceperit,
2285 4315 2477 4383 pretiis
2516 4314 2765 4368 excidet:
2796 4313 2889 4382 qui
2920 4321 3098 4367 autem
3129 4314 3385 4368 vendide-

1811 4412 1904 4477 rit,
1929 4418 1983 4464 et
2010 4411 2085 4463 rei
2119 4417 2172 4463 et
2199 4408 2357 4478 pretii
2387 4407 2680 4461 amissione
2709 4406 3060 4459 multabitur:
3093 4413 3256 4474 atque
3298 4406 3387 4461 illa

1812 4502 2173 4559 sanctissimae
2228 4501 2348 4570 ejus
2399 4499 2501 4552 loci
2534 4495 2820 4562 Ecclesiae,
2877 4498 3388 4567 venerabilibusque

1811 4596 1929 4666 ejus
1984 4596 2089 4649 loci
2142 4592 2486 4647 monasteriis
2532 4590 2919 4645 attriliuentur.
2978 4589 3138 4660 355
3184 4591 3387 4657 Quaru-

1812 4688 2001 4741 obrem
2041 4680 2429 4756 [.Eeclesiarum
2469 4693 2631 4752 atque
2679 4682 3133 4737 monasteriorum
3170 4683 3387 4751 dispen-

1811 4778 2047 4850 satores]
2080 4778 2388 4848 dispiciant,
2420 4786 2480 4831 ut
2517 4776 2661 4846 quod
2693 4777 2832 4831 male
2867 4778 3156 4831 alienatum
3185 4782 3286 4840 cst,
3317 4775 3384 4828 ad

1811 4871 2126 4927 monasticae
2169 4868 2571 4943 [habitationis]
2618 4867 2847 4923 formam
2885 4869 3170 4921 reducant.
3199 4866 3386 4934 Neque

1811 4962 1987 5036 [mro]
2028 4964 2330 5034 hypotheca
2381 4965 2434 5016 in
2479 4962 2566 5016 his
2598 4960 2793 5025 valeto,
2841 4961 2933 5015 sed
2979 4958 3130 5012 irrita
3160 4968 3298 5024 esto,
3329 4966 3386 5012 et

1812 5055 2205 5111 monasterium
2281 5063 2471 5109 sancto
2560 5052 2865 5107 ministerio
2949 5048 3235 5105 addicitor.
3317 5046 3383 5102 Et

1812 5145 2028 5199 constit.
2057 5142 2111 5207 2,
2144 5140 2632 5199 tit.2Novellarum
2646 5138 2753 5197 ait:
2782 5138 3166 5193 Monasrerium
3194 5137 3247 5191 in
3280 5137 3384 5192 hoc

1820 5253 1888 5292 ne
1922 5238 2207 5299 alicnator,
2244 5244 2304 5289 ut
2337 5247 2551 5289 sacrata
2607 5234 2777 5287 forma
2830 5232 2885 5285 in
2935 5231 3195 5299 privatam
3252 5244 3384 5285 con-

1816 5330 2177 5385 versationem
2256 5326 2697 5381 transformetur.
2737 5322 2953 5392 Alioqui
3027 5321 3267 5393 episcopi
3330 5321 3382 5376 id

1816 5420 2203 5479 monasterium
2255 5417 2588 5485 vindicandi,
2632 5422 2684 5472 et
2730 5414 2797 5470 ad
2843 5413 3122 5484 pristinam
3153 5412 3383 5469 formam
