3904 6220
425 206 532 269 839

1482 200 1745 261 PHOTIl
1787 202 1985 264 PATR

2093 204 2294 263 ICHE
2346 204 2454 264 CP.
3547 214 3635 277 δίο

425 318 721 374 reducendi
761 316 1072 373 facultatem
1124 315 1347 371 habent.
1379 313 1498 368 Lib.
1533 330 1571 378 ι,
1614 315 1696 368 tit.
1733 315 1788 379 ’5,
1818 324 1986 369 const.

2103 332 2187 367 σιν
2234 316 2282 366 οἱ
2314 315 2609 371 ἐπίσκοποι,
2649 312 2709 365 τὸ
2740 309 2978 365 τοιοῦτον
3024 311 3377 383 μοναστήριον
3409 316 3633 379 ἐκδικεῖν,

424 411 517 473 38,
566 412 676 466 ait:
720 410 821 475 Qui
870 408 1200 463 monasteria
1231 422 1325 460 sua
1358 405 1686 474 relinquunt,
1718 419 1825 458 non
1859 403 1998 458 reci-

425 500 581 569 piunt
625 514 759 568 quas
804 499 869 551 ad
928 498 1017 551 illa
1067 494 1235 568 [res]
1321 494 1551 548 mobiles
1616 495 1993 554 adduxerunt,

424 593 799 659 cujuscunque
845 590 1168 659 quantitatis
1224 589 1465 643 fuerint:
1517 586 1731 641 tametsi
1776 587 1843 640 de
1890 585 1996 639 illis

424 682 569 734 nulla
604 690 847 734 actorum
885 692 1238 734 monumenta
1271 680 1519 733 confecta
1556 678 1685 731 sint.
1718 676 1775 729 In
1802 675 1997 728 immo-

421 771 621 825 bilibus
662 780 843 824 autem
879 771 968 839 jus
998 773 1200 825 servari
1233 778 1466 837 oportet,
1499 768 1757 836 quoniam
1782 766 1859 821 illi
1899 763 1994 835 qui

420 863 588 927 dedit,
631 864 847 917 illarum
880 863 1179 918 vindieatio
1217 878 1324 916 non
1361 861 1569 916 interit.

491 1043 559 1097 Et
606 1054 786 1100 const.
841 1046 926 1111 15,
976 1046 1063 1101 tit.
1111 1042 1515 1097 lNovcllarum
1556 1041 1723 1096 dicit:
1762 1040 1818 1094 Si
1868 1041 1993 1109 quis

420 1138 723 1193 monachus
760 1138 1013 1192 recedere
1048 1137 1194 1197 velit.
1237 1149 1591 1204 quascunque
1627 1148 1737 1198 res,
1772 1133 1992 1201 quando

422 1227 862 1299 [monasterium]
900 1229 1179 1298 ingressus
1209 1234 1309 1290 est,
1350 1226 1557 1291 habuit,
1592 1226 1643 1279 in
1676 1224 1990 1279 monasterii

418 1318 721 1373 dominium
745 1320 957 1374 cadent.
984 1320 1078 1373 Et:
1105 1318 1239 1371 Cum
1261 1317 1647 1371 monasterium
1669 1316 1987 1386 ingreditur,

420 1424 690 1479 quemque
716 1412 782 1463 de
816 1410 977 1464 rebus
1008 1410 1121 1463 suis
1156 1416 1393 1462 statuere
1419 1415 1651 1477 Oportet.
1682 1405 1991 1475 ingredien-

422 1509 526 1553 tem
552 1502 694 1555 enim
720 1500 867 1573 [illae]
893 1502 1259 1555 comitantur:
1290 1499 1503 1553 tametsi
1528 1499 1578 1552 id
1603 1513 1711 1551 non
1733 1512 1989 1567 expresse

419 1591 636 1645 dixerit.
681 1590 875 1645 Verum
909 1593 953 1645 si
987 1607 1111 1645 cum
1146 1592 1348 1647 liberos
1378 1592 1591 1651 habeat,
1630 1590 1736 1645 illis
1772 1606 1859 1644 res
1887 1588 1988 1643 ali-

2097 406 2191 458 καὶ
2236 407 2310 467 είς
2336 405 2395 457 τὸ
2424 404 2683 474 πρότερον
2708 402 3001 470 ἐπανάγειν
3032 405 3237 473 σχῆμασ
3277 403 3409 473 βιδλ.
3441 416 3506 472 α’,
3537 414 3633 469 τίτ.

2097 500 2165 557 α’,
2194 494 2333 549 διάτ.
2370 494 2448 565 λη’
2481 494 2663 565 φησὶν,
2683 494 2785 559 ὅτι,
2821 494 2884 547 Οἱ
2913 494 2980 546 τά
3006 492 3110 546 ἴδια
3143 496 3463 567 μοναστὲερια
3485 516 3637 556 κατα-

2094 585 2454 655 λιμπάνοντες
2472 625 2487 649 ,
2523 586 2581 637 οὺ
2609 583 2977 652 λαμϐάνουσιν
3005 584 3147 655 άπερ
3181 584 3356 646 αὐτοῖς
3388 591 3639 660 προσήγα-

2094 693 2213 744 γον,
2255 676 2450 745 νικητὰ
2499 676 2834 746 ὁσησδήποτε
2877 676 3174 744 ποσότητος
3227 676 3385 742 ὅντα,
3432 682 3526 733 κᾶν
3572 688 3637 753 μὴ

2096 768 2311 821 σύνεστι
2347 768 2544 838 πρᾶξις
2596 767 3005 836 ὑπομνημάτων
3040 768 3127 820 ἐπ’
3178 769 3391 831 αὐτοῖς·
3435 773 3551 841 περὶ
3591 775 3640 829 ἑὲ

2093 857 2201 910 τῶν
2235 858 2505 927 ἀκινήτων
2534 858 2614 910 δεῖ
2640 858 2707 911 τά
2746 858 2952 926 νόμιμα
2982 856 3364 925 φυλάττεσθαι,
3412 860 3526 912 ἐπεὶ
3552 864 3640 916 οὐκ

2094 950 2403 1021 ἀναιρεῖται
2434 952 2509 1021 τῷ
2551 951 2923 1022 δωρησαμένῳ
2957 952 2989 1021 η
3018 951 3292 1020 ὲκνίκησις
3324 952 3511 1007 αὐτῶν.

2164 1042 2273 1093 Καὶ
2302 1042 2335 1112 ἡ
2370 1039 2434 1109 ιγ
2467 1041 2608 1094 διάτ.
2640 1041 2733 1094 τοῦ
2765 1048 2813 1094 α’
2843 1042 2946 1094 τίτ.
2976 1042 3083 1093 τῶν
3116 1042 3344 1111 Neapth
3374 1042 3541 1111 λέγει,
3570 1045 3639 1099 ὅτι

2095 1125 2249 1192 Είτις
2280 1131 2518 1197 μονάσας
2557 1131 2915 1201 ἀναχωρῆσαι
2946 1131 3225 1202 βουληθῇ,
3265 1132 3344 1184 τά
3367 1135 3641 1204 πράγματα

2089 1222 2188 1274 ὅσα
2216 1227 2475 1293 παρεῖχεν
2497 1225 2657 1293 ἡνίκα
2683 1226 2853 1295 εἰσῄει
2878 1266 2894 1291 ,
2922 1225 3020 1293 τῆς
3038 1225 3359 1287 δεσποτείας
3392 1226 3533 1279 ἔσται
3553 1229 3635 1281 τιιῦ

2091 1329 2332 1383 μοναστη
2344 1314 2479 1384 ρίου·
2512 1315 2607 1367 καὶ
2633 1316 2816 1368 ὃτιΔεί
2843 1316 2934 1368 τὸν
2953 1315 3173 1368 θέλοντα
3197 1315 3444 1385 μονάσαι,
3469 1317 3636 1370 διατυ-

2089 1399 2223 1453 ποῦν
2239 1394 2366 1471 περὶ
2388 1401 2494 1454 τῶν
2522 1402 2666 1454 ἰδίων
2685 1402 3047 1472 πραγμάτωνο
3075 1401 3367 1455 εἰσελθόντι
3384 1403 3485 1473 γὰρ
3510 1404 3638 1473 αὐτῷ

2090 1493 2556 1557 συνακολουθοῦσι,
2585 1495 2684 1546 κᾶν
2715 1493 2787 1564 μὴ
2816 1494 2971 1546 τοῦτο
2996 1493 3172 1565 ῥητῶς
3197 1493 3344 1566 εἴπῃ⁸
3372 1495 3418 1546 εί
3453 1494 3543 1564 μέν
3570 1514 3639 1547 τοι

2092 1586 2286 1648 παῖδας
2320 1584 2480 1655 ἔχων,
2512 1584 2667 1654 ἔτυχέ
2700 1602 2821 1638 τινα
2856 1585 3155 1654 πράγματα
3194 1585 3578 1655 δωρησάμενες,
3610 1585 3637 1654 ἢ

418 1698 583 1752 quas,
634 1698 754 1752 quae
801 1683 1097 1751 legitimam
1143 1684 1450 1751 portionem
1505 1681 1825 1737 subSIantize
1867 1680 1986 1749 ejus

2093 1677 2447 1747 δωρησαμένη
2484 1677 2701 1741 αὐτοῖς,
2739 1677 2772 1747 ἢ
2814 1676 2955 1747 ὑπὲρ
2984 1676 3238 1747 προικὸς,
3283 1677 3314 1746 ἢ
3353 1676 3452 1747 πρὸ
3479 1677 3637 1745 γάμου

415 1775 738 1840 conﬁciant,
780 1775 921 1827 dolis
956 1774 1332 1827 donationisve
1366 1782 1489 1827 ante
1523 1772 1742 1841 nuptias
1773 1774 1992 1825 nomine

416 1864 734 1917 donaverit:
768 1864 821 1916 in
853 1863 1077 1932 reliquis
1111 1864 1184 1915 illi
1211 1863 1411 1916 nullam
1437 1862 1985 1917 communicationem

419 1960 676 2015 habento.
708 1959 805 2015 Sin
834 1956 971 2017 nihil
1002 1956 1156 2034 ipsis.
1190 1964 1281 2019 aut
1310 1954 1501 2016 minus
1537 1956 1779 2029 legitima
1819 1956 1990 2012 dona-

358 2064 365 2067 ’
419 2062 589 2110 verit:
621 2069 782 2109 etiam
810 2068 1095 2125 postquam
1129 2058 1241 2123 ipse
1274 2056 1577 2109 monachus
1606 2053 1779 2107 factus
1807 2051 1987 2113 fuerit,

416 2148 645 2201 debetur
690 2148 794 2199 illis
839 2147 1101 2215 legitima.
1154 2145 1320 2199 Plane
1358 2144 1403 2199 si
1451 2144 1679 2197 maritus
1719 2150 1813 2195 aut
1855 2156 1992 2195 uxor

417 2239 682 2292 lucratur.
733 2236 795 2290 Et
839 2255 851 2291 :
902 2236 959 2291 Si
1008 2237 1311 2291 monachus
1358 2237 1412 2290 in
1461 2236 1730 2301 militiam,
1782 2242 1876 2288 aut
1920 2233 1989 2287 ad

416 2326 576 2379 aliam
628 2325 753 2378 vitre
799 2324 1029 2378 formam
1080 2326 1315 2379 habeat:
1359 2326 1661 2379 substantia
1694 2325 1813 2392 ejus
1846 2325 1989 2393 apud

416 2418 805 2472 monasterium
858 2429 1118 2483 remanet,
1169 2418 1284 2487 ipse
1328 2433 1459 2471 vero
1510 2416 1855 2487 provincialis
1898 2431 1991 2470 σοι

416 2508 645 2562 hortalis
676 2508 766 2560 sit.
801 2506 967 2578 356
1010 2507 1113 2561 Sed
1145 2517 1199 2561 et
1233 2508 1275 2561 si
1306 2507 1428 2577 quis
1462 2509 1514 2561 in
1545 2508 1688 2561 aliud
1720 2518 1991 2560 monaste-

414 2601 556 2654 rium
588 2608 827 2653 transeat
852 2616 865 2651 :
895 2599 1180 2653 facultates
1213 2600 1383 2668 ipsius
1413 2600 1477 2652 ad
1507 2600 1741 2668 primum
1771 2612 1986 2651 monas-

416 2690 613 2745 terium
677 2690 974 2759 pertinent.
1042 2689 1310 2743 Caeterum
1370 2688 1627 2757 praesules
1696 2687 1871 2755 ipsum
1923 2701 1990 2741 ne

412 2782 791 2850 suscipiunto:
841 2788 1005 2850 atque
1049 2780 1149 2833 hoc
1181 2777 1403 2851 |ipsum]
1448 2787 1558 2832 tum
1603 2776 1840 2847 episcopi
1874 2780 1987 2830 tum

413 2872 855 2927 archimandrin
902 2871 1248 2939 prohibente.

486 2962 628 3018 Dicit
660 2978 791 3017 vero
838 2962 1002 3017 etiam
1046 2975 1223 3017 const.
1273 2961 1363 3024 52.
1397 2961 1479 3016 tit.
1509 2961 1561 3026 5,
1591 2961 1681 3016 lib.
1708 2976 1746 3014 ι.
1777 2959 1834 3015 Si
1862 2960 1987 3030 quis

412 3072 478 3111 ex
527 3071 658 3109 casu
702 3056 747 3109 si
795 3056 949 3110 liberi
1000 3071 1108 3109 non
1155 3055 1453 3121 exsistent,
1509 3053 1853 3108 restitutione
1899 3053 1986 3108 vel

412 3146 802 3201 substitutions
850 3159 1106 3215 gravatus
1140 3147 1324 3205 fuerit.
1363 3154 1418 3200 et
1461 3145 1605 3215 quod
1656 3145 1819 3198 vitam
1866 3159 1981 3198 mo-

413 3240 676 3292 nasticam
709 3238 982 3307 praeferat,
1014 3236 1424 3291 matrimonium
1455 3237 1781 3301 contrahere
1812 3235 1982 3288 nolit:

411 3342 502 3383 res
530 3325 886 3399 [assignatas]
915 3328 1131 3392 retinet,
1180 3335 1345 3397 atque
1392 3327 1521 3380 dum
1565 3325 1716 3391 vivit,
1761 3325 1987 3379 insumit.

411 3421 559 3484 illas,
605 3431 698 3473 aut
732 3418 1009 3487 quomodo
1042 3418 1155 3471 vult
1182 3417 1438 3487 relinquit
1461 3416 1757 3472 dummodo
1787 3415 1841 3468 in
1868 3415 1986 3484 pias

410 3527 627 3566 causas.
681 3509 785 3564 Sed
830 3517 885 3563 et
924 3510 971 3564 si
1015 3510 1118 3564 sub
1173 3510 1483 3563 conditione
1519 3508 1984 3578 procreandorum

410 3601 709 3656 liberorum
757 3602 859 3669 ipsi
898 3600 1100 3655 relicta:
1139 3600 1267 3664 sint,
1315 3600 1479 3655 habet
1508 3600 1628 3655 illas
1661 3599 1844 3655 liberis
1876 3612 1983 3651 non

410 3696 737 3765 procreatis.
768 3692 916 3747 ldem
950 3694 1115 3749 etiam
1151 3694 1218 3748 de
1248 3694 1614 3764 virginitatem
1649 3678 1985 3748 sectantibus

412 3784 800 3859 {inulieribus]
856 3786 1043 3839 eadem
1097 3796 1274 3841 const.
1338 3786 1488 3839 dicit.
1540 3784 1693 3851 Quod
1741 3786 1787 3839 si
1842 3799 1985 3838 unus

412 3880 705 3949 conjugum
742 3879 909 3932 vitam
950 3878 1309 3933 monasticam
1342 3877 1628 3946 suscipiat,
1656 3877 1791 3931 alter
1820 3892 1985 3946 repu-

411 3972 558 4026 dium
587 3970 770 4034 mittit,
794 3969 1055 4037 locusque
1084 3966 1209 4040 [est]
1238 3984 1302 4023 ex
1330 3977 1505 4023 morte
1533 3970 1727 4038 pactis,
1755 3977 1809 4022 et
1838 3968 1985 4037 quod

410 4055 537 4119 in'de
561 4064 768 4116 lucrum
801 4064 1067 4131 provenit,
1099 4071 1349 4118 serVatur
1381 4077 1449 4114 ex
1478 4062 1667 4117 eodem
1700 4063 1984 4117 matrimo-

411 4157 504 4210 nio
542 4154 685 4209 forte
723 4153 1117 4209 exsistentibus
1151 4153 1360 4216 liberis,
1394 4162 1487 4207 aut
1521 4153 1573 4207 id
1605 4154 1849 4208 lucratur
1873 4152 1982 4225 [ea]

410 4266 644 4320 persona
690 4264 811 4317 quae
858 4248 925 4302 ad
968 4248 1270 4303 secundum
1304 4247 1715 4302 matrimonium
1752 4263 1859 4302 non
1891 4250 1984 4303 de-

2092 1768 2300 1837 δωρεᾶς
2325 1809 2340 1833 ,
2375 1769 2470 1822 καὶ
2503 1770 2647 1822 ποιεῖ
2677 1766 2850 1821 ταῦτα
2880 1769 2939 1821 τὸ
2973 1769 3205 1838 νόμιμον
3239 1768 3399 1838 μέρος
3433 1768 3522 1836 τῆς
3550 1768 3640 1819 αὺ-

2092 1858 2184 1911 τοῦ
2211 1858 2545 1929 περιουσίας,
2572 1858 2646 1928 μὴ
2673 1859 2943 1936 έχέτωσαν
2968 1861 3016 1912 οἱ
3040 1861 3226 1922 παῖδες
3255 1859 3390 1929 πρὸς
3412 1859 3474 1910 τά
3497 1858 3641 1911 λοιπά

2096 1950 2413 2022 μετουσίαν·
2449 1953 2493 2005 εἰ
2529 1950 2583 2004 δὲ
2622 1952 2811 2023 ,μηδὲν
2846 1953 3047 2015 αὐτοῖς,
3099 1952 3132 2024 ἢ
3185 1952 3402 2005 ἔλαττον
3438 1950 3524 2003 τοῦ
3566 1968 3640 2003 νο-

2095 2045 2262 2116 μίμου
2295 2046 2602 2116 ὲδωρήσατο
2625 2086 2640 2110 ,
2675 2046 2770 2098 καὶ
2797 2046 2934 2116 μετά
2962 2045 3020 2098 τὸ
3054 2045 3286 2114 μονάσαι
3322 2044 3476 2098 αὐτὸν
3507 2044 3639 2112 ὀρεξ-

2092 2137 2244 2192 λεται
2272 2142 2383 2202 τοῖς
2423 2139 2582 2193 παισὶ
2610 2139 2669 2191 τὸ
2706 2138 2954 2209 νόμιμον·
2988 2137 3116 2189 εἰδὲ
3154 2136 3292 2205 ἀνὴρ
3330 2137 3361 2208 ἢ
3397 2136 3525 2206 γυνὴ
3554 2153 3638 2203 μο-

2092 2228 2243 2283 νάσει
2269 2270 2284 2294 ,
2328 2232 2417 2282 τὸν
2457 2232 2564 2284 ἀπὸ
2598 2230 2854 2300 τελευτῆς
2896 2230 3060 2283 κάσον
3083 2231 3129 2283 ,ὁ
3151 2229 3337 2300 ’ἔτερος
3369 2229 3636 2299 κερδαίνει·

2092 2323 2185 2373 καὶ
2217 2322 2298 2374 δτι
2330 2317 2455 2370 Ἐάν
2477 2323 2710 2393 μοναχὸς
2758 2324 2837 2385 εἰς
2874 2323 3162 2391 στρατείαν
3193 2322 3321 2390 ἔλθῃ
3345 2363 3358 2385 ,
3396 2321 3427 2393 ἧ
3472 2321 3639 2391 ἕτερον

2093 2412 2208 2482 βίου
2238 2413 2421 2483 σχῆμα
2443 2454 2458 2477 ,
2492 2415 2526 2482 ἡ
2575 2416 2674 2484 μὲν
2712 2414 2870 2468 οὐσία
2904 2415 3052 2484 μένει
3096 2414 3250 2482 παρὰ
3281 2414 3357 2484 τῷ
3391 2430 3638 2483 μοναστη-

2093 2502 2212 2572 ρίῳ,
2245 2504 2403 2567 αὐτὸς
2440 2504 2495 2557 δὲ
2519 2504 2794 2573 ταξεώτης
2818 2504 3111 2575 ἐπιχώριος
3135 2505 3367 2572 γίνεται·
3400 2506 3445 2556 εί
3477 2503 3527 2555 δὲ
3557 2501 3640 2555 καί

2090 2610 2173 2655 τις
2210 2596 2289 2657 εἰς
2330 2596 2693 2666 μοναστήριον
2740 2595 2849 2647 άπὸ
2896 2595 3263 2665 μοναστηρίου
3313 2594 3641 2666 μετέλθοι,ή

2088 2684 2245 2737 οὐσία
2294 2686 2457 2738 αὐτοῦ
2504 2685 2582 2754 τῷ
2632 2685 2833 2757 πρώτῳ
2878 2686 3225 2757 μοναστηρίῳ
3280 2687 3539 2756 διαφέρω
3595 2685 3639 2736 οί

2093 2776 2279 2844 μέντοι
2313 2776 2604 2846 ἡγούμενοι
2648 2776 2723 2847 μὴ
2760 2776 3101 2845 δεχέσθωσαν
3151 2778 3336 2830 αὐτόν’
3372 2776 3635 2830 κωλυέτω-

2093 2884 2190 2921 σαν
2215 2867 2273 2920 δὲ
2300 2868 2458 2921 τοῦτο
2487 2869 2581 2921 καὶ
2605 2870 2655 2922 οί
2686 2869 2976 2921 ἐπίσκοποι
3006 2869 3100 2921 καὶ
3133 2872 3180 2921 οἱ
3216 2868 3637 2939 ἁρχιμανδρίται.

2160 2959 2321 3026 Λέγει
2359 2960 2415 3013 δὲ
2455 2962 2549 3012 καὶ
2575 2960 2713 3013 διάτ.
2750 2959 2828 3030 νβ’
2856 2960 2949 3012 τοῦ
2980 2966 3027 3028 γ’
3053 2960 3157 3012 τίτ.
3200 2962 3296 3014 τοῦ
3323 2960 3370 3013 α’
3406 2959 3536 3030 βιδλ.
3572 2959 3644 3011 ὅτι

2095 3048 2321 3115 Ἐάντις
2373 3052 2586 3125 βαρηθῇ
2638 3054 3079 3108 ὑποκαταστάσει
3128 3053 3161 3123 ἢ
3223 3052 3647 3107 ἁποκαταστάσει

2086 3141 2146 3206 ἐξ
2177 3143 2431 3209 ἀπαίδου,
2474 3147 2565 3199 καὶ
2620 3147 2691 3217 μὴ
2726 3146 2959 3217 βουληθῇ
3009 3146 3265 3216 γαμῆσαι
3304 3148 3371 3199 δι’
3409 3147 3644 3216 ἄσκησιν,

2088 3233 2238 3300 μένει
2262 3234 2401 3305 ἔχων
2430 3237 2499 3289 τά
2537 3239 2857 3309 πράγματα·
2888 3241 2983 3292 καὶ
3014 3239 3218 3309 περιὼν
3245 3241 3383 3294 αὐτὰ
3415 3240 3646 3307 δαπανᾷ,

2086 3325 2118 3395 ἢ
2150 3328 2553 3398 καταλιμπάνει
2587 3330 2662 3393 ὡς
2696 3330 2839 3383 θέλει
2888 3332 3127 3394 εὐσεϐῶς
3159 3333 3366 3402 μέντοι’
3404 3334 3451 3384 εἰ
3484 3331 3536 3384 δὲ
3566 3330 3649 3383 καὶ

2086 3416 2190 3469 ὑπὸ
2224 3420 2431 3489 αἵρεσιν
2452 3422 2794 3486 παιδοποιίας
2819 3422 2968 3493 αὑτῷ
2992 3425 3355 3496 καταλειφθῇ,
3393 3424 3501 3495 ἔχει
3526 3422 3651 3475 αὑτὰ

2085 3510 2178 3561 καὶ
2214 3509 2288 3580 μὴ
2315 3512 2665 3566 παιδοποιῶν·
2696 3515 2758 3567 τὸ
2781 3516 2912 3568 αὐτὸ
2935 3518 3029 3569 καὶ
3053 3518 3143 3569 ἐπὶ
3177 3516 3647 3588 παρθενευούσαις’

2085 3602 2119 3669 ἡ
2152 3602 2291 3672 αὑτὴ
2318 3603 2458 3658 διάτ.
2498 3607 2684 3676 φησὶν,
2718 3608 2821 3672 δτι,
2866 3609 2989 3661 Ἐάν
3022 3626 3105 3672 τις
3133 3610 3244 3663 τῶν
3279 3608 3651 3663 συνοικούντων

2089 3694 2332 3766 μονάσῃ,
2376 3697 2582 3767 πέμπει
2631 3699 2912 3767 ρεπούδιον
2957 3701 2985 3751 ὁ
3033 3701 3209 3763 ἄλλος,
3246 3701 3342 3754 καὶ
3366 3699 3513 3771 χώρα
3550 3700 3650 3758 τοῖς

2084 3787 2192 3839 ἀπὸ
2236 3786 2491 3859 τελευτῆς
2536 3790 2879 3859 συμφώνοις’
2931 3793 3026 3845 καὶ
3071 3793 3131 3845 τὸ
3176 3793 3429 3847 ἐντεῦθεν
3476 3792 3650 3862 κέρδος

2086 3878 2413 3946 φυλάττεται
2442 3884 2553 3943 τοῖς
2594 3883 2668 3944 ὡς
2702 3883 2848 3946 εἰκὸς
2875 3881 3025 3937 οὖσιν
3057 3885 3120 3936 ὲκ
3152 3884 3249 3937 τοῦ
3282 3882 3446 3938 αὐτοῦ
3485 3886 3648 3950 γάμου

2087 3965 2273 4018 παισίν
2295 3982 2307 3995 ·
2349 3966 2382 4037 ἢ
2417 3967 2477 4020 τὸ
2508 3968 2773 4040 κερδᾶναν
2818 3974 3108 4042 πρόσωπον
3144 3973 3219 4043 μὴ
3255 3973 3406 4026 ἐλθὸν
3439 3974 3513 4036 είς
3540 3970 3651 4023 δεύ-

2087 4072 2242 4124 τερον
2291 4058 2505 4127 γάμον
2550 4060 2647 4113 καὶ
2692 4059 2786 4113 τοῦ
2852 4062 3043 4132 ἀνδρὸς
3092 4063 3483 4133 μονάζοντοςή
3526 4062 3649 4129 γυιὴ

2086 4147 2256 4219 ἑτέρῳ
2280 4150 2339 4201 οὐ
2366 4152 2623 4220 γαμεῖται
2644 4154 2735 4204 ἐπὶ
2759 4152 2855 4206 ’ἐνα
2882 4156 3147 4209 ἐνιαυτόν⁹
3170 4158 3218 4208 εἰ
3244 4157 3426 4227 μέντοι
3450 4172 3529 4217 τις
3553 4154 3651 4207 τῶν

2090 4243 2415 4309 μνηστήρων
2456 4241 2712 4310 μονὰσει,
2754 4245 2803 4296 οἱ
2842 4245 3160 4315 άρῤαϐὦνες
3197 4246 3361 4298 ἁπλοῖ
3391 4245 3653 4298 ἀποδίδον-

408 4342 578 4396 venit.
628 4342 905 4411 Caeterum
945 4341 990 4396 si
1046 4355 1281 4410 sponsus
1319 4340 1591 4410 quispiam
1624 4340 1678 4394 in
1712 4350 1982 4396 monaste-

2093 4347 2194 4395 ται,
2221 4333 2311 4384 καὶ
2347 4333 2498 4387 οὐδὲν
2528 4334 2882 4404 ζημιοῦνται,
2922 4336 2996 4400 ὡς
3036 4339 3070 4409 ἡ
3098 4338 3167 4391 νδ¹
3196 4338 3340 4393 διάτ.
3371 4337 3464 4391 τοῦ
3498 4333 3649 4389 αὑτοῦ

410 4433 552 4485 rium
566 4430 848 4490 concedat,
871 4429 1149 4499 simplices
1163 4430 1339 4485 arrhte
1356 4430 1650 4493 adduntur,
1672 4430 1983 4502 nullumque

409 4525 668 4579 damnum
705 4523 919 4577 subitur
950 4540 963 4576 :
999 4530 1059 4576 ut
1087 4522 1327 4589 ejusdem
1362 4522 1445 4577 tit.
1488 4531 1663 4578 const.
1697 4522 1784 4576 54.

482 4615 701 4669 Textus.
750 4613 816 4668 Et
863 4629 985 4683 qua:
1015 4614 1081 4668 de
1113 4615 1337 4683 repudio
1370 4622 1564 4670 tractat
1615 4615 1835 4670 Novella
1880 4614 1980 4668 117

407 4706 505 4761 ait:
530 4704 586 4759 Si
611 4714 806 4776 praeter
828 4720 1024 4760 causas
1050 4706 1117 4759 ab
1141 4705 1255 4773 ipsa
1281 4706 1454 4761 dictas
1476 4706 1672 4761 mulier
1697 4707 1982 4775 repudium

408 4796 654 4850 miserit:
692 4795 793 4848 dos
820 4795 1012 4847 marito
1038 4802 1133 4847 aut
1165 4794 1217 4847 in
1251 4795 1574 4859 dominium,
1609 4805 1703 4849 aut
1742 4796 1785 4849 si
1831 4794 1981 4849 liberi

414 4885 647 4949 subsint,
692 4883 745 4936 in
778 4898 934 4937 usum
962 4882 1194 4937 fructum
1240 4884 1419 4937 datur.
1449 4884 1639 4938 Mulier
1669 4892 1848 4938 autem
1889 4901 1984 4954 per

409 4975 644 5030 Iudicem
683 4974 943 5043 episcopo
988 4973 1221 5028 civitatis
1256 4974 1309 5028 in
1346 4989 1451 5044 qua
1488 4976 1694 5031 habitat
1733 4977 1981 5039 traditur,

320 5120 327 5127 ,
412 5074 459 5122 ει
492 5083 587 5136 per
615 5067 791 5136 ipsum
826 5065 891 5118 ad
927 5080 1143 5119 onmem
1170 5065 1289 5135 ejus
1312 5066 1477 5119 vitam
1510 5067 1563 5119 in
1591 5069 1982 5121 monasterium

412 5158 716 5227 zonjicitur.
744 5160 917 5227 Atque
950 5158 993 5211 si
1028 5159 1245 5227 quidem
1282 5158 1482 5213 liberos
1513 5158 1739 5225 habeat,
1770 5160 1983 5214 bessem

408 5252 729 5306 substantia:
768 5252 888 5320 ejus
922 5250 1045 5322 [illi]
1078 5252 1322 5319 capiunt,
1353 5251 1604 5305 trientem
1636 5267 1765 5305 vero
1794 5268 1983 5305 mona-

407 5344 665 5398 sterium.
686 5343 780 5397 Sin
812 5360 939 5398 vero
966 5360 1072 5398 non
1106 5345 1328 5408 liberos,
1360 5343 1451 5398 sed
1478 5352 1730 5413 parentes
1755 5345 1979 5399 habeat:

408 5434 621 5488 bessem
681 5436 1048 5500 monasterio,
1113 5436 1362 5490 trientem
1430 5446 1611 5489 autem
1670 5436 1982 5504 parentibus

409 5527 574 5579 dato:
608 5537 761 5579 extra
796 5543 958 5595 quam
992 5528 1034 5581 si
1070 5527 1165 5596 qui
1200 5528 1344 5581 illam
1378 5528 1429 5580 in
1463 5534 1729 5596 potestate
1761 5527 1979 5587 habent,

410 5616 614 5687 injusto
648 5620 873 5688 repudio
900 5634 1183 5675 assensum
1230 5619 1577 5691 praebuerint.
1627 5616 1788 5688 357
1829 5618 1982 5676 Tunc

2082 4438 2184 4478 τιτ,

2154 4610 2264 4664 Καὶ
2294 4613 2327 4681 ἡ
2359 4613 2487 4681 περὶ
2533 4613 2831 4683 ρεπουδίων
2861 4614 3311 4687 διαλαμϐάνουσα
3355 4618 3456 4688 ριζ¹
3494 4615 3654 4686 νεαρά

2085 4718 2271 4770 φησιν,
2306 4701 2387 4754 ὅτι
2420 4702 2515 4756 ἐὰν
2537 4704 2686 4773 παρὰ
2711 4707 2806 4768 τάς
2838 4708 3132 4777 εἰρημένας
3162 4710 3300 4780 αὐτῇ
3325 4708 3499 4771 αἰτίας
3523 4706 3653 4775 γυνὴ

2085 4793 2274 4863 πέμψῃ
2328 4794 2627 4863 ρεπούδιον,
2731 4796 2828 4865 μὲν
2878 4798 3038 4868 προὶξ
3066 4799 3143 4867 τῷ
3170 4800 3325 4869 ἀνδρὶ
3372 4800 3588 4859 δίδοται,
3623 4799 3651 4866 ἢ

2084 4887 2225 4938 κατὰ
2248 4887 2585 4951 δεσποτείαν,
2626 4890 2658 4958 ἣ
2692 4890 2897 4942 παίδων
2931 4891 3175 4944 ὑπόντων
3206 4894 3349 4945 κατὰ
3380 4894 3589 4962 χρῆσιν·
3623 4890 3653 4957 ἡ

2084 4977 2140 5029 δὲ
2169 4979 2306 5047 γυνὴ
2333 4978 2421 5030 διά
2444 4978 2538 5031 τοῦ
2571 4980 2888 5043 δικάσαντος
2911 4981 3262 5050 παραδίῶται
3284 4983 3360 5052 τῷ
3385 4982 3653 5047 ἐπισκόπῳ

2083 5069 2181 5137 τῆς
2212 5068 2419 5132 πόλεως
2466 5070 2524 5121 ὲν
2642 5072 2809 5135 οἰκεῖ,
2864 5071 2959 5123 καὶ
3005 5070 3070 5123 δι’
3102 5073 3267 5125 αὑτοῦ
3318 5069 3653 5143 μοναστηρίῳ

2085 5160 2411 5229 ἐμϐάλλεται
2446 5162 2621 5214 πᾶσαν
2652 5164 2750 5232 τὴν
2786 5162 2932 5233 ζωὴν
2964 5165 3149 5235 αὐτῆς·
3183 5167 3276 5218 καὶ
3324 5167 3373 5217 εἰ
3404 5165 3500 5234 μὲν
3549 5164 3652 5229 ἔχει

2085 5251 2302 5313 παῖδας,
2346 5250 2409 5302 τὸ
2440 5250 2682 5321 δίμοιρον
2715 5252 2877 5322 μέρος
2910 5256 3007 5323 τῆς
3036 5255 3223 5318 οὐσίας
3252 5256 3421 5322 αὐτῇς
3451 5251 3650 5321 λαμῦἐ-

2084 5360 2250 5397 νουσι·
2281 5344 2338 5395 τὸ
2362 5343 2417 5395 δὲ
2442 5345 2643 5412 τρίτον,
2676 5344 2735 5394 τὸ
2768 5347 3149 5415 μοναστήριον·
3181 5349 3224 5398 εἰ
3258 5346 3313 5398 (ζὲ
3344 5346 3536 5401 παῖδας
3564 5342 3651 5393 οὐκ

2084 5436 2195 5506 ἔχει
2234 5436 2368 5489 ἀλλὰ
2403 5440 2600 5503 γονεῖς,
2644 5435 2703 5487 τὸ
2754 5435 2993 5505 δίμοιρον
3028 5436 3225 5490 δίδοται
3276 5437 3353 5504 τῷ
3392 5448 3649 5506 μοναστη-

2087 5530 2186 5597 Ρίῳ
2212 5543 2223 5555 ⁸
2258 5526 2352 5579 καὶ
2394 5527 2453 5577 τὸ
2492 5529 2695 5596 τρίτον,
2732 5529 2840 5589 τοῖς
2875 5527 3156 5593 γονεῦσιν·
3197 5528 3245 5579 εἰ
3279 5529 3355 5597 μὴ
3388 5525 3479 5579 ὑπ’
3509 5525 3641 5586 ἐξου.

2087 5619 2206 5673 σξαν
2234 5617 2403 5687 αὐτὴν
2432 5616 2649 5687 ἔχοντες
2678 5620 2754 5689 τῴ
2783 5619 2962 5688 ἀλόγῳ
3008 5620 3276 5690 ρεπουδίῳ
3322 5616 3648 5689 συνῄνεσαν,
