3904 6220
343 203 445 272 ιιι

1144 204 1547 269 SYNTAGMA
1584 201 1974 267 CANONUM.
1999 227 2066 239 ··-
2092 204 2240 267 ΤΙΤ.
2282 205 2390 279 XI,
2433 204 2594 267 CAP.
2632 206 2686 266 Ι.

3496 204 3608 270 842

342 316 462 372 τότε
480 315 588 388 γάρ
610 314 792 375 πάντα
809 314 887 387 τῷ
905 318 1257 388 μοναστηρίῳ
1280 315 1711 387 προσκυροῢται·
1732 316 1921 386 ὥσπερ

2023 306 2171 369 enim
2211 316 2396 371 omnia
2443 315 2777 372 monasterio
2822 315 3203 387 applicantur,
3247 320 3605 389 quemadmo-

343 406 435 462 καὶ
458 407 545 462 ὅτε
581 408 721 479 μήτε
750 406 948 472 παῖδας
975 446 992 474 ,
1027 408 1168 479 μήτε
1196 408 1434 479 γονεῐςή
1470 406 1608 479 γυνὴ
1635 407 1770 478 ἔχει.

408 593 515 649 Καὶ
538 594 573 666 ή
596 591 642 665 β’
670 592 814 649 διάτ.
844 591 938 647 τοῦ
969 598 1018 648 α’
1047 591 1154 647 sit.
1180 591 1293 647 τῶν
1322 592 1555 663 Νεαρῶν
1583 610 1773 664 φησιν,
1796 596 1877 648 ὅτι
1895 635 1910 660 ,

338 686 568 753 Δούλου,
609 684 644 754 ἢ
689 684 1074 756 ὲναπογράφου
1121 683 1266 738 κατὰ
1313 685 1411 755 τὴν
1442 683 1708 750 διάστιξιν
1741 683 1914 756 αὐτῆς

341 776 662 846 μονάζοντος
683 815 698 839 ,
730 775 800 828 τὰ
827 762 1133 845 πράγματα
1164 774 1309 845 ἅπερ
1348 774 1430 837 εἰς
1456 772 1518 825 τὸ
1549 775 1912 845 μοναστήριον

336 866 530 936 ἤγαγε,
569 864 839 936 λαμϐάνει
888 867 916 918 6
963 863 1263 933 δεσπότης·
1309 864 1373 917 οὐ
1420 864 1644 935 μένουσι
1690 865 1749 919 δὲ
1794 864 1912 935 ἅμα

339 956 563 1029 μοναχοὶ¹
606 956 702 1011 καὶ¹
747 955 1105 1027 μονάστριαι,
1131 954 1249 1009 ἀλλ’
1275 955 1325 1009 οἱ
1354 956 1547 1027 ἄνδρες
1580 958 1660 1021 εἰς
1692 956 1912 1028 ἑτέρους

337 1046 688 1118 μεθίστανται
713 1046 951 1112 τόπους,
986 1044 1082 1099 καὶ
1123 1043 1457 1116 διαιροῦνται
1500 1046 1580 1107 εἰς
1604 1044 1803 1108 αὐτοὺς
1840 1045 1913 1100 τὰ

338 1136 639 1207 πράγματα
682 1134 820 1207 πρὸς
845 1135 907 1189 τὸ
942 1133 1183 1206 ἁρμόζον
1212 1135 1399 1198 αὐτοῖς
1425 1135 1655 1188 δίκαιονο
1684 1138 1712 1189 6
1736 1135 1793 1189 δὲ
1824 1134 1913 1205 βε-

334 1226 644 1299 ϐαρημένος
684 1226 910 1299 ληγάτῳ
952 1226 987 1296 ἢ
1035 1225 1520 1292 ἀποκαταστάσει,
1553 1226 1658 1279 ὑπὸ
1698 1226 1912 1297 αἵρεσιν

330 1317 514 1388 γάμου
538 1316 572 1389 ἢ
598 1316 856 1380 ἀπαιδίας
876 1358 892 1382 ,
924 1316 960 1387 ἢ
984 1315 1081 1370 ἐὰν
1108 1314 1255 1371 οὕτω
1290 1315 1510 1388 δωρηθῇ
1538 1316 1572 1387 ἢ
1610 1315 1741 1391 ἔλθῃ
1769 1317 1909 1383 τινὶ,

331 1406 426 1462 καὶ
457 1408 686 1478 γένηται
720 1408 958 1478 μοναχὸς
987 1407 1022 1478 ἢ
1064 1407 1362 1478 άσκήτρια,
1397 1406 1685 1462 σϐέννυται
1713 1409 1747 1478 ἡ
1779 1408 1914 1463 ἀπο-

331 1498 672 1562 κατάστασις
695 1514 711 1530 ο
752 1498 857 1554 κᾶν
910 1498 1020 1570 γὰρ
1048 1497 1157 1552 τῶν
1190 1499 1572 1571 μοναστηρίων
1597 1498 1908 1568 egeam,

328 1589 482 1660 ὅμως
510 1590 580 1643 τὰ
621 1589 849 1643 τοιαῦτα
879 1591 1185 1661 πράγματα
1219 1590 1361 1661 μετὰ
1388 1591 1499 1646 τῶν
1520 1591 1699 1647 ἄλλων
1732 1592 1912 1647 αὐτῶν

2017 404 2147 459 dum
2193 405 2357 460 etiam
2403 406 2624 476 quando
2661 419 2841 477 neque
2885 406 3088 464 liberos
3135 423 3312 478 neque
3348 422 3604 481 parentes

2019 494 2223 549 mulier
2254 495 2437 550 habet.

2092 584 2307 640 Tactus.
2342 586 2410 642 Et
2439 596 2614 643 const.
2647 588 2705 652 2,
2739 591 2823 643 tit.
2857 588 2881 644 1
2916 586 3264 644 Novellarum
3308 589 3421 645 ait:
3463 589 3602 647 Cum

2015 690 2207 732 servus
2230 684 2323 731 aut
2345 678 2678 748 ascriptitius
2704 681 3004 735 secundum
3028 680 3171 736 hanc
3193 680 3604 737 distinctionem

2015 768 2321 824 monachus
2377 768 2555 827 factus
2589 769 2777 839 fuerit,
2817 788 2905 828 res
2937 787 3076 843 quas
3106 774 3162 828 in
3207 776 3602 830 monasterium

2014 862 2280 927 attulerit,
2328 861 2475 930 capit
2517 861 2792 919 dominus.
2828 862 2948 918 Non
2984 865 3305 920 cohabitant
3348 865 3603 921 monachi

2013 949 2176 1005 simul
2222 957 2277 1004 et
2324 952 2659 1006 monastriaa.
2707 951 2925 1022 Alioqui
2975 952 3033 1008 in
3076 953 3182 1007 alia
3214 954 3333 1008 loca
3367 952 3603 1010 transfe-

2014 1054 2212 1097 runtur
2240 1041 2377 1111 viri,
2407 1052 2463 1098 et
2489 1057 2577 1098 res
2614 1042 2978 1116 [communes]
3016 1044 3155 1100 inter
3202 1045 3349 1116 ipsos
3394 1060 3494 1115 pro
3535 1060 3603 1101 eo

2013 1142 2275 1203 quantum
2308 1134 2508 1204 cuique
2552 1135 2696 1205 juris
2746 1137 3007 1206 competit
3039 1136 3379 1193 dividuntur.
3418 1136 3475 1191 Si
3502 1136 3598 1207 qui

2012 1228 2116 1283 sub
2147 1228 2461 1284 conditione
2489 1229 2826 1283 matrimonii
2866 1239 2961 1284 aut
2988 1244 3098 1284 non
3122 1228 3598 1298 suscipiendorum

2011 1318 2335 1383 liberorum,
2376 1319 2556 1391 legato
2580 1320 2667 1375 vel
2696 1320 3048 1376 restitutione
3076 1329 3335 1392 gravatus
3367 1328 3470 1388 est,
3501 1328 3600 1375 aut

2014 1410 2062 1466 si
2094 1411 2185 1467 cui
2213 1412 2511 1482 quidquam
2566 1412 2671 1468 hac
2716 1412 3027 1468 conditione
3076 1411 3339 1467 donatum
3380 1421 3484 1478 est,
3528 1412 3598 1466 ad

2012 1520 2246 1576 quemve
2275 1503 2627 1577 [quidquam]
2659 1504 2986 1574 pervenerit,
3016 1504 3324 1559 monachus
3352 1512 3447 1559 aut
3474 1518 3599 1559 mo-

2013 1596 2226 1653 nastria
2270 1596 2384 1662 llat,
2424 1596 2793 1667 exstinguitur
2835 1595 3131 1651 restitutio.
3194 1593 3333 1650 Nam
3382 1594 3598 1651 tametsi

328 1684 443 1746 τοῖς
471 1682 855 1752 μοναστηρίοις
893 1682 1177 1753 διαφέρει·
1214 1686 1264 1737 εἰ
1298 1683 1356 1738 δὲ
1382 1684 1475 1737 ἐπὶ
1501 1684 1799 1757 ἀναρῤύσει
1826 1686 1911 1740 al-

2014 1661 2377 1742 monasteriis
2416 1661 2789 1759 [postmodum
2840 1684 2941 1758 illi]
2975 1685 3361 1756 egrediantur,
3405 1686 3599 1741 istius-

326 1771 653 1843 χμαλώτων,
682 1772 717 1843 ἢ
749 1774 1030 1846 ἀποτροφῇ
1058 1773 1317 1845 πτωχῶν,
1343 1776 1377 1845 ή
1403 1775 1629 1847 τοιαύτη
1667 1775 1911 1830 ὑπόστα-

327 1880 415 1929 σις
439 1863 689 1934 γένηται,
717 1862 777 1930 ἐξ
807 1863 1021 1928 οὐδενὸς
1053 1863 1496 1936 τῶνέῑρημένων
1528 1866 1746 1937 τρόπων
1774 1866 1912 1921 ἀπο-

325 1956 593 2011 κλείεται*
642 1956 738 2010 τοῦ
777 1954 1041 2020 εἰσιόντος
1082 1955 1164 2019 εἰς
1205 1957 1268 2009 τὸ
1316 1958 1704 2029 μοναστήριον,
1750 1958 1910 2029 εῐπερ

322 2047 430 2101 οὐκ
477 2045 594 2119 ἔχει
646 2047 843 2111 παῖδας
867 2087 883 2111 ,
930 2046 1002 2101 τὰ
1049 2047 1355 2118 πράγματα
1409 2048 1488 2119 τῷ
1562 2050 1911 2121 μοναστηρίῳ

322 2138 699 2210 διαφέρουσιν·
743 2139 793 2192 εἰ
840 2137 898 2192 δὲ
939 2138 1133 2201 παῖδας
1170 2136 1320 2209 ἔχει,
1368 2138 1462 2192 καὶ
1511 2139 1573 2191 ού
1607 2139 1911 2194 διετύπωσε

323 2231 460 2301 περὶ
509 2230 620 2283 τῶν
666 2228 832 2284 αὐτού
888 2229 1232 2302 πραγμάτων
1268 2230 1399 2299 πρὶν
1445 2228 1696 2301 εἰσέλθῃ,
1724 2230 1912 2284 ἄδειαν

321 2322 441 2394 ἔχει
475 2322 572 2376 καὶ
617 2321 755 2393 μετὰ
796 2320 972 2375 ταῦτα
1001 2320 1294 2375 διατυποῦν
1321 2336 1337 2353 ο
1373 2321 1469 2374 καὶ
1496 2320 1556 2374 οὐ
1590 2321 1814 2376 δύναται
1849 2321 1912 2375 τὸ

320 2416 559 2486 νόμιμον
590 2414 757 2487 μέρος
781 2412 988 2485 μειοῦν,
1023 2414 1118 2468 καὶ
1139 2412 1319 2485 ἑαυτῷ
1343 2412 1401 2467 δὲ
1430 2412 1690 2484 φυλάττει
1721 2414 1911 2479 παιδὸς

322 2506 445 2570 ἑνὸς
472 2505 789 2575 ἀναλογίαν,
820 2504 1143 2574 ὀφείλουσαν
1172 2504 1251 2576 τῷ
1289 2505 1639 2577 μοναστηρίῳ
1667 2523 1911 2578 προσκυ-

324 2597 573 2670 ρωθῆναι
594 2614 610 2629 ο
651 2599 700 2652 εἰ
734 2598 793 2652 δὲ
826 2599 1140 2670 τελευτήσει
1172 2601 1231 2654 ὲν
1268 2598 1345 2670 τῷ
1394 2600 1743 2671 μοναστηρίῳ
1776 2601 1909 2671 πρὶν

322 2689 533 2760 ποιήσῃ
578 2689 678 2761 τὴν
722 2688 1076 2755 διατύπωσιν,
1115 2689 1177 2743 τὸ
1212 2688 1313 2760 μὲν
1347 2687 1577 2760 νόμιμον
1621 2691 1673 2743 οἱ
1720 2690 1911 2755 παῖδες

319 2778 707 2850 λαμϐάνουσι,
732 2779 803 2833 τὰ
823 2779 881 2833 δὲ
902 2778 1069 2833 λοιπὰ
1098 2778 1158 2833 τὸ
1184 2780 1570 2851 μοναστήριονο
1598 2779 1775 2843 οὐδεὶς
1800 2778 1909 2835 τῶν

323 2873 659 2943 μνηστήρων
691 2871 963 2943 προφάσει
988 2871 1097 2925 τῶν
1126 2871 1463 2943 άρῥαϐὠνων
1492 2871 1785 2943 ζημιοῦται
1814 2889 1910 2943 μο-

323 2962 529 3028 νάζωνο
554 2964 650 3017 καὶ
670 2965 699 3017 6
730 2964 907 3035 γάμος
928 2962 993 3016 ἑκ
1018 2962 1113 3017 τοῦ
1135 2962 1322 3018 λαϐεῖν
1340 2962 1440 3017 ἕνα
1466 2963 1575 3017 τῶν
1602 2964 1910 3019 συνοικούν-

318 3068 433 3106 ⁶των
460 3050 525 3104 τὺ
556 3052 849 3122 μοναχικδν
885 3051 1105 3123 σχῆμα,
1141 3051 1325 3107 λύεται
1372 3052 1544 3124 χωρὶς
1578 3053 1903 3125 ρεπουδξου,

320 3143 422 3198 καὶ
469 3142 847 3213 ἀναλαμϐάνει
892 3144 927 3214 ἡ
981 3144 1119 3214 γυνὴ
1162 3143 1263 3216 τὴν
1310 3146 1515 3217 προῖκα
1549 3145 1740 3201 καὶτὰ
1770 3146 1907 3200 ἄλλα

320 3233 499 3306 αὐτῆς
529 3236 849 3307 πράγματα·
878 3234 957 3306 τῷ
987 3235 1044 3289 δὲ
1072 3235 1148 3306 μὴ
1177 3234 1476 3305 μονάσαντι
1509 3234 1571 3290 τὸ
1594 3238 1702 3292 ἀπὸ
1729 3236 1909 3291 τελευ-

319 3326 426 3395 τῆς
469 3326 830 3397 συμφωνηθὲν
861 3325 1051 3398 κέρδος
1092 3326 1325 3398 ἁρμόζει
1349 3342 1365 3359 ⁸
1412 3327 1462 3380 εἰ
1494 3327 1550 3382 δὲ
1579 3328 1695 3399 ἅμα
1725 3328 1774 3383 οἱ
1813 3328 1908 3383 δύο

320 3417 688 3482 άποτάξονται
711 3454 727 3481 ,
754 3416 928 3479 οὐδεὶς
955 3415 1132 3470 αὐτῶν
1159 3418 1223 3471 ὲκ
1251 3415 1344 3470 τοῦ
1373 3416 1561 3489 ἑτέρου
1591 3419 1866 3492 κερδαίνει
1885 3460 1904 3489 ,

320 3509 374 3563 εἰ
409 3508 486 3582 μὴ
514 3506 657 3562 έκών
682 3525 765 3573 τις
792 3507 869 3580 τῷ
891 3508 1063 3580 ἑτέρῳ
1085 3508 1410 3581 δωρήσεται.

408 3785 477 3839 Ἦ
503 3783 563 3839 δὲ
600 3795 730 3856 περι
759 3783 1148 3856 τοποτηρητῶν
1191 3784 1551 3857 διαλεγομένη
1582 3787 1688 3859 ρλδ¹
1734 3790 1906 3861 νεαρά

322 3893 517 3948 φησιν,
554 3875 673 3941 ὅτι,
720 3874 846 3927 Ἐὰν
896 3873 1035 3945 γυνὴ
1085 3875 1180 3928 ἐπὶ
1234 3877 1451 3948 μοιχείᾳ
1493 3878 1901 3951 καταδικασθῇ,

320 3966 443 4028 ταῖς
489 3963 895 4035 προσηκούσαις
943 3962 1182 4032 πληγαῖς
1235 3964 1650 4037 ὑποϐαλλομένη
1673 4008 1688 4032 ,
1739 3984 1904 4037 μονα-

322 4055 535 4127 στηριῳ
562 4053 913 4125 ἐμϐάλλεται,
949 4055 1042 4108 καὶ
1065 4056 1250 4110 ἄδειαν
1275 4056 1388 4127 ἔχει
1417 4059 1445 4110 6
1470 4057 1609 4130 ἀνὴρ
1641 4058 1774 4113 εἵσω
1796 4061 1905 4113 διε-

323 4145 443 4207 τίας
482 4143 653 4215 αὐτὴν
702 4144 1016 4206 ἀναλαϐεῖν,
1068 4144 1143 4216 μὴ
1180 4144 1555 4218 βλαπτομένου
1589 4148 1682 4202 τοῦ
1720 4150 1901 4220 γάμου

321 4236 390 4289 ὲκ
413 4235 525 4288 τῶν
554 4236 613 4287 ὲν
640 4233 719 4303 τῷ
757 4234 937 4303 μέσῳι
977 4237 1025 4286 εἰ
1054 4236 1111 4289 δὲ
1143 4236 1404 4305 παρέλθοι
1429 4241 1457 4291 6
1489 4239 1713 4310 χρόνος,
1744 4241 1778 4313 ἢ
1812 4259 1902 4295 τε-

2011 1777 2159 1832 modi
2205 1786 2388 1832 tamen
2442 1793 2531 1834 res
2564 1792 2690 1832 cum
2720 1776 2965 1848 ipsorum
3005 1777 3129 1831 aliis
3166 1776 3235 1831 ad
3267 1777 3599 1832 monasteria

2009 1870 2297 1940 pertinent.
2332 1867 2391 1923 Si
2433 1878 2614 1924 tamen
2644 1869 2712 1924 ad
2738 1869 3169 1939 redemptionem
3218 1870 3594 1937 captivorum,

2009 1968 2107 2016 aut
2147 1960 2539 2016 exhibitionem
2594 1975 2896 2030 pauperum
2948 1959 3259 2015 istiusmodi
3320 1959 3597 2015 restitutio

2010 2055 2265 2106 mandata
2298 2036 2392 2116 sit,
2422 2051 2571 2106 nullo
2613 2051 2997 2119 praedictorum
3030 2050 3316 2106 modorum
3343 2049 3595 2104 excludi-

2010 2150 2119 2198 tur.
2164 2142 2297 2213 Ejus
2341 2145 2483 2199 bona
2514 2144 2608 2213 qui
2644 2142 3036 2201 monasterium
3081 2141 3272 2208 intrat,
3304 2142 3353 2198 si
3392 2141 3595 2198 liberos

2009 2248 2121 2290 non
2150 2235 2328 2301 habet,
2353 2233 2419 2289 ad
2445 2235 2839 2290 monasterium
2870 2235 3162 2305 pertinent.
3194 2233 3301 2288 Sed
3328 2228 3377 2289 si
3406 2233 3590 2298 habet,

2010 2339 2112 2381 nec
2175 2325 2243 2380 de
2306 2325 2472 2381 rebus
2534 2325 2650 2381 suis
2709 2325 3032 2396 priusquam
3096 2326 3263 2380 intret
3329 2326 3589 2381 statuit:

2010 2414 2288 2471 statuendi
2316 2416 2666 2486 postmodum
2700 2414 3018 2470 facultatem
3053 2417 3235 2470 habet.
3263 2414 3381 2471 Non
3415 2425 3596 2486 potest

2008 2512 2190 2559 autem
2228 2503 2477 2559 minuere
2506 2503 2826 2576 legitimam.
2855 2501 2974 2558 Sibi
3000 2518 3131 2558 vero
3167 2503 3331 2558 unius
3352 2502 3594 2558 filiorum

2010 2596 2316 2667 portionem
2349 2605 2553 2660 servat,
2588 2608 2712 2665 quae
2741 2593 3075 2649 monasterio
3105 2591 3368 2663 applicari
3408 2590 3591 2647 debet.
3690 2590 3702 2602 ‘

2009 2687 2166 2755 Quod
2194 2689 2241 2744 si
2278 2687 2599 2758 priusquam
2637 2685 3054 2756 dispositionem
3090 2682 3277 2749 faciat,
3305 2684 3360 2739 in
3397 2696 3594 2737 mona-

2010 2779 2180 2836 sterio
2214 2778 2484 2843 decedat,
2521 2778 2816 2848 legitimam
2849 2776 3004 2831 liberi
3036 2775 3277 2846 capiunt,
3307 2774 3594 2831 residuum

2009 2886 2138 2927 vero
2165 2870 2582 2927 monasterium.
2600 2866 2795 2924 Nullus
2817 2884 3053 2938 sponsus
3083 2867 3369 2924 occasione
3398 2868 3594 2923 arrha-

2010 2974 2133 3015 rum
2156 2959 2503 3030 dispendium
2525 2956 2674 3025 facit,
2700 2957 2747 3012 si
2772 2958 2939 3011 vitam
2957 2957 3315 3012 monasticam
3338 2955 3592 3026 suscipit.

1954 3050 1980 3075 ‘
2012 3050 2229 3125 [Porro]
2254 3051 2666 3107 matrimonium
2690 3049 2877 3115 etiam,
2905 3063 3030 3103 cum
3067 3047 3204 3102 alter
3243 3044 3588 3119 [conjugum]

2012 3142 2387 3198 monachalem
2429 3141 2678 3197 habitum
2729 3139 2919 3207 sumit,
2969 3138 3105 3194 citra
3138 3138 3425 3207 repudium
3456 3137 3595 3192 diri-

2012 3236 2181 3291 mitur
2227 3254 2241 3291 :
2282 3245 2338 3291 et
2380 3235 2576 3292 mulier
2634 3235 2816 3291 dotem
2874 3234 3121 3305 aliasque
3179 3247 3311 3289 suas
3350 3247 3439 3288 res
3502 3246 3593 3287 re-

2011 3326 2161 3398 cipit.
2192 3324 2393 3382 Verum
2447 3326 2541 3398 qui
2601 3326 2657 3380 in
2704 3323 3100 3381 monasterium
3145 3338 3256 3378 non
3295 3321 3588 3391 concedit,

2009 3419 2059 3475 ei
2087 3419 2299 3473 lucrum
2345 3418 2493 3489 quod
2538 3417 2594 3472 in
2635 3425 2867 3472 mortem
2919 3425 3141 3486 pactum
3180 3422 3267 3470 est
3307 3414 3588 3484 competit.

2009 3510 2177 3565 Plane
2221 3510 2269 3565 si
2318 3510 2479 3565 ambo
2523 3507 2835 3582 [nmndum]
2886 3506 3054 3579 358
3089 3500 3272 3562 valere
3295 3505 3586 3575 jusserint,

2011 3612 2202 3659 neuter
2247 3603 2317 3658 ab
2361 3602 2538 3658 altero
2588 3599 2939 3675 [quidquam]
2991 3600 3129 3655 lucri
3167 3599 3353 3665 sentit,
3402 3598 3508 3654 nisi
3538 3598 3589 3653 si

2009 3703 2203 3765 sponte
2237 3695 2372 3749 alter
2401 3694 2557 3765 alteri
2584 3692 2836 3766 [aliquid]
2872 3694 3059 3748 donet.

2081 3783 2295 3839 Tactus.
2325 3784 2457 3851 Quae
2478 3783 2545 3839 de
2587 3784 2806 3839 vicariis
2836 3784 3057 3839 disserit
3084 3782 3304 3839 constit.
3333 3780 3437 3838 154
3459 3782 3536 3839 ait
3565 3798 3585 3839 :

2010 3872 2067 3929 Si
2101 3876 2296 3931 mulier
2327 3874 2580 3930 adulterii
2622 3874 2983 3930 condemnata
3026 3873 3117 3935 sit,
3148 3873 3588 3943 competentibus

2006 3966 2223 4021 subdita
2254 3967 2433 4035 poenis
2467 3968 2521 4020 in
2555 3966 2949 4021 monasterium
2981 3964 3289 4034 conjicitur.
3329 3963 3589 4019 Potesta-

2009 4069 2114 4115 tem
2145 4070 2328 4117 autem
2356 4062 2588 4117 maritus
2622 4062 2807 4126 habet,
2845 4068 2903 4114 ut
2935 4060 3081 4113 illam
3118 4059 3258 4112 intra
3303 4058 3584 4113 biennium

2006 4149 2272 4219 recipiat:
2318 4165 2496 4220 neque
2538 4164 2635 4219 per
2668 4165 2731 4205 ea
2757 4162 2878 4217 quae
2920 4148 3099 4202 medio
3130 4156 3375 4217 tempore
3414 4146 3583 4221 [facta

2006 4239 2178 4313 sunt,]
2232 4241 2640 4296 matrimonium
2686 4238 2913 4294 laeditur.
2965 4238 3073 4292 Sed
3114 4238 3160 4293 si
3213 4236 3314 4310 [id]
3366 4248 3589 4309 tempus

320 4323 576 4395 λευτήσει
618 4323 695 4395 μὴ
736 4324 1023 4378 ἀναλαϐὼν
1066 4326 1259 4398 αὐτὴν,
1293 4327 1354 4381 τὸ
1389 4329 1574 4399 σχῆμα
1607 4330 1896 4401 λαμϐάνει·

2011 4338 2309 4399 prastereat,
2342 4337 2437 4382 aut
2472 4344 2580 4383 non
2610 4337 2826 4398 recepta
2858 4327 2947 4381 illa
2990 4325 3265 4400 [maritus]
3311 4328 3579 4394 decedat,

322 4420 415 4474 καὶ
439 4420 489 4473 ει
517 4417 619 4489 μὲν
643 4417 758 4488 ἔχει
791 4419 1009 4485 παῖδας,
1038 4418 1376 4491 λαμϐάνουσι
1398 4423 1496 4484 τὰς
1517 4423 1662 4476 ὀκτὼ
1686 4424 1899 4494 όγγιας,

322 4509 417 4562 καὶ
440 4508 505 4562 τὸ
529 4508 891 4579 μοναστήριον
912 4509 1011 4572 τὰς
1038 4507 1100 4563 δ”
1125 4512 1173 4564 ει
1201 4511 1259 4564 δὲ
1293 4513 1485 4583 μόνους
1509 4514 1759 4580 ἀνιόντας
1788 4515 1902 4587 ἔχει

328 4599 401 4672 μὴ
426 4600 875 4670 συνεργήσαντας
924 4601 1003 4672 τῷ
1037 4603 1351 4673 ἀτοπήματι
1373 4646 1389 4671 ,
1421 4606 1758 4677 λαμϐάνουσι
1801 4610 1901 4674 τὰς

320 4685 362 4739 δ’
389 4687 587 4756 όγγιας
610 4727 625 4749 ,
663 4688 757 4740 καὶ
788 4688 850 4740 τὸ
886 4691 1246 4761 μοναστήριον
1283 4693 1381 4757 τὰς
1416 4700 1489 4765 η’⁶
1518 4697 1569 4748 εἰ
1606 4696 1663 4749 δὲ
1694 4698 1900 4770 συνήρ-

321 4792 496 4845 γησαν
526 4775 560 4848 ἥ
598 4776 677 4847 μὴ
700 4778 757 4830 δὲ
782 4778 919 4842 ὅλως
950 4781 1086 4835 εἰσὶν
1108 4782 1404 4856 ἀνιόντεςῆ
1437 4787 1738 4854 κατιόντες,
1771 4790 1902 4860 λαμ·

322 4866 471 4921 ϐάνει
501 4867 685 4921 πάντα
716 4867 778 4921 τὸ
805 4872 1189 4944 μοναστήριον,
1229 4876 1337 4927 τῶν
1368 4877 1426 4928 ὲν
1458 4880 1571 4941 τοῖς
1608 4880 1901 4952 προικῴοις

324 4959 633 5031 συμφώνων
673 4959 766 5012 ἐπὶ
812 4962 1028 5015 πάντων
1073 4964 1181 5020 τῶν
1213 4965 1466 5037 θεμάτων
1504 4969 1584 5040 τῷ
1617 4971 1771 5041 ἀνδρὶ
1799 4989 1900 5041 φυ-

264 5099 271 5104 .
325 5050 690 5123 λαττομένων·
733 5050 828 5103 ἐὰν
859 5052 918 5105 δέ
954 5071 1037 5116 τις
1069 5054 1163 5108 ἐπὶ
1212 5059 1431 5131 μοιχείᾳ
1463 5062 1898 5132 κατηγορηθεὶς,

325 5146 412 5197 καὶ
448 5145 594 5198 κατὰ
642 5144 933 5214 προδοσίαν
967 5145 1063 5199 τοῦ
1092 5147 1348 5204 δικαστοῦ
1374 5193 1387 5216 ,
1416 5152 1450 5222 ἢ
1490 5152 1683 5223 έτέραν
1721 5155 1901 5207 αἰτίαν

325 5235 594 5305 ἀποφύγοι
626 5235 730 5298 τὰς
757 5237 970 5299 ποινὰς,
1008 5240 1103 5291 καὶ
1130 5241 1270 5310 μετὰ
1296 5241 1473 5298 ταῦτα
1496 5244 1700 5309 ζῶντος
1736 5246 1768 5318 ἢ
1812 5264 1901 5299 τε-

323 5322 682 5395 λευτήσαντος
726 5324 823 5378 τοῦ
867 5326 1058 5397 ἀνδρὸς
1090 5330 1284 5400 αὐτῆς,
1315 5334 1555 5405 αἰσχρῶς
1583 5337 1719 5408 αὐτῇ
1764 5354 1892 5391 συν-

325 5415 806 5487 αναστρέφηται,ἧ
840 5417 973 5488 πρὸς
1003 5420 1181 5491 γάμον
1207 5426 1376 5497 αὐτὴν
1406 5426 1567 5502 λάϐῃ,
1596 5428 1719 5483 οὕτε
1742 5434 1769 5485 6
1799 5430 1900 5500 γάρ

331 5525 421 5578 μσς
452 5513 710 5586 ἔρρωται,
745 5508 861 5561 ἀλλ’
890 5511 919 5563 6
948 5512 1049 5582 μὲν
1073 5514 1212 5588 ἀνὴρ
1235 5517 1310 5582 ὡς
1346 5522 1532 5594 μοιχὸς
1566 5523 1671 5578 ὑπὸ
1700 5525 1899 5589 παντὸς

327 5602 579 5675 ἄρχοντος
612 5602 924 5666 κολάζεται,
961 5607 991 5675 ή
1022 5606 1079 5659 δὲ
1127 5612 1264 5682 γυνὴ
1305 5617 1745 5689 σωφρονιζομένη
1793 5623 1894 5690 ἐμ,

643 5697 913 5756 Ρλτιιοι..
958 5702 1071 5759 Gn.
1121 5705 1187 5762 Cl
1204 5706 1276 5769 Υ.

2004 4424 2237 4483 assumit
2268 4422 2553 4477 habitum:
2593 4434 2648 4477 et
2681 4422 2727 4477 si
2766 4420 2986 4492 quidem
3012 4421 3214 4476 liberos
3242 4420 3425 4485 habet,
3458 4434 3585 4477 octo

2002 4512 2126 4586 [illi]
2163 4515 2351 4569 uncias
2390 4513 2635 4584 capiunt,
2677 4512 3074 4568 monasterium
3109 4527 3292 4567 autem
3324 4522 3583 4583 quatuor,

2000 4608 2082 4661 sin
2119 4607 2472 4661 ascendentes
2503 4606 2786 4670 duntaxat,
2821 4605 2910 4674 qui
2941 4605 3009 4660 ad
3042 4605 3203 4660 istam
3231 4605 3583 4661 insolentiam

2001 4712 2159 4767 opem
2213 4711 2320 4751 non
2369 4697 2611 4763 tulerint,
2646 4696 2868 4766 capiunt
2909 4694 3035 4769 [illi]
3082 4697 3271 4753 uncias
3318 4686 3591 4767 quatuor,

2002 4786 2396 4843 monasterium
2424 4796 2605 4842 autem
2633 4795 2778 4842 octo.
2815 4786 2921 4841 Sed
2948 4787 2991 4841 si
3021 4801 3180 4857 Opem
3215 4787 3454 4851 tulerint,
3485 4795 3582 4840 aut

2000 4878 2222 4933 omnino
2249 4878 2379 4932 nulli
2413 4893 2588 4947 neque
2607 4877 2961 4932 ascendentes
2989 4892 3167 4947 neque
3190 4875 3579 4931 descendentes

2002 4970 2203 5023 fuerint
2232 5012 2247 5034 ,
2301 4970 2694 5024 monasterium
2736 4960 2930 5024 [omnia
2998 4969 3245 5039 percipit.
3310 4966 3578 5039 [Interim

2003 5062 2205 5135 tamen]
2224 5078 2345 5131 qua:
2364 5064 2417 5117 in
2436 5062 2770 5133 nuptialibus
2796 5062 3138 5132 pactionibus
3160 5050 3585 5135 [comprehensa

2001 5152 2185 5227 sunt,]
2250 5154 2306 5209 in
2363 5155 2621 5209 omnibus
2667 5154 2887 5210 casibus
2939 5154 3134 5205 marito
3187 5122 3585 5207 servabunturJ

2001 5246 2154 5313 Quod
2178 5247 2224 5302 si
2249 5247 2373 5318 quis
2396 5248 2463 5302 de
2486 5246 2758 5302 adulterio
2781 5253 3072 5301 accusatus
3094 5259 3191 5315 per
3209 5240 3584 5313 proditionem

1996 5341 2197 5410 judicis
2225 5342 2310 5396 vel
2347 5342 2509 5395 aliam
2542 5355 2761 5395 causam
2790 5353 2980 5409 plenas
3010 5338 3283 5408 eﬂ'ugerit,
3322 5346 3377 5392 et
3420 5347 3573 5409 post-

2002 5440 2219 5491 modum
2248 5432 2377 5506 [vel]
2406 5435 2528 5488 vivo
2558 5434 2639 5488 vel
2671 5441 2887 5488 mortuo
2907 5430 3166 5488 adulterae
3194 5434 3413 5499 marito,
3446 5448 3571 5487 cum

1998 5530 2091 5586 illa
2155 5527 2383 5597 turpiter
2450 5531 2830 5589 conversetur,
2889 5534 2984 5579 aut
3037 5523 3091 5578 in
3145 5520 3611 5595 [matrimonium‘

2002 5622 2172 5692 ipsa-nn
2216 5618 2592 5687 assumpscrit,
2629 5615 3038 5673 matrimonium
3090 5616 3294 5673 nullius
3330 5626 3412 5673 est
3447 5631 3570 5673 mo-

3137 5708 3216 5767 27
