3766 6198
265 210 375 277 845

1010 202 1407 278 smmum
1443 204 1832 282 CANONUM.
1860 246 1926 257 -—
1959 208 2097 282 rm
2137 221 2243 297 x1,
2284 223 2443 287 CAP.
2485 225 2567 299 II,
2598 226 2714 287 III.

3406 235 3510 303 846

264 325 543 392 νάζοντες,
572 322 745 390 οὕτως
768 325 951 391 αὐτοῖς
974 327 1312 397 ὑπόκεινται,
1352 328 1431 396 ὡς
1456 330 1533 402 μὴ
1563 332 1723 386 τοῦτο
1752 349 1832 401 γε-

2011 335 2196 391 onachi
2226 334 2355 392 facti
2379 347 2540 404 sunt,
2581 338 2655 394 ita
2688 338 2824 411 ipsis
2840 338 3060 398 obnoxii
3082 353 3233 410 sunt,
3259 354 3516 416 tanquam

262 418 503 489 νόμενοι·
536 417 674 473 διάτ.
710 415 809 483 λζ’,
856 418 1032 472 δοῦλοι
1058 419 1254 493 γνώμῃ
1290 422 1397 476 τῶν
1435 422 1709 477 δεσποτῶν
1744 441 1844 494 μον

262 508 527 573 νάσαντες
569 508 1001 580 ἐλευθεροῦνται·
1038 512 1086 564 εί
1119 510 1177 564 δὲ
1214 511 1314 582 τὴν
1342 512 1575 583 ἄσκησιν
1614 515 1841 569 καταλι-

262 600 491 682 ετόντες,
522 600 603 664 είς
644 600 839 673 ἑτέραν
883 601 1185 672 μετέλθωσι
1227 603 1562 657 κατάστασιν
1611 605 1841 661 ἀναδου-

260 690 501 746 λοῦνται·
534 694 569 763 ή
602 692 659 746 δὲ
686 691 757 762 ιγ’
786 692 927 747 διάτ.
948 690 1044 747 τοῦ
1072 691 1119 747 α’
1146 693 1252 750 τίτ.
1284 694 1391 747 τῶν
1410 695 1640 766 Νεαρῶν
1657 714 1838 767 φησιν,

257 782 367 847 ὅτι,
406 783 471 836 Οί
499 783 925 855 παραγενόμενοι
955 786 1035 849 είς
1063 786 1275 857 μονήρη
1307 785 1444 857 βίον,
1476 786 1587 840 εἴτε
1625 786 1841 841 ἐλεύθε-

259 890 349 945 ροι
370 874 485 927 εἴτε
531 873 727 941 δοῦλοι,
765 875 1032 947 πρότερον
1058 876 1305 947 τριετίαν
1331 878 1839 949 προσκαρτερείτω⁹

258 980 388 1030 σαν,
420 967 593 1037 κουρᾷ
611 983 671 1018 τε
704 966 798 1020 καὶ
830 966 1019 1035 ὲσθῆτι
1042 967 1317 1038 χρώμενοι
1348 967 1458 1021 τῶν
1490 968 1716 1035 λαῐκῶν,
1747 972 1841 1024 καὶ

254 1054 360 1119 τὰς
391 1054 613 1126 Γραφάς
641 1055 1025 1126 μανθάνοντες,
1060 1058 1154 1110 καὶ
1183 1057 1282 1128 τὴν
1309 1058 1478 1129 τύχην
1504 1059 1684 1114 αὐτῶν
1710 1062 1841 1131 όμο-

252 1143 584 1213 λογοῦντες,
618 1147 711 1201 καὶ
754 1146 854 1217 τὴν
892 1146 1074 1201 αἰτίαν
1101 1147 1197 1201 τοῦ
1240 1148 1415 1203 θέλειν
1463 1150 1724 1219 μονάσαι,
1764 1152 1837 1222 μή

251 1251 393 1290 ποτε
421 1237 633 1309 πονηρά
661 1239 799 1293 ἐστι·
830 1239 924 1292 καὶ
949 1238 1433 1294 νουθετείσθωσαν·
1452 1240 1549 1295 καὶ
1578 1240 1630 1294 εί
1660 1258 1831 1311 προσ-

250 1330 659 1401 καρτερήσουσι
702 1331 801 1403 τὴν
842 1332 1110 1403 τριετίαν,
1136 1333 1231 1386 καὶ
1286 1329 1426 1398 ἄξιοι
1494 1333 1705 1401 φανῶσι
1744 1333 1837 1388 τοῦ

252 1416 515 1491 μονάσαι,
530 1421 653 1476 τότε
682 1422 1078 1494 κειρέσθωσαν,
1101 1423 1195 1477 καὶ
1224 1423 1466 1488 δουλείας
1490 1423 1837 1497 ἐλευθεροῦν.

247 1529 365 1567 ταν
397 1514 447 1567 εί
474 1514 532 1567 δέ
557 1531 640 1579 τις
664 1514 796 1570 εῐσω
821 1515 1064 1586 τριετίας
1083 1516 1250 1570 αὑτὸν
1276 1516 1632 1585 δουλαγωγεῖ,
1661 1516 1837 1585 λέγων

246 1604 421 1657 αὐτὸν
454 1604 783 1677 ύφελόμενόν
810 1623 937 1660 τινα
959 1606 1331 1678 προσδραμεῖν
1360 1605 1437 1678 τῷ
1459 1609 1831 1679 μοναστηρίῳ,

251 1696 337 1766 μὴ
370 1696 675 1768 προχείρως
705 1697 869 1752 αὑτὸν
897 1676 1372 1767 ἀφελκέτω,γάλλά
1398 1676 1663 1754 δεικνύτω
1687 1676 1831 1770 πρό·
1866 1676 1905 1730 Β

242 1804 434 1856 τερον,
466 1788 547 1841 ὅτι
589 1789 683 1843 καὶ
719 1788 906 1853 δοῦλός
946 1791 1098 1854 ἐστι,
1145 1791 1240 1844 καὶ⁵
1270 1789 1364 1843 ἐπὶ
1392 1790 1566 1861 κλοπῇ
1603 1789 1636 1862 ἢ
1671 1790 1833 1845 πταί-

244 1896 464 1950 σμασιν
488 1878 709 1942 ἀτόποις
752 1879 995 1950 ἀπέδρα·
1027 1880 1120 1933 καί
1164 1880 1287 1933 τότε
1324 1878 1487 1934 αὑτὸν
1515 1880 1837 1951 λαμϐανέτω

246 1970 380 2039 μεθ’
409 1963 486 2023 ὧν
520 1970 597 2033 ὡς
624 1969 770 2034 εἰκὸς
804 1972 885 2034 είς
916 1970 978 2023 τὸ
1012 1972 1377 2040 μοναστήριον
1425 1971 1692 2041 είσήγαγε
1712 1986 1727 2002 ·
1759 1970 1839 2024 δι-

240 2059 394 2113 δότω
417 2059 476 2113 δὲ
495 2058 644 2130 αὐτῷ
672 2059 875 2125 πίστιν,
900 2059 976 2124 ὡς
1001 2060 1151 2115 οὐδὲν
1170 2060 1273 2118 ,ἐπὶ
1299 2062 1474 2132 τούτῳ
1504 2061 1672 2118 κακὸν
1688 2061 1837 2132 αύτῷ

242 2150 465 2222 δράσειο
500 2153 549 2206 εί
581 2152 639 2206 δὲ
669 2152 743 2224 μὴ
785 2151 957 2207 ταῦτα
993 2152 1265 2225 διδαχθείη
1286 2191 1302 2218 ,
1343 2154 1597 2217 κάκεῖνος
1632 2155 1698 2207 ὲκ
1729 2152 1832 2225 τῆς

247 2244 542 2316 ἀσκήσεως
568 2247 710 2317 φανῇ
745 2245 962 2316 σεμνὸς,
994 2244 1097 2300 κᾶν
1126 2245 1291 2319 μήπω
1321 2244 1601 2317 παρῆλθεν
1629 2244 1665 2315 ἡ
1686 2261 1829 2316 τριεο

250 2335 348 2389 irica
366 2377 382 2403 ,
426 2335 635 2406 μενέτω
666 2338 727 2390 ὲν
766 2335 845 2407 τῷ
874 2335 1243 2408 μοναστηρίῳ,
1268 2336 1363 2389 καὶ
1396 2336 1533 2407 μετά
1556 2336 1657 2406 τὴν
1685 2351 1831 2406 τριε-

250 2427 379 2481 τίαν
412 2425 561 2491 ἄξιος
591 2426 935 2498 φαινόμενος,
960 2426 1438 2498 προσκαρτερείτω
1463 2428 1530 2497 τῇ
1560 2426 1828 2497 ἀσκήσει,

247 2519 369 2572 εἴτε
392 2516 577 2581 δοῦλος
598 2513 667 2590 ἦν
700 2518 810 2572 εἴτε
845 2517 1161 2589 ἐλεύθερος,
1188 2516 1282 2570 ὁπ’
1308 2516 1521 2579 οὐδενὸς
1550 2517 1611 2569 τὸ
1641 2514 1829 2568 λοιπὸν

247 2610 390 2679 περὶ
417 2607 610 2663 τούτου
651 2608 1304 2682 πολυπραγμονούμενος,
1335 2606 1438 2661 κᾶν
1471 2623 1833 2679 προημαρτη-

247 2697 372 2764 uti»;
401 2699 489 2769 εἴη
507 2714 523 2732 ο
562 2700 631 2754 τὰ
659 2698 843 2770 μέντοι
892 2699 968 2763 ὡς
997 2698 1145 2761 εἰκὸς
1187 2697 1465 2754 κλαπέντα
1494 2698 1833 2768 ὁπουδήποτε

246 2789 409 2857 ὄντα,
434 2789 513 2861 τῷ
541 2790 709 2845 πάλαι
755 2791 993 2863 δεσπότῃ
1027 2789 1383 2845 ἀποδίδονται.

1945 423 2195 479 monachi
2226 422 2355 480 facti
2391 441 2496 481 non
2522 438 2723 484 essent.
2764 429 2996 486 Constit.
3024 432 3116 487 57.
3150 432 3303 489 Servi
3329 436 3520 492 volun-

1946 527 2056 572 tate
2099 518 2442 577 dominorum
2485 524 2738 579 monachi
2770 524 2935 591 facti,
2978 525 3282 584 libertatem
3325 544 3519 587 conse-

1943 619 2211 680 quuntur.
2267 610 2376 667 Sed
2437 613 2486 668 si
2546 615 2734 671 relicta
2785 617 2891 671 vita
2939 619 3181 675 solitaria
3236 620 3305 676 ad
3353 620 3519 676 alium

1943 697 2112 771 [vitro]
2145 709 2341 755 statum
2372 702 2716 771 transierint,
2744 707 2990 762 servituti
3021 708 3199 763 denuo
3226 708 3522 779 subjugan-

1944 802 2052 847 tur.
2091 792 2418 849 Constitutio
2450 794 2659 849 decima
2699 797 2859 851 tertia
2898 796 3036 852 tituli
3066 798 3225 866 primi
3267 795 3520 853 Novella-

1944 896 2062 936 rum
2095 881 2173 936 ait
2201 898 2217 937 :
2249 880 2561 940 Monasticae
2588 883 2713 939 vitae
2738 886 3032 951 candidati,
3061 887 3176 942 sive
3214 885 3372 942 liberi
3404 885 3520 942 sive

1942 971 2084 1027 servi
2119 971 2250 1038 sint,
2280 970 2721 1046 [admissionem]
2755 989 2850 1046 per
2890 976 3184 1031 triennium
3220 976 3519 1033 toleranter

1941 1071 2311 1131 exspectanto.
2347 1060 2580 1135 [Interea
2619 1062 2821 1135 tamen]
2854 1072 3079 1120 tonsura
3113 1076 3166 1120 et
3190 1068 3386 1122 vestitu
3418 1064 3518 1145 lg-

1939 1169 2128 1208 corum
2171 1163 2425 1219 utuntor,
2459 1153 2773 1226 Scripturas
2806 1157 2965 1230 361
3000 1159 3253 1214 discunto
3275 1199 3291 1223 ,
3331 1158 3518 1214 condi-

1940 1246 2140 1299 tionem
2184 1258 2342 1299 suam
2390 1254 2447 1301 et
2471 1260 2697 1303 causam
2733 1262 2903 1317 quare
2948 1248 3203 1303 monachi
3253 1248 3369 1303 fieri
3416 1265 3516 1304 cu-

1940 1336 2123 1405 piant,
2157 1351 2225 1391 ne
2254 1334 2399 1392 forte
2430 1337 2573 1391 mala
2621 1337 2732 1403 sit,
2766 1334 3003 1394 fatentor
3049 1348 3105 1394 et
3136 1338 3513 1396 admoventor.

1941 1421 2053 1478 Etsi
2078 1423 2373 1478 triennium
2401 1425 2766 1494 exspectarint
2793 1465 2809 1492 ,
2841 1424 3103 1498 dignique
3133 1423 3227 1496 qui
3262 1424 3516 1480 monachi

1941 1516 2072 1569 [iant
2101 1515 2410 1580 videantur,
2460 1524 2593 1571 tunc
2615 1517 2925 1586 tondentor,
2955 1529 3117 1590 atque
3155 1518 3417 1575 servitute
3447 1519 3515 1573 li-

1940 1605 2217 1662 berantor.
2248 1605 2307 1661 Si
2335 1606 2457 1677 quis
2480 1620 2608 1660 vero
2636 1607 2779 1663 intra
2796 1608 3092 1663 triennium
3119 1607 3175 1663 iu
3199 1610 3513 1664 servitutem

1933 1710 2263 1766 quemquam
2288 1694 2499 1762 afferat,
2532 1696 2711 1766 ipsum
2740 1697 2886 1767 quod
2913 1698 3180 1753 nonnulla
3209 1700 3515 1769 subripuis-

1932 1792 2035 1849 set,
2065 1785 2130 1838 ad
2158 1784 2548 1841 monasterium
2569 1786 2878 1841 accurrisse
2899 1786 3108 1852 dicens,
3130 1802 3200 1842 ne
3220 1786 3512 1843 confestim

1934 1873 2086 1929 illum
2111 1876 2433 1942 abstrahito,
2489 1876 2586 1931 sed
2624 1877 2778 1947 prius
2812 1884 2867 1933 et
2894 1890 3112 1932 servum
3158 1877 3335 1945 ipsum
3366 1891 3510 1943 esse,

1933 1978 1988 2021 et
2023 1974 2246 2036 propter
2291 1964 2498 2022 furtum
2531 1967 2635 2036 ,vcl
2682 1967 2930 2023 enormia
2968 1968 3165 2023 delicta
3210 1966 3507 2039 aufugisse.

1934 2058 2161 2128 probato
2198 2074 2212 2112 :
2245 2067 2410 2127 atque
2438 2066 2552 2113 tum
2587 2056 2854 2131 [demum]
2882 2074 3008 2115 cum
3037 2059 3124 2128 iis,
3152 2074 3275 2129 qua:
3308 2060 3363 2115 in
3389 2074 3510 2115 mo-

1936 2147 2236 2203 nasterium
2252 2147 2506 2203 intulisse
2523 2146 2819 2216 constabit,
2840 2147 3020 2216 ipsum
3031 2146 3282 2217 recipito.
3299 2144 3509 2221 [Prius]

1936 2247 2116 2295 tamen
2142 2254 2202 2295 se
2230 2238 2461 2294 nihililli
2483 2248 2704 2310 propter
2733 2240 2835 2296 hoc
2856 2239 2985 2293 mali
3014 2237 3312 2306 iacturum,
3343 2238 3504 2297 (idem

1934 2329 2084 2383 dato.
2129 2330 2224 2383 Sin
2263 2344 2392 2385 vero
2435 2330 2549 2386 haec
2588 2343 2701 2385 non
2735 2329 3061 2400 probentur,
3099 2338 3153 2385 et
3182 2330 3274 2387 ille
3304 2345 3371 2386 ex
3398 2334 3508 2387 vita

1936 2421 2235 2478 monastica
2258 2423 2521 2478 honestus
2542 2430 2828 2493 appareat,
2856 2438 3169 2495 quanquam
3208 2424 3506 2481 triennium

1936 2514 2165 2568 necdum
2191 2514 2436 2584 elapsum
2470 2516 2564 2581 sit,
2599 2524 2819 2594 maneto
2861 2517 2916 2570 in
2962 2517 3322 2572 monasterio.
3362 2515 3508 2572 Sane

1934 2605 2032 2674 qui
2065 2614 2188 2675 post
2217 2604 2512 2662 triennium
2563 2607 2760 2678 dignus
2803 2609 3134 2678 apparuerit,
3170 2609 3284 2664 sive
3316 2624 3509 2666 servus

1937 2697 2052 2753 sive
2073 2697 2211 2752 liber
2237 2698 2328 2763 sit,
2356 2697 2411 2752 in
2437 2700 2742 2754 monastica
2770 2698 2881 2753 vita
2908 2708 3258 2769 perseverato
3288 2718 3301 2755 :
3332 2714 3509 2770 neque

1933 2802 2003 2844 ea
2034 2788 2100 2844 de
2119 2785 2368 2869 [causa],
2402 2790 2614 2845 etiamsi
2641 2800 2806 2847 antea
2841 2791 3114 2862 quidpiam
3144 2793 3505 2859 commiserit,

244 2896 284 2937 a
346 2897 622 2954 quoquam
677 2883 932 2954 deinceps
988 2884 1237 2941 molestia
1287 2883 1535 2940 atiicitor.
1598 2880 1987 2939 Verumtamen
2050 2897 2172 2951 quae
2228 2882 2376 2938 furto
2437 2884 2653 2940 sublata
2690 2899 2812 2941 esse
2847 2886 3141 2953 constabit,
3195 2888 3507 2958 ubicunque

248 2973 483 3043 fuerint,
518 2976 736 3031 domino
758 2975 1076 3031 redduntor.

328 3069 497 3139 Καὶή
525 3066 568 3138 β’
597 3068 741 3124 διάτ.
770 3068 863 3123 τοῦ
896 3068 1060 3123 αὐτοῦ
1086 3069 1193 3125 τίτ.
1225 3071 1411 3140 φησιν,
1443 3070 1547 3135 ὄτι,
1576 3068 1667 3138 Τῷ
1701 3066 1825 3138 βου-

2014 3071 2079 3125 Ει
2107 3075 2286 3133 const.
2313 3068 2349 3121 2
2375 3067 2620 3136 ejusdem
2650 3068 2735 3123 tit.
2758 3067 2871 3123 ait:
2902 3067 2958 3123 Si
2989 3068 3113 3139 quis
3140 3069 3504 3127 monasticum

249 3159 475 3230 λομένῳ
504 3159 693 3230 σχῆμα
725 3159 1014 3231 μοναχικὺν
1044 3159 1247 3227 λαϐεῖν,
1275 3162 1324 3213 εί
1371 3159 1470 3231 μὲν
1498 3158 1830 3228 γινώσκεται

248 3250 337 3313 ὡς
371 3250 484 3319 οὐχι
516 3250 802 3303 ὑπόκειται
830 3250 1002 3325 τύχῃ,
1037 3252 1066 3305 ό
1110 3249 1414 3322 ἡγούμενος
1443 3249 1533 3303 ὅτε
1577 3248 1829 3318 νομίσοι,

247 3342 451 3397 διδότω
479 3341 626 3415 αὐτῷ
649 3343 711 3395 τὸ
739 3342 945 3413 σχῆμα·
970 3344 1019 3398 εί
1049 3341 1093 3396 δ’
1118 3344 1416 3412 ἀγνοεῖται,
1446 3340 1711 3413 ὲπχὲτω·
1737 3340 1834 3395 καὶ

251 3430 360 3485 ὲάν
393 3447 479 3495 τις
523 3431 655 3485 είσω
694 3432 933 3503 τριετίας
962 3432 1219 3504 ἀποδείξῃ
1244 3433 1405 3487 αὐτὸν
1431 3432 1636 3497 δοῦλον,
1681 3430 1716 3503 ἢ
1747 3432 1836 3485 ὲν-

250 3523 601 3593 απόγραφον,
635 3524 669 3595 ἢ
704 3521 959 3588 κολωνὸν,
988 3522 1257 3595 λαμόάνει
1287 3523 1450 3577 αὐτὸν
1489 3522 1608 3593 μεθ’
1638 3516 1715 3577 ὧν
1756 3520 1833 3585 ὡς

251 3612 408 3676 εἰκός
439 3612 685 3681 ὑφείλετο
715 3613 1076 3684 πραγμάτων,
1109 3614 1288 3677 διδοὺς
1321 3612 1471 3684 αύτῷ
1511 3612 1690 3682 λόγον’
1724 3627 1833 3683 μη-

250 3688 413 3768 δενὸς
452 3704 509 3759 δὲ
549 3704 680 3759 εῐσω
719 3706 818 3775 τῆς
860 3703 1103 3776 τριετίας
1148 3704 1468 3773 ἐνάγοντος,
1499 3704 1655 3772 εἴπερ
1684 3702 1833 3769 ἀξιον

250 3794 424 3849 αὑτὸν
450 3793 630 3867 κρίνῃ,
653 3793 841 3847 διδότω
854 3794 915 3846 τὸ
941 3794 1127 3865 σχῆμα
1147 3792 1295 3863 αὐτῷ
1317 3792 1416 3846 καὶ
1437 3792 1539 3846 οὑκ
1566 3792 1828 3862 όχλεῖται’

251 3888 332 3941 τὰ
365 3886 421 3940 δὲ
465 3887 767 3957 πράγματα
796 3885 941 3956 ἆπερ
978 3887 1062 3948 είς
1108 3885 1171 3939 τὸ
1206 3885 1573 3956 μοναστήριον
1617 3884 1830 3953 ήγαγε,

252 3981 523 4053 λαμϐάνει
557 3982 585 4035 ό
620 3979 907 4043 δεσπότης.

343 4163 407 4217 Ἦ
418 4163 474 4216 δὲ
486 4164 624 4234 αὐτὴ
641 4164 782 4219 διάτ.
808 4163 994 4235 φησὶν,
1013 4162 1122 4227 ὅτι,
1137 4160 1197 4215 '0
1217 4161 1513 4224 ἐπίσκοπος
1537 4159 1630 4214 τδν
1659 4158 1832 4213 ἀσὸᾶν

254 4255 294 4328 ἢ
326 4254 417 4309 τὸν
440 4254 871 4327 ἀρχιμανδρίτην
898 4253 1129 4308 ἑκάστου
1163 4251 1551 4324 μοναστηρίου,
1589 4252 1665 4321 μὴ
1696 4250 1832 4303 πάν-

255 4360 371 4409 τως
407 4345 549 4399 κατὰ
578 4344 669 4397 τὸν
708 4342 924 4414 βαθμὸν
969 4341 1389 4414 προὸαλλέσθω,
1420 4340 1536 4394 ἀλλ’
1560 4339 1622 4394 ὃν
1648 4341 1696 4394 οἱ
1737 4356 1834 4409 μο-

1937 3165 2181 3221 habitum
2209 3174 2492 3217 assumere
2531 3159 2676 3225 velit,
2708 3158 2753 3214 si
2796 3159 3016 3229 quidem
3048 3158 3257 3231 [servili
3264 3160 3284 3233 J
3313 3161 3509 3217 condi-

1936 3256 2069 3313 tioni
2120 3256 2300 3327 ipsum
2356 3268 2464 3311 non
2502 3267 2626 3309 esse
2676 3252 2975 3308 obnoxium
3015 3261 3252 3320 constet,
3304 3254 3507 3324 praesul

1936 3348 2154 3422 quando
2176 3348 2351 3403 visum
2380 3344 2563 3410 fuerit,
2597 3345 2671 3400 illi
2703 3344 2945 3399 habitum
2966 3345 3092 3400 dato
3122 3361 3136 3399 :
3174 3344 3259 3400 sin
3288 3345 3507 3415 ignore-

1937 3448 2045 3505 tur,
2074 3438 2310 3494 dit'ferto.
2331 3436 2395 3492 Et
2420 3436 2466 3493 si
2495 3435 2619 3506 quis
2638 3437 2781 3491 intra
2803 3434 3096 3492 triennium
3114 3436 3301 3506 probet
3327 3438 3507 3506 ipsum

1935 3525 2143 3599 [suum]
2172 3540 2411 3591 servum,
2447 3524 2829 3595 ascriptitium,
2866 3534 2961 3579 aut
2995 3523 3247 3580 colonum
3275 3523 3420 3596 [esse
3445 3524 3505 3597 ε]

1936 3618 2059 3672 data
2113 3618 2190 3672 illi
2237 3617 2363 3682 title,
2409 3613 2567 3688 [una]
2606 3630 2729 3671 cum
2783 3615 2946 3671 rebus
2987 3629 3121 3686 quas
3167 3615 3509 3686 surbipuisse

1934 3709 2234 3776 constabit,
2290 3708 2471 3780 ipsum
2530 3708 2743 3778 recipit.
2804 3705 2960 3773 Quod
3019 3708 3069 3763 si
3126 3708 3307 3766 nullus
3361 3708 3506 3764 intra

1936 3801 2230 3857 triennium
2252 3797 2469 3873 [istum]
2491 3798 2798 3866 conveniat,
2832 3796 3018 3870 [atque
3031 3798 3252 3872 praesul]
3276 3799 3500 3870 dignum

1935 3894 2113 3962 ipsum
2148 3892 2383 3963 judicet,
2422 3891 2665 3947 habitum
2713 3890 2792 3945 illi
2835 3892 2984 3956 dato,
3027 3906 3205 3961 neque
3240 3890 3379 3963 [ille]
3422 3892 3505 3947 in.

1934 3983 2230 4053 quietator.
2260 3980 2409 4047 Quas
2443 3990 2630 4036 autem
2654 3994 2742 4037 res
2766 3980 2823 4037 in
2854 3982 3245 4037 monasterium
3281 3982 3504 4049 intulit,

1934 4072 2192 4128 dominus
2225 4070 2389 4141 capit.

2011 4161 2227 4217 Teum.
2271 4161 2470 4217 Eadem
2508 4171 2682 4217 const.
2711 4159 2841 4217 dicit
2872 4178 2886 4215 :
2924 4160 3222 4233 Episcopus
3252 4161 3508 4219 abbatem

1937 4263 2037 4309 aut
2101 4252 2585 4308 archimandritam
2637 4251 2903 4321 cujusque
2962 4253 3283 4308 monasterii
3342 4252 3506 4325 362

1939 4340 2254 4412 neutiquam
2280 4340 2577 4396 secundum
2603 4342 2995 4396 monachorum
3024 4341 3253 4413 gradum
3284 4355 3507 4398 creato:

258 4434 418 4505 ναχοὶ
474 4435 675 4498 πάντες
724 4433 1094 4504 εύῦπόληπτοι
1142 4433 1481 4500 ὲπιλέξονται
1506 4473 1521 4499 ,
1578 4431 1674 4485 ὲπὶ
1722 4433 1831 4485 τῶν

2011 4433 2215 4503 iquem
2244 4446 2437 4490 omnes
2463 4433 2741 4497 monachi,
2775 4442 2871 4488 aut
2907 4434 2999 4503 qui
3037 4433 3194 4488 bonae
3221 4433 3509 4490 existima-

261 4527 612 4595 Εύαγγελίων
637 4525 906 4596 λέγοντες,
932 4525 1005 4590 ὼς
1025 4525 1087 4579 οὐ
1110 4524 1198 4578 διὰ
1220 4523 1458 4594 φιλίανῆ
1480 4523 1644 4595 χάριν
1669 4523 1832 4577 αὑτὸν

260 4608 586 4685 ἐπελέξαντο
605 4659 620 4683 ,
653 4618 790 4673 ἀλλά
822 4616 1183 4687 γινώσκοντες
1218 4616 1381 4670 αὐτὸν
1424 4615 1705 4688 όρθόδοξον
1735 4615 1835 4669 καὶ

261 4710 516 4781 σώφρονα
567 4709 661 4763 καὶ
691 4708 792 4779 τῆς
828 4709 1147 4779 διοικήσεως
1186 4707 1360 4772 ἄξιον,
1399 4708 1495 4760 καὶ
1538 4707 1835 4778 δυνάμενον

259 4803 493 4875 φυλάξαι
520 4806 636 4877 ιτὴν
673 4803 981 4873 ἐπιστήμην
1030 4800 1137 4855 τῶν
1172 4800 1421 4871 μοναχῶν
1461 4800 1555 4853 καὶ
1598 4799 1695 4871 τὴν
1740 4800 1833 4852 τοῦ

262 4889 628 4960 μοναστηρίου
658 4889 1013 4943 κατάστασιν·
1044 4887 1113 4942 τά
1139 4887 1278 4941 αύτά
1306 4887 1401 4941 καὶ
1432 4888 1561 4959 περὶ
1589 4888 1699 4941 τῶν
1730 4905 1830 4957 γυ-

258 4980 514 5034 ναικείων
563 4980 938 5051 μοναστηρίων
991 4981 1086 5032 καὶ
1147 4979 1528 5051 ἀσκητηρίωνο
1580 4977 1651 5032 τὰ
1694 4979 1835 5032 αὐτά

261 5090 396 5143 φησι
426 5073 522 5124 καὶ
550 5074 582 5141 ή
614 5071 681 5138 ιγ’
710 5071 847 5126 διάτ.
874 5070 970 5124 τοῦ
1010 5070 1174 5124 αὐτοῦ
1212 5069 1319 5126 τίτ.
1349 5070 1701 5142 προστιθεῖσα
1752 5071 1834 5123 ὅτι

257 5165 340 5218 δεῖ
369 5165 470 5235 τὴν
497 5164 757 5233 ἐπιλογὴν
782 5161 877 5217 τοῦ
904 5163 1057 5229 ἀξίου
1093 5161 1360 5215 ποιεῖσθαι
1397 5162 1506 5215 ἀπὸ
1549 5160 1644 5216 τοῦ
1683 5160 1833 5232 πρὼ-

259 5266 353 5306 του
376 5292 393 5318 ,
435 5254 527 5306 καὶ
558 5252 701 5305 οὕτω
735 5252 878 5306 κατὰ
927 5252 1135 5322 βαθμὸν
1178 5252 1268 5305 διὰ
1307 5253 1414 5303 τῶν
1446 5253 1591 5322 ἐξῆςο
1641 5252 1689 5305 oi
1725 5253 1830 5322 γάρ

261 5346 469 5416 πρῶτοι
499 5343 638 5408 ἄξιοι
674 5344 1007 5415 φαινόμενοι,
1040 5345 1414 5415 προτιμῶνται
1452 5345 1559 5396 τῶν
1593 5347 1708 5414 μετ’
1734 5344 1832 5398 αύ-

259 5438 407 5500 τοὺς,
436 5435 511 5498 ὡς
536 5438 569 5507 ή
597 5443 692 5507 pg“
720 5435 862 5491 διάτ.
890 5435 982 5489 τοῦ
1007 5434 1056 5505 γ’
1079 5435 1173 5489 τοῦ
1202 5442 1247 5488 α’
1264 5435 1415 5505 .βι6λ.
1446 5437 1479 5505 ἡ
1503 5436 1558 5487 δὲ
1584 5434 1659 5488 λθ¹
1689 5433 1829 5488 διάτ.

258 5529 355 5581 ex}
396 5527 561 5581 αὐτοῦ
601 5528 705 5582 τίτ.
752 5527 1014 5598 διορίζει,
1062 5529 1144 5583 ὅτι
1187 5530 1311 5591 τοὺς
1356 5528 1451 5597 μὲν
1496 5528 1834 5598 ἡγουμένους

260 5622 649 5678 ἐπιϐλέπουσιν
675 5621 724 5674 oi
747 5621 1052 5686 ἐπίσκοποι,
1075 5621 1198 5684 τοὺς
1228 5621 1284 5675 δὲ
1309 5622 1575 5691 μοναχοὺς
1600 5621 1657 5691 οἱ,
1678 5620 1834 5690 ἡγού-

1940 4526 2106 4580 tionis
2152 4536 2283 4581 sunt
2304 4564 2319 4586 ,
2351 4524 2614 4594 elegerint
2634 4563 2649 4589 ,
2686 4539 2869 4580 coram
2903 4525 3212 4596 Evangeliis
3241 4535 3463 4596 agentes
3488 4562 3505 4588 ,

1939 4619 2082 4688 quod
2116 4632 2223 4671 nou
2252 4632 2349 4687 per
2375 4615 2674 4671 amicitiam
2702 4626 2799 4671 aut
2836 4617 3065 4686 gratiam
3107 4617 3285 4686 ipsum
3329 4615 3509 4684 elege-

1942 4712 2071 4777 rint,
2118 4709 2211 4766 sed
2248 4709 2399 4781 [ideo
2427 4706 2596 4779 quod]
2625 4706 2994 4763 orthodoxum
3044 4706 3221 4778 ipsum
3246 4714 3301 4762 et
3339 4706 3511 4760 hone-

1942 4814 2083 4858 stum
2122 4800 2390 4865 noverint,
2436 4805 2490 4855 et
2524 4798 2998 4855 administratione
3049 4799 3294 4870 dignum,
3324 4793 3510 4867 [quod

1945 4888 2109 4963 item]
2150 4888 2543 4945 monachorum
2589 4886 2929 4971 disciplinain
2979 4893 3142 4957 atque
3191 4881 3509 4939 monasterii

1936 4990 2136 5037 statum
2159 4994 2483 5036 conservare
2495 4979 2685 5046 possit.
2702 4976 2901 5033 Eadem
2915 4976 3079 5032 etiam
3103 4978 3156 5030 in
3184 4973 3507 5030 mulieribus

1937 5073 2254 5128 monasterii
2273 5081 2436 5141 atque
2450 5070 2732 5127 asceteriis
2750 5068 2980 5141 [servari
2993 5067 3189 5124 debere
3206 5061 3383 5136 dicit.]
3406 5066 3510 5121 liae

1936 5164 2058 5219 dem
2093 5178 2313 5235 quoque
2339 5162 2728 5234 dicitejusdem
2751 5162 2837 5216 tit.
2860 5168 3035 5223 const.
3074 5154 3161 5226 l3,
3179 5158 3406 5223 addens,
3422 5155 3509 5212 di-

1929 5271 2087 5325 gnam
2110 5255 2427 5311 electionem
2446 5270 2473 5307 a
2488 5256 2746 5324 primo,et
2760 5253 2840 5307 sic
2854 5250 3109 5319 deinceps
3125 5262 3220 5320 per
3234 5247 3371 5304 alios
3386 5263 3510 5319 gra.

1929 5345 2095 5398 datim
2126 5350 2374 5413 Oportere
2397 5342 2532 5397 ﬁeri.
2567 5341 2667 5407 Qui
2705 5342 2848 5394 enim
2873 5337 3031 5408 primi
3057 5335 3205 5407 digni
3234 5336 3507 5397 videntur.

1931 5438 2294 5505 praeferuntur
2322 5426 2690 5493 inferioribus,
2713 5441 2771 5485 ut
2791 5439 2967 5485 const.
2992 5430 3086 5494 46,
3119 5428 3203 5483 tit.
3235 5427 3302 5491 3,
3339 5426 3431 5480 lib.
3467 5440 3505 5489 ι,

1934 5525 2236 5597 [traditum]
2293 5526 2544 5595 Ejusdem
2598 5532 2778 5577 autem
2824 5522 2905 5574 tit.
2957 5529 3134 5575 const.
3174 5519 3262 5589 '59,
3295 5519 3504 5574 statuit.

1935 5629 1990 5673 ut
2040 5619 2273 5688 episcopi
2324 5617 2601 5688 prmsulcs,
2655 5611 2914 5683 praesules
2967 5623 3151 5667 autem
3203 5611 3502 5668 monaclroa
