3766 6198
333 273 436 339 847

1497 267 1717 329 ΡΗΟΤΙ
1729 267 1753 326 Ι
1788 265 2287 326 ΡΑΤΒΙΑΗΟΗιἘ
2317 265 2424 326 CP.
3452 268 3534 334 εδδ

339 388 631 459 inspiciam
675 405 688 442 :
739 398 792 444 et
829 404 897 444 ne
940 388 1170 445 duorum
1220 383 1676 440 monasteriorum
1715 380 1851 451 [unu

2012 396 2197 447 μενοι,
2237 379 2330 432 κοιλ¹
2358 379 2440 433 ὅτι
2472 374 2571 431 δύο
2608 375 2983 450 μοναστηρίων
3026 377 3085 431 οὐ
3110 376 3317 448 γίνεται
3341 380 3368 433 ὁ
3404 382 3535 446 αὐτὸς
3588 440 3605 447 η

332 481 472 537 idem
505 480 656 553 [que]
692 481 887 551 praesul
927 481 1017 536 sit.

395 572 551 627 CAP.
610 570 698 625 IV.
743 603 813 617 --
864 570 945 625 Ne
1010 569 1293 623 monachus
1338 579 1526 622 temere
1577 564 1897 618 monasterio

322 673 469 717 exeat
501 663 579 717 vel
605 664 812 733 negotia
837 670 1049 726 tractet;
1079 671 1131 718 et
1162 659 1300 732 quod
1326 659 1567 712 monachi
1592 659 1648 710 in
1672 654 1900 724 episcopi

322 764 577 819 potestate
600 765 745 809 sunt.

446 845 674 900 Concilii
707 846 1144 901 Chalcedonensis
1178 859 1402 897 canones
1430 842 1485 906 3,
1522 842 1574 905 4,
1608 841 1662 905 8,
1685 838 1776 892 23.

398 936 451 989 5.
499 934 749 989 Pervenit
799 935 866 989 ad
916 943 1156 989 sanctam
1214 932 1479 1003 synodum
1519 929 1662 998 quod
1708 942 1895 981 eorum

330 1022 423 1091 qui
458 1023 511 1075 in
542 1022 747 1075 clerum
779 1022 1014 1090 cooptati
1048 1028 1205 1083 sunt,
1241 1029 1370 1083 elc.,
1411 1026 1467 1069 ut
1505 1032 1625 1084 pag.
1661 1013 1785 1067 685.

376 1100 451 1168 α
492 1111 595 1177 Qui
623 1127 749 1166 vere
781 1126 835 1166 et
860 1112 1092 1173 sincere,
1122 1120 1225 1164 etc.
1249 1149 1264 1172 ,
1294 1118 1352 1161 ut
1382 1124 1504 1176 pag.
1533 1107 1656 1159 7'54.

392 1206 445 1259 8.
486 1203 683 1258 Clerici
719 1203 1283 1272 ptochotrOphiorum,
1320 1208 1458 1264 elc.,
1487 1208 1543 1251 ut
1572 1214 1689 1267 pag.
1727 1196 1852 1253 659.

389 1296 481 1351 23.
522 1295 776 1349 Pervenit
813 1297 879 1349 ad
935 1310 1097 1350 aures
1151 1302 1353 1349 sanctae
1401 1290 1614 1361 synodi,
1665 1299 1797 1356 elc.,
1834 1300 1892 1342 ut

320 1404 443 1458 pag.
491 1388 615 1443 558.

301 1548 304 1552 Α
472 1479 698 1534 Concilii
730 1478 1033 1532 aecumem'ci
1064 1493 1113 1531 Vl
1145 1491 1368 1529 canones
1394 1474 1484 1541 41,
1513 1474 1604 1541 42,
1638 1474 1729 1530 46.

292 1556 299 1563 ’
392 1569 615 1625 41.1203
654 1569 823 1639 quiin
848 1568 1079 1623 urbibus
1108 1568 1191 1621 vel
1226 1566 1363 1620 vicis
1391 1566 1446 1619 in
1480 1566 1766 1620 clausurus
1798 1579 1895 1619 vo-

325 1658 446 1712 lunt
492 1659 781 1722 secedere,
825 1667 881 1712 et
937 1658 1041 1712 sibi
1094 1656 1226 1726 ipsis
1269 1656 1564 1725 separatim
1594 1656 1890 1720 attendere,

2008 472 2142 541 ήγού
2151 489 2331 539 μενος.

2082 563 2327 619 ΚΕΦΑΔ.
2370 561 2442 616 A'.
2471 592 2541 601 —-
2579 561 2716 630 Περὶ
2749 562 2855 616 τοῦ
2883 562 2969 631 μὴ
3002 562 3079 628 ὡς
3099 565 3278 633 ἔτυχε
3308 568 3537 635 μοναχὸν

2008 652 2230 717 ἐξιέναι
2260 652 2363 705 τοῦ
2393 654 2826 721 μοναστηρίου,
2863 653 2902 721 ἣ
2938 654 3248 723 πράγματα
3274 655 3535 724 πράττειν,

2007 744 2105 806 καί
2132 743 2219 795 ὅτι
2246 742 2362 796 ὑπὸ
2397 742 2504 795 τὸν
2521 743 2858 799 ἐπίσκοπόν
2886 746 3064 798 εἰσιν.

2111 837 2381 891 Συνόδου
2421 837 2805 903 Χαλκηδόνος
2840 839 3040 891 κανὼν
3070 846 3142 906 γ’,
3170 837 3235 903 δ’,
3262 839 3331 908 η’,
3357 845 3453 907 κγ’.

2078 927 2147 998 γ’.
2178 926 2383 982 *Ηλθεν
2399 931 2478 992 είς
2497 929 2595 999 τὴν
2620 929 2783 996 ἁγίαν
2806 929 3041 997 σύνοδον,
3068 930 3151 984 ὅτι
3176 930 3284 985 τῶν
3308 932 3362 985 ἐν
3381 931 3538 1003 κλήρῳ

2006 1018 2440 1087 κατειλεγμένων
2468 1018 2634 1085 τινὲς,
2664 1036 2719 1072 κ.
2753 1036 2804 1071 τ.
2834 1020 2883 1072 λ.

2076 1108 2136 1163 δ’.
2177 1109 2241 1162 Οί
2272 1109 2487 1180 ἀληθῶς
2510 1114 2603 1162 καὶ
2634 1109 2963 1180 εἰλικρινῶς,
2990 1127 3045 1163 κ.
3076 1127 3128 1163 τ.
3160 1110 3212 1165 λ.

2075 1198 2143 1271 η’.
2184 1200 2246 1253 Oi
2270 1199 2522 1270 κληρικοὶ
2545 1200 2651 1253 τῶν
2682 1201 2991 1270 πτωχείων,
3027 1219 3081 1254 κ.
3106 1218 3160 1254 τ.
3191 1201 3243 1257 λ.

2073 1297 2177 1359 κγ’.
2218 1286 2421 1344 Ἦλθεν
2455 1291 2534 1354 είς
2561 1291 2729 1354 ἀκοὰς
2760 1292 2859 1361 τῆς
2888 1291 3049 1359 ἁγίας
3076 1291 3324 1357 συνόδου,
3355 1309 3403 1344 κ.
3433 1310 3477 1346 τ.
3494 1291 3537 1345 λ.

2005 1473 2273 1529 Συνόδου
2326 1473 2744 1544 οὶκουμενικῆς
2807 1479 2861 1538 ς’
2897 1472 3100 1525 κανὼν
3155 1469 3267 1543 μα’,
3316 1471 3397 1543 μβ¹
3444 1471 3537 1543 με’.

2080 1563 2190 1635 μα’.
2230 1564 2368 1629 Τοὺς
2407 1566 2466 1619 ἐν
2510 1566 2727 1619 πόλεσιν
2770 1565 2803 1636 ἢ
2836 1565 3058 1635 χωρίοις
3099 1566 3160 1617 ἐν
3202 1566 3541 1647 ἑγκλεξττραις

2006 1655 2360 1727 βουλομένους
2378 1657 2700 1727 ἀναχωρεῖν,
2723 1657 2815 1709 καὶ
2846 1656 3058 1718 ἑαυτοῖς
3076 1656 3387 1725 καταμόνας
3411 1672 3541 1725 προσ-

325 1752 480 1821 prius
511 1751 671 1821 363
700 1752 917 1819 quidem
956 1751 1009 1803 in
1066 1751 1458 1804 monasterium
1492 1748 1698 1819 ingredi
1729 1763 1851 1818 opor

2006 1748 2160 1817 ἔχειν,
2191 1748 2457 1817 πρότερον
2486 1748 2542 1800 ἐν
2576 1748 2929 1817 μοναστηρίῳ
2956 1748 3187 1800 εἰσιέναι
3218 1748 3331 1812 δεῖ,
3357 1749 3441 1801 καὶ
3462 1748 3540 1817 τὴν

332 1850 427 1906 tet,
465 1850 519 1895 et
555 1840 1021 1905 anachoreticam,
1048 1840 1153 1893 hoc
1184 1848 1287 1905 est,
1338 1840 1406 1893 ab
1443 1839 1564 1894 aliis
1592 1848 1896 1909 separatam

330 1947 395 1988 ac
442 1941 709 1987 semotam
760 1929 978 1984 vivendi
1012 1930 1276 1983 rationem
1308 1943 1580 1991 exercere,
1620 1937 1676 1983 et
1723 1930 1899 1999 spatio

328 2023 548 2081 triennii
579 2022 650 2087 ei',
683 2021 777 2091 qui
810 2021 1079 2075 mansioni
1117 2029 1328 2090 praeest,
1363 2019 1416 2073 in
1451 2019 1543 2073 Dei
1569 2019 1761 2073 timore
1797 2035 1897 2088 pa-

325 2131 468 2181 rere,
501 2123 557 2169 et
588 2113 951 2170 obedientiam
985 2112 1038 2165 in
1072 2112 1329 2165 omnibus
1353 2152 1367 2177 ,
1426 2120 1486 2165 ut
1542 2126 1758 2179 mquum
1793 2118 1894 2174 est,

323 2207 550 2275 implere
569 2245 585 2271 ,
624 2213 678 2259 et
703 2204 775 2258 ita
804 2203 966 2273 hujus
995 2203 1117 2256 vitae
1141 2202 1398 2269 eligenda:
1425 2202 1751 2267 institutum.
1772 2215 1899 2270 pro-

321 2296 572 2361 ﬁtentes;
628 2300 682 2347 et
711 2291 855 2362 quod
910 2306 1030 2346 eam
1088 2306 1155 2345 ex
1208 2298 1318 2345 toto
1367 2291 1530 2350 corde
1570 2305 1668 2344 sua
1704 2297 1898 2359 sponte

323 2387 763 2455 amplectuntur,
819 2383 887 2438 ab
939 2383 1059 2453 ejus
1114 2382 1217 2437 loci
1271 2382 1504 2451 praesule
1550 2381 1892 2435 examinari:

322 2476 519 2533 deinde
550 2476 629 2531 sic
656 2476 764 2530 alio
795 2488 942 2529 anno
1000 2483 1155 2528 extra
1211 2474 1521 2528 clausuram
1572 2472 1785 2526 fortiter
1838 2488 1896 2526 se

322 2580 530 2635 gerere,
560 2571 618 2617 ut
648 2578 848 2631 scopus
895 2577 1085 2617 eorum
1128 2563 1321 2616 evadat
1354 2559 1716 2615 manifestior.
1743 2558 1896 2615 Tunc

321 2658 467 2712 enim
521 2657 678 2725 plene
729 2669 793 2709 ac
844 2653 1081 2724 perfecte
1136 2653 1555 2723 significabunt,
1606 2651 1750 2721 quod
1786 2667 1895 2706 non

323 2749 551 2803 inanem’
579 2747 803 2817 gloriam
829 2756 1133 2816 captantes.
1165 2748 1260 2800 sed
1316 2752 1542 2814 propter
1574 2744 1753 2814 ipsum
1811 2759 1896 2797 re-

320 2855 449 2893 vera
479 2838 768 2904 pulchrum
807 2852 871 2891 ac
894 2838 1182 2892 honestum
1221 2838 1321 2890 hoc
1345 2836 1516 2890 otium
1550 2850 1893 2906 persequun-

324 2940 434 2995 tur,
494 2938 618 2999 post
682 2938 865 2982 autem
927 2928 1186 2995 temporis
1234 2927 1715 2996 complementum,
1744 2926 1787 2981 si
1839 2926 1893 2980 in

321 3022 513 3076 eodem
569 3020 833 3090 eligendae
879 3020 1004 3073 vitae
1063 3018 1312 3073 instituto
1368 3024 1758 3087 permaneant,
1814 3019 1895 3070 in-

321 3110 463 3165 cludi
497 3110 664 3178 ipsos.
695 3118 749 3162 et
778 3109 859 3164 eis
892 3122 1001 3161 non
1041 3108 1275 3177 amplius
1309 3108 1473 3162 licere
1494 3144 1508 3165 .
1541 3108 1760 3176 quando
1796 3122 1891 3161 vo-

324 3205 545 3264 luerint,
596 3217 662 3256 ex
702 3201 800 3255 tali
842 3200 1125 3255 mansione
1154 3200 1380 3270 egredi,
1433 3208 1797 3269 praeterquam
1846 3200 1894 3254 si

320 3302 542 3365 propter
566 3306 909 3348 communem
943 3291 1229 3346 utilitatem
1264 3291 1346 3345 vel
1398 3290 1561 3343 aliam
1596 3289 1892 3345 necessita-

321 3398 429 3440 tem
462 3386 529 3439 ad
565 3392 791 3438 mortem
837 3390 1143 3452 urgentem,
1184 3382 1250 3436 ad
1282 3382 1335 3435 id
1370 3382 1691 3447 trahentur;
1738 3388 1793 3435 et
1819 3380 1892 3435 ita

320 3492 444 3531 cum
495 3474 873 3530 benedictione
927 3472 1046 3542 ejus
1091 3472 1197 3527 loci
1249 3472 1510 3541 episcOpi.
1567 3470 1671 3537 Qui
1712 3480 1893 3526 autem

321 3568 441 3623 sine
491 3566 577 3620 bis
608 3566 719 3635 jam
751 3564 916 3619 dictis
945 3565 1125 3619 causis
1150 3578 1216 3617 ex
1242 3567 1359 3619 suis
1390 3564 1716 3621 habitaculis
1744 3566 1895 3621 exire

320 3658 729 3728 aggrediuntur,
743 3658 920 3726 primo
935 3657 1155 3725 quidem
1169 3657 1252 3710 vel
1272 3658 1468 3711 invitos
1484 3658 1627 3712 dicta
1640 3658 1891 3713 clausura

320 3750 584 3815 coerceri,
614 3750 806 3803 deinde
832 3749 1055 3818 jejuniis
1084 3758 1137 3801 et
1164 3748 1283 3803 aliis
1315 3748 1698 3802 afﬂictionibus
1743 3749 1890 3817 ipsos

320 3857 515 3900 curare
540 3843 793 3908 scientes,
809 3840 1266 3910 quemadmodum
1288 3839 1547 3908 scriptum
1562 3848 1644 3894 est
1661 3841 1728 3904 ⁸⁸,
1745 3841 1890 3910 quod

323 3952 481 3991 nemo
509 3937 600 4007 qui
639 3950 859 3989 manum
890 3942 1075 3988 aratro
1114 3932 1363 3997 immisit,
1406 3940 1459 3986 et
1489 3940 1633 3987 retro
1661 3946 1895 3986 conver-

318 4044 416 4085 sus
444 4037 546 4095 est,
572 4036 731 4098 aptus
756 4035 839 4083 est
875 4040 1045 4097 regno
1073 4024 1359 4081 caelorum.

384 4208 475 4261 42.
506 4207 611 4262 Eos
638 4207 730 4277 qui
755 4206 1013 4261 dicuntur
1047 4207 1311 4271 eremitze,
1343 4205 1437 4274 qui
1459 4204 1678 4274 quidem
1716 4206 1888 4276 nigris

314 4298 566 4354 vestibus
599 4297 799 4363 induti,
830 4309 886 4352 et
925 4298 1102 4366 capite
1132 4296 1331 4351 comati
1359 4296 1520 4352 urbes
1560 4298 1782 4365 obeunt,
1835 4307 1894 4353 et

1999 1838 2426 1908 ἀναχωρητικὴν
2466 1837 2932 1909 παιδοτριϐεἴσθαι
2988 1838 3293 1909 διαγωγὴν,
3343 1840 3424 1891 καὶ
3466 1839 3539 1891 ἐπὶ

2000 1928 2188 1997 τριετῆ
2220 1928 2409 1997 χρόνον
2438 1927 2515 1997 τῷ
2544 1930 2643 1998 τῆς
2676 1928 2842 1998 μονῆς
2876 1927 3161 1998 ἐξάρχοντι
3196 1930 3253 1980 ἐν
3274 1928 3413 1995 φόεῳ
3432 1927 3539 1978 Θεοῦ

1999 2018 2420 2083 ὑποτάττεσθαι,
2475 2020 2567 2071 καὶ
2614 2020 2712 2089 τὴν
2757 2019 2900 2072 κατὰ
2954 2019 3135 2072 πάντα
3183 2018 3259 2080 ὡς
3307 2017 3542 2087 προσῆκεν

2000 2111 2245 2183 ὑπακοὴν
2293 2100 2621 2182 ἐκπληροῦν,
2672 2112 2767 2164 καὶ
2814 2112 2986 2174 οὕτως
3020 2111 3414 2180 ὁμολογοῦντας
3440 2110 3543 2177 περὶ

1998 2203 2095 2271 τῆς
2127 2205 2185 2257 ἐν
2222 2203 2300 2273 τῷ
2323 2204 2549 2273 τοιούτῳ
2588 2202 2687 2273 βίῳ
2716 2203 3112 2274 προαιρέσεως,
3153 2202 3249 2255 καὶ
3278 2201 3347 2264 ὠς
3373 2200 3426 2264 ἐξ
3442 2199 3541 2269 ὅλης

1998 2292 2224 2363 καρδίας
2254 2294 2520 2356 ἑκουσίως
2552 2292 2739 2346 τοῦτον
2771 2293 3107 2357 ἀσπάζονται
3130 2332 3144 2356 ,
3177 2293 3281 2346 ὑπὸ
3317 2291 3403 2344 τοῦ
3431 2291 3541 2343 κατὰ

1996 2382 2087 2437 τὸν
2133 2383 2295 2437 τόπον
2341 2382 2730 2453 δοκιμάζεσθαι
2788 2384 3051 2455 προέδρου
3080 2400 3095 2414 ’
3150 2377 3252 2436 εἷθ’
3281 2383 3440 2444 οὓτως
3475 2379 3542 2450 ἐν’

1995 2472 2180 2543 ἓτερον
2228 2473 2495 2538 ἐνιαυτὸν,
2526 2471 2725 2538 ἑξωθεν
2756 2474 2854 2543 τῆς
2901 2473 3267 2544 ἐγκλείστρας
3304 2489 3542 2543 προσκαρ-

1995 2564 2194 2632 τερεῖν,
2220 2562 2295 2625 ὡς
2324 2562 2389 2617 ἂν
2427 2564 2455 2615 ὁ
2486 2564 2687 2625 σκοπὸς
2716 2565 2893 2616 αὐτῶν
2919 2564 3189 2627 πλειόνως
3218 2563 3539 2635 φανερωθείη·

1996 2653 2295 2724 τηνικαῦτα
2318 2654 2424 2723 γὰρ
2446 2655 2820 2727 πληροφορίαν
2849 2655 3202 2725 παρέξουσιν·
3233 2656 3307 2719 ὡς
3330 2656 3385 2708 ού
3410 2655 3541 2724 κενὴν

1998 2745 2305 2816 θηρώμενοι
2339 2747 2517 2813 δόξαν,
2553 2747 2689 2801 ἀλλὰ
2719 2748 2786 2801 δι’
2811 2750 2945 2803 αὐτὸ
2967 2750 3028 2802 τὸ
3056 2750 3232 2813 ὄντως
3268 2749 3435 2811 καλὸν,
3463 2749 3539 2820 τὴν

1998 2837 2227 2907 ἡσυχίαν
2257 2838 2460 2908 ταύτην
2490 2839 2905 2907 μεταδιώκουσι·
2953 2840 3093 2909 μετὰ
3122 2841 3182 2894 δὲ
3205 2841 3303 2909 τὴν
3330 2840 3417 2893 τοῦ
3435 2857 3537 2892 τοσ-

1997 2928 2155 2982 ούτου
2198 2930 2391 3000 χρόνου
2435 2930 2848 3001 συμπλήρωσιν,
2896 2932 2945 2984 εί
2980 2934 3047 3003 τῇ
3078 2933 3221 3003 αὐτῇ
3259 2933 3537 3001 προαιρέσει

1998 3020 2307 3089 ἐμμένοιεν,
2340 3021 2720 3088 ἐγκεκλεῖσθαι
2748 3023 2963 3088 αὐτοὺς,
2998 3026 3094 3076 καὶ
3128 3025 3329 3095 μηκέτι
3352 3024 3537 3085 τούτους

1997 3110 2196 3176 ἐξεῖναι
2229 3113 2317 3165 ὅτε
2351 3112 2638 3183 βούλονται
2696 3118 2797 3186 τῆς
2829 3115 3087 3185 τοιαύτης
3129 3118 3429 3186 καταμονῆς
3454 3118 3538 3183 ὰφ-

2001 3204 2282 3271 ίστασθαι,
2314 3205 2470 3268 ἐκτὸς
2513 3208 2561 3259 εί
2607 3206 2682 3279 μὴ
2732 3206 2822 3260 διὰ
2868 3207 3056 3277 κοινὴν
3104 3208 3426 3262 λυσιτέλειαν
3463 3208 3538 3260 καὶ

1997 3295 2283 3364 ὠφέλειαν,
2321 3296 2354 3366 ἢ
2403 3296 2597 3367 ἑτέραν
2644 3297 2892 3368 ἀνάγκην
2928 3299 3062 3370 πρὸς
3110 3299 3339 3354 Θάνατον
3380 3301 3538 3361 αὐτοὺς

2000 3386 2331 3459 βιαζομένην
2364 3391 2501 3460 πρὸς
2528 3389 2683 3443 τοῦτο
2708 3390 2951 3444 ἐλκοιντο
2976 3410 2990 3423 ο
3036 3392 3131 3446 καὶ
3165 3394 3306 3447 οὕτω
3337 3388 3444 3462 μετ’
3468 3393 3540 3445 5'3-

1998 3478 2186 3548 λογίας
2223 3479 2316 3533 τοῦ
2348 3481 2488 3534 κατὰ
2512 3482 2603 3535 τὸν
2642 3482 2806 3536 τόπον
2832 3484 3160 3537 ἐπισκόπου·
3193 3486 3302 3540 τῶν
3328 3488 3379 3540 δὲ
3413 3488 3539 3555 είρη-

2000 3572 2179 3640 μένων
2208 3572 2533 3641 προφάσεων
2560 3572 2713 3643 δίχα,
2746 3574 3134 3642 ἐγχειροῦντας
3182 3580 3247 3632 ἐκ
3290 3578 3390 3631 τῶν
3431 3592 3537 3629 κατα

2001 3661 2260 3728 αγωγίων
2305 3663 2484 3716 αὐτῶν
2532 3663 2758 3731 ἐξιέναι,
2791 3668 3166 3735 πρωτοτύπως
3198 3670 3295 3740 μὲν
3340 3672 3534 3727 ἄκοντας

1996 3753 2373 3823 καθειργνύειν
2398 3758 2455 3808 ἐν
2482 3760 2549 3828 τῇ
2579 3760 2843 3832 εἰρημένῃ
2890 3762 3221 3833 ἐγκλείστρᾳ
3251 3800 3263 3824 ,
3296 3761 3467 3814 ἔπειτα
3490 3757 3534 3810 δὲ

1994 3847 2270 3914 νηστείαις
2296 3847 2389 3901 καὶ
2418 3848 2636 3918 ἑτέραις
2679 3851 3123 3923 σκληραγωγίαις
3166 3854 3359 3915 αὐτοὺς
3400 3852 3533 3920 θερι-

1997 3936 2204 4003 πεύειν,
2240 3939 2448 4002 είδότας
2472 3942 2703 3995 κατὰτὸ
2728 3944 3135 4015 γεγραμμένον,
3164 3945 3241 4009 ὡς
3275 3943 3435 4005 οὐδεὶς
3452 3941 3533 4010 βα·

1994 4028 2100 4081 λὼν
2144 4028 2241 4099 τὴν
2288 4033 2447 4101 χεῖρα
2498 4032 2583 4084 ἐπ’
2632 4033 2885 4106 ἄροτρον,
2928 4035 3022 4088 καὶ
3076 4034 3335 4103 στραφεὶς
3374 4036 3443 4095 είς
3478 4030 3531 4083 τὰ

1992 4120 2187 4186 ὀπίσω,
2216 4121 2430 4185 εὔθετός
2456 4126 2602 4177 ἐστιν
2632 4127 2710 4187 είς
2736 4126 2834 4196 τὴν
2866 4127 3144 4197 βασιλείαν
3170 4128 3276 4181 τῶν
3300 4123 3530 4199 οὐρανῶν.

2067 4212 2176 4281 μβ’·
2216 4214 2354 4276 Τοὺς
2386 4214 2710 4286 λεγομένους
2736 4219 3000 4289 ἑρημίτας
3019 4260 3033 4283 ,
3060 4222 3112 4273 οῖ
3143 4238 3288 4285 τινες
3320 4220 3530 4286 μελανει-

1994 4302 2304 4370 μονοῦντες,
2334 4306 2428 4356 καὶ
2472 4305 2570 4369 τὰς
2624 4307 2864 4375 κεφαλὰς
2912 4309 3193 4379 κομῶντες
3244 4309 3529 4380 περιάγουσι

317 4405 443 4445 cum
476 4389 608 4443 viris
647 4388 1002 4443 saecularibus
1036 4402 1099 4442 ac
1129 4388 1449 4444 mulieribus
1478 4397 1787 4456 versantur,
1834 4404 1851 4443 ε

2006 4390 2089 4454 τὰς
2108 4392 2310 4457 πόλεις,
2337 4396 2537 4464 μεταξὺ
2560 4396 2768 4467 ἀνδρῶν
2798 4396 3000 4451 λαῖκῶν
3022 4399 3114 4451 καὶ
3138 4401 3401 4467 γυναικῶν
3423 4401 3528 4450 ἁνα-

315 4480 550 4551 proprize
585 4478 914 4549 professioni
943 4477 1152 4531 faciunt
1192 4478 1471 4548 injuriam,
1496 4481 1808 4545 statuimus,
1841 4481 1887 4536 si

313 4572 575 4644 elegerint
606 4570 826 4639 quidem
872 4570 1047 4624 tonsis
1092 4570 1267 4625 comis
1320 4571 1654 4641 reliquorum
1703 4587 1887 4628 mona-

312 4666 543 4721 chorum
575 4662 835 4717 amictum
862 4661 1162 4729 suscipere,
1194 4676 1289 4716 eos
1319 4661 1373 4715 in
1402 4664 1736 4717 monasterio
1757 4679 1887 4717 con-

311 4758 565 4821 stitui,et
598 4756 737 4809 inter
785 4750 948 4825 365.
998 4752 1193 4808 fratres
1238 4753 1448 4809 referri.
1484 4755 1639 4819 Quod
1688 4756 1734 4810 si
1782 4756 1886 4811 hoc

310 4867 417 4906 non
444 4849 724 4920 elegerint,
768 4861 834 4900 ex
881 4845 1113 4901 urbibus
1164 4847 1357 4915 expelli
1386 4888 1400 4912 ,
1454 4856 1507 4901 et
1559 4847 1881 4904 solitudines

313 4941 579 5004 habitare,
611 4955 679 4994 ex
715 4938 914 5007 quibus
946 4935 1047 4989 sibi
1084 4938 1249 4992 etiam
1284 4938 1729 4995 denominatione
1756 4956 1883 4996 con-

308 5040 532 5088 tinxere.

375 5214 613 5283 46.0mm
640 5217 805 5270 vitam
847 5213 1283 5270 exercitatoriam
1319 5213 1546 5285 eligunt,
1585 5224 1639 5272 et
1670 5218 1724 5273 in
1760 5233 1876 5272 mo-

308 5306 561 5360 nasteriis
593 5315 720 5359 sunt
755 5306 1084 5368 constitutae,
1135 5318 1203 5358 ne
1253 5305 1477 5358 omnino
1523 5307 1877 5376 progredian-

306 5407 414 5455 tur.
442 5396 498 5451 Si
535 5413 639 5468 qua
675 5408 856 5453 autem
910 5396 1265 5454 inexorabilis
1320 5401 1621 5456 necessitas
1659 5417 1751 5457 eas
1811 5402 1877 5456 ad

304 5488 409 5544 hoc
437 5488 606 5544 trahit
649 5505 774 5545 cum
821 5490 1199 5548 benedictione
1243 5500 1299 5548 et
1346 5492 1709 5562 permissione
1756 5494 1876 5563 ejus

375 5663 422 5696 "
454 5664 585 5720 Luc.
619 5681 694 5731 ix,
723 5667 808 5722 62.

1994 4484 2388 4555 στρεφόμενοι,
2426 4485 2521 4539 καὶ
2580 4486 2639 4539 τὸ
2688 4489 2884 4542 οἰκεῖον
2933 4490 3259 4561 ἐπάγγελμα
3306 4486 3526 4557 καθυϐρί-

1990 4573 2193 4639 ζοντες,
2225 4576 2498 4647 ὁρίζομεν,
2532 4579 2579 4630 εί
2619 4579 2716 4649 μὲν
2747 4580 3026 4652 αἱροῦνται
3074 4584 3173 4647 τὰς
3222 4582 3387 4652 κόμας
3415 4582 3524 4633 ἀπο-

1988 4666 2323 4734 κειράμενοι,
2358 4667 2419 4719 τὸ
2467 4668 2576 4722 τῶν
2631 4669 2835 4724 λοιπῶν
2896 4674 3144 4743 μοναχῶν
3203 4672 3523 4735 ἀναδέξασθαι

1989 4756 2201 4824 σχῆμα,
2239 4756 2459 4821 τούτους
2490 4760 2549 4811 ἐν
2586 4764 2933 4834 μοναστηρίῳ
2980 4767 3424 4833 ἐγκαθίστασθαι,
3449 4762 3522 4817 καὶ

1986 4849 2102 4910 τοῖς
2129 4848 2379 4918 ἀδελφοῖς
2411 4852 2873 4923 ἐγκαταλέγεσθαι
2894 4873 2908 4887 ο
2946 4861 2993 4911 εί
3041 4860 3098 4912 δὲ
3136 4862 3210 4931 μὴ
3238 4860 3386 4913 τοῦτο
3415 4874 3522 4927 προσ

1990 4940 2211 5007 έλοιντο,
2246 4945 2594 5001 παντάπασιν
2624 4948 2822 5013 αὐτοὺς
2867 4950 2975 5004 τῶν
3024 4953 3231 5006 πόλεων
3261 4952 3519 5007 ἀπελαύνε-

1991 5033 2132 5099 σθαι,
2166 5036 2259 5089 καὶ
2286 5037 2381 5101 τὰς
2409 5039 2649 5109 ἐρήμους
2679 5043 2868 5109 οἰκεῖν,
2900 5044 2960 5109 ἐξ
2986 5039 3060 5099 ὧν
3103 5046 3192 5100 καὶ
3218 5046 3311 5118 τὴν
3344 5048 3517 5098 ἐπωνυ-

1991 5125 2119 5194 μίαν
2157 5127 2367 5191 ἑαυτοῖς
2404 5129 2797 5189 ἀνεπλάσαντο.

2063 5218 2180 5287 μς’.
2218 5222 2283 5272 At
2314 5220 2405 5274 τὸν
2430 5222 2726 5291 ἀσκητικὸν
2752 5228 3072 5299 αίρούμεναι
3104 5232 3235 5302 βίον,
3255 5233 3344 5286 καὶ
3366 5233 3416 5285 ἐν
3436 5247 3515 5300 μο-

1987 5312 2260 5383 ναστηρίῳ
2288 5318 2755 5385 καταταττόμεναι
2775 5363 2788 5385 ,
2820 5324 3045 5378 καθόλου
3080 5327 3152 5397 μὴ
3179 5327 3511 5398 προῖέτωσανο

1985 5405 2034 5455 εί
2059 5403 2114 5455 δέ
2142 5421 2223 5467 τις
2259 5407 2634 5482 ἀπαραίτητος
2660 5414 2829 5477 αὑτὰς
2859 5415 3069 5488 ἀνάγκη
3114 5420 3244 5489 πρὸς
3274 5418 3414 5472 τοῦτο
3442 5414 3511 5466 ἐλ-

1986 5511 2089 5559 κοι,
2114 5499 2237 5565 μετ’
2272 5500 2522 5569 εὐλογίας
2568 5506 2660 5558 καὶ
2707 5506 3007 5580 ἐπιτροπῆς
3054 5509 3151 5578 τῆς
3204 5505 3511 5581 προεστώςης
