3766 6198
292 257 401 325 819

1102 269 1499 333 SYNTAGMA
1536 276 1923 339 CANONUM.
1949 305 2014 317 --
2038 283 2183 342 TIT.
2227 284 2332 356 ΧῘ,
2376 287 2529 348 CAP-
2576 291 2675 351 IV.

3434 295 3540 361 850

287 376 451 430 τοῦτο
477 376 863 448 πραττέτωσαν
881 395 895 410 °
931 380 1024 435 καὶ
1050 383 1170 436 τότε
1204 385 1277 456 μὴ
1309 388 1465 454 μόναι
1492 390 1616 443 καθ’
1641 393 1860 459 ἑαυτὰς,

2017 413 2088 450 uae
2122 410 2344 468 praeest,
2388 402 2491 458 hoc
2517 414 2698 475 agant,
2731 416 2968 475 tuncque
2990 422 3098 461 non
3148 407 3278 463 sola:
3326 424 3422 479 per
3456 428 3537 479 se,

285 469 428 521 ἀλλά
478 470 617 539 μετά
660 488 823 524 τινων
858 474 1229 541 πρεσϐυτίδων
1258 480 1351 532 καὶ
1381 484 1782 552 πρωτευουσῶν
1809 487 1866 541 ὲν

286 558 369 629 τῷ
416 563 794 632 μοναστηρίῳ,
835 566 951 632 μετ’
987 566 1205 637 ἐντολῆς
1262 570 1360 639 τῆς
1410 573 1864 647 καθηγουμένης·

285 650 571 712 παντελῶς
610 651 667 704 δὲ
714 655 885 717 αὐτὰς
927 655 1032 722 ἔξω
1076 661 1277 712 κοιτείν
1321 662 1420 714 οὐκ
1462 663 1700 727 ἔξεστιν·
1733 667 1869 721 ἀλλά

285 741 385 792 καὶ
414 740 607 811 ἄνδρες
640 743 689 795 οἱ
720 745 812 798 τὸν
846 748 1055 818 μονήρη
1091 748 1205 818 βίον
1231 755 1635 824 μετερχόμενοι,
1679 758 1868 829 χρείας

283 830 637 903 ἐπειγούσης,
666 836 758 888 καὶ
783 837 936 889 αὐτοὶ
969 840 1088 909 μετ’
1114 840 1364 910 εὐλογίας
1393 846 1487 899 τοῦ
1511 848 1607 919 τὴν
1634 851 1867 922 ήγουμε-

281 922 439 975 νείαν
462 924 972 997 ὲμπεπιστευμένου
1002 932 1341 1000 προῖέτωσαν
1361 951 1377 967 ⁶
1413 937 1553 993 ὥστε
1599 942 1646 994 οἱ
1687 961 1865 1015 παρα-

282 1013 569 1080 ϐαίνοντες
615 1017 705 1069 τὸν
750 1018 844 1073 νῦν
885 1021 1169 1091 ὁρισθέντα
1217 1026 1347 1096 παρ’
1376 1028 1532 1098 ἡμῶν
1563 1032 1688 1102 ὅρον
1714 1073 1728 1097 ,
1757 1013 1865 1089 εἴτε

281 1104 480 1177 ἄνδρες
526 1103 637 1161 εἷεν
685 1108 795 1162 εἴτε
844 1114 1130 1180 γυναῖκες,
1184 1118 1513 1190 προσφόροις
1571 1124 1866 1194 ἐπιτιμίοις

282 1194 776 1267 ὑποϐληθήτωσαν.

281 1288 333 1338 Σ
340 1280 558 1341 υτὸδου
666 1290 764 1369 καί
799 1290 858 1355 β’
880 1299 1407 1369 συγκροζηθείσης
1450 1304 1520 1355 ἐν
1552 1308 1865 1361 Κωνσταν-

356 1360 698 1440 amyntas:
727 1360 1069 1440 ῥητῷ.νώ
1086 1360 1427 1440 rorante
1471 1360 1865 1432 Ἀποστόλων

360 1425 566 1480 κανὼν
603 1427 683 1496 β’,,
701 1428 771 1498 γ’,
797 1432 860 1497 δ’,
882 1425 956 1486 γε’.

358 1516 427 1585 β’.
465 1518 678 1590 Ἐπειδὴ
701 1538 845 1585 τινες
874 1523 971 1577 τὸν
997 1527 1209 1599 μονήρη
1242 1528 1354 1599 βίον
1379 1531 1702 1591 ὑποδύεσθαι
1728 1555 1860 1608 σχη-

279 1608 628 1678 ματίζονται,
656 1614 753 1683 οὐχ
785 1615 872 1668 ἵνα
904 1617 1022 1687 Θεῷ
1053 1619 1309 1691 καθαρῶς
1339 1622 1658 1679 δουλεύωσιν
1677 1667 1691 1691 ,
1737 1629 1863 1682 ἀλλ’

1969 489 2065 542 sed
2104 504 2226 544 cum
2265 493 2539 563 aliquibus
2573 497 2791 562 vetulis,
2844 508 2898 553 et
2939 514 3061 568 qua;
3104 500 3158 553 in
3212 503 3540 557 monasterio

1970 582 2158 650 primae
2193 584 2321 648 sint,
2356 602 2478 641 cum
2528 588 2787 644 mandato
2826 590 2943 657 ejus
2981 605 3103 659 qua;
3142 590 3392 656 praefecte
3432 602 3539 649 est.

1968 671 2058 727 Eis
2086 685 2266 728 autem
2305 678 2529 733 omnino
2560 689 2714 733 extra
2749 680 2948 735 cubare
2991 697 3099 735 non
3146 680 3291 736 licet.
3337 679 3443 737 Sed
3487 691 3542 738 et

1968 765 2094 828 viri,
2123 766 2217 835 qui
2252 767 2419 822 vitam
2458 771 2815 826 monasticam
2849 781 3278 841 persequuntur,
3314 785 3542 844 urgente

1970 857 2297 914 necessitate
2326 867 2382 913 et
2423 860 2527 930 ipsi
2563 877 2686 916 cum
2720 862 3097 917 benedictione
3137 863 3277 932 ejus,
3313 863 3404 919 cui
3452 879 3541 919 re—

1969 947 2148 1015 gimen
2194 950 2460 1005 creditum
2512 960 2617 1015 est,
2671 954 2989 1021 procedant.
3032 953 3397 1020 Quamobrem
3446 956 3541 1026 qui

1971 1045 2446 1113 transgrediuntur
2475 1046 2550 1111 id,
2585 1048 2729 1116 quod
2764 1058 2848 1103 est
2886 1064 3031 1105 nunc
3077 1063 3109 1103 a
3158 1050 3315 1106 nobis
3350 1051 3540 1130 decre-

1971 1142 2107 1196 tum,
2155 1135 2270 1189 sive
2309 1138 2419 1191 sint
2447 1137 2571 1204 viri,
2601 1139 2716 1194 sive
2763 1141 3041 1209 mulieres,
3089 1132 3540 1199 convenientibus

1910 1228 1915 1233 '
1967 1223 2145 1289 poenis
2183 1223 2564 1293 subjiciantur.

1967 1310 2195 1390 Congilii
2235 1315 2394 1380 primi
2437 1325 2485 1390 et
2555 1319 2783 1390 secundi
2820 1318 3283 1390 Constantinopoli
3334 1322 3388 1375 in
3431 1324 3539 1378 teda

2078 1378 2401 1435 Sanctorum
2437 1386 2807 1450 Apostolorum
2851 1406 3076 1445 canones
3104 1378 3178 1457 ἓξ
3200 1392 3255 1457 5,
3288 1394 3343 1456 4,
3381 1392 3431 1447 5.

2035 1542 2089 1595 2.
2127 1542 2395 1608 Quoniam
2443 1547 2688 1602 nonnulli
2733 1549 2899 1604 vitam
2946 1552 3304 1608 monasticam
3350 1554 3539 1609 subire

1968 1644 2078 1698 prae
2132 1649 2191 1687 se
2245 1632 2469 1698 ierunt,
2520 1652 2626 1690 non
2676 1646 2734 1693 ut
2786 1638 2896 1694 Deo
2957 1656 3090 1710 pure
3143 1643 3403 1708 serviant,
3445 1646 3540 1700 sed

280 1700 375 1753 ἵνα
399 1704 464 1771 τῇ
490 1704 776 1775 σεμνότητι
798 1707 890 1761 τοῦ
912 1710 1189 1780 σχήματος
1212 1710 1369 1778 δόξαν
1394 1715 1679 1780 εὐλαϐείας
1696 1736 1860 1790 προσ-

2017 1732 2029 1775 ι
2071 1731 2292 1791 propter
2328 1725 2550 1781 habitus
2576 1700 3187 1800 honestatem-pietatis
3226 1736 3536 1803 opinionem

278 1790 513 1857 λάϐωσι,
545 1796 640 1848 καὶ
694 1798 803 1851 τῶν
850 1800 1064 1854 οἰκείων
1101 1804 1347 1857 ἐντεῦθεν
1376 1808 1578 1876 ἡδονῶν
1628 1810 1858 1881 ἄφθονον

278 1884 559 1954 εὑρήσωσι
609 1887 712 1959 τὴν
747 1891 1078 1947 ἀπόλαυσιν·
1129 1896 1236 1949 τῶν
1281 1899 1483 1968 τριχῶν
1530 1902 1637 1973 γὰρ
1685 1904 1862 1972 μόνων

277 1976 381 2045 τὴν
407 1977 678 2051 ἀποϐολὴν
704 1982 1035 2052 ποιούμενοι,
1060 1987 1117 2041 ἐν
1137 1990 1250 2051 τοῖς
1278 1990 1500 2055 οἰκείοις
1527 1992 1693 2055 οἴκοις
1716 2012 1859 2066 παρ-

278 2068 584 2136 ιδρεύουσι,
632 2073 901 2144 μηδεμίαν
952 2078 1059 2130 τῶν
1111 2081 1363 2149 μοναχῶν
1415 2084 1860 2155 ἀποπληροῦντες

277 2158 606 2213 ἀκολουθίαν
652 2161 683 2230 ἣ
735 2164 1066 2220 κατάστασιν
1089 2183 1103 2198 ·
1141 2169 1340 2240 ὥρισεν
1369 2175 1401 2244 η
1435 2176 1569 2243 ἁγία
1621 2180 1855 2244 σύνοδος,

280 2251 491 2321 μηδένα
512 2253 621 2307 τῶν
644 2255 897 2309 ἁπάντων
918 2257 1009 2312 τοῦ
1035 2262 1327 2331 μοναχικοῦ
1353 2267 1629 2335 σχήματος
1651 2270 1855 2337 ἀξιοῦν,

274 2342 410 2396 ἄνευ
442 2347 745 2415 παρουσίας
791 2348 883 2401 τοῦ
938 2350 1241 2418 ὀφείλοντος
1271 2356 1435 2409 αὐτὸν
1470 2360 1548 2421 είς
1582 2360 1858 2431 ὑποταγὴν

278 2431 665 2501 ἀναδέχεσθαι,
698 2440 791 2490 καὶ
842 2438 941 2509 τὴν
989 2440 1075 2492 ἐπ’
1104 2442 1253 2511 αὑτῷ
1280 2446 1575 2515 ἠγεμονίαν
1618 2450 1711 2502 καὶ
1757 2450 1859 2519 τῆς

267 2524 522 2594 ψυχικῆς
568 2526 728 2581 αὐτοῦ
777 2531 1053 2599 σωτηρίας
1082 2534 1181 2605 τὴν
1214 2536 1471 2606 πρόνοιαν
1521 2538 1857 2608 ἐπαγγέλλε-

268 2613 429 2679 σθαι,
466 2616 657 2687 άνδρὸς
706 2618 946 2689 δηλονότι
999 2622 1283 2692 θεοφιλοῦς
1335 2625 1509 2696 ὄντος,
1540 2630 1635 2683 καὶ
1692 2634 1858 2703 μονῆς

267 2707 699 2776 προεστηκότος,
734 2709 829 2763 καὶ
879 2713 1062 2765 ἱκανοῦ
1114 2715 1307 2779 σώζειν
1344 2717 1520 2789 ψυχὴν
1550 2722 1751 2792 ἀρτίως
1779 2725 1858 2797 τῷ

267 2797 504 2868 Χριστῷ
538 2803 957 2874 προσαγομένην
977 2821 988 2835 ·
1023 2807 1071 2858 εί
1101 2806 1157 2860 δέ
1181 2826 1266 2872 τις
1296 2813 1572 2884 φωραθείη
1618 2816 1855 2870 ἀποκου-

269 2889 457 2955 ρεύων
483 2891 604 2947 τινὰ
632 2894 796 2963 χωρὶς
825 2898 1123 2965 παρουσίας
1151 2899 1246 2952 τοῦ
1281 2904 1360 2965 είς
1390 2905 1668 2975 ὑποταγὴν
1698 2909 1860 2963 αὑτὸν

269 2980 589 3047 ὀρείλοντος
612 2985 1016 3055 ἀναλαμϐάνειν
1039 2992 1364 3061 ἡγουμένου,
1397 2997 1586 3052 τοῦτον
1610 3001 1706 3069 μὲν
1727 3000 1859 3053 καθ-

271 3090 337 3125 αι
349 3072 491 3142 ρέσει
522 3076 1044 3145 καθυποϐάλλεσθαι,
1070 3083 1141 3146 ώς
1165 3086 1491 3141 ἀπειθοῦντα
1512 3092 1624 3154 τοῖς
1648 3092 1852 3158 κανόσι,

271 3166 378 3217 καὶ
408 3166 506 3234 τὴν
539 3169 838 3240 μοναχικὴν
860 3172 1110 3237 εὐταξίαν
1137 3176 1420 3232 διαλύοντα
1444 3198 1458 3212 ·
1482 3182 1574 3234 τὸν
1597 3183 1652 3235 δὲ
1678 3200 1856 3253 παρα-

270 3253 456 3321 λόγως
485 3256 577 3309 καὶ
608 3259 855 3322 ἀτάκτως
884 3262 1376 3334 ἁποκουρευθέντα,
1409 3269 1467 3321 ἐν
1496 3270 1740 3341 ὑποταγῇ
1764 3272 1859 3323 καὶ

274 3347 652 3418 μοναστηρίῳ,
681 3351 740 3401 ὲν
771 3345 813 3417 ᾧ
842 3352 907 3404 ἂν
937 3355 963 3405 ό
984 3356 1124 3407 κατὰ
1154 3356 1244 3409 τὸν
1270 3358 1431 3412 τόπον
1455 3359 1750 3425 ἐπίσκοπος
1770 3361 1858 3414 δο-

274 3435 514 3507 κιμάσῃ,
550 3440 966 3508 παραδίδοσθαι·
1000 3444 1056 3495 αί
1088 3445 1196 3514 γὰρ
1224 3445 1437 3517 ἄκριτοι
1482 3448 1575 3501 καὶ
1627 3451 1857 3519 ἐπισφα-

273 3526 391 3588 λεῖς
421 3528 723 3598 ἀποκουραὶ
743 3569 758 3593 ,
794 3532 887 3584 καὶ
916 3533 975 3584 τὸ
1009 3536 1300 3605 μοναχικὸν
1329 3538 1511 3609 σχῆμα
1549 3540 1855 3610 ἠτίμωσαν,

274 3617 378 3669 καὶ
406 3618 464 3670 τὸ
494 3619 586 3671 τοῦ
613 3620 851 3690 Χριστοῦ
881 3622 1051 3693 ὄνομα
1077 3624 1516 3699 βλασφημεϊσθαι
1551 3633 1854 3703 πεποιήκα-

276 3725 391 3762 σιν.

351 3894 426 3961 γ’.
471 3894 584 3947 Καὶ
628 3895 786 3950 τοῦτο
823 3898 1012 3963 κακῶς
1044 3901 1434 3971 πραττόμενον,
1466 3905 1606 3957 κατά
1635 3907 1768 3957 πολὺ
1801 3907 1856 3958 δὲ

272 3987 461 4055 χεῖρον
499 3988 802 4058 παροράσει
827 3992 923 4043 καὶ
952 3991 1180 4063 ἀμελείᾳ
1211 3996 1735 4065 παραπεμπόμενον,
1760 4015 1854 4049 τυ-

274 4077 395 4144 χεῖν
420 4076 610 4145 ἐκρίθη
642 4078 979 4150 διορθώσεως
999 4097 1015 4111 ο
1047 4080 1133 4134 ἵνα
1179 4081 1234 4134 εῐ
1276 4099 1358 4146 τις
1391 4084 1559 4154 μονῆς
1592 4087 1856 4156 προϊστά-

279 4180 467 4234 μενος,
495 4168 619 4229 τοὺς
648 4167 738 4222 ὑπ’
771 4168 918 4239 αὐτῷ
945 4172 1308 4239 τεταγμένους
1356 4176 1621 4243 μοναχοὺς
1673 4176 1858 4228 ἀποδι-

274 4253 649 4324 δράσκοντας,
682 4258 743 4311 οὑ
777 4260 918 4327 μετά
954 4261 1152 4332 πολλῆς
1178 4264 1277 4333 τῆς
1304 4264 1619 4333 ἐπιμελείας
1656 4266 1857 4335 ἀναζη-

1971 1823 2402 1883 consequantur,
2446 1826 2500 1871 et
2526 1833 2587 1872 ea
2623 1821 2834 1875 ratione
2881 1823 3115 1891 propriis
3169 1824 3540 1895 voluptatibus

1971 1906 2192 1961 uberius
2245 1906 2494 1962 fruantur
2535 1909 2798 1978 (solorum
2850 1914 2996 1968 enim
3042 1913 3275 1983 pilorum
3322 1915 3537 1985 jactura

1965 1996 2147 2063 facta,
2196 2001 2431 2069 propriis
2472 2000 2729 2058 domibus
2776 2005 3041 2071 assident,
3100 2006 3302 2061 nullam
3342 2022 3539 2063 mona-

1966 2088 2196 2143 chorum
2236 2091 2360 2145 vitae
2395 2076 2945 2162 administrationem,
2976 2096 3060 2149 vel
3086 2098 3536 2153 constitutionem

1966 2178 2293 2246 implentcs),
2327 2183 2516 2235 statuit
2540 2192 2730 2236 sancta
2763 2184 3026 2253 synodus,
3056 2198 3126 2238 ne
3154 2185 3294 2238 ullus
3323 2200 3389 2239 ex
3418 2198 3539 2239 om-

1966 2269 2128 2323 nibus
2202 2271 2505 2325 monaslico
2557 2272 2744 2326 habitu
2802 2272 2999 2342 dignus
3046 2284 3374 2338 censeatur,
3420 2277 3538 2330 sine

1964 2360 2251 2427 praesentia
2287 2360 2443 2429 ejus,
2491 2362 2586 2431 qui
2643 2361 2791 2415 illum
2848 2362 3008 2419 debet
3048 2363 3117 2417 ad
3169 2364 3535 2421 obedientiam

1966 2450 2267 2518 suscipere,
2317 2459 2372 2504 et
2450 2468 2509 2505 se
2581 2452 2948 2522 principatum
3001 2454 3055 2507 in
3138 2454 3290 2509 illum
3343 2456 3538 2511 obten-

1967 2550 2148 2594 turum
2178 2579 2193 2604 ,
2243 2548 2298 2595 et
2349 2541 2469 2610 ejus
2520 2543 2717 2597 animae
2771 2544 2963 2599 salutis
3014 2560 3202 2599 curam
3260 2554 3536 2616 gesturum

1964 2632 2205 2700 proﬁteri
2240 2650 2255 2687 :
2284 2636 2376 2701 qui
2414 2634 2622 2689 scilicet
2650 2644 2735 2689 est
2778 2635 2863 2690 vir
2910 2636 3056 2705 pius,
3105 2646 3160 2692 et
3189 2650 3385 2708 praeest
3417 2654 3537 2693 mo-

1968 2724 2228 2789 nasterio,
2270 2733 2323 2778 et
2354 2734 2437 2779 est
2485 2726 2712 2781 idoneus
2743 2728 2809 2781 ad
2839 2727 3001 2799 365
3044 2732 3366 2785 servandam
3419 2732 3539 2785 ani-

1968 2827 2132 2877 mam,
2158 2828 2279 2881 quae
2307 2812 2417 2867 Deo
2446 2814 2689 2870 oﬁ‘ertur.
2718 2816 2773 2870 Si
2803 2819 2927 2885 quis
2956 2827 3141 2873 autem
3169 2820 3538 2889 deprehensus

1970 2902 2131 2957 fuerit
2183 2905 2417 2973 aliquem
2478 2908 2709 2962 tondens
2771 2908 2889 2963 sine
2935 2911 3219 2978 praesentia
3274 2912 3417 2981 ejus,
3444 2912 3538 2980 qui

1972 2995 2149 3061 ipsum
2189 2993 2351 3049 debet
2400 2995 2466 3049 ad
2502 2995 2868 3050 obedientiam
2928 2999 3227 3069 suscipere,
3276 3000 3536 3069 praefecti,

1970 3085 2059 3138 ille
2103 3086 2325 3154 quidem
2372 3087 2704 3156 depositioni
2754 3087 3099 3157 subjiciatur,
3150 3098 3211 3144 ut
3248 3091 3341 3159 qui
3373 3106 3541 3145 cano-

1966 3176 2127 3229 nibus
2179 3190 2285 3227 non
2335 3186 2553 3243 parcat,
2590 3186 2645 3231 et
2694 3179 3060 3233 monasticnm
3110 3179 3359 3233 ordinem
3402 3181 3542 3235 bene

1965 3267 2327 3335 compositum
2378 3268 2660 3321 dissolvat.
2728 3267 2833 3334 Qui
2900 3284 3031 3323 vero
3100 3270 3439 3336 inordinate,
3487 3279 3543 3326 et

1964 3366 2159 3426 praeter
2220 3361 2484 3412 rationem
2537 3367 2727 3414 tonsus
2765 3367 2867 3424 est,
2920 3360 2975 3413 in
3020 3361 3441 3429 subjectionem,
3481 3372 3537 3416 et

1966 3450 2380 3515 monasterium,
2419 3450 2472 3503 in
2524 3466 2634 3519 quo
2682 3451 2827 3505 illius
2879 3451 2983 3506 loci
3015 3454 3313 3523 episcopus
3346 3452 3555 3508 melius.

1965 3556 2089 3595 esse
2122 3542 2361 3608 duxerit,
2398 3543 2666 3598 tradatur.
2699 3542 2850 3597 Citra
2879 3543 3157 3614 judicium.
3184 3544 3328 3601 enim
3362 3543 3535 3611 factae,

1963 3642 2016 3686 ct
2045 3634 2347 3688 temerariae
2401 3650 2464 3689 ac
2511 3635 2814 3705 praecipites
2877 3644 3138 3701 tonsurae,
3174 3637 3536 3692 monasticum

1966 3738 2185 3793 quoque
2217 3726 2462 3781 habitum
2503 3727 2807 3795 ignominia
2831 3726 3149 3792 affecerunt,
3179 3739 3232 3783 et
3265 3739 3323 3783 ut
3370 3729 3533 3784 Chri-

1965 3816 2035 3871 sti
2071 3832 2271 3872 nomen
2306 3818 2660 3886 blasphemiis
2695 3828 3043 3888 appeteretur
3078 3819 3394 3875 eﬁ‘ecerunt.

2038 3908 2089 3959 5.
2135 3906 2191 3959 id
2227 3920 2445 3975 quoque
2479 3908 2623 3975 quod
2658 3908 2797 3961 male
2830 3908 2907 3973 ﬁt,
2945 3919 3000 3963 ct
3036 3910 3205 3962 multo
3252 3909 3406 3978 pejus
3446 3910 3541 3964 de-

1969 3998 2229 4068 spicatui,
2282 4005 2337 4050 et
2388 3997 2727 4066 negligentia:
2782 3998 3100 4061 mandatur,
3145 4000 3536 4054 correctionem

1966 4097 2214 4156 oportere
2246 4088 2467 4156 assequi
2496 4088 2802 4156 judicatum
2837 4098 2936 4141 est.
2987 4088 3043 4140 Si
3082 4088 3208 4156 quis
3257 4102 3388 4159 ergo
3442 4089 3538 4157 qui

1968 4192 2162 4252 praeest
2189 4182 2538 4249 monasterio,
2570 4196 2665 4236 eos
2696 4181 2788 4250 qui
2841 4180 2890 4235 ei
2923 4181 3155 4250 subjecti
3182 4193 3314 4237 sunt
3345 4197 3538 4237 mona-

1965 4274 2099 4328 chos
2127 4289 2235 4327 non
2272 4288 2394 4328 cum
2431 4273 2599 4327 multa
2641 4272 2922 4343 diligentia
2968 4274 3230 4343 requirat,
3264 4276 3348 4329 vel
3384 4276 3538 4330 inve-

274 4344 423 4415 τοίη,
457 4345 491 4417 ἢ
514 4348 849 4418 ἐφευρίσκων
879 4350 978 4402 οὐκ
1008 4352 1457 4423 όναλαμϐἀνοιτο,
1484 4358 1578 4409 καὶ
1601 4360 1665 4427 τῇ
1692 4374 1859 4428 προσ-

2017 4380 2120 4419 ens
2152 4378 2259 4418 non
2292 4364 2538 4431 recipiat,
2569 4371 2623 4417 et
2651 4365 3009 4418 cornveniente
3061 4365 3347 4435 lapsuique
3404 4383 3537 4422 con-

278 4435 491 4509 ηκούσῃ
526 4440 620 4491 καὶ
654 4441 973 4511 καταλλήλῳ
1008 4442 1101 4494 τοῦ
1148 4445 1486 4514 πταίσματος
1540 4449 1752 4520 ἰατρείᾳ
1804 4451 1863 4503 τὸ

278 4526 573 4595 νενοσηκὸς
608 4529 943 4582 ἀνακτᾶσθαι
995 4533 1089 4584 καὶ
1136 4534 1487 4603 ἑπιρωννύειν
1516 4538 1857 4604 ἀγωνίζοιτο,

277 4613 471 4668 τοῦτον
495 4614 746 4687 ὦρισενὴ
774 4620 905 4688 ἀγία
932 4622 1163 4685 σύνοδος,
1189 4625 1479 4696 ἀφορισμῴ
1505 4629 1821 4684 ὑποκεῖσθαι
1844 4670 1860 4687 .

280 4705 346 4758 Εἰ
367 4706 476 4778 γὰρ
492 4710 517 4761 ὁ
535 4707 689 4772 ζώων
706 4711 913 4779 ἀλόγων
930 4712 1026 4783 τὴν
1048 4717 1381 4783 προστασίαν
1402 4720 1858 4792 ὲγχειριζόμενος,

282 4797 380 4849 καὶ
405 4797 500 4850 τοῦ
528 4800 776 4870 ποιμνίου
803 4805 1148 4874 καταμελῶν,
1185 4808 1283 4861 οὑκ
1317 4810 1662 4882 ἀτιμώρητος
1693 4831 1861 4867 κατα-

279 4886 636 4955 λιμπάνεται,
670 4894 698 4944 ὁ
726 4892 833 4944 τῶν
862 4895 1098 4965 Χριστοῦ
1126 4899 1456 4968 θρεμμάτων
1485 4901 1582 4973 τὴν
1625 4920 1861 4973 ποιμαν-

280 4976 440 5050 τικήν
466 4981 641 5051 ἀρχὴν
672 4987 1144 5054 καταπιστευθεὶς,
1165 4991 1257 5044 καὶ
1290 4993 1540 5065 ῥᾳστώνῃ
1569 4996 1663 5049 καὶ
1696 4998 1861 5069 ῥᾳθυ-

283 5070 387 5143 μίᾳ
414 5071 513 5144 τὴν
542 5075 721 5129 αὐτῶν
754 5080 1027 5149 σωτηρίαν
1065 5082 1402 5152 ἀπεμπολῶν
1422 5128 1437 5152 ,
1469 5088 1585 5151 πῶς
1615 5090 1676 5143 οὐ
1707 5091 1862 5156 δίκας

281 5165 376 5217 τοῦ
416 5166 767 5238 τολμήματος
805 5174 1311 5247 εἰσπραχθήσεται;

351 5253 414 5309 δ’.
458 5260 816 5331 Πολυτρόπως
835 5266 862 5317 ὁ
887 5265 1120 5337 πονηρὸς
1140 5268 1233 5322 τοῦ
1262 5272 1554 5342 μοναχικοῦ
1584 5275 1860 5344 σχήματος

279 5347 343 5401 τὸ
372 5349 690 5419 σεϐάσμιον,
715 5355 1076 5411 ἐπονείδιστον
1103 5358 1273 5413 Θεῖναι
1304 5366 1741 5430 κατηγωνίσατοο
1766 5365 1859 5417 καὶ

281 5438 483 5509 πολλὴν
504 5435 663 5512 εὗρεν
690 5446 770 5508 είς
796 5446 953 5501 τοῦτο
984 5450 1304 5523 συνδρομὴν,
1327 5453 1424 5523 τῆς
1449 5457 1858 5526 προκατασχού-

281 5545 384 5600 σης
415 5532 680 5603 αἱρέσεως
710 5536 801 5589 τὸν
833 5540 1054 5609 καιρόν*
1098 5542 1196 5606 τὰς
1246 5544 1352 5615 γὰρ
1402 5546 1537 5609 ιδίας
1585 5549 1746 5617 μονὰς
1792 5552 1855 5619 τῇ

280 5620 495 5693 ἀνάγκη
517 5624 618 5696 τῆς
638 5626 899 5697 αἱρέσεως
923 5633 968 5683 οἱ
991 5631 1313 5699 μονάζοντες
1336 5636 1852 5706 καταλιμπάνοντες,

1962 4465 2193 4527 gruente
2227 4455 2496 4510 medicina
2538 4455 2590 4508 id
2622 4455 2764 4523 quod
2798 4456 2995 4515 morbo
3026 4454 3279 4511 aﬁ‘ectum
3311 4466 3395 4513 est
3426 4472 3535 4512 non

1965 4554 2269 4615 recuperat,
2320 4556 2376 4599 et
2424 4546 2749 4600 conﬁrmare
2776 4547 3081 4612 contendit,
3115 4548 3307 4602 statuit
3340 4557 3532 4603 sancta

1964 4637 2207 4708 synodus
2254 4652 2379 4692 eum
2424 4636 2788 4708 segregationi
2833 4638 3054 4708 subjici.
3120 4638 3175 4693 Si
3222 4640 3390 4707 enim,
3445 4641 3533 4693 cui

1963 4728 2281 4784 animalium
2332 4730 2544 4784 ratione
2606 4731 2908 4784 carentium
2954 4730 3273 4800 praefectura
3330 4730 3535 4785 credita

1963 4828 2067 4883 est,
2098 4834 2311 4890 gregem
2344 4820 2591 4889 ncgligit,
2641 4819 2694 4873 id
2741 4836 2845 4875 non
2880 4821 3101 4889 impune
3130 4820 3327 4886 aufert,
3360 4821 3406 4876 is
3434 4835 3533 4875 cu-

1959 4910 2050 4978 jus
2078 4909 2200 4964 ﬁdei
2228 4909 2430 4965 Christi
2478 4913 2697 4979 pecoris
2734 4912 3021 4981 imperium
3047 4912 3398 4967 commissum
3427 4923 3530 4975 est,

1962 5009 2016 5054 et
2091 5001 2343 5055 socordia
2413 5016 2477 5056 ac
2529 5003 2856 5073 negligentia
2910 5019 3099 5058 eorum
3161 5004 3390 5057 salutem
3441 5019 3533 5056 νος

1964 5092 2191 5157 nundat,
2242 5092 2430 5159 quidni
2489 5094 2715 5148 audacis
2753 5094 2874 5163 ejus
2925 5095 3119 5163 incepti
3168 5108 3341 5161 poena:
3369 5094 3437 5147 ab
3465 5108 3533 5148 eo

1960 5182 2290 5251 cxigenlur‘!

2030 5274 2081 5325 4.
2128 5273 2308 5327 Multis
2340 5275 2515 5329 modis
2569 5277 2837 5344 malignus
2889 5278 3250 5330 monasticum
3306 5291 3533 5331 venera-

1966 5363 2127 5417 bilem
2188 5363 2430 5417 habitum
2480 5366 2803 5436 probrosum
2866 5367 3075 5421 cﬂicere
3127 5369 3427 5433 contendit,
3479 5378 3533 5423 et

1962 5470 2216 5524 magnum
2250 5469 2367 5506 eam
2424 5458 2489 5509 ad
2528 5473 2641 5511 rem
2676 5456 2939 5511 auxilium
2992 5457 3197 5512 invenit
3232 5458 3373 5529 ejus,
3410 5474 3535 5528 qua:

1960 5548 2271 5617 praecessit,
2318 5549 2542 5603 hmresis
2579 5557 2813 5617 tempus.
2860 5547 3083 5617 Propria
3138 5550 3281 5605 enim
3334 5566 3527 5605 mona-

1958 5639 2120 5696 steria
2173 5641 2397 5696 haeresis
2450 5642 2772 5695 necessitate
2827 5642 3193 5711 relinquentes
3247 5644 3523 5707 monachi,
