3904 6220
354 324 455 391 851

1503 314 1757 377 ΡΗΟΤΙΙ
1787 312 2285 375 PATRIARCHAE
2323 312 2439 372 ΟΡ..

3459 299 3554 362 852

355 440 411 496 hi
444 438 665 509 quidem
695 437 761 494 ad
788 436 916 503 alia,
958 433 1034 489 illi
1076 446 1206 487 vero
1252 430 1415 485 etiam
1460 429 1527 483 ad
1560 426 1903 484 saecularium

2035 425 2060 477 »ί
2094 424 2189 494 μὲν
2222 425 2301 487 είς
2335 422 2547 490 ἐτέρας,
2577 419 2627 472 οι
2678 416 2736 470 δὲ
2770 410 2881 470 καὶ
2932 412 3013 477 είς
3056 409 3333 479 κοσῌικῖον
3360 406 3557 509 ἀνδριΞιν
3626 402 3627 405 “

356 531 600 586 virorum
641 527 949 587 habitacula
979 540 1039 583 se
1067 521 1490 579 transferebant.
1536 519 1912 574 Verumenim-

353 619 709 691 vero,366
748 618 893 688 quod
943 626 1075 670 tunc
1125 613 1194 669 ab
1246 611 1353 666 illis
1387 618 1606 681 propter
1658 609 1912 678 pietatem

355 711 558 767 factum
584 749 600 776 ,
652 724 748 765 eos
787 706 1088 763 laudandos
1143 704 1492 769 beandosque
1535 700 1817 766 efﬁciebat,
1857 700 1911 753 in

355 818 540 860 mores
570 811 601 857 a
633 802 841 857 ratione
870 800 1079 854 alienos
1126 810 1471 860 conversum,
1504 807 1601 848 eos
1650 792 1773 862 jure
1817 790 1914 845 de-

355 894 619 951 ridendos
670 892 853 949 efﬁcit.
883 891 1019 946 Cum
1067 889 1214 946 enim
1265 887 1381 958 jam
1416 886 1613 955 ubique
1648 892 1915 939 terrarum

355 992 648 1054 propagata
715 981 788 1036 sit
836 980 1047 1049 religio,
1082 985 1137 1032 et
1186 974 1429 1030 Ecclesia
1482 988 1513 1027 a
1558 971 1917 1028 seandalis'et

357 1072 756 1129 oﬂensionibus
783 1070 1034 1135 liberata,
1059 1066 1283 1138 quidam
1309 1064 1487 1119 adhuc
1511 1078 1542 1118 e
1571 1062 1687 1117 suis
1724 1074 1917 1115 mona-

356 1165 537 1222 steriis
564 1162 917 1228 excedentes,
969 1166 1027 1214 et
1080 1166 1335 1227 tanquam
1374 1153 1635 1208 ﬂuentum
1669 1148 1914 1220 aliquod,

357 1256 503 1326 quod
549 1254 791 1310 cohiberi
835 1268 943 1307 non
995 1256 1200 1319 potest,
1250 1259 1396 1299 nunc
1449 1243 1580 1297 illuc
1631 1256 1690 1297 se
1732 1239 1919 1296 confe-

359 1355 570 1411 rentes,
598 1353 653 1399 et
685 1343 1021 1399 confluentes
1049 1381 1065 1405 ,
1108 1336 1434 1393 monasteria
1482 1334 1700 1404 quidem
1747 1331 1917 1386 multa

360 1435 701 1491 immodestia
755 1433 991 1503 replent,
1019 1440 1073 1486 et
1122 1428 1349 1484 multam
1396 1426 1499 1481 sibi
1540 1422 1916 1480 confusionem

361 1528 825 1598 petulantiamque
846 1526 1099 1591 aderunt,
1123 1520 1550 1589 obedientiteque
1579 1518 1917 1573 honestatem

359 1620 672 1675 convellunt
716 1633 781 1675 ac
828 1617 1086 1687 perdunt.
1140 1612 1245 1669 Sed
1297 1626 1487 1670 eorum
1531 1607 1837 1665 instabilem
1866 1616 1921 1662 et

360 1724 471 1764 non
502 1707 778 1764 ferendam
818 1706 1201 1777 appetitionem
1236 1716 1491 1757 resecans
1518 1710 1707 1756 sancta
1754 1711 1921 1769 syno-

2016 515 2344 586 μετέπιπτον
2389 511 2733 579 καταγώγια·
2779 506 2914 560 ἀλλὰ
2959 503 3067 572 γὰρ
3114 502 3249 569 ὅπερ
3277 497 3449 559 αὐτοῖς
3488 496 3562 550 δι’

2015 605 2299 660 εὐσέϐειαν
2320 603 2439 656 τότε
2471 598 2861 671 πραττόμενον,
2879 588 3247 663 μακαριστοὺς
3262 586 3563 654 ἀπέφαινεν,

2014 699 2094 761 είς
2112 696 2229 758 ἔθος
2250 695 2438 762 ἄλογον
2458 683 3224 762 μεταπεσὸν,καταγελάστους
3251 676 3560 746 παρίστησν

2016 787 2292 858 πανταχοῦ
2336 786 2445 855 γὰρ
2482 783 2578 837 νῦν
2602 781 2705 851 τῆς
2737 778 3019 840 εὐσεϐείας
3048 770 3446 845 ἐξηπλωμένης,
3479 765 3566 858 καὶ

2018 856 2325 933 σκανδάλων
2354 876 2453 946 τῆς
2476 870 2799 941 Ἐκκλησίας
2844 863 3288 946 ἀπηλλαγμένης,
3317 859 3396 911 ἐτι
3435 856 3581 945 me;

2017 970 2125 1024 τῶν
2151 967 2366 1022 οίκείων
2389 944 2762 1035 μοναστηρίων
2786 944 3204 1028 ἀποφοιτῶντεξ,
3222 951 3315 1011 καὶ
3332 947 3567 1035 καθάπερ

2016 1076 2071 1113 τι
2110 1056 2287 1129 ῥεῦμα
2315 1034 2701 1118 δυσκάθεκτον,
2727 1042 2828 1104 ὧδε
2871 1047 3093 1101 κάκεῖσε
3137 1034 3570 1129 μεταγγιζόμενοί

2018 1166 2078 1202 τε
2111 1126 2221 1203 καί
2243 1144 2652 1217 μεταρῤέοντες;
2675 1138 2877 1208 πολλῆς
2904 1138 3001 1207 μὲν
3025 1135 3123 1206 τῆς
3152 1128 3419 1201 ἀκοσμίας
3440 1126 3570 1194 πλη-

2022 1239 2174 1311 ροῦσι
2203 1237 2273 1291 τά
2305 1235 2661 1307 μοναστήρια,
2683 1229 2884 1299 πολλὴν
2911 1227 2969 1280 δέ
2996 1226 3094 1295 τὴν
3123 1221 3346 1289 ἀταξίαν
3374 1219 3572 1311 ἐαυτοίς

2020 1309 2544 1398 συνεισκωμάζουσι,
2577 1324 2670 1379 καὶ
2698 1322 2799 1392 τῆς
2829 1316 3110 1386 ὑποταγῆς
3146 1313 3209 1366 τδ
3239 1310 3431 1381 σεμνὸν
3467 1309 3574 1398 διαξ

2020 1418 2198 1473 σπῶσί
2251 1396 2312 1470 τε
2364 1414 2460 1468 καὶ
2526 1409 3055 1482 καταλυμαίνονται·
3112 1401 3247 1459 ἀλλά
3295 1398 3493 1453 τούτων
3518 1396 3575 1449 τὸ

2019 1508 2251 1577 ᾄστατον
2282 1508 2383 1577 τῆς
2406 1502 2583 1575 ὁρμῆς
2616 1502 2711 1557 καὶ
2739 1498 3110 1554 ἀνυπότακτον
3137 1496 3172 1565 ἡ
3208 1491 3343 1560 ἁγία
3374 1487 3577 1555 σύνοδος

2020 1599 2421 1663 ἀνακόπτούσα,
2466 1595 2664 1667 ὥρισεν
2711 1591 2797 1646 ῐνα
2829 1588 2994 1653 εἴτις
3030 1584 3262 1660 μοναχὸς
3304 1584 3401 1653 τῆς
3450 1578 3577 1646 ἰδίας

2022 1694 2337 1766 ἀποδράσας
2384 1691 2569 1763 μονῆς,
2602 1690 2635 1760 ἢ
2668 1689 2748 1751 είς
2774 1687 2959 1757 ἕτερον
2990 1680 3270 1755 μεταπέσῃ
3318 1673 3577 1766 μοναστῆ-

358 1801 484 1863 dus,
521 1801 710 1857 statuit
737 1808 817 1866 ut,
925 1798 1047 1869 quis
1076 1796 1377 1851 monachus
1411 1809 1440 1848 a
1480 1791 1701 1863 proprio
1758 1765 1920 1844 aufu-

2035 1765 2221 1859 promi)
2270 1785 2351 1848 είς
2382 1783 2644 1854 κοσμικδν
2676 1777 3000 1849 είσκωμάσῃ
3033 1771 3401 1869 καταγώγιονῖ
3428 1765 3578 1869 αὐ-τός

362 1891 518 1962 giens
568 1890 938 1954 monasterio,
993 1888 1075 1942 vel
1120 1902 1179 1942 se
1233 1887 1289 1940 in
1337 1883 1482 1939 aliud
1529 1883 1917 1938 monasterium

361 1980 631 2044 conferat,
655 1982 738 2036 vel
802 1981 858 2035 in
911 1979 1173 2035 saeculare
1225 1975 1596 2031 habitaculum
1654 1975 1922 2045 ingredia-

362 2081 492 2138 tur,
544 2072 663 2142 ipse
718 2080 773 2127 et
835 2070 929 2140 qui
995 2085 1143 2139 eum,
1169 2068 1408 2137 suscepit
1460 2075 1770 2137 segregatus
1827 2063 1921 2128 sit,

362 2163 537 2218 donec
609 2163 702 2232 qui
749 2160 1000 2231 aufugit,
1058 2160 1113 2214 in
1166 2157 1222 2213 id
1288 2157 1677 2212 monasterium
1731 2171 1761 2210 a
1814 2169 1924 2224 quo

362 2254 609 2324 improbe
647 2262 967 2317 recesserat,
1013 2258 1342 2306 revertatur.
1375 2249 1479 2304 Sed
1531 2249 1575 2305 si
1632 2248 1922 2319 episcopus

364 2345 582 2412 quidem
637 2343 703 2398 de
747 2341 1131 2396 nonnullorum
1162 2339 1558 2394 monachorum
1618 2339 1818 2408 pietate
1867 2347 1924 2394 et

366 2436 490 2489 vitae
542 2434 809 2503 probitate
840 2433 908 2493 ab
942 2432 1151 2488 idoneis
1183 2433 1415 2489 testibus
1472 2430 1677 2485 certior
1721 2429 1920 2496 factus,

364 2522 418 2575 in
467 2520 613 2575 aliud
645 2518 1040 2575 monasterium
1075 2518 1143 2573 ad
1178 2518 1296 2588 ejus
1329 2517 1771 2574 constitutionem
1827 2532 1923 2573 eos

367 2607 661 2662 transferre
708 2605 958 2668 voluerit,
996 2604 1078 2659 vel
1111 2604 1165 2659 in
1217 2605 1435 2659 domum
1472 2604 1813 2680 saecularem,
1856 2605 1924 2660 ad

363 2716 576 2765 eorum,
624 2700 717 2769 qui
787 2700 1110 2765 inhabitant,
1151 2699 1402 2761 salutem,
1451 2697 1814 2752 traducendos
1861 2712 1957 2754 eos

2020 1855 2082 1933 τε
2120 1855 2219 1930 καί
2246 1877 2275 1929 δ
2302 1874 2487 1928 τοῦτον
2520 1871 2915 1940 ὑποδεξάμενος
2943 1863 3323 1936 ἀφωρισμένος
3350 1858 3455 1929 εἴη,
3481 1855 3578 1918 ἕως

2025 1970 2093 2024 ἀν
2107 1970 2135 2021 ὁ
2150 1964 2448 2037 ἀποφυγὼν
2477 1962 2767 2033 ἐπανέλθῃ,
2788 1960 2845 2028 ἐξ
2860 1954 2929 2031 ῆς
2943 1957 3127 2019 κακῶς
3152 1953 3378 2019 ἐξέπεσε
3403 1948 3581 2019 μονῆςε

2024 2059 2074 2113 si
2123 2058 2222 2129 μέν
2251 2074 2334 2110 τοι
2365 2073 2429 2124 γε
2460 2056 2489 2108 ὀ
2518 2051 2814 2115 ἐπίσκοπός
2858 2066 3009 2113 τινας
3049 2046 3158 2101 τῶν
3208 2040 3453 2115 μοναχῶν
3498 2037 3582 2090 ἐπὶ

2026 2150 2281 2223 εὐλαϐείᾳ
2330 2149 2426 2204 καὶ
2475 2148 2589 2219 βίου
2636 2145 2923 2217 σεμνότητι
2974 2137 3467 2213 μαρτυρουμένους,
3509 2132 3582 2223 είς

2023 2242 2209 2312 ἕτερον
2242 2222 2602 2310 μοναστήριον
2628 2237 2721 2290 ἐπὶ
2747 2234 3080 2289 καταστάσει
3111 2230 3214 2298 τῆς
3244 2226 3410 2299 μονῆς
3435 2222 3581 2291 θελή-

2030 2350 2113 2386 σοι
2147 2330 2531 2403 μετακομίσαι,
2558 2328 2593 2401 ῆ
2626 2328 2721 2382 καὶ
2750 2326 2830 2389 είς
2862 2322 3135 2394 κοσμικὴν
3162 2318 3342 2373 οἰκίαν
3367 2316 3457 2369 ἐπὶ
3484 2331 3582 2366 σω-

2027 2424 2191 2493 τηρίᾳ
2218 2422 2325 2475 τῶν
2356 2419 2706 2473 ἐνοικούντων
2732 2416 3018 2487 δοκιμάσοι
3051 2409 3410 2480 καταστῆσαι,
3434 2405 3467 2475 ἢ
3492 2403 3581 2457 άλ-

2029 2514 2224 2585 λαχόσε
2259 2513 2538 2584 εὐδοκήσοι
2565 2511 2887 2580 ἐπιστῆσαι,
2920 2504 3079 2561 τοῦτο
3105 2502 3230 2557 οὔτε
3258 2503 3383 2564 τοὺς
3406 2495 3584 2551 ὐποδε-

2032 2606 2317 2677 κομένους,
2358 2603 2481 2657 οὐτε
2507 2603 2633 2666 τούς
2668 2601 2955 2671 μοναχούς,
2986 2595 3278 2656 ὑποδίκους
3302 2590 3533 2677 ποιήσει.

2036 2676 2468 2763 censuerit,vel
2528 2696 2582 2749 in
2638 2693 2745 2748 alio
2798 2690 2993 2762 quovis
3044 2688 3168 2744 loco
3221 2676 3586 2755 praeficiendos

364 2792 578 2849 caeteris
625 2792 868 2857 duxerit,
923 2791 1028 2847 hoc
1082 2805 1257 2861 neque
1306 2789 1407 2853 iis,
1458 2788 1552 2858 qui
1591 2787 1925 2857 suscipiunt,
1965 2802 2067 2842 nec
2103 2787 2237 2857 ipsis
2288 2785 2573 2841 monachis
2620 2782 2798 2838 fraudi
2847 2780 2969 2835 erit.

438 2887 493 2941 5.
536 2886 668 2952 Quae
702 2894 923 2952 temere,
972 2894 1027 2941 et
1074 2886 1191 2940 sine
1237 2884 1445 2954 judicio
1485 2897 1551 2939 ac
1604 2880 1923 2951 probatione

2100 2881 2162 2935 ε’.
2204 2881 2315 2943 Τάς
2351 2878 2609 2950 ἀκρίτους
2640 2877 2736 2930 καὶ
2765 2872 3160 2943 ἀδοκιμάστους
3184 2863 3483 2932 ἀποταγάς,
3503 2860 3589 2914 ἐπὶ

368 2980 525 3042 fiunt,
562 2977 1018 3043 renuntiationes,
1062 2977 1207 3031 bono
1242 2974 1544 3030 monastico
1578 2973 1758 3028 ordini
1808 2986 1927 3026 ma-

2036 2972 2172 3026 πολὺ
2209 2972 2308 3041 τὴν
2339 2967 2634 3041 μοναχικὴν
2659 2965 2910 3031 εὐταξίαν
2934 2959 3337 3032 λυμαινομένας
3362 2954 3591 3025 εὑρίσκο-

366 3082 531 3135 gnum
571 3063 764 3122 aﬂ‘crre
806 3066 1205 3122 incommodum
1271 3063 1598 3119 invenimus.
1633 3062 1691 3116 in
1736 3075 1925 3116 mona-

367 3158 556 3218 sticam
609 3157 754 3211 enim
810 3158 976 3215 vitam
1030 3171 1088 3211 se
1146 3155 1306 3212 facile
1364 3155 1703 3225 injicientes,
1756 3162 1811 3208 et
1859 3151 1925 3206 ad

368 3264 619 3319 asperam
659 3256 715 3303 et
759 3246 1089 3304 laboriosam
1121 3245 1562 3304 exercitationem
1603 3258 1663 3300 se
1693 3243 1930 3313 segniter

368 3350 619 3414 gerentes
651 3383 667 3409 ,
718 3343 787 3397 ad
844 3340 1115 3396 carnalem
1203 3348 1258 3395 et
1341 3338 1699 3409 voluptariam
1759 3336 1925 3391 vitam

368 3449 564 3489 rursus
596 3433 798 3488 misere
829 3440 1200 3487 revertuntur.
1244 3429 1535 3499 Propterea
1579 3442 1709 3498 ergo
1741 3426 1931 3481 statuit

372 3533 560 3581 sancta
601 3524 873 3594 synodus,
926 3533 987 3578 ut
1043 3537 1202 3577 nemo
1249 3521 1553 3576 monastico
1606 3519 1793 3573 habitu
1849 3518 1932 3572 di-

370 3631 507 3684 gnus
564 3624 823 3685 putetur,
870 3616 1023 3684 prius
1090 3629 1254 3684 quam
1308 3612 1528 3669 triennii
1590 3622 1801 3681 tempus
1862 3612 1930 3667 ad

371 3703 758 3773 experiendum
813 3704 894 3757 eis
949 3703 1215 3764 relictum,
1251 3718 1347 3758 eos
1401 3717 1524 3758 esse
1565 3703 1827 3772 probatos
1877 3710 1932 3756 et

374 3793 466 3849 tali
525 3808 645 3850 esse
700 3793 807 3846 vita
862 3792 1057 3862 dignos
1105 3792 1266 3863 367
1330 3791 1664 3856 ostenderit;
1709 3798 1763 3846 et
1818 3791 1932 3847 luce

372 3884 520 3939 omni
581 3884 742 3938 modo
798 3882 1073 3938 observari
1113 3882 1410 3953 praecepit,
1463 3890 1820 3951 praeterquam
1886 3881 1933 3936 si

374 3976 552 4046 gravis
582 3972 781 4043 aliquis
812 3973 1035 4028 morbus
1067 3972 1311 4028 incidens
1334 3971 1666 4041 probationis
1689 3982 1930 4041 tempora

371 4061 622 4119 contrahi
674 4060 948 4131 coegerit,
1007 4061 1091 4115 vel
1152 4059 1201 4115 si
1258 4060 1499 4115 nondum
1564 4061 1688 4130 quis
1731 4062 1802 4116 sit
1851 4062 1934 4116 vir

374 4154 683 4223 religiosus,
712 4162 767 4207 et
816 4158 998 4206 tamen
1025 4153 1190 4206 vitam
1246 4151 1598 4206 monasticam
1649 4153 1702 4205 in
1745 4152 1930 4206 habitu

373 4244 619 4298 saeculari
664 4253 905 4313 peragat.
953 4241 1070 4297 Tali
1124 4243 1271 4298 enim
1322 4242 1438 4297 viro
1496 4244 1563 4298 ad
1626 4244 1931 4300 absolutam

1953 3020 1996 3083 C

2036 3082 2168 3135 μεν’
2203 3061 2490 3135 προπετῶς
2521 3060 2628 3130 γὰρ
2683 3060 2762 3122 είς
2811 3056 2903 3109 τὸν
2948 3055 3155 3124 μονήρη
3208 3050 3323 3119 βίον
3376 3043 3590 3103 ἐαυτούς

2032 3154 2464 3225 ἐπιρρίπτοντες,
2496 3152 2587 3207 καὶ
2625 3149 2759 3219 πρὸς
2785 3147 2846 3200 τὸ
2871 3146 3044 3216 τραχύ
3068 3144 3163 3196 καὶ
3192 3141 3445 3194 ἐπίπονον
3467 3149 3589 3189 κατέ

2032 3245 2420 3316 ολιγωροῦντες
2448 3244 2548 3312 τῆς
2576 3241 2883 3312 ἀσκήσεως,
2915 3238 3009 3289 ἐπὶ
3040 3235 3131 3288 τὸν
3162 3232 3485 3302 φιλόσαρκον
3504 3225 3592 3279 καὶ

2032 3337 2279 3408 ἠδονικὸν
2313 3335 2425 3405 βίον
2450 3334 2648 3395 ἀθλίως
2669 3330 2828 3385 πάλιν
2850 3326 3347 3396 ἐπαναστρέφουσιν
3364 3337 3377 3353 ⁸
3406 3319 3594 3408 ὥρισεν

2035 3406 2129 3483 οὖν
2164 3428 2252 3481 διὰ
2278 3426 2436 3479 τοῦτο
2529 3424 2660 3492 ἁγία
2695 3420 2929 3483 σύνοδος,
2968 3417 3166 3489 μηδένα
3190 3414 3287 3469 τοῦ
3317 3406 3593 3483 μοναχικοῦ

2038 3519 2425 3586 καταξιοῦσθαι
2455 3518 2752 3587 σχήματος,
2782 3512 2910 3583 πρὶν
2942 3511 3008 3565 ἂν
3038 3512 3067 3563 ὁ
3089 3510 3189 3579 τῆς
3212 3504 3451 3578 τριετίας
3478 3498 3595 3571 χρύ-

2038 3630 2126 3675 νος
2168 3612 2249 3674 είς
2280 3610 2471 3679 πεῖραν
2501 3608 2683 3668 αὐτοῖς
2712 3603 2961 3673 ἀφεθεὶς,
2990 3600 3249 3669 δοκίμους
3282 3594 3476 3655 αὐτοὺς
3507 3588 3596 3643 καὶ

2038 3704 2221 3767 ἀξίους
2249 3701 2349 3771 τῆς
2366 3698 2698 3771 τηλικαύτης
2728 3696 2907 3766 βιοτῆς
2932 3692 3261 3763 παραστήσῃ
3282 3705 3295 3718 ·
3334 3686 3426 3741 καὶ
3450 3680 3599 3741 τοῦτο

2039 3795 2262 3864 κρατεῖν
2292 3791 2453 3844 παντὶ
2481 3789 2669 3860 τρόπῳ
2698 3784 3154 3856 παρεκελεύσατο,
3186 3780 3327 3851 πλὴν
3360 3777 3407 3831 εί
3443 3774 3599 3845 μήπω

2036 3885 2121 3944 τίς
2159 3883 2350 3953 βαρεῖα
2386 3878 2768 3951 προσπεσοῦσα
2798 3878 2948 3940 νόσος
2970 3877 3061 3927 τὸν
3091 3872 3281 3943 χρόνον
3312 3866 3598 3935 ἀναγκάσει

2041 3974 2375 4042 συσταλῆναι
2403 3972 2499 4042 τῆς
2523 3969 2843 4039 δοκιμασίας
2863 3984 2876 3999 ·
2906 3967 2938 4037 ἢ
2971 3967 3019 4019 εί
3052 3965 3219 4035 μήπω
3247 3962 3331 4024 τίς
3358 3959 3443 4028 εἴη
3470 3954 3600 4024 ἀνὴρ

2042 4063 2295 4133 εὐλαϐὴς,
2332 4061 2427 4115 καὶ
2460 4060 2550 4113 τὸν
2586 4058 2871 4129 μοναχικὺν
2902 4056 3010 4126 βίον
3038 4057 3095 4107 ἐν
3119 4052 3195 4122 τῷ
3222 4046 3467 4121 κοσμικῷ
3490 4045 3601 4098 δια-

2044 4155 2186 4209 νύων
2212 4154 2479 4224 σχήματιο
2511 4151 2605 4204 ἐπὶ
2626 4150 2735 4219 γὰρ
2759 4148 2851 4202 τοῦ
2879 4146 3119 4200 τοιούτου
3142 4144 3355 4214 ἀνδρὸς,
3377 4142 3454 4202 είς
3482 4136 3602 4191 ἀπόο

2048 4263 2243 4315 πειραν
2274 4244 2509 4313 παντελῆ
2530 4242 2626 4297 καὶ
2654 4244 2681 4295 ὁ
2708 4240 3058 4311 ἐξαμηνιαῖος
3087 4235 3371 4304 ἐξαρκέσει
3396 4232 3597 4303 χρόνος·

373 4335 766 4404 experientiam
802 4343 1017 4404 tempus
1060 4345 1322 4390 semestre
1363 4334 1656 4390 suffecerit.
1715 4335 1769 4390 Si
1814 4338 1927 4403 quis

2043 4339 2089 4390 εἰ
2119 4337 2177 4389 δέ
2202 4354 2287 4397 τις
2310 4334 2459 4405 παρά
2483 4335 2651 4388 ταῦτα
2675 4330 3052 4403 διαπράξεται.
3073 4329 3163 4381 τὸν
3191 4328 3288 4397 μὲν
3309 4325 3602 4398 ἡγούμενον

374 4435 553 4477 autem
600 4431 795 4491 praeter
824 4424 940 4477 haec
983 4422 1191 4489 fecerit,
1226 4424 1513 4493 praefectus
1543 4425 1760 4495 quidem
1794 4441 1927 4495 pra:-

2039 4428 2141 4497 τῆς
2172 4426 2531 4497 ήγουμενείας
2561 4424 2927 4485 ἐκπίπτοντα,
2961 4419 3208 4474 παιδείαν
3235 4419 3334 4488 τῆς
3365 4414 3599 4479 ἀταξίας,

375 4516 587 4568 fectura
644 4514 902 4573 exeidens
937 4554 951 4577 ,
1026 4529 1303 4585 perperam
1378 4516 1650 4571 observati
1723 4516 1935 4572 ordinis

374 4606 794 4669 correctionem,
848 4606 900 4658 in
952 4608 1256 4663 obedientia
1316 4619 1371 4662 et
1400 4608 1741 4677 subiectione
1797 4624 1931 4663 con-

378 4698 739 4751 versationem
785 4697 1040 4752 inveniat.
1073 4698 1175 4765 Qui
1218 4710 1300 4755 est
1343 4712 1523 4754 autem
1572 4700 1626 4753 in
1677 4700 1784 4754 alio
1822 4714 1938 4753 mo-

377 4790 621 4843 nasterio
652 4790 973 4856 monachus,
1000 4793 1091 4847 alii
1138 4792 1472 4853 monasterio
1502 4792 1767 4860 tradatur,
1824 4791 1970 4859 quod

375 4892 577 4938 servet.

449 4972 663 5026 Textus.
702 4970 889 5027 Const.
933 4972 1025 5037 29,
1077 4973 1163 5027 tit.
1211 4973 1268 5036 5,
1308 4974 1403 5031 lib.
1437 4988 1455 5028 ι
1489 4974 1608 5029 cod.
1642 4975 1717 5029 ait
1750 4993 1763 5029 :
1825 4973 1940 5029 Soli

377 5063 723 5133 apocrisiarii
761 5064 1105 5118 monasteriis
1149 5066 1302 5120 exire
1343 5076 1398 5120 et
1440 5066 1690 5131 civitates
1734 5065 1941 5134 ingredi

377 5164 628 5224 possunt.
648 5153 752 5219 Qui
781 5154 827 5209 si
855 5153 1096 5208 docendo
1119 5163 1214 5209 aut
1235 5155 1572 5210 consulendo
1601 5170 1944 5211 commovere

378 5247 736 5316 simpliciores
780 5246 1207 5314 conspiciantur,
1258 5248 1609 5316 (astigantur.
1659 5247 1725 5301 Et
1765 5255 1941 5316 const.

380 5337 450 5391 53
485 5336 730 5406 ejusdem
767 5336 847 5390 tit.
887 5336 1026 5401 :Qni
1071 5340 1400 5390 monasteria
1442 5352 1540 5390 sua
1589 5337 1941 5404 relinquunt,

378 5444 486 5480 tmtt
529 5427 801 5495 recipiunt
843 5442 980 5495 quas
1017 5426 1083 5481 ad
1116 5426 1206 5479 illa
1254 5425 1388 5497 [res]
1436 5428 1662 5482 mobiles
1707 5429 1920 5482 adduxe

380 5528 540 5583 runt,
582 5520 955 5588 cujuscunque
991 5518 1313 5589 quantitatis
1355 5519 1576 5584 fuerint,
1634 5535 1944 5589 quanquam

383 5613 532 5666 nulla
564 5612 630 5667 de
660 5609 769 5666 illis
802 5619 1045 5666 actorum
1074 5620 1427 5667 monumenta
1454 5609 1700 5666 confecta
1737 5610 1863 5665 sint.
1887 5610 1943 5664 ln

386 5702 614 5779 [rerum]
646 5709 823 5757 autem
847 5703 1205 5759 immobilium
1231 5704 1719 5775 donationibusjus
1744 5720 1817 5761 seu
1835 5706 1943 5759 vari

2041 4521 2141 4591 τὴν
2170 4520 2227 4572 ἐν
2258 4520 2504 4588 ὑποταγῇ
2534 4516 2806 4585 διαγωγὴν
2834 4512 3178 4583 ἐφευρίσκειν
3198 4528 3211 4542 θ
3244 4510 3335 4563 τὸν
3360 4507 3415 4562 δέ
3448 4506 3603 4576 μονά-

2046 4625 2234 4676 σαντα,
2261 4610 2319 4663 ἐν
2362 4607 2525 4678 ἑτέρᾳ
2552 4609 2685 4676 μονῇ
2721 4605 2819 4675 τὴν
2850 4601 3148 4674 μοναχικὴν
3179 4599 3459 4673 ἀκρίϐειαν
3508 4612 3602 4665 φυ-

2043 4698 2307 4768 λαττούσῃ
2347 4695 2755 4768 παραδίδοσθαι.

2047 4791 2405 4847 monasticam
2450 4786 2793 4858 disciplinam
2847 4793 3101 4840 accurate
3140 4780 3482 4853 perfectethe
3511 4777 3604 4837 ob-

2128 4972 2191 5025 'H
2228 4970 2313 5025 κϐ¹
2340 4970 2479 5024 διάτ.
2507 4967 2603 5023 τοῦ
2636 4973 2686 5036 γ’
2708 4968 2812 5021 τίτ.
2848 4966 2942 5019 τοῦ
2975 4972 3024 5021 α’
3059 4964 3204 5035 βιϐλ.
3241 4960 3334 5016 τοῦ
3354 4960 3479 5015 κώδ.
3506 4976 3602 5029 φη-

2049 5060 2743 5137 σὶν,ώς,οίἀποκρισιάριοι
2769 5058 2919 5129 μόνοι
2946 5056 3198 5111 δύνανται
3218 5055 3326 5109 τῶν
3353 5067 3607 5124 μοναστη-

2055 5154 2184 5225 ρίων
2219 5151 2442 5216 ἐξιέναι,
2472 5151 2566 5205 καὶ
2594 5152 2652 5203 ἐν
2685 5152 2805 5213 ταῖς
2834 5148 3053 5203 πόλεσιν
3081 5148 3300 5201 εἰσιέναι
3319 5164 3334 5179 ·
3361 5146 3410 5198 εί
3440 5145 3495 5197 δέ
3517 5159 3608 5212 φα-

2049 5245 2181 5298 νῶσι
2217 5243 2303 5297 διὰ
2328 5242 2611 5313 δογμάτων
2640 5242 2672 5312 ἢ
2710 5240 3017 5311 συμϐουλῆς
3064 5240 3188 5303 τοὺς
3220 5237 3609 5305 ἁπλουστέρους

2052 5338 2415 5406 ταράσσοντες
2438 5375 2453 5399 ,
2484 5334 2727 5405 νομίμως
2754 5332 3174 5404 σωφρονίζονται
3196 5347 3210 5362 ο
3243 5331 3336 5384 κει)⁸
3362 5328 3501 5383 διάτ.
3532 5322 3609 5394 λη’

2052 5425 2145 5481 τοῦ
2175 5425 2341 5480 αὐτοῦ
2371 5426 2475 5479 τίτ.
2504 5426 2674 5491 ὅτι,οί
2702 5426 2768 5479 τὰ
2797 5424 2903 5478 ῐδια
2919 5425 3251 5495 μοναστήρια
3277 5416 3610 5487 καταλιμπά-

2052 5534 2255 5581 νοντες,
2280 5517 2341 5569 οὐ
2369 5515 2736 5586 λαμϐάνουσιν
2768 5518 2912 5587 άπερ
2946 5518 3127 5580 αὐτοῖς
3162 5516 3505 5585 προσήγαγον
3531 5527 3608 5563 κι-

2052 5609 2208 5679 νητὰ.
2240 5608 2575 5678 ὀσησδήποτε
2610 5609 2906 5677 ποσότητος
2953 5608 3099 5672 ὄντα,
3136 5607 3237 5660 κᾶν
3285 5604 3360 5673 μὴ
3393 5602 3609 5666 συνέστη

2054 5700 2250 5770 πρᾶξις
2278 5700 2683 5773 ὑπομνημάτων
2706 5701 2790 5755 ἐπ’
2812 5700 3019 5765 αὐτοῖς·
3054 5700 3143 5752 ἐπὶ
3168 5697 3219 5751 δὲ
3251 5700 3365 5759 ταῖς
3391 5694 3606 5767 δωρεαῖς
