3766 6198
257 230 370 294 853

1091 232 1489 294 SYNTAGMA
1523 231 1910 293 CANONUM.
1934 256 1996 268 --
2023 232 2170 293 TlT.
2208 232 2315 307 XI,
2356 233 2513 296 CAP.
2553 234 2653 295 ν.-

3312 208 3315 211 ’
3413 233 3517 295 854

263 346 378 400 τῶν
407 344 703 416 ἀκινήτων,
730 345 816 400 δεῖ
838 344 908 399 τὰ
937 345 1147 416 νόμιμα
1179 346 1543 414 φυλάττεσθαι
1561 364 1579 383 ο
1604 348 1727 401 ἐπεὶ
1748 347 1849 402 οὐκ
1878 354 1921 407 Α
1949 366 1955 398 t

2028 356 2161 402 ortet
2185 388 2201 413 ,
2230 350 2488 417 quoniam
2525 348 2601 401 illi
2635 346 2727 417 qui
2755 345 2926 411 dedit,
2963 343 3258 399 vindicatio
3290 360 3398 399 non
3432 345 3517 398 in-

262 434 483 505 ἀναιρεῖ
510 434 588 505 τῷ
612 434 982 505 δωρησαμένῳ
1008 436 1042 505 ή
1076 434 1353 505 ὶκνίκησις
1370 451 1383 466 ·
1426 435 1571 503 λέγει
1599 435 1656 489 δὲ
1682 436 1775 490 καὶ
1808 438 1842 506 ή

262 525 315 597 β’
343 525 483 583 διάτ.
529 524 625 579 τοῦ
670 532 719 580 α’
755 527 863 581 τίτ.
918 527 1027 580 τῶν
1058 526 1318 596 Νεαρῶν,
1361 526 1444 580 ὅτι
1475 527 1706 598 Προνοίᾳ
1750 527 1842 580 τοῦ

187 682 193 691 φ
257 616 568 671 ἐπισκόπου
620 617 759 688 μήτε
798 618 1022 688 μοναχοὶ
1074 618 1211 688 μήτε
1246 619 1599 691 μονάστριαι,
1636 621 1694 674 ὲν
1723 623 1846 682 ταῖς

260 708 455 762 πόλεσι
484 708 980 780 περιερχέσθωσαν,
999 710 1136 764 ἀλλὰ
1169 710 1255 763 διὰ
1278 710 1385 764 τῶν
1414 711 1847 782 ἀποκρισιαρίων

146 800 172 879 ρ.
260 801 367 865 τὰς
412 801 733 874 ἀποκρίσεις
763 801 943 856 αὐτῶν
975 801 1321 869 ποιείτωσαν,
1350 804 1409 857 ὲν
1431 805 1545 867 τοῖς
1575 819 1849 874 μοναστηο

184 904 191 910 ’
265 892 409 962 ρίοις
442 892 725 962 μένοντες·
765 892 1163 964 μεθισταμένου
1188 893 1246 947 δὲ
1278 892 1512 964 μοναχοῦ
1553 894 1634 958 είς
1680 909 1849 966 μονα-

262 986 495 1055 στήριον
535 984 743 1056 ἕτερον,
773 985 918 1057 ἆπερ
963 985 1078 1057 ἔχει
1104 986 1403 1058 πράγματα
1432 990 1490 1041 ὲν
1516 986 1595 1059 τῷ
1625 987 1847 1055 ἐξιέναι,

260 1075 349 1143 τῷ
378 1077 581 1149 πρώτῳ
614 1077 963 1150 μοναστηρίῳ
982 1076 1261 1150 διαφέρει·
1283 1078 1556 1148 ἀνάγνωθι
1578 1079 1636 1134 δὲ
1659 1080 1754 1135 καὶ
1780 1081 1849 1137 τὰ

263 1170 791 1241 παραγεγραμμένα
816 1171 875 1225 ὲν
907 1171 986 1241 τῷ
1005 1178 1053 1225 α’
1076 1188 1201 1242 κεφ.
1224 1171 1320 1227 τοῦ
1345 1170 1510 1225 αὑτοῦ
1539 1171 1646 1227 τίτ.
1678 1174 1771 1227 καὶ¹
1790 1173 1849 1227 ὲν

259 1259 352 1329 τῷ
388 1259 467 1331 λβ¹
505 1277 631 1332 κεφ.
677 1260 772 1316 τοῦ
828 1262 871 1316 θ’
921 1263 1027 1319 τίτ.
1066 1262 1160 1317 τοῦ
1216 1261 1483 1334 παρόντος
1540 1262 1849 1333 συντάγμαο

263 1367 389 1416 τος.

342 1497 597 1553 ΚΕΦΑΛ.
624 1498 700 1555 E'.
726 1526 795 1537 —
823 1499 964 1566 Περὶ
990 1498 1095 1552 τοῦ
1113 1497 1198 1568 μὴ
1223 1497 1431 1570 γαμεῖν
1450 1498 1779 1569 μοναχοὺςι
1808 1500 1848 1569 ἢ

263 1590 440 1649 τισίν
482 1590 563 1657 ὡς
590 1589 880 1660 ἀδελφαῖς
907 1588 1183 1645 συνεῖναι
1201 1630 1217 1657 ,
1240 1588 1391 1659 μήτε
1423 1591 1530 1656 τὰς
1561 1590 1849 1661 ἐπαγγελ-

263 1680 537 1753 λομένας
573 1684 902 1751 παρθενίαν
928 1682 1152 1752 ἑτέροις
1180 1685 1509 1739 συνοικεῖν.

588 1808 858 1866 Συνόδου
894 1809 1173 1879 Ἀγκύρας
1207 1812 1407 1863 κανὼν
1446 1806 1529 1863 ιθ’.

343 1933 434 1989 ιϐ’.
459 1933 614 1989 Ὅσοι
642 1934 969 2005 παρθενείαν
995 1934 1452 2006 ἐπαγγελλόμενοι
1474 1934 1726 1989 ἀθετοῢσι
1750 1933 1851 2006 τὴν

265 2024 625 2095 ἐπαγγελίαν,
664 2025 755 2078 τὸ)
780 2024 886 2079 τῶν
915 2025 1162 2095 διγάμων
1191 2026 1316 2097 ὅρον
1345 2025 1807 2098 ὲκπληρούτωσαν
1836 2042 1848 2055 ’

263 2119 371 2180 τὰς
396 2117 579 2188 μέντοι
602 2116 1000 2190 συνερχομένας
1033 2117 1335 2189 παρθένους
1356 2120 1497 2174 τισὶν
1518 2118 1593 2185 ὡς
1614 2117 1851 2188 ἀδελφὰς

265 2204 448 2259 ὲκωλύ
456 2221 647 2276 σαμεν.

538 2420 812 2477 Συνόὸου
847 2420 1233 2491 Χαλκηδόνος
1270 2422 1470 2478 κανὼν
1508 2431 1599 2488 ις’.

344 2552 445 2611 ις’,
483 2544 757 2618 Παρθένρν
787 2545 986 2617 ἑαυτὴν
1012 2545 1307 2602 ἀναθεῖσαν
1331 2546 1409 2618 τῷ
1436 2517 1684 2619 Δεσπότῇ
1706 2548 1848 2618 Θεῷ.

260 2652 324 2691 κ.
373 2653 426 2691 τ.
458 2633 512 2691 λ.

402 2758 675 2814 Evr-660v
713 2760 1132 2831 οικουμενικῆς
1170 2768 1224 2827 ς’
1260 2728 1462 2817 κανὼν
1501 2762 1602 2834 μδ¹,
1630 2766 1735 2835 μζκ

350 2885 457 2956 μδ¹.
493 2884 741 2957 Μοναχδς
785 2887 879 2940 ἐπὶ
930 2887 1157 2961 πορνείᾳ
1206 2888 1386 2956 ἁλοὺς,
1421 2889 1455 2961 ἥ
1504 2890 1642 2961 πρὸς
1673 2890 1852 2962 γάμου

260 2976 561 3033 κοινωνίαν
589 2978 681 3031 καὶ
708 2978 1009 3048 συμϐίωσιν
1034 2981 1267 3047 γυναῖκα
1295 2980 1582 3049 ἀγόμενος,
1610 2982 1722 3045 τοῖς
1750 2982 1859 3035 τῶν

264 3069 649 3139 πορνευόντων
691 3069 986 3141 ἐπιτιμίοις
1019 3069 1161 3125 κατὰ
1189 3071 1317 3133 τοὺς
1357 3070 1585 3133 κανόνας
1618 3070 1854 3141 ὑποδλη-
1883 3054 1927 3111 C

268 3160 532 3230 Θήσεται.

354 3290 461 3359 μζ’.
501 3290 657 3359 Μήτε
684 3290 743 3342 ὲν
766 3288 991 3360 ἀνδρῴῳ
1022 3289 1373 3361 μοναστηρίῳ
1416 3289 1577 3361 γυνὴ,
1611 3290 1751 3362 μήτε
1798 3293 1858 3345 ὲν

270 3382 580 3453 γυναικείῳ
609 3383 747 3452 ἀνὴρ
774 3382 1082 3437 καθευδέτω
1103 3400 1117 3414 ’
1146 3384 1345 3447 παντὸς
1364 3384 1473 3455 γὰρ
1495 3385 1858 3455 προσκόμμα-

270 3492 375 3538 τος
424 3474 519 3528 καὶ
568 3474 862 3528 σκανδάλου
892 3475 996 3539 ἔξω
1049 3470 1187 3529 εῖναι
1218 3476 1299 3529 δεῖ
1328 3477 1455 3538 τοὺς
1485 3478 1730 3543 πιστοὺς,
1763 3476 1862 3530 καὶ

274 3568 421 3640 πρὸς
453 3567 514 3620 τὸ
546 3565 818 3637 εὔσχημον
868 3568 965 3621 καὶ
1018 3567 1377 3637 εὐπρόσεδρον
1424 3566 1501 3638 τῷ
1532 3568 1722 3638 Κυρίῳ
1769 3567 1860 3619 τὸν

275 3658 497 3713 ἑαυτῶν
529 3658 827 3722 εὐθετίζειν
860 3656 1008 3727 βίον²
1039 3660 1087 3711 εί
1124 3658 1182 3710 δέ
1214 3675 1299 3721 τις
1322 3656 1477 3709 τοῦτο
1505 3656 1724 3727 πράξοι,
1754 3656 1864 3711 εἴτε

277 3750 549 3821 κληρικὺς
586 3750 673 3820 εῐη
712 3750 822 3802 εἴτε
858 3749 1065 3815 λαῖκὸς,
1104 3747 1468 3819 ἀφοριζέσθω.

632 3873 956 3932 Βασιλείου
995 3874 1195 3933 κανὼν
1233 3874 1319 3939 ιϐ’,
1347 3879 1415 3939 κ’,
1443 3871 1505 3937 ξ’.

357 4006 446 4061 ιθ’.
483 4003 715 4075 ’Δνδρῶν
744 4004 801 4058 δὲ
826 4002 1116 4073 ὁμολογίας
1139 4002 1240 4056 οὐκ
1265 4000 1694 4070 ἔγνωμεν,λπλὴν
1718 4000 1765 4053 εί
1789 3999 1864 4071 μή

278 4114 433 4161 ⁴ιιινες
462 4096 689 4157 ἑαυτοὺς
722 4094 811 4165 ττῷ
843 4094 1085 4162 τάγματι
1132 4091 1244 4147 τῶν
1291 4091 1630 4163 μοναζόντων
1670 4092 1868 4155 ὲγκατ-

282 4187 623 4258 ηρίθμησαν,
651 4187 701 4239 οἳ
733 4185 875 4239 κατὰ
910 4185 973 4238 τὸ
1006 4183 1397 4255 σιωπώμενον,
1440 4182 1654 4236 δοκοῦσι
1688 4198 1869 4253 παρα-

1947 439 2095 494 terit.
2135 439 2274 493 Dicit
2301 454 2434 494 vero
2462 440 2628 493 etiam
2656 451 2834 496 const.
2865 438 2920 506 2,
2954 438 3038 492 tit.
3078 438 3097 490 ι
3128 436 3471 491 Novellarum
3503 454 3516 490 :

1946 528 2294 586 Providentia
2341 531 2579 599 episcOpi
2619 545 2796 602 neque
2833 529 3083 584 monachi
3120 543 3295 598 neque
3328 542 3521 581 mona-

1948 618 2097 672 striae
2126 619 2180 672 in
2211 618 2522 672 civitatibus
2550 618 3006 681 circumerranto,
3028 618 3123 671 sed
3152 616 3208 670 in
3242 624 3517 669 monaste-

1947 706 2045 761 riis
2074 716 2376 772 manentes,
2399 722 2496 776 per
2536 705 2921 776 apocrisiarios
2957 704 3342 773 respondente.
3384 702 3519 765 Cum

1948 797 2250 853 monachus
2284 798 2340 852 in
2387 798 2531 852 aliud
2564 796 2956 853 monasterium
2990 795 3359 863 transmigrat,
3382 808 3520 863 quas

1948 904 2034 946 res
2068 890 2258 945 habuit
2290 906 2415 946 cum
2448 891 2846 961 ingrederetur,
2884 890 2950 944 ad
2974 888 3212 959 primum
3245 895 3522 941 monaste—

1950 981 2092 1037 rium
2118 981 2412 1053 pertinent.
2439 981 2613 1053 Legas
2643 996 2863 1052 quoque
2897 996 3020 1051 quae
3060 981 3117 1035 in
3152 979 3171 1031 1
3204 993 3324 1048 cap.
3359 978 3522 1048 hujus

1951 1072 2036 1128 tit.
2066 1079 2122 1128 et
2151 1072 2207 1127 in
2245 1087 2366 1144 cap.
2394 1073 2485 1139 52,
2513 1074 2595 1129 tit.
2622 1073 2656 1129 9
2687 1074 2975 1145 praesentis
3002 1071 3185 1143 operis
3221 1070 3523 1141 perscripta

1948 1166 2103 1219 sunt.

2019 1481 2188 1554 368
2216 1482 2372 1539 CAP.
2408 1483 2472 1541 V.
2499 1513 2569 1535 —.-
2597 1484 2677 1541 Ne
2706 1489 2946 1542 monachi
2974 1489 3197 1556 nubant,
3223 1505 3385 1560 neque
3412 1506 3529 1544 cum

1951 1571 2220 1641 quibusvis
2256 1584 2510 1645 tanquam
2555 1577 2826 1632 sororibus
2857 1592 3253 1650 congregemur.
3296 1580 3433 1637 Item
3463 1598 3525 1635 ne

1877 1696 1920 1751 Β
1953 1664 2307 1733 virginitatem
2346 1666 2595 1735 professa:
2619 1684 2736 1722 cum
2762 1670 2887 1723 viris
2916 1670 3173 1725 habitent.

2323 1792 2551 1848 ϐοηθείίὶ
2581 1794 2852 1865 Ancyrani
2881 1812 3052 1850 canon
3080 1797 3166 1852 19.

2028 1917 2117 1975 19.
2154 1920 2479 1992 Quicunque
2516 1923 2882 1995 virginitatem
2935 1925 3287 1996 proﬁtentes,
3319 1926 3532 1997 profes-

1956 2011 2166 2068 sionem
2194 2027 2350 2067 suam
2383 2014 2593 2070 irritam
2622 2015 2892 2083 reddunt,
2941 2017 2977 2072 ii
3018 2018 3363 2088 bigamorum
3394 2016 3531 2073 defi-

1954 2103 2214 2158 nitionem
2272 2104 2553 2174 impleant.
2604 2105 2850 2177 Virgines
2896 2107 3115 2177 quidem
3176 2118 3361 2174 certe,
3406 2123 3530 2163 cum

1953 2195 2280 2265 quibusdam
2329 2204 2587 2267 tanquam
2620 2213 2744 2253 cum
2787 2199 3054 2256 fratribus
3101 2201 3531 2270 congrediuntur

1956 2284 2357 2354 prohibuimus.

2230 2415 2455 2470 Concilii
2489 2415 2927 2473 Chalcedonensis
2961 2434 3130 2473 canon
3160 2418 3245 2473 l6.

2024 2541 2110 2598 i6.
2152 2540 2426 2611 Virginem
2460 2557 2582 2613 quae
2609 2558 2669 2598 se
2695 2542 2925 2598 Domino
2949 2543 3058 2599 Deo
3082 2542 3377 2607 dedicavit,
3404 2551 3529 2608 etc.,

1952 2641 2012 2687 ut
2038 2648 2160 2703 pag.
2193 2633 2321 2688 754.

2184 2738 2409 2797 Concilii
2441 2743 2744 2797 tecumenici
2770 2759 2823 2799 vr
2854 2758 3080 2797 canones
3106 2741 3197 2810 M,
3227 2742 3320 2797 47.

2031 2869 2119 2923 ιι.
2165 2867 2467 2924 Monachus
2520 2868 2905 2927 fornicationis
2955 2870 3262 2937 convictus,
3308 2869 3391 2925 vel
3439 2870 3537 2938 qui

1963 2959 2030 3014 ad
2068 2958 2406 3016 matrimonii
2451 2962 2896 3018 communionem
2943 2962 3176 3033 vitaeque
3218 2961 3534 3018 societatem

1963 3064 2189 3104 uxorem
2224 3050 2398 3115 duxit,
2434 3050 2824 3105 fornicatorum
2855 3053 3029 3121 poenis
3054 3052 3353 3108 secundum
3372 3066 3536 3106 cano-

1964 3153 2062 3196 nes
2089 3139 2431 3208 subiicietur.

2038 3263 2129 3318 47.
2170 3261 2359 3333 Neque
2394 3263 2595 3319 mulier
2618 3266 2672 3319 in
2701 3264 2946 3320 virorum
2983 3266 3332 3331 monasterio,
3367 3280 3540 3334 neque

1966 3355 2050 3411 vir
2080 3354 2138 3410 in
2167 3356 2457 3410 mulierum
2487 3355 2739 3411 coenobio
2774 3357 3026 3411 dormiat.
3055 3356 3222 3412 Extra
3247 3358 3542 3412 offendicu-

1967 3450 2081 3504 lum
2108 3450 2252 3503 enim
2286 3459 2341 3503 et
2366 3450 2684 3504 scandalum
2711 3449 2893 3504 lideles
2921 3463 3041 3504 esse
3060 3458 3294 3518 Oportet,
3319 3460 3371 3504 et
3393 3451 3458 3504 ad
3490 3451 3541 3504 id

1970 3539 2114 3607 quod
2134 3539 2393 3595 decorum
2424 3555 2489 3595 ac
2522 3540 2833 3604 honestum,
2868 3541 3087 3610 Deoque
3114 3550 3351 3610 gratum,
3374 3543 3539 3596 vitam

1969 3646 2125 3687 suam
2156 3646 2508 3701 componere.
2540 3632 2595 3685 Si
2645 3632 2771 3701 quis
2802 3641 2986 3687 autem
3035 3634 3138 3688 hoc
3178 3630 3388 3699 fecerit,
3432 3635 3545 3690 sive

1971 3721 2044 3778 sit
2072 3721 2327 3786 clericus,
2356 3721 2472 3777 sive
2507 3722 2702 3789 laicus,
2735 3732 3071 3793 segregetur.

2357 3847 2553 3906 Βατίιῆ
2580 3864 2808 3905 canones
2834 3849 2920 3917 i9,
2945 3849 3036 3918 20,
3062 3847 3152 3904 60.

2045 3977 2135 4033 i9.
2176 3976 2431 4033 Virorum
2472 3968 2671 4032 autem
2702 3976 3069 4047 professiones
3113 3991 3222 4032 non
3272 3974 3545 4041 novimus,

1973 4078 2332 4137 praeterquam
2355 4067 2401 4122 si
2426 4069 2517 4137 qui
2541 4084 2599 4122 se
2626 4068 2729 4136 ipsi
2756 4068 3155 4121 monachorum
3180 4068 3358 4123 ordini
3379 4067 3548 4123 ascri-

1976 4160 2220 4228 pserint:
2253 4159 2345 4229 qui
2390 4159 2610 4228 quidem
2630 4160 2800 4212 tacite
2824 4159 2994 4212 vitam
3025 4158 3267 4212 caelibem
3296 4157 3550 4213 videntur

284 4249 541 4348 έεχεσθαι
573 4249 673 4347 τῆν
704 4276 949 4343 ἀγαμίαν
970 4291 985 4309 ·
1022 4274 1162 4346 πλὴν
1188 4249 1285 4341 καὶ
1315 4274 1403 4328 ἐπ’
1430 4273 1673 4338 ἐκείνων,
1695 4249 1871 4326 ἐκεῖνο

2028 4252 2302 4320 iscepisse.
2328 4249 2717 4304 Verumtamen
2748 4250 2800 4304 in
2830 4250 2936 4305 illis
2963 4264 3182 4320 quoque
3203 4249 3337 4305 illud
3354 4251 3551 4321 opinor

283 4366 530 4439 ἠγοῦμαι
559 4366 919 4437 προηγεῖσθαι
954 4370 1284 4438 προσήκειν,
1319 4365 1625 4435 ἐρωτᾶσθαι
1673 4364 1870 4427 αὐτοὺς

289 4460 394 4515 καὶ
418 4459 792 4530 λαμϐάνεσθαι
820 4460 922 4529 τὴν
950 4459 1078 4530 παρ’
1106 4457 1287 4512 αὐτῶν
1310 4457 1602 4528 ὁμολογίαν
1630 4456 1832 4526 ἐναργῆ
1850 4472 1862 4484 ·

1981 4343 2230 4412 praemitti
2276 4354 2549 4413 oportere,
2583 4352 2642 4397 ut
2688 4341 2791 4412 ipsi
2840 4342 3268 4413 interrogentur,
3317 4342 3552 4412 accipia-

1978 4446 2176 4506 turque
2207 4449 2395 4491 eorum
2448 4433 2717 4505 professio
2771 4434 2920 4488 clara
2971 4448 3034 4489 ac
3076 4436 3407 4504 perspicua,
3471 4446 3549 4501 ut,

287 4554 435 4607 ὥστε
470 4526 689 4605 ἐπειδὰν
720 4526 1105 4622 μετατίθενται
1134 4548 1272 4621 πρὸς
1296 4526 1389 4604 τόν
1419 4547 1749 4617 φιλόσαρκον
1774 4545 1869 4601 καὶ

2028 4545 2095 4583 ιω
2127 4544 2185 4583 se
2230 4528 2296 4583 ad
2342 4526 2693 4582 libidinosam
2728 4535 2782 4582 et
2816 4526 3177 4596 voluptariam
3216 4527 3381 4581 vitam
3421 4541 3551 4582 con-

287 4644 539 4717 ἡδονικὸν
568 4644 705 4716 βίον,
720 4616 764 4698 -ὑ
775 4643 973 4713 πάγειν
998 4616 1196 4706 αὐτοὺς
1240 4641 1319 4713 τῷ
1359 4616 1469 4693 τῶν
1498 4616 1869 4708 πορνευόντων

2028 4619 2258 4684 :rterint,
2302 4633 2497 4676 eorum
2539 4619 2633 4689 qui
2683 4617 3029 4675 fornicamur
3076 4618 3349 4689 punitioni
3379 4616 3547 4686 subji-

290 4712 581 4807 έπιτιμίῳ.
869 4712 876 4713 7
1292 4712 1297 4713 ν

2032 4720 2213 4766 antur.

2040 4822 2206 4893 369
2222 4822 2313 4877 20.
2353 4820 2700 4893 Quaecunque
2722 4820 2977 4879 mulieres
2999 4837 3124 4877 cum
3161 4828 3347 4877 essent
3368 4819 3420 4871 in
3440 4817 3552 4871 hac-

1969 4916 2077 4970 resi
2113 4913 2472 4983 virginitatem
2504 4913 2764 4984 professae
2788 4922 2936 4979 sunt,
2970 4922 3102 4978 etc.,
3126 4921 3181 4965 ut
3220 4925 3342 4980 pag.
3373 4906 3499 4962 6l9.

364 4852 437 4902 κ’.
460 4846 624 4900 Ὅσαι
646 4846 902 4916 γυναῖκες
921 4845 980 4899 ἐν
1000 4842 1211 4915 αίρὲσει
1233 4841 1389 4898 οὖσαι
1413 4838 1710 4913 παρθενίαν
1726 4835 1873 4907 ὡμοη

291 4936 559 5008 λόγησαν,
588 4954 644 4991 κ.
673 4953 726 4991 τ.
758 4936 810 4990 λ.

183 4966 219 4999 ,1,

470 5000 862 5116 ἸΙ-παρθενίαν
882 5042 1303 5114 ὡμολογήσασα,
1321 5026 1751 5094 καίὲκπεσόὖσα
1774 5024 1873 5109 τῆς

2046 5023 2136 5079 60.
2179 5022 2312 5091 Quae
2354 5024 2723 5095 virginitatem
2753 5024 3020 5094 professa,
3062 5037 3092 5075 τι
3140 5035 3242 5076 suo
3282 5017 3553 5089 promisso

298 5110 657 5203 ἐπαγγελίας,
694 5133 786 5188 τὸν
821 5110 1013 5204 χρόνον
1040 5110 1135 5185 τοῦ
1169 5133 1263 5185 ἐπὶ
1290 5131 1389 5200 τῆς
1427 5129 1669 5202 μοιχείας
1696 5131 1877 5200 ἁμαρ.

2034 5131 2130 5187 psa
2174 5126 2275 5184 est,
2305 5118 2514 5188 peccati
2559 5116 2813 5172 adulterii
2850 5126 3064 5184 tempus
3111 5112 3165 5167 in
3209 5110 3555 5167 continentia:

193 5200 200 5268 λ
296 5200 544 5298 τήματος
566 5228 623 5283 ὲν
647 5229 714 5298 τῇ
743 5200 1027 5296 οἰκονομία
1066 5226 1163 5294 τῆς
1197 5224 1317 5277 καθ’
1342 5200 1540 5293 ἑαυτὴν
1570 5222 1714 5292 ζωῆς
1745 5222 1880 5291 πλη-

2028 5208 2302 5278 raascripto
2357 5208 2674 5278 complebit.
2728 5206 2876 5261 Idem
2921 5213 2975 5259 ct
3025 5203 3080 5257 in
3122 5202 3189 5259 iis
3242 5202 3337 5273 qui
3385 5200 3563 5255 vitam.

190 5340 204 5351 ι
304 5297 472 5386 ρώσει
493 5328 508 5344 ·
535 5313 596 5367 τὸ
626 5297 759 5368 αὐτὸ
802 5314 896 5367 καὶ
925 5315 1020 5367 ὲπὶ
1043 5313 1151 5366 τῶν
1182 5312 1296 5383 βίον
1332 5312 1674 5382 μοναζόντων
1703 5312 1880 5378 ἐπαγ-

2028 5300 2345 5355 ιοηοειίοοηι
2379 5299 2607 5370 professi
2644 5306 2771 5353 sunt
2796 5304 2852 5353 et
2889 5297 3164 5351 labuntur.

200 5456 205 5461 .
302 5405 646 5477 γειλαμένων
672 5408 768 5462 καὶ
797 5405 1193 5462 ἐκπιπτόντων.

2061 5508 2237 5575 chas
2272 5523 2392 5574 quae
2424 5513 2680 5560 annotata
2722 5502 2923 5575 suntin
2977 5513 3097 5571 cap.
3145 5498 3233 5561 14,
3280 5496 3358 5550 lit.
3408 5493 3457 5557 8,
3505 5499 3556 5544 et

376 5517 677 5598 Ἀνόιγνωθι
716 5517 786 5572 τὰ
812 5519 1326 5589 παραγεγραμμένοι
1356 5514 1414 5568 ἒν
1445 5512 1521 5619 tu?
1562 5512 1656 5595 τοῦ
1702 5513 1749 5583 η’
1777 5514 1880 5568 τίτ.

394 5604 517 5650 κεφ.
546 5605 643 5641 του
679 5590 939 5650 παρόντος
975 5588 1380 5650 συντάγματος,
1422 5602 1515 5637 κα.
1542 5600 1615 5650 τῳ
1644 5584 1721 5637 κθ¹
1759 5599 1877 5650 κεφ.

2061 5512 2237 5575 chas
2272 5523 2392 5574 quae
2424 5513 2680 5560 annotata
2722 5512 2923 5557 suntin

2028 5596 2111 5650 ap.
2142 5580 2233 5644 29,
2264 5578 2344 5634 tit.
2374 5579 2408 5634 9
2436 5574 2716 5646 praesentis
2745 5571 2941 5639 oneris.

306 5583 643 5712 ιδίκῖφζοξοῦ
679 5583 939 5662 παρόντος
975 5583 1380 5657 συντάγματος,
1422 5583 1515 5637 καὶ
1542 5583 1615 5653 τῷ
1644 5584 1721 5637 κθ¹
1759 5599 1877 5655 xeo.

306 5673 402 5712 του
471 5664 483 5685 ’
523 5674 626 5712 τ.τ.

306 5664 402 5715 τοῦ
438 5664 483 5712 θ’
523 5664 626 5713 ﬁt.
