  <div class='ocr_page' id='page_1' title='image "/cluster/home/n/w/nwhite01/storage/ocr_20150623/104 pt.4/mdp.39015061931229/437.png"; bbox 0 0 3766 6198; ppageno 0'>
   <div class='ocr_carea' id='block_1_1' title="bbox 273 1364 581 1426">
    <p class='ocr_par' dir='ltr' id='par_1_1' title="bbox 273 1364 581 1426">
     <span class='ocr_line' id='line_1_1' title="bbox 273 1364 581 1426; baseline 0.013 -9"><span class='ocrx_word' id='word_1_1' title='bbox 273 1365 318 1426; x_wconf 71' lang='lat'><strong>,,&#39;</strong></span> <span class='ocrx_word' id='word_1_2' title='bbox 373 1364 581 1421; x_wconf 86' lang='lat' dir='ltr'><strong>balneo.</strong></span> 
     </span>
    </p>
   </div>
   <div class='ocr_carea' id='block_1_2' title="bbox 366 3467 1290 3535">
    <p class='ocr_par' dir='ltr' id='par_1_2' title="bbox 366 3467 1290 3535">
     <span class='ocr_line' id='line_1_2' title="bbox 366 3467 1290 3535; baseline 0.002 -16"><span class='ocrx_word' id='word_1_3' title='bbox 366 3472 742 3534; x_wconf 76' lang='lat' dir='ltr'><strong>promovetur,</strong></span> <span class='ocrx_word' id='word_1_4' title='bbox 766 3475 898 3529; x_wconf 90' lang='lat' dir='ltr'><strong>etc.,</strong></span> <span class='ocrx_word' id='word_1_5' title='bbox 922 3474 979 3517; x_wconf 82' lang='lat' dir='ltr'><strong>ut</strong></span> <span class='ocrx_word' id='word_1_6' title='bbox 1005 3480 1126 3535; x_wconf 88' lang='lat' dir='ltr'><strong>pag.</strong></span> <span class='ocrx_word' id='word_1_7' title='bbox 1165 3467 1290 3522; x_wconf 76' lang='lat'><strong>78‘2.</strong></span> 
     </span>
    </p>
   </div>
   <div class='ocr_carea' id='block_1_3' title="bbox 383 208 3571 321">
    <p class='ocr_par' dir='ltr' id='par_1_3' title="bbox 383 208 3571 321">
     <span class='ocr_line' id='line_1_3' title="bbox 383 208 3571 321; baseline 0.003 -11"><span class='ocrx_word' id='word_1_8' title='bbox 383 256 495 321; x_wconf 72' lang='lat'><strong>355</strong></span> <span class='ocrx_word' id='word_1_9' title='bbox 1535 253 1797 315; x_wconf 88' lang='lat' dir='ltr'><strong>PHOTII</strong></span> <span class='ocrx_word' id='word_1_10' title='bbox 1835 208 2332 318; x_wconf 58' lang='lat' dir='ltr'><strong>PATRIARCM</strong></span> <span class='ocrx_word' id='word_1_11' title='bbox 2363 258 2472 319; x_wconf 71' lang='grc' dir='ltr'>οι».</span> <span class='ocrx_word' id='word_1_12' title='bbox 3498 254 3571 318; x_wconf 75' lang='grc' dir='ltr'><strong>ιιι</strong></span> 
     </span>
    </p>
   </div>
   <div class='ocr_carea' id='block_1_4' title="bbox 450 357 1944 442">
    <p class='ocr_par' dir='ltr' id='par_1_4' title="bbox 450 366 1944 440">
     <span class='ocr_line' id='line_1_4' title="bbox 450 366 1944 440; baseline -0.002 -14"><span class='ocrx_word' id='word_1_13' title='bbox 450 368 606 427; x_wconf 79' lang='lat' dir='ltr'><strong>CAP.</strong></span> <span class='ocrx_word' id='word_1_14' title='bbox 642 368 733 425; x_wconf 86' lang='lat' dir='ltr'><strong>Vl.</strong></span> <span class='ocrx_word' id='word_1_15' title='bbox 763 398 833 415; x_wconf 84' lang='lat'><strong>--</strong></span> <span class='ocrx_word' id='word_1_16' title='bbox 860 367 936 423; x_wconf 79' lang='lat' dir='ltr'><strong>De</strong></span> <span class='ocrx_word' id='word_1_17' title='bbox 980 367 1250 425; x_wconf 79' lang='lat' dir='ltr'><strong>monachis</strong></span> <span class='ocrx_word' id='word_1_18' title='bbox 1287 366 1604 425; x_wconf 76' lang='lat' dir='ltr'><strong>sodalitates</strong></span> <span class='ocrx_word' id='word_1_19' title='bbox 1638 370 1715 424; x_wconf 80' lang='lat' dir='ltr'><strong>vel</strong></span> <span class='ocrx_word' id='word_1_20' title='bbox 1758 370 1944 440; x_wconf 78' lang='lat' dir='ltr'><strong>conju-</strong></span> 
     </span>
    </p>
   </div>
   <div class='ocr_carea' id='block_1_5' title="bbox 2082 357 3599 442">
    <p class='ocr_par' dir='ltr' id='par_1_5' title="bbox 2121 357 3599 442">
     <span class='ocr_line' id='line_1_5' title="bbox 2121 357 3599 442; baseline -0.001 -16"><span class='ocrx_word' id='word_1_21' title='bbox 2121 373 2373 429; x_wconf 81' lang='grc' dir='ltr'><strong>ΚΕΦΑΛ.</strong></span> <span class='ocrx_word' id='word_1_22' title='bbox 2411 375 2504 441; x_wconf 71' lang='grc' dir='ltr'><strong>ς’.</strong></span> <span class='ocrx_word' id='word_1_23' title='bbox 2536 401 2604 414; x_wconf 90' lang='grc'><strong><em>-</em></strong></span> <span class='ocrx_word' id='word_1_24' title='bbox 2632 371 2771 440; x_wconf 74' lang='grc' dir='ltr'>Περὶ</span> <span class='ocrx_word' id='word_1_25' title='bbox 2816 368 3118 442; x_wconf 69' lang='grc' dir='ltr'>ιιοναχᾶιν’</span> <span class='ocrx_word' id='word_1_26' title='bbox 3139 367 3459 426; x_wconf 74' lang='grc' dir='ltr'><strong>ποιούντων</strong></span> <span class='ocrx_word' id='word_1_27' title='bbox 3484 357 3599 438; x_wconf 62' lang='grc' dir='ltr'><strong>φιτ-ἶ</strong></span> 
     </span>
    </p>
   </div>
   <div class='ocr_carea' id='block_1_6' title="bbox 382 452 1944 547">
    <p class='ocr_par' dir='ltr' id='par_1_6' title="bbox 382 459 984 529">
     <span class='ocr_line' id='line_1_6' title="bbox 382 459 984 529; baseline 0 -16"><span class='ocrx_word' id='word_1_28' title='bbox 382 463 617 516; x_wconf 82' lang='lat' dir='ltr'><strong>rationes</strong></span> <span class='ocrx_word' id='word_1_29' title='bbox 649 459 984 529; x_wconf 71' lang='lat' dir='ltr'><strong>facientibus.</strong></span> 
     </span>
    </p>
   </div>
   <div class='ocr_carea' id='block_1_7' title="bbox 2082 452 3600 547">
    <p class='ocr_par' dir='ltr' id='par_1_7' title="bbox 2082 452 3600 547">
     <span class='ocr_line' id='line_1_7' title="bbox 2082 452 3600 547; baseline -0.001 -27"><span class='ocrx_word' id='word_1_30' title='bbox 2082 465 2217 534; x_wconf 74' lang='lat' dir='ltr'><strong>plac</strong></span> <span class='ocrx_word' id='word_1_31' title='bbox 2246 465 2284 535; x_wconf 82' lang='grc' dir='ltr'><strong>ἣ</strong></span> <span class='ocrx_word' id='word_1_32' title='bbox 2310 464 2723 534; x_wconf 75' lang='grc' dir='ltr'><strong>συνωμοσίας.</strong></span> 
     </span>
    </p>
   </div>
   <div class='ocr_carea' id='block_1_8' title="bbox 658 549 1944 623">
    <p class='ocr_par' dir='ltr' id='par_1_8' title="bbox 658 549 1680 606">
     <span class='ocr_line' id='line_1_8' title="bbox 658 549 1680 606; baseline -0.001 0"><span class='ocrx_word' id='word_1_33' title='bbox 658 550 884 606; x_wconf 86' lang='lat' dir='ltr'><strong>Concilii</strong></span> <span class='ocrx_word' id='word_1_34' title='bbox 912 549 1354 606; x_wconf 72' lang='lat' dir='ltr'><strong>Chalcedonensis</strong></span> <span class='ocrx_word' id='word_1_35' title='bbox 1384 567 1553 606; x_wconf 87' lang='lat' dir='ltr'><strong>canon</strong></span> <span class='ocrx_word' id='word_1_36' title='bbox 1592 550 1680 605; x_wconf 78' lang='grc'><strong>18.</strong></span> 
     </span>
    </p>
   </div>
   <div class='ocr_carea' id='block_1_9' title="bbox 2082 549 3606 623">
    <p class='ocr_par' dir='ltr' id='par_1_9' title="bbox 2314 552 3606 623">
     <span class='ocr_line' id='line_1_9' title="bbox 2314 552 3606 623; baseline -0.004 -12"><span class='ocrx_word' id='word_1_37' title='bbox 2314 555 2587 611; x_wconf 82' lang='grc' dir='ltr'>Συνόδου</span> <span class='ocrx_word' id='word_1_38' title='bbox 2623 553 3016 623; x_wconf 68' lang='grc' dir='ltr'><strong>Χαλκηδόνος</strong></span> <span class='ocrx_word' id='word_1_39' title='bbox 3053 552 3256 608; x_wconf 72' lang='grc' dir='ltr'><em>κανὼν</em></span> <span class='ocrx_word' id='word_1_40' title='bbox 3292 558 3380 622; x_wconf 85' lang='grc' dir='ltr'>ιη’.</span> <span class='ocrx_word' id='word_1_41' title='bbox 3599 560 3606 574; x_wconf 67' lang='grc'>⁸</span> 
     </span>
    </p>
   </div>
   <div class='ocr_carea' id='block_1_10' title="bbox 446 641 1944 722">
    <p class='ocr_par' dir='ltr' id='par_1_10' title="bbox 446 641 1944 712">
     <span class='ocr_line' id='line_1_10' title="bbox 446 641 1944 712; baseline -0.003 -15"><span class='ocrx_word' id='word_1_42' title='bbox 446 642 535 697; x_wconf 79' lang='lat' dir='ltr'><strong>l8.</strong></span> <span class='ocrx_word' id='word_1_43' title='bbox 574 641 981 712; x_wconf 87' lang='lat' dir='ltr'><strong>Conjurationis</strong></span> <span class='ocrx_word' id='word_1_44' title='bbox 1004 642 1089 698; x_wconf 87' lang='lat' dir='ltr'><strong>vel</strong></span> <span class='ocrx_word' id='word_1_45' title='bbox 1126 642 1428 699; x_wconf 73' lang='lat' dir='ltr'><strong>sodalitatis</strong></span> <span class='ocrx_word' id='word_1_46' title='bbox 1460 641 1667 697; x_wconf 83' lang='lat' dir='ltr'><strong>crimen</strong></span> <span class='ocrx_word' id='word_1_47' title='bbox 1693 681 1709 708; x_wconf 91' lang='lat'><strong>,</strong></span> <span class='ocrx_word' id='word_1_48' title='bbox 1730 648 1861 707; x_wconf 86' lang='lat' dir='ltr'><strong>etc.,</strong></span> <span class='ocrx_word' id='word_1_49' title='bbox 1894 650 1944 694; x_wconf 80' lang='lat' dir='ltr'><strong>ut</strong></span> 
     </span>
    </p>
   </div>
   <div class='ocr_carea' id='block_1_11' title="bbox 2082 641 3574 722">
    <p class='ocr_par' dir='ltr' id='par_1_11' title="bbox 2123 642 3574 722">
     <span class='ocr_line' id='line_1_11' title="bbox 2123 642 3574 722; baseline -0.002 -19"><span class='ocrx_word' id='word_1_50' title='bbox 2123 655 2213 722; x_wconf 81' lang='grc' dir='ltr'><strong>ιη’.</strong></span> <span class='ocrx_word' id='word_1_51' title='bbox 2254 648 2329 702; x_wconf 83' lang='grc' dir='ltr'><strong>Τὸ</strong></span> <span class='ocrx_word' id='word_1_52' title='bbox 2359 648 2459 717; x_wconf 86' lang='grc' dir='ltr'>τῆς</span> <span class='ocrx_word' id='word_1_53' title='bbox 2494 647 2839 718; x_wconf 79' lang='grc' dir='ltr'><strong>συνωμοσίας</strong></span> <span class='ocrx_word' id='word_1_54' title='bbox 2888 646 2924 719; x_wconf 80' lang='grc' dir='ltr'>ἢ</span> <span class='ocrx_word' id='word_1_55' title='bbox 2974 644 3210 716; x_wconf 78' lang='grc' dir='ltr'>φατρίας</span> <span class='ocrx_word' id='word_1_56' title='bbox 3263 642 3574 717; x_wconf 76' lang='grc' dir='ltr'>ἐγκλημα,ιι</span> 
     </span>
    </p>
   </div>
   <div class='ocr_carea' id='block_1_12' title="bbox 373 728 1944 802">
    <p class='ocr_par' dir='ltr' id='par_1_12' title="bbox 373 728 661 802">
     <span class='ocr_line' id='line_1_12' title="bbox 373 728 661 802; baseline -0.003 -18"><span class='ocrx_word' id='word_1_57' title='bbox 373 744 499 802; x_wconf 89' lang='lat' dir='ltr'><strong><em>pag.</em></strong></span> <span class='ocrx_word' id='word_1_58' title='bbox 535 728 661 785; x_wconf 85' lang='lat'><strong>750.</strong></span> 
     </span>
    </p>
   </div>
   <div class='ocr_carea' id='block_1_13' title="bbox 2082 728 2185 802">
    <p class='ocr_par' dir='ltr' id='par_1_13' title="bbox 2082 740 2185 795">
     <span class='ocr_line' id='line_1_13' title="bbox 2082 740 2185 795; baseline -0.01 0"><span class='ocrx_word' id='word_1_59' title='bbox 2082 760 2102 795; x_wconf 58' lang='grc' dir='ltr'><strong>ν.</strong></span> <span class='ocrx_word' id='word_1_60' title='bbox 2134 740 2185 794; x_wconf 89' lang='grc' dir='ltr'><strong>λ.</strong></span> 
     </span>
    </p>
   </div>
   <div class='ocr_carea' id='block_1_14' title="bbox 669 818 1643 875">
    <p class='ocr_par' dir='ltr' id='par_1_14' title="bbox 669 818 1643 875">
     <span class='ocr_line' id='line_1_14' title="bbox 669 818 1643 875; baseline -0.002 0"><span class='ocrx_word' id='word_1_61' title='bbox 669 818 898 875; x_wconf 78' lang='lat' dir='ltr'><strong>Concilit</strong></span> <span class='ocrx_word' id='word_1_62' title='bbox 927 820 1234 875; x_wconf 71' lang='lat' dir='ltr'><strong>aecumsnici</strong></span> <span class='ocrx_word' id='word_1_63' title='bbox 1263 833 1317 873; x_wconf 74' lang='lat' dir='ltr'><strong>vr</strong></span> <span class='ocrx_word' id='word_1_64' title='bbox 1348 834 1520 873; x_wconf 83' lang='lat' dir='ltr'><strong>canon</strong></span> <span class='ocrx_word' id='word_1_65' title='bbox 1552 818 1643 873; x_wconf 67' lang='grc'><strong>34.</strong></span> 
     </span>
    </p>
   </div>
   <div class='ocr_carea' id='block_1_15' title="bbox 447 908 1950 976">
    <p class='ocr_par' dir='ltr' id='par_1_15' title="bbox 447 908 1950 976">
     <span class='ocr_line' id='line_1_15' title="bbox 447 908 1950 976; baseline 0 -11"><span class='ocrx_word' id='word_1_66' title='bbox 447 910 539 965; x_wconf 74' lang='lat'><strong>34.</strong></span> <span class='ocrx_word' id='word_1_67' title='bbox 580 909 754 966; x_wconf 89' lang='lat' dir='ltr'><strong>Porro</strong></span> <span class='ocrx_word' id='word_1_68' title='bbox 785 921 968 966; x_wconf 87' lang='lat' dir='ltr'><strong>autem</strong></span> <span class='ocrx_word' id='word_1_69' title='bbox 996 925 1122 967; x_wconf 90' lang='lat' dir='ltr'><strong>cum</strong></span> <span class='ocrx_word' id='word_1_70' title='bbox 1151 918 1206 965; x_wconf 92' lang='lat' dir='ltr'><strong>et</strong></span> <span class='ocrx_word' id='word_1_71' title='bbox 1226 909 1331 965; x_wconf 88' lang='lat' dir='ltr'><strong>hoc</strong></span> <span class='ocrx_word' id='word_1_72' title='bbox 1360 924 1535 965; x_wconf 90' lang='lat' dir='ltr'><strong>canon</strong></span> <span class='ocrx_word' id='word_1_73' title='bbox 1571 908 1950 976; x_wconf 82' lang='lat' dir='ltr'><strong>sacerdotalis,</strong></span> 
     </span>
    </p>
   </div>
   <div class='ocr_carea' id='block_1_16' title="bbox 374 1003 928 1073">
    <p class='ocr_par' dir='ltr' id='par_1_16' title="bbox 374 1003 928 1073">
     <span class='ocr_line' id='line_1_16' title="bbox 374 1003 928 1073; baseline 0.005 -18"><span class='ocrx_word' id='word_1_74' title='bbox 374 1010 509 1067; x_wconf 74' lang='lat' dir='ltr'><strong>etc.,</strong></span> <span class='ocrx_word' id='word_1_75' title='bbox 545 1011 603 1055; x_wconf 84' lang='lat' dir='ltr'><strong>ut</strong></span> <span class='ocrx_word' id='word_1_76' title='bbox 632 1019 755 1073; x_wconf 85' lang='lat' dir='ltr'><strong><em>pag.</em></strong></span> <span class='ocrx_word' id='word_1_77' title='bbox 796 1003 928 1059; x_wconf 90' lang='lat'><strong>798.</strong></span> 
     </span>
    </p>
   </div>
   <div class='ocr_carea' id='block_1_17' title="bbox 447 1094 1952 1171">
    <p class='ocr_par' dir='ltr' id='par_1_17' title="bbox 447 1094 1952 1171">
     <span class='ocr_line' id='line_1_17' title="bbox 447 1094 1952 1171; baseline 0.007 -25"><span class='ocrx_word' id='word_1_78' title='bbox 447 1094 590 1164; x_wconf 78' lang='lat' dir='ltr'><strong>Lege</strong></span> <span class='ocrx_word' id='word_1_79' title='bbox 621 1111 742 1165; x_wconf 78' lang='lat' dir='ltr'><strong>quae</strong></span> <span class='ocrx_word' id='word_1_80' title='bbox 770 1095 1031 1151; x_wconf 85' lang='lat' dir='ltr'><strong>adnotata</strong></span> <span class='ocrx_word' id='word_1_81' title='bbox 1061 1103 1192 1153; x_wconf 88' lang='lat' dir='ltr'><strong>sunt</strong></span> <span class='ocrx_word' id='word_1_82' title='bbox 1217 1096 1272 1150; x_wconf 91' lang='lat' dir='ltr'><strong>in</strong></span> <span class='ocrx_word' id='word_1_83' title='bbox 1306 1110 1429 1167; x_wconf 87' lang='lat' dir='ltr'><strong><em>cap.</em></strong></span> <span class='ocrx_word' id='word_1_84' title='bbox 1465 1097 1557 1163; x_wconf 81' lang='grc'><strong>57,</strong></span> <span class='ocrx_word' id='word_1_85' title='bbox 1594 1098 1677 1152; x_wconf 90' lang='lat' dir='ltr'><strong>tit.</strong></span> <span class='ocrx_word' id='word_1_86' title='bbox 1710 1098 1745 1153; x_wconf 88' lang='lat'><strong>9</strong></span> <span class='ocrx_word' id='word_1_87' title='bbox 1784 1099 1952 1171; x_wconf 84' lang='lat' dir='ltr'><strong>hujus</strong></span> 
     </span>
    </p>
   </div>
   <div class='ocr_carea' id='block_1_18' title="bbox 372 1200 577 1242">
    <p class='ocr_par' dir='ltr' id='par_1_18' title="bbox 372 1200 577 1242">
     <span class='ocr_line' id='line_1_18' title="bbox 372 1200 577 1242; baseline 0.024 -5"><span class='ocrx_word' id='word_1_88' title='bbox 372 1200 577 1242; x_wconf 76' lang='lat' dir='ltr'><strong>ODPI‘IS.</strong></span> 
     </span>
    </p>
   </div>
   <div class='ocr_carea' id='block_1_19' title="bbox 410 1200 1949 1335">
    <p class='ocr_par' dir='ltr' id='par_1_19' title="bbox 410 1200 1949 1335">
     <span class='ocr_line' id='line_1_19' title="bbox 447 1201 577 1242; baseline 0.046 -6"><span class='ocrx_word' id='word_1_89' title='bbox 447 1201 504 1237; x_wconf 78' lang='lat' dir='ltr'><strong>er</strong></span> <span class='ocrx_word' id='word_1_90' title='bbox 565 1229 577 1242; x_wconf 94' lang='lat'><strong>.</strong></span> 
     </span>
     <span class='ocr_line' id='line_1_20' title="bbox 410 1200 1949 1335; baseline 0.003 -6"><span class='ocrx_word' id='word_1_91' title='bbox 410 1200 597 1331; x_wconf 52' lang='lat' dir='ltr'><strong>pCASP.</strong></span> <span class='ocrx_word' id='word_1_92' title='bbox 634 1273 749 1332; x_wconf 80' lang='lat' dir='ltr'><strong>VII.</strong></span> <span class='ocrx_word' id='word_1_93' title='bbox 778 1307 849 1318; x_wconf 91' lang='lat'><strong>—</strong></span> <span class='ocrx_word' id='word_1_94' title='bbox 876 1275 959 1333; x_wconf 87' lang='lat' dir='ltr'><strong>Ne</strong></span> <span class='ocrx_word' id='word_1_95' title='bbox 991 1280 1073 1335; x_wconf 84' lang='lat' dir='ltr'><strong>vir</strong></span> <span class='ocrx_word' id='word_1_96' title='bbox 1096 1279 1353 1334; x_wconf 84' lang='lat' dir='ltr'><strong>asceticus</strong></span> <span class='ocrx_word' id='word_1_97' title='bbox 1390 1294 1510 1333; x_wconf 84' lang='lat' dir='ltr'><strong>cum</strong></span> <span class='ocrx_word' id='word_1_98' title='bbox 1554 1280 1770 1334; x_wconf 77' lang='lat' dir='ltr'><strong>muliere</strong></span> <span class='ocrx_word' id='word_1_99' title='bbox 1795 1280 1863 1334; x_wconf 84' lang='lat' dir='ltr'><strong>sit</strong></span> <span class='ocrx_word' id='word_1_100' title='bbox 1892 1280 1949 1333; x_wconf 92' lang='lat' dir='ltr'><strong>in</strong></span> 
     </span>
    </p>
   </div>
   <div class='ocr_carea' id='block_1_20' title="bbox 2244 823 3435 895">
    <p class='ocr_par' dir='ltr' id='par_1_20' title="bbox 2244 823 3435 895">
     <span class='ocr_line' id='line_1_21' title="bbox 2244 823 3435 895; baseline -0.003 -12"><span class='ocrx_word' id='word_1_101' title='bbox 2244 824 2512 883; x_wconf 84' lang='grc' dir='ltr'>Συνόδου</span> <span class='ocrx_word' id='word_1_102' title='bbox 2548 824 2974 895; x_wconf 72' lang='grc' dir='ltr'>οίκουμενικῆς</span> <span class='ocrx_word' id='word_1_103' title='bbox 3014 823 3068 889; x_wconf 82' lang='grc' dir='ltr'>ς’</span> <span class='ocrx_word' id='word_1_104' title='bbox 3106 824 3311 878; x_wconf 76' lang='grc' dir='ltr'><strong>κανὼν</strong></span> <span class='ocrx_word' id='word_1_105' title='bbox 3347 825 3435 879; x_wconf 84' lang='grc' dir='ltr'>λδ¹.</span> 
     </span>
    </p>
   </div>
   <div class='ocr_carea' id='block_1_21' title="bbox 2120 917 3554 988">
    <p class='ocr_par' dir='ltr' id='par_1_21' title="bbox 2120 917 3554 988">
     <span class='ocr_line' id='line_1_22' title="bbox 2120 917 3554 988; baseline -0.001 -15"><span class='ocrx_word' id='word_1_106' title='bbox 2120 921 2216 975; x_wconf 84' lang='grc' dir='ltr'>λδ’.</span> <span class='ocrx_word' id='word_1_107' title='bbox 2256 922 2366 976; x_wconf 73' lang='grc' dir='ltr'><strong>Καὶ</strong></span> <span class='ocrx_word' id='word_1_108' title='bbox 2388 920 2547 973; x_wconf 75' lang='grc' dir='ltr'>τοῦτο</span> <span class='ocrx_word' id='word_1_109' title='bbox 2579 919 2634 972; x_wconf 84' lang='grc' dir='ltr'><strong>δὲ</strong></span> <span class='ocrx_word' id='word_1_110' title='bbox 2663 917 2761 971; x_wconf 80' lang='grc' dir='ltr'>τοῦ</span> <span class='ocrx_word' id='word_1_111' title='bbox 2790 917 3067 988; x_wconf 76' lang='grc' dir='ltr'>ἱερατικοῦ</span> <span class='ocrx_word' id='word_1_112' title='bbox 3096 918 3323 982; x_wconf 77' lang='grc' dir='ltr'><strong>κανόνος</strong></span> <span class='ocrx_word' id='word_1_113' title='bbox 3341 956 3358 983; x_wconf 90' lang='grc'><strong>,</strong></span> <span class='ocrx_word' id='word_1_114' title='bbox 3386 935 3437 971; x_wconf 80' lang='grc' dir='ltr'><strong>κ.</strong></span> <span class='ocrx_word' id='word_1_115' title='bbox 3456 935 3497 971; x_wconf 77' lang='grc' dir='ltr'>τ.</span> <span class='ocrx_word' id='word_1_116' title='bbox 3515 919 3554 973; x_wconf 83' lang='grc' dir='ltr'><strong>λ.</strong></span> 
     </span>
    </p>
   </div>
   <div class='ocr_carea' id='block_1_22' title="bbox 2074 1101 3581 1175">
    <p class='ocr_par' dir='ltr' id='par_1_22' title="bbox 2074 1101 3581 1175">
     <span class='ocr_line' id='line_1_23' title="bbox 2074 1101 3581 1175; baseline -0.002 -16"><span class='ocrx_word' id='word_1_117' title='bbox 2074 1136 2081 1143; x_wconf 58' lang='grc' dir='ltr'>κ</span> <span class='ocrx_word' id='word_1_118' title='bbox 2120 1103 2419 1174; x_wconf 77' lang='grc' dir='ltr'>Ἀνάγνωθι</span> <span class='ocrx_word' id='word_1_119' title='bbox 2455 1104 2524 1158; x_wconf 87' lang='grc' dir='ltr'><strong>τά</strong></span> <span class='ocrx_word' id='word_1_120' title='bbox 2553 1105 3070 1175; x_wconf 74' lang='grc' dir='ltr'>παραγεγραμμὲνα</span> <span class='ocrx_word' id='word_1_121' title='bbox 3099 1103 3160 1157; x_wconf 71' lang='grc' dir='ltr'>ἑν</span> <span class='ocrx_word' id='word_1_122' title='bbox 3192 1101 3272 1174; x_wconf 82' lang='grc' dir='ltr'><strong>τῷ</strong></span> <span class='ocrx_word' id='word_1_123' title='bbox 3296 1101 3372 1167; x_wconf 73' lang='grc' dir='ltr'>λζ’</span> <span class='ocrx_word' id='word_1_124' title='bbox 3390 1102 3581 1173; x_wconf 58' lang='lat' dir='ltr'><strong>nam?»</strong></span> 
     </span>
    </p>
   </div>
   <div class='ocr_carea' id='block_1_23' title="bbox 2050 1194 3357 1263">
    <p class='ocr_par' dir='ltr' id='par_1_23' title="bbox 2050 1194 3357 1263">
     <span class='ocr_line' id='line_1_24' title="bbox 2050 1194 3357 1263; baseline -0.005 -10"><span class='ocrx_word' id='word_1_125' title='bbox 2050 1199 2095 1253; x_wconf 90' lang='grc' dir='ltr'>θ’</span> <span class='ocrx_word' id='word_1_126' title='bbox 2133 1197 2239 1251; x_wconf 86' lang='grc' dir='ltr'>τίτ.</span> <span class='ocrx_word' id='word_1_127' title='bbox 2277 1195 2468 1249; x_wconf 85' lang='grc' dir='ltr'>τούτου</span> <span class='ocrx_word' id='word_1_128' title='bbox 2505 1194 2601 1248; x_wconf 83' lang='grc' dir='ltr'><strong>τοῦ</strong></span> <span class='ocrx_word' id='word_1_129' title='bbox 2646 1194 3057 1263; x_wconf 84' lang='grc' dir='ltr'><strong>συντάγματος.</strong></span> <span class='ocrx_word' id='word_1_130' title='bbox 3352 1232 3357 1235; x_wconf 95' lang='grc'><strong>-</strong></span> 
     </span>
    </p>
   </div>
   <div class='ocr_carea' id='block_1_24' title="bbox 2120 1282 3582 1354">
    <p class='ocr_par' dir='ltr' id='par_1_24' title="bbox 2120 1282 3582 1354">
     <span class='ocr_line' id='line_1_25' title="bbox 2120 1282 3582 1354; baseline -0.003 -13"><span class='ocrx_word' id='word_1_131' title='bbox 2120 1287 2369 1341; x_wconf 80' lang='grc' dir='ltr'><strong>ΚΕΦΑΛ.</strong></span> <span class='ocrx_word' id='word_1_132' title='bbox 2399 1284 2474 1343; x_wconf 89' lang='lat' dir='ltr'><strong>Z&#39;.</strong></span> <span class='ocrx_word' id='word_1_133' title='bbox 2505 1315 2575 1325; x_wconf 92' lang='lat'><strong>—</strong></span> <span class='ocrx_word' id='word_1_134' title='bbox 2603 1285 2747 1354; x_wconf 75' lang='grc' dir='ltr'><strong>Περὶ</strong></span> <span class='ocrx_word' id='word_1_135' title='bbox 2767 1285 2877 1341; x_wconf 83' lang='grc' dir='ltr'>τοῦ</span> <span class='ocrx_word' id='word_1_136' title='bbox 2893 1283 2979 1354; x_wconf 77' lang='grc' dir='ltr'>μὴ</span> <span class='ocrx_word' id='word_1_137' title='bbox 3011 1282 3418 1340; x_wconf 67' lang='grc' dir='ltr'>συλλούεσθαι</span> <span class='ocrx_word' id='word_1_138' title='bbox 3434 1283 3582 1352; x_wconf 59' lang='lat' dir='ltr'><strong>datq-</strong></span> 
     </span>
    </p>
   </div>
   <div class='ocr_carea' id='block_1_25' title="bbox 2047 1377 2452 1448">
    <p class='ocr_par' dir='ltr' id='par_1_25' title="bbox 2047 1377 2452 1448">
     <span class='ocr_line' id='line_1_26' title="bbox 2047 1377 2452 1448; baseline -0.005 -15"><span class='ocrx_word' id='word_1_139' title='bbox 2047 1378 2164 1447; x_wconf 69' lang='grc' dir='ltr'>τὴν·</span> <span class='ocrx_word' id='word_1_140' title='bbox 2190 1377 2452 1448; x_wconf 72' lang='grc' dir='ltr'>γυναικί.</span> 
     </span>
    </p>
   </div>
   <div class='ocr_carea' id='block_1_26' title="bbox 2342 1462 3350 1532">
    <p class='ocr_par' dir='ltr' id='par_1_26' title="bbox 2342 1462 3350 1532">
     <span class='ocr_line' id='line_1_27' title="bbox 2342 1462 3350 1532; baseline -0.003 -11"><span class='ocrx_word' id='word_1_141' title='bbox 2342 1464 2615 1521; x_wconf 81' lang='grc' dir='ltr'>Συγόδου</span> <span class='ocrx_word' id='word_1_142' title='bbox 2651 1464 3002 1532; x_wconf 80' lang='grc' dir='ltr'><strong>Λαοδικείας</strong></span> <span class='ocrx_word' id='word_1_143' title='bbox 3040 1464 3252 1519; x_wconf 78' lang='grc' dir='ltr'><strong>κανὼν</strong></span> <span class='ocrx_word' id='word_1_144' title='bbox 3285 1462 3350 1518; x_wconf 86' lang='grc' dir='ltr'>λ’.</span> 
     </span>
    </p>
   </div>
   <div class='ocr_carea' id='block_1_27' title="bbox 2115 1553 3582 1628">
    <p class='ocr_par' dir='ltr' id='par_1_27' title="bbox 2115 1553 3582 1628">
     <span class='ocr_line' id='line_1_28' title="bbox 2115 1553 3582 1628; baseline -0.004 -15"><span class='ocrx_word' id='word_1_145' title='bbox 2115 1561 2181 1616; x_wconf 86' lang='grc' dir='ltr'>λ’.</span> <span class='ocrx_word' id='word_1_146' title='bbox 2207 1559 2331 1613; x_wconf 87' lang='grc' dir='ltr'><strong>Ὅτι</strong></span> <span class='ocrx_word' id='word_1_147' title='bbox 2359 1560 2421 1612; x_wconf 73' lang='grc' dir='ltr'>οὐ</span> <span class='ocrx_word' id='word_1_148' title='bbox 2445 1558 2527 1611; x_wconf 86' lang='grc' dir='ltr'>δεῖ</span> <span class='ocrx_word' id='word_1_149' title='bbox 2558 1556 2936 1628; x_wconf 81' lang='grc' dir='ltr'>ἱερατικοὺς,ἥ</span> <span class='ocrx_word' id='word_1_150' title='bbox 2965 1554 3288 1628; x_wconf 78' lang='grc' dir='ltr'>κληρικοὺς,</span> <span class='ocrx_word' id='word_1_151' title='bbox 3312 1554 3346 1625; x_wconf 76' lang='grc' dir='ltr'><strong>ἥ</strong></span> <span class='ocrx_word' id='word_1_152' title='bbox 3369 1553 3582 1625; x_wconf 62' lang='grc' dir='ltr'>ἀσκητάς,</span> 
     </span>
    </p>
   </div>
   <div class='ocr_carea' id='block_1_28' title="bbox 2050 1651 3430 1809">
    <p class='ocr_par' dir='ltr' id='par_1_28' title="bbox 2050 1651 3430 1809">
     <span class='ocr_line' id='line_1_29' title="bbox 2096 1651 2266 1708; baseline -0.012 0"><span class='ocrx_word' id='word_1_153' title='bbox 2096 1692 2109 1708; x_wconf 95' lang='grc'>.</span> <span class='ocrx_word' id='word_1_154' title='bbox 2135 1670 2190 1707; x_wconf 93' lang='grc' dir='ltr'><strong>τ.</strong></span> <span class='ocrx_word' id='word_1_155' title='bbox 2215 1651 2266 1706; x_wconf 91' lang='grc' dir='ltr'><strong>λ.</strong></span> 
     </span>
     <span class='ocr_line' id='line_1_30' title="bbox 2050 1670 3430 1809; baseline -0.005 -11"><span class='ocrx_word' id='word_1_156' title='bbox 2050 1670 2088 1709; x_wconf 61' lang='grc' dir='ltr'><strong>κ</strong></span> <span class='ocrx_word' id='word_1_157' title='bbox 2246 1740 2516 1797; x_wconf 79' lang='grc' dir='ltr'>Συνόδου</span> <span class='ocrx_word' id='word_1_158' title='bbox 2552 1738 2974 1809; x_wconf 75' lang='grc' dir='ltr'>οἷκουμενικῆς</span> <span class='ocrx_word' id='word_1_159' title='bbox 3011 1736 3066 1803; x_wconf 83' lang='grc' dir='ltr'>ς’</span> <span class='ocrx_word' id='word_1_160' title='bbox 3103 1736 3308 1791; x_wconf 75' lang='grc' dir='ltr'><em>κανὼν</em></span> <span class='ocrx_word' id='word_1_161' title='bbox 3343 1735 3430 1801; x_wconf 65' lang='grc' dir='ltr'>οξ.</span> 
     </span>
    </p>
   </div>
   <div class='ocr_carea' id='block_1_29' title="bbox 2113 1827 3583 1903">
    <p class='ocr_par' dir='ltr' id='par_1_29' title="bbox 2113 1827 3583 1903">
     <span class='ocr_line' id='line_1_31' title="bbox 2113 1827 3583 1903; baseline -0.006 -14"><span class='ocrx_word' id='word_1_162' title='bbox 2113 1833 2219 1899; x_wconf 79' lang='grc' dir='ltr'>οζ’.</span> <span class='ocrx_word' id='word_1_163' title='bbox 2246 1834 2375 1888; x_wconf 80' lang='grc' dir='ltr'><strong>Ὀτι</strong></span> <span class='ocrx_word' id='word_1_164' title='bbox 2403 1834 2463 1887; x_wconf 72' lang='grc' dir='ltr'>οὗ</span> <span class='ocrx_word' id='word_1_165' title='bbox 2487 1832 2567 1886; x_wconf 86' lang='grc' dir='ltr'>δεῖ</span> <span class='ocrx_word' id='word_1_166' title='bbox 2591 1830 2956 1903; x_wconf 79' lang='grc' dir='ltr'>ίερατικοὺςῆ</span> <span class='ocrx_word' id='word_1_167' title='bbox 2984 1829 3287 1901; x_wconf 82' lang='grc' dir='ltr'>κληρικοὺς</span> <span class='ocrx_word' id='word_1_168' title='bbox 3308 1828 3341 1900; x_wconf 78' lang='grc' dir='ltr'>ἢ</span> <span class='ocrx_word' id='word_1_169' title='bbox 3364 1827 3583 1898; x_wconf 63' lang='lat' dir='ltr'><strong>duxqu.</strong></span> 
     </span>
    </p>
   </div>
   <div class='ocr_carea' id='block_1_30' title="bbox 2041 1926 3583 2084">
    <p class='ocr_par' dir='ltr' id='par_1_30' title="bbox 2041 1926 3583 2084">
     <span class='ocr_line' id='line_1_32' title="bbox 2041 1926 3583 2084; baseline -0.007 -11"><span class='ocrx_word' id='word_1_170' title='bbox 2041 1926 2364 2073; x_wconf 46' lang='grc' dir='ltr'><strong>κ,ιέΕέξΑἰμ</strong></span> <span class='ocrx_word' id='word_1_171' title='bbox 2399 2013 2482 2071; x_wconf 84' lang='grc' dir='ltr'><strong>Η’.</strong></span> <span class='ocrx_word' id='word_1_172' title='bbox 2510 2042 2580 2055; x_wconf 91' lang='grc'><strong>-</strong></span> <span class='ocrx_word' id='word_1_173' title='bbox 2606 2012 2747 2083; x_wconf 79' lang='grc' dir='ltr'>Περὶ</span> <span class='ocrx_word' id='word_1_174' title='bbox 2781 2011 3066 2084; x_wconf 70' lang='grc' dir='ltr'>φυλακῆς</span> <span class='ocrx_word' id='word_1_175' title='bbox 3100 2009 3282 2080; x_wconf 77' lang='grc' dir='ltr'>ιερῶν</span> <span class='ocrx_word' id='word_1_176' title='bbox 3309 2007 3583 2078; x_wconf 66' lang='grc' dir='ltr'>παρθένων.</span> 
     </span>
    </p>
   </div>
   <div class='ocr_carea' id='block_1_31' title="bbox 726 1455 1592 1516">
    <p class='ocr_par' dir='ltr' id='par_1_31' title="bbox 726 1455 1592 1516">
     <span class='ocr_line' id='line_1_33' title="bbox 726 1455 1592 1516; baseline 0.006 -5"><span class='ocrx_word' id='word_1_177' title='bbox 726 1455 949 1511; x_wconf 66' lang='lat' dir='ltr'><strong>Consilii</strong></span> <span class='ocrx_word' id='word_1_178' title='bbox 972 1456 1260 1513; x_wconf 82' lang='lat' dir='ltr'><strong>Laodiceni</strong></span> <span class='ocrx_word' id='word_1_179' title='bbox 1298 1475 1465 1515; x_wconf 87' lang='lat' dir='ltr'><strong>canon</strong></span> <span class='ocrx_word' id='word_1_180' title='bbox 1502 1462 1592 1516; x_wconf 79' lang='lat'><strong>50.</strong></span> 
     </span>
    </p>
   </div>
   <div class='ocr_carea' id='block_1_32' title="bbox 446 1543 1946 1623">
    <p class='ocr_par' dir='ltr' id='par_1_32' title="bbox 446 1543 1946 1623">
     <span class='ocr_line' id='line_1_34' title="bbox 446 1543 1946 1623; baseline 0.009 -25"><span class='ocrx_word' id='word_1_181' title='bbox 446 1543 537 1599; x_wconf 76' lang='lat'><strong>50.</strong></span> <span class='ocrx_word' id='word_1_182' title='bbox 578 1544 735 1614; x_wconf 84' lang='lat' dir='ltr'><strong>Quod</strong></span> <span class='ocrx_word' id='word_1_183' title='bbox 761 1564 867 1603; x_wconf 92' lang='lat' dir='ltr'><strong>non</strong></span> <span class='ocrx_word' id='word_1_184' title='bbox 901 1557 1115 1619; x_wconf 80' lang='lat' dir='ltr'><strong>Oportet</strong></span> <span class='ocrx_word' id='word_1_185' title='bbox 1145 1564 1269 1604; x_wconf 91' lang='lat' dir='ltr'><strong>eum</strong></span> <span class='ocrx_word' id='word_1_186' title='bbox 1300 1551 1391 1621; x_wconf 89' lang='lat' dir='ltr'><strong>qui</strong></span> <span class='ocrx_word' id='word_1_187' title='bbox 1434 1561 1517 1607; x_wconf 88' lang='lat' dir='ltr'><strong>est</strong></span> <span class='ocrx_word' id='word_1_188' title='bbox 1550 1563 1824 1623; x_wconf 89' lang='lat' dir='ltr'><strong>sacratus,</strong></span> <span class='ocrx_word' id='word_1_189' title='bbox 1862 1557 1946 1612; x_wconf 90' lang='lat' dir='ltr'><strong>vel</strong></span> 
     </span>
    </p>
   </div>
   <div class='ocr_carea' id='block_1_33' title="bbox 370 1633 1661 1711">
    <p class='ocr_par' dir='ltr' id='par_1_33' title="bbox 370 1633 1661 1711">
     <span class='ocr_line' id='line_1_35' title="bbox 370 1633 1661 1711; baseline 0.009 -24"><span class='ocrx_word' id='word_1_190' title='bbox 370 1633 603 1692; x_wconf 78' lang='lat' dir='ltr'><strong>clericus</strong></span> <span class='ocrx_word' id='word_1_191' title='bbox 632 1642 716 1692; x_wconf 89' lang='lat' dir='ltr'><strong>vel</strong></span> <span class='ocrx_word' id='word_1_192' title='bbox 749 1640 1099 1707; x_wconf 88' lang='lat' dir='ltr'><strong>exercitatus,</strong></span> <span class='ocrx_word' id='word_1_193' title='bbox 1131 1648 1237 1695; x_wconf 90' lang='lat' dir='ltr'><strong>etc.</strong></span> <span class='ocrx_word' id='word_1_194' title='bbox 1258 1679 1272 1704; x_wconf 93' lang='lat'><strong>,</strong></span> <span class='ocrx_word' id='word_1_195' title='bbox 1299 1650 1357 1695; x_wconf 86' lang='lat' dir='ltr'><strong>ut</strong></span> <span class='ocrx_word' id='word_1_196' title='bbox 1380 1658 1501 1711; x_wconf 85' lang='lat' dir='ltr'><strong><em>pag.</em></strong></span> <span class='ocrx_word' id='word_1_197' title='bbox 1537 1642 1661 1699; x_wconf 89' lang='lat'><strong>790.</strong></span> 
     </span>
    </p>
   </div>
   <div class='ocr_carea' id='block_1_34' title="bbox 672 1729 1628 1788">
    <p class='ocr_par' dir='ltr' id='par_1_34' title="bbox 672 1729 1628 1788">
     <span class='ocr_line' id='line_1_36' title="bbox 672 1729 1628 1788; baseline 0.005 -5"><span class='ocrx_word' id='word_1_198' title='bbox 672 1729 897 1784; x_wconf 84' lang='lat' dir='ltr'><strong>Concilii</strong></span> <span class='ocrx_word' id='word_1_199' title='bbox 926 1735 1233 1787; x_wconf 75' lang='lat' dir='ltr'><strong>aecumenici</strong></span> <span class='ocrx_word' id='word_1_200' title='bbox 1259 1748 1311 1787; x_wconf 78' lang='lat' dir='ltr'><strong>v1</strong></span> <span class='ocrx_word' id='word_1_201' title='bbox 1344 1749 1512 1787; x_wconf 83' lang='lat' dir='ltr'><strong>canon</strong></span> <span class='ocrx_word' id='word_1_202' title='bbox 1543 1733 1628 1788; x_wconf 89' lang='lat'><strong>77.</strong></span> 
     </span>
    </p>
   </div>
   <div class='ocr_carea' id='block_1_35' title="bbox 443 1818 1937 1893">
    <p class='ocr_par' dir='ltr' id='par_1_35' title="bbox 443 1818 1937 1893">
     <span class='ocr_line' id='line_1_37' title="bbox 443 1818 1937 1893; baseline 0.007 -20"><span class='ocrx_word' id='word_1_203' title='bbox 443 1819 532 1873; x_wconf 85' lang='lat'><strong>77.</strong></span> <span class='ocrx_word' id='word_1_204' title='bbox 572 1818 728 1887; x_wconf 83' lang='lat' dir='ltr'><strong>Quod</strong></span> <span class='ocrx_word' id='word_1_205' title='bbox 781 1838 890 1877; x_wconf 89' lang='lat' dir='ltr'><strong>non</strong></span> <span class='ocrx_word' id='word_1_206' title='bbox 932 1824 1105 1880; x_wconf 83' lang='lat' dir='ltr'><strong>sacris</strong></span> <span class='ocrx_word' id='word_1_207' title='bbox 1138 1824 1409 1892; x_wconf 84' lang='lat' dir='ltr'><strong>initiatos,</strong></span> <span class='ocrx_word' id='word_1_208' title='bbox 1441 1825 1523 1880; x_wconf 91' lang='lat' dir='ltr'><strong>vel</strong></span> <span class='ocrx_word' id='word_1_209' title='bbox 1565 1826 1813 1893; x_wconf 86' lang='lat' dir='ltr'><strong>clericos,</strong></span> <span class='ocrx_word' id='word_1_210' title='bbox 1854 1829 1937 1883; x_wconf 88' lang='lat' dir='ltr'><strong>vel</strong></span> 
     </span>
    </p>
   </div>
   <div class='ocr_carea' id='block_1_36' title="bbox 371 1916 1163 1985">
    <p class='ocr_par' dir='ltr' id='par_1_36' title="bbox 371 1916 1163 1985">
     <span class='ocr_line' id='line_1_38' title="bbox 371 1916 1163 1985; baseline 0.009 -20"><span class='ocrx_word' id='word_1_211' title='bbox 371 1920 606 1978; x_wconf 78' lang='lat' dir='ltr'><strong>ascetas,</strong></span> <span class='ocrx_word' id='word_1_212' title='bbox 639 1922 773 1977; x_wconf 84' lang='lat' dir='ltr'><strong>etc.,</strong></span> <span class='ocrx_word' id='word_1_213' title='bbox 803 1924 860 1967; x_wconf 85' lang='lat' dir='ltr'><strong>ul</strong></span> <span class='ocrx_word' id='word_1_214' title='bbox 886 1932 1015 1985; x_wconf 86' lang='lat' dir='ltr'><strong><em>pag.</em></strong></span> <span class='ocrx_word' id='word_1_215' title='bbox 1040 1916 1163 1972; x_wconf 88' lang='lat'><strong>790.</strong></span> 
     </span>
    </p>
   </div>
   <div class='ocr_carea' id='block_1_37' title="bbox 438 1995 1936 2075">
    <p class='ocr_par' dir='ltr' id='par_1_37' title="bbox 438 1995 1936 2075">
     <span class='ocr_line' id='line_1_39' title="bbox 438 1995 1936 2075; baseline 0.003 -20"><span class='ocrx_word' id='word_1_216' title='bbox 438 1995 604 2068; x_wconf 84' lang='lat'><strong>370</strong></span> <span class='ocrx_word' id='word_1_217' title='bbox 638 1998 795 2056; x_wconf 86' lang='lat' dir='ltr'><strong>CAP.</strong></span> <span class='ocrx_word' id='word_1_218' title='bbox 830 1999 967 2055; x_wconf 79' lang='lat' dir='ltr'><strong>Vlll.</strong></span> <span class='ocrx_word' id='word_1_219' title='bbox 1004 2033 1072 2043; x_wconf 90' lang='lat'><strong><em>—</em></strong></span> <span class='ocrx_word' id='word_1_220' title='bbox 1116 2002 1193 2058; x_wconf 89' lang='lat' dir='ltr'><strong>De</strong></span> <span class='ocrx_word' id='word_1_221' title='bbox 1225 2020 1499 2060; x_wconf 85' lang='lat' dir='ltr'><strong>sacrarum</strong></span> <span class='ocrx_word' id='word_1_222' title='bbox 1540 2005 1803 2075; x_wconf 74' lang='lat' dir='ltr'><strong>virginum</strong></span> <span class='ocrx_word' id='word_1_223' title='bbox 1843 2023 1936 2061; x_wconf 81' lang='lat' dir='ltr'><strong>cu-</strong></span> 
     </span>
    </p>
   </div>
   <div class='ocr_carea' id='block_1_38' title="bbox 368 2090 562 2146">
    <p class='ocr_par' dir='ltr' id='par_1_38' title="bbox 368 2090 562 2146">
     <span class='ocr_line' id='line_1_40' title="bbox 368 2090 562 2146; baseline 0 0"><span class='ocrx_word' id='word_1_224' title='bbox 368 2090 562 2146; x_wconf 68' lang='lat' dir='ltr'><strong>stadia.</strong></span> 
     </span>
    </p>
   </div>
   <div class='ocr_carea' id='block_1_39' title="bbox 651 2182 1653 2255">
    <p class='ocr_par' dir='ltr' id='par_1_39' title="bbox 651 2182 1653 2255">
     <span class='ocr_line' id='line_1_41' title="bbox 651 2182 1653 2255; baseline 0.012 -18"><span class='ocrx_word' id='word_1_225' title='bbox 651 2182 876 2239; x_wconf 75' lang='lat' dir='ltr'><strong>Consilii</strong></span> <span class='ocrx_word' id='word_1_226' title='bbox 905 2184 1336 2255; x_wconf 74' lang='lat' dir='ltr'><strong>Carlhaginensis</strong></span> <span class='ocrx_word' id='word_1_227' title='bbox 1364 2205 1538 2244; x_wconf 84' lang='lat' dir='ltr'><strong>canon</strong></span> <span class='ocrx_word' id='word_1_228' title='bbox 1562 2191 1653 2249; x_wconf 72' lang='grc'><strong>44.</strong></span> 
     </span>
    </p>
   </div>
   <div class='ocr_carea' id='block_1_40' title="bbox 442 2272 872 2345">
    <p class='ocr_par' dir='ltr' id='par_1_40' title="bbox 442 2272 872 2345">
     <span class='ocr_line' id='line_1_42' title="bbox 442 2272 872 2345; baseline 0.012 -18"><span class='ocrx_word' id='word_1_229' title='bbox 442 2272 523 2328; x_wconf 85' lang='lat' dir='ltr'><strong>De</strong></span> <span class='ocrx_word' id='word_1_230' title='bbox 559 2274 872 2345; x_wconf 80' lang='lat' dir='ltr'><strong>virginibus.</strong></span> 
     </span>
    </p>
   </div>
   <div class='ocr_carea' id='block_1_41' title="bbox 440 2364 1939 2446">
    <p class='ocr_par' dir='ltr' id='par_1_41' title="bbox 440 2364 1939 2446">
     <span class='ocr_line' id='line_1_43' title="bbox 440 2364 1939 2446; baseline 0.007 -27"><span class='ocrx_word' id='word_1_231' title='bbox 440 2365 529 2420; x_wconf 78' lang='grc' dir='ltr'><strong>ιι.</strong></span> <span class='ocrx_word' id='word_1_232' title='bbox 572 2364 645 2421; x_wconf 90' lang='lat' dir='ltr'><strong>Ut</strong></span> <span class='ocrx_word' id='word_1_233' title='bbox 674 2369 910 2438; x_wconf 84' lang='lat' dir='ltr'><strong>virgines</strong></span> <span class='ocrx_word' id='word_1_234' title='bbox 943 2384 1113 2424; x_wconf 76' lang='lat' dir='ltr'><strong>sacrae</strong></span> <span class='ocrx_word' id='word_1_235' title='bbox 1144 2370 1191 2403; x_wconf 80' lang='grc'><strong>⁸⁸</strong></span> <span class='ocrx_word' id='word_1_236' title='bbox 1226 2386 1348 2426; x_wconf 91' lang='lat' dir='ltr'><strong>cum</strong></span> <span class='ocrx_word' id='word_1_237' title='bbox 1380 2374 1721 2443; x_wconf 88' lang='lat' dir='ltr'><strong>parentibus,</strong></span> <span class='ocrx_word' id='word_1_238' title='bbox 1756 2390 1787 2430; x_wconf 91' lang='lat' dir='ltr'><strong>a</strong></span> <span class='ocrx_word' id='word_1_239' title='bbox 1812 2373 1939 2446; x_wconf 86' lang='lat' dir='ltr'><strong>qui-</strong></span> 
     </span>
    </p>
   </div>
   <div class='ocr_carea' id='block_1_42' title="bbox 367 2456 1939 2539">
    <p class='ocr_par' dir='ltr' id='par_1_42' title="bbox 367 2456 1939 2539">
     <span class='ocr_line' id='line_1_44' title="bbox 367 2456 1939 2539; baseline 0.007 -26"><span class='ocrx_word' id='word_1_240' title='bbox 367 2456 473 2513; x_wconf 85' lang='lat' dir='ltr'><strong>bus</strong></span> <span class='ocrx_word' id='word_1_241' title='bbox 520 2459 984 2526; x_wconf 83' lang='lat' dir='ltr'><strong>custodiebantur,</strong></span> <span class='ocrx_word' id='word_1_242' title='bbox 1033 2462 1257 2531; x_wconf 72' lang='lat' dir='ltr'><strong>privata:</strong></span> <span class='ocrx_word' id='word_1_243' title='bbox 1297 2462 1526 2531; x_wconf 82' lang='lat' dir='ltr'><strong>fuerint,</strong></span> <span class='ocrx_word' id='word_1_244' title='bbox 1569 2466 1812 2539; x_wconf 85' lang='lat' dir='ltr'><strong>episcopi</strong></span> <span class='ocrx_word' id='word_1_245' title='bbox 1856 2470 1939 2525; x_wconf 84' lang='lat' dir='ltr'><strong>vel</strong></span> 
     </span>
    </p>
   </div>
   <div class='ocr_carea' id='block_1_43' title="bbox 373 2547 1939 2628">
    <p class='ocr_par' dir='ltr' id='par_1_43' title="bbox 373 2547 1939 2628">
     <span class='ocr_line' id='line_1_45' title="bbox 373 2547 1939 2628; baseline 0.009 -28"><span class='ocrx_word' id='word_1_246' title='bbox 373 2547 681 2620; x_wconf 81' lang='lat' dir='ltr'><strong>presbyteri</strong></span> <span class='ocrx_word' id='word_1_247' title='bbox 736 2550 878 2619; x_wconf 76' lang='lat'><strong>(26),</strong></span> <span class='ocrx_word' id='word_1_248' title='bbox 924 2550 1016 2605; x_wconf 90' lang='lat' dir='ltr'><strong>ubi</strong></span> <span class='ocrx_word' id='word_1_249' title='bbox 1056 2553 1342 2622; x_wconf 87' lang='lat' dir='ltr'><strong>episc0pus</strong></span> <span class='ocrx_word' id='word_1_250' title='bbox 1376 2556 1573 2611; x_wconf 85' lang='lat' dir='ltr'><strong>absens</strong></span> <span class='ocrx_word' id='word_1_251' title='bbox 1618 2567 1722 2621; x_wconf 86' lang='lat' dir='ltr'><strong>est,</strong></span> <span class='ocrx_word' id='word_1_252' title='bbox 1755 2560 1939 2628; x_wconf 88' lang='lat' dir='ltr'><strong>provi-</strong></span> 
     </span>
    </p>
   </div>
   <div class='ocr_carea' id='block_1_44' title="bbox 370 2638 1941 2712">
    <p class='ocr_par' dir='ltr' id='par_1_44' title="bbox 370 2638 1941 2712">
     <span class='ocr_line' id='line_1_46' title="bbox 370 2638 1941 2712; baseline 0.008 -20"><span class='ocrx_word' id='word_1_253' title='bbox 370 2638 553 2693; x_wconf 86' lang='lat' dir='ltr'><strong>dentia</strong></span> <span class='ocrx_word' id='word_1_254' title='bbox 575 2640 919 2710; x_wconf 81' lang='lat' dir='ltr'><strong>gravioribus</strong></span> <span class='ocrx_word' id='word_1_255' title='bbox 956 2641 1173 2699; x_wconf 83' lang='lat' dir='ltr'><strong>feminis</strong></span> <span class='ocrx_word' id='word_1_256' title='bbox 1206 2646 1680 2712; x_wconf 87' lang='lat' dir='ltr'><strong>commendentur,</strong></span> <span class='ocrx_word' id='word_1_257' title='bbox 1700 2658 1757 2703; x_wconf 93' lang='lat' dir='ltr'><strong>ut</strong></span> <span class='ocrx_word' id='word_1_258' title='bbox 1778 2650 1941 2704; x_wconf 88' lang='lat' dir='ltr'><strong>simul</strong></span> 
     </span>
    </p>
   </div>
   <div class='ocr_carea' id='block_1_45' title="bbox 371 2731 1945 2809">
    <p class='ocr_par' dir='ltr' id='par_1_45' title="bbox 371 2731 1945 2809">
     <span class='ocr_line' id='line_1_47' title="bbox 371 2731 1945 2809; baseline 0.01 -27"><span class='ocrx_word' id='word_1_259' title='bbox 371 2731 683 2785; x_wconf 84' lang='lat' dir='ltr'><strong>habitantes</strong></span> <span class='ocrx_word' id='word_1_260' title='bbox 724 2731 956 2787; x_wconf 90' lang='lat' dir='ltr'><strong>invicem</strong></span> <span class='ocrx_word' id='word_1_261' title='bbox 997 2748 1056 2788; x_wconf 90' lang='lat' dir='ltr'><strong>se</strong></span> <span class='ocrx_word' id='word_1_262' title='bbox 1101 2737 1438 2801; x_wconf 84' lang='lat' dir='ltr'><strong>custodiant,</strong></span> <span class='ocrx_word' id='word_1_263' title='bbox 1485 2753 1553 2792; x_wconf 89' lang='lat' dir='ltr'><strong>ne</strong></span> <span class='ocrx_word' id='word_1_264' title='bbox 1603 2740 1809 2809; x_wconf 88' lang='lat' dir='ltr'><strong>passim</strong></span> <span class='ocrx_word' id='word_1_265' title='bbox 1850 2756 1945 2796; x_wconf 86' lang='lat' dir='ltr'><strong>va-</strong></span> 
     </span>
    </p>
   </div>
   <div class='ocr_carea' id='block_1_46' title="bbox 371 2820 1944 2907">
    <p class='ocr_par' dir='ltr' id='par_1_46' title="bbox 371 2820 1556 2890">
     <span class='ocr_line' id='line_1_48' title="bbox 371 2820 1556 2890; baseline 0.006 -15"><span class='ocrx_word' id='word_1_266' title='bbox 371 2821 551 2890; x_wconf 79' lang='lat' dir='ltr'><strong>gando</strong></span> <span class='ocrx_word' id='word_1_267' title='bbox 572 2820 829 2877; x_wconf 81' lang='lat' dir='ltr'><strong>Ecclesiae</strong></span> <span class='ocrx_word' id='word_1_268' title='bbox 857 2822 1054 2878; x_wconf 70' lang='lat' dir='ltr'><strong>laedant</strong></span> <span class='ocrx_word' id='word_1_269' title='bbox 1076 2826 1556 2882; x_wconf 88' lang='lat' dir='ltr'><strong>existimationem.</strong></span> 
     </span>
    </p>
   </div>
   <div class='ocr_carea' id='block_1_47' title="bbox 2082 2820 3421 2907">
    <p class='ocr_par' dir='ltr' id='par_1_47' title="bbox 2082 2827 3421 2907">
     <span class='ocr_line' id='line_1_49' title="bbox 2082 2827 3421 2907; baseline -0.008 -17"><span class='ocrx_word' id='word_1_270' title='bbox 2082 2854 2159 2903; x_wconf 88' lang='grc' dir='ltr'><strong>αι,</strong></span> <span class='ocrx_word' id='word_1_271' title='bbox 2200 2835 2300 2907; x_wconf 81' lang='grc' dir='ltr'>τὴν</span> <span class='ocrx_word' id='word_1_272' title='bbox 2337 2834 2607 2904; x_wconf 74' lang='grc' dir='ltr'><strong>ὑπόληψιν</strong></span> <span class='ocrx_word' id='word_1_273' title='bbox 2652 2831 2897 2902; x_wconf 82' lang='grc' dir='ltr'><strong>βλάψωσι</strong></span> <span class='ocrx_word' id='word_1_274' title='bbox 2936 2831 3034 2900; x_wconf 82' lang='grc' dir='ltr'><strong>τῆς</strong></span> <span class='ocrx_word' id='word_1_275' title='bbox 3072 2827 3421 2898; x_wconf 80' lang='grc' dir='ltr'>Ἐκκλησίας.</span> 
     </span>
    </p>
   </div>
   <div class='ocr_carea' id='block_1_48' title="bbox 530 2912 1944 2994">
    <p class='ocr_par' dir='ltr' id='par_1_48' title="bbox 530 2912 1787 2988">
     <span class='ocr_line' id='line_1_50' title="bbox 530 2912 1787 2988; baseline 0.006 -19"><span class='ocrx_word' id='word_1_276' title='bbox 530 2912 753 2969; x_wconf 81' lang='lat' dir='ltr'><strong>Concilii</strong></span> <span class='ocrx_word' id='word_1_277' title='bbox 791 2916 1094 2969; x_wconf 78' lang='lat' dir='ltr'><strong>cecumenici</strong></span> <span class='ocrx_word' id='word_1_278' title='bbox 1126 2932 1177 2971; x_wconf 76' lang='lat' dir='ltr'><strong>Vl</strong></span> <span class='ocrx_word' id='word_1_279' title='bbox 1211 2932 1432 2972; x_wconf 84' lang='lat' dir='ltr'><strong>canones</strong></span> <span class='ocrx_word' id='word_1_280' title='bbox 1456 2918 1546 2987; x_wconf 73' lang='grc'>46,</span> <span class='ocrx_word' id='word_1_281' title='bbox 1576 2920 1666 2988; x_wconf 72' lang='grc' dir='ltr'>ιῑἹ,</span> <span class='ocrx_word' id='word_1_282' title='bbox 1697 2920 1787 2976; x_wconf 76' lang='grc'><strong>48.</strong></span> 
     </span>
    </p>
   </div>
   <div class='ocr_carea' id='block_1_49' title="bbox 2082 2912 3543 2994">
    <p class='ocr_par' dir='ltr' id='par_1_49' title="bbox 2116 2916 3543 2994">
     <span class='ocr_line' id='line_1_51' title="bbox 2116 2916 3543 2994; baseline -0.011 -12"><span class='ocrx_word' id='word_1_283' title='bbox 2116 2927 2386 2983; x_wconf 79' lang='grc' dir='ltr'>Συνόδου</span> <span class='ocrx_word' id='word_1_284' title='bbox 2413 2922 2830 2994; x_wconf 82' lang='grc' dir='ltr'>οίκουμενικῆς</span> <span class='ocrx_word' id='word_1_285' title='bbox 2862 2928 2920 2986; x_wconf 80' lang='grc' dir='ltr'>ς’</span> <span class='ocrx_word' id='word_1_286' title='bbox 2946 2919 3149 2974; x_wconf 79' lang='grc' dir='ltr'><strong>κανὼν·</strong></span> <span class='ocrx_word' id='word_1_287' title='bbox 3181 2919 3301 2988; x_wconf 83' lang='grc' dir='ltr'>μς’,</span> <span class='ocrx_word' id='word_1_288' title='bbox 3331 2916 3432 2988; x_wconf 79' lang='grc' dir='ltr'>μζ’,</span> <span class='ocrx_word' id='word_1_289' title='bbox 3458 2920 3543 2985; x_wconf 80' lang='grc' dir='ltr'><strong>μη’.</strong></span> 
     </span>
    </p>
   </div>
   <div class='ocr_carea' id='block_1_50' title="bbox 440 3002 1944 3088">
    <p class='ocr_par' dir='ltr' id='par_1_50' title="bbox 440 3003 1944 3081">
     <span class='ocr_line' id='line_1_52' title="bbox 440 3003 1944 3081; baseline 0.008 -23"><span class='ocrx_word' id='word_1_290' title='bbox 440 3003 526 3058; x_wconf 68' lang='grc'><strong>46.</strong></span> <span class='ocrx_word' id='word_1_291' title='bbox 570 3003 704 3069; x_wconf 68' lang='lat' dir='ltr'><strong>Quae</strong></span> <span class='ocrx_word' id='word_1_292' title='bbox 764 3005 929 3059; x_wconf 79' lang='lat' dir='ltr'><strong>vitam</strong></span> <span class='ocrx_word' id='word_1_293' title='bbox 974 3009 1411 3064; x_wconf 86' lang='lat' dir='ltr'><strong>exercitatoriam</strong></span> <span class='ocrx_word' id='word_1_294' title='bbox 1458 3010 1689 3081; x_wconf 80' lang='lat' dir='ltr'><strong>eligunt,</strong></span> <span class='ocrx_word' id='word_1_295' title='bbox 1730 3021 1860 3078; x_wconf 90' lang='lat' dir='ltr'><strong>etc.,</strong></span> <span class='ocrx_word' id='word_1_296' title='bbox 1898 3031 1944 3075; x_wconf 64' lang='grc' dir='ltr'><strong>ιιι</strong></span> 
     </span>
    </p>
   </div>
   <div class='ocr_carea' id='block_1_51' title="bbox 2082 3002 3531 3088">
    <p class='ocr_par' dir='ltr' id='par_1_51' title="bbox 2131 3002 3531 3087">
     <span class='ocr_line' id='line_1_53' title="bbox 2131 3002 3531 3087; baseline -0.01 -18"><span class='ocrx_word' id='word_1_297' title='bbox 2131 3021 2249 3087; x_wconf 66' lang='grc' dir='ltr'>μετ’.</span> <span class='ocrx_word' id='word_1_298' title='bbox 2290 3014 2356 3066; x_wconf 80' lang='grc' dir='ltr'>Δί</span> <span class='ocrx_word' id='word_1_299' title='bbox 2381 3013 2473 3067; x_wconf 76' lang='grc' dir='ltr'>τὸν</span> <span class='ocrx_word' id='word_1_300' title='bbox 2501 3011 2796 3083; x_wconf 75' lang='grc' dir='ltr'><strong>ἀσκητικὸν</strong></span> <span class='ocrx_word' id='word_1_301' title='bbox 2829 3009 3156 3081; x_wconf 80' lang='grc' dir='ltr'>αἱρούμεναι</span> <span class='ocrx_word' id='word_1_302' title='bbox 3188 3008 3324 3079; x_wconf 80' lang='grc' dir='ltr'>βίον,</span> <span class='ocrx_word' id='word_1_303' title='bbox 3355 3023 3404 3059; x_wconf 88' lang='grc' dir='ltr'><strong>κ.</strong></span> <span class='ocrx_word' id='word_1_304' title='bbox 3427 3021 3469 3059; x_wconf 82' lang='grc' dir='ltr'><strong>τ.</strong></span> <span class='ocrx_word' id='word_1_305' title='bbox 3492 3002 3531 3055; x_wconf 79' lang='grc' dir='ltr'><strong>λ.</strong></span> 
     </span>
    </p>
   </div>
   <div class='ocr_carea' id='block_1_52' title="bbox 366 3095 653 3166">
    <p class='ocr_par' dir='ltr' id='par_1_52' title="bbox 366 3095 653 3166">
     <span class='ocr_line' id='line_1_54' title="bbox 366 3095 653 3166; baseline 0.007 -19"><span class='ocrx_word' id='word_1_306' title='bbox 366 3113 488 3166; x_wconf 81' lang='lat' dir='ltr'><strong><em>pag.</em></strong></span> <span class='ocrx_word' id='word_1_307' title='bbox 527 3095 653 3149; x_wconf 67' lang='lat'><strong>847.</strong></span> 
     </span>
    </p>
   </div>
   <div class='ocr_carea' id='block_1_53' title="bbox 440 3186 1946 3264">
    <p class='ocr_par' dir='ltr' id='par_1_53' title="bbox 440 3186 1946 3264">
     <span class='ocr_line' id='line_1_55' title="bbox 440 3186 1946 3264; baseline 0.007 -22"><span class='ocrx_word' id='word_1_308' title='bbox 440 3188 529 3242; x_wconf 74' lang='grc'><strong>47.</strong></span> <span class='ocrx_word' id='word_1_309' title='bbox 571 3186 758 3257; x_wconf 86' lang='lat' dir='ltr'><strong>Neque</strong></span> <span class='ocrx_word' id='word_1_310' title='bbox 805 3188 1000 3244; x_wconf 88' lang='lat' dir='ltr'><strong>mulier</strong></span> <span class='ocrx_word' id='word_1_311' title='bbox 1031 3188 1086 3244; x_wconf 81' lang='lat' dir='ltr'><strong>in</strong></span> <span class='ocrx_word' id='word_1_312' title='bbox 1128 3189 1368 3245; x_wconf 85' lang='lat' dir='ltr'><strong>virorum</strong></span> <span class='ocrx_word' id='word_1_313' title='bbox 1416 3194 1771 3263; x_wconf 87' lang='lat' dir='ltr'><strong>monasterio,</strong></span> <span class='ocrx_word' id='word_1_314' title='bbox 1814 3204 1946 3264; x_wconf 89' lang='lat' dir='ltr'><strong>etc.,</strong></span> 
     </span>
    </p>
   </div>
   <div class='ocr_carea' id='block_1_54' title="bbox 367 3280 750 3350">
    <p class='ocr_par' dir='ltr' id='par_1_54' title="bbox 367 3280 750 3350">
     <span class='ocr_line' id='line_1_56' title="bbox 367 3280 750 3350; baseline 0.003 -17"><span class='ocrx_word' id='word_1_315' title='bbox 367 3290 427 3333; x_wconf 66' lang='grc' dir='ltr'><strong>αι</strong></span> <span class='ocrx_word' id='word_1_316' title='bbox 463 3297 586 3350; x_wconf 87' lang='lat' dir='ltr'><strong><em>pag.</em></strong></span> <span class='ocrx_word' id='word_1_317' title='bbox 618 3280 750 3336; x_wconf 79' lang='lat'><strong><em>855.</em></strong></span> 
     </span>
    </p>
   </div>
   <div class='ocr_carea' id='block_1_55' title="bbox 441 3370 1944 3449">
    <p class='ocr_par' dir='ltr' id='par_1_55' title="bbox 441 3370 1944 3449">
     <span class='ocr_line' id='line_1_57' title="bbox 441 3370 1944 3449; baseline 0.005 -24"><span class='ocrx_word' id='word_1_318' title='bbox 441 3370 532 3426; x_wconf 70' lang='grc'><strong>48.</strong></span> <span class='ocrx_word' id='word_1_319' title='bbox 576 3370 721 3425; x_wconf 84' lang='lat' dir='ltr'><strong>Uxor</strong></span> <span class='ocrx_word' id='word_1_320' title='bbox 774 3371 894 3441; x_wconf 84' lang='lat' dir='ltr'><strong>ejus</strong></span> <span class='ocrx_word' id='word_1_321' title='bbox 944 3374 1036 3442; x_wconf 87' lang='lat' dir='ltr'><strong>qui</strong></span> <span class='ocrx_word' id='word_1_322' title='bbox 1083 3375 1149 3428; x_wconf 87' lang='lat' dir='ltr'><strong>ad</strong></span> <span class='ocrx_word' id='word_1_323' title='bbox 1218 3376 1580 3445; x_wconf 83' lang='lat' dir='ltr'><strong>episcopalem</strong></span> <span class='ocrx_word' id='word_1_324' title='bbox 1627 3377 1944 3449; x_wconf 83' lang='lat' dir='ltr'><strong>dignitatem</strong></span> 
     </span>
    </p>
   </div>
   <div class='ocr_carea' id='block_1_56' title="bbox 1975 1704 2021 1763">
    <p class='ocr_par' dir='ltr' id='par_1_56' title="bbox 1975 1704 2021 1763">
     <span class='ocr_line' id='line_1_58' title="bbox 1975 1704 2021 1763; baseline 0 0"><span class='ocrx_word' id='word_1_325' title='bbox 1975 1704 2021 1763; x_wconf 85' lang='grc' dir='ltr'><strong>Β</strong></span> 
     </span>
    </p>
   </div>
   <div class='ocr_carea' id='block_1_57' title="bbox 2289 2192 3397 2268">
    <p class='ocr_par' dir='ltr' id='par_1_57' title="bbox 2289 2192 3397 2268">
     <span class='ocr_line' id='line_1_59' title="bbox 2289 2192 3397 2268; baseline -0.006 -15"><span class='ocrx_word' id='word_1_326' title='bbox 2289 2199 2560 2255; x_wconf 79' lang='grc' dir='ltr'>Συνόδου</span> <span class='ocrx_word' id='word_1_327' title='bbox 2596 2196 3015 2268; x_wconf 75' lang='grc' dir='ltr'>Καρθαγέννης</span> <span class='ocrx_word' id='word_1_328' title='bbox 3053 2195 3261 2248; x_wconf 79' lang='grc' dir='ltr'><em>κανὼν</em></span> <span class='ocrx_word' id='word_1_329' title='bbox 3296 2192 3397 2264; x_wconf 62' lang='grc' dir='ltr'>με.</span> 
     </span>
    </p>
   </div>
   <div class='ocr_carea' id='block_1_58' title="bbox 2110 2291 2601 2362">
    <p class='ocr_par' dir='ltr' id='par_1_58' title="bbox 2110 2291 2601 2362">
     <span class='ocr_line' id='line_1_60' title="bbox 2110 2291 2601 2362; baseline -0.01 -13"><span class='ocrx_word' id='word_1_330' title='bbox 2110 2292 2247 2362; x_wconf 73' lang='grc' dir='ltr'><strong>Περὶ</strong></span> <span class='ocrx_word' id='word_1_331' title='bbox 2276 2291 2601 2360; x_wconf 76' lang='grc' dir='ltr'>παρθένων.</span> 
     </span>
    </p>
   </div>
   <div class='ocr_carea' id='block_1_59' title="bbox 2114 2371 3588 2455">
    <p class='ocr_par' dir='ltr' id='par_1_59' title="bbox 2114 2371 3588 2455">
     <span class='ocr_line' id='line_1_61' title="bbox 2114 2371 3588 2455; baseline -0.009 -19"><span class='ocrx_word' id='word_1_332' title='bbox 2114 2381 2222 2455; x_wconf 85' lang='grc' dir='ltr'>μδ’.</span> <span class='ocrx_word' id='word_1_333' title='bbox 2249 2382 2413 2434; x_wconf 84' lang='grc' dir='ltr'><strong>Ὥστε</strong></span> <span class='ocrx_word' id='word_1_334' title='bbox 2449 2382 2550 2443; x_wconf 86' lang='grc' dir='ltr'>τὰς</span> <span class='ocrx_word' id='word_1_335' title='bbox 2581 2378 2734 2451; x_wconf 78' lang='grc' dir='ltr'>ίεράς</span> <span class='ocrx_word' id='word_1_336' title='bbox 2765 2376 3090 2448; x_wconf 82' lang='grc' dir='ltr'>παρθένους,</span> <span class='ocrx_word' id='word_1_337' title='bbox 3117 2375 3214 2429; x_wconf 80' lang='grc' dir='ltr'>ὅτε</span> <span class='ocrx_word' id='word_1_338' title='bbox 3246 2373 3355 2426; x_wconf 84' lang='grc' dir='ltr'>τῶν</span> <span class='ocrx_word' id='word_1_339' title='bbox 3382 2371 3588 2442; x_wconf 74' lang='grc' dir='ltr'>πατέρων</span> 
     </span>
    </p>
   </div>
   <div class='ocr_carea' id='block_1_60' title="bbox 2044 2460 3579 2546">
    <p class='ocr_par' dir='ltr' id='par_1_60' title="bbox 2044 2460 3579 2546">
     <span class='ocr_line' id='line_1_62' title="bbox 2044 2460 3579 2546; baseline -0.008 -18"><span class='ocrx_word' id='word_1_340' title='bbox 2044 2472 2369 2546; x_wconf 82' lang='grc' dir='ltr'>χωρίζονται</span> <span class='ocrx_word' id='word_1_341' title='bbox 2402 2471 2462 2538; x_wconf 78' lang='grc' dir='ltr'>ἐξ</span> <span class='ocrx_word' id='word_1_342' title='bbox 2488 2465 2563 2526; x_wconf 84' lang='grc' dir='ltr'>ὧν</span> <span class='ocrx_word' id='word_1_343' title='bbox 2583 2469 2945 2538; x_wconf 75' lang='grc' dir='ltr'><strong>ἐφυλάττοντο</strong></span> <span class='ocrx_word' id='word_1_344' title='bbox 2962 2507 2978 2531; x_wconf 88' lang='grc'><strong>,</strong></span> <span class='ocrx_word' id='word_1_345' title='bbox 3003 2468 3071 2538; x_wconf 81' lang='grc' dir='ltr'>τῇ</span> <span class='ocrx_word' id='word_1_346' title='bbox 3105 2465 3205 2519; x_wconf 80' lang='grc' dir='ltr'><strong>τοῦ</strong></span> <span class='ocrx_word' id='word_1_347' title='bbox 3236 2463 3529 2526; x_wconf 74' lang='grc' dir='ltr'>ἐπισκόπου,</span> <span class='ocrx_word' id='word_1_348' title='bbox 3553 2460 3579 2530; x_wconf 67' lang='grc' dir='ltr'>ἢ</span> 
     </span>
    </p>
   </div>
   <div class='ocr_carea' id='block_1_61' title="bbox 2046 2552 3585 2632">
    <p class='ocr_par' dir='ltr' id='par_1_61' title="bbox 2046 2552 3585 2632">
     <span class='ocr_line' id='line_1_63' title="bbox 2046 2552 3585 2632; baseline -0.01 -13"><span class='ocrx_word' id='word_1_349' title='bbox 2046 2564 2213 2620; x_wconf 81' lang='grc' dir='ltr'>αὐτοῦ</span> <span class='ocrx_word' id='word_1_350' title='bbox 2262 2562 2494 2626; x_wconf 78' lang='grc' dir='ltr'>ἀπόντος</span> <span class='ocrx_word' id='word_1_351' title='bbox 2540 2565 2609 2632; x_wconf 76' lang='grc' dir='ltr'>τῇ</span> <span class='ocrx_word' id='word_1_352' title='bbox 2656 2561 2755 2614; x_wconf 78' lang='grc' dir='ltr'>τοῦ</span> <span class='ocrx_word' id='word_1_353' title='bbox 2805 2558 3186 2629; x_wconf 76' lang='grc' dir='ltr'>πρεσϐυτέρου</span> <span class='ocrx_word' id='word_1_354' title='bbox 3236 2553 3468 2626; x_wconf 77' lang='grc' dir='ltr'>προνοίᾳ,</span> <span class='ocrx_word' id='word_1_355' title='bbox 3496 2552 3585 2612; x_wconf 75' lang='grc' dir='ltr'>ταῖς</span> 
     </span>
    </p>
   </div>
   <div class='ocr_carea' id='block_1_62' title="bbox 2045 2639 3586 2726">
    <p class='ocr_par' dir='ltr' id='par_1_62' title="bbox 2045 2639 3586 2726">
     <span class='ocr_line' id='line_1_64' title="bbox 2045 2639 3586 2726; baseline -0.01 -17"><span class='ocrx_word' id='word_1_356' title='bbox 2045 2654 2401 2726; x_wconf 80' lang='grc' dir='ltr'>τιμιωτέραις</span> <span class='ocrx_word' id='word_1_357' title='bbox 2430 2652 2647 2722; x_wconf 74' lang='grc' dir='ltr'>γυναιξὶ</span> <span class='ocrx_word' id='word_1_358' title='bbox 2677 2650 3110 2722; x_wconf 78' lang='grc' dir='ltr'>παρατίθεσθαιο</span> <span class='ocrx_word' id='word_1_359' title='bbox 3146 2647 3184 2718; x_wconf 80' lang='grc' dir='ltr'>ἢ</span> <span class='ocrx_word' id='word_1_360' title='bbox 3216 2646 3333 2716; x_wconf 68' lang='grc' dir='ltr'>ἅμα</span> <span class='ocrx_word' id='word_1_361' title='bbox 3352 2639 3586 2697; x_wconf 64' lang='lat' dir='ltr'><strong>anatomi-</strong></span> 
     </span>
    </p>
   </div>
   <div class='ocr_carea' id='block_1_63' title="bbox 2049 2734 3584 2816">
    <p class='ocr_par' dir='ltr' id='par_1_63' title="bbox 2049 2734 3584 2816">
     <span class='ocr_line' id='line_1_65' title="bbox 2049 2734 3584 2816; baseline -0.01 -17"><span class='ocrx_word' id='word_1_362' title='bbox 2049 2763 2148 2809; x_wconf 88' lang='grc' dir='ltr'><strong>σας</strong></span> <span class='ocrx_word' id='word_1_363' title='bbox 2171 2745 2406 2816; x_wconf 83' lang='grc' dir='ltr'>ἀλλήλας</span> <span class='ocrx_word' id='word_1_364' title='bbox 2440 2742 2730 2813; x_wconf 79' lang='grc' dir='ltr'>φυλάττειν</span> <span class='ocrx_word' id='word_1_365' title='bbox 2749 2781 2765 2807; x_wconf 88' lang='grc'><strong>,</strong></span> <span class='ocrx_word' id='word_1_366' title='bbox 2797 2742 2885 2795; x_wconf 85' lang='grc' dir='ltr'>ῐνα</span> <span class='ocrx_word' id='word_1_367' title='bbox 2922 2740 3000 2811; x_wconf 75' lang='grc' dir='ltr'>μὴ</span> <span class='ocrx_word' id='word_1_368' title='bbox 3030 2735 3319 2808; x_wconf 76' lang='grc' dir='ltr'>πανταχοῦ</span> <span class='ocrx_word' id='word_1_369' title='bbox 3358 2734 3584 2803; x_wconf 79' lang='grc' dir='ltr'>πλαζόμε-</span> 
     </span>
    </p>
   </div>
   <div class='ocr_carea' id='block_1_64' title="bbox 2125 3179 3532 3271">
    <p class='ocr_par' dir='ltr' id='par_1_64' title="bbox 2125 3179 3532 3271">
     <span class='ocr_line' id='line_1_66' title="bbox 2125 3179 3532 3271; baseline -0.01 -18"><span class='ocrx_word' id='word_1_370' title='bbox 2125 3199 2233 3271; x_wconf 64' lang='grc' dir='ltr'>μξ.</span> <span class='ocrx_word' id='word_1_371' title='bbox 2269 3199 2423 3269; x_wconf 79' lang='grc' dir='ltr'>Μήτε</span> <span class='ocrx_word' id='word_1_372' title='bbox 2452 3198 2509 3249; x_wconf 78' lang='grc' dir='ltr'>ὲν</span> <span class='ocrx_word' id='word_1_373' title='bbox 2536 3179 2765 3268; x_wconf 79' lang='grc' dir='ltr'>ἀνδρῴῳ</span> <span class='ocrx_word' id='word_1_374' title='bbox 2792 3190 3140 3263; x_wconf 84' lang='grc' dir='ltr'>μοναστηρίῳ</span> <span class='ocrx_word' id='word_1_375' title='bbox 3167 3187 3330 3259; x_wconf 76' lang='grc' dir='ltr'>γυνὴ,</span> <span class='ocrx_word' id='word_1_376' title='bbox 3360 3202 3412 3241; x_wconf 80' lang='grc' dir='ltr'><strong>ιι.</strong></span> <span class='ocrx_word' id='word_1_377' title='bbox 3431 3202 3475 3240; x_wconf 87' lang='grc' dir='ltr'>τ.</span> <span class='ocrx_word' id='word_1_378' title='bbox 3493 3184 3532 3239; x_wconf 90' lang='grc' dir='ltr'>λ.</span> 
     </span>
    </p>
   </div>
   <div class='ocr_carea' id='block_1_65' title="bbox 2126 3369 3583 3453">
    <p class='ocr_par' dir='ltr' id='par_1_65' title="bbox 2126 3369 3583 3453">
     <span class='ocr_line' id='line_1_67' title="bbox 2126 3369 3583 3453; baseline -0.01 -18"><span class='ocrx_word' id='word_1_379' title='bbox 2126 3380 2239 3453; x_wconf 81' lang='grc' dir='ltr'>μη’.</span> <span class='ocrx_word' id='word_1_380' title='bbox 2273 3380 2337 3434; x_wconf 84' lang='grc' dir='ltr'><strong>Ἢ</strong></span> <span class='ocrx_word' id='word_1_381' title='bbox 2360 3379 2454 3432; x_wconf 82' lang='grc' dir='ltr'>τοῦ</span> <span class='ocrx_word' id='word_1_382' title='bbox 2482 3377 2617 3449; x_wconf 68' lang='grc' dir='ltr'>πρὸς</span> <span class='ocrx_word' id='word_1_383' title='bbox 2644 3376 2950 3446; x_wconf 78' lang='grc' dir='ltr'>ἐπισκοπῆς</span> <span class='ocrx_word' id='word_1_384' title='bbox 2972 3372 3270 3444; x_wconf 76' lang='grc' dir='ltr'>προεδρίαν</span> <span class='ocrx_word' id='word_1_385' title='bbox 3299 3369 3583 3441; x_wconf 69' lang='grc' dir='ltr'>ἀναγομένου</span> 
     </span>
    </p>
   </div>
   <div class='ocr_carea' id='block_1_66' title="bbox 2052 3470 2454 3545">
    <p class='ocr_par' dir='ltr' id='par_1_66' title="bbox 2052 3470 2454 3545">
     <span class='ocr_line' id='line_1_68' title="bbox 2052 3470 2454 3545; baseline -0.01 -16"><span class='ocrx_word' id='word_1_386' title='bbox 2052 3473 2212 3545; x_wconf 80' lang='grc' dir='ltr'>γυνὴ,</span> <span class='ocrx_word' id='word_1_387' title='bbox 2248 3491 2302 3526; x_wconf 85' lang='grc' dir='ltr'>κ.</span> <span class='ocrx_word' id='word_1_388' title='bbox 2326 3489 2376 3524; x_wconf 87' lang='grc' dir='ltr'>τ.</span> <span class='ocrx_word' id='word_1_389' title='bbox 2404 3470 2454 3525; x_wconf 91' lang='grc' dir='ltr'>λ.</span> 
     </span>
    </p>
   </div>
   <div class='ocr_carea' id='block_1_67' title="bbox 2157 3572 3505 3647">
    <p class='ocr_par' dir='ltr' id='par_1_67' title="bbox 2157 3572 3505 3647">
     <span class='ocr_line' id='line_1_69' title="bbox 2157 3572 3505 3647; baseline -0.009 -9"><span class='ocrx_word' id='word_1_390' title='bbox 2157 3581 2428 3637; x_wconf 79' lang='grc' dir='ltr'>Συνόδου</span> <span class='ocrx_word' id='word_1_391' title='bbox 2464 3578 2713 3643; x_wconf 79' lang='grc' dir='ltr'>Νικαίας</span> <span class='ocrx_word' id='word_1_392' title='bbox 2749 3577 2818 3631; x_wconf 85' lang='grc' dir='ltr'>τὸ</span> <span class='ocrx_word' id='word_1_393' title='bbox 2853 3574 2932 3640; x_wconf 81' lang='grc' dir='ltr'><strong>β’,</strong></span> <span class='ocrx_word' id='word_1_394' title='bbox 2972 3575 3180 3632; x_wconf 76' lang='grc' dir='ltr'><em>κανὼν</em></span> <span class='ocrx_word' id='word_1_395' title='bbox 3220 3575 3310 3647; x_wconf 86' lang='grc' dir='ltr'>ιη’,</span> <span class='ocrx_word' id='word_1_396' title='bbox 3332 3572 3505 3643; x_wconf 81' lang='grc' dir='ltr'><strong>κ’,κβ⁴.</strong></span> 
     </span>
    </p>
   </div>
   <div class='ocr_carea' id='block_1_68' title="bbox 2131 3666 3585 3741">
    <p class='ocr_par' dir='ltr' id='par_1_68' title="bbox 2131 3666 3585 3741">
     <span class='ocr_line' id='line_1_70' title="bbox 2131 3666 3585 3741; baseline -0.009 -13"><span class='ocrx_word' id='word_1_397' title='bbox 2131 3676 2260 3728; x_wconf 86' lang='grc' dir='ltr'>Ὀτι</span> <span class='ocrx_word' id='word_1_398' title='bbox 2307 3676 2379 3726; x_wconf 86' lang='grc' dir='ltr'>οὺ</span> <span class='ocrx_word' id='word_1_399' title='bbox 2426 3671 2516 3725; x_wconf 83' lang='grc' dir='ltr'>δεῖ</span> <span class='ocrx_word' id='word_1_400' title='bbox 2554 3670 2810 3741; x_wconf 72' lang='grc' dir='ltr'>γυναῖκα</span> <span class='ocrx_word' id='word_1_401' title='bbox 2827 3666 3242 3723; x_wconf 75' lang='grc' dir='ltr'>ἐνδιαιτᾶσθαι</span> <span class='ocrx_word' id='word_1_402' title='bbox 3282 3669 3351 3724; x_wconf 74' lang='grc' dir='ltr'>ἐν</span> <span class='ocrx_word' id='word_1_403' title='bbox 3385 3669 3585 3721; x_wconf 61' lang='lat' dir='ltr'><strong>serrano-</strong></span> 
     </span>
    </p>
   </div>
   <div class='ocr_carea' id='block_1_69' title="bbox 2049 3760 3256 3832">
    <p class='ocr_par' dir='ltr' id='par_1_69' title="bbox 2049 3760 3256 3832">
     <span class='ocr_line' id='line_1_71' title="bbox 2049 3760 3256 3832; baseline -0.003 -13"><span class='ocrx_word' id='word_1_404' title='bbox 2049 3765 2261 3830; x_wconf 83' lang='grc' dir='ltr'>πείοις,</span> <span class='ocrx_word' id='word_1_405' title='bbox 2302 3764 2342 3832; x_wconf 80' lang='grc' dir='ltr'><strong>ἢ</strong></span> <span class='ocrx_word' id='word_1_406' title='bbox 2372 3764 2443 3817; x_wconf 83' lang='grc' dir='ltr'><strong>ἐν</strong></span> <span class='ocrx_word' id='word_1_407' title='bbox 2476 3761 2769 3831; x_wconf 74' lang='grc' dir='ltr'>ἀνδρῴοις</span> <span class='ocrx_word' id='word_1_408' title='bbox 2799 3760 3256 3830; x_wconf 80' lang='grc' dir='ltr'>μοναστηρίοις.</span> 
     </span>
    </p>
   </div>
   <div class='ocr_carea' id='block_1_70' title="bbox 2122 3849 3581 3927">
    <p class='ocr_par' dir='ltr' id='par_1_70' title="bbox 2122 3849 3581 3927">
     <span class='ocr_line' id='line_1_72' title="bbox 2122 3849 3581 3927; baseline -0.006 -18"><span class='ocrx_word' id='word_1_409' title='bbox 2122 3854 2193 3927; x_wconf 80' lang='grc' dir='ltr'><strong>ιη’</strong></span> <span class='ocrx_word' id='word_1_410' title='bbox 2222 3852 3050 3924; x_wconf 71' lang='grc' dir='ltr'>’ᾼπρόσκοποιγινεσθε,φησὶν</span> <span class='ocrx_word' id='word_1_411' title='bbox 3075 3854 3104 3905; x_wconf 80' lang='grc' dir='ltr'><strong>ὁ</strong></span> <span class='ocrx_word' id='word_1_412' title='bbox 3124 3852 3273 3916; x_wconf 87' lang='grc' dir='ltr'>θεῖος</span> <span class='ocrx_word' id='word_1_413' title='bbox 3291 3849 3581 3909; x_wconf 77' lang='grc' dir='ltr'>Ἀπόστολος,</span> 
     </span>
    </p>
   </div>
   <div class='ocr_carea' id='block_1_71' title="bbox 2050 3945 2256 4003">
    <p class='ocr_par' dir='ltr' id='par_1_71' title="bbox 2050 3945 2256 4003">
     <span class='ocr_line' id='line_1_73' title="bbox 2050 3945 2256 4003; baseline -0.015 -2"><span class='ocrx_word' id='word_1_414' title='bbox 2050 3965 2107 4003; x_wconf 83' lang='grc' dir='ltr'><strong>κ.</strong></span> <span class='ocrx_word' id='word_1_415' title='bbox 2130 3964 2184 4000; x_wconf 89' lang='grc' dir='ltr'><strong>τ.</strong></span> <span class='ocrx_word' id='word_1_416' title='bbox 2206 3945 2256 3999; x_wconf 91' lang='grc' dir='ltr'>λ.</span> 
     </span>
    </p>
   </div>
   <div class='ocr_carea' id='block_1_72' title="bbox 2123 4028 3585 4103">
    <p class='ocr_par' dir='ltr' id='par_1_72' title="bbox 2123 4028 3585 4103">
     <span class='ocr_line' id='line_1_74' title="bbox 2123 4028 3585 4103; baseline -0.004 -13"><span class='ocrx_word' id='word_1_417' title='bbox 2123 4038 2253 4090; x_wconf 80' lang='grc' dir='ltr'><strong>ὀτι</strong></span> <span class='ocrx_word' id='word_1_418' title='bbox 2285 4036 2358 4090; x_wconf 86' lang='grc' dir='ltr'>οὺ</span> <span class='ocrx_word' id='word_1_419' title='bbox 2373 4034 2464 4089; x_wconf 80' lang='grc' dir='ltr'><strong>δεῖ</strong></span> <span class='ocrx_word' id='word_1_420' title='bbox 2493 4032 2613 4088; x_wconf 76' lang='grc' dir='ltr'>ἀπὸ</span> <span class='ocrx_word' id='word_1_421' title='bbox 2635 4033 2743 4087; x_wconf 86' lang='grc' dir='ltr'>τοῦ</span> <span class='ocrx_word' id='word_1_422' title='bbox 2758 4034 3055 4102; x_wconf 77' lang='grc' dir='ltr'>παρόντος</span> <span class='ocrx_word' id='word_1_423' title='bbox 3085 4035 3356 4103; x_wconf 66' lang='lat' dir='ltr'><strong>rimabar</strong></span> <span class='ocrx_word' id='word_1_424' title='bbox 3373 4028 3585 4085; x_wconf 59' lang='grc' dir='ltr'>διπλοῦν</span> 
     </span>
    </p>
   </div>
   <div class='ocr_carea' id='block_1_73' title="bbox 2045 4123 3583 4198">
    <p class='ocr_par' dir='ltr' id='par_1_73' title="bbox 2045 4123 3583 4198">
     <span class='ocr_line' id='line_1_75' title="bbox 2045 4123 3583 4198; baseline -0.005 -16"><span class='ocrx_word' id='word_1_425' title='bbox 2045 4126 2487 4198; x_wconf 78' lang='grc' dir='ltr'>μοναστήριον,</span> <span class='ocrx_word' id='word_1_426' title='bbox 2528 4125 2626 4179; x_wconf 79' lang='grc' dir='ltr'>καί</span> <span class='ocrx_word' id='word_1_427' title='bbox 2684 4125 2821 4193; x_wconf 77' lang='grc' dir='ltr'>περὶ</span> <span class='ocrx_word' id='word_1_428' title='bbox 2872 4124 2993 4179; x_wconf 76' lang='grc' dir='ltr'>τῶν</span> <span class='ocrx_word' id='word_1_429' title='bbox 3029 4123 3265 4179; x_wconf 74' lang='grc' dir='ltr'>διπλῶν</span> <span class='ocrx_word' id='word_1_430' title='bbox 3324 4133 3583 4194; x_wconf 63' lang='lat' dir='ltr'><strong>{tardam-</strong></span> 
     </span>
    </p>
   </div>
   <div class='ocr_carea' id='block_1_74' title="bbox 2044 4220 2217 4287">
    <p class='ocr_par' dir='ltr' id='par_1_74' title="bbox 2044 4220 2217 4287">
     <span class='ocr_line' id='line_1_76' title="bbox 2044 4220 2217 4287; baseline -0.012 -16"><span class='ocrx_word' id='word_1_431' title='bbox 2044 4220 2217 4287; x_wconf 75' lang='grc' dir='ltr'>ρίων,</span> 
     </span>
    </p>
   </div>
   <div class='ocr_carea' id='block_1_75' title="bbox 439 4295 1944 4380">
    <p class='ocr_par' dir='ltr' id='par_1_75' title="bbox 439 4304 1940 4380">
     <span class='ocr_line' id='line_1_77' title="bbox 439 4304 1940 4380; baseline 0.005 -21"><span class='ocrx_word' id='word_1_432' title='bbox 439 4304 533 4360; x_wconf 74' lang='lat'><strong>20.</strong></span> <span class='ocrx_word' id='word_1_433' title='bbox 578 4305 626 4360; x_wconf 68' lang='grc' dir='ltr'><strong>Α</strong></span> <span class='ocrx_word' id='word_1_434' title='bbox 653 4307 906 4374; x_wconf 70' lang='lat' dir='ltr'><strong>prazsenti</strong></span> <span class='ocrx_word' id='word_1_435' title='bbox 953 4308 1246 4363; x_wconf 83' lang='lat' dir='ltr'><strong>statuimus</strong></span> <span class='ocrx_word' id='word_1_436' title='bbox 1277 4323 1385 4363; x_wconf 90' lang='lat' dir='ltr'><strong>non</strong></span> <span class='ocrx_word' id='word_1_437' title='bbox 1423 4307 1539 4363; x_wconf 79' lang='lat' dir='ltr'><strong>fieri</strong></span> <span class='ocrx_word' id='word_1_438' title='bbox 1569 4308 1771 4380; x_wconf 78' lang='lat' dir='ltr'><strong>duplex</strong></span> <span class='ocrx_word' id='word_1_439' title='bbox 1820 4326 1940 4365; x_wconf 84' lang='lat' dir='ltr'><strong>mo-</strong></span> 
     </span>
    </p>
   </div>
   <div class='ocr_carea' id='block_1_76' title="bbox 2082 4295 3583 4380">
    <p class='ocr_par' dir='ltr' id='par_1_76' title="bbox 2117 4295 3583 4376">
     <span class='ocr_line' id='line_1_78' title="bbox 2117 4295 3583 4376; baseline -0.008 -15"><span class='ocrx_word' id='word_1_440' title='bbox 2117 4314 2187 4365; x_wconf 84' lang='grc' dir='ltr'><strong>κ’.</strong></span> <span class='ocrx_word' id='word_1_441' title='bbox 2222 4305 2356 4359; x_wconf 79' lang='grc' dir='ltr'><strong>Ἀπὸ</strong></span> <span class='ocrx_word' id='word_1_442' title='bbox 2387 4304 2485 4359; x_wconf 81' lang='grc' dir='ltr'>τοῦ</span> <span class='ocrx_word' id='word_1_443' title='bbox 2513 4301 3098 4376; x_wconf 66' lang='grc' dir='ltr'>παρόντοςίόρίζομεν,</span> <span class='ocrx_word' id='word_1_444' title='bbox 3138 4301 3216 4372; x_wconf 76' lang='grc' dir='ltr'>μὴ</span> <span class='ocrx_word' id='word_1_445' title='bbox 3265 4300 3487 4370; x_wconf 75' lang='grc' dir='ltr'>γίνεσθαι</span> <span class='ocrx_word' id='word_1_446' title='bbox 3520 4295 3583 4348; x_wconf 72' lang='grc' dir='ltr'><strong>δι·</strong></span> 
     </span>
    </p>
   </div>
   <div class='ocr_carea' id='block_1_77' title="bbox 369 4382 1944 4467">
    <p class='ocr_par' dir='ltr' id='par_1_77' title="bbox 369 4394 1944 4465">
     <span class='ocr_line' id='line_1_79' title="bbox 369 4394 1944 4465; baseline 0.004 -17"><span class='ocrx_word' id='word_1_447' title='bbox 369 4394 693 4460; x_wconf 85' lang='lat' dir='ltr'><strong>nasterium,</strong></span> <span class='ocrx_word' id='word_1_448' title='bbox 738 4396 997 4465; x_wconf 86' lang='lat' dir='ltr'><strong>quoniam</strong></span> <span class='ocrx_word' id='word_1_449' title='bbox 1045 4397 1151 4451; x_wconf 92' lang='lat' dir='ltr'><strong>hoc</strong></span> <span class='ocrx_word' id='word_1_450' title='bbox 1194 4397 1251 4451; x_wconf 83' lang='lat' dir='ltr'><strong>lit</strong></span> <span class='ocrx_word' id='word_1_451' title='bbox 1298 4398 1485 4454; x_wconf 89' lang='lat' dir='ltr'><strong>multis</strong></span> <span class='ocrx_word' id='word_1_452' title='bbox 1529 4398 1845 4454; x_wconf 72' lang='lat' dir='ltr'><strong>scandalum</strong></span> <span class='ocrx_word' id='word_1_453' title='bbox 1891 4410 1944 4455; x_wconf 92' lang='lat' dir='ltr'><strong>et</strong></span> 
     </span>
    </p>
   </div>
   <div class='ocr_carea' id='block_1_78' title="bbox 2082 4382 3582 4467">
    <p class='ocr_par' dir='ltr' id='par_1_78' title="bbox 2082 4391 3582 4467">
     <span class='ocr_line' id='line_1_80' title="bbox 2082 4391 3582 4467; baseline -0.007 -16"><span class='ocrx_word' id='word_1_454' title='bbox 2082 4397 2216 4452; x_wconf 76' lang='grc' dir='ltr'>τλοῦν</span> <span class='ocrx_word' id='word_1_455' title='bbox 2271 4396 2653 4467; x_wconf 83' lang='grc' dir='ltr'>μοναστήριον,</span> <span class='ocrx_word' id='word_1_456' title='bbox 2682 4395 2765 4448; x_wconf 85' lang='grc' dir='ltr'>ὅτι</span> <span class='ocrx_word' id='word_1_457' title='bbox 2810 4393 3103 4446; x_wconf 80' lang='grc' dir='ltr'>σκάνδαλον</span> <span class='ocrx_word' id='word_1_458' title='bbox 3154 4394 3249 4446; x_wconf 75' lang='grc' dir='ltr'><strong>καὶ</strong></span> <span class='ocrx_word' id='word_1_459' title='bbox 3297 4391 3582 4462; x_wconf 62' lang='grc' dir='ltr'>πρόσκομμα</span> 
     </span>
    </p>
   </div>
   <div class='ocr_carea' id='block_1_79' title="bbox 368 4482 1944 4556">
    <p class='ocr_par' dir='ltr' id='par_1_79' title="bbox 368 4482 1944 4556">
     <span class='ocr_line' id='line_1_81' title="bbox 368 4482 1944 4556; baseline 0.005 -19"><span class='ocrx_word' id='word_1_460' title='bbox 368 4482 617 4538; x_wconf 78' lang='lat' dir='ltr'><strong>oﬂ‘eusio.</strong></span> <span class='ocrx_word' id='word_1_461' title='bbox 665 4484 723 4537; x_wconf 82' lang='lat' dir='ltr'><strong>Si</strong></span> <span class='ocrx_word' id='word_1_462' title='bbox 753 4486 846 4555; x_wconf 87' lang='lat' dir='ltr'><strong>qui</strong></span> <span class='ocrx_word' id='word_1_463' title='bbox 875 4496 1058 4540; x_wconf 89' lang='lat' dir='ltr'><strong>autem</strong></span> <span class='ocrx_word' id='word_1_464' title='bbox 1090 4488 1279 4542; x_wconf 90' lang='lat' dir='ltr'><strong>volunt</strong></span> <span class='ocrx_word' id='word_1_465' title='bbox 1306 4503 1431 4543; x_wconf 92' lang='lat' dir='ltr'><strong>cum</strong></span> <span class='ocrx_word' id='word_1_466' title='bbox 1462 4490 1709 4556; x_wconf 76' lang='lat' dir='ltr'><strong>cognatis</strong></span> <span class='ocrx_word' id='word_1_467' title='bbox 1741 4491 1944 4545; x_wconf 87' lang='lat' dir='ltr'><strong>mundo</strong></span> 
     </span>
    </p>
   </div>
   <div class='ocr_carea' id='block_1_80' title="bbox 2082 4482 3581 4556">
    <p class='ocr_par' dir='ltr' id='par_1_80' title="bbox 2082 4483 3581 4554">
     <span class='ocr_line' id='line_1_82' title="bbox 2082 4483 3581 4554; baseline -0.009 -12"><span class='ocrx_word' id='word_1_468' title='bbox 2082 4491 2162 4551; x_wconf 85' lang='grc' dir='ltr'><strong>οῖς</strong></span> <span class='ocrx_word' id='word_1_469' title='bbox 2204 4486 2421 4549; x_wconf 82' lang='grc' dir='ltr'>πολλοῖς</span> <span class='ocrx_word' id='word_1_470' title='bbox 2450 4485 2613 4539; x_wconf 82' lang='grc' dir='ltr'>τοῦτο</span> <span class='ocrx_word' id='word_1_471' title='bbox 2634 4484 2877 4553; x_wconf 84' lang='grc' dir='ltr'>γίνεται·</span> <span class='ocrx_word' id='word_1_472' title='bbox 2926 4486 2975 4537; x_wconf 88' lang='grc' dir='ltr'><strong>εί</strong></span> <span class='ocrx_word' id='word_1_473' title='bbox 3006 4483 3062 4537; x_wconf 85' lang='grc' dir='ltr'><strong>δέ</strong></span> <span class='ocrx_word' id='word_1_474' title='bbox 3088 4501 3235 4547; x_wconf 82' lang='grc' dir='ltr'>τινες</span> <span class='ocrx_word' id='word_1_475' title='bbox 3265 4484 3398 4554; x_wconf 81' lang='grc' dir='ltr'><strong>μετά</strong></span> <span class='ocrx_word' id='word_1_476' title='bbox 3425 4494 3581 4545; x_wconf 78' lang='grc' dir='ltr'>συγγε-</span> 
     </span>
    </p>
   </div>
   <div class='ocr_carea' id='block_1_81' title="bbox 366 4576 1944 4652">
    <p class='ocr_par' dir='ltr' id='par_1_81' title="bbox 366 4576 1944 4652">
     <span class='ocr_line' id='line_1_83' title="bbox 366 4576 1944 4652; baseline 0.003 -21"><span class='ocrx_word' id='word_1_477' title='bbox 366 4576 707 4641; x_wconf 88' lang='lat' dir='ltr'><strong>renuntiare,</strong></span> <span class='ocrx_word' id='word_1_478' title='bbox 737 4589 790 4632; x_wconf 88' lang='lat' dir='ltr'><strong>et</strong></span> <span class='ocrx_word' id='word_1_479' title='bbox 820 4577 985 4632; x_wconf 86' lang='lat' dir='ltr'><strong>vitam</strong></span> <span class='ocrx_word' id='word_1_480' title='bbox 1032 4579 1186 4649; x_wconf 89' lang='lat' dir='ltr'><strong>sequi</strong></span> <span class='ocrx_word' id='word_1_481' title='bbox 1229 4581 1608 4646; x_wconf 84' lang='lat' dir='ltr'><strong>monasticam,</strong></span> <span class='ocrx_word' id='word_1_482' title='bbox 1647 4582 1791 4638; x_wconf 84' lang='lat' dir='ltr'><strong>viros</strong></span> <span class='ocrx_word' id='word_1_483' title='bbox 1820 4583 1944 4652; x_wconf 89' lang='lat' dir='ltr'><strong>qui-</strong></span> 
     </span>
    </p>
   </div>
   <div class='ocr_carea' id='block_1_82' title="bbox 367 4669 1944 4739">
    <p class='ocr_par' dir='ltr' id='par_1_82' title="bbox 367 4669 1944 4739">
     <span class='ocr_line' id='line_1_84' title="bbox 367 4669 1944 4739; baseline 0.004 -17"><span class='ocrx_word' id='word_1_484' title='bbox 367 4669 491 4722; x_wconf 89' lang='lat' dir='ltr'><strong>dem</strong></span> <span class='ocrx_word' id='word_1_485' title='bbox 521 4677 738 4738; x_wconf 89' lang='lat' dir='ltr'><strong>oportet</strong></span> <span class='ocrx_word' id='word_1_486' title='bbox 768 4671 822 4723; x_wconf 91' lang='lat' dir='ltr'><strong>in</strong></span> <span class='ocrx_word' id='word_1_487' title='bbox 868 4669 1109 4723; x_wconf 85' lang='lat' dir='ltr'><strong>virorum</strong></span> <span class='ocrx_word' id='word_1_488' title='bbox 1161 4673 1492 4727; x_wconf 84' lang='lat' dir='ltr'><strong>monasteria</strong></span> <span class='ocrx_word' id='word_1_489' title='bbox 1524 4673 1832 4739; x_wconf 87' lang='lat' dir='ltr'><strong>discedere;</strong></span> <span class='ocrx_word' id='word_1_490' title='bbox 1866 4674 1944 4728; x_wconf 82' lang='lat' dir='ltr'><strong>ie-</strong></span> 
     </span>
    </p>
   </div>
   <div class='ocr_carea' id='block_1_83' title="bbox 366 4759 1945 4831">
    <p class='ocr_par' dir='ltr' id='par_1_83' title="bbox 366 4759 1945 4831">
     <span class='ocr_line' id='line_1_85' title="bbox 366 4759 1945 4831; baseline 0.004 -17"><span class='ocrx_word' id='word_1_491' title='bbox 366 4760 548 4815; x_wconf 88' lang='lat' dir='ltr'><strong>minas</strong></span> <span class='ocrx_word' id='word_1_492' title='bbox 573 4770 754 4814; x_wconf 88' lang='lat' dir='ltr'><strong>autem</strong></span> <span class='ocrx_word' id='word_1_493' title='bbox 787 4759 994 4831; x_wconf 80' lang='lat' dir='ltr'><strong>ingredi</strong></span> <span class='ocrx_word' id='word_1_494' title='bbox 1023 4761 1077 4815; x_wconf 81' lang='lat' dir='ltr'><strong>in</strong></span> <span class='ocrx_word' id='word_1_495' title='bbox 1114 4762 1401 4816; x_wconf 84' lang='lat' dir='ltr'><strong>mulierum</strong></span> <span class='ocrx_word' id='word_1_496' title='bbox 1436 4765 1769 4820; x_wconf 85' lang='lat' dir='ltr'><strong>monasteria</strong></span> <span class='ocrx_word' id='word_1_497' title='bbox 1797 4782 1812 4819; x_wconf 91' lang='lat'><strong>:</strong></span> <span class='ocrx_word' id='word_1_498' title='bbox 1841 4765 1945 4821; x_wconf 85' lang='lat' dir='ltr'><strong>hoc</strong></span> 
     </span>
    </p>
   </div>
   <div class='ocr_carea' id='block_1_84' title="bbox 364 4848 1944 4927">
    <p class='ocr_par' dir='ltr' id='par_1_84' title="bbox 364 4852 1944 4927">
     <span class='ocr_line' id='line_1_86' title="bbox 364 4852 1944 4927; baseline 0.004 -22"><span class='ocrx_word' id='word_1_499' title='bbox 364 4852 513 4906; x_wconf 90' lang='lat' dir='ltr'><strong>enim</strong></span> <span class='ocrx_word' id='word_1_500' title='bbox 545 4860 629 4905; x_wconf 85' lang='lat' dir='ltr'><strong>est</strong></span> <span class='ocrx_word' id='word_1_501' title='bbox 652 4852 764 4905; x_wconf 87' lang='lat' dir='ltr'><strong>Deo</strong></span> <span class='ocrx_word' id='word_1_502' title='bbox 793 4863 1099 4922; x_wconf 89' lang='lat' dir='ltr'><strong>acceptum.</strong></span> <span class='ocrx_word' id='word_1_503' title='bbox 1132 4854 1265 4919; x_wconf 66' lang='lat' dir='ltr'><strong>Quae</strong></span> <span class='ocrx_word' id='word_1_504' title='bbox 1295 4861 1476 4910; x_wconf 87' lang='lat' dir='ltr'><strong>autem</strong></span> <span class='ocrx_word' id='word_1_505' title='bbox 1504 4858 1804 4927; x_wconf 85' lang='lat' dir='ltr'><strong>hucusque</strong></span> <span class='ocrx_word' id='word_1_506' title='bbox 1844 4860 1944 4912; x_wconf 90' lang='lat' dir='ltr'><strong>du-</strong></span> 
     </span>
    </p>
   </div>
   <div class='ocr_carea' id='block_1_85' title="bbox 2082 4848 3581 4927">
    <p class='ocr_par' dir='ltr' id='par_1_85' title="bbox 2082 4848 3581 4923">
     <span class='ocr_line' id='line_1_87' title="bbox 2082 4848 3581 4923; baseline -0.009 -17"><span class='ocrx_word' id='word_1_507' title='bbox 2082 4852 2345 4923; x_wconf 68' lang='lat' dir='ltr'><strong>ovatzslq)</strong></span> <span class='ocrx_word' id='word_1_508' title='bbox 2370 4851 2720 4923; x_wconf 83' lang='grc' dir='ltr'>μοναστηρίῳ</span> <span class='ocrx_word' id='word_1_509' title='bbox 2740 4867 2754 4880; x_wconf 82' lang='grc'><strong>’</strong></span> <span class='ocrx_word' id='word_1_510' title='bbox 2800 4853 2893 4904; x_wconf 76' lang='grc' dir='ltr'><strong>ἐπὶ</strong></span> <span class='ocrx_word' id='word_1_511' title='bbox 2915 4851 3088 4922; x_wconf 82' lang='grc' dir='ltr'>τούτῳ</span> <span class='ocrx_word' id='word_1_512' title='bbox 3112 4851 3219 4921; x_wconf 79' lang='grc' dir='ltr'><strong>γὰρ</strong></span> <span class='ocrx_word' id='word_1_513' title='bbox 3259 4848 3581 4920; x_wconf 79' lang='grc' dir='ltr'>εὐαρεστεῖται</span> 
     </span>
    </p>
   </div>
   <div class='ocr_carea' id='block_1_86' title="bbox 366 4940 1944 5012">
    <p class='ocr_par' dir='ltr' id='par_1_86' title="bbox 366 4944 1944 5012">
     <span class='ocr_line' id='line_1_88' title="bbox 366 4944 1944 5012; baseline 0.003 -13"><span class='ocrx_word' id='word_1_514' title='bbox 366 4944 528 5012; x_wconf 85' lang='lat' dir='ltr'><strong>plicia</strong></span> <span class='ocrx_word' id='word_1_515' title='bbox 559 4945 802 5012; x_wconf 81' lang='lat' dir='ltr'><strong>luerunt,</strong></span> <span class='ocrx_word' id='word_1_516' title='bbox 833 4954 1118 5000; x_wconf 87' lang='lat' dir='ltr'><strong>serventur</strong></span> <span class='ocrx_word' id='word_1_517' title='bbox 1149 4947 1447 5002; x_wconf 88' lang='lat' dir='ltr'><strong>secundum</strong></span> <span class='ocrx_word' id='word_1_518' title='bbox 1482 4964 1743 5004; x_wconf 76' lang='lat' dir='ltr'><strong>canonem</strong></span> <span class='ocrx_word' id='word_1_519' title='bbox 1775 4950 1944 5005; x_wconf 86' lang='lat' dir='ltr'><strong>sancti</strong></span> 
     </span>
    </p>
   </div>
   <div class='ocr_carea' id='block_1_87' title="bbox 2082 4940 3579 5012">
    <p class='ocr_par' dir='ltr' id='par_1_87' title="bbox 2104 4940 3579 5012">
     <span class='ocr_line' id='line_1_89' title="bbox 2104 4940 3579 5012; baseline -0.007 -15"><span class='ocrx_word' id='word_1_520' title='bbox 2104 4945 2238 5008; x_wconf 86' lang='grc' dir='ltr'>Θεός</span> <span class='ocrx_word' id='word_1_521' title='bbox 2259 4960 2274 4975; x_wconf 76' lang='grc' dir='ltr'><strong>ο</strong></span> <span class='ocrx_word' id='word_1_522' title='bbox 2310 4944 2380 4997; x_wconf 89' lang='grc' dir='ltr'><strong>τά</strong></span> <span class='ocrx_word' id='word_1_523' title='bbox 2405 4942 2463 4996; x_wconf 82' lang='grc' dir='ltr'><strong>δὲ</strong></span> <span class='ocrx_word' id='word_1_524' title='bbox 2495 4943 2623 4996; x_wconf 74' lang='grc' dir='ltr'>ὄντα</span> <span class='ocrx_word' id='word_1_525' title='bbox 2651 4942 2755 5004; x_wconf 78' lang='grc' dir='ltr'><strong>ἕως</strong></span> <span class='ocrx_word' id='word_1_526' title='bbox 2783 4941 2878 4995; x_wconf 82' lang='grc' dir='ltr'>τοῦ</span> <span class='ocrx_word' id='word_1_527' title='bbox 2912 4942 3006 4996; x_wconf 81' lang='grc' dir='ltr'><strong>νῦν</strong></span> <span class='ocrx_word' id='word_1_528' title='bbox 3035 4944 3227 5005; x_wconf 77' lang='grc' dir='ltr'>διπλᾶ,</span> <span class='ocrx_word' id='word_1_529' title='bbox 3256 4940 3579 5012; x_wconf 73' lang='grc' dir='ltr'>κρατείτωσαν</span> 
     </span>
    </p>
   </div>
   <div class='ocr_carea' id='block_1_88' title="bbox 365 5028 1944 5104">
    <p class='ocr_par' dir='ltr' id='par_1_88' title="bbox 365 5034 1944 5104">
     <span class='ocr_line' id='line_1_90' title="bbox 365 5034 1944 5104; baseline 0.006 -17"><span class='ocrx_word' id='word_1_530' title='bbox 365 5034 547 5090; x_wconf 85' lang='lat' dir='ltr'><strong>Patris</strong></span> <span class='ocrx_word' id='word_1_531' title='bbox 591 5036 761 5092; x_wconf 90' lang='lat' dir='ltr'><strong>nostri</strong></span> <span class='ocrx_word' id='word_1_532' title='bbox 801 5035 1009 5100; x_wconf 85' lang='lat' dir='ltr'><strong>Basilii,</strong></span> <span class='ocrx_word' id='word_1_533' title='bbox 1036 5046 1091 5091; x_wconf 90' lang='lat' dir='ltr'><strong>et</strong></span> <span class='ocrx_word' id='word_1_534' title='bbox 1123 5040 1423 5093; x_wconf 87' lang='lat' dir='ltr'><strong>secundum</strong></span> <span class='ocrx_word' id='word_1_535' title='bbox 1453 5034 1575 5104; x_wconf 83' lang='lat' dir='ltr'><strong>ejus</strong></span> <span class='ocrx_word' id='word_1_536' title='bbox 1603 5043 1944 5096; x_wconf 85' lang='lat' dir='ltr'><strong>constitutio-</strong></span> 
     </span>
    </p>
   </div>
   <div class='ocr_carea' id='block_1_89' title="bbox 2082 5028 3575 5104">
    <p class='ocr_par' dir='ltr' id='par_1_89' title="bbox 2082 5028 3575 5104">
     <span class='ocr_line' id='line_1_91' title="bbox 2082 5028 3575 5104; baseline -0.003 -15"><span class='ocrx_word' id='word_1_537' title='bbox 2082 5035 2195 5089; x_wconf 76' lang='grc' dir='ltr'><strong>ιατά</strong></span> <span class='ocrx_word' id='word_1_538' title='bbox 2225 5035 2316 5089; x_wconf 87' lang='grc' dir='ltr'>τὸν</span> <span class='ocrx_word' id='word_1_539' title='bbox 2347 5034 2552 5088; x_wconf 84' lang='grc' dir='ltr'>κανόνα</span> <span class='ocrx_word' id='word_1_540' title='bbox 2575 5031 2670 5085; x_wconf 81' lang='grc' dir='ltr'>τοῦ</span> <span class='ocrx_word' id='word_1_541' title='bbox 2703 5033 2861 5100; x_wconf 81' lang='grc' dir='ltr'>ἁγίου</span> <span class='ocrx_word' id='word_1_542' title='bbox 2889 5034 3100 5102; x_wconf 79' lang='grc' dir='ltr'>[ἰατρὸς</span> <span class='ocrx_word' id='word_1_543' title='bbox 3133 5034 3288 5104; x_wconf 78' lang='grc' dir='ltr'>ἡμῶν</span> <span class='ocrx_word' id='word_1_544' title='bbox 3320 5028 3575 5085; x_wconf 70' lang='grc' dir='ltr'>Βασιλεῖουο</span> 
     </span>
    </p>
   </div>
   <div class='ocr_carea' id='block_1_90' title="bbox 367 5121 1944 5198">
    <p class='ocr_par' dir='ltr' id='par_1_90' title="bbox 367 5125 1944 5198">
     <span class='ocr_line' id='line_1_92' title="bbox 367 5125 1944 5198; baseline 0.004 -20"><span class='ocrx_word' id='word_1_545' title='bbox 367 5140 494 5180; x_wconf 90' lang='lat' dir='ltr'><strong>nem</strong></span> <span class='ocrx_word' id='word_1_546' title='bbox 543 5125 616 5181; x_wconf 89' lang='lat' dir='ltr'><strong>ita</strong></span> <span class='ocrx_word' id='word_1_547' title='bbox 672 5136 951 5198; x_wconf 77' lang='lat' dir='ltr'><strong>regantur.</strong></span> <span class='ocrx_word' id='word_1_548' title='bbox 999 5125 1057 5180; x_wconf 88' lang='lat' dir='ltr'><strong>In</strong></span> <span class='ocrx_word' id='word_1_549' title='bbox 1114 5142 1225 5182; x_wconf 91' lang='lat' dir='ltr'><strong>uno</strong></span> <span class='ocrx_word' id='word_1_550' title='bbox 1271 5136 1454 5183; x_wconf 87' lang='lat' dir='ltr'><strong>autem</strong></span> <span class='ocrx_word' id='word_1_551' title='bbox 1504 5130 1833 5185; x_wconf 80' lang='lat' dir='ltr'><strong>monasterio</strong></span> <span class='ocrx_word' id='word_1_552' title='bbox 1881 5146 1944 5185; x_wconf 69' lang='lat' dir='ltr'><strong>ne</strong></span> 
     </span>
    </p>
   </div>
   <div class='ocr_carea' id='block_1_91' title="bbox 2082 5121 3577 5198">
    <p class='ocr_par' dir='ltr' id='par_1_91' title="bbox 2082 5121 3577 5196">
     <span class='ocr_line' id='line_1_93' title="bbox 2082 5121 3577 5196; baseline -0.007 -17"><span class='ocrx_word' id='word_1_553' title='bbox 2082 5129 2148 5180; x_wconf 77' lang='lat' dir='ltr'><strong>:at‘t</strong></span> <span class='ocrx_word' id='word_1_554' title='bbox 2173 5126 2315 5179; x_wconf 89' lang='grc' dir='ltr'>κατά</span> <span class='ocrx_word' id='word_1_555' title='bbox 2336 5125 2432 5195; x_wconf 86' lang='grc' dir='ltr'>τὴν</span> <span class='ocrx_word' id='word_1_556' title='bbox 2452 5124 2713 5196; x_wconf 79' lang='grc' dir='ltr'>διαταγὴν</span> <span class='ocrx_word' id='word_1_557' title='bbox 2742 5124 2931 5191; x_wconf 82' lang='grc' dir='ltr'>αὐτοῦ,</span> <span class='ocrx_word' id='word_1_558' title='bbox 2954 5124 3095 5177; x_wconf 76' lang='grc' dir='ltr'>οὕτω</span> <span class='ocrx_word' id='word_1_559' title='bbox 3121 5121 3577 5177; x_wconf 75' lang='grc' dir='ltr'>διατυπούσθωσαν.</span> 
     </span>
    </p>
   </div>
   <div class='ocr_carea' id='block_1_92' title="bbox 356 5204 1944 5288">
    <p class='ocr_par' dir='ltr' id='par_1_92' title="bbox 356 5215 1944 5279">
     <span class='ocr_line' id='line_1_94' title="bbox 356 5215 1944 5279; baseline 0.004 -12"><span class='ocrx_word' id='word_1_560' title='bbox 356 5223 656 5279; x_wconf 54' lang='grc' dir='ltr'>,νει-εοιιιιιι·</span> <span class='ocrx_word' id='word_1_561' title='bbox 686 5215 941 5270; x_wconf 84' lang='lat' dir='ltr'><strong>monachi</strong></span> <span class='ocrx_word' id='word_1_562' title='bbox 972 5224 1027 5271; x_wconf 92' lang='lat' dir='ltr'><strong>et</strong></span> <span class='ocrx_word' id='word_1_563' title='bbox 1072 5218 1372 5273; x_wconf 64' lang='lat' dir='ltr'><strong>monachae.</strong></span> <span class='ocrx_word' id='word_1_564' title='bbox 1409 5216 1753 5273; x_wconf 82' lang='lat' dir='ltr'><strong>Adulterium</strong></span> <span class='ocrx_word' id='word_1_565' title='bbox 1803 5221 1944 5273; x_wconf 92' lang='lat' dir='ltr'><strong>enim</strong></span> 
     </span>
    </p>
   </div>
   <div class='ocr_carea' id='block_1_93' title="bbox 2082 5204 3574 5288">
    <p class='ocr_par' dir='ltr' id='par_1_93' title="bbox 2082 5204 3574 5288">
     <span class='ocr_line' id='line_1_95' title="bbox 2082 5204 3574 5288; baseline -0.01 -15"><span class='ocrx_word' id='word_1_566' title='bbox 2082 5220 2153 5288; x_wconf 65' lang='lat' dir='ltr'><strong>di]</strong></span> <span class='ocrx_word' id='word_1_567' title='bbox 2184 5217 2588 5272; x_wconf 85' lang='grc' dir='ltr'>διαιτάσθωσαν</span> <span class='ocrx_word' id='word_1_568' title='bbox 2613 5217 2669 5268; x_wconf 85' lang='grc' dir='ltr'>δὲ</span> <span class='ocrx_word' id='word_1_569' title='bbox 2702 5217 2761 5268; x_wconf 78' lang='grc' dir='ltr'>ὲν</span> <span class='ocrx_word' id='word_1_570' title='bbox 2784 5215 2866 5269; x_wconf 71' lang='grc' dir='ltr'><strong>ἑνὶ</strong></span> <span class='ocrx_word' id='word_1_571' title='bbox 2886 5216 3228 5286; x_wconf 81' lang='grc' dir='ltr'>μοναστηρίῳ</span> <span class='ocrx_word' id='word_1_572' title='bbox 3272 5210 3476 5285; x_wconf 75' lang='grc' dir='ltr'>μοναχώ</span> <span class='ocrx_word' id='word_1_573' title='bbox 3504 5204 3574 5259; x_wconf 70' lang='grc' dir='ltr'><strong>καὶ</strong></span> 
     </span>
    </p>
   </div>
   <div class='ocr_carea' id='block_1_94' title="bbox 356 5296 1944 5380">
    <p class='ocr_par' dir='ltr' id='par_1_94' title="bbox 356 5296 1944 5366">
     <span class='ocr_line' id='line_1_96' title="bbox 356 5296 1944 5366; baseline 0.004 -7"><span class='ocrx_word' id='word_1_574' title='bbox 356 5296 518 5362; x_wconf 83' lang='lat' dir='ltr'><strong>inest</strong></span> <span class='ocrx_word' id='word_1_575' title='bbox 561 5306 739 5361; x_wconf 89' lang='lat' dir='ltr'><strong>media</strong></span> <span class='ocrx_word' id='word_1_576' title='bbox 791 5308 1230 5363; x_wconf 82' lang='lat' dir='ltr'><strong>conversatione.</strong></span> <span class='ocrx_word' id='word_1_577' title='bbox 1274 5307 1385 5363; x_wconf 80' lang='lat' dir='ltr'><strong>Nec</strong></span> <span class='ocrx_word' id='word_1_578' title='bbox 1434 5309 1738 5365; x_wconf 88' lang='lat' dir='ltr'><strong>monachus</strong></span> <span class='ocrx_word' id='word_1_579' title='bbox 1787 5310 1944 5366; x_wconf 77' lang='lat' dir='ltr'><strong>libere</strong></span> 
     </span>
    </p>
   </div>
   <div class='ocr_carea' id='block_1_95' title="bbox 2082 5296 3572 5380">
    <p class='ocr_par' dir='ltr' id='par_1_95' title="bbox 2082 5299 3572 5380">
     <span class='ocr_line' id='line_1_97' title="bbox 2082 5299 3572 5380; baseline -0.007 -17"><span class='ocrx_word' id='word_1_580' title='bbox 2082 5310 2416 5380; x_wconf 83' lang='grc' dir='ltr'>ιονάστριαι·</span> <span class='ocrx_word' id='word_1_581' title='bbox 2453 5306 2667 5378; x_wconf 81' lang='grc' dir='ltr'>μοιχεία</span> <span class='ocrx_word' id='word_1_582' title='bbox 2708 5307 2817 5378; x_wconf 80' lang='grc' dir='ltr'>γὰρ</span> <span class='ocrx_word' id='word_1_583' title='bbox 2865 5307 3152 5377; x_wconf 78' lang='grc' dir='ltr'>μεσολαϐεῖ</span> <span class='ocrx_word' id='word_1_584' title='bbox 3179 5307 3277 5377; x_wconf 83' lang='grc' dir='ltr'>τὴν</span> <span class='ocrx_word' id='word_1_585' title='bbox 3309 5299 3572 5365; x_wconf 75' lang='grc' dir='ltr'>συνδιαίτη-</span> 
     </span>
    </p>
   </div>
   <div class='ocr_carea' id='block_1_96' title="bbox 472 3575 1835 3651">
    <p class='ocr_par' dir='ltr' id='par_1_96' title="bbox 472 3575 1835 3651">
     <span class='ocr_line' id='line_1_98' title="bbox 472 3575 1835 3651; baseline 0.005 -20"><span class='ocrx_word' id='word_1_586' title='bbox 472 3576 632 3645; x_wconf 79' lang='lat'><strong>371</strong></span> <span class='ocrx_word' id='word_1_587' title='bbox 676 3575 902 3630; x_wconf 85' lang='lat' dir='ltr'><strong>Concilii</strong></span> <span class='ocrx_word' id='word_1_588' title='bbox 929 3576 1138 3632; x_wconf 81' lang='lat' dir='ltr'><strong>Nicami</strong></span> <span class='ocrx_word' id='word_1_589' title='bbox 1174 3594 1210 3633; x_wconf 85' lang='grc' dir='ltr'><strong>ιι</strong></span> <span class='ocrx_word' id='word_1_590' title='bbox 1244 3595 1467 3634; x_wconf 81' lang='lat' dir='ltr'><strong>canones</strong></span> <span class='ocrx_word' id='word_1_591' title='bbox 1500 3581 1587 3646; x_wconf 74' lang='lat'><strong>18,</strong></span> <span class='ocrx_word' id='word_1_592' title='bbox 1614 3582 1706 3651; x_wconf 70' lang='lat'><strong>‘20,</strong></span> <span class='ocrx_word' id='word_1_593' title='bbox 1741 3583 1835 3638; x_wconf 75' lang='grc'><strong>22.</strong></span> 
     </span>
    </p>
   </div>
   <div class='ocr_carea' id='block_1_97' title="bbox 440 3665 1947 3744">
    <p class='ocr_par' dir='ltr' id='par_1_97' title="bbox 440 3665 1947 3744">
     <span class='ocr_line' id='line_1_99' title="bbox 440 3665 1947 3744; baseline 0.009 -27"><span class='ocrx_word' id='word_1_594' title='bbox 440 3665 594 3730; x_wconf 77' lang='lat' dir='ltr'><strong>Quod</strong></span> <span class='ocrx_word' id='word_1_595' title='bbox 641 3666 887 3721; x_wconf 77' lang='lat' dir='ltr'><strong>mulieres</strong></span> <span class='ocrx_word' id='word_1_596' title='bbox 914 3684 1015 3721; x_wconf 85' lang='lat' dir='ltr'><strong>non</strong></span> <span class='ocrx_word' id='word_1_597' title='bbox 1044 3669 1267 3723; x_wconf 83' lang='lat' dir='ltr'><strong>debeant</strong></span> <span class='ocrx_word' id='word_1_598' title='bbox 1297 3673 1351 3724; x_wconf 86' lang='lat' dir='ltr'><strong>in</strong></span> <span class='ocrx_word' id='word_1_599' title='bbox 1385 3676 1667 3744; x_wconf 81' lang='lat' dir='ltr'><strong>episcopiis</strong></span> <span class='ocrx_word' id='word_1_600' title='bbox 1700 3676 1776 3729; x_wconf 82' lang='lat' dir='ltr'><strong>vel</strong></span> <span class='ocrx_word' id='word_1_601' title='bbox 1803 3676 1947 3730; x_wconf 78' lang='lat' dir='ltr'><strong>viro-</strong></span> 
     </span>
    </p>
   </div>
   <div class='ocr_carea' id='block_1_98' title="bbox 369 3759 1110 3813">
    <p class='ocr_par' dir='ltr' id='par_1_98' title="bbox 369 3759 1110 3813">
     <span class='ocr_line' id='line_1_100' title="bbox 369 3759 1110 3813; baseline 0.005 -4"><span class='ocrx_word' id='word_1_602' title='bbox 369 3771 487 3809; x_wconf 84' lang='lat' dir='ltr'><strong>rum</strong></span> <span class='ocrx_word' id='word_1_603' title='bbox 518 3759 856 3810; x_wconf 75' lang='lat' dir='ltr'><strong>monasteriis</strong></span> <span class='ocrx_word' id='word_1_604' title='bbox 886 3762 1110 3813; x_wconf 84' lang='lat' dir='ltr'><strong>versari.</strong></span> 
     </span>
    </p>
   </div>
   <div class='ocr_carea' id='block_1_99' title="bbox 445 3846 1944 3927">
    <p class='ocr_par' dir='ltr' id='par_1_99' title="bbox 445 3846 1944 3927">
     <span class='ocr_line' id='line_1_101' title="bbox 445 3846 1944 3927; baseline 0.01 -28"><span class='ocrx_word' id='word_1_605' title='bbox 445 3846 538 3901; x_wconf 80' lang='grc'><strong>18.</strong></span> <span class='ocrx_word' id='word_1_606' title='bbox 583 3846 717 3902; x_wconf 88' lang='lat' dir='ltr'><strong>Sine</strong></span> <span class='ocrx_word' id='word_1_607' title='bbox 743 3850 1044 3907; x_wconf 75' lang='lat' dir='ltr'><strong>olfensione</strong></span> <span class='ocrx_word' id='word_1_608' title='bbox 1070 3868 1193 3909; x_wconf 89' lang='lat' dir='ltr'><strong>esse</strong></span> <span class='ocrx_word' id='word_1_609' title='bbox 1223 3855 1385 3909; x_wconf 88' lang='lat' dir='ltr'><strong>etiam</strong></span> <span class='ocrx_word' id='word_1_610' title='bbox 1417 3856 1487 3912; x_wconf 90' lang='lat' dir='ltr'><strong>iis</strong></span> <span class='ocrx_word' id='word_1_611' title='bbox 1502 3857 1591 3927; x_wconf 85' lang='lat' dir='ltr'><strong>qui</strong></span> <span class='ocrx_word' id='word_1_612' title='bbox 1619 3866 1773 3913; x_wconf 84' lang='lat' dir='ltr'><strong>extra</strong></span> <span class='ocrx_word' id='word_1_613' title='bbox 1796 3866 1944 3926; x_wconf 89' lang='lat' dir='ltr'><strong>sunt,</strong></span> 
     </span>
    </p>
   </div>
   <div class='ocr_carea' id='block_1_100' title="bbox 368 3938 1589 4015">
    <p class='ocr_par' dir='ltr' id='par_1_100' title="bbox 368 3938 1589 4015">
     <span class='ocr_line' id='line_1_102' title="bbox 368 3938 1589 4015; baseline 0.008 -22"><span class='ocrx_word' id='word_1_614' title='bbox 368 3938 447 3993; x_wconf 84' lang='lat' dir='ltr'><strong>ait</strong></span> <span class='ocrx_word' id='word_1_615' title='bbox 478 3939 695 3994; x_wconf 83' lang='lat' dir='ltr'><strong>divinus</strong></span> <span class='ocrx_word' id='word_1_616' title='bbox 727 3940 1043 4008; x_wconf 86' lang='lat' dir='ltr'><strong>Apostolus,</strong></span> <span class='ocrx_word' id='word_1_617' title='bbox 1071 3954 1203 4009; x_wconf 88' lang='lat' dir='ltr'><strong>etc.,</strong></span> <span class='ocrx_word' id='word_1_618' title='bbox 1234 3954 1294 3998; x_wconf 84' lang='lat' dir='ltr'><strong>ut</strong></span> <span class='ocrx_word' id='word_1_619' title='bbox 1313 3962 1434 4015; x_wconf 86' lang='lat' dir='ltr'><strong><em>pag.</em></strong></span> <span class='ocrx_word' id='word_1_620' title='bbox 1465 3947 1589 4003; x_wconf 91' lang='lat'><strong>686.</strong></span> 
     </span>
    </p>
   </div>
   <div class='ocr_carea' id='block_1_101' title="bbox 442 4030 1943 4111">
    <p class='ocr_par' dir='ltr' id='par_1_101' title="bbox 442 4030 1943 4111">
     <span class='ocr_line' id='line_1_103' title="bbox 442 4030 1943 4111; baseline 0.01 -28"><span class='ocrx_word' id='word_1_621' title='bbox 442 4030 599 4095; x_wconf 78' lang='lat' dir='ltr'><strong>Quod</strong></span> <span class='ocrx_word' id='word_1_622' title='bbox 643 4031 708 4085; x_wconf 85' lang='lat' dir='ltr'><strong>de</strong></span> <span class='ocrx_word' id='word_1_623' title='bbox 741 4035 990 4101; x_wconf 73' lang='lat' dir='ltr'><strong>pnesenti</strong></span> <span class='ocrx_word' id='word_1_624' title='bbox 1034 4050 1137 4089; x_wconf 88' lang='lat' dir='ltr'><strong>non</strong></span> <span class='ocrx_word' id='word_1_625' title='bbox 1168 4036 1291 4105; x_wconf 78' lang='lat' dir='ltr'><strong>fieri</strong></span> <span class='ocrx_word' id='word_1_626' title='bbox 1319 4038 1503 4092; x_wconf 84' lang='lat' dir='ltr'><strong>debeat</strong></span> <span class='ocrx_word' id='word_1_627' title='bbox 1540 4039 1730 4111; x_wconf 76' lang='lat' dir='ltr'><strong>duplex</strong></span> <span class='ocrx_word' id='word_1_628' title='bbox 1757 4058 1943 4097; x_wconf 87' lang='lat' dir='ltr'><strong>mona-</strong></span> 
     </span>
    </p>
   </div>
   <div class='ocr_carea' id='block_1_102' title="bbox 367 4124 1475 4196">
    <p class='ocr_par' dir='ltr' id='par_1_102' title="bbox 367 4124 1475 4196">
     <span class='ocr_line' id='line_1_104' title="bbox 367 4124 1475 4196; baseline 0.005 -18"><span class='ocrx_word' id='word_1_629' title='bbox 367 4124 609 4190; x_wconf 82' lang='lat' dir='ltr'><strong>sterium,</strong></span> <span class='ocrx_word' id='word_1_630' title='bbox 635 4133 682 4179; x_wconf 87' lang='lat' dir='ltr'><strong>et</strong></span> <span class='ocrx_word' id='word_1_631' title='bbox 707 4124 771 4179; x_wconf 91' lang='lat' dir='ltr'><strong>de</strong></span> <span class='ocrx_word' id='word_1_632' title='bbox 794 4128 1128 4182; x_wconf 85' lang='lat' dir='ltr'><strong>monasteriis</strong></span> <span class='ocrx_word' id='word_1_633' title='bbox 1156 4128 1475 4196; x_wconf 81' lang='lat' dir='ltr'><strong>duplicibus.</strong></span> 
     </span>
    </p>
   </div>
   <div class='ocr_carea' id='block_1_103' title="bbox 2049 4570 3582 4650">
    <p class='ocr_par' dir='ltr' id='par_1_103' title="bbox 2049 4570 3582 4650">
     <span class='ocr_line' id='line_1_105' title="bbox 2049 4570 3582 4650; baseline -0.006 -17"><span class='ocrx_word' id='word_1_634' title='bbox 2049 4580 2155 4634; x_wconf 86' lang='grc' dir='ltr'>νῶν</span> <span class='ocrx_word' id='word_1_635' title='bbox 2184 4578 2574 4650; x_wconf 80' lang='grc' dir='ltr'>προαιροῦνται</span> <span class='ocrx_word' id='word_1_636' title='bbox 2605 4576 3016 4643; x_wconf 73' lang='grc' dir='ltr'>ἀποτάξασθαι,</span> <span class='ocrx_word' id='word_1_637' title='bbox 3049 4577 3144 4629; x_wconf 78' lang='grc' dir='ltr'><strong>καὶ</strong></span> <span class='ocrx_word' id='word_1_638' title='bbox 3167 4575 3247 4645; x_wconf 78' lang='grc' dir='ltr'><strong>τῷ</strong></span> <span class='ocrx_word' id='word_1_639' title='bbox 3282 4575 3482 4646; x_wconf 83' lang='grc' dir='ltr'>μονήρει</span> <span class='ocrx_word' id='word_1_640' title='bbox 3507 4570 3582 4639; x_wconf 78' lang='grc' dir='ltr'><strong>βὲψ</strong></span> 
     </span>
    </p>
   </div>
   <div class='ocr_carea' id='block_1_104' title="bbox 2048 4661 3581 4738">
    <p class='ocr_par' dir='ltr' id='par_1_104' title="bbox 2048 4661 3581 4738">
     <span class='ocr_line' id='line_1_106' title="bbox 2048 4661 3581 4738; baseline -0.008 -14"><span class='ocrx_word' id='word_1_641' title='bbox 2048 4669 2485 4733; x_wconf 82' lang='grc' dir='ltr'>κατακολουθεῖν,</span> <span class='ocrx_word' id='word_1_642' title='bbox 2516 4668 2645 4731; x_wconf 79' lang='grc' dir='ltr'>τοὺς</span> <span class='ocrx_word' id='word_1_643' title='bbox 2669 4667 2769 4738; x_wconf 87' lang='grc' dir='ltr'>μὲν</span> <span class='ocrx_word' id='word_1_644' title='bbox 2797 4667 2996 4737; x_wconf 83' lang='grc' dir='ltr'>ἄνδρας</span> <span class='ocrx_word' id='word_1_645' title='bbox 3027 4666 3149 4719; x_wconf 84' lang='grc' dir='ltr'>δέον</span> <span class='ocrx_word' id='word_1_646' title='bbox 3173 4666 3390 4719; x_wconf 80' lang='grc' dir='ltr'>ἀπιέναι</span> <span class='ocrx_word' id='word_1_647' title='bbox 3420 4665 3489 4723; x_wconf 81' lang='grc' dir='ltr'><strong>είς</strong></span> <span class='ocrx_word' id='word_1_648' title='bbox 3508 4661 3581 4712; x_wconf 67' lang='grc' dir='ltr'><strong>ἀνα</strong></span> 
     </span>
    </p>
   </div>
   <div class='ocr_carea' id='block_1_105' title="bbox 2048 4750 3581 4832">
    <p class='ocr_par' dir='ltr' id='par_1_105' title="bbox 2048 4750 3581 4832">
     <span class='ocr_line' id='line_1_107' title="bbox 2048 4750 3581 4832; baseline -0.012 -13"><span class='ocrx_word' id='word_1_649' title='bbox 2048 4761 2220 4832; x_wconf 80' lang='grc' dir='ltr'>δρῷον</span> <span class='ocrx_word' id='word_1_650' title='bbox 2269 4760 2649 4831; x_wconf 85' lang='grc' dir='ltr'>μοναστήριον,</span> <span class='ocrx_word' id='word_1_651' title='bbox 2684 4758 2780 4812; x_wconf 81' lang='grc' dir='ltr'><strong>καὶ</strong></span> <span class='ocrx_word' id='word_1_652' title='bbox 2830 4757 2928 4821; x_wconf 82' lang='grc' dir='ltr'><strong>τὰς</strong></span> <span class='ocrx_word' id='word_1_653' title='bbox 2977 4760 3248 4827; x_wconf 81' lang='grc' dir='ltr'>γυναῖκας</span> <span class='ocrx_word' id='word_1_654' title='bbox 3299 4753 3505 4809; x_wconf 70' lang='grc' dir='ltr'>εἰσιέναι</span> <span class='ocrx_word' id='word_1_655' title='bbox 3538 4750 3581 4801; x_wconf 81' lang='grc' dir='ltr'>ἐν</span> 
     </span>
    </p>
   </div>
   <div class='ocr_carea' id='block_1_106' title="bbox 441 5477 3327 5559">
    <p class='ocr_par' dir='ltr' id='par_1_106' title="bbox 441 5477 3327 5559">
     <span class='ocr_line' id='line_1_108' title="bbox 441 5477 3327 5559; baseline 0.002 -26"><span class='ocrx_word' id='word_1_656' title='bbox 441 5478 489 5512; x_wconf 84' lang='grc'><strong>⁸⁸</strong></span> <span class='ocrx_word' id='word_1_657' title='bbox 528 5477 699 5535; x_wconf 89' lang='lat' dir='ltr'><strong>Conc.</strong></span> <span class='ocrx_word' id='word_1_658' title='bbox 730 5477 904 5536; x_wconf 80' lang='lat' dir='ltr'><strong>Alric.</strong></span> <span class='ocrx_word' id='word_1_659' title='bbox 933 5497 984 5538; x_wconf 90' lang='lat' dir='ltr'><strong>c.</strong></span> <span class='ocrx_word' id='word_1_660' title='bbox 1015 5481 1103 5550; x_wconf 77' lang='lat' dir='ltr'><strong>ll;</strong></span> <span class='ocrx_word' id='word_1_661' title='bbox 1126 5483 1297 5539; x_wconf 83' lang='lat' dir='ltr'><strong>Cone.</strong></span> <span class='ocrx_word' id='word_1_662' title='bbox 1316 5482 1570 5555; x_wconf 79' lang='lat' dir='ltr'><strong>Carthag.</strong></span> <span class='ocrx_word' id='word_1_663' title='bbox 1605 5501 1687 5550; x_wconf 86' lang='grc' dir='ltr'>ιιι,</span> <span class='ocrx_word' id='word_1_664' title='bbox 1714 5500 1834 5540; x_wconf 89' lang='lat' dir='ltr'><strong>can.</strong></span> <span class='ocrx_word' id='word_1_665' title='bbox 1862 5486 1953 5552; x_wconf 79' lang='lat'><strong>33,</strong></span> <span class='ocrx_word' id='word_1_666' title='bbox 1994 5495 2049 5542; x_wconf 89' lang='lat' dir='ltr'><strong>et</strong></span> <span class='ocrx_word' id='word_1_667' title='bbox 2074 5485 2389 5543; x_wconf 77' lang='lat' dir='ltr'><strong>Ferrandus</strong></span> <span class='ocrx_word' id='word_1_668' title='bbox 2417 5500 2539 5557; x_wconf 89' lang='lat' dir='ltr'><strong>cap.</strong></span> <span class='ocrx_word' id='word_1_669' title='bbox 2563 5486 2653 5552; x_wconf 72' lang='grc'><strong>48.</strong></span> <span class='ocrx_word' id='word_1_670' title='bbox 2680 5502 2748 5543; x_wconf 86' lang='lat' dir='ltr'><strong>ex</strong></span> <span class='ocrx_word' id='word_1_671' title='bbox 2774 5503 2932 5545; x_wconf 88' lang='lat' dir='ltr'><strong>conc.</strong></span> <span class='ocrx_word' id='word_1_672' title='bbox 2956 5487 3210 5559; x_wconf 74' lang='lat' dir='ltr'><strong>Carthag.</strong></span> <span class='ocrx_word' id='word_1_673' title='bbox 3240 5484 3327 5539; x_wconf 77' lang='grc' dir='ltr'>ιθ.</span> 
     </span>
    </p>
   </div>
   <div class='ocr_carea' id='block_1_107' title="bbox 448 5636 3366 5714">
    <p class='ocr_par' dir='ltr' id='par_1_107' title="bbox 448 5636 3366 5714">
     <span class='ocr_line' id='line_1_109' title="bbox 448 5636 3366 5714; baseline 0.002 -24"><span class='ocrx_word' id='word_1_674' title='bbox 448 5636 561 5710; x_wconf 69' lang='lat'><strong>(&#39;26)</strong></span> <span class='ocrx_word' id='word_1_675' title='bbox 599 5639 699 5696; x_wconf 73' lang='lat' dir='ltr'><strong>Ms.</strong></span> <span class='ocrx_word' id='word_1_676' title='bbox 733 5659 752 5695; x_wconf 79' lang='grc' dir='ltr'><strong>ι</strong></span> <span class='ocrx_word' id='word_1_677' title='bbox 786 5640 1036 5713; x_wconf 85' lang='lat' dir='ltr'><strong>Episcopi</strong></span> <span class='ocrx_word' id='word_1_678' title='bbox 1070 5640 1150 5696; x_wconf 68' lang='lat' dir='ltr'><strong>vel</strong></span> <span class='ocrx_word' id='word_1_679' title='bbox 1186 5638 1481 5711; x_wconf 77' lang='lat' dir='ltr'><strong>presbyteri</strong></span> <span class='ocrx_word' id='word_1_680' title='bbox 1511 5658 1525 5696; x_wconf 91' lang='lat'><strong>:</strong></span> <span class='ocrx_word' id='word_1_681' title='bbox 1565 5648 1617 5696; x_wconf 87' lang='lat' dir='ltr'><strong>ct</strong></span> <span class='ocrx_word' id='word_1_682' title='bbox 1656 5641 1747 5697; x_wconf 88' lang='lat' dir='ltr'><strong>ubi</strong></span> <span class='ocrx_word' id='word_1_683' title='bbox 1788 5643 2075 5713; x_wconf 83' lang='lat' dir='ltr'><strong>episcopus</strong></span> <span class='ocrx_word' id='word_1_684' title='bbox 2113 5643 2311 5699; x_wconf 84' lang='lat' dir='ltr'><strong>absens</strong></span> <span class='ocrx_word' id='word_1_685' title='bbox 2337 5651 2438 5703; x_wconf 83' lang='lat' dir='ltr'><strong>est.</strong></span> <span class='ocrx_word' id='word_1_686' title='bbox 2472 5642 2772 5714; x_wconf 81' lang='lat' dir='ltr'><strong>presbyteri</strong></span> <span class='ocrx_word' id='word_1_687' title='bbox 2804 5644 3161 5714; x_wconf 80' lang='lat' dir='ltr'><strong>providentia,</strong></span> <span class='ocrx_word' id='word_1_688' title='bbox 3207 5662 3224 5696; x_wconf 81' lang='grc' dir='ltr'><strong>ι</strong></span> <span class='ocrx_word' id='word_1_689' title='bbox 3255 5650 3366 5699; x_wconf 71' lang='lat' dir='ltr'><strong>etc.</strong></span> 
     </span>
    </p>
   </div>
  </div>
