3766 6198
120 236 217 307 857
872 241 1272 307 SYNTAGMA
1304 246 1692 310 CANONUM.
1723 247 1957 309 -TIT.
1993 248 2099 311 XI,
2141 249 2301 311 CAP.
2334 248 2555 312 VI-IX.
3255 247 3361 312 858

123 373 200 411 σιν
221 369 237 390 θ
267 351 342 424 μὴ
368 351 534 423 ἐχέτω
563 350 795 423 μοναχδς
818 356 1131 427 παρρησίαν
1154 357 1291 429 πρὸς
1326 360 1672 430 μονάστριαν,

1832 374 1909 413 im
1942 359 2232 426 monacha,
2260 360 2346 415 vel
2374 359 2636 414 monacha
2668 374 2791 416 cum
2819 357 3086 415 monacho
3111 372 3358 414 seorsum

120 444 469 517 ἤμονάστρια
517 444 654 514 πρὸς
702 446 932 516 μοναχὸν
977 447 1083 517 ίδίᾳ
1131 449 1555 519 προσομιλείτω*
1602 448 1677 519 μὴ

1832 450 2182 514 mfabuletur,
2224 466 2324 505 nec
2371 452 2533 505 cubet
2584 451 2883 505 monachus
2926 450 2982 504 in
3032 448 3357 502 feminarum

120 538 437 602 κοιταζέσθω
469 539 702 608 μοναχδς
730 540 786 592 ιν
810 541 1103 612 γυναικείῳ
1130 543 1497 613 μοναστηρίῳ,
1542 542 1678 612 μηδὲ

1832 544 2136 606 ιοητιεῑετίο,
2171 558 2271 597 nec
2308 558 2431 597 cum
2482 544 2748 596 monacha
2797 556 3044 596 seorsum
3088 540 3357 596 comedat.

121 632 429 688 συνεσθιέτω
457 632 757 703 μοναστρία
782 634 922 687 κατά
950 636 1115 704 μόνας
1136 654 1151 669 ο
1178 636 1273 689 καὶ
1296 638 1385 689 ὅτε
1416 637 1485 689 τὰ
1506 637 1679 704 ἀναγ-

117 725 239 778 καῖα
284 723 377 777 τοῦ
428 724 542 793 βίου
589 723 743 793 παρά
790 724 884 777 τοῦ
912 726 1152 796 ἀνδρῲου
1190 726 1389 798 μέρους
1420 728 1554 798 πρὸς
1581 727 1680 789 τὰς

117 814 392 878 mutata;
432 814 877 884 ἀποκομίζονται,
906 815 1103 879 ἔξωθεν
1149 818 1247 884 τῆς
1292 818 1467 887 πύλης
1510 817 1681 871 ταῦτα

115 906 425 977 λαμύανέτω
451 908 487 976 ἡ
519 905 796 976 ἡγουμένη
825 906 919 961 τοῦ
948 908 1260 975 γυναικείου
1290 909 1677 980 μοναστηρίου,

120 998 247 1071 μετά
264 998 432 1069 γραός
452 1014 597 1060 τινος
624 999 972 1071 μοναστρίας.
1005 1000 1069 1052 El
1092 1000 1150 1053 δὲ
1180 1001 1359 1072 συμϐῇ
1405 1003 1501 1055 καὶ
1548 1018 1681 1070 συγ-

115 1089 239 1159 γενῆ
249 1106 366 1143 τινα
381 1087 525 1142 θέλει
544 1087 883 1143 θεάσασθαύό
909 1092 1157 1160 μοναχδς,
1177 1091 1270 1145 ἐπὶ
1289 1092 1563 1163 παρουσίᾳ
1583 1094 1683 1162 τῆς

116 1179 413 1253 ἡγουμένης
442 1179 612 1250 ταύτῃ
632 1179 1028 1249 προσομιλείτω
1056 1180 1143 1234 διὰ
1174 1182 1386 1252 μικρῶν
1418 1182 1511 1236 καλ⁵
1547 1182 1681 1253 βρα-

118 1271 249 1343 χέων
265 1270 464 1337 λόγων,
488 1268 586 1322 xui.
611 1269 891 1340 συντόμως
923 1268 983 1333 ἒξ
1009 1270 1178 1339 αὐτῆς
1221 1271 1675 1341 ἀπαναχωρείτω.

182 1364 304 1415 Ὀτι
320 1360 412 1415 δεῖ
419 1360 546 1430 μετ’
563 1362 946 1429 εὐχαριστίας
962 1361 1060 1416 καὶ
1083 1360 1287 1429 πάσης
1312 1360 1556 1431 φειδοῦς
1573 1360 1675 1415 καὶ

1785 631 1852 685 Et
1895 631 2113 701 quando
2158 648 2280 701 quae
2313 641 2441 686 sunt
2472 633 2592 685 vita:
2633 633 2939 686 necessaria
2969 646 2999 684 a
3028 640 3183 700 parte
3212 632 3358 684 viro-

1789 738 1905 775 rum
1936 722 2003 776 ad
2035 723 2308 790 regulares
2339 721 2571 777 feminas
2598 721 2940 786 deferuntur,
2966 732 3118 775 extra
3146 730 3355 789 portam

1788 811 1903 866 haec
1949 811 2183 881 accipiat
2232 811 2551 867 monasterii
2601 810 2885 865 muliebris
2932 809 3183 878 prafecta
3229 824 3355 863 cum

1788 904 1969 971 aliqua
2001 918 2109 957 anu
2138 902 2426 957 monacba.
2461 903 2516 957 Si
2549 912 2729 957 autem
2763 900 2997 964 eveniat,
3024 908 3082 953 ut
3118 900 3354 967 aliquam

1786 994 1916 1048 velit
1949 1004 2231 1065 cognatam
2281 995 2582 1049 monachus
2612 994 2878 1061 aspicere,
2924 1001 3186 1060 praesente
3216 1005 3355 1059 pra:-

1789 1085 1928 1139 fecta
1959 1101 2081 1141 cum
2112 1100 2174 1139 ea
2208 1084 2552 1153 colloquatur
2584 1084 2782 1154 exiguo
2811 1091 2866 1137 et
2901 1081 3050 1137 brevi
3082 1095 3353 1149 sermone,

1788 1185 1842 1232 et
1876 1192 2000 1231 mox
2027 1176 2098 1231 ab
2126 1192 2189 1230 ea
2219 1176 2458 1231 recedat.

1857 1363 2021 1435 372
2057 1363 2210 1431 Quod
2244 1380 2363 1417 cum
2387 1364 2685 1435 gratiarum
2724 1363 2931 1417 actione
2966 1368 3017 1417 et
3056 1376 3173 1414 cum
3214 1359 3357 1419 omni

117 1453 414 1519 εὐλαϐείας
473 1451 780 1522 μοναχοὺς
823 1453 878 1506 εί
921 1451 1125 1522 συμϐῇ
1175 1452 1325 1522 μετὰ
1383 1450 1679 1522 γυναικῶν

1832 1457 2098 1511 erecundia
2126 1473 2186 1509 ac
2213 1457 2463 1526 religione
2485 1457 2703 1510 debeant
2730 1454 2974 1510 monachi
3004 1469 3124 1508 cum
3169 1451 3359 1506 mulis.

117 1544 351 1598 ἐσθίειν.

183 1633 282 1704 κβ’.
320 1634 440 1706 Θεῷ
472 1634 574 1706 μὲν
604 1634 666 1690 τὸ
692 1636 801 1690 πᾶν
831 1631 1197 1699 ἀνατίθεσθαι,
1226 1649 1280 1688 κ.
1307 1651 1357 1687 τ.
1383 1633 1435 1689 λ.

180 1818 424 1873 ΚΕΦΑΛ.
454 1820 534 1875 Θν.
563 1848 631 1860 -
665 1821 803 1890 Περὶ
842 1818 1066 1889 φθορᾶς
1097 1820 1272 1888 ιερῶν
1304 1819 1638 1889 παρθένων.

320 1910 593 1964 Συνόδου
631 1908 1051 1979 οίκουμενικῆς
1090 1907 1144 1973 ς’
1183 1910 1385 1964 κανὼν
1415 1908 1476 1963 δ’.

180 2001 237 2058 δ’.
275 2002 344 2058 Et
371 2020 456 2066 τις
488 2002 781 2065 ἐπίσκοπος
801 2045 813 2063 ,
839 2002 872 2071 ἢ
904 2000 1300 2073 πρεσϐύτερος,
1334 2018 1387 2055 κ.
1410 2018 1457 2053 τ.
1482 2000 1533 2053 λ.

98 2093 103 2099 ’
446 2090 774 2143 Βασιλείου
813 2089 1015 2145 κανὼν
1054 2096 1143 2157 ιη’,
1165 2088 1237 2151 κ’,
1265 2087 1329 2154 ξ’.

185 2178 268 2250 ιη’.
307 2179 446 2251 Περὶ
474 2181 581 2233 τῶν
604 2180 953 2233 ἐκπεσουσῶν
975 2179 1281 2250 παρθένων,
1306 2178 1418 2231 τῶν
1441 2176 1682 2247 καθομο-

120 2268 493 2341 λογησαμένων
520 2270 611 2322 τὸν
636 2269 694 2321 ὲν
724 2269 1015 2338 σεμνότητι
1061 2268 1174 2337 βίον
1214 2268 1292 2340 τῷ
1322 2269 1530 2337 Κυρίῳ,
1562 2264 1682 2321 εἶτα

121 2360 199 2413 διὰ
224 2361 281 2414 τὸ
305 2361 601 2414 ὑποπεσεῖν
625 2364 736 2424 τοῖς
762 2360 958 2414 πάθεσι
985 2363 1083 2431 τῆς
1116 2360 1338 2430 σαρκὸς,
1376 2359 1681 2413 ἁθετουσῶν

121 2451 209 2515 ea;
238 2452 442 2507 ἑαυτῶν
478 2451 766 2522 συνθήκας,
794 2453 841 2505 oi
892 2451 991 2521 μὲν
1035 2452 1277 2520 Πατέρες
1306 2450 1466 2521 ἡμῶν
1493 2450 1682 2511 ἀπλῶς

123 2544 207 2597 καὶ
245 2544 431 2613 πράως
491 2543 1023 2615 συμπεριφερόμενοι
1071 2545 1193 2607 ταῖς
1245 2542 1545 2606 ἀσθενείαις
1577 2542 1683 2595 τῶν

123 2633 647 2698 κατολισθαινόντων,
681 2634 1073 2705 ἐνομοθέτησαν
1117 2633 1312 2694 δεκτάς
1362 2629 1501 2685 εἶναι
1547 2631 1684 2702 μετά

121 2723 202 2776 τὸν
230 2722 489 2788 ἐνιαυτὸν,
516 2722 639 2776 καθ’
667 2724 965 2793 ὁμοιότητα
1004 2723 1113 2776 τῶν
1148 2722 1393 2790 διγάμων
1426 2719 1681 2787 διαταξά-

124 2829 288 2882 μενοι·
321 2813 445 2883 ὲμοὶ
492 2813 550 2865 δὲ
582 2814 766 2878 δοκεῖ,
802 2814 985 2883 ἐπειδὴ
1017 2816 1081 2882 τῇ
1114 2813 1208 2865 τοῦ
1236 2812 1473 2882 Χριστοῦ
1501 2813 1682 2882 χάριτι

121 2906 366 2974 προϊοῦσα
392 2906 423 2974 ἡ
448 2905 751 2975 Ἐκκλησία
779 2904 1143 2975 κραταιοτέρα
1172 2904 1403 2971 γίνεται,
1436 2905 1529 2957 καὶ
1550 2904 1684 2973 πλη-

122 2996 321 3052 θύνεται
342 2998 433 3051 νῦν
458 2998 522 3049 τὸ
543 2998 728 3067 τάγμα
754 2997 864 3050 τῶν
888 2996 1194 3069 παρθένων,
1217 2996 1505 3069 προσέχειν
1529 2998 1688 3067 ἀκρι-
1709 3037 1754 3100 C

123 3087 222 3152 σῶς
243 3089 318 3158 τῷ
337 3090 459 3143 κατ’
477 3088 684 3142 ἔννοιαν
708 3089 1016 3159 φαινομένῳ
1042 3089 1347 3160 πράγματι,
1372 3090 1467 3142 καὶ
1494 3093 1557 3160 τῇ
1583 3090 1684 3159 τῆς

122 3175 325 3247 Γραφῆς
351 3178 582 3249 διανοίᾳ,
613 3179 679 3248 ἢν
708 3178 929 3231 δυνατὸν
972 3178 1211 3249 ἐξευρεῖν
1259 3178 1366 3232 ἀπὸ
1412 3179 1507 3232 τοῦ
1552 3180 1683 3247 ἀλιο-

124 3266 297 3321 λούθου
320 3286 333 3299 ο
371 3269 570 3339 χηρεία
600 3268 708 3338 γάρ
739 3268 1031 3338 παρθενίας
1056 3270 1322 3323 έλάττωνο
1358 3270 1553 3323 οὐκοῦν
1586 3272 1681 3323 καὶ

124 3357 178 3410 τὸ
204 3358 305 3411 τῶν
347 3360 535 3429 χηρῶν
568 3360 874 3430 ἁμάρτημα
897 3402 912 3425 ,
945 3360 1125 3430 πολλῷ
1158 3360 1410 3432 δεύτερόν
1440 3363 1555 3414 ἐστι
1587 3363 1679 3414 τοῦ

122 3449 219 3503 τῶν
248 3452 528 3522 παρθένων
546 3468 561 3483 ο
589 3452 784 3522 ἴδωμεν
809 3453 986 3506 τοίνυν
1013 3452 1067 3504 τί
1096 3452 1402 3522 γέγραπται
1432 3454 1682 3525 Τιμοθέῳ

125 3539 259 3610 παρά
286 3540 373 3593 τοῦ
408 3541 659 3595 Παύλου’
705 3542 1007 3609 Νεωτέρας
1031 3540 1099 3593 δὲ
1130 3541 1321 3609 χήρας
1357 3542 1679 3611 παραιτοῦ·

125 3628 256 3682 ὅταν
281 3632 387 3700 γὰρ
420 3630 983 3700 καταστρηνιάσωσι
1010 3631 1117 3686 τοῦ
1140 3633 1397 3699 Χριστοῦ
1421 3672 1436 3695 ,
1472 3633 1683 3702 γαμεῖν

125 3718 407 3786 θέλουσιν,
447 3722 703 3789 ἔχουσαι
741 3720 917 3790 κρῖμα
941 3722 1030 3775 ὅτι
1066 3724 1180 3788 τὴν
1207 3722 1446 3791 πρώτην
1475 3725 1683 3777 πίστιν

124 3810 431 3879 ἠθέτησαν.
470 3813 538 3866 Εἰ
571 3813 747 3864 τοίνυν
776 3814 809 3880 ή
840 3812 986 3882 χήρα
1019 3811 1244 3881 κρίματι
1272 3813 1553 3866 ὑπόκειται
1586 3814 1681 3883 βα-

126 3905 320 3974 ρυτάτῳ
368 3905 443 3968 ὡς
489 3903 589 3974 τὴν
639 3907 717 3967 είς
764 3905 996 3973 Χριστὸν
1042 3905 1354 3976 ἀθετήσασα
1388 3907 1591 3971 πίστιν,
1628 3906 1680 3960 τί

126 3993 220 4063 χρὴ
242 3993 552 4063 λογίζεσθαι
590 3997 738 4065 ἡμᾶς
762 3997 891 4065 περὶ
916 3995 1017 4066 τῆς
1042 3998 1336 4067 παρθένου,
1354 3998 1473 4067 ἥτις
1495 3998 1682 4068 νύμφη

126 4082 229 4135 ἐστὶ
253 4084 341 4137 τοῦ
371 4085 633 4155 Χριστοῦ,
661 4086 754 4139 καὶ
792 4085 982 4148 σκεῦος
1020 4087 1161 4155 ἱερὸν
1190 4087 1448 4141 ἀνατεθὲν
1476 4088 1553 4158 τῷ
1584 4090 1681 4141 Δε-

126 4170 313 4245 auom;
346 4177 506 4243 Μέγα
554 4177 651 4244 μὲν
694 4177 1000 4247 ἁμάρτημα
1047 4178 1142 4230 καὶ
1184 4178 1375 4250 δούλην
1403 4178 1681 4249 λαθραίοις

124 4262 304 4333 γάμοις
349 4267 547 4337 ἑαυτὴν
594 4268 950 4331 ὲπιδιδοῦσαν,
988 4269 1192 4339 φθορᾶς
1239 4270 1548 4339 ἀναπλῆσαι
1590 4270 1681 4323 τὸν

123 4346 276 4420 οἷκον,
304 4358 394 4409 καὶ
428 4356 781 4426 καθυϐρίζειν
814 4357 901 4410 διὰ
928 4359 1022 4410 toﬁ
1055 4357 1290 4427 πονηροῦ
1327 4358 1441 4428 βίου
1471 4358 1561 4411 τὸν
1591 4375 1679 4411 κε-

1832 4374 2047 4427 :teriore
2088 4375 2199 4427 vita
2240 4374 2492 4441 injuriam
2538 4370 2841 4444 possessori
2897 4374 3077 4429 facere

123 4446 373 4513 κτημένον
391 4464 407 4479 ο
436 4447 617 4516 πολλῷ
643 4448 699 4500 δὲ
726 4448 895 4518 δήπου
926 4449 1323 4520 χαλεπώτερον,
1345 4450 1443 4520 τὴν
1466 4449 1682 4520 νύμφην

128 4536 388 4604 μοιχαλίδα
411 4539 687 4607 γενέσθαι,
707 4540 800 4593 καὶ
821 4540 920 4610 τὴν
946 4541 1080 4611 πρὸς
1109 4541 1199 4593 τὸν
1228 4541 1458 4611 νυμφίον
1488 4541 1683 4594 ἕνωσιν

122 4623 467 4695 ἀτιμάσασαν,
499 4630 715 4700 ἡδοναῖς
754 4631 1071 4694 ἀκολάστοις
1118 4632 1314 4701 ἑαυτὴν
1362 4631 1637 4685 ἐπιδοῦναι
1663 4649 1677 4664 ο

123 4714 301 4770 οὐκοῦν
334 4720 367 4789 ἡ
401 4720 499 4789 μὲν
530 4722 673 4789 χήρα
695 4721 769 4783 ὼς
795 4721 955 4792 δούλη
986 4722 1354 4792 διεφθαρμένη
1387 4723 1680 4775 καταδικά-

125 4802 281 4871 ζεται,
304 4811 337 4879 ή
362 4809 418 4862 δὲ
443 4810 709 4881 παρθένος
735 4811 814 4881 τῷ
844 4813 1072 4882 κρίματι
1094 4817 1189 4881 τῆς
1217 4814 1523 4883 μοιχαλίδος
1549 4814 1680 4865 ύπό-

123 4909 316 4951 κειται’
347 4900 536 4971 ῶσπερ
590 4898 677 4955 θῦν
728 4902 818 4955 τὸν
874 4903 1132 4974 ἀλλοτρίᾳ
1181 4907 1398 4971 γυναικὶ
1432 4906 1679 4958 συνιόντα

126 4988 295 5056 μοιχὸν
332 4990 690 5063 ὀνομάζομεν,
723 4995 783 5047 οὐ
832 4995 1094 5066 πρότερον
1139 4996 1557 5067 παραδεχόμενοι
1602 5000 1679 5059 εἰς

123 5080 385 5134 κοινωνίαν
414 5085 542 5153 πρὶν
568 5085 599 5154 ἢ
632 5084 942 5139 παύσασθαι
970 5085 1069 5155 τῆς
1094 5088 1385 5155 ἁμαρτίας,
1418 5087 1560 5140 οὕτω
1585 5088 1679 5157 δη’

125 5160 282 5220 λονότι
312 5174 401 5225 καὶ
436 5174 532 5226 ἐπὶ
560 5174 653 5228 toﬁ
686 5176 783 5247 τὴν
828 5177 1095 5248 παρθένον
1124 5177 1332 5246 ἔχοντος
1362 5178 1677 5247 διατεθησό-

127 5254 284 5321 μεθαο
334 5262 509 5317 έκεῖνο
538 5264 591 5318 δὲ
623 5265 719 5318 νῦν
750 5266 1291 5337 προδιωμολογῆσθαι
1334 5271 1464 5339 ἡμῖν
1509 5270 1676 5336 ἀναγ-

124 5349 282 5415 καῖον,
310 5352 391 5405 ὅτι
418 5355 681 5425 παρθένος
729 5358 1052 5426 ὀνομάζεται
1090 5360 1123 5429 ἡ
1172 5359 1432 5421 ἑκουσίως
1477 5360 1677 5428 ἑαυτὴν

124 5443 532 5511 προσαγαγοῦσα
551 5446 626 5516 τῷ
648 5447 855 5519 Κυρίῳ,
874 5450 968 5502 καὶ
986 5448 1369 5520 ἀποταξαμένη
1393 5448 1470 5519 τῷ
1489 5449 1673 5520 γάμῳ.

191 5622 229 5654 ⁸⁷
270 5626 450 5687 lTim.
482 5648 540 5701 ν,
587 5636 672 5703 il,
718 5639 801 5690 l2.

1789 1547 1956 1612 ribus,
1980 1549 2027 1601 si
2050 1547 2282 1612 accidat,
2314 1548 2657 1603 manducare.

1858 1640 1947 1695 22.
1989 1639 2100 1695 Deo
2123 1639 2341 1710 quidem
2366 1640 2679 1694 universum
2698 1638 2970 1706 dedicare,
2987 1647 3121 1703 etc.,
3146 1646 3202 1691 ut
3232 1654 3355 1708 pag.

1714 1706 1759 1767 Β
1787 1731 1909 1787 690.

1849 1822 2005 1879 CAP.
2043 1822 2137 1877 IX.
2164 1852 2235 1863 —
2264 1821 2336 1875 De
2365 1836 2642 1875 sacrarum
2673 1821 2933 1890 virginum
2966 1828 3169 1888 stupro.

2074 1911 2299 1967 Concilii
2337 1912 2639 1965 mcumenici
2675 1928 2724 1965 vt
2758 1926 2919 1965 canon
2950 1911 3005 1965 ι.

1848 2001 1904 2055 4.
1919 1998 1975 2053 Si
1996 1999 2118 2071 quis
2134 2002 2442 2068 cpiscopus,
2464 1999 2544 2053 vel
2561 2000 2861 2070 presbyter,
2877 2010 3006 2064 etc.,
3022 2009 3078 2052 ut
3095 2016 3215 2069 pag.
3231 1999 3355 2054 750.

2170 2091 2363 2145 Basilii
2394 2108 2617 2145 canones
2656 2092 2741 2154 i8,
2769 2092 2859 2156 ‘20,
2892 2094 2982 2147 60.

1856 2182 1938 2237 18.
1985 2181 2057 2237 De
2090 2183 2257 2251 lapsis
2288 2183 2613 2250 virginibus,
2644 2198 2765 2252 quae
2797 2185 2961 2237 vitam
3002 2192 3203 2238 castam
3234 2199 3359 2252 pro-

1784 2273 1941 2327 fessae
1995 2273 2247 2339 Domino,
2300 2272 2496 2327 deinde
2554 2274 2737 2329 carnis
2801 2274 3120 2329 libidinibus
3175 2276 3351 2341 victae,

1782 2374 1937 2432 pacta
1970 2378 2067 2417 sua
2097 2363 2249 2418 irrita
2278 2363 2507 2427 faciunt,
2536 2362 2726 2419 Patres
2757 2365 2975 2433 quidem
3006 2367 3200 2426 nostri,
3231 2382 3354 2419 cum

1786 2451 2104 2520 simpliciter
2135 2465 2200 2505 ac
2230 2450 2423 2505 leniter
2472 2466 2594 2506 sese
2624 2452 2693 2505 ad
2735 2466 2922 2506 eorum
2964 2453 3055 2521 qui
3097 2453 3359 2508 labuntur

1784 2541 2148 2596 infirmitatem
2174 2541 2679 2608 accommodarent,
2706 2552 3038 2597 censuerunt
3064 2543 3210 2612 ipsas
3235 2551 3357 2611 post

1785 2649 1986 2687 ammm
2021 2634 2229 2688 admitti
2257 2648 2441 2702 posse,
2481 2633 2548 2688 de
2598 2632 2709 2687 illis
2751 2634 2817 2687 ad
2842 2632 3251 2688 similitudinem
3273 2632 3358 2685 di-

1786 2738 2072 2793 gamorum
2101 2723 2482 2794 dijudicantes.
2525 2721 2729 2779 Verum
2770 2723 2904 2777 mihi
2937 2723 3159 2793 quidem
3209 2723 3359 2776 video

1788 2824 1896 2880 tur,
1948 2817 2206 2885 quoniam
2260 2814 2355 2870 Dei
2401 2816 2550 2871 dono
2597 2815 2956 2886 progrediens
3012 2813 3254 2869 Ecclesia
3300 2813 3359 2868 fit

1792 2906 2003 2973 fortior,
2045 2917 2101 2961 at
2142 2922 2289 2962 nunc
2314 2909 2711 2977 multiplicatur
2740 2908 2874 2963 ordo
2908 2908 3204 2977 virginum,
3231 2908 3357 2962 dili-

1787 3006 1972 3067 genter
2021 2999 2475 3053 considerandam
2532 3014 2654 3054 esse
2687 3008 2742 3053 et
2788 3014 2902 3053 rem
2956 3000 3150 3068 ipsam,
3202 3007 3359 3068 prout

1786 3089 2153 3144 consideranti
2180 3088 2467 3144 manifesta
2495 3098 2599 3155 est,
2628 3100 2683 3143 et
2712 3074 3011 3159 SCripturae
3032 3089 3358 3144 sententiam

1786 3196 1907 3250 quae
1936 3195 2003 3235 ex
2027 3180 2420 3235 consecutione
2448 3180 2678 3234 inveniri
2711 3189 2903 3249 potest.
2940 3178 3184 3235 Vidnitas
3211 3181 3356 3234 enim

1786 3272 2082 3341 virginitati
2136 3271 2405 3336 inferior;
2453 3288 2582 3341 ergo
2625 3282 2680 3326 et
2748 3272 3039 3325 viduarum
3100 3272 3355 3326 delictum

1786 3363 1945 3433 longe
1976 3364 2157 3418 minus
2188 3378 2354 3433 quam
2398 3364 2697 3432 virginum.
2728 3362 3023 3419 Videamus
3052 3379 3183 3434 ergo
3228 3365 3356 3433 quid

1786 3455 1850 3507 ad
1886 3454 2235 3509 Timotheum
2271 3471 2303 3509 a
2337 3454 2505 3510 Paulo
2537 3456 2802 3524 scriptum
2839 3456 2939 3510 sit:
2972 3454 3221 3508 Iuniores
3259 3472 3329 3508 an

1787 3554 1890 3597 tem
1924 3546 2109 3599 viduas
2145 3547 2341 3599 devita.
2373 3545 2664 3615 Postquam
2696 3546 2834 3599 enim
2879 3545 3216 3599 lascivierunt
3262 3546 3359 3598 ad-

1784 3652 1963 3691 versus
2014 3636 2307 3701 Christum,
2356 3638 2546 3692 nubere
2582 3638 2782 3701 uolunt,
2817 3636 3062 3691 habentes
3109 3636 3358 3690 condem-

1785 3730 2083 3795 nationem,
2120 3730 2256 3798 quod
2294 3730 2521 3798 primaut
2566 3730 2721 3799 ﬁdem
2767 3729 2980 3782 irritam
3027 3728 3260 3797 fecerunt
3287 3728 3355 3785 ⁸⁷.

1786 3822 1973 3892 Itaque
2017 3824 2061 3878 si
2113 3824 2275 3877 vidua
2314 3823 2523 3893 judicio
2558 3823 2843 3890 subjicitur
2873 3824 3237 3893 gravissimo,
3297 3832 3360 3878 ut

1782 3931 1904 3982 qua:
1934 3915 2089 3970 fidem
2123 3916 2175 3969 in
2206 3916 2487 3971 Christum
2538 3916 2748 3970 irritam
2780 3916 2991 3983 fecerit,
3025 3915 3155 3985 quid
3198 3915 3357 3970 nobis

1784 4006 2085 4074 putandum
2110 4005 2271 4075 373
2303 4007 2369 4061 de
2396 4006 2623 4076 virgine,
2652 4022 2775 4075 quae
2798 4022 2997 4075 sponsa
3027 4015 3111 4061 est
3129 4006 3353 4072 Christi,

1786 4109 1843 4153 et
1891 4113 2109 4152 sacrum
2151 4113 2246 4153 vas
2284 4099 2515 4153 Domino
2556 4098 2915 4152 dedicatum?
2952 4098 3201 4167 Magnum
3227 4099 3355 4168 qui-

1783 4193 1903 4243 dem
1936 4200 2020 4244 est
2050 4199 2350 4257 peccatum,
2386 4189 2469 4244 vel
2496 4189 2747 4243 ancillam
2783 4189 3136 4245 clandestinis
3157 4189 3353 4244 matri-

1787 4282 1985 4336 moniis
2029 4296 2149 4336 sese
2195 4282 2435 4346 dantem,
2494 4290 2683 4351 stupro
2729 4281 2951 4335 domum
3001 4281 3248 4352 implere,
3300 4292 3355 4337 et

3122 4389 3137 4428 :
3197 4376 3355 4446 longe

1785 4474 1965 4519 autem
1993 4467 2214 4536 gravius
2244 4476 2329 4519 est
2352 4479 2609 4533 sponsam
2647 4465 2762 4520 fieri
2796 4466 3120 4530 adulteram,
3149 4482 3214 4521 ac
3240 4481 3353 4521 sua:

1784 4573 1907 4611 cum
1933 4571 2135 4625 sponso
2164 4556 2544 4625 conjunctioni
2572 4556 2809 4611 dedecus
2840 4556 3127 4620 ferentem,
3171 4558 3353 4627 impu-

1784 4647 1924 4701 dicis
1952 4648 2320 4716 voluptatibus
2344 4662 2403 4701 se
2427 4647 2641 4701 dedere.
2670 4646 2905 4703 Proinde
2929 4649 3085 4702 vidua
3108 4648 3350 4718 quidem,

1786 4747 1842 4791 ut
1871 4747 2123 4806 corrupta
2151 4738 2368 4801 ancilla,
2404 4738 2831 4805 condemnatur;
2865 4740 3016 4809 virgo
3045 4756 3173 4794 vero
3194 4739 3353 4793 adul-

1787 4840 1914 4882 terae
1938 4828 2143 4894 judicio
2182 4830 2488 4899 subjicitur.
2519 4830 2991 4895 Quemadmodum
3026 4831 3188 4901 igitur
3218 4845 3345 4884 eum

1781 4922 1875 4990 qui
1900 4935 2024 4974 cum
2057 4920 2231 4974 aliena
2255 4929 2340 4975 est
2367 4921 2616 4987 muliere,
2641 4923 2946 4978 adulterum
2975 4922 3349 4987 nominamus,

1782 5028 1889 5065 non
1930 5012 2082 5080 prius
2117 5012 2467 5068 admittentes
2511 5014 2576 5069 ad
2611 5015 3076 5077 communionem,
3128 5028 3291 5082 quam
3318 5027 3350 5067 a

1781 5110 2004 5170 peccato
2036 5102 2375 5167 cessaverit,
2421 5101 2495 5156 ita
2544 5101 2789 5171 profecto
2825 5111 2879 5155 et
2918 5100 2985 5154 de
3023 5114 3089 5154 eo
3116 5098 3211 5168 qui
3243 5098 3354 5151 vir-

1781 5194 1962 5264 ginem
1998 5194 2159 5248 habet
2191 5203 2515 5249 statuemus.
2544 5192 2679 5248 Illud
2706 5201 2887 5247 autem
2923 5208 3070 5247 nunc
3105 5192 3161 5247 in
3194 5202 3351 5247 ante-

1779 5301 1995 5339 cessum
2029 5294 2267 5341 statuere
2293 5287 2448 5341 nobis
2466 5300 2693 5341 necesse
2722 5296 2827 5349 est,
2847 5285 3109 5356 virginem
3142 5284 3346 5347 vocari,

1778 5391 1899 5444 qua:
1944 5391 2003 5430 se
2049 5392 2149 5431 sua
2205 5386 2399 5447 sponte
2442 5377 2641 5430 obtulit
2672 5374 2927 5441 Domino,
2986 5389 3052 5430 ac
3095 5372 3346 5428 nuntium

1779 5464 1985 5535 nuptiis
2015 5465 2251 5535 remisit,
2274 5472 2330 5523 et
2355 5464 2737 5521 sanctimoniae
2768 5463 3076 5520 institutum
3100 5461 3348 5534 amplexa
