3904 6220
429 296 540 363 859

1570 283 1835 358 ΡΗΟΤῘῙ
1870 294 2003 356 ΡΑἸ

2115 280 2376 354 Attch
2406 274 2521 354 (ξι).
2662 308 2675 313 ι
3548 294 3638 359 860

424 416 531 463 (νει.
562 406 942 463 Professiones
964 412 1145 461 autem
1180 403 1249 458 ab
1272 418 1338 459 eo
1370 412 1613 475 tempore
1635 406 1992 470 admittimus,

2115 403 2191 456 ιαὶ
2216 401 2307 455 τὸν
2335 404 2394 454 ὲν
2424 398 2684 471 ἁγιασμῷ
2716 398 2833 471 βίον
2867 396 3251 469 προτιμήσασα
3272 412 3289 429 ε
3331 398 3426 463 τὰς
3450 399 3503 455 δὲ
3527 404 3642 474 ὁμο·-

423 514 535 569 quo
574 504 707 553 tetas
736 497 965 551 rationis
1000 496 1461 564 complementum
1504 495 1771 551 habuerit.
1803 496 1992 567 Neque

420 590 564 645 enim
598 589 835 660 pueriles
866 603 1029 643 voces
1067 587 1296 642 omnino
1328 596 1479 643 ratas
1522 589 1573 643 in
1609 589 1877 660 ejusmodi
1908 604 1993 644 re-

422 681 524 735 bus
551 679 753 734 habere
784 679 1077 735 convenit:
1116 677 1209 733 sed
1244 692 1363 746 quae
1387 679 1569 747 {supra
1609 680 1877 735 sexdecim
1906 681 1992 734 vel

421 769 805 838 septemdecim
833 782 1008 822 annos
1037 774 1187 833 nata,
1234 766 1715 822 ratiocinationum
1761 782 1989 823 suarum

421 862 649 927 arbitra,
686 861 780 916 diu
823 861 1132 917 examinata
1170 876 1235 916 ac
1287 860 1531 931 probata,
1580 857 1835 929 deinceps
1866 874 1992 930 per-

422 950 711 1013 severavit,
751 959 806 1005 et
848 960 907 1005 ut
956 951 1274 1004 admittatur
1328 957 1641 1003 constanter
1698 949 1989 1018 rogaverit,

424 1050 539 1096 tum
566 1041 788 1096 demum
822 1041 966 1096 inter
993 1041 1230 1110 virgines
1278 1039 1583 1106 referenda,
1613 1040 1842 1110 ejusque
1874 1049 1992 1095 rata

423 1131 671 1187 habenda
702 1130 998 1203 professio,
1046 1146 1111 1187 ac
1148 1132 1294 1187 illius
1329 1130 1551 1186 violatio
1585 1130 1993 1186 inexorabiliter

423 1222 716 1290 punienda.
750 1222 944 1278 Multas
974 1224 1117 1277 enim
1164 1231 1420 1293 parentes
1465 1220 1745 1275 adducunt
1788 1232 1840 1277 ct
1884 1221 1994 1276 fra-

424 1322 535 1368 tres
572 1321 626 1367 et
666 1314 1096 1384 propinquorum
1142 1313 1389 1368 nonnulli
1438 1320 1566 1367 ante
1600 1322 1836 1378 aetatem,
1882 1329 1994 1369 non

356 1422 359 1423 ν
423 1417 520 1457 sua
550 1413 743 1473 sponte
789 1403 853 1458 ad
892 1404 1133 1459 caelibem
1163 1404 1328 1459 vitam
1362 1403 1637 1467 incitatas,
1668 1404 1764 1459 sed
1807 1412 1866 1458 ut
1892 1403 1996 1459 sibi

426 1492 528 1562 ipsi
570 1494 793 1564 aliquod
834 1495 890 1549 in
926 1496 1036 1550 vita
1066 1495 1414 1551 commodum
1461 1495 1801 1565 provideant.
1838 1494 1995 1552 Tales

424 1598 533 1639 non
567 1583 726 1639 facile
754 1586 1122 1651 admittendas,
1154 1586 1328 1641 donec
1357 1598 1544 1657 aperte
1590 1587 1835 1657 ipsarum
1866 1600 1994 1655 per-

424 1676 653 1731 scrutati
683 1674 952 1733 fuerimus
986 1678 1336 1734 sententiam.

492 1854 657 1926 375.
690 1856 780 1911 20.
820 1856 1170 1926 Quaecunque
1213 1857 1497 1923 mulieres,
1547 1871 1671 1912 cum
1723 1866 1906 1913 essent
1945 1857 2001 1913 in

427 1943 642 2011 lneresi,
674 1955 802 2013 etc.,
825 1956 883 2000 ut
912 1963 1032 2017 pag.
1069 1947 1194 2002 619.

502 2035 592 2092 60.
633 2036 764 2102 Quae
793 2038 1153 2106 virginitatem
1184 2037 1600 2108 professa,etc.,
1638 2047 1694 2092 ut
1716 2054 1840 2110 pag.
1869 2038 2001 2095 854.

506 2133 647 2213 Lege
703 2133 1080 2189 adnotationes
1140 2135 1209 2189 50
1274 2148 1396 2203 cap.
1472 2133 1559 2188 tit.
1626 2133 1660 2189 9
1723 2132 2004 2204 prmsentis

433 2218 636 2273 operis.

495 2315 649 2371 CAP.
690 2316 759 2369 X.
786 2344 856 2365 -τ
880 2314 957 2370 De
986 2325 1143 2371 atate
1181 2315 1579 2385 suscipientium
1608 2317 1847 2373 habitum
1877 2316 1999 2373 reli-

428 2405 653 2474 giosum.
687 2403 825 2459 Item
854 2420 1097 2475 quanam
1121 2406 1333 2459 dicatur
1355 2406 1543 2477 virgo?

692 2588 918 2643 Concilii
966 2588 1395 2658 Cartltaginensis
1420 2603 1589 2642 canon
1624 2588 1747 2650 126.

495 2679 573 2735 De
594 2679 882 2749 virginibus
907 2681 1069 2732 etiam
1099 2678 1392 2733 minoribus
1424 2679 1682 2734 vetandis.

502 2770 623 2824 126.
659 2769 791 2825 Item
835 2769 1038 2840 placuit
1061 2768 1133 2835 ⁸⁸,
1177 2776 1236 2823 ιιι
1267 2770 1583 2839 quicunque
1623 2769 2003 2839 episcoporum

434 2863 760 2917 necessitate
811 2861 1167 2930 periclitantis
1216 2860 1491 2930 pudicitia:
1533 2860 1833 2929 virginalis,
1878 2875 2002 2918 cum

430 2952 516 3009 vel
561 2953 757 3019 petitor
802 2959 1016 3021 potens,
1067 2952 1151 3006 vel
1195 2961 1380 3022 raptor
1417 2952 1614 3021 aliquis
1648 2952 2002 3022 formidatur;

2100 492 2285 561 λογίας
2313 492 2433 546 τότε
2476 490 2803 563 ὲγκρίνομεν
2823 529 2838 554 ,
2872 490 2965 558 ἀφ’
2992 483 3161 559 οὗπερ
3188 488 3253 543 ἂν
3280 489 3314 561 ή
3346 489 3519 561 ήλικία
3555 496 3644 565 τήν

2098 582 2194 636 τοῦ
2227 583 2385 652 λόγου
2438 580 2835 653 συμπλήρωσιν
2863 579 2994 651 ἔχῃ·
3020 580 3081 632 οὐ
3125 579 3235 651 γὰρ
3277 580 3373 644 τὰς
3416 583 3646 651 παιδικὰς

2101 676 2304 745 φωνὰς,
2333 677 2552 737 πάντως
2601 673 2798 747 κυρίας
2847 672 3074 727 ἐπὶτῶν
3121 671 3375 726 τοιούτων
3420 677 3646 745 ήγεῖσθαι

2103 770 2389 838 προσήκει,
2424 765 2559 821 ἀλλὰ
2599 766 2700 837 τὴν
2742 765 2883 835 ὑπὲρ
2912 763 2979 818 τὰ
3006 763 3199 829 δεκαὲξ
3230 763 3263 834 ἢ
3291 765 3383 818 καὶ
3411 766 3535 821 δέκα
3563 770 3646 824 καὶ

2101 857 2242 913 ἑπτὰ
2270 857 2565 927 γενομένην
2605 855 2724 927 ἐτη,
2772 855 2970 928 κυρίαν
3011 850 3177 907 οὖσαν
3224 853 3332 908 τῶν
3371 854 3644 928 λογισμῶν,

2100 945 2485 1017 άνακριθείσαν
2512 945 2602 997 ἐπὶ
2628 946 2814 998 πλεῖον
2833 984 2848 1012 ,
2881 939 3001 1001 εἶτα
3031 943 3444 1016 παραμείνασαν
3468 948 3554 999 καὶ
3575 946 3648 1000 λι-

2101 1038 2384 1109 παροῦσαν
2418 1035 2508 1091 διὰ
2539 1037 2757 1090 ίκεσιιῖιν
2801 1034 2939 1107 πρὸς
2978 1034 3042 1088 τὸ
3092 1033 3511 1106 παραδεχθῑψαι,
3537 1037 3646 1091 τότε

2101 1128 2564 1199 ὲγκαταλέγεσθαι
2607 1128 2715 1201 χρὴ
2738 1128 2859 1193 ταῖς
2888 1125 3198 1199 παρθένοις,
3228 1127 3321 1180 καὶ
3352 1125 3446 1197 τήν
3475 1127 3650 1196 ὁμολο-

2101 1222 2229 1291 γίαν
2276 1222 2373 1292 τῆς
2416 1219 2671 1290 τοιαύτης
2718 1217 2920 1290 κυροῦν
2937 1259 2952 1285 ,
2980 1217 3077 1272 καὶ
3103 1217 3201 1286 τὴν
3227 1216 3475 1287 ἀθέτησιν
3500 1218 3651 1288 αὐτῆς

2102 1314 2490 1385 ἀπαραιτήτως
2535 1310 2785 1377 κολάζειν
2809 1328 2824 1343 ·
2879 1309 3078 1374 πολλὰς
3128 1310 3237 1380 γὰρ
3283 1312 3458 1377 γονεῖς
3497 1326 3651 1380 προσ-

2104 1406 2300 1474 άγουσι
2327 1404 2422 1459 καὶ
2448 1402 2689 1472 ἀδελφοὶ,
2718 1402 2814 1456 καὶ
2844 1401 2955 1456 τῶν
2986 1399 3376 1473 προσηκόντων
3398 1400 3530 1463 τινὲς
3558 1401 3653 1470 πρὸ

2102 1495 2203 1565 τῆς
2231 1494 2483 1565 ἡλικίας,
2517 1494 2617 1547 οὐκ
2650 1493 2860 1548 οἴκοθεν
2888 1493 3222 1565 όρμηθείσας
3253 1493 3391 1563 πρὸς
3414 1493 3652 1561 ἀγαμίαν,

2102 1588 2238 1642 ἀλλά
2261 1606 2312 1641 τι
2346 1587 2601 1658 βιωτικὸν
2627 1588 2842 1650 ἑαυτοῖς
2871 1585 3265 1655 διοικούμενον
3293 1586 3360 1648 ἃς
3391 1586 3449 1638 οὺ
3480 1584 3655 1655 ῥᾳδίως

2105 1679 2496 1750 προσδέχεσθαι
2540 1679 2624 1732 δεῖ
2644 1718 2661 1746 ,
2691 1678 2797 1743 ἕως
2826 1677 2892 1734 ἂν
2919 1676 3172 1749 φανερῶς
3200 1675 3301 1748 τὴν
3332 1674 3461 1731 ίδίαν
3497 1674 3658 1730 αὐτῶν

2024 1758 2072 1819 Β
2099 1771 2483 1843 ὲρευνήσωμεν
2522 1768 2769 1840 γνώμην.

2176 1868 2245 1916 κ’.
2277 1861 2441 1915 Ὀσαι
2460 1863 2715 1930 γυναῖκες
2737 1861 2795 1914 ὲν
2822 1858 3031 1932 αἱρέσει
3052 1859 3231 1925 οὖσαι,
3254 1876 3314 1915 κ.
3339 1875 3392 1914 τ.
3418 1858 3468 1913 λ.

2177 2043 2238 2108 ξ’.
2280 2041 2345 2096 Ἢ
2376 2042 2670 2114 παρθενίαν
2691 2042 3075 2113 όμολογήσασα
3096 2084 3112 2107 ,
3142 2059 3197 2097 κ.
3227 2059 3279 2097 τ.
3314 2042 3369 2097 λ.

2196 2135 2491 2202 Ἀνάγνωθι
2512 2134 2610 2198 τὰς
2641 2134 3012 2205 παραγραφὰς
3033 2134 3129 2188 τοῦ
3162 2134 3207 2188 λ’
3228 2151 3359 2203 κεφ.
3387 2132 3479 2188 τοῦ
3503 2133 3543 2186 θ’
3566 2130 3659 2185 τίτ.

2101 2202 2198 2263 τοῦ
2231 2205 2495 2276 παρόντος
2526 2202 2923 2276 συντάγματος.

2175 2316 2427 2370 ΚΕΦΑΛ.
2457 2318 2513 2370 l'.
2551 2345 2620 2358 -—
2673 2316 2813 2385 Περὶ
2838 2317 3062 2386 χρόνον
3105 2316 3218 2385 τῆς
3266 2318 3507 2386 ἡλικίας
3553 2317 3663 2372 τῶν

2108 2404 2548 2475 λαμϐανουσῶν
2572 2406 2640 2460 τὸ
2671 2406 2914 2477 σχῆμα·
2947 2407 3046 2463 καὶ
3095 2410 3239 2463 ποια
3270 2408 3503 2479 λέγεται
3531 2424 3664 2478 πιιρ⁴

2106 2498 2300 2565 θένος.

2316 2588 2588 2644 Συνόδου
2625 2589 3049 2660 Καρθαγέννης
3074 2592 3279 2645 κανὼν
3320 2599 3470 2663 ρκς’.

2174 2679 2311 2748 Περὶ
2341 2678 2648 2749 παρθένων
2678 2680 2929 2749 μικρῶν,
2970 2680 3061 2735 ὅτι
3084 2681 3214 2751 μὴν
3249 2683 3605 2738 καλυπτέον.

2178 2778 2327 2842 ρκς’.
2366 2770 2596 2841 Ὁμοίως
2634 2771 2853 2841 ήρεσεν,
2892 2772 2980 2825 ῐνα
3008 2772 3368 2845 όστισδήποτε
3414 2773 3521 2827 τῶν
3556 2774 3663 2825 ὲπι·

2108 2862 2347 2927 σκόπων,
2382 2861 2452 2914 δι’
2486 2862 2728 2931 ἀνάγκην
2783 2861 2883 2931 τῆς
2941 2862 3279 2934 παρθενικῆς
3333 2866 3665 2935 σωφροσύνης

2105 2952 2540 3022 κινδυνευούσης,
2575 2953 2665 3005 ὅτε
2695 2951 2727 3022 ἢ
2756 2952 2995 3025 ἐραστὴς
3019 2952 3265 3022 δυνατὸς,
3311 2954 3345 3025 ἢ
3383 2954 3559 3025 ἆρπαξ
3592 2954 3667 3017 τίς

432 3040 519 3099 vel
574 3041 619 3095 si
672 3041 835 3094 etiam
897 3041 1082 3110 aliquo
1136 3041 1329 3096 mortis
1379 3042 1684 3109 periculoso
1741 3044 2000 3112 scrupulo

2115 3045 2254 3096 ἐστιν
2282 3044 2339 3096 έν
2368 3043 2597 3114 ὑποψίᾳ,
2625 3042 2658 3114 ἢ
2689 3042 2772 3096 έτι
2816 3042 2924 3115 μὴν
2968 3043 3073 3097 ὑπό
3100 3060 3248 3107 τινος
3300 3044 3666 3115 θανατηφόρου

435 3142 762 3203 compuncta
812 3131 1017 3199 fuerit,
1066 3148 1132 3188 ne
1176 3148 1284 3187 non
1333 3133 1509 3189 velata
1563 3134 1857 3201 moriatur;
1910 3145 2003 3193 aut

2115 3132 2352 3188 κινδύνου
2385 3133 2523 3205 αὕτη
2563 3134 2752 3206 έσηται
2797 3134 3082 3205 νυχθείσα,
3140 3136 3597 3207 παρακαλούντων
3639 3134 3670 3205 ή

431 3226 775 3296 exigentibus
818 3225 1160 3294 parentibus,
1207 3233 1303 3281 aut
1340 3224 1426 3279 his
1459 3226 1526 3279 ad
1556 3240 1787 3295 quorum
1818 3240 2003 3281 curam

433 3316 688 3387 pertinet,
706 3316 964 3371 velaverit
984 3316 1270 3385 virginem,
1298 3330 1393 3371 seu
1433 3315 1632 3371 velavit
1659 3316 1797 3370 intra
1822 3317 2006 3387 viginti

435 3408 677 3479 quinque
726 3423 899 3462 annos
941 3408 1138 3472 aetatis,
1190 3422 1299 3461 non
1338 3407 1388 3461 ei
1435 3407 1578 3462 obsit
1609 3408 1900 3463 concilium
1930 3409 2009 3476 ",

436 3499 582 3569 quod
611 3498 679 3553 de
709 3498 812 3554 isto
835 3512 1101 3552 annorum
1134 3512 1366 3553 numero
1393 3498 1750 3554 constitutum
1780 3509 1885 3556 est.

631 3676 859 3731 Concilii
895 3679 1199 3732 acumenici
1235 3694 1288 3734 η
1327 3696 1549 3738 canones
1583 3683 1673 3747 40,
1708 3683 1798 3738 45.

500 3769 579 3823 De
607 3769 875 3823 monac/tis
904 3777 955 3823 et
986 3770 1330 3827 monialibus.

509 3860 598 3914 40.
632 3858 895 3925 Quoniam
924 3859 1031 3915 Deo
1058 3861 1268 3917 haerere
1294 3863 1340 3896 ’°
1373 3879 1469 3933 per
1489 3880 1764 3924 secessum
1791 3883 1860 3925 ex
1883 3878 2008 3925 νιιειι

438 3952 668 4022 strepitu
699 3967 765 4007 ac
792 3952 1202 4022 perturbatione
1221 3955 1377 4010 valde
1400 3964 1487 4012 est
1512 3958 1773 4026 salutare,
1796 3968 2011 4031 oportet

435 4061 541 4101 nos
578 4059 689 4099 non
719 4045 839 4099 sine
865 4044 1271 4100 examinatione
1296 4062 1393 4103 eos
1419 4049 1512 4119 qui
1538 4049 1703 4105 vitam
1748 4054 2013 4109 monasti-

437 4152 557 4193 cam
588 4136 815 4205 eligunt,
846 4151 955 4190 non
992 4136 1370 4206 intempestive
1389 4139 1692 4207 admittere,
1728 4145 1819 4199 sed
1853 4145 2013 4202 nobis

438 4244 470 4282 a
495 4228 749 4283 Patribus
766 4226 1023 4282 traditum
1043 4228 1335 4283 terminum
1354 4230 1409 4284 in
1434 4232 1515 4286 eis
1534 4247 1752 4302 quoque
1773 4248 2012 4301 servare,

436 4326 501 4374 ut
530 4319 655 4373 vitae
683 4318 982 4373 secundum
1012 4318 1182 4372 Deum
1210 4319 1607 4388 professionem
1629 4322 1742 4390 jam
1776 4324 2010 4389 firmam,

2112 3226 2222 3280 τῶν
2250 3227 2451 3294 γονέων
2486 3225 2676 3297 αὐτῆς,
2703 3227 2737 3297 ἢ
2771 3220 2847 3282 ὧν
2875 3230 2943 3299 τῇ
2976 3228 3217 3299 φροντίδι
3267 3230 3567 3291 ἀνάκειται,
3595 3227 3675 3280 διὰ

2114 3316 2177 3377 τὸ
2226 3319 2303 3388 μὴ
2346 3318 2514 3389 χωρὶς
2559 3317 2655 3371 τοῦ
2704 3318 2983 3389 σχήματος
3045 3317 3429 3388 τελειωθῆναι,
3473 3315 3673 3387 καλύψῃ

2111 3408 2381 3480 παρθένον
2437 3408 2470 3481 ἢ
2521 3409 2789 3478 ἐκάλυψεν
2828 3409 2979 3473 ἐντὸς
3026 3410 3219 3480 κείρας
3269 3409 3533 3465 ἐνιαυτῶν
3583 3412 3674 3472 κε’,

2115 3500 2295 3572 μηδὲν⁵
2326 3499 2419 3554 τὸν
2446 3499 2689 3557 τοιοῦτον
2726 3499 2901 3572 βλάψῃ
2933 3502 3061 3571 περὶ
3108 3501 3307 3556 τούτου
3332 3501 3428 3556 τοῦ
3458 3497 3675 3572 ἀριθμοῦ

2115 3594 2224 3653 τῶν
2250 3594 2515 3654 ἐνιαυτῶν
2537 3593 2940 3647 κατασταθεῖσα
2977 3593 3217 3658 σύνοδος.

2263 3684 2530 3739 Συνόδου
2544 3683 2962 3753 οὶκουμενικῆς
2999 3689 3058 3748 ς’
3087 3683 3295 3739 κανὼν
3326 3685 3403 3755 μ’,
3430 3691 3530 3754 με’.

2183 3780 2322 3847 Περὶ
2338 3776 2621 3847 μοναχῶν
2649 3778 2745 3830 καὶ
2774 3774 3186 3845 μοναστριῶνι

2185 3865 2257 3936 μ’.
2299 3866 2515 3936 Ἐπειδὴ
2565 3865 2645 3936 τῷ
2683 3864 2804 3935 Θεῷ
2840 3864 3158 3930 κολλᾶσθαι,
3210 3864 3309 3919 διὰ
3347 3864 3447 3934 τῆς
3486 3864 3549 3915 ὲκ
3580 3859 3679 3913 τῶν

2112 3957 2206 4010 τοῦ
2228 3956 2343 4027 βίου
2373 3955 2618 4027 θορύϐων
2644 3954 3070 4025 ἀναχωρήσεως,
3101 3953 3224 4008 λίαν
3259 3954 3380 4008 ἐστὶ
3404 3953 3678 4023 σωτήριον,

2114 4048 2221 4118 Χρὴ
2252 4045 2326 4116 μὴ
2350 4045 2721 4109 ἀνεξετάστως
2752 4043 2982 4114 ὴμᾶςνῆ
3018 4044 3173 4113 παρὰ
3193 4044 3292 4099 τὸν
3326 4043 3520 4114 καιρὸν
3563 4042 3680 4102 τοὺς

2114 4138 2206 4191 τὸν
2239 4137 2449 4207 μονήρη
2492 4136 2605 4207 βίον
2633 4134 2993 4205 αἱρουμένους
3038 4134 3392 4205 προσίεσθαι,
3436 4133 3569 4188 ἀλλὰ
3596 4132 3687 4185 τὸν.

2116 4227 2486 4298 παραδοθέντα
2510 4228 2642 4297 ἡμῖν
2668 4227 2822 4298 παρὰ
2846 4225 2957 4280 τῶν
2984 4226 3268 4297 Πατέρων,
3303 4228 3399 4281 καὶ
3431 4228 3489 4282 έν
3512 4225 3684 4285 αὐτοῖς

2118 4319 2413 4389 φυλάττειν
2444 4320 2570 4389 ὅρον
2592 4335 2609 4349 ν
2645 4318 2786 4372 ὥστε
2807 4316 2907 4390 τὴν
2946 4317 3238 4389 ὁμολογίαν
3259 4318 3357 4372 τοῦ
3394 4319 3535 4372 κατά
3560 4316 3683 4370 θεὸν

435 4417 493 4463 et
539 4422 570 4460 a
603 4406 830 4462 scientia
876 4420 941 4461 ac
987 4406 1195 4475 judicio
1225 4406 1423 4463 factam
1468 4418 1599 4463 tunc
1630 4412 2003 4481 admittnmus,

2116 4411 2232 4482 βίου
2261 4410 2382 4465 τότε
2406 4409 2729 4481 προσίεσθαι
2763 4410 2865 4476 δεῖ,
2910 4410 2987 4473 ὡς
3032 4410 3135 4480 ἥδη
3186 4410 3419 4481 βεϐαίαν
3446 4410 3542 4464 καὶ
3586 4408 3685 4461 ἀπὸ

437 4506 563 4567 post
587 4497 818 4552 rationis
847 4497 1330 4567 complementum.
1373 4499 1477 4567 Qui
1524 4516 1653 4570 ergo
1685 4500 1847 4571 375
1887 4518 2008 4557 mo-

436 4589 729 4645 nacbicum
755 4589 946 4660 jugum
976 4598 1062 4644 est
1088 4590 1388 4656 subiturus,
1421 4606 1505 4663 .ne
1537 4592 1606 4645 sit
1642 4592 1821 4646 minor
1843 4608 2006 4661 quam

436 4681 625 4737 decem
646 4693 915 4733 annorum
937 4688 1118 4745 natus,
1137 4679 1257 4750 ejus
1278 4696 1495 4750 quoque
1510 4680 1585 4735 rei
1607 4681 2010 4737 examinatione

439 4770 493 4823 in
523 4768 773 4840 praesulis
806 4768 1040 4826 arbitrio
1079 4771 1183 4826 sita
1208 4809 1223 4834 ,
1281 4786 1349 4825 an
1396 4772 1583 4840 augeri
1634 4780 1848 4841 tempus
1878 4787 2010 4827 con-

438 4858 735 4914 ducibilius
768 4859 1041 4915 existimet
1069 4859 1137 4913 ad
1175 4860 1629 4915 iutroductionem
1662 4869 1718 4916 et
1746 4862 2011 4916 constitu-

438 4950 642 5015 tionem
677 4949 732 5004 in
761 4952 874 5006 vita
920 4952 1248 5007 monastica.
1274 4950 1385 5006 Etsi
1418 4952 1565 5006 enim
1597 4966 1829 5021 magnus
1860 4951 2014 5008 Basi-

437 5044 547 5101 lius
568 5045 612 5077 "
653 5046 706 5101 in
733 5046 1362 5117 sacrislsuiscanonibus
1389 5061 1532 5111 eam,
1549 5061 1671 5115 qua:
1692 5061 1792 5103 sua
1821 5042 2016 5117 sponte

438 5131 551 5187 Deo
580 5149 639 5189 se
666 5136 840 5202 offert,
858 5146 914 5190 et
941 5136 1309 5206 virginitatem
1340 5135 1739 5205 complectitur,
1768 5139 1815 5192 si
1846 5136 2014 5207 septi-

439 5239 590 5287 mum
639 5226 914 5280 decimum
969 5242 1174 5281 annum
1229 5225 1597 5296 compleverit,
1630 5228 1685 5282 in
1742 5229 2013 5297 virginum

438 5315 683 5370 ordinem
724 5315 1065 5372 referendam
1118 5331 1243 5372 esse
1291 5316 1523 5383 statuit;
1579 5319 1672 5373 sed
1705 5327 1886 5374 tamen
1947 5320 2014 5375 de

439 5404 619 5462 viduis
650 5412 705 5461 et
749 5406 1074 5464 diaconissis
1128 5407 1435 5479 exemplum
1489 5409 1762 5475 secuti,in
1800 5410 2007 5465 dictum

2113 4499 2337 4573 γνώμης
2359 4501 2566 4563 οἰκείας
2594 4501 2690 4554 καὶ
2714 4500 2950 4571 κρίσεως
2977 4501 3297 4570 γινομένην,
3322 4502 3463 4571 μετὰ
3481 4500 3580 4569 τὴν
3598 4494 3683 4549 τοῦ

2113 4590 2275 4658 λόγου
2297 4590 2691 4662 συμπλήρωσιν
2711 4607 2725 4623 ο
2756 4591 2899 4644 έστω
2925 4589 3107 4643 τοίνυν
3127 4592 3155 4644 ὁ
3183 4589 3403 4660 μέλλων
3421 4591 3515 4643 τὸν
3541 4604 3687 4658 μονα⁹

2113 4682 2269 4753 χικὸν
2298 4681 2633 4753 ὑπέρχεσθαι
2680 4679 2867 4751 ζυγὸν,
2907 4682 3006 4753 οὐχ
3032 4675 3198 4757 ἦττον
3225 4682 3259 4752 ἢ
3299 4682 3569 4752 δεκαετής
3589 4696 3603 4709 ·
3632 4679 3685 4731 ὲν

2114 4773 2193 4844 τῷ
2219 4772 2465 4844 προέδρῳ
2481 4772 2743 4842 κειμένης
2769 4773 2982 4843 καὶτῆς
3020 4773 3114 4825 ἐπὶ
3136 4771 3319 4844 τούτῳ
3348 4771 3686 4843 δοκιμασίας,

2120 4867 2170 4919 εί
2197 4865 2289 4918 τὸν
2316 4864 2511 4934 χρόνον
2540 4864 2689 4934 αὐτῷ
2728 4864 3030 4935 αὐξηθῆναι
3062 4864 3515 4935 λυσιτελέστερον
3548 4862 3689 4933 ἡγεῖ-

2118 4970 2229 5021 ται,
2258 4953 2397 5023 πρὸς
2446 4953 2553 5022 ’τὴν
2590 4953 2648 5007 ὲν
2695 4952 2776 5021 τῷ
2812 4954 3040 5024 μονήρει
3096 4952 3196 5022 βίῳ
3248 4951 3569 5021 εἰσαγωγὴν
3600 4946 3690 5002 καὶ

2121 5045 2497 5101 κατάστασιν·
2534 5044 2584 5098 εί
2609 5043 2718 5114 γάρ
2748 5044 2841 5097 καὶ⁵
2881 5046 2910 5098 ό
2939 5044 3113 5114 μέγας
3145 5044 3437 5106 Βασίλειος
3481 5045 3541 5096 ὲν
3584 5040 3689 5101 τοῖς

2123 5136 2285 5207 ίεροῖς
2313 5135 2479 5190 αὐτοῦ
2511 5135 2700 5189 κανόσι
2726 5136 2824 5207 τὴν
2852 5136 3115 5200 ἑκουσίως
3139 5135 3348 5205 ἑαυτὴν
3380 5134 3685 5205 προσάγου-

2122 5246 2223 5283 σαν
2264 5227 2342 5299 τῷ
2375 5227 2495 5299 Θεῷ
2525 5228 2622 5282 καὶ
2648 5227 2751 5299 τὴν
2796 5229 3096 5301 παρθενίαν
3153 5227 3571 5298 ἀσπαζομένην,
3604 5223 3688 5278 τδν

2120 5319 2586 5374 ἑπτακαιδέκατον
2614 5319 2935 5375 διανύουσαν
2972 5321 3182 5391 χρόνον,
3211 5320 3296 5390 τῷ
3325 5320 3439 5373 τῶν
3489 5315 3687 5388 παρθέ-

2120 5427 2227 5464 νων
2267 5410 2514 5480 τάγματι
2566 5410 2916 5483 ἀριθμεῖσθαι
2945 5411 3267 5483 νομοθετεῖ,·
3302 5412 3425 5466 ἀλλ’
3479 5410 3573 5465 οὖν
3616 5404 3687 5478 τῷ

510 5577 756 5656 “itione.
784 5579 1006 5656 Milevit.
1030 5597 1091 5649 ιι,
1120 5597 1221 5639 can
1247 5582 1353 5646 26;
1385 5582 1649 5656 Afric_._c;
1663 5583 1763 5656 95.
1826 5583 1871 5656 εξ
1898 5581 2151 5656 Carthag.
2178 5600 2260 5651 Ill,
2285 5600 2408 5641 cau.
2438 5586 2492 5642 4.
2568 5587 2614 5622 ’⁸
2642 5586 2843 5656 Basilii,
2864 5600 2983 5645 can.
3016 5586 3111 5653 18;
3141 5586 3408 5644 Chalced.
3449 5606 3570 5647 can.
3604 5589 3683 5643 l9.

444 5646 488 5680 υ
523 5647 655 5705 Vide
682 5649 940 5709 Basilium
973 5646 1251 5725 magnum,
1280 5668 1475 5712 canon.
1523 5653 1589 5711 l8
1610 5652 1779 5724 Epist.
1806 5652 1873 5709 ad
1906 5646 2368 5726 Amphilochium.
