3766 6198
133 272 225 339 θοι

863 275 1265 338 SYN'I'AGMA
1300 278 1691 344 CANONUM.
1715 304 1786 318 ·-
1812 283 1963 351 ΤΙΤ,
2000 283 2109 359 XI,
2151 286 2309 345 CAP.
2346 288 2506 347 XXI.

3232 290 3344 353 862

133 386 252 457 περὶ
279 382 387 438 τῶν
415 382 594 455 χηρῶν
624 400 685 437 τε
736 386 832 439 καὶ
880 386 1243 442 διακονισσῶν
1271 392 1665 463 παραδείγματι

1826 411 2018 465 tmpus,
2072 397 2322 468 analogia
2367 408 2421 455 et
2452 400 2802 471 proportione
2834 398 3023 455 habita
3052 437 3067 463 ,
3120 413 3218 455 eos
3256 401 3351 471 qui

130 476 698 547 κατακολουθήσαντες,
740 479 821 542 είς
845 479 936 532 τὸν
967 482 1258 551 εἰρημένον
1309 484 1501 553 χρόνον
1550 487 1683 540 ἀνα-

129 568 287 637 λόγως
310 571 437 633 τοὺς
466 568 556 623 τὸν
588 572 798 642 μονήρη
840 570 954 641 βίον
986 571 1281 642 ἑλομένους
1316 578 1685 649 περιεστήσαο

130 676 247 730 μεν·
273 660 331 714 ἐν
361 661 469 733 γάρ
497 661 574 733 τῷ
598 662 728 733 θείῳ
764 664 1069 735 Ἀποστόλῳ
1111 665 1452 739 γέγραπταιο
1507 669 1683 738 Ἐξή-

124 766 296 806 uorsa
316 752 469 807 ἐτῶν
497 754 635 824 ῗτὴν
682 757 752 810 ἐν
783 756 859 827 τῇ
888 760 1219 828 Ἐκκλησία
1246 764 1683 833 καταλέγεσθαι

122 840 324 911 χήραν.
356 844 421 897 Oi
448 844 503 897 δὲ
534 846 670 915 ἱεροὶ
699 847 923 912 κανόνες
964 854 1018 919 μ’
1046 848 1185 903 ἐτῶν
1212 850 1313 922 τὴν
1336 851 1682 909 διακόνισσαν

122 935 529 1003 χειροτονεῖσθαι
565 937 1003 1007 παραδεδώκασι,
1041 940 1143 1011 τὴν
1193 943 1522 1010 Ἐκκλησίαν
1576 946 1680 1014 χά-

120 1020 356 1092 ριτιθείᾳ
384 1025 780 1096 κραταιοτέραν
799 1028 1115 1100 γινομένην,
1149 1032 1245 1085 καὶ
1266 1032 1361 1085 ἐπὶ⁵
1388 1033 1458 1087 τὰ
1486 1036 1680 1106 πρόσω

119 1110 394 1182 βαίνουσαν
422 1114 750 1185 ἐωρακότες,
776 1118 873 1173 καὶ
909 1119 970 1175 τὸ
994 1121 1105 1174 τῶν
1145 1123 1355 1177 πιστῶν
1385 1126 1525 1197 πρὸς
1572 1128 1675 1199 τὴν

115 1202 217 1257 τῶν
242 1203 399 1258 θείων
432 1205 663 1261 ἐντολῶν
685 1210 919 1280 τήρησιν
943 1211 1139 1279 πάγιόν
1169 1229 1231 1267 τε
1264 1217 1360 1270 καὶ
1387 1218 1634 1287 ἀσφαλές
1660 1237 1676 1251 ·

117 1294 242 1364 ὅπερ
270 1296 365 1349 καὶ
391 1297 556 1367 ἡμεῖς
584 1299 781 1368 ἄριστα
825 1304 1284 1374 κατανοήσαντες,
1333 1308 1540 1378 ἀρτίως
1595 1311 1674 1365 δι-

114 1382 422 1452 ωρισάμεθα
442 1384 540 1455 τὴν
560 1388 809 1456 εὐλογίαν
820 1392 920 1462 τῆς
944 1391 1186 1462 χάριτος,
1203 1394 1281 1465 τῷ
1301 1396 1550 1466 μέλλοντι
1566 1402 1676 1454 τῶν

116 1474 246 1526 κατά
288 1474 423 1530 Θεὸν
451 1476 681 1546 ἀγώνων
707 1480 1051 1554 ἐνάρχεσθαι,
1084 1484 1273 1557 ὥσπερ
1323 1490 1447 1544 τινὰ
1499 1508 1674 1562 σφρα-

110 1564 220 1631 γῖδα
266 1566 476 1637 ταχέως
507 1569 979 1644 ἐνσημαινόμενοι,
1019 1576 1273 1634 ἐντεῦθεν
1323 1582 1488 1636 αὐτὸν
1536 1585 1673 1655 πρὸς

110 1656 165 1709 τὸ
198 1658 286 1711 ἐπὶ
325 1660 595 1731 μήκιστον
631 1664 707 1735 μὴ
739 1666 919 1721 ὀκνεῖν
949 1669 1045 1722 καὶ
1085 1670 1415 1726 ἀναδύεσθαι
1438 1676 1670 1745 προσϐι-

1784 488 1953 543 vitam
1984 491 2339 545 monasticam
2360 492 2656 563 elegerunt,
2678 490 3025 546 deduximus.
3072 488 3132 544 In
3165 492 3350 546 divino

1781 581 1927 635 enim
1967 579 2228 650 Apostolo
2270 583 2533 652 scriptum
2572 592 2656 638 est
2687 584 2733 616 “
2762 584 3041 653 sexaginta
3079 597 3349 647 annorum

1781 673 1998 728 viduam
2024 672 2079 727 in
2098 672 2337 729 Ecclesia
2358 674 2656 744 eligendam
2688 693 2702 730 :
2725 675 2865 731 sacri
2901 683 3083 730 autem
3109 689 3349 730 canones

1780 767 2138 838 quadraginta
2166 782 2432 823 annorum
2455 770 2816 826 diaconissatn
2844 770 3200 825 ordinandam
3228 783 3349 823 esse

1779 867 2109 923 statuerunt,
2143 874 2267 914 cum
2298 857 2391 913 Dei
2430 859 2721 915 ecclesiam
2750 861 2845 915 Dei
2873 861 3045 929 gratia
3073 859 3349 929 potentio-

1778 964 1892 1004 rem
1933 965 1997 1004 ac
2020 951 2387 1005 robustiorem
2416 951 2684 1018 evasisse,
2717 961 2773 1007 et
2798 952 3027 1007 ulterius
3056 950 3349 1021 procedere

1777 1040 2063 1106 vidissent,
2088 1041 2438 1112 ﬁdeliumque
2490 1041 2561 1098 ad
2603 1042 2914 1098 divinorum
2964 1043 3346 1098 mandatorum

1777 1131 2213 1188 observationem
2269 1134 2581 1188 ﬁrmitatem
2636 1147 2701 1188 ac
2759 1133 3130 1189 stabilitatem.
3189 1132 3345 1199 Quod

1776 1224 1994 1295 quidem
2039 1240 2163 1280 cum
2215 1240 2317 1281 nos
2363 1240 2583 1296 quoque
2631 1227 2835 1295 optime
2868 1226 3344 1291 intellexissemus,

1775 1315 1939 1369 modo
1966 1316 2258 1371 statuimus
2284 1316 2712 1372 benedictionem
2740 1316 2927 1388 gratiae
2951 1317 3019 1383 ei,
3045 1315 3137 1385 qui
3172 1324 3338 1370 certa-

1774 1406 1922 1461 mina
1953 1407 2255 1463 secundum
2278 1406 2447 1461 Deum
2466 1423 2825 1478 aggressurus
2854 1416 2962 1474 est,
2975 1408 3141 1463 veluti
3171 1408 3345 1476 quod-

1774 1495 1899 1551 dam
1929 1495 2267 1565 signaculum
2296 1498 2545 1552 celeriter
2600 1499 2994 1568 imprimentes,
3046 1498 3174 1552 hinc
3218 1510 3343 1551 cum

1772 1585 1840 1639 ad
1877 1601 1985 1642 non
2017 1586 2112 1641 diu
2140 1588 2507 1642 cunctandum
2543 1596 2598 1642 et
2656 1587 3127 1659 tergiversandum
3180 1587 3342 1641 indu-

1772 1684 1979 1739 centes,
2013 1676 2096 1731 vel
2127 1679 2305 1746 potius
2333 1692 2452 1731 eam
2482 1677 2550 1732 ad
2592 1676 2721 1733 boni
2750 1677 3069 1733 electionem
3115 1685 3171 1733 et
3207 1691 3343 1732 con-

110 1746 375 1815 ϐάζοντες,
419 1752 625 1821 μᾶλλον
660 1755 761 1824 μὲν
792 1752 887 1811 οὖν
912 1760 1008 1812 καὶ
1033 1762 1172 1830 πρὸς
1194 1762 1290 1834 τὴν
1319 1764 1413 1818 τοῦ
1454 1742 1665 1835 ἀγαθοῦ

1830 1767 2117 1823 itutionem
2127 1742 2449 1822 incitantes.

110 1840 495 1911 παρορμῶντες
521 1844 751 1917 ἐκλογὴν
798 1849 895 1902 καὶ
923 1851 1277 1908 κατάστασιν.

174 1928 273 1999 με’.
327 1934 551 2005 Ἐπειδὴ
614 1938 1039 2011 μεμαθήκαμεν,
1092 1944 1149 1998 ἐν
1182 1962 1294 1999 τισι
1340 1947 1672 2014 γυναικείοις

113 2023 483 2096 μοναστηρίοις
516 2027 615 2090 τάς
640 2029 939 2099 μελλούσας
972 2033 1068 2087 τοῦ
1094 2036 1241 2107 ἱεροῦ
1277 2038 1487 2092 ἐκείνου
1523 2056 1663 2094 κατ-

108 2112 371 2177 αξιοῢσθαι
419 2117 729 2188 σχήματος,
794 2122 1065 2194 πρότερον
1096 2129 1352 2198 σηρικαῖς
1396 2129 1494 2182 καὶ
1528 2148 1668 2185 παν-

107 2201 266 2266 τοίαις
314 2205 553 2270 στολαῖς,
608 2208 691 2262 ἔτι
745 2210 855 2281 μὴν
908 2214 1004 2266 καὶ
1052 2216 1301 2286 κοσμίοις
1351 2218 1537 2290 χρυσῷ
1575 2220 1673 2275 καὶ

108 2293 228 2364 λίθῳ
268 2299 717 2371 πεποικιλμένοις
763 2303 869 2356 ὑπὸ
903 2305 1012 2359 τῶν
1056 2310 1441 2378 προσαγόντων
1494 2313 1666 2377 αὑτὰς

109 2387 567 2456 περιστέλλεσθαι,
604 2395 700 2446 καὶ
730 2393 874 2448 οὕτω
896 2394 975 2466 τῷ
1003 2397 1376 2471 θυσιαστηρίῳ
1405 2403 1664 2473 προσιού-

112 2493 219 2544 σας,
244 2480 660 2538 ἐκδιδύσκεσθαι
687 2486 788 2555 τὴν
809 2488 1078 2559 τοσαύτην
1097 2492 1197 2561 τῆς
1222 2491 1353 2561 ὕλης
1370 2494 1661 2562 άμφίασιν,

109 2572 432 2642 παραχρῆμά
465 2590 526 2626 τε
557 2575 799 2642 γίνεσθαι
853 2580 942 2633 ἐπ’
974 2582 1166 2646 αὐταῖς
1194 2583 1293 2652 τὴν
1326 2583 1420 2639 τοῦ
1455 2587 1667 2655 σχήμα-

107 2675 187 2721 τος
213 2660 483 2730 εὐλογίαν,
514 2666 608 2718 καὶ
637 2665 699 2718 τὸ
729 2667 897 2736 μέλαν
943 2670 1115 2734 αὑτὰς
1170 2670 1380 2741 ἔνδυμα
1430 2673 1665 2743 ἀμφιέν-

108 2751 303 2817 νυσθαι,
363 2756 626 2826 ὁρίζομεν
673 2757 818 2812 ὥστε
854 2762 1051 2831 μηκέτι
1084 2762 1193 2816 ἀπὸ
1241 2763 1335 2817 τοῦ
1366 2764 1461 2819 νῦν
1510 2767 1669 2821 τοῦτο

108 2838 335 2905 γίνεσθαι
357 2860 372 2876 ·
398 2846 527 2900 οὐδὲ
556 2848 664 2918 γὰρ
693 2850 889 2918 εύαγές
921 2852 1156 2923 ὑπάρχει
1195 2855 1293 2923 τὴν
1320 2856 1421 2926 ήδη
1452 2856 1542 2911 διὰ
1566 2857 1668 2928 τῆς

107 2930 293 2996 οἰκείας
314 2937 693 3007 προαιρέσεως
708 2941 1051 3013 ἀποθεμένην
1080 2946 1261 2999 πᾶσαν
1287 2947 1387 3018 τὴν
1411 2947 1504 3001 τοῦ
1538 2948 1654 3019 βίου

1836 1951 1930 2006 45.
1969 1950 2240 2018 Quoniam
2271 1950 2643 2008 intelleximus
2668 1949 2716 1983 ”
2742 1950 2797 2005 in
2831 1947 3116 2005 nonnullis
3145 1947 3343 2002 mulie-

1771 2057 1895 2097 rum
1928 2042 2280 2098 monasteriis
2312 2043 2593 2106 mulieres,
2624 2056 2747 2111 quae
2791 2056 2951 2097 sacro
3004 2040 3097 2095 illo
3138 2040 3342 2094 amictu

1770 2144 1900 2189 sunt
1929 2133 2239 2197 induendas,
2270 2134 2423 2203 prius
2444 2133 2635 2189 sericis
2659 2140 2713 2187 et
2735 2132 2914 2187 omnis
2939 2130 3155 2203 generis
3177 2129 3344 2184 vesti-

1768 2226 1902 2291 bus;
1954 2236 2214 2295 praeterea
2255 2234 2438 2281 autem
2481 2238 2536 2281 et
2581 2225 2802 2280 mundis
2837 2239 2972 2279 auro
3015 2232 3070 2278 et
3110 2223 3341 2295 gemmis

1772 2318 1995 2374 variatis
2030 2318 2099 2372 ab
2127 2319 2198 2374 iis
2228 2319 2323 2388 qui
2360 2318 2479 2374 illas
2503 2319 2713 2373 ducunt
2746 2318 3024 2381 exornari,
3068 2324 3124 2371 et
3162 2315 3242 2370 sic
3274 2313 3340 2368 ad

1767 2410 1940 2465 altare
1970 2410 2311 2476 accedentes,
2336 2411 2462 2466 exui
2494 2419 2647 2464 tanto
2676 2424 2841 2479 opum
2872 2416 3154 2477 apparatu,
3178 2406 3343 2476 376

1768 2509 1823 2556 et
1852 2501 2039 2556 statim
2071 2501 2124 2554 in
2154 2501 2265 2555 illis
2304 2501 2421 2555 ﬂeri
2456 2501 2677 2555 habitus
2702 2499 3157 2562 benedictionem,
3194 2497 3342 2551 illas-

1769 2607 1876 2664 que
1912 2593 2067 2663 nigro
2111 2593 2316 2648 amictu
2362 2593 2550 2656 indui,
2583 2592 2879 2647 statuimus
2922 2605 2991 2644 ne
3034 2588 3140 2643 hoc
3181 2587 3339 2642 dein-

1765 2696 1893 2753 ceps
1928 2682 2040 2737 ﬁat.
2069 2683 2255 2752 Neque
2282 2683 2426 2737 enim
2460 2681 2542 2738 fas
2565 2690 2668 2748 est,
2708 2689 2767 2735 ut
2797 2695 2920 2750 quae
2960 2680 3073 2747 jam
3121 2676 3340 2747 propria

1766 2776 2044 2828 voluntate
2096 2788 2314 2829 omnem
2363 2774 2487 2828 vita:
2521 2770 2925 2843 jucunditatem
2976 2768 3246 2838 deposuit,
3288 2773 3345 2821 et

1765 2879 1884 2920 eam
1916 2880 2038 2935 quae
2061 2872 2145 2920 est
2171 2864 2469 2919 secundum
2492 2862 2663 2918 Deum
2680 2862 2804 2916 vita:
2825 2858 3047 2929 agendae
3073 2857 3340 2913 rationem

1770 2954 2019 3023 amplexa
2080 2962 2184 3019 est,
2240 2953 2525 3022 ﬁrmisque
2578 2965 2644 3006 ac
2698 2948 2986 3006 stabilibus
3033 2945 3341 3001 rationibus

108 3024 343 3093 φροντίδα
372 3044 432 3081 τε
473 3029 567 3082 καὶ
593 3032 953 3101 τερπνότητα,
1005 3036 1101 3088 καὶ
1132 3038 1531 3110 ἀσπασαμένην
1559 3042 1660 3111 τὴν

1826 3062 1889 3101 ιω
1929 3045 2293 3113 conﬁrmavit,
2332 3054 2386 3101 et
2424 3045 2499 3099 ita
2541 3044 2608 3099 ad
2646 3041 3038 3098 monasterium
3089 3036 3341 3101 accessit,

108 3115 237 3169 κατὰ
265 3116 395 3171 Θεὸν
424 3120 730 3188 πολιτείαν,
774 3127 870 3177 καὶ
928 3127 1309 3195 βεϐαιώσας-αν
1340 3129 1548 3201 ταύτην
1573 3132 1663 3185 λο-

108 3209 310 3275 γισμοῖς
329 3210 598 3278 ἀκλινέσι,
633 3214 727 3270 καὶ
752 3215 894 3269 οὕτω
922 3217 1000 3288 τῷ
1037 3220 1389 3291 μοναστηρίῳ
1432 3222 1665 3292 προσελ-

110 3297 310 3369 θοῦσαν,
346 3300 502 3367 αὖθις
533 3306 612 3369 εἰς
639 3307 944 3380 ἀνάμνησιν
970 3310 1057 3364 διὰ
1088 3310 1181 3364 τοῦ
1216 3312 1461 3368 τοιούτου
1485 3318 1658 3388 φθαρο

108 3390 192 3480 τοῦ
219 3410 274 3446 τε
302 3396 393 3450 καὶ
427 3399 648 3467 ῥέοντος
678 3400 887 3471 κόσμου
920 3400 1114 3468 ἐλθεῖν,
1140 3397 1214 3457 ὧν
1239 3405 1340 3477 ήδη
1368 3407 1666 3480 ἐποιήσατο

106 3479 259 3552 λήθην
282 3497 300 3516 ο
327 3484 389 3537 ἐκ
414 3485 612 3538 τούτου
641 3503 702 3541 τε
748 3487 1047 3558 ἀμφίϐολον
1076 3493 1410 3561 καταστῆναι
1438 3479 1533 3548 καὶ
1562 3496 1663 3566 τὴν

107 3572 267 3643 ψυχὴν
302 3576 735 3649 ἐκταραχθῆναι,
765 3579 923 3651 δίκην
952 3582 1211 3651 κυμάτων
1234 3584 1657 3655 ἐπικλυζόντων,

108 3662 188 3713 καὶ
222 3664 340 3735 τῇδε
364 3666 589 3719 κάκεῖσε
615 3669 1114 3740 περιστρεφόντων·
1152 3671 1229 3735 ὡς
1257 3675 1395 3744 μήτε
1419 3676 1657 3747 δάκρυόν

109 3752 238 3806 ἐστιν
266 3756 352 3809 ὅτε
389 3757 581 3811 λοιπὸν
609 3760 862 3828 ἀφιεῖσαν
889 3762 988 3831 τὴν
1020 3763 1077 3814 ἐν
1102 3765 1167 3832 τῇ
1194 3765 1390 3836 καρδίᾳ
1436 3767 1524 3821 διὰ
1556 3768 1652 3822 τοῦ

110 3845 335 3914 σώματος
364 3852 658 3919 κατάνυξιν
704 3853 1073 3919 ἐπιδείξασθαι
1095 3872 1111 3887 ο
1142 3836 1258 3912 ἀλλ’
1286 3860 1335 3909 εί
1363 3860 1455 3911 καὶ
1483 3859 1655 3931 βραχύ

105 3951 171 3998 τι,
200 3938 267 4002 ὡς
293 3941 459 4013 είκὸς,
478 3943 806 4015 ἐκπηδήσειε
839 3945 1089 4019 δάκρυον,
1100 3946 1173 4019 μὴ
1206 3948 1404 4018 μᾶλλον
1440 3951 1541 4020 τῆς
1571 3952 1658 4006 διὰ

1760 3154 1859 3209 per
1886 3154 2034 3202 eum,
2061 3138 2156 3209 qui
2186 3138 2373 3193 interit
2403 3152 2468 3192 ac
2494 3137 2635 3203 ﬂuit,
2654 3135 2943 3198 mundum,
2965 3146 3199 3203 quorum
3225 3130 3340 3200 jam

1762 3229 1929 3284 oblita
1978 3239 2097 3284 erat
2147 3229 2471 3285 memoriam
2527 3235 2774 3292 revocet;
2824 3234 2878 3280 et
2918 3239 2984 3278 ex
3028 3238 3094 3278 eo
3142 3235 3343 3291 anceps

1763 3322 2045 3386 reddatur,
2084 3330 2139 3375 et
2168 3320 2288 3391 ejus
2324 3320 2505 3375 anima
2552 3317 2903 3389 perturbetur
2948 3315 3121 3369 instar
3164 3327 3340 3368 exun-

1765 3413 2009 3468 dantium
2046 3411 2336 3478 ﬂuctuum,
2370 3413 2586 3482 hucque
2615 3419 2669 3466 et
2705 3410 2836 3465 illuc
2868 3407 3206 3463 versantium
3236 3422 3249 3459 :
3280 3412 3341 3459 ut

1770 3518 1872 3559 nec
1903 3518 2293 3573 nonnunquam
2338 3504 2634 3573 lacrymam
2685 3500 2964 3563 emittens,
3015 3496 3200 3551 cordis
3246 3509 3342 3563 per

1767 3610 1972 3664 corpus
2007 3597 2488 3666 compunctionem
2521 3592 2811 3659 ostendat;
2844 3591 2939 3647 sed
2980 3598 3035 3644 et
3066 3588 3111 3643 si
3143 3587 3337 3655 exigua

1770 3687 1974 3757 aliqua,
2012 3697 2074 3742 ut
2122 3695 2206 3743 est
2248 3693 2703 3749 consentaneum,
2762 3683 3003 3754 lacryma
3053 3678 3339 3741 exsilierit,

1769 3792 1875 3831 non
1905 3780 2079 3848 magis
2108 3786 2330 3847 propter
2358 3775 2806 3831 exercitatorium
2835 3780 3128 3835 certamen,
3173 3782 3337 3838 quam

1766 3874 2049 3935 propterea
2092 3867 2235 3936 quod
2282 3866 2547 3921 mundum
2591 3873 2646 3919 et
2687 3865 2965 3918 mundana
3005 3861 3336 3930 relinquant,

1764 3970 1826 4010 ea
1853 3972 1883 4010 a
1914 3956 2225 4012 videntibus
2253 3955 2581 4025 proﬂuxisse
2607 3963 2852 4025 putetur.

105 4028 184 4080 rw
208 4031 501 4102 ἀσκητικὸν
542 4035 727 4104 ἀγῶνα
754 4036 1046 4101 διαθέσεως
1082 4038 1264 4109 χάριν,
1292 4040 1324 4110 ἢ
1371 4040 1460 4099 διὰ
1491 4042 1552 4095 τὸ
1582 4042 1676 4097 τὸν
1710 4044 1912 4114 κόσμον
1941 4046 2036 4099 καὶ
2064 4047 2133 4099 τά
2200 4049 2259 4099 ἐν
2285 4045 2362 4116 τῷ
2394 4045 2583 4115 κόσμῳ
2624 4043 2967 4107 καταλιπεῖν,
3024 4039 3179 4111 παρά
3222 4040 3332 4101 τοῖς

106 4118 254 4188 δρῶσι
284 4125 442 4181 τοῦτο
476 4128 738 4198 προελθὸν
766 4130 1103 4201 λογισθῆναι.

518 4222 842 4276 Βασιλείου
886 4222 1085 4276 κανὼν
1140 4232 1229 4296 ιη’.

167 4313 248 4375 ιη’.
275 4309 408 4381 Περὶ⁸
438 4311 552 4365 τῶν
582 4314 926 4369 ἐκπεσουσῶν
955 4314 1239 4385 παρθένων
1263 4333 1318 4370 κ.
1343 4333 1396 4374 τ.
1425 4317 1475 4373 λ.

167 4397 401 4457 ΚΕΦΑΛ.
434 4402 539 4456 lA’.
564 4433 635 4443 —
662 4404 802 4472 Περὶ
825 4406 1110 4476 μωαχῶν
1148 4409 1487 4477 γινομένων
1506 4412 1656 4478 κλη-

100 4488 282 4561 ρικῶν,
305 4493 343 4562 ἢ
372 4493 600 4550 λαϊκῶν
616 4494 1045 4567 ἀξιωματικῶν,
1068 4498 1106 4567 ἢ
1141 4500 1651 4571 στρατευομένων.

430 4678 703 4733 Συνόδου
720 4678 968 4747 Νικαίας
988 4678 1191 4735 κανὼν
1213 4680 1300 4751 ιβ’.

164 4762 244 4832 ιβ’.
296 4767 359 4820 Οἱ
413 4768 473 4822 δὲ
523 4769 959 4842 προσκληθέντες
1010 4770 1110 4841 μὲν
1159 4772 1265 4827 ὑπὸ
1326 4776 1427 4847 τῆς
1492 4774 1654 4846 χάρι-

104 4867 211 4916 τος,
239 4873 289 4909 κ.
317 4875 368 4913 τ.
405 4867 456 4916 λ.

239 4873 289 4909 κ.
317 4875 368 4913 τ.
404 4858 456 4916 λ.

196 4892 211 4919 ’
246 4928 250 4933 ⁴
355 4947 626 5004 Συνόδου
653 4950 1040 5021 Χαλκηδόνος
1070 4952 1272 5009 κανὼν
1303 4952 1368 5019 ζ’.

162 5028 218 5092 ζ’.
249 5032 383 5099 Τοὺς
407 5035 555 5105 ἅπαξ
582 5039 639 5092 ἐν
658 5039 850 5111 κλήρῳ
878 5043 1266 5115 τεταγμένους,
1302 5062 1355 5099 κ.
1387 5062 1439 5102 τ.
1468 5045 1518 5102 λ.

103 5217 381 5283 Κυρίλλου
412 5222 480 5277 ἐκ
522 5223 634 5295 τῆς
662 5227 813 5295 πρὸς
855 5225 998 5292 τοὺς
1028 5228 1252 5295 Λιϐύης
1290 5229 1389 5284 καὶ
1422 5231 1647 5285 Πεντα-

349 5315 575 5383 πόλεως
619 5318 992 5384 ἐπισκόπους
1019 5319 1372 5388 ἐπιστολῆς.

164 5396 447 5472 Ἐτεροιίδέ
491 5424 635 5472 τινες
675 5407 734 5472 ἐξ
775 5408 956 5463 αὐτῶν
986 5410 1097 5465 τῶν
1130 5412 1531 5483 μοναστηρίων,
1571 5411 1647 5476 ὡς

104 5487 305 5547 ἄτακτοι
341 5497 739 5572 ἐκϐαλλόμενοι,
792 5502 955 5557 πάλιν
994 5503 1352 5577 ὑποτρέχουσι
1380 5506 1480 5570 τὰς
1529 5521 1642 5577 χει-

170 5671 211 5710 "
252 5672 429 5739 lTlm.
467 5694 514 5746 ι’,
545 5678 595 5745 9.
677 5681 720 5709 ’³³
765 5679 923 5738 Basil.
960 5696 1081 5735 can.
1118 5684 1204 5735 60.

2284 4228 2479 4283 Basilii
2504 4243 2676 4282 canon
2720 4225 2810 4282 18.

1829 4324 1917 4380 l8.
1959 4323 2037 4379 De
2061 4323 2364 4395 virginibus
2386 4321 2573 4389 lapsis,
2602 4329 2734 4386 etc.,
2761 4327 2820 4373 ut
2841 4333 2962 4388 pag.
2994 4317 3123 4373 858.

1827 4415 1981 4471 CAP.
2015 4416 2105 4470 ΧΙ.
2137 4445 2209 4457 —-
2236 4415 2309 4468 De
2356 4414 2632 4468 monac/tis
2672 4412 2743 4465 ad
2797 4410 3091 4465 clericalem
3137 4416 3337 4465 statum

1757 4508 2172 4572 transeuntibus,
2201 4507 2281 4560 vel
2308 4505 2376 4559 ad
2402 4505 2572 4559 laicas
2602 4504 2914 4575 dignitates,
2958 4499 3037 4555 uel
3068 4499 3137 4553 ad
3184 4498 3331 4552 mili-

1759 4608 1910 4655 ”am'
2086 4674 2091 4679 ’
2140 4686 2369 4743 Concilii
2403 4682 2613 4739 Nica'ni
2642 4699 2812 4737 canon
2840 4682 2932 4737 12.

1825 4781 1913 4835 12.
1955 4779 2061 4847 Qui
2095 4788 2273 4835 autem
2324 4792 2355 4832 a
2387 4775 2564 4848 gratia
2590 4772 2813 4845 quidem
2841 4771 3076 4840 evocati,
3114 4779 3243 4836 etc.,
3275 4779 3332 4823 ut

1748 4891 1871 4945 pag.
1904 4874 2034 4931 751.

2035 4963 2265 5019 Concilii
2289 4961 2735 5018 Chalcedonensis
2766 4972 2941 5012 canon
2979 4953 3033 5010 7.

1821 5056 1876 5110 7.
1911 5054 2019 5111 Eos
2061 5055 2155 5125 qui
2192 5055 2247 5110 in
2279 5055 2425 5110 clero
2454 5053 2622 5110 semel
2658 5049 2895 5107 ordinati
2928 5052 3078 5112 sunt,
3102 5051 3233 5107 etc.,
3268 5048 3329 5095 ut

1750 5144 2144 5305 gnatam
2188 5248 2254 5289 ea:
2298 5232 2519 5288 eoistola
2562 5230 2633 5284 ad
2672 5230 2939 5298 episcopos
2974 5223 3064 5296 qui
3100 5230 3223 5277 sunt
3274 5222 3329 5279 in

2254 5319 2423 5391 Libya
2457 5329 2508 5374 et
2540 5315 2838 5387 Pentapoli.

1822 5412 2004 5483 Aliqui
2030 5420 2210 5468 autem
2243 5413 2337 5466 alii
2358 5428 2425 5467 ex
2473 5412 2608 5483 ipsis
2636 5407 3004 5473 monasteriis,
3037 5413 3097 5460 ut
3136 5406 3331 5458 immo.

1748 5503 1886 5560 desti
1968 5503 2377 5575 insolentesque
2450 5502 2629 5573 eiecti,
2687 5514 2882 5556 rursus
2954 5497 3326 5565 ordinationes
