3904 6220
468 317 574 383 863

1648 315 1909 381 PHOTII
1965 306 2467 375 PATRIARCHIE
2506 304 2617 368 CP.

3571 301 3663 365 861

473 429 710 493 faciant;
743 436 798 483 et
834 426 958 483 facti
1004 427 1214 494 clerici,
1288 426 1342 482 in
1406 442 1469 482 ea
1525 427 1642 498 ipsa
1706 423 2034 481 monasteria

2167 417 2417 482 νοτονίαςο
2447 417 2541 471 καὶ
2584 414 2870 485 γενόμενοι
2924 412 3193 484 κληρικοὶ,
3234 410 3550 480 εἰσέρχονται
3576 416 3658 466 καὶ

470 520 856 592 Ιηειιεᾱίυηιυι·
929 536 997 576 ex
1048 520 1248 590 quibus
1311 519 1469 588 eiecti
1519 528 1666 584 sunt,
1744 527 1800 573 et
1850 519 2039 572 volunt

469 610 799 666 oblationem
824 626 983 679 agere
1027 621 1081 665 et
1122 626 1184 663 ea
1214 612 1399 665 omnia
1431 610 1609 666 facere
1658 625 1778 680 qua:
1818 624 1936 664 mos
1957 616 2040 663 est

470 702 705 765 clericis,
741 712 800 755 ut
845 703 1008 756 etiam
1056 701 1224 771 aliqui
1258 716 1446 755 eorum
1485 703 1577 771 qui
1640 702 1785 772 ipsos
1814 709 2037 765 norunt,

470 808 705 863 synaxes
742 794 1013 861 devitem,
1046 805 1099 851 et
1134 796 1538 851 communicare
1564 796 1618 849 in
1656 796 1896 849 animum
1930 809 2039 849 non

475 885 737 940 inducant
762 888 868 941 illis
896 889 1349 944 ministrantibus.

503 1036 514 1054 ὁ
542 973 680 1044 Lege
712 978 1092 1032 annotationes
1120 994 1238 1049 cap.
1267 978 1357 1034 52.
1389 979 1473 1034 tit.
1507 979 1538 1035 9
1582 978 1864 1048 praesentis
1905 991 2037 1047 0pc-

470 1058 568 1097 1⁸13.

536 1133 689 1189 CAP.
722 1134 838 1194 XII.
872 1165 943 1176 —-
973 1136 1049 1191 De
1104 1139 1170 1192 iis
1226 1141 1317 1208 qui
1369 1148 1633 1206 usurpant
1673 1134 2038 1190 monachalem

467 1221 702 1277 habitum
735 1226 1131 1296 vituperanth
1166 1238 1364 1283 utentes
1395 1238 1531 1283 veste
1565 1228 1854 1281 communi.

796 1407 1020 1463 Concilii
1050 1408 1370 1478 Gangrensis
1390 1425 1556 1463 canon
1587 1409 1672 1463 12.

536 1496 623 1551 12.
692 1496 749 1551 Si
803 1500 925 1569 quis
984 1500 1070 1553 vir
1121 1509 1343 1569 propter
1396 1514 1517 1553 eam
1570 1512 1694 1568 quae
1754 1494 2040 1551 existima.-

467 1595 559 1642 tur
619 1590 1063 1645 exercitationem
1130 1590 1366 1646 amiculo
1419 1590 1609 1654 utitur,
1679 1597 1733 1643 et
1781 1597 2038 1656 tanquam

467 1679 676 1735 habens
760 1696 826 1735 cx
886 1697 951 1736 eo
1012 1682 1332 1752 justitiam,
1382 1696 1477 1736 eos
1556 1680 1879 1734 condemnet
1945 1677 2038 1748 qui

2138 513 2197 564 ὲν
2225 510 2407 570 αὐτοῖς
2441 507 2826 577 μοναστηρίοις
2862 504 2987 557 ὅθεν
3016 502 3392 572 ὲκϐέϐληνται,
3425 502 3510 555 καὶ
3557 503 3663 572 βού-

2139 597 2327 650 λονται
2354 596 2709 666 προσφέρειν,
2743 593 2838 646 καὶ
2866 592 2966 645 ὅσα
2988 592 3269 660 κληρικοῖς
3296 590 3412 653 ἔθος
3436 591 3662 661 πληροῦν,

2138 686 2429 741 καὶταῦτα
2460 684 2592 755 δρᾷν
2614 701 2628 714 ο
2661 683 2736 746 ὡς
2775 683 2867 737 καί
2894 699 3045 743 τινας
3066 682 3176 733 τῶν
3221 681 3433 734 εἰδότων
3475 683 3665 749 αὐτοὺς,

2138 777 2526 850 παραιτεῖσθαι
2560 775 2655 828 καὶ
2700 774 2799 836 τὰς
2850 772 3117 837 συνάξεις,
3169 773 3265 826 καὶ
3295 772 3369 843 μὴ
3415 773 3667 843 ἀνέχεσθαι

2139 873 2415 926 κοινωνεῖν
2448 867 2905 939 λειτουργούντων
2932 865 3179 919 ἐκείνων.

2220 960 2519 1028 Ἀνάγνωθι
2556 961 2655 1020 τὰς
2693 956 3060 1028 παραγραφὰς
3088 954 3183 1009 τοῦ
3212 954 3294 1027 λβ¹
3350 971 3470 1023 req).
3501 954 3585 1008 τοῦ
3612 954 3649 1007 θ’

2138 1054 2242 1106 τίτ.
2274 1051 2369 1104 τοῦ
2402 1051 2666 1119 παρόντος
2706 1049 3103 1119 συντάγματος.

2211 1142 2460 1195 ΚΕΦΑΛ.
2492 1140 2592 1194 ΙΒ⁹.
2629 1171 2697 1181 -
2728 1138 2870 1204 Περὶ
2898 1140 3018 1193 τῶν
3068 1137 3390 1208 χρωμένων
3435 1140 3673 1208 σχήματι

2134 1231 2463 1303 μοναχικῷ,
2486 1232 2584 1285 καὶ
2611 1230 3185 1301 κπαψηφιζομένων
3206 1228 3326 1284 τῶν
3350 1228 3515 1299 κοινῇ
3544 1247 3673 1299 χρω-

2135 1322 2337 1392 μένων
2361 1322 2591 1390 ἐσθῆτι.

2454 1414 2723 1469 Συνόδου
2749 1413 3021 1484 Γάγγροις
3067 1413 3267 1467 κανὼν
3300 1411 3401 1482 ιβ’..

2211 1506 2299 1577 ιβ’.
2332 1506 2398 1560 Εἴ
2419 1523 2500 1569 τις
2530 1506 2675 1576 ἁδρῷ
2699 1504 2789 1558 διὰ
2808 1505 3168 1577 νομιζομένην
3209 1504 3444 1573 ἄσκησιν
3477 1502 3679 1572 περιϐο-

2139 1598 2275 1669 λαίῳ
2300 1599 2519 1669 χρῆται,
2549 1598 2643 1651 καὶ
2668 1597 2745 1660 ὡς
2781 1597 2848 1650 ἂν
2876 1598 2942 1649 ὲκ
2996 1595 3188 1648 τούτου
3218 1595 3317 1666 τὴν
3365 1593 3681 1664 δικαιοσύνην

2142 1690 2280 1761 ἔχων
2306 1672 2737 1760 κᾶταψηφίζοιτο
2755 1688 2864 1741 τῶν
2892 1686 3029 1756 μετὰ
3052 1685 3339 1746 εὐλαϐείας
3364 1686 3483 1748 τοὺς
3505 1682 3685 1754 βήρους

468 1780 589 1824 eum
642 1771 836 1838 pietate
894 1773 1007 1843 (2'7)
1092 1774 1248 1827 beros
1299 1772 1524 1838 lerunt,
1577 1780 1632 1827 et
1719 1772 1821 1825 alia
1891 1785 2037 1826 com-

2167 1779 2473 1850 ρορούντων,
2510 1779 2603 1833 καὶ
2631 1782 2695 1849 τῇ
2719 1778 2851 1848 άλλη
2880 1779 3028 1847 κοινῇ
3062 1776 3158 1829 καὶ
3188 1776 3245 1828 ὲν
3291 1773 3539 1847 συνηθείᾳ
3568 1771 3685 1843 οὔσῃ

469 1863 622 1915 muni
673 1872 727 1918 et
789 1874 1049 1919 consueta
1108 1876 1256 1920 veste
1296 1873 1556 1929 utuntur,
1603 1864 1675 1918 sit
1728 1864 2036 1917 anathema.

542 1953 760 2011 Textus.
804 1955 1012 2010 Dicitur
1038 1956 1131 2010 lib.
1165 1973 1209 2017 r,
1243 1957 1323 2010 tit.
1369 1957 1424 2021 4,
1472 1957 1695 2012 constit.
1734 1956 1769 2009 4
1803 1973 1816 2009 :
1854 1953 2038 2020 Mimi,

468 2055 524 2101 et
561 2061 682 2115 qua:
705 2062 938 2115 corpore
962 2047 1176 2117 publice.
1198 2057 1463 2115 quaestum
1491 2046 1715 2109 faciunt,
1744 2045 1931 2100 habitu
1960 2058 2041 2099 sa-

468 2142 744 2189 cratarum
778 2137 1050 2206 virginum
1078 2153 1144 2191 ne
1178 2147 1419 2191 utanlor.
1456 2136 1521 2191 Et
1550 2136 1770 2191 constit.
1801 2136 1857 2198 2,
1891 2134 1975 2187 ιὶι.
2010 2136 2034 2187 1

469 2225 812 2281 Novellarum
844 2228 918 2281 ait
949 2246 963 2284 :
996 2226 1164 2282 Nemo
1198 2229 1394 2293 laicus,
1427 2229 1651 2282 minime
1676 2244 1804 2283 vero
1838 2226 2040 2281 scenici

466 2326 522 2373 et
564 2321 898 2384 meretrices,
928 2322 1112 2376 habitu
1158 2325 1463 2377 monastico
1509 2323 1696 2385 utitor,
1735 2319 1906 2392 [eum]
1952 2320 2035 2374 vel

467 2410 729 2465 imitator.
765 2411 981 2481 Alioqui
1025 2422 1081 2468 et
1120 2413 1387 2483 corporali
1422 2428 1582 2483 pmna
1615 2412 1830 2478 feritur,
1860 2422 1914 2467 et
1939 2426 2036 2466 ex-

466 2502 813 2556 terminatur.

533 2591 700 2663 378
726 2593 877 2651 CAP.
910 2595 1048 2651 XIII.
1076 2627 1145 2637 —
1166 2596 1242 2651 De
1268 2596 1485 2649 muliere
1504 2610 1621 2666 quw
1649 2595 1888 2650 asceticae
1918 2594 2037 2649 vitae

464 2698 631 2738 causa
654 2695 790 2739 veste
814 2687 957 2740 virili
984 2687 1243 2741 induitur.

799 2776 1031 2832 Concilii
1068 2777 1394 2849 Gangrensis
1426 2796 1594 2833 canon
1630 2779 1716 2833 15.

540 2866 627 2922 15.
699 2867 755 2922 Si
799 2884 906 2940 qua
961 2871 1157 2925 mulier
1214 2879 1433 2940 propter
1480 2885 1624 2935 eam,
1684 2884 1805 2939 qua:
1854 2869 2041 2924 existi-

464 2968 666 3026 matur,
708 2962 1181 3028 exercitationem,
1212 2971 1268 3016 et
1319 2972 1522 3017 vestem
1580 2971 1796 3029 mutet,
1837 2970 1892 3017 et
1938 2977 2038 3031 pro

2140 1872 2330 1941 ἐσθῆτι
2357 1871 2731 1942 κεχρημένων,
2768 1870 3014 1938 ἀνάθεμα
3044 1868 3203 1920 ἔστω.

2209 1964 2434 2034 Εἴρηται
2468 1962 2608 2032 βιϐλ.
2637 1968 2706 2026 α’,
2732 1962 2839 2014 τίτ.
2868 1962 2933 2025 δ’,
2963 1960 3102 2014 διάτ.
3138 1959 3313 2025 δ’,ὃτι,
3339 1958 3402 2011 Oi
3436 1958 3582 2027 μῖμοι
3606 1957 3687 2009 καὶ

2138 2056 2194 2107 αἱ
2227 2054 2393 2124 πόρον
2441 2054 2505 2107 ἐκ
2542 2052 2635 2106 τοῦ
2678 2052 2926 2123 σώματος
2962 2048 3200 2119 δημοσίᾳ
3246 2048 3585 2117 ποιούμεναι,
3620 2046 3690 2117 τῷ

2143 2147 2385 2214 σχήματι
2435 2144 2545 2197 τῶν
2590 2142 2751 2212 ίερῶν
2807 2142 3093 2211 παρθένων
3144 2139 3217 2209 μὴ
3263 2137 3645 2209 κεχρήσθωσαν
3674 2152 3685 2164 ·

2139 2238 2234 2290 κα)⁵
2260 2238 2293 2307 ὴ
2327 2236 2369 2305 β’
2424 2235 2562 2290 διάτ.
2601 2233 2697 2289 τοῦ
2727 2232 2776 2286 α’
2806 2233 2912 2286 τίτ.
2936 2232 3044 2285 τῶν
3085 2231 3315 2301 Νεαρῶν
3347 2246 3509 2299 φησιν
3544 2246 3555 2258 ·
3584 2230 3695 2298 Mn.

2139 2326 2251 2388 δεὶς
2281 2325 2466 2388 λαῖκὸς
2497 2325 2592 2378 καὶ
2628 2324 2862 2394 μάλιστα
2910 2324 2960 2375 οἱ
3006 2320 3255 2392 σκηνικοὶ
3284 2321 3383 2374 καὶ
3430 2321 3485 2372 ai
3517 2318 3694 2389 πόρναι

2142 2416 2432 2488 κεχρήσθω
2459 2415 2537 2486 τῷ
2568 2413 2844 2486 μοναχικῷ
2872 2414 3129 2483 σχήματι,
3165 2412 3291 2465 ἐπεὶ
3334 2412 3432 2464 καὶ
3471 2425 3695 2479 σωματι-

2141 2509 2253 2572 κῶς
2286 2512 2606 2579 τιμωρεῖται
2635 2509 2729 2563 καὶ
2759 2507 3079 2577 ὲξορίζεται.

2213 2602 2462 2654 ΚΕΦΑΛ.
2491 2598 2587 2654 II".
2624 2629 2696 2641 ——
2732 2598 2872 2667 Περὶ
2901 2598 3189 2667 γυναικὸς
3212 2596 3287 2650 δι’
3311 2595 3576 2663 ἄσκησιν
3601 2607 3697 2660 φο-

2134 2694 2370 2762 ρούσης
2400 2690 2655 2760 ἀνδρῷα.

2456 2781 2726 2836 Συνόδου
2756 2780 3029 2851 Γάγγρας
3052 2780 3255 2835 κανὼν
3297 2778 3393 2848 ιγ’.

2214 2872 2301 2943 ιγ’.
2334 2875 2399 2928 El
2416 2892 2499 2937 τις
2520 2874 2658 2943 γυνὴ
2684 2874 2771 2928 διὰ
2805 2874 3166 2944 νομιζομένην
3186 2873 3448 2944 ἄσκησιν,
3478 2867 3705 2942 μεταϐά-

2141 2965 2222 3018 λοι
2255 2965 2314 3018 τδ
2345 2964 2664 3035 άμφίασμα,
2701 2966 2796 3018 καὶ
2828 2965 2950 3018 ἀντὶ
2982 2964 3077 3018 τοῦ
3109 2962 3366 3027 εἰωθότος
3403 2959 3703 3032 γυναικείου

465 3059 731 3107 consueto
786 3053 1041 3111 muliebri
1077 3055 1395 3109 indumento
1442 3054 1603 3110 virile
1635 3052 1871 3125 accipiat
1900 3092 1917 3120 ,
1969 3054 2037 3110 sit

2167 3057 2546 3128 ιμφιάσματος,
2576 3056 2822 3128 ἀνδρῷον
2847 3056 3131 3123 ἀναλάϐοι,
3158 3054 3415 3126 ἀνάθεμα
3455 3053 3612 3106 ἔστω.

468 3143 779 3197 anathema.

531 3232 682 3288 CAP.
737 3233 866 3291 XIV.
910 3264 982 3275 —-
1028 3234 1111 3290 Ne
1160 3236 1402 3291 mulieres
1442 3237 1682 3292 asceticre
1725 3238 1842 3292 vita:
1877 3252 2042 3291 causa

466 3324 803 3379 tondcantur.

802 3416 1027 3471 Concilii
1081 3416 1395 3488 Gangrensis
1426 3434 1595 3472 canon
1638 3419 1724 3473 17.

536 3508 623 3561 17.
690 3506 746 3561 Si
797 3522 902 3577 qua
960 3510 1181 3573 mulier,
1247 3518 1469 3577 propter
1524 3526 1643 3564 eam
1709 3526 1829 3579 qua:
1857 3508 2044 3565 existi-

465 3609 667 3663 matur,
738 3599 995 3667 pietatem
1030 3639 1045 3664 ,
1100 3600 1324 3655 tondeat
1393 3617 1627 3665 comam,
1683 3617 1846 3671 quam
1899 3601 2042 3657 Deus

460 3688 511 3743 ei
568 3688 715 3743 dedit
794 3689 861 3743 ad
916 3689 1344 3745 recordationem
1403 3690 1795 3761 Subiectionis,
1827 3702 1885 3746 ut
1920 3708 2040 3762 qua:

463 3778 824 3848 subiectionis
883 3790 1218 3850 praeceptum
1268 3783 1550 3847 dissolvat,
1600 3783 1671 3837 sit
1724 3784 2034 3838 anathema.

460 3871 614 3925 CAP.
644 3870 764 3927 XV.
803 3872 953 3927 —De
974 3889 1034 3927 eo
1064 3875 1154 3943 qui
1195 3876 1438 3929 ast-eriere
1462 3877 1583 3929 vitae
1638 3875 1870 3941 obtentu,
1898 3871 2038 3939 ﬁlios

921 3944 1000 3997 vel
1044 3954 1286 4013 parentes
1328 3961 1433 3998 non
1491 3945 1612 3999 alit.

529 4032 756 4088 Concilii
803 4033 1125 4106 Gangrensis
1148 4052 1321 4089 canon
1346 4036 1549 4098 15.16.

565 4121 654 4177 15.
715 4120 774 4177 Si
827 4124 951 4191 quis
1013 4139 1147 4179 suos
1203 4126 1405 4180 liberos
1456 4125 1739 4195 relinquit,
1788 4140 1891 4180 nec
1920 4141 2032 4201 \eos

460 4213 579 4279 alit,
615 4228 737 4281 nec,
768 4224 1033 4284 quantum
1072 4216 1127 4271 in
1157 4231 1216 4272 se
1238 4228 1342 4284 est,
1381 4218 1449 4273 ad
1480 4218 1890 4273 convenientem
1914 4219 2029 4290 pie-

460 4315 625 4361 tatem
673 4306 1107 4377 religionemque
1161 4308 1404 4374 adducit,
1459 4312 1553 4366 sed
1631 4310 2039 4368 exercitationis

457 4407 717 4469 praetextu
767 4400 1007 4470 negligit,
1036 4401 1109 4457 sit
1171 4403 1487 4458 anathema.

564 4488 656 4545 16.
709 4489 766 4544 Si
825 4490 918 4559 qui
973 4491 1067 4546 ﬁlii
1108 4508 1139 4546 a
1197 4494 1517 4563 parentibus
1551 4535 1566 4561 ,
1627 4493 1864 4549 maxime
1914 4493 2040 4549 ﬁde-

457 4579 647 4643 libus,
708 4587 973 4650 praetextu
1035 4583 1259 4652 pietatis
1313 4586 1667 4651 recesserint,
1723 4594 1776 4639 et
1808 4585 2041 4654 parenti-

457 4671 564 4727 bus
623 4686 787 4742 quem
831 4687 928 4742 par
970 4682 1053 4729 est
1110 4675 1373 4731 honorem
1412 4692 1517 4731 non
1552 4676 1862 4739 tribuerint,
1892 4677 2034 4744 apud

457 4777 554 4818 eos
596 4763 807 4819 scilicet
864 4766 1154 4835 praeposita
1193 4768 1250 4821 in
1299 4766 1463 4822 Deum
1489 4766 1713 4835 pietate,
1764 4765 1876 4819 sint
1910 4780 2036 4820 ana-

456 4856 665 4909 thema.

526 4945 693 5018 379
719 4945 875 5003 CAP.
908 4946 1048 5002 XVI.
1076 4977 1146 4988 —
1173 4947 1445 5014 Quasnam
1484 4947 1628 5001 civili
1656 4949 1860 5018 negotio
1882 4963 2039 5001 curas

457 5037 727 5091 monachis
757 5046 991 5091 tractare
1021 5037 1199 5092 liceat.

763 5120 991 5177 Concilii
1016 5122 1461 5179 Chalcedonensis
1498 5141 1667 5179 canon
1694 5127 1749 5180 5.

527 5210 585 5264 3.
614 5208 871 5268 Pervenit
902 5215 969 5268 ad
995 5224 1240 5269 sanctam
1269 5216 1536 5285 synodum
1576 5226 1629 5269 et
1675 5215 1820 5284 quod
1842 5229 2033 5270 eorum

459 5301 551 5370 qui
579 5299 632 5355 in
662 5302 869 5357 clerum
917 5305 1154 5373 cooptati
1185 5312 1334 5370 sunt,
1362 5315 1492 5369 etc.,
1524 5316 1578 5358 ut
1603 5320 1728 5373 pag.
1759 5304 1888 5359 685.

532 5391 676 5465 Lege
723 5395 1109 5453 adnotationes
1142 5410 1266 5467 cap.
1298 5397 1356 5465 5,
1381 5397 1462 5454 tit.
1495 5396 1529 5453 8
1576 5396 1860 5467 praesentis
1907 5409 2036 5467 Ope-

464 5498 559 5539 1⁵18.

2213 3219 2463 3273 ΚΕΦΑΛ.
2508 3219 2603 3275 ΙΔ“.
2633 3246 2697 3257 -
2724 3218 2863 3286 Περὶ
2889 3216 2998 3272 τοῦ
3019 3218 3117 3287 μὴ.
3159 3215 3387 3286 χρῆναι
3434 3211 3713 3286 γυναῖκας

2143 3312 2564 3379 ἀποκείρεσθαι
2593 3308 2669 3363 δι’
2698 3310 2988 3376 ἄσκησιν.

2474 3399 2742 3454 Συνόδου
2767 3401 3042 3469 Γάγγρας
3068 3399 3269 3453 κανὼν
3295 3397 3386 3462 ιζ’.

2217 3492 2300 3556 ιζ’.
2331 3492 2399 3546 El
2424 3510 2508 3556 τις
2541 3492 2818 3560 γυναικῶν
2868 3492 2957 3545 διὰ
2999 3490 3371 3561 νομιζομένην
3411 3486 3718 3543 θεοσέϐειαν

2143 3581 2488 3653 ἀποκείροιτο
2512 3581 2613 3643 τὰς
2634 3581 2810 3650 κόμας
2835 3580 2900 3643 ἃς
2922 3580 3121 3633 ἔδωκεν
3141 3580 3169 3631 ὁ
3199 3579 3334 3642 Θεὸς
3361 3580 3444 3641 είς
3476 3577 3716 3645 ὑπόμνη-

2144 3690 2227 3725 σιν
2263 3672 2362 3741 τῆς
2387 3672 2685 3741 ὑποταγῆς,
2715 3671 2791 3735 ὡς
2820 3671 2885 3725 ἂν
2909 3669 3263 3741 παραλύουσιν.
3286 3669 3350 3722 τὸ
3384 3669 3713 3740 πρόσταγμα

2139 3765 2239 3835 τῆς
2265 3765 2565 3834 ὑποταγῆς,
2605 3763 2857 3833 ἀνάθεμα
2890 3762 3045 3816 ἔστω.

2208 3856 2455 3909 ΚΕΦΛΛ.
2496 3853 2598 3908 ΙΕ’.
2638 3882 2708 3895 -ι
2736 3854 2876 3921 Περὶ
2909 3854 3015 3908 τοῦ
3061 3853 3365 3922 προφάσει
3404 3850 3723 3920 ἀσκήσεως

2136 3946 2218 4017 μὴ
2248 3946 2793 4015 τεκνοτροφοῦντος
2824 3945 2863 4013 ἣ
2894 3945 3486 4013 πατροτροεροῦντος.

2357 4035 2631 4090 Συνόδου
2660 4035 2936 4105 Γάγγροις
2991 4033 3191 4087 κανὼν
3230 4030 3317 4098 ιε’,
3357 4038 3464 4097 ις’.

2213 4128 2294 4184 ιε’.
2320 4130 2388 4185 Et
2407 4147 2492 4193 τις
2524 4128 2926 4196 καταλιμπάνει
2953 4126 3022 4180 τὰ
3056 4124 3251 4179 ἑαυτοῦ
3276 4125 3486 4191 τέκνα,
3523 4121 3620 4175 καὶ
3655 4117 3729 4189 μὴ

2138 4217 2549 4289 τεκνοτροφοίη,
2573 4218 2667 4269 καὶ
2695 4216 2757 4269 τὸ
2789 4216 2913 4267 ὅσον
2942 4215 3029 4266 ἐπ’
3060 4210 3209 4281 αὐτῷ
3252 4210 3396 4280 πρὸς
3422 4206 3730 4262 θεοσέϐειαν

2140 4312 2241 4382 τὴν
2294 4311 2676 4382 προσήκουσαν
2739 4307 3026 4376 ἀναγάγοι,
3087 4306 3224 4360 ἀλλὰ
3289 4304 3580 4375 προφάσει
3634 4299 3738 4368 τῆς

2149 4403 2441 4472 ἀσκήσεως
2474 4401 2724 4471 ἀμελοίη,
2753 4400 3000 4469 ἀνάθεμα
3028 4397 3189 4455 ἔστω.

2221 4492 2314 4558 ις’.
2346 4494 2412 4546 Εἴ
2440 4510 2562 4546 τινα
2590 4494 2755 4546 τέκνα
2785 4492 3008 4559 γονέων,
3048 4489 3282 4559 μάλιστα
3318 4487 3564 4551 πιστῶν,
3597 4484 3729 4537 ἀνα·

2141 4582 2346 4653 χωροίη
2371 4580 2641 4651 προφάσει
2676 4580 3009 4644 θεοσεϐείας,
3040 4579 3137 4633 καὶ
3189 4579 3264 4649 μὴ
3308 4579 3419 4649 τὴν
3450 4576 3735 4647 καθήκου-

2141 4690 2241 4727 σαν
2296 4674 2464 4744 τιμὴν
2508 4674 2620 4736 τοῖς
2677 4671 2926 4740 γονεῦσιν
2970 4670 3255 4741 άπονέμοι,
3294 4668 3737 4741 προτιμωμένης

2138 4761 2270 4834 παρ’
2300 4762 2480 4825 αὐτοῖς
2505 4761 2749 4832 δηλονότι
2780 4761 2877 4832 τῆς
2896 4759 3233 4825 θεοσεϐείας,
3263 4758 3537 4829 ἀνάθεμα
3564 4755 3733 4809 ἔστω.

2217 4943 2478 4998 ΚΕΦΑΛ.
2524 4940 2637 5008 lC.".
2694 4972 2763 4984 -—-
2800 4940 2949 4995 Ποῖα
2998 4936 3275 4993 πολιτικὰ
3332 4935 3668 5008 πράγματα
3704 4930 3741 5001 ἢ

2141 5034 2502 5103 κηδεμονίας
2531 5036 2583 5086 ol
2606 5032 2863 5101 μοναχοὶ
2891 5031 3181 5085 δύνανται
3196 5027 3509 5098 μετιέναι.

2445 5125 2714 5180 Συνόδου
2734 5121 3117 5190 Χαλκηδόνος
3136 5122 3345 5176 κανὼν
3368 5120 3424 5190 γ’
3433 5162 3450 5176 .

2214 5216 2284 5286 γ’.
2331 5213 2536 5271 *Ηλθεν
2576 5218 2661 5280 είς
2695 5218 2795 5286 τὴν
2850 5215 3013 5283 ἁγίαν
3072 5213 3313 5279 σύνοδον,
3380 5214 3472 5267 ὃτι
3512 5212 3628 5265 τῶν
3686 5211 3745 5261 ὲν

2143 5303 2328 5375 κλήρῳ
2356 5303 2794 5372 κατειλεγμένων
2825 5303 2991 5367 τινὲς,
3023 5319 3079 5357 κ.
3114 5319 3167 5356 τ.
3201 5303 3251 5354 λ.

2227 5395 2525 5465 Ἀνάγνωθι
2584 5394 2683 5459 τὰς
2730 5396 3102 5467 παραγραφὰς
3144 5392 3235 5448 τοῦ
3264 5389 3324 5460 γ’
3374 5409 3518 5463 κεφ.
3571 5388 3666 5447 τοῦ
3695 5384 3747 5457 η’

2144 5489 2252 5547 τίτ.
2276 5488 2371 5544 τοῦ
2409 5488 2673 5560 παρόντος
2725 5491 3120 5562 συντάγματος.

552 5639 666 5709 (97)
696 5640 854 5694 Baros
895 5642 1106 5700 videtur
1167 5642 1455 5701 Balsamon
1507 5643 1792 5716 episcopus
1854 5642 2246 5710 Antiocbcnus,
2296 5643 2443 5700 hunc
2506 5644 2683 5703 locum
2731 5645 3116 5715 interpretans,
3170 5654 3382 5697 vocare
3440 5648 3632 5696 vestes
3664 5652 3729 5691 ex

471 5724 647 5767 ICI‘ICO
678 5718 977 5768 contextas.

1376 5820 1455 5829 ..δ-κ
1492 5828 1497 5832 ,

2379 5839 2438 5846 -ομκ
