3904 6220
1006 262 1407 327 SYNTAGMA
1443 260 1835 325 CANONUM.
1857 286 1927 298 -
1950 260 2101 323 TIT.
2140 260 2285 336 XII,
2328 260 2485 322 CAP.
2527 260 2579 321 Ι.

3347 257 3452 322 866

234 493 3435 526 Μ

1598 638 1998 725 ΤΓΓΛΟΣ
2077 625 2224 720 ΙΒ’.

1088 820 1251 875 ΠΕΡΙ
1301 820 1699 885 ΔΙΡΕΤΙΚΩΝ,
1739 816 2081 887 ΙΟΥΔΑΙΩΝ,
2124 818 2243 873 ΚΑΙ
2282 816 2633 872 ΕΛΔΗΝΩΝ.

1819 975 1889 989 -1

1481 1097 1944 1174 TlTULUS
2019 1097 2227 1175 ΧΙΙ..

1293 1251 1381 1305 DE
1416 1250 1805 1307 HASRETICIS
1839 1251 2072 1319 ATQUE
2105 1251 2444 1309 ETHNICIS.

274 1402 536 1458 ΚΕΦΑΛ.
561 1399 642 1458 A'.
662 1430 734 1442 —
758 1403 817 1457 Τί
847 1403 1017 1457 ἐστιν
1043 1401 1274 1471 αἵρεσις
1302 1402 1399 1456 καὶ
1433 1403 1494 1456 τί
1518 1402 1773 1473 σχίσμα,
1806 1408 1827 1466 1

1949 1404 2174 1461 CAPUT
2212 1406 2252 1459 1.
2281 1436 2349 1446 ——
2372 1404 2511 1470 Quid
2536 1405 2605 1459 sit
2634 1404 2867 1467 hmresis,
2886 1405 3009 1474 quid
3038 1405 3291 1473 schisma,
3329 1404 3454 1476 quid

212 1489 312 1545 καὶ
345 1491 405 1543 τι
433 1491 942 1559 παρασυναγωγή.

678 1584 999 1635 Baeda-[0v
1022 1580 1222 1635 κανὼν
1260 1579 1328 1637 α’.

279 1677 350 1724 α’.
390 1670 467 1723 Τὸ
501 1669 599 1739 μὲν
630 1668 723 1723 οὖν
760 1672 888 1742 περί⁹
939 1673 1064 1735 τοὺς
1102 1671 1391 1740 Καθαροὺς
1423 1669 1661 1740 ζήτημα,
1694 1672 1786 1723 καὶ

211 1762 431 1831 εῐρηται
457 1760 747 1828 πρότερον,
782 1762 874 1810 καὶ
909 1759 1088 1821 καλῶς
1129 1758 1659 1827 ἀπεμνημόνευσας·
1704 1757 1785 1809 ὃτι

208 1853 291 1905 δεῖ
321 1850 401 1920 τῷ
434 1850 547 1903 ἔθει
572 1851 679 1902 τῶν
717 1852 836 1902 καθ’
864 1851 1099 1920 ἑκάστην
1127 1850 1309 1919 χώραν
1332 1848 1583 1909 ἕπεσθαι,
1614 1848 1700 1901 διὰ
1728 1848 1787 1902 τὸ

209 1941 485 2011 διαφόρως
538 1940 819 2010 ἐνεχθῆναι
854 1942 980 2010 περὶ
1020 1940 1112 1992 τοῦ
1171 1940 1543 2009 βαπτίσματος
1580 1938 1783 2002 αὐτῶν,

207 2032 338 2095 τοὺς
365 2031 491 2084 τότε
525 2033 653 2100 περὶ
684 2030 888 2085 τούτων
925 2031 1281 2093 διαλαόόντας
1302 2047 1315 2061 ο
1348 2029 1407 2081 τὸ
1456 2029 1512 2081 δὲ
1544 2029 1649 2081 τῶν
1680 2030 1783 2081 Πε-

207 2126 503 2197 πουζηνῶν
527 2127 714 2179 οὐδένα
749 2125 907 2194 λόγον
938 2125 1082 2195 ἔχειν
1132 2126 1319 2179 δοκεῖ’
1355 2126 1448 2177 καὶ
1502 2123 1789 2193 ἐθαύμασα

205 2219 331 2281 πῶς
359 2217 646 2270 κανονικὸν
674 2217 803 2269 ὅντα
833 2217 923 2269 τὸν
951 2215 1227 2268 Διονύσιον
1254 2214 1529 2285 παρῆλθεν
1559 2230 1571 2243 ·
1615 2214 1790 2265 ἐκεῖνο

206 2311 317 2380 γὰρ
339 2308 568 2378 ἔκριναν
598 2310 646 2360 οἱ
674 2308 894 2360 παλαιοὶ⁸
915 2307 1166 2376 δέχεσθαι
1200 2306 1503 2376 βάπτισμα,
1536 2306 1596 2357 τὸ
1620 2305 1786 2373 μηδὲν

200 2402 308 2471 τῆς
338 2401 578 2464 πίστεως
634 2398 1037 2470 παρεκδαῖνον·
1090 2399 1212 2452 ὅθεν
1266 2398 1331 2451 τὰ
1393 2399 1511 2469 μὲν,
1552 2397 1791 2470 αἱρέσεις

192 2491 508 2561 ὠνόμασαν
532 2506 546 2520 °
576 2490 645 2543 τὰ
674 2490 752 2555 δὲ,
788 2490 1065 2560 σχίσματα
1088 2505 1100 2517 '
1136 2489 1206 2542 τὰ
1253 2489 1331 2555 δὲ,
1384 2506 1790 2560 παρασυναγω-

207 2586 342 2651 γάς·
391 2582 633 2651 αἱρέσεις
674 2580 792 2650 μὲν,
828 2581 955 2643 τοὺς
981 2579 1261 2641 παντελῶς
1304 2580 1785 2651 ἀπερρηγμένους,

207 2672 302 2723 καὶ
327 2669 453 2722 κατ’
490 2669 661 2736 αὐτὴν
694 2668 792 2738 τὴν
832 2668 1014 2721 πίστιν
1044 2667 1587 2738 ἀπηλλοτριωμένους
1614 2684 1628 2698 ο
1674 2668 1792 2737 σχί-

1886 1496 2190 1566 illegitimus
2211 1505 2509 1549 conventus.

2428 1584 2622 1639 Basilii
2652 1600 2821 1638 canon
2853 1585 2904 1639 1.

1958 1678 2009 1730 1.
2052 1677 2206 1742 Quod
2255 1678 2419 1747 igitur
2463 1678 2529 1730 ad
2583 1675 2851 1730 Cathnros
2899 1674 3156 1743 pertinet,
3208 1682 3263 1729 et
3303 1674 3458 1745 prius

1886 1767 2092 1820 dictum
2150 1776 2248 1829 est,
2316 1777 2368 1820 et
2418 1775 2565 1819 recte
2615 1763 2947 1818 admonuisti
3018 1764 3458 1834 uniuscujusque

1889 1859 2125 1926 regionis
2154 1873 2360 1911 morem
2397 1857 2547 1926 sequi
2596 1864 2888 1925 oportere:
2923 1856 3069 1923 quod
3103 1856 3160 1920 ii,
3193 1856 3287 1925 qui
3327 1864 3460 1910 tunc

1889 1950 1955 2003 de
1991 1950 2097 2003 illis
2121 1958 2451 2013 statuerunt,
2488 1950 2539 2002 in
2568 1948 2749 2002 varias
2770 1949 2835 2002 de
2867 1948 3105 2016 ipsorum
3134 1947 3462 2015 baptismate

1889 2039 2188 2093 sententias
2217 2038 2471 2091 abierint.
2509 2034 2921 2104 Pepuzenorum
2972 2043 3152 2087 autem
3188 2032 3462 2101 baptisma

1890 2131 2092 2183 nullam
2139 2128 2271 2181 mihi
2313 2128 2515 2181 habere
2564 2128 2831 2180 rationem
2870 2126 3101 2189 videtur,
3151 2131 3203 2178 et
3233 2123 3464 2177 miratus

1891 2236 2011 2275 sum
2045 2218 2318 2288 quomodo
2353 2218 2456 2271 hoc
2490 2216 2826 2287 Dionysium,
2881 2215 3153 2269 hominem
3193 2226 3463 2267 canonum

1891 2312 2123 2382 peritum
2154 2349 2168 2375 ,
2204 2308 2418 2377 fugerit.
2447 2307 2667 2375 Antiqui
2693 2307 2837 2361 enim
2885 2306 3017 2359 illud
3048 2305 3313 2374 baptisma
3343 2318 3465 2357 sus-

1890 2404 2193 2475 cipiendum
2249 2412 2546 2471 putavere,
2591 2398 2737 2469 quod
2784 2398 2920 2452 nihil
2967 2412 2996 2450 a
3060 2398 3162 2452 ﬁde
3211 2396 3461 2459 recedit;

1893 2496 2037 2551 unde
2078 2493 2220 2547 alias
2266 2491 2485 2560 quidem
2535 2490 2792 2553 haereses,
2825 2488 2929 2542 alia
2966 2488 3284 2553 schismata,
3327 2485 3464 2539 alias

1894 2598 2335 2656 parasynagogas
2370 2580 2732 2650 appellarunt.
2771 2578 3017 2632 ﬂazreses
3037 2576 3253 2647 quidem
3300 2575 3465 2645 380

1896 2688 2013 2739 eos,
2039 2672 2130 2741 qui
2161 2671 2377 2741 penitus
2408 2669 2600 2724 resecti
2632 2677 2780 2733 sunt,
2830 2676 2884 2722 et
2937 2668 2991 2720 in
3037 2667 3148 2737 ipsa
3181 2665 3286 2720 [ide
3333 2668 3464 2719 aba-

212 2775 402 2833 σματα
435 2761 518 2826 δὲ,
546 2761 671 2823 τοὺς
696 2759 762 2813 δι’
800 2758 979 2822 αἰτίας
1032 2758 1182 2821 τινὰς
1212 2758 1667 2831 ἐκκλησιαστικὰς
1697 2760 1792 2812 καὶ
1824 2764 1827 2820 ξ

1900 2764 2121 2829 lienati;
2154 2762 2452 2819 schismata
2486 2775 2638 2825 vero,
2668 2774 2784 2824 eos,
2810 2759 2902 2828 qui
2941 2768 3160 2827 propter
3209 2757 3467 2811 ecclesia-

210 2851 509 2921 ζητήματα
543 2851 754 2921 ἰάσιμα,
790 2850 926 2922 πρὸς
952 2849 1210 2921 ἀλλήλους
1235 2850 1607 2920 διενεχθέντας
1627 2867 1641 2882 ο
1675 2867 1781 2903 πα-

213 2941 616 3012 ρασυναγωγάς
642 2940 718 3005 δὲ,
748 2942 847 3005 τὰς
882 2942 1131 3008 συνάξεις
1154 2942 1253 3003 τὰς
1279 2942 1429 3010 παρά
1461 2942 1569 2995 τῶν
1589 2942 1788 2994 ἀνυπο-

209 3034 427 3087 τάκτων
459 3031 908 3104 πρεσϐυτέρωνῆ
941 3032 1275 3099 ἐπισκόπων,
1311 3033 1460 3102 παρά
1486 3032 1592 3085 τῶν
1625 3034 1792 3085 ἀπαι-

210 3126 414 3179 δεύτων
438 3124 595 3178 ’λαῶν
622 3125 934 3194 γινομένας,
962 3123 1073 3178 οἷον
1094 3140 1108 3154 ⁶
1164 3125 1217 3178 et
1265 3141 1349 3187 τις
1380 3125 1438 3177 ὲν
1486 3124 1790 3193 πταίσματι

213 3214 547 3281 ὲξετασθεὶς,
578 3213 847 3283 ἐπεσχέθη
879 3214 981 3283 τῆς
1028 3213 1393 3283 λειτουργίας,
1439 3213 1534 3267 καὶ
1568 3213 1642 3284 μὴ
1687 3214 1788 3265 ὑπ-

217 3306 391 3376 έκυψε
439 3307 556 3367 τοῖς
581 3307 822 3368 κανόσιν,
859 3304 973 3358 ἀλλ’
1002 3305 1178 3374 ἑαυτῷ
1200 3302 1479 3374 ἐξεδίκησε
1506 3304 1604 3375 τὴν
1628 3321 1786 3373 προε-

213 3398 387 3468 δρίαν,
422 3400 521 3449 καὶ
547 3395 645 3466 τὴν
674 3396 1036 3465 λειτουργίαν,
1095 3396 1191 3449 καὶ
1234 3396 1577 3466 συναπῆλθον
1607 3396 1784 3466 τούτῳ

214 3489 377 3551 τινὲς,
420 3486 817 3549 καταλιπόντες
840 3488 938 3556 τὴν
961 3486 1255 3557 καθολικὴν
1298 3487 1644 3557 Ἐκκλησίαν,
1674 3504 1782 3540 πα-

219 3580 588 3649 ρασυναγωγὴ
631 3578 691 3631 τὸ
747 3579 990 3632 τοιοῦτο·
1052 3580 1256 3649 σχίσμα
1301 3580 1381 3647 δὲ,
1428 3581 1489 3633 τὸ
1535 3580 1790 3649 περὶτῆς

212 3670 514 3739 μετανοίας
549 3670 826 3741 διαφόρως
856 3669 998 3740 ἔχειν
1028 3671 1166 3741 πρὸς
1201 3671 1327 3733 τοὺς
1365 3672 1472 3724 ἀπὸ
1518 3672 1616 3741 τῆς
1668 3672 1791 3724 Ἐκ-

214 3762 483 3830 κλησίας’
539 3760 750 3828 αἵρεσις
814 3760 892 3823 δὲ,
943 3756 1053 3813 οἷον
1093 3763 1125 3831 ἡ
1174 3761 1283 3814 τῶν
1338 3761 1647 3830 Μανιχαίων
1698 3760 1791 3813 καὶ

219 3850 593 3904 Οὐαλεντίνων
638 3850 733 3903 καὶ
776 3852 1225 3921 Μαρκιωνιστῶν,
1256 3852 1350 3905 καὶ
1378 3852 1556 3905 αὐτῶν
1588 3851 1792 3905 τούτων

221 3944 322 3996 τῶν
374 3941 773 4013 Πετιιουζηνῷν⁹
837 3943 997 4006 εὐθὺς
1045 3943 1153 4014 γὰρ
1202 3944 1329 4013 περὶ
1371 3944 1541 4013 αὐτῆς
1584 3946 1683 4015 τῆς
1713 3945 1794 4007 είς

220 4033 349 4086 Θεὸν
378 4034 619 4094 πίστεώς
654 4036 801 4086 ἐστιν
827 4036 859 4103 ἡ
890 4034 1155 4105 διαφορά·
1183 4035 1326 4099 ἔδοξε
1361 4035 1541 4089 τοίνυν
1571 4038 1684 4098 τοῖς
1728 4035 1788 4100 ἐξ

219 4126 412 4196 ἀρχῆς,
442 4126 509 4177 τὸ
536 4126 634 4195 μὲν
666 4126 776 4178 τῶν
796 4126 1105 4195 αἱρετικῶν,
1163 4126 1440 4191 παντελῶς
1476 4127 1738 4196 ἀθετῆσαι
1771 4143 1784 4160 ·

218 4214 275 4266 τὸ
292 4214 349 4266 δὲ
376 4212 488 4265 τῶν
527 4212 955 4283 ἀποσχισάντων,
1008 4213 1083 4277 ὡς
1111 4214 1190 4267 ἐτι
1228 4217 1292 4267 ἐκ
1320 4215 1417 4283 τῆς
1466 4214 1791 4286 Ἐκκλησίας

220 4305 407 4371 (mw),
436 4305 874 4375 παραδέξασθαι·
905 4307 1032 4369 τοὺς
1066 4306 1122 4358 δὲ
1156 4306 1214 4358 ὲν
1241 4308 1360 4368 ταῖς
1388 4322 1791 4378 παρασυναγω-

220 4401 340 4465 ταῖς
362 4397 628 4468 μετανοίᾳ
651 4396 914 4467 ἀξιολόγῳ
938 4398 1028 4450 καὶ
1057 4399 1359 4468 ἐπιστροφῇ
1391 4398 1794 4467 βελτιωθέντας,

222 4488 589 4542 συνάπτεσθαι
646 4488 809 4541 πάλιν
864 4491 931 4559 τῇ
959 4488 1291 4559 Ἐκκλησίᾳ·
1325 4488 1465 4542 ὥστε
1512 4488 1792 4554 πολλάκις,

222 4581 469 4642 καὶτοὺς
526 4581 586 4633 ὲν
639 4578 832 4649 βαθμῷ
878 4579 1312 4642 συναπελθόντας
1357 4582 1471 4642 τοῖς
1518 4578 1793 4633 ἀνυποτά-

223 4687 388 4735 κτοις,
422 4671 645 4724 ἐπειδὰν
672 4670 1120 4741 μεταμεληθιῖηιν
1147 4711 1163 4740 ,
1195 4671 1275 4734 εἰς
1301 4670 1399 4741 τὴν
1416 4670 1596 4725 αὐτῶν
1617 4687 1797 4743 παρα-

224 4760 475 4831 δέχεσθαι
505 4762 678 4827 τάξιν.

287 4856 349 4908 0i.
368 4854 552 4907 τοίνυν
606 4855 947 4924 Πεπουζηνοὶ
997 4852 1277 4925 προδήλως
1321 4854 1458 4907 εἰσὶν
1497 4853 1795 4927 αἱρετικοίο

227 4941 301 5004 εἰς
326 4943 435 5013 γὰρ
464 4942 527 4995 τὸ
557 4941 782 5012 Πνεῦμα
803 4943 865 4995 τὸ
893 4944 1045 5009 ἆγιον
1085 4942 1490 5013 ἐϐλασφήμουν,
1532 4943 1795 5014 Μοντανῷ

228 5034 314 5083 καὶ
365 5032 669 5103 Πρισκίλλῃ
719 5034 820 5103 τὴν
865 5034 959 5085 τοῦ
1010 5034 1369 5103 Παρακλήτου
1422 5036 1797 5107 προσηγορίαν

226 5122 497 5192 ἀθεμίτως
526 5124 623 5176 καὶ
651 5124 1027 5193 ἀναισχύντως
1054 5124 1494 5195 ἐπιφημίσαντες
1513 5142 1527 5158 ⁸
1570 5128 1679 5180 εἴτε
1702 5124 1798 5181 οὖν

228 5212 298 5275 ὡς
339 5214 663 5285 ἀνθρώπους
703 5215 1075 5280 θεοποιοῦντες
1105 5216 1442 5287 κατάκριτοι,
1494 5219 1601 5271 εἴτε
1631 5220 1706 5282 ὡς
1738 5220 1800 5273 τὸ

233 5304 453 5375 Πνεῦμα
505 5307 566 5359 τὸ
621 5306 779 5375 ἅγιον
833 5310 899 5378 τῇ
948 5308 1087 5377 πρὸς
1141 5307 1464 5377 ἀνθρώπους
1514 5310 1797 5380 συγκρίσει

1900 2858 2065 2912 sticas
2099 2856 2364 2925 quasdam
2402 2867 2601 2908 causas
2633 2859 2687 2906 et
2716 2852 3043 2921 quaestiones
3079 2850 3218 2903 inter
3257 2858 3470 2902 utram-

1898 2962 2005 3018 que
2039 2955 2248 3017 partem
2287 2959 2394 2999 non
2444 2943 2777 2998 insanabiles
2818 2942 3123 3008 dissident;
3170 2955 3469 3009 parasyna-

1900 3052 2067 3107 gogas
2097 3046 2302 3100 autem,
2339 3034 2701 3090 conventibus
2739 3033 2861 3086 illos
2886 3031 2979 3101 qui
3002 3032 3070 3085 ab
3103 3030 3467 3096 immorigeris

1898 3128 2230 3200 presbyteris
2275 3135 2369 3181 aut
2414 3126 2687 3196 episcopis
2739 3134 2792 3179 et
2824 3140 2855 3178 a
2909 3124 3119 3192 populis
3165 3124 3469 3192 disciplinas

1898 3219 2213 3287 expertibus
2255 3219 2415 3282 ﬁunt,
2473 3219 2638 3284 velut,
2690 3217 2736 3271 si
2771 3217 2895 3285 quis
2941 3217 2995 3269 in
3047 3216 3243 3270 delicto
3278 3216 3468 3281 depre-

1897 3306 2123 3371 hensus,
2172 3320 2203 3359 a
2255 3305 2568 3359 ministerio
2614 3315 2886 3368 arceatur,
2937 3320 3038 3359 nec
3084 3320 3142 3358 se
3167 3303 3468 3359 canonibus

1897 3396 2216 3459 submittat,
2266 3396 2358 3449 sed
2411 3395 2515 3449 sibi
2572 3395 2938 3463 principatum
2994 3402 3048 3448 et
3098 3394 3462 3447 ministerium

1896 3488 2152 3553 vindicet,
2182 3501 2245 3542 ac
2268 3487 2514 3540 nonnulli
2546 3502 2649 3540 una
2692 3501 2817 3540 cum
2845 3501 2911 3541 eo
2932 3526 2946 3551 ,
2979 3486 3167 3541 relicta
3199 3485 3468 3540 catholica

1900 3576 2163 3644 Ecclesia,
2225 3579 2542 3643 discedant;
2621 3578 2725 3632 hoc
2780 3578 2979 3632 dicitur
3037 3592 3469 3647 parasynagoga.

1900 3668 2150 3724 Schisma
2202 3681 2383 3724 autem
2420 3668 2624 3735 est,'de
2676 3669 2998 3739 pmnitcntia
3046 3670 3212 3724 abiis
3260 3670 3351 3739 qui
3403 3685 3471 3725 ex

1900 3760 2142 3814 Ecclesia
2193 3768 2342 3826 sunt,
2397 3759 2706 3815 dissentire.
2762 3759 3009 3814 Haereses
3059 3769 3263 3825 autem,
3320 3760 3470 3814 velut

1900 3848 2346 3917 Manichaeorum,
2375 3859 2427 3904 et
2452 3838 2988 3912 Valentinianorum,
3015 3858 3069 3903 et
3099 3849 3471 3905 Marcionista-

1898 3955 2043 4005 rum,
2075 3950 2129 3995 et
2151 3940 2345 3995 horum
2378 3941 2619 4010 ipsorum
2646 3941 3055 4009 Pepuzenorum
3080 3959 3093 4006 ;
3114 3943 3294 3996 statim
3318 3943 3466 3996 enim

1900 4031 1966 4087 de
1995 4033 2113 4101 ipsa
2142 4033 2196 4087 in
2236 4034 2404 4088 Deum
2433 4034 2538 4089 ﬁde
2571 4033 2843 4088 dissensio
2872 4042 2973 4088 est.
3005 4032 3196 4087 Visum
3230 4044 3312 4088 est
3337 4048 3468 4102 ergo

1900 4127 2142 4196 antiquis
2172 4127 2552 4181 haereticorum
2594 4126 2815 4196 quidem
2844 4124 3111 4195 baptisma
3147 4127 3358 4194 penltus
3380 4140 3469 4180 re-

1893 4217 2099 4288 jicere;
2148 4218 2624 4274 schismaticorum
2655 4233 2805 4285 vero,
2854 4227 2913 4272 ut
2954 4218 3132 4273 adhuc
3174 4235 3237 4273 ex
3282 4218 3468 4274 Eccle-

1899 4308 1981 4363 sia
2025 4308 2422 4376 exsistentium,
2454 4309 2777 4376 admittere;
2827 4325 2922 4365 eos
2956 4311 3171 4365 tandem
3205 4311 3295 4381 qui
3341 4322 3471 4368 sunt

1900 4400 1955 4455 in
1996 4402 2438 4471 parasynagogis,
2471 4401 2618 4469 justa
2665 4403 2979 4471 poenitentia
3019 4411 3073 4457 et
3125 4404 3469 4459 animadver-

1901 4488 2057 4543 sione
2082 4490 2396 4542 emendatos
2422 4504 2614 4543 rursus
2647 4487 2902 4544 Ecclesiae
2936 4492 3268 4560 conjungere
3292 4510 3306 4559 ;
3335 4493 3471 4546 adeo

1902 4582 1965 4628 ut
1994 4589 2135 4643 saepe
2159 4584 2213 4628 et
2242 4576 2280 4629 ii
2322 4577 2416 4643 qui
2445 4577 2497 4627 in
2529 4576 2697 4643 gradu
2733 4577 2979 4631 collocati
3009 4592 3114 4632 una
3145 4594 3268 4633 cum
3298 4579 3473 4634 rebel-

1900 4666 2045 4722 libus
2079 4667 2347 4731 abierant,
2391 4673 2680 4736 postquam
2726 4669 3098 4737 paenitentiam
3132 4672 3359 4741 egerint,
3414 4672 3468 4725 in

1902 4757 2155 4814 eumdem
2185 4758 2429 4812 ordinem
2459 4758 2836 4813 admittantur.

1972 4848 2237 4917 Pepuzeni
2265 4862 2392 4917 ergo
2414 4858 2543 4902 sunt
2571 4858 2756 4917 aperte
2786 4850 3026 4906 haeretici
3056 4869 3068 4905 :
3103 4867 3227 4905 nam
3262 4851 3313 4904 in
3345 4850 3472 4920 Spi-

1903 4938 2067 4993 ritum
2117 4948 2365 4993 sanctum
2412 4939 2947 5008 blaSphemavcrunt,
2983 4941 3237 4994 Montano
3267 4948 3321 4993 et
3353 4939 3469 4994 Pri-

1903 5032 2068 5087 scillae
2095 5029 2361 5086 Paraclcti
2399 5033 2811 5103 appellationem
2860 5032 3065 5086 nefarie
3106 5030 3471 5099 impudenter-
3520 5074 3525 5085 .

1902 5137 2012 5191 que
2058 5122 2435 5178 attribuentes.
2487 5123 2672 5191 Igitur,
2726 5124 2840 5176 sive
2875 5124 3000 5191 quia
3049 5121 3361 5174 hominibus
3388 5120 3472 5174 di-

1903 5212 2185 5265 vinitatem
2219 5212 2544 5275 attribuunt,
2572 5210 2968 5264 condemnandi
3000 5218 3165 5263 sunt:
3197 5209 3310 5263 sive
3344 5209 3469 5280 quia

1905 5300 2167 5372 Spiritum
2194 5312 2440 5357 sanctum
2474 5301 2714 5357 alliciunt
2745 5302 2964 5368 injuria,
2998 5301 3128 5354 dum
3154 5315 3279 5354 eum
3317 5315 3468 5354 com-

232 5395 646 5467 καθυϐρίζοντες
665 5414 680 5428 ·
716 5398 812 5452 καὶ
840 5398 984 5452 οὕτω
1008 5401 1073 5469 τῇ
1099 5399 1292 5470 αίωνὶᾳ
1322 5399 1585 5471 καταδίκῃ
1632 5401 1797 5454 ὑπεύ-

1907 5400 2099 5461 parant
2129 5408 2252 5446 cum
2288 5393 2626 5456 hominibus,
2656 5394 2735 5447 sic
2759 5394 2921 5447 etiam
2948 5401 3075 5446 sunt
3097 5399 3312 5446 materna:
3340 5406 3473 5447 con-

236 5484 392 5549 θυνοι,
424 5489 511 5543 διὰ
540 5490 605 5541 τὸ
640 5490 1029 5561 ἀσυγχώρητον
1071 5485 1211 5543 εἶναι
1241 5490 1340 5560 τὴν
1374 5492 1453 5553 εἰς
1486 5490 1544 5543 τὸ
1573 5492 1796 5563 Πνεῦμα

236 5575 294 5626 τὸ
312 5578 459 5645 ἅγιον
498 5578 889 5651 βλασφημίανο
914 5578 1037 5632 τίνα
1070 5574 1163 5633 οὖν
1209 5578 1367 5647 λόγον
1419 5579 1532 5649 ἔχει
1568 5581 1626 5633 τὸ
1671 5584 1797 5635 τού-

238 5679 341 5720 των
389 5668 671 5739 βάπτισμα
708 5666 1054 5738 ἑγκριθῆναι,
1096 5666 1207 5721 τῶν
1264 5667 1654 5738 »βαπτιζόντων
1715 5672 1796 5736 είς

1907 5479 2241 5533 demnationi
2292 5482 2536 5547 obnoxii,
2586 5483 2729 5551 quod
2786 5482 3083 5537 condonari
3140 5497 3248 5535 non
3301 5482 3474 5551 possit

1907 5571 2240 5640 blasphemia
2290 5571 2343 5625 in
2382 5573 2643 5641 Spiritum
2695 5583 2968 5628 sanctum.
3006 5574 3126 5638 Qua
3174 5574 3337 5642 igitur
3382 5589 3473 5629 ra-

1904 5663 2051 5717 tiozne
2090 5676 2278 5719 eorum
2328 5663 2595 5735 baptisma
2639 5664 2801 5736 331
2849 5666 3187 5734 admittatur,
3236 5680 3358 5722 cum
3419 5669 3473 5720 in
