3904 6220
481 278 584 343 θύτ

1564 276 1825 337 ΡΗΟΤΙΙ
1878 276 2155 338 ῬΑΤΒΙΑ
2165 276 2384 337 ΒΟΗίΕ
2422 278 2531 338 CP.

3581 281 3673 346 868

485 391 697 446 l‘atrem
752 396 807 444 et
863 382 1056 443 Filium
1108 396 1162 444 et
1215 385 1551 443 Montanium
1599 397 1690 442 aut
1743 384 2043 442 Priscillam

2149 386 2371 457 Πατέρα
2393 428 2409 454 ,
2434 389 2525 441 καὶ
2550 386 2676 443 Υῑδν
2708 387 2802 441 καί
2843 388 2996 457 ἆγιον
3017 383 3241 458 Πνεῦμα
3285 386 3544 442 Μοντανὸν
3593 393 3671 446 καὶ

485 480 802 551 baptizent?
835 479 942 534 non
974 480 1119 535 enim
1152 477 1409 548 baptizati
1436 485 1562 533 sunt
1587 476 1680 547 qui
1713 477 1767 532 in
1803 491 1890 544 ea,
1925 491 2048 546 quae

483 568 641 623 nobis
675 566 870 622 tradita
908 582 1016 621 non
1042 576 1189 632 sunt,
1225 567 1481 637 haptizati
1510 564 1685 622 fuere.
1718 566 1917 634 Quare,
1945 566 2047 621 etsi

482 659 589 715 hoc
618 658 930 730 Dionysium
958 670 1215 729 magnum
1242 658 1419 724 latuit,
1448 657 1715 713 servanda
1743 658 1902 713 nobis
1937 671 2046 712 non

481 763 566 806 est
590 752 818 806 imitatio
842 752 1066 807 erroris.
1108 748 1221 805 Hoc
1257 751 1401 805 enim
1430 766 1595 820 quam
1627 750 1922 805 absurdum
1953 748 2045 815 sit,

483 858 583 897 sua
633 850 826 911 sponte
879 842 1227 911 perspicuum
1274 851 1379 907 est,
1410 857 1474 898 ac
1510 838 1765 898 omnibus
1790 841 2039 907 evidens,

481 934 573 1004 qui
602 934 686 989 vel
720 934 909 989 leviter
939 934 1255 989 ratiocinari
1284 944 1536 1005 possunt.

554 1026 771 1081 Catltari
798 1034 1002 1081 suntet
1026 1026 1130 1096 ipsi
1158 1040 1222 1080 ex
1261 1025 1328 1079 iis
1353 1026 1445 1094 qui
1478 1034 1604 1080 sunt
1631 1024 1884 1080 abscissi.
1928 1022 2047 1078 αω-

481 1125 657 1171 terum
687 1115 924 1185 antiquis
948 1116 1124 1169 visum
1158 1123 1264 1179 est,
1297 1114 1570 1185 Cypriane
1601 1113 1745 1179 dico,
1774 1122 1828 1168 et
1855 1121 2047 1168 nostro

481 1206 815 1275 Firmiliano,
861 1210 960 1265 hos
1002 1225 1192 1265 omnes
1239 1211 1333 1264 uni
1361 1210 1569 1265 calculo
1601 1209 1895 1280 subiicere,
1942 1209 2046 1264 Ca-

484 1302 690 1367 tharos,
710 1311 760 1356 et
784 1302 1112 1363 Encratitas,
1136 1312 1190 1357 et
1216 1302 1735 1373 Hydroparastatas;
1765 1310 2046 1371 propterea

482 1392 624 1461 quod
660 1392 989 1463 principium
1037 1393 1254 1462 quidem
1288 1392 1651 1462 separationis
1680 1406 1776 1462 per
1807 1391 2043 1447 schisma

479 1481 680 1537 factum
708 1483 883 1539 fuerat
923 1503 936 1539 :
978 1485 1072 1554 qui
1098 1493 1278 1540 autem
1304 1485 1372 1539 ab
1405 1483 1646 1540 Ecclesia
1684 1498 1743 1539 se
1764 1497 2048 1553 separave-

479 1582 625 1639 rant,
663 1589 771 1629 non
807 1575 1080 1635 habebant
1111 1576 1348 1646 amplius
1374 1576 1428 1630 in
1459 1590 1517 1630 se
1550 1577 1777 1645 gratiam
1810 1573 2046 1644 Spiritus

478 1664 651 1721 sancti
684 1683 699 1719 :
738 1664 1009 1722 defecerat
1042 1669 1187 1722 enim
1227 1668 1679 1731 communicatio,
1736 1668 2042 1738 interrupta

2149 476 2519 546 Πρίσκιλλανς
2567 480 2630 534 οὐ
2679 480 2789 550 γὰρ
2838 478 3251 549 ἐϐαπτίσθησαν
3285 480 3334 534 οί
3384 480 3459 542 είς
3505 481 3569 534 τὰ
3608 485 3673 554 μὴ

2148 568 2555 639 παραδεδομένα
2582 573 2714 641 ἡμῖν
2766 570 3151 642 βαπτισθέντες
3174 586 3188 601 ·
3239 569 3378 623 ὥστε
3406 571 3452 625 εί
3482 573 3566 627 καὶ
3596 573 3674 628 τὸν

2151 658 2325 729 μέγαν
2366 661 2525 715 τοῦτο
2567 662 2812 733 παρῆλθε
2850 661 3149 727 Διονύσιον,
3185 659 3301 713 ἀλλ’
3329 661 3456 731 ἡμῖν
3492 664 3547 716 οὐ
3583 680 3672 730 φυ-

2145 750 2377 805 λακτέον
2402 750 2499 823 τὴν
2518 753 2748 823 μίμησιν
2776 752 2871 807 τοῦ
2902 751 3214 822 σφάλματος
3232 767 3247 783 ο
3281 751 3342 804 τὸ
3365 751 3466 821 γὰρ
3496 753 3673 809 ἄτοπον

2147 842 2336 896 αὐτόοι
2387 843 2673 914 πρόδηλον,
2722 844 2815 897 καὶ
2868 845 3034 898 πᾶσιν
3084 840 3310 912 ἐναργὲς
3370 836 3449 905 οἷς
3503 860 3552 897 τι
3595 846 3677 900 καὶ

2150 933 2345 1002 μικρὸν
2378 934 2470 986 τοῦ
2503 933 2812 1003 λογίζεσθαι
2840 935 3110 1005 μέτεστιν.

2218 1026 2280 1077 Ol
2304 1025 2361 1078 δὲ
2391 1025 2637 1097 Καθαροί
2670 1027 2762 1081 καὶ
2794 1027 2946 1081 αὐτοὶ
2979 1028 3087 1082 τῶν
3120 1028 3525 1099 άπεσχισμένων
3567 1028 3677 1085 είσίο

2149 1112 2286 1183 πλὴν
2312 1113 2454 1179 ἔδοξε
2479 1117 2586 1178 τοῖς
2612 1116 2881 1186 ἀρχαίοις,
2905 1120 3017 1180 τοῖς
3048 1118 3176 1189 περὶ
3215 1119 3519 1189 Κυπριανὸν
3558 1119 3684 1188 λέγω

2148 1205 2241 1257 καὶ
2266 1206 2608 1276 Φιρμιλιανὸν
2639 1207 2728 1260 τὸν
2762 1207 3052 1278 ἡμέτερον,
3092 1208 3312 1272 τούτους
3346 1209 3544 1274 πάντας
3594 1212 3681 1282 μιᾷ

2146 1292 2311 1364 ψήφῳ
2339 1295 2681 1360 ὐποδάλλειν,
2731 1296 3020 1367 Καθαροὺς
3075 1300 3169 1352 καὶ
3207 1299 3557 1368 Ἐγκρατίτας
3591 1303 3687 1362 ,καὶ

2159 1386 2678 1461 ’,Υδροπαραστάτας
2702 1403 2716 1419 ⁸
2749 1388 2880 1441 διότι
2913 1391 2946 1460 ἡ
2978 1388 3077 1459 μὲν
3107 1389 3249 1460 ἀρχὴ
3277 1388 3372 1442 τοῦ
3399 1390 3681 1461 χωρισμοῦ,

2147 1478 2233 1530 διὰ
2258 1479 2553 1549 σχίσματος
2579 1478 2833 1547 γέγονεν·
2876 1480 2932 1533 οἱ
2976 1481 3035 1534 δὲ
3052 1482 3149 1551 τῆς
3210 1479 3527 1549 Ἐκκλησίας
3568 1483 3691 1536 ἀπο-

2150 1566 2391 1632 στάντες,
2415 1569 2515 1621 οὐκ
2533 1567 2611 1621 ἐτι
2632 1567 2788 1638 ἔσχον
2812 1566 2907 1640 τὴν
2926 1569 3085 1641 χάριν
3107 1569 3200 1622 τοῦ
3219 1571 3375 1639 άγίου
3398 1570 3691 1639 Πνεύματος

2111 1676 2120 1687 ί
2148 1655 2233 1724 ἐφ’
2260 1656 2483 1720 ἑαυτούς
2503 1671 2517 1686 ⁶
2552 1658 2773 1710 ἐπέλιπε
2814 1657 2923 1729 γὰρ
2950 1660 2985 1729 ἠ
3015 1658 3297 1728 μετάδοσις
3341 1657 3421 1728 τῷ
3449 1657 3691 1725 διακοπῆι

478 1756 904 1811 continuatione.
970 1757 1070 1823 Qui
1114 1758 1257 1811 enim
1290 1757 1449 1826 primi
1486 1766 1846 1823 recesserant,
1894 1758 2043 1813 ordi-

2149 1764 2236 1802 ναι
2257 1746 2356 1819 τὴν
2389 1746 2769 1801 ἁκολουθείαν·
2803 1750 2853 1801 οι
2904 1747 3002 1817 μὲν
3045 1747 3153 1816 γὰρ
3184 1745 3391 1817 πρῶτοι
3431 1746 3694 1817 ἀναχωρή-

481 1845 754 1899 nationem
801 1860 832 1898 a
870 1842 1124 1900 Patribus
1178 1845 1472 1911 habebant,
1522 1856 1576 1901 et
1634 1862 1731 1917 per
1780 1861 2038 1901 manuum

478 1945 668 1986 eorum
712 1931 1115 2002 impositionem
1166 1932 1435 1988 habebant
1475 1935 1676 1988 donum
1711 1933 2039 2003 spirituale;

477 2022 572 2091 qui
601 2031 781 2076 autem
812 2022 1009 2077 resecti
1032 2031 1183 2088 sunt,
1210 2023 1333 2079 laici
1359 2023 1558 2091 eﬂ‘ccti,
1588 2042 1688 2079 nec
1708 2024 2038 2095 baptizandi,

479 2125 580 2166 nec
627 2111 914 2166 ordinandi
961 2111 1234 2167 habebant
1279 2122 1622 2182 potestatem,
1676 2122 1736 2168 ut
1787 2114 1879 2183 qui
1934 2128 2042 2167 nou

477 2210 698 2269 possent
728 2200 962 2269 amplius
1013 2199 1247 2270 Spiritus
1298 2205 1471 2257 sancti
1503 2205 1732 2274 gratiam
1766 2204 1886 2258 aliis
1916 2218 2047 2271 pra:-

476 2292 628 2355 bere,
673 2306 703 2345 a
734 2306 841 2361 qua
871 2290 974 2361 ipsi
1004 2292 1339 2347 exciderant.
1375 2295 1554 2361 Quare
1582 2309 1698 2359 eos,
1733 2295 1825 2363 qui
1857 2295 1926 2349 ab
1963 2295 2047 2362 ip-

477 2398 662 2437 sorum
724 2384 972 2454 partibus
1014 2384 1252 2451 stabant,
1305 2393 1564 2455 tanquam
1604 2401 1633 2441 a
1662 2385 1815 2442 laicis
1863 2386 2044 2456 bapti-

477 2486 647 2541 zatos,
686 2474 965 2543 jusserunt
1007 2490 1139 2530 vero
1171 2476 1426 2532 Ecclesiae
1472 2478 1799 2547 baptismate
1843 2479 1909 2534 ad
1937 2478 2043 2534 Ec-

485 2566 710 2621 clesiam
733 2566 1014 2621 venientes
1042 2567 1353 2635 expurgari.
1379 2564 1483 2621 Sed
1512 2569 1773 2637 quoniam
1805 2569 2041 2623 nonnul-

476 2657 545 2712 lis
576 2656 832 2712 Asiaticis
877 2658 1101 2712 omnino
1155 2658 1333 2713 visum
1379 2667 1463 2714 est
1509 2674 1699 2715 eorum
1749 2660 2043 2730 baptisma,

378 2812 383 2817 ι
475 2747 728 2816 pluribus
784 2748 1099 2802 consulendi
1165 2763 1355 2814 causa,
1408 2749 1817 2820 suscipiendum
1897 2765 2041 2814 esse,

476 2836 826 2904 suscipiatur.
883 2836 1289 2892 Encratitarum
1331 2848 1513 2894 autem
1572 2841 1787 2896 facinus
1830 2848 2045 2910 oportet

477 2941 576 2981 nos
612 2927 930 3005 intelligere.
960 2927 1253 2994 Nimirum,
1286 2940 1345 2986 ut
1372 2931 1605 2986 reditum
1633 2932 1738 2987 sibi
1773 2932 1827 2986 in
1855 2932 2045 2987 Eccle-

2148 1856 2362 1906 σαντες,
2398 1838 2551 1909 παρὰ
2579 1836 2688 1890 τῶν
2729 1838 2989 1908 Πατέρων
3027 1836 3183 1907 ἔσχον
3231 1838 3329 1899 τὰς
3359 1835 3694 1907 χειροτονίας,

2147 1929 2245 1982 καὶ
2265 1927 2353 1980 διὰ
2374 1926 2480 2002 τῆς
2527 1925 2822 1987 ἐπιθέσεως
2867 1925 2973 1977 τῶν
3002 1924 3201 1995 χειρῶν
3229 1922 3431 1987 αὐτῶν,
3461 1917 3599 1993 εἶχον
3642 1921 3697 1974 τὸ

2147 2020 2392 2092 χάρισμα
2427 2017 2487 2072 τὸ
2516 2016 2883 2087 πνευματικόν
2903 2031 2917 2046 ·
2942 2016 2992 2067 oi
3014 2016 3069 2068 δὲ
3105 2014 3511 2087 ἀπορραγέντες
3533 2010 3698 2066 λαῖκοὶ

2147 2113 2446 2182 γενόμενοι,
2479 2107 2603 2162 οὔτε
2627 2109 2720 2163 τοῦ
2754 2107 3037 2179 βαπτίζειν
3069 2104 3193 2160 οὔτε
3221 2105 3314 2159 τοῦ
3368 2107 3699 2176 χειροτονεῖν,

2146 2202 2291 2277 εἶχον
2316 2207 2412 2275 τὴν
2432 2204 2679 2271 ἐξουσίαν
2700 2219 2714 2236 ·
2754 2201 2938 2256 οὐκέτι
2958 2200 3246 2270 δυνάμενοι
3272 2199 3435 2270 χάριν
3462 2197 3700 2268 Πνεῦμα-

2146 2314 2235 2359 τος
2268 2295 2425 2362 ἁγίου
2454 2294 2662 2363 ἐτέροις
2683 2294 2963 2363 παρέχειν,
2991 2286 3057 2363 ἦς
3100 2292 3255 2345 αὐτοὶ
3301 2289 3701 2345 ἐκπεπτώκασι.

2146 2388 2225 2442 διὸ
2254 2389 2330 2451 ὡς
2359 2385 2507 2457 παρὰ
2534 2385 2737 2438 λαῖκῶν
2767 2382 3194 2455 βαπτιζομένους
3220 2383 3347 2444 τοὺς
3372 2381 3505 2451 παρ’
3531 2379 3703 2433 αὐτῶν

2148 2477 2435 2530 ἐκέλευσαν
2477 2473 2802 2545 ἐρχομένους
2827 2472 2920 2525 ἐπὶ
2960 2472 3058 2542 τὴν
3099 2470 3449 2540 Ἐκκλησίαν,
3473 2469 3551 2539 τῷ
3589 2468 3711 2539 άλη-

2148 2566 2277 2637 θινῷ
2300 2564 2634 2636 βαπτίσματι
2663 2563 2737 2633 τῷ
2757 2562 2857 2632 τῆς
2893 2561 3216 2631 Ἐκκλησίας
3229 2556 3707 2628 ἀνακαθαίρεσθαι·

2148 2660 2335 2730 ἐπειδὴ
2390 2658 2445 2711 δὲ
2476 2658 2612 2720 ὅλως
2652 2654 2799 2719 ἔδοξέ
2838 2670 2949 2707 τισι
2999 2653 3105 2707 τῶν
3154 2654 3295 2706 κατὰ
3337 2654 3440 2725 τὴν
3506 2651 3709 2712 Ἀσίαν,

2146 2747 2454 2819 οἰκονομίας
2487 2747 2669 2808 ἓνεκα,
2705 2743 2816 2797 τῶν
2868 2742 3077 2797 πολλῶν
3135 2742 3397 2812 δεχθῆναι
3430 2742 3610 2795 αὐτῶν
3653 2741 3711 2793 τὸ

2152 2841 2453 2912 βάπτισμα,
2503 2840 2641 2893 ἔστω
2689 2837 2912 2892 δεκτόν*
2959 2837 3019 2890 τὸ
3075 2836 3132 2891 δὲ
3185 2836 3291 2890 τῶν
3348 2833 3716 2907 Ἐγκρατιτῶν

2149 2932 2512 3003 κακούργημα
2538 2932 2727 3003 νοῆσαι
2768 2932 2914 3002 ἡμᾶς
2947 2930 3048 2995 δεῖ,
3081 2930 3163 2983 ὅτι
3190 2929 3276 2984 ἵνα
3298 2927 3714 3001 ἀπροσδέκτους

475 3016 613 3072 siam
654 3018 1095 3084 intercluderent,
1119 3021 1358 3092 aggressi
1388 3030 1516 3076 sunt
1539 3021 1794 3093 deinceps
1823 3023 2042 3093 proprio

2151 3023 2347 3085 αὐτοὺς
2380 3022 2648 3092 ποιήσωσι
2681 3024 2748 3093 τῇ
2778 3020 3095 3091 Ἐκκλησία,
3125 3021 3494 3091 ἐπεχείρησαν
3539 3016 3721 3071 λοιπον

475 3109 797 3179 baptismate
839 3126 1270 3182 praeoccupare:
1320 3114 1464 3167 unde
1512 3123 1567 3168 et
1608 3128 1763 3168 suam
1796 3116 2039 3183 ipsorum

2153 3114 2271 3185 ἰδίῳ
2321 3082 2871 3187 προκαταλαμϐάνειν
2917 3082 3272 3183 βάπτίσματῖ,
3315 3082 3452 3166 δθεν
3496 3112 3593 3164 καὶ
3627 3108 3721 3180 τὴν

478 3203 925 3259 consuetudinem
981 3204 1278 3260 violarunt.
1331 3204 1597 3260 Existimo
1660 3207 1863 3276 itaque,
1898 3220 2040 3276 quo-

476 3293 624 3348 niam
656 3294 817 3364 382
852 3295 987 3349 nihil
1031 3295 1098 3350 de
1131 3295 1239 3350 illis
1273 3304 1454 3364 aperte
1481 3296 1688 3350 dictum
1715 3304 1818 3361 est,
1852 3310 2040 3351 eorum

474 3386 745 3456 baptisma
778 3403 808 3440 a
846 3387 1004 3442 nobis
1041 3386 1395 3457 rejiciendum
1424 3401 1581 3453 esse;
1618 3403 1683 3443 ac
1714 3388 1759 3442 si
1803 3387 1929 3457 quis
1972 3388 2041 3443 ab

474 3478 557 3534 eis
586 3479 879 3546 acceperit,
925 3478 1269 3533 accedentem
1315 3478 1384 3533 ad
1414 3477 1715 3533 Ecclesiam
1754 3479 2039 3548 baptizan—

475 3567 628 3622 dum.
672 3568 848 3638 (Quod
889 3569 934 3624 si
997 3569 1100 3623 hoc
1150 3569 1387 3638 generali
1444 3570 1764 3627 (economias
1810 3572 2041 3641 impedi-

475 3669 660 3713 mento
699 3660 823 3726 erit,
880 3675 1075 3715 rursus
1105 3661 1505 3717 consuetudine
1553 3664 1813 3717 utendum
1846 3672 1954 3729 est,
1986 3670 2042 3718 et

477 3748 629 3817 sequi
673 3756 889 3817 Oportet
935 3748 1146 3818 Patres,
1184 3752 1276 3820 qui
1312 3765 1434 3820 quae
1489 3752 1554 3805 ad
1587 3766 1691 3807 nos
1737 3752 2038 3822 pertinent,

478 3841 947 3910 dispensavcrunt.
999 3842 1203 3898 Vereor
1254 3845 1398 3899 enim
1447 3859 1535 3909 ne,
1574 3847 1704 3900 dum
1757 3860 1853 3901 eos
1883 3847 2039 3902 volu-

476 3946 600 3987 mus
650 3933 717 3987 ad
772 3933 1154 4003 baptizandum
1195 3936 1381 3991 tardos
1423 3934 1624 4001 facere,
1661 3936 2045 4006 impedimento

475 4030 695 4090 propter
743 4022 1026 4078 sententiae
1085 4038 1183 4078 see
1203 4024 1414 4078 ritatem
1459 4024 1632 4080 simus
1691 4024 1758 4078 iis
1782 4026 1875 4096 qui
1925 4026 2036 4081 sal-

473 4112 714 4179 vantur.)
742 4108 898 4176 Quod
932 4111 980 4165 si
1019 4111 1095 4166 illi
1144 4122 1388 4167 nostrum
1420 4113 1747 4182 baptismum
1801 4122 2041 4179 servant,

474 4198 581 4254 hoc
630 4215 728 4253 nos
782 4214 890 4254 non
921 4212 1153 4257 moveat.
1203 4201 1389 4272 Neque
1434 4206 1579 4258 enim
1627 4204 1889 4258 debemus
1942 4208 2042 4274 par

474 4289 591 4357 pari
640 4287 857 4354 referre,
899 4292 993 4345 sed
1034 4303 1302 4348 accuratae
1343 4309 1615 4348 canonum
1669 4293 2038 4349 observationi

2152 3207 2439 3277 συνήθειαν
2463 3203 2560 3275 τὴν
2589 3203 2797 3259 ἑαυτῶν
2822 3200 3209 3275 παρεχάραξαν
3228 3219 3242 3234 ο
3284 3200 3500 3272 νομίζω
3520 3199 3722 3263 τοίνυν,

2148 3296 2230 3350 ὅτι
2260 3294 2445 3364 ἐπειδὴ
2472 3294 2624 3347 οὐδέν
2654 3296 2768 3347 ἐστι
2794 3294 2923 3364 περὶ
2954 3292 3132 3346 αὐτῶν
3155 3292 3409 3362 φανερῶς
3437 3292 3720 3364 διηγορευ-

2154 3385 2333 3455 μένον,
2355 3385 2500 3455 ήμᾶς
2529 3387 2806 3455 προσῆκεν
2846 3383 3060 3437 ἀθετεῖν
3106 3383 3285 3437 αὐτῶν
3320 3385 3383 3437 τδ
3416 3384 3725 3455 βάπτισμα,

2151 3478 2252 3531 κάν
2274 3473 2421 3551 τις
2453 3478 2583 3546 παρ’
2614 3474 2796 3528 αὐτῶν
2838 3474 3098 3546 είληφὼς,
3144 3476 3449 3546 προσιόντα
3496 3478 3567 3546 τῇ
3612 3475 3729 3528 Ἕκα

2152 3567 2351 3638 κλησίᾳ
2378 3566 2564 3619 τοῦτον
2594 3564 2999 3631 ἁναόαπτίςειν.
3056 3566 3179 3621 Ἐὰν
3211 3568 3401 3637 μέντοι
3446 3567 3633 3638 μέλλοι
3664 3567 3733 3637 τῇ

2150 3661 2382 3713 καθόλου
2434 3658 2716 3729 οἰκονομίᾳ
2764 3656 2923 3711 τοῦτο
2972 3658 3229 3729 ἐμπόδιον
3280 3658 3536 3725 ἔσεσθαι,
3573 3657 3734 3711 πάλιν

2151 3751 2228 3822 τῷ
2274 3750 2387 3803 ἔθει
2416 3748 2706 3821 χρηστέον,
2746 3750 2842 3803 καὶ
2890 3753 3005 3814 τοῖς
3056 3750 3462 3820 οίκονομήμασι
3511 3750 3583 3803 τά
3612 3743 3731 3801 καθ⁹

2153 3843 2300 3913 ἡμᾶς
2350 3841 2627 3912 Πατράσιν
2673 3839 3101 3911 ἀκολουθητέον·
3156 3841 3455 3911 ὁφορῶμαι
3498 3841 3611 3912 γὰρ
3662 3839 3735 3910 μή

2156 3954 2313 4002 ποτε,
2340 3938 2414 4001 ὡς
2444 3935 2747 4007 βουλόμεθα
2783 3936 3048 4006 ὀκνηροὺς
3072 3935 3425 4007 αὐτοὺςξπερὶ
3449 3934 3515 3988 τὸ
3542 3931 3737 4005 βαπτί-

2152 4029 2266 4094 ζειν
2326 4028 2566 4098 ποιῆσαι,
2621 4026 2999 4097 ἐμποδίσωμεν
3043 4027 3155 4089 τοῖς
3186 4025 3532 4095 σωζομένοις
3566 4026 3657 4079 διὰ
3679 4023 3741 4076 τὸ

2152 4118 2250 4186 τῆς
2272 4118 2588 4187 προτάσεως
2631 4118 2904 4186 αὐστηρόν
2926 4132 2940 4147 ⁸
2965 4118 3015 4175 εί
3058 4116 3116 4170 δὲ
3143 4118 3342 4169 ἐκεῖνοι
3388 4117 3739 4186 φυλάσσουσι

2148 4209 2210 4263 τὸ
2237 4209 2500 4279 ἡμέτερον
2527 4207 2829 4278 βάπτισμα,
2861 4206 3020 4260 τοῦτο
3059 4207 3204 4277 ἡμᾶς
3253 4206 3630 4261 δυσωπείτω·
3680 4205 3742 4259 οὐ

2150 4300 2259 4372 γὰρ
2287 4299 2606 4355 ἀντιδιδόναι
2631 4300 2799 4367 αὐτῆς
2830 4298 3119 4352 ὑπεύθυνοι
3144 4298 3303 4370 χάριν
3349 4299 3558 4370 ἐσμὲν,
3602 4296 3745 4351 ἀλλὰ

475 4382 697 4433 servire.
738 4382 894 4436 Omni
938 4392 1119 4437 autem
1163 4389 1375 4441 ratione
1423 4395 1715 4453 statuatur,
1761 4393 1820 4439 ut
1857 4386 1891 4439 ii
1944 4385 2038 4455 qui

2149 4392 2414 4447 δουλεύειν
2438 4390 2693 4463 ἀκριϐείᾳ
2721 4390 2962 4443 κανόνων
2986 4405 3000 4419 ⁸
3039 4392 3207 4443 παντὶ
3234 4390 3290 4443 δὲ
3328 4390 3491 4462 λόγῳ
3546 4407 3741 4444 τυπω-

477 4467 547 4521 ab
571 4468 783 4522 illorum
821 4470 1090 4539 baptismo
1120 4476 1364 4538 veniunt,
1399 4486 1671 4546 ungantur
1704 4492 1887 4531 coram
1918 4474 2047 4530 tide-

478 4555 621 4611 libus
673 4558 942 4625 videlicet,
999 4570 1054 4615 et
1100 4562 1172 4616 ita
1206 4564 1425 4618 demum
1476 4566 1544 4620 ad
1595 4567 1851 4636 mysteria
1889 4580 2046 4620 acce-

476 4647 625 4703 dant.
648 4648 774 4704 Scio
807 4661 1009 4718 autem,
1037 4653 1252 4717 fratres,
1290 4655 1555 4722 lzoinum,
1585 4665 1638 4711 et
1670 4656 2044 4722 Saturninum,

476 4738 571 4807 qui
617 4749 770 4795 erant
814 4756 880 4797 ex
930 4743 1147 4798 illorum
1192 4746 1402 4813 ordine,
1432 4748 1484 4800 in
1530 4749 1911 4817 episcoporum
1953 4762 2048 4802 ca-

478 4827 725 4882 thedram
775 4844 808 4884 a
847 4829 1004 4886 nobis
1054 4846 1178 4887 esse
1237 4844 1542 4905 susceptos.
1587 4836 1767 4901 Quare
1813 4851 1909 4890 eos
1952 4836 2047 4906 qui

477 4914 693 4971 illorum
724 4920 903 4973 ordini
937 4922 1217 4991 conjuncti
1246 4933 1395 4992 sunt,
1449 4940 1556 4979 non
1599 4942 1891 4995 possumus
1926 4941 2048 4980 am-

475 5009 618 5077 plius
646 5011 713 5065 ab
746 5010 985 5068 Ecclesia
1017 5030 1305 5085 separare:
1343 5018 1435 5087 qui
1469 5019 1677 5074 scilicet
1706 5019 2047 5074 communio-

476 5098 577 5152 nis‘
594 5115 717 5155 cum
750 5103 882 5171 ipsis
910 5106 1065 5173 quasi
1099 5121 1363 5163 canonem
1396 5109 1706 5178 quemdam,
1761 5112 2046 5181 episcopos

477 5194 873 5265 suscipiendos,
904 5200 1259 5257 ediderimus.

799 5382 953 5438 CAP.
983 5384 1050 5440 ll.
1083 5416 1149 5428 —
1180 5386 1323 5453 Quid
1347 5391 1416 5445 sit
1446 5392 1720 5446 Izwreticus
1744 5393 1770 5446 .9

689 5473 915 5531 Concilii
945 5476 1524 5550 Constantinopolilani
1546 5499 1713 5535 canon
1738 5482 1792 5536 6.

548 5562 599 5616 6ο
621 5564 889 5629 Quoniam
908 5572 1061 5627 multi
1084 5572 1514 5629 ecclesiasticum
1536 5574 1803 5639 ordinem,
1829 5580 1959 5640 etc.,
1986 5583 2044 5627 ut

549 5668 597 5708 ο.
634 5654 757 5708 699.

476 5663 597 5721 pag.
634 5656 757 5709 699.

2150 4486 2320 4557 θήτω,
2352 4485 2475 4547 τοὺς
2502 4482 2725 4537 ἀπὸτοῦ
2775 4480 3081 4552 βαπτισμοῦ
3142 4481 3368 4534 ἐκείνων
3428 4496 3747 4553 προσερχο-

2150 4579 2365 4647 μένους,
2386 4574 2636 4645 χρίεσθαι
2665 4572 2885 4627 ἐπὶτῶν
2910 4573 3116 4626 πιστῶν
3135 4572 3405 4643 δηλονότι,
3433 4571 3541 4626 καὶ
3569 4570 3750 4633 οὕτως

2149 4668 2431 4740 προσιέναι
2457 4669 2571 4730 τοῖς
2602 4664 2939 4737 μυστηρίοις.
2987 4661 3119 4719 Οίδα
3147 4664 3205 4717 δὲ
3255 4666 3337 4718 ὅτι
3388 4666 3533 4729 τοὺς
3583 4664 3745 4717 ἀδελ-

2150 4763 2284 4830 φοὺς
2303 4761 2430 4823 τοὺς
2456 4760 2585 4830 περὶ
2637 4758 2807 4829 ἰζόην
2856 4758 2949 4811 καὶ
2982 4756 3318 4827 Σατορνῖνον,
3358 4756 3467 4810 ἀπ’
3524 4755 3754 4824 ἐκείνης

2146 4853 2304 4915 δντας
2335 4855 2434 4923 τῆς
2462 4850 2691 4916 τάξεως,
2722 4848 3165 4919 προσεδεξάμεθα
3202 4850 3280 4911 είς
3311 4848 3420 4918 τὴν
3455 4848 3628 4914 τάξιν
3656 4850 3753 4900 καὶ

2149 4942 2419 5013 καθέδραν
2447 4941 2555 4993 τῶν
2587 4940 2941 4994 ἐπισκόπων·
2980 4938 3121 4993 ὥστε
3173 4939 3299 5002 τοὺς
3354 4938 3449 5007 τῷ
3494 4939 3754 5009 τάγματι

2148 5032 2370 5086 ἐκείνων
2437 5032 2834 5101 συνημμένους.
2874 5030 3055 5084 οὐκέτι
3097 5030 3377 5101 δυνάμεθα
3432 5031 3755 5101 διακρίνειν

2148 5122 2256 5179 ἀπὸ
2285 5124 2382 5191 τῆς
2414 5122 2761 5192 Ἐκκλησίας,
2785 5119 2896 5175 οἷον
2926 5122 3126 5176 κανόνα
3156 5122 3277 5174 τινὰ
3316 5121 3430 5189 τῆς
3479 5122 3634 5192 πρὸς
3656 5121 3760 5175 αὺ-

2149 5213 2272 5274 τοὺς
2297 5211 2580 5274 κοινωνίας
2626 5212 2930 5281 ἐκθέμενοι,
2981 5212 3068 5265 διά
3100 5215 3198 5283 τῆς
3241 5210 3348 5265 τῶν
3405 5213 3759 5267 ἐπισκόπων

2149 5322 2224 5357 πα
2231 5303 2481 5373 ραδοχῆς.

2382 5394 2631 5446 ΚΕΦΑΛ.
2668 5391 2740 5445 B'.
2765 5420 2838 5432 —
2870 5394 2930 5447 Τί
2960 5392 3130 5447 ἐστιν
3149 5396 3483 5461 αἱρετικός.

2251 5482 2521 5537 Συνόδου
2573 5486 3262 5549 Κωνσταντινουπόλεως
3300 5484 3535 5539 κανὼν
3562 5491 3649 5549 ς’.

2218 5580 2291 5635 ς’.
2355 5572 2570 5643 Ἐπειδὴ
2622 5574 2806 5628 πολλοὶ
2861 5575 2959 5645 τὴν
3022 5574 3509 5647 ἐκκλησιαστικὴν
3594 5575 3763 5629 εὐτα-

2151 5664 2286 5730 ξίαν,
2309 5683 2362 5717 κ.
2396 5681 2446 5717 τ.
2485 5665 2532 5719 λ.
