3904 6220
256 252 359 317 869

1042 253 1440 317 SYNTAGMA
1480 252 1868 318 CANONUM.
1892 279 1961 292 —
1990 256 2137 319 TIT.
2176 256 2318 334 XII,
2362 260 2519 323 CAP.
2561 242 2649 320 11.

3414 266 3517 329 870

338 363 409 417 Ἦ
435 380 471 418 α
536 362 678 419 διάτ.
708 361 807 418 τοῦ
844 369 895 418 α’
936 363 1044 418 τίτ.
1104 363 1200 419 τοῦ
1262 364 1309 419 α’
1365 365 1507 436 βιϐλ.
1554 364 1649 419 τοῦ
1690 366 1822 422 κὼδ.

2000 366 2231 422 Textus.
2274 368 2459 424 Const.
2498 370 2553 435 1,
2595 370 2678 423 tit.
2709 369 2761 424 1.
2803 368 2897 424 Iib.
2928 369 3049 426 cod.
3083 369 3161 425 ait
3196 388 3209 426 :
3243 369 3347 437 Qui
3389 390 3517 430 san-

245 456 443 522 ’φησὶν,
470 454 639 521 ὡς,’0
668 454 745 525 μὴ
773 454 1012 521 δοξάζων
1058 456 1156 528 τὴν
1214 456 1378 525 ἁγίαν
1412 457 1613 528 Τριάδα
1649 458 1707 513 ὲν
1738 460 1825 530 μιᾷ

1940 466 2087 514 ctam
2116 458 2441 514 Trinitatem
2482 461 2535 513 in
2573 476 2676 514 una
2701 460 2899 515 deitate
2940 462 3056 532 pari
3085 470 3351 533 potestate
3376 480 3516 534 pra:-

253 547 471 616 θεότητι
518 546 858 617 ῖσοδύναμον,
908 545 1033 600 οὔτε
1063 548 1390 617 Χριστιανὸς
1440 549 1679 617 λέγεται,
1712 550 1830 603 ἀλλ’

251 636 446 706 ἄφρων
475 636 592 689 ἐστὶ
610 637 707 688 καὶ
735 637 1007 709 αίρετικδς
1032 638 1224 709 ἄτιμος
1246 640 1342 693 καὶ
1361 642 1710 711 τιμωρεῖται·
1735 642 1831 694 καὶ

247 726 355 781 τίτ.
394 725 431 781 ε’
470 729 565 782 τοῦ
594 730 760 783 αὑτοῦ
792 730 932 803 βιϐλ.
956 774 971 798 ,
1000 733 1104 797 ὅτι,
1136 734 1414 803 Αίρετικός
1453 736 1569 788 ἐστι
1595 737 1688 789 κα)⁵
1720 738 1831 797 τοῖς

247 819 396 873 κατὰ
426 821 718 891 αίρετικῶν
768 823 1052 878 ὑπόκειται
1110 824 1316 895 νόμοις,
1378 827 1407 880 6
1458 826 1653 897 μικρὸν
1697 826 1828 895 γοῦν

248 912 523 966 ἐκκλίνων
558 914 658 984 τῆς
680 915 961 986 ὀρθοδόξου
1004 917 1269 982 πίστεως’
1300 920 1392 973 καὶ
1433 918 1571 974 διάτ.
1623 917 1688 990 ιβ’
1731 918 1826 973 τοῦ

242 1004 416 1058 αὐτοῦ
437 1006 545 1059 τίτ.
564 1046 581 1071 ,
611 1005 714 1073 ὅτι,
754 1008 1037 1079 Αίρετικός
1057 1009 1260 1080 tow/56
1296 1009 1370 1081 μὴ
1411 1008 1487 1063 ὢν
1512 1010 1786 1077 ὀρθόδοξος
1809 1025 1825 1039 ο

239 1098 276 1167 η
307 1096 366 1149 δὲ
414 1102 462 1151 α’
486 1096 626 1151 διάτ.
683 1099 776 1151 τοῦ
827 1098 876 1167 γ’
898 1116 1005 1154 τιτ.
1039 1098 1149 1153 τῶν
1200 1101 1451 1170 Νεαρῶν,
1510 1103 1825 1172 αἱρετικοὺς

239 1185 394 1251 λέγει
425 1187 631 1252 πάντας
660 1191 787 1253 τοὺς
820 1189 894 1262 μὴ
926 1191 1084 1255 ὄντας
1114 1192 1491 1255 κοινωνικούς.

325 1277 417 1331 Ἐν
449 1280 639 1334 πλάτει
668 1281 723 1334 δὲ
753 1281 820 1335 τά
852 1282 981 1354 περὶ
1038 1284 1145 1338 τῶν
1196 1285 1491 1355 αίρετικῶν
1516 1285 1811 1355 ἀνήνεκται

237 1367 302 1421 ὲν
332 1366 414 1438 τῷ
451 1367 494 1420 ε’
528 1370 634 1424 τίτ.
657 1370 750 1423 τοῦ
782 1371 913 1429 κὼδ.
938 1413 954 1439 ,
980 1375 1038 1426 ὲν
1064 1367 1108 1442 ᾧ
1127 1374 1422 1427 κωλύονται
1455 1373 1597 1445 ἔχειν
1626 1375 1821 1445 προνό-

239 1476 366 1532 μια,
393 1460 741 1531 ἢδιδάσκειν,
776 1463 1006 1534 ἢποιεῖν
1067 1464 1385 1536 κληρικοὺς,
1433 1464 1465 1536 ἢ
1519 1464 1820 1519 λιτανεύειν

233 1556 478 1627 δημοσία
506 1556 539 1626 ἢ
572 1557 631 1609 ὲν
658 1555 793 1626 οἴκῳ
818 1572 832 1585 ’
868 1556 990 1608 ἐπεὶ
1026 1556 1169 1620 τινὸς
1206 1553 1445 1609 τοιούτου
1501 1555 1816 1625 γενομένου,

235 1647 273 1717 η
312 1646 471 1712 τάξις
502 1645 597 1699 τοῦ
652 1645 893 1716 ἐπάρχου
940 1645 1130 1717 λίτρας
1167 1646 1382 1700 δίδωσιν
1410 1645 1488 1716 ρ’·
1521 1647 1576 1701 αἱ
1605 1646 1662 1699 δὲ
1694 1647 1816 1698 ὲπι-

1938 550 2108 605 ditam
2138 567 2246 606 non
2278 552 2471 619 credit,
2503 552 2847 610 Christianus
2878 569 2986 609 non
3030 554 3250 619 dicitur,
3283 557 3377 612 sed
3417 573 3515 614 ve-

1940 657 2126 709 sanus,
2156 645 2463 709 haereticus,
2485 653 2540 699 et
2560 645 2776 715 infamis
2799 656 2902 712 est,
2929 661 2991 701 ac
3010 647 3250 716 punitur.
3278 646 3344 702 Et
3365 648 3449 703 tit.
3481 648 3515 703 5

1931 731 2175 801 ejusdem
2214 734 2360 798 libri,
2391 744 2567 789 const.
2599 737 2654 789 2.
2685 737 2846 807 383
2889 737 3187 794 Haereticus
3217 749 3317 807 est,
3342 756 3406 795 ac
3434 739 3515 795 la-

1933 824 2005 880 tis
2033 824 2309 892 :adversus
2343 825 2626 882 haereticos
2660 827 2867 896 legibus
2913 828 3251 896 succumbit,
3296 831 3388 899 qui
3430 832 3512 885 vel

1933 916 2216 986 paululum
2250 918 2320 972 ab
2365 917 2665 973 orthodoxa
2692 918 2927 972 declinat
2957 920 3081 974 ﬁde.
3124 918 3191 973 Et
3232 930 3408 975 const.
3443 921 3514 974 12

1931 1007 2175 1077 ejusdem
2208 1007 2315 1073 tit.,
2353 1006 2655 1063 Ilazreticus
2674 1015 2756 1062 est
2778 1008 2871 1078 qui
2902 1023 3009 1062 non
3040 1016 3125 1064 est
3152 1009 3510 1065 orthodoxus.

1932 1094 2126 1151 Const.
2174 1097 2229 1162 1,
2283 1098 2367 1151 tit.
2418 1098 2443 1149 1
2499 1096 2843 1152 Novellarum
2890 1097 3176 1152 haareticos
3211 1096 3361 1163 dicit,
3414 1099 3510 1169 qui

1931 1190 2339 1245 communicare
2374 1204 2481 1244 non
2514 1197 2762 1259 possunt.

2007 1280 2224 1337 Textus.
2265 1279 2436 1337 Porro
2481 1298 2603 1352 quae
2653 1283 2722 1339 de
2782 1283 3053 1341 haereticis
3086 1285 3211 1358 [dici
3252 1289 3505 1363 debeant]

1929 1374 1986 1428 in
2020 1373 2103 1428 tit.
2138 1374 2192 1437 5,
2233 1374 2327 1427 lib.
2359 1389 2377 1428 1
2424 1374 2546 1427 cod.
2578 1373 2786 1444 prolixe
2815 1375 2982 1431 relata
3024 1387 3169 1445 sunt,
3204 1380 3294 1435 ubi
3333 1381 3505 1450 privi-

1928 1464 2126 1534 legium
2166 1464 2388 1530 habere,
2429 1465 2623 1521 docere
2646 1506 2661 1532 ,
2690 1467 2916 1523 clericos
2947 1483 3135 1524 creare
3161 1510 3179 1536 ,
3210 1480 3260 1527 et
3291 1472 3507 1542 publice

1927 1555 2013 1610 vel
2051 1557 2104 1609 in
2156 1556 2365 1611 aedibus
2426 1556 2849 1625 supplicationes
2893 1558 3073 1615 facere
3124 1560 3499 1629 prohibentur.

1929 1645 2143 1714 Alioqui
2181 1644 2414 1700 cilicium
2452 1645 2694 1715 praefecti
2727 1648 3029 1722 |pra3torio]
3072 1660 3288 1706 centum
3324 1652 3501 1708 libras

236 1703 430 1808 χὼριοι
525 1753 540 1768 ·
572 1735 670 1790 καὶ
719 1703 899 1789 ὃτιητά
934 1703 1276 1808 συνακτήρια
1313 1703 1512 1801 αὐτῶν,
1542 1737 1576 1806 ὴ
1599 1734 1813 1806 ὀρθόδο-

1932 1703 2099 1809 [auri]
2131 1754 2144 1790 :
2189 1703 2552 1801 provinciales
2592 1703 3501 1813 vero'[olliciales]quinquaginta

183 1864 191 1888 ,π
236 1829 325 1892 ξος
362 1816 660 1898 Ἐκκλησία
704 1826 996 1896 λαμϐάνει’
1036 1827 1132 1881 καὶ
1176 1827 1257 1880 ὅτι
1285 1828 1334 1879 οἱ
1369 1826 1664 1897 Μανιχαῖοι
1718 1825 1814 1879 καὶ

186 1906 193 1933 ³
233 1922 283 1972 ot
307 1919 630 1972 Δονατισταὶ
675 1918 919 1988 ἐσχάτως
952 1919 1318 1989 τιμωροῦνται
1341 1918 1436 1972 καὶ
1463 1917 1813 1988 δημεύονται,

235 2012 329 2063 καὶ
366 2010 494 2063 οὔτε
527 2010 876 2072 διατίθενται,
899 2008 933 2081 ἦ
958 2009 1206 2064 ὁπωσοῦν
1238 2010 1679 2073 συναλλάσσουσι,
1718 2010 1812 2064 καὶ

232 2102 356 2155 οὗτε
392 2101 498 2154 ὑπὸ
546 2101 754 2154 παίδων
786 2100 861 2171 μὴ
882 2101 1050 2154 ὄντων
1074 2102 1372 2173 ὸρθοδὸξων
1411 2100 1811 2173 κληρονομοῦν-

234 2212 343 2259 ται,
384 2196 481 2246 καὶ
513 2192 652 2263 μετὰ
684 2192 913 2247 θάνατον
941 2194 1371 2265 κατηγοροῦνται
1402 2195 1495 2248 καὶ
1544 2194 1812 2264 ἀκυροῦν-

231 2303 321 2339 ται
348 2287 405 2339 αί
430 2284 688 2350 διαθῆκαι
714 2285 894 2339 αὐτῶν
918 2302 934 2317 ο
976 2287 1068 2339 καὶ
1092 2287 1176 2340 ὅτι
1204 2285 1312 2338 τῶν
1347 2287 1555 2341 πόλεων
1611 2285 1811 2340 ὲκῦάλ-

234 2378 439 2443 λονται,
495 2376 593 2431 xal.
633 2377 715 2429 ὅτι
769 2378 888 2440 ταῖς
922 2375 1269 2448 Ἐκκλησίαις
1298 2379 1734 2449 προσκυροῦνται
1761 2383 1811 2435 οῖ

234 2463 369 2523 οἶκοι
392 2470 451 2523 ὲν
482 2461 565 2534 οἷς
597 2469 865 2540 αῖρετικσὶ
884 2468 1077 2543 γνώμῃ
1109 2470 1219 2525 τῶν
1245 2470 1518 2528 δεσποτῶν
1552 2474 1812 2545 σονάγσν-

232 2578 322 2616 ται
352 2578 367 2591 ·
422 2562 519 2614 καὶ
563 2563 643 2614 ὅτι
702 2562 808 2615 τῶν
882 2562 1242 2632 βουλευτικῶν
1271 2564 1305 2634 ἢ
1336 2566 1678 2629 ταξεωτικῶν
1704 2568 1814 2621 λει-

234 2650 509 2721 τουργιῶν
559 2651 660 2703 οὐκ
711 2650 1069 2706 ἀπολύονται·
1133 2653 1226 2706 καὶ
1269 2654 1351 2707 δτι
1379 2655 1439 2707 ού
1472 2656 1684 2709 ποιοῦσι
1714 2674 1811 2727 μο-

236 2744 509 2811 ναστήρια
537 2739 662 2793 οὗτε
712 2743 1094 2810 στρατεύονται
1118 2759 1131 2772 ·
1164 2745 1259 2797 καὶ
1290 2745 1406 2808 πῶς
1444 2745 1811 2816 τιμωροῦνται

234 2835 282 2888 οἱ
318 2834 465 2887 κατά
514 2833 624 2887 τῶν
668 2833 835 2901 ἁγίων
871 2834 1103 2888 συνόδων
1140 2833 1523 2906 γράφοντες,ἢ
1572 2835 1807 2906 ἔχοντες,

235 2923 267 2993 ἢ
297 2921 768 2990 ἀναγινώσκοντες
794 2923 967 2976 αὐτάο
998 2925 1092 2977 καὶ
1121 2924 1203 2977 ὅτι
1234 2926 1295 2978 οὐ
1325 2924 1617 2981 θάπτονται
1656 2928 1809 2997 νομί-

1890 1848 1899 1859 κ
1927 1824 2060 1878 dant
2090 1842 2104 1877 :
2138 1824 2181 1878 si
2217 1823 2477 1896 [ipsorum
2507 1826 2800 1898 permissu]
2840 1828 2946 1883 tale
2975 1829 3257 1899 quidpiam
3295 1830 3499 1885 factum

1931 1916 2022 1971 sit.
2052 1914 2318 1988 [Habetur
2348 1917 2597 1990 ibidem],
2627 1919 2773 1987 quod
2798 1920 3036 1987 ipsorum
3066 1924 3500 1993 congregationis

1924 2006 2040 2060 loca
2088 2006 2385 2062 orthodoxa
2432 2008 2674 2064 Ecclesia
2706 2002 2904 2080 capiat.
2938 2012 3066 2067 Item
3091 2052 3106 2078 ,
3149 2014 3291 2083 quod
3331 2013 3500 2068 Mani-

1924 2097 2057 2153 chaei
2114 2107 2167 2153 et
2225 2099 2520 2155 Donatistae
2588 2100 2781 2157 utlimo
2838 2103 3099 2171 suppllcio
3158 2102 3493 2171 afﬁciantur,

1922 2185 2380 2267 [bonaipsorum]
2426 2192 2807 2261 publicentur,
2854 2201 3230 2249 testamentum
3273 2209 3377 2250 non
3411 2195 3495 2249 fu-

1922 2262 2108 2348 cia'nf
2124 2281 2272 2337 nullo
2316 2262 2475 2338 modo
2513 2285 2859 2349 contrahant,
2899 2283 3098 2340 liberos
3126 2285 3170 2340 si
3209 2287 3493 2342 orthodoxi

1922 2386 2029 2426 non
2068 2373 2180 2427 sint
2210 2373 2452 2429 hazredes
2482 2389 2588 2429 non
2625 2376 2880 2442 habeant,
2916 2386 3039 2445 post
3070 2385 3297 2431 mortem
3332 2393 3495 2433 accu-

1921 2450 2140 2527 santur,
2178 2473 2233 2518 et
2278 2464 2514 2533 ipsorum
2562 2473 2881 2520 testamenta
2936 2465 3091 2519 irrita
3144 2466 3251 2520 sint
3291 2484 3304 2520 :
3350 2469 3491 2536 quod

1925 2552 2192 2627 [insuper]
2227 2548 2296 2610 ab
2327 2554 2548 2609 urbibus
2587 2553 2916 2625 ejiciantur:
2954 2555 3098 2625 quod
3123 2556 3265 2612 ardes
3293 2557 3345 2611 iu
3369 2558 3489 2627 qui-

1919 2645 2020 2701 bus
2053 2647 2291 2702 haaretici
2315 2661 2585 2702 consensu
2614 2647 2814 2702 domini
2855 2658 3274 2718 congregantur,
3310 2649 3489 2706 Eccle-

1920 2736 2018 2790 siis
2055 2738 2415 2807 applicentur.
2451 2738 2605 2804 Item,
2633 2738 2775 2807 quod
2809 2754 2837 2792 a
2866 2738 3150 2793 curialium
3177 2748 3271 2794 aut
3293 2740 3491 2795 cohor-

1920 2825 2106 2881 talium
2152 2827 2338 2883 olIiciis
2406 2843 2511 2883 non
2575 2828 2898 2885 liberentur.
2954 2830 3125 2897 Item,
3184 2831 3328 2899 quod
3379 2848 3487 2887 nou

1921 2924 2239 2973 construant
2275 2919 2630 2983 monasteria,
2667 2935 2843 2989 neque
2881 2921 3136 2976 militent.
3168 2922 3321 2989 Item,
3357 2936 3491 2992 quo-

238 3026 383 3081 μως’
416 3010 515 3064 καὶ
544 3010 625 3064 ὅτι
662 3012 722 3064 οὑ
750 3010 990 3079 γίνονται
1025 3011 1405 3083 ἀξιωματικοὶ,
1433 3013 1467 3085 ἢ
1502 3017 1811 3089 συνήγοροι,

1923 3008 2083 3062 modo
2123 3008 2213 3077 qui
2251 3010 2514 3064 adversus
2546 3018 2895 3066 sacrosancta
2930 3010 3162 3065 concilia
3207 3013 3487 3068 scribunt.

235 3104 265 3173 ἢ
298 3102 529 3168 ἔκδικοι,
550 3103 584 3172 ἦ
624 3102 858 3175 πατέρες
892 3102 1122 3171 πόλεων,
1144 3105 1381 3173 γίνονται
1415 3106 1469 3158 δὲ
1488 3110 1809 3179 κορτελῖνοι’

234 3193 327 3245 καὶ
358 3193 480 3255 πῶς
499 3193 895 3260 ἀναγκάζονται
923 3195 1050 3259 τοὺς
1078 3194 1275 3257 παῖδας
1321 3194 1632 3265 ὀρθοδόξους
1651 3199 1811 3263 ὄντας

235 3282 494 3352 τρέφειν,
557 3282 653 3335 καὶ
700 3282 934 3352 γράφειν
998 3284 1405 3355 κληρονόμους,
1462 3286 1558 3339 καὶ
1615 3287 1813 3343 διδόναι

235 3372 418 3434 αὐτοῖς
478 3374 704 3441 προῖκα,
739 3374 836 3426 καὶ
870 3373 976 3444 πρὸ
998 3375 1177 3444 γάμου
1210 3375 1438 3445 δωρεάς·
1472 3376 1564 3429 καὶ
1588 3378 1667 3431 ὅτι
1700 3378 1808 3431 τῶν

234 3462 435 3531 γονέων
478 3462 965 3533 ἀμφισϐητούντων
997 3506 1013 3531 ,
1067 3466 1523 3538 ὲπικρατέστερός
1577 3470 1725 3522 ἐστιν
1773 3471 1802 3523 6

237 3550 404 3603 θέλων
436 3552 507 3619 τῇ
539 3551 819 3622 ὀρθοδοξίᾳ
864 3553 987 3615 τοὺς
1043 3554 1240 3617 παῖδας
1270 3559 1661 3625 προσαγαγεῖν,
1713 3559 1808 3611 καὶ

234 3639 313 3693 δτι
338 3643 388 3693 oi
418 3640 690 3711 ὀρθὸδοξοι
733 3644 921 3705 παῖδες
979 3644 1427 3715 πλημμελοῦντες
1482 3649 1564 3709 είς
1598 3651 1805 3719 αἱρετι-

236 3731 361 3794 κοὺς
381 3733 565 3799 γονεῖς
594 3730 1007 3809 ,τιμωροῦνταιο
1046 3733 1142 3788 καὶ
1168 3734 1250 3787 ὅτι
1300 3733 1423 3788 οὔτε
1451 3736 1806 3806 βαπτίζουσιν

235 3821 283 3873 οῖ
306 3821 597 3892 αῖρετικοὶ,
633 3821 756 3875 οὔτε
786 3822 1158 3892 φροντίζουσιν
1184 3824 1218 3894 ἢ
1238 3824 1502 3878 διοικοῦσι
1536 3827 1708 3897 χωρία
1737 3828 1807 3881 δι’

237 3912 441 3965 ἑαυτῶν
462 3911 499 3982 ἢ
529 3914 896 3985 παρενθέτων,
923 3913 1046 3967 οὔτε
1069 3914 1435 3982 παιδεύουσιν,
1452 3916 1575 3970 οὔτε
1610 3918 1805 3989 κληρο-

234 4003 513 4074 νομοῦσιν,
579 4003 703 4058 οὔτε
740 4005 1221 4077 πραγματεύονται
1251 4008 1401 4071 ἐντὸς
1442 4007 1604 4079 ἱερῶν
1641 4026 1801 4080 περι-

236 4094 436 4146 ϐόλωνι
469 4093 570 4147 καὶ
618 4095 701 4148 δτι
750 4096 809 4148 ὲν
837 4096 1173 4167 δικαστηρίῳ
1194 4099 1255 4151 ού
1287 4098 1803 4169 καταμαρτυροῦσιν

234 4181 539 4252 δρθοδόξου,
566 4184 615 4235 εί
651 4185 725 4254 μὴ
755 4186 835 4248 είς
870 4184 1249 4258 βουλευτήριον
1269 4187 1545 4254 ὁρθόδοξος
1572 4188 1800 4243 ἕλκοιτο⁸

235 4272 307 4335 ὡς
336 4274 479 4329 διάτ.
516 4272 563 4344 β’
586 4273 679 4327 τοῦ
702 4272 753 4345 η’
778 4275 883 4330 τίτ.
922 4276 1031 4329 τῶν
1055 4276 1306 4348 Νεαρῶν,
1346 4276 1461 4331 ἔστι
1486 4279 1542 4332 δὲ
1570 4278 1802 4348 ἀριθμοῦ

1914 3110 2010 3156 aut
2051 3101 2204 3174 [talia
2252 3102 2480 3176 scripta]
2539 3104 2743 3159 habent
2790 3104 2873 3159 vel
2922 3104 3126 3174 legunt,
3171 3106 3486 3173 puniantur.
3575 3146 3582 3151 .

1913 3191 2073 3259 Item,
2098 3195 2242 3264 quod
2279 3194 2512 3260 legitime
2549 3195 2900 3264 sepeliantur.
2945 3196 3106 3261 Item,
3133 3198 3275 3265 quod
3308 3197 3484 3253 hono-

1912 3299 2001 3340 res
2030 3300 2139 3339 non
2168 3293 2594 3354 consequantur,
2624 3300 2800 3354 neque
2829 3286 3042 3355 patroni
3068 3300 3356 3340 causarum
3391 3296 3486 3341 aut

1914 3373 2231 3429 defensores
2253 3417 2269 3441 ,
2313 3383 2410 3429 aut
2439 3373 2719 3428 civitatum
2755 3382 2938 3442 patres
2959 3414 2973 3438 ,
3006 3374 3097 3429 sed
3131 3374 3268 3429 viles
3294 3383 3348 3429 et
3387 3375 3483 3429 ab-

1909 3464 2040 3535 iecti
2075 3464 2222 3517 (iant.
2261 3462 2393 3519 Item
2425 3464 2699 3533 quomodo
2728 3463 2929 3518 liberos
2969 3464 3303 3519 orthodoxos
3339 3464 3485 3519 alere

1910 3569 1973 3608 ac
2003 3552 2244 3607 haeredes
2275 3552 2533 3618 scribere,
2567 3553 2813 3623 ipsisque
2845 3552 3025 3608 dotem
3057 3560 3111 3607 et
3133 3553 3478 3608 donationem

1908 3653 2129 3715 pr0pter
2155 3644 2375 3712 nuptias
2415 3645 2544 3698 dare
2571 3642 2984 3713 compellantur.
3014 3642 3166 3708 Item,
3191 3645 3335 3712 quod
3365 3642 3479 3715 [ex]

1908 3735 2225 3806 parentibus
2258 3733 2429 3806 [inter
2472 3730 2555 3805 se]
2603 3732 3055 3787 contendentibus
3084 3732 3132 3786 is
3165 3733 3479 3801 praevaleat,

1907 3824 1998 3894 qui
2057 3823 2258 3879 liberos
2298 3823 2365 3877 ad
2416 3822 2774 3877 orthodoxam
2825 3822 2984 3876 ﬁdem
3036 3821 3305 3877 adducere
3343 3824 3478 3878 vu‘t.

1908 3913 2039 3968 Item
2063 3952 2080 3978 ,
2112 3912 2255 3982 quod
2300 3912 2460 3966 liberi
2510 3911 2835 3975 orthodoxi,
2878 3912 2927 3966 si
2958 3911 3087 3978 quid
3137 3911 3192 3965 in
3226 3920 3479 3981 parentes

1908 4003 2191 4059 haereticOs
2220 4003 2539 4074 delinquant
2561 4044 2575 4070 ,
2605 4002 2925 4074 puniantur.
2958 4001 3087 4057 Item
3119 4004 3264 4071 quod
3306 4003 3476 4057 haere-

1904 4096 1997 4151 tici
2029 4111 2137 4151 non
2160 4096 2455 4162 baptizent,
2489 4109 2661 4166 neque
2690 4110 2787 4165 per
2814 4109 2873 4149 se
2904 4094 2986 4148 vel
3016 4094 3159 4148 inter
3185 4091 3349 4163 385
3379 4108 3475 4161 po-

1906 4186 2039 4241 sitas
2072 4184 2382 4258 [personas]
2416 4187 2667 4253 regiones
2703 4192 2896 4241 curent
2927 4193 3022 4239 aut
3069 4185 3470 4249 administrent,

1907 4290 2082 4343 neque
2113 4274 2379 4339 doceant,
2413 4289 2589 4344 neque
2626 4275 2866 4330 haeredes
2905 4273 3069 4337 ﬁant,
3114 4286 3287 4341 neque
3330 4274 3468 4327 intra

233 4362 339 4417 τῶν
362 4365 504 4418 ὅλων
534 4367 622 4435 μβ¹
644 4383 658 4396 ·
684 4366 743 4419 ἐν
771 4366 827 4419 δὲ
859 4366 1197 4431 τελευταίαις
1230 4370 1513 4440 βουλήσεσι
1545 4371 1640 4423 καὶ
1664 4388 1726 4423 συ
1737 4388 1800 4441 μ-

1915 4380 2058 4421 sacra
2111 4374 2263 4434 septa
2314 4364 2681 4435 negocieutur.
2733 4364 2864 4418 Item
2895 4403 2911 4427 ,
2963 4364 3106 4432 quod
3160 4363 3213 4417 in
3268 4362 3469 4432 iudicio

234 4454 473 4520 δουλίαις
502 4456 893 4526 μαρτυροῦσιν.
919 4457 1216 4526 ’Δνάγνωθι
1241 4460 1309 4511 τά
1337 4461 1803 4531 παραγεγραμμέ-

234 4562 297 4599 να
314 4547 372 4599 ὲν
399 4545 482 4613 τῷ
507 4550 556 4616 η’
589 4562 714 4614 κεφ.
744 4546 838 4600 τοῦ
862 4545 893 4599 ι’
926 4548 1031 4602 τίτ.
1061 4547 1158 4622 τοῦ
1189 4548 1456 4620 παρόντος
1490 4552 1800 4621 συντάγμα-

233 4652 320 4700 τος
341 4654 358 4671 ο
397 4640 530 4705 περὶ
564 4637 620 4689 δὲ
655 4635 920 4691 Ἰουδαίων
952 4638 1311 4710 διαλαμϐάνει
1333 4643 1361 4694 6
1382 4640 1425 4693 θ’
1457 4642 1563 4696 τίτ.
1602 4643 1696 4695 τοῦ
1744 4643 1794 4696 α’

236 4722 373 4793 βιδλ.
403 4723 500 4776 τοῦ
531 4723 678 4778 Κὼδ.
710 4727 768 4778 ὲν
796 4718 839 4793 ᾧ
862 4728 955 4779 καὶ
979 4727 1080 4790 τὰς
1110 4729 1432 4797 συναγωγάς
1454 4730 1632 4784 αὐτῶν
1652 4731 1801 4800 λέγει

237 4815 308 4884 μὴ
334 4814 745 4885 μιτατεύεσθαι,
804 4820 938 4885 μήτε
967 4817 1164 4880 αὐτοὺς
1192 4819 1251 4871 ὲν
1286 4822 1395 4882 τοῖς
1421 4821 1692 4875 Σάῢὸασιν
1763 4822 1797 4892 ἢ

234 4903 289 4952 ὲν
324 4906 445 4965 ταῖς
476 4904 687 4973 ἑορταῖς
710 4904 888 4957 αὐτῶν
922 4907 1251 4975 σωματικῶς
1276 4907 1639 4978 λειτουργεῖν·
1674 4910 1798 4964 οὔτε

234 4991 535 5059 ὲνάγονται,
575 4991 695 5043 οὔτε
712 4993 862 5060 παρὰ
890 4993 997 5045 τῶν
1019 4994 1357 5062 Χριστιανῶν
1380 4997 1796 5066 ἑπηρεάζονται,

233 5081 348 5134 οὔτε
410 5081 650 5151 γαμοῦσι
693 5084 1040 5152 Χριστιανάς,
1090 5087 1185 5137 καὶ
1231 5086 1312 5137 ὃτι
1371 5087 1526 5141 αὐτοὶ
1573 5088 1641 5141 τὰ
1691 5087 1797 5141 ἴδια

235 5172 655 5242 ἁγορανομοῦσι,
700 5174 793 5225 κα)⁸
854 5174 933 5226 ὅτι
986 5174 1078 5226 ἐπὶ
1138 5176 1246 5227 τῶν
1276 5176 1471 5246 γάμων
1510 5178 1570 5230 οὐ
1601 5178 1799 5247 φυλάτ-

232 5278 379 5315 τουσι
405 5266 493 5315 τὸν
524 5265 690 5333 νόμον
720 5264 916 5327 αὐτῶν,
952 5264 1048 5317 καὶ
1078 5267 1162 5318 ὅτι
1189 5269 1281 5319 ἐπ)⁸
1315 5269 1494 5337 μόνοις
1520 5287 1793 5340 χρηματι-

235 5350 344 5417 κδίς
363 5355 622 5415 δικαστὰς
666 5354 945 5419 Ἰουδαιοὺς
965 5358 1235 5422 αἱρεῖσθαι
1267 5357 1520 5412 δύνανται
1545 5378 1556 5391 ·
1597 5362 1690 5414 καὶ
1714 5363 1795 5414 ὄτι

232 5444 318 5497 τὸν
350 5445 744 5516 στεφανητικδν
776 5445 973 5498 κανόνα
1022 5448 1071 5498 οί
1098 5447 1312 5519 ἔξαρχοι
1359 5450 1535 5503 αὐτῶν
1586 5451 1796 5505 ίδιοκιν-

234 5535 394 5601 δύνως
426 5537 710 5603 εἰσάγουσι
757 5539 875 5600 ταῖς
902 5537 1226 5608 λαργιτιόσι,
1262 5540 1355 5593 καὶ
1398 5543 1483 5594 ὅτι
1517 5543 1666 5595 οὐδὲν
1695 5545 1793 5598 αύ-

229 5627 351 5690 τοῦς
384 5627 464 5682 δεῖ
488 5628 700 5698 τολμᾷν
726 5629 863 5683 κατὰ
899 5626 1255 5697 Χριστιανῶν.

1903 4456 2163 4510 adversus
2193 4454 2552 4509 orthodoxum
2584 4456 2952 4509 testimonium
2983 4469 3091 4510 non
3124 4453 3324 4519 dicant,
3357 4454 3465 4507 nisi

1901 4546 1945 4600 si
1980 4544 2035 4599 in
2066 4545 2275 4599 curiam
2315 4544 2654 4600 orthodoxus
2681 4544 3031 4614 protrahatur
3066 4560 3080 4597 :
3116 4552 3169 4599 ut
3200 4554 3373 4598 const.
3406 4544 3461 4607 2,

1903 4635 1986 4690 tit.
2017 4636 2051 4690 8
2080 4634 2447 4700 Novellarum,
2475 4650 2597 4705 qua:
2629 4636 2680 4689 in
2727 4634 3117 4706 [Novellarum]
3145 4649 3371 4704 corpore
3393 4635 3463 4688 42

1899 4733 2002 4791 est,
2039 4724 2275 4797 [tradit.]
2318 4726 2376 4781 In
2412 4726 2617 4781 ultimis
2645 4737 2825 4781 autem
2852 4726 3215 4780 voluntatibus
3242 4734 3297 4779 et
3327 4739 3462 4778 con-

1902 4817 2164 4872 tractibus
2210 4824 2374 4871 testes
2419 4816 2550 4871 sint.
2595 4815 2737 4885 Lege
2761 4830 2880 4884 quae
2930 4814 3180 4870 adnotata
3232 4824 3357 4868 sunt
3404 4815 3458 4867 in

1897 4922 2016 4975 cap.
2045 4906 2098 4968 8,
2130 4908 2212 4961 tit.
2256 4907 2321 4961 10
2346 4909 2627 4976 praesentis
2646 4910 2847 4977 operis.
2875 4908 3140 4963 Caeterum
3168 4907 3233 4960 de
3255 4904 3459 4959 Iudaeis

1898 4997 1979 5052 tit.
2009 4998 2062 5063 9,
2094 4996 2187 5050 lib.
2221 5012 2236 5049 ι
2268 4997 2389 5051 cod.
2424 5005 2641 5062 tractat,
2676 4998 2728 5051 in
2757 5014 2864 5067 quo
2887 4999 3107 5061 dicitur,
3143 4995 3459 5064 Synagngas

1898 5088 2137 5157 ipsorum
2172 5087 2391 5155 hospitii
2427 5088 2819 5142 immunitatem
2857 5088 3075 5152 habere,
3105 5098 3276 5153 neque
3310 5086 3455 5151 ipsos

1896 5180 1949 5233 in
1988 5178 2238 5233 Sabhatis
2269 5190 2361 5232 aut
2389 5178 2543 5234 festis
2572 5181 2687 5234 suis
2718 5179 3071 5247 corporaliter
3101 5176 3334 5242 Oper-ari,
3358 5190 3454 5229 ne—

1895 5282 2001 5339 que
2034 5268 2086 5321 in
2112 5270 2199 5337 jus
2221 5270 2427 5332 vocari,
2450 5285 2623 5337 neque
2653 5287 2682 5323 a
2709 5269 3036 5324 Christianis
3053 5267 3251 5321 vexari.
3276 5264 3449 5337 [ltt-m.

1895 5360 2039 5431 quod
2077 5358 2244 5414 Judmi
2284 5360 2560 5432 mulieres]
2601 5362 2941 5417 Christianas
2964 5361 3017 5413 in
3046 5358 3453 5413 matrimonium

1894 5466 2003 5505 non
2031 5451 2321 5519 accipiunt.
2349 5450 2502 5519 Item,
2542 5453 2683 5522 quod
2721 5454 2821 5523 ipsi
2854 5467 3035 5506 rerum
3078 5464 3298 5506 suarum
3332 5464 3451 5518 pre-

1895 5542 1967 5596 tia
1998 5541 2436 5610 statuant.’Item,
2463 5546 2603 5615 quod
2629 5546 2681 5600 in
2703 5545 3034 5616 pecuniariis
3064 5541 3289 5616 [causis]
3314 5542 3454 5596 dun-

1902 5645 2049 5689 taxat
2096 5637 2566 5704 privatosjudiccs
2605 5642 2803 5702 eligere
2845 5640 3076 5704 possint.
3116 5637 3271 5702 Item,
3308 5638 3453 5702 Quod
