3904 6220
446 267 548 337 871

1540 257 1799 321 PHOTlI
1839 253 2343 318 PATRIARCH/E
2375 257 2485 317 (ΖΡ.
3560 266 3653 330 872

436 381 699 453 primates
749 377 989 447 ipsorum
1035 386 1135 429 suo
1178 369 1419 443 periculo
1465 368 1587 423 auri
1638 363 1913 422 coronarii
1964 374 2232 418 canonem
2263 361 2646 434 largitionibus
2685 363 2941 423 inferam.
2992 366 3161 436 Item,
3208 369 3351 440 quod
3400 370 3654 431 adversum

433 470 776 527 Christianos
807 465 945 521 nihil
978 465 1098 519 illos
1133 464 1335 519 audere
1359 466 1630 531 oporteat.

505 579 661 637 CAP.
688 577 774 635 Ill.
804 606 876 621 ——
900 576 978 631 De
1006 576 1156 630 libris
1186 574 1574 630 hereticorum.

885 700 1255 770 Apostolorum
1285 714 1456 753 canon
1482 695 1573 754 60.

508 813 577 869 60
608 811 747 885 [59.]
770 811 828 867 Si
847 813 968 882 quis
990 811 1128 867 falso
1155 811 1468 880 inscriptos,
1497 818 1629 873 etc.,
1650 817 1707 861 ut
1738 824 1861 878 pag.
1887 804 2011 861 590.

813 928 1037 985 Concilii
1063 926 1275 982 Νίσαιιί
1305 943 1343 981 ιι
1377 943 1544 981 canon
1571 927 1627 981 9.

510 1044 662 1111 Quod
687 1059 789 1099 non
815 1049 1049 1112 oporteat
1084 1039 1244 1096 libros
1270 1039 1638 1095 hwreticorum
1674 1036 1864 1092 celare.

510 1262 600 1318 69.
628 1260 861 1317 Puerilia
889 1259 1071 1316 omnia
1101 1257 1360 1323 ludibria,
1404 1254 1720 1324 furiosaque
1751 1267 1817 1307 ac
1852 1252 2010 1307 insa-

441 1366 511 1407 na
553 1355 697 1408 dicta
719 1362 774 1407 et
803 1353 1027 1422 scripta,
1052 1366 1172 1421 quae
1194 1350 1458 1404 adversus
1494 1354 1716 1400 sanctas
1748 1344 2015 1413 imagines

441 1442 585 1498 edita
616 1452 762 1505 sunt,
794 1450 1009 1513 Oportet
1055 1440 1173 1496 dari
1207 1440 1464 1509 episcopo
1511 1434 2015 1505 Constantinopoli-

448 1546 597 1599 tano,
644 1534 805 1605 385
836 1542 893 1589 ut
923 1548 1047 1589 cum
1091 1531 1313 1601 reliquis
1350 1530 1508 1585 libris
1556 1528 1827 1583 haereticis
1857 1540 2014 1595 repo-

446 1639 664 1682 nantur.
704 1625 760 1679 Si
793 1626 916 1695 quis
942 1633 1122 1678 autem
1152 1623 1268 1677 haec
1321 1622 1499 1677 celare
1546 1621 1800 1675 inventus
1830 1618 2013 1683 fuerit,

444 1717 491 1770 si
525 1716 597 1770 sit
624 1715 839 1785 quidem
879 1728 1188 1784 episcopus,
1223 1711 1309 1765 vel
1356 1711 1661 1782 presbyter,
1707 1709 1791 1764 vel
1836 1704 2019 1763 diaco-

443 1822 570 1872 nus,
614 1807 962 1874 deponatur:
1013 1804 1100 1859 sin
1144 1812 1325 1858 autem
1365 1802 1537 1857 laicus
1567 1800 1650 1857 vel
1697 1800 2014 1867 monachus,

446 1909 782 1968 segregetur.

515 2005 729 2061 Textus.
779 2005 967 2060 Const.
1012 2005 1068 2070 5,
1105 2004 1189 2059 tit.
1233 2003 1285 2071 l,
1340 2003 1437 2059 lib.
1467 2018 1510 2068 ι,
1562 2002 1685 2058 cod.
1720 2002 1829 2056 ait:
1876 1999 2011 2054 Por-

446 2098 622 2168 phyrii
690 2097 1032 2166 aliorumque
1093 2096 1470 2150 haereticorum
1538 2094 1801 2148 adversus
1851 2092 2016 2147 Chri-

445 2200 655 2245 stianos
684 2189 808 2243 libri
851 2192 1262 2244 comburuntor.
1299 2187 1437 2259 [Sic]
1474 2187 1710 2241 Nestorii
1736 2186 1933 2252 etiam,
1962 2193 2015 2238 et

445 2282 759 2349 quicunque
787 2280 1007 2335 Nicaano
1050 2280 1469 2351 Ephesinoque;
1508 2279 1780 2342 conciliis,
1811 2287 1863 2332 et
1917 2277 2014 2348 Cy-

444 2374 567 2428 rillo
597 2371 929 2445 [episcopos]
964 2372 1356 2435 Alexandrino,
1391 2387 1625 2441 quorum
1658 2370 1818 2424 tidem
1849 2384 2016 2424 exce-

443 2466 574 2521 dere
625 2480 734 2518 non
791 2464 941 2530 licet,
985 2478 1091 2517 non
1139 2471 1462 2517 consonant.
1495 2460 1601 2527 Qui
1658 2476 1789 2514 vero
1841 2460 2015 2514 dictos

445 2556 617 2611 libros
656 2556 855 2610 habent
887 2565 943 2610 et
998 2555 1205 2624 legunt,
1243 2554 1434 2607 ultimo
1461 2551 1731 2622 supplicio
1774 2550 2016 2605 alliciun-

447 2657 557 2706 tur.
603 2648 710 2702 Tit.
751 2650 804 2712 4,
833 2647 1052 2703 constit.
1107 2647 1216 2701 ll):
1273 2644 1379 2711 Qui
1427 2643 1796 2698 mathematici
1829 2656 2013 2697 coram

447 2741 721 2811 episcopis
778 2740 946 2795 libros
989 2753 1118 2794 suos
1152 2754 1257 2793 non
1293 2745 1668 2800 concremant,
1717 2749 1894 2803 neque
1949 2732 2016 2786 ad

451 2834 815 2888 orthodoxam
874 2832 1032 2886 ﬁdem
1090 2831 1396 2896 accedunt,
1447 2829 1708 2884 omnibus
1743 2826 2019 2897 pelluntur

449 2924 793 2990 civitatibus;
829 2923 1031 2978 inventi
1060 2924 1437 2992 deportantur.
1479 2919 1586 2974 Tit.
1617 2919 1649 2974 5
1671 2957 1687 2982 ,
1723 2928 1901 2973 const.
1936 2916 2014 2971 5:

452 3017 584 3084 Quae
646 3015 932 3072 Nestorius
992 3017 1256 3079 adversus
1324 3014 1619 3070 concilium
1687 3011 2016 3081 Ephesinum

452 3108 674 3178 scripsit
719 3109 919 3162 nemini
964 3109 1182 3175 habere,
1226 3118 1321 3163 aut
1350 3108 1663 3164 describere
1704 3105 1870 3168 licet,
1923 3103 2017 3158 sed

2040 544 2093 605 Α
2186 569 2436 625 ΚΕΦΛΑ.
2468 572 2541 625 Γ¹.
2563 602 2634 612 -
2660 573 2800 643 Περὶ
2847 575 3104 639 ,ϐιϐλίων
3150 574 3473 644 αἰρετικῶν.

2547 699 2925 753 Ἀποστόλων
2951 699 3151 753 κανὼν
3183 698 3246 765 ξ’.

2186 809 2251 879 ξ’.
2279 812 2349 866 Et
2365 829 2450 875 τις
2476 812 2547 865 τὰ
2567 813 2985 885 ψευδεπίγραφοι
3004 854 3018 879 ,
3056 830 3111 867 κ.
3142 829 3192 865 τ.
3223 811 3271 866 λ.

2379 928 2647 983 Συνόδου
2673 929 2918 994 Νικαίας
2950 928 3015 982 τὸ
3042 926 3107 997 β’,
3139 927 3337 982 κανὼν
3365 926 3429 982 0'.

2189 1040 2329 1106 Περὶ
2345 1039 2451 1093 τοῦ
2470 1038 2557 1108 μὴ
2581 1041 2864 1109 κρύπτειν
2888 1039 3023 1095 τινὰ
3049 1037 3157 1108 τῆς
3179 1044 3661 1108 Χριστιανοκατη-

2116 1129 2361 1201 γορικῆς
2390 1131 2675 1200 αίρέσεως
2706 1133 2970 1197 βιϐλίον.

2189 1256 2284 1321 ξθ’.
2321 1257 2505 1311 Πάντα
2533 1255 2602 1310 τὰ
2636 1257 2968 1328 μειρακιώδη
2996 1256 3307 1327 ἀθύρματα,
3340 1256 3431 1309 καὶ
3452 1257 3670 1329 μανιώδη

2062 1392 2079 1407 .
2120 1349 2476 1420 βακχεύματα
2514 1351 2582 1404 τὰ
2625 1349 3199 1422 ψευδοσυγγράμματα
3266 1352 3338 1402 τὰ
3386 1350 3521 1403 κατὰ
3575 1350 3672 1403 τῶν

2119 1442 2331 1499 σεπτῶν
2391 1441 2614 1494 είκόνων
2663 1441 2953 1511 γενόμενα,
2982 1442 3101 1495 δέον
3141 1438 3359 1510 δοθῆναι
3382 1441 3437 1491 ἐν
3463 1440 3536 1510 τῷ
3561 1442 3672 1494 ἐπι-

2118 1532 2357 1602 σκοπείῳ
2416 1534 3057 1599 Κωνσταντινουπόλεως,
3088 1534 3174 1586 ἴνα
3219 1532 3523 1587 ἀποτεθῶσι
3549 1533 3675 1603 μετὰ

2117 1626 2225 1679 τῶν
2275 1625 2476 1678 λοιπῶν
2506 1625 2793 1696 αίρετικῶν
2854 1624 3110 1694 βιϐλίωνο
3162 1625 3211 1677 εί
3238 1625 3295 1677 δέ
3320 1641 3405 1687 τις
3444 1623 3677 1695 εὑρεθείη

2116 1717 2289 1770 ταῦτα
2336 1715 2616 1787 κρύπτων,
2646 1718 2693 1768 εί
2722 1716 2819 1785 μὲν
2867 1716 3183 1780 ἐπίσκοπος,
3216 1714 3248 1785 ἢ
3298 1714 3676 1786 πρεσϐύτερος,

2117 1807 2151 1878 ἢ
2175 1807 2419 1868 διάκονος
2441 1808 2546 1878 εἴη,
2578 1806 2945 1879 καθαιρείσθω
2968 1824 2982 1838 ³
3019 1808 3067 1859 εί
3083 1806 3138 1860 δὲ
3166 1805 3353 1869 λαῖκδς
3374 1806 3407 1876 ἢ
3439 1805 3676 1876 μοναχὸς,

2055 1898 2095 1951 Β
2126 1897 2488 1968 ἀφοριζέσθω.

2205 2010 2267 2062 Ἦ
2301 2008 2348 2077 γ’
2375 2010 2513 2063 διάτ.
2547 2009 2639 2064 τοῦ
2665 2010 2715 2064 α’
2746 2010 2847 2064 τίτ.
2884 2010 2975 2064 τοῦ
3017 2009 3065 2064 α’
3092 2008 3232 2080 βιϐλ.
3263 2008 3362 2063 τοῦ
3428 2009 3555 2063 κὼδ.
3585 2025 3682 2079 φη·

2123 2117 2247 2155 σιν·
2286 2102 2366 2155 Τὶε
2424 2100 2566 2154 κατὰ
2625 2099 2965 2171 Χριστιανῶν
2998 2098 3309 2170 Πορφυρίου
3363 2098 3460 2151 καὶ
3526 2098 3687 2152 ἄλλων

2124 2192 2531 2262 συγγράμματα
2582 2190 2942 2255 καιέσθωσαν,
3002 2189 3194 2243 καὶτὰ
3224 2188 3547 2259 Νεστορίου,
3602 2187 3688 2240 καί⁵

2121 2283 2220 2335 ὅσα
2253 2282 2327 2353 μὴ
2364 2284 2645 2352 συμφωνεῖ
2693 2285 2813 2344 ταῖς
2846 2283 2903 2333 ἐν
2942 2280 3146 2350 Νικαίᾳ
3201 2280 3300 2332 καὶ
3333 2279 3543 2349 Ἐφέσῳ
3578 2295 3693 2331 συν-

2121 2374 2281 2439 όδοις,
2331 2375 2424 2426 καὶ
2484 2372 2733 2443 Κυρίλλῳ
2785 2372 2863 2444 τῷ
2904 2372 3330 2442 Ἀλεξανδρείας,
3366 2364 3442 2424 ὧν
3480 2371 3579 2423 οὐκ
3616 2370 3694 2435 ἐξ·

2123 2481 2240 2517 εστι
2263 2464 2575 2534 παρεξιέναι
2606 2464 2703 2533 τὴν
2743 2462 2924 2517 πίστιν
2947 2479 2961 2493 ⁶
2986 2464 3035 2516 οί
3063 2464 3119 2516 δὲ
3140 2462 3210 2515 τὰ
3225 2461 3494 2532 λεχθέντα
3526 2460 3699 2535 βιϐλία

2123 2554 2335 2623 ἔχοντες
2390 2555 2484 2608 καὶ
2522 2552 3006 2621 ἀναγινώσκοντες,
3030 2552 3277 2623 ἐσχάτως
3312 2550 3696 2622 τιμωροῦνται.

2127 2645 2245 2700 Τίτ.
2286 2646 2327 2698 δ’
2353 2645 2491 2698 διάτ.
2531 2650 2562 2697 ι’
2589 2660 2601 2672 ⁸
2632 2645 2692 2697 Ol
2720 2643 3091 2714 μαθηματικοὶ
3112 2642 3186 2714 μὴ
3213 2642 3469 2705 καίοντες
3485 2641 3578 2694 ἐπὶ
3601 2639 3704 2692 τῶν

2125 2736 2437 2791 ἐπισκόπων
2493 2736 2592 2799 τὰς
2645 2734 2857 2805 βίϐλους
2900 2733 3098 2799 αὐτῶν,
3160 2734 3259 2787 καὶ
3306 2736 3376 2803 τῇ
3431 2730 3701 2805 ὀρθοδοξίᾳ

2129 2832 2441 2898 προσιόντες
2459 2833 2637 2896 πάσης
2660 2825 3006 2880 ἀπωθοῦνται
3035 2826 3242 2889 πόλεως
3266 2842 3282 2858 ·
3320 2825 3708 2897 εὑρισκόμενοι

2124 2919 2180 2972 δὲ
2211 2921 2268 2973 ἐν
2291 2920 2494 2985 πόλεσι,
2532 2916 3038 2989 δεπορτατεύονται.
3071 2918 3191 2974 Τίτ.
3232 2924 3275 2970 s'
3311 2918 3459 2973 διάτ.
3494 2917 3550 2981 ς’
3578 2935 3593 2949 ο
3629 2916 3707 2969 Τὰ

2126 3012 2407 3081 γραφέντα
2449 3010 2727 3081 Νεστορίῳ
2772 3008 2911 3063 κατὰ
2960 3009 3058 3080 τῆς
3101 3011 3160 3062 ἐν
3209 3008 3433 3081 Ἐφέσῳ
3498 3006 3711 3062 συνόδου

2130 3105 2229 3157 οὐκ
2258 3104 2463 3171 ἔξεστιν
2484 3102 2699 3173 ἔχειν,ἢ
2735 3102 3145 3171 ἀναγινώσκειν,
3171 3102 3203 3172 ἢ
3230 3101 3711 3173 μεταγράφεσθαι,

451 3201 692 3255 comburi
727 3199 997 3272 [debent.]
1041 3199 1175 3254 Cum
1218 3209 1398 3254 autem
1427 3200 1493 3254 de
1535 3199 1639 3252 lide
1681 3197 2015 3265 disputatur,

2128 3193 2264 3247 ἀλλὰ
2319 3194 2595 3247 καίονται⁸
2628 3195 2684 3245 ἐν
2712 3193 2791 3263 τῷ
2840 3192 3024 3262 ζητεῖν
3056 3193 3236 3247 αὐτῶν
3291 3193 3431 3262 περὶ
3457 3193 3715 3257 πίστεως,

452 3308 559 3347 non
615 3301 699 3346 cst
742 3293 959 3345 illorum
1024 3291 1229 3345 mentio
1278 3289 1563 3343 facienda:
1621 3303 1794 3357 neque
1842 3282 2017 3358 [item]

453 3384 564 3437 ullo
586 3390 796 3453 privato
820 3391 947 3437 sunt
976 3381 1320 3451 suscipienda
1344 3381 1482 3435 loco.
1501 3379 1604 3446 Qui
1635 3381 1805 3448 legem
1839 3386 2021 3432 trans-

453 3472 718 3541 greditur,
764 3468 905 3541 [ejus
934 3468 1262 3540 substantia]
1304 3468 1633 3537 publicatur,
1684 3465 1854 3521 Porro
1908 3464 2018 3517 Ne-

456 3560 685 3614 storiani
719 3574 825 3614 non
873 3558 1173 3612 Christiani
1215 3566 1498 3620 vocantur,
1549 3556 1644 3610 sed
1688 3552 2016 3615 Nestoriani,

454 3650 909 3718 quemadmodum
987 3648 1198 3714 Ariani,
1276 3647 1652 3719 Porphyriani.
1683 3646 1872 3699 Const.
1927 3642 2012 3697 8:

454 3740 601 3796 Nulli
630 3740 757 3795 licet
795 3750 984 3796 contra
1018 3740 1515 3795 Chalcedonensem
1568 3737 1831 3809 synodum
1875 3735 2017 3790 scri-

454 3829 605 3895 bere,
640 3829 838 3900 legere,
868 3829 1097 3893 dictare,
1135 3838 1228 3881 aut
1255 3828 1425 3883 libros
1454 3828 1690 3881 habere:
1723 3825 1925 3893 οιίοιμιὶ
1960 3823 2014 3876 in

454 3929 773 3993 perpetuum
803 3920 1135 3989 deportatur.
1178 3919 1280 3985 Qui
1326 3918 1586 3990 [aliquem
1629 3915 1870 3988 illorutn]
1932 3916 2012 3970 di-

454 4009 639 4064 scendi
678 4024 843 4064 causa
897 4008 1029 4069 adit.
1067 4008 1199 4062 ﬁsco
1239 4008 1426 4062 decem
1467 4006 1631 4061 libras
1678 4005 1848 4078 [auri]
1900 4006 2014 4059 dat.

453 4098 558 4166 Qui
580 4116 712 4155 vero
748 4102 909 4154 vetita
944 4100 1123 4164 docet,
1161 4115 1418 4169 supremo
1447 4098 1675 4153 allicitur
1723 4099 2014 4168 supplicio.

452 4191 535 4245 Ad
579 4193 691 4245 haec
731 4207 921 4246 omnes
964 4192 1280 4262 Eutychetis
1333 4201 1494 4261 atque
1534 4190 1861 4259 Apollinaris
1895 4188 2019 4243 libri

453 4293 887 4336 concremantor.
924 4280 1079 4347 Quod
1122 4282 1167 4335 si
1210 4279 1660 4353 [provinciarum]
1714 4281 2019 4335 moderato-

454 4386 563 4434 res,
606 4385 905 4439 corumque
950 4371 1310 4438 apparitores,
1361 4380 1415 4425 et
1450 4367 1782 4441 [civitatum]
1825 4368 2014 4423 defen-

2126 3284 2186 3337 ού
2219 3283 2299 3336 δεῖ
2333 3283 2513 3337 αὐτῶν
2565 3283 2895 3354 μεμνῆσθαι·
2938 3280 3060 3335 οὗτε
3091 3284 3172 3335 δεῖ
3198 3283 3411 3345 αὐτοὺς
3444 3284 3505 3334 ἐν
3528 3280 3715 3354 οίῳδήτ

2129 3393 2258 3429 ποτε
2293 3375 2405 3446 ἰδίῳ
2454 3350 2602 3447 τόπιρ
2640 3350 2897 3447 δέγεσθαι
2920 3393 2933 3405 ο
2966 3376 2994 3427 ὁ
3022 3375 3078 3429 δὲ
3111 3375 3484 3445 παραϐαίνων
3511 3374 3605 3428 τὸν
3636 3350 3716 3427 νόί

2130 3483 2249 3535 μον,
2312 3466 2647 3538 δημεύεταιο
2703 3468 2764 3521 οὐ
2816 3467 3065 3534 λέγονται
3108 3466 3165 3519 δὲ
3210 3467 3260 3518 οἱ
3323 3464 3719 3536 Νεστοριανοὶ,

2125 3557 2460 3629 Χριστιανοὶ,
2498 3558 2633 3612 ἀλλὰ
2670 3559 3004 3629 Συμωνιανοί
3037 3574 3051 3589 ⁸
3107 3555 3303 3627 ὥσπερ
3334 3558 3387 3609 oi
3418 3556 3720 3627 Ἀρειανοὶ,

2128 3650 2512 3723 Πορφυριανοί.
2558 3651 2707 3703 Διὰτ.
2741 3656 2787 3718 η’
2811 3660 2827 3678 ⁸
2865 3649 3055 3701 Οὐδενί.
3093 3647 3271 3715 ἔξεστι
3324 3648 3480 3702 κατὰ
3510 3647 3617 3716 τῆς
3667 3648 3725 3699 ἐν

2125 3746 2428 3817 Χαλκηδόνι
2459 3743 2675 3798 συνόδου
2701 3743 2930 3812 γράφειν
2954 3741 2988 3812 ἢ
3014 3739 3421 3808 ἀναγινώσκειν
3449 3739 3487 3809 ἢ
3513 3740 3725 3806 ὑπαγο-

2129 3835 2305 3909 ρεύειν
2333 3835 2365 3906 ἢ
2395 3836 2539 3905 ἔχειν
2585 3832 2909 3904 γράμματα,
2970 3830 3092 3882 ἐπεὶ
3140 3828 3422 3899 διηνεκῶς
3454 3829 3738 3896 δεπορτα-

2124 3925 2371 3980 τεύεται·
2427 3926 2520 3979 καί¹
2540 3928 2567 3979 ὁ
2599 3921 2911 3994 προσελθὼν
2945 3921 3039 3974 ἐπὶ
3091 3919 3168 3990 τῷ
3207 3919 3442 3989 μαθεῖν,
3472 3916 3506 3971 ι’
3538 3917 3730 3987 λίτρας

2125 4019 2308 4072 δίδωσι
2341 4018 2418 4088 τῷ
2438 4018 2650 4086 φίσκῳο
2708 4013 2803 4067 καὶ
2838 4016 2865 4066 ό
2889 4012 3158 4067 διδάσκων
3200 4010 3273 4063 τὰ
3308 4009 3732 4078 κεκωλυμένα,

2128 4108 2369 4178 ἐσχάτως
2412 4109 2768 4177 τιμωρεῖται·
2802 4106 2979 4158 πάντα
3034 4104 3090 4157 δὲ
3159 4102 3231 4155 τὰ
3294 4102 3735 4171 συγγράμματα

2125 4199 2399 4269 Εὑτυχοῦς
2428 4199 2522 4251 καὶ
2560 4197 2954 4267 Ἀπολιναρίου,
2987 4194 3361 4248 καιέσθωσαν*
3393 4195 3447 4247 εί
3482 4192 3740 4248 δὲταῦτα

2127 4291 2426 4361 παρίδωσιν
2443 4290 2494 4342 οἱ
2524 4288 2862 4360 ἄρχοντες,ἢ
2891 4290 2946 4339 al
2992 4286 3172 4349 τάξεις
3235 4286 3467 4351 αὐτῶν,
3495 4286 3532 4357 ἢ
3561 4288 3613 4339 οί
3644 4285 3739 4338 ἐκ·

2123 4381 2284 4446 δικοι,
2343 4380 2452 4434 ἀπὸ
2495 4379 2627 4433 δέκα
2670 4378 2869 4448 λιτρῶν
2910 4376 2986 4447 τῷ
3035 4376 3215 4444 φίσκῳ
3266 4376 3740 4447 προσ-τιμῶνται.

454 4473 605 4514 sores
635 4476 744 4513 non
768 4460 1196 4527 observaverint,
1223 4462 1275 4514 in
1293 4462 1460 4515 denas
1490 4461 1656 4514 libras
1688 4459 1852 4531 [auri]
1884 4463 2015 4513 lisco

2128 4473 2276 4528 Διάτ.
2295 4479 2368 4539 ις’
2392 4489 2406 4504 ο
2426 4473 2483 4526 ’0
2505 4472 2642 4542 έχων
2663 4470 2844 4541 βιϐλία
2867 4468 3201 4538 Μανιχαῖκά,
3224 4469 3331 4520 καὶ
3358 4468 3443 4537 μὴ
3474 4466 3741 4538 φανερῶν

454 4548 777 4602 multantur.
820 4548 1056 4605 Constit.
1104 4550 1213 4604 16:
1248 4550 1350 4615 Qui
1381 4550 1800 4605 Manichaaorum
1844 4550 2014 4604 libros

2128 4566 2260 4619 αὐτὰ
2315 4567 2408 4619 ἐπὶ
2433 4563 2510 4634 τῷ
2539 4563 2807 4633 καυθῆναι
2834 4599 2849 4623 ,
2900 4561 3242 4631 τιμωρεῖται.
3277 4560 3401 4614 Καὶ
3441 4561 3481 4632 ὴ
3520 4567 3561 4614 ε’
3595 4560 3741 4616 διάτ.

456 4638 636 4705 habet,
680 4654 854 4709 neque
890 4641 945 4694 in
974 4643 1314 4710 propatulum
1344 4642 1549 4711 profert
1575 4651 1633 4696 ut
1657 4656 2014 4697 concremen-

455 4739 565 4796 tur,
596 4729 836 4797 punitur.
883 4729 950 4784 Et
979 4742 1156 4786 const.
1186 4733 1256 4797 5,
1298 4733 1379 4787 tit.
1412 4734 1437 4786 1
1494 4731 1863 4798 Novellarnm,
1925 4748 2019 4787 eos

453 4820 547 4891 qui
578 4819 762 4875 Severi
814 4822 1017 4890 scripta
1071 4822 1299 4885 habent,
1341 4823 1507 4895 386
1542 4840 1639 4881 nec
1664 4826 2015 4890 comburunt,

455 4913 712 4969 manibus
750 4914 990 4968 mutilari
1015 4914 1191 4984 jubet.
1216 4916 1358 4970 Dicit
1383 4932 1510 4971 vero
1536 4918 1698 4971 etiam
1728 4918 1821 4971 lib.
1849 4933 1902 4983 ι,
1932 4918 2016 4972 tit.

455 5005 512 5070 2,
533 5006 727 5075 digest.
764 5007 833 5061 ιε
874 5006 1020 5061 Inter
1064 5007 1305 5062 haeredes
1338 5023 1445 5061 non
1471 5009 1786 5062 dividuntur
1818 5010 2019 5078 reperti

454 5099 510 5153 in
568 5099 879 5154 hwreditate
950 5100 1144 5168 magici
1202 5100 1346 5163 libri,
1402 5102 1494 5155 sed
1543 5103 1770 5157 arbitrio
1816 5102 2020 5170 judicis

455 5201 897 5261 corrumpuntur.
949 5191 1183 5245 Constit.
1212 5192 1265 5256 5,
1319 5192 1400 5246 tit.
1438 5194 1471 5247 5
1513 5191 1864 5248 Novellarum
1898 5209 2021 5263 per-

456 5283 622 5337 mittit
648 5281 850 5338 Judazis
902 5292 963 5338 ut
1000 5284 1053 5337 in
1102 5286 1395 5355 Synagogis
1437 5286 1553 5339 suis
1575 5283 1760 5341 Graece
1787 5286 2021 5356 aliisque

456 5372 663 5442 linguis
696 5388 795 5443 pro
852 5374 1095 5429 locorum
1150 5374 1407 5447 [ratione]
1436 5375 1747 5446 Scripturas
1791 5378 2013 5447 legant:

457 5460 669 5534 [idque]
688 5460 992 5519 secundum
1038 5465 1398 5537 Septuaginta
1421 5477 1477 5522 et
1506 5467 1715 5537 Aquilse
1742 5466 2018 5537 interpre-

456 5552 739 5607 tationem.
765 5552 869 5621 Qui
899 5572 1028 5611 vero
1053 5557 1191 5610 hanc
1218 5557 1502 5614 lectionem
1530 5557 1802 5628 prohibet,
1838 5558 2015 5628 publi-

456 5645 594 5700 catis
623 5645 827 5717 [honis]
857 5648 1272 5703 exterminatur.

2124 4656 2218 4710 τοῦ
2265 4663 2311 4709 α’
2349 4656 2456 4710 τίτ.
2506 4654 2615 4707 τῶν
2647 4652 2875 4723 Νεαρῶν
2930 4650 3139 4704 κελεύει
3186 4650 3329 4708 τοὺς
3375 4651 3624 4721 ἔχοντας
3672 4649 3746 4703 τὰ

2126 4743 2362 4813 Σεὸήρου
2394 4741 2801 4813 συγγράμματα
2841 4741 2936 4792 καὶ
2976 4740 3051 4810 μὴ
3080 4740 3354 4803 καίοντας
3390 4740 3573 4804 αὐτὰ,
3625 4756 3747 4812 χει-

2130 4830 2489 4903 ροκοπεῐσθια.
2521 4876 2548 4894 λ
2587 4832 2747 4900 Λέγει
2775 4831 2831 4884 δὲ
2858 4830 2949 4884 καὶ
2981 4829 3119 4898 βισλ.
3156 4836 3186 4881 ι’
3214 4831 3339 4884 τίτ.
3379 4832 3456 4901 β’,
3491 4832 3646 4886 διάτ.
3675 4832 3743 4897 δ’,

2124 4925 2309 4990 ὅτι,οὐ
2339 4922 2669 4994 διαιροῦνται
2706 4922 2909 4993 μεταξὺ
2936 4921 3043 4974 τῶν
3063 4920 3449 4992 κληρονόμων
3480 4924 3559 4977 τὰ
3590 4924 3651 4976 ἐν
3678 4922 3747 4994 τῇ

2127 5016 2458 5086 κληρονομίᾳ
2492 5015 2779 5083 εὑρεθέντα
2837 5012 3046 5083 μαγικὰ
3104 5011 3300 5081 praua
3328 5054 3344 5075 ,
3399 5015 3553 5069 ἀλλὰ
3594 5015 3748 5067 δοκι-

2130 5106 2299 5176 μασίᾳ
2325 5104 2418 5158 τοῦ
2469 5104 2720 5158 δικαστοῦ
2752 5104 3082 5173 φθείρονται.
3126 5101 3268 5156 Ἡδὲ
3306 5103 3354 5155 ε’
3372 5104 3534 5160 διάτ.
3570 5104 3671 5159 τοῦ
3699 5101 3748 5175 γ’

2116 5198 2220 5250 τίτ.
2270 5197 2375 5249 τῶν
2405 5196 2627 5265 Νεαρῶν
2682 5195 2966 5263 ἐπιτρέπει
3010 5195 3123 5256 τοῖς
3160 5193 3472 5259 Ἰουδαίοις
3526 5199 3592 5249 ἐν
3624 5198 3753 5257 ταῖς

2126 5290 2463 5356 συναγωγαῖς
2515 5287 2693 5339 αὑτῶν
2736 5287 2833 5339 καὶ⁹
2881 5284 3187 5353 Ἑλληνιστὶ
3238 5286 3352 5337 καὶ
3384 5290 3518 5352 ταῖς
3549 5281 3752 5350 inut;

2115 5378 2412 5441 διαλέκτοις
2478 5378 2614 5448 πρὸς
2660 5377 2789 5439 τοὺς
2820 5377 3018 5439 τόπους
3048 5376 3144 5438 τὰς
3169 5375 3423 5445 Γραφάς
3456 5378 3753 5447 ἀναγινώ-

2119 5484 2288 5532 σκειν,
2346 5466 2487 5520 κατὰ
2536 5466 2633 5537 τὴν
2659 5466 2765 5519 τῶν
2792 5464 2848 5519 0'
2872 5466 2966 5518 καὶ
2994 5464 3092 5535 τὴν
3130 5465 3355 5517 ’Λκύλα
3402 5468 3747 5539 παράδοσιν·

2116 5560 2144 5612 ὁ
2175 5558 2231 5611 δὲ
2259 5556 2356 5627 τὴν
2376 5555 2629 5628 τοιαύτην
2654 5556 2877 5611 κωλύων
2906 5556 3247 5623 ἀνάγνωσιν,
3282 5555 3624 5630 δημεύεται
3656 5557 3754 5613 καὶ

2127 5651 2441 5721 ἐξορίζεται.
