3766 6198
198 240 313 307 873

275 353 532 409 ΚΕΦΔΛ.
558 350 633 405 Δ’.
657 380 729 393 —
755 349 895 420 Περὶ
944 351 1343 420 καθαιρέσεως
1396 350 1650 414 ξοάνων.

373 443 648 499 Συνόδου
692 442 1115 511 Καρθαγέννης
1140 440 1345 505 ⁷κανὼν
1366 439 1469 510 νη’,
1494 438 1601 494 πδ.

285 539 432 608 Περὶ
486 536 609 591 τῶν
672 535 1234 605 ἐγκαταλειμμάτων
1287 532 1407 587 τῶν
1483 531 1749 587 εἰδώλων
1770 573 1784 597 ,

200 634 308 689 καὶ
338 632 503 686 ναῶν
543 629 666 683 τῶν
694 628 1063 697 ὀφειλόντων
1086 626 1537 695 ἐξαλειφθῆναι,
1569 619 1657 677 ὧν
1680 623 1790 690 χά-

194 743 309 795 ριν
339 723 587 791 αἰτῆσαι
614 720 705 775 δεῖ
754 718 898 785 τοὺς
957 716 1586 788 θρησκευτικωτάτους
1606 716 1793 781 ,βασι-

192 815 357 881 υἱεῖς.

268 911 377 975 νη¹.
411 904 573 957 Ὥστε
623 900 693 953 τὰ
747 899 1235 970 ἐγκαταλείμματα
1287 898 1398 951 τῶν
1457 895 1694 950 εἰδώλων
1722 894 1794 948 τὰ

189 999 345 1052 κατὰ
361 998 544 1051 πᾶσαν
572 995 671 1065 τὴν
707 995 994 1065 Ἀφρικὴν,
1052 993 1306 1048 κελεῦσαι
1341 990 1635 1054 παντελῶς
1663 993 1794 1043 ἅνα-

189 1090 464 1157 κοπῆναι·
500 1088 597 1142 καὶ
625 1090 734 1157 γὰρ
772 1090 829 1141 ἐν
859 1086 1075 1148 πολλοῖς
1113 1085 1297 1148 τόποις
1327 1080 1793 1153 παραθαλασσίοις

189 1179 299 1234 καὶ
318 1177 594 1248 διαφόροις
621 1178 901 1248 κτήσεσιν,
937 1174 1176 1246 ἀκμάζει
1201 1174 1282 1227 ἐτι
1304 1174 1403 1243 τῆς
1433 1172 1641 1241 πλάνης
1656 1169 1793 1224 ταύ-

187 1288 303 1340 της
333 1272 367 1341 ἡ
397 1268 583 1323 ἀδικία
611 1283 628 1299 ⁸
682 1270 767 1322 ἵνα
796 1266 1224 1337 παραγγελθῶσι
1257 1265 1354 1320 καὶ
1384 1265 1525 1317 αὐτὰ
1562 1262 1791 1317 ἀπαλει-

188 1364 426 1434 φθῆναι,
483 1363 576 1414 καὶ⁸
608 1363 655 1414 oi
692 1362 813 1416 ναοὶ
866 1360 1047 1413 αὐτῶν
1095 1360 1144 1411 οἱ
1183 1360 1240 1411 ἐν
1262 1360 1374 1421 τοῖς
1398 1358 1588 1428 ἀγροῖς
1617 1356 1710 1409 καὶ
1733 1354 1792 1407 ἐν

187 1450 722 1523 ἀποκεκρυμμένοις
793 1450 979 1519 τόποις
1008 1489 1022 1513 ,
1077 1448 1246 1518 χωρίς
1296 1463 1439 1508 τινος
1495 1441 1793 1512 εὐκοσμίας

185 1542 572 1607 καθεστῶτες,
639 1539 806 1595 παντὶ
855 1538 1043 1609 τρόπῳ
1094 1534 1429 1592 κελευσθῶσι
1482 1547 1794 1601 καταστρα-

187 1635 388 1705 φῆναι.

1005 236 1408 301 SYNTAGMA
1445 206 1835 299 CANONUM.
1859 259 1927 271 —
1950 235 2100 296 Tl'l‘.
2136 234 2277 309 xu,
2318 235 2473 295 CAP.
2516 235 2709 295 III-V.

3378 235 3484 298 8'14

1767 350 1770 355 ’
1817 357 1866 411 Α
1963 346 2121 403 CAP.
2152 346 2242 400 IV.
2265 377 2335 388 -—
2362 347 2439 402 De
2462 347 2795 402 destruendis
2831 347 2986 403 idolis
3010 362 3101 402 seu
3132 346 3388 402 delubris.

2114 439 2338 496 Consilii
2371 440 2800 510 Carthaginensis
2830 455 3053 495 canones
3074 439 3163 506 58,
3188 439 3283 495 84.

1928 577 1938 588 -
1980 547 2058 602 De
2105 547 2341 616 reliquiis
2378 545 2665 612 idolorum,
2695 554 2745 601 et
2778 547 2982 615 templis
3016 545 3307 608 abolendis.
3346 562 3483 616 quo-

1912 655 2031 692 rum
2077 655 2240 692 causa
2282 640 2624 705 imperatores
2661 638 2890 708 piissimi
2938 646 3061 692 sunt
3102 637 3341 708 precibus
3383 637 3483 691 ad-

1910 730 2086 785 eundi.

1967 896 2059 951 58.
2097 895 2307 952 Instant
2336 896 2385 929 ’δ
2441 896 2606 950 etiam
2659 894 2781 950 aliae
2826 894 3181 951 necessitates
3213 892 3483 966 religiosis

1903 988 2325 1059 imperatoribus
2371 987 2734 1058 postulandae,
2786 996 2846 1042 ut
2900 988 3161 1057 reliquias
3210 986 3479 1042 idolorum

1896 1096 1993 1149 per
2050 1095 2267 1134 omnem
2331 1079 2569 1135 Africam
2623 1080 2854 1149 jubeant
2883 1073 3109 1151 penitus
3159 1081 3479 1150 amputari;

1900 1186 2022 1226 nam
2050 1172 2322 1241 plerisque
2351 1172 2403 1224 in
2438 1171 2573 1227 locis
2614 1171 2938 1235 maritimis,
2980 1180 3143 1241 atque
3176 1171 3483 1241 possessio-

1895 1264 2058 1319 nibus
2078 1265 2310 1319 diversis
2338 1264 2518 1318 adhuc
2551 1263 2755 1319 erroris
2788 1263 2948 1317 istius
3000 1263 3261 1332 iniquitas
3300 1263 3477 1333 viget:

1898 1364 1957 1408 ut
1985 1354 2373 1424 praecipiantur
2403 1354 2644 1423 et'ipsas
2690 1353 2879 1419 deleri,
2920 1362 2976 1408 et
3030 1354 3231 1424 templa
3285 1368 3474 1409 eorum

1895 1459 2015 1515 quae
2042 1445 2094 1499 in
2148 1446 2316 1516 agris,
2359 1447 2441 1507 vel
2485 1446 2540 1499 in
2573 1445 2706 1501 locis
2733 1445 2932 1501 abditis
2980 1445 3277 1501 constituta
3333 1445 3483 1502 nullo

1895 1547 2217 1593 ornamento
2242 1547 2392 1605 sunt,
2420 1539 2717 1609 jubeantur
2742 1538 3061 1595 omnimodo
3092 1540 3327 1596 destrui.

271 1728 412 1797 Περὶ
453 1726 561 1782 τοῦ
590 1727 665 1781 τὰ
688 1724 960 1794 λείψανα
1007 1722 1127 1777 τῶν
1177 1721 1439 1775 cladum-
1484 1712 1790 1785 ἐκριζωθῆ-

1972 1717 2050 1774 De
2074 1718 2341 1774 idolorum
2373 1720 2612 1790 reliquiis
2638 1724 3021 1792 exstirpandis.

181 1838 320 1876 ναι.

271 1908 381 1964 τπδ’.
430 1909 662 1979 Ὁμοίως
688 1909 888 1980 ἤρεσεν
918 1903 1214 1974 αἱτηθῆναι
1248 1899 1494 1985 ἀπὺετῶν
1517 1899 1790 1967 ἐνδοξοτάσ

183 2018 311 2057 των
342 2000 628 2073 βασιλέων,
668 2001 756 2054 ἵνα
787 2000 857 2053 τὰ
905 1997 1132 2068 λείψανα
1186 1996 1287 2065 τῆς
1341 1991 1787 2061 είδωλολατρείας

184 2095 281 2167 μὴ
308 2095 470 2164 μόνον
528 2093 598 2146 τὰ
658 2095 717 2146 ἐν
770 2092 999 2157 ξοάνοις,
1062 2088 1199 2144 ἀλλὰ
1245 2086 1339 2141 καὶ
1368 2087 1425 2140 ἐν
1452 2083 1791 2154 οίοισδήποτε

183 2187 416 2251 ¹τόποις,
450 2184 485 2255 ἢ
515 2184 767 2252 ἄλσεσιν,
809 2183 845 2254 ἢ
878 2182 1136 2253 δένδροις,
1185 2178 1350 2234 παντὶ
1376 2178 1561 2249 τρόπῳ
1582 2175 1792 2242 ἐξαλει-

183 2277 432 2348 φθῶσιν.

287 2368 351 2422 Ἦ
380 2367 431 2419 α’
454 2367 597 2421 διάτ.
650 2364 748 2420 τοῦ
807 2363 877 2419 ια’
904 2364 1011 2420 τίτ.
1045 2362 1142 2418 τοῦ
1164 2368 1215 2418 α’
1245 2360 1385 2433 βιὸλ.
1413 2358 1507 2414 τοῦ
1540 2357 1670 2413 κώδ.
1697 2373 1791 2411 κε-

184 2458 355 2514 λεύει
380 2460 451 2514 τὰ
483 2459 601 2530 ιερὰ
630 2457 929 2512 κλείεσθαι.

280 2551 536 2607 ΚΕΦΑΛ.
567 2549 858 2618 E'.—lIepl
881 2547 1232 2616 Νεστορίου,
1253 2540 1591 2608 Μουσαίου,
1610 2542 1793 2595 Εὐτυ-

184 2646 442 2719 gms-0t"),
466 2644 766 2713 Μαξίμου,
803 2640 1168 2709 Πορφυρίου,
1198 2637 1295 2690 καὶ
1322 2634 1441 2689 τῶν
1465 2635 1567 2689 ὑπ’
1592 2629 1792 2686 αὐτῶν

183 2736 637 2793 καταστάντων
663 2738 997 2804 αἰρετικων,
1039 2729 1077 2798 ἢ
1113 2727 1451 2798 ὀρθοδόξων
1476 2720 1794 2789 ἐκϐληθέν-

208 2847 363 2884 των.

351 2912 621 2975 Συνόδου
645 2914 1350 2976 Κωσταντινουπόλεως
1369 2890 1643 2962 καφ-ἀκίδα

1968 1901 2056 1957 84.
2078 1902 2208 1957 Item
2225 1902 2428 1973 placuit
2440 1904 2487 1937 ⁸⁵
2498 1904 2662 1959 etiam
2681 1905 2749 1961 ab
2766 1904 3187 1977 imperatoribus
3199 1904 3478 1977 gloriosis-

1896 1993 2051 2049 simis
2077 1995 2207 2065 peti,
2221 2004 2279 2050 ut
2293 1996 2538 2066 reliquias
2559 1997 2881 2053 idololatriae
2902 2012 3012 2054 non
3033 1999 3211 2055 solum
3230 2000 3284 2055 in
3307 1998 3481 2055 simu-

1897 2085 2084 2151 lacris,
2109 2087 2203 2143 sed
2247 2087 2303 2143 in
2333 2089 2758 2160 quibuscunque
2784 2092 2945 2159 locis,
2975 2092 3060 2150 vel
3080 2092 3242 2162 lucis,
3281 2093 3367 2150 vel
3391 2109 3481 2148 ar-

1898 2177 2125 2235 boribus
2145 2180 2296 2235 omni
2320 2182 2483 2237 modo
2504 2181 2806 2239 deleantur.

1966 2362 2130 2433 387
2154 2362 2491 2421 Constitutio
2553 2366 2608 2432 l,
2662 2367 2745 2424 tit.
2791 2368 2847 2437 2,
2892 2368 2989 2425 lib.
3021 2384 3039 2425 ι
3073 2369 3206 2426 Cod.
3243 2369 3488 2441 jubetut

1903 2459 2104 2523 templa
2131 2456 2476 2511 claudantur.

1973 2543 2128 2598 CAP.
2162 2545 2226 2599 V.
2279 2575 2351 2586 -—
2410 2546 2486 2601 De
2533 2545 2805 2613 Nestorio,
2863 2546 3085 2615 Musteo,
3146 2548 3480 2619 Eutychiano

1896 2633 2152 2704 Maximo,
2194 2636 2491 2707 Porphyrio
2520 2650 2568 2692 et
2607 2640 2671 2693 de
2696 2639 2957 2693 luereticis
2991 2655 3058 2694 ea:
3114 2639 3301 2693 horum
3336 2640 3481 2710 fonte

1891 2727 2145 2783 derivatis
2170 2740 2220 2783 et
2249 2729 2315 2784 de
2348 2730 2660 2785 orthodozis
2728 2733 2983 2799 expulsis.

2130 2912 2360 2969 Consilii
2388 2913 2975 2987 Constantinopolitani
3002 2936 3175 2977 canon
3199 2922 3256 2979 4.

274 3028 346 3083 δ’.
378 3028 513 3099 Περὶ
547 3024 800 3095 Μαξίμου
826 3021 921 3076 τοῦ
976 3019 1198 3075 κυνικοῦ
1229 3021 1321 3073 καὶ
1347 3018 1449 3089 τῆς
1473 3015 1597 3070 κατ’
1627 3013 1790 3068 αὐτὸν

1967 3028 2021 3083 4.
2076 3028 2397 3084 Statuerunt
2429 3032 2591 3085 etiam
2622 3031 2691 3087 de
2738 3031 2979 3090 Maximo
3023 3036 3248 3107 Cynico,
3278 3047 3332 3093 et
3356 3038 3475 3111 ejus

191 3122 459 3187 ἀταξίας,
506 3120 605 3190 τῆς
657 3121 714 3171 ἐν
773 3112 1400 3175 Κωνσταντινουπόλεως
1451 3108 1790 3181 γενομένηςο

185 3215 348 3268 ὥστε
401 3214 539 3284 μήτε
594 3210 845 3279 Μάξιμον
881 3206 1244 3277 ἐπίσκοπονῆ
1287 3200 1595 3273 γενέσθαιῆ
1630 3194 1791 3263 εἶναι,

194 3305 345 3376 μηδέ
378 3305 503 3367 τοὺς
542 3303 673 3373 παρ’
720 3300 885 3353 αὑτοῦ
916 3297 1392 3370 χειροτονηθέντας
1420 3298 1477 3347 ἐν
1497 3291 1795 3363 οἱῳδήποτε

194 3395 402 3467 βαθμῷ
435 3395 657 3465 κλήρου,
699 3394 918 3446 πάντων
941 3392 1036 3444 καὶ⁵
1068 3390 1175 3444 τῶν
1209 3390 1336 3459 περὶ
1358 3387 1522 3441 αὑτὸν
1560 3385 1653 3439 καὶ
1681 3384 1791 3436 τῶν

196 3486 339 3559 παρ’
365 3487 527 3541 αὑτοῦ
556 3486 860 3555 γενομένων
885 3484 1298 3556 ἀκυρωθέντων.

349 3580 621 3635 Συνόδου
662 3580 916 3649 Ἑφέσου
954 3579 1157 3633 κανὼν
1183 3577 1251 3645 α’,
1285 3577 1351 3649 β’,
1376 3576 1446 3646 γ’,
1480 3576 1543 3640 δ’,
1581 3584 1642 3632 ε’.

270 3672 346 3726 α’.
394 3673 609 3742 Ἐπειδὴ
635 3673 690 3725 δὲ
720 3673 887 3743 ἐχρῆν
944 3672 1039 3724 καὶ¹
1085 3672 1211 3734 τοὺς
1245 3670 1669 3741 ἀπολειφθέντας
1690 3669 1791 3739 τῆς

194 3767 367 3833 ἁγίας
410 3765 647 3828 συνόδου,
685 3767 777 3816 καὶ
819 3764 1106 3833 μείναντας
1135 3762 1277 3816 κατὰ
1325 3763 1508 3834 χώραν
1542 3762 1575 3833 ἢ
1612 3762 1789 3826 πόλιν,

190 3860 291 3913 διά
340 3875 462 3910 τινα
510 3857 694 3911 αἰτίαν
757 3854 1282 3925 ἐκκλησιαστικὴνῆ
1338 3854 1682 3925 σωματικὴν,
1714 3854 1789 3925 μὴ

188 3952 472 4019 ἀγνοῆσαι
494 3951 561 4002 τὰ
584 3948 710 4019 περὶ
732 3948 911 4001 αὐτῶν
942 3948 1326 4018 τετυπωμένα,
1355 3946 1695 4018 γνωρίζομεν
1721 3949 1786 4018 τῇ

190 4044 448 4115 ὑμετέρᾳ
470 4042 714 4111 ἀγιότητί
736 4059 793 4094 τε
812 4042 908 4093 καὶ
930 4041 1140 4111 ἀγάπῃ,
1172 4041 1365 4110 ὅτιπερ
1403 4040 1515 4092 εἴτε
1537 4043 1565 4093 ὁ
1584 4056 1789 4113 μητρο-

192 4136 431 4203 πολίτης
479 4136 577 4203 τῆς
615 4131 885 4201 ἐπαρχίας
918 4132 1301 4201 ἀποστατήσας
1347 4129 1447 4199 τῆς
1489 4130 1649 4198 ἁγίας
1695 4130 1791 4183 καὶ¹

194 4226 600 4295 οίκουμενικῆς
630 4225 868 4287 συνόδου,
904 4222 1198 4293 προσέθετο
1217 4224 1294 4293 τῷ
1322 4222 1419 4291 τῆς
1453 4222 1790 4284 ἀποστασίας

1901 3121 2198 3189 petulantia
2219 3131 2271 3177 et
2328 3123 2638 3190 insolentia,
2676 3140 2797 3195 qua:
2836 3126 2941 3181 fuit
2970 3126 3471 3200 Constantinopol',

1905 3222 1965 3267 ut
1988 3212 2255 3269 Maximus
2279 3214 2570 3286 episcopus
2598 3232 2697 3272 nec
2729 3217 2894 3273 fuerit
2920 3219 3002 3273 vel
3030 3221 3123 3283 sit,
3152 3236 3252 3277 nec
3282 3222 3377 3293 qui
3406 3225 3475 3278 ab

1898 3318 1965 3358 eo
1986 3306 2224 3359 ordinati
2254 3305 2478 3361 fuerunt
2510 3308 2561 3361 in
2595 3308 2725 3375 ullo,
2759 3309 3079 3380 quicunque
3111 3312 3156 3366 is
3181 3314 3275 3378 sit,
3301 3314 3472 3384 gradu

1898 3399 2029 3453 cleri
2052 3401 2329 3465 omnibus,
2358 3410 2412 3455 et
2435 3416 2559 3471 quae
2587 3402 2733 3456 circa
2778 3403 2957 3472 ipsum
2992 3404 3235 3474 fuerunt,
3264 3416 3319 3463 et
3349 3422 3473 3479 quae

1893 3492 1962 3545 ab
1989 3492 2082 3545 illo
2112 3492 2251 3547 facta
2276 3504 2425 3559 sunt,
2456 3493 2764 3552 inﬁrmatis.

2063 3582 2290 3640 Concilii
2330 3586 2581 3655 Ephesini
2619 3603 2844 3641 canones
2881 3589 2933 3656 1,
2973 3589 3028 3656 2,
3066 3590 3123 3654 3,
3163 3588 3215 3655 4,
3248 3591 3305 3645 5.

1976 3678 2025 3732 Ι.
2057 3677 2325 3743 Quoniam
2341 3688 2524 3735 autem
2540 3680 2652 3751 (28)
2668 3681 2951 3751 oportebat
2969 3683 3285 3737 etabsentes
3300 3698 3330 3737 a
3350 3697 3478 3737 san-

1897 3776 1984 3822 cta
2027 3770 2274 3839 synodo,
2312 3780 2701 3842 morantesque
2730 3773 2784 3827 in
2817 3773 3046 3828 urbibus
3084 3782 3140 3828 et
3181 3775 3477 3844 provinciis

1895 3863 1969 3917 ob
1998 3862 2216 3933 aliquod
2242 3864 2716 3933 impedimentum,
2744 3867 2861 3921 sive
2899 3866 3333 3923 ecclesiasticum
3363 3868 3479 3923 sive

1897 3973 2244 4027 corporeum,
2267 3974 2375 4013 non
2406 3961 2676 4028 ignorare,
2704 3976 2825 4030 quae
2860 3960 2927 4014 de
2959 3961 3092 4031 ipsis
3118 3971 3246 4016 sunt
3267 3962 3477 4017 consti-

1899 4058 2013 4103 tuta
2036 4066 2050 4111 ;
2077 4048 2451 4119 signiﬁcamus
2473 4050 2749 4104 sanctitati
2778 4060 2969 4105 vestrae
3000 4066 3064 4105 ac
3090 4050 3366 4105 dilectioni
3393 4059 3475 4117 ut,

1895 4144 1941 4197 si
1965 4143 2235 4213 quispiam
2270 4145 2614 4213 mctropolita
2644 4144 2959 4213 provinciae,
2986 4144 3241 4201 derelicta
3288 4154 3475 4201 sancta

1894 4244 1948 4289 et
1995 4235 2334 4289 oecumenica
2386 4237 2618 4305 synodo,
2660 4244 2755 4290 aut
2801 4236 3023 4291 accedet
3068 4236 3125 4291 in
3170 4246 3473 4307 posterum,

193 4317 492 4388 συνεδρίῳ,
521 4318 552 4386 ἢ
586 4317 723 4387 μετὰ
746 4316 904 4369 τοῦτο
925 4316 1272 4386 προστεθείη,
1302 4315 1335 4386 ἢ
1363 4315 1431 4367 τὰ
1464 4314 1786 4368 Κελεστίνου

1954 4340 2013 4379 ve
2052 4341 2177 4379 cum
2220 4323 2479 4380 Coalestio
2522 4325 2727 4391 sensit,
2779 4334 2870 4379 aut
2918 4325 3152 4393 sentiet,
3191 4326 3306 4397 ipse
3339 4327 3475 4383 nihil

189 4411 503 4481 ἐφρόνησεν
529 4410 561 4480 ἢ
588 4411 779 4480 φρονῇ,
831 4403 984 4471 οὗτος
1027 4408 1170 4460 κατὰ
1221 4407 1328 4461 τῶν
1373 4408 1470 4477 τῆς
1524 4407 1789 4478 ἐπαρχίας

1954 4416 2132 4486 nplius
2153 4417 2349 4485 poterit
2374 4432 2541 4486 agere
2560 4417 2821 4472 adversus
2845 4419 3138 4486 provinciae
3164 4419 3473 4490 episcopos,

191 4502 521 4555 ἐπισκόπων
566 4501 994 4569 διαπράττεσθαί
1017 4518 1069 4554 τι
1099 4501 1348 4570 οὐδαμῶς
1410 4500 1654 4565 δύναται,
1682 4500 1788 4553 πά-

194 4611 306 4663 σης
340 4594 800 4665 ἐκκλησιαστικῆς
834 4593 1121 4656 κοινωνίας
1145 4592 1391 4645 ἐντεῦθεν
1423 4594 1523 4663 ἤδη
1552 4592 1657 4645 ὑπὸ
1687 4592 1788 4663 τῆς

195 4686 429 4740 συνόδου
482 4685 898 4756 ἐκϐεϐλημένος,
955 4686 1050 4739 καὶ
1097 4686 1456 4757 ἁνενέργητος
1501 4685 1784 4757 ὑπάρχωνο

1898 4516 1957 4561 ut
1980 4506 2071 4576 qui
2103 4508 2216 4577 jam
2249 4507 2373 4562 inde
2403 4524 2432 4561 a
2464 4508 2674 4579 synodo
2700 4509 2865 4563 totius
2900 4508 3286 4566 ecclesiasticae
3325 4526 3473 4565 com-

1895 4599 2177 4654 munionis
2202 4614 2399 4668 expers
2442 4601 2512 4653 sit
2545 4599 2753 4665 factus,
2787 4612 2842 4654 et
2873 4615 3101 4669 prorsus
3140 4602 3349 4657 inutilis
3383 4600 3474 4673 [ad

1894 4690 2205 4748 functiones
2240 4691 2559 4764 inhabilis];
2608 4695 2700 4747 sed
2738 4703 2792 4747 et
2837 4692 2970 4763 ipsis
3017 4696 3289 4765 episcopis
3332 4694 3475 4747 illius

196 4781 341 4835 ἀλλὰ
376 4782 468 4832 καὶ
497 4782 676 4843 αὐτοῖς
708 4782 820 4841 τοῖς
859 4779 957 4849 τῆς
1000 4780 1267 4850 ἐπαρχίας
1302 4779 1643 4845 ἐπισκόποις,
1692 4780 1787 4832 xui.

1954 4783 2187 4838 'ovineiae
2214 4784 2534 4854 circumque
2563 4785 2759 4841 vicinis
2791 4786 3148 4856 melropolitis
3180 4796 3325 4840 recta
3350 4799 3475 4838 sen-

193 4875 317 4934 τοῖς
375 4872 536 4941 πέριξ
592 4872 1042 4942 μητροπολίτσις,
1090 4875 1202 4934 τοίς
1229 4872 1298 4926 τὰ
1328 4872 1428 4942 τῆς
1477 4872 1789 4943 ὀρθοδοξίας

1895 4875 2157 4932 tientibus
2194 4877 2498 4947 subjacebit
2518 4918 2532 4941 ,
2565 4888 2624 4932 ut
2650 4880 2880 4934 omnino
2908 4879 3153 4950 dejectus
3183 4878 3253 4933 sit
3280 4892 3309 4931 a
3342 4876 3471 4933 sede

196 4961 517 5031 φρονοῦσιν,
556 4962 903 5016 ὑποκείσεται
929 4963 1008 5025 εἰς
1038 4962 1100 5041 τὸ
1130 4963 1312 5033 πάντη
1338 4965 1433 5019 καὶ
1456 4965 1550 5018 τοῦ
1572 4963 1786 5036 βαθμοῦ

1954 4966 2079 5020 tiam
2111 4985 2138 5021 ιι
2168 4966 2362 5039 gradu]
2390 4967 2757 5038 episcopatus.

193 5054 299 5125 τῆς
334 5055 642 5122 ἐπισκοπῆς
665 5052 1019 5124 ἐκϐληθῆναι.

270 5142 338 5216 β’.
366 5145 428 5197 Εἰ
457 5144 513 5197 δέ
542 5162 679 5207 τινες
718 5146 1059 5215 ἐπαρχιῶται
1090 5146 1399 5213 ἐπίσκοποι,
1429 5165 1484 5202 κ.
1518 5166 1569 5201 τ.
1596 5148 1645 5203 λ.

273 5236 341 5305 γ’.
362 5239 425 5290 Εἰ
452 5238 508 5290 δέ
541 5254 685 5299 τινες
740 5238 837 5290 καὶ
884 5237 993 5291 τῶν
1024 5240 1082 5291 ἐν
1106 5240 1311 5310 ἑκάστῃ
1357 5240 1511 5293 πόλει
1549 5242 1583 5313 ἢ
1636 5242 1790 5313 χώρᾳ

1960 5151 2014 5204 2.
2059 5149 2115 5205 Si
2152 5151 2244 5221 qui
2276 5162 2457 5207 autem
2493 5155 2895 5225 provinciales,
2929 5163 3060 5221 etc,
3095 5164 3152 5208 ut
3185 5170 3307 5224 pag.
3342 5152 3461 5208 750.

1958 5242 2126 5313 388
2163 5246 2215 5299 5.
2260 5244 2315 5298 Si
2354 5246 2449 5314 qui
2485 5262 2613 5301 vero
2647 5247 2825 5301 clerici
2861 5247 2913 5300 in
2947 5246 3175 5315 singulis
3208 5246 3469 5309 urbibus.

198 5330 501 5401 κληρικὼν,
555 5329 661 5382 ὑπὸ
704 5328 1001 5401 Νεστορίου
1051 5331 1145 5384 καὶ
1181 5332 1289 5385 τῶν
1326 5332 1420 5386 σὺν
1444 5331 1592 5404 αὐτῷ
1621 5332 1789 5386 ὄντων

1954 5346 1983 5389 nt
2008 5337 2321 5405 regionibus
2350 5354 2381 5392 a
2405 5338 2660 5395 Nestorio
2684 5350 2737 5395 et
2768 5354 2891 5392 cum
2917 5353 2982 5393 eo
3004 5338 3468 5409 conspirantibus.

271 5507 315 5539 ’⁸
350 5506 520 5562 Conc.
552 5503 721 5560 Ain-ie.
751 5504 911 5560 c.25.
987 5506 1034 5537 ⁸³
1063 5505 1234 5561 Cone.
1270 5507 1529 5577 Carthag.
1562 5522 1593 5560 v
1624 5522 1741 5577 cap.
1774 5508 1868 5573 15;
1904 5506 2075 5561 Alric.
2114 5522 2234 5581 cap.
2276 5511 2366 5565 5|.

277 5662 395 5733 (23)
442 5657 762 5713 Versionem
816 5658 977 5712 aliam
1022 5659 1300 5716 Laurentii
1333 5661 1503 5717 Silani
1543 5661 1802 5717 exhibent
1840 5659 2112 5728 Crabbus,
2146 5661 2359 5731 Surius,
2388 5664 2607 5736 aliique.

529 5754 801 5815 PATBOL.
852 5755 967 5817 Gn.
1008 5755 1162 5817 CIV.
