3904 6220
391 261 498 326 875

1548 256 1808 318 PHUTII
1840 222 2347 317 PATRIARCHAE
2379 255 2487 315 CP.

3540 258 3633 325 876

392 370 699 431 sacerdotio
744 367 1001 438 prohibiti
1045 375 1212 432 sunt,
1260 365 1404 435 quod
1460 376 1610 421 recte
1659 367 1960 431 sentirent;

2101 366 2167 436 ἧς
2219 367 2519 436 ἱερωσύνης
2585 360 2935 431 ἐκωλύθησαν
2983 360 3072 415 διὰ
3103 359 3165 414 τὸ
3191 360 3365 432 ὀρθῶς
3415 378 3631 438 φρονειν,

385 466 595 536 justum
646 461 958 534 putavimus
1003 461 1102 514 hos
1145 472 1366 528 quoque
1409 458 1694 528 preprium
1744 458 1970 527 gradum

389 558 653 625 recipere.
699 551 757 606 In
806 565 1023 606 summa
1062 558 1244 603 autem
1291 548 1521 603 clericos
1571 548 1892 603 orthodoxae
1919 556 1974 602 et

392 646 742 705 oecumenicze
774 628 984 715 synodo
1006 641 1412 697 consentientes
1436 640 1717 710 jubemus,
1750 639 1850 702 eis,
1878 637 1973 708 qui

390 740 729 803 defecerunt,
764 744 860 792 aut
894 735 1157 791 defecturi
1194 743 1343 799 sunt,
1382 734 1656 804 episcopis
1689 732 1843 788 nullo
1876 746 1975 801 pa-

391 843 479 889 eto
508 843 603 886 aut
635 830 844 885 ratione
871 828 1148 897 subjectos
1180 840 1301 880 esse
1325 824 1544 880 debere.

461 925 515 977 4.
548 922 605 977 Si
640 922 733 992 qui
776 928 961 975 autem
1010 916 1335 972 clericorum
1382 913 1703 977 defecerint,
1743 920 1802 968 et
1844 911 1969 966 ausi

393 1015 596 1069 fuerint
619 1014 703 1068 vel
730 1012 1007 1081 privatim,
1038 1008 1123 1061 vel
1166 1006 1407 1077 publice,
1439 1020 1561 1076 quae
1601 1011 1732 1060 sunt
1765 1001 1963 1059 Nesto-

392 1108 456 1161 rii
493 1116 585 1161 aut
615 1103 838 1160 Celestii
890 1115 1104 1170 sapere,
1150 1098 1422 1153 sancitum
1452 1104 1538 1154 est
1579 1113 1612 1152 a
1642 1103 1834 1153 saneta
1881 1110 1974 1166 sy-

391 1200 558 1265 nodo,
582 1200 716 1253 istos
745 1210 965 1267 quoque
990 1193 1273 1263 depositas
1296 1205 1441 1246 esse.

464 1382 516 1436 5.
551 1380 873 1449 Quicunque
901 1384 1084 1432 autem
1122 1373 1194 1430 ob
1233 1372 1415 1443 turpia
1465 1379 1617 1441 gesta
1648 1376 1775 1425 sunt
1807 1383 1836 1421 a
1874 1381 1964 1438 sy-

391 1475 536 1529 nodo
560 1470 937 1535 condemnati,
979 1468 1067 1523 vel
1099 1482 1127 1521 a
1160 1465 1398 1537 propriis
1446 1477 1639 1518 eorum
1670 1459 1967 1531 episcopis,

392 1567 590 1637 quibus
612 1572 804 1635 pra-ter
827 1576 1068 1618 canones
1094 1558 1402 1623 Nestorius,
1429 1555 1521 1626 qui
1551 1555 1758 1610 nullum
1782 1566 1971 1607 rerum

391 1658 686 1715 discrimen
718 1655 972 1720 habebat,
1000 1663 1052 1709 et
1088 1652 1181 1723 qui
1217 1666 1343 1706 cum
1373 1649 1465 1704 illo
1487 1647 1677 1704 eadem
1704 1644 1967 1710 sentiunt,

2077 456 2476 527 ὲδικαιώσαμεν
2528 456 2620 509 καὶ
2664 454 2884 517 τούτους
2938 453 3027 506 τὸν
3080 452 3211 506 ῖδιον
3253 452 3531 511 ἀπολαϐεῖν
3555 461 3638 530 βα.

2076 549 2232 620 θμόψ
2274 548 2468 612 κοινῶς
2494 548 2552 602 δὲ
2578 550 2647 619 τῇ
2665 544 2934 618 ὀρθοδόξῳ
2955 545 3051 599 καὶ
3079 545 3422 617 οἱκουμενικῇ
3447 550 3630 622 συνόδῳ

2079 641 2531 714 συμφρονοῦντας
2562 640 2858 710 κληρικοὺς
2890 638 3185 707 κελεύομεν
3210 640 3320 701 τοῖς
3345 641 3639 714 ἀποστατή-

2078 749 2233 787 σασιν
2259 731 2700 804 ἢάςρισταμένοις
2715 731 3039 793 ἐπισκόποις
3073 730 3318 800 μηδόλως
3340 731 3640 790 ὑποκεῖσθαι

2078 823 2220 877 κατά
2255 823 2460 894 μηδένα
2487 824 2709 895 τρόπον.

2154 911 2216 967 δ’.
2249 913 2311 966 El
2375 914 2433 966 δέ
2491 929 2638 976 τινες
2694 912 3130 981 ἀποστατήσαιεν
3167 910 3276 964 τῶν
3336 911 3617 984 κληρικῶν,

2078 1006 2175 1059 καὶ
2225 1003 2583 1075 τολμήσαιεν,
2642 1004 2826 1075 ἢκατ⁹
2889 1002 3087 1074 ίδίανῆ
3133 1002 3405 1073 δημοσίᾳ,
3463 1006 3527 1059 τά
3546 1006 3641 1060 Νε-

2078 1096 2295 1169 στορίου
2353 1095 2386 1167 ἢ
2439 1096 2509 1150 τά
2564 1096 2887 1151 Κελεστίνου
2940 1094 3253 1165 φρονῆσαι,
3304 1096 3399 1150 καὶ
3440 1097 3644 1163 τούτους

2076 1182 2219 1243 εἶναι
2265 1184 2709 1258 καθῃρημένους,
2754 1186 2858 1239 ὑπὸ
2914 1185 3017 1255 τῆς
3069 1185 3233 1254 ἀγίας
3271 1185 3488 1239 συνόδου
3518 1187 3644 1242 δεδι-

2080 1280 2333 1335 καίωται.

2150 1369 2215 1428 ε’.
2250 1372 2406 1425 Ὅσοι
2450 1370 2507 1424 δὲ
2565 1370 2659 1423 ἐπὶ
2706 1370 2933 1433 ἀτόποις
2984 1368 3216 1440 πράξεσι
3263 1369 3649 1441 κατεκρίθησαν

2085 1462 2190 1516 ὑπὸ
2242 1465 2344 1533 τῆς
2372 1462 2537 1531 ἁγίας
2588 1462 2830 1527 συνόδου,
2862 1462 2897 1534 ἢ
2930 1462 3036 1516 ὑπὸ
3058 1463 3168 1516 τῶν
3199 1463 3416 1517 οἰκείων
3451 1464 3652 1518 ἐπισκό-

2078 1571 2216 1620 πων,
2269 1554 2364 1608 καὶ
2407 1553 2619 1617 τούτοις
2674 1553 3044 1619 ἀκανονίστως
3067 1554 3211 1611 κατά
3234 1555 3336 1627 τὴν
3371 1558 3429 1610 ὲν
3462 1556 3651 1613 ἅπασιν

2077 1646 2401 1719 ἀδιαφορίαν
2447 1645 2613 1700 αὑτοῦ
2648 1648 2678 1701 ὁ
2713 1646 3028 1718 Νεστόριος,
3059 1647 3094 1719 ἢ
3137 1648 3187 1702 οἱ
3213 1648 3283 1703 τά
3311 1649 3476 1703 αὐτοῦ
3542 1667 3656 1722 φραγ

392 1752 677 1806 restituere
702 1748 885 1803 conati
934 1756 1062 1801 sunt
1095 1743 1323 1815 gradum
1364 1743 1461 1797 vel-
1499 1739 1965 1804 communionem,

2100 1736 2296 1802 ιοῦντες
2323 1778 2337 1803 ,
2386 1736 2681 1791 ἀποδοῦναι
2727 1737 2762 1809 ἢ
2819 1738 3192 1811 ἐπειράθησαν
3253 1740 3288 1811 ἢ
3361 1741 3654 1811 πειραθεῖεν

392 1854 487 1897 aut
510 1842 886 1904 conabuntur;
940 1839 1076 1892 istos
1111 1835 1431 1890 censuimus
1462 1832 1595 1886 nihil
1637 1828 1962 1901 profecisse,

395 1944 451 1992 et
470 1949 692 1990 manere
719 1941 775 1987 et
805 1946 929 1987 esse
959 1928 1312 1984 nihilominus
1340 1923 1644 1996 depositas.

731 2111 957 2169 Concilii
986 2109 1317 2166 Sardicensis
1345 2120 1514 2160 canon
1549 2103 1635 2159 l9.

468 2208 557 2263 l9.
580 2206 741 2263 Osius
778 2205 1068 2273 episcopus
1108 2202 1243 2257 dixit
1274 2194 1833 2255 :Meaamediocritatis
1861 2189 1978 2247 haec

396 2310 482 2358 est
525 2298 840 2363 sententia;
874 2295 1002 2365 quia
1046 2294 1214 2364 quieti
1250 2299 1303 2345 et
1330 2289 1600 2359 patientes
1642 2300 1765 2340 esse
1815 2285 1977 2339 debe-

398 2409 542 2455 mns,
567 2403 619 2445 et
651 2400 941 2459 perennem
978 2386 1033 2439 in
1063 2398 1255 2439 omnes
1290 2380 1490 2435 habere
1514 2376 1973 2439 misericordiam,

397 2500 493 2541 eos
530 2485 621 2554 qni
653 2481 820 2537 semel
860 2480 915 2533 in
946 2484 1153 2532 clerum
1204 2472 1640 2530 ecclesiasticum
1675 2470 1744 2525 ab
1778 2470 1975 2539 aliqui-

399 2582 502 2633 bus
528 2575 791 2631 lratribus
820 2571 1026 2627 nostris
1057 2567 1292 2640 promoti
1322 2575 1469 2630 sunt,
1499 2565 1547 2619 si
1588 2563 1762 2619 nolint
1798 2563 1979 2617 redire

398 2670 466 2725 ad
509 2684 602 2723 eas
646 2667 714 2720 ad
755 2680 893 2735 quas
922 2663 1186 2717 nominati
1228 2671 1353 2715 sunt
1387 2656 1682 2720 Eeelesias,
1721 2656 1980 2723 deinceps

400 2776 508 2815 non
528 2757 742 2811 admitti
773 2774 786 2809 :
817 2753 1215 2825 Eutychianum
1245 2749 1413 2821 389
1441 2758 1617 2804 autem
1651 2764 1720 2802 ne
1739 2745 1978 2817 episcopi

399 2848 619 2920 quidem
647 2844 752 2901 sibi
788 2857 984 2898 nomen
1016 2855 1323 2911 usurpare;
1355 2837 1452 2893 sed
1492 2852 1670 2906 neque
1712 2836 1974 2891 Musaeum

402 2950 459 2995 ut
488 2938 809 3010 episcopum
834 2934 1136 2991 existimari
1170 2951 1183 2988 :
1218 2932 1267 2987 si
1292 2939 1475 2986 autem
1501 2929 1701 2984 laicam
1726 2943 1975 2983 commu-

399 3034 618 3087 nionem
674 3029 965 3101 petiverint
1017 3046 1031 3083 :
1081 3042 1189 3082 non
1259 3034 1512 3095 oportere
1569 3023 1652 3078 eis
1697 3018 1975 3091 denegari.

397 3125 602 3182 Omnes
639 3126 897 3182 dixerunt
921 3140 936 3178 :
965 3122 1168 3178 Placet.

468 3244 621 3299 CAP.
654 3240 833 3297 Vl.—-
855 3238 941 3295 Ne
970 3239 1066 3309 ﬁat
1092 3253 1247 3292 sacra
1277 3234 1477 3289 oblatio
1508 3239 1766 3303 premente
1802 3229 1976 3285 lucre-

400 3339 525 3391 lico.

926 3421 1185 3478 Timothei
1207 3435 1377 3474 canon
1405 3418 1459 3475 9.

473 3516 850 3588 Interrogatio.
899 3516 951 3571 9.
987 3515 1069 3568 An
1119 3514 1275 3570 debet
1316 3513 1570 3575 clericus,
1598 3506 1983 3580 praesentibus,

398 3625 528 3679 etc.,
563 3622 619 3666 ιιι
662 3628 787 3681 pag.
829 3610 972 3664 611.;

471 3727 625 3783 CAP.
660 3724 770 3780 Vll.
806 3754 876 3765 —
928 3722 1005 3776 De
1020 3721 1222 3775 clericis
1257 3719 1536 3781 hwrelicis,
1579 3717 1669 3786 qui
1713 3730 1781 3767 aa
1812 3713 1989 3765 ortho-

401 3824 553 3876 doxw
582 3819 829 3872 Ecclesiae
857 3816 1113 3887 gremium
1141 3819 1411 3866 accedunt.

606 3912 830 3967 Concilii
858 3908 1290 3977 Cari/tagiuensis
1318 3919 1543 3957 canones
1575 3901 1666 3963 57,
1693 3898 1782 3953 68.

478 4005 771 4075 Utparvuli
794 4003 934 4073 apud
966 4001 1283 4055 Donatistae
1337 3996 1615 4065 baptizati,
1641 3996 1697 4047 in
1724 3990 1989 4045 catholica

404 4094 645 4150 Ecclesia
671 4093 848 4147 clerici
872 4090 1204 4145 ordinentur.

475 4279 565 4333 57.
598 4276 754 4332 Unde
779 4276 824 4309 9°
852 4273 1112 4343 quoniam
1140 4269 1413 4341 superiori
1446 4268 1558 4340 (29)
1599 4269 1837 4325 concilio
1873 4279 1987 4325 sta-

404 4379 578 4423 tutum
608 4382 731 4423 esse
780 4380 994 4420 mecum
1029 4362 1367 4433 recognoscit
1404 4360 1740 4416 unanimitas
1781 4369 1988 4427 vestra,

2082 1828 2424 1901 κοινωνίανῆ
2466 1828 2696 1901 βαθμὸν,
2737 1830 3123 1903 ἀνωφελήτους
3175 1833 3362 1901 μένειν
3420 1834 3512 1887 καὶ
3535 1833 3655 1887 τού-

2080 1937 2228 1987 τους,
2257 1920 2352 1977 καὶ
2382 1916 2527 1977 εῐναι
2570 1922 2729 1978 οὐδὲν
2754 1918 2920 1998 ἦττον
2958 1923 3381 1997 καθῃρημένους
3432 1925 3658 1981 ἐδικαιώ-

2084 2027 2279 2083 σαμεν.

2394 2106 2665 2163 Συνόδου
2702 2105 3003 2177 Σαρδικῆς
3048 2107 3269 2163 κανὼν-⁷
3282 2110 3372 2166 ιθ’.

2156 2197 2243 2255 ιθ’.
2281 2201 2782 2265 Ὅσιοςὲπίσκοπος
2811 2198 2934 2255 εἶπε
2955 2216 2970 2232 θ
3004 2200 3119 2272 Τῆς
3140 2203 3282 2274 ἐμῆς
3322 2202 3657 2275 μετριότητος

2082 2292 2116 2362 ἡ
2142 2292 2413 2362 ἀπόφασίς
2436 2296 2583 2347 ἐστιν
2612 2291 2773 2364 αὕτη*
2796 2292 2985 2366 ἐπειδὴ
3014 2295 3207 2365 ἥσυχοι
3229 2298 3326 2349 καὶ
3350 2297 3660 2367 ὑπομονητι-

2086 2384 2174 2437 κοὶ
2238 2383 2528 2458 ὀφείλομεν
2577 2382 2741 2453 εἶναι,
2792 2388 2891 2441 καὶ
2939 2386 3139 2458 διαρκῆ
3163 2388 3255 2442 τὸν
3292 2390 3431 2460 πρδς
3466 2390 3659 2451 πάντας

2086 2477 2233 2548 ἔχειν
2283 2475 2485 2547 οἶκτον,
2522 2478 2669 2547 ἅπαξ
2721 2479 2945 2544 τούτους
2972 2482 3100 2544 τοὺς
3134 2484 3214 2545 είς
3246 2482 3451 2554 κλῆρον
3477 2482 3662 2552 ἐκκλη-

2089 2571 2367 2624 σιαστικὸν
2396 2572 2771 2643 παραχθέντας
2823 2572 2929 2627 ὑπό
2978 2591 3142 2628 τινων
3197 2574 3445 2646 ἀδελφῶν
3497 2575 3661 2648 ἡμῶν,

2086 2662 2183 2715 ὲάν
2222 2663 2296 2733 μὴ
2329 2662 2601 2732 βούλοιντο
2622 2663 3020 2737 ἐπανέρχεσθαι
3049 2666 3129 2729 εἰς
3156 2664 3224 2730 ἃς
3247 2665 3663 2736 κατωνομάσθη-

2090 2771 2190 2807 σαν
2225 2754 2575 2827 Ἐκκλησίας,
2625 2756 2719 2810 τοῦ
2746 2757 2936 2810 λοιποῦ
2975 2757 3051 2828 μὴ
3081 2758 3473 2830 ὑποδέχεσθαι·
3503 2760 3664 2812 Εὐτυ-

2088 2846 2278 2920 χιανὸν
2298 2847 2377 2914 δὲ,
2432 2850 2571 2919 μήτε
2618 2851 2919 2902 ἐπισκόπου
2963 2849 3146 2920 ἑαυτῷ
3174 2849 3467 2903 διεκδικεῖν
3487 2850 3663 2918 ὄνομα·

2081 2938 2206 2996 ἀλλ’
2234 2940 2355 2994 οὐδὲ
2381 2941 2657 2995 Μουσαῖον
2678 2942 2753 3006 ὡς
2783 2943 3085 2997 ἐπίσκοπον
3112 2943 3481 3015 ὀνομάζεσθαι
3503 2959 3517 2974 ο
3544 2943 3590 2995 εί
3613 2942 3667 2995 δὲ

2088 3031 2283 3104 λαῖκὴν
2336 3033 2623 3088 κοινωνίαν
2687 3035 2993 3101 ἀπαιτοῖεν,
3021 3035 3096 3106 μὴ
3124 3035 3327 3107 χρῆναι
3356 3034 3549 3098 αὐτοὺς
3576 3034 3669 3102 ἀρ-

2088 3128 2318 3183 νεῖσθαι.
2348 3122 2559 3192 Πάντες
2589 3124 2743 3183 είπον
2767 3144 2781 3158 ⁸
2818 3130 3088 3201 Ἀρέσκει.

2163 3244 2415 3297 ΚΕΦΑΛ.
2453 3241 2543 3310 q'.
2576 3273 2645 3284 —
2675 3245 2816 3312 Περὶ
2862 3244 2968 3298 τοῦ
3005 3243 3095 3314 μὴ
3137 3245 3411 3314 ὀφείλειν
3456 3243 3669 3311 ἀναφο-

2086 3352 2111 3401 ι
2127 3331 2206 3386 ὰν
2228 3335 2500 3403 γίνεσθαι
2529 3336 2828 3402 παρόντος
2849 3338 3170 3406 αἱρετικοῠ.

2573 3426 2855 3495 Τιμοθέου
2901 3427 3102 3481 κανὼν
3130 3426 3174 3481 θ’

2178 3516 2493 3585 Ἐρώτησις
2571 3516 2635 3573 θ’.
2682 3521 2751 3574 El
2797 3522 3023 3590 ὀφείλει
3065 3523 3356 3592 κληρικὸς
3397 3523 3670 3593 εὔχεσθαι

2095 3609 2407 3676 παρόντων
2450 3609 2785 3678 Ἀρειιινῶν,
2825 3630 2880 3666 κ.
2915 3630 2965 3665 τ.
2995 3612 3045 3665 λ.

2170 3725 2418 3777 ΚΕΦΛΑ.
2460 3726 2536 3778 Z'.
2579 3724 2714 3793 Περὶ
2758 3724 3059 3795 κληρικῶν
3089 3723 3405 3794 αἱρετικῶν
3426 3723 3499 3794 τῇ
3517 3725 3673 3793 ὀρθο-

2096 3817 2258 3884 δόξῳ
2282 3820 2658 3886 προσιόντων
2694 3820 3041 3887 Ἐκκλησιᾳ.

2269 3911 2543 3964 Σνυνόδου
2579 3909 3000 3979 Καρθαγέννης
3031 3908 3233 3965 κανὼν
3265 3910 3365 3976 νζ’,
3404 3909 3504 3983 ξη’.

2166 4001 2350 4055 Ὥστε
2402 4002 2545 4068 τοὺς
2586 4003 2840 4071 μικροὺς
2882 4003 3043 4071 παρὰ
3099 4003 3224 4069 τοῖς
3293 4000 3675 4067 Δονατισταῖς

2089 4087 2587 4158 βαπτιζομένους,
2618 4091 2688 4144 ἐν
2714 4090 2789 4160 τῇ
2810 4091 3107 4161 καθολικῇ
3134 4094 3465 4162 κληρικοὺς
3491 4108 3674 4163 χειρο-

2092 4179 2413 4235 τονεῖσθαι.

2168 4269 2266 4336 νζ¹.
2293 4272 2385 4325 Διὸ
2451 4273 2720 4347 ὲπειδὴὲν
2775 4276 2843 4347 τῇ
2892 4275 3154 4348 ἀνωτέρῳ
3208 4276 3417 4347 συνόδῳ
3468 4274 3675 4347 ὁρισθὲν

2104 4363 2380 4435 μέμνηται
2435 4365 2552 4435 ἅμα
2600 4367 2773 4437 ἐμοὶή
2802 4368 3044 4439 ὑμετέρα
3068 4368 3364 4439 όμοψυχία,
3393 4368 3535 4422 ὥστε
3555 4369 3675 4429 τοὺς

404 4476 460 4517 ιιι
515 4462 568 4517 hi
596 4462 686 4532 qui
742 4461 882 4528 apud
926 4456 1239 4512 Donatistas
1280 4456 1493 4527 parvuli
1537 4455 1802 4525 baptizati
1838 4462 1977 4521 sunt:

2100 4460 2251 4529 παρὰ
2284 4462 2395 4523 τοῖς
2427 4463 2777 4526 Δονατισταίς
2810 4463 3041 4533 μικροὺς
3090 4461 3543 4533 βαπτιζομένους,
3587 4459 3675 4511 καὶ

409 4552 648 4606 nondum
693 4552 835 4606 scire
871 4550 1111 4603 valentes
1138 4548 1340 4603 erroris
1367 4562 1555 4603 eorum
1590 4547 1869 4602 interitum
1898 4563 1911 4600 :
1936 4560 1977 4601 el

2100 4550 2323 4620 μηδέπω
2381 4550 2712 4623 δυναμένους
2760 4552 3056 4622 γινώσκειν
3093 4553 3195 4623 τῆς
3243 4553 3458 4623 πλάνης
3504 4550 3676 4605 αὐτῶν

405 4654 759 4714 posteaquam
782 4641 846 4696 ad
902 4648 1115 4695 {etatem
1171 4640 1402 4695 rationis
1441 4655 1697 4710 capacem
1734 4654 1991 4709 pervene—

405 4746 550 4801 runt,
587 4736 768 4807 agnita
807 4735 1032 4787 veritate
1068 4732 1361 4787 falsitatem
1389 4748 1575 4786 eorum
1606 4733 1986 4797 abhorrentes,

403 4832 467 4885 ad
498 4830 798 4885 Ecclesium
833 4826 925 4881 Dei
953 4826 1278 4881 catholicam
1327 4840 1421 4895 per
1450 4826 1765 4879 universum
1824 4839 1986 4877 mun-

402 4924 531 4979 dum
562 4920 812 4979 diﬂ‘usam
833 4963 846 4987 ,
886 4920 1076 4975 ordine
1106 4918 1352 4985 antiquo,
1401 4933 1495 4986 per
1525 4933 1719 4971 manus
1751 4916 1980 4986 imposi-

405 5016 603 5071 tionem
636 5015 836 5084 recepti
882 5021 1033 5078 sunt,
1079 5011 1279 5067 debere
1318 5012 1519 5065 talibus
1569 5012 1980 5080 suscipiendum

402 5120 602 5161 munus
659 5106 953 5160 clericatus
1010 5119 1121 5157 non
1184 5101 1447 5170 impedire
1504 5116 1702 5156 nomen
1754 5103 1981 5165 erroris,

401 5215 522 5254 cum
557 5214 734 5251 teram
762 5196 1057 5251 Ecclesiam
1095 5194 1312 5248 illorum
1360 5192 1689 5262 putaverint,
1718 5193 1784 5247 ad
1820 5192 1980 5247 ﬁdem

401 5291 729 5356 accedendo,
767 5300 819 5344 et
850 5290 923 5344 ibi
954 5288 1176 5342 Ulll'lSlO
1194 5287 1552 5352 crediderint,
1607 5298 1660 5341 et
1700 5286 1986 5343 Trinitatis

402 5392 741 5437 sacramenta
781 5380 1157 5451 perceperint;
1194 5393 1315 5448 quae
1339 5378 1523 5433 omnia
1562 5392 1691 5433 vera
1718 5388 1771 5433 et
1797 5387 1984 5434 saneta

471 5555 518 5587 9‘
548 5556 714 5609 Cone.
735 5555 903 5611 Alric.
943 5572 993 5612 ρ.
1022 5557 1107 5611 Ξιί.

470 5717 581 5786 (29)
611 5716 775 5770 Cone.
817 5718 1070 5770 nimirum
1134 5717 1392 5785 Uztrtlmg.
1421 5730 1500 5782 ιιι,
1528 5730 1650 5769 can.
1691 5714 1779 5767 48.

2091 4642 2182 4693 τὸν
2243 4640 2484 4712 ὄλεθρον,
2526 4645 2670 4714 μετὰ
2698 4646 2758 4697 τὸ
2785 4646 2866 4708 είς
2901 4647 3093 4716 κεῖραν
3130 4644 3390 4715 λογισμοῦ
3427 4642 3676 4711 δεκτικὴν

2092 4732 2535 4801 παραγενέσθαι,
2597 4735 3033 4805 ἐπιγνωσθείσης
3085 4738 3183 4803 τῆς
3236 4735 3521 4804 ἀληθείας,
3584 4733 3675 4803 τὴν

2089 4824 2402 4894 φαυλότητα
2432 4825 2657 4879 ἐκείνων
2688 4826 3170 4896 βδελυττομένους,
3239 4828 3379 4895 πρὸς
3414 4827 3514 4895 τὴν
3548 4823 3675 4877 καθ-

2090 4914 2278 4985 ολικὴν
2342 4915 2436 4969 τοῦ
2470 4916 2604 4969 Θεοῦ
2645 4916 2993 4989 Ἐκκλησίαν,
3048 4918 3146 4979 τὴν
3203 4919 3305 4971 ἀνά
3363 4919 3544 4971 πάντα
3591 4915 3676 4968 τὸν

2098 5010 2299 5079 κόσμον
2361 5010 2779 5081 διακεχυμένην,
2832 5011 2983 5077 τάξει
3014 5011 3219 5083 ἀρχαίᾳ
3249 5011 3336 5064 διὰ
3368 5012 3469 5075 τῆς
3495 5008 3672 5062 ἐπιθέ-

2095 5117 2233 5164 σεως
2270 5102 2379 5155 τῶν
2409 5102 2607 5173 χειρῶν
2638 5100 2999 5172 ἀναδεχθῆναι
3030 5104 3155 5165 τοὺς
3180 5101 3478 5163 τοιούτους,
3498 5106 3591 5154 καὶ
3616 5102 3676 5151 ἐκ

2091 5195 2186 5246 τοῦ
2213 5197 2312 5264 τῆς
2341 5195 2548 5265 πλάνης
2605 5194 2869 5266 ὀνόματος
2900 5195 2975 5266 μὴ
3008 5196 3243 5264 ὀφείλειν
3288 5194 3674 5265 ἐμποδίζεσθαι

2094 5291 2172 5350 εἰς
2194 5287 2348 5352 τάξιν
2380 5286 2731 5359 κληρώσεως,
2763 5288 2965 5342 ὁπόταν
3000 5287 3099 5359 τὴν
3135 5288 3395 5360 ἀληθινὴν
3447 5285 3672 5356 Ἐκκλη-

2096 5381 2216 5434 σίαν
2247 5381 2379 5436 ἰδίαν
2402 5380 2610 5436 ἑαυτῶν
2649 5381 2961 5451 ἐλογίσαντο
3016 5381 3199 5436 πίστει
3228 5378 3669 5453 προσερχόμενοι,
