3904 6220
280 261 381 326 877

1072 260 1473 321 SYNTAGMA
1506 257 1894 321 CANONUM.
1927 282 1996 292 -
2025 256 2175 319 ΤΙΤ.
2210 257 2352 318 XII.
2390 257 2549 318 CAP.
2589 259 2683 333 Vl,
2718 257 2850 320 V11.

3443 259 3552 324 878

281 371 365 424 καὶ
402 370 462 422 ὲν
491 369 629 440 αὑτῇ
660 368 739 437 τῷ
768 368 992 440 Χριστῷ
1032 369 1428 432 πιστεύσαντες
1450 411 1465 434 ,
1503 370 1601 439 τῆς
1638 368 1865 439 Τριάδος

1980 376 2134 438 atque
2173 368 2356 423 divina
2396 368 2562 439 39o
2597 384 2717 425 esse
2758 367 3125 426 certissimum
3163 378 3269 436 est,
3297 378 3352 427 et
3378 369 3438 428 in
3470 372 3555 429 his

277 459 341 513 τά
365 460 689 529 ἀγιάσματα
713 457 1044 522 ὑπεδέξαντο
1066 473 1079 486 ·
1116 457 1278 512 ἅτινα
1328 459 1508 512 πάντα
1537 456 1738 527 εὐσεϐῆ
1776 457 1871 511 καὶ

277 551 407 617 ἅγια
434 551 529 603 καὶ
569 549 688 604 θεῖα
721 546 859 603 εἶναι
879 549 1038 620 δῆλόν
1079 550 1220 614 ἐστι,
1241 550 1336 604 καὶ
1361 552 1419 603 ὲν
1447 549 1657 612 τούτοις
1688 550 1872 602 πᾶσαν

274 644 371 714 τὴν
402 643 503 713 τῆς
534 642 715 713 ψυχῆς
760 642 951 696 ἐλπίδα
980 643 1249 714 ὑπάρχειν
1272 660 1286 673 ο
1328 643 1430 696 κᾶν
1463 644 1512 696 εἰ
1540 642 1609 695 τὰ
1635 642 1872 711 μάλιστα

273 736 367 791 οἷον
429 737 581 808 καὶὴ
611 736 720 790 τῶν
777 736 1071 808 αἱρετικῶν
1130 735 1506 807 προληφθεῖσα
1556 735 1752 805 τόλμα,
1793 733 1871 805 τῷ

272 833 503 903 ὀνόματι
532 834 634 902 τῆς
671 832 928 903 ἀληθείας
956 831 1345 899 ἐναντιούμενα
1367 849 1489 884 τινα
1520 830 1870 901 παραδιδόναι

273 926 701 998 προπετεύεται,
732 926 906 979 ταῦτα
941 925 1129 996 ἐπειδὴ
1156 926 1306 979 ἁπλᾶ
1335 927 1495 990 εἰσιν,
1523 924 1597 987 ὼς
1626 924 1868 977 διδάσκει

272 1031 299 1073 ο
335 1020 495 1089 ἅγιος
536 1019 856 1084 ’Δπόστολος
906 1018 1083 1087 λέγων
1104 1036 1118 1050 ·
1155 1015 1261 1085 Εἷς
1295 1018 1461 1084 Θεὸς,
1485 1019 1593 1087 μία
1640 1018 1867 1083 πίστις,

271 1114 342 1169 ἓν
355 1114 703 1185 βάπτισμα,
722 1114 816 1167 καὶ
831 1113 1046 1184 ὀφεῖλον
1063 1112 1353 1185 προσάπαξ
1378 1111 1636 1177 δίδοσθαι,
1662 1115 1871 1165 ἐπανα-

271 1208 548 1279 ληφθῆναι
601 1209 702 1260 οὐκ
763 1207 994 1273 ἔξεστιν,
1049 1206 1592 1276 ἀναθεματιςομένου
1637 1205 1732 1258 τοῦ
1772 1207 1870 1275 τῆς

272 1300 488 1370 πλάνης
515 1300 798 1371 ὀνόματος,
831 1300 919 1353 διὰ
946 1299 1046 1370 τῆς
1079 1299 1378 1362 ἐπιθέσεως
1398 1299 1497 1369 τῆς
1519 1298 1696 1368 χειρὸς
1736 1299 1872 1351 ἀνα-

270 1392 539 1462 δεχθῶσιν
579 1394 660 1456 είς
682 1392 781 1463 τὴν
820 1392 950 1462 μίαν
975 1391 1327 1462 Ἐκκλησίαν,
1354 1391 1472 1457 τὴν,
1509 1391 1586 1453 ὡς
1631 1388 1867 1460 εἴρηται,

273 1486 608 1556 περιστερὰν
644 1485 736 1537 καὶ
766 1485 936 1555 μόνην
986 1484 1200 1555 μητέρα
1250 1482 1359 1536 τῶν
1379 1482 1725 1553 Χριστιανῶν
1757 1500 1773 1513 υ
1811 1485 1870 1537 ὲν

271 1571 307 1651 ᾗ
334 1579 515 1631 πάντα
543 1579 612 1629 τὰ
637 1576 957 1647 ἀγιάσματα
982 1575 1342 1647 σωτηριωδῶς
1370 1574 1567 1628 αἰώνια
1604 1575 1696 1627 καὶ
1714 1574 1871 1639 ζωτι-

273 1672 344 1724 κά
373 1669 921 1741 παραλαμϐάνονται,
977 1667 1137 1722 ἅτινα
1176 1670 1290 1731 τοῖς
1327 1668 1686 1739 ἐπιμένουσιν
1717 1668 1775 1720 έν
1802 1668 1866 1738 τῇ

274 1724 504 1831 αἱρέσεί,
540 1724 787 1830 μεγάλην
813 1724 1232 1829 τῆςΙκαταδὶκης
1268 1724 1369 1827 τὴν
1398 1724 1673 1828 τιμωρίαν
1704 1724 1866 1828 πορίΪ
1899 1724 1942 1779 Β

272 1854 457 1918 ζουσιν
480 1868 492 1881 ·
523 1852 610 1905 ἵνα
660 1853 798 1923 ὅπερ
823 1848 889 1921 ἦν
916 1852 1100 1913 αὐτοῖς
1150 1852 1208 1903 ὲν
1246 1853 1312 1920 τῇ
1350 1850 1581 1922 ἀληθείᾳ
1600 1850 1736 1924 πρὸς
1764 1850 1866 1921 τὴν

273 1944 500 1998 αἰωνίαν
561 1943 709 2015 ζωὴν
761 1942 1158 2013 ἀκολουθητέον
1217 1942 1649 2012 φωτεινότερον,
1710 1942 1867 1996 τοῦτο

272 2036 499 2104 γένηται
554 2036 738 2098 αὐτοῖς
799 2036 860 2088 ἐν
908 2037 973 2105 τῇ
1034 2034 1213 2107 πλάνῃ
1272 2036 1719 2104 σκοτεινότερον,
1773 2034 1867 2088 καὶ

273 2128 433 2181 πλέον
466 2126 1022 2199 καταδεδικασμένον·
1059 2128 1196 2196 ὅπερ
1224 2126 1368 2188 τινὲς
1397 2126 1619 2195 ἔφυγον,
1645 2127 1739 2181 καὶ
1768 2126 1867 2198 τῆς

283 2220 620 2290 Ἐκκλησίας
676 2220 779 2288 τῆς
852 2218 1150 2287 καθολικῆς
1209 2218 1415 2287 μητρὸς
1466 2219 1535 2270 τά
1596 2216 1866 2270 εύθύτατα

272 2313 613 2381 ἐπιγνόντες,
652 2310 829 2365 πάντα
847 2312 1030 2366 ἐκεῖνα
1045 2313 1112 2367 τά
1150 2310 1282 2377 ἆγια
1312 2311 1609 2380 μυστήρια,
1658 2309 1867 2379 φίλτρῳ

272 2404 369 2473 τῆς
418 2404 679 2474 ἀληθείας
734 2402 1063 2455 ἐπίστευσαν
1098 2403 1195 2455 καὶ
1242 2402 1589 2468 ὑπεδέξαντο·
1626 2404 1739 2466 τοῖς
1772 2398 1865 2456 οὖν

271 2490 558 2553 τοιούτοις,
628 2490 758 2544 ὅταν
811 2488 1011 2559 δοκιμὴ
1067 2489 1308 2559 χρηστοῦ
1375 2489 1492 2560 βίου
1550 2490 1862 2556 προσέλθοι,

270 2580 662 2653 ἀναμφιϐόλως
700 2581 795 2633 καὶ
823 2578 1025 2650 κλῆρος
1057 2580 1194 2650 πρὸς
1225 2581 1529 2653 ὑπουργίαν
1558 2579 1666 2633 τῶν
1696 2580 1869 2649 ἁγίων

274 2673 803 2744 προσκυρωθήσεται
823 2686 837 2700 ·
868 2673 963 2725 καὶ
1021 2672 1255 2742 μάλιστα
1284 2673 1341 2725 ὲν
1374 2674 1442 2742 τῇ
1470 2671 1708 2746 τοσαύτῃ
1758 2672 1868 2726 τῶν

272 2766 620 2836 πραγμάτων
655 2764 888 2833 ἀνάγκῃ,
920 2764 1094 2826 οὐδείς
1133 2766 1281 2817 ἐστιν
1306 2766 1334 2817 ὁ
1386 2765 1459 2836 μὴ
1484 2763 1646 2816 τοῦτο
1671 2781 1855 2834 παρα-

273 2852 585 2927 χωρῶν-Εἰ
608 2855 665 2909 δέ
698 2872 839 2917 τινες
903 2855 996 2907 τοῦ
1054 2851 1221 2908 αὑτοῦ
1268 2856 1538 2925 δόγματος
1591 2857 1868 2928 κληρικοὶ,

276 2952 414 3020 μετά
445 2948 545 3001 τοῦ
595 2946 834 3018 πλήθους
862 2949 956 3001 καὶ
988 2947 1096 3001 τῶν
1128 2948 1302 3018 τιμῶν
1331 2948 1512 3001 αὐτῶν
1555 2948 1691 3020 πρὸς
1721 2951 1869 3021 ἡμᾶς

1972 475 2189 516 omnem
2244 462 2442 516 animae
2492 477 2641 531 spem
2690 462 3065 517 constitutam.
3118 460 3446 535 Quanquam
3503 476 3559 521 et

1974 552 2359 608 haereticorum
2412 564 2745 624 praesumpta
2773 554 3025 621 audacia,
3056 555 3303 612 veritatis
3334 557 3560 611 nomine

1973 644 2220 712 palliata,
2252 645 2367 702 haec
2397 646 2613 700 tradere
2642 645 2858 713 audeat,
2901 660 3024 716 quae
3049 648 3312 716 quoniam
3342 646 3561 718 simpli-

1971 736 2056 791 cia
2086 746 2231 801 sunt,
2264 747 2323 793 ut
2375 747 2675 807 praemonet
2713 739 2901 793 beatus
2956 738 3248 807 Apostolus
3280 738 3514 795 dicendo
3536 756 3557 797 :

1991 826 2139 882 Unus
2166 827 2329 895 Deus,
2364 845 2473 883 una
2515 829 2669 899 ﬁdes,
2697 844 2857 882 unum
2886 828 3152 899 baptisma
3175 831 3221 864 "
3241 848 3260 898 ;
3284 839 3339 886 et
3372 831 3559 886 iterari

1972 937 2083 977 non
2136 922 2321 988 liceat,
2354 922 2504 993 quod
2539 922 2707 978 semel
2758 923 2876 977 dari
2907 930 3145 993 oportet,
3191 923 3560 981 anathemati-

1974 1024 2097 1068 zato
2128 1015 2356 1069 nomine
2404 1014 2612 1069 erroris
2660 1014 2995 1083 recipiantur
3023 1029 3120 1084 per
3150 1029 3349 1071 manus
3385 1015 3563 1086 impo-

1973 1106 2227 1160 sitionem
2265 1106 2317 1159 in
2347 1120 2510 1161 unam
2537 1104 2859 1171 Ecclesiam,
2888 1106 3223 1173 columbam,
3262 1116 3323 1161 ut
3352 1107 3561 1163 dictum

1972 1207 2074 1259 est,
2112 1206 2165 1251 et
2196 1211 2365 1252 unam
2394 1207 2620 1252 matrem
2669 1198 2916 1252 omnium
2956 1197 3419 1267 Christianorum,
3466 1199 3560 1255 ubi

1972 1292 2155 1345 omnia
2183 1291 2272 1346 illa
2303 1298 2646 1346 sacramenta
2674 1291 2987 1357 salubriter,
3020 1301 3073 1346 et
3101 1298 3323 1356 aeterna,
3366 1298 3422 1346 et
3479 1291 3561 1345 vi-

1972 1382 2154 1437 taliter
2180 1382 2526 1453 accipiuntur
2557 1400 2571 1437 :
2606 1397 2729 1453 quae
2762 1382 3242 1453 perseverantibus
3282 1382 3339 1436 in
3364 1382 3559 1437 haeresi

1981 1488 2234 1544 magnam
2276 1473 2647 1529 damnationis
2691 1489 2912 1545 poenam
2944 1474 3295 1544 conquirunt,
3333 1481 3394 1528 ut
3418 1474 3563 1544 quod

1971 1574 2056 1621 est
2086 1566 2138 1620 in
2169 1565 2398 1620 veritate
2428 1566 2495 1621 ad
2520 1579 2779 1621 aeternam
2804 1566 2974 1620 vitam
3005 1566 3446 1635 consequendam
3474 1580 3564 1621 es-

1973 1669 2056 1713 set
2087 1658 2439 1722 Iuminosius,
2465 1659 2571 1713 hoc
2597 1660 2653 1713 in
2683 1674 2872 1714 errore
2911 1660 2983 1715 sit
3015 1659 3364 1716 tenebrosius
3390 1669 3555 1732 atque

1972 1753 2318 1809 damnosius.
2373 1752 2527 1820 Quod
2588 1752 2864 1823 fugientes
2918 1753 3205 1818 nonnulli,
3266 1762 3321 1809 et
3365 1755 3561 1811 matris

1977 1844 2241 1899 Ecclesiae
2268 1845 2437 1899 ubera
2469 1853 2885 1915 cognoscentes,
2907 1844 3001 1914 qui
3039 1845 3131 1899 illa
3163 1846 3346 1901 omnia
3371 1860 3561 1903 sancta

1974 1936 2233 2007 mysteria
2261 1951 2449 1992 amore
2474 1937 2721 1992 veritatis
2756 1936 3132 2003 crediderunt,
3182 1947 3347 2008 atque
3372 1954 3562 2009 perce-

1972 2037 2193 2098 perunt,
2253 2028 2457 2098 quibus
2517 2038 3002 2085 sacramentorum
3058 2031 3226 2088 rebus
3276 2048 3401 2087 cum
3442 2030 3567 2088 vitae

1977 2120 2135 2175 bona:
2166 2121 2413 2191 probitas
2459 2123 2779 2189 accesserit,
2832 2124 2951 2179 sine
3000 2125 3168 2180 dubio
3217 2123 3287 2179 ad
3326 2125 3562 2180 oliiclum

1972 2211 2265 2267 clericatus
2316 2215 2452 2268 tales
2479 2228 2601 2269 esse
2664 2215 3043 2286 applicandos,
3092 2225 3146 2293 et
3198 2216 3438 2273 maxime
3505 2218 3563 2272 iu

1977 2313 2124 2358 tanta
2159 2320 2341 2360 rerum
2374 2307 2719 2375 necessitate,
2777 2308 2963 2365 nullus
2986 2319 3071 2364 est
3101 2310 3194 2380 qui
3229 2326 3338 2365 non
3367 2325 3565 2366 conce-

1975 2396 2087 2451 dat.
2109 2394 2437 2468 Quanquam
2466 2399 2720 2454 nonnulli
2753 2400 2998 2470 ejusdem
3030 2412 3193 2457 sectae
3232 2402 3415 2459 clerici
3437 2418 3563 2459 cum

1974 2490 2226 2561 plebibus
2256 2500 2422 2561 atque
2455 2492 2758 2548 honoribus
2784 2494 2901 2549 suis
2939 2494 3006 2549 ad
3032 2508 3131 2550 nos
3159 2496 3394 2551 transire
3419 2495 3566 2551 desi-

1977 2581 2169 2637 derent
2221 2582 2354 2652 :qui
2389 2598 2578 2638 amore
2637 2584 2865 2641 honoris
2898 2595 2991 2639 aut
3027 2586 3359 2656 persuadent
3384 2587 3451 2641 ad
3482 2585 3567 2641 vi-

1978 2689 2110 2741 tam,
2152 2686 2248 2732 aut
2283 2677 2523 2731 retinent
2552 2676 2619 2731 ad
2658 2677 2910 2732 salutem.
2947 2674 3053 2731 Sed
3089 2675 3193 2733 hoc
3222 2674 3419 2744 majori
3451 2674 3566 2730 fra-

1977 2784 2122 2827 trum
2180 2770 2623 2841 supradictorum
2690 2769 3119 2825 considerationi
3175 2767 3563 2825 dimittendum

1977 2878 2204 2928 censeo;
2240 2872 2298 2917 ut
2331 2861 2674 2934 prudentiori
2720 2875 2820 2916 suo
2852 2861 3082 2917 consilio
3130 2871 3331 2918 nostra
3364 2877 3563 2935 sugge-

1978 2957 2142 3013 stioni
2172 2970 2479 3011 sermonem
2514 2970 2637 3010 cum
2683 2952 2844 3026 391
2876 2954 3261 3026 perpenderint
3282 2994 3298 3022 ,
3334 2955 3465 3026 quid
3494 2954 3565 3012 de

276 3041 559 3113 μετελθεῖν
613 3041 972 3112 ποθήσουσιν,
1022 3040 1224 3104 οἵτινες
1255 3040 1333 3111 τῷ
1392 3040 1555 3115 ἔρωτι
1580 3043 1677 3112 τῆς
1708 3044 1870 3111 τιμῆς

1980 3049 2083 3109 hac
2118 3063 2176 3104 re
2213 3048 2293 3103 eis
2341 3047 2550 3119 placeat
2585 3062 2684 3103 nos
2730 3046 3031 3103 informare
3074 3047 3389 3119 dignentur.
3418 3047 3567 3103 Tan-

274 3133 708 3205 συμϐουλεύουσι
743 3132 879 3198 πρὸς
932 3134 1099 3202 ζωὴν,
1163 3132 1259 3185 καὶ
1284 3133 1575 3202 κατέχουσι
1600 3131 1735 3203 πρὸς
1762 3149 1867 3184 σωο

274 3227 496 3296 τηρίαν,
552 3226 690 3278 ἀλλά
730 3224 891 3278 τοῦτο
928 3224 1324 3278 καταλειπτέον
1363 3225 1622 3295 κρίνωτῇ
1662 3224 1870 3294 μείζονι

276 3324 633 3388 κατανοήσει,
662 3319 1057 3390 ψηφισαμένων
1104 3317 1214 3371 τῶν
1265 3317 1676 3388 προλεχθέντων
1714 3318 1873 3371 ἀδελ-

278 3412 416 3481 φῶν,
460 3413 554 3467 ἵνα
581 3417 646 3485 τῇ
683 3414 1028 3483 συνετωτέρᾳ
1062 3411 1243 3465 αὐτῶν
1273 3409 1436 3481 βουλῇ
1467 3411 1565 3479 τῆς
1593 3411 1873 3481 ἡμετέρας

276 3484 560 3575 ἀναφορᾶς
583 3509 674 3560 τὸν
705 3507 861 3575 λόγον
890 3505 1183 3573 διαγνῶσιν
1203 3520 1217 3535 ’
1265 3505 1361 3556 καὶ
1394 3503 1540 3572 ἡμᾶς
1574 3502 1873 3573 βεὸαιῶσαι

1976 3151 2087 3197 tum
2140 3139 2317 3195 dehis
2360 3141 2453 3209 qui
2492 3138 2728 3195 infantes
2758 3138 3018 3209 baptizati
3051 3147 3209 3206 sunt,
3240 3140 3563 3210 satagimus,

1975 3240 2034 3284 ut
2069 3242 2293 3295 nostrae,
2345 3230 2390 3284 si
2418 3230 2615 3300 placet,
2648 3231 2704 3285 in
2738 3229 2932 3285 iisdem
2969 3226 3292 3288 ordinandis
3333 3246 3567 3287 consen-

1977 3323 2116 3377 tiant
2146 3321 2437 3377 voluntati.
2472 3320 2666 3376 Omnia
2698 3334 2828 3392 ergo
2861 3336 2985 3391 quae
3010 3323 3265 3393 superius
3312 3337 3564 3393 compre-

1979 3416 2271 3471 hendimus
2332 3416 2471 3486 apud
2504 3425 2725 3470 sanctos
2787 3416 3115 3488 episcopos,
3174 3415 3384 3488 agenda
3441 3433 3565 3475 esse

1980 3522 2192 3560 mecum
2238 3506 2578 3561 honorabilis
2611 3504 2927 3560 fraternitas
2967 3519 3149 3562 vesu-a
3183 3506 3501 3577 perpendat.

279 3594 734 3660 καταξιὼσωσιν,
796 3596 875 3657 είς
929 3593 990 3646 τὸ
1047 3592 1262 3662 ὀφεῖλον
1320 3591 1451 3661 περὶ
1506 3590 1699 3643 τούτου
1764 3591 1860 3645 τοῦ
1938 3596 2264 3665 πράγματος
2323 3597 2456 3666 παρ’
2508 3596 2666 3667 ἡμῶν
2716 3595 3079 3666 τυπωθῆναι*
3118 3596 3278 3667 μόνον
3313 3597 3371 3651 δὲ
3433 3594 3565 3669 περὶ

278 3685 383 3739 τῶν
422 3688 480 3739 ὲν
511 3687 804 3756 νηπιότητι
863 3682 1297 3755 βαπτισθέντων,
1335 3680 1677 3750 ἀρκούμεθα,
1710 3682 1800 3735 ἵνα
1826 3684 1874 3736 εἰ
1912 3684 2137 3753 ἀρέσκει
2168 3685 2372 3753 αὐτοῖς,
2442 3688 2511 3755 τῇ
2577 3687 2825 3760 ἡμετέρᾳ
2856 3687 3215 3743 συναινέσωσι
3248 3689 3567 3762 προαιρέσει

284 3782 406 3850 περὶ
456 3778 557 3831 τοῦ
616 3776 1047 3849 χειροτονεῖσθαι
1102 3773 1365 3835 τούτους*
1429 3773 1609 3827 πάντα
1664 3774 1845 3827 τοίνυν
1874 3774 1910 3828 ἀ
1947 3777 2209 3846 ἀνωτέρω
2281 3780 2670 3850 συνηγάγομεν
2716 3778 2871 3851 παρὰ
2916 3783 3032 3845 τοῖς
3070 3782 3394 3850 ἁγιωτάτοις
3438 3783 3567 3837 ἐπι-

292 3872 511 3933 σκόποις
572 3870 826 3939 πρακτέα
857 3865 998 3919 εἶναι
1056 3866 1258 3919 δικαιοί
1289 3865 1407 3936 ἅμα
1444 3866 1570 3935 ἐμοὶ
1596 3868 1630 3937 ἡ
1656 3865 1873 3937 ἔντιμος
1913 3869 2068 3938 ὑμῶν
2102 3869 2419 3941 ἀδελφότης.

351 3967 492 4036 Περὶ
535 3965 644 4019 τοῦ
696 3963 839 4029 τοὺς
864 3962 1193 4030 κληρικοὺς
1236 3961 1355 4015 τῶν
1407 3960 1788 4017 Δονατιστῶίν
1810 3964 1881 4016 ἐν

290 4059 361 4125 τῷ
422 4056 630 4125 κλήρῳ
672 4054 775 4124 τῆς
810 4054 1140 4124 καθολικῆς
1188 4055 1550 4123 Ἑκκλησίας
1588 4038 1876 4124 ἀναδέχε-

285 4155 441 4205 σθαι.

355 4244 454 4313 ξην.
483 4244 575 4306 Ἐς
612 4241 841 4311 ὕστερον
864 4241 1084 4313 ἤρεσεν,
1127 4240 1216 4294 ἵνα
1242 4239 1546 4311 γράμματα
1579 4240 1875 4313 πεμφθῶσι

289 4336 418 4405 πρὸς
455 4335 583 4397 τοὺς
641 4333 903 4401 ἀδελφοὺς
930 4332 1026 4387 καὶ
1084 4334 1520 4396 συνεπισκόπους
1548 4333 1730 4404 ἡμῶν,
1773 4335 1867 4387 καὶ

2052 3966 2119 4022 Ut
2189 3968 2368 4021 clerici
2438 3966 2844 4023 Donatistarum
2896 3969 2950 4022 in
3004 3968 3247 4024 Ecclesia
3303 3971 3567 4026 catholica

1979 4060 2342 4130 suscipiantur
2380 4060 2436 4112 in
2472 4059 2634 4114 clero.

2045 4242 2133 4297 68.
2168 4242 2371 4297 Deinde
2398 4243 2602 4312 placuit
2627 4243 2696 4308 ’⁸,
2727 4251 2784 4297 ut
2807 4243 3002 4298 littera
3028 4242 3314 4298 mittantur
3337 4244 3403 4299 ad
3443 4243 3560 4300 fra-

1974 4344 2085 4390 tres
2135 4344 2189 4389 ει
2218 4336 2572 4406 coepisc0pos
2628 4344 2867 4403 nostros,
2902 4344 2954 4389 et
3002 4336 3240 4392 maxime
3268 4339 3335 4392 ad
3379 4338 3561 4393 sedem

292 4428 527 4485 μάλιστα
574 4424 714 4497 πρὸς
741 4425 842 4495 τὴν
870 4425 1238 4497 ἀποστολικὴν
1266 4426 1561 4498 καθέδραν,
1586 4430 1645 4480 ἐν
1734 4445 1870 4499 προ.

1980 4427 2358 4496 apostolicam.
2408 4427 2461 4481 in
2495 4443 2601 4498 qua
2628 4428 2888 4498 praesidet
2918 4439 3257 4485 memoratus
3280 4431 3565 4486 venerabi-

286 4520 521 4589 κάθήτάι
555 4518 584 4569 ό
633 4517 1030 4587 μνημονευθεὶς
1078 4518 1455 4588 προσκυνητὸς
1516 4519 1749 4589 ἁδελφὸς
1773 4522 1869 4574 καὶ

288 4610 700 4682 συλλειτουργὸς
751 4611 912 4680 ἡμῶν
954 4610 1330 4675 Ἀναστάσιος,
1364 4611 1554 4684 ἐπειδὴ
1607 4611 1869 4680 γινώσκει

287 4708 381 4777 τὴν
423 4706 716 4775 Ἀφρικὴν,
773 4703 1017 4774 μεγάλην
1066 4704 1210 4772 ἔχειν
1266 4705 1546 4774 ἀνάγκην·
1607 4705 1745 4760 ὥστε
1783 4707 1871 4761 διὰ

285 4800 381 4869 τὴν
408 4799 509 4867 τῆς
553 4796 880 4865 Ἐκκλησίας
921 4796 1149 4866 εἰρήνην
1199 4797 1294 4848 καὶ
1330 4798 1731 4867 χρησιμότητα,
1777 4801 1873 4851 καὶ

290 4892 465 4945 αὐτῶν
520 4890 631 4943 τῶν
681 4890 1017 4943 Δονατιστῶν
1085 4890 1282 4953 οἵτινες
1336 4890 1536 4960 δήποτε
1594 4890 1870 4963 κληρικοὶ,

290 4985 679 5056 διορθουμένης
703 4982 799 5052 τῆς
836 4982 1034 5053 βουλῆς
1091 4982 1229 5053 πρὸς
1276 4981 1375 5053 τὴν
1432 4982 1726 5054 καθολικὴν
1755 4983 1874 5037 ἑνό-

292 5093 425 5147 τητα
459 5073 741 5145 μετελθεῖν
792 5072 1078 5144 θελήσαιεν
1102 5113 1116 5136 ,
1156 5072 1296 5125 κατά
1319 5070 1417 5142 τὴν
1466 5072 1585 5136 ένὺς
1641 5074 1874 5127 ἑκάστου

296 5167 582 5222 καθολικοῦ
643 5165 946 5220 ἐπισκόπου
988 5164 1341 5236 προαίρεσιν,
1394 5166 1491 5219 καὶ
1533 5165 1727 5237 βουλὴν
1781 5166 1873 5220 τοῦ

298 5262 442 5332 ἐντῷ
472 5259 623 5331 αὑτῷ
679 5260 829 5330 τόπῳ
862 5258 1235 5330 κυϐερνῶντος
1261 5259 1361 5327 τὴν
1396 5258 1748 5330 Ἐκκλησίαν,
1779 5260 1874 5313 ἐὰν

297 5351 448 5406 τοῦτο
500 5351 908 5422 συμὸάλλεσθαι
957 5352 1023 5420 τῇ
1086 5349 1195 5401 τῶν
1270 5350 1611 5419 Χριστιανῶν
1686 5352 1876 5422 εἰρήνῃ

302 5442 510 5514 φανείη,
547 5445 605 5496 έν
628 5447 747 5504 ταῖς
798 5441 957 5503 ἰδίαις
1006 5443 1191 5509 τιμαῖς
1244 5442 1439 5505 αὐτοὺς
1496 5441 1875 5513 ἀναδεχθῆναι·

301 5533 476 5598 καθὼς
505 5536 598 5588 καί
627 5536 685 5587 ἐν
714 5533 823 5597 τοῖς
845 5532 1175 5603 προλαϐοῦσι
1205 5534 1418 5603 χρόνοις
1437 5536 1562 5604 περί
1587 5535 1686 5605 τῆς
1710 5534 1879 5605 αὐτῆς

368 5712 414 5743 ⁸⁷
450 5711 649 5781 Ephes.
676 5719 748 5772 tv,
782 5706 837 5763 5.
912 5708 959 5743 ⁸³
982 5708 1153 5766 Couc.
1184 5709 1356 5767 Afric.
1392 5727 1438 5768 c.
1481 5710 1570 5768 55.

1979 4520 2045 4576 lis
2082 4520 2250 4574 frater
2279 4528 2333 4575 et
2363 4521 2568 4590 collega
2605 4531 2789 4575 noster
2821 4520 3166 4588 Anastasius,
3211 4538 3321 4592 quo
3350 4526 3565 4578 noverit

1979 4614 2177 4668 habere
2225 4612 2462 4667 Africam
2493 4629 2742 4685 magnam
2781 4613 3183 4678 necessitatem,
3213 4625 3434 4685 propter
3460 4617 3558 4670 Ec-

1977 4707 2156 4761 clesiae
2211 4722 2400 4776 pacem
2459 4716 2511 4760 et
2556 4707 2844 4761 utilitatem
2878 4724 2891 4760 :
2922 4718 2981 4761 ttt
3010 4716 3064 4761 et
3091 4705 3257 4779 [forte
3287 4707 3375 4779 ex]
3428 4707 3562 4776 ipsis

1981 4797 2300 4863 Donatistis,
2375 4799 2689 4869 quicunque
2717 4799 2899 4853 clerici
2950 4808 3199 4853 correcta
3236 4798 3561 4853 consilioad

1979 4892 2304 4945 catholicam
2333 4891 2595 4945 unitatem
2648 4891 2881 4945 transire
2917 4890 3220 4956 voluerint,
3260 4889 3559 4945 secundum

1981 4983 2415 5053 uniuscujusque
2454 4983 2694 5052 episcOpi
2730 4983 2984 5039 catholici
3018 4983 3348 5037 voluntatem
3395 4992 3562 5053 atque

1982 5076 2292 5139 consilium,
2336 5075 2426 5144 qui
2451 5075 2505 5129 in
2539 5076 2730 5130 eodem
2764 5077 2885 5131 loco
2911 5077 3176 5144 gubernat
3210 5075 3508 5130 Ecclesiam
3546 5094 3558 5130 :

1985 5166 2029 5222 si
2053 5166 2157 5221 hoc
2195 5166 2313 5236 paci
2352 5164 2681 5227 Christianae
2730 5167 2992 5237 prodesse
3037 5167 3215 5220 visum
3259 5166 3453 5229 fuerit,
3502 5167 3557 5219 in

1984 5260 2098 5314 suis
2126 5260 2426 5314 honoribus
2461 5261 2833 5329 suscipiantur
2860 5300 2874 5325 ,
2929 5260 3072 5313 sicut
3105 5258 3380 5328 prioribus
3417 5257 3563 5327 ejus-

1984 5351 2104 5405 dem
2142 5351 2429 5405 divisionis
2465 5351 2800 5421 temporibus
2823 5348 3023 5403 factum
3057 5364 3178 5404 esse
3210 5348 3559 5403 manifestum

1985 5452 2089 5497 est.
2113 5444 2268 5510 Quod
2297 5443 2591 5497 multarum
2629 5451 2681 5497 et
2709 5457 2845 5512 pene
2887 5443 3131 5496 omnium
3176 5440 3559 5497 Africanarum

1990 5536 2382 5603 Ecclesiarum,
2440 5537 2495 5591 in
2552 5534 2751 5606 quibus
2800 5534 2923 5590 talis
2965 5550 3122 5591 error
3179 5543 3402 5590 exortus
3436 5541 3559 5599 est,
