3904 6220
375 368 623 435 exempla
676 366 945 438 testantur
999 375 1011 411 :

373 454 755 514 transmarinis
776 452 1019 523 partibus
1048 450 1115 505 de
1141 451 1248 505 hac
1280 464 1337 505 re
1368 449 1571 506 factum
1605 459 1710 518 est,
1746 449 1951 506 dissol-

372 562 533 607 vatur
559 566 573 613 ;
598 550 690 603 sed
707 556 762 600 ut
779 547 909 599 illud
940 544 1309 599 maneatcirca
1322 543 1520 613 eosqui
1542 542 1621 599 sic
1636 541 1869 597 transire
1889 540 1957 596 ad

375 643 699 699 catholicam
731 637 1032 693 Ecclesiam
1052 636 1245 705 volunt
1264 646 1323 691 ut
1345 636 1490 690 nulla
1512 651 1603 706 per
1618 650 1712 691 eos
1732 634 1959 690 unitatis

375 731 623 788 cancisio
648 724 1115 800 procuretur.Per
1134 739 1273 794 quos
1297 733 1478 778 autem
1509 721 1594 777 vel
1624 721 1775 776 omni
1792 720 1956 775 modo

376 821 585 893 perlici,
623 818 709 893 vel
759 816 1005 887 adjuvari
1052 814 1214 885 392
1249 811 1557 868 manifestis
1591 811 1960 867 fraternarum

375 918 683 972 animarum
709 910 878 966 lucris
900 910 1176 964 catholica
1210 906 1393 961 unitas
1428 905 1484 960 in
1513 905 1647 961 locis
1674 904 1729 959 in
1756 904 1957 974 quibus

375 1005 724 1080 degunt,visa
758 1001 942 1083 fuerit,
972 1016 1076 1054 non
1101 999 1181 1053 eis
1203 997 1370 1065 obsit,
1402 997 1547 1066 quod
1571 1007 1762 1051 contra
1787 996 1959 1050 hono-

376 1113 463 1154 res
501 1112 713 1163 eorum,
754 1094 1007 1165 quamvis
1054 1093 1206 1165 salus
1240 1091 1376 1145 nulli
1426 1091 1719 1146 interclusa
1759 1090 1871 1155 sit,
1901 1088 1955 1141 in

376 1188 746 1244 transmarino
784 1186 1019 1240 concilio
1053 1193 1316 1239 statutum
1359 1190 1466 1247 est,
1498 1182 1550 1236 id
1582 1191 1693 1247 est,
1721 1189 1781 1235 ut
1806 1179 1952 1233 ordi-

378 1280 489 1333 nati
520 1280 573 1331 in
605 1286 761 1348 parte
788 1276 981 1331 Donati
1020 1274 1063 1329 si
1087 1273 1154 1327 ad
1188 1272 1514 1327 catholicam
1549 1271 1782 1327 correcti
1807 1280 1958 1325 tran-

374 1372 484 1426 sire
528 1370 819 1430 voluerint,
856 1382 964 1422 non
1012 1365 1382 1435 suscipiantur
1419 1366 1473 1418 in
1509 1362 1812 1419 honoribus
1846 1360 1962 1418 suis

377 1463 679 1518 secundum
715 1451 1145 1515 transmarinum
1193 1456 1488 1512 concilium
1524 1474 1538 1510 :
1583 1456 1679 1512 sed
1721 1454 1963 1525 exceptis

379 1555 486 1621 his,
520 1534 627 1625 per
654 1567 794 1623 quos
822 1550 1103 1605 catholicae
1134 1547 1325 1602 unitati
1350 1545 1678 1602 consulitur.

1550 245 1814 306 PHOTII
1844 243 2350 312 PATRIARCH/E
2386 245 2493 306 (ΖΡ.

3522 255 3614 321 880

1066 373 1173 414 non
1237 367 1298 414 ut
1354 359 1646 414 concilium
1697 358 1849 430 quod
1899 360 1953 412 in

2095 358 2398 421 ιαστάσεως
2454 356 2714 427 γενέσθαι
2765 355 2997 427 φανερόν
3046 356 3231 408 ἔστιν·
3275 354 3407 424 ὅπερ
3429 357 3617 415 πολλῶν

2064 452 2156 505 καὶ
2187 451 2373 522 σχεδὸν
2428 450 2637 513 πασῶν,
2664 449 2772 503 τῶν
2794 449 2853 502 ἐν
2907 451 2972 520 τῇ
3010 448 3244 519 Ἀφρικῇ
3284 448 3616 520 Ἐκκλησιῶν,

2064 542 2122 596 ἐν
2150 537 2235 606 αἶς
2274 544 2307 614 η
2341 542 2565 612 τοιαύτη
2608 541 2782 612 πλάνη
2830 540 3067 611 ἀνεφύη,
3118 540 3189 594 τὰ
3231 540 3621 613 παραδείγματα

2068 636 2441 708 μαρτύρονται
2461 650 2473 664 ’
2511 635 2612 706 οὐχ
2669 634 2756 689 ἵνα
2785 636 2817 704 ἡ
2851 633 3069 696 σύνοδος
3099 634 3132 703 ἡ
3167 634 3226 686 ὲν
3258 635 3368 697 τοῖς
3394 651 3620 706 περαμα-

2065 727 2253 797 τικοῖς⁸
2297 725 2492 796 μέρεσι
2519 724 2648 796 περὶ
2670 726 2860 779 τούτου
2907 722 3001 778 τοῦ
3028 724 3354 795 πράγματος
3380 728 3623 801 γενομένη

2042 817 2310 890 διαλυθῇ,
2365 818 2481 872 ἀλλ’
2535 818 2623 873 ἵνα
2673 820 2851 872 έκεῖνο
2909 816 3072 891 μείνῃ
3130 817 3262 888 περὶ
3299 818 3421 880 τοὺς
3472 817 3626 885 οὔτως

2068 910 2347 981 μετελθεῖν
2394 910 2532 982 πρὸς
2560 909 2658 982 τὴν
2690 908 2988 981 καθολικὴν
3024 906 3353 980 Ἐκκλησίαν
3387 908 3627 981 βουλομέ-

2064 1020 2188 1068 νους
2208 1020 2221 1034 ·
2252 1002 2393 1057 ὥστε
2431 1002 2700 1074 μηδεμίαν
2748 1002 2842 1056 ἐπὶ
2862 1000 3080 1056 τούτων
3109 1002 3209 1071 τῆς
3239 1000 3484 1071 ἐνότητος
3516 1018 3628 1055 συν-

2062 1094 2258 1162 τομίαν
2313 1094 2802 1166 περιεργάζεσθαι,
2832 1094 2902 1148 δι’
2929 1085 3006 1149 ὧν
3037 1092 3095 1146 δὲ
3125 1093 3293 1146 παντί
3353 1093 3526 1164 τρόπῳ
3547 1094 3631 1147 ὲκ-

2061 1184 2465 1257 τελεσθῆναι,ἡ
2500 1184 2767 1256 καθολικὴ
2810 1183 3003 1256 ἑνότης
3056 1182 3278 1254 φανερῷ
3311 1184 3487 1253 κέρδει
3535 1184 3631 1239 τῶν

2063 1274 2370 1343 ἀδελφικῶν
2397 1274 2585 1346 ψυχῶν
2614 1275 2847 1346 φανείη,
2867 1276 2926 1329 έν
2956 1277 3068 1338 τοῖς
3091 1275 3281 1343 τόποις
3305 1267 3385 1336 οἷς
3405 1273 3633 1343 διάγουσι

2051 1440 2055 1445 η
2067 1362 2143 1434 μὴ
2175 1364 2475 1436 ὲμποδίσῃς
2530 1364 2742 1429 τούτοις
2770 1366 2831 1419 τὸ
2856 1366 3073 1435 ὁρισθὲν
3102 1368 3105 1369 ⁷
3137 1364 3282 1419 κατὰ
3310 1364 3417 1417 τῶν
3468 1365 3631 1434 τιμῶν

2065 1452 2243 1507 αὐτῶν
2264 1454 2322 1508 ὲν
2352 1457 2419 1525 τῆ
2444 1457 2801 1530 περαματικῇ
2836 1453 3039 1523 συνόδῳ
3056 1469 3071 1485 ο
3097 1452 3307 1506 ὁπόταν
3334 1451 3391 1505 τὸ
3417 1451 3636 1521 σωθῆναι

2066 1544 2244 1599 οὐδενὶ
2290 1546 2570 1619 προσώπῳ
2623 1547 3081 1602 ἀποκέκλεισται·
3139 1544 3419 1600 τουτέστιν
3478 1545 3561 1599 ἵνα
3590 1544 3636 1599 οἰ

376 1648 846 1721 χειροτονηθέντες
881 1647 938 1698 ὲν
982 1642 1061 1715 τῷ
1115 1641 1226 1697 τῶν
1276 1640 1617 1696 Δονατιστῶν
1665 1639 1844 1712 μέρει,
1910 1639 2005 1693 ἐὰν
2044 1640 2185 1713 πρὸς
2227 1642 2326 1713 τὴν
2374 1643 2669 1715 καθολικὴν
2733 1641 2953 1698 σύνοδον
3008 1644 3083 1714 μὴ
3136 1641 3395 1713 δεχθῶσιν
3454 1642 3509 1695 ὲν
3530 1645 3639 1707 ταῖς

377 1742 607 1805 οἰκείαις
657 1740 863 1811 τιμαῖς,
891 1736 1027 1791 ἀλλὰ
1057 1734 1257 1805 μᾶλλον
1286 1728 1431 1788 οὗτοι
1469 1733 1869 1806 προσδεχθῶσι,
1900 1732 1967 1788 δι’
2001 1725 2076 1788 ὧν
2098 1738 2163 1807 τῇ
2192 1735 2458 1809 καθολικῇ
2485 1737 2699 1807 ένότητι
2737 1737 2949 1807 γίνεται
2988 1736 3235 1807 πρόνοια.

951 1830 1144 1882 Basilii
1172 1844 1339 1881 canon
1369 1829 1419 1881 1.

451 1925 504 1978 1.
538 1922 694 1989 Quod
730 1921 894 1992 igitur
925 1918 993 1975 ad
1014 1920 1284 1975 Catharos
1307 1919 1559 1987 pertinet,
1591 1924 1725 1983 etc.,
1758 1924 1813 1971 ut
1843 1931 1967 1986 pag.

394 2012 520 2069 866.
850 2068 853 2069 ν

452 2104 725 2176 Pepuzeni
755 2118 908 2174 ergo,
943 2112 1074 2170 etc.,
1100 2111 1157 2155 ut
1187 2117 1310 2172 pag.
1347 2099 1476 2155 866.

452 2180 867 2258 Catharisunt,
896 2202 1027 2259 etc.,
1066 2201 1124 2244 ut
1158 2208 1280 2261 pag.
1320 2191 1445 2245 867.

642 2280 914 2350 Theophili
956 2295 1019 2334 ea:
1059 2279 1487 2343 commonitario,
1510 2292 1628 2346 cap.
1667 2276 1718 2329 1.

487 2379 539 2433 1.
598 2376 675 2431 De
747 2377 815 2431 iis
877 2374 971 2445 qui
1032 2372 1252 2427 Arianis
1317 2372 1864 2427 communicaverunt
1918 2377 1974 2425 et

2533 1830 2790 1885 Βασιλεί
2793 1847 2866 1884 ου
2902 1827 3107 1882 κανὼν
3131 1824 3201 1880 α’.

2148 1918 2219 1975 α’.
2248 1918 2321 1974 Τὸ
2337 1919 2435 1992 μὲν
2448 1914 2541 1976 οὖν
2564 1922 2692 1994 περὶ
2715 1921 2840 1985 τοὺς
2868 1918 3158 2007 Καθαροὺς
3191 1918 3433 1991 ζήτημα,
3452 1934 3504 1974 κ.
3523 1934 3572 1974 τ.
3592 1918 3639 1975 λ.

2151 2108 2215 2163 Ol
2241 2108 2423 2163 τοίνυν
2448 2108 2814 2179 Πεπουζηνοὶ,
2844 2126 2900 2164 κ.
2924 2124 2978 2164 τ.
3010 2107 3061 2164 λ.

2144 2200 2210 2254 Ol
2242 2201 2297 2255 δὲ
2330 2202 2598 2272 Καθαροὶ,
2626 2220 2681 2257 κ.
2712 2220 2765 2257 τ.
2800 2201 2853 2257 λ.

2219 2295 2515 2363 Θεοφίλου
2547 2296 2616 2349 ἐκ
2646 2294 2753 2349 τοῦ
2792 2292 3253 2364 ὑπομνηστικοῦ
3296 2311 3429 2365 uaga.
3454 2292 3521 2349 α’.

2146 2391 2217 2441 α’.
2247 2387 2385 2458 Περί
2447 2386 2553 2441 τῶν
2587 2386 3034 2458 κοινωνησάντων
3054 2388 3169 2450 τοῖς
3205 2378 3519 2457 Ἀρειανοῖς,
3562 2384 3650 2439 καὶ

362 2472 663 2543 Ecclesias
702 2470 811 2525 huc
842 2483 1016 2538 usque
1038 2467 1303 2533 detinent,
1356 2475 1415 2520 ut
1437 2481 1496 2521 se
1546 2465 1711 2521 habet
1734 2479 1971 2521 consue-

2095 2477 2242 2549 ιέχρι
2271 2478 2383 2532 τοῦ·
2414 2477 2509 2532 νῦν
2549 2480 2648 2542 τὰς
2685 2476 3015 2550 Ἐκκλησίας
3055 2478 3417 2548 κατεχόντων,
3454 2478 3525 2541 ὡς
3550 2477 3631 2531 έθε

362 2567 541 2635 tudo,
589 2563 684 2618 ﬁat
716 2583 732 2629 -,
777 2561 851 2615 ita
885 2566 1064 2614 tamen
1100 2567 1161 2614 ut
1217 2558 1309 2612 alii
1340 2558 1766 2633 constituantur,
1789 2558 1883 2627 qui
1907 2556 1962 2611 in

2095 2571 2134 2624 τὸ
2162 2570 2281 2634 ἔθος
2308 2570 2543 2641 γινέσθω
2565 2585 2580 2601 ο
2611 2568 2755 2625 οὕτω
2777 2571 2981 2642 μέντοι,
3031 2570 3175 2627 ῶστε
3217 2571 3441 2643 ἑτέρους
3471 2555 3651 2625 κατοι-ι

385 2656 716 2715 orlhodaxia
766 2652 1146 2718 testiﬁcentur,
1206 2660 1264 2706 et
1313 2650 1389 2704 illi
1448 2658 1823 2720 permaneant.
1874 2647 1971 2705 llis

2095 2665 2263 2735 ῖτῆναι
2315 2666 2798 2736 μαρτυρουμένους
2819 2666 2879 2717 έν
2910 2663 3193 2737 ὀρθοδοξίᾳ
3216 2664 3508 2728 κάκείνους
3536 2662 3651 2717 ἁλί-

386 2766 605 2822 quoque
649 2750 723 2803 ita
756 2746 1107 2817 dispensatis,
1159 2753 1221 2799 ut
1260 2745 1383 2800 aliis
1410 2744 1637 2802 urbibus
1676 2745 1971 2801 orthodoxi

2095 2756 2269 2821 ζεσθαι
2298 2773 2311 2787 ·
2349 2756 2525 2820 οὕτως
2578 2756 3052 2827 οἰκονομουμένων
3084 2755 3183 2810 καὶ
3209 2755 3443 2821 τούτων,
3477 2753 3651 2825 ὥσπερ

390 2848 444 2899 in
498 2841 778 2897 Thebaide
828 2838 1068 2908 episcopi
1111 2834 1379 2903 fecerunt,
1422 2837 1524 2913 qui
1583 2839 1652 2893 ah
1703 2838 1964 2907 episcopo

2095 2850 2171 2902 ιαὶ
2196 2852 2253 2902 έν
2287 2854 2410 2913 ταῖς
2440 2850 2629 2913 ἄλλαις
2656 2844 2846 2903 πόλεσι
2874 2849 3246 2921 πεποιήκασιν
3273 2850 3323 2903 οἰ
3347 2850 3405 2901 ὲν
3438 2846 3653 2918 Θηϐαΐδι

369 2934 640 3006 ~Apolline
700 2929 1004 2994 constituti,
1068 2939 1122 2984 et
1158 2930 1253 3000 qui
1290 2944 1416 2985 cum
1448 2930 1669 2986 Arianis
1692 2931 1970 2987 Ecclesias

2095 2939 2353 3009 5ρθόδοξοι
2374 2939 2702 3003 ἐπίσκοποι,
2734 2940 2786 2993 οἰ
2809 2940 3175 3003 καταστάντες
3202 2938 3358 3010 παρὰ
3400 2937 3655 2991 Ἀπόλλω-

392 3026 723 3082 habentibus
777 3022 1269 3091 communicantes,
1318 3024 1653 3093 puniantur;
1684 3022 1971 3089 siquidem

2095 3048 2170 3095 I0;
2190 3030 2284 3085 τοῦ
2308 3032 2635 3099 ἐπισκόπου,
2663 3032 2755 3086 καὶ
2779 3033 3205 3103 κοινωνήσαντες
3227 3034 3341 3095 τοῖς
3366 3030 3541 3101 έχουσι
3566 3028 3656 3091 τὰς

391 3120 636 3186 ipsarum
689 3113 968 3169 voluntate
1029 3115 1135 3167 hoc
1180 3109 1475 3180 fecerunt;
1514 3112 1600 3166 sin
1632 3119 1814 3166 autem
1843 3126 1973 3181 pro-

2090 3123 2419 3195 Ἐκκλησίας
2460 3125 2756 3197 Ἀρειανοῖς
2788 3122 3238 3196 έπιτιμὰσθωσαν
3305 3125 3360 3177 εῐ
3386 3141 3447 3193 γε
3474 3121 3656 3193 γνώμῃ

392 3211 510 3282 prio
545 3211 805 3279 episcopo
865 3204 1212 3270 obedierunt,
1252 3213 1628 3274 permaneant,
1681 3205 1785 3260 etsi
1831 3204 1971 3274 quod

2095 3216 2264 3271 ιύτῶν
2312 3218 2651 3288 πεποιήκασι
2695 3216 2884 3271 τοῦτο’
2943 3217 2993 3269 εἰ
3036 3216 3095 3270 δὲ
3144 3216 3381 3288 ὑπήκοοι
3419 3216 3658 3284 γεγόνασι

392 3306 601 3372 justum
654 3309 741 3355 est
793 3313 902 3353 non
942 3295 1217 3350 noverint.
1285 3294 1354 3349 Et
1404 3297 1452 3351 si
1499 3311 1692 3352 omnes
1752 3296 1974 3366 quidem

394 3394 579 3467 populi
617 3406 714 3447 eos
770 3403 896 3445 cum
956 3387 1079 3442 aliis
1137 3387 1410 3457 rejiciant,
1464 3387 1556 3441 alii
1606 3388 1975 3456 ordinentur;

394 3492 479 3545 sin
511 3497 691 3541 autem
744 3496 840 3537 eos
893 3481 1129 3535 retinent
1153 3495 1279 3535 cum
1338 3480 1447 3535 illis
1494 3479 1696 3550 quibus
1728 3494 1977 3535 commu-

337 3571 339 3573 ’
372 3582 672 3654 nicarunt,
707 3574 743 3628 ii
768 3586 990 3644 quoque
1027 3562 1148 3627 eam
1202 3573 1659 3628 consuetudinem
1690 3574 1979 3643 experian-

399 3684 506 3737 tur,
569 3684 678 3738 qua
714 3666 800 3721 usi
835 3671 967 3719 sunt
1012 3678 1205 3721 omnes
1231 3665 1519 3721 orthodoxi
1579 3665 1635 3720 in
1698 3663 1976 3721 Thebaide

397 3763 657 3834 episcopi.

375 4010 381 4023 ἴ
470 3949 631 4022 393
662 3947 815 4004 CAP.
854 3944 997 4001 Vlll.
1029 3973 1098 3986 —-
1128 3942 1205 3997 De
1223 3940 1480 4011 episcopis
1512 3948 1607 3994 aut
1647 3941 1859 3995 clericis
1887 3943 1978 4012 qui

402 4043 799 4098 communicant
829 4039 907 4094 vel
947 4047 1098 4093 orant
1122 4051 1241 4089 cum
1267 4034 1552 4098 Itan'eticis,
1590 4033 1665 4087 vel
1706 4034 1782 4087 eis
1816 4034 1978 4086 mini-

400 4136 621 4189 sterium
677 4150 891 4188 sacrum
947 4130 1283 4201 permittunt,
1330 4125 1409 4181 vel
1455 4126 1760 4180 earumdem
1806 4125 1979 4195 bapti-

400 4244 570 4282 smum
606 4238 699 4281 aut
736 4223 1065 4294 sacri/icium
1095 4218 1378 4288 recipiunt.

685 4316 1065 4387 Apostolorum
1090 4326 1319 4367 canones
1357 4308 1444 4374 10,
1481 4308 1572 4375 15,
1607 4308 1695 4363 46.

471 4413 560 4467 10.
580 4410 636 4465 Si
660 4410 783 4479 quis
802 4422 923 4462 cum
945 4401 1444 4465 excommunicato,
1474 4400 1558 4455 vel
1579 4400 1634 4454 in
1656 4398 1845 4466 domo,
1870 4415 1975 4453 una

402 4515 652 4576 precatus
684 4502 874 4565 fuerit,
915 4500 962 4553 is
990 4507 1322 4568 segregetur.

472 4597 543 4651 45
574 4594 716 4669 [14].
764 4594 1087 4663 Episcopus,
1121 4589 1203 4643 vel
1238 4589 1545 4661 presbyter,
1571 4597 1657 4642 vet
1689 4594 1978 4648 diaconus,
2012 4570 2056 4625 ι)

402 4692 641 4760 quicum
674 4684 942 4741 lnoreticis
964 4684 1042 4738 vel
1075 4685 1253 4738 solum
1285 4689 1666 4751 comprecatus
1698 4688 1803 4745 est,
1830 4687 1965 4741 etc.,

403 4794 454 4836 ut
476 4797 599 4851 pag.
629 4777 754 4833 610.

474 4876 542 4930 46
572 4871 684 4945 [45!
739 4869 1088 4940 Episcopum,
1121 4867 1202 4922 vel
1229 4865 1607 4936 presbyterum
1646 4861 1978 4932 quihaereti-

403 4982 589 5025 eorum
615 4964 966 5034 baptismum,
1001 4968 1131 5021 etc.,
1166 4966 1224 5010 ut
1258 4971 1380 5025 pag.
1415 4954 1542 5009 610.

753 5049 982 5107 Cancilii
1025 5048 1337 5102 Antiachcni
1370 5061 1539 5100 canon
1572 5044 1628 5098 2.

479 5154 533 5207 2.
563 5149 769 5205 Omnes
803 5145 897 5215 qui
929 5142 1308 5213 ingrediuntur
1334 5139 1387 5193 iu
1412 5137 1710 5193 Ecclesiam
1731 5134 1846 5202 Dei,
1877 5145 1982 5192 etc.

408 5257 459 5300 ut
488 5260 611 5314 pag.
642 5239 776 5295 606.

724 5329 952 5387 Cancilii
984 5325 1268 5379 Laodiceni
1295 5339 1487 5377 canon.
1508 5322 1617 5379 35..

477 5430 567 5483 55.
598 5423 755 5492 Quod
813 5437 920 5476 non
976 5425 1191 5489 oportet
1242 5432 1350 5470 una
1402 5430 1530 5470 cum
1579 5412 1856 5469 haereticis
1901 5412 1984 5466 vel

410 5518 779 5577 schisntatieis
813 5529 994 5568 orare.

475 5616 615 5685 Lege
644 5626 766 5681 quae
793 5608 1045 5662 adnotata
1076 5612 1203 5658 sunt
1242 5602 1294 5657 in
1327 5616 1446 5671 cap.
1500 5600 1585 5666 15,
1630 5600 1715 5655 tit.
1776 5599 1809 5655 5
1845 5612 1984 5669 prte-

440 5709 582 5762 cntis
618 5703 825 5773 operis.

2084 3307 2164 3378 τῷ
2192 3308 2379 3379 οἰκείῳ
2399 3310 2705 3381 ὲπισκόπῳ,
2738 3308 3225 3376 ἁλιζέσθωσαν,ῶς
3260 3309 3336 3383 μὴ
3366 3309 3659 3379 ἐπεγνωκό-

2085 3420 2178 3466 τες
2198 3402 2262 3455 τδ
2296 3400 2518 3472 εὔλογον
2537 3419 2551 3433 ο
2609 3403 2703 3456 καὶ
2733 3404 2782 3457 εί
2815 3403 2913 3475 μὲν
2970 3402 3171 3466 πάντες
3201 3405 3252 3457 οἰ
3284 3403 3405 3457 λαοὶ
3447 3402 3659 3465 τούτους

2084 3496 2477 3550 ἀποποιοῦνται
2534 3497 2676 3566 μετὰ
2705 3498 2814 3551 τῶν
2855 3495 3054 3564 ἄλλων,
3117 3496 3301 3567 ἕτεροι
3349 3494 3661 3567 χειροτονεί⁶

2086 3590 2337 3643 σθωσαν·
2401 3592 2450 3643 εί
2483 3590 2541 3643 δὲ
2569 3589 2973 3644 ἀντιποιοῦνται
3014 3587 3194 3643 αὐτῶν
3268 3588 3390 3660 μετ’
3449 3588 3660 3643 ἐκείνων

2081 3672 2161 3741 οἷς
2210 3680 2642 3749 κεκοινωνήκασι
2680 3679 2906 3751 ταύτης,
2955 3672 3101 3734 οὗτοι
3167 3680 3660 3751 ἁποπειράσθωσαν

2080 3770 2182 3839 τῆς
2237 3771 2544 3842 συνηθείας,
2575 3766 2936 3847 ᾖὲχρήσαντο
2986 3774 3035 3827 οἱ
3083 3774 3142 3828 ὲν
3175 3772 3415 3846 Θηϐαΐδι
3468 3772 3661 3835 πάντες

2081 3861 2352 3935 ὀρθόδοξοι
2377 3863 2686 3918 ἐπίσκοποι.

2156 3956 2406 4014 ΚΕΦΑΛ.
2450 3955 2533 4011 Η¹.
2569 3988 2639 3998 -
2671 3955 2813 4026 Περί
2860 3955 3231 4023 ἐπισκόπων,
3283 3960 3323 4028 ἢ
3372 3954 3663 4026 κληρικῶν

2082 4048 2671 4114 συγ-κοινωνούντων,
2705 4047 2743 4117 ἢ
2773 4047 3239 4118 συνευχομένων
3266 4047 3598 4118 αἱρετικῶς,
3625 4046 3660 4113 ἣ

2083 4137 2522 4204 ἐπιτρεπόντων
2552 4138 2758 4205 αὐτοῖς
2781 4139 3071 4210 ἐνεργεῖν,
3112 4139 3151 4209 ἢ
3181 4139 3526 4212 δεχομένων
3559 4138 3663 4193 αὺ-

2087 4224 2205 4279 τῶν
2230 4225 2549 4296 ,ϐάπτισμα
2584 4227 2623 4295 ἢ
2650 4228 2891 4283 θυσίαν.

2377 4320 2764 4373 Ἀποστόλων
2794 4319 2998 4375 κανὼν
3028 4327 3081 4386 ι’,
3116 4320 3222 4392 με’,
3265 4320 3387 4392 μς¹.

2160 4418 2211 4465 ι’.
2252 4412 2317 4465 Εἴ
2340 4428 2426 4475 τις
2474 4412 2824 4483 ἁκοινωνήτῳ
2862 4414 2971 4469 κάν
3038 4413 3100 4469 ἐν
3144 4416 3280 4487 οῐκῳ
3332 4410 3662 4486 συνεύξηται,

2089 4495 2243 4565 οὗτος
2268 4503 2634 4573 ἀφοριζέσθω.

2162 4600 2267 4663 με’.
2305 4594 2654 4659 Ἐπίσκοπος,
2700 4595 2735 4666 ἢ
2780 4596 3171 4667 πρεσϐύτερος,
3206 4596 3241 4668 ἦ
3272 4597 3543 4663 διάκονος,
3585 4596 3666 4650 αἰ-

2092 4688 2328 4755 ρετικοῖς
2362 4686 2783 4757 συνευξάμενος,
2816 4706 2871 4742 κ.
2900 4706 2952 4742 τ.
2980 4689 3032 4743 λ.

2136 4872 2283 4935 -μς’.
2325 4864 2654 4918 Ἐπίσκοπον
2694 4866 2726 4936 ἢ
2776 4864 3147 4938 πρεσϐύτερον
3183 4864 3481 4937 αἱρετικῶν
3525 4862 3669 4927 δεξα-

2096 4958 2289 5024 μένους
2315 4956 2615 5028 βάπτισμχ,
2655 4976 2704 5011 κ.
2734 4974 2785 5011 τ.
2810 4956 2860 5011 λ.

2388 5050 2657 5103 Συνόδου
2696 5050 3061 5119 Ἀντιοχείας
3088 5049 3293 5104 κανὼν
3326 5048 3395 5120 β’.

2162 5142 2228 5212 β’.
2268 5141 2485 5204 Πάντας
2514 5140 2642 5204 τοὺς
2672 5141 2939 5204 εἰσιόντας
2978 5142 3059 5207 εἰς
3090 5140 3188 5212 τὴν
3218 5138 3550 5211 Ἐκκλησίαν
3580 5135 3669 5190 τοῦ

2090 5234 2246 5299 Θεοῦ,
2276 5252 2330 5288 κ.
2358 5251 2407 5287 τ.
2432 5234 2482 5287 λ.

2371 5326 2645 5379 Συνόδου
2679 5326 3029 5393 Λαοδικείας
3062 5326 3261 5380 κανὼν
3287 5326 3391 5395 λγ’.

2162 5418 2264 5487 λγ’.
2308 5418 2429 5472 Ὅτι
2457 5418 2515 5470 ού
2544 5418 2626 5472 δεῖ
2660 5420 2955 5489 αἰρετικοῖς
3000 5419 3033 5492 ἢ
3071 5419 3455 5489 σχισματικοῖς
3488 5412 3669 5469 συνεύ-

2096 5511 2307 5582 χεσθαι.
3158 5528 3163 5529 ⁷

2170 5604 2465 5674 Ἀνάγνωθι
2493 5605 2561 5658 τὰ
2589 5602 3103 5675 παραγεγραμμένοι
3136 5604 3193 5655 έν
3218 5602 3300 5673 τῷ
3333 5608 3397 5656 ιε’
3431 5618 3547 5669 κεφ.
3584 5596 3667 5649 τ(ιῦ

2103 5694 2145 5761 γ’
2180 5695 2279 5748 τίτ.
2318 5693 2410 5749 τοῦ
2447 5694 2712 5767 παρόντος
2750 5694 3145 5765 συντάγματος.
