3766 6198
154 237 258 305 881

882 239 1283 300 SYNTAGMA
1319 239 1711 301 CANONUM.
1748 263 1819 275 -
1845 238 1993 301 ΤΙΤ,
2028 240 2168 317 XII,
2208 243 2369 307 CAP.
2406 246 2575 321 VII-1,
2625 247 2733 309 IX.

3330 236 3436 311 882

230 348 477 403 ΚΕΦΑΑ.
522 345 600 402 6’.
652 378 725 390 —
766 349 907 417 Περὶ
952 350 1305 405 ἐπισκόπων
1348 351 1386 421 ἢ
1437 348 1740 419 κληρικῶν

1934 352 2069 407 IAP.
2106 352 2196 409 IX.
2229 388 2293 397 —
2336 346 2423 413 De
2448 359 2702 429 episcopis
2726 365 2818 413 aut
2837 355 3046 443 clericis
3071 344 3163 430 qui
3196 344 3435 432 eulogia:

150 441 585 509 ,λαμϐανόντων
609 441 893 511 εὐλογίας
927 442 995 506 ἐξ
1024 444 1333 511 αἱρετικῶν
1358 443 1739 513 ἢἾουδαίωκ,

150 531 568 602 ἣεύχομένων
611 532 682 587 ἐν
726 533 1083 602 ἐκκλησίαις
1118 536 1158 601 ἢ
1196 537 1624 605 μοναστηρίοις
1660 540 1745 590 αἱ·

138 625 422 694 ρετικῶν,
476 625 516 695 ἢ
556 625 830 690 ἐθνικῶν,
873 629 912 697 ἢ
967 629 1461 696 σαϐϐατιζόντων,
1509 632 1548 700 ἣ
1596 649 1746 688 συν-

145 718 552 788 εορταζόντων
603 718 731 786 τοῖς
788 720 1123 787 Ἰουδαίοις,
1182 721 1223 792 ἢ
1277 724 1746 791 προσφερόντων

144 804 534 880 συναγωγαῖς
578 809 619 880 ἣ
658 809 839 879 ἱεροῖς
879 810 1093 879 ἐθνῶν,
1142 813 1243 869 καί
1284 812 1418 883 περὶ
1476 813 1743 885 Ἀγγελι-

144 919 296 959 των.

539 1017 923 1073 Ἀποστόλων
952 1018 1154 1075 κανὼν
1184 1020 1274 1088 ξε’,
1308 1027 1372 1076 ο’.

222 1132 317 1197 ξε’.
358 1133 427 1188 Et
455 1149 541 1195 τις
588 1132 911 1205 κληρικδςῆ
957 1133 1165 1202 λαῖκδς,
1208 1134 1437 1189 εἰσέλθοι
1488 1136 1571 1200 είς
1614 1153 1743 1190 συνο

140 1225 380 1297 αγωγὴν
417 1225 690 1280 Ἰουδαίων
714 1226 748 1297 ἢ
774 1226 1068 1299 αἱρετικῶν
1097 1226 1523 1299 προσεύξασθαι.
1551 1228 1743 1283 καθαι-

144 1319 355 1391 ρείσθω
378 1320 474 1373 καὶ
498 1318 868 1391 ἀφῳιζέσθω.

223 1419 287 1467 o'.
331 1412 399 1466 Εί
428 1430 513 1477 τις
542 1413 860 1480 ἐπίσκοπος,
896 1414 930 1485 ἢ
974 1412 1368 1486 πρεσϐύτερος,
1404 1412 1439 1483 ἢ
1474 1413 1743 1482 διάκονος,

139 1505 176 1573 ἢ
212 1504 354 1568 ὅλως
383 1502 480 1557 τοῦ
511 1503 817 1574 καταλόγου
847 1505 955 1560 τῶν
992 1504 1294 1577 κληρικῶν,
1323 1505 1574 1572 νηστεύοι
1607 1506 1745 1576 μετά

157 1592 458 1663 Ἰουδαίων,
489 1613 546 1650 κ.
575 1612 626 1648 τ.
660 1595 712 1649 λ.

138 1704 427 1761 Συνόδου
463 1707 1058 1779 Λαοδικείαςίκανὼν
1100 1706 1169 1774 θ’,
1212 1707 1315 1777 κθ’,
1364 1708 1468 1779 λβ’,
1512 1707 1607 1774 λε’,
1641 1707 1740 1772 λζ’.
1776 1722 1817 1777 Β

833 1778 936 1848 λη’,
978 1780 1074 1833 λθ’.

225 1887 294 1944 θ’.
338 1889 476 1960 Περὶ⁵
509 1888 604 1943 τοῦ
636 1890 711 1961 μὴ
763 1894 1065 1961 συγχωρεῖν
1108 1892 1190 1955 είς
1218 1890 1285 1944 τὰ
1316 1890 1674 1961 κοιμητήρια,
1707 1889 1741 1960 ἢ

139 1982 238 2045 εἰς
268 1981 341 2035 τά
380 1982 650 2052 λεγόμενα
685 1985 991 2053 μαρτυρεῖα
1029 1983 1248 2037 πάντων
1281 1984 1390 2037 τῶν
1429 1968 1746 2054 αίρετικῶν,

141 2072 379 2127 ἀπιέναι
426 2076 551 2137 τοὺς
593 2074 697 2145 τῆς
745 2074 1107 2146 Ἐκκλησίας,
1154 2075 1321 2145 εὐχῆς
1367 2074 1400 2145 ἢ
1451 2075 1749 2146 θεραπείας

142 2164 357 2217 ’ἑνεκω
409 2164 545 2233 ἀλλά
586 2168 712 2229 τοὺς
739 2166 1037 2232 τοιούτους,
1089 2164 1185 2221 ὲάν
1214 2159 1318 2219 ὧσι
1360 2166 1564 2232 πιστοὶ,
1598 2167 1749 2220 ἀκοι-

148 2258 433 2325 νωνήτους
458 2257 704 2325 γίνεσθαι
738 2259 901 2329 μέχρι
930 2258 1105 2324 τινόςο
1141 2258 1535 2329 μετανοοῦντας
1564 2259 1622 2314 δὲ
1654 2259 1750 2314 καὶ

149 2346 688 2419 ὲξομολογουμένους
714 2348 1004 2418 ἐσφάλθαι,
1042 2348 1465 2421 παραδέχεσθαι.

230 2531 341 2587 κθ’.
384 2532 509 2587 Ὅτι
534 2533 597 2587 οὐ
630 2533 711 2588 δεῖ
732 2534 1093 2605 Χριστιανοὺς
1130 2533 1459 2601 Ἰουδαΐζειν,
1484 2551 1538 2589 κ.
1568 2551 1621 2589 τ.
1643 2534 1698 2588 λ.

230 2624 334 2694 λβ’.
374 2625 573 2679 Ὀτιού
596 2625 677 2678 δεῖ
705 2626 996 2696 αίρετικῶν
1030 2626 1280 2694 εὐλογίας
1304 2626 1623 2697 λαμὸάνειν,
1655 2622 1747 2679 αἴ-

159 2717 318 2781 τινές
350 2719 487 2771 εἰσιν
521 2717 737 2786 ἀλογίαι
774 2716 975 2789 μᾶλλον
1000 2717 1033 2791 ἢ
1061 2716 1327 2786 εὐλογίαι.

233 2902 333 2956 λε’.
375 2902 500 2955 Ὅτι
550 2902 614 2956 οὐ
660 2902 741 2956 δεῖ
773 2900 1159 2971 Χριστιανοὺς.
1208 2900 1627 2971 ἐγκαταλείπειν
1656 2899 1757 2973 τὴν

1853 444 1920 497 ab
1951 443 2212 501 htereticis
2240 446 2319 501 vel
2337 448 2542 503 Judwis
2565 450 2855 520 accipiunt,
2881 460 2976 504 aut
3004 461 3158 505 orant
3186 452 3239 506 in
3258 454 3433 509 'eccleé

1852 537 1948 591 siis
2000 538 2080 593 uel
2117 541 2453 595 monasteriis
2506 541 2879 597 hrcreticorum
2925 552 3019 597 aut
3069 543 3421 611 ethnicorum,

1851 629 1930 683 vel
1979 630 2272 685 Sabbatum
2308 632 2520 703 aliaque
2565 612 2702 704 festa
2732 652 2851 689 cum
2895 633 3103 691 ludatis
3145 616 3433 704 celebrent,

1851 729 1943 774 aut
1974 721 2261 777 oblationes
2285 724 2489 794 faciunt
2506 727 2785 799 synagogis
2803 727 2883 783 vel
2901 728 3043 798 [anis
3066 729 3392 786 ethnicorum
3412 746 3434 785 :

1850 812 1977 868 item
2005 812 2069 869 de
2098 814 2377 886 Angelitis.
2880 820 2883 823 “

2206 1022 2583 1095 Apsotolorum
2618 1039 2842 1079 canones
2866 1021 2959 1089 65,
2986 1022 3080 1080 70.

1921 1138 1991 1194 65
2017 1138 2158 1212 [65].
2192 1139 2250 1194 Si
2275 1139 2400 1209 quis
2429 1139 2661 1195 clericus
2690 1139 2775 1194 vel
2816 1138 2991 1194 laicus
3031 1137 3087 1192 in
3118 1136 3431 1193 Judaeorum

1850 1230 2017 1302 394
2046 1231 2130 1285 vel
2166 1230 2552 1285 haereticorum
2596 1244 2930 1300 synagogam
2958 1229 3239 1299 ingressus
3267 1227 3340 1283 sit
3363 1227 3432 1283 ad

1852 1322 2143 1385 orandum,
2174 1321 2481 1391 deponatur
2499 1329 2554 1376 et
2585 1330 2918 1393 segregetur.

1922 1413 1991 1467 70
2040 1411 2179 1485 [69].
2227 1412 2282 1467 Si
2319 1412 2444 1483 quis
2495 1398 2810 1483 episcopus,
2859 1412 2942 1468 vel
2991 1411 3298 1483 presbyter,
3336 1410 3426 1467 vel

1850 1506 2140 1571 diaconus,
2167 1504 2251 1559 vel
2290 1505 2516 1560 omnino
2540 1520 2608 1560 ex
2637 1505 2959 1581 clericorum
2986 1505 3257 1575 catalago,
3277 1498 3427 1576 jeju4

1854 1608 1947 1655 nat
1970 1614 2094 1655 cum
2123 1596 2350 1663 Judzeis.
2384 1607 2514 1663 ctc.,
2551 1609 2603 1653 ut
2638 1615 2762 1670 pag.
2790 1598 2916 1653 758.

2201 1712 2428 1769 Concilii
2504 1712 2786 1766 Laodiceni
2833 1728 3057 1767 canones
3103 1710 3160 1780 9,
3205 1710 3299 1774 29,
3337 1709 3429 1775 52,

2379 1784 2469 1850 55,
2512 1784 2602 1851 57,
2642 1784 2732 1850 58,
2764 1784 2855 1839 59.

1920 1893 1975 1960 9,
2001 1892 2134 1949 .Non
2163 1893 2571 1949 concedendum
2597 1907 2740 1954 esse,
2774 1900 2833 1947 ut
2861 1893 2914 1947 in
2944 1891 3261 1947 coemeteria
3280 1933 3295 1957 ,
3338 1890 3428 1947 vel

1852 1984 1996 2039 inea
2022 1999 2145 2055 quae
2189 1982 2451 2039 dicuntur
2510 1983 2773 2053 martyria
2832 1980 3158 2051 quorumvis
3215 1980 3434 2034 haereti-

1853 2090 2063 2141 corum,
2102 2074 2300 2130 abeant
2343 2076 2379 2130 ii
2429 2074 2521 2144 qui
2549 2082 2679 2129 sunt
2712 2071 2992 2138 Ecclesiae,
3041 2071 3304 2127 orationis
3348 2069 3437 2125 vel

1851 2168 2225 2224 venerationis
2257 2168 2452 2240 gratia.
2496 2164 2602 2222 Sed
2643 2166 2779 2222 tales
2820 2165 2868 2221 si
2906 2166 3018 2221 sint
3057 2164 3264 2231 ﬁdeles,
3310 2177 3436 2218 esse

1852 2261 2248 2331 aliquantisper
2275 2257 2786 2315 excommunicatos
2848 2274 2862 2312 :
2910 2256 2997 2311 sin
3027 2264 3209 2310 autem
3254 2252 3433 2323 ι)ωηὶ-

1854 2355 2026 2409 tentia
2064 2352 2359 2418 ducantur,
2393 2362 2449 2407 et
2478 2366 2538 2408 se
2568 2350 2867 2422 deliquisse
2890 2348 3279 2412 conﬁteantur,
3311 2359 3439 2402 sus-

1855 2459 1983 2514 Clpl.

1928 2532 2019 2588 29.
2042 2532 2201 2599 Quod
2223 2547 2331 2588 non
2356 2539 2573 2603 oportet
2599 2531 2947 2599 Christianos
2969 2530 3274 2601 judaizare.

1931 2624 2022 2680 '52.
2056 2623 2211 2690 Quod
2250 2640 2357 2679 non
2376 2632 2593 2696 oportet
2620 2624 3002 2679 haereticorum
3030 2620 3442 2679 benedictiones

1864 2720 2113 2789 accipere
2143 2734 2266 2790 quze
2295 2726 2424 2774 sunt
2447 2716 2633 2789 potius
2665 2714 3097 2780 maledictiones,
3130 2727 3296 2783 quam
3342 2710 3443 2767 be-

1862 2809 2226 2865 nedictiones.

1934 2903 2024 2959 55.
2064 2902 2221 2969 Quod
2268 2917 2378 2958 non
2420 2910 2636 2972 oportet
2679 2897 3046 2966 Christianos,
3102 2895 3291 2952 relicta
3348 2893 3445 2949 Dei

171 2996 509 3065 Ἐκκλησίαν
558 2994 653 3049 τοῦ
706 2994 865 3061 Θεοῦ,
916 2996 1011 3049 καὶ
1057 2996 1302 3061 ἀπιέναι,
1348 2996 1443 3049 καὶ
1485 2995 1750 3064 ἀγγέλους

1934 2999 2138 3064 :clesia,
2168 2999 2340 3064 abire,
2399 3006 2453 3054 et
2496 2998 2719 3067 angelos
2760 2996 3069 3060 nominare,
3101 2995 3187 3050 vel
3216 3009 3445 3065 congre-

155 3088 478 3160 ὀνομάζειν,
512 3088 607 3142 καὶ
632 3088 881 3154 συνάξεις
913 3089 1088 3141 ποιεῖν
1108 3103 1120 3116 ⁸
1165 3088 1308 3157 ἅπερ
1343 3088 1740 3158 ἀπηγόρευται.

1934 3094 2114 3149 tiones
2144 3091 2356 3159 facere;
2393 3091 2539 3161 quod
2567 3100 2651 3146 est
2674 3090 3029 3161 prohibitum.
3070 3089 3128 3143 Si
3151 3088 3276 3159 quis
3318 3102 3447 3159 ergo

161 3181 339 3244 Εῖτις
378 3175 471 3234 οὖν
501 3179 699 3251 εὑρεθῇ
736 3181 910 3253 ταύτῃ
956 3182 1021 3251 τῇ
1071 3179 1429 3251 κεκρυμμένῃ
1476 3180 1758 3234 εἰδωλολα-

1860 3185 2112 3241 inventus
2147 3182 2702 3239 fuerithuicoccultm
2746 3182 3070 3238 idololatria;
3114 3196 3327 3247 vacare,
3376 3179 3449 3235 sit

162 3272 331 3343 τρείᾳ
360 3272 657 3343 σχολάζων,
694 3271 834 3325 ἔστω
867 3271 1149 3340 ἀνάθεμα·
1202 3272 1284 3325 δτι
1318 3271 1640 3339 ἐγκατέλιπε
1665 3272 1750 3325 τὸν

1937 3277 2176 3337 athema,
2205 3276 2332 3346 quia
2369 3275 2593 3345 reliquit
2640 3275 2932 3329 Dominum
2980 3282 3227 3329 nostrum
3258 3270 3448 3327 Jesum

169 3359 380 3429 Κύριον
406 3360 563 3428 ήμῶν
586 3359 796 3431 Ἰησοῦν
822 3360 1056 3432 Χριστὸν
1087 3360 1176 3413 τὸν
1200 3360 1327 3415 Υίὸν
1356 3360 1450 3413 τοῦ
1478 3360 1635 3429 Θεοῦ,
1662 3363 1750 3416 καὶ

1934 3368 2159 3434 ιτίειιιιη,
2181 3378 2237 3424 et
2265 3368 2497 3424 accessit
2530 3369 2597 3424 ad
2634 3366 3024 3423 idololatriam.

162 3452 585 3523 εἰδωλολατρείᾳ
617 3453 945 3524 προσῆλθεν.

235 3544 344 3608 λζ’.
388 3545 511 3598 Ὅτι
545 3545 607 3598 οὐ
636 3544 717 3597 δεῖ
746 3545 897 3614 παρά
923 3544 1033 3599 τῶν
1067 3544 1383 3615 αἱρετικῶν,
1421 3544 1454 3615 ἢ
1485 3543 1760 3599 Ἰουδαίων

162 3638 239 3691 τὰ
262 3639 593 3707 πεμπόμενα
619 3637 946 3710 ἑορταστικά
967 3637 1287 3708 λαμϐάνειν,
1317 3636 1452 3708 μηδὲ
1476 3639 1763 3709 συνεορτά-

166 3730 288 3796 ζειν
318 3730 525 3793 αὐτοῖς.

241 3820 348 3892 λη’.
393 3823 515 3877 Ὅτι
541 3822 601 3877 οὗ
634 3822 715 3876 δεῖ
752 3823 905 3893 παρά
949 3820 1059 3876 τῶν
1112 3820 1383 3875 Ἰουδαίων
1410 3820 1597 3892 ἄζυμα
1626 3819 1765 3890 λαμ-

168 3914 362 3967 ϐάνειν
392 3914 426 3984 ἢ
461 3916 740 3968 κοινωνεῖν
771 3916 891 3977 ταῖς
918 3911 1195 3977 ἀσεϐείαις
1226 3911 1424 3966 αὐτῶν.

248 4003 348 4060 λθ’.
405 4006 530 4060 Ὀτι
573 4006 635 4059 οὐ
684 4006 765 4059 δεῖ
824 4006 938 4069 τοῖς
990 4004 1170 4059 ἔθνεσι
1234 4001 1617 4075 συνεορτάζειν
1670 4000 1766 4056 καὶ

168 4100 454 4153 κοινωνεῖν
488 4100 555 4170 τῇ
582 4097 835 4169 ἀθεότητι
863 4096 1066 4152 αὐτῶν.

319 4213 592 4273 Συνόδου
618 4212 1038 4284 οὶκουμενικῆς
1070 4211 1253 4280 ἕκτης
1293 4210 1493 4269 κανὼν
1532 4219 1621 4268 ια’.

252 4314 345 4362 ια’.
384 4307 589 4374 Μηδεὶς
620 4306 729 4360 τῶν
769 4308 828 4361 ὲν
871 4303 1133 4376 ἱερατικῷ
1171 4304 1625 4375 καταλεγομένων
1669 4305 1768 4361 τά·

1936 3548 2027 3603 5-7.
2056 3546 2209 3613 Quod
2245 3562 2349 3601 non
2380 3553 2598 3617 oportet
2626 3561 2746 3617 qua:
2770 3561 2801 3603 a
2830 3544 3033 3601 Iudaeis
3062 3545 3147 3600 vel
3178 3543 3450 3599 haereticis

1865 3639 2158 3694 mittuntur
2210 3638 2403 3694 festiva
2456 3638 2745 3710 accipere,
2791 3654 2969 3710 neque
3031 3652 3139 3692 una
3192 3652 3318 3692 cum
3370 3636 3451 3692 eis

1866 3730 2067 3787 festum
2104 3745 2286 3801 agere.

1940 3824 2031 3879 58.
2074 3822 2229 3890 Quod
2266 3837 2371 3879 non
2406 3831 2624 3894 oportet
2666 3838 2696 3879 a
2728 3821 2933 3879 Judazis
2960 3837 3148 3894 azyma
3183 3820 3451 3890 accipere,

1869 3912 1955 3968 vel
1981 3928 2172 3968 eorum
2201 3913 2575 3983 impietatibus
2612 3913 3043 3968 communicare.

1942 4004 2030 4060 59.
2057 4002 2214 4070 Quod
2246 4020 2352 4061 non
2381 4013 2599 4073 oportet
2621 4019 2747 4059 cum
2770 4004 3027 4075 gentibus
3049 4002 3245 4059 festum
3271 4014 3455 4072 agerc,

1868 4106 2139 4154 eteorum
2175 4096 2440 4167 impietati
2471 4096 2895 4151 communicare.

2190 4206 2420 4264 Concilii
2450 4207 2759 4263 mcumem‘ci
2784 4223 2836 4263 vt
2862 4222 3028 4260 canon
3056 4208 3141 4262 Η.

1944 4298 2031 4354 il.
2060 4297 2234 4354 Nemo
2250 4313 2440 4355 eorum
2468 4299 2563 4368 qui
2586 4300 2639 4353 in
2671 4299 3208 4355 sacerdotaliordine
3231 4314 3457 4355 cnumc—

173 4410 353 4464 γματι
404 4394 439 4464 ἢ
497 4392 703 4459 λαῖκδς,
765 4392 837 4448 τά
893 4392 1042 4464 παρὰ
1088 4391 1197 4446 τῶν
1256 4390 1532 4447 Ἰουδαίων
1579 4393 1750 4466 ἄζυμα

1934 4399 2065 4447 ηιιιιιι·
2112 4392 2196 4446 vel
2236 4390 2409 4447 laicus
2463 4388 2777 4446 Judatorum
2848 4392 3119 4458 comedat,
3189 4400 3321 4458 etc.,
3398 4401 3458 4446 ut

172 4484 431 4549 ἐσθιέτω,
462 4502 517 4540 κ.
539 4503 590 4539 τ.
616 4485 667 4540 λ.

264 4578 332 4630 Ἢ
379 4583 429 4633 α’
474 4576 614 4632 διάτ.
666 4575 761 4657 τοῦ
811 4576 855 4631 θ’
903 4575 1011 4665 τίτ.
1066 4576 1159 4631 τοῦ
1209 4583 1258 4631 α’
1310 4576 1447 4648 βιδλ.
1496 4578 1589 4632 τοῦ
1634 4578 1766 4633 κὼδ.

176 4672 373 4743 φησὶν,
404 4670 488 4723 ὅτι
509 4669 571 4723 τὸ
594 4672 659 4741 τῇ
686 4669 848 4740 ὁμάδι
873 4670 983 4725 τῶν
1014 4669 1282 4724 Ἰουδαίων
1310 4670 1769 4743 ληγατευόμενον,

1875 4499 1999 4554 pag.
2026 4482 2152 4537 758.

1956 4579 2165 4631 Textm.
2195 4575 2358 4646 395
2395 4574 2586 4632 Const.
2629 4578 2681 4641 l,
2718 4576 2803 4632 tit.
2846 4576 2901 4643 9,
2942 4576 3038 4632 lib.
3098 4593 3115 4632 ι
3155 4575 3290 4635 Cod.
3344 4577 3455 4631 ait:

1880 4667 2036 4733 Quod
2070 4668 2413 4723 universitati
2452 4667 2767 4723 Iudaeorum
2824 4668 3056 4737 legatur,
3086 4684 3192 4722 non
3234 4668 3457 4737 petitur.

176 4767 283 4819 οὐκ
316 4764 649 4818 ἀπαιτεῖται’
680 4762 908 4832 λέγειδὲ
938 4763 1079 4833 βιδλ.
1107 4762 1203 4831 λδ’,
1233 4763 1419 4828 τίτ.ε’,
1445 4764 1587 4820 διάτ.
1609 4760 1748 4834 κ’,ὅτ

1936 4762 2027 4815 icit
2053 4774 2185 4816 vero
2218 4760 2379 4815 etiam
2402 4760 2495 4817 lib.
2527 4777 2711 4827 xxxnv,
2747 4763 2830 4816 tit.
2874 4761 2925 4823 5,
2960 4760 3157 4832 digest.
3188 4760 3220 4813 8
3253 4778 3266 4813 :
3301 4758 3457 4825 Quod

179 4859 245 4912 τὸ
284 4855 722 4927 ληγατευόμενον
772 4854 981 4926 θεμιτῷ
1036 4857 1325 4927 σωματείῳ
1366 4857 1399 4929 ἦ
1438 4858 1745 4928 συστήματι

1934 4853 2029 4907 :ito
2062 4853 2278 4922 corpori
2315 4861 2410 4907 aut
2460 4852 2692 4923 collegio
2729 4854 2960 4923 legatur,
3013 4853 3175 4905 valet.
3227 4850 3461 4904 Contra-

180 4948 462 5019 ἔρρωται·
515 4944 577 4998 τὸ
609 4944 850 4998 ἐναντίον
878 4944 937 4997 δὲ
966 4945 1058 4997 ἐπὶ
1100 4944 1380 5016 ἀθεμίτου,
1414 4946 1554 5018 πλὴν
1600 4949 1648 5000 εἰ
1699 4947 1750 5018 μὶ

1934 4962 2020 4999 um
2056 4954 2239 5001 autem
2270 4953 2355 5001 est
2398 4946 2450 5000 in
2514 4947 2705 5002 illicito
2755 4964 2771 5001 :
2811 4956 3171 5017 praeterquam
3200 4944 3243 4997 si
3281 4942 3335 4995 in
3367 4941 3459 4997 illo

175 5039 295 5100 τοῖς
324 5038 383 5089 ὲν
412 5034 491 5108 τῷ
540 5033 691 5104 αὐτῷ
721 5033 1058 5087 καθέκαστον
1103 5034 1436 5106 ληγατευθῇ·
1491 5038 1613 5089 τότε
1665 5040 1750 5109 γάι

1940 5038 2121 5107 ngulis
2170 5038 2398 5108 legetur,
2439 5046 2567 5093 tunc
2622 5038 2767 5093 enim
2816 5040 2980 5093 valet.
3034 5035 3233 5090 Multas
3275 5042 3459 5089 autem

178 5132 459 5201 ἔρρωται.
511 5127 689 5181 Πολλά
717 5127 772 5179 δὲ
800 5126 1024 5180 τοιαῦτα
1059 5127 1269 5197 θέματα
1304 5129 1415 5199 ἔχει
1460 5130 1489 5182 ὁ
1543 5130 1634 5201 μη¹
1670 5131 1750 5183 τίτ

1943 5130 2198 5185 liusmodi
2259 5129 2440 5202 [juris]
2484 5132 2781 5200 positiones
2816 5131 2898 5187 tit.
2938 5130 3028 5195 48,
3082 5130 3173 5183 lib.
3209 5145 3282 5193 vr,
3323 5128 3458 5183 Cod.

180 5222 279 5275 τοῦ
312 5220 364 5287 ς’
395 5220 536 5291 βιὸλ.
565 5221 659 5275 τοῦ
693 5219 821 5274 κώδ.
848 5222 881 5290 ὴ
914 5220 970 5273 δὲ
1005 5220 1047 5273 θ’
1071 5220 1212 5275 διάτ.
1244 5221 1337 5274 τοῦ
1373 5228 1440 5275 ια’
1473 5223 1579 5277 τίτ.
1610 5222 1703 5275 τοῦ
1730 5243 1750 5276 s

1934 5222 2067 5275 ibet.
2102 5221 2292 5277 Const.
2341 5238 2511 5291 porro
2538 5223 2592 5286 9,
2638 5224 2718 5277 tit.
2768 5223 2822 5287 2,
2869 5221 2965 5276 lib.
3008 5235 3047 5287 ι,
3084 5221 3195 5276 ait:
3240 5222 3296 5275 Si
3329 5220 3461 5290 quid

185 5312 335 5382 βιὸλ.
373 5313 563 5381 φησὶν,
598 5311 680 5364 ὅτι
707 5311 801 5363 ἐάν
827 5309 880 5362 τι
913 5310 1131 5381 δωρηθῇ
1165 5310 1198 5381 ἢ
1227 5312 1561 5383 καταλειφθῇ
1594 5312 1750 5365 τόποι

1934 5310 2282 5381 uibuspiam]
2310 5310 2451 5381 jocis
2494 5321 2591 5366 aut
2638 5312 2888 5381 personis
2918 5312 2982 5365 ad
3016 5312 3460 5365 consumendum

182 5407 217 5475 ἢ
249 5404 563 5475 προσώποις
591 5403 683 5455 ἐπὶ
710 5402 966 5455 συστάσει
990 5404 1088 5470 τῆς
1109 5402 1217 5454 τῶν
1250 5403 1519 5470 Ἑλλήνων
1543 5404 1750 5474 πλάνης

1934 5420 2221 5474 aganorum
2248 5419 2496 5459 errorem
2545 5407 2805 5459 donatum
2854 5413 2949 5458 aut
2980 5404 3229 5459 relictum
3260 5404 3457 5458 fuerit:

184 5501 218 5565 ἡ
258 5495 412 5559 πόλις
438 5495 571 5549 αὐτὸ
605 5494 873 5565 λαμὸάνει
920 5497 977 5547 ἐν
1096 5494 1166 5547 τά
1203 5496 1475 5565 πρόσωπα
1506 5499 1648 5550 οἰκεῖ
1674 5516 1687 5531 ο
1741 5500 1750 5549 i

1934 5498 2077 5552 vitas
2122 5498 2175 5551 in
2225 5513 2329 5566 qua
2388 5513 2635 5565 personae
2670 5496 2936 5562 habitant,
2966 5498 3047 5552 vel
3075 5498 3178 5552 sub
3208 5514 3314 5568 qua
3346 5498 3459 5555 loca

184 5590 277 5658 ὑφ’
307 5592 373 5659 ἢν
426 5590 477 5643 οἱ
531 5590 687 5642 τόποι
734 5588 1032 5642 διάκεινται
1074 5590 1166 5642 καὶ
1218 5589 1597 5658 δαπανῶνται,
1650 5591 1750 5647 καθ

1936 5600 1989 5645 ta
2012 5600 2163 5656 sunt,
2185 5590 2317 5645 illud
2342 5592 2595 5661 percipit,
2614 5598 2667 5646 et
2690 5590 2755 5646 ad
2778 5590 3192 5647 similitudinem
3217 5591 3454 5647 civiliutt

184 5679 479 5750 ὁμοιότητα
508 5678 619 5734 τῶν
653 5678 946 5732 πολιτικῶν
975 5679 1276 5748 προσόδων.

1934 5691 2254 5736 rovcntuum
2296 5679 2613 5735 insumitur.
