  <div class='ocr_page' id='page_1' title='image "/cluster/home/n/w/nwhite01/storage/ocr_20150623/104 pt.4/mdp.39015061931229/451.png"; bbox 0 0 3904 6220; ppageno 0'>
   <div class='ocr_carea' id='block_1_1' title="bbox 371 267 478 335">
    <p class='ocr_par' dir='ltr' id='par_1_1' title="bbox 371 267 478 335">
     <span class='ocr_line' id='line_1_1' title="bbox 371 267 478 335; baseline 0 0"><span class='ocrx_word' id='word_1_1' title='bbox 371 267 478 335; x_wconf 80' lang='lat'><strong><em>883</em></strong></span> 
     </span>
    </p>
   </div>
   <div class='ocr_carea' id='block_1_2' title="bbox 1523 258 2461 324">
    <p class='ocr_par' dir='ltr' id='par_1_2' title="bbox 1523 258 2461 324">
     <span class='ocr_line' id='line_1_2' title="bbox 1523 258 2461 324; baseline -0.005 0"><span class='ocrx_word' id='word_1_2' title='bbox 1523 261 1782 324; x_wconf 89' lang='lat' dir='ltr'><strong><em>PHOTII</em></strong></span> <span class='ocrx_word' id='word_1_3' title='bbox 1803 258 2307 322; x_wconf 69' lang='lat' dir='ltr'><strong><em>PATRIARCHAE</em></strong></span> <span class='ocrx_word' id='word_1_4' title='bbox 2351 259 2461 320; x_wconf 73' lang='grc' dir='ltr'><strong><em>(ΖΡ.</em></strong></span> 
     </span>
    </p>
   </div>
   <div class='ocr_carea' id='block_1_3' title="bbox 3527 256 3624 324">
    <p class='ocr_par' dir='ltr' id='par_1_3' title="bbox 3527 256 3624 324">
     <span class='ocr_line' id='line_1_3' title="bbox 3527 256 3624 324; baseline -0.041 0"><span class='ocrx_word' id='word_1_5' title='bbox 3527 256 3624 324; x_wconf 70' lang='grc'><strong><em>884</em></strong></span> 
     </span>
    </p>
   </div>
   <div class='ocr_carea' id='block_1_4' title="bbox 445 363 1959 458">
    <p class='ocr_par' dir='ltr' id='par_1_4' title="bbox 445 371 1956 458">
     <span class='ocr_line' id='line_1_4' title="bbox 445 371 1956 458; baseline -0.009 -22"><span class='ocrx_word' id='word_1_6' title='bbox 445 377 598 436; x_wconf 78' lang='lat' dir='ltr'><strong>CAP.</strong></span> <span class='ocrx_word' id='word_1_7' title='bbox 630 375 699 434; x_wconf 74' lang='grc' dir='ltr'><strong><em>Χ.</em></strong></span> <span class='ocrx_word' id='word_1_8' title='bbox 722 405 794 420; x_wconf 90' lang='lat'><strong><em>—-</em></strong></span> <span class='ocrx_word' id='word_1_9' title='bbox 814 374 890 430; x_wconf 84' lang='lat' dir='ltr'><strong><em>De</em></strong></span> <span class='ocrx_word' id='word_1_10' title='bbox 920 375 1157 446; x_wconf 78' lang='lat' dir='ltr'><strong><em>episcopo</em></strong></span> <span class='ocrx_word' id='word_1_11' title='bbox 1183 372 1274 445; x_wconf 82' lang='lat' dir='ltr'><strong><em>qui</em></strong></span> <span class='ocrx_word' id='word_1_12' title='bbox 1307 371 1444 458; x_wconf 75' lang='lat' dir='ltr'><strong><em>scire</em></strong></span> <span class='ocrx_word' id='word_1_13' title='bbox 1492 387 1548 426; x_wconf 76' lang='lat' dir='ltr'><strong><em>se</em></strong></span> <span class='ocrx_word' id='word_1_14' title='bbox 1593 371 1722 428; x_wconf 88' lang='lat' dir='ltr'><strong><em>dicit</em></strong></span> <span class='ocrx_word' id='word_1_15' title='bbox 1744 371 1956 426; x_wconf 65' lang='lat' dir='ltr'><strong><em>haereti-</em></strong></span> 
     </span>
    </p>
   </div>
   <div class='ocr_carea' id='block_1_5' title="bbox 2098 363 3626 458">
    <p class='ocr_par' dir='ltr' id='par_1_5' title="bbox 2126 363 3626 436">
     <span class='ocr_line' id='line_1_5' title="bbox 2126 363 3626 436; baseline 0.001 -14"><span class='ocrx_word' id='word_1_16' title='bbox 2126 369 2378 423; x_wconf 82' lang='grc' dir='ltr'><strong><em>ΚΕΦΑΛ.</em></strong></span> <span class='ocrx_word' id='word_1_17' title='bbox 2419 365 2474 421; x_wconf 91' lang='lat' dir='ltr'><strong><em>l&#39;.</em></strong></span> <span class='ocrx_word' id='word_1_18' title='bbox 2517 397 2588 409; x_wconf 92' lang='lat'>—</span> <span class='ocrx_word' id='word_1_19' title='bbox 2629 365 2766 436; x_wconf 73' lang='grc' dir='ltr'>Περὶ</span> <span class='ocrx_word' id='word_1_20' title='bbox 2793 366 3132 420; x_wconf 80' lang='grc' dir='ltr'><strong><em>ἐπισκόπου</em></strong></span> <span class='ocrx_word' id='word_1_21' title='bbox 3177 364 3249 418; x_wconf 82' lang='grc' dir='ltr'>ἐν</span> <span class='ocrx_word' id='word_1_22' title='bbox 3281 363 3500 434; x_wconf 79' lang='grc' dir='ltr'>είδήσει</span> <span class='ocrx_word' id='word_1_23' title='bbox 3536 371 3626 423; x_wconf 69' lang='grc' dir='ltr'><strong><em>λέ·</em></strong></span> 
     </span>
    </p>
   </div>
   <div class='ocr_carea' id='block_1_6' title="bbox 375 469 952 530">
    <p class='ocr_par' dir='ltr' id='par_1_6' title="bbox 375 469 952 530">
     <span class='ocr_line' id='line_1_6' title="bbox 375 469 952 530; baseline -0.014 0"><span class='ocrx_word' id='word_1_24' title='bbox 375 489 493 530; x_wconf 74' lang='lat' dir='ltr'><strong><em>cum</em></strong></span> <span class='ocrx_word' id='word_1_25' title='bbox 520 469 952 528; x_wconf 77' lang='lat' dir='ltr'><strong><em>communicasse.</em></strong></span> 
     </span>
    </p>
   </div>
   <div class='ocr_carea' id='block_1_7' title="bbox 649 552 1708 626">
    <p class='ocr_par' dir='ltr' id='par_1_7' title="bbox 649 552 1708 626">
     <span class='ocr_line' id='line_1_7' title="bbox 649 552 1708 626; baseline -0.007 -11"><span class='ocrx_word' id='word_1_26' title='bbox 649 558 877 615; x_wconf 84' lang='lat' dir='ltr'><strong><em>Concitii</em></strong></span> <span class='ocrx_word' id='word_1_27' title='bbox 910 555 1345 626; x_wconf 74' lang='lat' dir='ltr'><strong><em>Cartt&#39;zaginensis</em></strong></span> <span class='ocrx_word' id='word_1_28' title='bbox 1377 569 1552 609; x_wconf 88' lang='lat' dir='ltr'><strong><em>canon</em></strong></span> <span class='ocrx_word' id='word_1_29' title='bbox 1583 552 1708 610; x_wconf 69' lang='lat'><strong>124.</strong></span> 
     </span>
    </p>
   </div>
   <div class='ocr_carea' id='block_1_8' title="bbox 444 641 1966 722">
    <p class='ocr_par' dir='ltr' id='par_1_8' title="bbox 444 641 1966 722">
     <span class='ocr_line' id='line_1_8' title="bbox 444 641 1966 722; baseline -0.007 -17"><span class='ocrx_word' id='word_1_30' title='bbox 444 645 524 706; x_wconf 82' lang='lat' dir='ltr'><strong><em>De</em></strong></span> <span class='ocrx_word' id='word_1_31' title='bbox 551 649 807 722; x_wconf 70' lang='lat' dir='ltr'><strong><em>episcopis</em></strong></span> <span class='ocrx_word' id='word_1_32' title='bbox 831 647 921 718; x_wconf 69' lang='lat' dir='ltr'><strong><em>qui</em></strong></span> <span class='ocrx_word' id='word_1_33' title='bbox 948 644 1263 701; x_wconf 67' lang='lat' dir='ltr'><strong><em>Donatistae</em></strong></span> <span class='ocrx_word' id='word_1_34' title='bbox 1293 644 1712 700; x_wconf 73' lang='lat' dir='ltr'><strong><em>communicasse</em></strong></span> <span class='ocrx_word' id='word_1_35' title='bbox 1758 641 1966 697; x_wconf 86' lang='lat' dir='ltr'><strong><em>mentiti</em></strong></span> 
     </span>
    </p>
   </div>
   <div class='ocr_carea' id='block_1_9' title="bbox 379 742 600 817">
    <p class='ocr_par' dir='ltr' id='par_1_9' title="bbox 379 742 600 817">
     <span class='ocr_line' id='line_1_9' title="bbox 379 742 600 817; baseline -0.018 -18"><span class='ocrx_word' id='word_1_36' title='bbox 379 742 600 817; x_wconf 72' lang='lat' dir='ltr'><strong><em>fuerint.</em></strong></span> 
     </span>
    </p>
   </div>
   <div class='ocr_carea' id='block_1_10' title="bbox 449 826 1965 903">
    <p class='ocr_par' dir='ltr' id='par_1_10' title="bbox 449 826 1965 903">
     <span class='ocr_line' id='line_1_10' title="bbox 449 826 1965 903; baseline -0.006 -12"><span class='ocrx_word' id='word_1_37' title='bbox 449 836 574 892; x_wconf 61' lang='grc' dir='ltr'>ιιι.</span> <span class='ocrx_word' id='word_1_38' title='bbox 606 833 664 890; x_wconf 90' lang='lat' dir='ltr'><strong><em>Si</em></strong></span> <span class='ocrx_word' id='word_1_39' title='bbox 691 840 874 888; x_wconf 86' lang='lat' dir='ltr'><strong><em>autem</em></strong></span> <span class='ocrx_word' id='word_1_40' title='bbox 909 831 1196 903; x_wconf 89' lang='lat' dir='ltr'><strong><em>probatum</em></strong></span> <span class='ocrx_word' id='word_1_41' title='bbox 1241 828 1426 892; x_wconf 79' lang='lat' dir='ltr'><strong><em>fuerit,</em></strong></span> <span class='ocrx_word' id='word_1_42' title='bbox 1474 842 1599 883; x_wconf 91' lang='lat' dir='ltr'><strong><em>eum</em></strong></span> <span class='ocrx_word' id='word_1_43' title='bbox 1623 826 1691 883; x_wconf 86' lang='lat' dir='ltr'><strong><em>de</em></strong></span> <span class='ocrx_word' id='word_1_44' title='bbox 1713 841 1965 882; x_wconf 88' lang='lat' dir='ltr'><strong><em>commu-</em></strong></span> 
     </span>
    </p>
   </div>
   <div class='ocr_carea' id='block_1_11' title="bbox 393 917 1891 989">
    <p class='ocr_par' dir='ltr' id='par_1_11' title="bbox 393 917 1891 989">
     <span class='ocr_line' id='line_1_11' title="bbox 393 917 1891 989; baseline -0.007 -5"><span class='ocrx_word' id='word_1_45' title='bbox 393 929 560 985; x_wconf 87' lang='lat' dir='ltr'><strong><em>nione</em></strong></span> <span class='ocrx_word' id='word_1_46' title='bbox 593 927 812 982; x_wconf 87' lang='lat' dir='ltr'><strong><em>illorum</em></strong></span> <span class='ocrx_word' id='word_1_47' title='bbox 850 924 1018 981; x_wconf 79' lang='lat' dir='ltr'><strong><em>fuisse</em></strong></span> <span class='ocrx_word' id='word_1_48' title='bbox 1047 922 1356 983; x_wconf 86' lang='lat' dir='ltr'><strong><em>mentitum,</em></strong></span> <span class='ocrx_word' id='word_1_49' title='bbox 1378 931 1511 985; x_wconf 84' lang='lat' dir='ltr'><strong><em>et.c.,</em></strong></span> <span class='ocrx_word' id='word_1_50' title='bbox 1542 931 1596 972; x_wconf 83' lang='lat' dir='ltr'><strong><em>ut</em></strong></span> <span class='ocrx_word' id='word_1_51' title='bbox 1624 917 1891 989; x_wconf 77' lang='lat' dir='ltr'><strong><em>pag.68‘2.</em></strong></span> 
     </span>
    </p>
   </div>
   <div class='ocr_carea' id='block_1_12' title="bbox 445 1010 1962 1074">
    <p class='ocr_par' dir='ltr' id='par_1_12' title="bbox 445 1010 1962 1074">
     <span class='ocr_line' id='line_1_12' title="bbox 445 1010 1962 1074; baseline -0.009 0"><span class='ocrx_word' id='word_1_52' title='bbox 445 1018 601 1074; x_wconf 90' lang='lat' dir='ltr'><strong>CAP.</strong></span> <span class='ocrx_word' id='word_1_53' title='bbox 629 1017 724 1072; x_wconf 86' lang='grc' dir='ltr'>ΧΙ.</span> <span class='ocrx_word' id='word_1_54' title='bbox 750 1049 820 1060; x_wconf 88' lang='lat'><strong><em>-—</em></strong></span> <span class='ocrx_word' id='word_1_55' title='bbox 861 1015 984 1074; x_wconf 87' lang='lat' dir='ltr'><strong><em>Non</em></strong></span> <span class='ocrx_word' id='word_1_56' title='bbox 1014 1031 1127 1070; x_wconf 78' lang='lat' dir='ltr'><strong><em>esse</em></strong></span> <span class='ocrx_word' id='word_1_57' title='bbox 1170 1013 1468 1068; x_wconf 83' lang='lat' dir='ltr'><strong><em>abeundum</em></strong></span> <span class='ocrx_word' id='word_1_58' title='bbox 1495 1016 1563 1066; x_wconf 88' lang='lat' dir='ltr'><strong><em>ad</em></strong></span> <span class='ocrx_word' id='word_1_59' title='bbox 1595 1010 1962 1065; x_wconf 72' lang='lat' dir='ltr'><strong><em>haereticorum</em></strong></span> 
     </span>
    </p>
   </div>
   <div class='ocr_carea' id='block_1_13' title="bbox 377 1113 857 1184">
    <p class='ocr_par' dir='ltr' id='par_1_13' title="bbox 377 1113 857 1184">
     <span class='ocr_line' id='line_1_13' title="bbox 377 1113 857 1184; baseline -0.017 -14"><span class='ocrx_word' id='word_1_60' title='bbox 377 1113 857 1184; x_wconf 76' lang='lat' dir='ltr'><strong><em>pseudomartyres.</em></strong></span> 
     </span>
    </p>
   </div>
   <div class='ocr_carea' id='block_1_14' title="bbox 741 1194 1596 1257">
    <p class='ocr_par' dir='ltr' id='par_1_14' title="bbox 741 1194 1596 1257">
     <span class='ocr_line' id='line_1_14' title="bbox 741 1194 1596 1257; baseline -0.009 -1"><span class='ocrx_word' id='word_1_61' title='bbox 741 1201 969 1257; x_wconf 82' lang='lat' dir='ltr'><strong><em>Concilii</em></strong></span> <span class='ocrx_word' id='word_1_62' title='bbox 990 1197 1278 1253; x_wconf 82' lang='lat' dir='ltr'><strong><em>Laodiceni</em></strong></span> <span class='ocrx_word' id='word_1_63' title='bbox 1310 1212 1479 1250; x_wconf 85' lang='lat' dir='ltr'><strong><em>canon</em></strong></span> <span class='ocrx_word' id='word_1_64' title='bbox 1505 1194 1596 1249; x_wconf 72' lang='grc'><strong><em>54.</em></strong></span> 
     </span>
    </p>
   </div>
   <div class='ocr_carea' id='block_1_15' title="bbox 453 1286 1956 1362">
    <p class='ocr_par' dir='ltr' id='par_1_15' title="bbox 453 1286 1956 1362">
     <span class='ocr_line' id='line_1_15' title="bbox 453 1286 1956 1362; baseline -0.009 -11"><span class='ocrx_word' id='word_1_65' title='bbox 453 1295 525 1351; x_wconf 66' lang='grc'><strong><em>54</em></strong></span> <span class='ocrx_word' id='word_1_66' title='bbox 598 1292 758 1362; x_wconf 86' lang='lat' dir='ltr'><strong><em>Quod</em></strong></span> <span class='ocrx_word' id='word_1_67' title='bbox 822 1309 930 1348; x_wconf 91' lang='lat' dir='ltr'><strong><em>non</em></strong></span> <span class='ocrx_word' id='word_1_68' title='bbox 996 1299 1214 1362; x_wconf 79' lang='lat' dir='ltr'><strong><em>Oportet</em></strong></span> <span class='ocrx_word' id='word_1_69' title='bbox 1293 1303 1510 1344; x_wconf 89' lang='lat' dir='ltr'><strong><em>omnem</em></strong></span> <span class='ocrx_word' id='word_1_70' title='bbox 1580 1286 1956 1341; x_wconf 90' lang='lat' dir='ltr'><strong><em>Christianum</em></strong></span> 
     </span>
    </p>
   </div>
   <div class='ocr_carea' id='block_1_16' title="bbox 375 1377 1958 1456">
    <p class='ocr_par' dir='ltr' id='par_1_16' title="bbox 375 1377 1958 1456">
     <span class='ocr_line' id='line_1_16' title="bbox 375 1377 1958 1456; baseline -0.006 -14"><span class='ocrx_word' id='word_1_71' title='bbox 375 1387 580 1442; x_wconf 84' lang='lat' dir='ltr'><strong><em>Christi</em></strong></span> <span class='ocrx_word' id='word_1_72' title='bbox 662 1395 931 1456; x_wconf 82' lang='lat' dir='ltr'><strong><em>martyres</em></strong></span> <span class='ocrx_word' id='word_1_73' title='bbox 972 1383 1303 1452; x_wconf 80' lang='lat' dir='ltr'><strong><em>relinquere,</em></strong></span> <span class='ocrx_word' id='word_1_74' title='bbox 1345 1379 1512 1451; x_wconf 78' lang='lat'><strong><em>396</em></strong></span> <span class='ocrx_word' id='word_1_75' title='bbox 1561 1389 1615 1434; x_wconf 92' lang='lat' dir='ltr'><strong><em>et</em></strong></span> <span class='ocrx_word' id='word_1_76' title='bbox 1663 1379 1728 1432; x_wconf 88' lang='lat' dir='ltr'><strong><em>ad</em></strong></span> <span class='ocrx_word' id='word_1_77' title='bbox 1785 1377 1958 1433; x_wconf 80' lang='lat' dir='ltr'><strong><em>falsos</em></strong></span> 
     </span>
    </p>
   </div>
   <div class='ocr_carea' id='block_1_17' title="bbox 376 1469 1954 1552">
    <p class='ocr_par' dir='ltr' id='par_1_17' title="bbox 376 1469 1954 1552">
     <span class='ocr_line' id='line_1_17' title="bbox 376 1469 1954 1552; baseline -0.008 -16"><span class='ocrx_word' id='word_1_78' title='bbox 376 1489 671 1552; x_wconf 84' lang='lat' dir='ltr'><strong><em>martyres,</em></strong></span> <span class='ocrx_word' id='word_1_79' title='bbox 733 1479 838 1532; x_wconf 89' lang='lat' dir='ltr'><strong><em>hoc</em></strong></span> <span class='ocrx_word' id='word_1_80' title='bbox 884 1485 990 1540; x_wconf 87' lang='lat' dir='ltr'><strong><em>est,</em></strong></span> <span class='ocrx_word' id='word_1_81' title='bbox 1043 1475 1332 1529; x_wconf 81' lang='lat' dir='ltr'><strong><em>haereticos</em></strong></span> <span class='ocrx_word' id='word_1_82' title='bbox 1380 1472 1551 1537; x_wconf 87' lang='lat' dir='ltr'><strong><em>abire,</em></strong></span> <span class='ocrx_word' id='word_1_83' title='bbox 1585 1470 1668 1523; x_wconf 79' lang='lat' dir='ltr'><strong><em>vel</em></strong></span> <span class='ocrx_word' id='word_1_84' title='bbox 1715 1484 1812 1524; x_wconf 89' lang='lat' dir='ltr'><strong><em>eos</em></strong></span> <span class='ocrx_word' id='word_1_85' title='bbox 1860 1469 1954 1539; x_wconf 91' lang='lat' dir='ltr'><strong><em>qui</em></strong></span> 
     </span>
    </p>
   </div>
   <div class='ocr_carea' id='block_1_18' title="bbox 377 1559 1954 1645">
    <p class='ocr_par' dir='ltr' id='par_1_18' title="bbox 377 1559 1954 1645">
     <span class='ocr_line' id='line_1_18' title="bbox 377 1559 1954 1645; baseline -0.011 -16"><span class='ocrx_word' id='word_1_86' title='bbox 377 1574 529 1645; x_wconf 88' lang='lat' dir='ltr'><strong><em>prius</em></strong></span> <span class='ocrx_word' id='word_1_87' title='bbox 561 1570 800 1626; x_wconf 75' lang='lat' dir='ltr'><strong><em>haeretici</em></strong></span> <span class='ocrx_word' id='word_1_88' title='bbox 847 1566 1020 1622; x_wconf 85' lang='lat' dir='ltr'><strong><em>fuere.</em></strong></span> <span class='ocrx_word' id='word_1_89' title='bbox 1078 1565 1143 1619; x_wconf 82' lang='lat' dir='ltr'><strong><em>iii</em></strong></span> <span class='ocrx_word' id='word_1_90' title='bbox 1190 1564 1336 1620; x_wconf 88' lang='lat' dir='ltr'><strong><em>enim</em></strong></span> <span class='ocrx_word' id='word_1_91' title='bbox 1374 1571 1507 1620; x_wconf 88' lang='lat' dir='ltr'><strong><em>sunt</em></strong></span> <span class='ocrx_word' id='word_1_92' title='bbox 1547 1576 1578 1616; x_wconf 84' lang='lat' dir='ltr'><strong><em>a</em></strong></span> <span class='ocrx_word' id='word_1_93' title='bbox 1626 1559 1735 1615; x_wconf 86' lang='lat' dir='ltr'><strong><em>Deo</em></strong></span> <span class='ocrx_word' id='word_1_94' title='bbox 1770 1559 1954 1614; x_wconf 89' lang='lat' dir='ltr'><strong><em>alieni.</em></strong></span> 
     </span>
    </p>
   </div>
   <div class='ocr_carea' id='block_1_19' title="bbox 378 1655 1584 1735">
    <p class='ocr_par' dir='ltr' id='par_1_19' title="bbox 378 1655 1584 1735">
     <span class='ocr_line' id='line_1_19' title="bbox 378 1655 1584 1735; baseline -0.01 -15"><span class='ocrx_word' id='word_1_95' title='bbox 378 1663 502 1720; x_wconf 86' lang='lat' dir='ltr'><strong><em>Sint</em></strong></span> <span class='ocrx_word' id='word_1_96' title='bbox 533 1678 666 1735; x_wconf 73' lang='lat' dir='ltr'><strong><em>ergo</em></strong></span> <span class='ocrx_word' id='word_1_97' title='bbox 694 1659 984 1716; x_wconf 83' lang='lat' dir='ltr'><strong><em>anathema</em></strong></span> <span class='ocrx_word' id='word_1_98' title='bbox 1010 1655 1105 1728; x_wconf 92' lang='lat' dir='ltr'><strong><em>qui</em></strong></span> <span class='ocrx_word' id='word_1_99' title='bbox 1136 1657 1202 1711; x_wconf 86' lang='lat' dir='ltr'><strong><em>ad</em></strong></span> <span class='ocrx_word' id='word_1_100' title='bbox 1231 1670 1328 1711; x_wconf 88' lang='lat' dir='ltr'><strong><em>eos</em></strong></span> <span class='ocrx_word' id='word_1_101' title='bbox 1361 1657 1584 1709; x_wconf 83' lang='lat' dir='ltr'><strong><em>abeunt.</em></strong></span> 
     </span>
    </p>
   </div>
   <div class='ocr_carea' id='block_1_20' title="bbox 450 1837 1956 1911">
    <p class='ocr_par' dir='ltr' id='par_1_20' title="bbox 450 1837 1956 1911">
     <span class='ocr_line' id='line_1_20' title="bbox 450 1837 1956 1911; baseline -0.004 -10"><span class='ocrx_word' id='word_1_102' title='bbox 450 1843 608 1901; x_wconf 84' lang='lat' dir='ltr'><strong>CAP.</strong></span> <span class='ocrx_word' id='word_1_103' title='bbox 640 1841 757 1901; x_wconf 84' lang='lat' dir='ltr'><strong><em>XII.</em></strong></span> <span class='ocrx_word' id='word_1_104' title='bbox 795 1872 863 1885; x_wconf 83' lang='lat'><strong><em>-—-</em></strong></span> <span class='ocrx_word' id='word_1_105' title='bbox 890 1839 974 1896; x_wconf 84' lang='lat' dir='ltr'><strong><em>Ne</em></strong></span> <span class='ocrx_word' id='word_1_106' title='bbox 999 1837 1236 1896; x_wconf 70' lang='lat' dir='ltr'><strong><em>haeretici</em></strong></span> <span class='ocrx_word' id='word_1_107' title='bbox 1253 1838 1535 1894; x_wconf 82' lang='lat' dir='ltr'><strong><em>ecclesiam</em></strong></span> <span class='ocrx_word' id='word_1_108' title='bbox 1561 1838 1956 1911; x_wconf 84' lang='lat' dir='ltr'><strong><em>ingrediantur.</em></strong></span> 
     </span>
    </p>
   </div>
   <div class='ocr_carea' id='block_1_21' title="bbox 746 2020 1566 2078">
    <p class='ocr_par' dir='ltr' id='par_1_21' title="bbox 746 2020 1566 2078">
     <span class='ocr_line' id='line_1_21' title="bbox 746 2020 1566 2078; baseline -0.005 0"><span class='ocrx_word' id='word_1_109' title='bbox 746 2023 970 2078; x_wconf 81' lang='lat' dir='ltr'><strong><em>Concilii</em></strong></span> <span class='ocrx_word' id='word_1_110' title='bbox 999 2020 1280 2076; x_wconf 87' lang='lat' dir='ltr'><strong><em>Laodiceni</em></strong></span> <span class='ocrx_word' id='word_1_111' title='bbox 1305 2036 1475 2074; x_wconf 82' lang='lat' dir='ltr'><strong><em>canon</em></strong></span> <span class='ocrx_word' id='word_1_112' title='bbox 1512 2020 1566 2075; x_wconf 83' lang='lat'><strong>6.</strong></span> 
     </span>
    </p>
   </div>
   <div class='ocr_carea' id='block_1_22' title="bbox 447 2113 1962 2186">
    <p class='ocr_par' dir='ltr' id='par_1_22' title="bbox 447 2113 1962 2186">
     <span class='ocr_line' id='line_1_22' title="bbox 447 2113 1962 2186; baseline -0.002 -14"><span class='ocrx_word' id='word_1_113' title='bbox 447 2115 500 2172; x_wconf 85' lang='lat'><strong>6.</strong></span> <span class='ocrx_word' id='word_1_114' title='bbox 525 2114 646 2172; x_wconf 84' lang='lat' dir='ltr'><strong><em>Non</em></strong></span> <span class='ocrx_word' id='word_1_115' title='bbox 676 2116 990 2186; x_wconf 80' lang='lat' dir='ltr'><strong><em>permittere</em></strong></span> <span class='ocrx_word' id='word_1_116' title='bbox 1036 2113 1322 2177; x_wconf 85' lang='lat' dir='ltr'><strong><em>haereticis,</em></strong></span> <span class='ocrx_word' id='word_1_117' title='bbox 1361 2121 1422 2167; x_wconf 88' lang='lat' dir='ltr'><strong><em>ut</em></strong></span> <span class='ocrx_word' id='word_1_118' title='bbox 1454 2113 1506 2166; x_wconf 92' lang='lat' dir='ltr'><strong><em>in</em></strong></span> <span class='ocrx_word' id='word_1_119' title='bbox 1577 2113 1802 2168; x_wconf 89' lang='lat' dir='ltr'><strong><em>domum</em></strong></span> <span class='ocrx_word' id='word_1_120' title='bbox 1858 2113 1962 2170; x_wconf 57' lang='lat' dir='ltr'><strong><em>Dec</em></strong></span> 
     </span>
    </p>
   </div>
   <div class='ocr_carea' id='block_1_23' title="bbox 379 2204 1723 2281">
    <p class='ocr_par' dir='ltr' id='par_1_23' title="bbox 379 2204 1723 2281">
     <span class='ocr_line' id='line_1_23' title="bbox 379 2204 1723 2281; baseline -0.007 -14"><span class='ocrx_word' id='word_1_121' title='bbox 379 2210 511 2267; x_wconf 76' lang='lat' dir='ltr'><strong><em>nimi</em></strong></span> <span class='ocrx_word' id='word_1_122' title='bbox 543 2207 940 2281; x_wconf 79' lang='lat' dir='ltr'><strong><em>ingrediantur,</em></strong></span> <span class='ocrx_word' id='word_1_123' title='bbox 965 2205 1008 2260; x_wconf 93' lang='lat' dir='ltr'><strong><em>si</em></strong></span> <span class='ocrx_word' id='word_1_124' title='bbox 1042 2205 1096 2259; x_wconf 89' lang='lat' dir='ltr'><strong><em>in</em></strong></span> <span class='ocrx_word' id='word_1_125' title='bbox 1125 2204 1314 2259; x_wconf 61' lang='lat' dir='ltr'><strong><em>haeresi</em></strong></span> <span class='ocrx_word' id='word_1_126' title='bbox 1346 2212 1723 2274; x_wconf 83' lang='lat' dir='ltr'><strong><em>permaneant.</em></strong></span> 
     </span>
    </p>
   </div>
   <div class='ocr_carea' id='block_1_24' title="bbox 448 2394 1960 2465">
    <p class='ocr_par' dir='ltr' id='par_1_24' title="bbox 448 2394 1960 2465">
     <span class='ocr_line' id='line_1_24' title="bbox 448 2394 1960 2465; baseline -0.001 -13"><span class='ocrx_word' id='word_1_127' title='bbox 448 2395 602 2452; x_wconf 85' lang='lat' dir='ltr'><strong>CAP.</strong></span> <span class='ocrx_word' id='word_1_128' title='bbox 635 2394 776 2452; x_wconf 82' lang='lat' dir='ltr'><strong>XIII.</strong></span> <span class='ocrx_word' id='word_1_129' title='bbox 801 2424 864 2435; x_wconf 94' lang='lat'>—</span> <span class='ocrx_word' id='word_1_130' title='bbox 899 2395 976 2450; x_wconf 91' lang='lat' dir='ltr'><strong><em>De</em></strong></span> <span class='ocrx_word' id='word_1_131' title='bbox 1007 2395 1374 2450; x_wconf 66' lang='lat' dir='ltr'><strong><em>haereticorum</em></strong></span> <span class='ocrx_word' id='word_1_132' title='bbox 1405 2394 1604 2465; x_wconf 81' lang='lat' dir='ltr'><strong><em>nuptiis</em></strong></span> <span class='ocrx_word' id='word_1_133' title='bbox 1635 2411 1754 2449; x_wconf 78' lang='lat' dir='ltr'><strong><em>cum</em></strong></span> <span class='ocrx_word' id='word_1_134' title='bbox 1776 2396 1960 2450; x_wconf 79' lang='lat' dir='ltr'><strong><em>ortho—</em></strong></span> 
     </span>
    </p>
   </div>
   <div class='ocr_carea' id='block_1_25' title="bbox 378 2490 1697 2636">
    <p class='ocr_par' dir='ltr' id='par_1_25' title="bbox 378 2490 1697 2636">
     <span class='ocr_line' id='line_1_25' title="bbox 378 2490 1697 2636; baseline -0.002 -5"><span class='ocrx_word' id='word_1_135' title='bbox 378 2490 559 2541; x_wconf 53' lang='lat' dir='ltr'><strong><em>dox“.</em></strong></span> <span class='ocrx_word' id='word_1_136' title='bbox 648 2574 878 2631; x_wconf 81' lang='lat' dir='ltr'><strong><em>Conciiii</em></strong></span> <span class='ocrx_word' id='word_1_137' title='bbox 908 2573 1196 2629; x_wconf 86' lang='lat' dir='ltr'><strong><em>Laodiceni</em></strong></span> <span class='ocrx_word' id='word_1_138' title='bbox 1234 2591 1458 2628; x_wconf 79' lang='lat' dir='ltr'><strong><em>canones</em></strong></span> <span class='ocrx_word' id='word_1_139' title='bbox 1489 2573 1580 2636; x_wconf 80' lang='lat' dir='ltr'><strong><em>i0,</em></strong></span> <span class='ocrx_word' id='word_1_140' title='bbox 1607 2563 1697 2629; x_wconf 75' lang='lat' dir='ltr'><strong><em>5i.</em></strong></span> 
     </span>
    </p>
   </div>
   <div class='ocr_carea' id='block_1_26' title="bbox 449 2665 1960 2737">
    <p class='ocr_par' dir='ltr' id='par_1_26' title="bbox 449 2665 1960 2737">
     <span class='ocr_line' id='line_1_26' title="bbox 449 2665 1960 2737; baseline -0.002 -13"><span class='ocrx_word' id='word_1_141' title='bbox 449 2668 537 2724; x_wconf 65' lang='lat'><strong><em>£0.</em></strong></span> <span class='ocrx_word' id='word_1_142' title='bbox 571 2666 690 2723; x_wconf 86' lang='lat' dir='ltr'><strong><em>Non</em></strong></span> <span class='ocrx_word' id='word_1_143' title='bbox 715 2677 965 2737; x_wconf 81' lang='lat' dir='ltr'><strong><em>oportere</em></strong></span> <span class='ocrx_word' id='word_1_144' title='bbox 989 2682 1086 2722; x_wconf 91' lang='lat' dir='ltr'><strong><em>eos</em></strong></span> <span class='ocrx_word' id='word_1_145' title='bbox 1114 2667 1206 2736; x_wconf 91' lang='lat' dir='ltr'><strong><em>qui</em></strong></span> <span class='ocrx_word' id='word_1_146' title='bbox 1248 2675 1378 2721; x_wconf 89' lang='lat' dir='ltr'><strong><em>sunt</em></strong></span> <span class='ocrx_word' id='word_1_147' title='bbox 1401 2665 1674 2732; x_wconf 84' lang='lat' dir='ltr'><strong><em>Ecclesiae,</em></strong></span> <span class='ocrx_word' id='word_1_148' title='bbox 1706 2666 1960 2723; x_wconf 75' lang='lat' dir='ltr'><strong><em>Indiscri-</em></strong></span> 
     </span>
    </p>
   </div>
   <div class='ocr_carea' id='block_1_27' title="bbox 379 2758 1958 2830">
    <p class='ocr_par' dir='ltr' id='par_1_27' title="bbox 379 2758 1958 2830">
     <span class='ocr_line' id='line_1_27' title="bbox 379 2758 1958 2830; baseline 0.001 -16"><span class='ocrx_word' id='word_1_149' title='bbox 379 2760 630 2815; x_wconf 80' lang='lat' dir='ltr'><strong><em>minatitn</em></strong></span> <span class='ocrx_word' id='word_1_150' title='bbox 667 2775 799 2815; x_wconf 84' lang='lat' dir='ltr'><strong><em>suos</em></strong></span> <span class='ocrx_word' id='word_1_151' title='bbox 843 2759 986 2814; x_wconf 80' lang='lat' dir='ltr'><strong><em>tilias</em></strong></span> <span class='ocrx_word' id='word_1_152' title='bbox 1030 2759 1302 2814; x_wconf 75' lang='lat' dir='ltr'><strong><em>htereticis</em></strong></span> <span class='ocrx_word' id='word_1_153' title='bbox 1337 2758 1687 2814; x_wconf 79' lang='lat' dir='ltr'><strong><em>matrimonio</em></strong></span> <span class='ocrx_word' id='word_1_154' title='bbox 1722 2761 1958 2830; x_wconf 86' lang='lat' dir='ltr'><strong><em>conjun-</em></strong></span> 
     </span>
    </p>
   </div>
   <div class='ocr_carea' id='block_1_28' title="bbox 379 2867 528 2921">
    <p class='ocr_par' dir='ltr' id='par_1_28' title="bbox 379 2867 528 2921">
     <span class='ocr_line' id='line_1_28' title="bbox 379 2867 528 2921; baseline -0.007 -15"><span class='ocrx_word' id='word_1_155' title='bbox 379 2867 528 2921; x_wconf 76' lang='lat' dir='ltr'><strong><em>gere.</em></strong></span> 
     </span>
    </p>
   </div>
   <div class='ocr_carea' id='block_1_29' title="bbox 451 2941 1961 3011">
    <p class='ocr_par' dir='ltr' id='par_1_29' title="bbox 451 2941 1961 3011">
     <span class='ocr_line' id='line_1_29' title="bbox 451 2941 1961 3011; baseline 0.001 -13"><span class='ocrx_word' id='word_1_156' title='bbox 451 2943 540 2998; x_wconf 76' lang='grc'><strong><em>51.</em></strong></span> <span class='ocrx_word' id='word_1_157' title='bbox 582 2941 738 3010; x_wconf 83' lang='lat' dir='ltr'><strong><em>Quod</em></strong></span> <span class='ocrx_word' id='word_1_158' title='bbox 784 2958 894 2997; x_wconf 86' lang='lat' dir='ltr'><strong><em>non</em></strong></span> <span class='ocrx_word' id='word_1_159' title='bbox 937 2951 1150 3011; x_wconf 82' lang='lat' dir='ltr'><strong><em>oportet</em></strong></span> <span class='ocrx_word' id='word_1_160' title='bbox 1191 2957 1314 2998; x_wconf 92' lang='lat' dir='ltr'><strong><em>cum</em></strong></span> <span class='ocrx_word' id='word_1_161' title='bbox 1349 2944 1499 2997; x_wconf 88' lang='lat' dir='ltr'><strong><em>omni</em></strong></span> <span class='ocrx_word' id='word_1_162' title='bbox 1547 2943 1810 2999; x_wconf 63' lang='lat' dir='ltr'><strong><em>haeretica</em></strong></span> <span class='ocrx_word' id='word_1_163' title='bbox 1845 2961 1961 2999; x_wconf 88' lang='lat' dir='ltr'><strong><em>ma-</em></strong></span> 
     </span>
    </p>
   </div>
   <div class='ocr_carea' id='block_1_30' title="bbox 2070 458 3149 531">
    <p class='ocr_par' dir='ltr' id='par_1_30' title="bbox 2070 458 3149 531">
     <span class='ocr_line' id='line_1_30' title="bbox 2070 458 3149 531; baseline -0.006 -14"><span class='ocrx_word' id='word_1_164' title='bbox 2070 478 2281 531; x_wconf 80' lang='grc' dir='ltr'>τοντος</span> <span class='ocrx_word' id='word_1_165' title='bbox 2318 458 2668 515; x_wconf 78' lang='grc' dir='ltr'>κοινωνικὸν</span> <span class='ocrx_word' id='word_1_166' title='bbox 2694 459 2802 514; x_wconf 76' lang='grc' dir='ltr'><strong><em>τὸν</em></strong></span> <span class='ocrx_word' id='word_1_167' title='bbox 2832 458 3149 528; x_wconf 67' lang='grc' dir='ltr'>αἰρετικόν.</span> 
     </span>
    </p>
   </div>
   <div class='ocr_carea' id='block_1_31' title="bbox 2303 548 3403 620">
    <p class='ocr_par' dir='ltr' id='par_1_31' title="bbox 2303 548 3403 620">
     <span class='ocr_line' id='line_1_31' title="bbox 2303 548 3403 620; baseline -0.002 -12"><span class='ocrx_word' id='word_1_168' title='bbox 2303 553 2575 608; x_wconf 82' lang='grc' dir='ltr'>Συνόδου</span> <span class='ocrx_word' id='word_1_169' title='bbox 2597 549 3020 620; x_wconf 67' lang='lat' dir='ltr'><strong><em>Rapacich</em></strong></span> <span class='ocrx_word' id='word_1_170' title='bbox 3046 549 3248 604; x_wconf 74' lang='grc' dir='ltr'>κανὼν</span> <span class='ocrx_word' id='word_1_171' title='bbox 3275 548 3403 619; x_wconf 74' lang='grc' dir='ltr'>ρκδ.</span> 
     </span>
    </p>
   </div>
   <div class='ocr_carea' id='block_1_32' title="bbox 2137 638 3627 714">
    <p class='ocr_par' dir='ltr' id='par_1_32' title="bbox 2137 638 3627 714">
     <span class='ocr_line' id='line_1_32' title="bbox 2137 638 3627 714; baseline -0.004 -15"><span class='ocrx_word' id='word_1_172' title='bbox 2137 644 2279 714; x_wconf 82' lang='grc' dir='ltr'>Περὶ</span> <span class='ocrx_word' id='word_1_173' title='bbox 2307 643 2426 698; x_wconf 72' lang='grc' dir='ltr'><strong><em>τῶν</em></strong></span> <span class='ocrx_word' id='word_1_174' title='bbox 2460 642 2604 710; x_wconf 82' lang='grc' dir='ltr'>τοὺς</span> <span class='ocrx_word' id='word_1_175' title='bbox 2639 643 3002 708; x_wconf 77' lang='grc' dir='ltr'>Δονατιστὰς</span> <span class='ocrx_word' id='word_1_176' title='bbox 3034 639 3397 710; x_wconf 79' lang='grc' dir='ltr'>κοινωνῆσαι</span> <span class='ocrx_word' id='word_1_177' title='bbox 3419 638 3627 709; x_wconf 70' lang='grc' dir='ltr'>ψευδο-</span> 
     </span>
    </p>
   </div>
   <div class='ocr_carea' id='block_1_33' title="bbox 2061 735 2660 807">
    <p class='ocr_par' dir='ltr' id='par_1_33' title="bbox 2061 735 2660 807">
     <span class='ocr_line' id='line_1_33' title="bbox 2061 735 2660 807; baseline -0.005 -16"><span class='ocrx_word' id='word_1_178' title='bbox 2061 735 2265 807; x_wconf 82' lang='grc' dir='ltr'>μένων</span> <span class='ocrx_word' id='word_1_179' title='bbox 2291 735 2660 791; x_wconf 79' lang='grc' dir='ltr'>ἐπισκόπων.</span> 
     </span>
    </p>
   </div>
   <div class='ocr_carea' id='block_1_34' title="bbox 2140 822 3627 900">
    <p class='ocr_par' dir='ltr' id='par_1_34' title="bbox 2140 822 3627 900">
     <span class='ocr_line' id='line_1_34' title="bbox 2140 822 3627 900; baseline -0.003 -18"><span class='ocrx_word' id='word_1_180' title='bbox 2140 829 2269 900; x_wconf 89' lang='grc' dir='ltr'>ρκδ’.</span> <span class='ocrx_word' id='word_1_181' title='bbox 2310 827 2440 882; x_wconf 79' lang='grc' dir='ltr'>Ἐὰν</span> <span class='ocrx_word' id='word_1_182' title='bbox 2472 826 2530 882; x_wconf 81' lang='grc' dir='ltr'>δὲ</span> <span class='ocrx_word' id='word_1_183' title='bbox 2573 824 2866 898; x_wconf 78' lang='grc' dir='ltr'><strong><em>ἀποδειχθῇ</em></strong></span> <span class='ocrx_word' id='word_1_184' title='bbox 2907 825 3000 879; x_wconf 80' lang='grc' dir='ltr'><strong><em>τὸν</em></strong></span> <span class='ocrx_word' id='word_1_185' title='bbox 3039 823 3280 878; x_wconf 87' lang='grc' dir='ltr'>τοιοῦτον</span> <span class='ocrx_word' id='word_1_186' title='bbox 3304 822 3627 894; x_wconf 69' lang='grc' dir='ltr'><strong><em>ψευσάμενον</em></strong></span> 
     </span>
    </p>
   </div>
   <div class='ocr_carea' id='block_1_35' title="bbox 2066 917 3185 991">
    <p class='ocr_par' dir='ltr' id='par_1_35' title="bbox 2066 917 3185 991">
     <span class='ocr_line' id='line_1_35' title="bbox 2066 917 3185 991; baseline -0.004 -16"><span class='ocrx_word' id='word_1_187' title='bbox 2066 921 2218 991; x_wconf 83' lang='grc' dir='ltr'>παρὰ</span> <span class='ocrx_word' id='word_1_188' title='bbox 2248 922 2346 989; x_wconf 79' lang='grc' dir='ltr'><strong><em>τῆς</em></strong></span> <span class='ocrx_word' id='word_1_189' title='bbox 2373 921 2598 974; x_wconf 77' lang='grc' dir='ltr'><strong><em>ἐκείνων</em></strong></span> <span class='ocrx_word' id='word_1_190' title='bbox 2627 919 2935 982; x_wconf 79' lang='grc' dir='ltr'><strong><em>κοινωνίας,</em></strong></span> <span class='ocrx_word' id='word_1_191' title='bbox 2970 935 3023 972; x_wconf 81' lang='grc' dir='ltr'><strong><em>ιι.</em></strong></span> <span class='ocrx_word' id='word_1_192' title='bbox 3051 935 3101 971; x_wconf 91' lang='grc' dir='ltr'><strong><em>τ.</em></strong></span> <span class='ocrx_word' id='word_1_193' title='bbox 3135 917 3185 970; x_wconf 91' lang='grc' dir='ltr'><strong><em>λ.</em></strong></span> 
     </span>
    </p>
   </div>
   <div class='ocr_carea' id='block_1_36' title="bbox 2136 1003 3629 1078">
    <p class='ocr_par' dir='ltr' id='par_1_36' title="bbox 2136 1003 3629 1078">
     <span class='ocr_line' id='line_1_36' title="bbox 2136 1003 3629 1078; baseline -0.004 -14"><span class='ocrx_word' id='word_1_194' title='bbox 2136 1012 2386 1064; x_wconf 84' lang='grc' dir='ltr'><strong><em>ΚΕΦΑΛ.</em></strong></span> <span class='ocrx_word' id='word_1_195' title='bbox 2422 1009 2526 1066; x_wconf 88' lang='lat' dir='ltr'><strong>IA’.</strong></span> <span class='ocrx_word' id='word_1_196' title='bbox 2561 1040 2630 1052; x_wconf 89' lang='lat'><strong><em>—-</em></strong></span> <span class='ocrx_word' id='word_1_197' title='bbox 2659 1009 2794 1078; x_wconf 78' lang='grc' dir='ltr'>Περί</span> <span class='ocrx_word' id='word_1_198' title='bbox 2821 1008 2929 1064; x_wconf 84' lang='grc' dir='ltr'><strong><em>τοῦ</em></strong></span> <span class='ocrx_word' id='word_1_199' title='bbox 2953 1007 3038 1078; x_wconf 77' lang='grc' dir='ltr'>μὴ</span> <span class='ocrx_word' id='word_1_200' title='bbox 3063 1007 3301 1062; x_wconf 73' lang='grc' dir='ltr'>ἀπιέναι</span> <span class='ocrx_word' id='word_1_201' title='bbox 3323 1005 3469 1074; x_wconf 80' lang='grc' dir='ltr'>πρὸς</span> <span class='ocrx_word' id='word_1_202' title='bbox 3500 1003 3629 1071; x_wconf 81' lang='grc' dir='ltr'>τοὺς</span> 
     </span>
    </p>
   </div>
   <div class='ocr_carea' id='block_1_37' title="bbox 2061 1100 3064 1171">
    <p class='ocr_par' dir='ltr' id='par_1_37' title="bbox 2061 1100 3064 1171">
     <span class='ocr_line' id='line_1_37' title="bbox 2061 1100 3064 1171; baseline -0.002 -16"><span class='ocrx_word' id='word_1_203' title='bbox 2061 1100 2183 1156; x_wconf 79' lang='grc' dir='ltr'><strong><em>τῶν</em></strong></span> <span class='ocrx_word' id='word_1_204' title='bbox 2205 1101 2516 1171; x_wconf 80' lang='grc' dir='ltr'>αἱρετικῶν</span> <span class='ocrx_word' id='word_1_205' title='bbox 2545 1100 3064 1170; x_wconf 76' lang='grc' dir='ltr'>ψευδομάρτυρας.</span> 
     </span>
    </p>
   </div>
   <div class='ocr_carea' id='block_1_38' title="bbox 2353 1191 3361 1259">
    <p class='ocr_par' dir='ltr' id='par_1_38' title="bbox 2353 1191 3361 1259">
     <span class='ocr_line' id='line_1_38' title="bbox 2353 1191 3361 1259; baseline -0.002 -11"><span class='ocrx_word' id='word_1_206' title='bbox 2353 1194 2625 1248; x_wconf 80' lang='grc' dir='ltr'>Συνόδου</span> <span class='ocrx_word' id='word_1_207' title='bbox 2653 1193 3007 1259; x_wconf 78' lang='grc' dir='ltr'><strong><em>Λαοδικείας</em></strong></span> <span class='ocrx_word' id='word_1_208' title='bbox 3033 1194 3238 1246; x_wconf 82' lang='grc' dir='ltr'>κανὼν</span> <span class='ocrx_word' id='word_1_209' title='bbox 3263 1191 3361 1246; x_wconf 87' lang='grc' dir='ltr'>λδ’.</span> 
     </span>
    </p>
   </div>
   <div class='ocr_carea' id='block_1_39' title="bbox 2130 1282 3632 1356">
    <p class='ocr_par' dir='ltr' id='par_1_39' title="bbox 2130 1282 3632 1356">
     <span class='ocr_line' id='line_1_39' title="bbox 2130 1282 3632 1356; baseline -0.003 -18"><span class='ocrx_word' id='word_1_210' title='bbox 2130 1285 2226 1340; x_wconf 83' lang='grc' dir='ltr'>λδ’.</span> <span class='ocrx_word' id='word_1_211' title='bbox 2269 1286 2393 1339; x_wconf 80' lang='grc' dir='ltr'>Ὀτι</span> <span class='ocrx_word' id='word_1_212' title='bbox 2424 1287 2484 1339; x_wconf 83' lang='grc' dir='ltr'>οὐ</span> <span class='ocrx_word' id='word_1_213' title='bbox 2525 1286 2608 1339; x_wconf 85' lang='grc' dir='ltr'><strong><em>δεῖ</em></strong></span> <span class='ocrx_word' id='word_1_214' title='bbox 2645 1286 2819 1339; x_wconf 82' lang='grc' dir='ltr'>πάντα</span> <span class='ocrx_word' id='word_1_215' title='bbox 2858 1285 3186 1356; x_wconf 77' lang='grc' dir='ltr'><strong><em>Χριστιανὸν</em></strong></span> <span class='ocrx_word' id='word_1_216' title='bbox 3231 1282 3632 1352; x_wconf 74' lang='grc' dir='ltr'><strong><em>ἐγκαταλείπειν</em></strong></span> 
     </span>
    </p>
   </div>
   <div class='ocr_carea' id='block_1_40' title="bbox 2063 1373 3632 1449">
    <p class='ocr_par' dir='ltr' id='par_1_40' title="bbox 2063 1373 3632 1449">
     <span class='ocr_line' id='line_1_40' title="bbox 2063 1373 3632 1449; baseline -0.003 -20"><span class='ocrx_word' id='word_1_217' title='bbox 2063 1377 2346 1449; x_wconf 84' lang='grc' dir='ltr'>μάρτυρας</span> <span class='ocrx_word' id='word_1_218' title='bbox 2386 1375 2646 1446; x_wconf 79' lang='grc' dir='ltr'>Χριστοῦ,</span> <span class='ocrx_word' id='word_1_219' title='bbox 2700 1376 2795 1430; x_wconf 76' lang='grc' dir='ltr'>καὶ</span> <span class='ocrx_word' id='word_1_220' title='bbox 2841 1376 3062 1430; x_wconf 79' lang='grc' dir='ltr'>ἀπιέναι</span> <span class='ocrx_word' id='word_1_221' title='bbox 3112 1374 3248 1444; x_wconf 71' lang='grc' dir='ltr'>πρὸς</span> <span class='ocrx_word' id='word_1_222' title='bbox 3283 1376 3405 1435; x_wconf 70' lang='grc' dir='ltr'>τοὺς</span> <span class='ocrx_word' id='word_1_223' title='bbox 3452 1373 3632 1441; x_wconf 73' lang='grc' dir='ltr'>ψευδο-</span> 
     </span>
    </p>
   </div>
   <div class='ocr_carea' id='block_1_41' title="bbox 2063 1464 3631 1540">
    <p class='ocr_par' dir='ltr' id='par_1_41' title="bbox 2063 1464 3631 1540">
     <span class='ocr_line' id='line_1_41' title="bbox 2063 1464 3631 1540; baseline -0.005 -17"><span class='ocrx_word' id='word_1_224' title='bbox 2063 1469 2371 1540; x_wconf 82' lang='grc' dir='ltr'>μάρτυρας,</span> <span class='ocrx_word' id='word_1_225' title='bbox 2417 1468 2697 1521; x_wconf 82' lang='grc' dir='ltr'>τουτέστιν</span> <span class='ocrx_word' id='word_1_226' title='bbox 2730 1467 3021 1538; x_wconf 81' lang='grc' dir='ltr'>αἱρετικῶν</span> <span class='ocrx_word' id='word_1_227' title='bbox 3052 1467 3085 1538; x_wconf 77' lang='grc' dir='ltr'><strong>ἢ</strong></span> <span class='ocrx_word' id='word_1_228' title='bbox 3119 1466 3319 1527; x_wconf 75' lang='grc' dir='ltr'>αὐτοὺς</span> <span class='ocrx_word' id='word_1_229' title='bbox 3349 1464 3484 1534; x_wconf 78' lang='grc' dir='ltr'>πρὸς</span> <span class='ocrx_word' id='word_1_230' title='bbox 3514 1464 3631 1527; x_wconf 74' lang='grc' dir='ltr'>τοὺς</span> 
     </span>
    </p>
   </div>
   <div class='ocr_carea' id='block_1_42' title="bbox 2062 1549 3635 1632">
    <p class='ocr_par' dir='ltr' id='par_1_42' title="bbox 2062 1549 3635 1632">
     <span class='ocr_line' id='line_1_42' title="bbox 2062 1549 3635 1632; baseline -0.004 -19"><span class='ocrx_word' id='word_1_231' title='bbox 2062 1559 2497 1632; x_wconf 77' lang='grc' dir='ltr'>προειρημένους</span> <span class='ocrx_word' id='word_1_232' title='bbox 2517 1559 2832 1630; x_wconf 76' lang='grc' dir='ltr'>αἱρετικοὺς</span> <span class='ocrx_word' id='word_1_233' title='bbox 2859 1558 3186 1628; x_wconf 85' lang='grc' dir='ltr'>γενομένους</span> <span class='ocrx_word' id='word_1_234' title='bbox 3207 1576 3220 1588; x_wconf 74' lang='grc' dir='ltr'><strong><em>ο</em></strong></span> <span class='ocrx_word' id='word_1_235' title='bbox 3252 1549 3401 1609; x_wconf 71' lang='grc' dir='ltr'>οὗτοι</span> <span class='ocrx_word' id='word_1_236' title='bbox 3425 1556 3528 1624; x_wconf 80' lang='grc' dir='ltr'><strong><em>γὰρ</em></strong></span> <span class='ocrx_word' id='word_1_237' title='bbox 3549 1553 3635 1607; x_wconf 82' lang='grc' dir='ltr'><strong><em>ἀλ-</em></strong></span> 
     </span>
    </p>
   </div>
   <div class='ocr_carea' id='block_1_43' title="bbox 2062 1644 3634 1722">
    <p class='ocr_par' dir='ltr' id='par_1_43' title="bbox 2062 1644 3634 1722">
     <span class='ocr_line' id='line_1_43' title="bbox 2062 1644 3634 1722; baseline -0.006 -16"><span class='ocrx_word' id='word_1_238' title='bbox 2062 1652 2264 1722; x_wconf 82' lang='grc' dir='ltr'>λότριοι</span> <span class='ocrx_word' id='word_1_239' title='bbox 2294 1650 2388 1705; x_wconf 90' lang='grc' dir='ltr'><strong><em>τοῦ</em></strong></span> <span class='ocrx_word' id='word_1_240' title='bbox 2418 1651 2552 1704; x_wconf 83' lang='grc' dir='ltr'>Θεοῦ</span> <span class='ocrx_word' id='word_1_241' title='bbox 2585 1651 2966 1720; x_wconf 84' lang='grc' dir='ltr'>τυγχάνουσιν,</span> <span class='ocrx_word' id='word_1_242' title='bbox 3003 1649 3246 1702; x_wconf 73' lang='grc' dir='ltr'>ἔστωσαν</span> <span class='ocrx_word' id='word_1_243' title='bbox 3275 1646 3368 1700; x_wconf 81' lang='grc' dir='ltr'><strong><em>οῦν</em></strong></span> <span class='ocrx_word' id='word_1_244' title='bbox 3398 1644 3634 1713; x_wconf 77' lang='grc' dir='ltr'><strong><em>ἀνάθεμα</em></strong></span> 
     </span>
    </p>
   </div>
   <div class='ocr_carea' id='block_1_44' title="bbox 2064 1742 3670 1824">
    <p class='ocr_par' dir='ltr' id='par_1_44' title="bbox 2064 1742 3670 1824">
     <span class='ocr_line' id='line_1_44' title="bbox 2064 1742 3670 1824; baseline -0.004 -27"><span class='ocrx_word' id='word_1_245' title='bbox 2064 1746 2114 1798; x_wconf 75' lang='grc' dir='ltr'>οἱ</span> <span class='ocrx_word' id='word_1_246' title='bbox 2152 1745 2518 1816; x_wconf 83' lang='grc' dir='ltr'>ἀπερχόμενοι</span> <span class='ocrx_word' id='word_1_247' title='bbox 2555 1743 2690 1814; x_wconf 77' lang='grc' dir='ltr'>πρὸς</span> <span class='ocrx_word' id='word_1_248' title='bbox 2724 1742 2943 1806; x_wconf 82' lang='grc' dir='ltr'>αὐτούς.</span> <span class='ocrx_word' id='word_1_249' title='bbox 3666 1813 3670 1824; x_wconf 40' lang='grc'><strong>1</strong></span> 
     </span>
    </p>
   </div>
   <div class='ocr_carea' id='block_1_45' title="bbox 2134 1829 3637 1904">
    <p class='ocr_par' dir='ltr' id='par_1_45' title="bbox 2134 1829 3637 1904">
     <span class='ocr_line' id='line_1_45' title="bbox 2134 1829 3637 1904; baseline -0.005 -14"><span class='ocrx_word' id='word_1_250' title='bbox 2134 1839 2385 1890; x_wconf 81' lang='grc' dir='ltr'><strong><em>ΚΕΦΑΛ.</em></strong></span> <span class='ocrx_word' id='word_1_251' title='bbox 2417 1838 2518 1890; x_wconf 91' lang='lat' dir='ltr'><strong><em>lB&#39;.</em></strong></span> <span class='ocrx_word' id='word_1_252' title='bbox 2562 1867 2634 1878; x_wconf 88' lang='lat'><strong><em>—-</em></strong></span> <span class='ocrx_word' id='word_1_253' title='bbox 2663 1836 2802 1904; x_wconf 80' lang='grc' dir='ltr'>Περὶ</span> <span class='ocrx_word' id='word_1_254' title='bbox 2845 1833 2953 1889; x_wconf 76' lang='grc' dir='ltr'><strong><em>τοῦ</em></strong></span> <span class='ocrx_word' id='word_1_255' title='bbox 2990 1832 3077 1903; x_wconf 81' lang='grc' dir='ltr'>μὴ</span> <span class='ocrx_word' id='word_1_256' title='bbox 3109 1833 3361 1888; x_wconf 70' lang='grc' dir='ltr'>εἰσιέναι</span> <span class='ocrx_word' id='word_1_257' title='bbox 3389 1829 3526 1898; x_wconf 83' lang='grc' dir='ltr'>τοὺς</span> <span class='ocrx_word' id='word_1_258' title='bbox 3553 1833 3637 1884; x_wconf 84' lang='lat' dir='ltr'><strong><em>at-</em></strong></span> 
     </span>
    </p>
   </div>
   <div class='ocr_carea' id='block_1_46' title="bbox 2055 1926 2987 1998">
    <p class='ocr_par' dir='ltr' id='par_1_46' title="bbox 2055 1926 2987 1998">
     <span class='ocr_line' id='line_1_46' title="bbox 2055 1926 2987 1998; baseline -0.002 -16"><span class='ocrx_word' id='word_1_259' title='bbox 2055 1929 2331 1998; x_wconf 78' lang='grc' dir='ltr'>ρετικοὺς</span> <span class='ocrx_word' id='word_1_260' title='bbox 2367 1930 2454 1994; x_wconf 81' lang='grc' dir='ltr'><strong><em>εὶς</em></strong></span> <span class='ocrx_word' id='word_1_261' title='bbox 2476 1927 2605 1995; x_wconf 65' lang='grc' dir='ltr'>’τὴν</span> <span class='ocrx_word' id='word_1_262' title='bbox 2633 1926 2987 1986; x_wconf 76' lang='grc' dir='ltr'><strong><em>ἐκκλησίαν.</em></strong></span> 
     </span>
    </p>
   </div>
   <div class='ocr_carea' id='block_1_47' title="bbox 2362 2017 3349 2085">
    <p class='ocr_par' dir='ltr' id='par_1_47' title="bbox 2362 2017 3349 2085">
     <span class='ocr_line' id='line_1_47' title="bbox 2362 2017 3349 2085; baseline -0.002 -11"><span class='ocrx_word' id='word_1_263' title='bbox 2362 2021 2635 2075; x_wconf 78' lang='grc' dir='ltr'>Συνόδου</span> <span class='ocrx_word' id='word_1_264' title='bbox 2663 2019 3009 2085; x_wconf 83' lang='grc' dir='ltr'><strong><em>Λαοδικείας</em></strong></span> <span class='ocrx_word' id='word_1_265' title='bbox 3038 2018 3245 2072; x_wconf 74' lang='grc' dir='ltr'>κανὼν·</span> <span class='ocrx_word' id='word_1_266' title='bbox 3271 2017 3349 2082; x_wconf 82' lang='grc' dir='ltr'>ς’.</span> 
     </span>
    </p>
   </div>
   <div class='ocr_carea' id='block_1_48' title="bbox 2138 2107 3637 2183">
    <p class='ocr_par' dir='ltr' id='par_1_48' title="bbox 2138 2107 3637 2183">
     <span class='ocr_line' id='line_1_48' title="bbox 2138 2107 3637 2183; baseline -0.014 -4"><span class='ocrx_word' id='word_1_267' title='bbox 2138 2120 2215 2180; x_wconf 83' lang='grc' dir='ltr'><strong><em>ς’.</em></strong></span> <span class='ocrx_word' id='word_1_268' title='bbox 2256 2113 2394 2183; x_wconf 72' lang='grc' dir='ltr'>Περὶ</span> <span class='ocrx_word' id='word_1_269' title='bbox 2429 2111 2524 2166; x_wconf 86' lang='grc' dir='ltr'><strong><em>τοῦ</em></strong></span> <span class='ocrx_word' id='word_1_270' title='bbox 2563 2112 2638 2183; x_wconf 85' lang='grc' dir='ltr'><strong><em>μὴ</em></strong></span> <span class='ocrx_word' id='word_1_271' title='bbox 2671 2114 2974 2182; x_wconf 85' lang='grc' dir='ltr'>συγχωρεῖν</span> <span class='ocrx_word' id='word_1_272' title='bbox 3004 2113 3118 2174; x_wconf 87' lang='grc' dir='ltr'>τοῖς</span> <span class='ocrx_word' id='word_1_273' title='bbox 3145 2110 3448 2181; x_wconf 78' lang='grc' dir='ltr'>αίρετικοῖς</span> <span class='ocrx_word' id='word_1_274' title='bbox 3477 2107 3637 2161; x_wconf 83' lang='grc' dir='ltr'>είσιέ-</span> 
     </span>
    </p>
   </div>
   <div class='ocr_carea' id='block_1_49' title="bbox 2063 2201 3640 2275">
    <p class='ocr_par' dir='ltr' id='par_1_49' title="bbox 2063 2201 3640 2275">
     <span class='ocr_line' id='line_1_49' title="bbox 2063 2201 3640 2275; baseline -0.007 -11"><span class='ocrx_word' id='word_1_275' title='bbox 2063 2227 2154 2264; x_wconf 85' lang='grc' dir='ltr'><strong><em>ναι</em></strong></span> <span class='ocrx_word' id='word_1_276' title='bbox 2199 2210 2282 2274; x_wconf 88' lang='grc' dir='ltr'><strong><em>είς</em></strong></span> <span class='ocrx_word' id='word_1_277' title='bbox 2325 2208 2418 2261; x_wconf 83' lang='grc' dir='ltr'><strong><em>τὸν</em></strong></span> <span class='ocrx_word' id='word_1_278' title='bbox 2463 2201 2614 2259; x_wconf 78' lang='grc' dir='ltr'>οἶκον</span> <span class='ocrx_word' id='word_1_279' title='bbox 2660 2203 2756 2259; x_wconf 89' lang='grc' dir='ltr'><strong><em>τοῦ</em></strong></span> <span class='ocrx_word' id='word_1_280' title='bbox 2804 2204 2980 2270; x_wconf 88' lang='grc' dir='ltr'>Θεοῦ,</span> <span class='ocrx_word' id='word_1_281' title='bbox 3036 2204 3401 2275; x_wconf 69' lang='grc' dir='ltr'>ἐπιμένοντας</span> <span class='ocrx_word' id='word_1_282' title='bbox 3448 2204 3512 2272; x_wconf 78' lang='grc' dir='ltr'>τῇ</span> <span class='ocrx_word' id='word_1_283' title='bbox 3562 2201 3640 2255; x_wconf 77' lang='grc' dir='ltr'><strong><em>αξ-</em></strong></span> 
     </span>
    </p>
   </div>
   <div class='ocr_carea' id='block_1_50' title="bbox 2069 2306 2239 2378">
    <p class='ocr_par' dir='ltr' id='par_1_50' title="bbox 2069 2306 2239 2378">
     <span class='ocr_line' id='line_1_50' title="bbox 2069 2306 2239 2378; baseline -0.012 -18"><span class='ocrx_word' id='word_1_284' title='bbox 2069 2306 2239 2378; x_wconf 86' lang='grc' dir='ltr'>ρέσει.</span> 
     </span>
    </p>
   </div>
   <div class='ocr_carea' id='block_1_51' title="bbox 2138 2386 3639 2463">
    <p class='ocr_par' dir='ltr' id='par_1_51' title="bbox 2138 2386 3639 2463">
     <span class='ocr_line' id='line_1_51' title="bbox 2138 2386 3639 2463; baseline -0.009 -11"><span class='ocrx_word' id='word_1_285' title='bbox 2138 2396 2386 2452; x_wconf 82' lang='grc' dir='ltr'><strong><em>ΚΕΦΑΛ.</em></strong></span> <span class='ocrx_word' id='word_1_286' title='bbox 2432 2393 2530 2451; x_wconf 81' lang='lat' dir='ltr'><strong><em>ll&quot;.</em></strong></span> <span class='ocrx_word' id='word_1_287' title='bbox 2577 2424 2649 2436; x_wconf 91' lang='lat'><strong><em>—-</em></strong></span> <span class='ocrx_word' id='word_1_288' title='bbox 2694 2393 2834 2463; x_wconf 76' lang='lat' dir='ltr'><strong><em>&quot;cpi</em></strong></span> <span class='ocrx_word' id='word_1_289' title='bbox 2884 2391 3087 2462; x_wconf 73' lang='grc' dir='ltr'>γάμων</span> <span class='ocrx_word' id='word_1_290' title='bbox 3136 2387 3450 2460; x_wconf 78' lang='grc' dir='ltr'>αἱρετικῶν</span> <span class='ocrx_word' id='word_1_291' title='bbox 3498 2386 3639 2457; x_wconf 78' lang='grc' dir='ltr'>πρὸς</span> 
     </span>
    </p>
   </div>
   <div class='ocr_carea' id='block_1_52' title="bbox 2065 2489 2447 2560">
    <p class='ocr_par' dir='ltr' id='par_1_52' title="bbox 2065 2489 2447 2560">
     <span class='ocr_line' id='line_1_52' title="bbox 2065 2489 2447 2560; baseline -0.01 -14"><span class='ocrx_word' id='word_1_292' title='bbox 2065 2489 2447 2560; x_wconf 78' lang='grc' dir='ltr'>ὀρθοδόξους.</span> 
     </span>
    </p>
   </div>
   <div class='ocr_carea' id='block_1_53' title="bbox 2297 2575 3422 2644">
    <p class='ocr_par' dir='ltr' id='par_1_53' title="bbox 2297 2575 3422 2644">
     <span class='ocr_line' id='line_1_53' title="bbox 2297 2575 3422 2644; baseline -0.006 -8"><span class='ocrx_word' id='word_1_293' title='bbox 2297 2580 2567 2636; x_wconf 82' lang='grc' dir='ltr'>Συνόδου</span> <span class='ocrx_word' id='word_1_294' title='bbox 2605 2578 2953 2644; x_wconf 80' lang='grc' dir='ltr'>Λαοδικείας</span> <span class='ocrx_word' id='word_1_295' title='bbox 2987 2577 3191 2631; x_wconf 73' lang='grc' dir='ltr'>και-ὼν</span> <span class='ocrx_word' id='word_1_296' title='bbox 3225 2582 3280 2640; x_wconf 85' lang='grc' dir='ltr'>ι’,</span> <span class='ocrx_word' id='word_1_297' title='bbox 3319 2575 3422 2630; x_wconf 82' lang='grc' dir='ltr'>λα’.</span> 
     </span>
    </p>
   </div>
   <div class='ocr_carea' id='block_1_54' title="bbox 2139 2667 3639 2745">
    <p class='ocr_par' dir='ltr' id='par_1_54' title="bbox 2139 2667 3639 2745">
     <span class='ocr_line' id='line_1_54' title="bbox 2139 2667 3639 2745; baseline -0.006 -19"><span class='ocrx_word' id='word_1_298' title='bbox 2139 2679 2190 2732; x_wconf 79' lang='grc' dir='ltr'><strong><em>ι’,</em></strong></span> <span class='ocrx_word' id='word_1_299' title='bbox 2215 2674 2351 2745; x_wconf 75' lang='grc' dir='ltr'>Περὶ</span> <span class='ocrx_word' id='word_1_300' title='bbox 2370 2672 2464 2726; x_wconf 91' lang='grc' dir='ltr'><strong><em>τοῦ</em></strong></span> <span class='ocrx_word' id='word_1_301' title='bbox 2493 2673 2566 2743; x_wconf 81' lang='grc' dir='ltr'>μὴ</span> <span class='ocrx_word' id='word_1_302' title='bbox 2583 2673 2694 2726; x_wconf 87' lang='grc' dir='ltr'>δεῖν</span> <span class='ocrx_word' id='word_1_303' title='bbox 2716 2671 2844 2734; x_wconf 76' lang='grc' dir='ltr'>τοὺς</span> <span class='ocrx_word' id='word_1_304' title='bbox 2865 2671 2967 2740; x_wconf 81' lang='grc' dir='ltr'>τῆς</span> <span class='ocrx_word' id='word_1_305' title='bbox 2991 2669 3321 2740; x_wconf 84' lang='grc' dir='ltr'>Ἐκκλησίας</span> <span class='ocrx_word' id='word_1_306' title='bbox 3345 2667 3639 2738; x_wconf 78' lang='grc' dir='ltr'><strong><em>ἀδιαφόρως</em></strong></span> 
     </span>
    </p>
   </div>
   <div class='ocr_carea' id='block_1_55' title="bbox 2069 2757 3641 2836">
    <p class='ocr_par' dir='ltr' id='par_1_55' title="bbox 2069 2757 3641 2836">
     <span class='ocr_line' id='line_1_55' title="bbox 2069 2757 3641 2836; baseline -0.007 -16"><span class='ocrx_word' id='word_1_307' title='bbox 2069 2767 2206 2836; x_wconf 79' lang='grc' dir='ltr'>πρὸς</span> <span class='ocrx_word' id='word_1_308' title='bbox 2235 2765 2416 2834; x_wconf 82' lang='grc' dir='ltr'>γάμου</span> <span class='ocrx_word' id='word_1_309' title='bbox 2462 2763 2747 2817; x_wconf 80' lang='grc' dir='ltr'>κοινωνίαν</span> <span class='ocrx_word' id='word_1_310' title='bbox 2787 2761 3080 2815; x_wconf 81' lang='grc' dir='ltr'>συνάπτειν</span> <span class='ocrx_word' id='word_1_311' title='bbox 3111 2759 3184 2813; x_wconf 79' lang='grc' dir='ltr'><strong><em>τὰ</em></strong></span> <span class='ocrx_word' id='word_1_312' title='bbox 3219 2760 3430 2814; x_wconf 81' lang='grc' dir='ltr'>ἑαυτῶν</span> <span class='ocrx_word' id='word_1_313' title='bbox 3464 2757 3641 2813; x_wconf 81' lang='grc' dir='ltr'>παιδία</span> 
     </span>
    </p>
   </div>
   <div class='ocr_carea' id='block_1_56' title="bbox 2067 2859 2386 2928">
    <p class='ocr_par' dir='ltr' id='par_1_56' title="bbox 2067 2859 2386 2928">
     <span class='ocr_line' id='line_1_56' title="bbox 2067 2859 2386 2928; baseline -0.009 -15"><span class='ocrx_word' id='word_1_314' title='bbox 2067 2859 2386 2928; x_wconf 79' lang='grc' dir='ltr'>αίρετικοῖς.</span> 
     </span>
    </p>
   </div>
   <div class='ocr_carea' id='block_1_57' title="bbox 2137 2942 3644 3016">
    <p class='ocr_par' dir='ltr' id='par_1_57' title="bbox 2137 2942 3644 3016">
     <span class='ocr_line' id='line_1_57' title="bbox 2137 2942 3644 3016; baseline -0.004 -15"><span class='ocrx_word' id='word_1_315' title='bbox 2137 2949 2240 3003; x_wconf 84' lang='grc' dir='ltr'>λα’.</span> <span class='ocrx_word' id='word_1_316' title='bbox 2268 2949 2392 3002; x_wconf 88' lang='grc' dir='ltr'>Ὅτι</span> <span class='ocrx_word' id='word_1_317' title='bbox 2423 2947 2481 3001; x_wconf 79' lang='grc' dir='ltr'>οὐ</span> <span class='ocrx_word' id='word_1_318' title='bbox 2507 2947 2587 3001; x_wconf 86' lang='grc' dir='ltr'><strong><em>δεῖ</em></strong></span> <span class='ocrx_word' id='word_1_319' title='bbox 2615 2946 2750 3016; x_wconf 79' lang='grc' dir='ltr'>πρὸς</span> <span class='ocrx_word' id='word_1_320' title='bbox 2776 2945 2985 3008; x_wconf 83' lang='grc' dir='ltr'>πάντας</span> <span class='ocrx_word' id='word_1_321' title='bbox 3011 2945 3325 3015; x_wconf 79' lang='grc' dir='ltr'>αἱρετικοὺς</span> <span class='ocrx_word' id='word_1_322' title='bbox 3353 2942 3644 3012; x_wconf 76' lang='grc' dir='ltr'>ἐπιγαμίαν</span> 
     </span>
    </p>
   </div>
   <div class='ocr_carea' id='block_1_58' title="bbox 383 3034 1959 3118">
    <p class='ocr_par' dir='ltr' id='par_1_58' title="bbox 383 3034 1959 3099">
     <span class='ocr_line' id='line_1_58' title="bbox 383 3034 1959 3099; baseline 0.003 -9"><span class='ocrx_word' id='word_1_323' title='bbox 383 3034 701 3091; x_wconf 88' lang='lat' dir='ltr'><strong><em>trimonium</em></strong></span> <span class='ocrx_word' id='word_1_324' title='bbox 747 3037 1096 3099; x_wconf 85' lang='lat' dir='ltr'><strong><em>contrahere,</em></strong></span> <span class='ocrx_word' id='word_1_325' title='bbox 1125 3035 1210 3090; x_wconf 75' lang='lat' dir='ltr'><strong><em>vel</em></strong></span> <span class='ocrx_word' id='word_1_326' title='bbox 1255 3036 1386 3090; x_wconf 86' lang='lat' dir='ltr'><strong><em>dare</em></strong></span> <span class='ocrx_word' id='word_1_327' title='bbox 1435 3035 1576 3092; x_wconf 85' lang='lat' dir='ltr'><strong><em>ﬁlios</em></strong></span> <span class='ocrx_word' id='word_1_328' title='bbox 1632 3046 1731 3092; x_wconf 88' lang='lat' dir='ltr'><strong><em>aut</em></strong></span> <span class='ocrx_word' id='word_1_329' title='bbox 1778 3038 1959 3094; x_wconf 81' lang='lat' dir='ltr'><strong><em>tilias:</em></strong></span> 
     </span>
    </p>
   </div>
   <div class='ocr_carea' id='block_1_59' title="bbox 2098 3034 3643 3118">
    <p class='ocr_par' dir='ltr' id='par_1_59' title="bbox 2098 3036 3643 3111">
     <span class='ocr_line' id='line_1_59' title="bbox 2098 3036 3643 3111; baseline -0.005 -16"><span class='ocrx_word' id='word_1_330' title='bbox 2098 3043 2262 3104; x_wconf 65' lang='grc' dir='ltr'>ποιεῖν,</span> <span class='ocrx_word' id='word_1_331' title='bbox 2299 3040 2332 3111; x_wconf 80' lang='grc' dir='ltr'>ἢ</span> <span class='ocrx_word' id='word_1_332' title='bbox 2380 3040 2581 3093; x_wconf 87' lang='grc' dir='ltr'>διδόναι</span> <span class='ocrx_word' id='word_1_333' title='bbox 2623 3039 2771 3102; x_wconf 75' lang='grc' dir='ltr'>υἱοὺς</span> <span class='ocrx_word' id='word_1_334' title='bbox 2812 3039 2845 3109; x_wconf 79' lang='grc' dir='ltr'>ἢ</span> <span class='ocrx_word' id='word_1_335' title='bbox 2890 3037 3218 3106; x_wconf 85' lang='grc' dir='ltr'>θυγατέρας,</span> <span class='ocrx_word' id='word_1_336' title='bbox 3268 3037 3409 3090; x_wconf 83' lang='grc' dir='ltr'>ἀλλὰ</span> <span class='ocrx_word' id='word_1_337' title='bbox 3455 3036 3643 3106; x_wconf 81' lang='grc' dir='ltr'>μᾶλλον</span> 
     </span>
    </p>
   </div>
   <div class='ocr_carea' id='block_1_60' title="bbox 380 3125 1951 3199">
    <p class='ocr_par' dir='ltr' id='par_1_60' title="bbox 380 3125 1951 3199">
     <span class='ocr_line' id='line_1_60' title="bbox 380 3125 1951 3199; baseline 0.001 -18"><span class='ocrx_word' id='word_1_338' title='bbox 380 3125 477 3181; x_wconf 84' lang='lat' dir='ltr'><strong><em>sed</em></strong></span> <span class='ocrx_word' id='word_1_339' title='bbox 513 3125 688 3194; x_wconf 75' lang='lat' dir='ltr'><strong><em>magis</em></strong></span> <span class='ocrx_word' id='word_1_340' title='bbox 720 3126 970 3196; x_wconf 84' lang='lat' dir='ltr'><strong><em>accipere</em></strong></span> <span class='ocrx_word' id='word_1_341' title='bbox 1025 3127 1073 3182; x_wconf 88' lang='lat' dir='ltr'><strong><em>si</em></strong></span> <span class='ocrx_word' id='word_1_342' title='bbox 1103 3141 1163 3182; x_wconf 86' lang='lat' dir='ltr'><strong><em>se</em></strong></span> <span class='ocrx_word' id='word_1_343' title='bbox 1193 3127 1538 3183; x_wconf 83' lang='lat' dir='ltr'><strong><em>Christianos</em></strong></span> <span class='ocrx_word' id='word_1_344' title='bbox 1582 3127 1797 3184; x_wconf 78' lang='lat' dir='ltr'><strong><em>futuros</em></strong></span> <span class='ocrx_word' id='word_1_345' title='bbox 1828 3143 1951 3199; x_wconf 86' lang='lat' dir='ltr'><strong><em>pro-</em></strong></span> 
     </span>
    </p>
   </div>
   <div class='ocr_carea' id='block_1_61' title="bbox 379 3213 662 3270">
    <p class='ocr_par' dir='ltr' id='par_1_61' title="bbox 379 3213 662 3270">
     <span class='ocr_line' id='line_1_61' title="bbox 379 3213 662 3270; baseline 0 -2"><span class='ocrx_word' id='word_1_346' title='bbox 379 3213 662 3270; x_wconf 71' lang='lat' dir='ltr'><strong><em>ﬁteantur.</em></strong></span> 
     </span>
    </p>
   </div>
   <div class='ocr_carea' id='block_1_62' title="bbox 665 3392 1674 3451">
    <p class='ocr_par' dir='ltr' id='par_1_62' title="bbox 665 3392 1674 3451">
     <span class='ocr_line' id='line_1_62' title="bbox 665 3392 1674 3451; baseline 0.003 -3"><span class='ocrx_word' id='word_1_347' title='bbox 665 3393 894 3448; x_wconf 81' lang='lat' dir='ltr'><strong><em>Concilii</em></strong></span> <span class='ocrx_word' id='word_1_348' title='bbox 922 3392 1364 3449; x_wconf 78' lang='lat' dir='ltr'><strong><em>Chalcedonensis</em></strong></span> <span class='ocrx_word' id='word_1_349' title='bbox 1385 3411 1556 3449; x_wconf 88' lang='lat' dir='ltr'><strong><em>canon</em></strong></span> <span class='ocrx_word' id='word_1_350' title='bbox 1587 3395 1674 3451; x_wconf 77' lang='grc'><strong><em>14.</em></strong></span> 
     </span>
    </p>
   </div>
   <div class='ocr_carea' id='block_1_63' title="bbox 454 3484 1958 3557">
    <p class='ocr_par' dir='ltr' id='par_1_63' title="bbox 454 3484 1958 3557">
     <span class='ocr_line' id='line_1_63' title="bbox 454 3484 1958 3557; baseline 0.002 -17"><span class='ocrx_word' id='word_1_351' title='bbox 454 3485 542 3540; x_wconf 74' lang='grc'><strong><em>14.</em></strong></span> <span class='ocrx_word' id='word_1_352' title='bbox 595 3484 866 3551; x_wconf 86' lang='lat' dir='ltr'><strong><em>Quoniam</em></strong></span> <span class='ocrx_word' id='word_1_353' title='bbox 904 3485 958 3540; x_wconf 89' lang='lat' dir='ltr'><strong><em>in</em></strong></span> <span class='ocrx_word' id='word_1_354' title='bbox 982 3487 1264 3541; x_wconf 85' lang='lat' dir='ltr'><strong><em>nonnullis</em></strong></span> <span class='ocrx_word' id='word_1_355' title='bbox 1309 3488 1604 3557; x_wconf 88' lang='lat' dir='ltr'><strong><em>provinciis</em></strong></span> <span class='ocrx_word' id='word_1_356' title='bbox 1638 3503 1958 3544; x_wconf 71' lang='lat' dir='ltr'><strong><em>concessum</em></strong></span> 
     </span>
    </p>
   </div>
   <div class='ocr_carea' id='block_1_64' title="bbox 381 3577 1359 3648">
    <p class='ocr_par' dir='ltr' id='par_1_64' title="bbox 381 3577 1359 3648">
     <span class='ocr_line' id='line_1_64' title="bbox 381 3577 1359 3648; baseline 0.001 -15"><span class='ocrx_word' id='word_1_357' title='bbox 381 3585 467 3635; x_wconf 83' lang='lat' dir='ltr'><strong><em>est</em></strong></span> <span class='ocrx_word' id='word_1_358' title='bbox 491 3577 809 3644; x_wconf 85' lang='lat' dir='ltr'><strong><em>lectoribus,</em></strong></span> <span class='ocrx_word' id='word_1_359' title='bbox 847 3587 953 3632; x_wconf 87' lang='lat' dir='ltr'><strong><em>etc.</em></strong></span> <span class='ocrx_word' id='word_1_360' title='bbox 985 3585 1043 3630; x_wconf 88' lang='lat' dir='ltr'><strong><em>ut</em></strong></span> <span class='ocrx_word' id='word_1_361' title='bbox 1080 3592 1202 3648; x_wconf 86' lang='lat' dir='ltr'><strong><em>pag.</em></strong></span> <span class='ocrx_word' id='word_1_362' title='bbox 1236 3578 1359 3634; x_wconf 89' lang='grc'>779.</span> 
     </span>
    </p>
   </div>
   <div class='ocr_carea' id='block_1_65' title="bbox 658 3669 1675 3741">
    <p class='ocr_par' dir='ltr' id='par_1_65' title="bbox 658 3669 1675 3741">
     <span class='ocr_line' id='line_1_65' title="bbox 658 3669 1675 3741; baseline 0.011 -23"><span class='ocrx_word' id='word_1_363' title='bbox 658 3669 886 3723; x_wconf 74' lang='lat' dir='ltr'><strong><em>Concilii</em></strong></span> <span class='ocrx_word' id='word_1_364' title='bbox 917 3669 1352 3741; x_wconf 80' lang='lat' dir='ltr'><strong><em>Carthaginensis</em></strong></span> <span class='ocrx_word' id='word_1_365' title='bbox 1379 3689 1552 3726; x_wconf 88' lang='lat' dir='ltr'><strong><em>canon</em></strong></span> <span class='ocrx_word' id='word_1_366' title='bbox 1584 3673 1675 3729; x_wconf 76' lang='lat'><strong><em>2|.</em></strong></span> 
     </span>
    </p>
   </div>
   <div class='ocr_carea' id='block_1_66' title="bbox 462 3759 1964 3839">
    <p class='ocr_par' dir='ltr' id='par_1_66' title="bbox 462 3759 1964 3839">
     <span class='ocr_line' id='line_1_66' title="bbox 462 3759 1964 3839; baseline 0.005 -24"><span class='ocrx_word' id='word_1_367' title='bbox 462 3759 528 3815; x_wconf 87' lang='lat' dir='ltr'><strong><em>Ut</em></strong></span> <span class='ocrx_word' id='word_1_368' title='bbox 553 3762 656 3831; x_wconf 83' lang='lat' dir='ltr'><strong><em>ﬁlii</em></strong></span> <span class='ocrx_word' id='word_1_369' title='bbox 696 3762 1007 3818; x_wconf 78' lang='lat' dir='ltr'><strong><em>clericorum</em></strong></span> <span class='ocrx_word' id='word_1_370' title='bbox 1040 3769 1096 3818; x_wconf 83' lang='lat' dir='ltr'><strong><em>in</em></strong></span> <span class='ocrx_word' id='word_1_371' title='bbox 1131 3767 1471 3820; x_wconf 86' lang='lat' dir='ltr'><strong><em>matrimonio</em></strong></span> <span class='ocrx_word' id='word_1_372' title='bbox 1525 3783 1630 3821; x_wconf 86' lang='lat' dir='ltr'><strong><em>non</em></strong></span> <span class='ocrx_word' id='word_1_373' title='bbox 1665 3767 1964 3839; x_wconf 76' lang='lat' dir='ltr'><strong><em>junguntur</em></strong></span> 
     </span>
    </p>
   </div>
   <div class='ocr_carea' id='block_1_67' title="bbox 385 3851 667 3905">
    <p class='ocr_par' dir='ltr' id='par_1_67' title="bbox 385 3851 667 3905">
     <span class='ocr_line' id='line_1_67' title="bbox 385 3851 667 3905; baseline -0.004 0"><span class='ocrx_word' id='word_1_374' title='bbox 385 3851 667 3905; x_wconf 75' lang='lat' dir='ltr'><strong><em>haereticis.</em></strong></span> 
     </span>
    </p>
   </div>
   <div class='ocr_carea' id='block_1_68' title="bbox 455 3942 1963 4019">
    <p class='ocr_par' dir='ltr' id='par_1_68' title="bbox 455 3942 1963 4019">
     <span class='ocr_line' id='line_1_68' title="bbox 455 3942 1963 4019; baseline 0.005 -21"><span class='ocrx_word' id='word_1_375' title='bbox 455 3942 768 3998; x_wconf 78' lang='lat' dir='ltr'><strong><em>21.1terum</em></strong></span> <span class='ocrx_word' id='word_1_376' title='bbox 792 3943 995 4014; x_wconf 88' lang='lat' dir='ltr'><strong><em>placuit</em></strong></span> <span class='ocrx_word' id='word_1_377' title='bbox 1023 3953 1080 3999; x_wconf 89' lang='lat' dir='ltr'><strong><em>ut</em></strong></span> <span class='ocrx_word' id='word_1_378' title='bbox 1116 3945 1213 4000; x_wconf 85' lang='lat' dir='ltr'><strong><em>ﬁlii</em></strong></span> <span class='ocrx_word' id='word_1_379' title='bbox 1258 3950 1578 4006; x_wconf 87' lang='lat' dir='ltr'><strong><em>clericorum</em></strong></span> <span class='ocrx_word' id='word_1_380' title='bbox 1646 3948 1963 4019; x_wconf 75' lang='lat' dir='ltr'><strong><em>gentilibus,</em></strong></span> 
     </span>
    </p>
   </div>
   <div class='ocr_carea' id='block_1_69' title="bbox 385 4033 1662 4108">
    <p class='ocr_par' dir='ltr' id='par_1_69' title="bbox 385 4033 1662 4108">
     <span class='ocr_line' id='line_1_69' title="bbox 385 4033 1662 4108; baseline 0.004 -21"><span class='ocrx_word' id='word_1_381' title='bbox 385 4033 471 4091; x_wconf 90' lang='lat' dir='ltr'><strong><em>vel</em></strong></span> <span class='ocrx_word' id='word_1_382' title='bbox 497 4033 789 4102; x_wconf 67' lang='lat' dir='ltr'><strong><em>haereticis,</em></strong></span> <span class='ocrx_word' id='word_1_383' title='bbox 821 4037 1179 4091; x_wconf 88' lang='lat' dir='ltr'><strong><em>matrimonio</em></strong></span> <span class='ocrx_word' id='word_1_384' title='bbox 1211 4053 1318 4092; x_wconf 91' lang='lat' dir='ltr'><strong><em>non</em></strong></span> <span class='ocrx_word' id='word_1_385' title='bbox 1338 4043 1662 4108; x_wconf 62' lang='lat' dir='ltr'><strong><em>pingantur.</em></strong></span> 
     </span>
    </p>
   </div>
   <div class='ocr_carea' id='block_1_70' title="bbox 595 4218 1750 4290">
    <p class='ocr_par' dir='ltr' id='par_1_70' title="bbox 595 4218 1750 4290">
     <span class='ocr_line' id='line_1_70' title="bbox 595 4218 1750 4290; baseline 0.001 -15"><span class='ocrx_word' id='word_1_386' title='bbox 595 4218 757 4290; x_wconf 80' lang='lat'><strong><em>397</em></strong></span> <span class='ocrx_word' id='word_1_387' title='bbox 792 4219 1017 4276; x_wconf 75' lang='lat' dir='ltr'><strong><em>Concilii</em></strong></span> <span class='ocrx_word' id='word_1_388' title='bbox 1044 4220 1349 4275; x_wconf 73' lang='lat' dir='ltr'><strong><em>wcumenici</em></strong></span> <span class='ocrx_word' id='word_1_389' title='bbox 1382 4237 1432 4275; x_wconf 79' lang='lat' dir='ltr'><strong><em>v1</em></strong></span> <span class='ocrx_word' id='word_1_390' title='bbox 1463 4238 1633 4276; x_wconf 85' lang='lat' dir='ltr'><strong><em>canon</em></strong></span> <span class='ocrx_word' id='word_1_391' title='bbox 1663 4222 1750 4278; x_wconf 79' lang='lat'><strong>72.</strong></span> 
     </span>
    </p>
   </div>
   <div class='ocr_carea' id='block_1_71' title="bbox 459 4311 1967 4371">
    <p class='ocr_par' dir='ltr' id='par_1_71' title="bbox 459 4311 1967 4371">
     <span class='ocr_line' id='line_1_71' title="bbox 459 4311 1967 4371; baseline 0.003 -5"><span class='ocrx_word' id='word_1_392' title='bbox 459 4313 552 4368; x_wconf 71' lang='grc'>72.</span> <span class='ocrx_word' id='word_1_393' title='bbox 583 4311 700 4366; x_wconf 85' lang='lat' dir='ltr'><strong><em>Non</em></strong></span> <span class='ocrx_word' id='word_1_394' title='bbox 745 4313 910 4368; x_wconf 89' lang='lat' dir='ltr'><strong><em>licere</em></strong></span> <span class='ocrx_word' id='word_1_395' title='bbox 944 4313 1123 4368; x_wconf 88' lang='lat' dir='ltr'><strong><em>virum</em></strong></span> <span class='ocrx_word' id='word_1_396' title='bbox 1169 4313 1538 4370; x_wconf 80' lang='lat' dir='ltr'><strong><em>orthodoxum</em></strong></span> <span class='ocrx_word' id='word_1_397' title='bbox 1576 4331 1701 4371; x_wconf 88' lang='lat' dir='ltr'><strong><em>cum</em></strong></span> <span class='ocrx_word' id='word_1_398' title='bbox 1736 4315 1967 4371; x_wconf 88' lang='lat' dir='ltr'><strong><em>muliere</em></strong></span> 
     </span>
    </p>
   </div>
   <div class='ocr_carea' id='block_1_72' title="bbox 2070 3129 3641 3204">
    <p class='ocr_par' dir='ltr' id='par_1_72' title="bbox 2070 3129 3641 3204">
     <span class='ocr_line' id='line_1_72' title="bbox 2070 3129 3641 3204; baseline -0.003 -18"><span class='ocrx_word' id='word_1_399' title='bbox 2070 3132 2390 3204; x_wconf 80' lang='grc' dir='ltr'>λαμὸἀνειν,</span> <span class='ocrx_word' id='word_1_400' title='bbox 2440 3133 2494 3186; x_wconf 82' lang='grc' dir='ltr'><strong><em>εί</em></strong></span> <span class='ocrx_word' id='word_1_401' title='bbox 2540 3149 2604 3200; x_wconf 80' lang='grc' dir='ltr'><strong><em>γε</em></strong></span> <span class='ocrx_word' id='word_1_402' title='bbox 2656 3131 3079 3200; x_wconf 82' lang='grc' dir='ltr'>ἐπαγγέλλοιντο</span> <span class='ocrx_word' id='word_1_403' title='bbox 3127 3129 3452 3200; x_wconf 76' lang='grc' dir='ltr'>Χριστιανοὶ</span> <span class='ocrx_word' id='word_1_404' title='bbox 3495 3130 3641 3197; x_wconf 87' lang='grc' dir='ltr'>γενέ-</span> 
     </span>
    </p>
   </div>
   <div class='ocr_carea' id='block_1_73' title="bbox 1962 3221 2223 3280">
    <p class='ocr_par' dir='ltr' id='par_1_73' title="bbox 1962 3221 2223 3280">
     <span class='ocr_line' id='line_1_73' title="bbox 1962 3221 2223 3280; baseline 0.004 -1"><span class='ocrx_word' id='word_1_405' title='bbox 1962 3221 1970 3228; x_wconf 76' lang='grc'><em>’</em></span> <span class='ocrx_word' id='word_1_406' title='bbox 2071 3224 2223 3280; x_wconf 87' lang='grc' dir='ltr'>σθαι.</span> 
     </span>
    </p>
   </div>
   <div class='ocr_carea' id='block_1_74' title="bbox 2352 3407 3378 3474">
    <p class='ocr_par' dir='ltr' id='par_1_74' title="bbox 2352 3407 3378 3474">
     <span class='ocr_line' id='line_1_74' title="bbox 2352 3407 3378 3474; baseline 0.001 -12"><span class='ocrx_word' id='word_1_407' title='bbox 2352 3407 2622 3462; x_wconf 79' lang='grc' dir='ltr'>Συνόδου</span> <span class='ocrx_word' id='word_1_408' title='bbox 2649 3407 3039 3474; x_wconf 67' lang='grc' dir='ltr'><strong><em>Χαλκηδόνος</em></strong></span> <span class='ocrx_word' id='word_1_409' title='bbox 3064 3407 3269 3462; x_wconf 75' lang='grc' dir='ltr'>κανὼν</span> <span class='ocrx_word' id='word_1_410' title='bbox 3297 3408 3378 3464; x_wconf 76' lang='grc' dir='ltr'>ιδ’.</span> 
     </span>
    </p>
   </div>
   <div class='ocr_carea' id='block_1_75' title="bbox 2143 3499 3648 3572">
    <p class='ocr_par' dir='ltr' id='par_1_75' title="bbox 2143 3499 3648 3572">
     <span class='ocr_line' id='line_1_75' title="bbox 2143 3499 3648 3572; baseline -0.001 -17"><span class='ocrx_word' id='word_1_411' title='bbox 2143 3501 2222 3555; x_wconf 81' lang='grc' dir='ltr'>ιδ’.</span> <span class='ocrx_word' id='word_1_412' title='bbox 2254 3500 2477 3572; x_wconf 82' lang='grc' dir='ltr'>Ἐπειδὴ</span> <span class='ocrx_word' id='word_1_413' title='bbox 2506 3501 2564 3554; x_wconf 83' lang='grc' dir='ltr'><strong><em>ἐν</em></strong></span> <span class='ocrx_word' id='word_1_414' title='bbox 2595 3518 2737 3556; x_wconf 90' lang='grc' dir='ltr'>τισιν</span> <span class='ocrx_word' id='word_1_415' title='bbox 2766 3500 3059 3572; x_wconf 80' lang='grc' dir='ltr'>ἐπαρχίαις</span> <span class='ocrx_word' id='word_1_416' title='bbox 3088 3501 3511 3572; x_wconf 81' lang='grc' dir='ltr'>συγκεχώρηται</span> <span class='ocrx_word' id='word_1_417' title='bbox 3540 3499 3648 3564; x_wconf 79' lang='grc' dir='ltr'>τοῖς</span> 
     </span>
    </p>
   </div>
   <div class='ocr_carea' id='block_1_76' title="bbox 2071 3592 2732 3662">
    <p class='ocr_par' dir='ltr' id='par_1_76' title="bbox 2071 3592 2732 3662">
     <span class='ocr_line' id='line_1_76' title="bbox 2071 3592 2732 3662; baseline -0.006 -13"><span class='ocrx_word' id='word_1_418' title='bbox 2071 3592 2468 3662; x_wconf 80' lang='grc' dir='ltr'>ἀναγνώσταις,</span> <span class='ocrx_word' id='word_1_419' title='bbox 2503 3612 2557 3647; x_wconf 87' lang='grc' dir='ltr'><strong><em>κ.</em></strong></span> <span class='ocrx_word' id='word_1_420' title='bbox 2591 3612 2643 3649; x_wconf 89' lang='grc' dir='ltr'><strong><em>τ.</em></strong></span> <span class='ocrx_word' id='word_1_421' title='bbox 2680 3593 2732 3646; x_wconf 91' lang='grc' dir='ltr'><strong><em>λ.</em></strong></span> 
     </span>
    </p>
   </div>
   <div class='ocr_carea' id='block_1_77' title="bbox 2328 3685 3411 3754">
    <p class='ocr_par' dir='ltr' id='par_1_77' title="bbox 2328 3685 3411 3754">
     <span class='ocr_line' id='line_1_77' title="bbox 2328 3685 3411 3754; baseline 0.001 -15"><span class='ocrx_word' id='word_1_422' title='bbox 2328 3686 2597 3739; x_wconf 79' lang='grc' dir='ltr'>Συνόδου</span> <span class='ocrx_word' id='word_1_423' title='bbox 2624 3685 3045 3754; x_wconf 78' lang='grc' dir='ltr'>Καρθαγέννης</span> <span class='ocrx_word' id='word_1_424' title='bbox 3075 3685 3279 3740; x_wconf 80' lang='grc' dir='ltr'>κανὼν</span> <span class='ocrx_word' id='word_1_425' title='bbox 3303 3692 3411 3740; x_wconf 85' lang='grc' dir='ltr'>κα’.</span> 
     </span>
    </p>
   </div>
   <div class='ocr_carea' id='block_1_78' title="bbox 2143 3776 3648 3846">
    <p class='ocr_par' dir='ltr' id='par_1_78' title="bbox 2143 3776 3648 3846">
     <span class='ocr_line' id='line_1_78' title="bbox 2143 3776 3648 3846; baseline -0.003 -12"><span class='ocrx_word' id='word_1_426' title='bbox 2143 3780 2321 3834; x_wconf 77' lang='grc' dir='ltr'>Ὥστε</span> <span class='ocrx_word' id='word_1_427' title='bbox 2361 3780 2434 3831; x_wconf 81' lang='grc' dir='ltr'>τὰ</span> <span class='ocrx_word' id='word_1_428' title='bbox 2465 3776 2647 3831; x_wconf 78' lang='grc' dir='ltr'>τέκνα</span> <span class='ocrx_word' id='word_1_429' title='bbox 2683 3777 2802 3830; x_wconf 79' lang='grc' dir='ltr'><strong><em>τῶν</em></strong></span> <span class='ocrx_word' id='word_1_430' title='bbox 2844 3778 3148 3846; x_wconf 70' lang='grc' dir='ltr'>κληρικῶν</span> <span class='ocrx_word' id='word_1_431' title='bbox 3184 3778 3257 3831; x_wconf 80' lang='grc' dir='ltr'>ἐν</span> <span class='ocrx_word' id='word_1_432' title='bbox 3294 3778 3648 3842; x_wconf 77' lang='grc' dir='ltr'>συνοικεσίῳ</span> 
     </span>
    </p>
   </div>
   <div class='ocr_carea' id='block_1_79' title="bbox 2066 3870 2964 3946">
    <p class='ocr_par' dir='ltr' id='par_1_79' title="bbox 2066 3870 2964 3946">
     <span class='ocr_line' id='line_1_79' title="bbox 2066 3870 2964 3946; baseline -0.004 -18"><span class='ocrx_word' id='word_1_433' title='bbox 2066 3873 2153 3946; x_wconf 79' lang='grc' dir='ltr'>μὴ</span> <span class='ocrx_word' id='word_1_434' title='bbox 2180 3873 2597 3928; x_wconf 78' lang='grc' dir='ltr'>συνάπτεσθαι</span> <span class='ocrx_word' id='word_1_435' title='bbox 2625 3870 2964 3939; x_wconf 76' lang='grc' dir='ltr'>αἱρετικοῖς.</span> 
     </span>
    </p>
   </div>
   <div class='ocr_carea' id='block_1_80' title="bbox 2146 3955 3648 4032">
    <p class='ocr_par' dir='ltr' id='par_1_80' title="bbox 2146 3955 3648 4032">
     <span class='ocr_line' id='line_1_80' title="bbox 2146 3955 3648 4032; baseline -0.004 -14"><span class='ocrx_word' id='word_1_436' title='bbox 2146 3972 2253 4020; x_wconf 86' lang='grc' dir='ltr'>κα’.</span> <span class='ocrx_word' id='word_1_437' title='bbox 2311 3955 2544 4032; x_wconf 83' lang='grc' dir='ltr'>Ὁμοίως</span> <span class='ocrx_word' id='word_1_438' title='bbox 2576 3963 2795 4032; x_wconf 68' lang='grc' dir='ltr'>ἤρεσεν,</span> <span class='ocrx_word' id='word_1_439' title='bbox 2833 3961 2976 4015; x_wconf 81' lang='grc' dir='ltr'>ὥστε</span> <span class='ocrx_word' id='word_1_440' title='bbox 3009 3963 3078 4014; x_wconf 84' lang='grc' dir='ltr'>τὰ</span> <span class='ocrx_word' id='word_1_441' title='bbox 3121 3961 3286 4016; x_wconf 88' lang='grc' dir='ltr'>τέκνα</span> <span class='ocrx_word' id='word_1_442' title='bbox 3323 3963 3432 4015; x_wconf 86' lang='grc' dir='ltr'><strong><em>τῶν</em></strong></span> <span class='ocrx_word' id='word_1_443' title='bbox 3471 3961 3648 4032; x_wconf 86' lang='grc' dir='ltr'>κληρι-</span> 
     </span>
    </p>
   </div>
   <div class='ocr_carea' id='block_1_81' title="bbox 2075 4052 3646 4126">
    <p class='ocr_par' dir='ltr' id='par_1_81' title="bbox 2075 4052 3646 4126">
     <span class='ocr_line' id='line_1_81' title="bbox 2075 4052 3646 4126; baseline -0.004 -15"><span class='ocrx_word' id='word_1_444' title='bbox 2075 4057 2219 4118; x_wconf 84' lang='grc' dir='ltr'>κῶν,</span> <span class='ocrx_word' id='word_1_445' title='bbox 2268 4055 2502 4116; x_wconf 84' lang='grc' dir='ltr'>ἐθνικοϊς</span> <span class='ocrx_word' id='word_1_446' title='bbox 2548 4052 2582 4124; x_wconf 81' lang='grc' dir='ltr'>ἢ</span> <span class='ocrx_word' id='word_1_447' title='bbox 2630 4054 2933 4123; x_wconf 79' lang='grc' dir='ltr'>αἰρετικοῖς</span> <span class='ocrx_word' id='word_1_448' title='bbox 2973 4052 3226 4124; x_wconf 83' lang='grc' dir='ltr'>γαμικῶς</span> <span class='ocrx_word' id='word_1_449' title='bbox 3273 4054 3350 4126; x_wconf 76' lang='grc' dir='ltr'>μὴ</span> <span class='ocrx_word' id='word_1_450' title='bbox 3388 4057 3646 4108; x_wconf 84' lang='grc' dir='ltr'>συνάπτε-</span> 
     </span>
    </p>
   </div>
   <div class='ocr_carea' id='block_1_82' title="bbox 2077 4147 2222 4201">
    <p class='ocr_par' dir='ltr' id='par_1_82' title="bbox 2077 4147 2222 4201">
     <span class='ocr_line' id='line_1_82' title="bbox 2077 4147 2222 4201; baseline -0.014 1"><span class='ocrx_word' id='word_1_451' title='bbox 2077 4147 2222 4201; x_wconf 88' lang='grc' dir='ltr'>σθαι.</span> 
     </span>
    </p>
   </div>
   <div class='ocr_carea' id='block_1_83' title="bbox 2230 4234 3513 4305">
    <p class='ocr_par' dir='ltr' id='par_1_83' title="bbox 2230 4234 3513 4305">
     <span class='ocr_line' id='line_1_83' title="bbox 2230 4234 3513 4305; baseline -0.003 -13"><span class='ocrx_word' id='word_1_452' title='bbox 2230 4237 2499 4292; x_wconf 77' lang='grc' dir='ltr'>Συνόδου</span> <span class='ocrx_word' id='word_1_453' title='bbox 2527 4234 2950 4305; x_wconf 74' lang='grc' dir='ltr'>οίκουμενικῆς</span> <span class='ocrx_word' id='word_1_454' title='bbox 2975 4235 3154 4301; x_wconf 69' lang='grc' dir='ltr'>ἕκτης</span> <span class='ocrx_word' id='word_1_455' title='bbox 3185 4236 3389 4290; x_wconf 75' lang='grc' dir='ltr'>κανὼν</span> <span class='ocrx_word' id='word_1_456' title='bbox 3417 4234 3513 4304; x_wconf 81' lang='grc' dir='ltr'>οβ’.</span> 
     </span>
    </p>
   </div>
   <div class='ocr_carea' id='block_1_84' title="bbox 2147 4326 3649 4399">
    <p class='ocr_par' dir='ltr' id='par_1_84' title="bbox 2147 4326 3649 4399">
     <span class='ocr_line' id='line_1_84' title="bbox 2147 4326 3649 4399; baseline -0.004 -16"><span class='ocrx_word' id='word_1_457' title='bbox 2147 4328 2244 4399; x_wconf 84' lang='grc' dir='ltr'>οβ’.</span> <span class='ocrx_word' id='word_1_458' title='bbox 2303 4329 2394 4399; x_wconf 84' lang='grc' dir='ltr'><strong><em>Μὴ</em></strong></span> <span class='ocrx_word' id='word_1_459' title='bbox 2444 4327 2646 4393; x_wconf 84' lang='grc' dir='ltr'>ἐξέστω</span> <span class='ocrx_word' id='word_1_460' title='bbox 2690 4327 2969 4399; x_wconf 79' lang='grc' dir='ltr'>ὀρθόδοξον</span> <span class='ocrx_word' id='word_1_461' title='bbox 3012 4326 3180 4396; x_wconf 83' lang='grc' dir='ltr'>ἄνδρα</span> <span class='ocrx_word' id='word_1_462' title='bbox 3231 4329 3480 4398; x_wconf 78' lang='grc' dir='ltr'>αἱρετικῇ</span> <span class='ocrx_word' id='word_1_463' title='bbox 3534 4343 3649 4378; x_wconf 87' lang='grc' dir='ltr'>συν-</span> 
     </span>
    </p>
   </div>
   <div class='ocr_carea' id='block_1_85' title="bbox 387 4405 3649 4492">
    <p class='ocr_par' dir='ltr' id='par_1_85' title="bbox 387 4405 3649 4492">
     <span class='ocr_line' id='line_1_85' title="bbox 387 4405 3649 4492; baseline -0.002 -16"><span class='ocrx_word' id='word_1_464' title='bbox 387 4406 645 4462; x_wconf 60' lang='grc' dir='ltr'>δωνθῑίθθ</span> <span class='ocrx_word' id='word_1_465' title='bbox 691 4405 974 4475; x_wconf 70' lang='grc' dir='ltr'>οοηὶιιιιεί.</span> <span class='ocrx_word' id='word_1_466' title='bbox 1031 4421 1208 4475; x_wconf 77' lang='grc' dir='ltr'>ηείιυθ</span> <span class='ocrx_word' id='word_1_467' title='bbox 1257 4421 1387 4462; x_wconf 64' lang='grc' dir='ltr'><strong><em>νεεΓο</em></strong></span> <span class='ocrx_word' id='word_1_468' title='bbox 1423 4407 1789 4463; x_wconf 67' lang='grc' dir='ltr'><strong><em>οτιιιοάοκθῐη</em></strong></span> <span class='ocrx_word' id='word_1_469' title='bbox 1835 4423 1962 4464; x_wconf 69' lang='lat' dir='ltr'><strong><em>cum</em></strong></span> <span class='ocrx_word' id='word_1_470' title='bbox 1991 4415 2045 4475; x_wconf 80' lang='grc' dir='ltr'><strong>Β</strong></span> <span class='ocrx_word' id='word_1_471' title='bbox 2070 4421 2340 4476; x_wconf 79' lang='grc' dir='ltr'>ἅπτεσθαι</span> <span class='ocrx_word' id='word_1_472' title='bbox 2372 4422 2613 4489; x_wconf 67' lang='grc' dir='ltr'>γυναικὶ,</span> <span class='ocrx_word' id='word_1_473' title='bbox 2649 4421 2784 4492; x_wconf 86' lang='grc' dir='ltr'>μήτε</span> <span class='ocrx_word' id='word_1_474' title='bbox 2817 4419 2922 4490; x_wconf 83' lang='grc' dir='ltr'>μὴν</span> <span class='ocrx_word' id='word_1_475' title='bbox 2954 4419 3213 4490; x_wconf 82' lang='grc' dir='ltr'>αἱρετικῷ</span> <span class='ocrx_word' id='word_1_476' title='bbox 3240 4419 3395 4488; x_wconf 76' lang='grc' dir='ltr'>ἀνδρὶ</span> <span class='ocrx_word' id='word_1_477' title='bbox 3423 4420 3649 4486; x_wconf 83' lang='grc' dir='ltr'>γυναῖκα</span> 
     </span>
    </p>
   </div>
   <div class='ocr_carea' id='block_1_86' title="bbox 393 4495 1959 4580">
    <p class='ocr_par' dir='ltr' id='par_1_86' title="bbox 393 4495 1959 4569">
     <span class='ocr_line' id='line_1_86' title="bbox 393 4495 1959 4569; baseline 0.004 -19"><span class='ocrx_word' id='word_1_478' title='bbox 393 4496 514 4550; x_wconf 67' lang='lat' dir='ltr'><strong><em>viro</em></strong></span> <span class='ocrx_word' id='word_1_479' title='bbox 547 4495 804 4550; x_wconf 74' lang='lat' dir='ltr'><strong><em>haeretico</em></strong></span> <span class='ocrx_word' id='word_1_480' title='bbox 832 4496 1094 4565; x_wconf 89' lang='lat' dir='ltr'><strong><em>c0pulari.</em></strong></span> <span class='ocrx_word' id='word_1_481' title='bbox 1134 4496 1240 4552; x_wconf 88' lang='lat' dir='ltr'><strong><em>Sed</em></strong></span> <span class='ocrx_word' id='word_1_482' title='bbox 1299 4499 1400 4553; x_wconf 89' lang='lat' dir='ltr'><strong><em>etsi</em></strong></span> <span class='ocrx_word' id='word_1_483' title='bbox 1433 4500 1565 4569; x_wconf 89' lang='lat' dir='ltr'><strong><em>quid</em></strong></span> <span class='ocrx_word' id='word_1_484' title='bbox 1597 4501 1870 4569; x_wconf 89' lang='lat' dir='ltr'><strong><em>ejusmodi</em></strong></span> <span class='ocrx_word' id='word_1_485' title='bbox 1899 4501 1959 4556; x_wconf 79' lang='lat' dir='ltr'><strong><em>ah</em></strong></span> 
     </span>
    </p>
   </div>
   <div class='ocr_carea' id='block_1_87' title="bbox 2098 4495 3652 4580">
    <p class='ocr_par' dir='ltr' id='par_1_87' title="bbox 2098 4508 3652 4580">
     <span class='ocr_line' id='line_1_87' title="bbox 2098 4508 3652 4580; baseline -0.004 -16"><span class='ocrx_word' id='word_1_486' title='bbox 2098 4511 2350 4580; x_wconf 63' lang='grc' dir='ltr'>ιρθόδοξον</span> <span class='ocrx_word' id='word_1_487' title='bbox 2384 4511 2744 4580; x_wconf 78' lang='grc' dir='ltr'>ζεύγνυσθαι·</span> <span class='ocrx_word' id='word_1_488' title='bbox 2788 4511 2902 4564; x_wconf 77' lang='grc' dir='ltr'>ἀλλ’</span> <span class='ocrx_word' id='word_1_489' title='bbox 2943 4511 2992 4562; x_wconf 86' lang='grc' dir='ltr'><strong><em>εί</em></strong></span> <span class='ocrx_word' id='word_1_490' title='bbox 3023 4510 3117 4564; x_wconf 70' lang='grc' dir='ltr'>καὶ</span> <span class='ocrx_word' id='word_1_491' title='bbox 3148 4513 3290 4580; x_wconf 77' lang='grc' dir='ltr'>φανῇ</span> <span class='ocrx_word' id='word_1_492' title='bbox 3337 4527 3390 4562; x_wconf 87' lang='grc' dir='ltr'><strong><em>τι</em></strong></span> <span class='ocrx_word' id='word_1_493' title='bbox 3420 4508 3652 4563; x_wconf 85' lang='grc' dir='ltr'>τοιοῦτον</span> 
     </span>
    </p>
   </div>
   <div class='ocr_carea' id='block_1_88' title="bbox 387 4586 1959 4673">
    <p class='ocr_par' dir='ltr' id='par_1_88' title="bbox 387 4586 1959 4662">
     <span class='ocr_line' id='line_1_88' title="bbox 387 4586 1959 4662; baseline 0.003 -19"><span class='ocrx_word' id='word_1_494' title='bbox 387 4587 501 4643; x_wconf 87' lang='lat' dir='ltr'><strong><em>ullo</em></strong></span> <span class='ocrx_word' id='word_1_495' title='bbox 529 4603 594 4641; x_wconf 82' lang='lat' dir='ltr'><strong><em>ex</em></strong></span> <span class='ocrx_word' id='word_1_496' title='bbox 631 4587 890 4658; x_wconf 89' lang='lat' dir='ltr'><strong><em>omnibus</em></strong></span> <span class='ocrx_word' id='word_1_497' title='bbox 928 4586 1132 4642; x_wconf 80' lang='lat' dir='ltr'><strong><em>factum</em></strong></span> <span class='ocrx_word' id='word_1_498' title='bbox 1165 4593 1501 4660; x_wconf 80' lang='lat' dir='ltr'><strong><em>apparuerit,</em></strong></span> <span class='ocrx_word' id='word_1_499' title='bbox 1532 4591 1721 4647; x_wconf 90' lang='lat' dir='ltr'><strong><em>irritas</em></strong></span> <span class='ocrx_word' id='word_1_500' title='bbox 1752 4593 1959 4662; x_wconf 79' lang='lat' dir='ltr'><strong><em>nuptias</em></strong></span> 
     </span>
    </p>
   </div>
   <div class='ocr_carea' id='block_1_89' title="bbox 2098 4586 3651 4673">
    <p class='ocr_par' dir='ltr' id='par_1_89' title="bbox 2098 4602 3651 4673">
     <span class='ocr_line' id='line_1_89' title="bbox 2098 4602 3651 4673; baseline -0.002 -19"><span class='ocrx_word' id='word_1_501' title='bbox 2098 4606 2181 4658; x_wconf 76' lang='lat' dir='ltr'><strong><em>m6</em></strong></span> <span class='ocrx_word' id='word_1_502' title='bbox 2207 4624 2351 4668; x_wconf 87' lang='grc' dir='ltr'>τινος</span> <span class='ocrx_word' id='word_1_503' title='bbox 2376 4605 2484 4658; x_wconf 84' lang='grc' dir='ltr'><strong><em>τῶν</em></strong></span> <span class='ocrx_word' id='word_1_504' title='bbox 2509 4605 2765 4659; x_wconf 84' lang='grc' dir='ltr'>ἁπάντων</span> <span class='ocrx_word' id='word_1_505' title='bbox 2794 4604 3095 4673; x_wconf 83' lang='grc' dir='ltr'>γινόμενον.</span> <span class='ocrx_word' id='word_1_506' title='bbox 3127 4605 3332 4672; x_wconf 81' lang='grc' dir='ltr'>ἄκυρον</span> <span class='ocrx_word' id='word_1_507' title='bbox 3364 4603 3454 4656; x_wconf 80' lang='grc' dir='ltr'><strong><em>τὸν</em></strong></span> <span class='ocrx_word' id='word_1_508' title='bbox 3479 4602 3651 4670; x_wconf 77' lang='grc' dir='ltr'>γάμον</span> 
     </span>
    </p>
   </div>
   <div class='ocr_carea' id='block_1_90' title="bbox 387 4679 1971 4756">
    <p class='ocr_par' dir='ltr' id='par_1_90' title="bbox 387 4679 1971 4756">
     <span class='ocr_line' id='line_1_90' title="bbox 387 4679 1971 4756; baseline 0.003 -20"><span class='ocrx_word' id='word_1_509' title='bbox 387 4680 730 4745; x_wconf 78' lang='lat' dir='ltr'><strong><em>existimare,</em></strong></span> <span class='ocrx_word' id='word_1_510' title='bbox 756 4688 809 4734; x_wconf 89' lang='lat' dir='ltr'><strong><em>et</em></strong></span> <span class='ocrx_word' id='word_1_511' title='bbox 845 4679 1116 4735; x_wconf 80' lang='lat' dir='ltr'><strong><em>nefarium</em></strong></span> <span class='ocrx_word' id='word_1_512' title='bbox 1151 4681 1469 4752; x_wconf 80' lang='lat' dir='ltr'><strong><em>conjugium</em></strong></span> <span class='ocrx_word' id='word_1_513' title='bbox 1499 4684 1749 4739; x_wconf 88' lang='lat' dir='ltr'><strong><em>dissolvi.</em></strong></span> <span class='ocrx_word' id='word_1_514' title='bbox 1782 4683 1971 4756; x_wconf 86' lang='lat' dir='ltr'><strong><em>Neque</em></strong></span> 
     </span>
    </p>
   </div>
   <div class='ocr_carea' id='block_1_91' title="bbox 2073 4692 3650 4770">
    <p class='ocr_par' dir='ltr' id='par_1_91' title="bbox 2073 4692 3650 4770">
     <span class='ocr_line' id='line_1_91' title="bbox 2073 4692 3650 4770; baseline -0.005 -18"><span class='ocrx_word' id='word_1_515' title='bbox 2073 4698 2347 4770; x_wconf 78' lang='grc' dir='ltr'>ἡγεῖσθαι,</span> <span class='ocrx_word' id='word_1_516' title='bbox 2379 4699 2474 4750; x_wconf 74' lang='grc' dir='ltr'>καὶ</span> <span class='ocrx_word' id='word_1_517' title='bbox 2498 4697 2561 4750; x_wconf 73' lang='grc' dir='ltr'>τὸ</span> <span class='ocrx_word' id='word_1_518' title='bbox 2588 4696 2826 4767; x_wconf 82' lang='grc' dir='ltr'>ἄθεσμον</span> <span class='ocrx_word' id='word_1_519' title='bbox 2851 4695 3162 4749; x_wconf 80' lang='grc' dir='ltr'>διαλύεσθαι</span> <span class='ocrx_word' id='word_1_520' title='bbox 3196 4695 3559 4747; x_wconf 74' lang='grc' dir='ltr'>συνοικέσιον·</span> <span class='ocrx_word' id='word_1_521' title='bbox 3592 4692 3650 4744; x_wconf 82' lang='grc' dir='ltr'><strong><em>οὐ</em></strong></span> 
     </span>
    </p>
   </div>
   <div class='ocr_carea' id='block_1_92' title="bbox 384 4775 1959 4862">
    <p class='ocr_par' dir='ltr' id='par_1_92' title="bbox 384 4775 1959 4844">
     <span class='ocr_line' id='line_1_92' title="bbox 384 4775 1959 4844; baseline 0.002 -15"><span class='ocrx_word' id='word_1_522' title='bbox 384 4775 532 4830; x_wconf 90' lang='lat' dir='ltr'><strong><em>enim</em></strong></span> <span class='ocrx_word' id='word_1_523' title='bbox 585 4789 649 4828; x_wconf 82' lang='lat' dir='ltr'><strong><em>ea</em></strong></span> <span class='ocrx_word' id='word_1_524' title='bbox 684 4789 806 4844; x_wconf 73' lang='lat' dir='ltr'><strong><em>quae</em></strong></span> <span class='ocrx_word' id='word_1_525' title='bbox 854 4788 962 4828; x_wconf 89' lang='lat' dir='ltr'><strong><em>non</em></strong></span> <span class='ocrx_word' id='word_1_526' title='bbox 1049 4781 1179 4828; x_wconf 89' lang='lat' dir='ltr'><strong><em>sunt</em></strong></span> <span class='ocrx_word' id='word_1_527' title='bbox 1232 4775 1514 4830; x_wconf 89' lang='lat' dir='ltr'><strong><em>miscenda</em></strong></span> <span class='ocrx_word' id='word_1_528' title='bbox 1572 4777 1815 4843; x_wconf 85' lang='lat' dir='ltr'><strong><em>misceri,</em></strong></span> <span class='ocrx_word' id='word_1_529' title='bbox 1871 4792 1959 4832; x_wconf 85' lang='lat' dir='ltr'><strong><em>net</em></strong></span> 
     </span>
    </p>
   </div>
   <div class='ocr_carea' id='block_1_93' title="bbox 2098 4775 3651 4862">
    <p class='ocr_par' dir='ltr' id='par_1_93' title="bbox 2098 4787 3651 4862">
     <span class='ocr_line' id='line_1_93' title="bbox 2098 4787 3651 4862; baseline -0.005 -19"><span class='ocrx_word' id='word_1_530' title='bbox 2098 4792 2188 4862; x_wconf 65' lang='grc' dir='ltr'>(ἀρ</span> <span class='ocrx_word' id='word_1_531' title='bbox 2209 4792 2314 4862; x_wconf 80' lang='grc' dir='ltr'><strong><em>χρὴ</em></strong></span> <span class='ocrx_word' id='word_1_532' title='bbox 2339 4791 2636 4859; x_wconf 77' lang='grc' dir='ltr'>τὰ,ἄμ.ικτα</span> <span class='ocrx_word' id='word_1_533' title='bbox 2661 4789 2936 4860; x_wconf 86' lang='grc' dir='ltr'>μιγνύναι,</span> <span class='ocrx_word' id='word_1_534' title='bbox 2965 4788 3086 4840; x_wconf 79' lang='grc' dir='ltr'>οὐδὲ</span> <span class='ocrx_word' id='word_1_535' title='bbox 3113 4787 3189 4854; x_wconf 74' lang='grc' dir='ltr'>τῷ</span> <span class='ocrx_word' id='word_1_536' title='bbox 3218 4788 3477 4857; x_wconf 76' lang='grc' dir='ltr'>προϐάτῳ</span> <span class='ocrx_word' id='word_1_537' title='bbox 3496 4787 3651 4839; x_wconf 82' lang='grc' dir='ltr'>λύκον</span> 
     </span>
    </p>
   </div>
   <div class='ocr_carea' id='block_1_94' title="bbox 387 4867 1966 4937">
    <p class='ocr_par' dir='ltr' id='par_1_94' title="bbox 387 4867 1966 4937">
     <span class='ocr_line' id='line_1_94' title="bbox 387 4867 1966 4937; baseline 0.002 -16"><span class='ocrx_word' id='word_1_538' title='bbox 387 4881 543 4921; x_wconf 90' lang='lat' dir='ltr'><strong><em>ovem</em></strong></span> <span class='ocrx_word' id='word_1_539' title='bbox 575 4881 698 4922; x_wconf 85' lang='lat' dir='ltr'><strong><em>cum</em></strong></span> <span class='ocrx_word' id='word_1_540' title='bbox 738 4867 886 4937; x_wconf 88' lang='lat' dir='ltr'><strong><em>lupo,</em></strong></span> <span class='ocrx_word' id='word_1_541' title='bbox 915 4882 1017 4921; x_wconf 88' lang='lat' dir='ltr'><strong><em>nec</em></strong></span> <span class='ocrx_word' id='word_1_542' title='bbox 1042 4874 1390 4936; x_wconf 88' lang='lat' dir='ltr'><strong><em>peccatorum</em></strong></span> <span class='ocrx_word' id='word_1_543' title='bbox 1419 4878 1620 4924; x_wconf 85' lang='lat' dir='ltr'><strong><em>sortem</em></strong></span> <span class='ocrx_word' id='word_1_544' title='bbox 1653 4885 1779 4924; x_wconf 87' lang='lat' dir='ltr'><strong><em>cum</em></strong></span> <span class='ocrx_word' id='word_1_545' title='bbox 1806 4870 1966 4924; x_wconf 86' lang='lat' dir='ltr'><strong><em>Chri-</em></strong></span> 
     </span>
    </p>
   </div>
   <div class='ocr_carea' id='block_1_95' title="bbox 386 4958 1967 5032">
    <p class='ocr_par' dir='ltr' id='par_1_95' title="bbox 386 4958 1967 5032">
     <span class='ocr_line' id='line_1_95' title="bbox 386 4958 1967 5032; baseline 0.003 -19"><span class='ocrx_word' id='word_1_546' title='bbox 386 4958 454 5014; x_wconf 87' lang='lat' dir='ltr'><strong><em>sti</em></strong></span> <span class='ocrx_word' id='word_1_547' title='bbox 498 4972 652 5028; x_wconf 81' lang='lat' dir='ltr'><strong><em>parte</em></strong></span> <span class='ocrx_word' id='word_1_548' title='bbox 681 4958 941 5029; x_wconf 81' lang='lat' dir='ltr'><strong><em>conjungi</em></strong></span> <span class='ocrx_word' id='word_1_549' title='bbox 976 4968 1216 5029; x_wconf 90' lang='lat' dir='ltr'><strong><em>oportet.</em></strong></span> <span class='ocrx_word' id='word_1_550' title='bbox 1255 4959 1310 5014; x_wconf 92' lang='lat' dir='ltr'><strong><em>Si</em></strong></span> <span class='ocrx_word' id='word_1_551' title='bbox 1346 4960 1471 5030; x_wconf 83' lang='lat' dir='ltr'><strong><em>quis</em></strong></span> <span class='ocrx_word' id='word_1_552' title='bbox 1508 4969 1692 5016; x_wconf 87' lang='lat' dir='ltr'><strong><em>autem</em></strong></span> <span class='ocrx_word' id='word_1_553' title='bbox 1725 4978 1812 5028; x_wconf 90' lang='lat' dir='ltr'><strong><em>ea,</em></strong></span> <span class='ocrx_word' id='word_1_554' title='bbox 1843 4978 1967 5032; x_wconf 67' lang='lat' dir='ltr'><strong><em>quae</em></strong></span> 
     </span>
    </p>
   </div>
   <div class='ocr_carea' id='block_1_96' title="bbox 386 5052 1969 5126">
    <p class='ocr_par' dir='ltr' id='par_1_96' title="bbox 386 5052 1969 5126">
     <span class='ocr_line' id='line_1_96' title="bbox 386 5052 1969 5126; baseline 0.002 -19"><span class='ocrx_word' id='word_1_555' title='bbox 386 5067 417 5107; x_wconf 68' lang='grc' dir='ltr'><strong><em>α</em></strong></span> <span class='ocrx_word' id='word_1_556' title='bbox 448 5052 608 5108; x_wconf 87' lang='lat' dir='ltr'><strong><em>nobis</em></strong></span> <span class='ocrx_word' id='word_1_557' title='bbox 657 5052 875 5108; x_wconf 85' lang='lat' dir='ltr'><strong><em>decreta</em></strong></span> <span class='ocrx_word' id='word_1_558' title='bbox 897 5061 1045 5117; x_wconf 81' lang='lat' dir='ltr'><strong><em>sunt,</em></strong></span> <span class='ocrx_word' id='word_1_559' title='bbox 1079 5061 1459 5124; x_wconf 82' lang='lat' dir='ltr'><strong><em>transgressus</em></strong></span> <span class='ocrx_word' id='word_1_560' title='bbox 1492 5052 1678 5118; x_wconf 78' lang='lat' dir='ltr'><strong><em>fuerit,</em></strong></span> <span class='ocrx_word' id='word_1_561' title='bbox 1715 5071 1969 5126; x_wconf 82' lang='lat' dir='ltr'><strong><em>segrege-</em></strong></span> 
     </span>
    </p>
   </div>
   <div class='ocr_carea' id='block_1_97' title="bbox 389 5142 1968 5215">
    <p class='ocr_par' dir='ltr' id='par_1_97' title="bbox 389 5142 1968 5215">
     <span class='ocr_line' id='line_1_97' title="bbox 389 5142 1968 5215; baseline 0.002 -17"><span class='ocrx_word' id='word_1_562' title='bbox 389 5153 498 5198; x_wconf 82' lang='lat' dir='ltr'><strong><em>tur.</em></strong></span> <span class='ocrx_word' id='word_1_563' title='bbox 534 5142 592 5198; x_wconf 88' lang='lat' dir='ltr'><strong><em>Si</em></strong></span> <span class='ocrx_word' id='word_1_564' title='bbox 617 5154 798 5199; x_wconf 88' lang='lat' dir='ltr'><strong><em>autem</em></strong></span> <span class='ocrx_word' id='word_1_565' title='bbox 832 5145 1000 5215; x_wconf 87' lang='lat' dir='ltr'><strong><em>aliqui</em></strong></span> <span class='ocrx_word' id='word_1_566' title='bbox 1033 5146 1125 5215; x_wconf 85' lang='lat' dir='ltr'><strong><em>qui</em></strong></span> <span class='ocrx_word' id='word_1_567' title='bbox 1151 5145 1332 5200; x_wconf 84' lang='lat' dir='ltr'><strong><em>adhuc</em></strong></span> <span class='ocrx_word' id='word_1_568' title='bbox 1358 5153 1486 5199; x_wconf 88' lang='lat' dir='ltr'><strong><em>sunt</em></strong></span> <span class='ocrx_word' id='word_1_569' title='bbox 1517 5145 1786 5210; x_wconf 81' lang='lat' dir='ltr'><strong><em>inﬁdeles,</em></strong></span> <span class='ocrx_word' id='word_1_570' title='bbox 1819 5158 1874 5202; x_wconf 90' lang='lat' dir='ltr'><strong><em>et</em></strong></span> <span class='ocrx_word' id='word_1_571' title='bbox 1914 5149 1968 5201; x_wconf 90' lang='lat' dir='ltr'><strong><em>in</em></strong></span> 
     </span>
    </p>
   </div>
   <div class='ocr_carea' id='block_1_98' title="bbox 389 5235 1954 5306">
    <p class='ocr_par' dir='ltr' id='par_1_98' title="bbox 389 5235 1954 5306">
     <span class='ocr_line' id='line_1_98' title="bbox 389 5235 1954 5306; baseline -0.001 -15"><span class='ocrx_word' id='word_1_572' title='bbox 389 5235 822 5291; x_wconf 81' lang='lat' dir='ltr'><strong><em>orthodoxorum</em></strong></span> <span class='ocrx_word' id='word_1_573' title='bbox 865 5251 1082 5306; x_wconf 79' lang='lat' dir='ltr'><strong><em>gregem</em></strong></span> <span class='ocrx_word' id='word_1_574' title='bbox 1145 5236 1387 5291; x_wconf 87' lang='lat' dir='ltr'><strong><em>nondum</em></strong></span> <span class='ocrx_word' id='word_1_575' title='bbox 1435 5237 1586 5291; x_wconf 88' lang='lat' dir='ltr'><strong><em>relati</em></strong></span> <span class='ocrx_word' id='word_1_576' title='bbox 1639 5249 1792 5301; x_wconf 88' lang='lat' dir='ltr'><strong><em>sunt,</em></strong></span> <span class='ocrx_word' id='word_1_577' title='bbox 1825 5249 1954 5292; x_wconf 86' lang='lat' dir='ltr'><strong><em>sunt</em></strong></span> 
     </span>
    </p>
   </div>
   <div class='ocr_carea' id='block_1_99' title="bbox 389 5331 1968 5401">
    <p class='ocr_par' dir='ltr' id='par_1_99' title="bbox 389 5331 1968 5401">
     <span class='ocr_line' id='line_1_99' title="bbox 389 5331 1968 5401; baseline 0.002 -18"><span class='ocrx_word' id='word_1_578' title='bbox 389 5332 532 5384; x_wconf 81' lang='lat' dir='ltr'><strong><em>inter</em></strong></span> <span class='ocrx_word' id='word_1_579' title='bbox 578 5346 636 5385; x_wconf 88' lang='lat' dir='ltr'><strong><em>se</em></strong></span> <span class='ocrx_word' id='word_1_580' title='bbox 690 5331 937 5401; x_wconf 82' lang='lat' dir='ltr'><strong><em>legitimo</em></strong></span> <span class='ocrx_word' id='word_1_581' title='bbox 995 5331 1350 5385; x_wconf 86' lang='lat' dir='ltr'><strong><em>matrimonio</em></strong></span> <span class='ocrx_word' id='word_1_582' title='bbox 1391 5331 1674 5401; x_wconf 78' lang='lat' dir='ltr'><strong><em>conjuncti</em></strong></span> <span class='ocrx_word' id='word_1_583' title='bbox 1712 5349 1724 5385; x_wconf 92' lang='lat'>:</span> <span class='ocrx_word' id='word_1_584' title='bbox 1769 5331 1968 5386; x_wconf 82' lang='lat' dir='ltr'><strong><em>deinde</em></strong></span> 
     </span>
    </p>
   </div>
   <div class='ocr_carea' id='block_1_100' title="bbox 389 5423 1967 5494">
    <p class='ocr_par' dir='ltr' id='par_1_100' title="bbox 389 5423 1967 5494">
     <span class='ocr_line' id='line_1_100' title="bbox 389 5423 1967 5494; baseline 0.001 -17"><span class='ocrx_word' id='word_1_585' title='bbox 389 5423 479 5477; x_wconf 86' lang='lat' dir='ltr'><strong><em>hic</em></strong></span> <span class='ocrx_word' id='word_1_586' title='bbox 519 5423 740 5494; x_wconf 83' lang='lat' dir='ltr'><strong><em>quidem</em></strong></span> <span class='ocrx_word' id='word_1_587' title='bbox 779 5438 845 5477; x_wconf 90' lang='lat' dir='ltr'><strong><em>eo</em></strong></span> <span class='ocrx_word' id='word_1_588' title='bbox 885 5423 1032 5492; x_wconf 87' lang='lat' dir='ltr'><strong><em>quod</em></strong></span> <span class='ocrx_word' id='word_1_589' title='bbox 1079 5430 1162 5478; x_wconf 87' lang='lat' dir='ltr'><strong><em>est</em></strong></span> <span class='ocrx_word' id='word_1_590' title='bbox 1214 5423 1505 5479; x_wconf 90' lang='lat' dir='ltr'><strong><em>honestum</em></strong></span> <span class='ocrx_word' id='word_1_591' title='bbox 1557 5424 1751 5488; x_wconf 82' lang='lat' dir='ltr'><strong><em>electo,</em></strong></span> <span class='ocrx_word' id='word_1_592' title='bbox 1782 5427 1852 5478; x_wconf 85' lang='lat' dir='ltr'><strong><em>ad</em></strong></span> <span class='ocrx_word' id='word_1_593' title='bbox 1887 5425 1967 5478; x_wconf 88' lang='lat' dir='ltr'><strong><em>lu-</em></strong></span> 
     </span>
    </p>
   </div>
   <div class='ocr_carea' id='block_1_101' title="bbox 387 5517 1968 5583">
    <p class='ocr_par' dir='ltr' id='par_1_101' title="bbox 387 5517 1968 5583">
     <span class='ocr_line' id='line_1_101' title="bbox 387 5517 1968 5583; baseline 0.001 -12"><span class='ocrx_word' id='word_1_594' title='bbox 387 5532 506 5572; x_wconf 86' lang='lat' dir='ltr'><strong><em>cem</em></strong></span> <span class='ocrx_word' id='word_1_595' title='bbox 551 5517 794 5572; x_wconf 87' lang='lat' dir='ltr'><strong><em>vcritatis</em></strong></span> <span class='ocrx_word' id='word_1_596' title='bbox 834 5518 1158 5583; x_wconf 82' lang='lat' dir='ltr'><strong><em>accurrerit,</em></strong></span> <span class='ocrx_word' id='word_1_597' title='bbox 1200 5517 1290 5572; x_wconf 90' lang='lat' dir='ltr'><strong><em>ille</em></strong></span> <span class='ocrx_word' id='word_1_598' title='bbox 1331 5533 1458 5573; x_wconf 87' lang='lat' dir='ltr'><strong><em>vero</em></strong></span> <span class='ocrx_word' id='word_1_599' title='bbox 1507 5518 1714 5571; x_wconf 85' lang='lat' dir='ltr'><strong><em>erroris</em></strong></span> <span class='ocrx_word' id='word_1_600' title='bbox 1749 5517 1968 5572; x_wconf 87' lang='lat' dir='ltr'><strong><em>vinculo</em></strong></span> 
     </span>
    </p>
   </div>
   <div class='ocr_carea' id='block_1_102' title="bbox 389 5609 1965 5674">
    <p class='ocr_par' dir='ltr' id='par_1_102' title="bbox 389 5609 1965 5674">
     <span class='ocr_line' id='line_1_102' title="bbox 389 5609 1965 5674; baseline 0.001 -11"><span class='ocrx_word' id='word_1_601' title='bbox 389 5609 643 5665; x_wconf 85' lang='lat' dir='ltr'><strong><em>detentus</em></strong></span> <span class='ocrx_word' id='word_1_602' title='bbox 680 5610 868 5674; x_wconf 80' lang='lat' dir='ltr'><strong><em>fuerit,</em></strong></span> <span class='ocrx_word' id='word_1_603' title='bbox 923 5610 1116 5663; x_wconf 85' lang='lat' dir='ltr'><strong><em>nolens</em></strong></span> <span class='ocrx_word' id='word_1_604' title='bbox 1150 5609 1368 5664; x_wconf 86' lang='lat' dir='ltr'><strong><em>divinos</em></strong></span> <span class='ocrx_word' id='word_1_605' title='bbox 1404 5609 1584 5664; x_wconf 84' lang='lat' dir='ltr'><strong><em>radios</em></strong></span> <span class='ocrx_word' id='word_1_606' title='bbox 1633 5610 1754 5664; x_wconf 80' lang='lat' dir='ltr'><strong><em>lixis</em></strong></span> <span class='ocrx_word' id='word_1_607' title='bbox 1792 5610 1965 5664; x_wconf 86' lang='lat' dir='ltr'><strong><em>oculis</em></strong></span> 
     </span>
    </p>
   </div>
   <div class='ocr_carea' id='block_1_103' title="bbox 391 5701 1966 5774">
    <p class='ocr_par' dir='ltr' id='par_1_103' title="bbox 391 5701 1966 5774">
     <span class='ocr_line' id='line_1_103' title="bbox 391 5701 1966 5774; baseline 0.004 -20"><span class='ocrx_word' id='word_1_608' title='bbox 391 5701 613 5768; x_wconf 86' lang='lat' dir='ltr'><strong><em>intueri,</em></strong></span> <span class='ocrx_word' id='word_1_609' title='bbox 650 5703 793 5758; x_wconf 84' lang='lat' dir='ltr'><strong><em>Iideli</em></strong></span> <span class='ocrx_word' id='word_1_610' title='bbox 825 5715 952 5758; x_wconf 82' lang='lat' dir='ltr'><strong><em>vero</em></strong></span> <span class='ocrx_word' id='word_1_611' title='bbox 977 5702 1186 5758; x_wconf 87' lang='lat' dir='ltr'><strong><em>homini</em></strong></span> <span class='ocrx_word' id='word_1_612' title='bbox 1217 5704 1431 5774; x_wconf 78' lang='lat' dir='ltr'><strong><em>plnccat</em></strong></span> <span class='ocrx_word' id='word_1_613' title='bbox 1474 5721 1596 5759; x_wconf 87' lang='lat' dir='ltr'><strong><em>cum</em></strong></span> <span class='ocrx_word' id='word_1_614' title='bbox 1629 5704 1832 5760; x_wconf 67' lang='lat' dir='ltr'><strong><em>iniirleli</em></strong></span> <span class='ocrx_word' id='word_1_615' title='bbox 1874 5721 1966 5761; x_wconf 90' lang='lat' dir='ltr'><strong><em>c0-</em></strong></span> 
     </span>
    </p>
   </div>
   <div class='ocr_carea' id='block_1_104' title="bbox 2085 4877 3652 4951">
    <p class='ocr_par' dir='ltr' id='par_1_104' title="bbox 2085 4877 3652 4951">
     <span class='ocr_line' id='line_1_104' title="bbox 2085 4877 3652 4951; baseline -0.004 -17"><span class='ocrx_word' id='word_1_616' title='bbox 2085 4881 2511 4951; x_wconf 84' lang='grc' dir='ltr'>συμπλέκεσθαι,</span> <span class='ocrx_word' id='word_1_617' title='bbox 2563 4882 2658 4934; x_wconf 75' lang='grc' dir='ltr'><strong><em>καὶ</em></strong></span> <span class='ocrx_word' id='word_1_618' title='bbox 2705 4883 2770 4949; x_wconf 83' lang='grc' dir='ltr'>τῇ</span> <span class='ocrx_word' id='word_1_619' title='bbox 2801 4879 2892 4932; x_wconf 86' lang='grc' dir='ltr'><strong><em>τοῦ</em></strong></span> <span class='ocrx_word' id='word_1_620' title='bbox 2936 4877 3173 4950; x_wconf 81' lang='grc' dir='ltr'>Χριστοῦ</span> <span class='ocrx_word' id='word_1_621' title='bbox 3211 4879 3393 4948; x_wconf 83' lang='grc' dir='ltr'>μερίδι</span> <span class='ocrx_word' id='word_1_622' title='bbox 3429 4878 3519 4932; x_wconf 74' lang='grc' dir='ltr'><strong><em>τὸν</em></strong></span> <span class='ocrx_word' id='word_1_623' title='bbox 3548 4877 3652 4930; x_wconf 85' lang='grc' dir='ltr'><strong><em>τῶν</em></strong></span> 
     </span>
    </p>
   </div>
   <div class='ocr_carea' id='block_1_105' title="bbox 2077 4969 3649 5042">
    <p class='ocr_par' dir='ltr' id='par_1_105' title="bbox 2077 4969 3649 5042">
     <span class='ocr_line' id='line_1_105' title="bbox 2077 4969 3649 5042; baseline -0.004 -18"><span class='ocrx_word' id='word_1_624' title='bbox 2077 4972 2414 5042; x_wconf 82' lang='grc' dir='ltr'>ἁμαρτωλῶν</span> <span class='ocrx_word' id='word_1_625' title='bbox 2449 4971 2763 5042; x_wconf 68' lang='grc' dir='ltr'>κλῆρον.,Εί</span> <span class='ocrx_word' id='word_1_626' title='bbox 2787 4971 2844 5023; x_wconf 85' lang='grc' dir='ltr'><strong><em>δὲ</em></strong></span> <span class='ocrx_word' id='word_1_627' title='bbox 2879 4971 3100 5040; x_wconf 75' lang='grc' dir='ltr'>παραϐῇ</span> <span class='ocrx_word' id='word_1_628' title='bbox 3135 4987 3218 5032; x_wconf 81' lang='grc' dir='ltr'><strong><em>τις</em></strong></span> <span class='ocrx_word' id='word_1_629' title='bbox 3246 4970 3311 5022; x_wconf 72' lang='grc' dir='ltr'>τὰ</span> <span class='ocrx_word' id='word_1_630' title='bbox 3342 4971 3475 5038; x_wconf 80' lang='grc' dir='ltr'>παρ’</span> <span class='ocrx_word' id='word_1_631' title='bbox 3501 4969 3649 5038; x_wconf 79' lang='grc' dir='ltr'>ἡμῶν</span> 
     </span>
    </p>
   </div>
   <div class='ocr_carea' id='block_1_106' title="bbox 2075 5053 3648 5130">
    <p class='ocr_par' dir='ltr' id='par_1_106' title="bbox 2075 5053 3648 5130">
     <span class='ocr_line' id='line_1_106' title="bbox 2075 5053 3648 5130; baseline -0.006 -17"><span class='ocrx_word' id='word_1_632' title='bbox 2075 5060 2381 5130; x_wconf 79' lang='grc' dir='ltr'>ὁρισθέντα,</span> <span class='ocrx_word' id='word_1_633' title='bbox 2415 5058 2758 5128; x_wconf 76' lang='grc' dir='ltr'>ἀφοριζέσθω</span> <span class='ocrx_word' id='word_1_634' title='bbox 2781 5073 2794 5086; x_wconf 86' lang='grc'>·</span> <span class='ocrx_word' id='word_1_635' title='bbox 2824 5058 2870 5110; x_wconf 84' lang='grc' dir='ltr'>εἰ</span> <span class='ocrx_word' id='word_1_636' title='bbox 2893 5057 2949 5109; x_wconf 84' lang='grc' dir='ltr'><strong><em>δέ</em></strong></span> <span class='ocrx_word' id='word_1_637' title='bbox 2969 5074 3114 5119; x_wconf 88' lang='grc' dir='ltr'>τινες</span> <span class='ocrx_word' id='word_1_638' title='bbox 3148 5055 3230 5108; x_wconf 76' lang='grc' dir='ltr'>ἔτι</span> <span class='ocrx_word' id='word_1_639' title='bbox 3263 5058 3321 5108; x_wconf 83' lang='grc' dir='ltr'><strong><em>ἐν</em></strong></span> <span class='ocrx_word' id='word_1_640' title='bbox 3343 5058 3407 5126; x_wconf 80' lang='grc' dir='ltr'>τῇ</span> <span class='ocrx_word' id='word_1_641' title='bbox 3430 5053 3648 5123; x_wconf 73' lang='grc' dir='ltr'>ἀπιστίᾳ</span> 
     </span>
    </p>
   </div>
   <div class='ocr_carea' id='block_1_107' title="bbox 2076 5147 3649 5220">
    <p class='ocr_par' dir='ltr' id='par_1_107' title="bbox 2076 5147 3649 5220">
     <span class='ocr_line' id='line_1_107' title="bbox 2076 5147 3649 5220; baseline -0.006 -14"><span class='ocrx_word' id='word_1_642' title='bbox 2076 5153 2453 5220; x_wconf 79' lang='grc' dir='ltr'>τυγχάνοντες,</span> <span class='ocrx_word' id='word_1_643' title='bbox 2506 5151 2600 5203; x_wconf 75' lang='grc' dir='ltr'><strong><em>καὶ</em></strong></span> <span class='ocrx_word' id='word_1_644' title='bbox 2637 5148 2791 5202; x_wconf 81' lang='grc' dir='ltr'>οῦπω</span> <span class='ocrx_word' id='word_1_645' title='bbox 2824 5152 2888 5219; x_wconf 78' lang='grc' dir='ltr'>τῇ</span> <span class='ocrx_word' id='word_1_646' title='bbox 2939 5149 3050 5202; x_wconf 80' lang='grc' dir='ltr'><strong><em>τῶν</em></strong></span> <span class='ocrx_word' id='word_1_647' title='bbox 3082 5147 3380 5218; x_wconf 77' lang='grc' dir='ltr'>ὀρθοδόξων</span> <span class='ocrx_word' id='word_1_648' title='bbox 3417 5149 3649 5215; x_wconf 78' lang='grc' dir='ltr'>ἐγκατα-</span> 
     </span>
    </p>
   </div>
   <div class='ocr_carea' id='block_1_108' title="bbox 2076 5239 3645 5315">
    <p class='ocr_par' dir='ltr' id='par_1_108' title="bbox 2076 5239 3645 5315">
     <span class='ocr_line' id='line_1_108' title="bbox 2076 5239 3645 5315; baseline -0.006 -19"><span class='ocrx_word' id='word_1_649' title='bbox 2076 5245 2320 5312; x_wconf 79' lang='grc' dir='ltr'>λεγέντες</span> <span class='ocrx_word' id='word_1_650' title='bbox 2338 5243 2562 5315; x_wconf 85' lang='grc' dir='ltr'>ποίμνῃ,</span> <span class='ocrx_word' id='word_1_651' title='bbox 2587 5242 2834 5313; x_wconf 82' lang='grc' dir='ltr'>ἀλλήλοις</span> <span class='ocrx_word' id='word_1_652' title='bbox 2857 5242 3020 5312; x_wconf 83' lang='grc' dir='ltr'>γάμῳ</span> <span class='ocrx_word' id='word_1_653' title='bbox 3041 5241 3255 5312; x_wconf 86' lang='grc' dir='ltr'>νομίμῳ</span> <span class='ocrx_word' id='word_1_654' title='bbox 3275 5239 3645 5310; x_wconf 81' lang='grc' dir='ltr'>ήρμόσθησαν,</span> 
     </span>
    </p>
   </div>
   <div class='ocr_carea' id='block_1_109' title="bbox 2076 5331 3645 5406">
    <p class='ocr_par' dir='ltr' id='par_1_109' title="bbox 2076 5331 3645 5406">
     <span class='ocr_line' id='line_1_109' title="bbox 2076 5331 3645 5406; baseline -0.005 -16"><span class='ocrx_word' id='word_1_655' title='bbox 2076 5332 2196 5390; x_wconf 77' lang='grc' dir='ltr'>εἶτα</span> <span class='ocrx_word' id='word_1_656' title='bbox 2238 5338 2267 5388; x_wconf 87' lang='grc' dir='ltr'>ὁ</span> <span class='ocrx_word' id='word_1_657' title='bbox 2303 5337 2400 5406; x_wconf 83' lang='grc' dir='ltr'>μὲν</span> <span class='ocrx_word' id='word_1_658' title='bbox 2427 5336 2486 5387; x_wconf 77' lang='grc' dir='ltr'><strong><em>το</em></strong></span> <span class='ocrx_word' id='word_1_659' title='bbox 2512 5335 2680 5388; x_wconf 77' lang='grc' dir='ltr'>καλὸν</span> <span class='ocrx_word' id='word_1_660' title='bbox 2708 5333 3071 5402; x_wconf 75' lang='grc' dir='ltr'>ἐκλεξάμενος</span> <span class='ocrx_word' id='word_1_661' title='bbox 3101 5333 3180 5403; x_wconf 81' lang='grc' dir='ltr'><strong><em>τῷ</em></strong></span> <span class='ocrx_word' id='word_1_662' title='bbox 3218 5335 3355 5403; x_wconf 69' lang='grc' dir='ltr'>φωτὶ</span> <span class='ocrx_word' id='word_1_663' title='bbox 3384 5332 3486 5400; x_wconf 83' lang='grc' dir='ltr'>τῆς</span> <span class='ocrx_word' id='word_1_664' title='bbox 3516 5331 3645 5399; x_wconf 82' lang='grc' dir='ltr'>ἁλη-</span> 
     </span>
    </p>
   </div>
   <div class='ocr_carea' id='block_1_110' title="bbox 2075 5424 3646 5496">
    <p class='ocr_par' dir='ltr' id='par_1_110' title="bbox 2075 5424 3646 5496">
     <span class='ocr_line' id='line_1_110' title="bbox 2075 5424 3646 5496; baseline -0.006 -15"><span class='ocrx_word' id='word_1_665' title='bbox 2075 5428 2220 5491; x_wconf 83' lang='grc' dir='ltr'>θείας</span> <span class='ocrx_word' id='word_1_666' title='bbox 2259 5427 2659 5496; x_wconf 72' lang='grc' dir='ltr'>προσέδραμεν,</span> <span class='ocrx_word' id='word_1_667' title='bbox 2706 5425 2735 5476; x_wconf 87' lang='grc' dir='ltr'>ὁ</span> <span class='ocrx_word' id='word_1_668' title='bbox 2774 5424 2831 5478; x_wconf 87' lang='grc' dir='ltr'>δὲ</span> <span class='ocrx_word' id='word_1_669' title='bbox 2876 5424 2981 5478; x_wconf 74' lang='grc' dir='ltr'>ὑπὸ</span> <span class='ocrx_word' id='word_1_670' title='bbox 3008 5424 3103 5477; x_wconf 84' lang='grc' dir='ltr'><strong><em>τοῦ</em></strong></span> <span class='ocrx_word' id='word_1_671' title='bbox 3148 5425 3248 5494; x_wconf 86' lang='grc' dir='ltr'>τῆς</span> <span class='ocrx_word' id='word_1_672' title='bbox 3280 5425 3492 5490; x_wconf 78' lang='grc' dir='ltr'>πλάνης</span> <span class='ocrx_word' id='word_1_673' title='bbox 3520 5436 3646 5473; x_wconf 83' lang='grc' dir='ltr'>κατ-</span> 
     </span>
    </p>
   </div>
   <div class='ocr_carea' id='block_1_111' title="bbox 2074 5509 3646 5591">
    <p class='ocr_par' dir='ltr' id='par_1_111' title="bbox 2074 5509 3646 5591">
     <span class='ocr_line' id='line_1_111' title="bbox 2074 5509 3646 5591; baseline -0.001 -18"><span class='ocrx_word' id='word_1_674' title='bbox 2074 5521 2271 5591; x_wconf 81' lang='grc' dir='ltr'>εσχέθη</span> <span class='ocrx_word' id='word_1_675' title='bbox 2314 5518 2537 5589; x_wconf 79' lang='grc' dir='ltr'>δεσμοῦ,</span> <span class='ocrx_word' id='word_1_676' title='bbox 2569 5519 2644 5588; x_wconf 82' lang='grc' dir='ltr'>μὴ</span> <span class='ocrx_word' id='word_1_677' title='bbox 2683 5517 2816 5586; x_wconf 78' lang='grc' dir='ltr'>πρὸς</span> <span class='ocrx_word' id='word_1_678' title='bbox 2849 5518 2947 5580; x_wconf 70' lang='grc' dir='ltr'><strong><em>τὰς</em></strong></span> <span class='ocrx_word' id='word_1_679' title='bbox 2980 5516 3131 5579; x_wconf 87' lang='grc' dir='ltr'>θείας</span> <span class='ocrx_word' id='word_1_680' title='bbox 3161 5515 3405 5570; x_wconf 76' lang='grc' dir='ltr'>ἀτενίσαι</span> <span class='ocrx_word' id='word_1_681' title='bbox 3429 5509 3646 5572; x_wconf 71' lang='grc' dir='ltr'>ἀκτῖναὲ</span> 
     </span>
    </p>
   </div>
   <div class='ocr_carea' id='block_1_112' title="bbox 2075 5603 3639 5679">
    <p class='ocr_par' dir='ltr' id='par_1_112' title="bbox 2075 5603 3639 5679">
     <span class='ocr_line' id='line_1_112' title="bbox 2075 5603 3639 5679; baseline -0.008 -16"><span class='ocrx_word' id='word_1_682' title='bbox 2075 5611 2346 5679; x_wconf 82' lang='grc' dir='ltr'>ἐλόμενος,</span> <span class='ocrx_word' id='word_1_683' title='bbox 2380 5609 2592 5662; x_wconf 63' lang='grc' dir='ltr'>εὐδοκεῖ</span> <span class='ocrx_word' id='word_1_684' title='bbox 2623 5607 2680 5659; x_wconf 79' lang='grc' dir='ltr'>δὲ</span> <span class='ocrx_word' id='word_1_685' title='bbox 2720 5606 2801 5676; x_wconf 75' lang='grc' dir='ltr'>τῷ</span> <span class='ocrx_word' id='word_1_686' title='bbox 2827 5607 3064 5676; x_wconf 81' lang='grc' dir='ltr'>πιστῷή</span> <span class='ocrx_word' id='word_1_687' title='bbox 3101 5608 3323 5669; x_wconf 80' lang='grc' dir='ltr'>ἄπιστος</span> <span class='ocrx_word' id='word_1_688' title='bbox 3363 5603 3639 5663; x_wconf 65' lang='grc' dir='ltr'>συνοικεῖν,</span> 
     </span>
    </p>
   </div>
   <div class='ocr_carea' id='block_1_113' title="bbox 2493 5704 2503 5716">
    <p class='ocr_par' dir='ltr' id='par_1_113' title="bbox 2493 5704 2503 5716">
     <span class='ocr_line' id='line_1_113' title="bbox 2493 5704 2503 5716; baseline 0 0"><span class='ocrx_word' id='word_1_689' title='bbox 2493 5704 2503 5716; x_wconf 66' lang='grc'>9</span> 
     </span>
    </p>
   </div>
   <div class='ocr_carea' id='block_1_114' title="bbox 2075 5697 3640 5774">
    <p class='ocr_par' dir='ltr' id='par_1_114' title="bbox 2075 5697 3640 5774">
     <span class='ocr_line' id='line_1_114' title="bbox 2075 5697 3640 5774; baseline -0.006 -16"><span class='ocrx_word' id='word_1_690' title='bbox 2075 5705 2105 5774; x_wconf 82' lang='grc' dir='ltr'><strong>ἧ</strong></span> <span class='ocrx_word' id='word_1_691' title='bbox 2135 5704 2193 5758; x_wconf 77' lang='grc' dir='ltr'>τὸ</span> <span class='ocrx_word' id='word_1_692' title='bbox 2219 5702 2454 5774; x_wconf 79' lang='grc' dir='ltr'>ἔμπαλιν</span> <span class='ocrx_word' id='word_1_693' title='bbox 2485 5704 2510 5754; x_wconf 75' lang='grc' dir='ltr'>ὁ</span> <span class='ocrx_word' id='word_1_694' title='bbox 2535 5702 2758 5763; x_wconf 78' lang='grc' dir='ltr'>ἄπιστος</span> <span class='ocrx_word' id='word_1_695' title='bbox 2793 5702 2855 5769; x_wconf 85' lang='grc' dir='ltr'>τῇ</span> <span class='ocrx_word' id='word_1_696' title='bbox 2890 5703 3079 5771; x_wconf 54' lang='lat' dir='ltr'><strong><em>atto-cf},</em></strong></span> <span class='ocrx_word' id='word_1_697' title='bbox 3107 5699 3182 5770; x_wconf 82' lang='grc' dir='ltr'>μὴ</span> <span class='ocrx_word' id='word_1_698' title='bbox 3207 5697 3640 5770; x_wconf 77' lang='grc' dir='ltr'>χωριζέσθωσαν.</span> 
     </span>
    </p>
   </div>
  </div>
