3904 6220
300 253 405 319 885

1034 253 1438 315 SY‘NTAGMA
1474 252 1865 315 CANONUM.
1894 278 1963 291 -·
1989 255 2136 317 TIT.
2177 256 2315 333 ΧΠ,
2352 256 2508 323 CAP.
2544 260 2781 321 X-XlV.

3462 256 3567 322 886

304 366 442 421 κατὰ
470 371 561 419 τὸν
594 363 737 420 θεῖον
776 364 1098 421 Ἀπόστολον
1124 381 1138 395 ·
1198 365 1509 437 Ἠγιασται
1550 365 1660 436 γὰρ
1690 370 1723 422 ό
1750 367 1886 421 ἄπι-

2020 370 2259 436 ηοὺίιοιοο,
2306 372 2388 426 vel
2434 381 2489 435 et
2533 382 2747 439 contra,
2782 385 2911 428 nea
2958 384 3021 429 se
3041 370 3274 428 invicem
3310 384 3567 441 separen-

301 475 446 525 στος
486 457 643 526 ἀνὴρ
689 458 759 512 ἐν
790 456 863 525 τῇ
902 458 1163 527 γυναικὶ,
1204 459 1305 514 καὶ
1348 459 1630 531 ἡγίασται
1670 461 1708 530 ἡ
1746 460 1884 516 ἄπι-

304 567 446 619 στος
473 548 629 621 γυνὴ
664 549 735 610 ἐν
760 547 839 621 τῷ
866 549 1060 620 ἀνδρία

381 738 439 797 '0
467 737 745 803 πολιτικὸς
773 738 960 807 νόμος,
991 741 1040 793 εξ
1070 740 1165 795 καὶ
1204 740 1273 817 τᾲ
1316 739 1551 811 μάλιστα
1583 740 1673 794 τὸν
1711 740 1888 811 γάμον

301 831 614 904 ὁριζόμενος
634 832 818 902 φησὶν,
845 830 986 902 βιδλ.
1012 829 1118 901 κγ’,
1145 832 1250 887 τίτ.
1270 830 1335 903 β’,
1353 832 1490 887 διάτ.
1514 829 1583 899 α’,
1608 833 1689 887 ὅτι
1714 833 1892 905 γάμος

305 925 452 978 ἐστὶν
480 924 672 996 ἀνδρὸς
703 924 800 980 καὶ
831 925 1088 993 γυναικὸς
1126 924 1414 995 συνάφεια,
1448 923 1544 978 καὶ
1574 924 1892 993 συγκλὴρω-

309 1035 392 1081 σις
417 1018 601 1089 πάσης
624 1021 723 1090 τῆς
751 1021 917 1091 ζωῆς,
943 1020 1090 1075 θείου
1115 1038 1175 1074 τε
1199 1020 1293 1075 καὶ
1315 1019 1655 1090 ἀνθρωπίνου
1680 1018 1890 1072 δικαίου

306 1112 581 1177 κοινωνία,
617 1113 714 1167 καὶ
745 1112 887 1167 κατὰ
912 1112 1101 1167 τοῦτον
1131 1113 1222 1167 τὸν
1272 1113 1397 1183 ὅρον
1441 1111 1546 1165 ἔδει
1579 1112 1703 1174 τοὺς
1729 1112 1892 1182 γάμῳ

307 1202 770 1273 συναπτομένους,
804 1204 1183 1275 όμοθρήσκους
1230 1199 1405 1257 εῖναι·
1454 1202 1603 1272 ὅμως
1645 1196 1755 1255 οἶδε
1797 1203 1893 1256 καὶ

304 1287 519 1358 δέχεται
542 1291 745 1360 μεταξὺ
769 1291 1051 1361 ὀρθοδόξου
1076 1293 1174 1346 καὶ
1194 1289 1473 1362 αἱρετικοῦ
1508 1291 1687 1362 γάμον
1713 1307 1726 1321 ο
1759 1293 1894 1362 φησὶ

304 1381 411 1451 γὰρ
442 1380 589 1452 βιϐλ.
620 1382 669 1438 α’
696 1384 790 1438 τοῦ
823 1384 951 1439 κώδ.
981 1383 1191 1451 τίτ.,ε⁹,
1223 1384 1364 1439 διάτ.
1398 1383 1488 1455 ιβ’,
1512 1385 1594 1439 ὅτι
1617 1384 1895 1455 ἀμφισϐη-

307 1474 546 1529 τούντων
576 1476 685 1530 τῶν
717 1477 941 1545 γονέων,
986 1479 1443 1550 ὲπικρατέστερος
1474 1478 1622 1533 ἐστὶν
1658 1481 1685 1532 ὁ
1726 1478 1896 1533 θέλων

306 1568 369 1637 τῇ
401 1566 675 1639 ὁρθοδόξῳ
708 1568 890 1622 πίστει
941 1570 1068 1633 τοὺς
1098 1570 1292 1633 παῖδας
1336 1571 1710 1640 προσαγαγεῖν
1736 1586 1748 1599 ·
1801 1570 1896 1624 καὶ

305 1657 442 1715 διάτ.
490 1657 561 1730 ιη’
606 1658 700 1713 τοῦ
735 1660 902 1714 αὐτοῦ
940 1660 1047 1715 τίτ.
1094 1660 1178 1714 ὅτι
1225 1661 1321 1715 ἐὰν
1356 1660 1585 1731 θάτερος
1627 1660 1736 1715 τῶν
1774 1677 1897 1713 συν-

306 1719 603 1807 οικούντων
639 1752 916 1824 ὀρθόδοξος
949 1754 1057 1823 εἴη,
1089 1753 1184 1807 καὶ
1220 1755 1248 1806 ὁ
1286 1752 1444 1817 ἄλλος
1486 1719 1783 1823 αἱρετικὸς,
1817 1752 1897 1806 δεῖ
1929 1719 1968 1773 Β

303 1843 557 1912 γίνεσθαι
577 1844 703 1909 τοὺς
737 1846 933 1910 παῖδας
961 1845 1141 1901 αὐτῶν
1173 1844 1506 1917 ὀρθοδόξους·
1540 1843 1637 1898 καὶ
1663 1844 1804 1915 βιδλ.
1827 1842 1893 1912 ε’,

303 1931 410 1984 τίτ.
444 1931 517 1999 α’,
542 1932 683 1987 διά-τ.
704 1931 767 1998 ι’,
804 1934 899 1987 ἐὰν
928 1936 960 2004 ἠ
996 1935 1208 2005 μνηστὴ
1237 1934 1571 2005 παραιτῆται
1596 1934 1686 1987 τὸν
1718 1934 1897 2005 γάμον

310 2024 397 2078 διὰ
426 2025 492 2078 τὸ
518 2026 619 2091 τῆς
654 2026 948 2097 θρησκείας
978 2027 1254 2098 διάφορον,
1303 2028 1351 2083 ει
1385 2027 1483 2099 μὲν
1533 2028 1753 2100 προῄδει
1800 2028 1898 2098 τὴν

310 2117 513 2183 αἰτίαν,
551 2120 585 2190 ή
612 2118 751 2191 γυνὴ
778 2119 810 2189 ἦ
841 2122 890 2173 οἱ
924 2124 1103 2189 γονεῖς
1129 2120 1300 2191 αὐτῆς
1345 2122 1662 2175 ὑπόκεινται
1698 2139 1711 2153 ’
1762 2122 1810 2175 εἰ
1841 2121 1898 2173 δὲ

306 2210 565 2281 ἠγνόουν,
595 2211 628 2282 ἢ
666 2213 804 2282 μετὰ
835 2213 897 2266 τὸ
922 2213 1106 2267 λαϐεῖν
1148 2215 1275 2277 τοὺς
1325 2214 1650 2286 ἀρραϐῶνας
1688 2215 1723 2286 ἡ
1752 2215 1900 2269 αἰτία

311 2297 538 2369 συνέϐη,
568 2299 629 2353 τὺ
660 2299 863 2356 ἁπλοῦν
894 2302 1200 2356 ἀναδίδοται
1221 2319 1234 2333 °
1266 2303 1327 2356 τὸ
1356 2304 1486 2357 αὐτὸ
1516 2306 1609 2358 καὶ
1639 2305 1731 2358 ἐπὶ
1768 2322 1904 2376 μνη-

314 2390 550 2460 στῆρος.
589 2391 654 2445 Ἠ
702 2393 759 2446 δὲ
807 2399 860 2458 ς’
897 2393 1039 2448 διὰτ.
1075 2394 1168 2448 τοῦ
1208 2394 1251 2448 θ’
1290 2397 1393 2451 τίτ.
1428 2395 1522 2450 τοῦ
1552 2404 1602 2450 α’
1631 2396 1772 2468 βι6λ.
1804 2397 1899 2451 τοῦ

313 2481 444 2537 κώδ.
484 2485 671 2552 φησιν,
705 2483 787 2537 ὅτι
818 2484 1145 2555 Χριστιανὸς
1176 2486 1470 2559 λαμϐάνων
1503 2488 1771 2542 Ἰουδαίαν
1798 2505 1902 2557 γα.-

317 2576 512 2647 μετὴν,
547 2577 582 2649 ἢ
616 2577 951 2651 Χριστιανὴν
977 2579 1256 2648 Ἰουδαῖος,
1287 2582 1379 2635 ἐπὶ
1414 2582 1630 2654 μοιχείᾳ
1663 2600 1903 2655 κατηγο-

320 2672 523 2724 οεῖται.

386 2792 646 2848 ΚΕΦΑΛ.
691 2796 791 2850 1Δ’.
839 2825 909 2838 --
967 2797 1107 2866 Περὶ
1158 2797 1279 2852 τῶν
1331 2797 1402 2864 ἐξ
1453 2798 1763 2867 αἱρπικῶν
1818 2800 1906 2865 εἷς

318 2883 674 2953 ὁρθοδοξίαν
698 2888 1203 2960 ἐπιστρεφόντων,
1250 2890 1348 2946 καὶ
1380 2893 1431 2945 εὶ
1471 2890 1732 2947 δυνατὸν
1768 2894 1906 2947 τού-

321 2994 465 3043 τοιν-ς
514 2979 910 3046 κληροῦσθαι,
952 2981 1052 3037 καὶ
1082 2982 1244 3048 τίνες
1268 2981 1468 3038 αὐτῶν
1498 2983 1905 3049 βαπτίζονται,

1990 469 2095 516 tur.
2134 460 2213 515 Ex
2256 462 2422 517 divini
2468 464 2611 519 enim
2644 465 2798 519 Pauli
2843 464 3111 521 sententia
3145 482 3158 518 :
3191 463 3566 534 Sanctiﬁcatus

1987 562 2067 608 est
2093 556 2171 607 vir
2193 554 2421 625 inﬁdelis
2457 557 2509 611 in
2554 557 2796 625 muliere,
2826 565 2877 613 et
2897 557 3239 627 sanctiﬁcata
3270 569 3343 613 est
3381 557 3569 611 mulier

1990 645 2219 714 inﬁdelis
2241 648 2294 700 in
2321 648 2513 703 viro”.

2066 739 2279 796 Textus.
2308 772 2379 782 —
2417 742 2605 798 Civilis
2641 744 2725 797 lex
2763 742 3007 808 tametsi,
3040 757 3166 799 cum
3214 739 3572 797 exactissime

1992 834 2212 902 nuptias
2255 834 2465 899 deﬁnit,
2497 835 2661 901 dicat,
2696 835 2789 891 lib.
2840 851 3000 902 mu,
3024 834 3111 890 tit.
3151 836 3206 900 5,
3254 833 3451 904 digest.
3488 833 3512 886 1
3553 850 3569 888 2

1990 923 2206 993 Nuptiae
2244 935 2370 982 sunt
2400 926 2718 996 conjunctio
2756 927 2926 983 maris
2964 935 3019 983 et
3062 925 3302 991 femina,
3337 939 3569 980 consor-

1994 1019 2128 1072 tium
2161 1020 2341 1075 omnis
2383 1020 2528 1084 vitae,
2569 1019 2741 1074 divini
2779 1027 2834 1074 et
2874 1019 3099 1074 humani
3145 1018 3290 1090 juris
3324 1032 3574 1073 commu-

1995 1111 2234 1167 nicatio:
2266 1113 2570 1167 secundum
2608 1128 2776 1181 quam
2809 1112 3181 1167 deﬁnitionem
3209 1126 3306 1166 eos
3337 1109 3431 1179 qui
3459 1124 3576 1162 ma-

1995 1204 2257 1261 trimonio
2307 1204 2737 1275 conjunguntur,
2793 1204 3037 1274 ejusdem
3113 1216 3236 1258 esse
3293 1200 3573 1271 religionis

1995 1305 2244 1366 oportet:
2295 1296 2546 1365 agnoscit
2586 1304 2763 1350 tamen
2812 1302 2977 1363 atque
3023 1292 3262 1347 admittit
3311 1292 3452 1346 inter
3479 1305 3574 1345 or-

1996 1387 2301 1443 thodoxum
2353 1396 2519 1457 atque
2559 1387 2897 1452 haereticum,
2946 1383 3380 1439 matrimonium.
3434 1380 3575 1437 Dicit

1998 1493 2233 1549 namque
2262 1478 2356 1537 lib.
2408 1479 2435 1533 1
2466 1478 2625 1544 Cod.,
2668 1478 2751 1532 tit.
2789 1476 2844 1540 5,
2896 1485 3073 1532 const.
3121 1475 3211 1538 l2,
3243 1474 3409 1544 quod,
3439 1472 3577 1526 Cum

1999 1581 2252 1641 parentes
2282 1571 2516 1640 litigant,
2570 1571 2751 1639 potior
2785 1571 2858 1624 sit
2896 1568 2989 1638 qui
3029 1568 3230 1622 liberos
3280 1566 3345 1621 ad
3389 1564 3581 1619 ortho-

2004 1665 2198 1717 doxam
2236 1663 2396 1717 ﬁdem
2428 1662 2701 1719 adducere
2737 1660 2872 1716 vult.
2907 1658 2971 1713 Et
3018 1668 3193 1714 const.
3227 1657 3295 1712 18
3331 1656 3578 1726 ejusdem

2000 1749 2081 1814 tit,
2109 1748 2277 1818 quod,
2310 1749 2365 1802 Si
2390 1748 2525 1803 alter
2548 1748 2840 1818 conjugum
2864 1748 3201 1805 orthodoxus
3231 1747 3323 1812 sit,
3358 1754 3413 1800 et
3442 1744 3580 1799 alter

2002 1840 2315 1906 haereticus,
2362 1841 2564 1896 liberos
2609 1841 2826 1894 illorum
2868 1840 3035 1910 398
3073 1839 3407 1893 orthodoxos
3463 1837 3578 1890 ﬁeri

1999 1938 2263 2000 oporteat.
2300 1929 2365 1983 Et
2394 1929 2493 1984 lib.
2528 1944 2579 1997 v,
2610 1928 2694 1983 tit.
2728 1928 2752 1981 1
2802 1936 2979 1984 const.
3018 1925 3051 1979 5
3092 1943 3106 1979 :
3139 1924 3197 1979 Si
3227 1939 3428 1994 sponsa
3458 1936 3583 1992 pro-

2004 2035 2123 2095 pter
2159 2023 2439 2093 religionis
2471 2023 2847 2079 diversitatem
2888 2020 3205 2092 conjugium
3250 2024 3490 2081 recuset,
3516 2014 3583 2070 'si

2003 2117 2224 2189 quidem
2266 2114 2435 2189 [eam]
2481 2130 2597 2171 rem
2632 2116 2722 2171 illa
2754 2113 3049 2186 praescivit,
3074 2120 3328 2184 parentes
3350 2108 3473 2181 ejus
3502 2115 3585 2162 te~

2006 2219 2241 2266 nentur:
2273 2210 2358 2265 sin
2395 2210 2690 2282 ignoravit,
2713 2220 2808 2265 aut
2837 2215 3131 2280 postquam
3159 2206 3355 2262 arrhas
3416 2204 3584 2275 cepit,

2008 2300 2118 2375 [ea]
2150 2316 2237 2357 res
2273 2301 2482 2366 incidit,
2510 2301 2766 2371 simplum
2791 2299 3057 2355 redditur.
3087 2293 3293 2369 [Quod]
3322 2294 3498 2365 ipsum
3534 2300 3588 2346 et

2004 2396 2060 2449 in
2091 2409 2297 2465 sponso
2338 2392 2621 2466 [obtinet.]
2657 2392 2846 2447 Const.
2889 2400 3071 2445 autem
3106 2389 3160 2454 6,
3217 2388 3297 2442 tit.
3336 2386 3390 2452 9,
3442 2384 3537 2438 lib.
3570 2398 3585 2437 ι

2006 2483 2144 2540 Cod.
2179 2481 2291 2539 ait:
2346 2483 2452 2551 Qui
2499 2482 2847 2539 Christianus
2886 2481 3133 2535 Judaeam
3186 2477 3267 2550 [in
3301 2475 3588 2531 matrimo-

2008 2575 2185 2649 nium]
2217 2577 2437 2647 accipit,
2474 2585 2570 2632 aut
2597 2575 2691 2648 qui
2740 2572 2963 2631 Iudaeus
2996 2571 3391 2636 Christianam,
3432 2566 3590 2622 adul-

2010 2669 2131 2726 terii
2162 2680 2475 2727 accusatur.

2077 2796 2231 2854 CAP.
2276 2795 2422 2853 XIV.
2455 2825 2523 2839 —-
2562 2794 2638 2851 De
2685 2794 2947 2849 Ιιωνειὶοἱι
3004 2792 3077 2846 ad
3133 2786 3510 2844 orthodomiam
3537 2801 3592 2841 se

2011 2888 2452 2955 convertentibus,
2503 2896 2555 2942 ει
2607 2894 2789 2940 utrum
2821 2884 2876 2937 hi
2899 2884 2954 2937 in
2985 2883 3183 2937 clerum
3235 2877 3447 2933 admitti
3473 2891 3594 2946 pos.

2014 2983 2143 3046 sint,
2198 2991 2249 3036 et
2295 2981 2512 3052 quinam
2541 2995 2606 3034 ea:
2641 2980 2723 3033 his
2776 2976 3131 3044 baptizentur,
3154 2973 3244 3045 qui
3270 2979 3449 3026 autem
3475 2976 3596 3023 tanv

322 3065 421 3118 καὶ
451 3067 614 3131 τίνες
629 3043 837 3138 *μόνον
867 3074 1156 3141 χρίονται,
1203 3043 1299 3127 καὶ
1332 3073 1420 3127 ὅτι
1447 3043 1649 3142 πράως
1674 3043 1768 3129 δεῖ
1784 3043 1904 3141 τοῖς

2020 3071 2289 3126 tummodo
2317 3081 2625 3140 uagantur;
2653 3078 2704 3123 ει
2760 3066 2902 3138 quod
2933 3077 3204 3119 mansuete
3238 3078 3359 3116 cum
3382 3060 3594 3117 hwrcti-

323 3160 641 3227 αἱρετικοῐς
678 3160 1009 3231 κεχρῆσθαι
1046 3164 1145 3220 διὰ
1175 3165 1241 3219 τὸ
1273 3165 1633 3237 ἐπιστρέψαι
1663 3168 1908 3235 αὐτούς.

609 3271 884 3327 Συνόδου
919 3272 1168 3340 Νικαίας
1203 3273 1404 3328 κανὼν
1435 3280 1507 3345 η’,
1541 3272 1625 3330 ιϐ’.

398 3369 473 3442 η’.
503 3374 642 3444 Περὶ
670 3374 780 3430 τῶν
806 3375 1183 3447 ὀνομαζόντων
1216 3376 1318 3449 μὲν
1346 3378 1572 3444 ἑαυτοὺς
1598 3379 1914 3453 Καθαροὺς,

328 3479 388 3520 ιι.
405 3480 460 3521 τ.
486 3464 541 3521 λ.

401 3555 489 3612 ιϐ’.
532 3558 671 3629 Περὶ
698 3559 807 3613 τῶν
834 3561 1330 3629 Παυλιανισάντων,
1361 3581 1415 3617 κ.
1442 3582 1493 3619 τ.
1526 3563 1575 3618 λ.

602 3672 873 3727 Συνόδου
903 3672 1257 3742 Λαοδικείας
1282 3678 1482 3730 κανὼν
1510 3674 1578 3743 ζ’,
1610 3684 1681 3749 η’.

404 3780 471 3847 ζ’.
494 3783 634 3856 Περὶ
661 3784 756 3838 τοῦ
782 3787 906 3851 τοὺς
930 3787 993 3840 ἐκ
1014 3785 1120 3842 τῶν
1142 3786 1435 3859 αἱρέσεων,
1468 3790 1714 3844 τουτέστι
1738 3791 1920 3846 Ναυα-

2010 3168 2088 3223 cis
2116 3174 2197 3221 est
2234 3166 2514 3235 agendum,
2545 3163 2609 3218 ob
2649 3177 2792 3231 spem
2818 3157 3196 3215 conversionis.

2350 3273 2576 3331 Concilii
2605 3272 2817 3328 Nicwni
2847 3285 3072 3325 canones
3092 3269 3146 3335 8,
3171 3265 3299 3323 507.

2088 3386 2140 3443 8.
2178 3387 2252 3441 De
2276 3386 2364 3441 liis
2395 3385 2488 3456 qui
2520 3400 2580 3440 se
2619 3382 2893 3448 catharos,
2929 3389 3058 3447 etc.,
3083 3387 3143 3432 ut
3174 3393 3297 3448 pag.
3327 3374 3416 3429 59.

2089 3568 2266 3628 19.οε
2290 3566 2664 3631 Paulianistis,
2697 3574 2829 3633 etc.,
2854 3572 2913 3619 ut
2944 3579 3068 3633 pag.
3110 3559 3236 3617 559.

2361 3675 2587 3733 Concitii
2617 3673 2906 3729 Laodiccni
2935 3688 3105 3727 canon
3136 3671 3183 3738 7,
3215 3670 3267 3726 8.

2092 3790 2145 3846 7.
2176 3788 2285 3845 Eos
2308 3790 2401 3859 qui
2437 3803 2502 3842 ex
2525 3785 2852 3851 hmresibus,
2879 3785 2983 3841 hoc
3011 3791 3095 3840 est
3120 3781 3462 3849 Novatianis,
3488 3781 3602 3837 sive

333 3875 539 3930 τιανῶν
590 3877 709 3948 ἦτοι
742 3878 1117 3934 Φωτεινιανῶν
1154 3880 1188 3952 ἢ
1239 3881 1904 3954 Τεσσαρεσκαιδεκατιτῶι

2023 3884 2387 3949 Photinianis,
2409 3884 2495 3939 vel
2512 3878 3001 3938 Tessaradecatitis
3018 3884 3436 3941 convertuntur,
3468 3883 3607 3939 etc.,

337 3967 859 4038 ἐπιστρεφομένους,
894 3987 948 4024 κ.
977 3988 1029 4025 τ.
1056 3970 1106 4026 λ.

409 4058 480 4130 η’.
522 4061 658 4132 Περὶ
703 4061 796 4116 τοῦ
843 4063 970 4129 τοὺς
1000 4064 1109 4117 ἀπὸ
1152 4064 1250 4135 τῆς
1287 4065 1552 4137 αἱρέσεως
1602 4065 1713 4120 τῶν
1763 4064 1920 4131 λεγο-

343 4152 523 4224 μένων
557 4156 786 4227 Φρυγῶν
818 4156 1271 4228 ἐπιστρέφοντας,
1299 4175 1355 4212 κ.
1379 4176 1431 4217 τ,
1459 4158 1508 4212 λ.

467 4264 739 4321 Evr-(560v
774 4269 1469 4336 Κωνσταντινουπόλεως
1498 4267 1698 4323 κανὼν
1726 4266 1792 4335 ζ’.

412 4352 477 4420 ζ’.
519 4357 661 4423 Τοὺς
697 4359 1157 4432 προστιθεμένους
1193 4363 1261 4433 τῇ
1292 4360 1591 4433 ὀρθοδοξία,
1630 4379 1685 4417 κ.
1712 4379 1765 4419 τ.
1790 4361 1842 4417 λ.

459 4558 730 4613 Συνόδου
758 4557 1181 4629 Καρθαγέννης
1206 4559 1408 4614 κανὼν
1439 4558 1549 4631 με’,
1580 4560 1678 4628 νζ’,
1708 4558 1814 4627 ξςῖ

417 4651 559 4720 Περὶ
586 4651 962 4706 Δονατιστῶν
989 4652 1241 4707 παιδίων
1260 4651 1379 4707 τῶν
1404 4654 1566 4723 παρὰ
1590 4655 1717 4722 τοῖς
1746 4658 1925 4711 Δονα-

348 4741 574 4809 τισταῖς
602 4743 1074 4813 βαπτιζομένων.

422 4848 528 4920 μζ.
563 4852 819 4918 Ἤρεσεν,
856 4851 943 4906 ἵνα
973 4853 1341 4925 ἑρωτήσωμεν
1368 4855 1496 4918 τοὺς
1538 4855 1802 4925 ἀδελφοὺς
1831 4857 1926 4909 καὶ

352 4943 619 5014 συνιερεῖς
652 4941 811 5012 ήμῶν
835 4942 1074 5014 Σιρίκιον
1110 4946 1204 4999 καὶ
1241 4944 1651 5016 Σιμπλικιανὸν,
1691 4964 1745 5002 κ.
1788 4967 1838 5003 τ.
1873 4949 1926 5001 λ.

422 5142 605 5197 Ὥστε
627 5142 770 5208 τοὺς
785 5142 1040 5212 μικροὺς
1065 5146 1223 5214 παρὰ
1255 5144 1378 5211 τοῖς
1408 5147 1792 5214 Δονατισταῖς
1814 5149 1926 5214 βα-

356 5233 755 5303 πτιζομένους,
785 5236 856 5290 ὲν
887 5234 961 5306 τῇ
983 5240 1275 5306 καθολικῇ
1310 5240 1633 5306 κληρικοὺς
1671 5256 1929 5310 χειροτο-

354 5323 599 5379 νεῖσθαι.

420 5415 517 5481 νζ’.
558 5418 651 5470 Διὸ
696 5418 879 5491 ἐπειδὴ
930 5422 988 5474 ὲν
1039 5423 1106 5492 τῇ
1158 5420 1415 5491 ἀνωτέρω
1464 5423 1664 5495 συνόδῳ
1712 5423 1929 5495 ὁρισθὲν

360 5506 651 5579 μέμνηται,
681 5528 738 5565 κ.
765 5528 816 5566 τ.
841 5511 891 5567 λ.

430 5686 515 5741 ’⁸1
547 5687 675 5742 Car.
713 5704 811 5755 vn,
850 5690 931 5746 14,

2022 3987 2080 4033 ιιι
2115 3994 2239 4049 pag.
2270 3975 2399 4033 6‘25.

2092 4072 2146 4128 8.
2183 4069 2291 4127 Eos
2323 4069 2417 4141 qui
2435 4070 2502 4125 ab
2525 4081 2716 4123 eorum
2776 4062 2969 4120 haeresi
3001 4062 3095 4134 qui
3136 4060 3382 4132 Phryges
3409 4058 3604 4115 dicun-

2022 4176 2131 4235 tur,
2160 4174 2294 4227 etc..
2324 4173 2381 4217 ut
2407 4178 2531 4232 pag.
2565 4160 2690 4214 625.

2151 4272 2316 4345 399
2345 4269 2572 4326 Concitii
2602 4261 3183 4333 Constantinopolitani
3219 4276 3390 4315 canon
3420 4258 3475 4313 '7.

1953 4395 1999 4452 ο
2094 4365 2152 4421 '7.
2225 4364 2331 4418 Eos
2380 4361 2475 4433 qui
2549 4368 2708 4414 rectae
2757 4356 2881 4413 lldei
2934 4354 3292 4427 adjiciuntur,
3351 4361 3486 4421 etc.,
3546 4359 3605 4405 ut

2028 4475 2156 4531 pag.
2179 4455 2304 4511 θεῖ).

2166 4565 2391 4624 Consilii
2414 4560 2847 4634 Carthaginensis
2882 4573 3108 4616 canones
3137 4558 3228 4627 47,
3253 4556 3344 4621 57,
3373 4554 3466 4610 66.

2104 4660 2180 4716 De
2202 4658 2445 4730 parvulis
2468 4656 2559 4726 qui
2594 4654 2734 4725 apud
2769 4652 3087 4708 Donatistas
3118 4649 3379 4719 baptizati
3405 4655 3550 4701 sunt.

2098 4861 2186 4915 47.
2223 4858 2299 4915 De
2322 4856 2624 4913 Donatistis
2658 4854 2885 4926 placuit,
2912 4862 2974 4909 ut
3000 4850 3358 4909 consulamus
3412 4845 3609 4902 fratres

2030 4948 2529 5006 etconsacerdotes
2563 4955 2778 5002 nostros
2804 4943 3062 5001 Siricium
3094 4937 3605 5009 etSimplicianum,

2030 5051 2160 5107 etc.,
2192 5049 2249 5094 ut
2288 5056 2412 5110 pag.
2443 5038 2570 5094 595.

2093 5149 2160 5204 Ut
2180 5148 2390 5219 parvuli
2418 5148 2558 5218 apud
2590 5146 2904 5201 Donatistas
2965 5142 3223 5207 θανεῖταιὶ
3260 5141 3316 5196 in
3343 5137 3607 5195 catholica

2036 5243 2273 5299 Ecclesia
2305 5240 2482 5296 clerici
2504 5239 2833 5305 ordinentur,

2107 5423 2196 5480 57.
2240 5422 2401 5479 Under
2430 5420 2689 5492 quoniam
2726 5417 3271 5498 superiori‘concdio
3320 5419 3607 5479 statutum.

2036 5524 2167 5584 etc.,
2193 5525 2250 5569 ut
2281 5532 2400 5585 pag.
2440 5514 2563 5568 8'75.
