3904 6220
397 231 503 297 887

473 347 540 406 Ut
562 366 679 407 cum
713 351 1007 410 Donatistis
1037 352 1220 412 leniter
1251 367 1461 427 agatur.

467 530 557 587 66.
588 532 790 589 Deinde
834 535 850 566 ¹
903 538 1250 606 pertractatis
1292 548 1346 593 et
1387 538 1749 595 consideratis
1790 541 1966 595 omni-

399 624 518 690 bus,
539 642 661 695 quaa
690 628 908 684 utilitati
938 630 1187 686 Ecclesiae
1214 633 1503 687 convenire
1530 631 1694 703 400
1716 633 1975 689 videban-

397 723 506 777 tur,
529 727 801 773 annuente
817 728 978 788 atque
998 721 1323 777 admonente
1342 722 1547 792 Spiritu
1574 724 1687 789 Dei,
1711 726 1973 796 elegimus

395 822 518 861 cum
569 812 887 866 memoratis
919 812 1252 881 hominibus,
1299 818 1550 885 quamvis
1597 816 1666 872 de
1698 817 1968 875 Dominici

393 901 640 969 corporis
670 903 874 959 unitate
904 904 1145 974 inquieta
1177 907 1514 963 dissensione
1543 909 1804 977 praecisis,
1835 910 1971 966 leni-

394 1002 475 1048 ter
506 1004 558 1050 et
587 996 811 1066 paciﬁce
835 1014 1031 1067 agere;
1073 1008 1131 1054 ut
1156 1010 1421 1070 quantum
1456 1002 1509 1056 in
1534 1002 1692 1057 nobis
1721 1012 1825 1067 est,
1850 1020 1970 1059 om-

391 1086 554 1142 nibus
576 1088 668 1158 qui
691 1104 879 1144 eorum
922 1096 1311 1147 communione
1361 1101 1417 1148 et
1467 1095 1726 1150 societate
1772 1096 1966 1151 irretili

390 1188 540 1243 sunt,
573 1194 665 1248 per
703 1183 989 1237 universas
1039 1185 1351 1251 provincias
1395 1185 1691 1243 Africanas
1747 1188 1966 1258 penitus

388 1267 727 1335 innotescat,
765 1286 927 1340 quam
961 1274 1255 1330 miserabili
1289 1290 1473 1331 errore
1511 1278 1747 1333 devincti
1786 1290 1915 1335 sunt
1948 1299 1962 1336 :

388 1358 471 1415 Ne
497 1361 653 1430 forte,
689 1363 831 1418 sicut
859 1365 997 1419 dicit
1020 1365 1340 1434 Apostolus,
1370 1369 1528 1424 nobis
1563 1369 1617 1423 in
1656 1380 1967 1427 mansuetu-

383 1452 511 1509 dinc
544 1456 961 1525 corripientibus
985 1458 1199 1514 diversa
1226 1461 1541 1526 sentientes,
1575 1469 1660 1517 det
1687 1464 1798 1519 illis
1828 1465 1962 1522 Deus

381 1545 739 1611 paenitentiam
786 1546 856 1599 ad
887 1548 1298 1617 cognoscendam
1334 1552 1623 1618 veritatem,
1652 1560 1727 1608 'et
1772 1557 1960 1625 resipi-

378 1644 530 1687 scant
569 1636 634 1690 de
669 1636 871 1691 diaboli
914 1637 1136 1707 laqueis,
1169 1641 1422 1710 captivati
1468 1642 1533 1697 ab
1563 1644 1676 1714 ipso
1706 1649 1775 1699 ad
1795 1646 1960 1717 ipsius

378 1723 697 1781 voluntatem
711 1726 754 1781 ’.

686 2004 912 2060 Concilii
938 2006 1245 2061 aecumenici
1276 2023 1327 2062 v1
1351 2023 1518 2063 canon
1542 2007 1631 2065 95.

430 2102 532 2167 '95.
581 2111 688 2168 Eos
722 2114 815 2184 qui
847 2129 911 2170 ex
937 2114 1207 2171 haereticis
1245 2117 1312 2172 ad
1370 2129 1576 2174 rectam
1610 2118 1769 2175 ﬁdem
1800 2135 1961 2178 accc.

370 2204 524 2272 dunt,
547 2214 677 2274 etc.,
702 2214 757 2261 ut
778 2223 899 2278 pag.
927 2208 1052 2264 6&6.

834 2316 1030 2370 Basilii
1069 2333 1292 2372 canones
1327 2317 1378 2385 1,
1401 2318 1495 2377 47.

441 2409 494 2462 1.
549 2405 709 2475 Quod
764 2406 931 2479 igitur
982 2409 1049 2465 ad
1091 2408 1358 2466 Catharos
1408 2412 1662 2481 pertinet,
1716 2420 1844 2481 etc.,
1893 2422 1953 2467 ut

364 2517 490 2572 pag.
518 2501 649 2557 866.

434 2592 702 2664 Pepuzeni
740 2608 873 2666 ergo
906 2602 1055 2663 sunt,
1088 2603 1174 2651 etc
1203 2634 1222 2662 ,
1252 2605 1311 2650 ut
1333 2613 1455 2667 pag.
1487 2596 1611 2653 866.

434 2686 655 2742 Catliari
686 2696 814 2743 sunt
838 2696 893 2743 et
919 2687 1044 2758 ipsi,
1071 2697 1199 2755 etc.,
1225 2699 1282 2742 ut
1316 2706 1438 2760 pag.
1469 2690 1596 2746 867.

433 2779 523 2833 49.
551 2779 842 2839 Encratitzn,
862 2788 916 2835 et
939 2779 1295 2851 Saccophori,
1324 2793 1452 2847 etc.,
1480 2792 1537 2837 ut
1574 2782 1827 2854 pag.l66.

438 2868 709 2939 Theophili
736 2886 802 2925 ex
829 2871 1050 2941 epistola
1070 2873 1139 2925 ad
1168 2873 1499 2944 Aphgngium
1525 2876 1842 2946 episcopum.

751 3047 829 3103 De
858 3048 938 3102 his
963 3051 1054 3120 qui
1068 3051 1314 3105 dicuntur
1333 3051 1576 3107 Cathari.

435 3139 741 3197 Declaravit
771 3142 899 3196 mihi
926 3152 1017 3197 tua
1047 3144 1221 3212 pietas
1244 3184 1258 3209 ,
1321 3144 1469 3214 quod
1498 3144 1719 3213 quidam
1748 3144 1946 3200 horum

364 3233 458 3305 qui
487 3248 547 3289 se
566 3232 836 3289 Catharos
867 3234 1169 3297 nominant,
1208 3235 1395 3291 volunt
1425 3236 1493 3291 ad
1522 3236 1815 3291 Ecclesia":
1851 3251 1947 3291 ac-

364 3329 574 3384 cedere.
605 3326 873 3395 Quoniam
903 3343 1035 3398 ergo
1076 3343 1271 3398 magna
1308 3329 1572 3400 synodus,
1602 3345 1725 3400 qua:
1750 3327 1944 3384 Nicaeae

369 3416 549 3472 habita
586 3425 668 3472 est
718 3432 746 3471 a
788 3418 994 3472 sanctis
1041 3415 1295 3473 Patribus
1340 3419 1573 3483 nostris,
1625 3419 1843 3484 statuit,
1884 3430 1944 3474 ut

364 3511 687 3566 ordinentur
716 3511 809 3581 qui
838 3510 1102 3569 accedunt
1133 3550 1148 3576 ,
1184 3510 1319 3564 velis
1344 3511 1498 3580 juxta
1530 3511 1938 3567 hanc'formam

362 3612 459 3653 eos
505 3598 599 3669 qui
642 3599 709 3654 ad
763 3598 1063 3653 Ecclesiam
1103 3599 1362 3653 accedere
1404 3600 1594 3655 volunt
1641 3601 1937 3666 ordinare,

363 3688 411 3742 si
443 3688 661 3758 quidem
691 3689 800 3742 vita
825 3703 1014 3743 eorum
1046 3697 1196 3743 recta
1223 3697 1305 3743 est
1328 3726 1347 3753 ,
1378 3698 1432 3743 et
1470 3690 1606 3745 nihil
1640 3691 1719 3746 eis
1744 3692 1939 3747 adver-

364 3783 537 3832 satur.

430 3868 589 3941 40],
618 3869 924 3924 Concilium
958 3870 1213 3942 Cypriani
1256 3871 1621 3943 [temporibus
1655 3872 1935 3947 habitum]

362 3962 575 4027 statuit,
613 3969 670 4016 ut
711 3963 1027 4034 quicunque
1082 3964 1369 4021 haereticus
1418 3966 1486 4020 ad
1535 3974 1739 4021 rectam
1772 3968 1933 4022 tidem

358 4055 596 4121 devenit,
638 4055 989 4126 baptizetur:
1032 4057 1416 4114 haereticorum
1455 4054 1763 4130 [lationem]
1814 4073 1923 4114 non

359 4158 484 4200 esse
520 4144 854 4215 baptismum
890 4146 1103 4203 dicens.

431 4271 583 4326 CAP.
617 4272 736 4330 XV.
769 4306 840 4315 —
866 4273 991 4329 Non
1019 4283 1256 4345 oportere
1289 4274 1355 4327 ab
1380 4277 1635 4345 episcOpis
1663 4277 1741 4331 vel
1775 4276 1934 4332 cleri-

359 4367 436 4419 cis
465 4365 657 4421 donari
712 4383 767 4421 re
808 4368 1013 4434 aliqua,
1044 4368 1123 4422 vel
1154 4369 1365 4422 heredes
1393 4366 1797 4439 aut'legalarios
1848 4370 1935 4425 in—

361 4459 511 4513 stitui
537 4460 830 4524 Ita'reticos,
878 4460 1089 4513 etiamsi
1124 4460 1226 4513 sint
1260 4476 1438 4513 eorum
1466 4461 1767 4532 propinqui.

464 4569 487 4582 δ
566 4549 788 4607 Concilii
819 4550 1252 4621 Cartltaginensis
1273 4570 1496 4611 canones
1536 4554 1625 4617 22,
1657 4554 1746 4611 81.

435 4643 503 4700 Ut
529 4644 754 4715 episcopi
783 4645 860 4699 vel
884 4645 1082 4713 cterici,
1109 4656 1240 4713 etc.,
1268 4659 1323 4701 ut
1353 4665 1470 4719 pag.
1509 4648 1631 4703 827.

426 4829 520 4885 Si.
548 4828 615 4885 Et
640 4840 699 4886 ut
721 4830 775 4885 in
799 4843 895 4886 eos
918 4829 1013 4900 qui
1042 4829 1318 4896 catholici,
1350 4837 1551 4895 etc.,ut
1586 4847 1711 4900 pag.
1746 4829 1872 4885 8‘27.

423 5035 497 5093 De
536 5034 793 5105 episwpis
842 5035 944 5105 qui
986 5034 1256 5089 hrcretiros
1317 5031 1395 5085 vel
1442 5047 1676 5103 paganos
1708 5033 1934 5089 hwredes

353 5127 654 5180 instituunt.

422 5236 511 5290 8|.
540 5236 672 5290 Item
696 5236 898 5306 p.acuit
921 5243 979 5289 ut
1000 5236 1043 5291 si
1068 5236 1192 5304 quis
1211 5235 1499 5306 cpiscopus
1521 5234 1781 5301 haeredes,
1801 5246 1932 5306 etc.,

359 5341 411 5379 ut
444 5345 563 5398 pag.
598 5328 725 5383 827.

428 5422 569 5492 Lege
600 5438 721 5491 quae
748 5422 999 5478 adnotata
1039 5430 1166 5476 sunt
1207 5421 1259 5474 in
1294 5435 1412 5489 cap.
1464 5419 1517 5485 8,
1546 5420 1625 5475 tit.
1675 5421 1743 5475 10
1794 5438 1931 5493 pra:-

352 5515 523 5570 sentis
551 5517 753 5586 operis.

428 5678 443 5706 ⁵
465 5675 634 5730 Cone.
670 5672 838 5729 Alric.
866 5675 954 5730 '53.
978 5668 1049 5722 ἰι
1081 5670 1220 5729 Tini.
1250 5688 1305 5741 ιι,
1339 5674 1427 5739 25,
1456 5673 1539 5727 :26.

1554 241 1817 304 PHOTII
1850 245 2355 311 PATRIARCH/E
2395 253 2503 313 ΟΡ.

2000 361 2054 422 Δ
2114 362 2287 434 ⁷Περὶ
2336 368 2441 423 τοῦ
2483 369 2633 438 μετὰ
2681 368 2798 423 τῶν
2858 368 3231 425 Δονατιστῶν
3274 369 3464 440 πράως
3511 372 3628 430 δια-

1987 3057 2035 3120 C

3534 261 3629 328 888

2075 459 2439 528 πράξασθαι.

2149 552 2253 619 ξς¹.
2278 556 2434 609 Μετὰ
2456 554 2629 611 ταῦτα
2645 555 3074 627 ψηλαφηθέντων
3095 557 3188 612 καὶ
3210 559 3627 631 κατανοηθέντων

2073 645 2312 711 πάντων,
2325 647 2433 700 τῶν
2444 649 2507 717 τῇ
2522 646 2947 718 ἐκκλησιαστικῇ
2962 665 3065 719 χρη
3074 666 3125 700 σι
3132 649 3321 718 μότητι
3338 651 3627 723 συντρέχειν

2072 737 2391 805 δοκούντων,
2406 740 2787 801 ἐπινεύσαντος
2803 741 2897 795 καὶ
2917 742 3275 812 ἐνηχήσαντος
3292 742 3380 797 τοῦ
3398 744 3628 815 Πνεύμα-

2072 847 2163 894 τος
2183 831 2277 884 τοῦ
2304 831 2461 898 Θεοῦ,
2490 830 2863 903 ἐπελεξάμεθα
2884 833 3061 905 ἠπίως
3092 834 3183 887 καὶ
3212 836 3493 904 είρηνικῶς
3520 836 3627 891 δια-

2072 923 2382 993 πράξασθαι
2442 924 2579 996 μετὰ
2627 924 2736 979 τῶν
2792 926 3273 997 μνημονευθέντων
3324 926 3626 998 ἀνθρώπων,

2070 1014 2173 1068 κᾶν
2200 1018 2249 1069 εί
2279 1016 2348 1069 τὰ
2399 1016 2630 1085 μάλιστα
2677 1018 2742 1070 ἐκ
2796 1018 2897 1087 τῆς
2947 1018 3042 1072 τοῦ
3074 1017 3353 1088 Κυριακοῦ
3396 1018 3628 1089 σώματος

2071 1106 2315 1171 ἐνώσεως
2336 1108 2695 1179 ἀνησυχάστῳ
2723 1108 2958 1179 διχονοίᾳ
2987 1109 3352 1178 ἀποσχίζωσιν
3370 1127 3383 1141 ·
3415 1109 3498 1163 ἵνα
3519 1111 3629 1164 ὅσον

2067 1196 2128 1250 τὺ
2165 1198 2221 1249 ἐν
2266 1199 2420 1267 ἡμῖν,
2473 1199 2607 1251 πᾶσι
2658 1198 2885 1251 καθόλου
2916 1197 3135 1269 γνωσθῇ
3183 1200 3295 1259 τοῖς
3324 1199 3389 1268 τῇ
3426 1197 3628 1251 ἐκείνων

2068 1290 2323 1361 κοινωνίᾳ
2367 1292 2459 1343 καὶ
2495 1291 2712 1363 ἑταιρίᾳ
2750 1290 3167 1361 σαγηνευθεῖσιν
3208 1290 3311 1343 ἀνὰ
3347 1290 3515 1354 πάσας
3541 1290 3629 1354 τὰς

2066 1383 2165 1450 τῆς
2200 1380 2468 1451 Ἀφρικῆς
2496 1382 2786 1451 ἐπαρχίας,
2823 1381 2941 1445 πῶς
2986 1379 3191 1451 ἐλεεινῇ
3227 1380 3403 1452 πλάνῃ
3431 1378 3629 1433 κατεδέ-

2067 1474 2274 1544 θησαν·
2306 1474 2495 1540 Ἴσως,
2542 1473 2724 1537 καθὼς
2761 1473 2909 1542 λέγει
2952 1475 2980 1526 ὁ
3022 1472 3364 1537 Ἀπόστολος,
3405 1471 3552 1541 ήμῶν
3578 1472 3630 1524 ἐν

2064 1550 2365 1636 ἡμερότητι
2408 1566 2753 1633 συναγόντων
2784 1566 2909 1626 τοὺς
2936 1562 3003 1617 τὰ
3031 1562 3262 1633 διάφορα
3293 1560 3627 1632 φρονοῦντας,

2064 1656 2239 1709 δώσει
2280 1655 2485 1722 αὐτοῖς
2528 1658 2562 1709 ό
2603 1654 2746 1721 Θεὸς
2780 1654 3097 1723 μετάνοιαν
3129 1654 3279 1721 πρὸς
3307 1652 3373 1705 τὸ
3400 1650 3631 1721 Merra}-

2066 1765 2164 1804 ναι
2203 1747 2320 1815 τὴν
2355 1745 2665 1814 ἀλήθειαν,
2702 1746 2801 1799 καὶ
2849 1746 3294 1815 ἀνασφήλωσιν
3328 1746 3382 1797 οἱ
3424 1743 3489 1796 ἐκ
3525 1741 3632 1796 τῶν

2059 1841 2168 1895 τοῦ
2195 1840 2479 1893 διαϐόλου
2503 1839 2748 1909 ,βρόχων
2772 1839 3353 1909 αἰχμαλωτισθέντες
3375 1834 3529 1902 αὑτῷ
3553 1837 3628 1901 είς

2061 1930 2129 1987 τὸ
2157 1929 2345 1985 αὐτοῦ
2372 1929 2623 1999 θέλημα.

2218 2022 2490 2078 Συνόδου
2514 2021 2933 2091 οἱκουμενικῆς
2961 2020 3143 2088 ἕκτης
3170 2019 3373 2074 κανὼν
3401 2016 3498 2087 ιβ’.

2130 2132 2234 2201 ιιεῇ
2261 2132 2401 2197 Τοὺς
2436 2132 2896 2204 προστιθεμένους
2923 2134 2991 2203 τῆ
3023 2129 3327 2203 ὀρθοδοξίᾳ,
3349 2146 3402 2185 κ.
3429 2146 3474 2183 τ.
3500 2128 3549 2183 λ.

2455 2330 2780 2385 Βασιλελου
2809 2328 3010 2383 κανὼν
3038 2326 3107 2394 α’,
3142 2326 3249 2397 μζ’.

2150 2432 2221 2482 α’.
2280 2424 2355 2478 Τὸ
2408 2422 2508 2495 μὲν
2556 2417 2649 2477 οὖν
2702 2422 2832 2493 περὶ
2870 2423 2995 2486 τοὺς
3046 2419 3340 2492 Καθαροὺς
3387 2417 3625 2489 ζήτημα,

2059 2535 2115 2573 κ.
2146 2534 2197 2571 τ.
2230 2517 2281 2571 λ.

2131 2610 2195 2663 Οἱ
2226 2609 2403 2663 τοίνυν
2432 2609 2794 2679 Πεπουζηνοὶ,
2825 2625 2880 2662 κ.
2903 2625 2954 2662 τ.
2983 2608 3033 2661 λ.

2131 2702 2194 2755 Oi
2224 2701 2282 2754 δέ
2312 2701 2557 2771 Καθαροὶ
2586 2702 2680 2756 καὶ
2704 2699 2881 2767 αὐτοὶ,
2905 2718 2960 2755 κ.
2981 2717 3033 2752 τ.
3055 2698 3108 2755 λ.

2132 2791 2240 2861 μθν.
2294 2791 2643 2863 Ἐγκρατῖται
2682 2791 2777 2845 καὶ
2806 2791 3165 2862 Σακκοφόροι,
3198 2806 3254 2843 κ.
3282 2805 3333 2843 τ.
3357 2789 3409 2842 λ.

2132 2885 2427 2953 Θεοφίλου
2472 2884 2541 2937 ἐκ
2582 2883 2693 2953 τῆς
2739 2884 2885 2952 πρὸς
2927 2882 3247 2951 Ἀςούτγιον
3304 2880 3627 2934 ἐπίσκοπον

2056 2976 2407 3046 ἐπιστολῆς.

2352 3071 2505 3139 Περὶ
2533 3070 2650 3125 τῶν
2678 3069 3017 3140 λεγομένων
3048 3067 3356 3138 Καθαρῶν.

2125 3162 2405 3233 Δεδήλωκέ
2439 3180 2529 3233 μοι
2556 3165 2588 3233 ή
2624 3163 2689 3233 σὴ
2718 3162 2992 3228 εὐλάϐεια,
3025 3161 3100 3225 ὥς
3130 3152 3277 3224 τινες
3305 3160 3411 3214 τῶν
3440 3160 3624 3229 ὄνομα·

2052 3252 2253 3319 ζόντων
2283 3256 2512 3317 ἑαυτοὺς
2544 3255 2834 3327 Καθαροὺς
2868 3255 3190 3326 προσελθεῖν
3237 3253 3519 3323 βούλονται
3560 3252 3621 3321 τῇ

2063 3346 2360 3417 Ἐκκλησία
2380 3364 2394 3377 ·
2427 3346 2614 3417 ἐπειδὴ
2636 3346 2818 3399 τοίνυν
2846 3349 2878 3415 ἡ
2920 3345 3131 3416 μεγάλη
3159 3345 3399 3408 σύνοδος,
3425 3344 3623 3413 ἠγενο-

2054 3437 2189 3507 μένη
2223 3439 2279 3490 ἐν
2304 3437 2509 3507 Νικαίᾳ
2535 3437 2687 3506 παρὰ
2711 3437 2820 3490 τῶν
2849 3438 3137 3507 μακαρίων
3169 3437 3432 3508 Πατέρων
3454 3434 3621 3507 ήμῶν,

2047 3527 2245 3598 ὥρισεν
2291 3527 2430 3581 ὥστε
2481 3527 2905 3598 χειροτονεῖσθαι
2956 3528 3084 3591 τοὺς
3136 3528 3621 3599 προσερχομένους,

2048 3618 2276 3689 θέλησον
2305 3619 2448 3673 κατὰ
2470 3620 2559 3672 τὸν
2586 3619 2754 3672 τύπον
2776 3620 2964 3674 τοῦτον
2993 3620 3119 3682 τοὺς
3150 3620 3438 3683 ἐθέλοντας
3463 3636 3623 3689 προσ-

2046 3710 2305 3781 έρχεσθαι
2336 3714 2403 3782 τῇ
2434 3710 2734 3783 Ἐκκλησία
2768 3712 3115 3783 χειροτονεῖν,
3145 3712 3197 3764 εῐ
3227 3729 3293 3778 γε
3324 3713 3353 3764 ὀ
3383 3711 3494 3781 βίος
3527 3710 3622 3764 αὐ-

2044 3803 2153 3855 τῶν
2184 3803 2341 3873 ὀρθός
2376 3804 2513 3867 ἐστι,
2548 3804 2644 3857 καὶ
2674 3804 2839 3874 μηδὲν
2868 3802 3074 3857 τούτων
3110 3802 3434 3858 ἀντίκειται.

2129 3893 2193 3948 Ἦ
2217 3895 2358 3948 κατὰ
2384 3895 2697 3966 Κυπριανδν
2726 3895 2941 3960 σύνοδος
2969 3897 3147 3950 πάντα
3172 3894 3451 3968 αἱρετικὸν
3478 3893 3620 3963 ὲρχὸο

2051 4004 2211 4060 μενον
2242 3990 2322 4052 είς
2347 3988 2658 4059 ὀρθοδοξίαν
2688 3989 2859 4060 ὁρίζει
2890 3988 3273 4059 βαπτίζεσθαι,
3305 3989 3539 4059 λέγουσα
3564 3985 3620 4039 τὸ

2044 4079 2154 4134 τῶν
2180 4080 2470 4152 αἰρετικῶν
2506 4080 2583 4153 μὴ
2615 4078 2753 4135 εἶναι
2787 4081 3093 4152 βάπτισμα.

2116 4298 2364 4351 ΚΕΦΑΛ.
2399 4298 2499 4352 IE'.
2520 4328 2591 4340 --
2610 4299 2749 4369 Περὶ
2780 4300 2883 4355 τοῦ
2904 4301 3056 4370 μήτε
3084 4302 3458 4369 ἐπισκόπους
3473 4302 3618 4372 μήτε

1966 4424 2018 4485 D
2046 4389 2372 4457 κληρικοὺς
2418 4389 2749 4485 δωρεῖσθαι,
2808 4391 2846 4460 ἣ
2895 4393 2965 4446 ἑν
3005 4393 3260 4464 διαθήκῃ
3299 4394 3525 4448 διδόναι
3566 4408 3617 4445 τι

2044 4481 2376 4550 αἱρετιχοῖς,
2407 4481 2525 4535 κᾶν
2546 4477 2699 4536 ὦσιν
2725 4483 2922 4537 αὐτῶν
2949 4486 3283 4555 συγγενεῖς.

2218 4571 2488 4626 Συνόδου
2522 4572 2941 4641 Καρθαγέννης
2969 4574 3170 4628 κανὼν
3199 4573 3303 4645 κβ¹,
3336 4573 3445 4628 πα’.

2116 4662 2293 4717 Ὥστε
2336 4662 2474 4729 τοὺς
2524 4663 2896 4731 ἐπισκόπους
2949 4666 3048 4719 καὶ
3094 4666 3227 4731 τοὺς
3275 4666 3613 4734 κληρικοὺς,

2042 4773 2098 4811 κ.
2131 4773 2184 4811 τ.
2213 4756 2264 4812 λ.

2114 4847 2217 4920 κβ¹.
2256 4846 2439 4919 Μηδὲν
2467 4847 2557 4901 διὰ
2602 4846 2812 4921 δωρεάς
2859 4849 2970 4905 τῶν
3002 4850 3217 4904 οἰκείων
3250 4853 3610 4923 πραγμάτων,

2038 4958 2094 4994 κ.
2127 4959 2179 4995 τ.
2210 4940 2259 4996 λ.

2111 5050 2251 5118 Περὶ
2294 5050 2643 5106 ἐπισκόπων
2687 5053 2807 5107 τῶν
2846 5053 3181 5123 αἰρετικοὺς
3223 5054 3261 5123 ἢ
3309 5054 3612 5121 Ἕλληνας

2041 5142 2453 5211 κληρονόμους
2492 5146 3083 5214 καταλιμπανόντων.

2111 5255 2217 5304 πα’.
2294 5250 2522 5321 Ὁμοίως
2573 5253 2803 5326 ὡρίσθη,
2867 5248 3098 5312 ἵναέὰν
3152 5274 3235 5319 τις
3293 5256 3604 5317 ἐπίσκοπος,

2033 5337 2399 5409 κληρονόμους
2429 5346 2731 5412 συγγενεῖς,
2765 5363 2817 5399 κ.
2847 5363 2898 5399 τ.
2924 5346 2973 5400 λ.

2111 5431 2406 5501 Ἀνάγνωθι
2455 5436 2527 5488 τὰ
2576 5439 3090 5509 παραγεγραμμένα
3151 5442 3209 5494 ἐν
3256 5438 3336 5512 τῷ
3386 5436 3434 5510 η’
3481 5451 3597 5506 κεφι

2032 5520 2122 5574 τοῦ
2154 5520 2183 5575 ι’
2216 5523 2318 5578 τίτ.
2347 5524 2441 5577 τοῦ
2476 5526 2740 5598 παρόντος
2774 5530 3175 5601 συντάγματος.
