3766 6198
130 275 221 340 889
936 251 1338 319 SYNTAGMA
1373 244 1764 312 CANONUM.
1789 269 1856 282 -
1882 242 2035 305 TIT.
2067 237 2239 315 XIII,
2271 234 2426 297 CAP.
2464 230 2519 291 Ι.

3273 205 3382 272 δα)

196 379 428 441 ΚΕΦΑΛ.
459 373 577 444 ις’.
609 404 679 415 -
704 370 847 442 Περὶ
872 369 1181 440 αίρπικῶν
1207 368 1680 446 μετανοούντων.

1872 358 2012 416 CAP.
2047 354 2190 412 XVI.
2225 381 2295 398 --
2329 350 2403 406 De
2432 343 2696 403 htercticis
2722 337 2920 396 erroris
2960 332 3043 391 sui
3080 324 3383 400 pwnitentt'

569 554 889 611 Βασιλείου
921 551 1123 607 κανὼν
1156 557 1220 605 ε’.

194 655 251 713 ε’.
279 654 411 719 Τοὺς
438 651 496 707 δὲ
526 650 620 705 ἐπὶ
651 647 813 721 ὲξόδῳ
845 645 1263 719 μετανοοῦντας,
1296 660 1354 699 κ.
1391 659 1442 697 τ.
1472 641 1525 696 λ.

203 839 487 911 ’Δνάγνωθι
521 839 591 894 τὰ
624 832 1139 908 παραγεγραμμένοι
1183 832 1243 885 ὲν
1285 829 1364 902 τῷ
1405 826 1484 883 λθ⁹
1520 825 1615 881 τοῦ
1641 824 1691 880 θ’

129 936 223 990 τίτ.
250 931 341 986 τοῦ
371 928 638 1001 παρόντος
667 924 1067 993 συντάγματος.

192 1023 431 1080 ΚΕΦΑΛ.
469 1021 569 1076 IZ'.
603 1049 671 1062 -—
713 1016 847 1081 Πῶς
881 1011 1232 1069 ἐκδικοῦσιν
1275 1010 1332 1065 οἱ
1371 1007 1697 1063 ἐπίσκοποι

1792 452 1911 507 bus.

2337 526 2531 585 Basilii
2567 536 2737 579 canon
2774 520 2828 575 5.

1862 632 1915 688 5.
1983 625 2281 683 Haereticos
2337 621 2394 676 in
2446 616 2599 672 exitu
2646 604 3084 684 paenitentiam,
3117 607 3248 663 etc.,
3319 602 3381 648 ut

1789 737 1915 793 pag.
1948 716 2076 773 805.

1859 776 2001 883 iege
2032 822 2155 881 quae
2180 807 2235 862 in
2265 800 2551 876 prasentis
2596 795 2778 867 operis
2804 806 2926 862 cap.
2956 788 3049 853 59,
3075 785 3161 840 tit.
3194 780 3250 848 9,
3280 776 3384 834 ad-

1794 910 1979 962 notata
2014 906 2162 956 sunt.
2356 911 2362 917 '

1794 956 2026 1065 “-402
2073 985 2229 1044 CAP.
2270 980 2438 1038 XVII.
2467 1008 2539 1020 ——
2569 974 2846 1044 Quomodo
2914 965 3143 1039 episcopi
3210 956 3386 1016 vindi-

129 1117 257 1183 τοὺς
292 1112 652 1185 ἁρμόζοντας
683 1060 909 1175 αὐτοῖς,
938 1106 1165 1172 τόπους
1202 1101 1361 1172 παρὰ
1387 1060 1697 1170 αἱρετικῶν

1872 1060 1909 1140 ll
1935 1060 2252 1155 pertinentia
2278 1076 2346 1129 ad
2389 1090 2445 1129 se
2487 1072 2625 1135 loca,
2656 1083 2774 1139 qua:
2825 1060 3059 1119 haeretici
3094 1066 3384 1124 occupave-

130 1205 571 1279 κατεχομένους.

255 1298 521 1356 Συνόδου
555 1293 973 1365 Καρθαγέννης
999 1305 1201 1344 κανων
1246 1284 1367 1358 ριθ’,
1409 1282 1551 1355 ρκα’.

190 1391 322 1460 Περὶ
344 1390 456 1445 τοῦ
482 1388 590 1443 ἐάν
616 1402 753 1440 τινα
789 1383 1094 1449 διοίκησιν
1118 1379 1188 1444 ἐξ
1216 1376 1501 1446 αἱρέσεως
1526 1375 1698 1429 ἐλευ-

130 1484 345 1554 θερώσῃ
386 1481 749 1544 ἐπίσκοπος,
808 1473 908 1530 καὶ
950 1473 1052 1528 ἐπὶ
1094 1471 1356 1542 τριετίαν
1394 1465 1695 1536 κατάσχῃ,

125 1577 342 1647 μηδένα
379 1574 606 1640 ταύτην
634 1566 970 1638 ἀναζητεῖν.

192 1669 308 1739 ριθ’.
358 1665 595 1736 Ὁμοίως
638 1663 854 1734 ἤρεσεν,
897 1658 987 1713 ἵνα
1018 1656 1113 1711 ἐάν
1151 1672 1235 1717 τις
1269 1652 1408 1724 μετά
1452 1650 1580 1714 τοὺς
1608 1648 1700 1702 νό-

131 1778 272 1832 μους,
302 1758 468 1813 τόπον
491 1755 617 1811 τινὰ
643 1754 780 1827 πρὸς
813 1753 911 1825 τὴν
941 1748 1238 1817 καθολικὴν
1270 1745 1498 1814 ἑνότητα
1531 1759 1698 1814 μετα-

130 1852 343 1925 στρέφῃ,
380 1851 479 1905 καὶ¹
511 1848 671 1903 τοῦτο
709 1848 803 1900 ἐπὶ
837 1844 1076 1917 τριετίαν
1108 1839 1335 1913 μηδενὸς
1363 1834 1697 1905 ἀναζητοῦν-

127 1965 211 2012 τος
236 1945 522 2013 κατάσχοι,
548 1941 645 1994 τοῦ
675 1938 863 1994 λοιποῦ
896 1936 1026 2008 παρ’
1057 1932 1222 1989 αὑτοῦ
1257 1930 1332 2003 μὴ
1360 1927 1699 1997 ωαζητηθῇ,

129 2036 214 2090 ὲάν
248 2034 433 2105 μέντοι
480 2030 631 2095 ἐντὸς
670 2029 771 2100 τῆς
817 2027 987 2098 αὐτῆς
1032 2022 1274 2096 τριετίας
1303 2020 1549 2092 ὑπῆρχεν
1578 2017 1701 2069 ἐπί-

131 2145 319 2192 σκοπος
364 2129 391 2180 ὁ
422 2124 658 2194 ὀφείλων
691 2120 1033 2192 ἀναζητῆσαι
1061 2116 1157 2177 καὶ
1186 2114 1462 2188 ἡσύχασεν
1485 2129 1499 2143 ·
1554 2112 1604 2164 εί
1645 2108 1705 2163 δὲ

132 2223 200 2295 μὴ
226 2218 312 2293 ἦν,
336 2216 781 2291 προκριματισθῇ
811 2215 868 2266 ὲν
893 2213 960 2282 τῇ
994 2210 1218 2282 μάτρικι
1237 2225 1251 2240 ’
1282 2205 1397 2263 ἀλλ’
1427 2206 1517 2259 ὅτε
1547 2204 1575 2256 δ
1603 2219 1704 2273 χη-

133 2314 294 2389 ρεύων
326 2314 493 2373 τόπος
523 2309 665 2382 λάδῃ
702 2306 1021 2371 ἐπίσκοπον,
1052 2303 1171 2370 ἐξὸν
1197 2302 1280 2372 εῐη
1312 2298 1460 2369 αὐτῷ
1492 2298 1586 2351 ἀπ’
1614 2296 1706 2349 αὐ-

128 2385 220 2479 τῆς
244 2407 339 2477 τῆς
367 2403 586 2475 ἡμέρας
612 2399 761 2463 ἐντὸς
794 2397 1037 2469 τριετίας
1067 2392 1432 2462 ἀναζητῆσαι.
1472 2385 1703 2458 Ὁμοίως

128 2477 288 2554 δὲκαὶ
309 2497 405 2551 ὲάν
430 2494 726 2557 ἐπίσκοπος
757 2492 821 2545 ἐκ
847 2489 956 2543 τῶν
983 2486 1075 2541 τοῦ
1100 2484 1330 2539 Δονάτου
1364 2478 1546 2551 μερῶν
1567 2477 1705 2546 πρὸς

128 2590 219 2662 τὴν
246 2585 543 2655 καθολικὴν
580 2580 907 2655 ἐπιστρέψῃ,
956 2578 1030 2649 μὴ
1077 2571 1521 2646 προκριματισθῇ
1575 2566 1707 2639 περὶ

129 2660 216 2736 τοῦ
244 2678 668 2753 προορισθέντος
699 2675 889 2748 χρόνου
912 2706 929 2733 ς
990 2669 1107 2724 ἀλλ’
1140 2666 1200 2732 ἐξ
1239 2660 1308 2738 ἧς
1338 2664 1549 2736 ἡμέρας
1601 2663 1704 2715 ὲπ-

129 2750 398 2845 ἑστρείῐνεν,
433 2768 606 2840 ἐχέτω
630 2764 878 2832 ἐξουσίαν
922 2760 1074 2823 ἐντὸς
1122 2754 1365 2829 τριετίας
1412 2750 1705 2821 ἀναζητεῖν

128 2842 245 2930 τοὺς
272 2842 474 2925 τόπους
512 2860 639 2922 τοὺς
670 2859 736 2928 τῇ
772 2853 937 2910 αὐτοῦ
967 2852 1268 2923 ἀνήκοντας
1300 2842 1562 2914 καθέδρᾳ.
1656 2869 1666 2876 -

192 2954 326 3023 Περὶ
356 2950 485 3008 τῶν
526 2947 915 3019 ἀμελούντων
950 2939 1071 2996 τῶν
1111 2936 1317 3003 αὐτοῖς
1357 2932 1708 3002 ἀνηκόντων

131 3048 304 3106 λαῶν.

199 3145 332 3212 ρκα¹.
365 3133 605 3207 Ὁμοίως
628 3131 848 3204 ἦρεσεν,
902 3124 993 3179 ἵνα
1013 3122 1210 3186 οἵτινες
1231 3119 1428 3191 δήποτε
1450 3113 1712 3186 ἀμελοῦσι

134 3207 235 3287 των
262 3224 265 3227 ’
294 3230 480 3285 τόπων
539 3223 647 3279 τῶν
702 3218 1017 3293 ἀνηκόντων
1072 3217 1140 3288 τῇ
1197 3211 1381 3270 αὐτῶν
1435 3207 1708 3280 καθέδρᾳ,

134 3345 186 3383 κ.
209 3342 258 3378 τ.
290 3323 340 3378 λ.

210 3412 510 3485 Ἀνάγνωθι
527 3409 597 3463 τὰ
620 3400 1138 3485 παραγεγραμμένοι
1157 3399 1215 3454 ἒν
1238 3398 1317 3471 τῷ
1344 3401 1376 3452 ι’
1393 3412 1521 3465 καθ’
1543 3393 1637 3447 τοδ
1661 3399 1712 3465 η’

135 3488 232 3542 τίτ.
258 3478 359 3539 rei?
375 3485 650 3557 παρόντος
680 3478 1084 3547 συντάγματος.

200 3555 595 3634 ΚΕΦΑΛξΙΗν.
634 3602 706 3614 --
749 3568 889 3638 Περὶ
913 3564 1034 3621 τῶν
1069 3558 1447 3632 πειρωμένων
1482 3555 1714 3614 ἀθετεῖν

136 3673 205 3728 τὰ
232 3673 300 3728 ἐν
336 3669 571 3741 Ἐφέσῳ
609 3660 970 3735 πραχθέντα.

464 3756 738 3815 Συνόδου
772 3751 1037 3821 Ἐφέσου
1064 3744 1266 3800 κανὼν
1298 3741 1373 3808 ς’.

205 3853 278 3920 ς’.
330 3850 569 3922 Ὁμοίως
614 3846 673 3900 δὲ
719 3845 815 3897 καὶ¹
863 3840 918 3894 εῐ
962 3854 1108 3902 τινες
1137 3834 1449 3907 βουληθεῖεν
1486 3830 1554 3885 τά
1589 3826 1719 3898 περὶ

141 3947 359 4000 ἑκάστου
386 3921 761 4011 πεπραγμένα
786 3936 844 3988 ὲν
861 3935 930 4003 τῇ
958 3928 1091 4001 ἀγία
1112 3927 1313 3995 συνόδῳ
1332 3927 1399 3996 τῇ
1422 3925 1480 3977 ὲν
1505 3921 1718 3991 Ἐφέσῳ

137 4036 430 4107 οίῳδήποτε
456 4030 647 4103 τρόπῳ
678 4022 1104 4098 παρασαλεύειν,
1134 4019 1167 4089 ἡ
1192 4018 1321 4086 ἁγία
1346 4014 1561 4077 σύνοδος
1591 4011 1722 4083 ὤρι-

142 4106 249 4193 σεν,
295 4128 345 4180 εί
388 4125 495 4197 μὲν
536 4121 824 4176 ἐπίσκοποι
862 4111 974 4170 εἷεν
1003 4114 1038 4185 ἢ
1073 4110 1349 4183 κληρικοὶ,
1388 4108 1484 4163 τοῦ
1515 4106 1718 4161 οἰκείου

140 4220 411 4283 παντελῶς
460 4214 792 4271 ἀποπίπτειν
836 4207 1047 4282 βαθμοῦ
1068 4222 1083 4236 ⁸
1140 4206 1190 4259 εἰ
1233 4203 1292 4257 δὲ
1328 4202 1529 4267 λα’ίκοὶ,
1566 4201 1723 4254 ἀκοι-

140 4313 405 4382 νωνήτους
434 4307 749 4377 τυγχάνειν.

140 4401 522 4538 ..αέὲςνξῖτήωθι
546 4399 618 4454 τά
647 4394 1161 4469 παραγεγραμμένοι
1185 4394 1246 4447 εν
1272 4389 1351 4463 τῷ
1376 4395 1424 4458 τ
1454 4385 1549 4441 τος
1580 4402 1723 4457 παρ-

1798 1187 1928 1305 rm".
1974 1264 2201 1325 Concilii
2229 1253 2664 1328 Carthaginensis
2690 1260 2914 1303 canones
2949 1240 3078 1305 H9,
3116 1235 3242 1328 Hi.

1874 1357 1942 1414 Ut
1984 1321 2036 1411 si
2077 1371 2239 1427 quam
2277 1321 2542 1407 dioecesim
2589 1342 2886 1412 episcopus,
2923 1330 2987 1387 ab
3022 1326 3210 1384 hwresi
3259 1321 3387 1378 libe-

1799 1467 1947 1517 rans,
1981 1450 2208 1505 triennio
2239 1441 2549 1517 possederit,
2589 1432 2767 1490 nullus
2801 1444 2920 1485 eum
2952 1429 3173 1494 repetat.

1873 1641 1997 1697 H9.
2051 1640 2184 1694 Item
2214 1636 2235 1669 ⁸
2264 1631 2487 1704 placuit,
2535 1634 2600 1681 ut
2661 1618 2874 1678 etiamsi
2924 1613 3213 1686 quisquam
3264 1611 3392 1676 post

1730 1735 1773 1789 B
1802 1736 1947 1803 leges
1994 1732 2229 1800 aliquem
2268 1727 2449 1780 locum
2482 1720 2548 1775 ad
2580 1714 2907 1773 catholicam
2959 1706 3221 1761 unitatem
3255 1712 3391 1752 con-

1804 1826 2049 1887 verterit,
2086 1835 2320 1890 eumque
2370 1807 2482 1888 per'
2521 1808 2819 1867 triennium
2870 1798 3087 1855 nemine
3113 1796 3393 1862 repetente

1804 1916 2112 1980 retinuerit,
2145 1912 2373 1969 ulterius
2414 1908 2482 1963 ab
2510 1919 2578 1960 eo
2621 1915 2732 1956 non
2773 1901 3071 1964 repetatur.
3119 1885 3178 1940 Si
3211 1892 3394 1939 tamen

1804 2026 1905 2083 per
1930 2011 2108 2080 ipsum
2133 2003 2429 2061 triennium
2461 1997 2564 2052 fuit
2584 1993 2871 2060 episcopus
2900 1984 2992 2053 qui
3027 1984 3210 2050 posset
3240 1986 3396 2041 repe-

1807 2068 1966 2168 lere;
2002 2109 2057 2155 et
2115 2095 2313 2159 tacuit,
2364 2086 2744 2162 praeiudicium
2796 2077 3060 2149 patietur.
3114 2068 3169 2122 Si
3211 2073 3393 2119 autem

1805 2210 1917 2250 non
1941 2162 2076 2257 Iuit,
2106 2204 2214 2243 non
2239 2182 2628 2257 prazjutlicetnr
2658 2170 2897 2233 metrici,
2932 2164 3025 2221 sed
3060 2162 3242 2220 liceat,
3269 2168 3396 2210 cum

1806 2290 1962 2346 locus
2004 2252 2274 2353 acceperit
2315 2252 2634 2348 episcopum
2685 2279 2850 2337 quem
2891 2275 3005 2315 non
3042 2252 3294 2313 habebat,
3328 2260 3399 2301 ex

1811 2382 1931 2451 ipso
1958 2378 2044 2434 die
2076 2337 2216 2430 inlra
2260 2337 2551 2424 triennium
2590 2366 2851 2429 repetere.
2889 2352 3131 2417 Itemque
3161 2341 3208 2397 si
3237 2337 3403 2394 fuerit

1808 2443 2099 2541 episcopus
2144 2464 2211 2520 ad
2264 2456 2591 2516 catholicam
2628 2466 2692 2505 ex
2731 2443 2925 2500 Donati
2974 2444 3129 2510 parte
3169 2444 3401 2489 conver-

1811 2522 1928 2627 sus,
1977 2522 2084 2614 n‘on
2130 2557 2179 2612 ei
2215 2549 2532 2625 pmjudicet
2559 2540 2889 2614 pra-ﬁnitum
2920 2541 3161 2599 tempus,
3202 2522 3296 2579 sed
3331 2535 3397 2574 ex

1810 2668 1922 2726 quo
1950 2652 2039 2707 die
2063 2621 2359 2706 conversus
2388 2651 2493 2704 est,
2548 2637 2744 2692 habeat
2773 2644 2871 2701 per
2918 2621 3213 2717 triennium
3248 2621 3401 2684 pote-

1812 2708 2009 2804 statem
2061 2736 2336 2811 repetendi
2386 2736 2537 2799 loca,
2583 2742 2705 2800 quae
2727 2723 2794 2779 ad
2832 2708 3006 2790 ipsam
3050 2708 3398 2785 pertinebant

1813 2836 2151 2893 cathedram.

1884 2926 1962 2981 De
1994 2925 2077 2979 his
2112 2922 2201 2994 qui
2223 2918 2395 2990 plebes
2430 2915 2501 2970 ad
2532 2928 2586 2968 se
2618 2910 2941 2982 pertinentes
2978 2898 3274 2971 negligunt.

1739 3077 1783 3136 Ο
1896 3107 2021 3164 121.
2056 3106 2186 3160 Item
2214 3086 2418 3173 placuit
2451 3104 2511 3151 ut
2536 3094 2848 3166 quicunque
2874 3085 3152 3157 negligunt
3178 3080 3299 3135 Ioea
3336 3073 3408 3130 ad

1818 3217 1974 3263 suam
2007 3197 2321 3256 cathedram
2355 3187 2705 3264 pertinentia,
2732 3194 2861 3252 etc.,
2888 3188 2950 3237 ut
2981 3194 3101 3251 pag.
3129 3173 3258 3231 679.

1892 3386 2034 3467 Lege
2059 3396 2177 3463 quae
2210 3378 2462 3434 adnotata
2495 3378 2626 3428 sunt
2662 3369 2715 3423 in
2750 3364 2819 3420 I0
2855 3378 2977 3434 cap.
3008 3356 3199 3417 tit..8I
3270 3368 3412 3424 prae-

1825 3468 1999 3514 sentis
2015 3467 2217 3523 operis.

1895 3514 2070 3620 6.03-
2100 3539 2253 3598 CAP.
2289 3535 2477 3593 XVIII.
2502 3563 2574 3577 ——
2603 3530 2680 3586 De
2728 3528 2795 3582 iis
2830 3539 2947 3597 qua:
2983 3530 3105 3576 acta
3142 3514 3411 3588 Ephesium

1828 3638 2041 3696 abolere
2070 3637 2333 3689 nituntur.

2198 3720 2426 3781 Coucilii
2471 3716 2725 3789 Ephesini
2761 3729 2934 3768 canon
2982 3708 3037 3762 6.

1903 3824 1959 3880 6.
2002 3817 2294 3887 Similiter}
2317 3826 2502 3870 autem
2537 3821 2593 3866 et
2632 3811 2677 3866 si
2721 3809 2812 3878 qui
2860 3804 3029 3858 velint
3076 3814 3162 3863 ea,
3195 3808 3316 3866 quae
3348 3791 3418 3846 de

1833 3914 2065 3986 singulis
2126 3926 2224 3981 per
2282 3915 2531 3962 sanetam
2588 3901 2858 3973 synodum
2894 3893 3225 3964 Ephesinam
3265 3893 3415 3957 gesta

1833 4016 1984 4070 sunt,
2033 4014 2366 4074 quocunque
2403 3994 2570 4055 modo
2604 4005 2828 4046 movere
2876 4004 2889 4040 :
2927 3992 3114 4041 sancta
3174 3977 3418 4049 synodus

1833 4098 1953 4169 ipsa
1972 4068 2241 4158 decrevit,
2267 4068 2313 4146 si
2343 4086 2564 4159 quidem
2586 4079 2827 4152 episcopi
2864 4071 3161 4131 aut'clcrici
3192 4068 3414 4130 fuerint,

1832 4206 1929 4247 eos
1963 4188 2193 4245 omnino
2237 4199 2267 4238 a
2295 4181 2521 4254 proprio
2551 4176 2748 4234 cadere
2778 4172 2948 4245 gradu
2980 4186 2997 4223 :
3028 4167 3073 4222 si
3103 4179 3235 4221 vero
3268 4160 3419 4227 laici,

1839 4264 2349 4341 excommunicatos
2378 4290 2521 4330 esse.

1907 4375 2051 4446 Lege
2074 4386 2197 4444 quae
2233 4370 2288 4425 in
2322 4382 2443 4439 cap.
2465 4367 2498 4422 5
2523 4361 2806 4436 pmsentis
2825 4358 2967 4415 tituli
2993 4353 3418 4412 suntadnotata.

146 4562 3390 4619 ______________________________._______

1443 4693 1849 4784 ΤΙΤΛΟΣ
1896 4683 2094 4777 II".

1551 4836 1713 4890 IIEPI
1749 4829 2036 4888 ΛΑΙΚΩΝ.

1411 5032 1883 5112 TITULUS
1955 5025 2186 5107 XIII.

1598 5170 1683 5225 DE
1735 5168 1979 5227 LAICIS.

224 5320 483 5376 ΚΕΦΑΔ.
516 5317 593 5372 Δ’.
628 5347 696 5357 -
724 5314 861 5385 Περὶ
886 5312 993 5369 τοῦ
1020 5308 1437 5367 ἀποκινεῖσθαι
1466 5307 1575 5362 τὸν
1603 5311 1739 5363 λαῖ-

1915 5302 2071 5361 CAP.
2109 5301 2150 5359 I.
2186 5328 2256 5343 —
2315 5297 2383 5353 Ut
2435 5296 2604 5351 laicus
2657 5290 2748 5363 qui
2784 5288 2840 5341 in
2896 5283 3021 5339 urbe
3065 5291 3300 5341 versans,
3333 5289 3424 5345 per

159 5410 266 5464 κόν
296 5411 407 5478 τῆς
442 5410 617 5480 ἁγίας
645 5370 986 5471 κοινωνίας,
1019 5403 1118 5458 ἐπὶ
1141 5402 1298 5471 τρεῖς
1331 5399 1628 5471 Κυριακὰς
1670 5402 1705 5454 ἐκ

1872 5416 1951 5455 res
1993 5394 2347 5459 hebdomadas
2401 5391 2468 5444 ad
2512 5384 2787 5442 ecclesiam
2842 5394 2945 5434 non
3002 5370 3325 5436 convenerit,
3390 5382 3421 5419 α

161 5501 332 5555 πόλει
383 5501 702 5571 διάγοντα,
753 5499 853 5553 καὶ
919 5496 1004 5569 μὴ
1061 5495 1442 5551 συνελθόντα
1492 5491 1566 5561 τῇ
1641 5493 1738 5547 ἐκ·

165 5610 195 5647 κ
208 5594 403 5661 Ιησίᾳ.

230 5705 441 5762 ’Couc.
480 5707 641 5762 Afric.
682 5720 727 5761 ρ.
763 5704 851 5759 86.

1849 5498 2034 5543 sancta
2063 5483 2425 5541 communione
2450 5483 2801 5533 removeatur.
