  <div class='ocr_page' id='page_1' title='image "/cluster/home/n/w/nwhite01/storage/ocr_20150623/104 pt.4/mdp.39015061931229/455.png"; bbox 0 0 3904 6220; ppageno 0'>
   <div class='ocr_carea' id='block_1_1' title="bbox 344 211 501 336">
    <p class='ocr_par' dir='ltr' id='par_1_1' title="bbox 344 211 501 336">
     <span class='ocr_line' id='line_1_1' title="bbox 344 211 501 336; baseline -0.019 0"><span class='ocrx_word' id='word_1_1' title='bbox 344 211 501 336; x_wconf 75' lang='grc'><strong>¹891</strong></span> 
     </span>
    </p>
   </div>
   <div class='ocr_carea' id='block_1_2' title="bbox 752 403 1675 461">
    <p class='ocr_par' dir='ltr' id='par_1_2' title="bbox 752 403 1675 461">
     <span class='ocr_line' id='line_1_2' title="bbox 752 403 1675 461; baseline 0 0"><span class='ocrx_word' id='word_1_2' title='bbox 752 403 979 461; x_wconf 83' lang='lat' dir='ltr'><strong>Concilii</strong></span> <span class='ocrx_word' id='word_1_3' title='bbox 1013 404 1355 460; x_wconf 79' lang='lat' dir='ltr'><strong>Sardicensis</strong></span> <span class='ocrx_word' id='word_1_4' title='bbox 1382 421 1553 460; x_wconf 87' lang='lat' dir='ltr'><strong>canon</strong></span> <span class='ocrx_word' id='word_1_5' title='bbox 1583 405 1675 461; x_wconf 91' lang='grc'><strong>11.</strong></span> 
     </span>
    </p>
   </div>
   <div class='ocr_carea' id='block_1_3' title="bbox 472 493 1996 567">
    <p class='ocr_par' dir='ltr' id='par_1_3' title="bbox 472 493 1996 567">
     <span class='ocr_line' id='line_1_3' title="bbox 472 493 1996 567; baseline -0.003 -13"><span class='ocrx_word' id='word_1_6' title='bbox 472 497 561 554; x_wconf 93' lang='grc'><strong>11.</strong></span> <span class='ocrx_word' id='word_1_7' title='bbox 596 494 761 553; x_wconf 88' lang='lat' dir='ltr'><strong>Osius</strong></span> <span class='ocrx_word' id='word_1_8' title='bbox 799 496 1090 566; x_wconf 87' lang='lat' dir='ltr'><strong>episcopus</strong></span> <span class='ocrx_word' id='word_1_9' title='bbox 1122 496 1259 551; x_wconf 78' lang='lat' dir='ltr'><strong>dixit</strong></span> <span class='ocrx_word' id='word_1_10' title='bbox 1290 514 1303 550; x_wconf 94' lang='lat'>:</span> <span class='ocrx_word' id='word_1_11' title='bbox 1340 494 1452 551; x_wconf 89' lang='lat' dir='ltr'><strong>Hoc</strong></span> <span class='ocrx_word' id='word_1_12' title='bbox 1504 510 1724 567; x_wconf 87' lang='lat' dir='ltr'><strong>quoque</strong></span> <span class='ocrx_word' id='word_1_13' title='bbox 1768 493 1996 550; x_wconf 88' lang='lat' dir='ltr'><strong>delinire</strong></span> 
     </span>
    </p>
   </div>
   <div class='ocr_carea' id='block_1_4' title="bbox 400 586 1228 657">
    <p class='ocr_par' dir='ltr' id='par_1_4' title="bbox 400 586 1228 657">
     <span class='ocr_line' id='line_1_4' title="bbox 400 586 1228 657; baseline -0.005 -13"><span class='ocrx_word' id='word_1_14' title='bbox 400 587 680 654; x_wconf 81' lang='lat' dir='ltr'><strong>debemus,</strong></span> <span class='ocrx_word' id='word_1_15' title='bbox 709 595 841 652; x_wconf 90' lang='lat' dir='ltr'><strong>etc.,</strong></span> <span class='ocrx_word' id='word_1_16' title='bbox 871 597 927 638; x_wconf 84' lang='lat' dir='ltr'><strong>ut</strong></span> <span class='ocrx_word' id='word_1_17' title='bbox 952 603 1075 657; x_wconf 81' lang='lat' dir='ltr'><strong>pag.</strong></span> <span class='ocrx_word' id='word_1_18' title='bbox 1103 586 1228 642; x_wconf 81' lang='grc'>606.</span> 
     </span>
    </p>
   </div>
   <div class='ocr_carea' id='block_1_5' title="bbox 730 675 1659 734">
    <p class='ocr_par' dir='ltr' id='par_1_5' title="bbox 730 675 1659 734">
     <span class='ocr_line' id='line_1_5' title="bbox 730 675 1659 734; baseline -0.003 -1"><span class='ocrx_word' id='word_1_19' title='bbox 730 677 1271 734; x_wconf 70' lang='grc' dir='ltr'>ϐοηείίίἱωειιηιωιὶοἱ</span> <span class='ocrx_word' id='word_1_20' title='bbox 1296 692 1347 730; x_wconf 82' lang='lat' dir='ltr'><strong>vr</strong></span> <span class='ocrx_word' id='word_1_21' title='bbox 1370 692 1539 730; x_wconf 76' lang='lat' dir='ltr'><strong>canon</strong></span> <span class='ocrx_word' id='word_1_22' title='bbox 1569 675 1659 731; x_wconf 88' lang='lat'><strong>80.</strong></span> 
     </span>
    </p>
   </div>
   <div class='ocr_carea' id='block_1_6' title="bbox 472 766 1991 857">
    <p class='ocr_par' dir='ltr' id='par_1_6' title="bbox 472 766 1991 857">
     <span class='ocr_line' id='line_1_6' title="bbox 472 766 1991 857; baseline -0.002 -31"><span class='ocrx_word' id='word_1_23' title='bbox 472 769 563 826; x_wconf 92' lang='lat'><strong>80.</strong></span> <span class='ocrx_word' id='word_1_24' title='bbox 598 770 654 823; x_wconf 90' lang='lat' dir='ltr'><strong>Si</strong></span> <span class='ocrx_word' id='word_1_25' title='bbox 685 768 810 839; x_wconf 88' lang='lat' dir='ltr'><strong>quis</strong></span> <span class='ocrx_word' id='word_1_26' title='bbox 835 768 1145 857; x_wconf 63' lang='lat' dir='ltr'><strong>episcopus,</strong></span> <span class='ocrx_word' id='word_1_27' title='bbox 1175 769 1258 823; x_wconf 88' lang='lat' dir='ltr'><strong>vel</strong></span> <span class='ocrx_word' id='word_1_28' title='bbox 1282 768 1579 839; x_wconf 77' lang='lat' dir='ltr'><strong>presbyter,</strong></span> <span class='ocrx_word' id='word_1_29' title='bbox 1605 766 1991 835; x_wconf 85' lang='lat' dir='ltr'><strong>veldiaconus,</strong></span> 
     </span>
    </p>
   </div>
   <div class='ocr_carea' id='block_1_7' title="bbox 400 860 942 930">
    <p class='ocr_par' dir='ltr' id='par_1_7' title="bbox 400 860 942 930">
     <span class='ocr_line' id='line_1_7' title="bbox 400 860 942 930; baseline -0.006 -13"><span class='ocrx_word' id='word_1_30' title='bbox 400 870 536 924; x_wconf 86' lang='lat' dir='ltr'><strong>etc.,</strong></span> <span class='ocrx_word' id='word_1_31' title='bbox 567 871 626 914; x_wconf 83' lang='lat' dir='ltr'><strong>ut</strong></span> <span class='ocrx_word' id='word_1_32' title='bbox 652 878 774 930; x_wconf 79' lang='lat' dir='ltr'><strong>pag.</strong></span> <span class='ocrx_word' id='word_1_33' title='bbox 812 860 942 914; x_wconf 83' lang='lat'><strong>606.</strong></span> 
     </span>
    </p>
   </div>
   <div class='ocr_carea' id='block_1_8' title="bbox 468 944 1990 1026">
    <p class='ocr_par' dir='ltr' id='par_1_8' title="bbox 468 944 1990 1026">
     <span class='ocr_line' id='line_1_8' title="bbox 468 944 1990 1026; baseline -0.001 -17"><span class='ocrx_word' id='word_1_34' title='bbox 468 944 632 1026; x_wconf 66' lang='grc' dir='ltr'><strong>ἥ.οᾶ</strong></span> <span class='ocrx_word' id='word_1_35' title='bbox 673 953 825 1009; x_wconf 82' lang='lat' dir='ltr'><strong>CAP.</strong></span> <span class='ocrx_word' id='word_1_36' title='bbox 869 953 932 1010; x_wconf 92' lang='lat' dir='ltr'><strong>ll.</strong></span> <span class='ocrx_word' id='word_1_37' title='bbox 960 988 1029 1002; x_wconf 87' lang='lat'><strong>—</strong></span> <span class='ocrx_word' id='word_1_38' title='bbox 1066 954 1145 1009; x_wconf 83' lang='lat' dir='ltr'><strong>De</strong></span> <span class='ocrx_word' id='word_1_39' title='bbox 1181 955 1332 1008; x_wconf 68' lang='lat' dir='ltr'><strong>laici:</strong></span> <span class='ocrx_word' id='word_1_40' title='bbox 1384 953 1614 1009; x_wconf 79' lang='lat' dir='ltr'><strong>secundo</strong></span> <span class='ocrx_word' id='word_1_41' title='bbox 1667 953 1746 1009; x_wconf 78' lang='lat' dir='ltr'><strong>vel</strong></span> <span class='ocrx_word' id='word_1_42' title='bbox 1790 952 1990 1024; x_wconf 80' lang='lat' dir='ltr'><strong>pluries</strong></span> 
     </span>
    </p>
   </div>
   <div class='ocr_carea' id='block_1_9' title="bbox 401 1041 1683 1111">
    <p class='ocr_par' dir='ltr' id='par_1_9' title="bbox 401 1041 1683 1111">
     <span class='ocr_line' id='line_1_9' title="bbox 401 1041 1683 1111; baseline 0.001 -17"><span class='ocrx_word' id='word_1_43' title='bbox 401 1041 740 1107; x_wconf 77' lang='lat' dir='ltr'><strong>nubentibus,</strong></span> <span class='ocrx_word' id='word_1_44' title='bbox 761 1052 809 1096; x_wconf 90' lang='lat' dir='ltr'><strong>et</strong></span> <span class='ocrx_word' id='word_1_45' title='bbox 832 1042 894 1097; x_wconf 83' lang='lat' dir='ltr'><strong>de</strong></span> <span class='ocrx_word' id='word_1_46' title='bbox 928 1042 1138 1097; x_wconf 74' lang='lat' dir='ltr'><strong>illicitis</strong></span> <span class='ocrx_word' id='word_1_47' title='bbox 1170 1043 1368 1111; x_wconf 75' lang='lat' dir='ltr'><strong>nuptiis</strong></span> <span class='ocrx_word' id='word_1_48' title='bbox 1397 1051 1447 1095; x_wconf 86' lang='lat' dir='ltr'><strong>et</strong></span> <span class='ocrx_word' id='word_1_49' title='bbox 1473 1042 1683 1109; x_wconf 86' lang='lat' dir='ltr'><strong>copula.</strong></span> 
     </span>
    </p>
   </div>
   <div class='ocr_carea' id='block_1_10' title="bbox 753 1225 1665 1295">
    <p class='ocr_par' dir='ltr' id='par_1_10' title="bbox 753 1225 1665 1295">
     <span class='ocr_line' id='line_1_10' title="bbox 753 1225 1665 1295; baseline 0.002 -17"><span class='ocrx_word' id='word_1_50' title='bbox 753 1226 1132 1295; x_wconf 78' lang='lat' dir='ltr'><strong>Apostolorum</strong></span> <span class='ocrx_word' id='word_1_51' title='bbox 1166 1241 1393 1279; x_wconf 83' lang='lat' dir='ltr'><strong>canones</strong></span> <span class='ocrx_word' id='word_1_52' title='bbox 1447 1226 1535 1292; x_wconf 88' lang='grc'><strong>19,</strong></span> <span class='ocrx_word' id='word_1_53' title='bbox 1576 1225 1665 1280; x_wconf 80' lang='grc'><strong>48.</strong></span> 
     </span>
    </p>
   </div>
   <div class='ocr_carea' id='block_1_11' title="bbox 466 1312 1976 1386">
    <p class='ocr_par' dir='ltr' id='par_1_11' title="bbox 466 1312 1976 1386">
     <span class='ocr_line' id='line_1_11' title="bbox 466 1312 1976 1386; baseline 0.003 -20"><span class='ocrx_word' id='word_1_54' title='bbox 466 1312 532 1368; x_wconf 85' lang='grc'>19</span> <span class='ocrx_word' id='word_1_55' title='bbox 558 1312 692 1386; x_wconf 82' lang='lat' dir='ltr'><strong>[l8].</strong></span> <span class='ocrx_word' id='word_1_56' title='bbox 725 1313 828 1381; x_wconf 86' lang='lat' dir='ltr'><strong>Qui</strong></span> <span class='ocrx_word' id='word_1_57' title='bbox 858 1316 995 1370; x_wconf 88' lang='lat' dir='ltr'><strong>duas</strong></span> <span class='ocrx_word' id='word_1_58' title='bbox 1018 1330 1236 1372; x_wconf 86' lang='lat' dir='ltr'><strong>sorores</strong></span> <span class='ocrx_word' id='word_1_59' title='bbox 1267 1316 1444 1383; x_wconf 80' lang='lat' dir='ltr'><strong>duxit,</strong></span> <span class='ocrx_word' id='word_1_60' title='bbox 1466 1317 1547 1371; x_wconf 90' lang='lat' dir='ltr'><strong>vel</strong></span> <span class='ocrx_word' id='word_1_61' title='bbox 1564 1316 1976 1383; x_wconf 83' lang='lat' dir='ltr'><strong>consobrinam,</strong></span> 
     </span>
    </p>
   </div>
   <div class='ocr_carea' id='block_1_12' title="bbox 402 1407 1194 1475">
    <p class='ocr_par' dir='ltr' id='par_1_12' title="bbox 402 1407 1194 1475">
     <span class='ocr_line' id='line_1_12' title="bbox 402 1407 1194 1475; baseline 0.005 -16"><span class='ocrx_word' id='word_1_62' title='bbox 402 1419 511 1459; x_wconf 90' lang='lat' dir='ltr'><strong>non</strong></span> <span class='ocrx_word' id='word_1_63' title='bbox 556 1407 735 1475; x_wconf 69' lang='lat' dir='ltr'><strong>p&#39;otest</strong></span> <span class='ocrx_word' id='word_1_64' title='bbox 765 1423 887 1462; x_wconf 82' lang='lat' dir='ltr'><strong>esse</strong></span> <span class='ocrx_word' id='word_1_65' title='bbox 937 1408 1194 1463; x_wconf 83' lang='lat' dir='ltr'><strong>clericus.</strong></span> 
     </span>
    </p>
   </div>
   <div class='ocr_carea' id='block_1_13' title="bbox 474 1479 1988 1570">
    <p class='ocr_par' dir='ltr' id='par_1_13' title="bbox 474 1479 1988 1570">
     <span class='ocr_line' id='line_1_13' title="bbox 474 1479 1988 1570; baseline 0.001 -17"><span class='ocrx_word' id='word_1_66' title='bbox 474 1479 715 1570; x_wconf 50' lang='lat'><strong>“[17].</strong></span> <span class='ocrx_word' id='word_1_67' title='bbox 743 1498 795 1553; x_wconf 89' lang='lat' dir='ltr'><strong>Si</strong></span> <span class='ocrx_word' id='word_1_68' title='bbox 844 1501 965 1569; x_wconf 85' lang='lat' dir='ltr'><strong>quis</strong></span> <span class='ocrx_word' id='word_1_69' title='bbox 1005 1499 1179 1555; x_wconf 83' lang='lat' dir='ltr'><strong>laicus</strong></span> <span class='ocrx_word' id='word_1_70' title='bbox 1234 1515 1333 1555; x_wconf 89' lang='lat' dir='ltr'><strong>sua</strong></span> <span class='ocrx_word' id='word_1_71' title='bbox 1385 1499 1558 1569; x_wconf 90' lang='lat' dir='ltr'><strong>ejecta</strong></span> <span class='ocrx_word' id='word_1_72' title='bbox 1595 1514 1768 1555; x_wconf 83' lang='lat' dir='ltr'><strong>uxore</strong></span> <span class='ocrx_word' id='word_1_73' title='bbox 1823 1499 1988 1555; x_wconf 90' lang='lat' dir='ltr'><strong>aliam</strong></span> 
     </span>
    </p>
   </div>
   <div class='ocr_carea' id='block_1_14' title="bbox 403 1592 1745 1661">
    <p class='ocr_par' dir='ltr' id='par_1_14' title="bbox 403 1592 1745 1661">
     <span class='ocr_line' id='line_1_14' title="bbox 403 1592 1745 1661; baseline 0.001 -17"><span class='ocrx_word' id='word_1_74' title='bbox 403 1592 673 1661; x_wconf 84' lang='lat' dir='ltr'><strong>acceperit</strong></span> <span class='ocrx_word' id='word_1_75' title='bbox 698 1592 777 1645; x_wconf 91' lang='lat' dir='ltr'><strong>vel</strong></span> <span class='ocrx_word' id='word_1_76' title='bbox 818 1592 885 1646; x_wconf 85' lang='lat' dir='ltr'><strong>ab</strong></span> <span class='ocrx_word' id='word_1_77' title='bbox 942 1592 1049 1647; x_wconf 91' lang='lat' dir='ltr'><strong>alio</strong></span> <span class='ocrx_word' id='word_1_78' title='bbox 1092 1592 1362 1657; x_wconf 82' lang='lat' dir='ltr'><strong>solutam,</strong></span> <span class='ocrx_word' id='word_1_79' title='bbox 1399 1601 1745 1661; x_wconf 81' lang='lat' dir='ltr'><strong>segregetur.</strong></span> 
     </span>
    </p>
   </div>
   <div class='ocr_carea' id='block_1_15' title="bbox 686 1773 1707 1845">
    <p class='ocr_par' dir='ltr' id='par_1_15' title="bbox 686 1773 1707 1845">
     <span class='ocr_line' id='line_1_15' title="bbox 686 1773 1707 1845; baseline -0.001 -16"><span class='ocrx_word' id='word_1_80' title='bbox 686 1774 913 1829; x_wconf 86' lang='lat' dir='ltr'><strong>Concilii</strong></span> <span class='ocrx_word' id='word_1_81' title='bbox 944 1774 1209 1845; x_wconf 82' lang='lat' dir='ltr'><strong>Ancyrani</strong></span> <span class='ocrx_word' id='word_1_82' title='bbox 1232 1789 1459 1828; x_wconf 79' lang='lat' dir='ltr'><strong>canones</strong></span> <span class='ocrx_word' id='word_1_83' title='bbox 1500 1773 1590 1840; x_wconf 87' lang='grc'><strong>16,</strong></span> <span class='ocrx_word' id='word_1_84' title='bbox 1619 1775 1707 1829; x_wconf 89' lang='grc'>17.</span> 
     </span>
    </p>
   </div>
   <div class='ocr_carea' id='block_1_16' title="bbox 476 1866 1988 1937">
    <p class='ocr_par' dir='ltr' id='par_1_16' title="bbox 476 1866 1988 1937">
     <span class='ocr_line' id='line_1_16' title="bbox 476 1866 1988 1937; baseline 0.003 -18"><span class='ocrx_word' id='word_1_85' title='bbox 476 1866 564 1922; x_wconf 86' lang='grc'><strong>16.</strong></span> <span class='ocrx_word' id='word_1_86' title='bbox 599 1867 673 1921; x_wconf 84' lang='lat' dir='ltr'><strong>De</strong></span> <span class='ocrx_word' id='word_1_87' title='bbox 707 1869 773 1923; x_wconf 86' lang='lat' dir='ltr'><strong>iis</strong></span> <span class='ocrx_word' id='word_1_88' title='bbox 799 1910 812 1933; x_wconf 93' lang='lat'><strong>,</strong></span> <span class='ocrx_word' id='word_1_89' title='bbox 868 1868 961 1937; x_wconf 88' lang='lat' dir='ltr'><strong>qui</strong></span> <span class='ocrx_word' id='word_1_90' title='bbox 992 1868 1221 1922; x_wconf 87' lang='lat' dir='ltr'><strong>rationis</strong></span> <span class='ocrx_word' id='word_1_91' title='bbox 1263 1868 1507 1933; x_wconf 82' lang='lat' dir='ltr'><strong>expertia</strong></span> <span class='ocrx_word' id='word_1_92' title='bbox 1557 1868 1814 1923; x_wconf 85' lang='lat' dir='ltr'><strong>animalia</strong></span> <span class='ocrx_word' id='word_1_93' title='bbox 1853 1867 1988 1925; x_wconf 83' lang='lat' dir='ltr'><strong>inie-</strong></span> 
     </span>
    </p>
   </div>
   <div class='ocr_carea' id='block_1_17' title="bbox 406 1958 1986 2030">
    <p class='ocr_par' dir='ltr' id='par_1_17' title="bbox 406 1958 1986 2030">
     <span class='ocr_line' id='line_1_17' title="bbox 406 1958 1986 2030; baseline 0.002 -18"><span class='ocrx_word' id='word_1_94' title='bbox 406 1968 534 2013; x_wconf 91' lang='lat' dir='ltr'><strong>runt</strong></span> <span class='ocrx_word' id='word_1_95' title='bbox 562 1998 576 2021; x_wconf 91' lang='lat'><strong>,</strong></span> <span class='ocrx_word' id='word_1_96' title='bbox 620 1960 703 2013; x_wconf 86' lang='lat' dir='ltr'><strong>vel</strong></span> <span class='ocrx_word' id='word_1_97' title='bbox 740 1960 932 2014; x_wconf 89' lang='lat' dir='ltr'><strong>ineunt</strong></span> <span class='ocrx_word' id='word_1_98' title='bbox 1003 1959 1136 2030; x_wconf 80' lang='lat'><strong>(&#39;50).</strong></span> <span class='ocrx_word' id='word_1_99' title='bbox 1181 1958 1501 2028; x_wconf 85' lang='lat' dir='ltr'><strong>Quicunque</strong></span> <span class='ocrx_word' id='word_1_100' title='bbox 1545 1960 1861 2029; x_wconf 86' lang='lat' dir='ltr'><strong>priusquam</strong></span> <span class='ocrx_word' id='word_1_101' title='bbox 1901 1960 1986 2015; x_wconf 78' lang='lat' dir='ltr'><strong>vi~</strong></span> 
     </span>
    </p>
   </div>
   <div class='ocr_carea' id='block_1_18' title="bbox 389 2048 1983 2123">
    <p class='ocr_par' dir='ltr' id='par_1_18' title="bbox 389 2048 1983 2123">
     <span class='ocr_line' id='line_1_18' title="bbox 389 2048 1983 2123; baseline 0.006 -24"><span class='ocrx_word' id='word_1_102' title='bbox 389 2048 538 2116; x_wconf 69' lang='lat' dir='ltr'><strong>&#39;ginli</strong></span> <span class='ocrx_word' id='word_1_103' title='bbox 566 2049 784 2118; x_wconf 88' lang='lat' dir='ltr'><strong>quidem</strong></span> <span class='ocrx_word' id='word_1_104' title='bbox 813 2065 988 2105; x_wconf 89' lang='lat' dir='ltr'><strong>annos</strong></span> <span class='ocrx_word' id='word_1_105' title='bbox 1033 2051 1145 2105; x_wconf 90' lang='lat' dir='ltr'><strong>nati</strong></span> <span class='ocrx_word' id='word_1_106' title='bbox 1182 2060 1368 2106; x_wconf 86' lang='lat' dir='ltr'><strong>essent</strong></span> <span class='ocrx_word' id='word_1_107' title='bbox 1394 2090 1410 2116; x_wconf 94' lang='lat'><strong>,</strong></span> <span class='ocrx_word' id='word_1_108' title='bbox 1456 2060 1787 2120; x_wconf 86' lang='lat' dir='ltr'><strong>peccarunt,</strong></span> <span class='ocrx_word' id='word_1_109' title='bbox 1827 2061 1983 2123; x_wconf 82' lang='lat' dir='ltr'><strong>post-</strong></span> 
     </span>
    </p>
   </div>
   <div class='ocr_carea' id='block_1_19' title="bbox 406 2141 1985 2218">
    <p class='ocr_par' dir='ltr' id='par_1_19' title="bbox 406 2141 1985 2218">
     <span class='ocr_line' id='line_1_19' title="bbox 406 2141 1985 2218; baseline 0.006 -25"><span class='ocrx_word' id='word_1_110' title='bbox 406 2156 570 2209; x_wconf 90' lang='lat' dir='ltr'><strong>quam</strong></span> <span class='ocrx_word' id='word_1_111' title='bbox 606 2141 916 2210; x_wconf 73' lang='lat' dir='ltr'><strong>quindecim</strong></span> <span class='ocrx_word' id='word_1_112' title='bbox 945 2143 1104 2200; x_wconf 88' lang='lat' dir='ltr'><strong>annis</strong></span> <span class='ocrx_word' id='word_1_113' title='bbox 1134 2144 1401 2201; x_wconf 88' lang='lat' dir='ltr'><strong>substrati</strong></span> <span class='ocrx_word' id='word_1_114' title='bbox 1441 2161 1507 2201; x_wconf 86' lang='lat' dir='ltr'><strong>ac</strong></span> <span class='ocrx_word' id='word_1_115' title='bbox 1550 2146 1822 2218; x_wconf 85' lang='lat' dir='ltr'><strong>supplices</strong></span> <span class='ocrx_word' id='word_1_116' title='bbox 1864 2145 1985 2202; x_wconf 79' lang='lat' dir='ltr'><strong>fue-</strong></span> 
     </span>
    </p>
   </div>
   <div class='ocr_carea' id='block_1_20' title="bbox 406 2235 1985 2309">
    <p class='ocr_par' dir='ltr' id='par_1_20' title="bbox 406 2235 1985 2309">
     <span class='ocr_line' id='line_1_20' title="bbox 406 2235 1985 2309; baseline 0.005 -23"><span class='ocrx_word' id='word_1_117' title='bbox 406 2235 554 2299; x_wconf 80' lang='lat' dir='ltr'><strong>rint,</strong></span> <span class='ocrx_word' id='word_1_118' title='bbox 577 2235 1019 2290; x_wconf 84' lang='lat' dir='ltr'><strong>communionem</strong></span> <span class='ocrx_word' id='word_1_119' title='bbox 1050 2236 1115 2290; x_wconf 89' lang='lat' dir='ltr'><strong>ad</strong></span> <span class='ocrx_word' id='word_1_120' title='bbox 1149 2252 1339 2307; x_wconf 89' lang='lat' dir='ltr'><strong>preces</strong></span> <span class='ocrx_word' id='word_1_121' title='bbox 1367 2248 1753 2309; x_wconf 89' lang='lat' dir='ltr'><strong>assequantur.</strong></span> <span class='ocrx_word' id='word_1_122' title='bbox 1782 2238 1985 2294; x_wconf 88' lang='lat' dir='ltr'><strong>Deinde</strong></span> 
     </span>
    </p>
   </div>
   <div class='ocr_carea' id='block_1_21' title="bbox 408 2324 1985 2398">
    <p class='ocr_par' dir='ltr' id='par_1_21' title="bbox 408 2324 1985 2398">
     <span class='ocr_line' id='line_1_21' title="bbox 408 2324 1985 2398; baseline 0.006 -23"><span class='ocrx_word' id='word_1_123' title='bbox 408 2330 463 2375; x_wconf 87' lang='lat' dir='ltr'><strong>et</strong></span> <span class='ocrx_word' id='word_1_124' title='bbox 491 2339 613 2377; x_wconf 92' lang='lat' dir='ltr'><strong>cum</strong></span> <span class='ocrx_word' id='word_1_125' title='bbox 649 2324 701 2377; x_wconf 92' lang='lat' dir='ltr'><strong>in</strong></span> <span class='ocrx_word' id='word_1_126' title='bbox 734 2326 1120 2381; x_wconf 90' lang='lat' dir='ltr'><strong>communione</strong></span> <span class='ocrx_word' id='word_1_127' title='bbox 1140 2328 1387 2397; x_wconf 89' lang='lat' dir='ltr'><strong>quinque</strong></span> <span class='ocrx_word' id='word_1_128' title='bbox 1416 2328 1574 2383; x_wconf 87' lang='lat' dir='ltr'><strong>annis</strong></span> <span class='ocrx_word' id='word_1_129' title='bbox 1603 2344 1985 2398; x_wconf 85' lang='lat' dir='ltr'><strong>perseverave—</strong></span> 
     </span>
    </p>
   </div>
   <div class='ocr_carea' id='block_1_22' title="bbox 407 2416 1987 2489">
    <p class='ocr_par' dir='ltr' id='par_1_22' title="bbox 407 2416 1987 2489">
     <span class='ocr_line' id='line_1_22' title="bbox 407 2416 1987 2489; baseline 0.007 -22"><span class='ocrx_word' id='word_1_130' title='bbox 407 2416 548 2481; x_wconf 87' lang='lat' dir='ltr'><strong>rint,</strong></span> <span class='ocrx_word' id='word_1_131' title='bbox 599 2416 931 2472; x_wconf 86' lang='lat' dir='ltr'><strong>oblationem</strong></span> <span class='ocrx_word' id='word_1_132' title='bbox 968 2418 1257 2489; x_wconf 79' lang='lat' dir='ltr'><strong>attingant.</strong></span> <span class='ocrx_word' id='word_1_133' title='bbox 1309 2419 1665 2477; x_wconf 77' lang='lat' dir='ltr'><strong>Examinetur</strong></span> <span class='ocrx_word' id='word_1_134' title='bbox 1705 2432 1885 2478; x_wconf 86' lang='lat' dir='ltr'><strong>autem</strong></span> <span class='ocrx_word' id='word_1_135' title='bbox 1933 2434 1987 2478; x_wconf 89' lang='lat' dir='ltr'><strong>et</strong></span> 
     </span>
    </p>
   </div>
   <div class='ocr_carea' id='block_1_23' title="bbox 406 2508 1983 2577">
    <p class='ocr_par' dir='ltr' id='par_1_23' title="bbox 406 2508 1983 2577">
     <span class='ocr_line' id='line_1_23' title="bbox 406 2508 1983 2577; baseline 0.006 -17"><span class='ocrx_word' id='word_1_136' title='bbox 406 2520 599 2560; x_wconf 90' lang='lat' dir='ltr'><strong>eorum</strong></span> <span class='ocrx_word' id='word_1_137' title='bbox 643 2508 699 2561; x_wconf 91' lang='lat' dir='ltr'><strong>iu</strong></span> <span class='ocrx_word' id='word_1_138' title='bbox 745 2509 1117 2565; x_wconf 85' lang='lat' dir='ltr'><strong>substratione</strong></span> <span class='ocrx_word' id='word_1_139' title='bbox 1155 2512 1306 2577; x_wconf 86' lang='lat' dir='ltr'><strong>vita,</strong></span> <span class='ocrx_word' id='word_1_140' title='bbox 1359 2521 1416 2567; x_wconf 89' lang='lat' dir='ltr'><strong>et</strong></span> <span class='ocrx_word' id='word_1_141' title='bbox 1463 2513 1535 2567; x_wconf 88' lang='lat' dir='ltr'><strong>ita</strong></span> <span class='ocrx_word' id='word_1_142' title='bbox 1591 2514 1983 2573; x_wconf 82' lang='lat' dir='ltr'><strong>humanitatem</strong></span> 
     </span>
    </p>
   </div>
   <div class='ocr_carea' id='block_1_24' title="bbox 407 2600 1988 2676">
    <p class='ocr_par' dir='ltr' id='par_1_24' title="bbox 407 2600 1988 2676">
     <span class='ocr_line' id='line_1_24' title="bbox 407 2600 1988 2676; baseline 0.006 -24"><span class='ocrx_word' id='word_1_143' title='bbox 407 2606 840 2669; x_wconf 85' lang='lat' dir='ltr'><strong>consequantur.</strong></span> <span class='ocrx_word' id='word_1_144' title='bbox 876 2600 935 2655; x_wconf 91' lang='lat' dir='ltr'><strong>Si</strong></span> <span class='ocrx_word' id='word_1_145' title='bbox 967 2602 1062 2670; x_wconf 87' lang='lat' dir='ltr'><strong>qui</strong></span> <span class='ocrx_word' id='word_1_146' title='bbox 1104 2611 1285 2657; x_wconf 83' lang='lat' dir='ltr'><strong>autem</strong></span> <span class='ocrx_word' id='word_1_147' title='bbox 1338 2603 1586 2673; x_wconf 87' lang='lat' dir='ltr'><strong>improbe</strong></span> <span class='ocrx_word' id='word_1_148' title='bbox 1644 2620 1710 2661; x_wconf 87' lang='lat' dir='ltr'><strong>ac</strong></span> <span class='ocrx_word' id='word_1_149' title='bbox 1755 2606 1988 2676; x_wconf 80' lang='lat' dir='ltr'><strong>maligne</strong></span> 
     </span>
    </p>
   </div>
   <div class='ocr_carea' id='block_1_25' title="bbox 408 2690 1985 2765">
    <p class='ocr_par' dir='ltr' id='par_1_25' title="bbox 408 2690 1985 2765">
     <span class='ocr_line' id='line_1_25' title="bbox 408 2690 1985 2765; baseline 0.005 -22"><span class='ocrx_word' id='word_1_150' title='bbox 408 2690 464 2743; x_wconf 89' lang='lat' dir='ltr'><strong>in</strong></span> <span class='ocrx_word' id='word_1_151' title='bbox 496 2692 735 2760; x_wconf 89' lang='lat' dir='ltr'><strong>peccatis</strong></span> <span class='ocrx_word' id='word_1_152' title='bbox 773 2691 1019 2758; x_wconf 79' lang='lat' dir='ltr'><strong>luerunt,</strong></span> <span class='ocrx_word' id='word_1_153' title='bbox 1068 2692 1232 2765; x_wconf 83' lang='lat' dir='ltr'><strong>longe</strong></span> <span class='ocrx_word' id='word_1_154' title='bbox 1271 2696 1696 2751; x_wconf 88' lang='lat' dir='ltr'><strong>substrationem</strong></span> <span class='ocrx_word' id='word_1_155' title='bbox 1731 2696 1985 2755; x_wconf 81' lang='lat' dir='ltr'><strong>habeant.</strong></span> 
     </span>
    </p>
   </div>
   <div class='ocr_carea' id='block_1_26' title="bbox 407 2782 1989 2858">
    <p class='ocr_par' dir='ltr' id='par_1_26' title="bbox 407 2782 1989 2858">
     <span class='ocr_line' id='line_1_26' title="bbox 407 2782 1989 2858; baseline 0.006 -23"><span class='ocrx_word' id='word_1_156' title='bbox 407 2782 736 2854; x_wconf 78' lang='lat' dir='ltr'><strong>Quicunque</strong></span> <span class='ocrx_word' id='word_1_157' title='bbox 764 2793 945 2840; x_wconf 88' lang='lat' dir='ltr'><strong>autem</strong></span> <span class='ocrx_word' id='word_1_158' title='bbox 1013 2785 1155 2840; x_wconf 87' lang='lat' dir='ltr'><strong>hanc</strong></span> <span class='ocrx_word' id='word_1_159' title='bbox 1189 2795 1403 2843; x_wconf 67' lang='lat' dir='ltr'><strong>aetatem</strong></span> <span class='ocrx_word' id='word_1_160' title='bbox 1432 2788 1776 2858; x_wconf 77' lang='lat' dir='ltr'><strong>transgressi,</strong></span> <span class='ocrx_word' id='word_1_161' title='bbox 1798 2798 1853 2847; x_wconf 89' lang='lat' dir='ltr'><strong>et</strong></span> <span class='ocrx_word' id='word_1_162' title='bbox 1888 2791 1989 2847; x_wconf 88' lang='lat' dir='ltr'><strong>ha-</strong></span> 
     </span>
    </p>
   </div>
   <div class='ocr_carea' id='block_1_27' title="bbox 409 2873 1990 2951">
    <p class='ocr_par' dir='ltr' id='par_1_27' title="bbox 409 2873 1990 2951">
     <span class='ocr_line' id='line_1_27' title="bbox 409 2873 1990 2951; baseline 0.004 -23"><span class='ocrx_word' id='word_1_163' title='bbox 409 2873 600 2930; x_wconf 87' lang='lat' dir='ltr'><strong>bentes</strong></span> <span class='ocrx_word' id='word_1_164' title='bbox 627 2890 827 2931; x_wconf 79' lang='lat' dir='ltr'><strong>uxores</strong></span> <span class='ocrx_word' id='word_1_165' title='bbox 859 2916 873 2941; x_wconf 91' lang='lat'><strong>,</strong></span> <span class='ocrx_word' id='word_1_166' title='bbox 908 2876 961 2930; x_wconf 90' lang='lat' dir='ltr'><strong>in</strong></span> <span class='ocrx_word' id='word_1_167' title='bbox 994 2878 1101 2933; x_wconf 90' lang='lat' dir='ltr'><strong>hoe</strong></span> <span class='ocrx_word' id='word_1_168' title='bbox 1132 2888 1410 2947; x_wconf 88' lang='lat' dir='ltr'><strong>peccatum</strong></span> <span class='ocrx_word' id='word_1_169' title='bbox 1443 2880 1771 2945; x_wconf 87' lang='lat' dir='ltr'><strong>inciderunt,</strong></span> <span class='ocrx_word' id='word_1_170' title='bbox 1799 2879 1990 2951; x_wconf 76' lang='lat' dir='ltr'><strong>viginti</strong></span> 
     </span>
    </p>
   </div>
   <div class='ocr_carea' id='block_1_28' title="bbox 410 2967 1988 3041">
    <p class='ocr_par' dir='ltr' id='par_1_28' title="bbox 410 2967 1988 3041">
     <span class='ocr_line' id='line_1_28' title="bbox 410 2967 1988 3041; baseline 0.004 -22"><span class='ocrx_word' id='word_1_171' title='bbox 410 2967 569 3021; x_wconf 89' lang='lat' dir='ltr'><strong>annis</strong></span> <span class='ocrx_word' id='word_1_172' title='bbox 591 2967 875 3032; x_wconf 86' lang='lat' dir='ltr'><strong>substrati,</strong></span> <span class='ocrx_word' id='word_1_173' title='bbox 909 2971 1356 3027; x_wconf 88' lang='lat' dir='ltr'><strong>communionem</strong></span> <span class='ocrx_word' id='word_1_174' title='bbox 1377 2970 1441 3026; x_wconf 89' lang='lat' dir='ltr'><strong>ad</strong></span> <span class='ocrx_word' id='word_1_175' title='bbox 1470 2986 1660 3040; x_wconf 86' lang='lat' dir='ltr'><strong>preces</strong></span> <span class='ocrx_word' id='word_1_176' title='bbox 1684 2987 1988 3041; x_wconf 86' lang='lat' dir='ltr'><strong>assequan-</strong></span> 
     </span>
    </p>
   </div>
   <div class='ocr_carea' id='block_1_29' title="bbox 1564 287 2505 355">
    <p class='ocr_par' dir='ltr' id='par_1_29' title="bbox 1564 287 2505 355">
     <span class='ocr_line' id='line_1_29' title="bbox 1564 287 2505 355; baseline -0.004 0"><span class='ocrx_word' id='word_1_177' title='bbox 1564 290 1829 355; x_wconf 73' lang='grc' dir='ltr'><strong>ΡΗΟΤΙΙ</strong></span> <span class='ocrx_word' id='word_1_178' title='bbox 1857 287 2367 351; x_wconf 68' lang='grc' dir='ltr'><strong>ΡΑΤΒΙΑΒϐΗίΕ</strong></span> <span class='ocrx_word' id='word_1_179' title='bbox 2393 288 2505 351; x_wconf 88' lang='lat' dir='ltr'><strong>CP.</strong></span> 
     </span>
    </p>
   </div>
   <div class='ocr_carea' id='block_1_30' title="bbox 2021 400 2074 461">
    <p class='ocr_par' dir='ltr' id='par_1_30' title="bbox 2021 400 2074 461">
     <span class='ocr_line' id='line_1_30' title="bbox 2021 400 2074 461; baseline 0 0"><span class='ocrx_word' id='word_1_180' title='bbox 2021 400 2074 461; x_wconf 82' lang='grc' dir='ltr'><strong>Α</strong></span> 
     </span>
    </p>
   </div>
   <div class='ocr_carea' id='block_1_31' title="bbox 3556 282 3659 353">
    <p class='ocr_par' dir='ltr' id='par_1_31' title="bbox 3556 282 3659 353">
     <span class='ocr_line' id='line_1_31' title="bbox 3556 282 3659 353; baseline 0.068 -8"><span class='ocrx_word' id='word_1_181' title='bbox 3556 282 3659 353; x_wconf 73' lang='lat'><strong>892</strong></span> 
     </span>
    </p>
   </div>
   <div class='ocr_carea' id='block_1_32' title="bbox 2416 390 3361 465">
    <p class='ocr_par' dir='ltr' id='par_1_32' title="bbox 2416 390 3361 465">
     <span class='ocr_line' id='line_1_32' title="bbox 2416 390 3361 465; baseline -0.006 -11"><span class='ocrx_word' id='word_1_182' title='bbox 2416 395 2687 454; x_wconf 81' lang='grc' dir='ltr'>Συνόδου</span> <span class='ocrx_word' id='word_1_183' title='bbox 2713 391 3015 465; x_wconf 78' lang='grc' dir='ltr'>Σαρδικῆς</span> <span class='ocrx_word' id='word_1_184' title='bbox 3041 392 3240 453; x_wconf 70' lang='grc' dir='ltr'>κανὼν</span> <span class='ocrx_word' id='word_1_185' title='bbox 3273 390 3361 448; x_wconf 87' lang='grc' dir='ltr'>ια’.</span> 
     </span>
    </p>
   </div>
   <div class='ocr_carea' id='block_1_33' title="bbox 2166 480 3659 555">
    <p class='ocr_par' dir='ltr' id='par_1_33' title="bbox 2166 480 3659 555">
     <span class='ocr_line' id='line_1_33' title="bbox 2166 480 3659 555; baseline -0.003 -10"><span class='ocrx_word' id='word_1_186' title='bbox 2166 489 2255 548; x_wconf 82' lang='grc' dir='ltr'>ια’.</span> <span class='ocrx_word' id='word_1_187' title='bbox 2299 492 2487 554; x_wconf 86' lang='grc' dir='ltr'>Ὅσιος</span> <span class='ocrx_word' id='word_1_188' title='bbox 2521 488 2819 549; x_wconf 87' lang='grc' dir='ltr'>ἐπίσκοπος</span> <span class='ocrx_word' id='word_1_189' title='bbox 2869 480 3024 540; x_wconf 76' lang='grc' dir='ltr'>εἷπε·</span> <span class='ocrx_word' id='word_1_190' title='bbox 3063 485 3172 539; x_wconf 79' lang='grc' dir='ltr'><strong>Καὶ</strong></span> <span class='ocrx_word' id='word_1_191' title='bbox 3213 482 3373 537; x_wconf 81' lang='grc' dir='ltr'>τοῦτο</span> <span class='ocrx_word' id='word_1_192' title='bbox 3402 484 3459 538; x_wconf 75' lang='grc' dir='ltr'><strong>δέ</strong></span> <span class='ocrx_word' id='word_1_193' title='bbox 3494 485 3659 555; x_wconf 83' lang='grc' dir='ltr'>ὁρίσαι</span> 
     </span>
    </p>
   </div>
   <div class='ocr_carea' id='block_1_34' title="bbox 2094 580 2651 653">
    <p class='ocr_par' dir='ltr' id='par_1_34' title="bbox 2094 580 2651 653">
     <span class='ocr_line' id='line_1_34' title="bbox 2094 580 2651 653; baseline -0.004 -18"><span class='ocrx_word' id='word_1_194' title='bbox 2094 582 2404 653; x_wconf 78' lang='grc' dir='ltr'><strong>ὀφείλομεν,</strong></span> <span class='ocrx_word' id='word_1_195' title='bbox 2437 598 2494 635; x_wconf 90' lang='grc' dir='ltr'><strong>κ.</strong></span> <span class='ocrx_word' id='word_1_196' title='bbox 2521 597 2572 635; x_wconf 90' lang='grc' dir='ltr'><strong>τ.</strong></span> <span class='ocrx_word' id='word_1_197' title='bbox 2597 580 2651 633; x_wconf 87' lang='grc' dir='ltr'><strong>λ.</strong></span> 
     </span>
    </p>
   </div>
   <div class='ocr_carea' id='block_1_35' title="bbox 2253 664 3515 741">
    <p class='ocr_par' dir='ltr' id='par_1_35' title="bbox 2253 664 3515 741">
     <span class='ocr_line' id='line_1_35' title="bbox 2253 664 3515 741; baseline -0.009 -13"><span class='ocrx_word' id='word_1_198' title='bbox 2253 672 2529 729; x_wconf 77' lang='grc' dir='ltr'>Συνόδου</span> <span class='ocrx_word' id='word_1_199' title='bbox 2555 667 2977 741; x_wconf 81' lang='grc' dir='ltr'>οίκουμενικῆς</span> <span class='ocrx_word' id='word_1_200' title='bbox 3006 666 3188 741; x_wconf 76' lang='grc' dir='ltr'>ἕκτης</span> <span class='ocrx_word' id='word_1_201' title='bbox 3214 664 3415 719; x_wconf 79' lang='grc' dir='ltr'>κανὼν</span> <span class='ocrx_word' id='word_1_202' title='bbox 3444 664 3515 717; x_wconf 85' lang='grc' dir='ltr'><strong>π’.</strong></span> 
     </span>
    </p>
   </div>
   <div class='ocr_carea' id='block_1_36' title="bbox 2166 757 3659 833">
    <p class='ocr_par' dir='ltr' id='par_1_36' title="bbox 2166 757 3659 833">
     <span class='ocr_line' id='line_1_36' title="bbox 2166 757 3659 833; baseline -0.005 -14"><span class='ocrx_word' id='word_1_203' title='bbox 2166 763 2241 820; x_wconf 90' lang='grc' dir='ltr'><strong>π’.</strong></span> <span class='ocrx_word' id='word_1_204' title='bbox 2283 766 2351 819; x_wconf 85' lang='lat' dir='ltr'><strong>El’</strong></span> <span class='ocrx_word' id='word_1_205' title='bbox 2385 782 2470 830; x_wconf 89' lang='grc' dir='ltr'><strong>τις</strong></span> <span class='ocrx_word' id='word_1_206' title='bbox 2502 764 2821 828; x_wconf 89' lang='grc' dir='ltr'>ἐπίσκοπος,</span> <span class='ocrx_word' id='word_1_207' title='bbox 2851 761 2884 833; x_wconf 80' lang='grc' dir='ltr'><strong>ἢ</strong></span> <span class='ocrx_word' id='word_1_208' title='bbox 2918 758 3310 832; x_wconf 79' lang='grc' dir='ltr'>πρεσϐύτερος,</span> <span class='ocrx_word' id='word_1_209' title='bbox 3343 757 3376 828; x_wconf 81' lang='grc' dir='ltr'>ἢ</span> <span class='ocrx_word' id='word_1_210' title='bbox 3410 758 3659 825; x_wconf 83' lang='grc' dir='ltr'>διάκονος,</span> 
     </span>
    </p>
   </div>
   <div class='ocr_carea' id='block_1_37' title="bbox 2095 859 2325 911">
    <p class='ocr_par' dir='ltr' id='par_1_37' title="bbox 2095 859 2325 911">
     <span class='ocr_line' id='line_1_37' title="bbox 2095 859 2325 911; baseline 0 0"><span class='ocrx_word' id='word_1_211' title='bbox 2095 875 2151 911; x_wconf 94' lang='grc' dir='ltr'><strong>κ.</strong></span> <span class='ocrx_word' id='word_1_212' title='bbox 2188 875 2239 911; x_wconf 91' lang='grc' dir='ltr'><strong>τ.</strong></span> <span class='ocrx_word' id='word_1_213' title='bbox 2269 859 2325 911; x_wconf 91' lang='grc' dir='ltr'><strong>λ.</strong></span> 
     </span>
    </p>
   </div>
   <div class='ocr_carea' id='block_1_38' title="bbox 2166 942 3663 1017">
    <p class='ocr_par' dir='ltr' id='par_1_38' title="bbox 2166 942 3663 1017">
     <span class='ocr_line' id='line_1_38' title="bbox 2166 942 3663 1017; baseline -0.005 -14"><span class='ocrx_word' id='word_1_214' title='bbox 2166 950 2414 1004; x_wconf 80' lang='grc' dir='ltr'><strong>ΚΕΦΑΛ.</strong></span> <span class='ocrx_word' id='word_1_215' title='bbox 2447 950 2526 1005; x_wconf 89' lang='lat' dir='ltr'><strong>B&#39;.</strong></span> <span class='ocrx_word' id='word_1_216' title='bbox 2557 979 2627 990; x_wconf 94' lang='lat'><strong><em>—</em></strong></span> <span class='ocrx_word' id='word_1_217' title='bbox 2655 946 2795 1017; x_wconf 79' lang='grc' dir='ltr'>Περὶ</span> <span class='ocrx_word' id='word_1_218' title='bbox 2815 944 3041 1002; x_wconf 79' lang='grc' dir='ltr'>λατκῶν</span> <span class='ocrx_word' id='word_1_219' title='bbox 3069 942 3663 1013; x_wconf 73' lang='grc' dir='ltr'>δευτερογαμούντων,</span> 
     </span>
    </p>
   </div>
   <div class='ocr_carea' id='block_1_39' title="bbox 2097 1036 3663 1114">
    <p class='ocr_par' dir='ltr' id='par_1_39' title="bbox 2097 1036 3663 1114">
     <span class='ocr_line' id='line_1_39' title="bbox 2097 1036 3663 1114; baseline -0.004 -19"><span class='ocrx_word' id='word_1_220' title='bbox 2097 1042 2137 1112; x_wconf 76' lang='grc' dir='ltr'><em>ἢ</em></span> <span class='ocrx_word' id='word_1_221' title='bbox 2162 1042 2697 1114; x_wconf 61' lang='grc' dir='ltr'>πολυγτιμούντων,</span> <span class='ocrx_word' id='word_1_222' title='bbox 2750 1040 2849 1095; x_wconf 81' lang='grc' dir='ltr'>καὶ</span> <span class='ocrx_word' id='word_1_223' title='bbox 2884 1036 3317 1107; x_wconf 75' lang='grc' dir='ltr'><strong>κεκωλυμένων</strong></span> <span class='ocrx_word' id='word_1_224' title='bbox 3338 1036 3553 1105; x_wconf 68' lang='grc' dir='ltr'>γάμων,</span> <span class='ocrx_word' id='word_1_225' title='bbox 3576 1036 3663 1088; x_wconf 73' lang='grc' dir='ltr'><strong>καί</strong></span> 
     </span>
    </p>
   </div>
   <div class='ocr_carea' id='block_1_40' title="bbox 2092 1136 2334 1206">
    <p class='ocr_par' dir='ltr' id='par_1_40' title="bbox 2092 1136 2334 1206">
     <span class='ocr_line' id='line_1_40' title="bbox 2092 1136 2334 1206; baseline 0.008 -19"><span class='ocrx_word' id='word_1_226' title='bbox 2092 1136 2334 1206; x_wconf 81' lang='grc' dir='ltr'><strong>μίξεως.</strong></span> 
     </span>
    </p>
   </div>
   <div class='ocr_carea' id='block_1_41' title="bbox 2451 1217 3332 1291">
    <p class='ocr_par' dir='ltr' id='par_1_41' title="bbox 2451 1217 3332 1291">
     <span class='ocr_line' id='line_1_41' title="bbox 2451 1217 3332 1291; baseline -0.003 -11"><span class='ocrx_word' id='word_1_227' title='bbox 2451 1226 2831 1280; x_wconf 70' lang='grc' dir='ltr'>Ἀποστόλων</span> <span class='ocrx_word' id='word_1_228' title='bbox 2861 1221 3063 1277; x_wconf 73' lang='grc' dir='ltr'>κανὼν</span> <span class='ocrx_word' id='word_1_229' title='bbox 3096 1221 3181 1286; x_wconf 75' lang='grc' dir='ltr'>ιϐ’,</span> <span class='ocrx_word' id='word_1_230' title='bbox 3217 1217 3332 1291; x_wconf 85' lang='grc' dir='ltr'>μη’.</span> 
     </span>
    </p>
   </div>
   <div class='ocr_carea' id='block_1_42' title="bbox 2164 1308 3662 1382">
    <p class='ocr_par' dir='ltr' id='par_1_42' title="bbox 2164 1308 3662 1382">
     <span class='ocr_line' id='line_1_42' title="bbox 2164 1308 3662 1382; baseline -0.005 -12"><span class='ocrx_word' id='word_1_231' title='bbox 2164 1314 2249 1370; x_wconf 83' lang='grc' dir='ltr'>ιϐ’.</span> <span class='ocrx_word' id='word_1_232' title='bbox 2317 1315 2374 1369; x_wconf 88' lang='lat'><strong>&#39;0</strong></span> <span class='ocrx_word' id='word_1_233' title='bbox 2420 1315 2512 1369; x_wconf 79' lang='grc' dir='ltr'><strong>δύο</strong></span> <span class='ocrx_word' id='word_1_234' title='bbox 2565 1314 2799 1382; x_wconf 74' lang='grc' dir='ltr'>ἀδελφὰς</span> <span class='ocrx_word' id='word_1_235' title='bbox 2847 1313 3118 1382; x_wconf 78' lang='grc' dir='ltr'><strong>ἀγόμενος</strong></span> <span class='ocrx_word' id='word_1_236' title='bbox 3166 1310 3201 1381; x_wconf 75' lang='grc' dir='ltr'>ἢ</span> <span class='ocrx_word' id='word_1_237' title='bbox 3253 1308 3561 1380; x_wconf 78' lang='grc' dir='ltr'>ἀδελφιδᾶς,</span> <span class='ocrx_word' id='word_1_238' title='bbox 3608 1312 3662 1365; x_wconf 76' lang='grc' dir='ltr'><strong>οὐ</strong></span> 
     </span>
    </p>
   </div>
   <div class='ocr_carea' id='block_1_43' title="bbox 2092 1403 2806 1476">
    <p class='ocr_par' dir='ltr' id='par_1_43' title="bbox 2092 1403 2806 1476">
     <span class='ocr_line' id='line_1_43' title="bbox 2092 1403 2806 1476; baseline -0.006 -12"><span class='ocrx_word' id='word_1_239' title='bbox 2092 1409 2317 1464; x_wconf 85' lang='grc' dir='ltr'>δύναται</span> <span class='ocrx_word' id='word_1_240' title='bbox 2348 1403 2489 1461; x_wconf 76' lang='grc' dir='ltr'>εἶναι</span> <span class='ocrx_word' id='word_1_241' title='bbox 2522 1406 2806 1476; x_wconf 83' lang='grc' dir='ltr'>κληρικός.</span> 
     </span>
    </p>
   </div>
   <div class='ocr_carea' id='block_1_44' title="bbox 2168 1495 3664 1574">
    <p class='ocr_par' dir='ltr' id='par_1_44' title="bbox 2168 1495 3664 1574">
     <span class='ocr_line' id='line_1_44' title="bbox 2168 1495 3664 1574; baseline -0.006 -17"><span class='ocrx_word' id='word_1_242' title='bbox 2168 1501 2279 1574; x_wconf 87' lang='grc' dir='ltr'>μη’.</span> <span class='ocrx_word' id='word_1_243' title='bbox 2323 1503 2389 1556; x_wconf 78' lang='grc' dir='ltr'><strong>Εἴ</strong></span> <span class='ocrx_word' id='word_1_244' title='bbox 2430 1518 2513 1565; x_wconf 89' lang='grc' dir='ltr'><strong>τις</strong></span> <span class='ocrx_word' id='word_1_245' title='bbox 2562 1499 2749 1563; x_wconf 83' lang='grc' dir='ltr'>λαῖκὺς</span> <span class='ocrx_word' id='word_1_246' title='bbox 2779 1498 2879 1568; x_wconf 81' lang='grc' dir='ltr'>τὴν</span> <span class='ocrx_word' id='word_1_247' title='bbox 2927 1497 3123 1554; x_wconf 80' lang='grc' dir='ltr'>ἐαυτοῦ</span> <span class='ocrx_word' id='word_1_248' title='bbox 3156 1497 3392 1565; x_wconf 84' lang='grc' dir='ltr'>γυναῖκα</span> <span class='ocrx_word' id='word_1_249' title='bbox 3438 1495 3664 1549; x_wconf 78' lang='grc' dir='ltr'>ἐκϐαλὼν</span> 
     </span>
    </p>
   </div>
   <div class='ocr_carea' id='block_1_45' title="bbox 2092 1588 3666 1666">
    <p class='ocr_par' dir='ltr' id='par_1_45' title="bbox 2092 1588 3666 1666">
     <span class='ocr_line' id='line_1_45' title="bbox 2092 1588 3666 1666; baseline -0.003 -18"><span class='ocrx_word' id='word_1_250' title='bbox 2092 1594 2283 1666; x_wconf 78' lang='grc' dir='ltr'><strong>ἑτέραν</strong></span> <span class='ocrx_word' id='word_1_251' title='bbox 2313 1592 2489 1658; x_wconf 81' lang='grc' dir='ltr'>λάϐοι,</span> <span class='ocrx_word' id='word_1_252' title='bbox 2520 1592 2553 1663; x_wconf 83' lang='grc' dir='ltr'>ἢ</span> <span class='ocrx_word' id='word_1_253' title='bbox 2588 1591 2738 1663; x_wconf 72' lang='grc' dir='ltr'>παρὰ</span> <span class='ocrx_word' id='word_1_254' title='bbox 2805 1590 2966 1644; x_wconf 84' lang='grc' dir='ltr'>ἄλλου</span> <span class='ocrx_word' id='word_1_255' title='bbox 3017 1588 3449 1660; x_wconf 81' lang='grc' dir='ltr'>ἀπολελυμένην,</span> <span class='ocrx_word' id='word_1_256' title='bbox 3491 1588 3666 1661; x_wconf 79' lang='grc' dir='ltr'>ἀφοριο</span> 
     </span>
    </p>
   </div>
   <div class='ocr_carea' id='block_1_46' title="bbox 2092 1686 2292 1751">
    <p class='ocr_par' dir='ltr' id='par_1_46' title="bbox 2092 1686 2292 1751">
     <span class='ocr_line' id='line_1_46' title="bbox 2092 1686 2292 1751; baseline 0.005 -11"><span class='ocrx_word' id='word_1_257' title='bbox 2092 1686 2292 1751; x_wconf 80' lang='grc' dir='ltr'>ζέσθω.</span> 
     </span>
    </p>
   </div>
   <div class='ocr_carea' id='block_1_47' title="bbox 2352 1771 3432 1846">
    <p class='ocr_par' dir='ltr' id='par_1_47' title="bbox 2352 1771 3432 1846">
     <span class='ocr_line' id='line_1_47' title="bbox 2352 1771 3432 1846; baseline -0.005 -14"><span class='ocrx_word' id='word_1_258' title='bbox 2352 1776 2624 1833; x_wconf 76' lang='grc' dir='ltr'>Συνόᾶου</span> <span class='ocrx_word' id='word_1_259' title='bbox 2661 1776 2944 1846; x_wconf 80' lang='grc' dir='ltr'><strong>Ἀγκύρας</strong></span> <span class='ocrx_word' id='word_1_260' title='bbox 2976 1773 3180 1829; x_wconf 80' lang='grc' dir='ltr'>κανὼν</span> <span class='ocrx_word' id='word_1_261' title='bbox 3206 1780 3311 1839; x_wconf 82' lang='grc' dir='ltr'>ις’,</span> <span class='ocrx_word' id='word_1_262' title='bbox 3347 1771 3432 1839; x_wconf 75' lang='grc' dir='ltr'>ιζ’.</span> 
     </span>
    </p>
   </div>
   <div class='ocr_carea' id='block_1_48' title="bbox 2170 1862 3665 1941">
    <p class='ocr_par' dir='ltr' id='par_1_48' title="bbox 2170 1862 3665 1941">
     <span class='ocr_line' id='line_1_48' title="bbox 2170 1862 3665 1941; baseline -0.007 -15"><span class='ocrx_word' id='word_1_263' title='bbox 2170 1867 2268 1937; x_wconf 81' lang='grc' dir='ltr'>ις’.</span> <span class='ocrx_word' id='word_1_264' title='bbox 2294 1870 2432 1941; x_wconf 74' lang='grc' dir='ltr'>Περὶ</span> <span class='ocrx_word' id='word_1_265' title='bbox 2455 1867 2565 1922; x_wconf 83' lang='grc' dir='ltr'><strong>τῶν</strong></span> <span class='ocrx_word' id='word_1_266' title='bbox 2590 1866 3040 1938; x_wconf 83' lang='grc' dir='ltr'>ἁλογευσαμένων</span> <span class='ocrx_word' id='word_1_267' title='bbox 3065 1865 3097 1935; x_wconf 81' lang='grc' dir='ltr'>ἢ</span> <span class='ocrx_word' id='word_1_268' title='bbox 3134 1866 3229 1919; x_wconf 77' lang='grc' dir='ltr'><strong>καὶ</strong></span> <span class='ocrx_word' id='word_1_269' title='bbox 3255 1862 3665 1933; x_wconf 82' lang='grc' dir='ltr'>ἀλογευομένων,</span> 
     </span>
    </p>
   </div>
   <div class='ocr_carea' id='block_1_49' title="bbox 2097 1950 3668 2031">
    <p class='ocr_par' dir='ltr' id='par_1_49' title="bbox 2097 1950 3668 2031">
     <span class='ocr_line' id='line_1_49' title="bbox 2097 1950 3668 2031; baseline -0.008 -16"><span class='ocrx_word' id='word_1_270' title='bbox 2097 1962 2215 2016; x_wconf 81' lang='grc' dir='ltr'>ὅσοι</span> <span class='ocrx_word' id='word_1_271' title='bbox 2264 1960 2395 2031; x_wconf 68' lang='grc' dir='ltr'>πρὶν</span> <span class='ocrx_word' id='word_1_272' title='bbox 2440 1959 2774 2019; x_wconf 88' lang='grc' dir='ltr'>είκοσαετεῖς</span> <span class='ocrx_word' id='word_1_273' title='bbox 2805 1954 3063 2024; x_wconf 89' lang='grc' dir='ltr'>γενέσθαι</span> <span class='ocrx_word' id='word_1_274' title='bbox 3089 1953 3365 2024; x_wconf 77' lang='grc' dir='ltr'>ἥμαρτον.</span> <span class='ocrx_word' id='word_1_275' title='bbox 3406 1950 3668 2007; x_wconf 77' lang='grc' dir='ltr'>πεντεκαί-</span> 
     </span>
    </p>
   </div>
   <div class='ocr_carea' id='block_1_50' title="bbox 2096 2043 3668 2115">
    <p class='ocr_par' dir='ltr' id='par_1_50' title="bbox 2096 2043 3668 2115">
     <span class='ocr_line' id='line_1_50' title="bbox 2096 2043 3668 2115; baseline -0.009 -7"><span class='ocrx_word' id='word_1_276' title='bbox 2096 2055 2230 2108; x_wconf 87' lang='grc' dir='ltr'>δεκα</span> <span class='ocrx_word' id='word_1_277' title='bbox 2268 2053 2446 2106; x_wconf 80' lang='grc' dir='ltr'>ἐτεσιν</span> <span class='ocrx_word' id='word_1_278' title='bbox 2498 2049 2887 2114; x_wconf 83' lang='grc' dir='ltr'>ὑποπεσόντες,</span> <span class='ocrx_word' id='word_1_279' title='bbox 2932 2046 3217 2110; x_wconf 81' lang='grc' dir='ltr'><strong>κοινωνίας</strong></span> <span class='ocrx_word' id='word_1_280' title='bbox 3274 2043 3668 2115; x_wconf 83' lang='grc' dir='ltr'>τυγχανέτωσαν</span> 
     </span>
    </p>
   </div>
   <div class='ocr_carea' id='block_1_51' title="bbox 2096 2134 3667 2216">
    <p class='ocr_par' dir='ltr' id='par_1_51' title="bbox 2096 2134 3667 2216">
     <span class='ocr_line' id='line_1_51' title="bbox 2096 2134 3667 2216; baseline -0.008 -17"><span class='ocrx_word' id='word_1_281' title='bbox 2096 2146 2195 2216; x_wconf 84' lang='grc' dir='ltr'>τῆς</span> <span class='ocrx_word' id='word_1_282' title='bbox 2245 2146 2323 2208; x_wconf 88' lang='grc' dir='ltr'>εἰς</span> <span class='ocrx_word' id='word_1_283' title='bbox 2358 2144 2456 2207; x_wconf 82' lang='grc' dir='ltr'>τὰς</span> <span class='ocrx_word' id='word_1_284' title='bbox 2500 2141 2846 2214; x_wconf 74' lang='grc' dir='ltr'>προσευχάςο</span> <span class='ocrx_word' id='word_1_285' title='bbox 2900 2134 3019 2192; x_wconf 72' lang='grc' dir='ltr'>εἶτα</span> <span class='ocrx_word' id='word_1_286' title='bbox 3068 2139 3128 2191; x_wconf 86' lang='grc' dir='ltr'><strong>ἐν</strong></span> <span class='ocrx_word' id='word_1_287' title='bbox 3171 2138 3241 2209; x_wconf 81' lang='grc' dir='ltr'>τῇ</span> <span class='ocrx_word' id='word_1_288' title='bbox 3280 2135 3531 2207; x_wconf 79' lang='grc' dir='ltr'><strong>κοινωνίᾳ</strong></span> <span class='ocrx_word' id='word_1_289' title='bbox 3564 2134 3667 2187; x_wconf 83' lang='grc' dir='ltr'>δια-</span> 
     </span>
    </p>
   </div>
   <div class='ocr_carea' id='block_1_52' title="bbox 2103 2225 3668 2303">
    <p class='ocr_par' dir='ltr' id='par_1_52' title="bbox 2103 2225 3668 2303">
     <span class='ocr_line' id='line_1_52' title="bbox 2103 2225 3668 2303; baseline -0.01 -11"><span class='ocrx_word' id='word_1_290' title='bbox 2103 2236 2424 2299; x_wconf 82' lang='grc' dir='ltr'>τελέσαντες</span> <span class='ocrx_word' id='word_1_291' title='bbox 2452 2234 2547 2303; x_wconf 83' lang='grc' dir='ltr'><strong>ἔτη</strong></span> <span class='ocrx_word' id='word_1_292' title='bbox 2582 2232 2765 2293; x_wconf 83' lang='grc' dir='ltr'>πέντε.</span> <span class='ocrx_word' id='word_1_293' title='bbox 2796 2231 2918 2285; x_wconf 81' lang='grc' dir='ltr'>τότε</span> <span class='ocrx_word' id='word_1_294' title='bbox 2980 2228 3078 2283; x_wconf 70' lang='grc' dir='ltr'><strong>κα)⁹</strong></span> <span class='ocrx_word' id='word_1_295' title='bbox 3114 2228 3213 2299; x_wconf 84' lang='grc' dir='ltr'><strong>τῆς</strong></span> <span class='ocrx_word' id='word_1_296' title='bbox 3249 2228 3557 2298; x_wconf 71' lang='grc' dir='ltr'>προσφορᾶς</span> <span class='ocrx_word' id='word_1_297' title='bbox 3586 2225 3668 2294; x_wconf 76' lang='grc' dir='ltr'><strong>ἐφ-</strong></span> 
     </span>
    </p>
   </div>
   <div class='ocr_carea' id='block_1_53' title="bbox 2102 2319 3664 2392">
    <p class='ocr_par' dir='ltr' id='par_1_53' title="bbox 2102 2319 3664 2392">
     <span class='ocr_line' id='line_1_53' title="bbox 2102 2319 3664 2392; baseline -0.008 -9"><span class='ocrx_word' id='word_1_298' title='bbox 2102 2328 2497 2383; x_wconf 84' lang='grc' dir='ltr'>απτέσθωσαν·</span> <span class='ocrx_word' id='word_1_299' title='bbox 2531 2323 2869 2392; x_wconf 76' lang='grc' dir='ltr'>ἐξεταζέσθω</span> <span class='ocrx_word' id='word_1_300' title='bbox 2898 2321 2954 2375; x_wconf 83' lang='grc' dir='ltr'>δὲ</span> <span class='ocrx_word' id='word_1_301' title='bbox 2984 2320 3163 2375; x_wconf 83' lang='grc' dir='ltr'>αὐτῶν</span> <span class='ocrx_word' id='word_1_302' title='bbox 3192 2320 3291 2375; x_wconf 74' lang='grc' dir='ltr'>καὶ</span> <span class='ocrx_word' id='word_1_303' title='bbox 3315 2322 3343 2375; x_wconf 86' lang='grc' dir='ltr'>ὁ</span> <span class='ocrx_word' id='word_1_304' title='bbox 3372 2320 3430 2371; x_wconf 87' lang='grc' dir='ltr'><strong>ἐν</strong></span> <span class='ocrx_word' id='word_1_305' title='bbox 3455 2321 3515 2390; x_wconf 79' lang='grc' dir='ltr'>τῇ</span> <span class='ocrx_word' id='word_1_306' title='bbox 3545 2319 3664 2371; x_wconf 84' lang='grc' dir='ltr'>ὐπο-</span> 
     </span>
    </p>
   </div>
   <div class='ocr_carea' id='block_1_54' title="bbox 2100 2407 3667 2490">
    <p class='ocr_par' dir='ltr' id='par_1_54' title="bbox 2100 2407 3667 2490">
     <span class='ocr_line' id='line_1_54' title="bbox 2100 2407 3667 2490; baseline -0.009 -16"><span class='ocrx_word' id='word_1_307' title='bbox 2100 2419 2303 2475; x_wconf 85' lang='grc' dir='ltr'>πτὼσει</span> <span class='ocrx_word' id='word_1_308' title='bbox 2330 2419 2463 2490; x_wconf 84' lang='grc' dir='ltr'>βίος,</span> <span class='ocrx_word' id='word_1_309' title='bbox 2492 2419 2587 2473; x_wconf 75' lang='grc' dir='ltr'><strong>καὶ</strong></span> <span class='ocrx_word' id='word_1_310' title='bbox 2614 2416 2786 2479; x_wconf 77' lang='grc' dir='ltr'>οὕτως</span> <span class='ocrx_word' id='word_1_311' title='bbox 2808 2415 3228 2486; x_wconf 83' lang='grc' dir='ltr'>τυγχανέτωσαν</span> <span class='ocrx_word' id='word_1_312' title='bbox 3258 2411 3361 2480; x_wconf 77' lang='grc' dir='ltr'>τῆς</span> <span class='ocrx_word' id='word_1_313' title='bbox 3385 2407 3667 2481; x_wconf 82' lang='grc' dir='ltr'>φιλανθρω-</span> 
     </span>
    </p>
   </div>
   <div class='ocr_carea' id='block_1_55' title="bbox 2100 2502 3666 2577">
    <p class='ocr_par' dir='ltr' id='par_1_55' title="bbox 2100 2502 3666 2577">
     <span class='ocr_line' id='line_1_55' title="bbox 2100 2502 3666 2577; baseline -0.01 -11"><span class='ocrx_word' id='word_1_314' title='bbox 2100 2512 2231 2577; x_wconf 86' lang='grc' dir='ltr'>πίας</span> <span class='ocrx_word' id='word_1_315' title='bbox 2259 2529 2274 2544; x_wconf 75' lang='grc' dir='ltr'><strong>ο</strong></span> <span class='ocrx_word' id='word_1_316' title='bbox 2327 2513 2377 2565; x_wconf 87' lang='grc' dir='ltr'><strong>εί</strong></span> <span class='ocrx_word' id='word_1_317' title='bbox 2428 2510 2485 2565; x_wconf 89' lang='grc' dir='ltr'>δέ</span> <span class='ocrx_word' id='word_1_318' title='bbox 2534 2527 2679 2573; x_wconf 87' lang='grc' dir='ltr'>τινες</span> <span class='ocrx_word' id='word_1_319' title='bbox 2727 2507 3051 2576; x_wconf 83' lang='grc' dir='ltr'>κατακόρως</span> <span class='ocrx_word' id='word_1_320' title='bbox 3090 2508 3146 2563; x_wconf 82' lang='grc' dir='ltr'><strong>ἐν</strong></span> <span class='ocrx_word' id='word_1_321' title='bbox 3178 2506 3293 2568; x_wconf 86' lang='grc' dir='ltr'>τοῖς</span> <span class='ocrx_word' id='word_1_322' title='bbox 3326 2502 3666 2574; x_wconf 77' lang='grc' dir='ltr'><strong>ἁμαρτήμασι</strong></span> 
     </span>
    </p>
   </div>
   <div class='ocr_carea' id='block_1_56' title="bbox 2098 2590 3668 2672">
    <p class='ocr_par' dir='ltr' id='par_1_56' title="bbox 2098 2590 3668 2672">
     <span class='ocr_line' id='line_1_56' title="bbox 2098 2590 3668 2672; baseline -0.007 -15"><span class='ocrx_word' id='word_1_323' title='bbox 2098 2603 2381 2672; x_wconf 87' lang='grc' dir='ltr'>γεγόνασι,</span> <span class='ocrx_word' id='word_1_324' title='bbox 2412 2600 2513 2672; x_wconf 82' lang='grc' dir='ltr'><strong>τὴν</strong></span> <span class='ocrx_word' id='word_1_325' title='bbox 2547 2599 2767 2671; x_wconf 79' lang='grc' dir='ltr'>μακρὰν</span> <span class='ocrx_word' id='word_1_326' title='bbox 2790 2598 3064 2669; x_wconf 79' lang='grc' dir='ltr'>ἐχέτωσαν</span> <span class='ocrx_word' id='word_1_327' title='bbox 3094 2596 3415 2650; x_wconf 71' lang='grc' dir='ltr'>ὐπόπτωσιν</span> <span class='ocrx_word' id='word_1_328' title='bbox 3435 2610 3449 2623; x_wconf 84' lang='grc'><strong>·</strong></span> <span class='ocrx_word' id='word_1_329' title='bbox 3484 2593 3589 2645; x_wconf 87' lang='grc' dir='ltr'>ὅσοι</span> <span class='ocrx_word' id='word_1_330' title='bbox 3617 2590 3668 2646; x_wconf 76' lang='grc' dir='ltr'><strong>δὲ</strong></span> 
     </span>
    </p>
   </div>
   <div class='ocr_carea' id='block_1_57' title="bbox 2098 2683 3668 2764">
    <p class='ocr_par' dir='ltr' id='par_1_57' title="bbox 2098 2683 3668 2764">
     <span class='ocr_line' id='line_1_57' title="bbox 2098 2683 3668 2764; baseline -0.01 -16"><span class='ocrx_word' id='word_1_331' title='bbox 2098 2694 2437 2764; x_wconf 81' lang='grc' dir='ltr'>ὑπερϐάντες</span> <span class='ocrx_word' id='word_1_332' title='bbox 2455 2694 2555 2763; x_wconf 85' lang='grc' dir='ltr'>τὴν</span> <span class='ocrx_word' id='word_1_333' title='bbox 2576 2690 2793 2761; x_wconf 80' lang='grc' dir='ltr'>ἡλικίαν</span> <span class='ocrx_word' id='word_1_334' title='bbox 2814 2687 3039 2759; x_wconf 85' lang='grc' dir='ltr'>ταύτην,</span> <span class='ocrx_word' id='word_1_335' title='bbox 3066 2686 3162 2745; x_wconf 70' lang='grc' dir='ltr'>καὶ</span> <span class='ocrx_word' id='word_1_336' title='bbox 3182 2688 3451 2755; x_wconf 85' lang='grc' dir='ltr'>γυναῖκας</span> <span class='ocrx_word' id='word_1_337' title='bbox 3472 2683 3668 2753; x_wconf 76' lang='grc' dir='ltr'>ἔχοντες</span> 
     </span>
    </p>
   </div>
   <div class='ocr_carea' id='block_1_58' title="bbox 2099 2775 3667 2858">
    <p class='ocr_par' dir='ltr' id='par_1_58' title="bbox 2099 2775 3667 2858">
     <span class='ocr_line' id='line_1_58' title="bbox 2099 2775 3667 2858; baseline -0.011 -16"><span class='ocrx_word' id='word_1_338' title='bbox 2099 2783 2553 2858; x_wconf 86' lang='grc' dir='ltr'>περιπεπτώκασι</span> <span class='ocrx_word' id='word_1_339' title='bbox 2602 2782 2680 2852; x_wconf 87' lang='grc' dir='ltr'>τῷ</span> <span class='ocrx_word' id='word_1_340' title='bbox 2725 2780 3123 2851; x_wconf 84' lang='grc' dir='ltr'>ἁμαρτήματι,</span> <span class='ocrx_word' id='word_1_341' title='bbox 3175 2778 3342 2832; x_wconf 80' lang='grc' dir='ltr'>πέντε</span> <span class='ocrx_word' id='word_1_342' title='bbox 3386 2776 3477 2829; x_wconf 80' lang='grc' dir='ltr'>καὶ</span> <span class='ocrx_word' id='word_1_343' title='bbox 3512 2775 3667 2826; x_wconf 83' lang='grc' dir='ltr'>είκοσι</span> 
     </span>
    </p>
   </div>
   <div class='ocr_carea' id='block_1_59' title="bbox 2102 2865 3668 2943">
    <p class='ocr_par' dir='ltr' id='par_1_59' title="bbox 2102 2865 3668 2943">
     <span class='ocr_line' id='line_1_59' title="bbox 2102 2865 3668 2943; baseline -0.01 -12"><span class='ocrx_word' id='word_1_344' title='bbox 2102 2877 2277 2931; x_wconf 80' lang='grc' dir='ltr'>ἐτεσιν</span> <span class='ocrx_word' id='word_1_345' title='bbox 2308 2875 2696 2937; x_wconf 82' lang='grc' dir='ltr'>ὑποπεσόντες.</span> <span class='ocrx_word' id='word_1_346' title='bbox 2728 2870 3013 2935; x_wconf 84' lang='grc' dir='ltr'>κοινωνίας</span> <span class='ocrx_word' id='word_1_347' title='bbox 3039 2869 3458 2943; x_wconf 73' lang='grc' dir='ltr'>τυγχανέτωσαν</span> <span class='ocrx_word' id='word_1_348' title='bbox 3483 2868 3575 2935; x_wconf 81' lang='grc' dir='ltr'>τῆς</span> <span class='ocrx_word' id='word_1_349' title='bbox 3596 2865 3668 2926; x_wconf 82' lang='grc' dir='ltr'><strong>είς</strong></span> 
     </span>
    </p>
   </div>
   <div class='ocr_carea' id='block_1_60' title="bbox 2104 2955 3669 3038">
    <p class='ocr_par' dir='ltr' id='par_1_60' title="bbox 2104 2955 3669 3038">
     <span class='ocr_line' id='line_1_60' title="bbox 2104 2955 3669 3038; baseline -0.013 -13"><span class='ocrx_word' id='word_1_350' title='bbox 2104 2968 2202 3033; x_wconf 83' lang='grc' dir='ltr'>τὰς</span> <span class='ocrx_word' id='word_1_351' title='bbox 2233 2966 2544 3038; x_wconf 79' lang='grc' dir='ltr'>προσευχάς</span> <span class='ocrx_word' id='word_1_352' title='bbox 2572 2981 2587 2997; x_wconf 89' lang='grc'><strong>·</strong></span> <span class='ocrx_word' id='word_1_353' title='bbox 2642 2961 2762 3018; x_wconf 76' lang='grc' dir='ltr'>εἶτα</span> <span class='ocrx_word' id='word_1_354' title='bbox 2798 2962 3179 3023; x_wconf 79' lang='grc' dir='ltr'>ἐκτελέσαντες</span> <span class='ocrx_word' id='word_1_355' title='bbox 3210 2958 3377 3014; x_wconf 82' lang='grc' dir='ltr'>πέντε</span> <span class='ocrx_word' id='word_1_356' title='bbox 3406 2957 3500 3026; x_wconf 75' lang='grc' dir='ltr'><strong>ἐτη</strong></span> <span class='ocrx_word' id='word_1_357' title='bbox 3525 2956 3578 3008; x_wconf 86' lang='grc' dir='ltr'><strong>ἐν</strong></span> <span class='ocrx_word' id='word_1_358' title='bbox 3606 2955 3669 3023; x_wconf 74' lang='grc' dir='ltr'>τῇ</span> 
     </span>
    </p>
   </div>
   <div class='ocr_carea' id='block_1_61' title="bbox 411 3048 1987 3136">
    <p class='ocr_par' dir='ltr' id='par_1_61' title="bbox 411 3058 1987 3136">
     <span class='ocr_line' id='line_1_61' title="bbox 411 3058 1987 3136; baseline 0.006 -24"><span class='ocrx_word' id='word_1_359' title='bbox 411 3068 523 3113; x_wconf 87' lang='lat' dir='ltr'><strong>tur.</strong></span> <span class='ocrx_word' id='word_1_360' title='bbox 577 3058 786 3115; x_wconf 87' lang='lat' dir='ltr'><strong>Deinde</strong></span> <span class='ocrx_word' id='word_1_361' title='bbox 807 3076 931 3116; x_wconf 93' lang='lat' dir='ltr'><strong>cum</strong></span> <span class='ocrx_word' id='word_1_362' title='bbox 975 3062 1029 3114; x_wconf 91' lang='lat' dir='ltr'><strong>in</strong></span> <span class='ocrx_word' id='word_1_363' title='bbox 1068 3077 1289 3130; x_wconf 85' lang='lat' dir='ltr'><strong>precum</strong></span> <span class='ocrx_word' id='word_1_364' title='bbox 1319 3064 1705 3119; x_wconf 77' lang='lat' dir='ltr'><strong>eonimunione</strong></span> <span class='ocrx_word' id='word_1_365' title='bbox 1748 3065 1987 3136; x_wconf 89' lang='lat' dir='ltr'><strong>quinque</strong></span> 
     </span>
    </p>
   </div>
   <div class='ocr_carea' id='block_1_62' title="bbox 2121 3048 3666 3136">
    <p class='ocr_par' dir='ltr' id='par_1_62' title="bbox 2121 3048 3666 3129">
     <span class='ocr_line' id='line_1_62' title="bbox 2121 3048 3666 3129; baseline -0.009 -16"><span class='ocrx_word' id='word_1_366' title='bbox 2121 3057 2361 3129; x_wconf 76' lang='grc' dir='ltr'>ιοινωνίᾳ</span> <span class='ocrx_word' id='word_1_367' title='bbox 2387 3057 2496 3110; x_wconf 84' lang='grc' dir='ltr'><strong>τῶν</strong></span> <span class='ocrx_word' id='word_1_368' title='bbox 2525 3054 2720 3127; x_wconf 80' lang='grc' dir='ltr'>εὐχῶν,</span> <span class='ocrx_word' id='word_1_369' title='bbox 2755 3052 3176 3123; x_wconf 89' lang='grc' dir='ltr'>τυγχανέτωσαν</span> <span class='ocrx_word' id='word_1_370' title='bbox 3202 3051 3308 3120; x_wconf 81' lang='grc' dir='ltr'>τῆς</span> <span class='ocrx_word' id='word_1_371' title='bbox 3336 3048 3666 3121; x_wconf 77' lang='grc' dir='ltr'>προσφορᾶς·</span> 
     </span>
    </p>
   </div>
   <div class='ocr_carea' id='block_1_63' title="bbox 410 3124 1987 3227">
    <p class='ocr_par' dir='ltr' id='par_1_63' title="bbox 410 3124 1987 3227">
     <span class='ocr_line' id='line_1_63' title="bbox 410 3124 1987 3227; baseline 0.004 -22"><span class='ocrx_word' id='word_1_372' title='bbox 410 3165 586 3206; x_wconf 82' lang='lat' dir='ltr'><strong>annos</strong></span> <span class='ocrx_word' id='word_1_373' title='bbox 625 3153 964 3222; x_wconf 83' lang='lat' dir='ltr'><strong>peregerint,</strong></span> <span class='ocrx_word' id='word_1_374' title='bbox 999 3153 1331 3209; x_wconf 74' lang='lat' dir='ltr'><strong>oblationem</strong></span> <span class='ocrx_word' id='word_1_375' title='bbox 1376 3124 1779 3225; x_wconf 47' lang='lat' dir='ltr'><strong>assequamur.-</strong></span> <span class='ocrx_word' id='word_1_376' title='bbox 1805 3156 1864 3212; x_wconf 90' lang='lat' dir='ltr'><strong>Si</strong></span> <span class='ocrx_word' id='word_1_377' title='bbox 1897 3124 1987 3227; x_wconf 79' lang='lat' dir='ltr'><strong>qui</strong></span> 
     </span>
    </p>
   </div>
   <div class='ocr_carea' id='block_1_64' title="bbox 2121 3124 3670 3227">
    <p class='ocr_par' dir='ltr' id='par_1_64' title="bbox 2121 3124 3670 3220">
     <span class='ocr_line' id='line_1_64' title="bbox 2121 3124 3670 3220; baseline -0.01 -12"><span class='ocrx_word' id='word_1_378' title='bbox 2121 3156 2153 3208; x_wconf 71' lang='lat' dir='ltr'><strong>ai</strong></span> <span class='ocrx_word' id='word_1_379' title='bbox 2178 3152 2237 3206; x_wconf 87' lang='grc' dir='ltr'>δέ</span> <span class='ocrx_word' id='word_1_380' title='bbox 2264 3124 2410 3217; x_wconf 82' lang='grc' dir='ltr'>τινες</span> <span class='ocrx_word' id='word_1_381' title='bbox 2436 3152 2533 3205; x_wconf 73' lang='grc' dir='ltr'>καὶ</span> <span class='ocrx_word' id='word_1_382' title='bbox 2564 3124 2825 3220; x_wconf 80' lang='grc' dir='ltr'>γυναῖκας</span> <span class='ocrx_word' id='word_1_383' title='bbox 2850 3147 3085 3219; x_wconf 76' lang='grc' dir='ltr'>ἔχοντες,</span> <span class='ocrx_word' id='word_1_384' title='bbox 3118 3145 3213 3200; x_wconf 74' lang='grc' dir='ltr'><strong>καὶ</strong></span> <span class='ocrx_word' id='word_1_385' title='bbox 3236 3143 3569 3216; x_wconf 78' lang='grc' dir='ltr'>ὑπερσάντες</span> <span class='ocrx_word' id='word_1_386' title='bbox 3588 3140 3670 3195; x_wconf 74' lang='grc' dir='ltr'>τὸν</span> 
     </span>
    </p>
   </div>
   <div class='ocr_carea' id='block_1_65' title="bbox 411 3245 1993 3318">
    <p class='ocr_par' dir='ltr' id='par_1_65' title="bbox 411 3245 1993 3318">
     <span class='ocr_line' id='line_1_65' title="bbox 411 3245 1993 3318; baseline 0.005 -21"><span class='ocrx_word' id='word_1_387' title='bbox 411 3251 596 3297; x_wconf 86' lang='lat' dir='ltr'><strong>autem</strong></span> <span class='ocrx_word' id='word_1_388' title='bbox 633 3252 690 3298; x_wconf 82' lang='lat' dir='ltr'><strong>et</strong></span> <span class='ocrx_word' id='word_1_389' title='bbox 736 3245 997 3301; x_wconf 88' lang='lat' dir='ltr'><strong>mulieres</strong></span> <span class='ocrx_word' id='word_1_390' title='bbox 1037 3246 1296 3305; x_wconf 82' lang='lat' dir='ltr'><strong>habentes</strong></span> <span class='ocrx_word' id='word_1_391' title='bbox 1323 3286 1340 3313; x_wconf 86' lang='lat'><strong>,</strong></span> <span class='ocrx_word' id='word_1_392' title='bbox 1381 3255 1437 3302; x_wconf 87' lang='lat' dir='ltr'><strong>et</strong></span> <span class='ocrx_word' id='word_1_393' title='bbox 1478 3248 1993 3318; x_wconf 78' lang='lat' dir='ltr'><strong>quinquagesimum</strong></span> 
     </span>
    </p>
   </div>
   <div class='ocr_carea' id='block_1_66' title="bbox 2105 3233 3670 3315">
    <p class='ocr_par' dir='ltr' id='par_1_66' title="bbox 2105 3233 3670 3315">
     <span class='ocr_line' id='line_1_66' title="bbox 2105 3233 3670 3315; baseline -0.009 -14"><span class='ocrx_word' id='word_1_394' title='bbox 2105 3245 2543 3315; x_wconf 82' lang='grc' dir='ltr'>πεντηκονταετῆ</span> <span class='ocrx_word' id='word_1_395' title='bbox 2576 3241 2768 3313; x_wconf 87' lang='grc' dir='ltr'>χρόνον</span> <span class='ocrx_word' id='word_1_396' title='bbox 2800 3240 3074 3312; x_wconf 77' lang='grc' dir='ltr'>ἥμαρτον,</span> <span class='ocrx_word' id='word_1_397' title='bbox 3123 3237 3216 3295; x_wconf 73' lang='grc' dir='ltr'>ἐπὶ</span> <span class='ocrx_word' id='word_1_398' title='bbox 3265 3238 3333 3310; x_wconf 78' lang='grc' dir='ltr'>τῇ</span> <span class='ocrx_word' id='word_1_399' title='bbox 3385 3234 3543 3307; x_wconf 79' lang='grc' dir='ltr'>ἐξόδῳ</span> <span class='ocrx_word' id='word_1_400' title='bbox 3584 3233 3670 3288; x_wconf 71' lang='grc' dir='ltr'>τοῦ</span> 
     </span>
    </p>
   </div>
   <div class='ocr_carea' id='block_1_67' title="bbox 414 3330 1987 3411">
    <p class='ocr_par' dir='ltr' id='par_1_67' title="bbox 414 3338 1987 3407">
     <span class='ocr_line' id='line_1_67' title="bbox 414 3338 1987 3407; baseline 0.004 -18"><span class='ocrx_word' id='word_1_401' title='bbox 414 3349 621 3389; x_wconf 88' lang='lat' dir='ltr'><strong>annum</strong></span> <span class='ocrx_word' id='word_1_402' title='bbox 682 3338 1060 3406; x_wconf 82' lang='lat' dir='ltr'><strong>transgressi,</strong></span> <span class='ocrx_word' id='word_1_403' title='bbox 1118 3347 1510 3407; x_wconf 85' lang='lat' dir='ltr'><strong>peccaverunt,</strong></span> <span class='ocrx_word' id='word_1_404' title='bbox 1558 3338 1614 3393; x_wconf 91' lang='lat' dir='ltr'><strong>in</strong></span> <span class='ocrx_word' id='word_1_405' title='bbox 1664 3339 1793 3394; x_wconf 67' lang='lat' dir='ltr'><strong>vita:</strong></span> <span class='ocrx_word' id='word_1_406' title='bbox 1842 3338 1987 3395; x_wconf 80' lang='lat' dir='ltr'><strong>exitu</strong></span> 
     </span>
    </p>
   </div>
   <div class='ocr_carea' id='block_1_68' title="bbox 2121 3330 3139 3411">
    <p class='ocr_par' dir='ltr' id='par_1_68' title="bbox 2121 3330 3139 3407">
     <span class='ocr_line' id='line_1_68' title="bbox 2121 3330 3139 3407; baseline -0.007 -15"><span class='ocrx_word' id='word_1_407' title='bbox 2121 3338 2224 3392; x_wconf 61' lang='grc' dir='ltr'>δίου</span> <span class='ocrx_word' id='word_1_408' title='bbox 2254 3334 2673 3407; x_wconf 82' lang='grc' dir='ltr'>τυγχανέτωσαν</span> <span class='ocrx_word' id='word_1_409' title='bbox 2700 3335 2798 3404; x_wconf 81' lang='grc' dir='ltr'>τῆς</span> <span class='ocrx_word' id='word_1_410' title='bbox 2832 3330 3139 3394; x_wconf 86' lang='grc' dir='ltr'>κοινωνίας.</span> 
     </span>
    </p>
   </div>
   <div class='ocr_carea' id='block_1_69' title="bbox 411 3429 1285 3499">
    <p class='ocr_par' dir='ltr' id='par_1_69' title="bbox 411 3429 1285 3499">
     <span class='ocr_line' id='line_1_69' title="bbox 411 3429 1285 3499; baseline 0.001 -16"><span class='ocrx_word' id='word_1_411' title='bbox 411 3429 855 3483; x_wconf 87' lang='lat' dir='ltr'><strong>communionem</strong></span> <span class='ocrx_word' id='word_1_412' title='bbox 898 3440 1285 3499; x_wconf 84' lang='lat' dir='ltr'><strong>assequamur.</strong></span> 
     </span>
    </p>
   </div>
   <div class='ocr_carea' id='block_1_70' title="bbox 484 3518 1995 3590">
    <p class='ocr_par' dir='ltr' id='par_1_70' title="bbox 484 3518 1995 3590">
     <span class='ocr_line' id='line_1_70' title="bbox 484 3518 1995 3590; baseline 0.003 -17"><span class='ocrx_word' id='word_1_413' title='bbox 484 3520 572 3573; x_wconf 86' lang='grc'>17.</span> <span class='ocrx_word' id='word_1_414' title='bbox 616 3518 720 3575; x_wconf 90' lang='lat' dir='ltr'><strong>Eos</strong></span> <span class='ocrx_word' id='word_1_415' title='bbox 745 3521 837 3590; x_wconf 90' lang='lat' dir='ltr'><strong>qui</strong></span> <span class='ocrx_word' id='word_1_416' title='bbox 874 3522 1105 3575; x_wconf 82' lang='lat' dir='ltr'><strong>rationis</strong></span> <span class='ocrx_word' id='word_1_417' title='bbox 1132 3520 1376 3590; x_wconf 85' lang='lat' dir='ltr'><strong>expertia</strong></span> <span class='ocrx_word' id='word_1_418' title='bbox 1399 3521 1699 3576; x_wconf 85' lang='lat' dir='ltr'><strong>animantia</strong></span> <span class='ocrx_word' id='word_1_419' title='bbox 1732 3522 1995 3590; x_wconf 89' lang='lat' dir='ltr'><strong>inierunt,</strong></span> 
     </span>
    </p>
   </div>
   <div class='ocr_carea' id='block_1_71' title="bbox 2178 3513 3673 3593">
    <p class='ocr_par' dir='ltr' id='par_1_71' title="bbox 2178 3513 3673 3593">
     <span class='ocr_line' id='line_1_71' title="bbox 2178 3513 3673 3593; baseline -0.011 -12"><span class='ocrx_word' id='word_1_420' title='bbox 2178 3526 2264 3593; x_wconf 80' lang='grc' dir='ltr'>ιζ’.</span> <span class='ocrx_word' id='word_1_421' title='bbox 2304 3524 2444 3588; x_wconf 81' lang='grc' dir='ltr'>Τοὺς</span> <span class='ocrx_word' id='word_1_422' title='bbox 2476 3518 2950 3591; x_wconf 83' lang='grc' dir='ltr'>ἀλογευσαμένους</span> <span class='ocrx_word' id='word_1_423' title='bbox 2978 3517 3072 3572; x_wconf 65' lang='grc' dir='ltr'><strong>καὶ⁷</strong></span> <span class='ocrx_word' id='word_1_424' title='bbox 3099 3517 3340 3589; x_wconf 82' lang='grc' dir='ltr'>λεπροὺς</span> <span class='ocrx_word' id='word_1_425' title='bbox 3367 3515 3541 3577; x_wconf 77' lang='grc' dir='ltr'>ὄντας.</span> <span class='ocrx_word' id='word_1_426' title='bbox 3566 3513 3673 3585; x_wconf 70' lang='grc' dir='ltr'>ἦτοι</span> 
     </span>
    </p>
   </div>
   <div class='ocr_carea' id='block_1_72' title="bbox 413 3607 1987 3692">
    <p class='ocr_par' dir='ltr' id='par_1_72' title="bbox 413 3609 1987 3685">
     <span class='ocr_line' id='line_1_72' title="bbox 413 3609 1987 3685; baseline 0.003 -22"><span class='ocrx_word' id='word_1_427' title='bbox 413 3617 469 3663; x_wconf 86' lang='lat' dir='ltr'><strong>et</strong></span> <span class='ocrx_word' id='word_1_428' title='bbox 501 3609 592 3677; x_wconf 91' lang='lat' dir='ltr'><strong>qui</strong></span> <span class='ocrx_word' id='word_1_429' title='bbox 620 3609 817 3679; x_wconf 86' lang='lat' dir='ltr'><strong>leprosi</strong></span> <span class='ocrx_word' id='word_1_430' title='bbox 854 3620 983 3664; x_wconf 91' lang='lat' dir='ltr'><strong>sunt</strong></span> <span class='ocrx_word' id='word_1_431' title='bbox 1012 3609 1094 3663; x_wconf 90' lang='lat' dir='ltr'><strong>vel</strong></span> <span class='ocrx_word' id='word_1_432' title='bbox 1134 3609 1359 3664; x_wconf 78' lang='lat' dir='ltr'><strong>fuerunt</strong></span> <span class='ocrx_word' id='word_1_433' title='bbox 1380 3648 1395 3673; x_wconf 90' lang='lat'><strong>,</strong></span> <span class='ocrx_word' id='word_1_434' title='bbox 1431 3609 1599 3681; x_wconf 83' lang='lat' dir='ltr'><strong>jussit</strong></span> <span class='ocrx_word' id='word_1_435' title='bbox 1621 3620 1812 3667; x_wconf 84' lang='lat' dir='ltr'><strong>sancta</strong></span> <span class='ocrx_word' id='word_1_436' title='bbox 1833 3628 1987 3685; x_wconf 82' lang='lat' dir='ltr'><strong>syno-</strong></span> 
     </span>
    </p>
   </div>
   <div class='ocr_carea' id='block_1_73' title="bbox 2121 3607 3671 3692">
    <p class='ocr_par' dir='ltr' id='par_1_73' title="bbox 2121 3607 3671 3692">
     <span class='ocr_line' id='line_1_73' title="bbox 2121 3607 3671 3692; baseline -0.009 -21"><span class='ocrx_word' id='word_1_437' title='bbox 2121 3619 2490 3692; x_wconf 59' lang='lat' dir='ltr'><strong>Lenpdroav‘ra;</strong></span> <span class='ocrx_word' id='word_1_438' title='bbox 2518 3616 2761 3679; x_wconf 84' lang='grc' dir='ltr'>τούτους,</span> <span class='ocrx_word' id='word_1_439' title='bbox 2788 3610 3122 3685; x_wconf 77' lang='grc' dir='ltr'>προσέταξεν</span> <span class='ocrx_word' id='word_1_440' title='bbox 3149 3610 3183 3681; x_wconf 80' lang='grc' dir='ltr'><strong>ή</strong></span> <span class='ocrx_word' id='word_1_441' title='bbox 3214 3610 3347 3679; x_wconf 85' lang='grc' dir='ltr'>ἁγία</span> <span class='ocrx_word' id='word_1_442' title='bbox 3372 3607 3580 3672; x_wconf 83' lang='grc' dir='ltr'>σύνοδος</span> <span class='ocrx_word' id='word_1_443' title='bbox 3599 3607 3671 3669; x_wconf 87' lang='grc' dir='ltr'><strong>είς</strong></span> 
     </span>
    </p>
   </div>
   <div class='ocr_carea' id='block_1_74' title="bbox 414 3701 1234 3755">
    <p class='ocr_par' dir='ltr' id='par_1_74' title="bbox 414 3701 1234 3755">
     <span class='ocr_line' id='line_1_74' title="bbox 414 3701 1234 3755; baseline 0 0"><span class='ocrx_word' id='word_1_444' title='bbox 414 3702 517 3755; x_wconf 86' lang='lat' dir='ltr'><strong>dus</strong></span> <span class='ocrx_word' id='word_1_445' title='bbox 549 3701 690 3755; x_wconf 84' lang='lat' dir='ltr'><strong>inter</strong></span> <span class='ocrx_word' id='word_1_446' title='bbox 726 3701 1027 3755; x_wconf 84' lang='lat' dir='ltr'><strong>hiemantes</strong></span> <span class='ocrx_word' id='word_1_447' title='bbox 1056 3717 1234 3755; x_wconf 87' lang='lat' dir='ltr'><strong>orare.</strong></span> 
     </span>
    </p>
   </div>
   <div class='ocr_carea' id='block_1_75' title="bbox 467 3792 1958 3865">
    <p class='ocr_par' dir='ltr' id='par_1_75' title="bbox 467 3792 1958 3865">
     <span class='ocr_line' id='line_1_75' title="bbox 467 3792 1958 3865; baseline 0.002 -17"><span class='ocrx_word' id='word_1_448' title='bbox 467 3793 630 3865; x_wconf 61' lang='lat'><strong>405</strong></span> <span class='ocrx_word' id='word_1_449' title='bbox 663 3793 889 3848; x_wconf 80' lang='lat' dir='ltr'><strong>Concilii</strong></span> <span class='ocrx_word' id='word_1_450' title='bbox 927 3792 1396 3859; x_wconf 76' lang='lat' dir='ltr'><strong>Neocwsariensis,</strong></span> <span class='ocrx_word' id='word_1_451' title='bbox 1422 3809 1646 3849; x_wconf 76' lang='lat' dir='ltr'><strong>canones</strong></span> <span class='ocrx_word' id='word_1_452' title='bbox 1668 3795 1723 3861; x_wconf 78' lang='lat'><strong>‘2,</strong></span> <span class='ocrx_word' id='word_1_453' title='bbox 1748 3798 1801 3861; x_wconf 79' lang='lat'><strong>3,</strong></span> <span class='ocrx_word' id='word_1_454' title='bbox 1824 3797 1878 3862; x_wconf 75' lang='grc'>4,</span> <span class='ocrx_word' id='word_1_455' title='bbox 1906 3800 1958 3853; x_wconf 91' lang='grc'>7.</span> 
     </span>
    </p>
   </div>
   <div class='ocr_carea' id='block_1_76' title="bbox 484 3884 1995 3957">
    <p class='ocr_par' dir='ltr' id='par_1_76' title="bbox 484 3884 1995 3957">
     <span class='ocr_line' id='line_1_76' title="bbox 484 3884 1995 3957; baseline 0.004 -18"><span class='ocrx_word' id='word_1_456' title='bbox 484 3886 539 3939; x_wconf 72' lang='lat'><strong>2.</strong></span> <span class='ocrx_word' id='word_1_457' title='bbox 572 3884 795 3940; x_wconf 82' lang='lat' dir='ltr'><strong>Femina</strong></span> <span class='ocrx_word' id='word_1_458' title='bbox 840 3886 887 3941; x_wconf 90' lang='lat' dir='ltr'><strong>si</strong></span> <span class='ocrx_word' id='word_1_459' title='bbox 928 3885 1144 3941; x_wconf 86' lang='lat' dir='ltr'><strong>duobus</strong></span> <span class='ocrx_word' id='word_1_460' title='bbox 1175 3884 1439 3942; x_wconf 84' lang='lat' dir='ltr'><strong>fratribus</strong></span> <span class='ocrx_word' id='word_1_461' title='bbox 1481 3890 1747 3957; x_wconf 90' lang='lat' dir='ltr'><strong>nupserit,</strong></span> <span class='ocrx_word' id='word_1_462' title='bbox 1771 3899 1901 3956; x_wconf 87' lang='lat' dir='ltr'><strong>etc.,</strong></span> <span class='ocrx_word' id='word_1_463' title='bbox 1934 3899 1995 3945; x_wconf 87' lang='lat' dir='ltr'><strong>ut</strong></span> 
     </span>
    </p>
   </div>
   <div class='ocr_carea' id='block_1_77' title="bbox 415 3977 703 4049">
    <p class='ocr_par' dir='ltr' id='par_1_77' title="bbox 415 3977 703 4049">
     <span class='ocr_line' id='line_1_77' title="bbox 415 3977 703 4049; baseline 0.01 -22"><span class='ocrx_word' id='word_1_464' title='bbox 415 3994 537 4049; x_wconf 80' lang='lat' dir='ltr'><strong>pag.</strong></span> <span class='ocrx_word' id='word_1_465' title='bbox 574 3977 703 4033; x_wconf 69' lang='grc'><strong>802.</strong></span> 
     </span>
    </p>
   </div>
   <div class='ocr_carea' id='block_1_78' title="bbox 484 4065 1992 4136">
    <p class='ocr_par' dir='ltr' id='par_1_78' title="bbox 484 4065 1992 4136">
     <span class='ocr_line' id='line_1_78' title="bbox 484 4065 1992 4136; baseline 0 -13"><span class='ocrx_word' id='word_1_466' title='bbox 484 4068 538 4123; x_wconf 77' lang='grc'>3.</span> <span class='ocrx_word' id='word_1_467' title='bbox 591 4066 666 4122; x_wconf 89' lang='lat' dir='ltr'><strong>De</strong></span> <span class='ocrx_word' id='word_1_468' title='bbox 698 4066 764 4120; x_wconf 86' lang='lat' dir='ltr'><strong>iis</strong></span> <span class='ocrx_word' id='word_1_469' title='bbox 813 4065 904 4136; x_wconf 87' lang='lat' dir='ltr'><strong>qui</strong></span> <span class='ocrx_word' id='word_1_470' title='bbox 953 4066 1010 4121; x_wconf 92' lang='lat' dir='ltr'><strong>in</strong></span> <span class='ocrx_word' id='word_1_471' title='bbox 1052 4065 1288 4136; x_wconf 89' lang='lat' dir='ltr'><strong>plurima</strong></span> <span class='ocrx_word' id='word_1_472' title='bbox 1334 4067 1683 4123; x_wconf 84' lang='lat' dir='ltr'><strong>matrimonia</strong></span> <span class='ocrx_word' id='word_1_473' title='bbox 1721 4068 1992 4133; x_wconf 81' lang='lat' dir='ltr'><strong>incidunt,</strong></span> 
     </span>
    </p>
   </div>
   <div class='ocr_carea' id='block_1_79' title="bbox 416 4159 1989 4230">
    <p class='ocr_par' dir='ltr' id='par_1_79' title="bbox 416 4159 1989 4230">
     <span class='ocr_line' id='line_1_79' title="bbox 416 4159 1989 4230; baseline 0.002 -15"><span class='ocrx_word' id='word_1_474' title='bbox 416 4169 628 4230; x_wconf 84' lang='lat' dir='ltr'><strong>tempus</strong></span> <span class='ocrx_word' id='word_1_475' title='bbox 662 4159 879 4230; x_wconf 88' lang='lat' dir='ltr'><strong>quidem</strong></span> <span class='ocrx_word' id='word_1_476' title='bbox 917 4159 1284 4230; x_wconf 65' lang='lat' dir='ltr'><strong>praestitutum</strong></span> <span class='ocrx_word' id='word_1_477' title='bbox 1323 4175 1446 4216; x_wconf 89' lang='lat' dir='ltr'><strong>esse</strong></span> <span class='ocrx_word' id='word_1_478' title='bbox 1495 4161 1845 4216; x_wconf 81' lang='lat' dir='ltr'><strong>manifestum</strong></span> <span class='ocrx_word' id='word_1_479' title='bbox 1885 4172 1989 4218; x_wconf 86' lang='lat' dir='ltr'><strong>est.</strong></span> 
     </span>
    </p>
   </div>
   <div class='ocr_carea' id='block_1_80' title="bbox 419 4251 1996 4324">
    <p class='ocr_par' dir='ltr' id='par_1_80' title="bbox 419 4251 1996 4324">
     <span class='ocr_line' id='line_1_80' title="bbox 419 4251 1996 4324; baseline 0.001 -18"><span class='ocrx_word' id='word_1_480' title='bbox 419 4251 524 4307; x_wconf 85' lang='lat' dir='ltr'><strong>Sed</strong></span> <span class='ocrx_word' id='word_1_481' title='bbox 577 4253 864 4308; x_wconf 83' lang='lat' dir='ltr'><strong>conversio</strong></span> <span class='ocrx_word' id='word_1_482' title='bbox 904 4260 960 4308; x_wconf 87' lang='lat' dir='ltr'><strong>et</strong></span> <span class='ocrx_word' id='word_1_483' title='bbox 997 4253 1319 4323; x_wconf 63' lang='lat' dir='ltr'><strong>paenitentia</strong></span> <span class='ocrx_word' id='word_1_484' title='bbox 1363 4267 1556 4309; x_wconf 88' lang='lat' dir='ltr'><strong>eorum</strong></span> <span class='ocrx_word' id='word_1_485' title='bbox 1604 4263 1820 4324; x_wconf 87' lang='lat' dir='ltr'><strong>tempus</strong></span> <span class='ocrx_word' id='word_1_486' title='bbox 1863 4268 1996 4308; x_wconf 87' lang='lat' dir='ltr'><strong>con-</strong></span> 
     </span>
    </p>
   </div>
   <div class='ocr_carea' id='block_1_81' title="bbox 418 4344 605 4398">
    <p class='ocr_par' dir='ltr' id='par_1_81' title="bbox 418 4344 605 4398">
     <span class='ocr_line' id='line_1_81' title="bbox 418 4344 605 4398; baseline 0 0"><span class='ocrx_word' id='word_1_487' title='bbox 418 4344 605 4398; x_wconf 87' lang='lat' dir='ltr'><strong>trahit.</strong></span> 
     </span>
    </p>
   </div>
   <div class='ocr_carea' id='block_1_82' title="bbox 2102 3704 3013 3782">
    <p class='ocr_par' dir='ltr' id='par_1_82' title="bbox 2102 3704 3013 3782">
     <span class='ocr_line' id='line_1_82' title="bbox 2102 3704 3013 3782; baseline -0.009 -15"><span class='ocrx_word' id='word_1_488' title='bbox 2102 3713 2227 3774; x_wconf 79' lang='grc' dir='ltr'>τοὺς</span> <span class='ocrx_word' id='word_1_489' title='bbox 2262 3708 2698 3782; x_wconf 76' lang='grc' dir='ltr'>χειμαζομένους</span> <span class='ocrx_word' id='word_1_490' title='bbox 2736 3704 3013 3776; x_wconf 72' lang='grc' dir='ltr'>εὔχεσθαι.</span> 
     </span>
    </p>
   </div>
   <div class='ocr_carea' id='block_1_83' title="bbox 2193 3789 3590 3865">
    <p class='ocr_par' dir='ltr' id='par_1_83' title="bbox 2193 3789 3590 3865">
     <span class='ocr_line' id='line_1_83' title="bbox 2193 3789 3590 3865; baseline -0.007 -8"><span class='ocrx_word' id='word_1_491' title='bbox 2193 3800 2469 3857; x_wconf 81' lang='grc' dir='ltr'>Συνόδου</span> <span class='ocrx_word' id='word_1_492' title='bbox 2498 3797 2963 3865; x_wconf 71' lang='grc' dir='ltr'>Νεοκαισαρείας</span> <span class='ocrx_word' id='word_1_493' title='bbox 3000 3796 3201 3850; x_wconf 78' lang='grc' dir='ltr'>κανὼν</span> <span class='ocrx_word' id='word_1_494' title='bbox 3240 3794 3309 3865; x_wconf 87' lang='grc' dir='ltr'><strong>β’,</strong></span> <span class='ocrx_word' id='word_1_495' title='bbox 3341 3801 3411 3863; x_wconf 84' lang='grc' dir='ltr'><strong>γ’,</strong></span> <span class='ocrx_word' id='word_1_496' title='bbox 3440 3792 3503 3860; x_wconf 90' lang='grc' dir='ltr'>δ’,</span> <span class='ocrx_word' id='word_1_497' title='bbox 3528 3789 3590 3857; x_wconf 81' lang='grc' dir='ltr'>ζ’.</span> 
     </span>
    </p>
   </div>
   <div class='ocr_carea' id='block_1_84' title="bbox 2175 3887 3474 3967">
    <p class='ocr_par' dir='ltr' id='par_1_84' title="bbox 2175 3887 3474 3967">
     <span class='ocr_line' id='line_1_84' title="bbox 2175 3887 3474 3967; baseline -0.005 -18"><span class='ocrx_word' id='word_1_498' title='bbox 2175 3893 2239 3967; x_wconf 85' lang='grc' dir='ltr'>β’.</span> <span class='ocrx_word' id='word_1_499' title='bbox 2278 3894 2421 3965; x_wconf 82' lang='grc' dir='ltr'>Γυνὴ</span> <span class='ocrx_word' id='word_1_500' title='bbox 2449 3894 2543 3946; x_wconf 81' lang='grc' dir='ltr'><strong>ἐὰν</strong></span> <span class='ocrx_word' id='word_1_501' title='bbox 2571 3893 2820 3962; x_wconf 85' lang='grc' dir='ltr'>γήμηται</span> <span class='ocrx_word' id='word_1_502' title='bbox 2850 3888 2944 3943; x_wconf 83' lang='grc' dir='ltr'>δύο</span> <span class='ocrx_word' id='word_1_503' title='bbox 2970 3888 3239 3957; x_wconf 82' lang='grc' dir='ltr'>ἀδελφοῖς,</span> <span class='ocrx_word' id='word_1_504' title='bbox 3273 3906 3327 3943; x_wconf 92' lang='grc' dir='ltr'><strong>κ.</strong></span> <span class='ocrx_word' id='word_1_505' title='bbox 3350 3906 3400 3943; x_wconf 89' lang='grc' dir='ltr'><strong>τ.</strong></span> <span class='ocrx_word' id='word_1_506' title='bbox 3424 3887 3474 3942; x_wconf 90' lang='grc' dir='ltr'><strong>λ.</strong></span> 
     </span>
    </p>
   </div>
   <div class='ocr_carea' id='block_1_85' title="bbox 2171 4063 3674 4146">
    <p class='ocr_par' dir='ltr' id='par_1_85' title="bbox 2171 4063 3674 4146">
     <span class='ocr_line' id='line_1_85' title="bbox 2171 4063 3674 4146; baseline -0.008 -17"><span class='ocrx_word' id='word_1_507' title='bbox 2171 4074 2239 4145; x_wconf 93' lang='grc' dir='ltr'><strong>γ’,</strong></span> <span class='ocrx_word' id='word_1_508' title='bbox 2273 4073 2525 4146; x_wconf 72' lang='grc' dir='ltr'>Περὶτῶν</span> <span class='ocrx_word' id='word_1_509' title='bbox 2543 4071 2816 4134; x_wconf 83' lang='grc' dir='ltr'>πλείστοις</span> <span class='ocrx_word' id='word_1_510' title='bbox 2833 4069 3033 4139; x_wconf 80' lang='grc' dir='ltr'>γάμοις</span> <span class='ocrx_word' id='word_1_511' title='bbox 3051 4067 3514 4137; x_wconf 84' lang='grc' dir='ltr'>περιπιπτόντων,</span> <span class='ocrx_word' id='word_1_512' title='bbox 3534 4067 3561 4119; x_wconf 92' lang='grc' dir='ltr'><strong>ό</strong></span> <span class='ocrx_word' id='word_1_513' title='bbox 3583 4063 3674 4134; x_wconf 82' lang='grc' dir='ltr'>μὲν</span> 
     </span>
    </p>
   </div>
   <div class='ocr_carea' id='block_1_86' title="bbox 2098 4157 3672 4240">
    <p class='ocr_par' dir='ltr' id='par_1_86' title="bbox 2098 4157 3672 4240">
     <span class='ocr_line' id='line_1_86' title="bbox 2098 4157 3672 4240; baseline -0.008 -17"><span class='ocrx_word' id='word_1_514' title='bbox 2098 4168 2291 4240; x_wconf 91' lang='grc' dir='ltr'>χρόνος</span> <span class='ocrx_word' id='word_1_515' title='bbox 2320 4166 2496 4236; x_wconf 80' lang='grc' dir='ltr'>σαφὴς</span> <span class='ocrx_word' id='word_1_516' title='bbox 2537 4167 2566 4218; x_wconf 90' lang='grc' dir='ltr'><strong>ό</strong></span> <span class='ocrx_word' id='word_1_517' title='bbox 2602 4163 2908 4235; x_wconf 84' lang='grc' dir='ltr'>ὡρισμένος</span> <span class='ocrx_word' id='word_1_518' title='bbox 2932 4177 2946 4190; x_wconf 90' lang='grc'><strong>·</strong></span> <span class='ocrx_word' id='word_1_519' title='bbox 2998 4164 3030 4230; x_wconf 86' lang='grc' dir='ltr'><strong>ή</strong></span> <span class='ocrx_word' id='word_1_520' title='bbox 3062 4160 3119 4214; x_wconf 84' lang='grc' dir='ltr'><strong>δὲ</strong></span> <span class='ocrx_word' id='word_1_521' title='bbox 3155 4158 3470 4231; x_wconf 83' lang='grc' dir='ltr'>ἀναστροφὴ</span> <span class='ocrx_word' id='word_1_522' title='bbox 3516 4158 3606 4211; x_wconf 71' lang='lat' dir='ltr'><strong>xci.</strong></span> <span class='ocrx_word' id='word_1_523' title='bbox 3641 4157 3672 4226; x_wconf 86' lang='grc' dir='ltr'><strong>ή</strong></span> 
     </span>
    </p>
   </div>
   <div class='ocr_carea' id='block_1_87' title="bbox 2106 4252 3189 4325">
    <p class='ocr_par' dir='ltr' id='par_1_87' title="bbox 2106 4252 3189 4325">
     <span class='ocr_line' id='line_1_87' title="bbox 2106 4252 3189 4325; baseline -0.008 -9"><span class='ocrx_word' id='word_1_524' title='bbox 2106 4262 2288 4324; x_wconf 86' lang='grc' dir='ltr'>πίστις</span> <span class='ocrx_word' id='word_1_525' title='bbox 2316 4260 2493 4313; x_wconf 80' lang='grc' dir='ltr'>αὐτῶν</span> <span class='ocrx_word' id='word_1_526' title='bbox 2545 4255 2832 4325; x_wconf 79' lang='grc' dir='ltr'>συντέμνει</span> <span class='ocrx_word' id='word_1_527' title='bbox 2857 4254 2948 4308; x_wconf 79' lang='grc' dir='ltr'><strong>τὸν</strong></span> <span class='ocrx_word' id='word_1_528' title='bbox 2975 4252 3189 4324; x_wconf 82' lang='grc' dir='ltr'>χρόνον.</span> 
     </span>
    </p>
   </div>
   <div class='ocr_carea' id='block_1_88' title="bbox 486 4435 1987 4512">
    <p class='ocr_par' dir='ltr' id='par_1_88' title="bbox 486 4436 1987 4510">
     <span class='ocr_line' id='line_1_88' title="bbox 486 4436 1987 4510; baseline 0 -19"><span class='ocrx_word' id='word_1_529' title='bbox 486 4438 541 4491; x_wconf 71' lang='lat'><strong>4.</strong></span> <span class='ocrx_word' id='word_1_530' title='bbox 582 4436 639 4490; x_wconf 90' lang='lat' dir='ltr'><strong>Si</strong></span> <span class='ocrx_word' id='word_1_531' title='bbox 667 4437 792 4506; x_wconf 91' lang='lat' dir='ltr'><strong>quis</strong></span> <span class='ocrx_word' id='word_1_532' title='bbox 823 4438 1176 4507; x_wconf 83' lang='lat' dir='ltr'><strong>proposuerit</strong></span> <span class='ocrx_word' id='word_1_533' title='bbox 1196 4438 1586 4510; x_wconf 85' lang='lat' dir='ltr'><strong>concupiscere</strong></span> <span class='ocrx_word' id='word_1_534' title='bbox 1617 4438 1897 4493; x_wconf 89' lang='lat' dir='ltr'><strong>mulierem</strong></span> <span class='ocrx_word' id='word_1_535' title='bbox 1926 4437 1987 4491; x_wconf 86' lang='lat' dir='ltr'><strong>ad</strong></span> 
     </span>
    </p>
   </div>
   <div class='ocr_carea' id='block_1_89' title="bbox 2121 4435 3667 4512">
    <p class='ocr_par' dir='ltr' id='par_1_89' title="bbox 2168 4435 3667 4512">
     <span class='ocr_line' id='line_1_89' title="bbox 2168 4435 3667 4512; baseline -0.006 -16"><span class='ocrx_word' id='word_1_536' title='bbox 2168 4440 2230 4496; x_wconf 86' lang='grc' dir='ltr'>δ’.</span> <span class='ocrx_word' id='word_1_537' title='bbox 2271 4441 2401 4496; x_wconf 85' lang='grc' dir='ltr'><strong>Ἐὰν</strong></span> <span class='ocrx_word' id='word_1_538' title='bbox 2433 4440 2704 4512; x_wconf 79' lang='grc' dir='ltr'>πρόθηται</span> <span class='ocrx_word' id='word_1_539' title='bbox 2733 4457 2818 4504; x_wconf 90' lang='grc' dir='ltr'><strong>τις</strong></span> <span class='ocrx_word' id='word_1_540' title='bbox 2850 4438 3202 4509; x_wconf 77' lang='grc' dir='ltr'>ἐπιθυμήσας</span> <span class='ocrx_word' id='word_1_541' title='bbox 3229 4435 3509 4507; x_wconf 76' lang='grc' dir='ltr'>γυναικὸς,</span> <span class='ocrx_word' id='word_1_542' title='bbox 3546 4451 3667 4502; x_wconf 82' lang='grc' dir='ltr'>συγο</span> 
     </span>
    </p>
   </div>
   <div class='ocr_carea' id='block_1_90' title="bbox 416 4528 1997 4600">
    <p class='ocr_par' dir='ltr' id='par_1_90' title="bbox 416 4528 1997 4600">
     <span class='ocr_line' id='line_1_90' title="bbox 416 4528 1997 4600; baseline 0.001 -18"><span class='ocrx_word' id='word_1_543' title='bbox 416 4528 795 4583; x_wconf 89' lang='lat' dir='ltr'><strong>dormiendum</strong></span> <span class='ocrx_word' id='word_1_544' title='bbox 830 4545 956 4585; x_wconf 89' lang='lat' dir='ltr'><strong>cum</strong></span> <span class='ocrx_word' id='word_1_545' title='bbox 987 4531 1127 4600; x_wconf 87' lang='lat' dir='ltr'><strong>ipsa,</strong></span> <span class='ocrx_word' id='word_1_546' title='bbox 1174 4531 1294 4599; x_wconf 84' lang='lat' dir='ltr'><strong>ejus</strong></span> <span class='ocrx_word' id='word_1_547' title='bbox 1339 4540 1520 4585; x_wconf 92' lang='lat' dir='ltr'><strong>autem</strong></span> <span class='ocrx_word' id='word_1_548' title='bbox 1564 4531 1894 4587; x_wconf 80' lang='lat' dir='ltr'><strong>desiderium</strong></span> <span class='ocrx_word' id='word_1_549' title='bbox 1930 4529 1997 4583; x_wconf 84' lang='lat' dir='ltr'><strong>ad</strong></span> 
     </span>
    </p>
   </div>
   <div class='ocr_carea' id='block_1_91' title="bbox 416 4620 1928 4691">
    <p class='ocr_par' dir='ltr' id='par_1_91' title="bbox 416 4620 1928 4691">
     <span class='ocr_line' id='line_1_91' title="bbox 416 4620 1928 4691; baseline 0 -17"><span class='ocrx_word' id='word_1_550' title='bbox 416 4633 556 4687; x_wconf 87' lang='lat' dir='ltr'><strong>Opus</strong></span> <span class='ocrx_word' id='word_1_551' title='bbox 586 4632 693 4672; x_wconf 91' lang='lat' dir='ltr'><strong>non</strong></span> <span class='ocrx_word' id='word_1_552' title='bbox 727 4620 951 4685; x_wconf 87' lang='lat' dir='ltr'><strong>venerit,</strong></span> <span class='ocrx_word' id='word_1_553' title='bbox 986 4621 1201 4675; x_wconf 88' lang='lat' dir='ltr'><strong>videtur</strong></span> <span class='ocrx_word' id='word_1_554' title='bbox 1230 4635 1351 4676; x_wconf 78' lang='lat' dir='ltr'><strong>esse</strong></span> <span class='ocrx_word' id='word_1_555' title='bbox 1377 4637 1406 4675; x_wconf 89' lang='lat' dir='ltr'><strong>a</strong></span> <span class='ocrx_word' id='word_1_556' title='bbox 1434 4622 1606 4691; x_wconf 84' lang='lat' dir='ltr'><strong>gratia</strong></span> <span class='ocrx_word' id='word_1_557' title='bbox 1643 4622 1928 4676; x_wconf 87' lang='lat' dir='ltr'><strong>liberatus.</strong></span> 
     </span>
    </p>
   </div>
   <div class='ocr_carea' id='block_1_92' title="bbox 487 4709 2004 4785">
    <p class='ocr_par' dir='ltr' id='par_1_92' title="bbox 487 4709 2004 4785">
     <span class='ocr_line' id='line_1_92' title="bbox 487 4709 2004 4785; baseline 0.004 -20"><span class='ocrx_word' id='word_1_558' title='bbox 487 4712 540 4765; x_wconf 90' lang='lat'><strong>7.</strong></span> <span class='ocrx_word' id='word_1_559' title='bbox 577 4709 867 4782; x_wconf 82' lang='lat' dir='ltr'><strong>Presbyter</strong></span> <span class='ocrx_word' id='word_1_560' title='bbox 898 4714 953 4767; x_wconf 91' lang='lat' dir='ltr'><strong>in</strong></span> <span class='ocrx_word' id='word_1_561' title='bbox 996 4715 1200 4783; x_wconf 89' lang='lat' dir='ltr'><strong>nuptiis</strong></span> <span class='ocrx_word' id='word_1_562' title='bbox 1234 4714 1354 4785; x_wconf 85' lang='lat' dir='ltr'><strong>ejus</strong></span> <span class='ocrx_word' id='word_1_563' title='bbox 1374 4717 1467 4785; x_wconf 91' lang='lat' dir='ltr'><strong>qui</strong></span> <span class='ocrx_word' id='word_1_564' title='bbox 1490 4716 1629 4771; x_wconf 90' lang='lat' dir='ltr'><strong>duas</strong></span> <span class='ocrx_word' id='word_1_565' title='bbox 1672 4730 1877 4771; x_wconf 87' lang='lat' dir='ltr'><strong>uxores</strong></span> <span class='ocrx_word' id='word_1_566' title='bbox 1899 4716 2004 4771; x_wconf 87' lang='lat' dir='ltr'><strong>du-</strong></span> 
     </span>
    </p>
   </div>
   <div class='ocr_carea' id='block_1_93' title="bbox 416 4803 1539 4877">
    <p class='ocr_par' dir='ltr' id='par_1_93' title="bbox 416 4803 1539 4877">
     <span class='ocr_line' id='line_1_93' title="bbox 416 4803 1539 4877; baseline 0.001 -17"><span class='ocrx_word' id='word_1_567' title='bbox 416 4803 510 4872; x_wconf 88' lang='lat' dir='ltr'><strong>cit,</strong></span> <span class='ocrx_word' id='word_1_568' title='bbox 546 4818 614 4858; x_wconf 89' lang='lat' dir='ltr'><strong>ne</strong></span> <span class='ocrx_word' id='word_1_569' title='bbox 631 4804 969 4868; x_wconf 85' lang='lat' dir='ltr'><strong>convivetur,</strong></span> <span class='ocrx_word' id='word_1_570' title='bbox 992 4815 1121 4871; x_wconf 89' lang='lat' dir='ltr'><strong>etc.,</strong></span> <span class='ocrx_word' id='word_1_571' title='bbox 1153 4817 1211 4861; x_wconf 86' lang='lat' dir='ltr'><strong>ut</strong></span> <span class='ocrx_word' id='word_1_572' title='bbox 1247 4824 1373 4877; x_wconf 86' lang='lat' dir='ltr'><strong>pag.</strong></span> <span class='ocrx_word' id='word_1_573' title='bbox 1414 4807 1539 4862; x_wconf 84' lang='grc'>691.</span> 
     </span>
    </p>
   </div>
   <div class='ocr_carea' id='block_1_94' title="bbox 644 4910 1756 4979">
    <p class='ocr_par' dir='ltr' id='par_1_94' title="bbox 644 4910 1756 4979">
     <span class='ocr_line' id='line_1_94' title="bbox 644 4910 1756 4979; baseline 0.003 -14"><span class='ocrx_word' id='word_1_574' title='bbox 644 4911 871 4965; x_wconf 83' lang='lat' dir='ltr'><strong>Coucilii</strong></span> <span class='ocrx_word' id='word_1_575' title='bbox 900 4910 1189 4966; x_wconf 84' lang='lat' dir='ltr'><strong>Laodiceni</strong></span> <span class='ocrx_word' id='word_1_576' title='bbox 1211 4930 1436 4967; x_wconf 82' lang='lat' dir='ltr'><strong>canones</strong></span> <span class='ocrx_word' id='word_1_577' title='bbox 1465 4915 1513 4979; x_wconf 89' lang='grc'><strong>1,</strong></span> <span class='ocrx_word' id='word_1_578' title='bbox 1551 4914 1638 4979; x_wconf 86' lang='grc'><strong>10,</strong></span> <span class='ocrx_word' id='word_1_579' title='bbox 1665 4915 1756 4969; x_wconf 79' lang='grc'>51.</span> 
     </span>
    </p>
   </div>
   <div class='ocr_carea' id='block_1_95' title="bbox 489 5002 1995 5078">
    <p class='ocr_par' dir='ltr' id='par_1_95' title="bbox 489 5002 1995 5078">
     <span class='ocr_line' id='line_1_95' title="bbox 489 5002 1995 5078; baseline 0.001 -19"><span class='ocrx_word' id='word_1_580' title='bbox 489 5002 839 5075; x_wconf 85' lang='lat' dir='ltr'><strong>l.0portere</strong></span> <span class='ocrx_word' id='word_1_581' title='bbox 908 5021 974 5060; x_wconf 81' lang='lat' dir='ltr'><strong>ex</strong></span> <span class='ocrx_word' id='word_1_582' title='bbox 1055 5007 1430 5062; x_wconf 87' lang='lat' dir='ltr'><strong>ecclesiastico</strong></span> <span class='ocrx_word' id='word_1_583' title='bbox 1494 5022 1705 5062; x_wconf 86' lang='lat' dir='ltr'><strong>canone</strong></span> <span class='ocrx_word' id='word_1_584' title='bbox 1756 5023 1853 5063; x_wconf 87' lang='lat' dir='ltr'><strong>eos</strong></span> <span class='ocrx_word' id='word_1_585' title='bbox 1903 5007 1995 5078; x_wconf 92' lang='lat' dir='ltr'><strong>qui</strong></span> 
     </span>
    </p>
   </div>
   <div class='ocr_carea' id='block_1_96' title="bbox 417 5098 1999 5170">
    <p class='ocr_par' dir='ltr' id='par_1_96' title="bbox 417 5098 1999 5170">
     <span class='ocr_line' id='line_1_96' title="bbox 417 5098 1999 5170; baseline 0.003 -18"><span class='ocrx_word' id='word_1_586' title='bbox 417 5098 586 5154; x_wconf 89' lang='lat' dir='ltr'><strong>libere</strong></span> <span class='ocrx_word' id='word_1_587' title='bbox 631 5106 686 5152; x_wconf 92' lang='lat' dir='ltr'><strong>et</strong></span> <span class='ocrx_word' id='word_1_588' title='bbox 746 5099 982 5168; x_wconf 83' lang='lat' dir='ltr'><strong>legitime</strong></span> <span class='ocrx_word' id='word_1_589' title='bbox 1029 5100 1268 5153; x_wconf 86' lang='lat' dir='ltr'><strong>secundo</strong></span> <span class='ocrx_word' id='word_1_590' title='bbox 1318 5100 1671 5155; x_wconf 86' lang='lat' dir='ltr'><strong>matrimonio</strong></span> <span class='ocrx_word' id='word_1_591' title='bbox 1716 5101 1999 5170; x_wconf 89' lang='lat' dir='ltr'><strong>conjuncti</strong></span> 
     </span>
    </p>
   </div>
   <div class='ocr_carea' id='block_1_97' title="bbox 416 5192 1994 5263">
    <p class='ocr_par' dir='ltr' id='par_1_97' title="bbox 416 5192 1994 5263">
     <span class='ocr_line' id='line_1_97' title="bbox 416 5192 1994 5263; baseline 0.003 -19"><span class='ocrx_word' id='word_1_592' title='bbox 416 5199 563 5251; x_wconf 86' lang='lat' dir='ltr'><strong>sunt.</strong></span> <span class='ocrx_word' id='word_1_593' title='bbox 590 5198 644 5244; x_wconf 89' lang='lat' dir='ltr'><strong>et</strong></span> <span class='ocrx_word' id='word_1_594' title='bbox 672 5206 779 5243; x_wconf 90' lang='lat' dir='ltr'><strong>non</strong></span> <span class='ocrx_word' id='word_1_595' title='bbox 808 5192 948 5244; x_wconf 80' lang='lat' dir='ltr'><strong>clam</strong></span> <span class='ocrx_word' id='word_1_596' title='bbox 993 5206 1196 5245; x_wconf 80' lang='lat' dir='ltr'><strong>uxores</strong></span> <span class='ocrx_word' id='word_1_597' title='bbox 1239 5192 1517 5246; x_wconf 77' lang='lat' dir='ltr'><strong>duxerunt</strong></span> <span class='ocrx_word' id='word_1_598' title='bbox 1563 5208 1687 5246; x_wconf 89' lang='lat' dir='ltr'><strong>cum</strong></span> <span class='ocrx_word' id='word_1_599' title='bbox 1735 5196 1994 5263; x_wconf 79' lang='lat' dir='ltr'><strong>exiguum</strong></span> 
     </span>
    </p>
   </div>
   <div class='ocr_carea' id='block_1_98' title="bbox 419 5280 1995 5352">
    <p class='ocr_par' dir='ltr' id='par_1_98' title="bbox 419 5280 1995 5352">
     <span class='ocr_line' id='line_1_98' title="bbox 419 5280 1995 5352; baseline 0.001 -17"><span class='ocrx_word' id='word_1_600' title='bbox 419 5290 635 5351; x_wconf 79' lang='lat' dir='ltr'><strong>tempus</strong></span> <span class='ocrx_word' id='word_1_601' title='bbox 664 5280 1007 5351; x_wconf 76' lang='lat' dir='ltr'><strong>praeterierit,</strong></span> <span class='ocrx_word' id='word_1_602' title='bbox 1062 5291 1116 5336; x_wconf 90' lang='lat' dir='ltr'><strong>et</strong></span> <span class='ocrx_word' id='word_1_603' title='bbox 1155 5280 1497 5336; x_wconf 88' lang='lat' dir='ltr'><strong>orationibus</strong></span> <span class='ocrx_word' id='word_1_604' title='bbox 1547 5291 1601 5336; x_wconf 87' lang='lat' dir='ltr'><strong>et</strong></span> <span class='ocrx_word' id='word_1_605' title='bbox 1633 5280 1862 5352; x_wconf 91' lang='lat' dir='ltr'><strong>jejuniis</strong></span> <span class='ocrx_word' id='word_1_606' title='bbox 1899 5298 1995 5337; x_wconf 81' lang='lat' dir='ltr'><strong>va-</strong></span> 
     </span>
    </p>
   </div>
   <div class='ocr_carea' id='block_1_99' title="bbox 418 5373 1717 5437">
    <p class='ocr_par' dir='ltr' id='par_1_99' title="bbox 418 5373 1717 5437">
     <span class='ocr_line' id='line_1_99' title="bbox 418 5373 1717 5437; baseline 0.002 -10"><span class='ocrx_word' id='word_1_607' title='bbox 418 5374 681 5437; x_wconf 73' lang='lat' dir='ltr'><strong>caverint,</strong></span> <span class='ocrx_word' id='word_1_608' title='bbox 708 5375 790 5428; x_wconf 90' lang='lat' dir='ltr'><strong>eis</strong></span> <span class='ocrx_word' id='word_1_609' title='bbox 813 5388 877 5428; x_wconf 84' lang='lat' dir='ltr'><strong>ex</strong></span> <span class='ocrx_word' id='word_1_610' title='bbox 910 5374 1066 5428; x_wconf 83' lang='lat' dir='ltr'><strong>venia</strong></span> <span class='ocrx_word' id='word_1_611' title='bbox 1100 5374 1218 5429; x_wconf 84' lang='lat' dir='ltr'><strong>dari</strong></span> <span class='ocrx_word' id='word_1_612' title='bbox 1248 5373 1717 5429; x_wconf 90' lang='lat' dir='ltr'><strong>communionem.</strong></span> 
     </span>
    </p>
   </div>
   <div class='ocr_carea' id='block_1_100' title="bbox 2099 4527 3668 4603">
    <p class='ocr_par' dir='ltr' id='par_1_100' title="bbox 2099 4527 3668 4603">
     <span class='ocr_line' id='line_1_100' title="bbox 2099 4527 3668 4603; baseline -0.006 -15"><span class='ocrx_word' id='word_1_613' title='bbox 2099 4534 2431 4603; x_wconf 87' lang='grc' dir='ltr'>καθευδῆσαι</span> <span class='ocrx_word' id='word_1_614' title='bbox 2460 4533 2619 4602; x_wconf 76' lang='grc' dir='ltr'>αὐτῇ,</span> <span class='ocrx_word' id='word_1_615' title='bbox 2673 4532 2748 4602; x_wconf 79' lang='grc' dir='ltr'>μὴ</span> <span class='ocrx_word' id='word_1_616' title='bbox 2780 4531 2908 4602; x_wconf 75' lang='grc' dir='ltr'>ἔλθῃ</span> <span class='ocrx_word' id='word_1_617' title='bbox 2948 4530 3005 4583; x_wconf 84' lang='grc' dir='ltr'><strong>δέ</strong></span> <span class='ocrx_word' id='word_1_618' title='bbox 3039 4532 3118 4593; x_wconf 89' lang='grc' dir='ltr'><strong>είς</strong></span> <span class='ocrx_word' id='word_1_619' title='bbox 3143 4529 3303 4600; x_wconf 73' lang='grc' dir='ltr'>ἔργον</span> <span class='ocrx_word' id='word_1_620' title='bbox 3331 4527 3494 4582; x_wconf 79' lang='grc' dir='ltr'>αὐτοῦ</span> <span class='ocrx_word' id='word_1_621' title='bbox 3526 4528 3557 4597; x_wconf 89' lang='grc' dir='ltr'><strong>ή</strong></span> <span class='ocrx_word' id='word_1_622' title='bbox 3587 4527 3668 4577; x_wconf 80' lang='grc' dir='ltr'><strong>ὲνο</strong></span> 
     </span>
    </p>
   </div>
   <div class='ocr_carea' id='block_1_101' title="bbox 2099 4620 3538 4697">
    <p class='ocr_par' dir='ltr' id='par_1_101' title="bbox 2099 4620 3538 4697">
     <span class='ocr_line' id='line_1_101' title="bbox 2099 4620 3538 4697; baseline -0.006 -17"><span class='ocrx_word' id='word_1_623' title='bbox 2099 4627 2356 4697; x_wconf 77' lang='grc' dir='ltr'>θύμησις,</span> <span class='ocrx_word' id='word_1_624' title='bbox 2386 4626 2633 4693; x_wconf 85' lang='grc' dir='ltr'>φαίνεται</span> <span class='ocrx_word' id='word_1_625' title='bbox 2667 4627 2747 4679; x_wconf 85' lang='grc' dir='ltr'>ὅτι</span> <span class='ocrx_word' id='word_1_626' title='bbox 2772 4625 2876 4678; x_wconf 74' lang='grc' dir='ltr'><strong>ὑπὸ</strong></span> <span class='ocrx_word' id='word_1_627' title='bbox 2902 4623 3003 4693; x_wconf 86' lang='grc' dir='ltr'>τῆς</span> <span class='ocrx_word' id='word_1_628' title='bbox 3030 4622 3253 4692; x_wconf 81' lang='grc' dir='ltr'>χάριτος</span> <span class='ocrx_word' id='word_1_629' title='bbox 3280 4620 3538 4693; x_wconf 81' lang='grc' dir='ltr'>ἐῤῥύσθη.</span> 
     </span>
    </p>
   </div>
   <div class='ocr_carea' id='block_1_102' title="bbox 2172 4710 3670 4787">
    <p class='ocr_par' dir='ltr' id='par_1_102' title="bbox 2172 4710 3670 4787">
     <span class='ocr_line' id='line_1_102' title="bbox 2172 4710 3670 4787; baseline -0.006 -16"><span class='ocrx_word' id='word_1_630' title='bbox 2172 4717 2239 4782; x_wconf 81' lang='grc' dir='ltr'>ζ’.</span> <span class='ocrx_word' id='word_1_631' title='bbox 2282 4715 2663 4787; x_wconf 77' lang='grc' dir='ltr'>Πρεσϐύτερον</span> <span class='ocrx_word' id='word_1_632' title='bbox 2695 4717 2774 4780; x_wconf 88' lang='grc' dir='ltr'><strong>είς</strong></span> <span class='ocrx_word' id='word_1_633' title='bbox 2823 4717 3001 4787; x_wconf 81' lang='grc' dir='ltr'>γάμον</span> <span class='ocrx_word' id='word_1_634' title='bbox 3026 4712 3387 4785; x_wconf 84' lang='grc' dir='ltr'>διγαμοῦντος</span> <span class='ocrx_word' id='word_1_635' title='bbox 3414 4712 3487 4783; x_wconf 78' lang='grc' dir='ltr'>μὴ</span> <span class='ocrx_word' id='word_1_636' title='bbox 3510 4710 3670 4764; x_wconf 79' lang='grc' dir='ltr'>ἑστιᾶ-</span> 
     </span>
    </p>
   </div>
   <div class='ocr_carea' id='block_1_103' title="bbox 2107 4806 2495 4873">
    <p class='ocr_par' dir='ltr' id='par_1_103' title="bbox 2107 4806 2495 4873">
     <span class='ocr_line' id='line_1_103' title="bbox 2107 4806 2495 4873; baseline 0.005 -15"><span class='ocrx_word' id='word_1_637' title='bbox 2107 4806 2253 4873; x_wconf 90' lang='grc' dir='ltr'>σθαι,</span> <span class='ocrx_word' id='word_1_638' title='bbox 2281 4823 2336 4860; x_wconf 88' lang='grc' dir='ltr'><strong>κ.</strong></span> <span class='ocrx_word' id='word_1_639' title='bbox 2365 4823 2415 4858; x_wconf 90' lang='grc' dir='ltr'><strong>τ.</strong></span> <span class='ocrx_word' id='word_1_640' title='bbox 2443 4806 2495 4860; x_wconf 94' lang='grc' dir='ltr'><strong>λ.</strong></span> 
     </span>
    </p>
   </div>
   <div class='ocr_carea' id='block_1_104' title="bbox 2292 4911 3489 4982">
    <p class='ocr_par' dir='ltr' id='par_1_104' title="bbox 2292 4911 3489 4982">
     <span class='ocr_line' id='line_1_104' title="bbox 2292 4911 3489 4982; baseline -0.003 -13"><span class='ocrx_word' id='word_1_641' title='bbox 2292 4914 2564 4970; x_wconf 79' lang='grc' dir='ltr'>Συνόδου</span> <span class='ocrx_word' id='word_1_642' title='bbox 2596 4915 2944 4982; x_wconf 75' lang='grc' dir='ltr'>Λαοδικείας</span> <span class='ocrx_word' id='word_1_643' title='bbox 2972 4914 3174 4970; x_wconf 75' lang='grc' dir='ltr'>κανὼν</span> <span class='ocrx_word' id='word_1_644' title='bbox 3198 4913 3269 4976; x_wconf 85' lang='grc' dir='ltr'><strong>α’,</strong></span> <span class='ocrx_word' id='word_1_645' title='bbox 3301 4913 3355 4979; x_wconf 88' lang='grc' dir='ltr'>ι’,</span> <span class='ocrx_word' id='word_1_646' title='bbox 3385 4911 3489 4967; x_wconf 90' lang='grc' dir='ltr'>λα’.</span> 
     </span>
    </p>
   </div>
   <div class='ocr_carea' id='block_1_105' title="bbox 2176 5002 3663 5079">
    <p class='ocr_par' dir='ltr' id='par_1_105' title="bbox 2176 5002 3663 5079">
     <span class='ocr_line' id='line_1_105' title="bbox 2176 5002 3663 5079; baseline -0.002 -16"><span class='ocrx_word' id='word_1_647' title='bbox 2176 5005 2245 5063; x_wconf 89' lang='grc' dir='ltr'><strong>α’.</strong></span> <span class='ocrx_word' id='word_1_648' title='bbox 2275 5007 2412 5079; x_wconf 71' lang='grc' dir='ltr'>Περὶ</span> <span class='ocrx_word' id='word_1_649' title='bbox 2440 5009 2534 5060; x_wconf 75' lang='grc' dir='ltr'>τοῦ</span> <span class='ocrx_word' id='word_1_650' title='bbox 2566 5009 2675 5060; x_wconf 83' lang='grc' dir='ltr'>δεῖν</span> <span class='ocrx_word' id='word_1_651' title='bbox 2705 5008 2846 5061; x_wconf 79' lang='grc' dir='ltr'>κατὰ</span> <span class='ocrx_word' id='word_1_652' title='bbox 2870 5008 2961 5061; x_wconf 83' lang='grc' dir='ltr'><strong>τὸν</strong></span> <span class='ocrx_word' id='word_1_653' title='bbox 2982 5007 3434 5079; x_wconf 79' lang='grc' dir='ltr'>ἐκκλησιαστικὸν</span> <span class='ocrx_word' id='word_1_654' title='bbox 3458 5002 3663 5060; x_wconf 78' lang='grc' dir='ltr'>κανόνα.</span> 
     </span>
    </p>
   </div>
   <div class='ocr_carea' id='block_1_106' title="bbox 2100 5094 3665 5170">
    <p class='ocr_par' dir='ltr' id='par_1_106' title="bbox 2100 5094 3665 5170">
     <span class='ocr_line' id='line_1_106' title="bbox 2100 5094 3665 5170; baseline -0.006 -18"><span class='ocrx_word' id='word_1_655' title='bbox 2100 5099 2226 5161; x_wconf 79' lang='grc' dir='ltr'>τοὺς</span> <span class='ocrx_word' id='word_1_656' title='bbox 2252 5098 2575 5170; x_wconf 79' lang='grc' dir='ltr'>ἐλευθερίως</span> <span class='ocrx_word' id='word_1_657' title='bbox 2608 5098 2703 5151; x_wconf 71' lang='grc' dir='ltr'><strong>καὶ</strong></span> <span class='ocrx_word' id='word_1_658' title='bbox 2727 5098 2974 5168; x_wconf 86' lang='grc' dir='ltr'>νομίμως</span> <span class='ocrx_word' id='word_1_659' title='bbox 3005 5098 3378 5167; x_wconf 82' lang='grc' dir='ltr'>συναφθέντας</span> <span class='ocrx_word' id='word_1_660' title='bbox 3408 5094 3665 5167; x_wconf 80' lang='grc' dir='ltr'>δευτέροις</span> 
     </span>
    </p>
   </div>
   <div class='ocr_carea' id='block_1_107' title="bbox 2098 5187 3663 5264">
    <p class='ocr_par' dir='ltr' id='par_1_107' title="bbox 2098 5187 3663 5264">
     <span class='ocr_line' id='line_1_107' title="bbox 2098 5187 3663 5264; baseline -0.007 -18"><span class='ocrx_word' id='word_1_661' title='bbox 2098 5194 2319 5264; x_wconf 80' lang='grc' dir='ltr'>γάμοις,</span> <span class='ocrx_word' id='word_1_662' title='bbox 2359 5194 2432 5263; x_wconf 85' lang='grc' dir='ltr'>μὴ</span> <span class='ocrx_word' id='word_1_663' title='bbox 2478 5191 2853 5261; x_wconf 82' lang='grc' dir='ltr'>λαθρογαμίαν</span> <span class='ocrx_word' id='word_1_664' title='bbox 2883 5191 3231 5262; x_wconf 88' lang='grc' dir='ltr'>ποιήσαντες,</span> <span class='ocrx_word' id='word_1_665' title='bbox 3262 5190 3441 5257; x_wconf 84' lang='grc' dir='ltr'>ὀλίγου</span> <span class='ocrx_word' id='word_1_666' title='bbox 3486 5187 3663 5257; x_wconf 77' lang='grc' dir='ltr'>χρόνου</span> 
     </span>
    </p>
   </div>
   <div class='ocr_carea' id='block_1_108' title="bbox 2099 5282 3663 5354">
    <p class='ocr_par' dir='ltr' id='par_1_108' title="bbox 2099 5282 3663 5354">
     <span class='ocr_line' id='line_1_108' title="bbox 2099 5282 3663 5354; baseline -0.004 -17"><span class='ocrx_word' id='word_1_667' title='bbox 2099 5282 2461 5354; x_wconf 78' lang='grc' dir='ltr'>παρελθόντος</span> <span class='ocrx_word' id='word_1_668' title='bbox 2497 5283 2872 5353; x_wconf 82' lang='grc' dir='ltr'>σχολασάντων</span> <span class='ocrx_word' id='word_1_669' title='bbox 2918 5283 3040 5344; x_wconf 88' lang='grc' dir='ltr'>ταῖς</span> <span class='ocrx_word' id='word_1_670' title='bbox 3084 5284 3409 5354; x_wconf 83' lang='grc' dir='ltr'>προσευχαῖς</span> <span class='ocrx_word' id='word_1_671' title='bbox 3452 5282 3543 5333; x_wconf 78' lang='grc' dir='ltr'><strong>καὶ</strong></span> <span class='ocrx_word' id='word_1_672' title='bbox 3573 5293 3663 5344; x_wconf 89' lang='grc' dir='ltr'>νη-</span> 
     </span>
    </p>
   </div>
   <div class='ocr_carea' id='block_1_109' title="bbox 2099 5366 3662 5446">
    <p class='ocr_par' dir='ltr' id='par_1_109' title="bbox 2099 5366 3662 5446">
     <span class='ocr_line' id='line_1_109' title="bbox 2099 5366 3662 5446; baseline -0.006 -18"><span class='ocrx_word' id='word_1_673' title='bbox 2099 5376 2341 5442; x_wconf 83' lang='grc' dir='ltr'>στείαις,</span> <span class='ocrx_word' id='word_1_674' title='bbox 2386 5375 2527 5429; x_wconf 78' lang='grc' dir='ltr'>κατὰ</span> <span class='ocrx_word' id='word_1_675' title='bbox 2583 5373 2916 5446; x_wconf 81' lang='grc' dir='ltr'>συγγνώμην</span> <span class='ocrx_word' id='word_1_676' title='bbox 2960 5372 3303 5428; x_wconf 75' lang='grc' dir='ltr'>ἀποδίδοτθαι</span> <span class='ocrx_word' id='word_1_677' title='bbox 3348 5371 3527 5434; x_wconf 75' lang='grc' dir='ltr'>αὐτοῖς</span> <span class='ocrx_word' id='word_1_678' title='bbox 3573 5366 3662 5435; x_wconf 81' lang='grc' dir='ltr'><strong>τήν</strong></span> 
     </span>
    </p>
   </div>
   <div class='ocr_carea' id='block_1_110' title="bbox 2100 5464 2718 5539">
    <p class='ocr_par' dir='ltr' id='par_1_110' title="bbox 2100 5464 2718 5539">
     <span class='ocr_line' id='line_1_110' title="bbox 2100 5464 2718 5539; baseline 0.006 -21"><span class='ocrx_word' id='word_1_679' title='bbox 2100 5464 2386 5520; x_wconf 85' lang='grc' dir='ltr'>κοινωνίαν</span> <span class='ocrx_word' id='word_1_680' title='bbox 2412 5466 2585 5537; x_wconf 84' lang='grc' dir='ltr'>ὼρίσα</span> <span class='ocrx_word' id='word_1_681' title='bbox 2593 5483 2718 5539; x_wconf 81' lang='grc' dir='ltr'>μεν.</span> 
     </span>
    </p>
   </div>
   <div class='ocr_carea' id='block_1_111' title="bbox 491 5636 3655 5717">
    <p class='ocr_par' dir='ltr' id='par_1_111' title="bbox 491 5636 3655 5717">
     <span class='ocr_line' id='line_1_111' title="bbox 491 5636 3655 5717; baseline 0.001 -27"><span class='ocrx_word' id='word_1_682' title='bbox 491 5640 602 5717; x_wconf 67' lang='lat'><strong>(30)</strong></span> <span class='ocrx_word' id='word_1_683' title='bbox 649 5640 762 5699; x_wconf 87' lang='lat' dir='ltr'><strong>lloc</strong></span> <span class='ocrx_word' id='word_1_684' title='bbox 791 5643 1018 5715; x_wconf 80' lang='lat' dir='ltr'><strong>intelligi</strong></span> <span class='ocrx_word' id='word_1_685' title='bbox 1066 5653 1241 5714; x_wconf 85' lang='lat' dir='ltr'><strong>potest</strong></span> <span class='ocrx_word' id='word_1_686' title='bbox 1281 5642 1348 5701; x_wconf 87' lang='lat' dir='ltr'><strong>de</strong></span> <span class='ocrx_word' id='word_1_687' title='bbox 1383 5640 1467 5698; x_wconf 88' lang='lat' dir='ltr'><strong>his</strong></span> <span class='ocrx_word' id='word_1_688' title='bbox 1500 5642 1591 5712; x_wconf 79' lang='lat' dir='ltr'><strong>qui</strong></span> <span class='ocrx_word' id='word_1_689' title='bbox 1627 5644 1707 5697; x_wconf 82' lang='lat' dir='ltr'><strong>vel</strong></span> <span class='ocrx_word' id='word_1_690' title='bbox 1741 5659 1864 5700; x_wconf 85' lang='lat' dir='ltr'><strong>eum</strong></span> <span class='ocrx_word' id='word_1_691' title='bbox 1896 5646 2307 5715; x_wconf 70' lang='lat' dir='ltr'><strong>pecorilius,vel</strong></span> <span class='ocrx_word' id='word_1_692' title='bbox 2356 5661 2503 5702; x_wconf 89' lang='lat' dir='ltr'><strong>more</strong></span> <span class='ocrx_word' id='word_1_693' title='bbox 2568 5648 2835 5717; x_wconf 85' lang='lat' dir='ltr'><strong>pecudum</strong></span> <span class='ocrx_word' id='word_1_694' title='bbox 2897 5663 3021 5703; x_wconf 92' lang='lat' dir='ltr'><strong>cum</strong></span> <span class='ocrx_word' id='word_1_695' title='bbox 3091 5646 3391 5717; x_wconf 82' lang='lat' dir='ltr'><strong>propinquo</strong></span> <span class='ocrx_word' id='word_1_696' title='bbox 3412 5636 3655 5708; x_wconf 78' lang='lat' dir='ltr'><strong>sangUine</strong></span> 
     </span>
    </p>
   </div>
   <div class='ocr_carea' id='block_1_112' title="bbox 421 5715 746 5769">
    <p class='ocr_par' dir='ltr' id='par_1_112' title="bbox 421 5715 746 5769">
     <span class='ocr_line' id='line_1_112' title="bbox 421 5715 746 5769; baseline 0.018 -6"><span class='ocrx_word' id='word_1_697' title='bbox 421 5715 564 5767; x_wconf 76' lang='lat' dir='ltr'><strong>nnsti</strong></span> <span class='ocrx_word' id='word_1_698' title='bbox 600 5723 746 5769; x_wconf 80' lang='lat' dir='ltr'><strong>sunt.</strong></span> 
     </span>
    </p>
   </div>
  </div>
