3766 6198
152 219 266 285 893
1017 216 1414 280 SYNTAGMA
1449 214 1839 276 CANONUM.
1872 239 1941 251 -
1963 215 2113 276 'I‘lT.
2147 216 2320 288 XIII,
2360 215 2518 277 CAP.
2560 215 2645 277 II.
3332 208 3437 275 894

231 332 288 389 ι’.
328 332 466 405 Περὶ
510 333 606 386 τοῦ
643 330 719 403 μὴ
748 330 860 385 δεῖν
905 331 1033 393 τοὺς
1077 330 1176 401 τῆς
1222 330 1555 401 Ἐκκλησίας
1598 328 1718 382 ἀδια

1950 328 2018 383 l0.
2054 328 2173 382 Non
2203 338 2464 398 oportere
2485 341 2581 382 eos
2610 325 2701 394 qui
2730 332 2859 380 sunt
2878 321 3157 386 Ecclesia,
3182 320 3437 376 indiscri-

156 426 344 498 φόρως
373 425 507 496 πρὸς
546 425 725 493 γάμου
758 423 1042 479 κοινωνίαν
1074 423 1370 479 συνάπτειν
1414 423 1485 476 τὰ
1535 423 1643 476 ιέαυ⁴

1952 420 2095 474 latim
2129 434 2260 475 suos
2293 418 2431 475 ﬁlios
2477 416 2749 475 haereticis
2799 414 3154 472 matrimonio
3206 411 3439 483 conjun-

157 519 354 573 παιδία
383 519 705 588 αίρετικοῖς.
1148 540 1157 548 ·

505 519 705 581 τικοῖς.
1148 540 1157 548 ·
1848 527 1992 583 gere.

230 612 337 670 λα’.
379 612 505 665 Ὅτι
533 611 594 664 οὐ
623 610 703 663 δεῖ
737 609 874 682 πρὸς
902 610 1110 675 πάντας
1149 609 1480 682 αἱρετικοὺς,
1516 624 1571 663 κ.
1604 621 1656 662 τ.
1693 607 1717 658 λ

1950 606 2011 659 ιι.
2052 603 2208 671 Quod
2238 619 2347 663 non
2379 610 2595 674 oportet
2651 616 2778 658 cum
2812 598 2963 657 omni
2993 595 3272 663 hazretico,
3307 603 3437 659 etc.,

431 795 703 851 Συνόδου
730 794 1121 863 Χαλκηδόνος
1150 792 1354 848 κανὼν
1385 790 1481 856 ις’.
1848 706 1909 753 ω

1848 706 1909 753 ut
1930 715 2052 769 pag.
2088 698 2217 753 883.

2124 784 2349 841 Concilii
2379 783 2828 841 Chalcedonensis
2859 796 3033 835 canon
3076 778 3164 834 16.

236 887 337 956 ις’.
380 889 656 960 Παρθένον
683 887 881 959 ἑαυτὴν
912 886 1227 955 ἀναθεῖσαν,
1257 903 1312 941 κ.
1337 901 1391 939 τ.
1414 883 1467 938 λ.

1960 880 2013 935 6.
2045 878 2325 949 Virginem
2360 894 2482 950 quae
2509 893 2569 934 se
2599 877 2832 935 Domino
2855 874 2966 933 Deo
2993 870 3285 934 dedicavit,
3310 878 3443 930 etc.,

232 1076 511 1136 Συνόδου
538 1071 955 1214 οἱκουμενικρῆς
977 1072 1165 1211 ἕκτης
1205 1069 1408 1127 κανὼν
1447 1068 1548 1139 νγ’,
1589 1067 1683 1133 νδ’,

835 1162 863 1197 ο
921 1183 936 1208 ,
1016 1149 1084 1213 η’.

1868 984 1915 1031 tu
1953 992 2075 1045 pag.
2108 975 2234 1029 754.

1942 1068 2172 1125 Concilii
2206 1065 2514 1123 mcurnenici
2539 1078 2594 1119 vl
2624 1076 2850 1118 canones
2883 1059 2975 1125 55,
3005 1058 3099 1122 54,
3142 1056 3232 1119 72,
3263 1054 3355 1110 98.

835 1163 863 1197 ο
921 1183 936 1208 ,
1052 1163 1084 1197 ’.

242 1239 347 1311 νγ¹.
400 1238 621 1309 Ἐπειδὴ
650 1163 912 1309 μείζωνέ
941 1163 1084 1289 κέἓὰ
1111 1233 1331 1303 πνεῦμα
1359 1232 1627 1301 οἰκειότης
1659 1231 1726 1301 τῆ

1962 1251 2028 1306 i5.
2069 1249 2340 1315 Quoniam
2373 1243 2641 1316 spiritalis
2673 1238 3023 1299 necessitudo
3058 1251 3156 1293 seu
3215 1232 3449 1287 allinitas

158 1334 283 1388 τῶν
318 1331 587 1402 σωμάτων
618 1328 934 1398 συναφείας,
969 1326 1216 1396 ἔγνωμεν
1244 1324 1301 1378 δὲ
1328 1324 1386 1378 ἐν
1412 1340 1523 1377 τισι
1571 1322 1645 1375 τότ

1965 1354 2159 1410 porum
2224 1333 2618 1406 conjunctione
2665 1329 2843 1398 major
2891 1336 3010 1387 est,
3068 1325 3123 1379 in
3172 1321 3448 1376 nonnullis

161 1427 327 1491 τινὰς
376 1428 441 1479 ἐκ
486 1423 584 1478 τοῦ
629 1423 787 1490 ἁγίου
835 1423 929 1474 καὶ
973 1418 1354 1489 σωτηριώδους
1386 1416 1648 1487 βαπτίσμι

1966 1450 2044 1487 em
2076 1432 2213 1486 locis
2246 1427 2609 1499 c0gnovimus
2634 1422 2928 1493 quosdam,
2961 1417 3052 1488 qui
3080 1431 3144 1472 ex
3180 1422 3371 1470 sancto
3399 1420 3453 1465 et

161 1520 376 1581 παῖδας
405 1516 855 1587 ἀναδεχομένους,
888 1512 1028 1584 μετά
1056 1512 1212 1566 τοῦτο
1238 1513 1359 1575 ταῖς
1399 1510 1625 1563 ἐκείνων

1968 1523 2095 1578 itari
2162 1520 2485 1590 baptismate
2552 1514 2799 1571 infantes
2864 1510 3205 1580 suscipiunt,
3267 1513 3454 1576 postea

162 1611 338 1682 τράσι
362 1607 721 1681 χηρευούσαις
748 1604 985 1677 γαμικὸν
1020 1603 1485 1666 συναλλάσσοντας
1522 1619 1647 1656 συνο

1965 1630 2090 1685 ique
2127 1630 2249 1667 cum
2280 1611 2552 1667 matribus
2578 1609 2797 1664 illorum
2830 1604 3009 1663 viduis
3040 1599 3452 1655 matrimonium

167 1678 318 1765 ctov,
363 1678 631 1775 rdpii’ouev
682 1698 791 1752 ἀπὸ
842 1697 936 1751 τοῦ
985 1696 1251 1766 παρόντος
1305 1693 1473 1764 μηδὲν
1523 1692 1654 1749 τοιοὶ

1970 1706 2222 1769 itrahere,
2285 1703 2579 1758 statuimus
2628 1709 2689 1753 Iit
2744 1699 2798 1753 in
2849 1704 3127 1765 posterum
3180 1689 3315 1745 nihil
3364 1689 3457 1742 liat

167 1794 522 1870 πραχθῆναι.
586 1790 653 1844 Εί
680 1790 737 1844 δέ
770 1806 915 1853 τινες
948 1787 1084 1858 μετὰ
1131 1787 1221 1840 τὸν
1270 1786 1516 1857 παρόντα
1563 1802 1654 1838 και

1974 1797 2174 1853 smodi.
2208 1794 2265 1851 Si
2297 1795 2389 1864 qui
2424 1802 2609 1848 autem
2656 1800 2779 1861 post
2810 1794 3135 1859 praesentem
3190 1796 3455 1837 canonean

166 1886 486 1962 φωραθεῖεν
538 1883 700 1938 τοῦτο
748 1879 1062 1947 ποιοῦντες,
1123 1877 1497 1950 πρωτοτύπως
1560 1878 1653 1947 μέν

1974 1908 1984 1947 ξ
2011 1891 2191 1946 facere
2226 1886 2552 1956 deprehensi
2586 1884 2815 1946 fuerint,
2843 1881 2878 1934 ii
2908 1879 3129 1948 quidem
3160 1875 3325 1945 ωε
3347 1871 3461 1941 pri-

167 1978 414 2035 τοιοῦτοι
460 1973 883 2045 ἀφιστάσθωσαν
930 1970 1023 2024 τοῦ
1073 1969 1390 2040 παρανόμου
1416 1967 1654 2021 τούτους

1997 1984 2064 2037 ab
2093 1983 2196 2036 hoc
2237 1980 2425 2035 illicito
2467 1975 2821 2032 matrimonio
2860 1973 3151 2035 desistant,
3183 1968 3381 2023 deinde
3410 1974 3463 2022 et

171 2071 445 2136 οικεσίου,
475 2070 670 2122 ἔπειτα
702 2065 758 2120 δὲ
783 2064 876 2119 καὶ
910 2065 1024 2126 τοῖς
1048 2061 1158 2116 τῶν
1190 2060 1563 2132 πορνευόντων
1592 2060 1658 2113 ἐπ

1418 2062 1563 2114 ίντων
1592 2060 1768 2115 έπιτι·
1879 2075 2277 2131 fornicatorum
2307 2071 2484 2143 pinnis
2515 2068 2905 2140 subjiciantur.

175 2166 331 2238 μίοις
364 2160 847 2232 ὑποϐληθήτωσαν.

259 2257 354 2313 νδ¹.
394 2258 507 2327 Τῆς
555 2253 707 2317 θείας
762 2251 910 2321 ἡμᾶς
956 2247 1100 2302 οὕτω
1144 2240 1746 2315 σαφῶςὲκδιδασκοὺσηε

1978 2264 2042 2319 ii.
2084 2261 2220 2316 Cum
2271 2259 2454 2315 divina
2502 2257 2784 2327 Scriptura
2828 2269 2929 2309 nos
2976 2260 3162 2323 aperte
3210 2249 3405 2304 doceat
3446 2264 3465 2303 :

175 2351 432 2424 Γραφῆς’
454 2349 575 2402 Οὐκ
596 2344 920 2410 εὶσελεύσῃ
934 2341 1082 2410 πρὸς
1099 2339 1297 2394 πάντα
1309 2337 1532 2393 οἰκεῖον
1543 2354 1660 2406 σαρ

1979 2373 2009 2409 n
2056 2352 2369 2424 ingrediaris
2424 2351 2492 2403 ad
2544 2364 2749 2402 omnem
2797 2346 3238 2414 consanguineam
3292 2341 3466 2394 carnis

177 2442 731 2510 σου,ἀποκαλύψαι
753 2435 1200 2505 ἀσχημοσύνην
1228 2433 1437 2496 αὐτοῦ,
1466 2433 1494 2485 ὁ
1519 2432 1664 2499 θεοφι

1983 2446 2103 2501 ead
2164 2442 2501 2498 revelandam
2556 2439 2672 2503 eius
2727 2436 3115 2506 turpitudinem
3157 2432 3198 2493 ⁸.
3249 2431 3470 2486 divinus

180 2537 469 2598 Βασίλειος
484 2532 606 2587 τινὰ
631 2531 741 2587 τῶν
774 2525 1241 2602 ἀπηγορευμένων
1264 2525 1458 2594 γάμων
1481 2524 1539 2576 ἐν
1555 2525 1667 2585 τοῖς

1986 2536 2125 2589 iilius
2152 2534 2175 2568 ⁸
2218 2532 2513 2589 nonnullas
2570 2528 2871 2599 prohiliitas
2901 2525 3122 2594 nuptias
3148 2524 3201 2595 in
3232 2523 3348 2577 suis
3379 2537 3473 2575 ca-

180 2630 361 2692 κείοις
406 2627 624 2682 κανόσιν
687 2621 1147 2693 ἁπηριθμήσατο,
1200 2619 1377 2687 σιωπῇ
1418 2616 1487 2671 τὰ
1545 2615 1667 2668 πλεῖ

1987 2626 2125 2680 libus
2151 2622 2523 2685 enumeravit,
2555 2619 2744 2673 multis
2793 2617 3015 2671 silentio
3065 2613 3382 2684 prazteritis,
3419 2623 3474 2667 et

186 2718 595 2795 παραδραμὼν,
624 2716 718 2773 καὶ
750 2715 869 2770 κατ’
894 2713 1180 2784 ἀμφότερα
1207 2710 1621 2771 κατασκευάσας
1645 2710 1673 2778 ἡ

2008 2715 2256 2785 utrisque
2284 2712 2444 2766 nobis
2464 2710 2756 2765 utilitatem
2791 2706 2991 2761 attulit.
3020 2704 3287 2774 Turpium
3324 2702 3471 2756 enim

183 2813 252 2868 τὸ
275 2794 677 2882 ὦφέλιμον.Τὸ
698 2807 807 2879 γὰρ
833 2805 941 2859 τῶν
969 2803 1211 2875 αἰσχρῶν
1236 2801 1543 2872 ὀνομασιῶν
1572 2800 1670 2853 πλί

1985 2809 2178 2862 ninum
2208 2804 2564 2859 multitudine
2594 2802 2827 2862 evitata,
2855 2814 2925 2852 ne
2951 2797 3131 2851 verbis
3167 2794 3472 2851 orationem

186 2902 695 2974 παραιτησάμενος,
722 2898 797 2961 ὡς
827 2898 894 2952 ἂν
927 2897 1005 2968 μὴ
1027 2896 1119 2949 τὸν
1141 2895 1297 2963 λόγον
1319 2893 1671 2965 καταρρυπαί

1987 2903 2177 2963 lueret,
2212 2896 2562 2968 generalibus
2596 2892 2913 2948 nominibus
2946 2888 3292 2959 impuritatvs
3320 2902 3474 2941 com-

186 2999 309 3060 τοτς
339 2995 548 3066 ῥήμασι
575 2992 810 3062 γενικοῖς
842 2989 1014 3058 ὄνομα
1043 2987 1143 3053 τῆς
1165 2985 1507 3056 ἀκαθαρσίας
1538 2985 1673 3039 διέλο

1990 3008 2083 3046 xus
2117 3000 2222 3053 est,
2260 3004 2360 3059 per
2386 3002 2528 3057 quas
2572 2986 2785 3055 legibus
2816 2983 3018 3037 vetitas
3064 2982 3283 3049 nuptias
3319 2979 3477 3033 nobis

188 3090 261 3144 δι’
303 3081 380 3144 ὧν
427 3084 791 3157 περιεκτικιῖκ
835 3083 969 3152 ἡμῖν
1014 3080 1140 3141 τοὺς
1190 3079 1541 3149 παρανόμους
1573 3077 1675 3147 γάρ

1989 3099 2182 3142 ιιιιηηιιι
2208 3080 2468 3139 ostendit.
2486 3080 2756 3146 Quoniam
2773 3082 3191 3142 autempmpter
3207 3070 3476 3140 ejusmodi

194 3180 502 3246 ὑπέδειξεν·
547 3176 737 3247 ἐπειδὴ
777 3176 843 3245 τῇ
878 3171 1105 3243 τοιαύτῃ
1145 3172 1347 3241 σιωπῇ,
1391 3169 1486 3223 καὶ
1521 3168 1599 3240 τῷ
1632 3169 1681 3221 ἀί

1989 3178 2195 3238 ιιιιίυιη,
2227 3182 2282 3229 et
2316 3172 2461 3241 quod
2497 3185 2606 3223 non
2655 3167 2892 3223 discerni
2941 3174 3127 3235 posset
3161 3163 3476 3217 illicitarum

194 3272 424 3344 γνώστῳ
468 3270 571 3339 τῆς
617 3269 728 3322 τῶν
783 3266 1040 3337 ἀθέσμων
1095 3262 1291 3332 γάμων
1358 3260 1680 3331 ἀπαγορεύσ

2021 3270 2206 3320 iarum
2239 3261 2558 3334 prohibitio,
2585 3260 2819 3328 scipsam
2839 3268 3035 3311 natura
3064 3255 3309 3309 confudit
3336 3271 3351 3308 :
3378 3268 3508 3307 no-.

194 3362 401 3432 ἑαυτὴν
433 3362 466 3431 ἡ
494 3359 656 3429 φύσις
688 3357 928 3427 συνέχεε,
979 3351 1294 3421 συνείδομεν
1340 3351 1675 3419 γυμνότερον

2007 3361 2183 3414 visum
2214 3364 2295 3411 est
2334 3370 2399 3410 ea
2437 3355 2600 3424 paulo
2631 3350 2879 3422 apertius
2909 3364 3208 3419 exponere.
3256 3348 3325 3401 ab
3370 3349 3476 3401 hoc

195 3456 329 3528 περὶ
355 3452 547 3508 τούτου
580 3449 864 3514 ἐκθέσθαι,
905 3445 1179 3519 ὁρίζοντες
1212 3444 1321 3498 ἀπὸ
1350 3441 1443 3495 τοῦ
1474 3439 1569 3495 νῦν
1602 3440 1682 3493 τὸν

1990 3468 2149 3523 nceps
2175 3460 2419 3520 tempore
2454 3449 2839 3502 decernentes.
2871 3452 2932 3497 ut
2970 3442 3062 3511 qui
3111 3457 3237 3495 cum
3297 3440 3477 3509 patrui

193 3548 380 3620 οἰκείᾳ
428 3544 698 3615 ἐξαδέλφῃ
756 3542 894 3612 πρὸς
948 3539 1129 3609 γάμου
1185 3536 1475 3591 κοινωνίαν
1514 3551 1680 3587 συνατ

2012 3546 2119 3600 lilia
2164 3540 2501 3598 matrimonii
2555 3538 2874 3593 societatem
2926 3534 3146 3598 inierit;
3190 3532 3273 3585 vel
3326 3539 3482 3601 pater

200 3657 389 3714 μενον,
437 3639 472 3709 ἢ
516 3635 731 3706 πατέρα
760 3633 857 3688 καὶ
889 3631 1003 3687 υἱὸν
1034 3629 1202 3701 μητρὶ
1226 3629 1321 3683 καὶ
1348 3626 1598 3695 θυγατρὶ,
1633 3625 1666 3694 ἢ

1995 3640 2142 3701 ilius,
2170 3636 2262 3706 qui
2300 3650 2425 3689 cum
2461 3640 2637 3685 matre
2672 3637 2728 3683 et
2759 3629 2901 3694 filia;
2945 3627 3030 3680 vel
3086 3641 3212 3681 cum
3264 3625 3482 3679 duabus

196 3735 394 3806 κόραις
431 3729 685 3799 ἀδελφαῖς
733 3726 945 3796 πατέρα
986 3723 1083 3777 καὶ
1121 3722 1259 3785 υἱὸν,
1302 3720 1335 3790 ἢ
1378 3719 1622 3787 ἀδελφοῖς
1665 3716 1683 3770 ε

2000 3732 2092 3785 ηΙΙῙε
2146 3730 2430 3785 sororibus
2476 3734 2628 3796 pater
2661 3731 2716 3778 et
2760 3723 2933 3787 filius;
2971 3720 3056 3774 vel
3101 3735 3225 3774 cum
3272 3718 3487 3772 duobus

202 3827 419 3901 μητέρα
453 3824 550 3878 καὶ
600 3820 898 3892 θυγατέρα,
935 3818 969 3888 ἢ
1017 3816 1281 3885 ἀδελφοὺς
1319 3814 1413 3868 δύο
1446 3813 1599 3868 δυσὶν
1632 3813 1689 3865 di

1999 3822 2163 3876 ribus
2188 3829 2362 3874 mater
2390 3827 2444 3872 et
2475 3817 2608 3878 ﬁlia,
2636 3814 2720 3868 vel
2750 3812 2949 3868 fratres
2976 3812 3087 3867 duo
3111 3826 3235 3866 cum
3271 3810 3486 3864 duabus

201 3925 351 3994 φαῖς,
384 3919 489 3974 ὑπὸ
510 3919 600 3972 τὸν
629 3918 726 3987 τῆς
753 3913 1047 3976 ἑπταετίας
1074 3910 1294 3963 πίπτειν
1317 3907 1538 3969 κανόνα,
1561 3908 1688 3973 ἀφισ

2001 3914 2208 3977 nribus,
2244 3911 2297 3964 in
2336 3907 2609 3979 scptennii
2646 3920 2910 3961 canonem
2955 3904 3216 3963 incidant,
3263 3902 3330 3956 iis
3364 3917 3488 3972 pro-

208 3993 390 4087 μένων
441 4011 623 4066 αὐτῶν
682 4006 964 4087 προδήλως
1016 4002 1113 4056 τοῦ
1162 4000 1486 4072 παρανόμου
1546 4014 1694 4055 συνοι

1747 4014 1792 4050 ε·
1897 4005 1987 4060 cul
2010 4003 2176 4059 dubio
2201 4001 2467 4069 separatis
2496 4014 2526 4053 a
2561 3995 2773 4051 nefario
2805 3993 3166 4049 contubernio
3191 3994 3234 4046 ⁸.

204 4105 345 4159 σίου.

275 4198 378 4269 οβ’.
415 4195 508 4266 Μὴ
549 4192 755 4259 ἐξέστω
804 4185 1086 4261 ὀρθόδοξον
1132 4185 1327 4256 ἄνδρα,
1375 4181 1626 4252 αἱρετικῇ
1660 4195 1759 4233 συν

2004 4192 2063 4245 '2.
2094 4187 2213 4242 Non
2263 4185 2428 4239 licere
2470 4182 2649 4236 virum
2697 4176 3065 4234 orthodoxum
3104 4189 3227 4229 cum
3264 4170 3491 4227 muliere

203 4294 477 4351 ἅπτεσθαι
507 4288 748 4360 γυναικὶ,
778 4304 833 4340 κ.
861 4303 913 4340 τ.
942 4283 992 4338 λ.

1902 4283 2157 4338 hmretica
2184 4276 2466 4347 conjungi,
2496 4283 2625 4335 etc.,
2658 4281 2716 4325 ut
2740 4287 2864 4341 pag.
2899 4269 3029 4325 883.

278 4384 393 4455 lm'.
445 4356 718 4452 'Ovérépqi
775 4376 1202 4449 μνηστευθεϊσαν
1250 4372 1523 4442 γυναῖκα,
1571 4368 1653 4423 ἔτι
1700 4386 1762 4422 το

2010 4375 2061 4429 8.
2089 4372 2193 4440 Qui
2208 4370 2362 4426 alteri
2381 4370 2766 4437 desponsatam
2785 4363 3066 4417 mulierem
3086 4375 3150 4414 eo
3168 4358 3348 4413 adhuc
3369 4356 3493 4409 vivo

210 4451 696 4555 μνηστευσαμένου
727 4471 949 4536 ζῶντος,
977 4468 1111 4538 πρὸς
1142 4464 1322 4535 γάμου
1354 4462 1641 4517 κοινωνίαν
1666 4463 1697 4516 ά

2040 4467 2373 4534 desponsata
2403 4469 2503 4522 est,
2543 4457 2597 4511 in
2637 4457 2948 4526 nuptiarum
2979 4452 3129 4508 ducit
3154 4451 3489 4513 societatem,

210 4549 394 4647 μενος,
430 4568 510 4637 τῷ
537 4566 635 4634 τῆς
664 4563 909 4635 μοιχείας
934 4558 1243 4614 ὑποκείσθω
1272 4555 1602 4626 ἐγκλήματι.

1298 4555 1602 4647 inlutis“-
1908 4558 2161 4639 adulterii
2198 4552 2417 4609 crimini
2440 4549 2785 4618 subjiciatur.

375 4633 646 4717 Συνὲόδόυ
666 4633 793 4723 τῆς
827 4652 1097 4718 ἐνώσεως
1121 4648 1325 4704 κανὼν
1361 4645 1432 4713 α’,
1466 4644 1533 4717 β’,
1568 4643 1637 4713 γ’.

2110 4636 2119 4639 ’
2219 4641 2443 4701 Concilii
2469 4639 2677 4693 umonis
2703 4652 2928 4691 canones
2964 4635 3017 4701 1,
3061 4633 3117 4696 ‘2,
3146 4634 3182 4688 ‘5

278 4755 354 4809 α’.
394 4754 664 4822 Τέταρτον
710 4748 888 4817 γάμον
922 4745 1109 4816 μηδενὶ
1145 4741 1470 4812 τολμᾶσθαι,
1512 4736 1628 4793 ἀλλ’
1661 4730 1765 4790 εἷνο

2009 4740 2142 4813 ᾒοῚ
2176 4737 2227 4791 i.
2255 4735 2457 4789 Tribus
2518 4730 2723 4800 nuptiis
2786 4738 3010 4799 quartas
3046 4725 3281 4795 adjicere
3336 4734 3496 4774 nemo

207 4848 522 4916 ἀπόϐλητον
540 4813 852 4907 news-16k,
898 4813 951 4892 εί
975 4813 1059 4901 τις
1088 4838 1183 4890 ἐπὶ
1206 4834 1448 4889 τοιοῦτον
1473 4832 1650 4885 ἐλθεῖν
1677 4846 1694 4881 c

1999 4839 2224 4894 esumat,
2263 4829 2355 4882 sed
2383 4840 2610 4896 prorsus
2644 4822 2713 4876 ab
2739 4821 2805 4875 iis
2835 4820 3126 4879 abstineat,
3154 4831 3217 4870 ac
3249 4813 3486 4869 recorde-

210 4906 452 4996 οικέσιον
497 4936 901 5009 προθυμηθείη,
954 4934 1132 5001 πάσης
1176 4925 1621 4998 ἀπεστερημένον
1662 4918 1697 4975 si

2022 4940 2080 4979 se
2116 4939 2209 4994 per
2238 4921 2345 4976 tale
2369 4918 2581 4973 facinus
2624 4916 2693 4969 ab
2732 4915 2878 4967 omni
2921 4908 3200 4967 communi
3232 4906 3494 4961 ecclesia-

217 5035 495 5097 συνάξεως
530 4994 1008 5102 ἐκκλησίαστίκῆς,
1058 4994 1155 5078 καὶ
1191 5022 1363 5089 αὐτῆς
1389 4994 1508 5089 ⁷’τῆς
1550 5017 1685 5088 πρὸς

2000 5033 2069 5081 :a,
2102 5017 2213 5068 imo
2237 5013 2305 5067 ab
2330 5008 2478 5065 omni
2508 5007 2655 5062 aditu
2682 5007 2880 5061 domus
2906 5016 3075 5061 sacrae
3102 4999 3385 5053 exclusum
3416 4994 3487 5048 iri

217 5082 390 5196 ἆγιοπῑ
411 5082 777 5179 vatva“
807 5082 1107 5188 ἀλλότριον,
1145 5082 1336 5187 μέχρις
1366 5112 1432 5167 ἂν
1458 5082 1704 5179 ἐπιμένοι

2039 5121 2202 5163 omne
2230 5113 2446 5172 tempus
2466 5114 2578 5169 quo
2612 5098 2723 5152 isto
2767 5097 2893 5148 vita:
2925 5104 3129 5163 genere
3167 5096 3374 5140 utatur.
3406 5082 3499 5139 Sic

2287 5194 2293 5196 _
2446 5192 2456 5196 _
2643 5189 2653 5196 _
3077 5180 3115 5196 _,
3143 5180 3178 5196 ,ί
3273 5174 3475 5196 _._‘__=_

222 5218 573 5287 συνοικεσίῳ.
622 5211 797 5269 Τοῦτο
848 5213 958 5282 γὰρ
1004 5209 1098 5263 καὶ
1146 5211 1259 5271 τοῖς
1293 5205 1399 5277 πρὸ
1429 5202 1589 5275 ἡμῶν
1633 5202 1704 5267 ἀγ

2010 5214 2054 5251 rn
2123 5194 2331 5252 sanctis
2376 5192 2531 5262 prius
2586 5189 2748 5244 etiam
2805 5199 2968 5255 quam
3030 5180 3211 5242 nobis,
3273 5174 3497 5245 placuit.

218 5269 667 5380 ἐδδξιένῇατράσι,
690 5307 785 5360 καὶ
816 5269 975 5375 ἡμεῖς
997 5304 1053 5356 δὲ
1082 5303 1180 5373 τὴν
1205 5269 1431 5369 γνώμην
1452 5269 1703 5364 ἐνδηλοτέ

2017 5304 2081 5345 im
2105 5287 2324 5358 quidem
2373 5280 2696 5339 sententiam
2732 5271 3081 5331 dilucidaturi
3110 5269 3504 5325 conﬁrmamus

223 5364 533 5469 ποιοῦντες,
562 5403 636 5467 ὡς
664 5364 942 5471 ἀλλότριον
966 5364 1257 5462 αὐτδνπῆς
1286 5364 1675 5462 Χριτστιανικῆς
1708 5409 1710 5417 ι

1907 5381 2176 5452 ejusmodi
2203 5377 2419 5450 nuptias
2448 5372 2693 5435 moribus
2712 5364 3045 5425 Christianis
3071 5373 3394 5432 repugnare.

226 5503 432 5566 λιτείας
464 5497 916 5568 ἀποκηρύττομεν
936 5512 949 5526 ·
1000 5493 1116 5548 ἀλλ’
1141 5490 1285 5545 οὓτω
1318 5487 1419 5560 μὲν
1446 5485 1575 5557 περὶ
1602 5482 1699 5537 τοῦ
1733 5481 1994 5552 τετάρτου
2029 5479 2233 5549 γάμου,

306 5662 326 5691 ⁸
365 5659 517 5716 Levit
567 5671 721 5723 xvui,
750 5657 837 5712 06.
916 5654 935 5685 ⁸
968 5654 1105 5708 Cati.
1154 5649 1221 5704 88
1264 5657 1318 5703 el
1361 5644 1452 5702 68.
1530 5646 1549 5677 δ
1594 5642 1721 5699 Vide
1750 5656 1872 5698 can.
1903 5639 1973 5695 ‘33
2014 5636 2197 5690 Basilii
2231 5633 2294 5689 ad
2332 5627 2671 5697 Amphilocli.
