3904 6220
410 246 534 323 '895

1569 251 1827 311 ΡΠΟΤΙΙ
1867 250 1971 310 PA',

2077 251 2365 318 [ΑΠΕΙῙᾹΞ
2405 262 2515 327 Cp.
3540 298 3624 361 89,6

404 387 415 391 θ
496 369 552 423 2.
567 366 671 424 Sed
683 364 1042 424 secundarum
1058 362 1676 435 quoquetertiarumquc
1688 364 1971 432 nuptiarur

2176 364 2241 436 β’.
2283 368 2397 423 Ἵνα
2428 372 2610 471 eam
2642 377 2709 431 τά
2745 378 2853 433 τῶν
2884 380 3057 437 ἄλλων
3099 387 3285 459 γάμων
3328 394 3621 471 εὐσχημονέ-

430 461 769 516 conditiones
825 457 1173 514 excusatione
1222 471 1359 527 opus
1392 456 1592 511 habent
1621 466 1807 526 utpote
1828 456 1995 510 Chri-

2100 474 2288 567 στερον
2341 466 2603 538 τυπωθῇ,
2656 470 2749 533 καὶ
2791 473 2885 526 τοῦ
2915 476 3023 532 τῶν
3052 479 3383 549 Χριστιανῶν
3422 466 3529 560 ίβίὲυ
3562 498 3625 567 μὴ

425 555 725 609 stianorum
788 551 1034 605 moribus
1084 551 1267 605 minus
1311 555 1695 617 congruentes.
1729 548 1795 603 Et
1822 548 1971 603 tertia

2097 552 2314 655 ἀνάξιον
2344 554 2439 655 ἔχη
2471 558 2570 630 τὴν
2597 567 3002 655 προσαγωγὴν,
3050 548 3143 624 καὶ
3188 578 3310 644 περὶ¹
3350 548 3437 634 τοῦ
3465 548 3623 655 spiro:

406 645 643 714 quidem
680 658 709 698 a
736 641 990 696 Patribus
1044 641 1177 710 ipsis
1225 640 1409 695 minus
1452 640 1587 695 bene
1624 649 1681 695 et
1728 656 1836 695 non
1873 641 1993 695 sine

423 746 548 790 nota
603 733 880 789 sorditatis
934 731 1477 787 commendabantur.
1544 729 1681 785 Cum
1732 730 1878 784 enim
1921 731 1991 786 ob

420 826 681 897 majorem
715 816 1097 880 verecundiam
1122 839 1184 879 ea
1218 838 1304 878 res
1328 816 1333 821 ’
1356 823 1562 891 pudore
1600 837 1709 877 non
1740 823 1988 887 vacabat,

420 932 539 982 nec,
594 924 653 969 ut
708 930 853 969 nunc
902 915 1145 984 quidem,
1196 914 1251 967 in
1283 928 1461 968 mores
1496 914 1642 982 ipsos
1671 913 1985 968 transierat.

424 1008 579 1071 Quod
631 1008 775 1062 enim
811 1006 1007 1061 accidit
1038 1006 1088 1060 ei
1118 1007 1211 1075 qui
1261 1020 1374 1059 rem
1421 1005 1712 1060 obscenam
1756 1004 1813 1058 in
1838 1012 1989 1074 parte

416 1098 611 1153 domus
650 1095 931 1153 recondita
964 1096 1177 1160 viderit,
1215 1104 1273 1150 ut
1321 1094 1477 1151 ﬂocci
1499 1095 1682 1162 faciat,
1715 1096 1826 1149 imo
1859 1109 1985 1150 cum

416 1190 664 1243 libertate
686 1188 754 1242 de
771 1203 832 1243 ea
866 1188 1032 1242 verba
1059 1186 1244 1252 faciat,
1274 1188 1353 1242 sic
1374 1196 1429 1242 et
1457 1202 1557 1241 nos
1586 1186 1848 1257 quidquid
1874 1202 1984 1242 sor-

414 1280 527 1334 didi
586 1280 881 1347 inhaeserit,
914 1281 1160 1351 ejicimus
1196 1295 1259 1335 ac
1303 1280 1485 1335 minus
1525 1281 1772 1335 odiosum
1802 1278 1985 1335 reddi-

414 1387 560 1425 mus.
621 1369 789 1440 lgitur
844 1371 1145 1425 debilitatis
1191 1371 1443 1425 humanae
1479 1372 1695 1426 ratione
1728 1372 1905 1427 habita
1930 1380 1985 1426 et

409 1477 474 1517 ea
509 1477 629 1532 quae
652 1462 994 1518 Christianos
1018 1464 1193 1527 decet,
1224 1463 1551 1518 verecundia
1575 1466 1683 1529 usi,
1714 1464 1981 1534 ejusmodi

412 1550 617 1622 nuptiis
674 1553 1059 1608 ahstinendum
1098 1568 1221 1608 esse
1270 1554 1668 1610 existimamus.
1717 1554 1850 1608 Nam
1886 1556 1977 1625 qui

408 1642 888 1713 quadragesimum
939 1645 1180 1715 attigerit
1230 1660 1462 1709 annum,
1511 1655 1565 1701 et
1595 1646 1743 1701 nullo
1772 1656 1979 1701 naturae

2052 669 2066 681 ι
2095 642 2348 741 ὁρίζομεν
2374 648 2554 741 γάμου
2585 650 2723 704 ὥστε
2758 655 2830 725 μὴ
2859 657 3045 722 ἁπλῶς
3077 663 3209 734 μηδὲ
3230 642 3302 731 ῶς
3325 642 3507 741 ἔτυχεν.
3525 678 3628 730 ὲπι-

2093 732 2365 789 τελεῖσθαι
2392 739 2555 838 αὑτάν
2575 757 2591 771 ·
2632 744 2727 838 καὶ
2756 746 2865 816 γὰρ
2897 732 3306 825 συγκεχώρηται
3336 732 3522 829 μὲιῖὼς
3548 768 3627 838 ρύ-

2092 839 2288 892 πασμα
2339 829 2452 891 τοῖς
2491 830 2784 902 Πατράσιν,
2843 837 3125 894 οὐπώποτε
3165 845 3337 908 καθὼς
3368 849 3455 904 νῦν
3489 829 3627 921 γινο-

2094 914 2256 1010 μένου
2305 918 2400 1010 τοῦ
2459 921 2782 993 πράγματος
2836 928 3378 1003 ἀπηρυθριασμένου,
3422 914 3521 995 οὐδ’
3561 947 3630 1010 είς

2091 1005 2291 1071 πλάτος
2348 1008 2754 1107 ὲξηπλωμένου,
2806 1018 2921 1072 ἀλλ’
2966 1020 3155 1095 ὥσπερ
3199 1026 3253 1077 εί
3296 1045 3376 1093 τις
3417 1033 3470 1085 ὲν
3513 1005 3629 1107 οἴκῳ

2088 1104 2530 1193 παραπεπτωκὸς
2560 1107 2619 1158 ὲν
2644 1108 2818 1180 γωνίᾳ
2861 1112 3077 1182 παρίδοι
3122 1115 3372 1182 πολλάκις
3405 1104 3630 1193 κείμενον

2088 1190 2355 1260 ρύπασμα
2382 1209 2395 1222 ⁸
2432 1193 2525 1247 νῦν
2558 1196 2637 1248 ὅτι
2672 1197 2853 1268 χώραν
2893 1202 3052 1255 ἔλαϐε
3088 1207 3409 1277 παρρησίας,
3443 1190 3526 1267 καὶ
3564 1215 3630 1279 ὡς

2086 1281 2236 1334 οὐδὲν
2264 1282 2383 1353 ἔχον
2410 1286 2489 1347 είς
2520 1286 2904 1359 ἀσχημοσύνην
2928 1293 3047 1346 οὐδὲ
3078 1298 3334 1364 ρυπαῖνον
3360 1300 3624 1369 λογίζεται,

2085 1372 2150 1423 ἐκ
2178 1372 2271 1425 τοῦ
2316 1376 2581 1445 προϐῆναι
2607 1380 2686 1442 είς
2716 1380 3055 1452 πληθυσμὸν,
3102 1386 3279 1452 καλῶς
3318 1390 3484 1455 ἔδοξεν
3514 1396 3628 1448 ἀνα-

2085 1456 2365 1555 καθαίρειν
2396 1462 2527 1555 αὐτὸ
2555 1464 2742 1555 ῶσπερ
2769 1470 2862 1521 καὶ
2894 1468 3084 1542 αἶσχος
3102 1473 3201 1527 οὐκ
3230 1478 3286 1529 ὲν
3316 1481 3477 1552 γωνίᾳ
3504 1497 3629 1555 παρ-

2084 1549 2418 1620 ερῤιμμένον
2453 1553 2568 1606 ἀλλ’
2601 1555 2982 1627 ὲξηπλωμένον
3024 1565 3116 1618 ἐπὶ
3142 1566 3240 1635 τῆς
3269 1549 3464 1636 οἰκίας,
3487 1549 3629 1626 οὐδα-

2086 1641 2423 1735 μῶςῼεῶὲμεν,
2454 1647 2589 1700 ἀλλά
2615 1651 2970 1723 καθαίρομεν,
2999 1657 3091 1710 καὶ
3113 1658 3173 1712 τὸ
3203 1661 3265 1713 ἐκ
3294 1661 3471 1715 τούτου
3488 1665 3631 1735 ἀηδὲς

408 1743 464 1788 et
492 1734 674 1788 decori
702 1735 847 1804 quod
878 1750 911 1789 a
939 1733 1251 1790 Christiana
1301 1752 1581 1806 nunquam
1633 1735 1831 1793 abesse
1868 1737 1971 1791 vita

2080 1728 2455 1802 ἀποϐάλλομεν
2475 1750 2487 1763 ·
2530 1737 2621 1789 καὶ
2656 1742 2721 1809 τῇ
2754 1716 3066 1815 ἀνθρωπίνῃ
3094 1746 3272 1800 τοίνυν
3305 1716 3630 1805 συνυπείκονί

409 1832 607 1892 potest,
646 1834 897 1894 respectu
950 1825 1017 1880 ad
1064 1826 1277 1879 tertiam
1320 1836 1506 1880 curret
1560 1841 1807 1893 uxorem,
1858 1827 1976 1881 solo

411 1916 702 1984 voluptatis
729 1916 952 1970 stimulo
967 1916 1255 1982 excitatus,
1280 1933 1403 1971 cum
1426 1932 1521 1989 per
1542 1917 1972 1987 quinquennium

405 2014 874 2061 sacramentorum
957 2008 1371 2078 participatione
1452 2009 1652 2079 privari
1720 2009 1975 2079 jubemus

403 2110 528 2151 cum
576 2098 724 2151 omni
780 2100 1087 2152 severitate.
1151 2097 1253 2164 Qui
1306 2098 1451 2152 enim
1506 2112 1613 2152 non
1668 2098 1882 2152 erubuit
1914 2100 1969 2153 in

403 2185 607 2241 Christi
642 2184 881 2241 Ecclesia
910 2186 1145 2242 hominis
1180 2187 1380 2258 impuri
1429 2195 1610 2256 partes
1640 2202 1700 2242 re
1732 2202 1782 2243 et
1808 2188 1970 2242 verbo

402 2292 583 2348 agere,
612 2293 801 2348 parum
841 2278 1038 2349 dignus
1089 2288 1173 2334 est
1202 2282 1293 2349 qui
1322 2280 1607 2335 clementia
1648 2278 1860 2334 fruatur
1890 2279 1970 2333 fa-

399 2378 725 2439 ctorumque
770 2369 1162 2440 indulgentiam
1216 2378 1594 2439 persequatur.
1647 2367 1797 2424 Licet
1822 2370 1967 2426 enim

399 2462 453 2516 in
482 2476 697 2516 sacrum
726 2471 926 2517 emtum
962 2471 1213 2531 receptus
1256 2462 1422 2516 fuerit
1450 2478 1546 2531 per
1570 2462 1823 2533 gratiam,
1862 2464 1966 2518 ista

399 2562 577 2607 tamen
603 2555 839 2624 receptio
868 2555 1106 2624 perfecta
1138 2570 1247 2609 non
1277 2556 1383 2609 erit
1410 2555 1529 2610 sine
1549 2554 1965 2611 resurrectionis

398 2644 700 2701 Salvatoris
738 2647 911 2701 nostri
952 2655 1005 2701 et
1038 2645 1127 2700 Dei
1168 2647 1462 2710 beneficio;
1495 2661 1666 2716 quare
1690 2647 1967 2702 abstinen-

396 2737 485 2792 tiae
510 2738 965 2808 continentiaeque
978 2736 1148 2809 408
1168 2753 1385 2807 Operam
1420 2739 1601 2793 dando
1630 2739 1697 2793 ad
1717 2738 1968 2808 puritatis

394 2833 598 2884 statum
618 2838 954 2895 revertetur;
990 2837 1118 2898 puta
1169 2820 1262 2884 ubi
1300 2843 1330 2882 e
1365 2829 1639 2898 prioribus
1676 2828 1966 2883 connubiis

394 2920 548 2975 liberi
592 2919 857 2990 procreati
903 2935 1009 2974 non
1052 2918 1267 2986 adsunt,
1320 2930 1444 2989 post
1485 2922 1962 2989 quadragesimum

392 3012 517 3067 vitae
553 3027 755 3065 annum
782 3011 849 3065 ad
880 3011 1066 3066 tertias
1103 3012 1394 3066 convolare
1440 3012 1675 3081 nuptias,
1705 3010 1788 3066 fas
1817 3026 1961 3076 esse,

391 3100 535 3172 quod
574 3101 753 3157 facere
778 3100 929 3157 nefas
983 3101 1088 3156 erit
1138 3103 1229 3157 ubi
1278 3102 1393 3157 nati
1425 3102 1747 3172 superstites
1784 3103 1965 3173 prima

389 3194 662 3249 connubia
711 3194 1059 3252 annuntiant.
1116 3192 1259 3259 Quid
1303 3193 1450 3248 enim
1511 3192 1772 3264 injustius
1798 3208 1961 3262 quam

390 3282 597 3337 libidini
649 3282 1024 3352 inopportunae
1086 3282 1350 3348 deditum,
1400 3281 1960 3361 liberosaprioribus

388 3382 670 3443 susceptos
715 3373 978 3430 uxoribus
1011 3372 1282 3443 negligere
1336 3380 1595 3442 tanquam
1639 3387 1802 3437 onus,
1837 3386 1961 3427 mo-

387 3466 621 3529 lestiam.
649 3466 948 3537 praesertim
989 3465 1080 3520 ubi
1125 3464 1423 3520 liberorum
1469 3464 1800 3519 abundantia
1832 3464 1960 3520 est?

385 3554 492 3621 Qui
546 3554 710 3626 igitur
757 3555 975 3626 triginta
1019 3569 1193 3610 annos
1226 3560 1386 3609 natus
1411 3563 1536 3624 post
1583 3563 1864 3624 susceptos
1890 3570 1955 3610 ex

387 3645 647 3701 uxoribus
676 3646 875 3700 liberos
905 3646 1091 3701 tertias
1126 3645 1313 3700 inierit
1340 3645 1580 3715 nuptias,
1603 3659 1701 3716 per
1720 3655 1955 3717 quatuor

384 3752 559 3791 annos
610 3750 894 3791 sacrorum
945 3736 1216 3806 particeps
1265 3750 1333 3791 ne
1388 3744 1506 3791 esto
1544 3737 1951 3806 mysteriorum,

386 3828 586 3897 quippe
628 3842 788 3897 quem
822 3826 957 3881 nihil
981 3825 1149 3893 aliud,
1201 3836 1260 3881 ut
1309 3826 1517 3882 clarum
1545 3836 1647 3890 est,
1672 3828 1777 3883 nisi
1825 3843 1957 3884 con-

385 3919 720 3989 cupiscentia
762 3927 817 3973 et
846 3917 1105 3973 effrenata
1132 3918 1298 3974 libido
1328 3920 1395 3974 ad
1422 3919 1640 3989 nuptias
1670 3920 1951 3990 compulit.

2082 1835 2174 1882 τες
2205 1820 2477 1912 ἀσθενείᾳ,
2511 1829 2605 1880 καὶ
2637 1830 2735 1899 τῆς
2769 1833 3085 1904 πρεπούσης
3115 1838 3372 1910 αἰσχύνης
3401 1844 3633 1912 φροντίδα

2086 1909 2399 1982 ποιούμενοι
2426 1917 2493 1985 τῇ
2537 1918 2878 1986 Χριστιανῶν
2925 1921 3058 1994 ζωῇ,
3104 1926 3263 1981 τοῦτο
3289 1909 3377 1984 ἐπὶ
3529 1950 3632 2004 τρι-

2081 2003 2276 2072 γάμων
2328 2008 2846 2077 παραφυλάττεσθαι
2899 2015 3242 2086 διορίζομεν,
3293 2019 3426 2073 ὥστε
3469 2024 3517 2074 εἴ
3557 2003 3631 2085 τις

2080 2095 2218 2165 πρὸς
2242 2102 2674 2169 τεσσαρακοστὸν
2706 2104 3068 2176 ἀναϐεϐηκὼς
3094 2108 3235 2173 ἔτος,
3267 2112 3359 2163 καὶ
3389 2113 3516 2183 μήτε
3544 2114 3631 2183 τὴν

2080 2186 2243 2254 φύσιν
2269 2189 2603 2259 αἰδούμενος.
2638 2195 2776 2264 μήτε
2804 2198 2903 2267 τῆς
2927 2197 3284 2271 ὀφειλομένης
3314 2203 3631 2273 Χριστιανοῖς

2077 2275 2347 2346 εὐκόσμου
2372 2280 2517 2350 ζωῆς
2537 2284 2792 2352 φροντίδα
2830 2289 3168 2359 ποιούμενος,
3202 2292 3332 2346 ἀλλά
3368 2297 3525 2365 μόνης
3544 2297 3629 2365 τῆς

2078 2368 2361 2438 ὲμπαθοῦς
2392 2373 2687 2442 ἐπιθυμίας
2733 2380 3043 2448 γενόμενος,
3087 2384 3228 2451 πρὸς
3256 2387 3430 2456 τρίτον
3458 2387 3630 2440 ἑαυτὸν

2077 2459 2388 2529 ὲπιρῤίπτοι
2425 2463 2621 2534 γάμον,
2653 2467 2841 2521 τοῦτον
2869 2473 3007 2540 μετά
3042 2474 3228 2545 πάσης
3252 2477 3525 2546 ἀκριϐείας
3547 2480 3629 2531 καὶ

2078 2552 2533 2639 παρατηρήσεως,
2561 2557 2723 2627 μέχρι
2754 2562 3075 2627 πενταετίας
3104 2566 3369 2637 ἀμέτοχον
3394 2564 3524 2621 εἶναι
3543 2570 3629 2639 τῆς

2073 2637 2167 2699 τοῦ
2202 2640 2474 2712 ἀγιασμοῦ
2507 2648 2881 2717 μεταλήψεως,
2926 2654 3020 2705 καὶ
3071 2654 3341 2727 μηδαμῶς
3382 2658 3466 2710 ἐπ’
3496 2637 3630 2728 αὐτῷ

2076 2732 2468 2802 συντέμνεσθαι
2500 2737 2590 2789 τὸν
2615 2742 2824 2810 χρόνον.
2858 2744 2957 2806 Ὃς
2995 2745 3102 2814 γάρ
3140 2748 3283 2817 μετὰ
3320 2766 3630 2821 τεσσαρακο-

2075 2822 2197 2910 στὸν
2224 2823 2341 2888 ἔτος
2370 2827 2429 2879 τὸ
2456 2827 2720 2900 ρύπασμα
2749 2832 2807 2884 ὲν
2832 2836 2897 2903 τῇ
2934 2835 3025 2888 τοῦ
3069 2838 3313 2907 Χριστοῦ
3357 2841 3629 2910 Ἐκκλησία

2070 2908 2212 2968 εἶναι
2247 2916 2344 2968 καὶ
2369 2918 2626 2986 λέγεσθαι
2656 2922 2932 2994 ἠγάπησε,
2979 2927 3098 2981 τίνα
3124 2929 3353 3002 παρέξει
3378 2908 3627 3004 πληροφοζ

2073 3005 2194 3075 ρίαν
2216 3007 2317 3077 τῆς
2353 3011 2482 3079 περὶ
2506 3010 2599 3064 τὸν
2629 3012 2743 3082 βίον
2777 3015 2942 3069 αὐτοῦ
2980 3020 3244 3090 σπουδῆς,
3281 3023 3347 3075 δι’
3377 3023 3441 3094 ἣν
3468 3029 3494 3077 ὁ
3517 3025 3628 3095 χρό-

2070 3113 2158 3159 νος
2190 3098 2288 3169 τῆς
2321 3101 2675 3172 μεταλήψεως
2708 3106 2818 3159 τῶν
2847 3109 3211 3180 ἀγιασμάτων
3239 3114 3383 3185 αὐτῷ
3409 3133 3629 3186 συντμη-

2071 3187 2330 3258 θήσεται;
2400 3191 2559 3247 Ἀλλά
2602 3199 2710 3268 γὰρ
2760 3200 2853 3252 καὶ¹
2908 3203 3045 3271 μετά
3086 3204 3148 3257 τὸ
3199 3207 3493 3279 ἀξιωθῆναι
3539 3210 3628 3276 τῆς

2068 3280 2337 3351 ἀχράντου
2388 3287 2744 3359 μεταλήψεως
2766 3330 2781 3356 ,
2831 3292 2930 3345 οὑκ
2966 3294 3118 3348 ἔσται
3154 3300 3626 3370 συγκεχωρημένον

2066 3374 2216 3444 αὐτῷ
2244 3377 2303 3428 ὲν
2336 3375 2481 3448 ἄλλῳ
2527 3380 2705 3453 καιρῷ
2731 3385 2796 3454 τῇ
2841 3387 3138 3458 μεταλήψει
3177 3394 3475 3463 προσιέναι,
3510 3392 3539 3462 ἥ
3575 3394 3627 3444 ἐν

2069 3464 2207 3538 μόνῃ
2238 3470 2303 3539 τῇ
2330 3468 2422 3522 τοῦ
2452 3470 2703 3543 Σωτῆρος
2734 3475 2830 3527 καὶ
2858 3475 2991 3530 Θεοῦ
3018 3480 3178 3550 ήμῶν
3208 3484 3513 3544 ἀναστάσει,
3546 3482 3627 3535 διὰ

2064 3556 2163 3627 τὴν
2189 3559 2253 3612 ὲκ
2278 3559 2379 3629 τῆς
2405 3568 2825 3638 προηγουμένης
2862 3572 3192 3640 ἐγκρατείας
3236 3575 3345 3628 τῶν
3379 3573 3626 3646 νηστειῶν

2060 3646 2184 3701 ὅσον
2210 3648 2434 3707 δυνατὸν
2456 3653 2854 3729 ἀνακάθαρσιν.
2872 3659 3055 3715 Ταῦτα
3077 3663 3133 3717 δέ
3162 3682 3367 3735 φαμεν,
3404 3667 3528 3719 ὅταν
3556 3666 3625 3735 μὴ

2060 3738 2227 3793 τέκνα
2253 3745 2407 3814 παρῇ
2437 3745 2500 3797 ὲκ
2525 3746 2634 3800 τῶν
2664 3751 2944 3821 προτέρων
2977 3753 3192 3825 γάμων,
3225 3759 3337 3819 τοῖς
3370 3756 3469 3827 ἥδη
3501 3757 3629 3826 μετά

2059 3832 2118 3884 τὸ
2138 3839 2575 3907 τεσσαρακοστὸν
2603 3839 2743 3907 ἔτος,
2765 3844 2955 3913 τρίτην
2981 3847 3211 3914 ἄγεσθαι
3235 3850 3625 3921 προῃρημένοις

2059 3926 2295 3992 γυναῖκα
2314 3944 2329 3960 ο
2360 3930 2481 3984 ἐπεὶ
2510 3932 2607 3987 ἐὰν
2631 3934 2799 3989 τέκνα
2826 3942 2999 4010 παρῇ,
3032 3941 3420 4013 ἀσυγχώρητος
3453 3942 3625 4004 αὐτοῖς

383 4008 537 4074 Quod
592 4009 637 4065 si
684 4017 869 4080 postea
915 4010 1189 4081 mysteriis
1230 4011 1279 4066 ei
1336 4009 1439 4065 frui
1491 4012 1837 4078 concedetur,
1871 4020 1952 4067 ter

2077 4017 2092 4085 ᾗ
2119 4018 2387 4089 τριγαμία
2410 4035 2425 4050 ·
2467 4020 2591 4077 λίαν
2622 4025 2727 4095 γάρ
2755 4008 3271 4094 ὲστινὴάδικονρτὸν.
3290 4008 3391 4103 μὲν
3420 4032 3627 4103 χαρίξε·

381 4115 475 4171 per
498 4116 699 4156 annum
730 4101 796 4158 ad
812 4101 1197 4157 eucharistiam
1226 4104 1464 4167 accedet,
1483 4103 1684 4173 primo,
1709 4112 1951 4173 tempore

2077 4106 2184 4161 ςθαι
2216 4111 2283 4180 τῇ
2331 4110 2518 4182 ὲξώρῳ
2549 4114 2834 4188 ἐπιθυμίᾳ,
2876 4122 2988 4182 τοῖς
3018 4121 3076 4174 δὲ
3105 4122 3269 4175 παισὶ
3293 4101 3625 4194 ⁷ιιςῶννπροσιιέ-

379 4192 637 4249 salutaris
668 4193 1091 4251 resurrectionis
1111 4192 1241 4252 Jesu
1290 4195 1491 4250 Christi
1514 4203 1569 4249 et
1612 4193 1704 4249 Dei
1733 4212 1749 4262 ;
1777 4196 1946 4251 altera

2077 4216 2169 4252 zwv
2190 4202 2385 4271 γάμων
2410 4204 2486 4275 μὴ
2509 4210 2854 4278 προνοεῖσθαι
2878 4212 2939 4264 τὸ
2963 4212 3203 4282 ἀσφαλὲς
3227 4216 3320 4268 καὶ
3346 4216 3408 4269 τὸ
3431 4192 3626 4269 ἄλυπον

380 4282 494 4337 vice
524 4282 580 4336 in
639 4284 1014 4353 assumptione
1062 4285 1424 4340 immaculatae
1469 4284 1753 4355 Deiparae;
1787 4286 1947 4344 tertia

2077 4292 2147 4344 ιαὶ
2192 4293 2486 4366 ἀτάραχον,
2536 4299 2632 4351 καὶ
2673 4301 2797 4354 ὅσον
2845 4298 2951 4357 οἶδε
2982 4305 3041 4358 τὸ
3089 4306 3429 4378 ἀνθρώπινον
3465 4324 3626 4362 κατα-

380 4373 495 4428 viee
524 4372 580 4428 in
614 4372 752 4429 festo
783 4374 911 4431 Jesu
940 4375 1142 4432 Christi
1175 4375 1382 4447 Deique
1412 4377 1700 4443 natalitio;
1751 4379 1951 4448 quibus

2077 4383 2355 4454 ιαμϐάνειν
2385 4389 2451 4442 ὲκ
2476 4389 2579 4460 τῆς
2605 4392 2947 4467 πολυσπόρου
2973 4372 3322 4465 τεκνώσεως.
3345 4401 3453 4454 Καὶ
3478 4400 3531 4453 εί
3546 4416 3625 4463 τις

377 4461 565 4518 diebus
616 4462 885 4533 jejunium
937 4465 1043 4520 erit
1097 4465 1485 4522 exercendum.
1556 4465 1948 4525 Deficientibus

2077 4477 2114 4529 se
2143 4482 2569 4552 τριακονταετὴς
2594 4481 2692 4551 ὢν,
2719 4488 2813 4539 καὶ
2842 4461 3006 4541 τέκνα
3037 4488 3175 4560 ἔχων
3203 4461 3284 4545 ἐκ*
3297 4492 3406 4545 τῶν
3432 4461 3625 4564 προλαέ

375 4562 559 4608 autem
596 4553 780 4611 liberis
810 4556 999 4612 tertias
1024 4557 1164 4614 inire
1188 4558 1408 4628 nuptias
1434 4558 1637 4612 nemini
1660 4558 1942 4627 probrum,

2077 4568 2255 4623 ῖόντων
2284 4572 2497 4642 γάμων,
2535 4576 2694 4651 τρίτῃ
2725 4580 3047 4635 συνάπτοιτο
3065 4553 3320 4653 γυναικὶ,
3353 4584 3449 4638 καὶ
3478 4553 3628 4647 οὗτος

376 4646 647 4717 siquidem
692 4651 1033 4719 paternitatis
1073 4651 1196 4721 jura
1253 4668 1511 4709 exercere
1565 4650 1852 4709 honestum
1884 4670 1948 4711 ac

2077 4662 2444 4733 ισυγχώρητος
2499 4646 2967 4742 μέχρι-τετάρτου
3019 4646 3174 4739 ἔτους
3212 4646 3316 4745 τῆς
3346 4646 3625 4737 κοινωνίας

376 4740 806 4808 reprehensione
839 4743 982 4799 haud
1015 4743 1260 4816 dignum.
1281 4745 1408 4801 Haec
1429 4747 1497 4802 de
1530 4746 1708 4802 tertiis
1745 4747 1946 4818 nuptiis

2077 4751 2159 4804 ’ῶν
2208 4753 2583 4825 ἀγιασμάτων,
2615 4759 2711 4814 καὶ
2756 4740 3021 4833 ἀμέτοχος
3066 4763 3244 4819 ἔστω·
3270 4740 3433 4819 ’διότι
3475 4765 3627 4836 δῆλός

372 4831 700 4889 disseruisse
731 4832 982 4891 sufﬁciat.

2077 4861 2202 4897 στιν
2229 4845 2288 4911 ἐξ
2316 4847 2527 4912 οὐδενὸς
2559 4850 2769 4922 ἑτέρου,
2799 4831 3053 4909 ἀλλ’ήῦπὸ
3081 4857 3357 4929 ἀκρασίας
3381 4831 3626 4927 κινού-με·

375 4945 485 4995 νος,
522 4929 634 5023 *καὶ
670 4930 763 4984 τοῦ
793 4932 976 4996 δοῦλος
1022 4927 1163 4987 εἶναι
1197 4934 1463 5006 σαρκικῆς
1502 4934 1819 5009 ἐπιθυμίας,
1861 4936 1952 4992 ἐπὶ
1990 4938 2082 4992 τὸν
2106 4941 2344 4997 τοιοῦτον
2369 4942 2545 5013 γάμον
2574 4945 2743 5000 ἐλθών
2767 4964 2780 4978 ο
2849 4950 2944 5004 καὶ
2970 4952 3108 5022 μετὰ
3136 4927 3197 5007 τὸ
3240 4956 3425 5023 τυχεῖν
3447 4953 3501 5005 δὲ
3526 4953 3621 5021 τῆς

382 5020 736 5093 μεταλήψεως
756 5024 865 5078 τῶν
890 5024 1224 5096 μυστηρίων,
1249 5026 1369 5096 τρὶς
1392 5026 1489 5080 τοῦ
1520 5028 1767 5083 ἐνιαυτοῦ
1793 5030 1954 5101 μόνον
1992 5030 2356 5104 ἀξιωθήσεται
2418 5036 2759 5091 ἀπολαῦσαι·
2802 5020 2982 5104 ἀπαξή
3012 5042 3131 5113 μὲν,
3162 5044 3222 5096 ὲν
3251 5020 3506 5114 σωτηρίῳ
3534 5020 3623 5094 τοῦ

373 5116 609 5187 Χριστοῦ
641 5120 737 5173 καὶ
765 5119 898 5173 Θεοῦ
928 5120 1085 5191 ἡμῶν
1119 5122 1412 5177 ἀναστάσει
1435 5138 1451 5154 ·
1480 5122 1755 5195 δεύτερον,
1815 5127 1873 5179 ὲν
1902 5131 1967 5199 τῇ
2013 5131 2267 5201 κοιμήσει
2313 5130 2413 5200 τῆς
2460 5131 2729 5202 ἀχράντου
2789 5135 3087 5207 Δεσποίνης
3134 5137 3295 5208 ήμῶν
3324 5137 3584 5191 Θεοτόκου
3608 5149 3622 5165 °

377 5212 471 5265 καὶ
498 5212 703 5283 τρίτον,
734 5215 793 5268 ὲν
836 5219 901 5286 τῇ
937 5215 1197 5287 γενεθλίῳ
1228 5217 1414 5288 ἡμέρα
1449 5216 1543 5271 τοῦ
1590 5219 1827 5289 Χριστοῦ
1857 5226 1957 5286 καὶ
1988 5224 2123 5278 Θεοῦ
2155 5225 2341 5296 ἡμῶν
2389 5225 2476 5279 διά
2534 5226 2595 5279 τὸ
2659 5228 2754 5281 καί⁹
2796 5230 2853 5283 ὲν
2882 5231 3109 5295 ταύταις
3131 5232 3494 5302 προηγεῖσθαι
3539 5244 3625 5297 νη-

390 5302 590 5394 στείαν,
641 5306 739 5358 καὶ
765 5305 828 5360 τὸ
857 5307 920 5358 ὲκ
944 5305 1149 5376 ταύτης
1192 5306 1403 5375 ὄφελος.
1464 5310 1527 5362 El
1572 5308 1629 5362 δὲ
1657 5311 1849 5375 παῖδες
1910 5314 1984 5386 μὴ
2050 5316 2388 5387 παρείησαν,
2439 5319 2627 5390 ἐπειδὴ
2676 5320 2735 5374 τὸ
2789 5323 3137 5391 τεκνογονίας
3187 5325 3481 5394 ἐπιθυμεῖν
3528 5322 3624 5374 οὐκ

308 5448 321 5459 κ
387 5393 790 5488 ἀσύγγνωστον,
822 5396 882 5451 τὸ
911 5398 1211 5467 τηνικαῦτα
1239 5400 1567 5472 συγγνώμης
1594 5402 1959 5475 ἀξιωθήσεται
1996 5410 2025 5461 ὁ
2056 5409 2294 5473 τοιοῦτος
2357 5410 2552 5479 γάμος,
2600 5413 2695 5466 καὶ
2732 5414 2878 5484 μόνῳ
2900 5415 2977 5484 τῷ
3030 5416 3090 5481 ἐξ
3132 5418 3309 5488 ἀρχῆς
3345 5393 3440 5472 καὶ
3469 5416 3623 5487 μέχρι

388 5485 481 5539 τοῦ
503 5486 596 5540 νῦν
619 5488 952 5557 κρατήσαντι
975 5489 1235 5561 ἐπιτιμίῳ
1258 5489 1722 5562 θεραπευθήσεται
1748 5510 1763 5526 ⁸
1790 5496 1963 5550 ταῦτα
2002 5499 2100 5566 μὲν
2134 5499 2226 5552 καὶ
2260 5499 2389 5571 περὶ
2419 5499 2513 5553 τοῦ
2544 5500 2727 5571 τρίτου
2752 5504 2952 5574 γάμου.

461 5585 518 5640 3.
548 5582 659 5638 Nec
716 5584 927 5654 primus
956 5600 1056 5639 nec
1095 5584 1365 5642 secundus
1393 5596 1548 5644 torus
1576 5589 1833 5659 periculis
1860 5606 1952 5645 ca-

2131 5598 2201 5660 γ’.
2243 5593 2317 5645 Οὐ
2350 5593 2455 5663 μὴν
2480 5594 2600 5647 οὐδὲ
2630 5595 2719 5648 τὸν
2748 5596 2999 5666 δεύτερον
3024 5599 3143 5652 οὐδὲ
3170 5598 3263 5651 τὸν
3294 5598 3512 5669 πρῶτον
3532 5596 3619 5648 ὲκ-

391 5684 471 5730 rct
488 5673 603 5729 suis
626 5674 918 5739 ;alterutcr
941 5676 1084 5732 enim
1113 5675 1184 5731 ita
1207 5687 1555 5749 comparatus
1572 5693 1692 5736 esse
1712 5679 1868 5736 debet
1892 5689 1950 5736 ut

2077 5683 2145 5748 ;ὸς
2166 5682 2467 5753 ἀσφαλείας
2489 5685 2685 5757 ἐῶμεν,
2716 5689 2848 5742 ἀλλά
2874 5692 3156 5757 κάκείνους
3177 5691 3440 5762 ὁρίζομεν
3458 5690 3620 5751 οὕτως
