3904 6220
411 276 517 342 899

1542 268 1766 329 ΡΗΟΤ]
1776 269 1802 329 Ι
1838 266 2343 329 PATRIARCHIE
2378 267 2489 329 CP.

3557 274 3652 338 θοθ

414 391 603 440 autem
646 380 815 437 viduo
857 394 943 435 rex
981 378 1233 449 imposita
1277 390 1385 431 non
1417 387 1520 443 est,
1551 376 1645 430 sed
1679 376 1772 431 tali
1802 374 2003 431 suﬂicit

2145 374 2260 446 νδρὶ
2305 375 2363 428 δὲ
2397 371 2757 445 χηρεύσαντι,
2789 372 2966 436 οὐδεὶς
3008 372 3281 428 ἐπίκειται
3330 375 3505 446 νόμος,
3550 382 3638 437 ἀλλ

414 491 578 547 paena
628 475 994 546 digamorum.
1036 474 1206 527 Porro
1259 469 1421 524 vidua
1470 470 1754 538 sexaginta
1817 482 1996 523 annos

416 577 569 632 nata,
613 567 660 622 si
710 579 906 620 rursus
952 578 1056 618 una
1102 578 1227 617 cum
1282 562 1400 615 viro
1453 560 1699 614 habitare
1746 559 2000 621 voluerit,

418 657 549 713 boni
597 657 990 713 communione
1043 670 1152 709 non
1196 653 1532 724 dignabitur,
1570 653 1745 707 donec
1784 652 1852 706 ab
1896 651 2003 704 im-

417 750 670 822 puritatis
704 750 837 804 vitio
872 748 1165 803 destiterit.
1220 745 1328 800 Sed
1358 745 1403 800 si
1434 754 1561 798 ante
1596 743 1885 814 sexaginta
1912 757 2003 796 an-

419 856 522 897 nos
555 857 679 897 eam
744 840 1184 911 ascripserimus,
1216 846 1403 892 nostra
1446 844 1548 898 est,
1598 850 1706 890 non
1757 836 2005 893 mulieris

418 932 603 1001 culpa.

490 1023 580 1077 41.
622 1020 755 1088 Quae
784 1021 837 1075 in
874 1020 1137 1074 viduitate
1168 1020 1329 1073 habet
1378 1018 1462 1073 sui
1503 1025 1848 1087 potestatem,
1893 1030 2004 1070 una

421 1129 549 1171 cum
600 1115 721 1168 viro
784 1112 1034 1167 habitare
1078 1121 1258 1181 potest
1308 1110 1427 1164 sine
1468 1108 1912 1179 reprehensione,
1957 1109 2006 1163 si

422 1222 584 1263 nemo
608 1215 691 1261 est
734 1207 829 1276 qui
872 1206 1192 1275 conjugium
1249 1204 1489 1267 divellat,
1540 1218 1663 1257 cum
1712 1202 2005 1271 Apostolus

419 1300 602 1355 dicat:
638 1296 700 1352 Si
739 1309 977 1350 mortuus
1018 1297 1087 1350 sit
1146 1296 1393 1361 maritus,
1446 1294 1612 1347 libera
1649 1302 1725 1347 est
1755 1302 1811 1345 ut
1844 1291 2006 1345 nubat

406 1392 511 1457 ,cui
540 1390 703 1451 velit;
737 1399 946 1443 tantum
972 1390 1026 1442 in
1061 1387 1286 1440 Domino
1313 1388 1357 1439 ³.

493 1483 585 1538 50.
619 1481 911 1551 Trigamize
944 1481 1027 1535 lex
1061 1495 1170 1534 non
1202 1488 1303 1533 est.
1346 1478 1529 1543 Quare
1578 1477 1691 1545 lege
1722 1476 2009 1531 matrimo-

422 1574 576 1628 nium
615 1575 839 1628 tertium
869 1587 978 1626 non
1010 1573 1377 1626 contrahitur.
1405 1573 1483 1625 Ac
1513 1570 1640 1624 talia
1671 1569 1915 1639 quidem,
1949 1577 2009 1622 ut

424 1665 686 1723 Ecclesiae
714 1667 1151 1736 inquinamenta,
1202 1666 1487 1719 habemus.
1521 1662 1626 1718 Sed
1670 1662 2004 1717 condemna-

2107 465 2289 519 ἱκανὸν
2309 466 2386 536 τῷ
2405 464 2632 535 τοιούτῳ
2665 466 2725 518 τὸ
2751 464 2860 519 τῶν
2886 465 3133 535 διγάμων
3157 466 3443 536 ἐπιτίμιον.
3461 472 3521 526 Ἠ
3536 472 3651 539 μέν.

2101 574 2187 610 τοι
2236 558 2381 628 χήρα
2425 557 2818 627 ἐξηκονταετὴς
2849 559 3129 625 γεγονυῖα,
3159 557 3253 611 ἐὰν
3282 558 3468 630 ἕληται
3506 562 3655 615 πάλιν

2103 648 2264 721 ἀνδρὶ
2297 653 2588 717 συνοικεῖν,
2619 650 2679 703 οὐ
2726 648 3197 721 καταξιωθήσεται
3228 653 3327 720 τῆς
3352 652 3443 705 τοῦ
3472 639 3656 722 ἀγαθοῦ

2104 741 2415 805 κοινωνίας,
2453 742 2557 805 ἕως
2589 741 2655 796 ἂν
2683 740 2777 794 τοῦ
2807 741 3017 805 πάθους
3046 744 3145 807 τῆς
3172 742 3506 813 ἀκαθαρσίας
3532 746 3659 800 παύ-

2106 850 2266 904 σηται
2286 847 2299 861 ⁸
2327 833 2423 887 ἐὰν
2454 835 2637 904 μέντοι
2689 834 2794 905 πρὸ
2821 833 3088 905 ἐξήκοντα
3117 833 3250 888 ἐτῶν
3283 835 3656 908 ἀριθμήσωμεν

2105 926 2297 996 αὐτὴν,
2338 926 2611 997 ἡμέτερον
2636 926 2697 980 τὸ
2726 926 2979 997 ἔγκλημα
3011 928 3071 979 οὐ
3095 926 3187 980 τοῦ
3209 927 3454 991 γυναίου.

2181 1016 2292 1086 μα’.
2332 1016 2397 1068 'H
2433 1018 2490 1069 ὲν
2515 1019 2582 1088 τῇ
2608 1016 2801 1089 χηρείᾳ
2830 1017 3080 1083 ἐξουσίαν
3110 1017 3311 1087 ὲαυτῆς
3337 1018 3527 1089 ἔχουσα
3552 1037 3662 1074 συν-

2104 1109 2275 1159 οικεῖν
2298 1106 2451 1175 ἀνδρὶ
2477 1108 2829 1178 ἀνέγκλητος,
2852 1110 2903 1161 εἰ
2928 1108 3116 1178 μηδείς
3143 1110 3290 1162 ἐστιν
3312 1111 3593 1165 δ’διασπῶν
3610 1115 3665 1169 τὸ

2110 1197 2447 1250 συνοικέσιον
2465 1212 2480 1227 ο
2506 1197 2599 1251 τοῦ
2638 1199 2955 1252 Ἀποστόλου
2981 1200 3247 1263 είπόντος·
3286 1200 3423 1255 Ἐὰν
3449 1203 3516 1255 δὲ
3539 1204 3666 1259 ἀπο-

2109 1292 2263 1360 θάνῃ
2293 1296 2326 1346 ό
2364 1292 2541 1361 ἀνὴρ,
2571 1292 2856 1363 ἐλευθέρα
2885 1286 3123 1360 ἐστίνῷ
3147 1294 3304 1349 θέλει
3333 1299 3662 1369 γαμηθῆναι.

2102 1385 2298 1454 μόνον
2325 1384 2396 1437 ἐν
2424 1386 2636 1454 Κυρίῳ.

2179 1484 2244 1533 ν’.
2279 1478 2588 1550 Τριγαμίας
2616 1479 2780 1548 νόμος
2808 1479 2911 1532 οὐκ
2950 1480 3123 1543 ἔστιν,
3160 1478 3305 1533 ὥστε
3336 1479 3485 1552 νόμῳ
3505 1481 3668 1553 τρίτος

2109 1571 2289 1640 γάμος
2316 1571 2417 1622 οὐκ
2442 1571 2653 1638 ἄγεται’
2678 1571 2745 1624 τὰ
2769 1571 2952 1642 μέντοι
2979 1572 3230 1638 τοιαῦτα,
3256 1572 3331 1635 ὠς
3360 1572 3668 1644 ρυπάσματα

2110 1662 2211 1731 τῆς
2267 1662 2590 1732 Ἐκκλησίας
2638 1663 2883 1734 ὁρῶμεν·
2934 1665 3226 1736 δημοσίαις
3268 1665 3327 1719 δὲ
3375 1667 3669 1732 καταδίκαις

424 1757 667 1813 tionibus
700 1758 935 1827 publicis
970 1772 1081 1811 non
1106 1756 1433 1828 subjicimus
1472 1766 1531 1810 ut
1553 1754 1732 1811 soluta
1760 1753 1997 1808 fornica-

2145 1757 2198 1825 ix
2228 1756 2622 1827 ὑποϐάλλομεν,
2667 1757 2744 1821 ὡς
2800 1760 2899 1830 τῆς
2926 1759 3218 1830 ἀνειμένης
3261 1759 3511 1831 πορνείας
3534 1763 3670 1835 αίρε-

428 1850 574 1905 ti0ne
599 1851 775 1920 magis
800 1850 1068 1921 eligenda.

498 1940 591 1994 53.
655 1939 831 1995 Vidua
884 1941 1081 1995 ancilla
1125 1939 1360 1995 fortasse
1421 1952 1529 1992 non
1574 1936 1807 1992 multum
1856 1936 2009 2007 lapsa

425 2042 533 2101 est,
567 2048 691 2102 quae.
720 2034 989 2087 secundas
1020 2032 1239 2101 nuptias
1269 2045 1365 2100 per
1405 2040 1591 2099 raptus
1624 2028 1862 2099 speciem
1891 2028 2009 2082 ele-

425 2124 523 2194 git.
573 2123 939 2189 Quamobrem
992 2124 1062 2177 ob
1110 2122 1160 2176 id
1209 2120 1511 2176 incusanda
1572 2135 1678 2174 non
1736 2127 1841 2174 est.
1892 2116 2011 2172 Non

434 2218 581 2271 enim
611 2226 907 2286 praetextus
934 2216 1273 2285 iudicantur,
1322 2212 1418 2268 sed
1444 2212 1718 2266 voluntas.
1748 2210 1898 2264 lllam
1924 2224 2015 2264 au-

429 2319 560 2373 tem,
593 2316 651 2360 ut
679 2306 1024 2376 perspicuum
1053 2312 1157 2367 est,
1186 2312 1370 2357 manet
1396 2303 1646 2373 digamite
1682 2315 1867 2371 poena.

505 2400 598 2455 67.
637 2399 774 2454 Cum
812 2413 1001 2454 sorore
1022 2400 1222 2465 coitus,
1261 2396 1545 2453 homicida:
1578 2404 1792 2467 tempus
1820 2397 1876 2450 in
1907 2408 2019 2464 νω-

430 2492 659 2546 nitentia
693 2492 948 2561 explebit.

498 2584 587 2639 68.
638 2582 994 2652 Cognationis
1042 2584 1095 2635 ln
1138 2579 1397 2635 humanis
1463 2579 1672 2649 nuptiis
1726 2577 2015 2648 prohibita:

426 2678 763 2747 coniunctio,
798 2677 842 2731 si
874 2678 927 2730 in
960 2676 1197 2746 peccatis
1226 2674 1683 2746 deprehendatur,
1729 2671 2010 2727 adultero-

430 2785 551 2822 rum
582 2784 773 2835 poenas
804 2767 1027 2822 subibit.

498 2857 662 2930 [‘12
685 2858 771 2911 75.
810 2858 913 2924 Qui
941 2872 1066 2911 cum
1109 2871 1207 2912 sua
1231 2871 1297 2910 ex
1332 2866 1484 2925 patre
1506 2854 1591 2909 vel
1611 2870 1676 2908 ex
1708 2862 1880 2909 matre
1928 2869 2020 2911 so-

430 2967 556 3007 rore
588 2953 828 3020 pollutus
855 2959 961 3017 est,
1000 2961 1130 3013 etc.,
1160 2960 1216 3002 ut
1250 2966 1371 3019 pag.
1412 2950 1537 3004 806.

503 3044 592 3098 76.
634 3042 833 3097 Eadem
872 3052 957 3098 est
983 3044 1121 3097 ratio
1149 3044 1217 3098 de
1261 3043 1325 3097 iis
1371 3056 1590 3111 quoque
1614 3041 1708 3111 qui
1744 3057 1876 3097 suas
1911 3058 2015 3096 nu-

431 3151 528 3193 rus
566 3136 866 3205 accipiunt.

504 3228 592 3284 78.
631 3228 831 3283 Eadem
863 3240 1045 3285 autem
1080 3228 1254 3283 forma
1285 3227 1604 3282 observetur
1634 3238 1689 3283 et
1713 3227 1768 3281 in
1795 3242 1890 3283 eos
1913 3227 2005 3298 qui

433 3336 657 3377 sorores
689 3321 826 3375 duas
860 3322 912 3374 in
948 3321 1368 3375 ntatrimonium
1394 3319 1621 3387 ducunt,
1655 3320 1758 3374 etsi
1781 3319 2013 3375 diversis

431 3412 791 3481 temporibus.
844 3402 849 3403 γ

504 3527 598 3582 79.
630 3528 734 3594 Qui
766 3537 945 3580 autem
991 3527 1043 3579 in
1086 3542 1217 3581 suas
1252 3540 1517 3579 novercas
1546 3524 1847 3590 insaniunt,
1889 3537 2018 3581 sunt

430 3622 612 3676 eidem
655 3620 854 3676 canoni
890 3619 1137 3682 obnoxii,
1189 3617 1278 3673 cui
1315 3627 1369 3671 et
1404 3618 1463 3685 ii,
1495 3619 1589 3688 qui
1642 3620 1921 3674 insaniunt
1957 3619 2014 3674 in

432 3729 563 3768 SltaS
594 3726 829 3767 εονοῐθδ.

506 3806 596 3860 80.
666 3803 1037 3874 Polygamiam
1086 3799 1276 3856 Patres
1315 3802 1531 3857 silentio
1587 3803 2015 3872 praetermisere,

437 3906 498 3952 ut
522 3897 844 3961 helluinam,
879 3910 1217 3966 prorsusque
1251 3896 1320 3949 ab
1347 3895 1626 3949 hominum
1656 3912 1853 3965 genere
1881 3898 2015 3952 alie-

440 4006 590 4046 nam.
628 3988 701 4042 Ea
748 3997 929 4043 autem
964 3987 1123 4041 nobis
1169 3986 1381 4041 videtur
1422 3995 1702 4056 peccatum
1737 4003 1858 4043 esse
1903 3989 2015 4043 for-

438 4084 715 4140 nicatione
754 4075 989 4151 'majus.
1049 4080 1392 4150 Quapropter
1438 4090 1866 4135 consentaneum
1929 4092 2013 4136 est

432 4193 533 4235 eos
570 4175 763 4244 subjici
813 4173 1141 4236 canonihus,
1191 4183 1250 4227 ut
1295 4174 1501 4227 scilicet
1537 4182 1823 4243 postquam
1872 4186 2017 4225 anno

434 4268 705 4335 ﬂeverint,
728 4278 782 4324 et
816 4267 993 4321 tribus
1020 4267 1284 4323 substrati
1316 4263 1542 4332 fuerint,
1572 4265 1653 4321 sic
1694 4264 2007 4331 suscipian-

438 4370 549 4415 ῑυΓ.

437 4450 692 4522 Ejusdem
724 4465 787 4503 ea:
824 4447 1148 4522 epistola_ad
1188 4446 1482 4522 Diodorum
1518 4444 1824 4522 Tarsensem
1858 4449 1922 4501 de
1952 4450 2015 4501 iis

507 4524 595 4591 qui
620 4522 752 4573 duas
801 4537 1004 4573 sorores
1040 4519 1258 4591 ducunt,
1290 4518 1365 4570 vel
1394 4517 1470 4591 _de
1503 4518 1710 4585 feminis
1746 4533 1860 4588 quis
1898 4523 2028 4572 duo-

509 4589 603 4644 bus
636 4592 891 4658 fratribus
915 4590 1251 4642 matrimonio
1282 4589 1697 4657 conjunguntur.

510 4681 789 4737 Venerunt
820 4683 975 4736 nobis
1003 4682 1195 4736 litterae
1222 4681 1443 4735 nomine
1472 4680 1695 4735 Diodori
1733 4682 2029 4752 inscriptae,

436 4762 576 4818 etc.,
606 4768 661 4808 ut
692 4770 815 4824 pag.
858 4753 985 4809 455.

515 4847 787 4917 Theophili
846 4844 1226 4915 archiepiscopi
1278 4843 1636 4898 Alexandrini
1668 4844 1739 4898 ad
1792 4844 2034 4915 Agatho-

438 4935 554 4973 ηωη
564 4956 579 4970 .

509 5009 781 5064 Maximus
817 5008 1016 5065 asserit
1061 5023 1122 5064 se
1167 5006 1423 5063 Ecclesiae
1469 5006 1612 5077 leges
1681 5006 2021 5075 ignorantem

441 5102 631 5157 illicito
678 5101 1029 5156 matrimonio
1067 5099 1421 5170 conjunctum
1452 5114 1610 5164 esse,
1654 5107 1709 5153 et
1749 5100 1875 5168 quia
1921 5100 2025 5156 hoc

436 5210 564 5251 cum
606 5194 745 5249 male
779 5194 939 5249 habet
973 5195 1117 5263 quod
1144 5208 1250 5247 non
1286 5201 1434 5246 recte
1465 5204 1518 5245 et
1546 5207 1613 5245 ex
1647 5192 1839 5246 ordine
1864 5203 2021 5263 agat,

441 5288 731 5343 aliirniavit
755 5327 771 5352 ,
816 5286 911 5357 qui
939 5295 1129 5342 contra
1165 5286 1308 5356 leges
1348 5284 1473 5338 fecit
1505 5299 1598 5352 per
1632 5285 2024 5354 ignorantiam,

443 5399 499 5439 se
531 5384 599 5437 ab
632 5382 817 5438 illicita
852 5383 976 5437 vita:
1018 5380 1280 5436 societate
1315 5395 1382 5433 ex
1427 5393 1697 5436 consensu
1743 5380 2025 5433 abstentu-

443 5492 560 5531 rum
589 5517 605 5543 ,
658 5476 748 5529 illa
788 5476 953 5530 etiam
998 5475 1103 5529 hoc
1132 5473 1365 5527 voleutc.
1415 5472 1472 5526 Si
1503 5489 1631 5541 ergo
1672 5473 2024 5540 probaveris,

441 5570 587 5640 quod
621 5568 722 5623 hoc
751 5584 814 5622 ex
849 5582 1120 5622 consensu
1153 5564 1375 5630 faciant,
1413 5574 1465 5619 et
1499 5580 1606 5618 non
1651 5563 1862 5630 fallant,
1897 5563 2025 5633 quia

512 5729 535 5759 ⁸
569 5724 735 5781 lCor.
763 5740 860 5790 vn,
893 5723 979 5779 39.

2111 1867 2348 1921 τωτερα.

2186 1946 2287 2010 νγ’.
2329 1942 2395 1996 Ἦ
2427 1943 2572 2015 χήρα
2612 1940 2771 2015 δούλη
2811 1944 2873 1997 οὐ
2902 1944 3044 2015 μέγα
3076 1959 3129 1997 τι
3164 1943 3442 2012 ἔπταισεν,
3468 1945 3673 2017 ἑλομένη

2112 2032 2366 2106 δεύτερον
2402 2036 2581 2105 γάμον
2625 2034 2684 2086 ὲν
2734 2036 2973 2106 σχήματι
3028 2036 3323 2107 ἁρπαγῆς·
3365 2035 3500 2091 ὥστε
3544 2039 3676 2092 οὐδὲν

2114 2124 2308 2179 τούτου
2338 2126 2527 2180 ἕνεκεν
2558 2128 2911 2197 ἐγκαλεῖσθαι
2942 2128 3047 2199 χρή
3070 2143 3084 2157 ·
3113 2130 3175 2181 οὐ
3214 2130 3319 2200 γὰρ
3344 2130 3411 2183 τὰ
3443 2131 3675 2201 σχήματα

2116 2218 2363 2287 κρίνεται
2385 2260 2397 2281 ,
2432 2220 2548 2272 ἀλλ’
2581 2223 2612 2289 ή
2645 2220 2966 2292 προαίρεσις
2984 2238 2997 2250 '
3023 2220 3184 2291 δῆλον
3219 2222 3279 2276 δὲ
3304 2223 3386 2277 ὅτι
3411 2222 3468 2276 τὸ
3490 2223 3583 2294 τῆς
3607 2223 3677 2277 δι-

2118 2311 2324 2382 γαμίας
2357 2313 2541 2378 μένειν
2570 2312 2740 2383 αὐτὴν
2763 2313 3058 2384 ἐπιτίμιον.

2191 2401 2288 2468 ξξό
2346 2404 2410 2457 Ἠ
2441 2404 2798 2476 ἀδελφομιξία
2828 2406 2919 2459 τὸν
2944 2404 3038 2459 τοῦ
3062 2406 3272 2476 φονέως
3301 2408 3487 2479 χρόνον
3507 2407 3681 2480 ὲξομο·

2118 2493 2252 2565 λογή
2263 2512 2435 2549 σεται.

2194 2585 2293 2657 ξη’-
2342 2588 2405 2640 Ἦ
2430 2589 2528 2659 τῆς
2561 2588 2939 2662 ἀπειρημένης
2969 2590 3292 2657 συγγενείας
3312 2589 3391 2653 είς
3418 2588 3585 2661 γάμον
3603 2590 3683 2644 ἁν-

2120 2676 2356 2748 θρώπων
2394 2672 2675 2747 σύστασις,
2717 2684 2766 2734 εί
2803 2681 3080 2753 φωραθείη
3127 2683 3186 2735 ὲν
3220 2682 3572 2754 ἁμαρτήμασι
3599 2698 3682 2752 γε·

2120 2771 2417 2842 γενημένη,
2446 2773 2513 2825 τὰ
2540 2773 2648 2826 τῶν
2679 2773 2883 2844 μοιχῶν
2913 2774 3161 2845 ἐπιτίμια
3186 2773 3422 2840 δέξεται.

2196 2862 2289 2918 os'.
2339 2864 2397 2918 '0
2439 2865 2642 2937 ἀδελφῇ
2682 2866 2789 2937 ίδίᾳ
2818 2867 2882 2920 ὲκ
2926 2867 3192 2939 πατρὸςῆ
3227 2868 3293 2922 ὲκ
3324 2867 3526 2939 μητρὸς
3557 2882 3686 2939 συμ-

2128 2953 2397 3025 μιανθεὶς,
2427 2973 2482 3008 κ.
2509 2970 2560 3009 τ.
2589 2955 2640 3010 λ.

2195 3050 2302 3108 ος’.
2357 3045 2415 3098 '0
2446 3046 2611 3110 αὐτὸς
2654 3046 2823 3113 τύπος
2867 3049 2962 3103 καὶ
3002 3049 3131 3121 περὶ
3179 3048 3295 3103 τῶν
3343 3048 3442 3113 τας
3485 3047 3684 3119 νύμφας

2043 3113 2088 3172 c
2124 3136 2335 3189 ἑαυτῶν
2372 3136 2439 3190 λα
2447 3138 2780 3209 μόανόντων.

2196 3227 2295 3299 οη’.
2351 3228 2410 3283 Ὀ
2441 3231 2602 3295 αὐτὸς
2629 3231 2685 3285 δὲ
2710 3232 2982 3303 κρατείτω
3007 3233 3177 3298 τύπος
3224 3235 3319 3289 καὶ
3347 3236 3438 3290 ἐπὶ
3469 3236 3572 3291 τῶν
3603 3236 3686 3290 δύο

2126 3320 2364 3391 ἀδελφὰς
2407 3324 2793 3395 λαμϐανόντων
2838 3327 2919 3389 είς
2968 3327 3325 3393 συνοικέσιον,
3360 3329 3409 3381 εἰ
3436 3328 3525 3382 καὶ
3561 3329 3686 3381 κατὰ
3792 3378 3795 3385 .

2125 3414 2417 3487 διαφόρους
2444 3419 2688 3487 χρόνους.

2201 3508 2296 3561 οϐ’.
2338 3510 2402 3561 Ol
2424 3509 2478 3561 δὲ
2500 3511 2621 3571 ταῖς
2647 3511 2916 3581 μητρυαῖς
2938 3510 3146 3564 ἑαυτῶν
3170 3512 3593 3584 ὲπιμαινόμενοι,
3618 3510 3688 3583 τῷ

2128 3600 2277 3665 αὐτῷ
2303 3600 2621 3654 ὑπόκεινται
2650 3603 2857 3667 κανόνι,
2895 3596 2938 3671 ᾧ
2969 3606 3063 3656 καὶ
3089 3604 3139 3656 οί
3169 3607 3293 3668 ταῖς
3318 3605 3527 3659 ἐαυτῶδ
3552 3601 3689 3659 ἀδελ-

2130 3694 2259 3763 φαῖς
2297 3695 2732 3765 ὲπιμαινόμενοι.

2200 3790 2275 3837 π’.
2316 3785 2427 3857 Τὴν
2455 3786 2512 3839 δὲ
2552 3786 2900 3857 πολυγαμίαν
2925 3788 2976 3840 οί
3008 3788 3257 3860 Πατέρες
3296 3786 3688 3861 ἀπεσιώπησαν,

2126 3871 2203 3936 ὡς
2229 3872 2498 3944 κτηνώδη,
2522 3874 2617 3926 καὶ
2644 3875 2926 3939 παντελῶς
2951 3876 3244 3947 ἀλλοτρίαν
3268 3877 3361 3931 τοῦ
3388 3877 3569 3947 γένους
3592 3876 3688 3929 τῶν

2128 3964 2461 4036 ἀνθρώπων·
2512 3967 2645 4038 ἡμῖν
2681 3964 2737 4020 δὲ
2781 3968 3134 4039 παρίσταται,
3168 3969 3334 4024 πλέον
3370 3988 3422 4023 τι
3454 3970 3690 4041 πορνείας

2064 4060 2085 4067 τ
2129 4052 2270 4109 εἶναι
2299 4057 2361 4109 τὸ
2384 4057 2718 4128 ἁμάρτημα·
2741 4058 2985 4129 δηλονότι
3009 4062 3259 4116 ἐνιαυτὸν
3293 4062 3687 4132 προσκλαύσαν-

2129 4164 2259 4211 τας,
2298 4149 2393 4202 καὶ
2440 4151 2498 4203 ὲν
2544 4151 2723 4221 τρισὶν
2764 4154 3237 4223 ἀκροασαμένους,
3287 4156 3382 4209 καὶ
3428 4159 3484 4210 ἐν
3528 4154 3691 4228 τρισὶν

2132 4242 2529 4310 ὑποπεσόντας,
2556 4242 2698 4298 οὕτω
2727 4245 2949 4311 δεκτοὺς
2978 4243 3141 4302 εἶναι.

2139 4425 2250 4480 Τοῦ
2278 4426 2465 4481 αὐτοῦ
2494 4427 2563 4481 ἐκ
2589 4428 2700 4496 τῆς
2733 4428 2883 4498 πρὸς
2925 4430 3219 4497 Διόδωρον
3249 4429 3574 4498 ἐπιστολῆς
3596 4430 3693 4482 τὸν

2211 4499 2461 4572 Ταρσοῦ,
2503 4501 2655 4572 κατὰ
2683 4501 2802 4553 τῶν
2833 4501 3240 4572 δύοίάδελφὰς
3270 4503 3626 4572 γαμούντων,
3655 4502 3688 4567 ἡ

2201 4568 2485 4637 ἀδελφοῖς
2516 4570 2661 4623 δυσί
2696 4571 3109 4642 γαμουμένων.

2214 4660 2472 4730 Ἀφίκετο
2499 4663 2655 4731 ήμῖνι
2693 4665 3021 4734 γράμματα,
3052 4663 3152 4733 τὴν
3178 4664 3491 4735 ἐπιγραφὴν
3516 4662 3692 4733 ἔχοντα

2131 4750 2421 4821 Διοδώρου,
2453 4769 2510 4806 κ.
2541 4769 2592 4804 τ.
2630 4752 2682 4806 λ.

2133 4844 2427 4912 Θεοφίλου
2455 4845 2937 4913 ἀρχιεπισκόπου
2977 4845 3436 4914 Ἀλεξανδρείας
3455 4886 3470 4911 ,
3499 4844 3567 4899 ἐκ
3595 4840 3694 4911 τῆς

2495 4917 2646 4984 πρὸς
2685 4916 2745 4969 Ἀ
2756 4916 2959 4985 γάθιον
2987 4916 3342 4986 ἐπιστολῆς.

2217 5005 2453 5075 Ἀγνοῶν
2494 5008 2619 5070 τοὺς
2665 5008 2767 5076 τῆς
2838 5008 3164 5079 Ἐκκλησίας
3192 5010 3391 5079 νόμους
3439 5006 3691 5076 Μάξιμος,

2132 5100 2502 5174 διισχυρίσατο
2542 5105 2844 5176 παρανόμῳ
2896 5106 3197 5177 συμϐιώσει
3258 5104 3554 5175 συνῆφθαι·
3609 5101 3693 5155 καὶ

2132 5194 2321 5266 ἐπειδὴ
2348 5194 2569 5266 θορυϐεῖ
2600 5198 2766 5252 αὐτὸν
2790 5198 2851 5250 τὸ
2880 5198 3185 5252 ἀσύνακτον
3211 5194 3374 5263 εἶναι,
3398 5193 3691 5250 διεϐεϐαιώο

2134 5303 2284 5351 σατο,
2311 5288 2496 5358 ἐπειδὴ
2521 5290 2712 5359 ἀγνοίᾳ
2754 5291 2814 5343 τὸ
2846 5291 3161 5362 παράνομον
3188 5290 3432 5359 ἔδρασεν,
3472 5290 3534 5341 ὲκ
3569 5304 3691 5355 συμ-

2135 5380 2336 5448 φωνίας
2375 5382 2676 5452 ἀπέχεσθαι
2706 5382 2807 5451 τῆς
2833 5384 3153 5454 παρανόμου
3193 5381 3543 5451 συμϐιώσεως
3564 5377 3689 5429 ὲκεί-

2134 5489 2230 5540 νης
2258 5472 2559 5543 ἀγαπώσης
2604 5475 2699 5528 καὶ
2729 5475 2885 5528 τοῦτο
2904 5491 2918 5506 ο
2968 5476 3063 5528 ἐὰν
3093 5474 3272 5527 τοίνυν
3298 5473 3591 5544 δοκιμάσῃς
3619 5467 3691 5521 δτι

2134 5567 2292 5617 τοῦτο
2338 5564 2583 5620 ποιοῦσιν
2634 5567 2699 5620 ὲκ
2748 5567 3088 5638 συμφωνίας,
3133 5566 3229 5620 καὶ
3279 5567 3355 5638 μὴ
3403 5564 3684 5625 ἀπατῶσιν,
