3766 6198
135 191 230 257 901
939 192 1343 257 SYNTAGMA
1380 195 1765 258 CANONUM.
1795 223 1863 234 -
1889 197 2043 261 TIT.
2075 199 2218 276 XII,
2257 201 2416 263 CAP.
2456 193 2574 266 ῘΙΙ.

3280 209 3388 274 902

134 302 318 374 ἐπειδὴ
352 301 610 371 δεκαέτης
654 300 770 355 ἐστὶ
796 302 1008 371 χρόνος,
1056 304 1106 355 εἰ
1143 307 1365 369 σκοπεῖς
1401 307 1538 377 μετά
1564 324 1703 360 κατ-

1886 350 1887 355 η
1932 319 2146 378 tempus
2196 310 2536 379 decennale;
2587 313 2634 370 si
2695 315 3009 371 consideres
3059 331 3155 374 eos
3191 319 3389 377 debere

133 396 442 469 ηχουμένων
472 393 669 456 αὐτοὺς
720 394 1053 462 συνάγεσθαι
1094 398 1256 461 τέως,
1286 396 1460 461 οὕτως
1501 398 1709 469 διοίκη-

134 504 251 541 σον·
293 488 345 540 εί
380 484 434 538 δὲ
473 486 704 556 συνορᾷς
747 486 828 539 ὅτι
868 488 1149 557 ἀπατῆσαι
1194 488 1571 560 βεβούληνται,
1608 490 1708 544 καὶ

130 581 297 632 δεῖται
317 579 388 631 τά
411 579 534 631 κατ’
564 579 761 642 αὐτοὺς
793 578 873 633 ἔτι
909 580 1177 649 στύψεως,
1202 582 1341 653 ὅπερ
1376 583 1553 648 όΘεὸς
1577 583 1709 636 ὑπο-

133 670 312 723 ϐάλλει
349 685 453 733 σοι,
484 668 645 723 τοῦτο
678 670 930 741 ποίησον,
962 672 1239 743 πανταχοῦ
1269 674 1405 746 πρὸς
1432 675 1494 728 τὺ
1514 676 1709 746 ἐπέχον

130 764 525 835 ὁδηγούμενος’
576 765 669 817 ἐπὶ
711 765 821 837 γάρ
874 765 985 818 τῶν
1024 766 1207 821 τόπων
1264 768 1568 839 τυγχάνων,
1608 767 1709 831 τὰς

131 856 352 926 γνώμας
385 855 564 909 αὐτῶν
599 856 798 927 μᾶλλον
827 856 1029 911 ειδέναι
1063 858 1315 912 δύνασαι.

208 948 269 999 '0
300 946 579 1011 πολιτικὸς
615 948 776 1018 νόμος
809 948 871 1000 οὐ
898 947 1114 1013 κολάζει
1146 949 1244 1020 τὴν
1279 948 1708 1019 δευτερογαμίαν

128 1038 159 1109 ἢ
190 1038 561 1109 πολυγαμίαν,
598 1039 875 1093 ἔκπτωσιν
902 1040 959 1093 δὲ
997 1041 1207 1110 κερδῶν
1237 1042 1433 1111 ἐπάγει
1466 1043 1578 1104 τοῖς
1611 1058 1706 1109 γο-

129 1129 273 1182 νεῦσι
313 1127 837 1199 δευτερογαμοῦσιν,
890 1129 1135 1183 ὑπόντων
1178 1130 1362 1195 αὐτοῖς
1402 1130 1609 1184 παίδων
1643 1132 1709 1183 ὲκ

128 1222 219 1275 τοῦ
254 1223 527 1294 προτέρου
557 1224 891 1277 συνοικεσίου
912 1241 926 1255 ο
953 1226 1084 1295 περὶ
1103 1224 1163 1277 δὲ
1190 1217 1264 1277 ὧν
1295 1224 1353 1277 ὲν
1379 1224 1573 1279 πλάτει
1594 1224 1709 1279 δια·

128 1315 393 1387 λαμϐάνει
425 1318 455 1370 ὁ
484 1314 527 1370 θ’
556 1316 663 1371 τίτ.
711 1316 805 1370 τοῦ
835 1314 877 1370 ε’
916 1315 1060 1389 βιϐλ.
1092 1316 1186 1371 τοῦ
1218 1316 1351 1372 κώδ.
1387 1317 1485 1371 καὶ
1511 1319 1543 1388 ἡ
1579 1317 1709 1388 περὶ

128 1409 316 1479 γάμων
343 1408 566 1481 Νεαρά’
592 1406 729 1464 Ἡδὲ
757 1410 897 1483 γυνὴ
929 1409 1067 1482 πρὸς
1096 1410 1310 1473 τούτοις
1336 1410 1709 1479 ἀναγκάζεται

132 1503 307 1571 μεῖναι
334 1501 428 1555 τὸν
469 1501 737 1571 πένθιμον
764 1501 978 1574 χρόνον,
1013 1503 1292 1556 τουτέστιν
1320 1502 1585 1567 ἐνιαυτὸν,
1619 1500 1709 1556 διὰ

127 1591 219 1661 τὴν
269 1591 535 1663 σύγχυσιν
584 1593 684 1664 τῆς
712 1592 910 1664 γονῆς·
950 1594 1089 1664 ὅπερ
1119 1594 1213 1646 ἐπὶ
1249 1595 1346 1646 τοῦ
1386 1592 1581 1664 ἀνδρὸς
1608 1594 1710 1645 οὐκ

129 1682 558 1756 ΕστιάΓαμοῦσα
587 1685 769 1739 τοίνυν
794 1685 899 1757 πρὸ
930 1703 994 1739 συ
1005 1684 1386 1756 μπληρώσεως
1407 1685 1501 1738 τοῦ
1526 1685 1707 1738 ἐνιαυ-

126 1776 216 1831 τοῦ
255 1778 398 1846 μετὰ
437 1777 670 1832 θάνατον
698 1776 795 1831 τοῦ
823 1778 1037 1851 ἀνδρὸς,
1060 1777 1376 1849 ἀτιμοῦται,
1408 1778 1501 1831 καὶ
1522 1777 1584 1829 ού
1612 1775 1705 1830 δύ-

128 1886 276 1922 ναται
307 1867 476 1923 πλέον
498 1866 591 1921 τοῦ
622 1868 808 1939 τρίτου
834 1868 935 1938 τῆς
960 1868 1145 1931 οὐσίας
1178 1868 1347 1937 αὐτῆς
1378 1868 1583 1923 διδόναι
1625 1864 1705 1937 τῷ

126 1960 354 2032 δευτέρῳ
385 1960 563 2032 ἀνδρὶ,
607 1960 641 2031 ἢ
672 1962 732 2013 έν
753 1960 988 2032 διαθήκῃ
1030 1960 1389 2014 καταλιπεῖν·
1430 1962 1524 2015 καὶ
1562 1961 1702 2031 αὑτὴ

129 2052 272 2106 οὐδὲν
312 2052 427 2117 ἕξει
476 2051 583 2105 ἀπὸ
634 2051 1004 2123 κληρονομίας
1047 2051 1081 2122 ἢ
1122 2051 1381 2122 ληγάτου,
1427 2049 1460 2122 ἢ
1514 2053 1699 2105 mortis

129 2160 284 2198 causa
309 2143 523 2214 δωρεᾶς
544 2157 559 2172 ⁸
600 2142 736 2197 ἀλλὰ
766 2138 942 2198 ταῦτα
968 2142 1340 2212 λαμϐάνουσιν
1364 2144 1415 2197 oi
1447 2144 1706 2215 κληρονό-

132 2252 216 2303 μοι
249 2233 343 2288 τοῦ
390 2234 823 2298 καταλιπόντοςο
865 2234 962 2289 καί
995 2236 1048 2288 εί
1084 2251 1139 2287 τι
1172 2234 1467 2289 κατέλιπεν
1504 2237 1643 2306 αὐτῇ
1678 2238 1707 2289 ό

132 2327 337 2399 πρῶτος
385 2328 554 2398 ἀνὴρ,
606 2326 948 2399 λαμσάνουσι
1007 2328 1148 2381 κατά
1199 2327 1409 2398 βαθμὸν
1456 2330 1525 2382 τὰ
1573 2327 1707 2382 δέκα

132 2421 415 2491 πρόσωπα,
470 2420 714 2482 ἀνιόντες
756 2421 852 2472 κα)⁵
899 2418 1183 2480 κατιόντες
1212 2418 1309 2472 καὶ
1351 2420 1415 2471 ὲκ
1448 2419 1705 2488 πλαγίου,

132 2513 284 2583 μέχρι
310 2512 573 2583 δευτέρου
596 2509 831 2582 βαθμοῦ·
852 2510 913 2578 ἐξ
938 2510 1221 2564 ἀδιαθέτου
1245 2509 1574 2583 κληρονομεῖ
1597 2510 1706 2563 τῶν

135 2603 403 2673 συγγενῶν
435 2604 609 2674 αὐτῆς
631 2604 795 2675 μέχρι
819 2604 985 2674 μόνου
1006 2602 1194 2675 τρίτου
1222 2602 1453 2673 βαθμοῦ,
1482 2604 1577 2657 καὶ
1605 2603 1706 2657 πά-

131 2712 223 2767 σης
246 2694 402 2761 ἀξίας
437 2699 731 2767 περείται,
760 2694 990 2749 καὶτῶν
1016 2695 1124 2749 ἀπὸ
1138 2686 1242 2748 τοῦ
1267 2695 1487 2768 πρώτου
1515 2695 1707 2767 ἀνδρὸς

133 2790 206 2853 είς
232 2788 400 2859 αὐτὴν
444 2788 709 2841 ἐλθόντων
742 2787 1013 2859 προφάσει
1057 2801 1306 2857 spemon,
1335 2786 1369 2858 ἢ
1402 2786 1546 2841 κατά
1584 2786 1707 2857 βού-

131 2881 279 2951 λησιν
303 2880 400 2934 τοῦ
456 2880 911 2950 τελευτήσαντος·
957 2878 1185 2950 μηδενὸς
1237 2878 1349 2932 τῶν
1402 2880 1707 2950 εἰρημένων

131 2972 254 3024 δέκα
276 2971 595 3041 προσώπων
614 2969 1029 3041 εὑρισκομένου,
1060 2971 1214 3041 χώρα
1242 2971 1319 3040 τῷ
1343 2971 1551 3042 φίσκῳ·
1583 2970 1708 3023 οὔτε

131 3019 1267 3133 etaggtygtgsgesseesse};
1284 3019 1709 3135 ἑίέιέῗκλῆῥέζ
1736 3019 1779 3078 C

129 3154 284 3225 νόμος
307 3155 568 3227 ἐγράφη,
607 3155 656 3206 εί
688 3153 787 3224 μὲν
817 3153 1041 3225 μερικὴ,
1081 3152 1142 3206 τὸ
1173 3156 1338 3224 μέρος
1365 3154 1536 3225 αὐτῆς
1562 3155 1713 3227 παρὰ

131 3250 236 3312 τοῖς
267 3246 748 3319 συγκληρονόμοις
780 3247 932 3318 μένει
955 3263 969 3278 ’
1010 3248 1059 3300 εί
1086 3245 1142 3299 δὲ
1180 3247 1316 3319 μόνη
1344 3248 1561 3318 ἐγράφη
1581 3290 1595 3311 ,
1628 3248 1710 3311 είς

133 3339 249 3402 τοὺς
301 3338 362 3404 ἒξ
406 3337 699 3392 ἀδιαθέτου
740 3339 769 3390 ὁ
814 3336 1018 3408 κλῆρος
1050 3335 1305 3407 ἔρχεται·
1339 3337 1372 3407 ἡ
1409 3337 1467 3390 δὲ
1514 3336 1710 3406 ἀτιμία

133 3429 329 3496 λύεται,
365 3430 613 3501 δεήσεως
644 3428 777 3498 παρ’
811 3428 982 3499 αὐτῆς
1008 3428 1086 3498 τῷ
1119 3428 1329 3498 βασιλεῖ
1356 3428 1712 3497 προσαγομέ-

135 3540 244 3595 νης,
272 3526 369 3579 καὶ
403 3523 865 3594 φιλοτιμουμένου
898 3522 1090 3576 τοῦτο·
1130 3521 1340 3575 παίδων
1377 3521 1436 3574 δὲ
1477 3522 1613 3593 αὐτῇ
1645 3522 1711 3573 ὲκ

135 3612 221 3667 τοῦ
266 3614 538 3685 προτέρου
579 3612 921 3666 συνοικεσίου
958 3610 1225 3679 ὑπόντων,
1263 3612 1364 3665 ούκ
1395 3612 1571 3675 ἄλλως
1607 3612 1709 3682 τῆς

134 3704 379 3777 τοιαύτης
409 3704 666 3771 τεύξεται
692 3704 1026 3775 φιλοτιμίας,
1050 3704 1147 3757 καὶ
1174 3703 1283 3759 τῶν
1310 3703 1488 3758 ἄλλων
1508 3703 1710 3759 ποινῶν

138 3796 223 3850 καὶ
263 3796 364 3867 τῆς
399 3795 634 3866 ἀτιμίας
675 3795 1157 3867 ἀπαλλαγήσεται,
1203 3797 1254 3849 εί
1294 3795 1372 3868 μὴ
1401 3796 1503 3866 τῆς
1542 3794 1709 3867 οὖσης

139 3886 265 3961 αὐτῇ
292 3888 490 3952 οὐσίας
515 3888 574 3941 έν
613 3886 693 3959 τῷ
721 3887 1165 3958 δευτερογαμεϊν,
1191 3889 1307 3952 τοῖς
1332 3886 1494 3941 παισὶ
1530 3887 1712 3961 δωρή-

142 3994 284 4032 σεται
312 3980 459 4033 κατὰ
502 3977 703 4050 χρῆσιν
738 3978 835 4031 καὶ
880 3978 1220 4046 δεσποτείαν,
1253 3978 1329 4043 ὡς
1368 3977 1513 4050 plet.
1543 3985 1586 4033 ε’
1612 3980 1708 4036 τοῦ

140 4069 283 4136 κώδ.,
308 4072 414 4125 τίτ.
462 4066 530 4133 θ’,
562 4070 702 4124 διάτ.
738 4066 787 4123 α’
816 4070 911 4124 καὶ
944 4068 1011 4141 β’,
1056 4070 1152 4126 καὶ
1176 4071 1235 4125 ἑν
1262 4074 1330 4143 τῇ
1362 4074 1489 4144 περὶ
1516 4072 1711 4143 γάμων

136 4161 528 4235 Naupli-"Eon
554 4163 611 4217 δὲ
654 4164 749 4216 καὶ
798 4162 1097 4228 ἀκινδύνως
1130 4164 1227 4219 καί⁵
1274 4166 1526 4236 ἀζημίως
1556 4166 1713 4230 ἐντὸς

135 4255 223 4309 τοῦ
257 4255 523 4327 πενθίμου
561 4256 757 4326 χρόνου
798 4258 1020 4327 γαμεῖν,
1062 4256 1342 4310 τουτέστιν
1374 4257 1483 4311 ἀπὸ
1514 4258 1707 4311 κελεύ-

1810 401 2017 454 versari
2050 417 2173 455 cum
2205 405 2610 461 catechumenis
2631 447 2645 469 ,
2680 423 2825 463 nunc
2869 424 2965 465 eos
2994 410 3075 465 sic
3109 412 3386 481 dispensa.

1813 490 1908 545 Sin
1943 501 2127 546 autem
2168 495 2315 551 vides
2346 498 2488 565 quod
2519 498 2771 569 decipere
2798 501 2965 566 velit,
3009 512 3063 558 et
3094 504 3389 560 acerbitate

1810 581 1991 637 adhuc
2028 584 2081 636 in
2114 599 2179 637 eo
2208 601 2347 655 opus
2395 588 2485 653 sit,
2542 588 2629 645 fac
2670 591 2721 646 id
2761 594 2904 662 quod
2950 595 3092 650 Deus
3119 596 3215 650 tibi
3255 613 3387 667 sug-

1809 674 2077 742 gesserlt;
2121 675 2171 729 id
2205 691 2420 747 semper
2451 694 2684 749 sequens
2727 683 2875 753 quod
2916 686 2970 740 in
3010 702 3115 741 usu
3142 697 3225 743 est
3248 688 3388 744 vim-

1813 779 1921 833 que
1965 760 2205 821 obtinet.’
2237 767 2371 822 Nam
2432 785 2557 825 cum
2621 772 2691 829 iis
2760 776 2837 831 sis
2882 776 2937 831 in
2993 778 3162 843 locis,
3200 795 3387 835 eorum

1808 870 2021 915 mentes
2048 862 2244 917 melius
2274 864 2423 919 nullo
2449 880 2780 936 cognoscere
2808 880 2982 940 potes.

1883 952 2099 1008 Tenus.
2126 954 2289 1028 413
2342 956 2531 1013 Civilis
2560 960 2644 1015 lex
2680 962 2876 1017 iterum
2927 966 3194 1035 saepiusve
3229 981 3387 1037 repe-

1809 1042 2064 1099 titasnon
2106 1048 2261 1112 punit
2289 1050 2527 1119 nuptias.
2549 1049 2821 1125 [Interim]
2860 1064 3039 1110 tamen
3065 1059 3388 1128 parentibus

1808 1136 1904 1205 qui
1934 1140 2319 1207 superstitibus
2352 1154 2418 1195 ex
2443 1144 2625 1211 priore
2669 1146 2909 1215 conjuge
2956 1148 3142 1205 liberis
3170 1152 3389 1220 nuptias

1810 1232 2009 1290 terant,
2060 1227 2339 1284 lucrorum
2378 1233 2729 1289 amissionem
2783 1237 3010 1293 inducit.
3071 1238 3145 1295 De
3175 1242 3379 1307 quibus

1812 1316 1918 1373 late
1944 1326 2142 1375 tractat
2169 1321 2250 1375 tit.
2266 1323 2319 1387 9,
2351 1322 2445 1378 lib.
2474 1324 2527 1383 5.
2561 1323 2717 1393 Cod.,
2752 1338 2806 1383 et
2825 1329 3045 1386 Novella
3066 1331 3134 1387 de
3163 1336 3390 1404 nuptiis.

1810 1410 1889 1465 Ad
1931 1411 2044 1467 hare
2061 1427 2190 1468 vero
2218 1415 2415 1471 mulier
2444 1427 2669 1489 propter
2699 1422 3133 1479 commistionem
3161 1428 3388 1496 sangui-

1812 1502 1920 1567 nis,
1982 1519 2186 1559 annum
2250 1508 2536 1579 lugubrem
2568 1521 2886 1582 exspectare
2936 1516 3151 1585 cogitur
3192 1536 3206 1572 :
3244 1520 3387 1587 quod

1812 1593 1864 1647 in
1889 1595 2022 1650 viris
2048 1598 2225 1653 locum
2258 1617 2366 1655 non
2397 1602 2579 1658 habet.
2605 1604 2741 1672 Quae
2769 1606 2953 1677 itaque
2998 1620 3121 1678 post
3154 1620 3387 1667 mortem

1736 1666 1783 1725 B
1812 1682 1910 1737 viri
1942 1694 2069 1739 ante
2094 1688 2427 1756 completum
2478 1666 2678 1746 annum
2730 1666 2910 1762 nubit,
2946 1666 3166 1755 infamis
3214 1666 3394 1756 reddi;

1808 1785 1901 1830 tur
1930 1794 1942 1830 :
1975 1778 2153 1847 deque
2174 1782 2410 1851 amplius
2446 1784 2642 1839 triente
2672 1788 2993 1841 substantiae
3011 1803 3123 1843 suae
3146 1793 3391 1848 secundo

1810 1867 2007 1921 marito
2023 1868 2161 1923 dona
2172 1874 2402 1935 re,autin
2419 1883 2741 1931 testamento
2752 1880 3053 1947 relinquere
3067 1894 3175 1933 non
3189 1890 3389 1951 potest.

1810 1956 1951 2023 Quin
1980 1958 2096 2028 ipsa
2117 1960 2281 2014 etiam
2312 1975 2378 2015 ex
2414 1962 2751 2030 inmeditate,
2782 1967 3093 2039 autlegato,
3128 1981 3223 2026 aut
3244 1987 3392 2027 mor-

1815 2048 1884 2103 tis
1918 2062 2085 2105 causa
2113 2051 2408 2107 donatione
2442 2052 2517 2106 nil
2548 2057 2905 2125 consequitur
2936 2075 2949 2112 :
2980 2060 3073 2115 sed
3124 2062 3239 2117 haec
3268 2064 3391 2133 ejus

1812 2139 1905 2207 qui
1936 2139 2154 2210 reliquit
2196 2142 2439 2198 baeredes
2459 2144 2705 2213 capiunt.
2757 2145 2824 2202 Et
2855 2148 2901 2203 si
2930 2149 3061 2220 quid
3090 2151 3193 2221 ipsi
3243 2154 3392 2224 prior

1814 2231 2046 2286 maritus
2089 2231 2403 2311 reliquerit,
2436 2237 2661 2305 capiunt
2686 2236 2865 2312 [illud]
2901 2242 3168 2311 gradatim
3199 2246 3386 2301 decem

1813 2336 2079 2390 persona,
2138 2323 2242 2379 hoc
2295 2335 2380 2380 est
2410 2328 2767 2385 ascendentes
2796 2343 2849 2385 et
2868 2333 3286 2403 descendentes;
3331 2345 3392 2392 et

1811 2426 1879 2467 ex
1913 2422 2222 2471 transverso
2250 2432 2421 2487 usque
2449 2418 2517 2472 ad
2551 2423 2850 2476 secundum
2883 2427 3136 2494 gradum.
3167 2427 3251 2482 Ab
3302 2428 3390 2482 in-

1812 2513 2013 2560 testato
2061 2522 2191 2561 vero
2232 2510 2480 2577 cognatis
2529 2511 2703 2580 ipsius
2763 2513 2829 2568 ad
2869 2516 3084 2570 tertium
3131 2518 3394 2573 duntaxat

1815 2613 1991 2668 usque
2017 2599 2247 2671 gradum
2278 2601 2543 2658 succedit.
2594 2602 2883 2676 [Denique]
2918 2606 3081 2660 etiam
3106 2609 3255 2664 omni
3308 2611 3394 2664 di-

1812 2690 2037 2760 gnitate,
2079 2703 2308 2759 quaeque
2363 2705 2395 2745 a
2435 2692 2618 2768 priore
2666 2694 2864 2749 marito
2930 2693 3063 2768 [vel]
3102 2699 3394 2756 occasione

1816 2782 2160 2852 sponsalium
2214 2764 2529 2852 munerum;
2578 2787 2659 2841 vel
2690 2764 3244 2859 [ipsius]vmo—rientis
3296 2807 3394 2847 vo-

1821 2874 2031 2928 luntate
2052 2874 2117 2928 ad
2139 2873 2288 2928 illam
2322 2876 2689 2945 pervenerint,
2718 2878 2984 2948 privatur.
3011 2879 3164 2945 Quod
3193 2883 3239 2937 si
3268 2883 3395 2937 nul-

1815 2965 1899 3020 lus
1924 2965 2195 3020 dictarum
2223 2967 2411 3021 decem
2456 2983 2816 3038 personarum
2848 2970 3181 3038 inveniatur,
3237 2973 3394 3030 locus

1818 3056 1924 3130 [lit]
1963 3058 2116 3114 fisco.
2143 3056 2331 3129 Neque
2366 3058 2542 3133 [vero]
2572 3061 2866 3117 donatione
2897 3073 3117 3134 propter
3169 3068 3395 3137 nuptias

1812 3148 2037 3203 fruitur.
2056 3150 2235 3218 Atque
2264 3149 2311 3203 si
2341 3150 2516 3204 haeres
2547 3152 2714 3205 etiam
2744 3152 2947 3220 scripta
2976 3151 3167 3220 fuerit,
3192 3156 3237 3210 si
3264 3156 3397 3225 qui-

1817 3240 1941 3296 dem
1972 3256 2038 3296 ex
2058 3250 2234 3311 parte,
2266 3241 2388 3312 ejus
2433 3243 2612 3312 portio
2652 3243 2794 3313 apud
2828 3245 3138 3302 coheredes
3168 3254 3352 3303 manet
3378 3266 3392 3304 :

1816 3334 1904 3390 sin
1929 3348 1996 3389 ex
2026 3348 2171 3400 asse,
2196 3334 2263 3388 ad
2300 3333 2697 3407 [successores]
2724 3336 2794 3391 ab
2822 3336 3080 3393 intestato
3107 3339 3396 3396 haereditas

1814 3420 1959 3476 abit.
1982 3420 2252 3476 Caeterum
2284 3421 2510 3475 infamia
2536 3422 2805 3489 aboletur,
2836 3424 2878 3478 si
2925 3424 3039 3495 ipsa
3079 3424 3397 3496 imperatori

1816 3531 2008 3587 preces
2031 3514 2249 3581 oﬂ'erat,
2309 3516 2511 3586 illeque
2563 3516 2709 3571 istud
2745 3518 3030 3587 largiatur.
3090 3520 3161 3573 At
3188 3521 3231 3575 si
3291 3519 3395 3589 ipsi

1818 3613 1975 3668 liberi
2000 3628 2067 3668 ex
2093 3612 2279 3683 priore
2310 3613 2661 3667 matrimonio
2682 3614 2983 3684 supersint,
3006 3629 3114 3669 non
3146 3615 3306 3670 aliter
3333 3630 3397 3669 ea

1817 3702 2153 3771 benignitate
2211 3702 2472 3773 potietur,
2525 3718 2625 3759 nec
2676 3703 2798 3759 aliis
2829 3705 3005 3775 plenis
3036 3714 3131 3759 aut
3170 3704 3395 3760 infamia

1815 3792 2160 3862 liberabitur,
2221 3809 2384 3865 quam
2447 3796 2492 3850 si
2542 3796 2828 3851 semissem
2886 3797 3211 3852 substantiae
3260 3812 3394 3862 sua,

1817 3902 1945 3942 nam
1984 3903 2110 3943 cum
2157 3888 2379 3958 nuptias
2420 3888 2641 3943 iteraret
2675 3888 2883 3955 habuit,
2932 3886 3031 3960 [et]
3077 3888 3396 3944 ususfructu

1764 4035 1769 4039 _
1815 3987 1869 4035 et
1899 3978 2127 4034 dominii
2161 3977 2327 4050 [jure]
2354 3978 2463 4033 illis
2494 3979 2699 4033 donet:
2734 3978 2902 4050 414
2931 3981 3393 4049 quemadmodum

1814 4071 1910 4126 lib.
1932 4071 1984 4126 5.
2003 4069 2139 4125 Cod.
2173 4070 2256 4123 tit.
2279 4070 2333 4137 9,
2362 4079 2540 4125 const.
2560 4071 2586 4124 1
2619 4078 2674 4124 et
2693 4070 2749 4135 Ξ,
2781 4079 2836 4124 et
2853 4071 3066 4124 novella
3091 4071 3157 4125 de
3186 4070 3394 4140 nuptiis

1814 4159 2093 4233 traditur.)
2126 4162 2399 4215 Interdum
2433 4170 2613 4215 tamen
2648 4161 2792 4216 citra
2819 4160 3120 4229 periculum
3144 4169 3199 4216 et
3237 4160 3394 4215 dam-

1813 4271 1944 4311 num
1990 4255 2130 4309 intra
2167 4269 2373 4308 annum
2421 4253 2707 4323 lugubrem
2739 4252 2952 4307 ‘nubit:
3009 4268 3077 4308 ex
3130 4252 3394 4323 principis

138 4362 295 4410 σεως·
327 4349 421 4401 καὶ
467 4348 556 4400 ὅτε
598 4351 657 4400 ὲν
682 4346 761 4417 τῷ
791 4348 1042 4419 πενθίμῳ
1068 4349 1244 4420 χρόνῳ
1270 4350 1426 4421 τέκῃ,
1454 4351 1531 4415 ὡς
1563 4350 1704 4421 βιόλ.

1886 4345 2270 4416 lelicetjussu,
2304 4354 2359 4400 et
2377 4346 2597 4415 quando
2632 4346 2683 4399 in
2712 4345 2928 4416 lugubri
2963 4361 3110 4401 anno
3146 4347 3390 4417 peperit:

140 4432 183 4502 ᾖ
206 4438 310 4490 τῶν
352 4440 526 4503 διατ.,
570 4438 677 4493 τίτ.
711 4437 780 4508 β’,
813 4439 951 4494 διάτ.
982 4437 1034 4506 ι’,
1062 4446 1163 4493 ta"
1193 4441 1319 4511 περὶ
1351 4441 1408 4493 δὲ
1441 4442 1710 4512 ἀθεμίτων

1907 4437 2003 4491 lib.
2034 4437 2086 4491 5.
2122 4437 2265 4506 Dig.,
2293 4436 2376 4491 tit.
2432 4436 2487 4501 2,
2516 4437 2714 4505 digest.
2754 4436 2839 4502 to,
2885 4435 2927 4490 ιι
2968 4435 3267 4509 [docetun]
3320 4437 3394 4490 De

139 4527 226 4579 ml
258 4529 656 4599 κεκωλυμένων
708 4530 924 4600 γάμων,
977 4531 1339 4601 διαλαμϐάνει
1380 4534 1409 4585 ό
1455 4531 1497 4586 s'
1527 4536 1622 4587 καὶ
1662 4537 1717 4598 ς’

141 4621 227 4671 καὶ
260 4620 287 4671 ό
312 4619 355 4684 ζ’
385 4621 497 4675 τίτ.
528 4623 621 4675 τοῦ
654 4619 694 4674 ε’
717 4622 856 4692 βιὸλ.
878 4622 973 4676 τοῦ
993 4621 1148 4692 κώδ.,
1180 4624 1273 4678 καί
1300 4623 1442 4694 βιόλ.
1478 4623 1584 4695 κγ’,
1607 4628 1713 4683 τίτ.

142 4708 201 4780 β’,
230 4712 367 4769 διάη.
396 4712 502 4785 λη’,
534 4712 633 4782 να¹,
665 4712 759 4780 νε’,
792 4712 888 4779 ξς.

206 4806 453 4862 ΚΕΦιιΛ.
495 4808 533 4859 Γ
536 4814 569 4862 ’.
601 4837 672 4850 --
700 4809 841 4876 Περὶ
875 4808 996 4863 τῶν
1043 4809 1446 4865 ὑπονοουσῶν
1485 4811 1710 4866 ἀποθαυ-

142 4896 263 4951 νεῖν
289 4900 430 4967 τοὺς
470 4899 696 4969 ἄνδρας
724 4899 923 4955 αὐτῶν
945 4901 1573 4973 ἁπολιμπανομένους,
1614 4903 1713 4958 καί

146 4992 474 5061 γαμουσῶν.

278 5086 546 5140 Συνόδου
572 5086 991 5155 οἱκουμεγικῆς
1018 5085 1199 5155 ἕκτης
1225 5086 1427 5141 κανὼν
1458 5086 1564 5157 ια’.

213 5176 318 5247 ἥγ’.
371 5180 437 5233 Ἠ
476 5180 926 5250 ἀναχωρήσαντος
962 5180 1057 5233 τοῦ
1107 5181 1299 5251 ἀνδρὸς
1322 5181 1419 5234 καὶ
1471 5181 1711 5251 ἀφανοῦς

151 5266 311 5333 ὄντος,
344 5270 448 5340 πρὸ
482 5270 577 5324 τοῦ
623 5270 913 5341 πεισθῆναι
960 5272 1089 5341 περὶ
1122 5272 1215 5324 τοῦ
1258 5270 1487 5324 θανάτου
1515 5273 1709 5337 αὑτοῦ,

154 5362 314 5433 ἑτέρῳ
340 5364 660 5418 συνοικοῦσα
698 5364 985 5434 μοιχόίται⁸
1023 5363 1285 5428 ὡσαύτως
1322 5366 1415 5417 καὶ
1446 5363 1713 5435 στρατιώ-

154 5454 284 5520 τιδες
313 5457 367 5509 αἱ
408 5458 510 5512 τῶν
539 5456 751 5529 ἀνδρῶν
783 5456 1009 5525 ἀφανῶν
1041 5456 1211 5510 ὄντων
1248 5457 1604 5527 γαμηθεῖσαι,
1636 5456 1714 5526 τῷ

226 5634 265 5666 ¹⁰
299 5632 377 5689 Ex
404 5632 566 5693 Basil.
599 5651 722 5691 ean.
751 5636 840 5704 51,
876 5635 964 5702 56,
1000 5636 1081 5692 46.

1814 4529 2020 4585 illicitis
2057 4543 2222 4598 porro
2251 4536 2308 4582 et
2359 4528 2666 4584 interdictis
2690 4530 2896 4599 nuptiis
2937 4538 3173 4586 tractant
3212 4530 3299 4585 tit.
3334 4531 3390 4597 5,

1814 4624 1867 4688 6,
1902 4621 1954 4688 7,
1988 4622 2080 4677 lib.
2128 4620 2164 4675 V
2194 4621 2353 4689 Cod.,
2397 4630 2453 4677 et
2482 4621 2574 4676 lib.
2615 4622 2709 4688 25,
2747 4622 2905 4688 tit.2,
2933 4623 3129 4696 digest.
3174 4623 3268 4690 58,
3298 4624 3389 4687 5f,

1812 4716 1902 4782 55,
1939 4714 2028 4770 67.

1818 4822 1821 4825 '
1886 4809 2038 4865 CAP.
2075 4807 2165 4864 lll.
2205 4840 2274 4850 —
2301 4810 2379 4864 De
2409 4809 2654 4879 feminis,
2685 4826 2802 4881 qua
2830 4810 2969 4865 viros
2995 4826 3119 4865 suos
3155 4809 3392 4864 absentes

1814 4900 2004 4955 abiisse
2027 4911 2271 4972 putantes
2298 4901 2521 4956 nubunt.

2095 5086 2321 5142 Concilii
2369 5088 2675 5142 cecumenici
2712 5102 2765 5141 vr
2808 5104 2976 5141 canon
3018 5086 3110 5142 93.

1889 5178 1979 5234 95.
2024 5178 2173 5235 Uxor
2199 5184 2240 5218 ¹⁰
2272 5181 2372 5235 viri
2405 5181 2497 5251 qui
2531 5180 2759 5236 secessit
2784 5191 2837 5234 et
2870 5195 2977 5233 non
3020 5186 3262 5249 apparet,
3294 5193 3392 5232 an-

1819 5281 2038 5340 tequam
2068 5272 2133 5325 de
2164 5272 2282 5340 ejus
2311 5282 2485 5325 morte
2509 5272 2711 5326 certior
2743 5270 2884 5325 facta
2914 5270 3004 5336 sit,
3041 5270 3197 5324 alteri
3229 5270 3395 5324 enha-

1819 5363 2000 5418 lnitans
2049 5364 2408 5419 adulteratur.
2456 5365 2723 5419 Similiter
2771 5376 2828 5419 et
2886 5364 3119 5420 militum
3172 5378 3393 5426 uxores,

1819 5472 1941 5525 quae
1970 5472 2078 5511 non
2108 5458 2495 5527 apparentibus
2526 5456 2735 5512 maritis
2770 5464 3104 5527 nupserunt,
3144 5454 3199 5512 in
3239 5470 3395 5510 carn-
