3904 6220
423 232 535 298 903

1596 220 1861 283 PHOTII
1899 220 2408 282 PATRIARCH/E
2443 220 2555 283 CP.

3550 230 3645 293 9M

425 344 551 399 dem
603 338 881 396 rationem
933 335 1220 403 incidunt;
1269 332 1733 406 quemadmodum
1794 340 1850 386 et
1897 346 2006 401 qua

2122 330 2272 401 αὐτῷ
2307 332 2625 386 ὑπόκεινται
2651 332 2815 405 λόγῳ,
2849 326 3005 404 ᾧπερ
3037 332 3132 385 καὶ
3166 334 3221 386 αῖ
3250 333 3333 390 διὰ
3358 334 3448 406 τὴν
3474 340 3645 410 ἀποδγί-

426 440 650 503 propter
689 428 874 484 mariti
917 425 1432 497 peregrinationem,
1485 421 1721 477 reditum
1764 436 1876 476 non
1922 436 2019 475 ex-

425 528 696 593 Spectant.
744 518 850 575 Sed
893 532 982 573 res
1032 517 1121 571 hic
1146 514 1367 586 quidem
1413 514 1655 584 aliquam
1678 511 1891 567 veniam
1926 511 2022 565 ha-

427 614 538 679 bet,
575 612 722 683 quod
752 611 825 666 sit
851 608 1028 680 major
1058 607 1176 679 ejus
1206 607 1398 661 mortis
1418 605 1685 676 suspicio.
1712 602 1789 658 Ea
1815 612 2018 670 autem,

423 720 548 775 qua:
600 704 677 759 illi
729 704 823 773 qui
875 703 945 757 ad
1003 710 1216 771 tempus
1260 706 1379 754 erat
1431 699 1500 752 ab
1547 712 1719 752 uxore
1773 697 2017 761 relictus,

425 799 610 869 nupsit
652 813 751 868 per
780 796 1147 869 ignorantiam
1176 835 1192 860 ,
1240 793 1439 848 deinde
1477 791 1705 846 dimissa
1749 798 1835 846 est
1873 791 2016 860 quod

425 893 572 961 prior
605 888 674 944 ad
711 892 885 959 ipsum
915 886 1164 951 redierit,
1203 894 1289 940 est
1320 883 1542 955 quidem
1583 881 1883 948 fornicata,
1922 882 2018 937 sed

422 998 520 1054 per
553 983 966 1055 ignorantiam;
1016 995 1047 1034 a
1088 977 1443 1033 matrimonio
1490 990 1621 1045 ergo
1660 989 1770 1030 non
1813 974 2021 1030 arcebi-

423 1084 532 1140 tur,
568 1074 773 1129 rectius
803 1082 1009 1139 autem,
1053 1071 1099 1126 si
1130 1070 1214 1126 sic
1244 1068 1533 1123 manserit.
1578 1065 1673 1121 Sin
1700 1075 1882 1121 autem
1906 1067 2015 1121 mi-

421 1168 500 1221 les
546 1165 828 1236 aliquanto
880 1172 1004 1234 post
1063 1172 1309 1232 tempore
1364 1159 1609 1225 redierit,
1666 1160 1825 1229 cujus
1877 1173 2017 1213 uxor

421 1268 645 1329 propter
670 1258 890 1328 longam
922 1255 1068 1311 illius
1097 1252 1404 1309 absentiam
1437 1252 1594 1307 alteri
1626 1251 1745 1306 viro
1781 1251 2015 1321 conjun-

418 1361 508 1403 cta
537 1356 640 1413 est,
703 1348 748 1402 is
776 1348 822 1402 si
856 1347 1005 1411 velit,
1039 1344 1317 1415 propriam
1363 1357 1588 1397 uxorem
1627 1341 1878 1410 recipiat,
1909 1341 2013 1412 ipsi

422 1440 580 1494 venia
613 1450 833 1510 propter
873 1438 1240 1509 ignorantiam
1268 1435 1416 1501 data,
1452 1434 1615 1506 eique
1646 1434 1740 1503 qui
1773 1434 1920 1488 illam
1954 1433 2009 1489 in

418 1532 675 1588 secundis
700 1531 907 1600 nuptiis
939 1530 1162 1584 domum
1198 1528 1376 1583 duxit.

716 1621 881 1695 515
919 1620 1114 1676 Basilii
1142 1636 1368 1674 canones
1394 1619 1483 1686 51,
1514 1616 1603 1683 36,
1628 1615 1721 1672 46.

2122 424 2254 493 μίαν
2287 426 2379 479 τοῦ
2407 426 2597 498 ἀνδρὸς
2625 429 2700 497 μὴ
2730 426 3094 497 ἀναμείνασαι
3121 424 3220 496 τὴν
3247 426 3504 484 ἐπάνοδον¹
3530 433 3649 504 πλὴν

2119 515 2234 585 ἔχει
2278 516 2401 569 τινὰ
2446 516 2775 588 συγγνώμην
2817 517 2879 570 τὸ
2929 516 3165 587 πρᾶγμα
3213 518 3455 583 ἐνταῦθα,
3499 520 3579 575 διὰ
3601 525 3650 576 τὸ

2120 608 2324 679 μᾶλλον
2366 610 2505 681 πρὸς
2548 610 2775 665 θάνατον
2810 603 2952 663 εἶναι
2986 608 3084 680 τὴν
3128 609 3373 665 ὑπόνοιαν
3393 628 3406 644 ⁸
3449 614 3480 683 ἠ
3511 613 3561 667 δὲ
3584 615 3650 685 τῷ

2118 701 2529 770 καταλειφθέντι
2561 702 2700 775 πρὸς
2729 701 2919 773 καιρὸν
2952 701 3101 770 παρά
3123 702 3221 772 τῆς
3253 703 3500 769 γυναικὸς
3526 709 3650 761 κατὰ

2117 792 2342 861 ἄγνοιαν
2366 797 2688 866 γημαμένη,
2713 791 2837 848 εῐταΔ
2856 795 3142 865 ἀφεθεῖσα,
3177 795 3262 848 διά
3289 795 3347 848 τὸ
3374 796 3653 853 ἐπανελθεῖν

2117 888 2255 958 πρὸς
2284 888 2448 942 αὐτὸν
2474 889 2571 959 τὴν
2601 889 2897 961 προτέραν,
2932 888 3232 960 ἐπόρνευσε
3262 888 3375 958 μὲν,
3401 891 3456 942 ὲν
3486 890 3654 964 ἀγνοίᾳ

2114 977 2207 1043 δὲ,
2258 979 2440 1049 γάμου
2486 979 2617 1049 γοῦν
2664 981 2766 1035 οὐκ
2811 980 3191 1051 είρχθήσεται·
3244 979 3454 1034 κάλλιον
3487 981 3538 1034 δὲ
3573 983 3654 1038 ἐὰν

2118 1070 2276 1141 μείνῃ
2310 1068 2501 1135 οὕτως.
2526 1072 2589 1125 Ei
2617 1072 2674 1125 δέ
2698 1088 2761 1141 γε
2784 1072 2812 1124 ὁ
2839 1072 3177 1143 στρατιώτης
3206 1071 3477 1126 ἐπανέλθοι
3496 1075 3651 1145 χρόνῳ

2114 1162 2268 1227 ποτὲ,
2303 1156 2366 1218 οὗ
2405 1165 2439 1233 ὴ
2476 1164 2614 1236 γυνὴ
2645 1163 2735 1218 διὰ
2759 1164 2857 1237 τὴν
2885 1165 2979 1217 ἐπὶ
3005 1164 3137 1218 πολὺ
3164 1164 3371 1217 ἐκείνου
3403 1165 3656 1236 ἀπόλειψιν

2114 1254 2287 1326 ἑτέρῳ
2314 1256 2563 1327 συνήφθη
2605 1257 2781 1328 ἀνδρὶ,
2812 1249 2968 1322 οὗτος
3004 1258 3053 1309 εί
3082 1258 3443 1328 προαιρεῖται,
3469 1257 3561 1328 τὴν
3588 1260 3656 1311 oi-

2113 1348 2269 1400 κείαν
2316 1347 2473 1411 αὖθις
2518 1349 2842 1403 ἀπολαὸἐτω
2876 1352 3132 1420 γυναῖκα,
3180 1347 3499 1418 συγγνώμης
3533 1349 3653 1421 αὐτῇ

2112 1436 2207 1490 ἐπὶ
2247 1439 2315 1508 τῇ
2346 1438 2540 1510 ἀγνοίᾳ
2574 1439 2881 1512 διδομένης,
2918 1440 3015 1494 καὶ
3048 1438 3127 1510 τῷ
3154 1438 3357 1511 ταύτην
3385 1439 3657 1494 εἰσοικισα-

2114 1528 2261 1599 μένῳ
2287 1529 2430 1585 κατά
2461 1530 2715 1603 δεύτερον
2745 1533 2920 1602 γάμον
2951 1532 3128 1603 ἀνδρί.

2407 1625 2737 1679 Βασίλειον
2766 1625 2966 1680 κανὼν
2993 1622 3098 1691 λα’,
3130 1622 3242 1690 λς’,
3286 1622 3399 1695 μς’.

485 1716 579 1772 5i.
610 1716 779 1785 Cujus
815 1715 898 1769 vir
944 1714 1223 1780 discessit,
1272 1727 1376 1768 nec
1410 1721 1715 1782 comparet,
1746 1724 1811 1765 ea
1846 1718 1987 1763 ante.

2181 1710 2285 1769 λα’.
2336 1713 2400 1767 Ἦ
2432 1716 2893 1786 ἀναχωρήσαντος
2939 1716 3035 1770 τοῦ
3066 1684 3261 1786 ἀνδρὸς
3286 1684 3402 1768 ’καὶ
3446 1711 3656 1782 ἀφανοῦς

413 1823 580 1878 quam
610 1808 678 1863 de
705 1808 827 1878 ejus
860 1815 1037 1860 morte
1065 1804 1270 1861 certior
1299 1803 1445 1859 facta
1470 1804 1562 1867 sit,
1592 1817 1702 1857 una
1722 1816 1847 1857 cum
1881 1800 1992 1855 alio

417 1898 675 1954 habitans
706 1897 1029 1953 mcechatur.
1416 1880 1419 1881 ν

486 1991 579 2047 36.
617 1989 852 2044 Militum
886 2001 1108 2051 uxores,
1140 2000 1266 2057 quae
1306 1984 1526 2040 maritis
1556 1984 1675 2041 suis
1707 1998 1816 2040 non
1847 1998 2002 2040 com-

417 2082 761 2154 parentibus,
793 2087 1123 2150 nupserunt,
1156 2078 1355 2133 rationi
1393 2078 1571 2133 eidem
1603 2077 1996 2147 subjiciuntur,

415 2178 505 2233 cui
550 2185 606 2232 et
650 2176 778 2238 illae,
829 2188 951 2245 qua:
998 2173 1069 2227 ob
1110 2171 1609 2243 peregrinationem
1656 2171 2004 2235 maritorum,

418 2270 654 2324 reditum
714 2281 825 2322 non
875 2273 1303 2336 exspectavere:
1354 2263 1451 2319 sed
1512 2271 1696 2317 tamen
1749 2278 1839 2319 res
1861 2277 2002 2316 non-

416 2362 624 2416 nullam
671 2359 762 2415 liic
797 2358 1014 2414 veniam
1048 2356 1310 2423 admittit,
1343 2355 1490 2426 quod
1510 2354 1688 2426 major
1715 2354 1788 2412 sit
1817 2355 2009 2412 mortis

415 2463 686 2521 suspieio.

488 2553 578 2609 46.
620 2553 753 2620 Qua:
786 2552 908 2607 viro
955 2550 1024 2607 ad
1060 2558 1276 2619 tempus
1307 2548 1377 2604 ab
1423 2562 1600 2604 uxore
1621 2546 1888 2604 derelicto
1913 2546 2001 2603 inv

416 2648 597 2702 sciens
628 2646 831 2716 nupsit,
864 2645 912 2700 si
942 2644 1137 2699 deinde
1186 2641 1414 2696 dimissa
1444 2648 1548 2705 est,
1578 2639 1723 2710 quod
1751 2640 1901 2711 prior
1934 2640 2001 2696 ad

422 2738 605 2808 ipsum
639 2751 863 2792 reversa
905 2736 999 2801 sit,
1058 2734 1327 2789 fornicata
1353 2732 1575 2802 quidem
1605 2742 1710 2795 est,
1755 2732 1851 2787 sed
1894 2732 2001 2786 im-

418 2830 680 2900 prudens.
721 2829 765 2881 Α
807 2826 1160 2882 matrimonio
1207 2839 1340 2895 ergo
1387 2838 1496 2879 non
1535 2823 1834 2891 areebitur,
1897 2825 1993 2881 sed

418 2922 617 2978 melius
654 2929 739 2976 est
763 2919 811 2976 si
839 2921 920 2976 sic
949 2926 1292 2991 permaneat.

522 3024 656 3091 Quae
703 3023 772 3078 de
838 2978 1083 3091 repudiis
1111 3020 1333 3075 disserit
1356 3018 1564 3074 novella
1596 3018 1719 3082 m,
1774 3018 1901 3097 ait:
1938 3019 1994 3074 Si
2029 3027 2071 3084 ε

419 3116 600 3180 miles,
681 3112 971 3176 scholaris,
1044 3110 1362 3175 foederatus,
1420 3110 1633 3165 aliusve
1686 3107 2004 3183 [quispiam]

418 3206 728 3263 armatusin
747 3203 1184 3274 expeditionibus
1213 3202 1394 3273 degat,
1456 3210 1811 3272 quotcunque
1843 3203 2005 3257 annis

420 3295 730 3371 [abfuerit,]
798 3297 973 3367 ipsum
1007 3296 1129 3365 ejus
1185 3310 1325 3349 uxor
1392 3301 1727 3363 exspectato,
1788 3293 2005 3349 tametsi

420 3391 600 3445 nullas
653 3391 723 3443 ab
774 3388 895 3457 ipso
944 3386 1155 3441 litteras
1213 3385 1465 3455 accipiat.
1513 3382 1671 3451 Quod
1716 3384 1760 3439 si
1825 3384 2003 3455 ipsum

423 3482 729 3536 decessisse
787 3478 1046 3543 audierit,
1095 3491 1163 3531 ne
1215 3476 1417 3546 [adhuc
1470 3474 1715 3548 quidem]
1770 3474 2001 3544 nubito,

424 3570 530 3625 nisi
583 3569 735 3638 prius
788 3565 923 3639 [vel]
977 3581 1072 3635 per
1114 3580 1193 3632 se,
1236 3567 1322 3621 vel
1383 3581 1479 3636 per
1538 3572 1789 3634 parentes
1821 3580 1998 3630 suos,

419 3662 658 3717 aliumve
726 3660 830 3715 ﬁde
886 3659 1107 3728 dignum
1182 3658 1452 3729 primores
1500 3666 1556 3712 et
1634 3656 2002 3713 rhartularios

423 3752 661 3818 numeri;
710 3751 765 3805 in
793 3765 903 3820 quo
961 3748 1073 3822 ille]
1113 3750 1346 3804 militare
1368 3740 1578 3822 [solet],
1644 3758 1697 3804 et
1719 3750 1997 3805 tribunum

419 3843 786 3915 interrogarit,
821 3857 892 3897 an
952 3856 1141 3897 revera
1182 3849 1431 3896 mortuus
1462 3840 1555 3905 sit,
1594 3848 1648 3895 et
1682 3841 1757 3894 illi
1798 3856 2001 3912 propo-

415 3935 541 3991 sitis
590 3932 958 3989 sacrosanctis
997 3931 1305 4002 Evangeliis
1356 3931 1534 4001 ipsum
1566 3938 1839 3985 mortuum
1878 3946 2003 3986 esse

417 4027 472 4081 iu
558 4027 924 4080 instrumento
1000 4022 1377 4094 deposuerint.
1433 4019 1557 4093 [Ea]
1628 4030 1816 4075 autem
1878 4030 2006 4077 acta

416 4119 616 4175 mulier
647 4117 846 4188 capilo,
881 4131 945 4171 ac
988 4117 1113 4171 dein
1149 4112 1375 4187 [adhuc]
1411 4128 1615 4168 annum
1662 4123 2000 4183 exspectato,

418 4224 646 4281 tumque
678 4205 965 4282 [denique]
998 4207 1237 4278 legitime
1284 4205 1493 4261 nubito.
1529 4203 1584 4259 Si
1632 4220 1763 4260 vero
1807 4216 2003 4260 contra

2098 1802 2285 1871 ⁷ὄντος,
2338 1805 2446 1876 πρὸ
2478 1805 2574 1859 τοῦ
2623 1808 2917 1877 πεισθῆναι
2958 1809 3088 1879 περὶ
3130 1806 3226 1861 τοῦ
3256 1805 3479 1861 θανάτου
3510 1804 3657 1860 αὑτοῦ

2109 1894 2284 1965 ἑτέρῳ
2317 1896 2708 1965 συνοικήσασα,
2739 1898 3018 1968 μοιχᾶται.

2181 1984 2293 2051 λς’.
2337 1987 2731 2058 Στρατιώτιδες
2773 1990 2827 2042 αῑ
2857 1988 2966 2043 τῶν
3008 1987 3222 2059 ἀνδρῶν
3257 1985 3473 2056 ἀφανῶν
3510 1985 3659 2039 ὄντων

2108 2075 2467 2147 γαμηθεῖσαι,
2493 2077 2571 2148 τῷ
2596 2078 2748 2149 αὐτῷ
2780 2078 3103 2133 ὑπόκεινται
3136 2078 3306 2149 λόγῳ,
3335 2068 3483 2146 ᾧπερ
3507 2075 3591 2128 ml.
3612 2073 3660 2126 ai

2107 2166 2201 2222 διὰ
2229 2166 2327 2240 τὴν
2364 2168 2678 2239 ἀποδημίαν
2713 2168 2819 2222 τῶν
2855 2168 3064 2240 ἀνδρῶν
3097 2168 3173 2240 μὴ
3211 2166 3556 2236 ἀναμείνασαι
3579 2162 3661 2233 τὴν

2109 2257 2369 2313 ἐπάνοδον
2390 2275 2403 2290 ·
2434 2258 2577 2331 πλὴν
2610 2258 2724 2329 ἔχει
2751 2258 2875 2313 τινά
2902 2260 3239 2330 συγγνώμην
3265 2259 3325 2312 τὸ
3344 2259 3564 2329 πρᾶγμα
3587 2256 3663 2308 ἐν·

2109 2350 2319 2418 ταῦθα,
2369 2351 2460 2406 διὰ
2484 2351 2546 2405 τὸ
2575 2350 2779 2423 μᾶλλον
2813 2350 2951 2422 πρὸς
2978 2351 3211 2407 θάνατον
3254 2348 3392 2406 εἶναι
3423 2351 3515 2422 τὴν
3543 2347 3662 2402 ὑπό-

2110 2455 2282 2494 νοιαν.

2190 2530 2312 2603 μς·’.
2366 2532 2433 2587 Ἦ
2472 2534 2531 2588 δὲ
2574 2534 2655 2608 τῷ
2694 2535 3113 2606 καταλειφθέντι
3150 2534 3291 2607 πρὸς
3322 2533 3505 2606 καιρὸν
3534 2529 3666 2602 παρά

2111 2624 2493 2696 τῆςιγυναικὸς
2519 2628 2659 2682 κατά
2687 2628 2912 2697 ἄγνοιαν
2935 2629 3255 2700 γημαμένη,
3287 2622 3403 2680 εἶτα
3430 2624 3668 2694 ἀφεθεῖσα

2109 2716 2199 2771 διά
2241 2718 2304 2771 τὸ
2336 2719 2652 2775 ἐπανελθεῖν
2693 2722 2831 2793 πρὸς
2866 2722 3028 2776 αὑτὸν
3057 2721 3159 2791 τὴν
3199 2720 3487 2792 προτέραν,
3520 2714 3669 2786 ἐπόρ-

2111 2826 2268 2864 νευσε
2301 2812 2421 2882 μὲν,
2451 2815 2509 2865 ἐν
2531 2814 2723 2882 ἀγνοία
2742 2814 2830 2868 δέ·
2860 2816 3042 2885 γάμου
3070 2809 3167 2868 οὖν
3199 2815 3302 2868 οὐκ
3321 2811 3664 2884 είρχθήσεται’

2112 2901 2332 2956 κάλλιον
2361 2904 2419 2957 δέ
2450 2905 2546 2959 ἐὰν
2577 2907 2736 2978 μείνῃ
2761 2906 2954 2971 οὕτως.

2189 2992 2254 3045 Ἦ
2288 2995 2414 3066 περὶ
2439 2997 2737 3066 ρεπουδίων
2764 2997 3123 3069 διαλεγομένη
3175 2996 3254 3069 ρδ¹
3284 2995 3472 3067 Νεαρά
3499 2989 3667 3064 φησὶν,

2117 3083 2193 3146 ὡς
2228 3086 2323 3139 ἐὰν
2362 3089 2723 3162 στρατιώτης,
2771 3090 2804 3162 ἢ
2843 3092 3150 3163 σχολάριος,
3201 3094 3235 3162 ἢ
3276 3082 3669 3160 φοιδεράτοςνη

2111 3173 2287 3239 ἄλλως
2301 3174 2545 3243 ἔνοπλος,
2563 3180 2620 3231 ἐν
2645 3179 2909 3253 ἐξπεδίτῳ
2930 3182 3107 3250 διάγει
3123 3181 3487 3252 ὀσουσδήποτε
3515 3179 3672 3232 ἐνιαυ·

2116 3264 2267 3331 τοὺς,
2322 3269 2668 3339 περιμενέτω
2704 3271 2870 3325 αὑτὸν
2912 3273 2946 3343 ἡ
2999 3271 3164 3325 αὑτοῦ
3200 3270 3435 3343 γαμετὴ,
3469 3258 3581 3321 κᾶν
3605 3263 3671 3334 μὴ

2114 3355 2420 3426 γράμματα
2470 3358 2503 3428 ἢ
2545 3360 2839 3432 ἀπόκρισιν
2890 3361 3109 3426 ἐδέξατο
3154 3362 3289 3431 παρ’
3320 3359 3513 3415 αὑτοῦ·
3547 3355 3673 3409 εἰδὲ

2115 3447 2339 3501 ἀκούσει
2374 3450 2537 3504 αὑτὸν
2567 3453 2914 3523 τελευτῆσαι,
2952 3454 3027 3525 μὴ
3061 3455 3334 3527 γαμείτω,
3367 3454 3415 3506 εί
3448 3450 3520 3523 μὴ
3555 3446 3674 3517 πρό-

2111 3555 2270 3610 τερον
2325 3542 2393 3595 δι’
2448 3543 2671 3613 ἑαυτῆς,
2724 3545 2757 3616 ἢ
2809 3546 2919 3600 τῶν
2947 3547 3152 3615 γονέων
3204 3546 3398 3617 αὐτῆς.
3440 3539 3673 3615 ἢὲτέρου

2113 3630 2431 3697 ἀξιοπίστου
2456 3636 2582 3699 τοὺς
2612 3638 2843 3708 πριόρας
2866 3637 2958 3690 τοῦ
2985 3638 3246 3709 ἀριθμοῦ,
3281 3640 3375 3692 καὶ
3402 3638 3524 3697 τοὺς
3548 3648 3671 3703 χαρ-

2110 3721 2431 3793 τουλαρίους
2459 3725 2517 3777 ἐν
2544 3718 2588 3793 ᾧ
2613 3727 2988 3797 στρατεύεται,
3015 3728 3109 3780 καὶ
3130 3726 3417 3799 τριὸοὗνον
3442 3724 3675 3794 ἐρωτήσῃ

2111 3812 2159 3863 εἰ
2182 3814 2247 3882 τῇ
2280 3813 2507 3887 ἀληθείᾳ
2531 3816 2851 3889 ἐτελεύτησε
2872 3834 2888 3852 ο
2918 3821 3160 3873 κάκεῖνοι
3188 3820 3299 3873 τῶν
3323 3818 3491 3886 ἁγίων
3515 3813 3674 3878 Εὐαγ-

2074 3956 2077 3961 λ
2111 3901 2310 3969 γελίων
2345 3907 2726 3977 προκειμένων
2758 3910 3102 3966 κατάθωνται
3134 3912 3300 3965 αὑτὸν
3333 3906 3669 3975 τελευτῆσαν

2112 3994 2205 4047 καὶ
2231 3994 2329 4066 τὴν
2362 3999 2562 4069 πρᾶξιν
2592 4002 2624 4072 ἡ
2653 4002 2792 4073 γυνὴ
2821 3992 3169 4073 λαμϐανέτω,
3205 4004 3300 4056 καὶ
3333 3999 3472 4073 μετά
3495 3997 3554 4049 τὸ
3583 3995 3673 4048 λα⁴

2099 4085 2226 4143 οἰδεῖν
2259 4091 2468 4160 μενέτω
2502 4095 2772 4161 ἐνιαυτὸν,
2825 4096 2920 4149 καὶ
2954 4097 3074 4149 τότε
3122 4096 3372 4165 νομίμως
3406 4090 3667 4163 γαμείτω·

2096 4180 2159 4235 ,εί
2189 4180 2247 4233 δὲ
2284 4186 2434 4254 παρὰ
2468 4185 2676 4256 ταύτην
2704 4187 2802 4257 τὴν
2833 4187 3098 4253 διάστιξιν
3128 4188 3396 4257 γαμήσει,
3430 4186 3521 4237 καὶ⁸
3542 4180 3668 4246 αὐτή

416 4302 522 4357 hoc
555 4272 965 4371 praescriptum-
985 4272 1253 4368 nupserit,
1279 4308 1335 4352 et
1386 4297 1523 4366 ipsa,
1576 4304 1631 4350 et
1684 4296 1775 4364 qui
1825 4296 1999 4365 ipsam

2116 4274 2203 4325 ml.
2240 4276 2463 4330 ὁλαϐὼν
2501 4279 2689 4349 αὐτὴν,
2718 4282 2795 4343 ὡς
2830 4280 3006 4349 μοιχοὶ
3033 4277 3426 4350 τιμωροῦνται.
3458 4276 3520 4328 El
3546 4273 3598 4325 δὲ
3624 4272 3667 4323 οἱ

412 4393 590 4456 duxit,
612 4402 671 4446 ut
697 4364 954 4455 adulteri,
980 4364 1301 4460 puniuntur.
1340 4364 1420 4442 At]
1436 4390 1480 4443 si
1511 4387 1604 4457 qui
1631 4364 2001 4457 deposuerunt

2116 4366 2468 4439 καταθέμενοι
2496 4369 2748 4440 δειχθῶσι
2773 4372 3129 4441 ψευσάμενοι,
3162 4366 3666 4440 ἀποστρατεύονται.

417 4484 629 4539 mentiti
668 4498 789 4538 esse
833 4483 1160 4552 probentur,
1182 4481 1372 4535 militia
1393 4481 1699 4551 privamur,
1727 4488 1783 4534 et
1808 4480 1997 4533 decem

419 4578 684 4633 librarum
718 4573 887 4648 [auri]
924 4574 1148 4628 multam
1189 4575 1320 4628 dant
1341 4571 1465 4645 [illi]
1528 4588 1688 4642 quem
1720 4580 1997 4625 mortuum

412 4686 537 4728 esse
588 4670 867 4733 dixerunt,
921 4675 1089 4737 atque
1127 4665 1223 4739 [is]
1277 4668 1321 4723 si
1372 4669 1522 4732 velit,
1573 4666 1740 4737 416
1773 4680 1997 4721 uxorem

412 4777 570 4820 suam
602 4760 897 4831 recipiendi
924 4758 1236 4814 facultatem
1271 4758 1449 4812 habet.
1486 4756 1541 4811 Si
1574 4755 1841 4811 scholaris
1857 4763 1994 4819 erat,

411 4871 443 4911 a
486 4842 818 4924 primoribus
871 4850 1072 4906 scholae
1119 4858 1174 4904 et
1232 4848 1480 4903 actuario
1525 4849 1674 4903 dicta
1722 4845 1995 4917 depositio

412 4950 506 5006 ﬁat
554 4968 568 5004 :
625 4948 709 5004 sin
760 4946 1087 5009 fmderatus,
1118 4944 1186 4999 ab
1206 4944 1378 5013 ipsius
1429 4942 1670 5012 Optione.

481 5039 632 5098 CAP.
657 5039 749 5095 IV.
779 5067 850 5080 —-
870 5039 948 5092 De
983 5038 1050 5092 iis
1071 5039 1159 5107 qui
1193 5036 1478 5090 divortium
1508 5034 1733 5102 faciunt.

874 5124 1250 5196 Apostolorum
1277 5140 1445 5176 canon
1478 5122 1532 5176 5.

479 5218 534 5273 5.
584 5215 912 5287 Episcopus,
940 5214 1026 5269 vel
1049 5212 1333 5284 presbyter
1365 5211 1446 5267 vel
1474 5211 1753 5275 diaconus,
1772 5220 1904 5274 elc.,
1934 5218 1993 5263 ut

409 5328 532 5383 pag.
564 5310 689 5366 758.
1025 5318 1032 5324 ’
1693 5364 1700 5375 .

762 5401 989 5457 Concilii
1024 5398 1348 5471 Gangrensis
1379 5411 1549 5451 canon
1586 5394 1671 5448 14.

480 5495 571 5551 14.
595 5494 651 5549 Si
677 5510 785 5565 qua
817 5494 1012 5549 mulier
1050 5492 1309 5562 relinquit
1350 5490 1635 5553 maritum,
1665 5497 1721 5542 et
1743 5485 1864 5541 vult
1905 5500 1993 5541 rc-

409 5587 623 5655 oedere,
653 5587 1066 5643 matrimonium
1085 5586 1413 5653 abhorrens,
1449 5584 1522 5640 sit
1546 5580 1862 5638 anathema.

2076 4522 2077 4525 η
2103 4458 2199 4512 καὶ
2226 4459 2358 4514 δέκα
2384 4460 2585 4530 λιτρῶν
2614 4463 2805 4535 ποινὴν
2835 4463 3067 4515 διδόασιν
3097 4457 3141 4530 ᾧ
3169 4456 3325 4515 εἷπον
3360 4458 3662 4514 ἀποθανεῖν·

2101 4552 2196 4604 καὶ
2228 4552 2341 4622 ἔχει
2372 4554 2582 4620 ἄδειαν,
2614 4556 2661 4607 εἰ
2690 4555 2954 4625 βούλοιτο,
2985 4556 3083 4625 τὴν
3106 4554 3241 4608 ἰδίαν
3267 4550 3555 4606 ἀναλαϐεῖν
3574 4564 3667 4615 γα·

2104 4646 2301 4713 μετήν.
2327 4642 2389 4697 Ei
2435 4644 2491 4699 δέ
2533 4647 2819 4718 σχολάριος
2872 4643 2962 4719 ἦν,
2994 4647 3145 4715 παρὰ
3178 4645 3289 4699 τῶν
3322 4643 3552 4715 πρώτων
3578 4640 3667 4707 τῆς

2102 4734 2299 4805 σχολῆς
2326 4738 2419 4789 καὶ
2442 4738 2537 4791 τοῦ
2563 4740 2889 4810 ἀκτουαρίου
2911 4742 2944 4810 ἡ
2977 4739 3231 4808 λεχθεῖσα
3252 4719 3487 4806 γινέσθω
3514 4732 3669 4787 κατὰ·

2104 4827 2288 4893 θεσιςο
2322 4831 2369 4883 εί
2398 4831 2455 4885 δὲ
2490 4831 2835 4902 φοιδεράτος,
2872 4832 3023 4902 παρά
3044 4831 3137 4884 τοῦ
3168 4830 3417 4891 ὀπτίονος
3454 4823 3631 4879 αὑτοῦ.

2169 5014 2421 5069 ΚΕΦΑΛ.
2453 5017 2528 5070 Δ’.
2562 5042 2631 5056 -
2658 5014 2796 5083 Περὶ
2825 5013 2943 5067 τῶν
2969 5010 3503 5081 διαζευγνυμένων.

2416 5128 2417 5131 ‘
2532 5107 2917 5162 Ἀποστόλων
2942 5106 3144 5159 κανὼν·
3169 5111 3233 5157 ε’.

2167 5195 2230 5255 ε’.
2266 5196 2619 5264 Ἐπίσκοπος,
2644 5197 2676 5268 ἢ
2702 5197 3092 5270 πρεσϐύτερος,
3120 5196 3153 5265 ἦ
3177 5195 3449 5257 διάκονος,
3468 5208 3521 5244 κ.
3549 5206 3596 5242 τ.
3618 5185 3663 5237 λ.

2432 5383 2703 5438 Συνόδου
2734 5382 3005 5453 Γάγπγὶας
3039 5379 3240 5436 κανὼν
3274 5379 3356 5432 ιδ’.

2170 5475 2253 5529 ιδ.
2295 5474 2363 5528 Εἴ
2410 5493 2494 5539 τις
2545 5478 2682 5547 γυνὴ
2743 5476 3145 5545 καταλιμπάνει
3200 5472 3294 5525 τὸν
3341 5469 3529 5539 ἄνδρα,
3579 5465 3664 5519 καὶ

2096 5569 2402 5638 ἀναχωρεῖν
2432 5567 2609 5623 ἐθέλοι
2640 5569 3034 5641 βδελυττομένη
3068 5568 3158 5622 τὸν
3188 5567 3391 5637 γάμον,
3427 5561 3663 5630 ἀνάθεμα

2098 5665 2259 5719 ἔστω.
