3904 6220
295 324 408 391 905
1094 324 1494 388 SYNTAGMA
1533 323 1927 387 CANONUM.
1952 350 2021 364 -
2046 324 2197 387 TIT.
2231 323 2404 399 XIII,
2446 322 2603 384 CAP.
2645 318 2746 383 IV.
3448 317 3558 384 906

546 430 817 488 Συνόδου
852 432 1271 502 Καρθατέννης
1298 432 1500 487 κανὼν
1536 429 1637 503 ρβ¹.
1910 440 1955 493 Α

1910 440 1955 493 Α
2245 430 2471 487 Concilii
2510 427 2943 498 Carthagiuensis
2965 442 3136 482 canon
3171 425 3293 484 102.

367 520 516 589 Περὶ
548 519 670 574 τῶν
713 518 857 585 τοὺς
904 518 1128 587 ἄνδρας
1155 520 1195 589 ἢ
1245 522 1351 585 τὰς
1400 521 1689 592 γυναῖκας
1731 521 1883 577 ἀπο·-

2065 522 2142 578 De
2170 524 2251 577 his
2301 524 2391 592 qui
2442 536 2657 589 uxores,
2684 533 2779 576 aut
2826 537 2943 592 quae
2979 521 3120 576 viros
3153 522 3458 589 dimittunt,
3503 531 3563 577 ut

298 616 582 669 ,λυόντων
615 614 717 667 ἵνα
742 612 933 678 οὕτως
953 613 1257 681 μείνωσιν.

822 628 933 678 τως
953 613 1257 681 μείνωσιν.
1989 613 2065 665 sic
2096 620 2364 665 maneant.

375 703 478 774 ρβὲ
517 705 752 773 Ἤρεσεν
782 702 925 756 ὥστε
955 704 1096 757 κατὰ
1119 705 1219 775 τὴν
1244 705 1609 775 εὐαγγελικὴν
1636 706 1730 758 καὶ
1752 706 1887 759 ἀπο·-

2062 702 2182 756 ita.
2220 702 2433 757 Placuit
2456 704 2527 769 ιι,
2558 711 2619 758 ut
2641 702 2939 759 secundum
2964 704 3333 774 evangelieam
3357 712 3411 758 et
3434 719 3568 772 apo-

303 797 564 865 στολικὴν
591 796 927 865 ἐπιστήμην,
975 797 1113 864 μήτε
1158 797 1187 849 ὁ
1228 796 1336 849 ἀπὸ
1380 797 1638 863 γυναικὸς
1682 797 1845 849 ὲαθεὶ‹

2028 793 2241 851 lolicam
2298 793 2668 862 disciplinam,
2712 807 2889 863 neque
2946 794 3205 850 dimissus
3256 798 3325 849 ab
3373 810 3566 859 uxore,

305 890 451 958 μήτε
488 890 523 959 ἡ
556 887 668 942 ἀπὸ
695 887 891 959 ἀνδρὸς
920 868 1345 957 καταλειφθεῖσα
1374 889 1546 959 ἑτέρῳ
1582 888 1847 960 συζευχθῇ

2031 900 2169 955 eque
2217 887 2442 942 dimissa
2494 902 2523 938 a
2572 885 2791 950 marito,
2843 886 2998 941 alteri
3030 886 3435 956 conjuugatur;
3474 887 3568 942 sed

302 980 422 1034 ἀλλ’
452 980 487 1051 ἢ
542 977 714 1043 οὕτως
767 980 1044 1051 μείνωσιν,
1093 980 1127 1049 ἢ
1168 980 1381 1042 ἑαυτοῖς
1431 979 1844 1048 καταλλαγῶσιν

2025 992 2065 1032 La
2098 987 2374 1043 maneant,
2412 986 2507 1031 aut
2556 977 2774 1034 sibimet
2821 978 3283 1034 reconcilientur:
3338 979 3485 1049 quod
3517 977 3567 1033 si

306 1068 481 1141 οὗπερ
513 1072 608 1124 ἐὰν
646 1072 1129 1142 καταφρονήσωσι,
1160 1071 1298 1143 πρὸς
1332 1071 1619 1142 μετάνοιαν
1647 1089 1848 1126 κατανα

2028 1070 2442 1138 ontempserint,
2487 1067 2557 1123 ad
2594 1069 2969 1138 paenitentiam
3024 1069 3342 1140 redigantur
3389 1069 3454 1123 ".
3507 1067 3570 1124 In

305 1160 651 1228 γκασθῶσιν·
687 1162 745 1214 ὲν
783 1152 829 1228 ᾧ
864 1162 1184 1231 πράγματι,
1228 1161 1393 1229 νόμον
1421 1160 1703 1231 βασιλικὸν
1732 1163 1847 1215 ὲκτε

2034 1172 2101 1211 ua
2152 1173 2320 1212 causa
2368 1158 2541 1227 legem
2581 1157 2921 1228 imperialem
2985 1158 3099 1228 (51)
3134 1158 3430 1228 petendum
3486 1168 3570 1215 est

308 1252 470 1322 θῆναι
506 1251 684 1322 χρεών
710 1254 862 1306 ἐστιν
889 1252 1133 1321 αἰτῆσαι.

814 1268 862 1305 ιν
889 1252 1133 1321 αἰτῆσαι.
1994 1249 2352 1318 promulgari.

450 1343 722 1398 Συνόδου
749 1340 1177 1413 οὶκουμενικῆς
1203 1341 1383 1412 ἕκτης
1413 1342 1613 1397 κανὼν
1642 1342 1750 1408 πξ.

1720 1342 1750 1397 ’.
2294 1338 2518 1393 Concilii
2546 1340 2848 1393 aecumenici
2885 1354 2936 1394 vt
2973 1355 3143 1394 canon
3171 1339 3262 1397 87.

380 1433 492 1499 πξ.
539 1436 605 1487 Ἡ
630 1436 720 1489 τὸν
751 1435 925 1507 ἄνδρα
955 1433 1328 1489 καταλιποῦσα
1365 1435 1613 1506 μοιχαλὶς
1643 1437 1812 1503 ἐστιν,
1843 1437 1893 1490 εί

2065 1432 2155 1487 87.
2189 1431 2323 1498 Quae
2350 1433 2395 1464 ¹⁸
2429 1433 2687 1486 maritum
2714 1432 2955 1502 reliquit,
3003 1444 3087 1488 est
3111 1434 3381 1501 adultera,
3407 1434 3455 1489 si
3478 1450 3570 1492 ve-

307 1528 397 1580 ὲπ’
433 1526 595 1581 ἄλλον
620 1521 775 1598 ἦλθε,
806 1527 951 1582 κατὰ
989 1527 1080 1582 τὸν
1115 1526 1261 1597 ἱερὸν
1287 1526 1383 1580 καὶ
1412 1526 1556 1582 θεῖον
1588 1528 1849 1583 Βασίλειοπ

2025 1523 2138 1578 lerit
2162 1525 2230 1579 ad
2265 1524 2452 1589 alium,
2486 1533 2546 1579 ut
2589 1526 2708 1580 vult
2738 1540 2893 1580 sacer
2944 1534 2998 1580 et
3040 1526 3258 1581 divinus
3309 1525 3567 1592 Basilius,

309 1621 376 1673 ὲκ
401 1620 501 1689 τῆς
539 1618 807 1690 Ἰερεμίου
836 1619 1177 1690 προφητείας
1203 1619 1404 1691 ἄριστα
1430 1620 1590 1675 τοῦτο
1627 1620 1851 1687 άναλεξό

2027 1615 2089 1679 ,υἱ
2154 1629 2221 1668 ex
2268 1613 2503 1670 Jeremia
2557 1616 2820 1686 propheta
2870 1616 2976 1672 hoc
3031 1619 3237 1687 optime
3302 1618 3569 1691 collegit:

311 1726 497 1779 μενον,
520 1710 604 1763 ὅτι
627 1709 754 1763 Εὰν
780 1708 1022 1779 γένηται
1042 1708 1196 1780 γυνὴ
1218 1709 1395 1779 ἀνδρί
1416 1710 1617 1779 ἑτέρῳ,
1636 1713 1748 1766 οὐκ
1767 1713 1853 1766 ἐπέ

2031 1704 2152 1768 juod
2175 1706 2220 1757 si
2253 1704 2347 1758 alii
2373 1707 2483 1760 uiro
2507 1722 2645 1760 uxor
2670 1707 2854 1776 fuerit,
2896 1708 2967 1761 ad
2992 1710 3246 1763 maritum
3276 1726 3431 1764 suum
3463 1729 3573 1766 non

308 1777 564 1871 στρέψει
584 1802 736 1871 πρὸς
753 1777 862 1857 τόν
891 1777 1081 1872 ἄνδρα
1106 1777 1343 1871 αὐτῆς,⁷
1537 1804 1850 1873 μιαινομέν-

2028 1806 2342 1862 onvertetur,
2399 1799 2742 1870 sed'polluta
2796 1799 3062 1869 polluetur
3094 1803 3158 1858 “.
3210 1803 3280 1857 Et
3340 1819 3570 1861 rursus:

302 1892 706 1962 μιανθήο-εται
724 1907 738 1921 ⁸
760 1891 856 1946 καὶ
878 1891 1059 1947 πάλιν·
1084 1891 1144 1945 '0
1162 1891 1319 1962 ἔχων
1334 1892 1679 1961 μοιχαλίδα,
1692 1893 1844 1962 lippa

2034 1888 2104 1952 lui
2144 1897 2321 1943 autem
2364 1892 2557 1944 detinet
2615 1891 2938 1957 adulteram,
2992 1902 3071 1946 est
3103 1894 3353 1963 insipiens
3389 1904 3437 1950 et
3471 1898 3576 1949 im-

311 1983 411 2037 καί
439 1982 676 2049 ἀσεϐής
694 1999 707 2013 ·
727 1984 776 2037 εί
803 1980 898 2038 οὖν
927 1986 1069 2054 φανῇ
1097 1984 1190 2037 τοῦ
1217 1983 1409 2055 ἀνδρὸς
1437 1986 1647 2053 ἀλόγως
1678 1986 1853 2055 άναχω

2032 1981 2114 2034 ius
2151 1980 2212 2035 “‘.
2273 1980 2332 2035 Si
2382 1996 2513 2053 ergo
2549 1992 2743 2052 praeter
2794 1984 3064 2039 rationem
3105 2000 3136 2038 a
3182 1986 3379 2040 marito
3408 1986 3574 2059 417

312 2076 551 2148 ρήσασα,
601 2075 631 2128 ό
671 2060 772 2146 μὲν
796 2075 1128 2147 συγγνώμης
1178 2076 1325 2141 ἄξιός
1356 2079 1527 2141 ἐστιν,
1563 2077 1598 2148 ἡ
1623 2078 1680 2131 δὲ
1713 2081 1854 2131 ὲπιτι

2031 2074 2292 2129 ecessisse
2336 2074 2454 2130 visa
2502 2076 2595 2139 sit,
2646 2075 2736 2131 ille
2762 2076 2984 2147 quidem
3039 2078 3197 2134 venia
3237 2080 3436 2151 dignus
3464 2090 3573 2146 est,

314 2168 490 2238 μίων’
546 2168 581 2238 ἡ
616 2169 673 2222 δὲ
709 2167 1004 2239 συγγνώμη
1049 2166 1225 2239 τούτῳ
1253 2168 1387 2239 πρὸς
1427 2171 1490 2223 τὸ
1515 2172 1794 2224 κοινωνεῖν
1822 2188 1851 2223 τ

2034 2181 2113 2221 ωε
2157 2180 2285 2221 vero
2342 2182 2523 2237 pruna.
2560 2168 2639 2223 ΙΙΙὶ
2692 2180 2873 2225 autem
2900 2171 3058 2226 venia
3101 2172 3341 2236 dabitur,
3379 2181 3443 2227 ut
3469 2173 3575 2228 Ec-

322 2258 625 2329 Ἐκκλησίςι
669 2258 990 2329 δοθήσεται·
1034 2260 1063 2312 ὁ
1096 2261 1288 2329 μέντοι
1322 2259 1753 2331 καταλιμπάνων
1793 2261 1864 2333 τὴ

2035 2260 2175 2316 lesiae
2214 2263 2600 2317 communicet.
2630 2260 2737 2317 Sed
2762 2263 2810 2317 ei
2842 2263 2938 2331 qui
2987 2262 3229 2334 legitime
3257 2263 3361 2320 sibi
3390 2263 3577 2321 datam

309 2356 561 2426 νομίμως
616 2354 982 2424 συναφθεῖσαν
1027 2354 1176 2426 αὐτῷ
1226 2358 1496 2425 γυναῖκα,
1550 2357 1645 2410 καὶ
1695 2355 1851 2428 ἑτέρα

2040 2368 2225 2409 xorem
2275 2354 2559 2425 relinquit,
2612 2364 2667 2408 et
2695 2356 2858 2410 aliam
2898 2356 3070 2423 ducit,
3125 2372 3158 2413 e
3197 2355 3413 2412 Domini
3446 2372 3577 2413 sen-

306 2446 603 2516 ἀγόμενος,
649 2447 790 2500 κατά
830 2445 930 2517 τὴν
949 2446 1046 2501 τοῦ
1076 2447 1284 2523 κυρίου
1323 2449 1618 2518 ἀπόφασιν,
1669 2450 1748 2521 τῷ
1794 2453 1848 2503 τί

2034 2445 2176 2499 entia
2212 2445 2257 2476 "
2282 2455 2365 2501 est
2393 2445 2645 2500 adulterii
2682 2446 2890 2511 judicio
2918 2447 3208 2504 obnoxius.
3241 2451 3283 2504 A
3318 2449 3576 2507 Patribus

308 2538 563 2608 μοιχείας
618 2538 908 2593 ὑπόκειται
933 2539 1197 2610 κρίματιο
1224 2541 1604 2596 κεκανόνισται
1652 2543 1709 2597 δὲ
1742 2560 1850 2614 παρ

2032 2536 2143 2590 nim
2176 2537 2379 2595 nostris
2405 2545 2669 2593 statutum
2699 2549 2803 2607 est,
2837 2548 2897 2595 ut
2923 2540 3019 2610 qui
3052 2550 3182 2597 sunt
3204 2541 3477 2611 ejusmodi
3506 2542 3571 2610 ¹⁷,

306 2626 421 2680 τῶν
460 2627 720 2697 Πατέρων
763 2628 941 2699 ἡμῶν,
974 2631 1100 2693 τοὺς
1137 2629 1415 2693 τοιούτους
1447 2632 1693 2687 ἐνιαυτὸν
1721 2649 1848 2704 προς

2035 2644 2204 2684 unum
2242 2628 2497 2694 deﬂeant,
2524 2631 2751 2686 biennio
2783 2633 3031 2701 audiant,
3071 2635 3306 2690 triennio
3330 2635 3577 2691 subster-

306 2720 544 2781 κλαίειν,
597 2720 800 2775 διετίαν
830 2721 1232 2792 ἐπακροᾶσθαι,
1263 2725 1506 2793 τριετίαν
1539 2726 1848 2779 ὑποπίπτειι

2039 2727 2224 2785 antur,
2259 2729 2313 2775 et
2343 2720 2577 2789 septimo
2602 2735 2729 2775 eum
2771 2720 3027 2778 ﬁdelibus
3061 2722 3389 2792 consistant,
3419 2731 3475 2778 et
3494 2722 3576 2779 sic

308 2814 405 2866 καί
427 2812 508 2883 τῷ
553 2812 768 2883 ἑϐδόμῳ
811 2813 1166 2868 συνίστασθαι
1193 2816 1308 2879 τοῖς
1341 2819 1575 2881 πιστοῖς,
1628 2817 1725 2871 καὶ
1746 2815 1850 2870 οὔτ

1268 2816 1308 2879 ῖς
1341 2819 1575 2881 πιστοῖς,
1628 2817 1725 2871 καὶ
1746 2815 1893 2870 οὕτω
1997 2810 2272 2867 oblatione
2299 2810 2452 2883 digni
2485 2811 2810 2869 habeantur.

305 2908 409 2976 τῆς
463 2909 783 2979 προσφορᾶς
836 2906 1249 2976 καταξιοῦσθαι,
1298 2909 1395 2963 sev
1446 2910 1585 2982 μετὰ
1636 2910 1891 2982 δακρύων
2824 2898 2827 2900 ’

311 3000 752 3069 μετανοήσουσιν.

564 3089 892 3186 gadiis—(Iov
922 3088 1132 3186 arardir
1164 3090 1229 3158 θ’,
1264 3090 1362 3158 λε’,
1398 3100 1511 3164 μηθ,
1544 3092 1641 3160 οξ.
1916 3124 1963 3186 C
2077 3183 2094 3186 Α

1916 3124 1963 3186 C
2077 3183 2094 3186 Δ
2188 3182 2231 3186 _
2338 3092 2531 3148 Basilii
2554 3110 2776 3149 canones
2800 3096 2853 3161 9,
2883 3093 3086 3163 35,48,
3129 3097 3218 3151 77.

379 3179 449 3235 θ’.
491 3181 556 3234 Ἦ
584 3182 640 3235 δὲ
668 3182 761 3235 τοῦ
788 3183 995 3254 Κυρίου
1022 3184 1318 3252 ἀπόφασις,
1350 3187 1490 3241 κατὰ
1525 3188 1625 3258 μὲν
1661 3186 1762 3257 τὴν
1789 3187 1889 3259 τῆς

2069 3183 2123 3240 9.
2165 3182 2343 3254 Eque
2373 3186 2507 3241 viris
2533 3194 2588 3241 et
2620 3185 2945 3242 mulieribus
2980 3189 3237 3243 convenit
3267 3189 3572 3243 secundum

310 3273 523 3337 ἑννοίας
552 3273 894 3342 ἀκολουθίαν,
927 3274 987 3341 ἐξ
1016 3276 1129 3331 ἴσου
1154 3278 1249 3332 καὶ
1278 3278 1502 3349 ἀνδράσι
1528 3279 1621 3333 καὶ
1640 3280 1852 3348 γυναιξι

2031 3275 2283 3331 ententia:
2315 3277 2758 3332 consecutionem
2790 3279 2937 3348 quod
2977 3294 3007 3333 a
3044 3277 3274 3334 Domino
3322 3294 3570 3349 pronun-

307 3366 544 3438 ἁρμόζει
567 3368 700 3439 περὶ
718 3367 814 3421 τοῦ
856 3369 931 3440 μὴ
962 3369 1162 3435 ἐξεῖναι
1193 3372 1372 3440 γάμου
1404 3371 1719 3438 ἐξίστασθαι
1747 3390 1849 3444 παε

2031 3370 2195 3423 latum
2233 3378 2338 3436 est,
2391 3385 2502 3424 non
2550 3370 2717 3426 licere
2782 3386 2812 3425 a
2864 3371 3220 3427 matrimonio
3269 3372 3573 3439 discedere,

309 3461 467 3524 εκτδς
512 3461 675 3529 λόγου
736 3463 1025 3530 πορνείαςο
1072 3465 1106 3534 ἠ
1158 3464 1217 3517 δὲ
1262 3464 1520 3533 συνήθεια
1570 3467 1668 3536 οὐχ
1715 3466 1851 3520 οὕτω

2034 3461 2109 3517 uisi
2151 3461 2223 3517 ob
2274 3461 2719 3517 fornicationem.
2756 3462 3112 3519 Consuetudo
3141 3474 3321 3519 autem
3355 3480 3460 3519 non
3495 3467 3576 3520 sic

309 3552 424 3622 ἔχει
441 3571 454 3583 ·
479 3552 596 3607 ἀλλ’
617 3554 711 3606 ἐπὶ
740 3554 838 3625 μὲν
866 3554 976 3608 τῶν
1000 3555 1296 3623 γυναικῶν,
1328 3556 1531 3625 πολλὴν
1561 3556 1851 3629 εὖρίσκομε

2033 3568 2061 3608 e
2104 3553 2284 3620 habet,
2333 3555 2427 3609 sed
2473 3555 2795 3609 mulieribus
2844 3554 3065 3624 quidem
3107 3556 3274 3608 multa
3323 3567 3575 3611 accurate

309 3645 409 3714 τὴν
438 3644 849 3715 ἀκριϐολογίαν,
878 3644 973 3698 τοῦ
1010 3645 1109 3716 μὲν
1151 3646 1476 3700 Ἀποστόλου
1503 3648 1775 3718 λέγοντος,
1806 3651 1851 3704 ὄπ

2031 3644 2280 3700 »Βερτνπί
2323 3646 2801 3716 deprehendimus,
2849 3662 2971 3701 eum
3022 3647 3317 3717 Apostolus
3352 3649 3573 3717 quidem

326 3737 388 3790 '0
404 3736 791 3806 κολλώμενος
800 3737 875 3805 τῇ
897 3739 1087 3807 πόρνῃ
1100 3737 1173 3791 ἐν
1192 3737 1364 3808 σῶμά
1381 3739 1533 3794 ἐστι’
1554 3741 1647 3794 τοῦ
1659 3742 1716 3794 δὲ
1730 3742 1863 3813 Ἱερε

2041 3736 2185 3791 icat:
2224 3736 2378 3801 Quod
2424 3737 2514 3807 qui
2558 3739 2789 3791 adliceret
2835 3738 3118 3803 meretrici,
3154 3738 3215 3807 ﬁt
3248 3754 3413 3791 unum
3456 3755 3576 3792 cor-

317 3827 462 3896 μίου,
488 3828 573 3880 ὅτι
604 3827 740 3881 Ἐὰν
757 3826 998 3897 γένηται
1026 3827 1182 3897 γυνὴ
1205 3829 1378 3898 ἀνδρὶ
1405 3829 1605 3898 ἑτέρῳ,
1638 3833 1859 3887 οὐκέπι

2031 3843 2100 3880 ius
2137 3827 2217 3892 ¹⁸;
2254 3826 2521 3883 Jeremias
2544 3842 2705 3881 vero:
2744 3825 2896 3891 Quod
2941 3828 2988 3880 si
3027 3827 3183 3895 fuerit
3220 3828 3408 3881 mulier
3433 3844 3573 3893 cum,

312 3918 564 3986 στρέψει
602 3917 753 3985 πρὸς
779 3918 888 3973 τὸν
908 3918 1100 3985 ἄνδρα
1122 3918 1334 3989 αὐτῆς,
1357 3921 1520 3975 ἀλλὰ
1535 3924 1854 3993 μιαινομέν

2032 3920 2111 3973 :lio
2137 3921 2271 3984 viro,
2317 3936 2422 3974 non
2442 3929 2728 3974 revertetur
2758 3919 2826 3972 ad
2853 3918 3023 3971 virum
3047 3934 3223 3981 suum,
3255 3920 3345 3972 sed
3368 3919 3574 3987 polluta

308 4010 724 4079 μιαν-θήσεται·
747 4011 839 4064 καὶ
854 4010 1016 4066 πάλιν
1030 4028 1043 4042 ·
1063 4012 1125 4065 '0
1148 4011 1305 4081 ἔχων
1317 4014 1662 4083 μοιχαλίδα,
1686 4016 1850 4085 ἇςρρω

2035 4010 2262 4065 olluetur
2294 4012 2369 4077 ¹⁹;
2403 4020 2455 4065 et
2491 4010 2726 4064 iterum:
2766 4008 2870 4073 Qui
2896 4008 3050 4061 habet
3079 4008 3400 4073 adulteram,
3438 4009 3575 4061 stul-

312 4102 695 4179 καίὰσεϐήςο
723 4104 757 4174 ἡ
796 4103 853 4156 δὲ
884 4103 1144 4174 συνήθεια
1164 4142 1180 4169 ,
1214 4106 1309 4159 καὶ
1359 4106 1748 4176 μοιχεύσαντας
1796 4109 1854 4163 ἄν

2029 4119 2085 4157 us
2113 4114 2189 4158 est
2218 4113 2266 4157 et
2296 4103 2489 4172 impius
2521 4102 2589 4155 ὀ.
2626 4100 2980 4156 Consuetudo
3009 4110 3191 4153 autem
3221 4101 3383 4153 etiam
3417 4099 3571 4153 adul-

312 4194 463 4266 δρας,
492 4196 590 4247 καὶ
620 4196 681 4248 ὲν
708 4194 983 4266 πορνείαις
1005 4194 1186 4262 ὄντας,
1210 4197 1534 4265 κατέχεσθαι
1562 4198 1668 4251 ὑπὸ
1695 4216 1854 4269 γυναι

2074 4211 2147 4252 ’08
2181 4195 2327 4250 viros
2365 4203 2419 4249 et
2451 4195 2504 4249 in
2544 4193 2999 4249 fornicationibus
3036 4202 3317 4247 versantes
3341 4192 3499 4259 jubet
3539 4207 3571 4245 a
3612 4184 3616 4200 "

312 4286 423 4338 κῶν
460 4286 830 4355 προστάσσει·
865 4286 1007 4339 ὥστε
1041 4285 1175 4356 ήτῷ
1201 4286 1481 4359 ἀφειμένῳ
1516 4290 1671 4362 ἀνδρὶ
1713 4308 1854 4345 συνοι

2032 4287 2322 4343 mulieribus
2358 4286 2605 4342 retineri.
2654 4284 2838 4352 Quare
2880 4299 3002 4354 quze
3033 4298 3141 4338 una
3170 4299 3294 4338 cum
3333 4284 3450 4337 viro
3490 4283 3574 4337 di-

313 4376 481 4429 κοῦσα
501 4416 515 4441 ,
542 4377 644 4430 οὐκ
671 4373 787 4430 οἶδα
806 4378 855 4430 εί
880 4376 1103 4432 δύναται
1127 4379 1376 4448 μοιχαλὶς
1403 4380 1762 4451 χρηματίζειν
1781 4397 1795 4413 ⁸
1826 4400 1855 4436 τ

2029 4380 2172 4435 nisso
2200 4377 2430 4445 habitat,
2477 4378 2665 4433 nescio
2702 4391 2770 4431 an
2804 4377 2979 4445 possit
3011 4376 3262 4430 adultera
3290 4376 3571 4445 appellari.

314 4470 417 4537 γὰρ
463 4468 720 4538 ἔγκλημα
770 4467 1023 4534 ἐνταῦθα,
1071 4468 1172 4539 τῆς
1201 4469 1553 4541 ἀπολυσάσης
1592 4472 1687 4525 τὸν
1724 4473 1852 4543 ἄνδρ

2031 4474 2213 4525 ιιίιηοιι
2257 4469 2405 4523 enim
2470 4468 2559 4523 hic
2607 4469 2825 4537 attingit
2870 4466 3176 4533 mulierem,
3225 4483 3347 4537 qua:
3394 4469 3573 4522 virum

314 4560 568 4625 ἅπτεται,
600 4560 744 4613 κατὰ
774 4560 935 4615 ποίαν
968 4563 1149 4616 αἰτίαν
1178 4562 1391 4634 ἀπέστη
1419 4563 1515 4616 τοῦ
1546 4564 1745 4634 γάμου*
1775 4562 1856 4615 εἴτ

2038 4562 2225 4626 imisit,
2258 4574 2493 4631 quanam
2525 4559 2593 4614 de
2634 4572 2802 4613 causa
2850 4572 2881 4613 a
2931 4557 3186 4630 conjugio
3232 4558 3571 4614 discesserit.

312 4654 419 4721 γὰρ
444 4651 761 4720 τυπτομένη
801 4652 875 4721 μὴ
914 4654 1156 4723 φέρουσα
1188 4654 1289 4717 τὰς
1327 4654 1562 4725 πληγὰς,
1597 4654 1854 4724 ὑπομένει

2029 4654 2127 4709 ιίνο
2166 4654 2312 4708 enim
2349 4667 2609 4723 percussa
2641 4651 2830 4721 plagas
2870 4665 2977 4705 non
3015 4651 3178 4718 ferat,
3218 4650 3360 4706 ferre
3394 4652 3571 4706 satius

313 4742 478 4810 ἐχρῆν
503 4741 729 4810 μᾶλλον,
758 4741 791 4812 ἢ
817 4741 1199 4814 διαζευχθῆναι
1232 4743 1325 4797 τοῦ
1348 4745 1744 4810 συνοικοῦντος
1778 4745 1855 4798 εῖτ

2032 4756 2116 4800 rat
2166 4760 2331 4814 quam
2382 4760 2413 4798 a
2448 4742 2681 4813 conjuge
2711 4742 2997 4810 separari:
3043 4744 3159 4797 sive
3204 4744 3462 4797 damnum
3516 4743 3571 4795 in

311 4836 406 4900 τὴν
430 4835 511 4895 εἰς
538 4832 610 4885 τὰ
640 4833 899 4903 χρήματα
928 4834 1133 4905 ζημίαν
1165 4835 1241 4907 μὴ
1276 4836 1514 4908 φέρουσα
1533 4878 1547 4903 ,
1590 4838 1711 4892 οὐδὲ
1746 4837 1853 4892 αὕτη

2026 4839 2245 4893 »θευηίἰε
2272 4852 2377 4892 non
2405 4836 2565 4898 ferat,
2599 4851 2668 4890 ne
2694 4836 2807 4890 haec
2828 4832 3047 4904 quidem
3078 4836 3226 4904 justa
3253 4836 3568 4889 excusatio:

313 4925 345 4993 ἡ
375 4924 650 4994 πρόφασις
672 4924 948 4993 ἀξιόλογος
969 4941 982 4956 ⁸
1016 4928 1065 4979 εί
1090 4926 1147 4980 δὲ
1176 4928 1266 4983 διὰ
1290 4929 1352 4982 τὸ
1380 4931 1438 4984 ὲν
1468 4933 1695 5003 πορνείᾳ
1725 4930 1855 4984 αὐτὸ

2034 4930 2087 4982 in
2120 4937 2324 4995 autem,
2367 4926 2630 4996 quoniam
2656 4927 2777 4997 ipse
2805 4927 2939 4981 vivit
2963 4928 3015 4980 in
3047 4927 3423 4987 fornicatione.
3464 4942 3571 4981 non

315 5014 429 5084 ζῇν,
463 5015 566 5067 οὐκ
586 5013 819 5084 ἔσχομεν
848 5015 1008 5068 τοῦτο
1030 5018 1088 5070 ὲν
1116 5018 1181 5088 τῇ
1217 5018 1476 5090 συνηθείᾳ
1508 5023 1571 5089 τῇ
1601 5020 1857 5091 ἐκκλησια

2039 5022 2263 5075 abemus
2287 5021 2428 5074 hanc
2453 5020 2507 5074 in
2535 5019 2910 5074 ecclesiastica
2951 5019 3347 5073 consuetudine
3385 5018 3575 5073 obser-

316 5108 471 5176 στικῇ
524 5107 585 5158 τὸ
639 5107 1047 5177 παρατήρημα·
1108 5108 1244 5161 ἀλλὰ
1293 5109 1388 5164 καὶ
1433 5106 1661 5163 ἀπίστου
1698 5112 1858 5181 ἀνδρὸ

2036 5114 2295 5177 ationem,
2335 5111 2447 5165 imo
2480 5125 2609 5166 vero
2657 5112 2724 5165 ab
2772 5111 2974 5165 inﬁdeli
3015 5111 3133 5164 viro
3166 5125 3270 5163 non
3299 5110 3454 5179 jussa
3487 5120 3572 5165 est

313 5197 643 5266 χωρίζεσθαι
688 5198 748 5250 οὐ
782 5198 1134 5269 προσετάχθη
1168 5200 1330 5270 γυνὴ,
1363 5200 1499 5253 ἀλλὰ
1555 5202 1855 5272 παραμένει

2032 5203 2197 5256 mulier
2219 5203 2485 5271 separari,
2524 5202 2616 5257 sed
2656 5214 2874 5271 propter
2898 5210 3149 5256 eventum
3187 5202 3452 5256 incertum
3487 5217 3574 5255 re-

311 5289 397 5343 διὰ
443 5292 506 5343 τὸ
546 5290 743 5359 ἄδηλον
788 5291 887 5361 τῆς
933 5292 1214 5357 ὲκὸάσεως
1237 5309 1250 5322 ·
1274 5293 1335 5348 Τί
1352 5293 1462 5363 γὰρ
1483 5290 1669 5360 οἶδας,
1695 5295 1853 5364 γύναι

2029 5307 2239 5347 manere.
2273 5290 2413 5356 Quid
2436 5292 2574 5345 enim
2597 5291 2695 5352 sic,
2722 5291 2931 5356 mulier,
2966 5306 3032 5342 an
3064 5289 3232 5342 virum
3266 5289 3469 5342 salvum
3497 5290 3571 5343 sis

313 5382 363 5433 εί
382 5380 489 5433 τὸν
512 5380 703 5449 ἄνδρα
725 5378 977 5448 σώσεις;
997 5380 1137 5436 ὥστε
1165 5386 1200 5456 ή
1231 5384 1624 5450 καταλιποῦσα,
1644 5383 1855 5455 μοιχαλὶ

2028 5395 2207 5441 actura
2230 5387 2272 5417 “
2298 5385 2320 5437 ?
2363 5382 2566 5450 Quare,
2593 5398 2714 5453 quas
2744 5381 2987 5451 reliquit,
3022 5392 3105 5436 est
3126 5381 3393 5444 adultera,
3427 5382 3472 5436 si
3502 5384 3570 5437 ad

385 5496 425 5565 ‘_‘
458 5494 608 5549 Cone
637 5492 857 5549 Milevit.
906 5508 989 5565 n,_
1030 5509 1151 5564 cap.
1190 5494 1265 5563 7.;
1315 5495 1485 5552 Afric.
1544 5498 1613 5553 69
1683 5513 1734 5552 c.
1838 5498 1880 5528 ¹²
1915 5497 2101 5554 Mulli].
2149 5513 2199 5563 ν,
2243 5497 2345 5565 32;
2388 5496 2563 5554 lCor.
2601 5511 2699 5560 vn,
2749 5496 2835 5555 10.
2886 5496 2972 5549 ll.
3100 5499 3142 5528 ’³
3190 5495 3324 5551 Can.
3378 5496 3430 5557 9,
3477 5488 3567 5565 2!-

388 5562 597 5638 ρει-ειη.
641 5566 806 5638 m,_i.
860 5561 1122 5638 Αξσ-Ρτυνζ
1152 5561 1417 5638 an,2~2
1564 5571 1609 5600 ιθ
1645 5568 1833 5622 Matth.

2024 5611 2033 5623 .
2124 5561 2194 5599 ⁸⁷⁷
2225 5561 2359 5623 Cati.
2411 5565 2499 5622 57.
2560 5567 2963 5638 Basiliihlagni.
3089 5568 3130 5599 ¹⁸
3158 5568 3175 5621 l
3206 5566 3330 5623 Cor.
3373 5582 3448 5633 v1,
3482 5561 3566 5619 16.

319 5633 579 5690 "lerem.
613 5651 697 5700 ut,
727 5635 780 5689 1.
857 5634 903 5667 ’⁸
926 5632 1087 5689 Prov.
1118 5651 1275 5703 xvm,
1305 5637 1394 5692 29..
1472 5640 1514 5670 ¹¹
1553 5639 1567 5692 Ι
1597 5640 1723 5693 Cor.
1758 5655 1852 5707 vn,
1890 5641 1973 5695 lli.

389 5748 508 5818 (51)
550 5746 681 5814 Quae
713 5759 823 5800 non
855 5744 1054 5815 legitur
1083 5755 1215 5802 tunc
1258 5750 1561 5821 impetrata.
1605 5751 1736 5808 Vide
1780 5755 2007 5825 August.
2040 5769 2206 5812 scrin.
2240 5754 2327 5822 ιο,
2361 5754 2500 5809 inter
2529 5749 2597 5807 50
2654 5750 2803 5837 hom.

610 5841 887 5900 PA'I‘RUL.
945 5839 1059 5902 Gn.
1096 5846 1254 5906 CIV.
1874 5924 1877 5927 η
3067 5857 3069 5860 ‘
3135 5844 3216 5905 29
