3904 6220
436 292 538 357 967

1604 283 1865 344 PIIOTH
1908 280 2406 343 PATRIARCII/E
2430 279 2539 341 cr.
3552 286 3644 352 9,3

430 408 598 463 alium
647 408 822 460 virum
869 404 1116 459 accessit.
1152 402 1253 467 Qui
1298 411 1477 455 autem
1521 399 1740 454 relictus
1780 407 1885 462 est,
1927 399 2008 452 di-

2122 397 2159 449 εἰ
2188 398 2274 449 ἐπ’
2328 395 2488 452 ἄλλον
2523 389 2686 464 ἦλθεν
2734 390 2934 461 ἄνδρα·
2967 393 2998 445 6
3043 389 3102 445 δὲ
3131 390 3496 462 καταλειφθεὶς
3529 413 3641 469 συγ.

433 516 572 572 guns
602 510 683 554 est
720 497 894 562 venia,
948 505 1003 550 ct
1037 510 1158 565 quae
1206 510 1314 550 una
1343 508 1468 548 cum
1521 508 1588 548 eo
1626 492 1859 556 habitat.
1898 505 2006 545 non

430 593 849 647 condemnatur.
885 587 1052 659 418
1080 586 1188 641 Sed
1229 587 1275 641 si
1316 586 1418 652 vir,
1466 585 1560 654 qui
1590 586 1659 640 ab
1685 601 1859 642 uxore
1904 584 2013 640 dis-

433 685 618 749 cessit,
652 682 887 738 accessit
926 682 993 737 ad
1045 680 1231 744 aliam,
1264 688 1347 734 est
1375 687 1430 733 et
1470 679 1581 749 ipse
1609 679 1842 745 adulter,
1875 677 2005 749 quia

434 777 563 832 facit
599 785 657 829 ut
705 776 822 844 ipsa
871 774 1202 829 adulterium
1240 772 1578 837 committat;
1627 780 1681 826 et
1734 786 1856 841 quae
1897 786 2003 825 una

434 881 559 919 cum
615 866 735 934 ipso
776 865 1007 929 habitat,
1051 871 1137 920 est
1185 863 1456 929 adultera,
1491 863 1620 933 quia
1651 862 1888 917 alienum
1920 861 2003 914 vi-

434 972 554 1010 rum
593 957 658 1009 ad
691 971 749 1011 se
780 955 1039 1010 traduxit.

504 1048 593 1101 55.
635 1046 695 1101 in
728 1047 925 1102 marito
964 1048 1032 1101 ab
1072 1060 1243 1101 uxore
1292 1046 1553 1102 derelicto
1603 1043 2001 1100 consideranda

433 1139 807 1194 derelictionis
852 1153 1061 1194 causa:
1114 1152 1178 1193 ac
1219 1138 1265 1194 si
1308 1154 1429 1193 eam
1477 1146 1674 1207 praeter
1735 1137 2002 1189 rationem

434 1230 727 1287 secessisse
749 1230 1077 1293 constiterit,
1108 1229 1199 1284 ille
1220 1228 1437 1298 quidem
1464 1229 1662 1299 dignus
1686 1228 1864 1291 venia,
1890 1227 2005 1280 haec

436 1336 566 1375 vero
633 1320 827 1373 multa.
860 1318 1031 1374 Venia
1067 1327 1248 1375 autem
1276 1320 1345 1386 ei,
1385 1330 1442 1374 ut
1469 1316 1726 1373 Ecclesia:
1754 1330 2004 1372 commu-

433 1413 598 1478 nicet,
623 1410 858 1466 dabitur.

503 1524 593 1587 48,.
627 1523 757 1590 Qua:
786 1540 816 1578 a
844 1524 1039 1578 marito
1088 1523 1270 1579 relicta
1304 1532 1409 1589 est,
1457 1537 1578 1577 mea
1609 1522 1829 1592 quidem
1879 1535 2008 1576 sen—

434 1619 621 1683 tentia,
656 1632 876 1671 manere
910 1616 1085 1679 debet,
1117 1615 1175 1669 Si
1223 1616 1369 1671 enim
1423 1613 1688 1670 Dominus
1732 1614 1869 1669 dixit
1903 1610 2005 1669 :Si

432 1710 547 1778 quis
583 1708 844 1777 relinquat
876 1723 1113 1769 uxorem,
1159 1715 1372 1775 excepta
1413 1706 1779 1775 fornicationis
1814 1722 2001 1771 causa,

432 1800 563 1868 facit
601 1815 717 1853 eam
760 1799 1014 1852 mazchari
1040 1798 1084 1829 ¹²
1109 1815 1121 1850 :
1146 1812 1207 1851 ex
1254 1812 1317 1851 eo
1364 1795 1511 1867 quod
1551 1812 1669 1851 eam
1701 1796 2004 1851 adulteram

432 1898 609 1954 vocet,
636 1888 907 1957 prazclusit
957 1890 1007 1943 ei
1062 1887 1505 1957 conjunctioncm
1537 1902 1659 1943 cum
1697 1887 1825 1941 alio.
1853 1886 2003 1954 Quo-

435 1980 599 2034 modo
629 1979 774 2033 enim
809 1978 984 2050 possit
1008 1977 1091 2031 vir
1119 1976 1337 2048 quidem
1360 1992 1484 2033 esse
1508 1993 1657 2044 reus,
1692 1985 1753 2032 ut
1785 1977 2003 2032 adulte-

437 2073 502 2126 rii
544 2087 729 2136 causa,
786 2072 983 2125 mulier
1022 2086 1153 2125 vero
1202 2070 1496 2140 inculpata,
1532 2086 1653 2141 qua:
1679 2070 1924 2124 adultera
1972 2084 2004 2124 a

438 2164 669 2219 Domino
710 2163 780 2218 ob
812 2161 1255 2234 conjunctionem
1298 2178 1424 2219 cum
1464 2162 1572 2218 alio
1594 2162 1862 2233 appellata
1885 2161 2005 2217 est?

505 2434 598 2491 77.
640 2434 745 2501 Qui
792 2434 1053 2504 relinquit
1085 2434 1324 2505 legitime
1372 2435 1477 2491 sibi
1527 2436 1836 2507 copulatam
1887 2453 2005 2493 mu-

439 2526 645 2587 lierem,
678 2537 731 2579 et
771 2524 933 2578 aliam
983 2525 1153 2587 ducit,
1185 2540 1250 2578 ex
1284 2524 1501 2580 Domini
1544 2528 1808 2582 sententia
1849 2527 2004 2583 adul-
2052 2548 2055 2549 '

439 2616 559 2670 terii
604 2616 894 2685 subjicitur
943 2616 1170 2685 judicio.
1236 2614 1340 2671 Sed
1374 2623 1635 2671 statutum
1673 2626 1754 2672 est
1782 2615 2004 2673 Patrum

438 2717 750 2762 nostrorum
803 2708 1130 2774 canonibus,
1174 2719 1234 2761 ut
1282 2708 1317 2762 ii
1367 2722 1510 2763 anno
1554 2707 1738 2774 ﬂeant,
1788 2708 2007 2764 biennio

440 2800 687 2863 audiant,
719 2800 955 2853 triennio
985 2800 1420 2867 substet-nuntur,
1450 2802 1682 2870 septimo
1702 2801 2007 2856 consistant

440 2907 563 2945 cum
594 2890 863 2958 ﬁdelibus,
898 2900 952 2947 et
979 2894 1051 2946 ita
1094 2892 1370 2947 oblatione
1407 2894 1555 2963 digni
1594 2894 1924 2961 habeantur,
1960 2894 2005 2950 si

438 3000 564 3037 eum
600 2984 856 3053 lacrymis
895 2984 1271 3053 paenitentiam
1298 2985 1530 3055 egerint.

514 3143 729 3199 Textus.
774 3144 848 3200 De
904 3145 1271 3217 disjunctione
1301 3148 1772 3204 matrimoniorum
1814 3149 2002 3205 multis

438 3237 572 3293 locis
620 3238 798 3294 civilis
821 3238 988 3310 419
1042 3240 1125 3294 lex
1168 3241 1406 3306 disserit,
1440 3243 1679 3298 maxime
1730 3253 1910 3297 autem
1952 3245 2003 3296 in

446 3331 543 3385 lib.
573 3346 699 3395 xxv,
745 3332 827 3385 tit.
860 3331 917 3395 2,
948 3339 1001 3385 et
1033 3331 1126 3385 lib.
1152 3348 1203 3398 ν,
1237 3334 1356 3387 cod.
1392 3334 1477 3387 tit.
1510 3334 1575 3387 l7
1603 3344 1658 3389 et
1689 3333 1909 3389 Novella
1940 3336 2008 3390 de

442 3420 970 3491 nuptiis.Perfectius
990 3431 1169 3475 autem
1188 3420 1405 3476 Novella
1429 3422 2007 3495 li?[utquze]e1pres-

440 3526 501 3568 se
538 3526 735 3565 causas
762 3511 985 3579 exponit
1017 3512 1088 3566 ob
1117 3528 1254 3581 quas
1278 3512 1419 3585 [aut]
1464 3514 1692 3568 maritus
1736 3524 1830 3568 aut
1871 3528 2007 3568 uxor

442 3605 732 3672 repudium
777 3605 991 3658 mittere
1018 3605 1246 3673 possint.
1276 3610 1450 3673 Atque
1480 3603 1735 3675 [maritus
1757 3604 2003 3677 quidem]

444 3695 627 3747 dotem
668 3693 931 3754 lueratur,
966 3691 1084 3761 ejus
1133 3692 1434 3751 dominium
1472 3693 1655 3747 liberis
1692 3707 1758 3747 ex
1787 3707 1854 3747 eo
1883 3707 2007 3746 ma-

445 3782 704 3837 trimonio
758 3783 1141 3851 superstitibus
1162 3795 1497 3849 servaturus,
1530 3784 1574 3838 si
1607 3782 1750 3855 [cum
1786 3784 2003 3857 mulier]

445 3876 658 3944 aliquos
718 3876 1077 3944 imperatoria:
1140 3877 1443 3947 majestatis
1511 3878 1759 3935 insidiari
1821 3880 2005 3945 sciret,

446 3966 549 4039 [id]
586 3966 784 4022 marito
844 3982 943 4023 suo
984 3983 1095 4023 non
1151 3968 1581 4026 manifestavcrit
1613 3988 1626 4025 :
1655 3972 1800 4026 illam
1864 3972 2008 4044 [ma-

442 4058 606 4131 ritus]
638 4060 704 4114 de
734 4059 1002 4115 adulterio
1047 4063 1387 4117 accusaverit
1420 4105 1435 4129 ,
1475 4072 1528 4118 et
1574 4065 1873 4121 convicerit
1910 4083 1923 4119 :
1961 4067 2005 4121 si

448 4165 776 4221 quocunque
807 4152 969 4206 modo
997 4152 1119 4206 vitm
1171 4155 1351 4207 mariti
1401 4155 1630 4211 insidias
1663 4157 2011 4213 collocaverit

449 4246 545 4291 aut
565 4239 690 4292 aliis
720 4239 771 4294 id
809 4239 1139 4313 [agentibus]
1168 4246 1389 4298 conscia
1418 4245 1493 4299 illi
1536 4262 1649 4301 non
1694 4250 2010 4304 manifesta-

445 4322 586 4383 verit
619 4330 699 4384 :si
732 4328 888 4402 [una]
925 4347 1049 4387 cum
1096 4336 1370 4391 extraneis
1401 4338 1532 4393 viris
1557 4340 1776 4394 nolente
1812 4343 2009 4397 marito

2110 488 2386 559 γνωστδς⁹,
2430 487 2525 543 καὶ
2555 488 2587 557 ἡ
2620 483 2943 539 συνοικοῦσα
2972 483 3053 555 τῷ
3078 484 3303 555 τοιούτῳ
3328 486 3388 540 οὐ
3412 492 3645 563 κατακρίη

2109 596 2260 633 νεται
2280 594 2296 609 ο
2327 578 2376 630 εἰ
2409 577 2591 647 μέντοι
2619 576 2647 628 6
2677 573 2817 644 ἀνὴρ
2849 575 2877 627 6
2906 573 3152 635 ἀποστὰς
3184 573 3280 643 τῆς
3306 577 3543 642 γυναικὸς
3568 580 3642 633 ἐπ’

2108 668 2276 739 ἄλλην
2298 664 2455 739 ἦλθε,
2476 665 2572 720 καὶ
2595 663 2758 727 αὐτὸς
2788 662 2973 735 μοιχός
2989 676 3003 691 ·
3034 662 3169 716 διότι
3194 666 3334 716 ποιεῖ
3361 665 3517 736 αὐτὴν
3545 684 3646 738 μοι.

2108 759 2389 831 χευθῆναι,
2437 758 2589 828 καὶὴ
2639 754 2958 809 συνοικοῦσα
3015 752 3166 824 αύτῷ
3218 754 3478 825 μοιχαλὶς,
3529 757 3645 812 διότι

2109 852 2392 923 ἀλλότριον
2417 850 2587 923 ἄνδρα
2614 849 2752 921 πρὸς
2783 842 2984 918 ἑαυτὴν
3017 845 3347 918 μετέστησεν

2179 1034 2275 1089 λε’.
2327 1035 2450 1088 Ἐπί
2499 1033 2557 1087 δὲ
2603 1031 2695 1085 τοῦ
2728 1027 3189 1099 καταλειφθέντος
3230 1029 3414 1102 ἀνδρὸς
3443 1031 3647 1103 ὑπὸτῆς

2109 1128 2383 1200 γυναικὸς,
2410 1128 2507 1196 τὴν
2530 1126 2706 1180 αἰτίαν
2729 1123 2835 1195 χρὴ
2861 1124 3084 1178 σκοπεῖν
3105 1122 3205 1193 τῆς
3228 1122 3648 1193 ὲγκαταλείψεως,

2109 1221 2215 1275 κᾶν
2261 1221 2402 1290 φανῇ
2452 1218 2661 1285 ἀλόγως
2696 1216 3124 1286 ἀναχωρήσασα,
3153 1216 3183 1268 6
3225 1214 3322 1284 μὲν
3354 1216 3649 1286 συγγνώμης

2110 1314 2257 1366 ἐστιν
2294 1311 2463 1377 ἄξιος,
2507 1311 2542 1379 ὴ
2572 1308 2629 1361 δὲ
2675 1306 2956 1377 ἐπιτιμίου
2978 1322 2989 1335 ·
3026 1307 3059 1378 ἡ
3092 1306 3150 1359 δὲ
3184 1304 3471 1376 συγγνώμη
3499 1307 3651 1377 τούτῳ

2110 1405 2258 1474 πρὸς,
2274 1403 2335 1457 τὸ
2362 1403 2639 1456 κοινωνεῖν
2665 1403 2729 1472 τῇ
2775 1398 3071 1471 Ἐκκλησία
3099 1398 3400 1469 δοθήσεται.

2182 1516 2293 1589 μη⁸.
2347 1516 2412 1570 Ἦ
2453 1515 2510 1568 δὲ
2565 1512 3056 1584 ὲγκαταλειφθεῖσα
3107 1511 3260 1580 παρὰ
3304 1509 3393 1564 τοῦ
3444 1509 3649 1580 ανδρδς,

2110 1610 2250 1664 κατὰ
2270 1609 2369 1680 τὴν
2395 1607 2534 1679 ἐμὴν
2555 1606 2783 1677 γνώμην
2807 1606 2987 1676 μένειν
3008 1603 3211 1674 ὀφείλει
3235 1604 3442 1674 ἄγαμος
3462 1619 3475 1633 ·
3498 1604 3542 1655 εί
3561 1602 3655 1673 γὰρ

2109 1703 2138 1754 6
2174 1700 2381 1770 Κύριος
2420 1694 2601 1752 εἷπεν·
2661 1696 2808 1751 Ἐάν
2836 1713 2925 1763 τις
2957 1695 3264 1764 καταλίπῃ
3299 1692 3541 1764 γυναῖκα
3568 1694 3654 1747 ἐκ·

2110 1790 2214 1858 τὸς
2258 1790 2446 1860 λόγου
2495 1789 2799 1857 πορνείας,
2843 1787 3002 1842 ποιεῖ
3034 1785 3234 1855 αὐτὴν
3270 1783 3655 1856 μοιχευθῆναι,

2116 1886 2181 1936 έκ
2234 1881 2329 1936 τοῦ
2389 1881 2670 1953 μοιχαλίδα
2737 1879 2910 1952 αὐτὴν
2976 1878 3288 1950 ὀνομάσαι,
3366 1876 3660 1930 ἀπέκλεισεν

2119 1974 2287 2046 αὐτὴν
2316 1974 2416 2045 τῆς
2445 1974 2584 2045 πρὸς
2645 1972 2835 2043 ἕτερον
2893 1970 3178 2034 κοινωνίας
3201 1985 3218 2001 °
3282 1968 3398 2032 πῶς
3443 1967 3545 2039 γὰρ
3578 1965 3658 2020 δύ⁶

2122 2082 2278 2119 ναται
2304 2067 2333 2118 6
2361 2064 2459 2136 μὲν
2482 2063 2618 2135 ἀνὴρ
2640 2061 2937 2126 ὑπεύθυνος
2955 2058 3095 2116 εἶναι
3118 2060 3197 2124 ὡς
3229 2058 3467 2130 μοιχείας
3491 2057 3660 2117 αίτιος,

2120 2158 2154 2227 ὴ
2189 2155 2249 2211 δὲ
2279 2155 2417 2226 γυνὴ
2465 2152 2795 2224 ἀνέγκλητος
2843 2148 3004 2217 εἶναι,
3054 2153 3089 2222 ή
3133 2148 3383 2223 μοιχαλὶς
3412 2148 3554 2220 παρὰ
3577 2144 3659 2199 τοῦ

2117 2245 2324 2316 Κυρίου
2366 2244 2454 2298 διὰ
2479 2247 2578 2315 τὴν
2604 2242 2742 2313 πρὸς
2771 2242 2960 2314 ἓτερον
2989 2240 3159 2313 ἄνδρα
3188 2238 3471 2295 κοινωνίαν
3511 2251 3661 2307 προσ-

2119 2336 2481 2407 αγορευθεῖσα
2495 2354 2513 2401 ;

2190 2424 2286 2490 οξ.
2349 2426 2407 2479 '0
2457 2427 2639 2497 μέντοι
2694 2424 3122 2495 καταλιμπάνων
3145 2424 3249 2497 τὴν
3290 2422 3529 2494 νομίμως
3556 2436 3664 2472 συν-

2119 2518 2386 2589 αφθεῖσαν
2413 2516 2561 2588 αύτῷ
2589 2520 2853 2587 γυναῖκα,
2886 2518 2980 2570 καὶ
3009 2518 3204 2586 ἑτέραν
3233 2515 3510 2586 ἀγόμενος,
3539 2510 3667 2565 κατὰ

2117 2612 2218 2682 τὴν
2246 2609 2342 2664 τοῦ
2368 2609 2573 2683 Κυρίου
2594 2608 2890 2678 ἀπόφασιν,
2916 2608 2992 2679 τῷ
3014 2609 3114 2678 τῆς
3138 2607 3385 2678 μοιχείας
3406 2604 3669 2658 ὑπόκειται

2120 2700 2381 2771 κρίματι·
2414 2698 2794 2753 κεκανόνισται
2817 2696 2874 2749 δὲ
2903 2697 3052 2767 παρὰ
3084 2694 3192 2748 τῶν
3229 2692 3481 2763 Πατέρων
3504 2688 3666 2759 ἡμῶν,

2118 2792 2247 2855 τοὺς
2291 2789 2569 2853 τοιούτους
2629 2787 2873 2843 ἐνιαυτὸν
2930 2784 3315 2859 προσκλαίειν,
3353 2782 3544 2835 διετίαν
3580 2780 3667 2830 έπ-

2118 2882 2445 2955 ακροᾶσθαι,
2468 2880 2706 2951 τριετίαν
2737 2880 3086 2944 ὑποπίπτειν,
3113 2877 3193 2947 τῷ
3214 2876 3423 2946 ὲὸδόμῳ
3442 2872 3669 2928 συνίστα-

2120 2975 2245 3029 σθαι
2268 2978 2381 3037 τοῖς
2400 2975 2634 3039 πιστοῖς,
2657 2973 2750 3025 καὶ
2776 2970 2922 3025 οὕτω
2942 2971 3041 3042 τῆς
3065 2970 3386 3041 προσφορᾶς
3406 2962 3671 3029 καταξιοῦ-

2118 3064 2262 3131 σθαι,
2294 3064 2390 3118 ἐὰν
2420 3063 2556 3134 μετὰ
2584 3062 2837 3134 δακρύων
2872 3061 3300 3134 μετανοήσωσιν.

2190 3157 2330 3228 Περὶ
2353 3152 2679 3220 διαζεύξεως
2702 3153 2904 3224 γάμου,
2936 3154 2994 3207 ἐν
3022 3150 3241 3215 πολλοῖς
3269 3151 3453 3212 τόποις
3483 3148 3510 3201 6
3535 3144 3670 3198 πολι-

2116 3248 2267 3312 τικὸς
2311 3248 2616 3316 διαλέγεται
2663 3247 2826 3316 νόμος
2857 3244 2994 3315 (δὲ),
3026 3245 3121 3299 καὶ
3162 3244 3399 3315 μάλιστα
3430 3238 3562 3311 βισλ.
3605 3230 3672 3289 κε’

2113 3338 2220 3394 τίτ.
2250 3336 2313 3408 β’,
2346 3337 2438 3391 καὶ
2469 3337 2609 3407 βιδλ.
2632 3334 2672 3389 ε’
2697 3334 2789 3389 τοῦ
2819 3334 2973 3401 κώδ,
3008 3334 3112 3388 τίτ.
3148 3334 3239 3399 ιζ’,
3270 3333 3363 3388 καὶ
3388 3334 3443 3386 ὲν
3474 3331 3537 3400 τῇ
3559 3325 3673 3397 περί

2118 3430 2311 3501 γάμων
2345 3429 2566 3500 Νεαρᾷ’
2597 3426 2925 3498 τελειότερον
2949 3426 3006 3480 δὲ
3034 3428 3067 3497 ἡ
3120 3423 3222 3497 ριξ¹
3268 3426 3481 3495 Νεαρα,
3513 3419 3674 3492 ῥητῶς

2116 3522 2437 3593 έκτιθεμένη
2460 3522 2558 3586 τὰς
2581 3522 2759 3586 αἰτίας
2784 3521 2901 3576 καθ’
2925 3520 2990 3583 ἃς
3021 3522 3049 3573 6
3071 3521 3213 3592 ἀνὴρ
3240 3519 3325 3590 ἢή
3355 3516 3491 3587 γυνὴ
3521 3514 3668 3567 δύνα-

2117 3632 2209 3668 ται
2269 3613 2551 3686 ρεπουδίου
2601 3612 2977 3682 στελλομένου,
3012 3610 3255 3679 εὐλόγως
3299 3609 3456 3663 λῦσαι
3478 3607 3563 3659 τὸν
3583 3606 3674 3672 γά-

2125 3723 2254 3779 μον·
2309 3706 2419 3761 εἰσί
2458 3706 2516 3759 δὲ
2546 3707 2717 3761 αἰτίαι
2747 3706 2867 3761 καθ’
2900 3705 2965 3769 ἃς
3003 3708 3031 3759 6
3053 3705 3195 3777 ἀνὴρ
3223 3704 3461 3773 εὐλόγως
3487 3700 3676 3755 στέλλει

2123 3798 2427 3871 ρεπούδιον,
2454 3800 2548 3852 καὶ
2572 3798 2670 3870 τὴν
2700 3801 2904 3870 προῖκα
2930 3798 3226 3869 κερδαίνει,
3257 3798 3357 3869 τὴν
3380 3795 3678 3850 δεσποτείαν

2121 3894 2292 3963 αὐτῆς
2325 3893 2605 3962 φυλάττων
2634 3894 2746 3956 τοῖς
2774 3893 2839 3946 ἐκ
2865 3890 2955 3946 τοῦ
2983 3892 3149 3946 αὑτοῦ
3189 3893 3371 3963 γάμου
3398 3890 3577 3943 παισὶν
3606 3885 3677 3937 εἰ·

2123 4003 2229 4057 περ
2258 3986 2416 4049 εἰσιν,
2446 3984 2541 4038 ἐὰν
2584 3984 2792 4039 σύνοιδὲ
2830 4002 2982 4048 τινας
3014 3984 3469 4045 ἐπιϐουλεύοντας
3500 3984 3563 4052 τῇ
3599 3978 3683 4049 βι-

2122 4078 2321 4150 σιλείᾳ,
2352 4078 2448 4131 καὶ
2475 4076 2553 4147 τῷ
2596 4077 2710 4147 ἰδίῳ
2741 4077 2816 4146 μὴ
2846 4075 3139 4149 φανερώσῃ
3179 4075 3335 4145 ἀνδρί
3355 4091 3372 4109 ο
3400 4075 3495 4127 ἐὰν
3524 4069 3679 4134 αὐτῆς

2122 4170 2256 4240 περί
2284 4168 2528 4239 μοιχείας
2560 4171 2841 4240 κατηγορῇ
2865 4169 2960 4221 καὶ
2982 4168 3276 4241 ἀποδείξῃο
3304 4165 3401 4220 ἐὰν
3422 4166 3479 4219 ὲν
3509 4162 3684 4232 οιῳδη.

2124 4279 2256 4315 ποτε
2279 4261 2466 4332 τρόπῳ
2493 4264 2560 4331 τῇ
2584 4258 2698 4331 ζωῇ
2730 4260 2822 4314 τοῦ
2853 4260 3045 4331 ἀνδρὸς
3073 4258 3459 4329 ἐπιϐουλεύσῃ,
3482 4256 3514 4327 ἦ
3540 4252 3682 4306 τοῦτο

2124 4351 2331 4421 ἑτέροις
2380 4349 2851 4419 συγγινώσκουσα,
2894 4350 2968 4421 μὴ
3016 4350 3314 4423 φανερώσῃ
3372 4347 3548 4416 αὐτῷ·
3596 4344 3682 4397 ἐὰν

446 4420 607 4488 agitet
639 4420 909 4488 convivia,
936 4432 1029 4478 aut
1072 4439 1198 4479 cum
1240 4424 1332 4499 [iis
1363 4426 1444 4500 se]
1478 4429 1620 4484 lavet
1658 4447 1671 4484 :
1704 4432 1752 4487 si
1791 4434 2008 4490 nolente

2122 4420 2398 4509 ἐξωτικοῖς
2419 4441 2646 4510 ἀνδράσι
2671 4440 3076 4513 συμποσιάζῃῆ
3110 4420 3439 4510 συλλούηται
3465 4436 3537 4507 μὴ
3567 4434 3681 4503 βου-

448 4513 650 4565 marilo
681 4523 834 4567 extra
864 4514 1007 4570 aedes
1042 4529 1275 4583 maneat,
1316 4535 1423 4575 non
1458 4520 1689 4596 [tamen]
1722 4527 1861 4593 apud
1882 4542 2014 4582 suos

448 4614 722 4672 parentes,
786 4616 938 4661 extra
968 4624 1129 4677 quam
1177 4613 1221 4669 si
1261 4612 1376 4683 ipse
1417 4616 1551 4669 citra
1596 4617 1769 4674 dictas
1818 4635 2013 4677 causas

446 4694 622 4760 ipsam
674 4699 963 4766 expulerit.
1023 4700 1215 4757 Mulier
1242 4714 1425 4760 autem
1479 4708 1643 4763 mittit
1704 4712 2011 4780 repudium,

448 4786 1146 4862 donationemquepropter
1162 4795 1401 4864 nuptias,
1443 4798 1563 4868 ejus
1606 4800 1906 4856 dominium
1946 4819 2010 4857 ex

449 4892 513 4929 eo
540 4880 889 4933 matr-unouno
914 4885 1301 4951 superstitibus
1342 4888 1526 4945 liberis
1568 4901 1870 4958 servatura,
1930 4895 2013 4947 lu-

519 5053 562 5081 “
585 5052 773 5109 Matth.
810 5072 858 5119 ι’,
890 5058 977 5112 52.

520 5208 629 5297 ςδὲλ
650 5210 1042 5297 Legesciviles,
1065 5218 1131 5297 ad
1154 5218 1445 5297 divortium
1473 5223 1615 5297 quod
1641 5228 2010 5291 attinet,baud

608 5291 948 5369 repugnasse
976 5288 1084 5369 jur_i
1112 5288 1513 5369 ecclesiastico}
1557 5295 1664 5348 imo
1695 5309 1756 5369 et
1779 5288 2009 5369 evange-

451 5351 576 5436 lico,
606 5351 773 5436 nimis
802 5354 904 5436 heu
953 5351 1295 5436 exploratum
1327 5372 1431 5416 est.
1456 5351 1759 5436 Cieteroqui
1792 5382 1890 5436 pro
1917 5351 2016 5423 lii,-

449 5430 626 5506 ctrttia
650 5433 1007 5506 etconstante
1033 5429 1325 5506 traditione
1358 5429 1722 5506 ecclesiaSLic'a
1749 5429 2015 5506 legantur,

447 5493 752 5577 coinpcndmii
785 5497 992 5577 gratia,
1030 5511 1151 5577 quae
1193 5502 1354 5577 docte
1379 5504 1692 5577 scribuntur
1727 5510 1777 5560 in
1800 5493 2017 5577 insigni

448 5573 610 5644 Opere
633 5578 647 5644 ξ
687 5561 962 5644 Tradition
986 5561 1299 5644 att-[tisicus
1320 5572 1382 5644 tle
1400 5572 1618 5644 l’Eglise
1645 5592 1737 5628 sur
1765 5580 1810 5630 le
1840 5561 2017 5632 sac‘re;

451 5629 682 5716 magalia
713 5635 971 5716 mariagg,
996 5637 1146 5716 t._lll,
1178 5655 1239 5716 p._
1276 5641 1401 5707 164,
1439 5629 1590 5716 sequ.
1638 5629 2017 5716 praecipueque

454 5712 507 5766 p.
545 5698 681 5765 224,
719 5698 1242 5765 verba'Nazian'zc'ui
1271 5727 1337 5767 ex
1366 5698 1597 5771 omni?“
1627 5698 2017 5787 {nabilia—.1}

2115 4531 2342 4601 λομένου
2373 4529 2470 4583 τοῦ
2499 4529 2691 4603 ἀνδρός
2710 4547 2725 4562 ·
2762 4530 2858 4583 ἐὰν
2893 4531 2967 4599 μὴ
3001 4528 3335 4600 βουλομένου
3374 4526 3558 4589 αὐτοῦ,
3589 4522 3683 4587 ἔξω

2115 4621 2210 4676 τοῦ
2256 4622 2407 4676 οἴκου
2472 4621 2631 4693 μείνῃ
2676 4622 2829 4692 παρὰ
2858 4622 2973 4685 τοῖς
3018 4619 3270 4688 γονεῦσιν
3295 4620 3496 4687 αὐτῆς·
3522 4617 3569 4668 εἰ
3613 4613 3681 4684 μὴ

2118 4716 2281 4780 αὐτὸς
2309 4717 2480 4788 χωρὶς
2508 4717 2618 4770 τῶν
2642 4715 2948 4787 εἰρημένων
2981 4714 3170 4768 αἰτιῶν
3208 4713 3387 4784 αὐτὴν
3416 4709 3583 4779 ἐξωθῇ
3604 4725 3617 4737 ·
3649 4708 3678 4775 ἡ

2116 4808 2172 4862 δὲ
2192 4808 2329 4879 γυνὴ
2356 4808 2563 4862 στέλλει
2587 4806 2886 4880 ῥεπούδιον,
2913 4805 3010 4861 καὶ
3034 4805 3134 4877 τὴν
3158 4805 3270 4877 πρὸ
3290 4804 3471 4875 γάμου
3489 4800 3682 4872 δωρεὰν

2121 4900 2429 4967 κερδαίνει,
2474 4902 2574 4971 τὴν
2611 4897 2931 4953 δεσποτείαν
2972 4896 3323 4967 φυλάττουσα
3352 4897 3465 4960 τοῖς
3498 4895 3560 4947 ὲκ
3596 4885 3681 4941 τοῦ

2120 5246 2293 5305 omnes
2320 5235 2381 5284 ob
2406 5250 2593 5288 causas
2617 5233 2847 5288 libellam
2868 5235 2960 5289 dat
2980 5238 3217 5305 repudii:
3242 5248 3298 5289 at
3323 5236 3560 5290 Christus
3585 5248 3679 5284 non

2120 5302 2181 5353 ob
2219 5318 2417 5354 omnem
2454 5320 2690 5375 causam,
2725 5306 2815 5358 sed
2846 5302 3083 5375 separari
3110 5317 3321 5359 tantum
3353 5308 3416 5359 ab
3453 5308 3679 5357 adultera

2118 5385 2281 5445 umore
2324 5374 2578 5445 permittit
2604 5375 2727 5445 :A'O
2751 5376 2849 5443 μὲν
2895 5378 3056 5445 νόμος
3105 5379 3250 5429 κατὰ
3302 5376 3483 5429 πᾶσαν
3515 5375 3679 5426 αἰτίαν

2115 5440 2177 5515 τό
2217 5440 2555 5515 ,ἀποστάσιον
2598 5440 2804 5509 δίδωσι,
2835 5440 3068 5515 Χριστὸς
3102 5447 3147 5499 δ’
3186 5448 3251 5499 ού
3315 5446 3455 5498 κατὰ
3516 5445 3679 5498 πᾶσαν

2117 5509 2316 5586 αἰτίαν,
2367 5512 2508 5586 ριλλὰ
2550 5517 2836 5586 ,συγχωρεί
2868 5509 2967 5583 μὲν
3018 5518 3176 5586 μόνον
3214 5517 3543 5585 χωρίζεσθαι
3590 5514 3676 5578 τῆς

2120 5580 2343 5656 πόρνης.
2366 5578 2511 5656 Idem
2549 5578 2699 5637 inl'ra'
2720 5578 3113 5656 d'icemlum'ad
3147 5578 3377 5656 aqua
3396 5586 3463 5641 de
3488 5597 3677 5641 concu-

2119 5648 2307 5707 binatu
2334 5650 2645 5708 referuntur
2669 5670 2732 5712 ex
2763 5654 2989 5726 legibus.
