3766 6198
155 279 255 343 909

941 277 1341 342 SYNTAGMA
1380 278 1766 342 CANONUM.
1794 303 1863 313 -
1890 274 2036 339 ΤΙΤ.
2077 265 2248 335 XIII.
2289 264 2446 325 CAP.
2484 260 2585 322 IV.

3299 269 3404 335 910

156 388 315 446 αὑτοῦ
334 387 509 458 γάμου
524 387 743 453 παισὶν,
777 386 935 459 εἴπερ
960 390 1117 455 εἰσὶν,
1143 389 1239 443 ἐάν
1258 407 1310 444 τι
1340 391 1480 445 κατὰ
1507 390 1607 461 τῆς
1630 389 1725 459 βοι-
1752 395 1799 449 A
1830 385 2035 461 c”_“"'s
2074 376 2117 429 εί
2154 385 2344 429 θθυῑττδ
2393 376 2734 443 ηῖαὶθεῑίιίοῐη
2771 376 3179 445 ῖηῖβθνθιοτίθηῖ
3215 377 3404 450 [mari‘

156 480 355 542 τιλείας
385 477 773 549 βουλεύσηται·
821 480 855 550 ἢ
894 482 1052 534 τοῦτο
1094 480 1351 545 συνειδὼς
1385 483 1611 556 ἑτέροις,
1647 481 1722 554 μὴ

155 571 440 643 φανερώσει
476 573 541 641 τῇ
574 572 823 643 βασιλείᾳ
854 574 921 625 δι’
967 572 1163 627 ἑαυτοῦ
1195 572 1229 644 ἢ
1273 574 1342 627 δι’
1374 574 1593 644 ὲτιὲρου⁸
1626 573 1723 627 ὲάν

154 663 443 733 ιίῳδήποτε
470 663 658 733 τρόπῳ
675 665 742 734 τῇ
770 664 881 734 ζωῇ
908 664 1076 735 αὑτῆς
1098 664 1483 735 ἐπιϐουλεύσῃ,
1507 663 1539 735 ἦ
1567 663 1725 717 τοῦτο

157 751 406 814 συνειδὼς
448 753 678 824 ἑτέροις.
731 753 805 822 μὴ
835 752 1126 825 φανερώσῃ
1160 754 1298 825 αὐτῇ
1330 755 1421 807 καὶ
1448 754 1724 824 σπουδάσῃ

155 844 293 897 κατὰ
321 843 446 907 τοὺς
479 843 677 913 νόμους
707 845 993 914 ἐκδικῆσαι
1016 861 1031 875 ο
1059 844 1156 898 ἐὰν
1188 849 1254 915 τῇ
1288 844 1612 915 σωφροσύνῃ
1634 844 1726 895 αὑ-

153 935 248 1003 τῆς
276 935 354 995 είς
391 934 452 986 τὸ
486 934 836 1005 μοιχευθῆναι
876 936 1155 1008 σπουδάσῃ
1178 934 1588 989 ἐπιϐουλεῦσαι·
1630 932 1726 987 ἐὰν

156 1024 539 1095 κατηγορήσας
573 1026 745 1095 αὐτῆς
774 1028 801 1078 ὁ
832 1026 972 1097 ἀνὴρ
1004 1027 1132 1097 περὶ
1164 1026 1408 1096 μοιχείας
1428 1064 1443 1090 ,
1480 1025 1555 1096 μὴ
1583 1026 1725 1078 ἀπο-

154 1117 293 1189 δείξῃ
311 1136 325 1148 ·
358 1120 453 1172 ἐπὶ
478 1118 668 1172 τούτου
690 1119 750 1173 δὲ
774 1120 836 1173 ού
864 1121 1025 1190 μόνον
1047 1120 1147 1191 τὴν
1174 1120 1283 1191 πρὸ
1315 1120 1492 1189 γάμου
1518 1116 1727 1189 δωρεὰν

154 1210 182 1262 ό
206 1210 343 1280 ἀνὴρ
400 1209 728 1281 ζημιοῦται,
772 1210 908 1265 ἀλλά
956 1210 1053 1265 καὶ
1087 1211 1275 1282 ἕτερον
1316 1210 1497 1280 τρίτον
1532 1207 1725 1277 αὐτῆς,

161 1305 216 1356 bc
258 1301 355 1370 τῆς
389 1301 556 1371 ἄλλης
602 1301 767 1355 αὑτοῦ
800 1301 1117 1372 περιουσίας
1138 1317 1151 1331 ·
1190 1302 1283 1355 καὶ
1328 1299 1427 1363 τὰς
1456 1298 1729 1371 τιμωρίας

166 1389 467 1457 ὑφίσταται,
484 1388 550 1453 ἃς
568 1389 790 1460 ἔμελλεν
803 1391 836 1460 ή
849 1391 983 1458 γυνὴ
1002 1389 1476 1459 καταδικαζομένη
1502 1388 1729 1457 ὑφίστα-

164 1482 313 1536 σθαι·
374 1481 473 1534 ἐὰν
529 1481 693 1552 ἑτέρᾳ
731 1485 951 1553 συνοικῇ
998 1483 1058 1536 ὲν
1099 1483 1176 1552 τῷ
1228 1480 1379 1552 αὑτῷ
1414 1480 1549 1551 οἴκῳ
1587 1480 1621 1551 ἢ
1660 1483 1727 1553 τῇ

162 1574 291 1645 αὐτῇ
316 1573 494 1639 πόλει,
518 1574 614 1628 καὶ
636 1573 768 1647 παρ’
800 1574 991 1645 αὐτῆς,
1009 1575 1043 1645 ἢ
1062 1574 1129 1629 δι’
1146 1575 1332 1645 ἑτέρου
1353 1572 1722 1644 ὑπομνησθεὶς

158 1663 231 1734 μὴ
259 1664 554 1733 ἀπόσχοιτο
576 1678 591 1693 °
639 1650 734 1719 καὶ
760 1666 853 1720 ἐπὶ
880 1665 1070 1719 τούτου
1104 1666 1161 1720 δὲ
1209 1665 1398 1735 ἕτερον
1436 1664 1599 1735 μέρος
1630 1664 1729 1733 τῆς

1833 459 1941 534 tus]
1969 462 2255 517 consilium
2296 464 2615 532 captaverit,
2642 464 2725 519 vel
2768 464 2888 532 ejus
2931 466 3203 531 conscius,
3234 468 3407 536 maje-

1832 554 1962 610 stati
2002 570 2113 609 non
2144 555 2581 612 manifesmverit
2621 571 2716 626 per
2755 557 2933 627 ipsum
2960 558 3041 613 vel
3072 573 3167 628 per
3191 559 3356 614 alium
3391 578 3406 615 :

1832 646 1998 719 420
2020 647 2066 706 si
2092 647 2334 718 quolibet
2370 648 2533 703 modo
2562 649 2793 705 maritus
2820 651 3007 704 uxoris
3028 651 3155 705 vitze
3179 653 3410 707 insidias

1835 742 2101 811 posuerit,
2125 751 2220 797 aut
2241 743 2363 797 aliis
2386 742 2454 798 de
2478 742 2581 798 hoc
2609 744 3048 799 consultantibus
3074 745 3254 800 sciens
3281 762 3412 815 pru-
3460 730 3463 735 ⁴

1837 835 2083 905 densque
2108 850 2217 892 non
2247 836 2681 893 manifestaverit
2713 838 2841 909 ipsi,
2876 853 2977 892 nec
2999 840 3303 894 secundum
3336 840 3414 892 le-

1836 941 1933 998 ges
1961 928 2243 984 vindicare
2271 927 2543 984 studuerit
2580 946 2594 981 :
2626 930 2674 984 si
2721 931 2963 984 castitati
2999 929 3195 1001 ipsius,
3224 941 3281 983 ut
3317 930 3411 983 ad-

1836 1020 2034 1076 ulterio
2066 1020 2361 1090 polluatur,
2411 1020 2662 1075 insidiari
2709 1022 2996 1077 tentaverit
3034 1037 3050 1074 :
3084 1021 3131 1077 si
3159 1022 3413 1087 maritus,

1836 1112 1931 1167 ubi
1965 1128 2189 1168 uxorem
2217 1113 2284 1168 de
2314 1112 2589 1168 adulterio
2624 1114 2985 1180 accusaverit,
3020 1111 3276 1185 [crimen]
3303 1128 3414 1168 non

1836 1203 2171 1273 probaverit.
2201 1203 2299 1260 His
2325 1219 2457 1260 vero
2489 1205 2558 1262 de
2583 1203 2813 1277 [causis]
2838 1207 3069 1261 maritus
3098 1219 3209 1260 non
3238 1205 3417 1260 solum

1838 1295 2136 1351 donatione
2182 1306 2403 1368 propter
2437 1299 2658 1367 nuptias
2701 1297 2988 1363 multatur,
3021 1312 3209 1351 verum
3252 1296 3417 1351 etiam

1839 1387 2072 1442 alterum
2100 1387 2222 1457 ejus
2249 1388 2505 1443 trientem
2532 1403 2595 1443 ex
2620 1387 2745 1442 aliis
2783 1387 2900 1443 suis
2932 1388 3091 1443 bonis
3124 1385 3346 1459 [amittit
3378 1384 3416 1456 :]

1844 1476 2015 1551 [cum]
2045 1489 2100 1534 et
2134 1494 2329 1549 poenas
2358 1480 2610 1546 sustinet,
2640 1494 2778 1549 quas
2805 1481 3003 1535 mulier
3034 1483 3293 1534 damnata
3324 1493 3418 1534 su-

1843 1580 2093 1626 stentura
2127 1572 2342 1627 fuisset.
2377 1570 2435 1625 Si
2468 1564 2747 1644 [maritus]
2773 1572 2928 1626 alteri
2956 1572 3012 1627 in
3044 1571 3232 1627 eadem
3262 1573 3423 1626 domo

1839 1663 2104 1718 eademve
2132 1663 2349 1718 civitate
2377 1665 2677 1730 cobabitet,
2699 1671 2755 1719 et
2787 1664 2856 1718 ab
2884 1677 3053 1719 uxore
3083 1674 3177 1718 aut
3213 1663 3282 1719 ab
3313 1664 3422 1717 alio

158 1756 258 1827 πρὸ
297 1756 480 1827 γάμου
520 1757 729 1829 δωρεᾶς
766 1758 1062 1828 κερδαίνει,
1094 1759 1189 1812 καὶ
1226 1757 1391 1811 αὑτοῦ
1419 1757 1516 1828 τὴν
1542 1756 1729 1809 δεσπο-

1932 1756 2157 1811 nonitus
2200 1771 2310 1810 non
2356 1757 2629 1811 abstineat
2674 1772 2690 1809 :
2739 1756 2901 1811 etiam
2958 1756 3028 1811 de
3065 1756 3170 1811 hac
3208 1753 3421 1827 [causa]

157 1846 301 1902 τείαν
342 1847 688 1915 φυλάττουσα
730 1850 845 1912 τοῖς
888 1850 984 1902 ἐπὶ
1016 1850 1195 1920 γάμου
1240 1849 1463 1902 παισίν·
1500 1848 1597 1902 ἐὰν
1636 1843 1732 1902 οὖν

158 1941 305 2010 παρὰ
322 1939 526 2005 ταύτας
545 1940 644 2005 τὰς
660 1941 839 2005 αἰτίας
860 1941 1001 2013 ἀνὴρ
1024 1942 1210 2015 στείλῃ
1234 1940 1538 2012 ρεπούδιον,
1564 1940 1732 1994 ἀπόλ-

159 2030 234 2084 λει
274 2030 371 2102 τὴν
401 2032 614 2102 δωρεὰν
654 2034 748 2087 καὶ
778 2033 906 2088 ἄλλο
931 2033 1114 2105 τρίτον
1142 2032 1333 2103 αὑτῆςο
1366 2033 1414 2085 εί
1446 2032 1503 2086 δὲ
1536 2031 1732 2104 ή⁹γυνὴ

164 2118 343 2193 στείλῃ
392 2120 590 2188 ἄλογον
637 2121 939 2191 ρεπούδιον,
980 2122 1202 2176 ἀπόλλει
1245 2123 1347 2192 τὴν
1375 2124 1608 2194 προῖκα,
1639 2124 1737 2177 καὶ

165 2212 294 2282 πρὸς
341 2211 559 2277 τούτοις
618 2214 963 2286 μοναστηρίῳ
1019 2214 1346 2285 ἐμϐάλλεται
1408 2216 1590 2269 πᾶσαν
1635 2215 1737 2285 τὴν

162 2305 299 2375 ζωὴν
340 2305 540 2375 αὐτῆς,
573 2308 668 2361 καὶ
711 2308 783 2362 τά
828 2309 1131 2379 πράγματα
1159 2309 1331 2378 αὐτῆς
1367 2308 1731 2379 διαιροῦνται*

160 2396 249 2448 καὶ
271 2395 319 2448 οἱ
380 2395 488 2463 μὲν
543 2396 732 2460 παῖδες
786 2397 1152 2468 λαμϐάνουσιν
1180 2397 1406 2468 οὑγγίας
1453 2396 1524 2467 η’,
1575 2398 1636 2450 τὸ
1671 2397 1730 2451 δὲ

166 2486 526 2557 μοναστήριον
566 2485 795 2554 οὑγγίας
816 2483 858 2540 δ’
881 2502 894 2515 ·
932 2488 982 2539 εί
1013 2486 1070 2540 δὲ
1099 2486 1202 2540 οὐκ
1229 2487 1337 2539 eisi.
1378 2486 1566 2547 παῖδες
1598 2484 1736 2538 ἀλλὰ

165 2578 334 2641 γονεῖς
382 2576 462 2646 μὴ
516 2576 933 2640 συναινέσαντες
980 2574 1059 2646 τῷ
1098 2575 1387 2646 ῥεπουδίῳ,
1443 2575 1600 2628 αὑτοὶ
1639 2573 1738 2645 μὲν

167 2666 525 2737 λαμϐάνουσιν
567 2667 794 2737 οὑγγίας
820 2665 884 2733 δ’,
919 2666 981 2720 τὸ
1018 2666 1076 2720 δὲ
1122 2668 1483 2739 μοναστήριον
1512 2666 1740 2735 οὑγγίας

168 2757 241 2829 η’·
274 2762 322 2812 εί
348 2759 403 2812 δὲ
443 2759 763 2831 συνῄνεσαν,
796 2760 925 2830 ὅλην
950 2759 1049 2832 τὴν
1073 2759 1261 2814 οὐσίαν
1290 2759 1351 2812 τὸ
1376 2759 1739 2831 μοναστήριον

169 2851 421 2922 λαμϐάνει
442 2868 457 2884 ·
476 2851 701 2905 δυνατὸν
721 2850 969 2906 δὲταῦτα
987 2851 1165 2920 λέγειν
1182 2851 1272 2905 καὶ
1288 2850 1382 2904 ἐπὶ
1400 2850 1591 2921 ἀνδρὸς
1614 2849 1739 2903 ὀιλὸ⁶

170 2962 276 3012 γως
312 2943 821 3017 ρεπουδιατεύοντος
852 2945 915 2997 ὲκ
952 2943 1052 3013 τῆς
1082 2941 1181 3015 ριζ¹
1203 2942 1441 3013 Νεαρᾶς,
1474 2940 1742 3012 λεγούσης

174 3039 287 3101 ίσας
312 3034 453 3092 εἷναι
471 3036 571 3102 τὰς
590 3037 780 3101 ποινὰς
800 3038 909 3091 τῶν
935 3037 1144 3105 ἀλόγων
1174 3036 1473 3108 ρεπουδίων
1490 3051 1506 3069 ’
1530 3034 1626 3088 καὶ
1651 3033 1743 3087 τὸν

172 3128 330 3197 ἄνδρα
373 3128 579 3199 ὁμοίως
623 3127 943 3182 ὑποκεῖσθαι
988 3130 1103 3188 τοῖς
1147 3128 1289 3180 κατά
1334 3125 1593 3195 γυναικὸς
1621 3125 1739 3195 ὀρι-

176 3222 367 3277 σθείσιν
386 3239 402 3256 ·
451 3221 705 3293 ἀζημίως
734 3220 1011 3275 διαλύεται
1039 3220 1237 3290 γάμος,
1287 3219 1384 3274 ὲάν
1411 3221 1440 3273 ὁ
1474 3218 1610 3289 ἀνὴρ
1644 3217 1740 3271 ἐπὶ

175 3313 401 3384 τριετίαν
437 3314 583 3385 μετά
623 3314 723 3385 τὴν
757 3312 931 3384 ἀρχὴν
976 3313 1071 3366 τοῦ
1100 3313 1281 3383 γάμου
1333 3312 1409 3382 μὴ
1441 3309 1640 3381 δυνηθῇ
1670 3310 1741 3381 τῇ

176 3410 377 3479 γαμετῇ
406 3408 792 3476 συγγενέσθαι,
834 3407 929 3460 καὶ
950 3404 1041 3460 διὰ
1076 3405 1138 3458 τὸ
1174 3405 1429 3474 μονάσαι,
1463 3403 1556 3457 καὶ
1582 3403 1680 3456 ἐάν
1715 3404 1744 3455 ό

178 3495 306 3566 ἀνὴρ
351 3496 700 3567 αἰχμάλωτος
747 3495 990 3566 γένηται,
1040 3496 1136 3552 καὶ
1181 3493 1377 3566 ἄδηλον
1434 3495 1595 3566 μείνῃ
1649 3492 1744 3545 ἐπὶ

179 3587 495 3642 πενταετίαν
523 3587 574 3641 εί
602 3587 696 3658 ζῇ.

247 3857 315 3911 Τὸ
355 3859 413 3913 δὲ
462 3858 608 3914 κατά
643 3861 952 3915 σαναίνεσιν
994 3861 1131 3932 πρὸς
1168 3861 1228 3915 τὸ
1288 3860 1745 3933 συμφωνούμενον

183 3949 318 4006 λύειν
343 3953 435 4008 τὸν
476 3952 675 4024 γάμον,
703 3954 889 4023 εἴρητο
926 3953 1025 4023 μὲν
1064 3952 1288 4023 πρώην·
1321 3953 1562 4026 ἀνῃρέθη
1589 3955 1646 4007 δὲ
1678 3954 1744 4008 ὲκ

184 4045 273 4112 τῆς
299 4045 597 4116 εἰρημένης
624 4043 724 4116 ριζ¹
751 4044 989 4116 Νεαρᾶς,
1008 4044 1162 4107 αὖθις
1186 4044 1244 4098 δὲ
1272 4045 1620 4114 άνεκαινίσθη
1642 4045 1747 4099 ὑπὸ

196 4135 562 4190 Ἰουστινιανοῦ
598 4137 691 4191 τοῦ
725 4137 988 4207 βασιλέως
1008 4154 1021 4167 ·
1068 4137 1164 4190 καὶ
1196 4137 1293 4207 τὴν
1324 4136 1589 4208 ἄπροικον
1642 4155 1742 4207 γα-

188 4225 344 4297 μετὴν
370 4229 397 4280 ό
426 4228 568 4299 ἀνὴρ
597 4228 805 4295 ἀλόγως
856 4227 1385 4297 ἐκϐάλλων,ιδίδωσιν
1402 4228 1539 4299 αὐτῇ
1573 4228 1635 4280 τὸ
1655 4229 1749 4281 τέ-

186 4332 370 4387 ταρτον
411 4318 513 4389 τῆς
557 4318 722 4372 αὑτοῦ
760 4318 1077 4389 περιουσίας
1122 4317 1221 4388 τῆς
1276 4318 1548 4389 καθαρᾶς·
1592 4321 1639 4373 εί
1690 4319 1748 4373 δὲ

189 4409 358 4481 συμϐῇ
406 4412 600 4474 παῖδας
649 4406 789 4463 εἷναι
836 4410 1087 4473 πλείονας
1112 4412 1222 4467 τῶν
1248 4410 1438 4480 τριῶν,
1473 4411 1534 4463 οὑ
1569 4411 1629 4463 τὸ
1657 4410 1744 4463 τέ-
1781 4441 1823 4494 D

188 4509 373 4574 τάρτον
415 4505 553 4559 ἀλλά
598 4505 786 4569 παιδὸς
832 4506 949 4568 ἐνὸς
998 4504 1289 4572 ἀναλογίαν
1338 4503 1637 4572 λαμϐάνειο
1685 4503 1746 4556 οὑ

190 4590 399 4646 δύναται
440 4594 499 4647 δὲ
548 4593 610 4646 τὸ
651 4593 925 4662 διδόμενον
974 4594 1132 4662 αὐτῇ,
1182 4593 1532 4663 ὑπερϐαίνειν
1560 4594 1659 4655 τὰς
1703 4590 1745 4664 ρ’

190 4683 278 4735 τοῦ
308 4683 505 4754 χρυσοῦ
533 4684 721 4755 λίτρας
738 4699 751 4711 ·
775 4685 873 4753 οὑχ
899 4682 1254 4737 ὑπόκειταιδὲ
1279 4684 1541 4753 τούτοιςή
1567 4682 1752 4753 ἄπροι-

193 4791 279 4837 κος
342 4781 513 4846 γυνὴ,
565 4777 776 4845 ἀλόγως
820 4775 913 4830 τοῦ
944 4775 1133 4847 ἀνδρὸς
1168 4776 1560 4847 ἀναχωροῦσα,
1594 4776 1669 4838 ὡς
1715 4776 1750 4846 ή

193 4867 319 4940 αὐτὴ
350 4868 445 4939 ριζ
480 4869 685 4939 Νεαρά.

263 5044 520 5102 Τοσοῦτον
539 5048 595 5101 δὲ
615 5048 891 5112 ἀκώλυτός
933 5049 1080 5103 ἐστιν
1108 5049 1141 5120 ἠ
1176 5048 1285 5102 τῶν
1341 5047 1537 5116 γάμων
1567 5048 1754 5101 διάλυ-

198 5150 296 5201 σις,
333 5139 412 5191 ὅτι
440 5140 648 5212 εἴρηται
694 5141 835 5211 βιϐλ.
875 5141 981 5211 με’,
1013 5141 1119 5195 τίτ.
1153 5147 1201 5194 α’
1220 5182 1234 5208 ,
1259 5141 1399 5195 διάτ.
1433 5148 1491 5193 ιε’
1515 5180 1529 5207 ,
1562 5141 1636 5204 ὡς
1659 5141 1754 5195 ἐάν

198 5237 274 5285 τις
296 5226 400 5279 τῶν
429 5229 814 5283 συνοικούντων
867 5230 1101 5301 ὁμολογῇ
1158 5230 1370 5301 ποινὴν,
1399 5230 1463 5284 ὲκ
1488 5230 1583 5282 τοῦ
1622 5231 1754 5300 παρ’

199 5319 366 5373 αἰτίαν
430 5323 590 5377 αὑτοῦ
648 5323 873 5393 λυθῆναι
929 5324 1023 5378 τὸν
1075 5323 1272 5394 γάμον,
1305 5323 1406 5375 οὑκ
1462 5320 1700 5392 ἔρρωται
1735 5335 1751 5350 ⁶

199 5409 346 5478 ἀρκεῖ
371 5414 532 5485 γὰρή
569 5414 645 5486 τῷ
667 5417 817 5486 νόμῳ
862 5415 955 5469 ἐπὶ
986 5416 1094 5467 τῶν
1146 5413 1406 5468 τοιούτων
1474 5412 1753 5484 ὡρισμένη

200 5503 346 5572 ποινή
377 5520 390 5534 ·
426 5506 473 5557 εί
517 5506 591 5578 μὴ
621 5508 727 5577 ἄρα
763 5507 914 5577 καὶὴ
959 5507 1294 5577 ἐπερώτησις
1331 5505 1605 5575 τοσαύτην
1660 5522 1757 5558 πε·

209 5592 364 5662 ριέχει
386 5611 400 5626 ⁸
426 5597 517 5650 καὶ
544 5597 684 5653 διάτ.
738 5597 839 5669 ρλδ¹
870 5599 965 5652 τοῦ
1003 5597 1170 5652 αὑτοῦ
1215 5599 1323 5652 τίτ.
1359 5598 1439 5652 ὅτι
1485 5598 1545 5651 οὑ
1576 5598 1757 5663 καλῶς

207 5684 453 5746 ὲ’περιιπιῦ
499 5707 621 5746 τινα
672 5691 861 5763 ποινὴν
888 5693 952 5746 ὲκ
984 5691 1077 5745 τοῦ
1123 5692 1197 5763 μὴ
1229 5691 1544 5763 γαμηθῆναί
1612 5708 1704 5764 μοι
1738 5708 1751 5723 ·

1841 1848 2098 1903 trientem
2149 1847 2463 1904 donationis
2514 1855 2641 1903 ante
2693 1848 2913 1919 nuptias
2963 1848 3196 1903 alterum
3240 1846 3425 1919 [uxor]

1843 1943 2114 2006 lucratur,
2135 1940 2483 1997 donationem
2505 1941 2626 2011 ejus
2649 1941 2987 1996 matrimonii
3017 1940 3208 1995 liberis
3238 1956 3429 1996 serva-

1844 2041 1990 2088 tura.
2021 2032 2077 2087 Si
2125 2032 2296 2106 igitur
2322 2041 2477 2089 extra
2504 2036 2603 2089 bas
2634 2048 2833 2089 causas
2876 2033 3110 2087 maritus
3141 2032 3431 2102 repudium

1847 2125 2082 2191 miserit,
2105 2124 2458 2180 donationem
2492 2124 2739 2199 [propter
2764 2122 3009 2195 nuptias]
3035 2121 3266 2194 ejusque
3292 2122 3431 2177 alte-

1846 2233 1969 2275 rum
1993 2219 2244 2275 trientem
2266 2219 2465 2292 perdit.
2492 2218 2590 2275 Sin
2613 2218 2809 2275 mulier
2830 2219 2967 2274 citra
2985 2218 3254 2271 rationem
3279 2230 3409 2284 repu

1845 2314 1995 2367 dium
2022 2314 2223 2373 mittat.
2247 2315 2429 2369 dotem
2485 2314 2664 2382 perdit
2692 2321 2747 2368 et
2795 2312 3020 2382 insuper
3055 2327 3153 2383 per
3202 2327 3421 2366 omnem

1850 2404 2017 2460 vitam
2050 2420 2203 2459 suam
2240 2406 2295 2458 in
2341 2405 2736 2461 monasterium
2792 2404 3111 2473 conjicitur,
3164 2404 3420 2474 bonaque

1846 2495 1964 2564 ejus
1996 2493 2116 2567 [ita]
2160 2494 2499 2558 dividuntur,
2552 2505 2610 2548 ut
2652 2493 2808 2548 liberi
2847 2503 2975 2547 octo
3032 2493 3245 2559 uncias,
3304 2509 3424 2549 mo-

1845 2588 2146 2641 nasterium
2182 2601 2312 2641 vero
2367 2595 2606 2656 quatuor
2649 2586 2848 2655 capiat.
2889 2585 2961 2639 At
3006 2586 3054 2640 si
3101 2586 3253 2641 liberi
3313 2600 3425 2642 non

1844 2680 2068 2744 fuerint,
2102 2690 2355 2749 parentes
2407 2688 2590 2733 autem
2639 2678 2821 2751 [sint,]
2874 2679 2968 2749 qui
3026 2679 3256 2749 repudio
3312 2695 3424 2734 non

1847 2772 2251 2835 consenserint,
2312 2770 2388 2825 illi
2453 2771 2648 2826 uncias
2707 2780 2965 2841 quatuor,
3023 2771 3425 2826 monasterium

1853 2875 1974 2920 octo
2020 2865 2185 2934 capit.
2248 2862 2345 2917 Sin
2374 2877 2507 2918 vero
2558 2863 2965 2926 consenserint,
3028 2863 3426 2917 monasterium

1852 2957 2161 3012 universam
2213 2956 2583 3012 substantiam
2646 2956 2901 3025 percipit.
2944 2955 3184 3011 Possunt
3240 2964 3424 3010 autem

1852 3049 1966 3103 hzec
1996 3047 2161 3102 etiam
2199 3049 2264 3102 de
2305 3049 2424 3102 viro
2470 3048 2603 3101 citra
2655 3030 2877 3101 causam
2929 3047 3247 3116 repudiante
3295 3050 3429 3106 dici.

1856 3139 2065 3213 [idque]
2095 3155 2163 3195 ex
2210 3137 2433 3193 Novella
2469 3137 2592 3202 117,
2628 3154 2750 3209 quae
2792 3152 2983 3208 ptenas
3014 3137 3427 3193 temerariorum

1855 3232 2211 3302 repudiorum
2238 3230 2499 3300 aequales,
2531 3242 2585 3285 et
2603 3231 2781 3285 virum
2808 3232 3029 3285 statutis
3055 3230 3110 3283 in
3140 3230 3426 3284 mulierem

1845 3315 2083 3391 [poenis]
2115 3333 2178 3371 ex
2204 3331 2362 3387 aequo
2398 3318 2697 3372 obnoxium
2722 3333 2865 3381 esse,
2919 3317 3073 3372 dicit.
3129 3317 3425 3377 Caeterum.

1855 3411 1974 3465 sine
2003 3410 2203 3464 damno
2238 3408 2473 3466 solvitur
2502 3411 2916 3464 matrimonium
2946 3450 2961 3474 ,
2993 3410 3037 3465 si
3070 3411 3301 3465 maritus
3334 3426 3430 3480 per

1854 3501 2150 3555 triennium
2221 3510 2344 3571 post
2368 3501 2560 3555 initum
2629 3501 3037 3555 matrimonium
3091 3518 3213 3554 cum
3259 3519 3426 3555 luxum

1854 3592 2002 3649 coire
2025 3606 2131 3645 non
2146 3591 2402 3661 potuerit,
2437 3600 2655 3662 propter
2676 3592 2838 3645 vitam
2857 3592 3214 3646 monasticam
3238 3593 3427 3657 ctiam,

1854 3695 1906 3738 et
1933 3683 1976 3739 si
1998 3683 2228 3738 maritus
2244 3682 2311 3737 ab
2348 3683 2604 3739 hostibus
2625 3692 2817 3752 captus
2848 3682 3033 3748 fuerit,
3088 3696 3151 3736 ac
3179 3693 3249 3732 an
3277 3674 3422 3729 vivat

1856 3775 1922 3830 ad
1953 3774 2387 3846 quinquennium
2417 3775 2719 3846 ignoretur.

1932 3866 2147 3922 Texlus.
2174 3867 2327 3933 Quod
2350 3882 2513 3936 porro
2536 3881 2804 3922 consensu
2828 3863 2987 3936 42],
3011 3864 3270 3934 conjuges
3293 3865 3432 3918 inter

1860 3973 1917 4012 se
1938 3959 2347 4012 matrimonium
2370 3959 2625 4011 dirimere
2644 3955 2898 4028 [possint]
2923 3956 3126 4009 dictum
3149 3954 3251 4009 fuit
3274 3955 3429 4020 olim,

1858 4051 2175 4119 abrogatum
2229 4060 2409 4103 autem
2450 4055 2535 4103 est
2580 4063 2679 4117 per
2721 4047 2920 4101 dictam
2980 4047 3081 4099 117
3126 4045 3430 4108 Novellam.

1860 4141 1954 4196 sed
1984 4141 2329 4210 postmodum
2365 4150 2684 4196 renovatum
2718 4141 2785 4193 ab
2830 4139 3160 4208 imperatore
3188 4137 3431 4195 Justino.

1859 4231 2028 4286 Plane
2064 4231 2156 4300 qui
2188 4233 2419 4285 maritus
2460 4231 2757 4284 indotatam
2808 4244 3032 4284 uxorem
3077 4228 3211 4284 citra
3267 4230 3435 4283 ratio-

1859 4339 1983 4391 nem
2013 4323 2183 4393 ejicit,
2220 4324 2315 4378 dat
2355 4323 2429 4376 illi
2470 4337 2621 4391 purae
2654 4322 2976 4376 substantiae
3009 4336 3119 4376 suae
3160 4321 3436 4391 quadran-

1860 4424 1987 4468 tem.
2013 4414 2081 4467 At
2116 4414 2161 4468 si
2198 4412 2340 4467 forte
2371 4413 2553 4481 plures
2579 4412 2754 4466 tribus
2792 4412 2947 4465 liberi
2990 4412 3119 4473 sint,
3149 4428 3257 4467 non
3301 4429 3436 4482 qna-

1857 4506 2129 4568 drantem,
2156 4505 2249 4559 sed
2305 4504 2467 4558 unius
2498 4503 2793 4557 liberorum
2824 4503 3131 4573 portionem
3167 4502 3309 4577 [illa]
3342 4520 3435 4558 ac-

1851 4599 2002 4666 cipit.
2051 4597 2168 4651 Non
2217 4606 2393 4667 potest
2431 4606 2635 4660 autem,
2669 4597 2814 4666 quod
2862 4596 2938 4650 illi
2989 4598 3171 4661 datur,
3207 4607 3430 4651 centun.

1853 4691 1969 4742 auri
1996 4688 2163 4742 libras
2195 4688 2475 4742 excedere.
2510 4685 2650 4741 Huic
2683 4685 2938 4758 [dationi]
2976 4699 3157 4741 tamen
3189 4702 3312 4757 qua:
3330 4688 3429 4741 do—

1854 4789 1960 4833 tem
1994 4794 2097 4831 non
2139 4779 2323 4831 intulit
2362 4778 2573 4841 mulier,
2612 4777 2657 4832 si
2683 4778 2819 4832 citra
2859 4780 3127 4833 rationem
3161 4794 3191 4832 a
3217 4779 3432 4832 marito

1854 4868 2088 4923 divertat
2118 4868 2415 4939 (quomodo
2444 4869 2631 4924 eadem
2656 4868 2755 4922 H7
2785 4868 3005 4924 Novella
3046 4867 3283 4940 [tradit])
3311 4884 3419 4921 non

1853 4969 1937 5016 est
1969 4959 2224 5013 obnoxia.

1932 5049 2147 5106 Textus.
2179 5050 2371 5121 Usque
2404 5052 2540 5107 adeo
2576 5060 2759 5107 autem
2804 5052 3272 5107 matrimoniorum
3320 5053 3430 5107 dis-

1857 5143 2060 5199 solutio
2099 5143 2349 5213 impediri
2400 5145 2609 5212 nequit,
2665 5156 2724 5200 ut
2782 5146 2874 5201 lib.
2929 5162 3051 5211 XLV,
3110 5148 3193 5199 tit.
3238 5145 3315 5208 ‘l,
3350 5146 3432 5199 di-

1856 5236 2082 5305 gest.i9
2118 5237 2332 5291 dicatur
2375 5254 2388 5290 :
2423 5237 2575 5303 Quod
2615 5238 2808 5308 siquis
2866 5239 3158 5308 conjugum
3208 5252 3427 5307 poenam

1857 5328 2235 5397 Spoponderit,
2262 5329 2305 5383 si
2324 5329 2480 5398 culpa
2498 5346 2595 5385 sua
2614 5329 2909 5385 divortium
2941 5330 3053 5392 fiat,
3086 5328 3431 5402 [promissio]

1857 5436 1964 5475 non
2021 5422 2179 5476 valet.
2212 5421 2420 5477 Suliicit
2456 5425 2598 5477 enim
2630 5425 2684 5477 in
2707 5423 2904 5477 talibus
2932 5439 2960 5476 a
2992 5424 3107 5494 l.-ge
3134 5422 3432 5479 constituta

1857 5525 2017 5579 poena
2055 5511 2193 5567 :nisi
2232 5510 2276 5567 si
2322 5513 2606 5582 stipulatio
2642 5515 2977 5568 tantumdem
3010 5516 3434 5584 comprehendat

1858 5601 2176 5670 ctcjusdem
2227 5603 2309 5657 tit.
2362 5603 2560 5673 digest.
2596 5602 2859 5659 134.Non
2916 5613 3061 5658 recte
3107 5606 3326 5676 stipulor
3367 5606 3434 5659 ab

1860 5691 2041 5761 aliqua
2078 5707 2319 5762 poenam,
2352 5693 2397 5747 si
2417 5692 2550 5748 mihi
2582 5709 2688 5750 non
2730 5694 2920 5760 nubat,
2954 5710 3127 5763 neque
3151 5696 3275 5751 item
3316 5712 3433 5765 quae
