3904 6220
424 298 518 365 911
1576 302 1838 365 ΡΗΟΤΙΙ
1867 304 2002 364 ΡΑΤ

2113 302 2365 364 ωεΗκιι
2402 303 2509 364 CP.
2804 312 2811 317 “
3536 309 3626 374 912

426 408 562 465 mitti
588 405 699 479 jam
726 413 890 478 nupta
908 415 1010 475 est,
1038 407 1107 464 ab
1133 422 1195 464 ea
1224 422 1439 479 poenam
1468 409 1714 479 stipulari
1746 424 1993 479 possum,

2113 410 2221 463 ὥτε
2253 409 2358 481 μὴν
2379 409 2479 481 τὴν
2508 408 2610 480 ήδη
2642 408 2982 481 γαμηθεῖσάν
3018 427 3130 480 μοι,
3158 410 3339 481 ποινὴν
3367 413 3623 489 ἐπερωτᾷν

428 500 476 554 si
529 498 823 558 divortium
880 497 1091 554 fecerit.
1130 500 1332 555 Eadem
1362 500 1526 554 etiam
1554 500 1623 556 de
1679 500 1908 554 muliere
1960 514 1993 554 a

2113 498 2347 567 ῑύναμαι,
2407 498 2503 551 ἐὰν
2532 498 2666 569 λύσῃ
2721 499 2813 553 τὸν
2859 500 3037 570 γάμον
3072 514 3087 530 ⁸
3120 500 3189 553 τὰ
3212 501 3347 555 αὐτὰ
3372 504 3461 557 καὶ
3513 512 3628 579 περὶ

429 590 626 644 marito
685 590 979 659 stipulante
1033 589 1401 661 [intelligenda
1437 590 1582 663 sunt]
1621 600 1675 646 et
1720 592 1816 646 lib.
1874 602 1999 656 vni,”

2094 590 2350 657 γυναικὸς
2375 590 2736 662 ἐπερωτῶσης
2776 591 2867 644 τὸν
2908 591 3077 662 ἄνδρα
3101 605 3116 621 '
3154 593 3246 645 καὶ
3300 593 3431 663 βισλ.
3451 604 3497 668 η’
3542 601 3625 654 τοῦ

427 681 551 734 cod.
587 682 670 735 tit.
702 682 790 745 58,
824 691 1000 736 const.
1039 682 1094 736 2.
1139 683 1378 736 Invalide
1403 682 1526 752 quis
1574 683 1891 752 paciscitur,
1924 698 1994 739 ne

2113 680 2251 746 res,
2280 682 2399 765 rit.
2418 683 2499 753 λη’
2519 723 2534 748 ,
2564 682 2703 736 διάτ.
2735 681 2781 751 β’
2806 722 2820 747 ,
2855 685 2936 737 ὅτι
2973 683 3269 752 ἁνισχύρως
3299 702 3375 747 τις
3397 690 3629 743 πακτεύει

430 772 536 826 sibi
591 773 882 827 divortium
919 772 1098 827 facere
1135 788 1241 827 non
1277 774 1434 828 liceat
1467 791 1479 827 :
1508 782 1705 843 etquae
1749 789 1909 845 poena
1936 774 1993 829 in

2113 772 2175 844 ιὴ
2206 773 2403 837 ἐξεῖναι
2432 774 2582 844 αὐτῷ
2602 773 2760 827 λῦσαι
2802 774 2894 827 τὸν
2932 774 3131 843 γάμον,
3164 775 3254 827 καὶ
3282 775 3383 827 οὐκ
3420 777 3631 848 ἔρρωται

431 864 535 918 hac
563 865 914 934 stipulatione
949 865 1240 920 constituta
1266 874 1366 931 est,
1404 867 1556 921 irrita
1586 876 1691 922 est.

500 953 653 1008 CAP.
689 953 752 1009 V.
781 986 849 995 —
886 956 960 1009 De
989 958 1356 1025 fornicatione,
1403 957 1681 1023 adulterio,
1713 966 1892 1026 stupro
1947 964 1998 1011 et

431 1042 785 1097 masculorum
809 1046 1104 1100 concubitu.

884 1136 1250 1203 Apostolorum
1275 1152 1442 1190 canon
1471 1137 1557 1191 61.

502 1228 587 1283 6i).
650 1226 705 1280 Si
745 1226 1003 1281 adversus
1039 1226 1249 1282 fidelem
1292 1228 1470 1297 aliqua
1499 1228 1777 1283 accusatio
1803 1228 1995 1283 inten-

2100 867 2132 935 ὴ
2172 866 2266 919 ἐπὶ
2303 865 2476 935 τούτῳ
2514 867 2923 938 ἐπερωτηθεῖσα
2955 866 3133 936 ποινή.

2169 957 2434 1011 ΚΕΦΑΛΙ.
2472 957 2533 1011 Ε.
2557 989 2628 998 --
2646 958 2785 1026 Περί
2824 959 3126 1025 πορνείας,
3149 959 3245 1012 καί
3259 961 3531 1030 μοιχείας,
3547 965 3632 1017 καί

2099 1047 2345 1117 φθορᾶς,
2375 1049 2473 1102 καὶ
2498 1048 2964 1116 ἀρῤενοκοιτίας.

2512 1139 2888 1192 Ἆποστόλων
2913 1137 3112 1193 κανὼν
3141 1137 3238 1204 ξα’.

2176 1230 2221 1294 ζ’
2244 1230 2311 1283 Ετ
2332 1247 2416 1293 τις
2436 1230 2737 1301 κατηγορία
2752 1231 2974 1303 γένηται
2987 1232 3127 1285 κατὰ
3152 1231 3338 1285 πιστοῦ
3350 1236 3581 1302 πορνείας
3605 1236 3634 1306 ἢ

428 1321 607 1385 datur,
654 1328 716 1374 ut
773 1318 1170 1384 fornicationis,
1232 1319 1313 1373 vel
1338 1320 1609 1384 adulterii,
1645 1320 1729 1375 vel
1769 1318 2001 1389 alicujus

2113 1323 2347 1392 μοιχείας
2376 1322 2408 1393 ἢ
2440 1323 2605 1393 ἄλλης
2636 1323 2778 1387 τινὸς
2810 1325 3263 1396 ἀπηγορευμένης
3288 1326 3540 1396 πράξεως,
3558 1328 3637 1381 καὶ

430 1412 570 1466 alius
602 1412 884 1480 prohibita;
909 1409 1163 1478 actionis,
1184 1419 1240 1467 et
1265 1411 1548 1468 convictus
1577 1411 1763 1478 fuerit,
1796 1412 1863 1467 ad
1893 1412 2002 1467 cle-

2113 1412 2408 1484 ἐλεγχθείη,
2449 1414 2529 1477 είς
2558 1413 2757 1485 κλῆρον
2786 1414 2861 1486 μὴ
2882 1414 3227 1485 προαγέσθω.

430 1518 548 1558 rum
572 1512 681 1554 non
712 1496 1064 1566 provehatur.

706 1592 868 1664 422
904 1594 1123 1647 Concilii
1150 1595 1415 1665 Ancyrani
1438 1610 1605 1650 canon
1627 1594 1719 1651 20.

502 1684 592 1739 20.
636 1684 692 1738 Si
740 1685 971 1754 alicujus
1009 1702 1147 1739 uxor
1181 1688 1482 1742 adulterata
1522 1687 1725 1753 fuerit,
1761 1685 1843 1740 vel
1870 1684 1994 1755 quis

432 1788 549 1826 eam
583 1774 1003 1840 adulteravcrit,
1035 1784 1247 1844 oportet
1299 1792 1423 1831 eum
1470 1778 1524 1830 in
1571 1787 1777 1846 septem
1835 1775 1994 1829 annis

430 1862 575 1932 quod
600 1862 897 1934 perfectum
926 1870 1008 1918 est
1031 1866 1267 1934 assequi,
1294 1880 1388 1935 per
1409 1864 1608 1935 gradus
1623 1863 1716 1935 qui
1734 1878 1801 1919 eo
1820 1862 1996 1919 dedu-

433 1963 585 2008 Clllll.

738 2043 965 2097 Concilii
983 2042 1430 2100 Neocwsariensis
1442 2058 1609 2097 canon
1638 2041 1691 2095 8.

501 2130 553 2184 8.
594 2130 651 2184 Si
687 2131 919 2200 alicujus
959 2145 1118 2196 uxor,
1160 2140 1291 2195 etc.,
1326 2138 1382 2181 ut
1416 2146 1538 2200 pag.
1579 2128 1717 2183 555.

592 2222 818 2276 Concilii
845 2223 1147 2275 azcumenici
1180 2237 1227 2275 vt
1266 2237 1488 2275 canones
1516 2219 1607 2286 86,
1635 2220 1725 2284 87,
1753 2219 1842 2275 98.

503 2314 590 2367 86.
613 2316 719 2369 Eos
737 2314 829 2384 qui
854 2314 919 2368 ad
941 2314 1243 2367 animarum
1269 2312 1474 2381 lapsus,
1500 2320 1631 2379 etc.,
1656 2320 1711 2364 ut
1744 2310 1999 2381 pag.75l.

502 2406 590 2458 87.
643 2406 775 2471 Quae
834 2406 1091 2460 maritum
1124 2403 1342 2473 reliquit
1386 2412 1470 2458 est
1507 2401 1755 2456 adultera
1783 2412 1914 2467 etc.,
1941 2409 2004 2453 ut

468 2498 701 2552 aa.906.

468 2515 496 2551 a
539 2536 550 2549 .
576 2502 701 2553 906.

428 2514 461 2569 ρ
500 2515 589 2647 38.
658 2589 759 2656 Qui
820 2588 974 2645 alteri
1032 2587 1357 2660 desponsam
1426 2587 1729 2656 mulierem,
1756 2592 1887 2655 etc.,
1937 2603 1995 2645 ut

429 2701 551 2755 pag.
589 2682 715 2737 894.

431 2795 625 2850 Basilii
656 2808 877 2849 canones
909 2794 963 2854 7.
986 2792 1179 2860 18,21,
1213 2793 1411 2861 22,25,
1450 2792 1541 2857 26,
1569 2792 1659 2857 50,
1679 2791 1767 2859 51,
1789 2791 1879 2859 57,
1910 2790 1998 2854 59,

945 2865 1037 2927 49,
1066 2865 1154 2931 58,
1184 2864 1273 2928 59,
1299 2864 1387 2929 62,
1417 2864 1506 2918 77.

2423 1590 2692 1646 Συνόδου
2730 1592 3018 1661 Ἀγκύρας
3040 1591 3244 1647 κανὼν
3272 1599 3340 1646 κ’.

2178 1689 2246 1738 κ’.
2300 1683 2425 1737 Ἐάν
2456 1701 2604 1745 τινος
2626 1683 2762 1754 γυνὴ
2800 1684 3075 1754 μοιχευθῇ,
3118 1686 3151 1755 ἢ
3194 1684 3447 1757 μοιχεύσῃ
3473 1702 3564 1751 τις,
3591 1686 3641 1737 ἐν

2104 1773 2243 1827 ἑπτὰ
2282 1774 2425 1827 ἔτεσι
2457 1773 2538 1827 δεῖ
2564 1774 2727 1827 αὐτὸν
2768 1772 2863 1827 τοῦ
2904 1773 3110 1828 τελείου
3138 1778 3342 1846 τυχεῖν,
3373 1777 3506 1831 κατὰ
3531 1777 3640 1839 τοὺς

2103 1862 2346 1933 βαθμοὺς
2376 1864 2502 1927 τοὺς
2530 1862 2893 1933 προάγοντας.

2330 2043 2603 2100 Συνόδου
2625 2046 3093 2115 Νεοκαισαρείας
3140 2047 3343 2101 κανὼν
3367 2046 3438 2117 η’.

2178 2143 2249 2208 η’.
2272 2136 2413 2209 Γυνή
2441 2155 2585 2201 τινος
2607 2140 2951 2209 μοιχευθεῖσα
2981 2136 3171 2195 λαῖκοῦ
3201 2141 3370 2206 ὄντος,
3393 2157 3444 2195 κ.
3472 2152 3519 2195 τ.
3539 2140 3585 2193 λ.

2104 2227 2374 2283 Συνόδου
2390 2228 2806 2297 οίκουμενικῆς
2831 2230 3010 2297 ἕκτης
3036 2231 3238 2284 κανὼν
3253 2237 3351 2295 πς¹
3367 2274 3381 2298 ,
3406 2231 3490 2297 πζ¹
3507 2270 3521 2295 ,
3548 2236 3643 2302 [κη’.

2179 2326 2299 2383 πςδ.
2324 2319 2463 2383 Τοὺς
2489 2319 2580 2371 ἐπὶ
2611 2319 2798 2389 ψυχῶν
2813 2320 3027 2392 ὀλίσθῳ,
3067 2338 3124 2378 κ.
3156 2339 3210 2376 τ.
3232 2322 3286 2380 λ.

2183 2410 2299 2474 πζᾌ
2340 2412 2406 2465 Ἦ
2458 2410 2550 2464 τὸν
2592 2410 2763 2482 ἄνδρα
2808 2412 3179 2467 καταλιποῦσα
3212 2412 3450 2484 μοιχαλίς
3498 2415 3646 2470 ἐστιν.

2107 2515 2161 2552 κ.
2191 2515 2242 2553 τ.
2256 2496 2306 2552 λ.

2180 2593 2269 2660 ιιη’
2310 2590 2370 2645 Ὀ
2397 2589 2568 2661 ἑτέρῳ
2601 2589 3028 2661 μνηστευθεῖσαν
3057 2592 3317 2661 γυναῖκα,
3354 2608 3411 2646 κ.
3432 2606 3480 2646 τ.
3508 2590 3557 2646 λ.

2111 2795 2433 2869 Βασιλείαν
2476 2797 2679 2869 κανὼν
2728 2794 2936 2869 ζ’νιην,
2973 2796 3091 2869 κα’,
3128 2795 3410 2869 κβᾏκέ,
3443 2802 3559 2862 κζ’,
3581 2793 3649 2859 λ’,

2344 2867 2417 2921 λδ⁸
2439 2908 2453 2931 ,
2480 2866 2557 2931 λζ’
2577 2907 2591 2931 ,
2612 2868 2718 2931 λθ’,
2751 2866 2837 2937 μθ¹
2863 2866 2888 2931 ,⁷
2921 2867 3005 2937 νη¹
3034 2908 3049 2933 ,
3081 2868 3158 2921 νθ⁹
3176 2866 3195 2932 ν,
3229 2867 3334 2938 ξβ’,
3358 2868 3450 2931 οζ’.

507 2958 562 3013 7.
591 2956 952 3013 Masculorum
981 2966 1033 3011 et
1060 2956 1373 3011 animalium
1408 2964 1774 3026 corruptores,
1810 2963 1863 3008 et
1907 2952 2002 3007 bo-

2179 2960 2250 3022 ζ’.
2281 2957 2717 3029 Ἀρῤενοςρθόροι,
2750 2958 2846 3012 καὶ
2874 2958 3194 3026 ζωοφθόροι,
3226 2937 3321 3011 καὶ
3352 2956 3541 3026 φονεῖς,
3569 2955 3654 3009 καὶ

435 3045 668 3109 micidaz,
697 3054 751 3099 et
779 3046 1025 3111 venefici,
1078 3054 1132 3099 et
1159 3045 1410 3112 adulteri,
1444 3054 1499 3100 et
1536 3045 1859 3109 idololatria,
1907 3059 1995 3098 ea-

435 3139 556 3191 dem
578 3138 1030 3192 condemnatione
1052 3137 1198 3207 digni
1233 3137 1520 3191 habentur.
1549 3135 1727 3201 Quare
1753 3150 1917 3205 quam
1944 3134 1996 3188 in

438 3230 561 3284 aliis
586 3229 753 3283 habes
785 3228 1039 3294 formam,
1078 3228 1132 3281 in
1162 3228 1230 3282 iis
1264 3244 1485 3298 quoque
1521 3242 1698 3283 serva.
1740 3226 1780 3281 li
1816 3237 1997 3281 autem

434 3321 529 3390 qui
600 3320 818 3387 triginta
863 3336 1036 3374 annos
1094 3320 1466 3391 paenitentiam
1509 3328 1731 3390 egerunt
1783 3328 2003 3388 propter

436 3414 859 3477 immunditiam,
890 3428 1055 3483 quam
1105 3414 1163 3468 in
1205 3414 1511 3484 ignorantia
1559 3411 1823 3477 fecerunt,
1869 3410 2000 3480 quin

436 3505 735 3575 recipiendi
784 3508 911 3570 sint,
951 3520 1019 3559 ne
1063 3504 1313 3559 dubitare
1354 3505 1573 3574 quidem
1616 3519 1718 3559 nos
1767 3509 1999 3573 oportet.

436 3598 572 3652 Nam
610 3611 705 3652 eos
732 3598 892 3653 venia
934 3597 1126 3667 dignos
1156 3597 1316 3651 elIicit
1342 3606 1397 3652 et
1426 3597 1714 3667 ignoratio,
1742 3606 1797 3651 et
1834 3610 2003 3665 spon-

437 3702 598 3744 tanea
634 3688 930 3752 confessio,
960 3696 1015 3742 et
1038 3690 1299 3758 temporis
1319 3700 1464 3743 tanta
1493 3687 1842 3743 diuturnitas.
1868 3687 2004 3743 Fere

436 3778 584 3829 cnitn
626 3784 793 3830 totatn
849 3776 1089 3832 hominis
1128 3785 1341 3831 aetatem
1392 3776 1606 3832 Satanae
1634 3777 1814 3832 traditi
1850 3786 2000 3839 sunt,

441 3875 499 3919 nt
531 3866 746 3920 discant
775 3880 882 3921 non
904 3881 1090 3937 gerere
1119 3881 1179 3922 se
1203 3867 1453 3937 turpiter.
1487 3866 1851 3933 Quamobrem
1873 3865 2005 3934 jube

437 3976 532 4014 eos
565 3960 772 4028 absque
811 3958 1072 4013 dilatione
1104 3960 1326 4027 suscipi,
1374 3959 1609 4013 maxime
1654 3958 1700 4014 si
1736 3958 2004 4028 lacrymas

438 4052 662 4116 habent,
690 4065 811 4119 quae
857 4058 1004 4105 tuam
1050 4052 1392 4105 clementiam
1439 4050 1681 4119 ﬂectant,
1728 4058 1783 4105 et
1837 4050 2002 4103 vitam

436 4141 735 4198 ostendunt
758 4140 1235 4198 commiseratione
1260 4142 1500 4213 dignam.

508 4326 671 4399 423
700 4326 788 4380 18.
824 4325 898 4381 De
924 4325 1228 4396 virginibus
1252 4323 1439 4394 lapsis,
1470 4331 1598 4386 etc.,
1631 4331 1688 4375 ut
1724 4337 1846 4391 pag.
1878 4319 2005 4373 858.

510 4419 601 4473 21.
648 4417 705 4471 Si
727 4418 811 4471 vir
846 4432 956 4472 una
1001 4431 1127 4472 cum
1157 4432 1326 4471 uxore
1367 4416 1641 4480 habitans,
1675 4422 1862 4484 postea
1892 4427 2009 4465 ma-

441 4510 704 4565 trimonio
748 4525 855 4565 non
899 4516 1209 4574 contentus,
1252 4510 1305 4563 in
1352 4507 1765 4561 fornicationem
1802 4504 2009 4557 incide-

440 4603 546 4663 rit;
588 4600 972 4656 fornicatorem
1025 4615 1149 4655 eum
1192 4600 1525 4669 judicamus,
1575 4599 1861 4667 ipsumque
1891 4595 2009 4647 lon-

443 4689 567 4760 gius
616 4689 973 4759 producimus
1017 4688 1071 4742 in
1117 4687 1387 4758 impositis
1427 4687 1644 4756 pcenis:
1697 4684 1790 4739 sed
1826 4691 2007 4736 tamen

442 4795 707 4835 canonem
750 4795 859 4833 non
912 4779 1198 4844 habemus,
1227 4778 1319 4848 qui
1348 4793 1474 4832 eum
1516 4775 1768 4830 adulterii
1794 4771 2008 4827 crimini

442 4871 721 4940 subjiciat,
774 4870 819 4925 si
866 4872 919 4925 in
968 4870 1200 4925 solutam
1248 4884 1280 4922 a
1329 4867 1681 4922 matrimonio
1727 4873 2009 4935 peccatum

444 4963 795 5017 commissum
846 4961 951 5016 sit:
984 4970 1267 5031 pr0pterea
1293 4960 1441 5028 quod
1484 4958 1727 5011 adultera
1766 4953 2007 5024 quidem,

442 5055 647 5124 inquit,
694 5052 912 5108 Polluta
961 5054 1227 5123 polluetur
1260 5060 1315 5105 ct
1371 5050 1439 5104 ad
1470 5050 1646 5103 virum
1682 5062 1843 5104 suum
1900 5059 2010 5099 non

2109 3051 2413 3118 φαρμακοὶ,
2445 3049 2551 3102 καὶ.
2580 3051 2777 3119 μοιχοὶ,
2815 3051 2909 3103 καὶ
2952 3048 3358 3119 εἰδωλολάτραι,
3381 3049 3475 3119 τῆς
3503 3048 3655 3112 αὐτῆς

2108 3139 2407 3209 καταδίκης
2441 3140 2578 3193 εἰσιν
2596 3139 2887 3211 ἠξιωμένοι
2911 3156 2927 3171 ·
2963 3139 3103 3195 ὥστε
3163 3140 3225 3193 ὃν
3253 3141 3397 3211 ἔχεις
3426 3140 3513 3192 ἐπὶ
3558 3137 3654 3189 τῶν

2108 3231 2281 3286 ἄλλων
2302 3231 2493 3296 τύπον,
2523 3232 2617 3284 καὶ
2645 3233 2737 3285 ἐπὶ
2758 3232 2963 3286 τούτων
3013 3232 3254 3301 φύλαξον
3284 3250 3300 3266 ο
3335 3233 3458 3295 τοὺς
3505 3231 3557 3285 δέ
3605 3232 3657 3282 ἐν

2110 3326 2403 3396 τριάκοντα
2449 3325 2594 3379 ἔτεσι
2622 3328 3059 3397 μετανοήσαντας
3090 3326 3185 3379 ἐπὶ
3241 3328 3308 3396 τῇ
3364 3322 3653 3392 ἀκαθαρσίᾳ

2110 3416 2177 3485 ἢν
2202 3418 2259 3470 ἐν
2286 3416 2478 3486 ἀγνοίᾳ
2506 3415 2764 3486 ἔπραξαν,
2787 3417 2894 3469 οὐδ’
2920 3415 3286 3487 ἁμφιόἀλλειν
3333 3414 3475 3485 ἡμᾶς
3507 3426 3659 3479 προσ-

2111 3506 2244 3577 ῆκεν
2271 3508 2349 3568 εις
2375 3505 2435 3559 τὸ
2469 3505 2878 3575 παραδέξασθαι
2899 3527 2915 3541 ο
2937 3506 2973 3577 ἧ
2993 3523 3053 3558 τε
3084 3507 3197 3577 γὰρ
3219 3506 3406 3573 ἄγνοια
3436 3498 3658 3569 συγγνώ-

2116 3614 2223 3667 μης
2255 3597 2453 3661 αὐτοὺς
2510 3595 2692 3661 ἀξίους
2729 3598 2893 3661 ποιεῖ,
2938 3595 3120 3649 καὶτὸ
3151 3596 3399 3649 ἑκούσιον
3443 3592 3535 3663 τῆς
3577 3589 3657 3653 ἐξ·

2114 3688 2480 3759 αγορεύσεως,
2539 3691 2633 3743 καὶ
2656 3691 2689 3759 ή
2740 3688 3047 3759 παράτασις
3076 3688 3108 3756 ἡ
3140 3690 3199 3741 ἐν
3241 3686 3477 3757 τοσούτῳ
3497 3684 3657 3755 χρόνῳ

2108 3780 2372 3851 γενομένη
2398 3796 2415 3814 ο
2464 3780 2649 3851 σχεδὸν
2676 3780 2783 3850 γὰρ
2844 3779 2971 3850 ὅλην
2999 3779 3194 3847 γενεὰν
3218 3778 3499 3850 ἀνθρώπου
3533 3792 3658 3844 παρ-

2109 3870 2368 3940 εδόθησαν
2423 3870 2501 3939 τῷ
2555 3870 2787 3941 Σατανᾷ,
2843 3870 2929 3925 ἶνα
2987 3870 3321 3923 παιδευθῶσι
3380 3868 3453 3939 μὴ
3504 3868 3657 3937 ἀσχη·

2115 3964 2293 4032 μονεῖν
2322 3977 2339 3993 ⁸
2408 3961 2551 4014 ὥστε
2601 3961 2855 4015 κέλευσον
2904 3960 3100 4024 αὐτοὺς
3144 3961 3251 4031 ἤδη
3297 3958 3659 4031 ὰνυπερθέτως

2109 4052 2385 4123 δεχθῆναι,
2457 4052 2686 4122 μάλιστα
2732 4054 2781 4105 εί
2837 4051 2932 4105 καὶ
2999 4052 3214 4123 δάκρυα
3272 4052 3452 4122 ἔχουσι
3501 4050 3660 4101 δυσω-

2114 4143 2322 4196 ποῦντὰ
2346 4158 2439 4194 σου
2468 4140 2568 4211 τὴν
2594 4141 3017 4212 εὑσπλαγχνίαν,
3063 4143 3161 4195 καὶ
3192 4142 3308 4213 βίον
3338 4138 3661 4195 ἐπιδείκνυν-

2038 4253 2084 4308 ι)
2110 4251 2200 4287 ται
2229 4233 2377 4300 ἄξιον
2404 4231 2766 4303 συμπαθείας.

2187 4331 2275 4396 ιη’.
2313 4325 2449 4393 Περὶ
2479 4323 2587 4377 τῶν
2608 4324 2953 4377 ἐκπεσουσῶν
2976 4322 3278 4395 παρθένων,
3311 4339 3367 4376 κ.
3393 4338 3444 4376 τ.
3481 4321 3531 4375 λ.

2173 4420 2280 4471 κα’.
2296 4414 2357 4466 Εἰ
2377 4412 2478 4483 ἁνὴ
2484 4429 2516 4483 ρ
2532 4412 2749 4479 γυναικὶ
2767 4412 3051 4478 συνοικῶν,
3067 4412 3285 4466 ἐπειδὰν
3306 4412 3381 4482 μὴ
3397 4406 3663 4480 ἀρκεσθεὶς

2108 4505 2185 4575 τῷ
2216 4505 2380 4573 γάμῳ
2412 4505 2492 4565 είς
2514 4503 2770 4573 πορνείαν
2808 4503 3044 4573 ἐμπέσῃ,
3078 4504 3276 4573 πόρνον
3300 4502 3552 4573 κρίνομεν
3576 4497 3659 4550 τὸν

2110 4593 2350 4646 τοιοῦτον
2387 4609 2401 4623 ο
2452 4594 2548 4644 καὶ
2580 4591 2761 4643 πλεῖον
2808 4592 2971 4644 αὑτὸν
3023 4592 3428 4663 παρατείνομεν
3470 4592 3525 4642 ἐν
3562 4589 3663 4647 τοῖς

2110 4685 2405 4753 ἐπιτιμίοις
2483 4684 2583 4736 ὀὐ
2665 4684 2845 4752 μέντοι
2918 4684 3111 4753 ἔχομεν
3179 4683 3381 4737 κανόνα
3443 4680 3519 4752 τῷ
3572 4678 3663 4747 τῆς

2115 4776 2363 4845 μοιχείας
2430 4775 2593 4828 αὐτὸν
2658 4776 2961 4842 ὑπαγαγεῖν
3031 4775 3381 4846 ἐγκλήματι,
3443 4774 3535 4827 ἐὰν
3593 4772 3665 4830 είς

2111 4867 2399 4937 ἐλευθέραν
2424 4866 2603 4935 γάμου
2631 4868 2664 4937 ή
2701 4867 2943 4936 ἁμαρτία
2973 4868 3195 4938 γένηται
3229 4884 3240 4896 ·
3270 4867 3453 4935 διότιή
3466 4877 3665 4934 μοιχαο

2110 4960 2212 5024 λίς
2226 4958 2725 5027 μὲνμιαινομένη,
2766 4961 2899 5028 φησι
2926 4958 3293 5023 ίανθήσεται,
3316 4957 3412 5010 καὶ
3426 4958 3522 5010 οὐκ
3546 4956 3668 5007 ἀνα-

2113 5051 2331 5121 στρέψει
2388 5051 2521 5121 πρὸς
2570 5052 2659 5103 τὸν
2719 5050 2888 5121 ἄνδρα
2940 5051 3135 5120 αὐτῆς,
3190 5052 3285 5104 καὶ
3317 5050 3381 5103 '0
3414 5046 3667 5114 κατέχων

442 5155 742 5200 revertetur
774 5146 819 5176 ’³
844 5162 858 5212 ;
890 5154 962 5210 et,
1002 5145 1105 5211 Qui
1134 5145 1429 5197 adulteram
1458 5141 1676 5204 detinet,
1704 5138 1897 5193 stultus
1927 5145 2002 5191 est

2113 5142 2430 5213 μοιχαλίδα
2450 5142 2655 5210 ἄφρων
2676 5142 2774 5195 καί
2801 5142 3027 5209 ἀσεϐής
3044 5159 3057 5173 ·
3089 5145 3118 5196 ό
3146 5144 3328 5213 μέντοι
3361 5141 3667 5212 πορνεύσας,

440 5248 491 5291 et
522 5237 713 5300 impius
745 5235 791 5266 “
822 5254 835 5289 :
878 5236 968 5290 sed
998 5234 1090 5304 qui
1136 5232 1436 5287 fornicatus
1468 5240 1569 5295 cst,
1606 5246 1712 5284 non
1745 5228 2005 5283 exclude-

442 5340 531 5384 tur
568 5328 864 5399 quominus
894 5342 1016 5383 cum
1049 5340 1221 5380 uxore
1252 5325 1477 5379 habitet.
1503 5323 1685 5389 Quare
1717 5337 1855 5377 uxor
1886 5323 2010 5391 qui-

446 5425 569 5479 dem
601 5440 631 5478 a
668 5423 1027 5478 fornicatione
1061 5429 1416 5477 revertentem
1464 5420 1641 5473 virum
1669 5434 1827 5474 suum
1858 5418 2009 5472 erci-

443 5517 587 5587 piet:
624 5516 706 5569 vir
734 5530 863 5570 vero
883 5515 1142 5584 pollutam
1174 5529 1205 5568 e
1240 5514 1355 5568 suis
1375 5512 1585 5567 aedibus
1609 5512 1806 5581 ejiciet.
1830 5508 2008 5579 Atque

510 5668 556 5701 ²³
584 5665 783 5722 Jcrem.
819 5684 899 5733 ttt,
937 5669 985 5721 1.
1082 5669 1126 5699 ⁸⁸
1154 5666 1409 5723 Ρνυγριι).
1448 5681 1598 5732 xvnt,
1630 5666 1717 5719 ‘22.

2117 5235 2217 5287 οὐκ
2265 5233 2751 5303 ἀποκλεισθήσεται
2791 5234 2891 5303 τῆς
2917 5234 3052 5301 πρὸς
3074 5234 3171 5305 τὴν
3224 5236 3458 5301 γυναῖκα
3516 5225 3667 5281 αὑτοῦ

2121 5329 2484 5397 συνοικήσεως
2512 5342 2525 5355 ³
2554 5326 2694 5379 ὥστε
2730 5328 2762 5395 ή
2818 5325 2917 5396 μὲν
2937 5326 3075 5395 γυνὴ
3130 5325 3237 5379 ἀπὸ
3293 5322 3544 5393 πορνείας
3588 5321 3670 5369 ἐπ-

2118 5417 2333 5471 ανιόντα
2363 5415 2453 5468 τὸν
2483 5413 2650 5486 ἄνδρα
2674 5414 2843 5484 αὐτῆς
2868 5414 3253 5486 παραδέξεται,
3278 5415 3307 5466 ὁ
3333 5412 3389 5465 δὲ
3417 5412 3549 5481 ἀνὴρ
3575 5406 3665 5475 τήν

2121 5507 2468 5577 μιανθεῖσαν,
2523 5505 2631 5559 τῶν
2677 5506 2842 5559 οἴκων
2893 5505 3087 5560 ἑαυτοῦ
3156 5500 3514 5573 ἀποπέμψει·
3578 5496 3663 5550 καὶ
