3904 6220
353 203 458 269 913

1158 215 1555 279 SYNTAGMA
1592 218 1977 281 CANONUM.
2006 242 2072 254 ’-
2103 220 2251 281 ΤΙΤ.
2290 220 2460 295 XIII,
2486 221 2643 283 CAP.
2676 223 2743 283 V.

3478 221 3586 287 914

351 322 556 374 τούτων
604 318 661 372 δὲ
711 317 928 389 ὀλλόγος
957 320 1018 375 ὡ
1084 323 1289 397 ῥᾴδιος,
1327 329 1362 396 ἠ
1393 326 1449 383 δὲ
1492 330 1748 401 συνήθεια
1780 329 1919 384 οὕτω

2036 331 2221 385 liorum
2245 330 2467 400 quidem
2500 331 2640 385 ratio
2668 345 2777 384 non
2804 328 3001 395 facilis,
3028 329 3124 385 sed
3149 334 3482 388 consuetudo
3506 338 3587 389 sic

350 416 693 481 κεκράτηκεν

416 501 521 571 κβ’.
539 502 677 565 Τοὺς
687 502 747 568 ἐξ
764 502 1018 576 ἁρπαγῆς
1032 506 1252 578 ἔχοντας
1263 512 1546 579 γυναῖκας,
1558 511 1606 564 εί
1622 511 1720 581 μὲν
1742 510 1922 575 ἄλλοις

346 598 944 668 προμεμνηστευμένας
985 596 1096 655 εἷεν
1141 604 1508 676 ἀφῃρημένοι,
1552 605 1613 658 οὐ
1660 604 1922 676 πρότερον

345 686 450 756 χρὴ
484 687 908 757 παραδέχεσθαι,
944 692 1130 764 πρὶνῆ
1184 695 1476 764 ἀφελέσθαι
1508 696 1678 759 αὐτὰς
1720 696 1918 758 αὐτῶν,

345 777 442 830 καὶ
492 776 580 828 ἐπ’
635 776 854 849 ἐξουσίᾳ
910 781 1019 834 τῶν
1067 782 1128 848 ἐξ
1180 785 1358 855 ἀρχῆς
1426 787 1923 857 μνηστευσαμένων

343 871 591 938 ποιῆσαι,
621 871 736 927 εἴτε
764 872 1044 943 βούλοιντο
1066 876 1251 932 λαϐεῖν
1270 881 1461 946 αὐτάς,
1513 884 1624 937 εἴτε
1678 885 1923 955 ἀποστῆ-

342 977 433 1015 ναι
464 976 481 995 ο
515 962 565 1014 εί
593 962 650 1015 δὲ
686 964 1052 1034 σχολάζουσάν
1072 986 1156 1033 τις
1199 969 1377 1037 λάϐοι,
1432 974 1789 1046 ἀφαιρεῖσθαι
1825 977 1924 1047 μὲν

340 1051 423 1107 δεῖ
471 1054 566 1105 καὶ
621 1057 734 1119 τοῖς
764 1058 983 1121 οἰκείοις
1024 1060 1401 1135 ἀποκαθιστᾷν
1432 1080 1446 1095 ο
1484 1067 1802 1138 ἐπιτρέπειν
1865 1068 1923 1122 δὲ

340 1144 406 1213 τῇ
439 1142 637 1215 γνώμῃ
671 1146 781 1199 τῶν
807 1148 1047 1215 οἰκείων,
1085 1151 1197 1206 είτε
1235 1157 1418 1223 γονεῖς
1464 1151 1595 1222 εἷεν,
1632 1159 1743 1211 είτε
1771 1158 1925 1212 ἀδελ-

343 1234 458 1301 φοὶ,
511 1233 624 1286 εῐτε
675 1236 969 1294 οίτινεσοῧν
1055 1244 1399 1313 προεστῶτες
1436 1247 1537 1317 τῆς
1574 1249 1743 1319 κόρης
1771 1262 1788 1277 ⁸
1820 1248 1923 1303 κᾶν

343 1326 445 1395 μὲν
471 1326 702 1381 ’ἑλωνται
760 1331 909 1401 αὑτῷ
946 1336 1303 1404 παραδοῦναι,
1333 1340 1587 1399 ἵστασθαι
1637 1342 1702 1395 τὸ
1752 1359 1924 1396 συνοι-

341 1420 528 1480 κέσιον
568 1437 583 1452 ⁸
631 1423 728 1476 ὲάν
753 1424 811 1478 δὲ
841 1427 1167 1495 ἁνανεύωσι,
1206 1432 1280 1503 μὴ
1305 1433 1591 1502 βιάζεσθαι
1622 1451 1638 1467 ·
1678 1436 1767 1490 τὸν
1795 1435 1925 1506 μέν-

338 1528 421 1564 τοι
491 1514 558 1567 ἐκ
618 1514 885 1588 διαφορᾶς
940 1520 1052 1572 εἴτε
1100 1521 1368 1594 λαθραίας
1435 1526 1547 1579 εἴτε
1616 1526 1923 1599 βιαιοτέρας

338 1604 583 1669 γυναῖκα
608 1603 827 1676 ἔχοντα,
854 1609 1067 1681 ἀνάγκη
1099 1612 1159 1664 τὸ
1208 1613 1310 1683 τῆς
1335 1616 1591 1687 πορνείας
1621 1618 1922 1687 ἐπιγνῶναι

337 1694 657 1765 ἐπιτίμιον·
721 1699 838 1753 ἐστι
886 1701 943 1754 δὲ
1006 1703 1067 1756 ἐν
1113 1703 1408 1775 τέσσαρσιν
1477 1708 1757 1781 ὡρισμένη
1804 1716 1921 1777 τοῖς

336 1787 702 1858 πορνεύουσιν
732 1793 764 1861 ή
793 1792 1115 1865 ἐπιτίμησις
1138 1812 1153 1826 ·
1197 1797 1305 1869 χρὴ
1332 1798 1409 1868 τῷ
1462 1800 1667 1873 πρώτῳ
1714 1804 1913 1861 ἐκϐάλ-

333 1875 525 1935 λεσθαι
548 1878 659 1933 τῶν
692 1883 1032 1954 προσευχῶν,
1068 1886 1164 1939 καὶ
1195 1889 1528 1957 προσκλαίεν
1586 1894 1783 1958 αὐτοὺς
1846 1898 1912 1967 τῇ

334 1967 483 2041 θύρᾳ
529 1972 630 2040 τῆς
675 1974 1015 2045 ἐκκλησίας·
1082 1978 1162 2049 τῷ
1226 1980 1462 2053 δευτέρῳ
1514 1982 1770 2055 δεχθῆναι
1834 1990 1914 2052 είς

332 2061 618 2133 ἀκρόασιν
645 2080 660 2094 ·
683 2065 761 2135 τῷ
793 2067 964 2138 τρίτῳ
995 2069 1075 2132 είς
1100 2072 1386 2140 μετάνοιαν
1418 2088 1433 2103 ⁸
1463 2074 1541 2144 τῷ
1558 2078 1802 2149 τετάρτῳ
1833 2080 1917 2143 είς

331 2151 600 2240 σύστασιν
625 2157 765 2225 μετὰ
802 2158 896 2211 τοῦ
927 2158 1081 2224 λαοῦ,
1109 2163 1485 2233 ἀπεχομένους
1523 2167 1627 2237 τῆς
1675 2187 1915 2240 προσφο-

332 2243 457 2313 ρᾶς,
523 2239 646 2298 εἶτα
689 2246 886 2313 αὐτοὺς
932 2250 1328 2323 ἐπιτρέπεσθαι
1357 2253 1458 2326 τὴν
1481 2239 1769 2317 κοινωνίαν
1817 2239 1913 2323 τοῦ

328 2332 565 2401 ἀγαθοῦ.

400 2433 507 2483 κε’.
556 2428 615 2483 ’0
654 2429 755 2501 τὴν
772 2430 1178 2509 διεφθαρμένην
1197 2437 1287 2508 ὑφ’
1310 2440 1503 2495 ἐαυτοῦ
1550 2442 1634 2507 είς
1678 2445 1913 2513 γυναῖκα

329 2518 599 2589 κατέχων,
617 2520 679 2575 τὸ
702 2522 798 2592 μὲν
823 2524 917 2578 ἐπὶ
936 2528 1002 2598 τῇ
1022 2527 1198 2601 φθορᾷ
1221 2531 1499 2603 ἐπιτίμιον
1522 2534 1909 2606 ὑποστήσεται,

326 2615 429 2687 τὴν
460 2616 519 2670 δὲ
546 2620 781 2685 γυναῖκα
804 2619 949 2692 ἔχειν
978 2627 1485 2700 συγχωρηθήσεται.

398 2709 523 2770 κς’.
566 2707 635 2798 ᾘ
657 2712 884 2783 πορνεία
906 2714 1084 2784 γάμος
1109 2718 1209 2772 οὐκ
1234 2718 1403 2785 ἐστιν,
1431 2721 1547 2775 ἀλλ’
1573 2723 1694 2777 οὐδὲ
1729 2725 1910 2798 γάμου

328 2796 476 2867 ἀρχή
511 2811 526 2826 ⁸
584 2796 726 2853 ὥστε
772 2802 868 2856 ἐὰν
997 2804 1225 2861 δυνατὸν
1290 2811 1419 2873 τοὺς
1465 2813 1605 2867 κατά
1651 2796 1909 2888 πορνείαν

330 2890 776 2961 συναπτομένους
827 2897 1183 2968 χωρίζεσθαι,
1221 2900 1381 2955 τοῦτο
1434 2906 1729 2975 κράτιστον
1758 2926 1774 2943 ·
1814 2911 1909 2965 έάν

2022 417 2269 472 invaluit.

2089 502 2179 558 22.
2220 504 2324 571 Qui
2354 520 2420 560 ex
2453 515 2607 576 raptu
2640 507 2898 563 mulieres
2923 508 3145 576 habent,
3171 509 3437 580 siquidem
3468 513 3588 569 aliis

2016 595 2128 665 jam
2176 594 2478 665 desponsas
2529 598 2889 667 abripuerint,
2932 608 3061 655 ante
3103 602 3424 657 admittendi
3478 619 3587 659 non

2022 691 2169 747 sunt,
2205 699 2367 753 quam
2409 685 2478 739 ab
2506 685 2586 740 eis
2615 686 2808 742 ablata:
2839 688 2949 743 sint
2990 698 3043 743 et
3070 705 3261 745 eorum
3291 692 3491 760 quibus
3521 694 3590 747 ab

2023 773 2179 829 initio
2210 776 2490 844 desponsa:
2519 786 2696 841 erant,
2733 780 2987 848 potestati
3013 781 3258 848 reddita},
3291 796 3473 837 utrum
3497 799 3592 839 ens

2023 865 2190 920 velint
2218 866 2464 936 accipere
2514 882 2586 923 an
2614 868 2900 925 desistere.
2942 870 3000 926 Si
3028 875 3148 941 quis
3178 883 3359 928 autem
3392 890 3593 930 vacan-

2024 962 2129 1008 tem
2183 958 2471 1029 acceperit,
2525 959 2743 1015 auferre
2789 962 3007 1032 quidem
3086 974 3323 1033 oportet,
3367 968 3595 1036 suisque

2024 1047 2330 1114 restituere,
2385 1060 2439 1104 et
2488 1051 2734 1120 ipsorum
2780 1053 3045 1109 voluntati
3082 1058 3419 1125 permittere,
3482 1060 3594 1112 sive

2024 1137 2135 1192 sint
2168 1148 2439 1208 parentes,
2482 1142 2597 1197 sive
2636 1142 2857 1209 fratres,
2908 1145 3021 1199 sive
3068 1147 3246 1214 quivis
3274 1149 3363 1202 alii
3404 1150 3597 1217 puellae

2024 1230 2430 1286 moderatores:
2461 1248 2524 1287 ac
2559 1233 2606 1289 si
2638 1234 2688 1289 ei
2720 1234 2937 1305 quidem
2968 1236 3181 1291 tradere
3208 1240 3392 1303 velint,
3436 1256 3595 1308 opor-

2025 1328 2100 1374 tet
2154 1322 2558 1377 matrimOnium
2602 1327 2931 1381 constituere
2978 1345 2991 1379 :
3044 1327 3127 1382 sin
3168 1338 3347 1382 autem
3402 1346 3597 1383 renue-

2022 1413 2151 1479 rint,
2201 1428 2543 1484 nequaquam
2578 1417 2686 1470 vim
2736 1417 2957 1472 inferre.
2993 1416 3129 1472 Eum
3179 1429 3358 1473 autem
3396 1421 3489 1488 qui
3531 1437 3597 1473 ex

2024 1514 2237 1574 stupro,
2283 1507 2399 1561 sive
2443 1508 2636 1563 latenti
2663 1508 2779 1564 sive
2820 1510 3080 1575 violento,
3133 1526 3361 1566 uxorem
3413 1510 3595 1572 habet,

2025 1612 2246 1653 necesse
2295 1606 2379 1653 est
2430 1597 2806 1659 fornicationis
2858 1617 3074 1670 poenam
3129 1617 3450 1672 agnoscere.
3500 1600 3595 1659 Est

2026 1699 2205 1745 autem
2264 1691 2317 1744 in
2362 1699 2600 1760 quatuor
2658 1694 2819 1749 annis
2874 1693 3138 1762 praefinita
3195 1693 3596 1748 fornicantibus

2026 1793 2205 1848 poena.
2234 1778 2459 1849 Oportet
2503 1796 2600 1837 eos
2632 1797 2777 1837 anno
2808 1783 2985 1852 primo
3020 1800 3051 1840 a
3078 1785 3331 1854 precibus
3371 1784 3589 1852 expelli,

2025 1878 2079 1923 et
2107 1868 2236 1924 ﬂere
2266 1869 2334 1924 ad
2370 1869 2517 1926 fores
2549 1872 2797 1928 ecclesiae
2826 1891 2840 1928 :
2871 1875 3111 1931 secundo
3145 1876 3213 1929 ad
3257 1875 3595 1930 auditionem

2022 1961 2256 2029 admitti,
2303 1965 2463 2017 tertio
2509 1963 2577 2017 ad
2628 1966 3006 2034 pmnitcntiam
3036 1983 3048 2019 :
3079 1965 3246 2038 424
3276 1976 3475 2036 quarto
3526 1967 3597 2024 ad

2025 2053 2277 2107 standum
2303 2069 2411 2107 una
2434 2068 2558 2109 cum
2581 2056 2802 2125 populo,
2829 2055 3165 2113 abstinentes
3195 2058 3264 2113 ab
3285 2058 3592 2115 oblatione:

2023 2142 2220 2207 deinde
2250 2144 2330 2203 eis
2359 2146 2595 2216 permitti
2634 2148 2763 2207 boni
2792 2147 3258 2212 communionem.

2090 2445 2179 2501 25.
2210 2444 2315 2511 Qui
2348 2459 2379 2500 a
2410 2458 2469 2501 se
2488 2452 2788 2515 stupratam
2844 2457 2941 2513 pro
2995 2460 3167 2501 uxore
3196 2443 3426 2510 detinet,
3470 2454 3589 2502 stu-

2019 2538 2103 2608 pri
2131 2538 2349 2608 quidem
2382 2551 2600 2607 pmnam
2635 2535 2865 2601 subibit,
2896 2535 2991 2593 sed
3018 2536 3069 2593 ei
3094 2537 3282 2593 licebit
3305 2552 3423 2591 eam
3448 2553 3587 2593 uxo-

2018 2646 2133 2685 rem
2158 2628 2377 2705 habere.

2090 2719 2180 2775 9.6.
2230 2704 2543 2776 Fornicatio
2596 2720 3007 2776 matrimonium
3063 2734 3170 2775 non
3216 2722 3331 2785 'est,
3381 2720 3475 2776 sed
3523 2737 3590 2776 ne

2020 2810 2357 2865 matrimonii
2401 2810 2623 2880 quidem
2664 2810 2909 2866 initium.
2952 2809 3135 2876 Quare
3163 2811 3206 2865 si
3240 2810 3353 2865 ﬁeri
3390 2822 3588 2882 potest,
3628 2866 3633 2869 _

2021 2910 2082 2956 ut
2103 2901 2193 2971 qui
2219 2916 2313 2971 per
2337 2900 2753 2956 fornicationem
2780 2901 3060 2971 conjuncti
3079 2911 3227 2969 sunt,
3243 2911 3586 2972 separentur,

326 2983 385 3037 δὲ
412 2987 722 3054 στέργωσιν
772 2988 837 3043 ἐκ
870 2993 1074 3056 παντὸς
1106 2995 1311 3064 τρόπου
1342 2997 1405 3052 τὸ
1441 3003 1794 3067 συνοικέσιον,
1848 3005 1910 3058 τὸ

2040 2993 2072 3047 d
2123 2991 2342 3062 quidem
2395 2993 2659 3061 optimum
2710 3002 2813 3047 est.
2868 2992 2963 3047 Sin
3010 3001 3189 3047 autem
3235 2995 3316 3048 eis
3366 2994 3590 3048 omnino

332 3074 435 3168 μὲν
486 3076 589 3147 τῆς
647 3081 904 3150 πορνείας
960 3084 1236 3156 ἐπιτίμιον
1292 3092 1740 3164 γνωριζέτωσαν,
1775 3095 1905 3168 ἀφι-

328 3165 579 3223 έσθωσαν
612 3168 670 3224 δὲ
694 3169 781 3224 ἴνα
810 3170 885 3245 μὴ
913 3173 1094 3245 χεῖρόν
1126 3193 1181 3231 τι
1201 3177 1449 3249 γένηται.

398 3350 473 3410 λ’.
501 3352 640 3424 Περὶ
668 3354 779 3408 τῶν
810 3356 1186 3427 ἁρπαζόντων,
1215 3362 1413 3418 κανόνα
1445 3366 1543 3436 μὲν
1559 3367 1787 3425 παλαιὸν
1809 3371 1911 3427 οὐκ

328 3442 550 3514 ἔχομεν,
587 3445 724 3499 ίδίαν
742 3445 799 3500 δὲ
823 3448 1050 3521 γνώμην
1083 3452 1488 3525 ἐποιησάμεθα,
1512 3459 1637 3529 τρία
1661 3460 1757 3531 ἐτη
1814 3464 1908 3518 καὶ

328 3537 534 3601 αὐτοὺς
565 3539 823 3604 καὶτοὺς
870 3542 1321 3611 συναρπάζοντας
1366 3548 1573 3617 αὐτοῖς,
1630 3552 1737 3620 ἔξω
1799 3555 1911 3611 τῶν

329 3627 510 3697 εὐχῶν
574 3628 826 3698 γίνεσθαι
865 3637 893 3663 ο·
958 3633 1019 3686 τὺ
1075 3634 1131 3687 δὲ
1204 3636 1280 3707 μὴ
1342 3636 1531 3707 βιαίως
1592 3643 1905 3715 γενόμενον,

327 3716 624 3811 ἀνεύθυνόν
679 3721 830 3775 ἐστιν
887 3723 1018 3777 ὅταν
1073 3725 1150 3795 μὴ
1190 3726 1367 3796 φθορά
1421 3726 1481 3801 ᾗ,
1542 3734 1678 3805 μηδὲ
1731 3736 1908 3811 κλοπὴ

327 3810 613 3881 ἡγουμένη
666 3811 761 3866 τοῦ
811 3814 1139 3884 πράγματος
1172 3831 1187 3847 ο
1237 3820 1564 3885 αὐτεξουσία
1615 3825 1673 3879 δὲ
1702 3828 1735 3898 ἡ
1766 3810 1907 3899 χήρα

327 3904 424 3957 καὶ
448 3904 540 3959 ἐπ’
572 3905 712 3978 αὐτῇ
744 3910 806 3961 τὸ
849 3908 1215 3983 ἀκολουθῆσαι
1239 3930 1254 3951 ο
1283 3912 1424 3968 ὥστε
1467 3917 1576 3975 τῶν
1610 3922 1908 3993 σχημάτων

332 3993 459 4064 ἡμῖν
488 3994 552 4048 οὐ
587 3997 952 4067 φροντιστέον.

385 4175 495 4231 ’λδ’.
527 4177 643 4243 Τάς
675 4180 1048 4250 μοιχευθείσας
1071 4185 1165 4239 καὶ
1184 4185 1644 4259 ἐξαγορευούσας,
1679 4210 1733 4248 κ.
1765 4212 1816 4249 τ.
1855 4195 1903 4251 λ.

398 4267 497 4332 λζ’.
516 4271 673 4327 Μετά
700 4272 760 4325 τὸ
786 4274 1146 4347 ἀφαιρεθῆναι
1165 4277 1265 4351 τὴν
1283 4282 1567 4353 ἀλλοτρίαν
1585 4286 1614 4337 ὁ
1634 4287 1907 4356 γαμήσας,

328 4359 424 4413 ἐπὶ
459 4361 560 4431 μὲν
587 4365 654 4434 τῇ
684 4363 877 4439 πρώτῃ
910 4368 1143 4439 μοιχείᾳ,
1197 4371 1598 4444 ἐγκληθήσεται
1624 4393 1637 4408 ·
1697 4378 1793 4432 ἐπὶ
1848 4379 1906 4433 δὲ

336 4455 396 4522 τῇ
429 4453 681 4526 δευτέρᾳ,
711 4456 1005 4522 ἀνεύθυνος
1036 4459 1212 4516 ἔσται.

399 4542 498 4600 λθ¹.
541 4546 611 4599 Ἥ
630 4546 710 4618 τῷ
732 4548 904 4620 μοιχῷ
933 4550 1173 4619 συζῶσα,
1207 4554 1457 4626 μοιχαλίςη
1479 4558 1593 4611 ἐστι
1622 4558 1798 4614 πάντα
1825 4560 1915 4614 τὸν

330 4634 545 4703 χρόνον.

404 4727 513 4797 μθ’.
544 4728 612 4782 Δί
646 4729 783 4799 πρὸς
812 4732 1057 4804 ἀνάγκην
1072 4736 1362 4807 γενόμεναι
1385 4738 1604 4809 φθοραὶ,
1632 4740 1914 4795 ἀνεύθυνοι

332 4819 577 4875 ἔστωσαν
611 4838 626 4853 ·
681 4822 825 4877 ὥστε
854 4828 951 4880 καὶ
989 4830 1022 4899 ή
1075 4829 1236 4899 δούλη
1268 4833 1317 4884 εί
1366 4831 1595 4902 ἐϐιάσθη
1620 4833 1773 4904 παρὰ
1820 4834 1913 4886 τοῦ

332 4913 532 4966 οἰκείου
564 4914 846 4982 δεσπότου,
874 4919 1166 4984 ἀνεύθυνός
1197 4923 1365 4977 ἐστιν.

394 5008 495 5073 νη’.
539 5003 599 5057 Ὀ
622 5004 936 5075 μοιχεύσας,
960 5008 1018 5061 ἐν
1045 5009 1177 5063 δέκα
1194 5011 1289 5064 καὶ
1316 5012 1473 5065 πέντε
1492 5012 1667 5069 έτεσιν
1691 5016 1917 5070 ἀκοινώ-

337 5108 488 5162 νητος
520 5092 674 5146 έσται
707 5094 817 5149 τῶν
841 5096 1217 5166 ἁγιασμάτων,
1240 5101 1298 5153 ἐν
1327 5100 1591 5172 τέσσαρσι
1621 5104 1719 5173 μὲν
1748 5121 1910 5174 προσ·

337 5185 538 5241 κλαίων
571 5186 773 5252 ἐτεσιν,
804 5191 861 5241 ἐν
891 5191 1055 5244 πέντε
1083 5191 1141 5244 δὲ
1195 5192 1568 5263 ἀκροώμενος,
1599 5195 1658 5248 ἐν
1677 5195 1913 5268 τέσσαρ-

338 5294 420 5331 σιν
453 5279 801 5345 ὑποπίπτων,
829 5283 889 5337 ἐν
936 5282 1056 5335 δυσὶ
1104 5283 1394 5348 συνεστὼς,
1425 5284 1555 5339 ἄνευ
1604 5286 1912 5365 κοινωνίας.

397 5369 498 5426 νϐ’.
513 5372 572 5425 Ὁ
595 5373 792 5444 πόρνος
808 5374 867 5429 ἐν
900 5373 1037 5428 ἐπτά
1062 5374 1237 5429 ἐτεσιν
1258 5376 1615 5448 ἀκοινώνητος
1637 5377 1788 5432 ἔσται
1807 5379 1916 5433 τῶν

340 5461 718 5533 ἀγιασμάτων,
748 5465 842 5519 δύο
874 5468 1242 5538 προσκλαίων,
1278 5471 1373 5522 καὶ
1402 5470 1497 5524 δὸο
1539 5470 1912 5542 ἀκροώμενος,

341 5555 432 5607 καὶ
478 5556 575 5610 δύο
625 5557 972 5624 ὑποπίπτων,
1008 5559 1103 5612 καὶ
1146 5561 1228 5612 ἐνὶ
1268 5560 1539 5627 συνεστώς
1575 5579 1589 5593 ⁸
1632 5564 1790 5633 μόνον
1839 5564 1916 5633 τῷ

344 5645 506 5719 ὀγδόῳ
529 5648 847 5719 δεχθήσεται
871 5652 951 5715 είς
969 5652 1277 5709 κοινωνίαν.

2022 3084 2231 3153 placeat
2281 3083 2611 3153 cunjugium,
2662 3082 3038 3137 fornicationis
3096 3083 3315 3153 quidem
3372 3098 3589 3152 pmnam

2022 3185 2363 3247 agnoscant;
2410 3175 2503 3230 sed
2537 3176 2763 3229 minime
2801 3182 3145 3243 separentur,
3180 3188 3248 3229 ne
3286 3175 3414 3243 quid
3441 3175 3590 3229 dete—

2022 3270 2137 3325 rius
2167 3267 2400 3325 accidat.

2092 3360 2180 3415 '50.
2216 3358 2291 3413 De
2338 3359 2407 3413 iis
2456 3358 2551 3428 qui
2598 3356 2836 3427 rapiunt,
2882 3370 3157 3414 canonem'
3192 3356 3412 3427 quidem
3445 3357 3590 3413 anti-
3625 3404 3633 3411 .

2022 3466 2189 3521 quum
2230 3464 2339 3505 non
2371 3449 2651 3516 habemus,
2686 3450 2780 3504 sed
2815 3449 3088 3518 propriam
3115 3451 3440 3504 sententiam
3465 3465 3591 3518 pro-

2022 3543 2272 3608 ferimus,
2324 3550 2461 3597 utet
2502 3542 2602 3611 ipsi
2648 3550 2702 3596 et
2730 3541 2823 3611 qui
2856 3556 2963 3595 una
3011 3556 3134 3595 cum
3168 3541 3301 3610 ipsis
3352 3541 3592 3609 rapiunt,

2021 3635 2196 3691 tribus
2218 3635 2377 3689 annis
2399 3634 2508 3689 sint
2530 3641 2684 3687 extra
2706 3647 2916 3702 preces.
2941 3631 3098 3698 Quod
3121 3642 3300 3687 autem
3328 3633 3593 3687 violenter

2022 3744 2131 3785 non
2170 3729 2260 3794 sit,
2301 3740 2477 3797 poenae
2508 3724 2643 3779 nulli
2675 3724 2971 3780 obnoxium
3000 3732 3103 3789 est,
3133 3724 3178 3779 si
3205 3740 3305 3779 nec
3337 3735 3588 3795 stuprum

2020 3838 2123 3878 nec
2169 3820 2378 3877 furtum
2424 3834 2539 3874 rem
2572 3818 2930 3888 praecesserit.
2974 3817 3069 3871 Est
3096 3830 3275 3872 autem
3307 3816 3468 3871 vidua
3508 3816 3593 3870 Sui

2016 3914 2178 3985 juris,
2204 3921 2257 3967 et
2295 3910 2558 3983 sequendi
2594 3918 2836 3979 potestas
2867 3924 3031 3978 penes
3066 3909 3239 3977 ipsam
3275 3918 3379 3963 est.
3410 3907 3590 3973 Quare

2019 4000 2434 4058 simulationum
2476 4012 2541 4053 ac
2575 4006 2935 4061 pmtexluum
2968 4011 3099 4051 cura
3131 3996 3280 4050 nulla
3308 3996 3465 4050 nobis
3496 3996 3595 4049 ha-

2017 4094 2192 4151 benda
2223 4101 2329 4149 est.

2087 4188 2177 4243 54.
2215 4186 2463 4241 Mulieres
2485 4182 2754 4239 adulterio
2795 4180 3050 4250 pollutas,
3069 4189 3201 4243 etc.,
3232 4189 3288 4236 ut
3314 4196 3434 4249 pag.
3462 4178 3588 4239 806,

2090 4279 2178 4333 57.
2206 4276 2309 4344 Qui
2338 4276 2513 4332 aliena
2536 4275 2639 4331 sibi
2670 4273 2849 4327 ablata
2874 4285 3096 4326 uxorem
3120 4270 3299 4334 duxit,
3334 4270 3389 4323 in
3418 4270 3592 4339 prima

2017 4372 2238 4442 quidem
2265 4367 2518 4425 adulterii
2543 4368 2753 4423 crimen
2777 4362 3088 4429 sustinebit,
3119 4363 3173 4419 in
3196 4363 3437 4419 secunda
3461 4377 3592 4418 vero

2016 4480 2110 4520 reu
2120 4479 2145 4517 Β
2178 4479 2285 4518 non
2327 4470 2485 4531 agetu
2495 4476 2540 4514 Γ.

2084 4557 2175 4612 59.
2209 4556 2343 4621 Quae
2384 4553 2515 4609 vivit
2565 4565 2688 4607 cum
2739 4550 3009 4615 adultero,
3041 4548 3288 4605 adultera
3319 4556 3403 4603 est
3439 4546 3591 4602 omni

2016 4658 2281 4704 tempore.

2085 4665 2121 4701 n
2166 4664 2281 4702 ore.

2085 4664 2176 4795 Ag.
2221 4740 2422 4807 Stupra
2480 4752 2603 4807 qua:
2650 4750 2750 4806 per
2782 4735 2891 4789 vim
2959 4731 3291 4797 inferuntur,
3344 4746 3452 4785 non
3483 4732 3590 4783 sint

2014 4830 2351 4887 accusationi
2385 4830 2644 4884 obnoxia.
2675 4828 2856 4894 Quare
2885 4827 3051 4881 etiam
3087 4841 3268 4895 serva,
3292 4826 3337 4879 si
3372 4825 3454 4878 vis
3474 4823 3523 4877 ei
3557 4838 3585 4874 ει

2016 4924 2242 4995 prOprio
2266 4923 2399 4977 hero
2430 4922 2580 4974 illata
2613 4921 2701 4986 sit,
2735 4920 2906 4975 libera
2940 4928 3022 4974 est
3051 4935 3082 4973 a
3112 4920 3291 4987 culpa.

2086 5017 2177 5072 58.
2218 5014 2322 5081 Qui
2358 5014 2664 5068 moechatus
2694 5021 2798 5077 est,
2829 5027 2924 5081 per
2948 5010 3263 5079 quindecim
3292 5022 3467 5061 annos
3498 5023 3586 5062 sa-

2016 5113 2427 5161 cramentorum
2468 5117 2577 5155 non
2629 5100 2735 5155 erit
2793 5098 3067 5169 particeps
3102 5115 3115 5152 :
3150 5108 3383 5164 quatuor
3430 5097 3587 5148 annis

2016 5196 2173 5261 flens,
2222 5194 2466 5263 quinque
2509 5192 2760 5255 audiens,
2817 5198 3053 5258 quatuor
3112 5186 3440 5251 substratus,
3494 5201 3587 5255 per

2017 5287 2155 5342 duos
2192 5285 2498 5340 consistens
2530 5283 2649 5337 sine
2677 5279 3079 5336 communione.

2087 5378 2249 5450 425
2271 5378 2359 5432 59.
2380 5376 2699 5431 Fornicator
2717 5383 2918 5443 septem
2943 5373 3100 5426 annis
3119 5378 3586 5427 sacramentorum

2020 5485 2129 5523 non
2153 5470 2257 5523 erit
2284 5468 2579 5536 particeps,
2606 5465 2821 5518 duobus
2842 5462 3001 5529 ﬂens,
3026 5473 3079 5517 et
3098 5462 3314 5516 duobus
3340 5461 3588 5523 audiens,

2018 5571 2068 5615 et
2124 5559 2338 5613 duobus
2392 5558 2721 5619 substratus,
2767 5562 2819 5607 et
2850 5567 2959 5606 uno
2987 5553 3296 5608 consistens
3328 5566 3343 5603 :
3376 5556 3583 5605 tantum

2020 5662 2210 5707 octavo
2242 5650 2307 5704 ad
2337 5648 2777 5704 communionem
2812 5645 3149 5702 admittetur.
