3904 6220
359 236 462 301 915

1477 228 1674 288 ΡΗοΤ
1680 228 1738 288 Η
1776 227 1916 287 ΡΛΤ

2032 226 2279 288 iRCHzE
2310 227 2420 288 CP.
3479 232 3570 295 916

421 337 510 390 6‘2.
553 334 657 402 Qui
701 336 1089 407 turpitudinem
1123 336 1175 391 in
1217 336 1461 392 maribus
1496 340 1748 405 patravit,
1784 348 1917 394 tem—

2094 337 2189 409 ἔθ’.
2247 340 2304 394 Ὁ
2336 339 2436 411 τὴν
2477 338 2865 411 ἀσχημοσύνην
2891 340 2949 394 ὲν
2975 341 3089 405 τοῖς
3140 339 3357 413 άῤῥεσιν
3398 344 3575 398 tutata.

351 446 450 499 pus
480 430 627 486 illius
656 431 750 501 qui
796 430 1048 486 adulterii
1087 430 1265 485 scelus
1296 430 1534 494 admisit,
1565 432 1613 486 ei
1642 432 1922 502 dispensa-

350 523 515 579 hitur.

417 616 508 671 77.
549 615 651 682 Qui
690 614 966 683 relinquit,
987 625 1121 681 etc.,
1146 622 1205 669 ut
1228 632 1352 687 pag.
1386 614 1509 670 907.

760 706 1003 777 Gregorii
1043 706 1098 760 Ν
1100 707 1273 775 yssent'
1294 726 1409 773 cap.
1443 708 1497 762 5.

418 798 618 854 Eorum
654 808 836 853 autem
866 815 987 868 quae
1019 800 1082 853 ad
1114 802 1465 869 cupiditatem
1499 810 1553 855 et
1574 799 1916 869 voluptatem

348 894 487 948 {Iunt
514 902 885 963 peccatorum,
922 902 1027 948 etc.
1054 934 1067 958 ,
1098 902 1157 947 ut
1190 909 1309 964 pag.
1336 893 1460 949 807.

418 983 633 1037 Textus.
682 983 757 1037 De
780 992 992 1053 stupro,
1019 984 1306 1048 adulterio,
1340 994 1503 1053 atque
1555 984 1909 1053 paedicatione

348 1083 542 1129 tractat
594 1074 678 1129 lex
731 1074 786 1129 in
826 1076 920 1129 lib.
963 1091 1017 1130 Ix
1069 1076 1191 1131 cod.
1256 1077 1338 1131 tit.
1395 1078 1450 1139 9.
1488 1086 1539 1132 et
1572 1078 1664 1136 lib.
1714 1095 1917 1147 ιινιιι,

350 1168 509 1222 titulo
531 1168 585 1233 5,
629 1167 758 1223 talia
796 1169 1243 1239 delinquentibus
1265 1184 1485 1239 pmnatn
1520 1171 1790 1227 inducens
1823 1187 1920 1227 ca-

348 1260 589 1328 pitalem.
629 1259 733 1315 Ubi
764 1257 974 1331 [etiam]
1003 1259 1227 1324 dicitur,
1276 1260 1419 1329 quod
1440 1262 1693 1316 adulterii
1756 1278 1919 1317 accu-

346 1352 491 1405 satio
523 1366 634 1405 non
660 1350 837 1406 solum
861 1352 931 1404 ob
949 1360 1249 1419 stupratam
1282 1350 1578 1419 legitimam
1606 1353 1915 1421 coniugem,

344 1457 533 1496 verum
551 1442 713 1496 etiam
733 1440 800 1496 de
823 1440 1059 1495 instabili
1082 1450 1246 1509 atque
1272 1440 1551 1511 illegitimo
1570 1443 1920 1498 matrimonio

346 1543 399 1585 ct
443 1530 814 1602 sponsalibus,
842 1538 895 1584 ct
926 1531 993 1585 de
1027 1532 1390 1585 concubinatn
1424 1531 1761 1587 instituatur.

417 1622 636 1677 Textus.
666 1621 903 1677 Proinde
934 1622 1225 1678 fornicatio
1257 1639 1365 1677 non
1416 1623 1668 1679 laudatur
1695 1625 1913 1695 quidem

346 1731 377 1770 ιι
407 1715 553 1770 civili
589 1715 741 1786 lege,
772 1730 949 1785 neque
980 1724 1161 1771 tamen
1210 1716 1550 1785 prohibetur.
1587 1717 1800 1773 Etenim
1830 1720 1913 1774 di-

344 1809 488 1862 citur
512 1807 608 1862 lib.
631 1821 733 1873 xu,
766 1810 852 1862 tit.
880 1806 933 1874 5,
962 1808 1071 1877 dig.
1104 1806 1138 1860 4
1164 1826 1178 1863 :
1209 1806 1365 1873 Quod
1401 1810 1671 1863 meretrici
1730 1810 1913 1879 datur,

344 1914 454 1954 non
488 1898 750 1954 redditur.
794 1898 931 1953 Cum
985 1898 1130 1953 enim
1169 1898 1429 1952 meretrix
1476 1898 1568 1965 sit,
1622 1914 1730 1955 non
1763 1909 1918 1970 turpe

344 1999 427 2045 est
454 1992 625 2060 ipsam
653 1990 921 2059 accipere,
964 1988 1179 2044 tametsi
1227 1989 1570 2043 meretricem
1599 2004 1722 2044 esse
1750 1996 1910 2060 turpe

347 2078 439 2132 sit.
471 2077 539 2131 Et
564 2077 660 2132 lib.
691 2091 881 2141 qux,
920 2077 1004 2131 tit.
1033 2077 1088 2141 5,
1118 2077 1314 2147 digest.
1365 2075 1421 2143 6,
1456 2078 1601 2146 quod
1644 2078 1809 2133 etiam
1846 2081 1917 2135 oh

346 2171 693 2227 inhonestam
724 2184 946 2226 causam
967 2179 1117 2226 recte
1141 2170 1396 2237 donetur,
1427 2172 1593 2227 veluti
1624 2170 1719 2245 [si]
1741 2187 1917 2229 mere-

346 2262 470 2317 trici
507 2260 809 2334 [quippiam
852 2259 1035 2333 detur]
1072 2268 1278 2332 :atque
1331 2261 1434 2335 [id]
1490 2272 1670 2317 ratum
1714 2264 1806 2320 sit.
1852 2262 1920 2320 Et

343 2355 441 2409 lib.
476 2369 646 2417 XLVII,
678 2356 762 2407 tit.
784 2353 838 2420 2,
866 2353 1062 2423 digest.
1109 2353 1196 2408 59.
1241 2353 1346 2419 Qui
1390 2354 1624 2410 alienam
1662 2356 1915 2412 ancillam

345 2445 689 2501 meretricem
746 2444 946 2513 rapuit,
982 2453 1076 2498 aut
1124 2444 1362 2511 celavit,
1437 2459 1617 2513 neque
1656 2454 1914 2515 tanquam

346 2536 664 2608 plagiarius,
689 2550 869 2606 neque
904 2544 1165 2606 tanquam
1205 2535 1293 2589 tur
1336 2544 1578 2591 tenetur.
1606 2535 1726 2591 Non
1768 2540 1914 2592 enim

346 2628 498 2696 t'urti,
541 2627 637 2684 sed
679 2626 923 2683 libidinis
976 2642 1141 2683 causa
1189 2627 1243 2681 id
1294 2625 1441 2682 fecit.
1506 2626 1645 2683 Nam
1696 2630 1741 2686 si
1790 2631 1916 2700 quis

347 2721 492 2775 fores
542 2717 847 2774 meretricis
895 2716 1189 2788 ellregerit,
1223 2726 1279 2773 et
1320 2717 1413 2772 alii
1459 2717 1699 2789 ingressi
1728 2762 1744 2786 ,
1805 2736 1912 2775 non

344 2806 577 2880 [autem]
621 2807 691 2863 ab
741 2807 863 2877 ipso
910 2805 1141 2870 inducti,
1178 2821 1269 2862 res
1298 2806 1420 2877 ejus
1450 2805 1617 2862 furati
1656 2805 1863 2863 fuerint
1899 2829 1911 2863 :

347 2898 439 2970 [is]
488 2912 599 2952 non
643 2906 856 2953 tenetur
895 2905 1154 2966 tanquam
1200 2896 1308 2951 fur.

418 2988 637 3043 Tertius.
682 2988 821 3043 Dicit
861 3003 991 3043 vero
1037 2989 1199 3043 etiam
1241 2988 1335 3043 lib.
1372 3003 1579 3045 xxxvm
1655 2989 1798 3044 tituli
1861 2991 1917 3056 8,

2025 431 2310 499 κνύμενος,
2340 432 2430 488 τὸν
2450 432 2641 503 χρόνον
2666 432 2759 486 τοῦ
2780 432 2837 486 ὲν
2858 434 2923 505 τῇ
2948 432 3574 508 μοιχείᾳπαρανομοῦντος

2024 525 2541 596 οἰκονομηθήσεται.

2093 615 2188 680 οξ.
2237 613 2296 671 Ὀ
2328 616 2514 686 μέντοι
2562 616 3008 688 καταλιμπάνων,
3044 635 3098 672 κ.
3134 636 3184 672 τ.
3204 619 3255 673 λ.

2380 709 2714 777 Γρηγοριου
2745 707 3002 775 Νύσσης
3032 726 3161 779 κεφ.
3184 710 3252 778 γ’.

2097 801 2218 855 Τῶν
2246 802 2305 855 δὲ
2347 801 2415 854 δι’
2442 800 2739 870 ἐπιθυμίαν
2784 817 2843 853 τε
2912 801 3007 853 καὶ
3053 802 3244 871 ἡδονὴν
3304 805 3581 875 γινομένων

2023 895 2439 967 ἁμαρτημάτων
2471 892 2695 964 τοιαύτη
2735 891 2941 963 ἐστὶνὴ
2977 892 3260 963 διαίρεσις,
3289 910 3343 949 κ.
3384 912 3433 950 τ.
3468 897 3515 952 λ.

2094 990 2403 1057 Κείμενον.
2420 984 2558 1057 Περὶ
2579 986 2786 1057 φθορᾶς
2815 986 2909 1040 καὶ
2925 986 3169 1057 μοιχείας
3184 988 3275 1041 καὶ
3289 989 3583 1060 άρῤενοκοι-

2021 1081 2144 1146 τίας
2163 1081 2556 1153 διαλαμϐάνειό
2579 1080 2760 1151 νόμος,
2789 1080 2929 1150 βιϐλ.
2953 1080 2998 1132 θ’
3017 1080 3109 1134 τοῦ
3134 1082 3290 1148 κὼδ.,
3312 1082 3407 1136 τίτ.
3423 1083 3482 1147 θ’,
3501 1084 3584 1137 καὶ

1996 1174 2165 1259 ξβιϐλ.
2202 1173 2316 1244 μη’,
2337 1174 2449 1226 τίτ.
2483 1178 2531 1225 e'
2550 1212 2565 1238 ,
2593 1171 2896 1243 κεφαλικὴν
2918 1174 3030 1235 τοῖς
3052 1171 3224 1226 ταῦτα
3253 1172 3356 1244 πλη
3367 1172 3583 1243 μμελοῦ-

2024 1282 2109 1319 σιν
2132 1264 2354 1332 ἐπάγων
2382 1261 2671 1333 τιμωρίαν·
2708 1261 2840 1315 ἔνθα
2869 1262 3085 1333 εἴρηται
3132 1263 3214 1315 ὅτι
3242 1263 3302 1314 τὸ
3339 1263 3582 1332 μοιχικδν,

2021 1357 2081 1410 ού
2118 1357 2279 1427 μόνον
2316 1355 2409 1408 ἐπὶ
2431 1354 2605 1424 φθορᾷ
2640 1354 2872 1425 νομίμου
2902 1354 3148 1423 γαμετῆς
3176 1355 3430 1416 κινεῖται,
3462 1353 3584 1406 ἀλλὰ

2021 1448 2115 1502 καὶ
2147 1446 2241 1500 ἐπὶ
2300 1446 2602 1500 ἀσυστάτου
2640 1445 2735 1499 καὶ
2795 1444 3059 1515 ἀθεμίτου
3106 1445 3285 1515 γάμου
3337 1445 3427 1499 καὶ
3472 1463 3587 1517 μνη..

2022 1538 2205 1601 στείας
2235 1537 2330 1592 καὶ
2355 1528 2761 1606 παλλακισμού

2085 1632 2390 1701 Κείμενον.
2432 1629 2498 1682 Ἡ
2526 1628 2708 1698 μέντοι
2757 1627 2983 1697 πορνεία
3027 1627 3128 1680 οὐκ
3154 1627 3447 1681 ἐπαινεῖται
3498 1627 3586 1697 μὲν

2032 1724 2181 1795 παρὰ
2198 1721 2277 1793 τῷ
2306 1719 2566 1790 πολιτικῷ
2588 1720 2762 1790 νόμῳ,
2783 1719 2885 1772 οὐκ
2904 1718 3278 1789 ἀπηγόρευται
3306 1718 3382 1771 δέ·
3411 1719 3589 1787 ἀμέλει

2030 1816 2249 1887 εἴρηται
2299 1813 2443 1884 βιϐλ.
2470 1811 2557 1883 ιβ’,
2599 1811 2706 1868 τίτ.
2729 1817 2792 1877 ε’,
2837 1810 2975 1864 διάτ.
3009 1811 3051 1863 δ’
3076 1850 3091 1876 ,
3135 1812 3219 1863 ὅτι
3250 1812 3313 1863 τὸ
3335 1810 3590 1879 διδόμενον

2028 1910 2225 1981 πόρνῃ,
2277 1906 2377 1960 οὐκ
2429 1903 2739 1959 ἀποδίδοται
2771 1918 2787 1934 ο
2850 1901 3039 1972 ἐπειδὴ
3093 1902 3202 1972 γάρ
3244 1904 3356 1955 ἐστι
3407 1902 3588 1974 πόρνη,

2030 2003 2130 2055 ούκ
2162 2001 2310 2054 ἐστιν
2343 1997 2567 2069 αἰσχρὸν
2594 1995 2655 2048 τδ
2680 1994 2865 2048 λαϐεῖν
2916 1993 3107 2062 αὐτὴν,
3146 1994 3195 2046 εἰ
3242 1993 3335 2047 καὶ
3385 1993 3589 2063 αἰσχρόν

2031 2092 2149 2144 ἐστι
2186 2089 2247 2143 τὸ
2271 2084 2413 2142 εῖναι
2439 2085 2610 2158 αὐτὴν
2635 2085 2840 2156 πόρνην
2875 2097 2890 2113 ⁸
2951 2084 3042 2137 καὶ
3077 2082 3217 2153 βιϐλ.
3247 2081 3348 2145 λθ’,
3384 2083 3483 2136 τίτ.
3512 2083 3550 2135 ε’
3574 2122 3588 2146 ,

2031 2182 2171 2237 διάτ.
2208 2180 2264 2245 ς’
2294 2222 2310 2247 ,
2343 2180 2424 2233 ὅτι
2450 2178 2546 2232 καὶ
2578 2175 2669 2230 διὰ
2699 2176 2934 2245 ἄσεμνον
2961 2174 3140 2228 αἰτίαν
3164 2173 3372 2241 γίνεται
3425 2173 3591 2235 καλῶς

2027 2274 2228 2348 δωρεὰ,
2254 2267 2367 2327 οἷον
2391 2272 2472 2335 εἰς
2495 2270 2724 2342 πόρνην,
2760 2268 2854 2321 καὶ
2882 2266 3137 2338 έῤῥωταιο
3172 2267 3270 2319 καὶ
3302 2263 3437 2335 βιϐλ,
3485 2264 3583 2334 ac,

2028 2372 2134 2427 τίτ.
2168 2369 2212 2440 β’
2240 2368 2380 2423 διάτ.
2403 2364 2479 2418 λθ¹
2518 2406 2535 2430 ,
2574 2365 2655 2416 ὅτι
2705 2364 2734 2416 ὁ
2764 2358 3028 2431 ἁρπάζων
3058 2359 3090 2429 ἢ
3127 2358 3492 2429 ἀποκρύπτων
3512 2356 3594 2409 άλ-

2029 2460 2249 2533 λοτρίαν
2299 2456 2495 2526 δούλην
2528 2454 2735 2525 πόρνην
2762 2450 2948 2514 οὖσαν,
2997 2448 3122 2502 οὔτε
3155 2448 3238 2511 ὡς
3291 2445 3592 2516 ἀνδραποδι-

2028 2554 2180 2623 στὴς,
2236 2547 2360 2604 οὔτε
2391 2546 2467 2610 ὡς
2510 2544 2752 2614 κλέπτης
2804 2539 3048 2609 ἐνέχεται
3088 2550 3104 2567 '
3148 2537 3213 2590 οὐ
3242 2538 3357 2606 γάρ
3379 2535 3591 2603 κλοπῆς,

2031 2643 2147 2699 ἀλλ’
2177 2640 2372 2713 ἡδονῆς
2409 2636 2572 2709 χάριν
2609 2632 2835 2705 ἐποίησε
2866 2630 3023 2685 τοῦτο
3049 2645 3067 2663 ο
3117 2631 3171 2682 εἰ
3204 2629 3311 2699 γὰρ
3340 2629 3430 2681 καὶ
3456 2626 3593 2697 θυρί-

2028 2736 2126 2799 δας
2147 2751 2229 2797 τις
2250 2731 2461 2795 κλάσει,
2483 2730 2579 2783 καὶ
2608 2725 2943 2786 εἰσελθόντες
2972 2725 3149 2793 ἕτεροι
3188 2721 3265 2792 μὴ
3286 2722 3413 2790 παρ’
3438 2718 3589 2771 αὐτοῦ

2030 2826 2380 2898 εἰσαχθέντες
2440 2821 2700 2891 κλέψουσι
2764 2818 2834 2872 τὰ
2883 2815 3193 2889 πράγματα
3256 2814 3447 2883 αὐτῆς,
3502 2810 3594 2864 οὐκ

2029 2916 2277 2985 ἐνέχεται
2307 2912 2384 2976 ὡς
2409 2910 2672 2980 κλέπτης.

2100 3012 2406 3077 Κειμενον.
2436 3003 2601 3072 Λέγει
2632 3001 2689 3055 δὲ
2723 3000 2817 3055 καὶ
2848 2999 2988 3070 βιϐλ.
3020 2998 3105 3069 λη’
3128 3040 3142 3064 ,
3178 2997 3284 3052 τίτ.
3321 2995 3369 3066 η’
3397 3035 3413 3060 ,
3446 2995 3521 3048 ὅτι
3547 2992 3592 3046 οἰ

344 3082 490 3154 (ιυοά
522 3082 689 3154 426
718 3081 882 3151 νυ¹8⁰
911 3081 1127 3151 quasi“
1176 3095 1287 3136 ηοη
1345 3082 1509 3137 ῐηοάο
1565 3083 1723 3137 mam
1750 3123 1766 3147 ι
1822 3084 1916 3138 50d
1955 3081 1991 3090 ν’
2032 3094 2407 3166 πορνογεννεῖς
2426 3092 2489 3144 ού
2516 3090 2678 3160 μόνον
2698 3091 2795 3160 τῆς
2816 3088 3043 3160 μητρὸς,
3064 3087 3313 3142 ἀλλὰκαὶ
3339 3084 3443 3139 τῶν
3464 3084 3593 3137 κατὰ

342 3177 505 3232 etiam
541 3174 789 3245 cognatis
811 3174 1043 3229 materni
1070 3174 1283 3246 generis
1300 3176 1624 3240 succedant,
1651 3184 1705 3229 et
1737 3174 1916 3249 [ipsis]

343 3270 411 3323 ab
447 3268 533 3323 his
557 3266 903 3323 succedatur.
935 3264 1171 3321 lllustris
1202 3275 1385 3321 autem
1430 3264 1672 3340 [mulier]
1704 3284 1823 3337 quae
1855 3268 1918 3320 li-

345 3365 506 3415 beros
545 3360 819 3431 legitimos
852 3368 906 3414 et
933 3360 1152 3429 spurios
1180 3358 1383 3412 habet:
1416 3375 1523 3413 non
1572 3369 1748 3429 potest
1791 3376 1919 3429 spu-

342 3451 460 3517 I-iis,
499 3466 676 3520 neque
717 3449 861 3504 inter
900 3448 1077 3513 vivos,
1116 3463 1294 3519 neque
1320 3464 1445 3503 cum
1478 3450 1726 3516 moritur,
1763 3453 1919 3520 quid-

342 3557 506 3612 quam
558 3541 905 3611 suppeditare
938 3557 952 3593 :
984 3539 1261 3609 quomodo
1300 3540 1399 3594 lib.
1459 3556 1530 3603 νι,
1578 3541 1642 3595 C.
1693 3542 1778 3596 tit.
1825 3543 1916 3608 5'1,

342 3642 522 3688 const.
552 3634 605 3688 5.
660 3630 931 3704 [tradit.]
979 3630 1145 3685 Plane
1186 3631 1349 3701 vulgo
1398 3640 1695 3699 conceptus
1743 3649 1918 3703 neque

345 3734 555 3793 patrem
587 3724 786 3779 habere
819 3722 1019 3777 dicitur
1044 3723 1538 3791 :quemadmodum
1562 3724 1656 3778 lib.
1680 3739 1719 3788 I,
1751 3725 1830 3779 tit.
1864 3725 1915 3787 5,

343 3818 453 3887 dig.
485 3816 576 3870 23.
628 3815 799 3870 Porro
845 3813 1249 3870 concubinatus
1294 3815 1571 3885 legitimus
1600 3824 1715 3880 est,
1745 3826 1798 3870 et
1823 3832 1917 3872 eas

344 3910 463 3965 sine
491 3908 722 3964 crimine
746 3906 1082 3965 concubinas
1123 3906 1324 3962 habere
1349 3922 1662 3977 possumus,
1699 3910 1751 3964 in
1781 3926 1918 3979 quas

344 4003 529 4058 illicita
560 4014 670 4057 non
708 4001 1168 4057 committuntur:
1200 4000 1364 4055 veluti
1394 3999 1499 4074 [ﬁt]
1531 4002 1585 4057 in
1610 4004 1916 4057 concubina

345 4097 534 4164 patris,
564 4094 648 4149 vel
669 4095 756 4149 avi
781 4102 877 4148 aut
906 4094 959 4147 in
987 4092 1097 4148 lilia
1127 4093 1444 4148 sororiszut
1469 4094 1559 4150 lib.
1595 4110 1721 4158 xxv,
1753 4095 1840 4150 tit.
1863 4095 1915 4158 7,

342 4201 389 4244 et
426 4189 523 4243 lib.
550 4203 708 4255 χχιιι,
742 4187 830 4241 tit.
860 4187 917 4254 2,
949 4186 1144 4257 digest.
1180 4186 1268 4251 55,
1306 4196 1359 4241 et
1388 4187 1483 4242 lib.
1514 4203 1702 4252 XLVlll,
1738 4187 1821 4242 tit.
1858 4188 1913 4253 5,

342 4280 538 4350 digest.
587 4279 647 4333 ll
712 4277 977 4350 [docent]
1034 4277 1091 4332 ln
1145 4280 1515 4334 concubinam
1563 4290 1745 4334 autem
1792 4294 1915 4335 esse

2035 3186 2249 3257 μητέρα
2272 3182 2549 3253 συγγενῶν
2585 3180 3003 3251 κληρονομοῦσι,
3039 3180 3132 3232 καὶ
3155 3179 3250 3231 ὑπ’
3276 3175 3451 3230 αὐτῶν
3474 3174 3593 3242 κλη-

2038 3278 2371 3350 ρονομοῦντα
2387 3291 2424 3329 ι’
2453 3277 2489 3345 ή
2508 3276 2565 3328 δὲ
2598 3273 2904 3342 ἰλλουστρία
2920 3271 3187 3342 νομίμους
3206 3270 3398 3340 ἔχουσα
3414 3268 3593 3328 παῖδας

2031 3368 2430 3440 πορνογεννεῖς,
2485 3364 2637 3417 οὐδὲν
2681 3363 2902 3417 δύναται
2933 3363 3243 3431 παρασχεῖν
3277 3361 3387 3421 τοῖς
3411 3372 3593 3427 πορνο-

2029 3460 2298 3529 γεννέσιν,
2333 3457 2459 3511 οὕτε
2503 3456 2675 3521 ζῶσα,
2717 3453 2841 3507 οὔτε
2878 3452 3213 3517 τελευτῶσα,
3240 3451 3317 3515 ὡς
3370 3449 3502 3521 βιϐλ.
3545 3443 3595 3510 ς’

2030 3550 2126 3605 τοῦ
2159 3550 2315 3615 κώδ.,
2347 3549 2453 3603 τίτ.
2490 3546 2588 3614 νς,
2618 3546 2761 3601 διάτ.
2781 3544 2822 3598 ε’
2851 3560 2867 3576 ο
2906 3546 2934 3598 ὁ
2958 3544 3014 3597 δὲ
3036 3544 3145 3598 ἀπὸ
3175 3543 3456 3615 πορνείας,
3477 3539 3595 3593 οὕτε

2030 3645 2249 3714 λέγεται
2277 3640 2423 3712 ἔχειν
2452 3638 2686 3709 πατέρα,
2717 3637 2794 3700 ὡς
2819 3634 2961 3707 βιϐλ.
2990 3632 3061 3700 α’,
3101 3634 3209 3690 τίτ.
3247 3631 3353 3703 κγ’·
3394 3634 3423 3686 ό
3462 3632 3586 3702 μέν·

2029 3754 2112 3791 τοι
2143 3733 2521 3803 παλλακισμὸς
2558 3728 2792 3801 νόμιμός
2812 3729 2953 3791 ἐστι,
2984 3726 3250 3790 κάκείνας
3274 3727 3418 3796 ἔχειν
3441 3723 3594 3777 δυνά·

2034 3828 2175 3900 μεθα
2204 3824 2485 3886 παλλακὰς
2508 3821 2639 3875 ἄνευ
2680 3818 3026 3888 ἐγκλήματος
3052 3856 3067 3881 ,
3091 3818 3230 3887 πρὸς
3254 3815 3321 3879 ἃς
3347 3816 3408 3869 οὐ
3425 3814 3596 3883 πλημ-

2035 3919 2279 3991 μελεῖται
2336 3914 2618 3984 ἀθέμιτον,
2671 3907 2785 3965 οἷον
2826 3911 2931 3979 τὴν
2982 3906 3268 3979 παλλακὴν
3322 3906 3417 3959 τοῦ
3471 3904 3592 3958 ἰδίου

2033 4004 2239 4075 πατρὸς
2270 4002 2303 4072 ἢ
2340 4001 2589 4063 πάππου,
2624 3998 2657 4068 ἢ
2692 3998 2791 4066 τὴν
2825 3997 3100 4065 θυγατέρα
3146 3996 3247 4066 τῆς
3279 3995 3416 4057 ἰδίας
3451 3993 3590 4045 ἀδελ⁴

2034 4098 2160 4166 φῆς,
2183 4096 2258 4157 ὠς
2289 4092 2431 4163 βιϐλ.
2464 4097 2541 4144 κε’
2574 4129 2591 4155 ,
2630 4088 2738 4143 τίτ.
2766 4088 2809 4152 ζ’
2835 4128 2851 4154 ,
2882 4087 2979 4140 καὶ
3016 4087 3156 4158 βιϐλ.
3216 4085 3302 4154 κγ’
3331 4125 3346 4151 ,
3380 4085 3481 4139 τίτ.
3514 4080 3555 4153 β’
3580 4120 3595 4146 ,

2028 4189 2173 4243 διάτ.
2201 4191 2272 4238 νε¹
2300 4224 2316 4251 ,
2348 4182 2443 4236 καὶ
2478 4180 2619 4252 βιϐλ.
2660 4186 2776 4251 μη’,
2809 4179 2915 4232 τίτ.
2962 4178 3034 4245 α’,
3088 4178 3231 4233 διάτ.
3268 4183 3371 4231 ια’·
3406 4174 3600 4230 παλλα-

2031 4276 2285 4331 κεύονται
2312 4274 2371 4328 δὲ
2405 4275 2462 4326 αί
2492 4271 2849 4341 ἀπελεύθεροι
2897 4271 2995 4325 καὶ
3027 4271 3275 4339 εὐγενεῖς
3302 4269 3503 4339 ἄσημοι
3528 4281 3540 4295 °
3573 4268 3601 4319 ό

343 4380 574 4440 possunt
605 4372 904 4437 libertinae,
949 4380 1005 4425 et
1036 4372 1284 4440 ingenuae
1313 4372 1549 4427 obscuro
1582 4372 1704 4427 loco
1750 4381 1912 4427 natae.

2032 4371 2134 4442 γὰρ
2198 4366 2401 4435 εὐγενῆ
2456 4364 2551 4418 καὶ
2594 4364 2802 4435 σεμνὴν
2864 4362 3362 4434 παλλακευόμενος,
3417 4359 3600 4431 χρῄζει

342 4463 445 4529 Qui
493 4479 620 4518 vero
668 4464 956 4533 ingenuam
1000 4462 1333 4536 [eamdem]
1374 4464 1772 4534 honestamquc
1861 4464 1915 4517 in

2032 4462 2154 4532 περὶ
2190 4458 2381 4513 τούτου
2409 4460 2584 4510 ποιεῖν
2631 4455 3022 4526 ἑκμαρτύριον,
3062 4454 3187 4507 ἐπεὶ
3239 4455 3482 4524 γαμετὴν
3510 4452 3600 4504 αύ-

344 4554 718 4608 concubinatu
746 4553 928 4618 habet,
946 4556 1405 4609 contestationem
1433 4570 1597 4625 super
1617 4556 1720 4608 hoc
1742 4554 1919 4607 facere

344 4646 540 4697 debet:
573 4643 813 4713 alioquin
864 4660 1091 4698 uxorem
1122 4645 1297 4714 ipsam
1332 4646 1535 4710 habet;
1587 4645 1672 4700 vel
1723 4645 1769 4700 si
1818 4646 1921 4700 hoc

347 4743 581 4801 recusat,
622 4745 874 4805 stuprum
905 4751 1029 4790 cum
1065 4751 1127 4791 ea
1154 4736 1469 4800 committit,
1510 4752 1635 4789 nam
1663 4737 1923 4791 concubi—

349 4837 505 4883 natus
545 4839 742 4882 nomen
761 4843 791 4882 a
815 4827 1023 4899 legibus
1044 4828 1382 4899 agnoscitur;
1410 4828 1550 4883 unde
1569 4828 1667 4884 lib.
1694 4844 1769 4893 Vl,
1794 4828 1917 4883 cod.

339 4919 427 4996 tit.
452 4918 541 4985 57,
575 4924 753 4983 const.
783 4918 836 4982 5,
872 4920 1096 4984 dicitur,
1124 4920 1268 4989 quod
1300 4917 1542 4991 [mulier]
1580 4920 1768 4985 libera,
1800 4936 1921 4989 qua:

347 5011 584 5082 legitime
616 5027 739 5067 cum
783 5012 1004 5068 homine
1064 5013 1237 5067 libero
1302 5012 1358 5066 in
1409 5012 1777 5067 concubinatu
1812 4997 1918 5072 est,

346 5103 591 5177 [liberos]
631 5120 697 5160 ex
734 5105 828 5159 illa
858 5105 1259 5161 consuetudine
1285 5113 1467 5168 natos,
1501 5119 1624 5159 cum
1670 5106 1921 5173 lcgitimis

344 5196 533 5250 liberis
574 5196 818 5252 Itarredcs
876 5197 1128 5251 habitura
1170 5196 1260 5251 sit.
1324 5195 1607 5260 Breviter,
1652 5199 1920 5266 permulta

349 5287 459 5359 [de]
493 5290 930 5344 concubinarum
966 5290 1174 5354 liberis,
1211 5289 1327 5344 sive
1358 5289 1655 5358 illegitimis
1682 5299 1734 5344 ct
1768 5300 1921 5342 natu-

347 5378 551 5433 ralibus
579 5378 661 5432 lex
696 5379 752 5432 in
767 5381 891 5433 cod.
920 5390 974 5434 et
998 5379 1235 5434 Novellis
1267 5380 1672 5450 complectitur,
1702 5379 1921 5444 docens,

345 5473 570 5538 quinam
599 5470 725 5544 [illi]
754 5473 888 5539 sint,
939 5484 993 5528 et
1030 5474 1308 5542 quomodo
1344 5473 1483 5542 patri
1518 5473 1740 5540 legitimi
1785 5476 1919 5536 lieri,

344 5576 398 5616 et
426 5566 648 5635 quando
680 5580 743 5620 ac
776 5576 1043 5636 quantum
1084 5582 1147 5621 ex
1185 5566 1426 5635 paternis
1458 5566 1616 5620 bonis
1646 5566 1923 5643 percipere

349 5668 576 5723 possmt.

2024 4556 2123 4627 τὴν
2149 4553 2266 4624 ἔχει
2299 4567 2314 4582 ⁶
2379 4551 2475 4604 καὶ
2523 4550 2557 4619 ἢ
2615 4548 2775 4602 τοῦτο
2823 4546 3284 4619 παραιτούμενος,
3351 4546 3599 4615 ἀθέμιτον

2023 4651 2160 4721 πρὸς
2189 4647 2358 4719 αὐτὴν
2389 4644 2719 4716 πλημμελεῖ,
2746 4644 2807 4696 οὐ
2852 4643 2961 4715 μὴν
2987 4644 3081 4697 καὶ
3110 4645 3379 4713 μοιχείαν,
3419 4639 3598 4709 ἐπειδὴ

2022 4741 2082 4793 τὸ
2107 4739 2209 4809 τῆς
2237 4736 2522 4804 παλλακῆς
2550 4734 2719 4804 ὄνομα
2754 4734 2866 4796 τοῖς
2898 4732 3083 4803 νόμοις
3135 4732 3403 4801 ἔγνωσται
3434 4746 3447 4760 ·
3482 4729 3599 4782 ὅθεν

2023 4833 2240 4903 εἴρηται
2273 4828 2414 4899 βιϐλ.
2450 4834 2503 4892 ς’
2534 4827 2629 4881 τοῦ
2666 4823 2826 4892 κώδ.,
2862 4826 2970 4880 τίτ.
3000 4822 3076 4888 νζ¹
3097 4865 3113 4891 ,
3166 4824 3306 4879 διάτ.
3340 4828 3381 4875 e'
3406 4863 3420 4888 ,
3447 4822 3526 4875 ὅτι
3566 4821 3597 4889 ή
3626 4852 3631 4857 -

2025 4924 2286 4995 ἐλευθέρα
2315 4922 2564 4993 νομίμως
2598 4919 2872 4989 ἐλευθέρῳ
2894 4917 3357 4983 παλλακευθείσα,
3392 4916 3518 4978 τοὺς
3536 4914 3598 4966 ἐκ

2024 5017 2121 5088 τῆς
2150 5014 2407 5085 τοιαύτης
2433 5011 2731 5081 συναφείας
2760 5009 3075 5081 τεχθέντας,
3093 5008 3204 5073 ἕξει
3234 5006 3598 5078 κληρονόμους

2029 5109 2166 5181 μετὰ
2189 5108 2299 5161 τῶν
2331 5106 2578 5178 νομίμων
2608 5105 2818 5158 παίδων
2850 5119 2866 5136 ⁶
2896 5103 2993 5157 καὶΙ
3018 5101 3206 5164 ἁπλῶς
3234 5101 3409 5153 εἰπεῖν
3436 5094 3598 5149 πολλὰ

2027 5201 2295 5273 περὶτῶν
2331 5198 2441 5252 ἀπὸ
2465 5196 2758 5251 παλλακῶν
2809 5195 3170 5264 τικτομένων,
3212 5192 3382 5261 ἡγουν
3434 5187 3598 5241 νόθων

2027 5294 2119 5346 καὶ
2169 5291 2439 5362 φυσικῶν,
2468 5290 2497 5342 ὁ
2556 5289 2719 5360 νόμος
2747 5290 2804 5341 ὲν
2832 5287 2911 5357 τῷ
2935 5286 3066 5340 κώδν.
3097 5285 3193 5339 καὶ
3213 5286 3337 5346 ταῖς
3364 5281 3597 5351 Νεαραίς

2024 5383 2403 5454 διαλαμϐάνει,
2427 5380 2696 5434 διδάσκων
2727 5379 2871 5442 τίνες
2902 5378 3032 5443 εἰσὶ,
3070 5377 3306 5440 καὶπῶς
3351 5374 3596 5427 δύνανται

2026 5476 2277 5546 γενέσθαι
2334 5475 2413 5546 τῷ
2465 5475 2634 5544 πατρί
2675 5473 2909 5543 γνήσιοι,
2971 5473 3066 5525 καὶ
3120 5471 3250 5524 πότε
3306 5468 3402 5522 καὶ
3435 5465 3593 5520 πόσον

2025 5570 2281 5625 δύνανται
2309 5569 2494 5625 λαϐεῖν
2519 5568 2628 5624 τῶν
2652 5567 2750 5621 τοῦ
2787 5565 2995 5639 πατρὸς
3027 5564 3390 5636 πραγμάτων.
