3904 6220
334 206 438 270 919

1499 212 1757 275 ΡΗΟΤΙΙ
1808 216 2311 279 PATRIARCll/E
2344 217 2452 277 CP.

3479 220 3581 283 920

406 321 497 382 30.
534 323 610 381 De
637 324 703 388 iis
726 326 821 398 qui
842 327 1061 399 rapiunt
1088 339 1355 403 canonem
1380 329 1598 399 quidem
1631 329 1917 400 antiquum

2093 328 2157 386 λ’.
2182 331 2319 403 Περὶ
2338 331 2446 385 τῶν
2478 329 2858 401 ἁρπαζόντων,
2889 329 3091 385 κανόνα
3118 329 3218 403 μὲν
3242 328 3471 387 παλαιὸν
3492 334 3589 388 οὐκ

334 433 443 473 non
475 419 760 489 habemus,
804 430 933 487 etc.,
966 432 1023 475 ut
1048 438 1171 492 pag.
1207 421 1331 477 9M.

403 507 686 565 55.Vidua
722 511 919 566 ancilla
951 510 1207 578 fortasse,
1244 522 1375 577 etc.,
1402 521 1459 567 ut
1489 529 1612 583 pag.
1652 510 1777 568 899.

409 600 553 673 Lege
599 619 722 673 quas
776 612 1040 659 annotata
1066 614 1197 660 sunt
1250 604 1305 659 in
1333 620 1454 660 can.
1484 603 1552 659 δί
1612 604 1731 659 ιίι1
1784 618 1923 674 prae-

335 695 509 748 sentis
540 696 745 764 operis.

404 783 571 855 429
603 785 756 841 CAP.
784 786 877 841 1X.
911 819 981 829 ——
1051 790 1127 843 De
1182 790 1248 843 iis
1308 791 1400 859 qui
1435 799 1625 859 prwter
1645 797 1923 859 parentum

335 886 429 930 aut
459 876 794 932 dominorum
819 883 1129 935 sententiam
1166 884 1388 936 nubunt.

723 968 917 1024 Basilii
946 987 1169 1025 canones
1201 974 1290 1037 58,
1326 973 1417 1036 40,
1440 973 1532 1027 42.

408 1059 499 1115 58.
535 1058 755 1127 Puellae,
788 1078 909 1131 quae
955 1072 1151 1132 praeter
1182 1065 1349 1133 patris
1380 1064 1712 1119 sententiam
1758 1078 1923 1119 secu-

340 1154 410 1202 tae
451 1158 601 1215 sunt,
649 1148 1031 1206 fornicantur:
1087 1156 1454 1210 reconciliatis
1503 1163 1684 1208 autem
1724 1170 1925 1224 paren-

340 1237 490 1292 tibus
524 1238 735 1293 videtur
777 1255 863 1294 res
894 1241 1193 1295 remedium
1242 1243 1529 1312 accipere;
1589 1256 1703 1296 non
1739 1250 1924 1296 tamen

342 1331 528 1383 statim
563 1330 615 1383 in
651 1332 1090 1387 communionem
1141 1334 1531 1400 restituuntur,
1561 1333 1657 1389 sed
1689 1333 1927 1389 triennio

342 1432 662 1490 punientur.

414 1510 504 1565 40.
544 1511 676 1577 Quae
730 1524 924 1582 praeter
950 1514 1069 1570 heri
1117 1515 1442 1571 sententiam
1483 1530 1541 1571 se
1580 1518 1699 1573 viro
1742 1518 1927 1585 tradit,

2024 422 2244 495 ἔχομεν,
2277 441 2334 478 κ.
2367 441 2419 478 τ.
2450 422 2505 478 λ.

2093 523 2196 586 νγ’.
2243 517 2306 571 Ἦ
2326 518 2469 589 χήρα
2488 516 2671 588 δούλη,
2703 534 2760 572 κ.
2787 534 2840 573 τ.
2874 518 2929 573 λ.

2095 608 2392 678 Ἀνάγδωθι
2455 609 2521 663 τὰ
2572 607 3088 680 παραγεγραμμένα
3130 609 3191 663 ὲν
3248 606 3326 680 τῷ
3376 605 3425 661 λ’
3469 623 3590 677 κεφ.

2022 700 2117 753 τοῦ
2142 701 2185 754 ϐ’
2225 700 2331 755 τίτ.
2366 699 2559 754 τούτου
2595 699 2691 753 τοῦ
2726 700 3128 771 συντάγματος.

2095 792 2346 847 ΚΕΦΑΛ.
2381 790 2459 848 6'.
2493 820 2563 832 --
2615 791 2758 859 Περὶ
2822 790 2942 844 τῶν
2996 790 3156 859 παρὰ
3180 787 3421 860 γνώμην
3462 780 3598 843 ’τῶν

2025 882 2260 936 οἰκείων
2286 883 2508 953 γονέων
2542 882 2581 951 ἣ
2616 881 2929 936 δεσποτῶν
2954 882 3323 952 γαμούντων.

2348 975 2677 1029 Βασίλειον
2707 974 2911 1029 κανὼν
2937 974 3040 1044 λη’,
3069 980 3142 1043 μ’,
3175 973 3282 1043 μβ’.

2096 1066 2199 1135 λη’.
2223 1066 2289 1119 At
2324 1067 2484 1138 κόραι
2515 1066 2573 1120 αἱ
2619 1067 2770 1139 παρὰ
2804 1063 3032 1136 γνώμην
3062 1063 3276 1138 Πατρὺς
3304 1061 3596 1134 ἀκολουθή-

2028 1174 2209 1225 σασαι,
2270 1157 2596 1228 πορνεύουσι
2623 1174 2638 1189 ·
2671 1156 3065 1226 διαλλαγέντων
3113 1155 3171 1208 δὲ
3224 1155 3334 1208 τῶν
3378 1154 3594 1223 γονέων,

2025 1253 2173 1306 δοκεῖ
2212 1251 2507 1324 Θεραπείαν
2559 1252 2854 1325 λαμϐάνειν
2893 1251 2954 1305 τὸ
2984 1250 3217 1319 γεγονός
3240 1264 3256 1281 ο
3292 1249 3393 1301 οὐκ
3440 1248 3597 1311 εὐθὺς

2027 1342 2083 1397 δὲ
2106 1344 2184 1408 εἰς
2213 1344 2311 1415 τὴν
2345 1345 2631 1399 κοινωνίαν
2679 1343 3167 1407 ἀποκαθίστανται,
3189 1340 3305 1394 ἀλλ’
3337 1342 3596 1410 ἐπιτιμη-

2029 1435 2285 1507 θήσονται
2320 1437 2447 1509 τρία
2492 1437 2610 1508 ἐτη.

2103 1535 2178 1598 μ’.
2229 1530 2294 1582 Ἦ
2324 1529 2473 1601 παρὰ
2506 1529 2734 1601 γνώμην
2773 1528 2868 1583 τοῦ
2893 1527 3154 1582 δεσπότου
3188 1525 3345 1598 ἀνδρὶ
3402 1522 3597 1593 ἑαυτήν

344 1599 614 1658 fornicata
646 1614 761 1672 est;
804 1622 925 1675 qua:
959 1622 1085 1662 vero
1134 1617 1325 1677 postea
1357 1609 1711 1664 matrimonio
1750 1610 1927 1665 libero

2066 1622 2335 1688 κδιδοῦσα,
2375 1599 2704 1695 ἐπόρνευσεν
2736 1636 2751 1651 ⁸
2778 1623 2887 1694 ήδὲ
2919 1621 3061 1692 μετὰ
3085 1620 3260 1675 ταῦτα
3310 1619 3597 1688 πεπαρρη-

345 1707 446 1748 usa
472 1704 576 1759 est,
605 1697 826 1765 nupsit:
862 1712 1030 1767 quare
1065 1698 1197 1753 illud
1237 1699 1459 1769 quidem
1488 1699 1784 1756 fornicatio
1805 1709 1888 1755 est
1913 1717 1926 1753 :

2073 1680 2505 1786 ιασμένῳ1γάμω
2533 1680 2878 1788 χρησαμένη,
2908 1680 3155 1786 έγήματο
3179 1730 3192 1743 ·
3232 1710 3376 1765 ὥστε
3431 1680 3605 1763 signa

345 1788 454 1841 hoc
495 1804 624 1844 vero
677 1790 1114 1845 matrimonium.
1163 1790 1300 1846 Nam
1352 1802 1509 1862 pacta
1553 1808 1770 1858 eorum,
1828 1795 1924 1864 qui

346 1888 479 1935 sunt
515 1879 569 1933 in
595 1881 822 1936 alterius
847 1890 1134 1951 potestate,
1166 1883 1303 1936 nihil
1337 1884 1539 1939 habent
1571 1883 1732 1939 ﬁrmi.

425 1973 517 2027 4‘2.
548 1972 893 2027 Matrimonia
939 1975 1058 2028 sine
1088 1975 1157 2030 iis
1206 1974 1301 2045 qui
1334 1983 1657 2046 potestatem
1703 1977 1928 2041 habent,

348 2062 752 2121 fornicationes
792 2074 941 2121 sunt.
977 2065 1166 2136 Neque
1189 2044 1577 2136 ergo—vivente
1616 2077 1789 2137 patre,
1832 2084 1930 2123 ne-

350 2172 461 2227 que
510 2158 668 2223 hero,
709 2158 803 2227 qui
855 2158 1194 2213 conveniunt
1239 2167 1395 2213 extra
1442 2159 1925 2229 reprehensionem

352 2261 500 2316 sunt,
560 2252 1021 2321 quemadmodum
1090 2253 1135 2309 si
1190 2261 1440 2308 annuant
1508 2255 1927 2321 cohabitationi,

351 2358 491 2413 quos
522 2357 689 2411 penes
721 2343 880 2410 hujus
909 2343 987 2399 rei
1016 2354 1099 2399 est
1126 2344 1436 2410 arbitrium,
1464 2352 1593 2399 tunc
1613 2346 1927 2402 firmitatem

351 2436 594 2507 conjugii
625 2435 822 2506 accipit
851 2437 1208 2493 cohabitatio.

424 2522 642 2580 Textus.
681 2523 814 2591 Qure
857 2525 1023 2595 quive
1083 2526 1135 2580 in
1190 2526 1415 2582 alterius
1467 2533 1737 2597 potestate
1774 2538 1930 2589 sunt.

351 2632 464 2673 non
493 2627 724 2689 possunt
745 2619 985 2690 legitimo
1012 2619 1420 2675 matrimonium
1444 2621 1789 2685 contrahere,
1822 2637 1929 2678 non

351 2711 733 2766 consentiente
784 2725 849 2767 eo
879 2712 973 2781 qui
1030 2711 1155 2767 illos
1205 2712 1260 2766 in
1308 2719 1580 2781 potestate
1633 2713 1839 2768 habet:
1873 2725 1931 2771 ut

336 2800 450 2857 .lib.
482 2803 668 2856 vcod.
706 2802 788 2859 tit.
832 2802 888 2867 4,
919 2813 973 2858 et
1027 2803 1125 2857 lib.
1166 2816 1326 2864 mn,
1370 2804 1452 2857 tit.
1504 2805 1539 2859 2
1588 2802 1928 2878 [traditur]:

354 2899 510 2947 extra
560 2907 723 2963 quam
759 2894 805 2950 si
835 2891 1006 2967 [quis]
1040 2894 1205 2950 filiam
1244 2895 1437 2967 viginti
1467 2896 1712 2967 quinque
1758 2912 1933 2955 annos

2037 1802 2138 1873 μὲν
2164 1806 2408 1875 πορνεία,
2437 1804 2596 1859 τοῦτο
2626 1805 2681 1859 δὲ
2716 1806 2892 1876 γάμος
2925 1820 2940 1836 ⁶
2972 1806 3027 1859 αἱ
3048 1804 3155 1876 γὰρ
3206 1801 3469 1872 συνθῆκαι
3498 1800 3603 1855 τῶν

2033 1895 2392 1961 ὺπεεουσίων,
2429 1896 2582 1950 οὐδὲν
2614 1896 2798 1967 ἔχουσι
2838 1895 3075 1967 βέϐαιον.

2108 1987 2215 2057 μβ’.
2264 1989 2327 2040 Οἱ
2383 1987 2513 2042 ἄνευ
2566 1989 2675 2042 τῶν
2723 1988 3068 2060 κρατούντων
3112 1986 3306 2057 γάμοι,
3365 1981 3605 2053 πορνεῖαι

2034 2079 2172 2132 εἰσιν
2206 2094 2220 2107 ⁸
2283 2077 2407 2131 οὔτε
2452 2073 2545 2133 οὖν
2598 2078 2806 2150 πατρὸς
2863 2078 3086 2145 ζῶντος,
3147 2077 3275 2131 οὔτε
3328 2077 3603 2141 δεσπότου,

2035 2170 2089 2222 of.
2135 2168 2405 2235 συνιόντες
2454 2169 2736 2225 ἀνεύθυνοί
2768 2172 2904 2224 είσιν
2937 2188 2951 2204 ο
2983 2170 3123 2225 ὥστε
3169 2170 3266 2224 ὲὰν
3314 2166 3604 2221 ὲπινεύσω-

2040 2279 2121 2314 σιν
2186 2262 2237 2315 οι
2288 2262 2467 2332 κύριοι
2516 2263 2612 2335 τήν
2661 2262 3019 2334 συνοίκησιν,
3076 2263 3200 2317 τότε
3268 2260 3533 2331 λαμϐάνει
3579 2258 3606 2312 ό

2038 2353 2214 2425 γάμος
2244 2353 2304 2407 τὸ
2335 2354 2575 2424 βέϐαιον.

2119 2532 2185 2587 Ἦ
2208 2533 2500 2600 ὑπεξουσία
2520 2535 2553 2605 ἦ
2574 2536 2602 2589 ό
2623 2534 2962 2602 ὑπεξούσιος,
2990 2528 3048 2587 οὺ
3086 2530 3342 2587 δύνανται
3371 2529 3609 2599 νομίμως

2039 2627 2260 2696 γαμεῖν,
2332 2626 2407 2697 μὴ
2458 2627 2830 2690 συναινοῦντος
2872 2626 2965 2680 τοῦ
3000 2626 3214 2697 ἔχοντος
3263 2623 3459 2685 αὐτοὺς
3509 2623 3608 2674 ὑπ-

2037 2716 2333 2782 εξουσίους.
2356 2717 2430 2781 ὡς
2464 2717 2605 2788 βιϐλ.
2630 2717 2672 2771 ε’
2697 2717 2790 2771 τοῦ
2817 2718 2972 2784 κώδ.,
2991 2718 3098 2773 τίτ.
3125 2717 3189 2785 δ’,
3224 2718 3322 2770 καὶ
3351 2714 3488 2785 βιϐλ.
3507 2708 3609 2779 κγ,

2038 2808 2146 2860 τίτ.
2176 2805 2220 2876 β’
2252 2823 2266 2838 ·
2304 2809 2352 2860 ει
2384 2806 2456 2878 μὴ
2479 2808 2766 2875 γεγονυῖαν
2796 2806 2893 2877 τὴν
2936 2806 3213 2875 θυγατέρα
3243 2810 3322 2856 κε’
3356 2800 3610 2857 ἐνιαυτῶν

2042 2897 2342 2968 ὑπερέθετο
2390 2895 2615 2961 ζεῦξαι·
2655 2899 2777 2951 τότε
2809 2897 2919 2967 γὰρ
2951 2896 3149 2965 ἑαυτὴν
3177 2894 3448 2962 ἐλευθέρῳ
3496 2890 3612 2955 ζεῦ-

357 2990 542 3036 natam
607 2980 687 3053 [in
741 2982 1178 3057 matrimonium]
1230 2984 1447 3041 elocare
1501 2985 1731 3041 differat.
1784 2986 1938 3043 Tunc

2066 3008 2127 3051 ,αι
2165 2988 2408 3056 δύναται,
2474 2989 2550 3053 ὡς
2609 2990 2644 3060 ή
2698 2991 2829 3063 περὶ
2873 2989 2984 3043 τῶν
3024 2989 3119 3042 ἐπὶ
3188 2987 3378 3056 κλήρῳ
3429 2985 3612 3053 ἀχαρι-

355 3074 505 3129 enim
544 3072 684 3146 [illa]
714 3074 895 3130 liberae
920 3076 1256 3134 conditionis
1286 3077 1495 3133 homini
1527 3078 1766 3147 seipsum
1791 3079 1931 3151 [ma-

2040 3082 2202 3135 στιῶν
2229 3081 2330 3153 [ιβ’.

359 3162 640 3237 trimonio]
668 3164 899 3237 iungere
947 3176 1127 3239 potest
1162 3186 1177 3223 :
1211 3169 1673 3239 quemadmodum
1702 3185 1825 3242 quae
1861 3171 1929 3228 de
1994 3174 2381 3244 ingratitudine
2430 3173 2711 3230 hatredum
2775 3169 3032 3245 [spectat]
3087 3168 3312 3225 Novella
3364 3166 3467 3222 112
3498 3164 3615 3239 [do-

356 3253 488 3329 cet].

427 3367 583 3423 CAP.
621 3366 666 3421 X
689 3368 854 3423 -οε
884 3370 1095 3439 feminis
1135 3387 1253 3439 qua:
1276 3379 1459 3441 partus
1489 3388 1610 3427 suos
1641 3372 1946 3427 interimunt

360 3472 429 3512 ea:
461 3456 822 3529 fornicatione.
841 3471 1134 3529 conceptos.

722 3572 946 3628 Concilii
986 3572 1258 3642 Ancyram’
1290 3588 1461 3625 canon
1499 3571 1589 3627 2i.

432 3666 525 3719 21.
564 3663 638 3718 De
669 3663 1014 3727 mulieribus,
1051 3677 1171 3732 quae
1205 3674 1332 3719 sunt
1366 3662 1648 3718 fornicatae
1669 3701 1684 3728 ,
1714 3672 1770 3717 et
1800 3662 1943 3718 fetus

361 3760 417 3813 in
458 3765 613 3810 utero
659 3755 967 3824 perimunt,
1010 3761 1067 3807 et
1121 3753 1327 3807 fetuum
1372 3754 1664 3809 necatoriis
1702 3755 1944 3809 medica-

364 3850 567 3903 mentis
595 3846 860 3901 faciendis
891 3846 1022 3906 dant
1075 3861 1325 3916 operam,
1363 3847 1510 3916 prior
1540 3845 1756 3915 quidem
1785 3847 1949 3919 430

364 3938 609 3995 definitio
654 3952 829 4007 usque
875 3938 941 3993 ad
990 3938 1110 3992 vitae
1144 3937 1350 3992 exitum
1397 3937 1756 4006 prohibebat,
1810 3939 1949 3993 etei

366 4030 587 4102 quidam
622 4030 1018 4086 assentiuntur.
1056 4028 1161 4084 Sed
1194 4029 1533 4084 humanitate
1570 4040 1749 4083 tamen
1788 4039 1944 4084 uten-

367 4136 482 4191 tes,
532 4123 876 4179 decrevimus
900 4161 915 4187 ,
951 4131 1011 4177 ut
1050 4121 1377 4177 decennium
1416 4136 1512 4192 per
1538 4122 1738 4192 gradus
1767 4120 1945 4193 praeﬂ-

366 4212 511 4274 nitOs
533 4216 813 4287 impleant.

686 4322 911 4381 Concilii
948 4327 1250 4381 acumenici
1280 4342 1330 4381 vt
1352 4341 1521 4380 canon
1540 4326 1632 4381 91.

437 4417 529 4473 91.
565 4416 672 4474 Eas
707 4433 830 4489 quae
882 4418 1014 4474 dant
1044 4419 1387 4474 abortionem
1424 4417 1680 4474 facientia
1712 4418 1951 4474 medica-

372 4521 574 4575 menta,
629 4525 681 4565 et
744 4525 860 4580 qua
921 4509 1065 4566 fetus
1104 4510 1359 4564 necantia
1418 4524 1627 4566 venena
1655 4510 1951 4581 accipiunt,

375 4604 662 4669 homicida:
687 4605 868 4676 poenis
903 4603 1246 4673 subjicimus.

790 4714 982 4768 Basilii
999 4730 1223 4768 canones
1270 4713 1325 4779 2,
1357 4713 1411 4779 8,
1450 4713 1537 4767 52.

445 4806 501 4861 2.
540 4805 670 4872 Qua:
686 4805 754 4861 de
778 4805 1045 4860 industria
1076 4780 1242 4860 fctum
1274 4805 1540 4872 corrupit,
1583 4803 1747 4859 caedis
1768 4817 1956 4871 poenas

379 4896 504 4950 luit.
552 4896 627 4952 De
661 4896 895 4959 formato
926 4905 1108 4963 autem
1143 4904 1241 4949 aut
1276 4894 1504 4949 informi
1551 4896 1808 4950 subtilius
1846 4912 1956 4950 non

385 4989 735 5059 inquirimus.
771 4986 871 5041 Hic
900 4988 1045 5040 enim
1092 5002 1199 5040 non
1241 4986 1294 5038 id
1325 4984 1486 5038 modo
1518 4986 1665 5052 quod
1714 4987 1957 5042 nascitu-

384 5098 505 5136 rum
537 5089 673 5145 crat,
717 5080 1045 5143 vindicatur,
1085 5077 1183 5137 sed
1216 5077 1378 5139 etiam
1428 5077 1516 5129 illa
1544 5078 1823 5146 ipsa.qua:
1852 5079 1957 5133 sibi

383 5174 611 5228 insidias
656 5173 888 5244 paravit,
922 5170 1182 5239 quoniam
1231 5180 1289 5221 ut
1330 5167 1625 5237 plurimum
1686 5170 1961 5225 intereunt

384 5268 440 5321 in
468 5264 738 5335 ejusmodi
769 5261 1000 5331 inceptis
1049 5259 1326 5312 mulieres.
1370 5256 1485 5310 lluc
1520 5271 1701 5313 autem
1751 5262 1961 5315 accedit

384 5368 439 5413 et
470 5356 610 5423 fetus
660 5354 934 5418 interitus,
961 5352 1137 5409 czedes
1188 5351 1378 5414 altera.
1428 5351 1618 5405 saltem
1673 5352 1718 5405 si
1747 5354 1960 5407 consilii

385 5467 574 5507 eorum
603 5451 697 5521 qui
729 5450 844 5505 haec
868 5448 1090 5512 audent,
1118 5445 1258 5500 ratio
1285 5444 1571 5498 habeatur.
1610 5443 1832 5523 Oportet
1864 5462 1963 5500 au-

387 5553 496 5597 tem
533 5557 641 5597 non
672 5542 739 5595 ad
775 5540 989 5596 obitum
1019 5552 1194 5607 usque
1241 5535 1614 5605 paenitentiam
1651 5552 1837 5591 earum
1866 5554 1962 5593 ex-

391 5634 637 5703 tendere,
684 5631 781 5690 sed
827 5632 1015 5690 decem
1064 5627 1281 5700 quidem
1329 5643 1595 5687 annorum
1648 5643 1959 5687 mensuram

1981 4332 2028 4388 D

2119 3373 2656 3445 ΚΕΦΑΛ.ζΙ¹.-ΙΙερὶ
2676 3372 3103 3444 πορνευουσῶν
3122 3370 3221 3426 καὶ
3244 3363 3615 3439 ἁναιρουσῶν

2046 3467 2121 3523 τὰ
2145 3470 2481 3539 τικτόμενα.

2330 3581 2602 3637 Συνόδου
2664 3582 2958 3651 Ἀγκύρας
3000 3579 3203 3636 κανὼν
3230 3585 3340 3636 καν.

2114 3680 2221 3730 κα’.
2238 3677 2310 3728 Πε
2318 3674 2373 3745 ρ).
2384 3674 2492 3727 τῶν
2505 3674 2778 3743 γυναικῶν
2792 3672 2902 3727 τῶν
2919 3672 3361 3743 έκπορνευουσῶν
3373 3668 3467 3724 καὶ
3482 3666 3620 3721 ἀναι-

2047 3767 2255 3839 ρουσῶν
2306 3765 2376 3819 τὰ
2433 3764 2767 3835 γεννώμενα,
2801 3766 2897 3820 καὶ
2948 3762 3371 3827 σπουδαζουσῶν
3424 3759 3615 3829 φθόρια

2045 3860 2243 3925 ποιεῖν,
2280 3860 2309 3912 ὁ
2362 3857 2462 3926 μὲν
2501 3857 2766 3928 πρότερος
2795 3857 2917 3929 ὅρος
2950 3856 3140 3927 μέχρις
3162 3855 3345 3921 ἐξόδου
3396 3850 3615 3913 ἐκώλυε,

2049 3948 2144 4000 καὶ
2173 3945 2348 4015 τούτῳ
2395 3947 2733 4000 συντίθενται
2758 3962 2774 3978 ο
2803 3945 3315 4014 φιλανθρωπότερον
3348 3942 3406 3995 δέ
3451 3958 3503 3993 τι
3533 3938 3619 3991 εὑ-

2055 4036 2258 4107 ρόντες,
2286 4035 2565 4107 ὠρίσαμεν
2614 4036 2842 4107 δεκαετῆ
2897 4036 3088 4107 χρόνον
3134 4032 3280 4089 κατὰ
3324 4033 3451 4097 τοὺς
3530 4030 3617 4101 βα·

2054 4130 2224 4201 θμοὺς
2252 4130 2378 4194 τοὺς
2408 4128 2746 4201 ὡρισμένους
2781 4126 3095 4198 πληρῶσαι.

2160 4329 2430 4385 Συνόδου
2481 4326 2902 4399 οὶκουμενικῆς
2948 4326 3130 4396 ἕκτης
3157 4322 3357 4380 κανὼν
3395 4328 3481 4391 ha!

2128 4426 2237 4489 ιμ’.
2271 4421 2382 4483 Τὰς
2411 4419 2479 4475 τὰ
2510 4420 2888 4491 ἀμϐλωθρίδια
2919 4418 3165 4481 διδούσας
3201 4417 3490 4487 φάρμακα,
3533 4408 3623 4464 καὶ

2054 4510 2153 4573 τὰς
2189 4510 2485 4579 δεχομένας
2530 4510 2602 4563 τὰ
2658 4508 3033 4580 ὲμϐρυοκτόνα
3075 4506 3403 4578 δηλητήρια,
3428 4502 3505 4574 τῷ
3534 4499 3619 4554 τοῦ

2056 4603 2263 4671 φονέως
2295 4602 2556 4672 ἐπιτιμίῳ
2584 4600 3090 4669 καθυποϐάλλομεν.

2406 4710 2731 4765 Βασίλειον
2771 4710 2971 4765 κανὼν
2986 4708 3053 4780 β’,
3077 4708 3147 4780 η’,
3177 4708 3273 4779 νβ’.

2130 4804 2195 4873 β’.
2253 4804 2319 4857 Ἡ
2372 4805 2640 4873 φθείρασα
2690 4805 2807 4857 κατ’
2860 4803 3225 4873 ἐπιτήδευσιν,
3254 4800 3413 4869 φόνου
3474 4797 3621 4864 δίκην

2060 4898 2250 4967 ὑπέχει
2284 4913 2298 4929 '
2322 4895 2676 4967 ἀκριϐολογία
2717 4896 2827 4965 γὰρ
2859 4894 3357 4965 ὲκμεμορφωμιένου
3394 4892 3487 4945 καὶ
3533 4891 3621 4941 ἀν-

2068 4987 2429 5052 εξεικονίστου
2460 4988 2589 5056 παρ’
2620 4987 2749 5055 ἡμῖν
2776 4985 2874 5037 οὐκ
2896 4984 3061 5036 ἐστιν·
3096 4982 3328 5037 ἐνταῦθα
3350 4981 3455 5049 γὰρ
3489 4976 3621 5029 ἐκδι-

2062 5081 2319 5136 κεῖταιού
2363 5080 2521 5149 μόνον
2547 5079 2611 5131 τὸ
2637 5077 3052 5148 γεννησόμενον,
3095 5074 3231 5129 ἀλλὰ
3283 5073 3376 5126 καὶ
3421 5068 3551 5137 αὐτὴ
3586 5068 3615 5134 ή

2064 5174 2231 5243 ἑαυτῇ
2265 5170 2727 5224 ἐπιϐουλεύσασαο
2762 5168 2896 5221 διότι
2916 5167 2991 5230 ὡς
3027 5166 3121 5220 ἐπὶ
3154 5166 3287 5219 πολὺ
3332 5158 3619 5227 ἐναποθνή-

2066 5281 2255 5317 σκουσι
2285 5265 2406 5325 ταῖς
2443 5261 2720 5324 τοιαύταις
2773 5258 3177 5330 ἐπιχειρήσεων
3232 5258 3285 5310 αἱ
3332 5254 3616 5322 γυναῖκες’

2063 5358 2323 5429 πρόσεστι
2364 5355 2422 5408 δὲ
2461 5354 2634 5424 τούτῳ
2674 5354 2769 5406 καὶ
2814 5355 2848 5421 ή
2906 5350 3079 5422 φθορὰ
3102 5348 3196 5403 τοῦ
3237 5345 3487 5419 ὲμϐρύου,
3513 5342 3621 5393 ἓτε-

2065 5468 2156 5517 po;
2196 5450 2355 5519 φόνος
2384 5449 2525 5503 κατά
2558 5464 2620 5515 γε
2637 5446 2733 5517 τήν
2762 5444 3005 5496 ἐπίνοιαν
3033 5441 3139 5495 τῶν
3173 5439 3340 5519 ταῐιτα
3385 5430 3615 5504 τολμών-

2063 5561 2171 5596 των
2207 5560 2221 5574 ο
2256 5543 2337 5595 δεῖ
2367 5541 2555 5611 μέντοι
2607 5538 2681 5607 μὴ
2722 5536 2883 5607 μέχρι
2924 5534 3021 5603 τῆς
3058 5532 3238 5598 ἐξόδου
3289 5525 3619 5600 παρατείνειν

2066 5633 2246 5688 αὐτῶν
2282 5632 2379 5703 τήν
2439 5628 2843 5702 ἐξομολόγησιν,
2877 5626 3011 5681 ἀλλὰ
3071 5622 3322 5694 δέχεσθαι
3377 5618 3471 5692 μὲν
3515 5613 3614 5668 τῶν
