3904 6220
264 240 359 308 921

1032 242 1435 305 SYNTAGMA
1468 241 1854 307 CANONUM.
1883 270 1951 284 κ-
1976 245 2125 311 ΤΙΤ.
2163 240 2329 324 XIII,
2370 244 2527 313 CAP.
2564 248 2667 320 1X,
2693 246 2766 309 Χ.

3406 246 3511 311 98

264 358 394 431 δέκα
441 352 581 413 ἐτῶν
614 352 675 411 τὸ
719 352 919 427 μέτρον
943 370 960 388 ο
990 355 1195 427 ὁρίζειν
1233 357 1291 412 δέ
1333 356 1409 429 μὴ
1454 357 1651 430 χρόνῳ,
1696 357 1833 412 ἀλλά

1956 359 2210 429 recipiant
2234 401 2249 426 ,
2294 361 2588 416 dellniatur
2620 370 2800 417 autem
2841 358 3058 419 curatio
3100 375 3211 418 non
3246 368 3510 431 tempore,

266 428 453 520 τρόπῳ
473 446 574 517 τῆς
602 446 896 523 μετανοίας
920 445 1019 516 τὴν
1050 446 1369 518 θεραπείαν.

330 547 404 611 η’.
424 539 483 594 '0
505 537 662 611 ἀξίνῃ
682 540 833 611 παρά
851 539 942 592 τὸν
968 538 1137 609 θυμὸν
1167 540 1307 593 κατά
1322 539 1422 610 τῆς
1444 537 1640 594 ἐαυτοῦ
1668 556 1841 610 γαμε-

263 631 363 702 τῆς
404 612 769 703 χρησάμενος,
798 628 990 698 φονεύς
1018 630 1165 682 ἐστιν
1196 644 1211 661 ο
1236 628 1417 692 καλῶς
1476 629 1543 682 -δέ
1590 646 1658 698 με
1719 630 1828 683 ὑπ-

266 723 510 793 μένησας
529 723 621 775 καὶ
662 719 827 785 ἀξίως
852 720 953 789 τῆς
982 718 1176 773 ἐαυτοῦ
1202 720 1487 786 συνέσεως,
1510 722 1681 773 εἰπεῖν
1715 721 1842 792 περὶ

262 815 469 869 τούτων
501 815 838 888 πλατύτερον
870 830 889 845 ο
920 813 1058 867 διότι
1105 813 1300 868 πολλαὶ
1328 815 1386 867 ἐν
1412 817 1522 876 τοῖς
1574 814 1843 878 ἑκουσίοις

264 909 359 961 καὶ
385 910 499 971 τοῖς
530 908 803 971 ἀκουσίως
838 905 1090 976 διαφοραί
1109 924 1124 940 ο
1157 904 1415 960 ἀκούσιον
1462 906 1563 976 μὲν
1595 907 1705 979 γάρ
1726 907 1843 960 ἐστι

265 1000 545 1064 παντελῶς
576 1000 671 1054 καὶ
708 999 901 1072 πόρρω
926 999 1023 1053 τοῦ
1055 997 1449 1069 κατάρξαντος,
1473 998 1533 1051 τὸ
1561 998 1842 1053 ἀκοντίσαι

263 1088 411 1144 λίθον
463 1090 556 1143 ἐπὶ
610 1089 813 1161 κύναῆ
861 1088 1099 1159 δένδρον,
1128 1091 1224 1143 καὶ
1279 1087 1565 1159 ἀνθρώπου
1606 1091 1789 1159 τυχεῖν
1823 1106 1840 1123 ·

262 1182 294 1251 ἡ
323 1182 424 1250 μὲν
452 1183 561 1253 γάρ
587 1181 731 1252 ὁρμὴ
765 1176 911 1251 ἦντὸ
938 1180 1125 1253 θηρίον
1151 1180 1482 1251 ἀμύνασθαι,
1507 1180 1540 1251 ἢ
1568 1182 1658 1233 τὸν
1694 1198 1833 1252 καρ-

262 1272 366 1327 πὺν
426 1276 784 1327 κατασείσαι·
835 1272 1011 1343 ὑπέϐη
1066 1272 1123 1326 δὲ
1172 1268 1494 1342 αὐτομάτως
1537 1274 1604 1344 τῇ
1658 1273 1839 1343 πληγῇ

260 1363 407 1418 κατά
468 1364 700 1433 πάροδον
774 1365 801 1417 6
867 1363 1204 1435 παραπεσὼν
1232 1380 1247 1395 ο
1308 1363 1451 1416 ὥστε
1503 1363 1565 1417 τὸ
1603 1364 1843 1418 τοιοῦτον

261 1455 520 1511 ἀκούσιον
551 1455 845 1509 ⁹ἀκούσιον
888 1457 1094 1526 μέντοι,
1155 1454 1250 1509 καὶ
1295 1457 1461 1521 εἴτις
1520 1455 1843 1527 βουλόμενος

259 1548 585 1619 ἐπιπρέψαι
609 1550 751 1613 τινὰ,
770 1550 956 1619 ἱμάντι
980 1549 1013 1620 ἢ
1042 1549 1220 1621 ῥάϐδῳ
1252 1551 1327 1620 μὴ
1348 1549 1600 1620 σκληρῶς
1626 1546 1839 1617 τύπτοι,

259 1640 523 1695 ἀποθάνοι
567 1640 623 1693 δὲ
680 1644 710 1695 ό
758 1642 1096 1712 τυπτόμενος
1137 1658 1152 1673 ο
1207 1645 1241 1708 ὴ
1282 1642 1394 1713 γάρ
1437 1642 1699 1714 πρόθεσις
1756 1643 1842 1695 ἐν-

1938 451 2037 506 sed
2065 452 2398 521 poenitentiae
2427 453 2613 508 modo.

2009 542 2062 597 8.
2095 540 2197 608 Qui
2229 544 2300 597 ob
2348 542 2690 597 iracundiam
2743 545 2925 599 securi
2975 544 3240 600 adversus
3284 558 3521 599 uxoremr

1940 646 2097 687 suam
2126 649 2257 689 usus
2286 642 2390 699 est,
2418 641 2502 687 est
2536 634 2831 690 homicida.
2869 634 3035 691 Recte
3068 643 3253 691 autem
3286 650 3372 690 me
3412 638 3511 689 ad-

1942 725 2225 790 monuisti,
2257 735 2313 780 et
2347 725 2426 780 uti
2478 733 2629 780 tuam
2664 728 2987 797 sapientiam
3025 729 3228 791 decuit,
3255 737 3315 782 ut
3336 727 3513 782 fusius

1941 814 2009 868 de
2039 814 2125 868 his
2149 815 2414 882 dicerem,
2444 824 2735 886 propterea
2767 816 2915 886 quod
2958 818 3126 870 multa
3173 818 3227 872 in
3256 818 3511 870 volunta-

1942 906 2040 959 riis
2069 917 2122 959 et
2148 904 2527 963 iuvoluntariis
2583 907 2923 962 discrimina.
2960 907 3051 963 Est
3089 911 3233 963 enim
3266 909 3516 963 involun-

1944 997 2141 1050 tarium
2170 996 2414 1063 omnino,
2445 1007 2499 1052 et
2522 998 2681 1068 longe
2706 1014 2735 1052 a
2761 999 2991 1053 consilio
3019 1001 3144 1069 ejus
3172 1001 3262 1070 qui
3288 1002 3511 1070 incepit,

1942 1097 2238 1150 remotum,
2266 1089 2397 1142 dum
2427 1088 2564 1158 lapis
2589 1089 2796 1158 jacitur
2820 1090 2873 1143 in
2897 1105 3088 1145 canem
3122 1099 3214 1145 aut
3243 1092 3513 1156 arborem,

1942 1179 2218 1233 hominem
2254 1180 2543 1250 attingere.
2588 1180 2939 1250 Propositum
2974 1184 3121 1236 enim
3156 1180 3258 1236 fuit
3288 1182 3514 1237 bestiam

1941 1268 2262 1338 propulsare
2298 1278 2393 1324 aut
2435 1269 2673 1325 fructum
2712 1282 3006 1326 excutere:
3056 1273 3149 1326 sed
3193 1273 3359 1326 ictum
3406 1271 3519 1325 for-

1944 1359 2081 1413 tuito
2127 1360 2296 1414 subiit
2339 1360 2433 1430 qui
2465 1361 2743 1417 transiens
2792 1364 3054 1428 occurrit,
3088 1378 3259 1433 quare
3297 1364 3400 1417 hoc
3434 1364 3518 1416 in—

1941 1450 2310 1505 voluntarium
2366 1460 2469 1507 εει.
2506 1451 2573 1507 Ει
2620 1453 2760 1508 illud
2811 1470 3032 1525 quoque
3086 1454 3517 1509 involuntarium

1941 1551 2045 1609 est,
2072 1543 2117 1598 si
2141 1544 2266 1613 quis
2291 1542 2481 1599 volens
2508 1545 2743 1616 aliquem
2775 1548 3066 1617 castigare.
3105 1548 3222 1603 loro
3251 1549 3335 1603 vel
3367 1548 3519 1616 virga

1943 1648 2052 1688 non
2084 1634 2219 1688 dura
2266 1650 2393 1690 eum
2429 1638 2721 1703 percutiat,
2754 1642 3023 1693 moriatur
3056 1649 3240 1694 autem
3272 1640 3362 1707 qui
3392 1654 3518 1709 per-

256 1731 433 1785 ταῦοα
464 1733 767 1798 σκοπεῖται,
791 1734 872 1788 ὅτι
902 1701 1195 1804 βελτιῶσαι
1227 1701 1496 1803 ηέούλετο
1514 1734 1607 1788 τὸν
1656 1701 1835 1807 ἀμαρ-

1956 1739 2141 1780 cussus
2167 1733 2273 1782 est.
2304 1724 2462 1796 431
2515 1727 2859 1796 Propositum
2886 1730 3030 1784 enim
3067 1731 3157 1785 hic
3204 1731 3520 1785 considera-

255 1822 510 1890 τάνοντα,
554 1824 655 1877 ούκ
699 1824 937 1878 ἀνελεῖν·
969 1828 1029 1880 ἐν
1074 1826 1188 1889 τοῖς
1234 1826 1510 1889 ἀκουσίοις
1564 1827 1684 1880 ἐστὶ
1728 1829 1837 1881 κὰ-

258 1916 427 1980 κεῖνο,
467 1915 529 1969 τὸ
576 1915 919 1987 ἀμυνόμενόν
963 1934 1089 1970 τινα
1119 1918 1177 1972 ἐν
1205 1917 1373 1989 μάχῃ,
1413 1916 1634 1990 ξύλῳ,ἢ
1668 1918 1835 1989 χειρὶ,

259 2007 497 2078 ἀφειδῶς
531 2010 624 2063 ἐπὶ
654 2010 727 2065 τὰ
763 2009 954 2083 καίρια
988 2009 1090 2082 τὴν
1138 2011 1355 2081 πληγὴν
1401 2015 1648 2080 ἐνεγκεῖν
1689 2012 1835 2068 ὥστε

258 2102 510 2157 κακῶσαι
543 2104 728 2171 αὐτὸν,
766 2104 865 2175 οὐχ
905 2103 1045 2157 ὥστε
1091 2104 1374 2169 παντελῶς
1424 2106 1635 2159 ἀνελεῖν
1657 2122 1672 2138 ·
1699 2103 1853 2162 ἀλλιῖ

256 2193 415 2251 τοῦτο
439 2194 544 2266 ἤδη
576 2195 929 2266 προσεγγίζει
981 2194 1060 2265 τῷ
1094 2196 1326 2267 ἑκουσίῳ
1352 2212 1366 2226 ’
1401 2198 1430 2250 6
1459 2198 1568 2268 γὰρ
1596 2198 1837 2269 τοσούτῳ

256 2285 605 2355 χρησάμενος
626 2287 840 2356 ὀργάνῳ
868 2287 1007 2357 πρὸς
1038 2287 1272 2357 ἄμυναν,
1301 2288 1334 2357 ἢ
1363 2289 1391 2340 ό
1421 2289 1496 2359 μὴ
1524 2288 1828 2359 πεφεισμέ-

259 2394 363 2439 νως
384 2378 485 2448 τὴν
504 2377 720 2449 πληγὴν
751 2377 1068 2446 ἐπαγαγὼν,
1096 2378 1256 2448 δῆλός
1290 2381 1406 2432 ἐστι
1437 2379 1524 2431 διὰ
1551 2378 1611 2431 τδ
1633 2396 1839 2450 κεκρα-

257 2465 458 2537 τῆσθαι
514 2467 619 2519 ὑπὸ
660 2465 755 2520 τοῦ
808 2466 1015 2530 πάθους
1064 2466 1299 2537 ἀφειδῶς
1354 2466 1448 2519 τοῦ
1494 2467 1783 2536 ἀνθρώπου
1821 2483 1836 2499 ·

259 2557 460 2625 ὁμοίως
482 2559 577 2611 καὶ
600 2560 628 2612 6
659 2557 799 2627 ξύλῳ
839 2558 998 2629 βαρεῖ
1026 2558 1121 2610 καὶ
1155 2560 1181 2610 6
1214 2556 1347 2626 λίθῳ
1377 2556 1582 2627 μείζονι
1619 2557 1719 2625 τῆς
1747 2556 1842 2609 δυ-

258 2648 479 2718 νάμεως
510 2648 610 2719 τῆς
653 2648 1001 2720 ἀνθρωπίνης
1028 2648 1393 2721 χρησάμενος,
1417 2651 1529 2712 τοῖς
1565 2647 1844 2713 ἀκουσίοις

258 2740 664 2812 ἐναριθμεῖται,
696 2742 825 2797 ἄλλο
883 2742 982 2814 μέν
1029 2760 1082 2796 τι
1106 2741 1491 2812 προελόμενος,
1520 2741 1649 2796 ἄλλο
1684 2741 1742 2794 δέ
1787 2758 1841 2795 τι

260 2836 495 2904 ποιήσας
525 2849 539 2863 ·
569 2834 675 2887 ὑπὸ
719 2835 828 2906 γὰρ
878 2834 971 2888 τοῦ
996 2834 1168 2906 θυμοῦ
1197 2832 1453 2905 τοιαύτην
1495 2835 1692 2907 ἤνεγκε
1742 2835 1843 2903 τὴν

263 2928 514 2997 πληγήν·
551 2926 692 2982 ὥστε
745 2928 989 2983 ἀνελθεῖν
1049 2928 1141 2982 τὸν
1195 2926 1473 3000 πληγέντα
1505 2968 1520 2993 ,
1575 2926 1757 2981 καίτοι
1801 2927 1838 2997 ἡ

264 3020 464 3091 σπονδὴ
514 3016 583 3093 ἦν
643 3020 791 3092 αὐτῷ
850 3022 1137 3092 συντρίψαι
1202 3022 1398 3093 τυχὸν,
1459 3022 1597 3092 οὐχὶ,
1632 3019 1689 3073 δέ
1747 3021 1847 3077 καὶ
1875 3048 1919 3109 c

263 3110 546 3174 παντελῶς
597 3111 907 3166 θανατῶσαι
934 3128 948 3143 ·
981 3114 1010 3165 6
1046 3112 1230 3183 μέντοι
1282 3111 1425 3181 ξίφει
1464 3111 1835 3181 χρησάμενος,

266 3202 299 3275 ἢ
342 3202 601 3273 ᾡτινιοῦν
644 3203 893 3276 τοιούτῳ,
908 3203 1164 3274 οὐδεμίαν
1188 3201 1301 3273 ἔχει
1337 3202 1669 3273 παραίτησιν
1699 3218 1717 3235 ο
1753 3201 1848 3255 καὶ

270 3294 505 3365 μάλιστα
533 3296 562 3347 6
599 3294 699 3366 τὴν
731 3295 918 3365 ἀξίνην
947 3293 1239 3357 ἀκοντίσας
1275 3310 1290 3325 ·
1319 3294 1417 3347 καὶ
1457 3293 1565 3364 γὰρ
1587 3292 1706 3347 ούδέ
1740 3292 1847 3346 ἀπὸ

266 3387 450 3459 χειρὸς
485 3386 737 3456 φαίνεται
759 3387 983 3457 πλήξας,
1011 3376 1152 3440 ὥστε
1187 3388 1247 3441 τὸ
1280 3387 1480 3457 μέτρον
1509 3387 1609 3456 τῆς
1636 3386 1851 3455 πληγῆς

270 3479 354 3535 ἐπ’
384 3478 539 3548 αὐτῷ
570 3475 731 3543 εἶναι,
760 3478 873 3531 ἀλλ’
902 3479 1191 3549 ¹1’γκόντισεν
1230 3493 1246 3507 ο
1280 3478 1422 3531 ὥστε
1462 3480 1556 3531 καὶ
1585 3477 1662 3547 τῷ
1694 3477 1851 3547 βάρει

267 3569 359 3625 τοῦ
387 3570 636 3643 σιδήρου,
666 3571 760 3624 καὶ
783 3574 849 3642 τῇ
874 3572 1050 3641 ἀκμῇ,
1073 3569 1169 3623 καὶ
1195 3571 1258 3640 τῇ
1289 3569 1376 3623 διὰ
1396 3570 1652 3622 πλείστου
1686 3569 1846 3639 φορᾷ,

268 3660 521 3732 ὀλεθρίαν
570 3660 885 3730 ἀναγκαίως
936 3662 1038 3730 τὴν
1089 3660 1307 3730 πληγὴν
1353 3656 1655 3728 γενέσθαι·
1697 3656 1854 3710 ἐκού-

272 3769 384 3807 σιον
416 3753 477 3807 δὲ
512 3751 674 3807 πάλιν
725 3750 1027 3821 παντελῶς,
1064 3745 1177 3804 καῖ’
1210 3749 1469 3819 οὐδεμίαν
1521 3747 1851 3818 ἀμφιϐολίαν

271 3844 412 3915 ἔχον,
441 3839 557 3896 οἶόν
578 3844 695 3897 ἐστι
722 3842 784 3899 τὸ
806 3843 919 3901 τῶν
948 3840 1160 3921 λῃστῶν
1188 3839 1282 3900 καὶ
1306 3839 1367 3892 τὸ
1399 3838 1507 3893 τῶν
1535 3837 1852 3905 πολεμικῶν

274 3936 477 4005 ἐφόδων
509 3951 523 3966 ο
557 3928 703 3989 οὗτοι
736 3935 832 4005 μὲν
862 3933 970 4005 γὰρ
1013 3933 1102 3986 διὰ
1128 3933 1391 4005 χρήματα
1431 3929 1738 4001 ἀναιροῦσι,
1758 3929 1852 3984 τὸν

272 4028 491 4098 ἔλεγχον
541 4025 945 4097 ἀποφεύγοντες
981 4042 995 4057 ο
1026 4026 1082 4079 οἵ
1105 4043 1167 4079 τε
1201 4026 1259 4078 ἐν
1299 4026 1411 4088 τοῖς
1468 4023 1727 4094 πολέμοις
1756 4022 1851 4077 ἐπὶ

272 4123 465 4191 φόνους
529 4121 801 4193 ἔρχονται,
834 4119 959 4174 οὔτε
1012 4120 1269 4191 φοϐῆσαι,
1295 4117 1420 4171 οὔτε
1469 4118 1847 4189 σωφρονῆσαι,

270 4212 383 4267 ἀλλ’
428 4212 641 4268 ἀνελεῖν
692 4213 816 4276 τοὺς
866 4211 1308 4282 ἐναντιουμένους
1352 4210 1417 4263 ἐκ
1470 4208 1564 4262 τοῦ
1614 4206 1849 4277 φανεροῦ

271 4304 697 4377 προαιρούμενοι
727 4322 741 4335 ·
774 4305 867 4358 καὶ
909 4305 1088 4375 μέντοι
1114 4302 1217 4356 κᾶν
1249 4300 1317 4354 δι’
1344 4301 1511 4371 ἀλλην
1532 4300 1653 4354 τινὰ
1672 4300 1850 4353 αἰτίαν

1948 1819 2055 1877 tur,
2099 1813 2230 1883 quia
2280 1823 2597 1884 peccantem
2643 1819 2918 1887 corrigere
2956 1820 3150 1885 voluit,
3197 1836 3306 1875 non
3334 1821 3520 1876 interi.

1946 1919 2117 1961 mere.
2162 1904 2504 1961 Recensetur
2543 1916 2598 1963 et
2632 1908 2763 1963 illud
2796 1910 2939 1965 inter
2971 1909 3360 1975 involuntaria,
3395 1927 3523 1967 cum

1945 1998 2067 2067 quis
2101 1998 2155 2052 in
2196 2014 2383 2069 pugna
2422 2000 2661 2071 aliquem
2696 2001 2851 2072 ligno
2904 2002 2985 2056 vel
3028 2018 3194 2057 manu
3232 2004 3521 2073 repellens,

1900 2074 1915 2093 '
1948 2101 2059 2141 non
2106 2102 2269 2157 parce
2300 2087 2355 2141 in
2408 2088 2714 2157 praecipuas
2749 2097 2932 2158 partes
2980 2089 3147 2144 ictum
3193 2097 3431 2159 torquet,
3465 2099 3522 2143 ut

1947 2194 2072 2234 eum
2124 2179 2304 2247 laedat,
2358 2195 2466 2234 non
2520 2190 2582 2234 ut
2633 2180 2862 2235 omnino
2915 2180 3226 2239 interficiat.
3256 2182 3362 2237 Sed
3417 2182 3525 2237 hoc

1949 2269 2168 2341 quidem
2200 2272 2493 2328 acceditad
2517 2272 2911 2329 voluntarium.
2943 2273 3046 2341 Qui
3075 2278 3223 2331 enim
3258 2276 3523 2347 ejusmodi

1946 2360 2317 2418 instrumento
2362 2363 2429 2418 ad
2462 2378 2524 2420 se
2554 2362 2955 2419 defendendum
3008 2381 3142 2421 usus
3170 2375 3273 2431 est,
3310 2367 3393 2420 vel
3427 2368 3524 2437 qui

1949 2469 2059 2509 non
2104 2469 2265 2523 parce
2303 2454 2474 2509 ictum
2521 2456 2740 2522 inﬂixit,
2786 2456 2957 2526 liquet
2992 2473 3117 2511 eum
3165 2458 3288 2515 ideo
3319 2459 3524 2513 homini

1952 2558 2063 2599 non
2092 2545 2425 2614 pepercisse,
2477 2547 2622 2615 quod
2652 2548 2731 2601 ira
2757 2548 2939 2603 victus
2982 2547 3165 2604 fuerit.
3198 2549 3289 2604 Sic
3330 2558 3384 2604 et
3430 2550 3526 2620 qui

1951 2634 2101 2705 gravi
2132 2634 2300 2703 ligno,
2344 2644 2400 2690 et
2430 2637 2522 2705 qui
2556 2636 2735 2706 lapide
2780 2637 2988 2706 majore
3047 2653 3211 2708 quam
3258 2655 3355 2709 pro
3387 2641 3526 2694 viri-

1950 2726 2051 2780 bus
2076 2725 2327 2779 humanis
2388 2742 2520 2782 usus
2542 2736 2648 2790 est,
2679 2727 2735 2782 in
2763 2727 3149 2784 involuntariis
3182 2743 3523 2799 numeratur,

1952 2826 2015 2873 ut
2059 2817 2154 2888 qui
2211 2818 2357 2872 aliud
2408 2819 2669 2885 voluerit,
2706 2821 2853 2875 aliud
2894 2823 3109 2875 fecerit.
3140 2822 3277 2877 Nam
3308 2839 3419 2893 prae
3445 2825 3529 2881 ira

1954 2911 2125 2967 ictum
2159 2911 2320 2967 talem
2356 2912 2563 2978 intulit,
2596 2920 2657 2967 ut
2689 2914 2852 2968 etiam
2896 2928 3218 2983 percussum
3256 2916 3530 2973 interfice-

1949 3012 2064 3071 ret;
2092 3019 2405 3074 quanquam
2449 3003 2590 3059 forte
2639 3005 2695 3059 in
2736 3004 2920 3060 animo
2985 3005 3219 3061 habebat
3246 3022 3368 3061 eum
3396 3024 3531 3062 con-

1955 3104 2152 3161 terere,
2203 3111 2313 3151 non
2357 3106 2539 3152 autem
2581 3097 2811 3154 omnino
2844 3098 3180 3154 interimere.
3213 3098 3315 3166 Qui
3348 3111 3531 3157 autem

1956 3201 2089 3243 ense
2142 3187 2228 3242 vel
2271 3188 2465 3258 quavis
2512 3202 2571 3242 re
2601 3188 2765 3242 simili
2809 3204 2943 3244 usus
2972 3199 3076 3256 est,
3111 3192 3316 3246 nullam
3370 3194 3532 3248 habet

1953 3279 2402 3336 excusationem:
2446 3286 2499 3333 et
2550 3281 2805 3345 maxime,
2850 3281 2943 3350 qui
2996 3283 3232 3337 securim
3257 3284 3533 3353 jaculatus

1956 3380 2066 3426 est.
2103 3369 2455 3426 Manifestum
2490 3380 2578 3426 est
2601 3371 2747 3427 enim
2790 3371 2941 3426 illum
2971 3389 3131 3428 manu
3164 3390 3270 3429 non
3305 3392 3531 3445 percus-

1957 3465 2117 3529 sisse,
2148 3465 2221 3518 ita
2256 3471 2317 3518 ut
2366 3465 2534 3519 ictum
2568 3464 2634 3519 ad
2685 3463 2974 3520 arbitrium
3010 3468 3280 3522 moderari
3308 3479 3530 3538 posset:

1959 3554 2054 3609 sed
2106 3554 2384 3624 jaculatus
2416 3565 2522 3619 est,
2575 3554 2649 3613 ita
2677 3564 2739 3609 ut
2785 3564 2840 3611 et
2881 3557 3144 3626 gravitate
3174 3557 3303 3612 ferri
3326 3570 3379 3613 et
3419 3561 3536 3615 acie

1957 3654 2014 3702 et
2041 3656 2193 3700 motu
2211 3660 2241 3701 e
2268 3646 2590 3717 longinquo,
2611 3644 2755 3702 ictus
2777 3648 3092 3703 necessario
3121 3648 3340 3705 lethalis
3362 3650 3533 3705 ﬁeret.

1962 3736 2176 3794 Rursus
2209 3748 2390 3793 autem
2426 3739 2653 3793 omnino
2681 3748 2767 3794 est
2804 3740 3207 3808 voluntarium,
3232 3757 3295 3797 ac
3332 3742 3534 3795 nullam

1962 3829 2172 3885 habens
2220 3830 2642 3897 dubitationem,
2677 3832 2823 3900 quod
2856 3830 2917 3886 ﬁt
2947 3848 2978 3887 a
3026 3832 3360 3900 latronibus,
3391 3843 3443 3889 et
3482 3836 3537 3889 in

1962 3919 2174 3975 bellicis
2217 3919 2648 3975 incursionibus.
2697 3918 2765 3973 Hi
2809 3920 2960 3974 enim
3015 3930 3237 3991 propter
3276 3923 3541 3990 pecunias

1962 4012 2308 4076 interimunt,
2354 4019 2610 4066 caventes
2655 4024 2724 4064 ne
2769 4010 3210 4064 convincantur:
3258 4019 3311 4063 et
3342 4011 3435 4078 qui
3480 4010 3536 4062 in

1963 4102 2120 4157 bellis
2140 4102 2205 4156 ad
2230 4101 2429 4155 caedem
2455 4098 2728 4163 feruntur,
2760 4098 2844 4153 his
2869 4113 2967 4153 nec
2995 4106 3214 4164 terrere,
3247 4114 3346 4152 nec
3372 4098 3541 4153 casti-

1952 4194 2113 4263 ‘gare,
2160 4192 2253 4247 sed
2309 4192 2658 4247 adversarios
2699 4188 3010 4246 interﬁcere
3053 4200 3241 4260 aperte
3288 4191 3540 4260 proposi-

1964 4294 2078 4341 tum
2110 4294 2209 4339 est.
2230 4284 2419 4353 Atque
2449 4281 2665 4338 etiamsi
2696 4281 2819 4352 quis
2849 4288 3072 4350 propter
3105 4280 3340 4350 aliquam
3374 4280 3539 4335 aliam

272 4370 589 4469 περίεργον,
628 4370 922 4467 φάρμακόν
940 4412 1023 4459 τις
1057 4394 1356 4466 ἐγκεράσῃ,
1377 4370 1543 4463 ἀνέλῃ
1575 4391 1650 4456 δὲ,
1692 4389 1847 4444 ἐκού-

1960 4391 2183 4431 causam
2210 4375 2496 4430 curiosum
2534 4373 2892 4442 pharmacum
2927 4370 3234 4434 miscuerit,
3270 4378 3324 4426 et
3359 4371 3535 4425 inter-

276 4507 386 4542 σιον
413 4488 676 4558 τιθέμεθα
699 4489 762 4541 τὸ
786 4488 1051 4553 τοιοῦτον,
1082 4482 1194 4541 οἷον
1237 4485 1486 4540 ποιοῦσιν
1513 4486 1567 4539 αἱ
1598 4484 1858 4553 γυναῖκες

272 4580 533 4642 πολλάκις
576 4580 874 4646 ἐπαοιδαῖς,
901 4597 1011 4632 τισι
1045 4579 1141 4633 καὶ
1190 4578 1592 4647 καταδέσμοις,⁸
1624 4573 1760 4644 πρὸς
1798 4572 1859 4625 τὸ

273 4675 482 4728 ἑαυτῶν
512 4674 735 4745 φίλτρον
767 4672 1068 4741 ἐπάγεσθαι
1124 4669 1486 4740 πειρώμεναι,
1517 4667 1613 4721 καὶ
1674 4663 1860 4737 προδι-

276 4766 466 4819 δοῦσαι
499 4767 685 4829 αὐτοῖς
715 4766 1006 4838 φάρμακα,
1043 4764 1307 4817 σκότωσιν
1344 4757 1694 4831 ἐμποιοῦντα
1741 4757 1860 4819 ταῖς

275 4858 537 4922 διανοίαις
561 4874 577 4888 ⁸
606 4859 663 4911 at!
705 4857 951 4911 τοιαῦται
1006 4855 1314 4919 ἀνελοῦσαι,
1345 4854 1391 4907 εί
1421 4852 1513 4905 καὶ
1547 4849 1675 4904 ἄλλο
1726 4865 1862 4917 πρα-

280 4949 564 5019 ελόμεναι,
597 4946 723 4999 ἀλλο
739 4946 1025 5018 ἐποίησαν,
1057 4946 1207 5015 ὅμως
1227 4943 1315 4996 διὰ
1344 4941 1406 4993 τὸ
1440 4938 1731 5010 περίεργον
1770 4933 1862 4987 καὶ

279 5040 728 5111 ἀπηγορευμένον
754 5039 853 5108 τῆς
891 5036 1316 5108 ἐπιτηδεύσεως,
1344 5035 1401 5086 ἐν
1430 5034 1543 5094 τοῖς
1597 5026 1861 5088 ἑκουσίως

282 5129 569 5199 φονεύουσι
600 5128 1047 5197 καταλογίζονται
1079 5139 1095 5154 ⁸
1127 5126 1221 5178 καὶ
1252 5123 1307 5177 αἱ
1337 5121 1517 5175 τοίνυν
1548 5118 1615 5171 τὰ
1643 5116 1863 5187 ἀμῆλω-

283 5222 459 5293 θρίδια
484 5220 723 5275 διδοῦσαι
748 5221 1039 5290 φάρμακα,
1075 5213 1388 5287 φονεύτριαί
1431 5214 1539 5265 είσι
1582 5210 1675 5264 καὶ
1701 5206 1865 5262 αὑταὶ

286 5313 377 5365 καὶ
396 5314 453 5366 αἱ
487 5312 788 5384 δεχόμεναι
815 5311 885 5364 τά
909 5308 1250 5381 ἐμϐροκτόνα
1280 5304 1603 5377 δηλητήρια.

354 5494 455 5565 νβ’.
500 5493 565 5550 Ἦ
595 5492 691 5548 τοῦ
734 5493 1013 5565 κυήματος
1042 5490 1187 5546 κατὰ
1230 5491 1329 5561 τὴν
1367 5488 1485 5543 ὁδὸν
1522 5486 1867 5558 ἀμελήσασα,

291 5590 337 5643 εί
366 5589 464 5660 μὲν
477 5587 751 5658 δυναμένη
778 5584 1187 5657 περισώσασθαι
1219 5580 1644 5653 κατεφρόνησεν,
1670 5578 1703 5648 ἦ
1738 5594 1871 5644 συγ-

295 5680 551 5753 ιαλύψειν
599 5679 700 5752 τὴν
749 5675 1037 5749 ἁμαρτίαν
1090 5673 1339 5733 ἐντεῦθεν
1427 5671 1722 5743 νομίζουσα
1751 5711 1763 5735 ,
1832 5669 1865 5739 ἢ

1960 4466 2171 4531 fecerit,
2218 4466 2271 4519 id
2320 4479 2418 4535 pro
2466 4462 2780 4518 voluntario
2826 4461 3115 4527 ducimus;
3173 4468 3232 4515 ut
3266 4477 3407 4532 saepe
3458 4461 3542 4516 fa-

1960 4561 2112 4616 ciunt
2170 4558 2451 4620 mulieres,
2512 4570 2633 4625 qua:
2677 4554 3007 4624 quibusdam
3069 4555 3537 4610 incantationibus

1960 4663 2013 4708 ει
2040 4651 2292 4705 amuletis
2322 4652 2389 4703 ad
2438 4649 2522 4704 sui
2570 4662 2817 4701 amorem
2868 4648 3082 4718 aliquos
3117 4649 3393 4700 attrahere
3445 4663 3544 4701 co-

1962 4753 2182 4808 nantur,
2229 4743 2472 4812 dantque
2504 4740 2667 4812 432
2700 4742 2779 4795 eis
2823 4741 3118 4810 pharmaca
3161 4741 3434 4794 mentibus
3471 4749 3548 4793 te-

1962 4838 2158 4891 nebras
2180 4834 2538 4890 oﬂ‘undentia.
2564 4833 2655 4888 liae
2675 4847 2826 4903 ergo,
2848 4833 2891 4889 si
2918 4832 3314 4898 interfecerint,
3333 4832 3546 4886 etiamsi

1963 4930 2104 4984 aliud
2135 4930 2399 4991 volentes,
2434 4925 2580 4981 aliud
2608 4926 2857 4991 fecerint,
2888 4934 3069 4980 tamen
3106 4934 3326 4994 propter
3365 4924 3548 4977 curio-

1964 5038 2087 5078 sum
2105 5031 2158 5075 et
2177 5020 2511 5092 prohibitum
2539 5035 2677 5089 opus
2702 5021 2845 5073 inter
2870 5019 3212 5074 voluntarios
3239 5016 3549 5071 homicidas

1965 5123 2303 5184 reputantur.
2334 5113 2522 5183 Itaque
2554 5121 2747 5181 etquae
2779 5111 3024 5181 praebent
3052 5110 3355 5180 pharmaca
3388 5108 3550 5162 abor-
3618 5099 3632 5109 ’

1969 5218 2081 5263 tum
2133 5208 2356 5273 cientia,
2388 5212 2519 5261 sunt
2571 5212 2625 5258 et
2664 5204 2797 5272 ipsae
2827 5202 3135 5266 homicidae,
3168 5202 3312 5255 sicut
3340 5210 3393 5256 et
3426 5215 3551 5270 quae

1966 5313 2174 5353 venena
2206 5298 2374 5353 fetum
2412 5296 2659 5352 uecantia
2691 5294 2983 5366 accipiunt.
3029 5292 3159 5348 Hzcc
3196 5293 3414 5362 quidem
3444 5294 3552 5347 huc

1971 5407 2165 5460 usque.

2043 5484 2134 5545 52,
2168 5482 2301 5549 Quae
2339 5480 2509 5536 fetum
2566 5480 2620 5533 in
2653 5480 2742 5534 via
2790 5479 2990 5534 editqu
3026 5478 3287 5547 neglexit,
3320 5474 3368 5530 si
3422 5490 3547 5529 cum

1973 5589 2192 5629 servare
2227 5582 2438 5643 posset,
2483 5570 2831 5641 conterimsit,
2864 5580 2960 5625 aut
2995 5578 3282 5639 peccatum
3316 5568 3441 5621 inde
3467 5583 3553 5623 cc-

1975 5668 2206 5723 laturam
2253 5678 2311 5722 sc
2340 5664 2691 5729 existimans,
2735 5672 2830 5719 aut
2876 5661 3119 5719 belluiua
3159 5669 3212 5718 et
3253 5658 3552 5719 inhumana
