3904 6220
407 237 512 303 933

1537 237 1802 302 ΡΗΟΤΙῙ
1829 239 2339 303 PATRIARCH/E
2376 240 2486 301 (ΣΡ.

3531 238 3623 300 924

406 349 732 415 Cogitatione
765 355 945 412 utens,
979 357 1237 419 tanquam
1269 347 1324 404 in
1352 349 1651 406 homicidio
1680 351 1977 421 iudicetur.

2115 348 2222 412 λως
2258 349 2508 418 θηριώδει
2542 348 2634 403 καὶ
2660 345 3008 417 ἀπανθρώπῳ
3036 345 3282 418 λογισμῷ
3309 351 3619 421 χρησαμένη.

407 440 502 495 Sin
531 451 714 494 autem
746 455 868 494 eum
905 439 1096 494 fovere
1138 455 1246 493 non
1275 441 1472 508 potuit,
1506 449 1560 494 et
1586 451 1804 510 propter
1844 442 1977 495 8οῆ-

2079 440 2154 504 ὠς
2189 442 2281 493 ἐπὶ
2316 441 2458 511 φόνῳ
2486 439 2752 510 κρινέσθω
2773 453 2786 467 ·
2816 440 2864 491 εἰ
2889 437 2945 492 δὲ
2987 438 3084 490 ούκ
3107 438 3343 507 ἠδυνήθη
3375 443 3625 507 περιστεῖ-

406 534 647 588 tudinem
687 547 978 601 rerumque
1023 531 1458 586 necessariarum
1519 533 1758 602 inopiam
1839 531 1980 587 ictus

2115 549 2192 593 αι,
2233 531 2326 584 καὶ
2363 532 2450 584 διὰ
2484 531 2717 601 ἐρημίαν
2762 529 2856 583 καὶ
2903 529 3135 598 ἀπορίαν
3185 528 3292 581 τῶν
3339 528 3627 597 ἀναγκαίων

410 625 637 688 interiit,
667 624 827 676 matri
855 631 938 677 est
970 623 1382 691 ignoscendum.

482 715 698 770 Tenus.
735 715 942 768 Dicitur
990 714 1082 767 lib.
1121 729 1286 776 XLVII,
1333 714 1413 767 lit.
1452 714 1540 778 ll,
1585 713 1699 783 dig.
1735 715 1788 780 4,
1837 715 1982 781 quod

407 821 529 876 qua:
559 806 682 858 data
728 819 898 874 opera
940 804 1245 869 abortierit,
1285 807 1340 857 in
1387 804 1684 873 temporale
1730 805 1981 859 exsilium

411 898 585 951 ἀνίειν.
624 895 765 948 Idem
796 894 959 946 etiam
989 895 1082 948 lib.
1112 909 1295 956 XLVIII,
1330 893 1412 947 tit.
1447 893 1500 958 8,
1533 893 1643 963 dig.
1680 893 1733 949 8.
1779 893 1837 948 In
1869 894 1980 965 dig.

414 1004 540 1041 vero
567 987 658 1046 59.
694 988 774 1040 tit.
807 985 890 1051 l9,
926 987 1020 1042 lib.
1045 1002 1233 1051 XLVIII,
1263 986 1482 1052 dicitur,
1513 986 1657 1055 quod
1682 1002 1801 1056 quae
1827 1001 1985 1042 acce-

413 1078 519 1147 ptis
559 1077 806 1144 pecuniis
865 1086 1076 1146 partum
1131 1076 1414 1145 abegerit,
1469 1076 1648 1144 capite
1678 1077 1982 1146 plectatur:

409 1183 533 1236 quae
555 1181 685 1220 vero
717 1173 839 1235 post
873 1165 1168 1218 divortium
1199 1165 1325 1218 odio
1368 1165 1548 1219 mariti
1590 1165 1641 1219 id
1675 1164 1886 1231 fecerit,
1919 1165 1987 1220 ad

412 1267 624 1326 tempus
663 1254 916 1310 exsulare
950 1253 1194 1322 iubetur.
1247 1255 1311 1308 Et
1343 1253 1453 1324 dig.
1496 1254 1587 1321 '58,
1624 1255 1870 1324 ejusdem
1902 1256 1985 1312 tit.

410 1345 514 1412 Qui
543 1345 845 1400 abortionis
873 1344 1123 1412 poculum
1155 1345 1380 1409 dederit,
1414 1345 1461 1398 si
1493 1345 1616 1400 vilis
1655 1346 1747 1409 sit,
1799 1346 1852 1399 in
1883 1361 1992 1401 me-

410 1439 601 1492 tallum
634 1438 924 1491 damnatur
949 1453 964 1488 :
989 1435 1034 1488 si
1063 1435 1345 1499 honestus,
1391 1436 1594 1489 amissa
1621 1444 1775 1504 parte
1820 1435 1990 1489 bono-

410 1545 532 1584 rum
565 1528 852 1596 relegatur.
905 1525 962 1580 Si
1011 1525 1134 1595 quis
1187 1540 1317 1579 vero
1357 1526 1483 1580 inde
1506 1537 1762 1581 enecatus
1804 1525 1990 1589 fuerit,

412 1634 689 1674 summum
715 1617 1044 1688 supplicium
1067 1616 1347 1686 inﬂigitur.
1377 1615 1598 1689 [Atque]
1623 1616 1735 1672 haec
1755 1615 1988 1688 [etiam],

2080 621 2342 692 διεφθάρη
2370 622 2430 673 τὸ
2461 621 2740 692 γεννηθὲν,
2772 619 3094 690 συγγνωστὴ
3128 621 3159 689 ἡ
3191 620 3395 690 μήτηρ.

2154 713 2382 783 Εἴρηται
2405 711 2545 782 βιὸλ.
2579 711 2653 782 μζ
2673 752 2688 776 ,
2715 711 2821 768 τίτ.
2852 709 2941 775 ια’,
2967 710 3103 764 διάτ.
3124 711 3187 773 δ’,
3215 711 3297 762 ὅτι
3329 710 3361 778 ή
3396 708 3627 779 ἐπίτηδες

2082 804 2422 876 ἐκτρώσασα,
2485 805 2835 875 προσκαίρως
2889 801 3187 875 ἐξορίζεται
3216 818 3231 832 ·
3271 801 3331 853 τὸ
3375 798 3500 852 αὐτὸ
3543 800 3630 854 καὶ

2086 898 2224 968 βι6λ.
2259 896 2371 967 μη’,
2405 897 2510 950 τίτ.
2547 895 2619 965 η’,
2656 897 2794 950 διάτ.
2826 893 2875 964 η’
2901 911 2913 925 ·
2946 896 3005 947 ἐν
3055 894 3110 946 δὲ
3143 895 3209 962 τῇ
3239 889 3314 944 λθ¹
3359 891 3495 944 διατ.
3543 887 3626 941 τοῦ

2085 985 2149 1039 ιθ’
2182 987 2289 1042 τίτ.
2328 986 2422 1039 τοῦ
2455 984 2542 1057 μη⁹
2577 985 2714 1055 βιὸλ.
2749 985 2935 1054 φησὶν,
2971 984 3051 1036 ὃτι
3083 983 3174 1034 ἐπὶ
3231 982 3501 1052 χρήμασιν
3544 981 3630 1032 ἐκ⁴

2083 1077 2359 1148 τρώσασα,
2393 1075 2707 1145 κεφαλικῶς
2736 1077 3058 1146 τιμωρεῖται
3089 1089 3104 1102 ·
3151 1073 3185 1143 η
3214 1073 3269 1125 δὲ
3299 1070 3434 1142 μετά
3465 1069 3630 1133 διαζύ-

2084 1185 2202 1238 γιον
2227 1168 2362 1238 πρὸς
2389 1170 2543 1237 μῖσος
2572 1166 2664 1220 τοῦ
2699 1167 2890 1237 ἀνδρὸς
2930 1163 3088 1220 τοῦτο
3134 1163 3424 1232 ποιήσασα,
3472 1178 3629 1230 προσ-

2085 1261 2291 1330 καίρως
2344 1258 2639 1329 ἐξορίζεται
2672 1273 2687 1293 ο
2743 1257 2838 1311 καί
2880 1257 3021 1310 διάτ.
3067 1251 3153 1324 λη’
3187 1252 3280 1305 τοῦ
3335 1249 3495 1304 αὺτοῦ
3534 1251 3628 1304 τίτ.

2086 1352 2169 1405 ὅτι
2197 1349 2404 1421 ὁπόμα
2453 1347 2700 1413 δεδωκὼς
2755 1348 2893 1418 πρὸς
2953 1344 3367 1417 ἀμϐλωθρίδιον,
3425 1341 3632 1410 εὐτελὴς

2090 1442 2188 1512 μὲν
2240 1439 2314 1493 ὣν
2367 1439 2762 1510 μεταλλίζεται,
2819 1437 3000 1506 τίμιος
3048 1435 3104 1488 δὲ
3145 1433 3446 1503 ἐξορίζεται
3509 1431 3633 1501 μετά

2091 1533 2322 1603 μερικῆς
2351 1529 2662 1600 δημεύσεως
2694 1545 2709 1560 ο
2741 1528 2941 1598 ἐσχάτη
2989 1526 3045 1579 δὲ
3093 1523 3332 1596 τιμωρία
3361 1522 3634 1590 ἐπάγεται,

2091 1622 2184 1676 ἐάν
2210 1639 2291 1684 τις
2319 1621 2582 1675 ἀπέθανεν
2617 1620 2680 1673 ἐκ
2725 1618 2911 1672 τούτου
2933 1634 2948 1649 ο
2976 1615 3167 1683 ταῦτα,
3201 1615 3306 1670 κᾶν
3338 1612 3505 1686 χωρὶς
3558 1611 3636 1665 δό-

411 1708 626 1762 tametsi
693 1707 832 1764 citra
889 1705 1076 1762 dolum
1153 1706 1453 1761 abortionis
1527 1705 1983 1760 medicamentum

2112 1731 2176 1768 ,ου
2203 1713 2263 1768 τὸ
2286 1713 2434 1782 πόμα
2456 1711 2702 1765 δέδωκεν.

409 1799 601 1855 datum
629 1797 720 1854 sit.

480 1887 632 1942 CAP.
684 1885 758 1943 XI
809 1914 881 1930 —-
921 1885 993 1941 De
1037 1886 1453 1955 vituperantibus
1503 1887 1737 1956 nuptias,
1769 1901 1981 1942 carnem

411 1979 706 2047 vinumque.

859 2065 1230 2134 Apostolorum
1253 2083 1420 2132 canon
1472 2068 1561 2122 51.

482 2155 547 2210 Si
587 2153 702 2226 [50]
764 2154 821 2210 Si
853 2157 976 2226 quis
1008 2157 1298 2226 episcopus
1328 2157 1411 2211 vel
1443 2157 1745 2228 presbyter,
1770 2165 1878 2214 etc.
1908 2167 1968 2212 ut

408 2262 528 2317 pag.
560 2248 684 2302 73L

478 2339 640 2411 433
681 2339 905 2394 Concilii
943 2338 1258 2410 Gangrensis
1287 2357 1507 2395 canones
1539 2341 1590 2406 1,
1620 2339 1674 2405 2,
1705 2342 1760 2404 4,
1782 2341 1837 2406 9,
1867 2341 1956 2396 lO.

483 2431 535 2484 1.
579 2429 636 2484 Si
683 2431 807 2499 quis
842 2430 1249 2485 matrimonium
1293 2431 1563 2500 vituperet
1595 2441 1649 2486 et
1706 2447 1827 2486 eam
1865 2447 1986 2502 qua:

407 2537 533 2577 cum
568 2522 770 2576 marito
797 2536 898 2576 suo
926 2521 1148 2584 dormit,
1167 2537 1287 2590 qua:
1311 2529 1397 2575 est
1425 2521 1596 2576 ﬁdelis
1623 2530 1676 2578 et
1705 2522 1984 2593 religiosa,

411 2616 704 2669 abhorreat
748 2622 802 2668 et
850 2613 1152 2676 insimulet,
1203 2622 1460 2681 tanquam
1495 2629 1618 2683 qua:
1665 2629 1773 2669 non
1812 2614 1988 2684 possit

409 2700 639 2774 regnum
683 2703 776 2759 Dei
813 2703 1048 2773 ingredi,
1082 2703 1153 2758 sit
1186 2705 1497 2758 anathema.

480 2797 536 2851 2.
592 2796 648 2850 Si
689 2796 814 2864 quis
844 2810 969 2849 eum
1003 2793 1096 2863 qui
1137 2807 1357 2848 carnem
1408 2803 1604 2863 praeter
1632 2793 1981 2864 sanguinem,

411 2894 467 2940 et
516 2885 899 2954 idolothytnm,
931 2892 985 2937 et
1015 2883 1361 2947 suﬂocatum,
1408 2897 1530 2938 Cum
1567 2884 1768 2952 pietate
1798 2893 1851 2936 et
1880 2883 1985 2938 ﬁde

2155 1895 2403 1949 ΚΕΦΑΛ.
2467 1892 2572 1950 IA'.
2651 1925 2720 1937 —
2791 1893 3104 1976 Hepi’ﬁbr
3143 1894 3639 1966 βδελυττομένων

2087 1983 2197 2041 τὸν
2214 1985 2404 2056 τάμον
2432 1985 2530 2039 καί
2549 1983 2852 2055 κρέας-’καὶ
2874 1984 3058 2044 οἶνον.

2478 2079 2855 2135 Ἀποστόλων
2899 2079 3102 2134 κανὼν
3140 2077 3242 2135 να’.

2158 2169 2258 2227 να’.
2293 2170 2360 2224 Et
2411 2186 2497 2237 τις
2551 2171 2846 2235 ἐπίσκοπος
2897 2170 2932 2243 ἢ
2976 2168 3368 2242 πρεσϐύτερος,
3424 2185 3480 2221 κ.
3519 2185 3567 2221 τ.
3601 2165 3647 2220 λ.

2237 2356 2504 2410 Συνόδου
2531 2353 2804 2425 Γάγγρας
2851 2351 3052 2408 κανὼν
3074 2348 3141 2418 α’,
3176 2351 3240 2422 β’,
3272 2349 3335 2416 δ’,
3366 2352 3430 2415 θ’,
3470 2349 3520 2404 ι’.

2165 2442 2236 2500 α’.
2262 2447 2330 2498 Εῐ
2351 2463 2434 2507 τις
2461 2445 2551 2498 τὸν
2574 2445 2749 2514 γάμον
2789 2442 3078 2514 μέμφοιτο,
3115 2443 3211 2496 καὶ
3243 2440 3343 2510 τὴν
3377 2439 3652 2494 καθεύδουο

2093 2552 2193 2589 σαν
2224 2537 2363 2605 μετὰ
2415 2534 2509 2588 τοῦ
2543 2535 2735 2604 ἀνδρὸς
2789 2532 2983 2602 αὐτῆς,
3005 2527 3170 2586 οὖσαν
3231 2531 3433 2601 πιστὴν
3465 2530 3552 2582 καὶ
3570 2529 3625 2580 si:

2088 2626 2247 2696 λαϐἦ,
2277 2627 2615 2696 βδελύσσοιτο
2639 2626 2672 2695 ἢ
2704 2624 2989 2696 μέμφοιτο,
3015 2624 3088 2686 ὡς
3114 2623 3181 2677 ἂν
3225 2623 3299 2693 μὴ
3325 2621 3650 2692 δυναμένους

2092 2718 2176 2780 εἰς
2205 2717 2481 2786 βασιλείαν
2513 2715 2792 2779 εἰσελθεῖν,
2825 2714 3072 2784 ἀνάθεμα
3107 2713 3268 2765 ἔστω.

2172 2807 2236 2878 β’.
2272 2808 2335 2862 Εἴ
2362 2824 2444 2870 τις
2474 2807 2722 2859 ἐσθίοντα
2751 2805 2908 2876 κρέα,
2937 2805 3103 2874 χωρὶς
3123 2804 3355 2871 αἵματος
3386 2801 3479 2855 καὶ
3511 2800 3654 2852 είδω-

2094 2897 2319 2950 λοθύτου
2378 2897 2472 2949 καὶ
2521 2893 2746 2948 πνικτοῦ
2807 2896 2922 2964 μετ’
2949 2893 3237 2953 εὐλαϐείας
3283 2893 3380 2946 καὶ
3435 2892 3656 2952 πίστεως

413 2978 673 3043 comedit,
698 2975 1045 3039 condemnat,
1072 2983 1331 3045 tanquam
1390 2989 1515 3030 eum
1572 2976 1669 3041 qui
1701 2975 1846 3045 quod
1891 2976 1981 3032 illa

2112 2987 2432 3060 ιατακρίνοι,
2466 2986 2540 3050 ὡς
2573 2987 2640 3041 ἂν
2677 2985 2764 3040 διά
2796 2986 2856 3039 τὸ
2883 2983 3325 3058 μεταλαμϐάνειν
3359 2983 3551 3036 ἐλπίδα
3582 2980 3651 3051 μὴ

413 3078 682 3130 vescatur,
707 3081 857 3134 spem
889 3081 994 3120 non
1028 3066 1243 3132 habeat,
1274 3066 1344 3120 sit
1368 3067 1684 3124 anathema.

485 3161 541 3214 4.
613 3158 669 3213 Si
709 3159 834 3229 quis
899 3158 964 3212 de
1013 3158 1331 3229 presbytero
1390 3158 1484 3228 qui
1525 3173 1752 3213 uxorem
1797 3159 1985 3226 duxit,

415 3254 726 3318 contendat,
761 3267 865 3304 non
897 3260 1167 3320 oportere,
1194 3265 1257 3304 eo
1287 3265 1442 3305 sacra
1471 3249 1798 3319 celebrante,
1831 3253 1987 3310 obla-

417 3346 550 3400 tioni
597 3343 1023 3406 communicare,
1056 3342 1128 3396 sit
1157 3343 1468 3397 anathema.

486 3434 538 3488 9.
587 3433 642 3487 Si
696 3434 822 3502 quis
851 3432 1001 3502 virgo
1053 3432 1144 3498 sit,
1176 3432 1259 3486 vel
1282 3433 1596 3499 continens,
1625 3450 1655 3490 a
1705 3436 1992 3491 matrimo~

417 3525 513 3582 nio
541 3535 798 3594 tanquam
831 3525 1198 3579 abominanda
1235 3529 1514 3592 recedens,
1540 3536 1596 3583 et
1636 3544 1741 3583 non
1773 3541 1993 3599 propter

419 3617 594 3688 ipsam
656 3616 983 3685 virginitatis
1022 3616 1483 3686 pulchritudinem
1537 3627 1591 3674 et
1624 3620 1990 3689 sanctitatem,

419 3712 491 3769 sit
538 3711 847 3770 anathema.

514 3801 604 3855 10.
661 3800 716 3854 Si
775 3800 901 3870 quis
927 3814 1113 3854 eorum
1166 3801 1258 3870 qui
1315 3813 1445 3857 sunt
1478 3803 1720 3873 virgines
1775 3813 1994 3876 propter

424 3890 734 3956 Dominum,
799 3889 1021 3946 insultet
1077 3890 1130 3944 in
1166 3905 1260 3946 eos
1317 3893 1410 3961 qui
1455 3909 1652 3950 uxores
1678 3895 1991 3966 duxerunt,

418 3982 704 4041 anathema
728 3981 818 4036 sit.

851 4071 1043 4128 Basilii
1076 4091 1302 4130 canones
1333 4074 1428 4139 28,
1475 4074 1568 4130 85.

487 4162 578 4218 Q8.
618 4163 750 4218 Illud
793 4166 1014 4234 quidem
1065 4168 1192 4220 mihi
1221 4167 1399 4221 visum
1439 4175 1523 4222 est
1554 4165 1870 4232 ridiculum,
1901 4181 1995 4222 vo-

419 4267 547 4308 vere
577 4254 814 4323 aliquem
871 4272 931 4312 se
986 4272 1016 4311 a
1070 4258 1244 4313 suillis
1287 4256 1548 4312 carnibus
1583 4257 1990 4311 abstenturum.

420 4343 788 4410 Quamobrem
812 4348 1038 4418 dignare
1071 4365 1165 4404 eos
1189 4349 1384 4404 docere
1444 4358 1502 4404 ut
1532 4348 1601 4403 ab
1623 4349 1823 4419 ineptis
1853 4350 1994 4405 votis

420 4446 476 4490 et
527 4439 813 4505 promissis
870 4439 1212 4505 abstineant,
1267 4441 1361 4494 sed
1419 4456 1581 4495 usum
1634 4441 1990 4497 nihilominus

423 4525 817 4582 indiﬂ‘erentem
867 4545 991 4584 esse
1017 4531 1156 4584 sine.
1192 4530 1348 4586 Nulla
1397 4532 1541 4586 enim
1579 4531 1669 4586 Dei
1713 4541 1987 4595 creatura,

422 4632 543 4684 qua:
585 4631 708 4671 cum
747 4618 1046 4687 gratiarum
1082 4622 1295 4676 actione
1329 4622 1652 4691 percipitur,
1696 4622 1992 4690 rejicienda

421 4715 506 4759 est
533 4706 599 4758 ".
633 4705 810 4771 Quare
840 4719 1024 4762 votum
1061 4719 1145 4766 est
1177 4712 1488 4777 ridiculum,
1521 4713 1853 4768 abstinentia
1883 4727 1993 4767 non

423 4812 754 4853 necessarIa.

495 4889 586 4943 85.
618 4887 834 4959 Lepidis
854 4900 1030 4946 autem
1053 4892 1344 4950 Encratitis
1365 4895 1432 4949 ad
1467 4894 1782 4965 praeclaram
1806 4909 1997 4949 eorum

423 4981 807 5050 quaestionem,
845 4999 942 5037 cur
964 5001 1061 5040 nos
1087 4987 1248 5041 etiam
1286 5003 1390 5040 non
1417 4988 1671 5043 omnibus
1704 4988 1998 5053 vescimur,

421 5072 528 5126 hoc
565 5073 726 5127 detur
779 5079 1048 5144 responsi,
1091 5093 1190 5132 nos
1237 5079 1398 5134 etiam
1427 5090 1775 5133 excrementa
1804 5089 1996 5134 nostra

421 5167 686 5219 aversari.
722 5166 798 5220 Ac
827 5178 1090 5237 quantum
1119 5171 1341 5239 quidem
1379 5171 1443 5227 ad
1469 5170 1809 5241 dignitatem,
1845 5171 1995 5225 olera

420 5253 603 5310 herba:
634 5258 792 5312 nobis
816 5270 944 5314 sunt
973 5276 1166 5316 carnes
1189 5277 1207 5314 :
1234 5273 1498 5331 quantum
1526 5278 1650 5316 vero
1680 5263 1744 5316 ad
1776 5263 1990 5316 utilium

423 5343 831 5411 discretionem,
857 5350 1310 5416 quemadmodum
1339 5361 1393 5404 et
1423 5352 1475 5404 in
1499 5351 1739 5406 oleribus
1769 5352 1990 5405 noxium

423 5450 456 5488 a
502 5436 707 5492 salubri
764 5455 1102 5510 separamus,
1146 5443 1220 5498 ita
1267 5451 1321 5499 et
1351 5444 1404 5498 in
1438 5441 1600 5515 434
1630 5441 1883 5498 carnibus
1925 5441 1993 5497 ab

509 5613 552 5646 ²¹
580 5613 606 5668 ι’
632 5614 774 5671 Tim.
808 5633 882 5682 Iv,
925 5619 975 5673 4.

2011 3049 2054 3111 c
2092 3049 2303 3156 ἔχοντα’,
2336 3049 2583 3150 ἀνάθεμα
2613 3081 2772 3134 ἔστω.

2161 3173 2201 3228 δ’
2209 3215 2222 3229 .
2251 3173 2418 3236 Εῖτις
2445 3171 2773 3242 διακρίνοιτο
2806 3170 2956 3241 παρά
2997 3166 3368 3240 πρεσϐυτέρου
3419 3184 3657 3236 γεγαμηο

2094 3267 2271 3331 κότος,
2311 3265 2388 3336 μὴ
2418 3265 2620 3335 χρῆναι
2656 3263 3142 3333 λειτουργήσαντος
3185 3259 3351 3316 αὑτοῦ
3418 3276 3654 3332 προσφο-

2099 3357 2199 3428 ρᾶς
2233 3353 2693 3426 μεταλαμϐάνειν,
2716 3349 2964 3421 ἀνάθεμα
3003 3349 3163 3402 ἔστω.

2167 3444 2234 3504 θ’.
2295 3445 2361 3500 El
2419 3460 2502 3506 τις
2556 3441 2879 3512 παρθενεύοι
2923 3439 2957 3510 ἢ
3010 3439 3418 3510 ἐγκρατεύοιτο,
3475 3439 3551 3502 ὠς
3603 3437 3664 3491 ἂν

2102 3533 2406 3606 βδελυκτῶν
2425 3532 2532 3587 τῶν
2566 3531 2758 3602 γάμων
2789 3531 3171 3600 ἀναχωρήσας,
3204 3530 3300 3583 καὶ
3341 3531 3418 3600 μὴ
3441 3529 3510 3582 δι’
3541 3528 3664 3581 αὐτὸ

2102 3625 2165 3680 τὸ
2197 3623 2360 3678 καλὸν
2391 3623 2486 3678 καὶ
2526 3622 2681 3696 ἆγιον
2709 3621 2807 3692 τῆς
2853 3619 3169 3693 παρθενίας,
3201 3619 3453 3690 ἀνάθεμα
3511 3619 3662 3673 ἔστω.

2171 3805 2223 3865 ι’.
2257 3806 2325 3862 Et
2347 3823 2431 3871 τις
2457 3803 2566 3860 τῶν
2593 3801 3032 3876 παρθενευόντων
3052 3802 3136 3857 διὰ
3159 3801 3252 3856 τδν
3279 3802 3513 3872 Κύριον,
3543 3815 3668 3854 κατ-

2100 3899 2378 3972 επαίροιτο
2407 3896 2515 3952 τῶν
2555 3893 2973 3969 γεγαμηκότων,
3000 3893 3244 3965 ἀνάθεμα
3279 3892 3442 3947 ἔστω.

2466 4074 2791 4133 Βασίλειον
2825 4074 3028 4129 κανὼν
3047 4079 3156 4145 κη’,
3192 4079 3301 4128 πεν.

2171 4170 2280 4241 κη’.
2313 4170 2520 4226 Ἐκεῖνό
2545 4186 2608 4238 γε
2631 4170 2736 4239 μὴν
2765 4167 2974 4236 γελοῖον
2999 4166 3301 4235 κατεφάνη,
3326 4164 3390 4219 τὸ
3418 4159 3670 4229 εὔξασθαί

2099 4279 2223 4316 τινα
2271 4260 2431 4315 ὑείων
2462 4260 2762 4331 ἀπέχεσθαι
2805 4258 2982 4330 κρεῶν
3015 4274 3030 4292 ο
3057 4256 3196 4310 ὥστε
3228 4257 3569 4321 καταξίωσον
3593 4253 3668 4306 δι-

2102 4353 2321 4407 δάσκειν
2373 4352 2572 4414 αὐτοὺς
2625 4348 2735 4403 τῶν
2784 4348 3123 4403 ἀπαιδεύτων
3185 4347 3510 4418 προσευχῶν
3581 4344 3670 4397 καὶ

2099 4442 2439 4512 ἐπαγγελιῶν
2500 4441 2843 4512 ἀπέχεσθαι’
2905 4440 3002 4511 τὴν
3056 4440 3241 4507 μέντοι
3271 4439 3490 4510 χρῆσιν,
3527 4435 3672 4488 ἀδιά-

2099 4552 2263 4604 φορον
2293 4531 2430 4588 εἶναι
2492 4531 2843 4602 συγχώρησον
2872 4545 2888 4564 ο
2920 4531 3070 4585 οὐδὲν
3119 4529 3226 4599 γὰρ
3278 4529 3489 4598 κτίσμα
3539 4523 3669 4577 Θεοῦ

2097 4625 2402 4693 ἀπόϐλητον
2432 4623 2552 4693 μετ’
2576 4621 2925 4693 εὐχαριστίας
2967 4621 3379 4701 λαμῆανόμενον
3405 4633 3420 4648 ·
3458 4619 3596 4671 ὥστε
3641 4617 3672 4683 ἡ

2100 4719 2234 4789 εὐχὴ
2265 4717 2686 4785 καταγέλαστος,
2719 4715 2818 4784 ούχ
2878 4715 2912 4784 ὴ
2955 4713 3134 4784 ἀποχὴ
3167 4711 3465 4780 ἀναγκαία.

2173 4896 2274 4952 πε’.
2321 4897 2446 4959 Τοῖς
2471 4896 2526 4948 δέ
2551 4894 2787 4966 κομψοῖς
2813 4891 3195 4964 Ἐγκρατίταις
3226 4892 3360 4962 πρὸς
3385 4891 3446 4943 τὸ
3485 4888 3674 4958 σεμνὸν

2102 4987 2283 5042 αὐτῶν
2312 4987 2624 5059 πρόϐλημα,
2668 4988 2754 5041 διὰ
2783 4989 2835 5040 τί
2875 4989 2968 5041 καὶ
3011 4987 3108 5055 οὐχ
3176 4986 3335 5054 ἡμεῖς
3371 4984 3553 5035 πάντα
3591 4981 3676 5030 ἐσ·

2102 5079 2290 5148 θίομεν
2343 5081 2517 5131 ἐκεῖνο
2563 5077 2841 5146 λεγέσθω·
2875 5079 2955 5131 ὅτι
3017 5077 3112 5130 καὶ
3160 5077 3227 5128 τὰ
3283 5073 3676 5144 περιττώματα

2099 5171 2258 5241 ἡμῶν
2285 5170 2686 5240 βδελυσσόμεθα
2725 5186 2739 5201 ο
2773 5170 2912 5222 κατά
2948 5169 3047 5239 μὲν
3079 5169 3187 5237 γὰρ
3216 5167 3313 5232 τὴν
3364 5165 3548 5231 ἀξίαν,
3586 5163 3674 5215 λά-

2103 5280 2240 5333 χανα
2261 5263 2453 5333 χόρτου
2473 5264 2602 5334 ἡμῖν
2619 5263 2734 5314 ἐστι
2760 5261 2828 5314 τά
2854 5262 3018 5332 κρέα’
3044 5259 3183 5314 κατά
3199 5259 3252 5311 δὲ
3280 5257 3376 5326 τὴν
3400 5256 3513 5308 τῶν
3543 5272 3674 5322 συμ-

2105 5353 2379 5423 φερόντων
2409 5352 2703 5422 διάκρισιν,
2738 5351 2811 5415 ὡς
2840 5351 2934 5403 καὶ
2963 5351 3019 5402 ἐν
3044 5349 3292 5418 λαχάνοις
3314 5347 3374 5399 τὸ
3412 5343 3674 5415 βλαϐερὸν

2100 5443 2194 5498 τοῦ
2223 5443 2559 5517 καταλλήλου
2583 5444 2889 5517 χωρίζομεν
2915 5458 2928 5472 ·
2955 5441 3098 5496 οὕτω
3125 5443 3218 5496 καὶ
3239 5442 3296 5496 ἐν
3332 5440 3449 5501 τοῖς
3480 5436 3673 5508 κρέασι
