3766 6198
64 201 161 266 925

684 190 1086 264 SYNTAGMA
1123 186 1515 252 CANONUM.
1544 184 1785 247 -TIT.
1826 180 2004 255 XIII,
2046 180 2209 242 CAP.
2241 178 2326 242 XI
2361 201 2433 217 -
2465 174 2639 245 XIII.

3200 165 3306 229 926

64 310 151 366 τοῦ
177 302 446 378 χρησίμου
482 297 545 356 τὺ
589 298 855 371 βλαϐερὸν
881 296 1253 369 διακρίνομεν,
1287 293 1409 348 ἐπεὶ
1453 292 1623 362 λάχα-

1810 290 1845 343 li
1878 289 2101 343 noxium
2146 285 2505 341 secernimus.
2564 279 2699 337 Nam
2732 288 2879 333 certe
2902 282 2959 338 et
2977 274 3156 330 clcuta
3180 270 3307 329 olus

64 402 147 457 νόν
314 367 408 450 καὶ
450 391 514 446 τὸ
539 367 786 457 κῶνειονή,
817 367 1022 460 ὥσπερ
1043 367 1214 459 κρέας
1258 387 1379 441 last
1414 386 1511 439 καὶ
1563 382 1626 437 τδ

1805 423 1828 448 ,,
1858 383 2002 437 sicut
2028 381 2191 435 etiam
2225 394 2356 433 caro
2378 385 2463 432 est
2490 373 2767 429 vulturina
2796 384 2926 425 caro
2953 385 2969 434 ;
3000 367 3094 424 sed
3125 377 3306 422 tamen

62 500 273 569 γύπειον
296 508 314 524 ⁸
345 490 458 545 ἀλλ’
498 489 647 558 ὅμως
689 486 813 541 οὔτε
868 484 1183 553 ὑοσκύαμον
1233 481 1399 553 φάγοι
1434 479 1500 534 ἄν
1540 492 1629 541 τις

63 591 176 644 νοῦν
234 587 375 657 ἔχων
403 601 418 615 ·
449 580 573 635 οὔτε
625 580 785 642 κυνὸς
831 578 1049 648 ἅψαιτο,
1085 577 1160 647 μὴ
1201 574 1444 646 μεγάλης
1488 572 1623 626 ἀνά-

64 698 193 751 γκης
219 675 652 756 κατεπειγοόσης
683 690 697 703 ·
726 672 802 733 ὡς
832 671 860 725 ὃ
889 687 955 739 γε
996 668 1190 738 φαγὼν
1221 668 1319 721 οὐκ
1346 666 1616 737 ὴνόμησε.

128 771 371 826 ΚΕΦΑΛ.
408 768 510 822 IB'.
543 794 615 805 -—
649 764 790 819 Πεοἰ
816 760 1047 817 λαϊκιῖηρ
1062 758 1318 826 ἑαυτοὺς
1355 758 1626 826 ἀκρωτη-

61 860 389 932 ριαζόντων.

378 949 767 1006 Ἀποστόλων
798 945 1001 1000 κανὼν
1030 943 1138 1013 κβ’,
1188 942 1288 996 κδ’.

130 1042 231 1113 κβ¹.
270 1040 328 1096 Ὅ
360 1039 786 1111 ἀκρωτηριάσας
831 1037 1044 1100 ἑαυτὸν,
1078 1054 1133 1091 κ.
1162 1053 1215 1090 τ.
1257 1035 1309 1090 λ.

130 1132 204 1188 κδ’
209 1174 224 1189 .
253 1132 457 1195 Δαῖκδς
489 1132 679 1185 ἑαυτὸν
704 1129 1152 1199 ἀκρωτηριάσας,
1185 1144 1240 1181 κ.
1266 1144 1316 1182 τ.
1340 1124 1394 1179 λ.

365 1223 638 1279 Συνόδου
698 1221 951 1287 Νικαίας
1000 1218 1202 1274 κανὼν
1242 1216 1313 1271 α’.

129 1324 195 1375 α’.
218 1318 286 1373 Εἴ
298 1335 383 1381 τις
406 1319 467 1370 ὲν
492 1317 631 1386 νόσῳ
651 1314 755 1368 ὑπὸ
775 1311 974 1383 ἰατρῶν
996 1310 1417 1382 ὲχειρουργήθη,
1435 1324 1488 1361 κ.
1510 1323 1563 1359 τ.
1583 1304 1633 1358 λ.

142 1410 435 1477 Ἀνάγνωθι
482 1406 552 1460 τὰ.
594 1403 1109 1476 παραγεγραμμένα
1140 1403 1198 1453 ὲν
1258 1398 1338 1469 τῷ
1385 1398 1451 1451 ιδ’
1505 1411 1633 1463 κεφ.

68 1502 154 1557 τοῦ
180 1498 226 1553 α’
250 1517 356 1552 τιτ.
386 1496 485 1552 τοῦ
518 1496 781 1566 παρόντος
808 1492 1212 1560 συντάγματος.

134 1592 378 1647 ΚΕΦΑΛ.
398 1590 502 1643 ll".
532 1620 601 1630 —
623 1587 763 1655 Περί
790 1585 1019 1640 Jamth
1038 1584 1367 1637 ἐσθιόντων
1395 1577 1638 1633 εἰδωλό-

1728 492 1828 532 nec
1869 476 2261 544 hyoscyamum
2294 484 2463 524 sanus
2519 466 2807 537 quisquam
2870 460 3142 523 comedet,
3207 474 3308 513 nec

1727 582 1863 624 cane
1902 573 2173 628 vescetur,
2222 560 2327 615 nisi
2376 566 2606 629 urgente
2657 567 2872 610 summa
2939 549 3306 610 necessitate:

1726 660 1821 730 qui
1852 668 2033 712 tamen
2060 652 2317 717 comedit,
2347 666 2456 704 non
2487 655 2693 719 peccat.

1806 749 1966 806 CAP.
1995 746 2092 801 XII
2116 776 2185 787 —
2219 744 2291 798 De
2315 743 2467 796 laicis
2497 747 2654 794 semet
2689 736 3082 791 mutilantibus.

2083 837 2457 910 Apostolorum
2495 848 2723 886 canones
2750 830 2839 893 2'2,
2866 829 2957 895 24,

1798 937 1871 992 22
1898 934 2033 1009 [⁸2η.
2057 933 2159 1000 Qui
2191 931 2429 999 seipsum
2459 923 2811 987 mutilaverit,
2831 929 3021 988 etc.,ut
3041 937 3161 990 pag.
3184 919 3309 973 509..

1799 1030 1870 1084 24
1899 1026 2038 1099 [23].
2078 1022 2273 1079 Laicus
2293 1019 2385 1089 qui
2421 1017 2664 1088 seipsum
2689 1012 3045 1077 mutilaverit,
3083 1020 3192 1065 etc.
3257 1018 3316 1062 ut

1731 1119 2008 1192 pag.758.

2166 1204 2393 1262 Concilii
2430 1195 2641 1253 Nica’ni
2674 1211 2841 1249 canon
2882 1194 2933 1245 I.

1806 1303 1859 1360 1.
1890 1301 1944 1355 Si
1967 1299 2092 1370 quis
2121 1298 2175 1352 in
2207 1296 2399 1351 morbo
2425 1307 2455 1346 a
2486 1287 2712 1347 medicis
2738 1286 2957 1339 excisus
2980 1282 3169 1349 fuerit,
3203 1289 3310 1335 etc.

1806 1396 1949 1464 Lege
1973 1408 2093 1463 qure
2112 1397 2372 1446 annotata
2398 1390 2526 1441 sunt
2554 1382 2609 1436 in
2636 1394 2758 1450 cap.
2810 1378 2899 1444 M,
2940 1377 3025 1432 tit.
3080 1379 3106 1429 I
3180 1388 3320 1444 prae—

1737 1489 1910 1545 sentis
1932 1485 2137 1556 operis.

1811 1578 1963 1635 CAP.
1994 1576 2134 1631 XIII.
2162 1604 2235 1619 --
2290 1572 2362 1628 De
2387 1570 2540 1625 laicis
2568 1566 2865 1636 idolothyta
2890 1559 3186 1624 edentibus,
3241 1556 3320 1612 vel

72 1687 222 1747 θυτα,
251 1682 287 1750 ἢ
320 1679 503 1749 κρέας
524 1679 595 1733 ἐν
618 1649 841 1748 αἵματι,
865 1677 902 1744 ἦ
927 1674 1167 1738 πνικτὰ,
1196 1672 1235 1742 ἢ
1259 1670 1607 1740 θηριάνίωτα

1805 1688 1946 1726 mem
1989 1687 2108 1724 cum
2135 1667 2410 1738 sanguine,
2441 1662 2520 1719 vel
2567 1678 2600 1715 a
2634 1660 2748 1730 fera
2783 1664 2994 1724 captum
3023 1649 3101 1706 vel
3134 1651 3320 1704 morti-

74 1774 108 1842 ἣ
142 1772 471 1843 θνησιμαῒα

454 1862 843 1918 Ἀποστόλων
896 1858 1098 1915 κανὼν
1134 1856 1213 1925 ξγ¹
1221 1897 1236 1912 .

82 1986 89 1993 ·
134 1954 227 2025 ξ’ί·
264 1955 333 2008 Ε(
361 1972 451 2019 τις
491 1953 873 2024 ὲπίσκοπος,ἣ
934 1950 1324 2022 πρεσϐύτερος,
1364 1947 1397 2020 ἢ
1448 1946 1635 2001 διάκο.

72 2067 168 2115 νος,
194 2048 226 2120 ἢ
254 2049 388 2110 ὅλως
437 2045 532 2101 τοῦ
597 2045 900 2113 καταλόγου
961 2041 1055 2096 τοῦ
1102 2031 1378 2113 ἱερατικοῦ
1402 2078 1419 2104 ,
1484 2038 1637 2110 φάγῃ

74 2139 216 2209 κρέα,
237 2155 290 2193 κ.
331 2154 381 2190 τ.
418 2138 474 2193 λ.

328 2229 599 2283 Συνόδου
669 2227 951 2296 Ἀγκύρας
990 2224 1192 2281 κανὼν
1240 2229 1315 2295 γ’.
1390 2215 1397 2219 ”

135 2319 195 2394 β’.
224 2322 360 2386 Τοὺς
393 2321 700 2390 φεύγοντας
726 2320 821 2374 καὶ
849 2316 1271 2389 συλληφθέντας,
1302 2332 1360 2369 κ.
1389 2330 1441 2369 τ.
1477 2312 1528 2367 λ.

397 2484 674 2539 Συνόδου
694 2482 969 2553 Γάγγροις
999 2480 1199 2537 κανὼν
1237 2481 1303 2552 β’.

142 2574 203 2647 β’.
227 2576 291 2630 Εἰ
318 2593 400 2640 τις
424 2575 679 2629 ἐσθίοντα
704 2576 843 2646 κρέα
866 2576 1035 2646 χωρὶς
1058 2574 1286 2643 αἵματος
1307 2591 1361 2628 κ.
1395 2590 1447 2627 τ.
1478 2572 1528 2627 λ.

205 2667 477 2722 Συνόδου
499 2665 920 2736 οἰκουμενικῆς
951 2665 1130 2734 ἕκτης
1174 2665 1376 2720 κανὼν
1399 2666 1494 2731 ξς.

141 2757 231 2825 ξς.
257 2758 390 2813 Θεία
422 2760 558 2830 ἡμῖν
587 2758 778 2830 Γραφὴ
812 2758 1137 2825 ἐνετείλατο,
1192 2776 1248 2812 κ.
1282 2776 1337 2815 τ.
1359 2758 1409 2813 λ.

85 2948 129 3001 Γ
124 2947 396 3016 ρηγορίου
451 2947 561 3001 τοῦ
588 2945 1049 3016 Θαυματουργοῦ
1093 2946 1162 3000 ἐκ
1198 2944 1309 3016 τῆς
1357 2945 1490 3015 περί
1526 2945 1646 3000 τῶν

346 3014 719 3073 εἰδωλόθυτα
744 3014 1058 3087 φαγόντων
1085 3014 1285 3070 κανὼν
1306 3023 1377 3071 α’.

149 3137 212 3186 α’.
243 3131 313 3184 Οὐ
342 3131 414 3187 τά
456 3130 725 3200 βρώματα
779 3131 924 3200 ἡμᾶς
976 3128 1155 3199 βαρεῖ,
1194 3128 1306 3199 ἰερὲ
1335 3128 1555 3195 πάππα,
1597 3128 1647 3181 εἰ

89 3223 273 3293 ἔφαγον
308 3224 357 3276 οἰ
387 3224 727 3293 αἰχμάλωτοι
755 3222 950 3287 ταῦτα,
990 3222 1134 3291 ἆπερ
1167 3220 1531 3291 παρετίθεσαν
1551 3220 1655 3274 αὐ-

89 3317 188 3380 τοῖς
208 3317 256 3368 οἰ
284 3316 617 3387 κρατοῦντες
650 3316 829 3371 αὐτῶν
860 3330 877 3346 ·
914 3314 1147 3384 μάλιστα
1175 3312 1364 3382 ἐπειδὴ
1388 3308 1467 3375 εἷς
1497 3312 1653 3380 λόγος

92 3407 229 3479 παρὰ
246 3408 488 3474 πάντων,
517 3409 646 3469 τοὺς
669 3406 1121 3478 καταδραμόντας
1139 3405 1208 3459 τὰ
1230 3405 1476 3475 ἡμέτερα
1512 3404 1653 3474 μέρη

96 3499 405 3571 βαρϐάρους,
438 3499 682 3562 εἰδώλοις
715 3500 788 3570 μὴ
822 3498 1107 3552 τεθυκέναι
1138 3513 1155 3527 “
1189 3496 1289 3550 ὁδὲ
1333 3484 1653 3558 Ἀπόστολός

95 3608 261 3660 φησιν’
293 3593 367 3647 Τὰ
391 3592 682 3660 βρώματα
719 3589 797 3659 τῇ
826 3589 1162 3656 κοιλίᾳ,καί
1202 3591 1241 3654 ἠ
1282 3590 1481 3644 κοιλία
1530 3589 1649 3655 τοῖς

92 3680 404 3747 βρώμασιν,
439 3686 476 3734 ὁ
506 3682 574 3735 δὲ
602 3682 747 3747 Θεὸς
779 3683 875 3736 καί
913 3682 1144 3749 ταῦτην
1176 3680 1488 3735 καὶταῦτα
1513 3698 1652 3735 κατ-

97 3771 328 3840 αργήσει
361 3788 377 3804 ο
417 3771 557 3827 ἀλλὰ
614 3773 706 3826 καὶ
737 3774 766 3825 ό
794 3773 982 3842 Σωτὴρ
1028 3774 1057 3824 ό
1102 3772 1277 3826 πάντα
1343 3771 1656 3843 καθαρίζων

101 3864 159 3917 τὰ
184 3864 465 3937 βρώματα,
501 3866 562 3919 οὐ
597 3865 658 3917 τὸ
678 3867 1159 3936 εἰσπορευόμενον,
1186 3867 1344 3935 φησὶ,
1374 3868 1543 3919 κοινοῖ
1566 3866 1657 3920 τὸν

102 3956 394 4028 ἄνθρωπον,
428 3956 568 4009 ἀλλὰ
606 3955 667 4009 τὸ
701 3958 1157 4027 ἐκπορευόμενον.

486 4058 489 4059 ⁷
506 4048 828 4102 Βασίλειον
880 4048 1078 4102 κανὼν
1125 4046 1237 4102 ποί.

164 4137 266 4194 πα’.
303 4140 527 4211 Ἐπειδὴ
555 4140 612 4192 δὲ
641 4140 827 4194 πολλοὶ
851 4141 911 4193 ὲν
938 4142 1004 4211 τῇ
1030 4140 1138 4193 τῶν
1171 4140 1471 4212 Βαρϐάρων
1494 4159 1662 4194 κατα-

101 4226 259 4301 δρομῇ
289 4230 626 4303 παρέϐησαν
667 4231 767 4299 τὴν
796 4231 876 4294 εἰς
902 4230 1037 4282 Θεὸν
1067 4230 1272 4294 πίστιν,
1300 4231 1497 4301 ὅρκους
1521 4232 1665 4283 ὲθνι-

1743 1770 1943 1825 virium.

2185 1847 2555 1920 Apostolorum
2577 1858 2747 1898 canon
2776 1839 2866 1895 65.

1816 1949 1884 2004 65
1912 1945 2051 2021 [62].
2088 1943 2143 1999 Si
2180 1945 2307 2014 quis
2329 1942 2619 2012 episcopus
2636 1936 2719 1990 vel
2751 1932 3054 2004 presbyter,
3085 1925 3172 1982 vel
3205 1925 3325 1979 dia-

1746 2018 1933 2097 conus:
1944 2018 2025 2093 vel
2064 2036 2290 2092 omnino
2315 2049 2382 2090 ex
2406 2026 2734 2088 sacerdotali
2754 2024 3005 2095 catalogo
3026 2018 3326 2077 comederit

1743 2148 1962 2195 carnes,
1995 2140 2121 2195 etc.,
2151 2137 2207 2182 ut
2239 2143 2361 2197 pag.
2400 2124 2523 2179 746.

2133 2218 2358 2274 Consilii
2396 2213 2661 2286 Ancyrani
2682 2227 2850 2266 canon
2882 2210 2936 2265 ‘5.

1818 2316 1871 2371 5.
1904 2312 2014 2369 Eos
2057 2312 2150 2382 qui
2181 2309 2453 2381 fugientes
2500 2301 2879 2374 comprehensi
2923 2304 3078 2362 sunt,
3105 2302 3214 2349 etc.
3265 2300 3324 2344 ut

1748 2423 1872 2479 pag.
1892 2405 2021 2461 758.

2118 2491 2342 2549 Concilii
2362 2488 2681 2559 Gangrensis
2715 2499 2889 2538 canon
2913 2481 2970 2536 2.

1823 2591 1878 2646 2.
1911 2586 1968 2645 Si
2002 2586 2127 2657 quis
2153 2599 2278 2640 eum
2307 2583 2657 2651 quicaruem.
2687 2582 2892 2639 etc.,ut
2926 2588 3046 2642 pag.
3086 2569 3217 2624 9‘23.

1966 2676 2126 2750 435
2149 2672 2375 2730 Concilii
2403 2668 2707 2726 aecumeuici
2739 2683 2787 2720 vr
2820 2679 2990 2719 canon
3021 2660 3111 2715 6'7.

1824 2772 1916 2827 67.
1964 2770 2156 2823 Divina
2212 2764 2373 2819 nobis
2427 2761 2708 2831 Scriptura
2764 2753 3065 2818 mandavit,
3097 2759 3233 2810 etc..
3272 2756 3330 2801 ut
3409 2795 3415 2800 .

1731 2879 1875 2933 ρης.
1901 2858 2026 2915 758.

1759 2931 1999 3024 Gregorii
2024 2943 2413 3013 Tltaumaturgi
2445 2938 2754 3024 ex‘epistola
2781 2937 2843 2989 de
2863 2936 2959 3024 .iis
3011 2934 3101 3004 qui
3156 2931 3331 2985 idolo—

2176 3025 2321 3086 thyta
2347 3008 2622 3068 comedunt
2654 3025 2822 3063 canon
2858 3008 2908 3061 I.

1829 3138 1883 3191 1.
1904 3133 2024 3188 Non
2058 3132 2163 3187 cibi
2190 3144 2290 3183 nos
2317 3133 2566 3195 gravant,
2602 3119 2949 3176 sanctissime
2972 3130 3129 3186 papa,
3168 3114 3211 3168 si
3243 3126 3336 3166 ca-

1761 3227 1890 3298 ptivi
1919 3240 1983 3280 ea
2037 3220 2376 3277 comederint
2403 3232 2526 3286 qua:
2558 3214 2650 3284 qui
2682 3213 2735 3265 in
2765 3226 2860 3266 eos
2891 3207 3194 3263 dominium
3235 3205 3337 3259 ob-

1758 3296 1935 3374 tinent
1974 3314 2056 3369 eis
2108 3316 2514 3380 opposuerunt,
2579 3305 2818 3358 maxime
2866 3300 3085 3370 quando
3129 3314 3236 3351 una
3271 3296 3345 3350 de

1760 3409 2018 3466 omnibus
2064 3405 2208 3459 fama
2239 3410 2343 3465 est,
2387 3399 2658 3453 Barbaros
2688 3396 2782 3464 qui
2826 3394 2880 3447 in
2908 3401 3124 3447 nostras
3155 3389 3337 3459 regio-

1763 3516 1860 3555 nes
1909 3497 2257 3552 incursiones
2307 3490 2573 3553 feceruut,
2631 3486 2792 3540 idolis
2829 3499 2936 3538 non
2973 3481 3338 3538 sacriﬁcasse.

1764 3591 1903 3645 Dicit
1929 3596 2110 3643 autem
2137 3581 2428 3653 Apostolus
2460 3596 2474 3633 :
2503 3576 2654 3632 Escae
2684 3576 2873 3639 ventri,
2897 3582 2945 3627 et
2982 3556 3155 3626 tenter
3183 3569 3345 3633 escis;

1764 3683 1902 3737 Deus
1932 3688 2105 3734 autem
2128 3685 2178 3731 et
2208 3682 2344 3728 hunc
2364 3688 2411 3728 et
2453 3673 2548 3726 has
2574 3671 2809 3725 destruet
2838 3668 2905 3721 ’°.
2945 3665 3052 3721 Sed
3086 3663 3347 3718 Servatur

1763 3787 1985 3845 quoque
2029 3783 2219 3827 omnes
2246 3766 2400 3822 cibos
2458 3762 2772 3817 muudans:
2833 3758 2957 3811 Non
3003 3754 3142 3826 quod
3174 3754 3345 3807 intrat

1765 3863 1965 3934 inquit,
1986 3860 2293 3931 coinquinat
2322 3856 2608 3919 hominem,
2634 3852 2724 3906 sed
2747 3850 2885 3921 quod
2906 3846 3174 3919 egreditur
3203 3845 3279 3903 ⁸⁷.

2296 4038 2489 4094 Basilii
2515 4051 2684 4090 canon
2720 4032 2813 4086 8|.

1842 4138 1931 4193 81.
1982 4134 2255 4203 Quoniam
2320 4138 2503 4185 autem
2555 4124 2713 4180 multi
2745 4124 2799 4177 in
2845 4119 3210 4175 Barbarorum
3262 4116 3349 4170 in-

1771 4230 2025 4286 cursione
2086 4226 2245 4279 Iidem
2298 4222 2351 4275 in
2422 4221 2589 4272 Deum
2646 4216 2943 4275 violarunt,
2997 4216 3351 4264 sacramenta

106 4322 220 4384 κοὺς
260 4323 599 4387 τελέσαντες,
638 4321 732 4374 καὶ
777 4320 1053 4391 ἀθεμίτων
1104 4321 1265 4374 τινῶν
1310 4322 1652 4391 γευσάμενοι,

1809 4320 1998 4375 cntilia
2046 4319 2317 4387 jurantes,
2357 4321 2414 4366 et
2468 4307 2701 4364 nefanda
2757 4303 3005 4374 quaedam
3038 4309 3345 4371 gustantes,

1951 4410 1961 4421 -
2036 4409 2046 4419 -
2128 4406 2175 4424 9-.
2219 4401 2445 4424 ..--..:..:-
2511 4399 2782 4424 ε.ιΑ1Λ-..ηι
2837 4393 3050 4424 anns-nlla
3096 4390 3345 4424 ηηηηαίιςι

107 4412 205 4464 τῶν
230 4416 284 4466 ὲν
307 4418 419 4478 τοῖς
455 4414 695 4478 εἰδώλοις
734 4417 847 4476 τοῖς
884 4390 1146 4481 ίμαγικοῖς
1192 4390 1652 4484 προσενεχθέντωπ

1813 4425 1895 4464 uae
1950 4409 2081 4477 ipsis
2128 4406 2181 4458 in
2219 4401 2449 4471 magicis
2511 4399 2783 4453 idolorum
2837 4393 3053 4462 templis
3096 4390 3355 4459 apposita

106 4503 293 4566 αὐτοῖς,
320 4499 465 4559 οὗτοι
525 4504 670 4558 κατὰ
725 4502 853 4565 τοὺς
898 4501 999 4573 ἤδη
1050 4502 1204 4573 παρὰ
1244 4500 1354 4554 τῶν
1415 4501 1673 4570 Πατέρων

110 4594 252 4663 ἡμῶν
297 4595 676 4666 ἐξενεχθέντας
718 4593 972 4658 κανόνας,
1002 4594 1050 4645 εἰ
1096 4594 1193 4664 μὲν
1232 4593 1478 4664 ἀνάγκην
1514 4593 1673 4663 χαλε-

111 4681 205 4751 τὴν
254 4687 316 4737 ἐκ
370 4684 618 4755 βασάνων
672 4682 1089 4752 ὑπομείναντες,
1133 4684 1228 4737 καὶ
1286 4681 1360 4753 μὴ
1418 4681 1674 4751 φέροντες

111 4775 224 4837 τοὺς
270 4776 482 4841 πόνους,
509 4776 602 4828 καὶ
642 4774 982 4837 αἰκισθέντες
1036 4776 1171 4844 πρὸς
1200 4774 1298 4844 τὴν
1328 4775 1552 4844 ἄρνησιν
1580 4769 1676 4843 ἧλ.

114 4864 215 4929 θον,
247 4867 303 4919 ὲν
338 4870 517 4938 τρισὶν
546 4866 721 4919 ἔτεσιν
769 4866 1028 4929 άδέκτους
1070 4861 1231 4931 εἶναι,
1258 4866 1353 4919 καὶ
1402 4868 1461 4917 ὲν
1514 4864 1672 4915 δυσὶν

116 4955 423 5027 ἀκροᾶσθαι,
492 4958 589 5012 καὶ
623 4958 682 5013 ὲν
729 4958 909 5028 τρισὶν
961 4957 1354 5021 ὑποπεσόντας,
1389 4955 1559 5018 οὕτως
1588 4954 1675 5006 δε-

118 5048 265 5111 κτοὺς
292 5048 541 5117 γενέσθαι
577 5050 655 5113 εἰς
684 5049 783 5119 τὴν
809 5048 1091 5103 κοινωνίαν
1127 5065 1139 5078 ·
1176 5050 1225 5101 εἰ
1258 5048 1314 5099 δὲ
1339 5048 1466 5101 ἄνευ
1497 5047 1666 5112 ἀνάγ-

121 5156 212 5210 κης
259 5143 497 5212 μεγάλης
550 5143 841 5213 προδόντες
881 5141 980 5213 τὴν
1020 5144 1100 5205 εἰς
1146 5141 1278 5196 Θεὸν
1338 5142 1542 5207 πίστιν,
1581 5141 1680 5194 καὶ

124 5232 375 5304 ἁψάμενοι
401 5235 501 5305 τῆς
523 5235 803 5306 τραπέζης
824 5235 932 5287 τῶν
966 5235 1280 5304 δαιμονίων,
1323 5233 1417 5286 καὶ
1445 5233 1679 5303 ὀμόσαν-

125 5338 204 5386 τες
229 5326 418 5395 ὅρκους
470 5327 834 5397 Ἑλληνικοὺς,
865 5325 1225 5381 ἐκϐάλλεσθαι
1258 5328 1358 5395 μὲν
1401 5325 1458 5377 ὲν
1510 5323 1680 5394 τρισὶν

129 5412 281 5483 ιτεσι,
305 5421 396 5473 καὶ
422 5421 480 5475 ἐν
505 5420 657 5476 δυσὶν
683 5419 861 5475 ἔτεσιν
917 5419 1244 5493 ἀκροᾶσθαι,
1273 5420 1332 5472 ὲν
1362 5417 1678 5472 ὑποπτώσει

206 5592 250 5626 ³⁸
275 5592 292 5647 Ι
318 5595 439 5651 Cor.
477 5614 549 5663 γι,
591 5598 670 5653 15.
750 5600 791 5631 ’⁷
828 5598 1013 5654 Matth.
1054 5615 1139 5663 xv,
1184 5597 1263 5651 11.

1771 4503 1942 4563 fuero,
1964 4502 2036 4556 iis
2056 4496 2361 4552 secundum
2392 4507 2636 4547 canones
2662 4491 2774 4560 jam
2807 4503 2835 4540 a
2860 4486 3114 4540 Patribus
3146 4482 3353 4535 nostris

1770 4593 1945 4647 editos
1979 4592 2345 4659 dispensetur.
2378 4584 2515 4638 Nam
2550 4582 2645 4652 qui
2688 4582 2797 4635 vim
2831 4593 3049 4650 gravem
3095 4593 3191 4646 per
3241 4586 3353 4629 tor-

1773 4694 1957 4741 menta
1997 4682 2333 4743 sustinuere,
2386 4694 2485 4732 nec
2518 4676 2759 4731 ferentes
2807 4674 3045 4736 labores,
3091 4670 3157 4724 ad
3190 4684 3343 4736 nega-

1773 4781 1976 4834 tionem
2029 4775 2186 4828 tracti
2237 4781 2385 4833 sunt,
2432 4770 2608 4824 tribus
2634 4768 2795 4821 annis
2836 4780 2945 4819 nou
2980 4762 3335 4830 recipiantur,

1778 4881 1833 4925 et
1863 4870 2076 4923 duobus
2123 4865 2370 4927 audiant,
2418 4870 2473 4916 et
2525 4862 2617 4914 ubi
2664 4859 2827 4913 annis
2864 4858 3039 4911 tribus
3088 4851 3349 4908 sulistrati

1778 4961 2001 5024 fuerint,
2060 4960 2142 5014 sic
2194 4957 2261 5011 ad
2305 4954 2749 5010 communionem
2811 4950 3189 5003 admittuntur.
3246 4941 3351 5006 Qui

1777 5068 1907 5108 vero
1929 5052 2047 5105 sine
2091 5064 2284 5119 magna
2334 5047 2384 5100 vi
2430 5046 2590 5099 tidem
2645 5046 2696 5096 in
2740 5042 2909 5096 Deum
2967 5036 3348 5107 prodiderunt,

1779 5158 2135 5211 mensamque
2176 5140 2473 5209 attigerunt
2508 5137 2924 5194 daemoniorum,
2973 5139 3027 5182 et
3059 5125 3343 5196 gentilium

1780 5244 2120 5291 sacramenta
2167 5232 2445 5302 jurarunt,
2479 5228 2769 5297 cjiciantur
2796 5220 3018 5291 quidem
3060 5218 3233 5271 tribus
3255 5231 3358 5268 au-

1782 5328 1890 5391 nis,
1920 5326 2135 5379 duobus
2160 5322 2387 5375 audiant
2413 5339 2426 5372 :
2463 5318 2555 5371 ubi
2588 5330 2716 5370 vero
2746 5312 2907 5367 annis
2934 5309 3111 5365 tribus
3147 5307 3201 5360 in
3226 5306 3353 5359 sub-

1785 5417 2051 5474 stratione
2079 5411 2376 5478 oraverint,
2416 5420 2467 5465 ct
2507 5424 2600 5479 per
2635 5406 2774 5462 alios
2809 5414 2917 5460 tres
2943 5414 3067 5457 cum
3098 5397 3368 5456 ﬁdelibus.
