3904 6220
422 209 531 277 927

1589 207 1854 270 ΡΗΟΤΙΙ
1883 205 1976 270 PA
1989 200 2400 269 TRIARCHE
2436 203 2547 265 CP.

3579 194 3672 257 99.8

427 326 497 380 ait
543 323 867 378 orationem
903 322 1171 389 steterint,
1225 322 1304 378 sic
1348 316 1707 377 admittantur
1741 322 1808 377 ad
1879 320 2007 377 boni

2153 319 2178 372 ὲ
2204 318 2540 389 εὐξαμένους
2576 313 2635 370 ὲν
2660 310 2839 387 τρισὶν
2868 308 3068 374 ἔτεσιν,
3099 305 3197 361 καὶ
3222 305 3281 359 ὲν
3320 303 3492 366 ἄλλοις
3538 317 3669 377 τρισὶ

426 431 604 471 comm
614 414 901 469 unionem.

488 612 656 686 5.36
683 611 839 669 CAP.
873 610 1013 666 XIV.
1040 642 1109 652 -—
1144 609 1221 664 De
1258 610 1399 664 laico
1431 611 1523 680 qui
1562 612 1675 681 regi
1717 609 2019 666 maledicit.

867 707 1250 775 Apostolorum
1281 719 1451 757 canon
1492 702 1579 757 84.

494 800 563 854 84
599 796 739 871 [8'5].
767 796 1029 866 Quisquis
1081 810 1266 866 regem
1299 795 1386 850 vel
1437 796 1759 865 principem,
1798 805 1933 862 ctc.,
1966 808 2021 851 ut

426 905 546 958 paq.
581 888 642 942 75
653 888 709 942 9.

865 976 1049 1032 Photii
1076 978 1265 1048 synodi
1300 993 1469 1031 canon
1504 977 1560 1032 5.

501 1074 558 1128 5.
594 1073 647 1129 Si
681 1072 805 1144 quis
839 1072 1013 1127 laicus
1039 1072 1129 1125 Dei
1161 1087 1224 1126 ac
1245 1072 1637 1137 imperatorum
1669 1080 2026 1126 contemnens

426 1168 704 1231 mandata,
736 1164 1158 1234 tremendasqne
1179 1164 1435 1218 deridens
1468 1163 1729 1217 Ecclesia:
1756 1164 2026 1218 constitu-

428 1261 605 1314 tiones
653 1260 926 1329 legesque,
986 1256 1182 1311 audeat
1243 1257 1559 1327 episcopum
1624 1255 1914 1328 quemdam
1943 1256 2026 1309 vel

426 1352 633 1405 caedere
697 1351 777 1403 Vel
839 1350 891 1402 in
953 1364 1233 1403 carcerem
1298 1351 1533 1415 tradere,
1567 1348 1685 1405 sine
1720 1348 2027 1415 causa,vel

438 1444 563 1497 licta
596 1442 663 1496 de
705 1456 895 1503 causa,
921 1440 1211 1494 anathema
1263 1440 1355 1495 sit.

498 1624 642 1697 Lege
670 1640 792 1696 quae
842 1634 971 1681 sunt
1018 1632 1278 1680 annotata
1320 1624 1377 1680 in
1410 1640 1530 1696 cap.
1566 1624 1668 1690 36,
1711 1624 1774 1682 lit
1801 1625 1854 1680 9.
1885 1639 2026 1697 prae-

427 1719 601 1774 sentis
626 1719 829 1788 operis.

500 1806 652 1862 CAP.
686 1805 804 1861 XV.
832 1835 902 1847 -—
932 1805 1009 1859 De
1038 1804 1349 1859 orthodoxi:
1383 1804 1621 1876 eulogia:
1647 1806 2017 1875 recipientibus

430 1899 494 1950 ab
527 1898 792 1952 hcereticis
822 1908 915 1951 aut
956 1895 1186 1963 Judwis,
1228 1897 1304 1952 vel
1340 1896 1656 1952 Iudaeorum
1686 1897 1835 1967 festis
1874 1913 2019 1951 com-

430 1990 845 2044 municantibus.
902 1987 970 2043 Et
1014 1990 1151 2056 quod
1188 1988 1423 2044 Sabbato
1463 2005 1567 2044 non
1593 1990 1662 2042 sit
1694 1988 2016 2058 feriundum,

430 2078 522 2134 sed
561 2090 717 2147 prout
772 2077 887 2139 ﬁeri
932 2078 1121 2146 poterit
1152 2077 1238 2131 die
1267 2076 1565 2142 Dominica,
1594 2076 1663 2130 Et
1679 2076 1743 2131 de
1764 2078 1830 2131 iis
1854 2076 1941 2148 qui
1963 2077 2020 2131 in

428 2169 802 2225 hareticorum
830 2168 1171 2222 monasteriis
1203 2166 1281 2221 vel
1324 2166 1559 2223 ecclesiis
1586 2175 1764 2223 orant.

779 2345 1155 2415 Apostolorum
1182 2361 1409 2400 canones
1439 2344 1530 2411 65,
1562 2344 1665 2400 70.

499 2438 570 2494 65
599 2436 735 2511 [63].
775 2437 831 2493 Si
860 2439 984 2508 quis
1014 2438 1248 2494 clericus
1284 2439 1370 2493 vel
1398 2437 1573 2495 laicus
1601 2438 1658 2493 in
1680 2434 2019 2511 Iudaeorum,

427 2540 557 2596 ctc.,
590 2541 646 2584 ut
672 2547 799 2602 pag.
838 2529 967 2586 758.

501 2621 569 2673 70
592 2619 731 2693 [69].
774 2619 830 2674 Si
857 2620 982 2690 quis
1016 2619 1303 2690 episcopus
1334 2618 1418 2673 vel
1446 2618 1751 2690 presbyter,
1783 2618 1865 2674 vel
1893 2619 2015 2674 dia~

431 2728 609 2767 conus
670 2712 754 2765 vel
796 2712 1022 2767 omnino
1060 2727 1127 2766 ex
1155 2711 1483 2767 sacerdotali
1508 2712 1782 2784 catalogo,
1809 2710 2020 2782 jcjunet

429 2818 554 2857 cum
592 2800 814 2864 ludatis,
843 2809 929 2857 etc
958 2842 972 2867 ,
1006 2814 1063 2857 ut
1086 2820 1207 2874 pag.
1242 2804 1368 2859 7'58.

431 2894 966 2965 ConciliizLaodiceni
994 2912 1218 2951 canones
1242 2900 1298 2967 9,
1333 2899 1424 2970 29,
1457 2900 1548 2967 32,
1575 2900 1667 2965 54,
1701 2898 1791 2963 57,
1815 2897 1906 2959 58,
1925 2897 2015 2953 59.

502 3059 554 3115 9.
581 3056 699 3114 Non
728 3059 1133 3116 concedendum
1156 3076 1299 3118 esse.
1319 3072 1448 3130 etc.;
1481 3075 1538 3119 ut
1565 3079 1691 3136 pag.
1728 3064 1856 3120 885.

502 3239 666 3313 437
694 3240 786 3297 29.
832 3240 989 3308 Quod
1036 3255 1146 3296 non
1196 3250 1417 3313 oportet
1454 3241 1805 3301 Christianos
1838 3244 2021 3315 iudai-

435 3354 581 3401 zare,
604 3346 735 3405 ctc.,
763 3347 949 3407 utpag.
970 3335 1093 3391 645.
1646 3316 1657 3342 ¹

505 3432 592 3487 52.
621 3430 778 3498 Quod
812 3444 922 3484 non
957 3437 1174 3498 oportet
1198 3428 1582 3487 haereticorum
1608 3431 2020 3488 benedictiones

436 3527 705 3594 accipere,
732 3530 864 3588 ctc.,
892 3532 951 3577 ut
978 3539 1101 3591 pag.
1132 3521 1259 3577 882.

506 3617 596 3678 '55.
668 3614 826 3682 Quod
902 3629 1013 3669 non
1088 3623 1307 3684 oportet
1366 3630 1589 3671 omnem
1642 3615 2018 3671 Christianum

436 3706 636 3762 Christi
670 3713 937 3776 martyres
966 3703 1294 3774 relinquere,
1323 3714 1453 3771 ctc.,
1481 3715 1540 3759 ut
1572 3723 1696 3776 pag.
1712 3706 1838 3772 883,

509 3798 601 3852 37.
646 3795 804 3864 Quod
832 3810 939 3849 non
975 3802 1191 3865 oportet
1219 3811 1343 3866 qua:
1394 3812 1424 3851 a
1455 3796 1659 3853 Iudaeis
1714 3799 1798 3853 vel
1851 3799 2022 3855 haere-

441 3889 563 3944 ticis
586 3887 877 3943 mittuntur
901 3886 1100 3943 festiva
1147 3887 1418 3958 accipere,
1448 3904 1627 3960 neque
1654 3905 1762 3947 una
1787 3906 1910 3947 cum
1940 3892 2021 3949 eis

440 3978 639 4036 festum
662 3995 839 4050 agere.

508 4076 597 4130 38.
638 4074 793 4142 Quod
844 4092 950 4133 non
986 4084 1206 4149 oportet
1253 4091 1281 4130 a
1311 4074 1516 4131 ludatis
1540 4089 1732 4147 azyma
1760 4076 2016 4147 accipere

437 4166 521 4222 vel
545 4184 732 4223 eorum
763 4169 1136 4239 impietatibus
1170 4183 1389 4224 commu
1402 4168 1614 4223 nicare.

506 4259 595 4314 59.
629 4258 785 4325 Quod
824 4274 931 4315 non
979 4268 1194 4330 oportet
1227 4258 1365 4314 festa
1397 4273 1559 4329 agere
1592 4274 1715 4316 cum
1763 4258 2017 4332 gentibus

436 4352 493 4399 et
519 4360 706 4399 earum
739 4346 999 4415 impietati
1033 4344 1461 4402 communicare.

508 4432 730 4487 Concilii
764 4434 1193 4506 Carthaginensis
1225 4453 1392 4491 canon
1421 4435 1514 4492 60.

511 4525 586 4581 De
608 4543 936 4597 paganorum
967 4530 1234 4582 conviviis.

505 4619 596 4674 60.
620 4620 750 4676 Illud
767 4621 931 4676 etiam
956 4622 1316 4691 petendum",
1338 4625 1660 4693 utquoniam
1676 4634 1867 4679 contra
1889 4638 2027 4694 pra:—

434 4717 587 4780 cepta
623 4709 810 4765 divina
865 4712 1116 4767 convivia
1153 4713 1344 4769 multis
1376 4715 1429 4769 in
1490 4714 1628 4770 locis
1668 4724 2022 4781 exercentur,

434 4814 557 4868 quae
594 4798 663 4853 ab
692 4815 880 4855 errore
911 4802 1100 4870 gentili
1138 4810 1372 4858 attracta
1420 4814 1570 4869 sunt,
1611 4804 1685 4859 ita
1720 4813 1780 4858 ut
1810 4819 1955 4859 nunc
1993 4820 2024 4859 a

433 4892 661 4962 paganis
699 4893 997 4949 Christiani
1060 4894 1127 4949 ad
1174 4896 1292 4950 haec
1340 4894 1666 4951 celebranda
1718 4903 2018 4965 cogantur;

432 5000 500 5038 ex
526 5001 633 5055 qua
675 5000 736 5041 re
777 4987 1113 5058 temporibus
1150 4987 1597 5044 Christianorum
1636 4990 2025 5059 imperatorum

435 5078 749 5143 persecutio
771 5079 945 5134 altera
975 5079 1088 5135 ﬁeri
1120 5082 1333 5137 occulte
1359 5081 1612 5136 videatur
1649 5099 1664 5135 :
1704 5082 1872 5136 vetari
1899 5081 2027 5135 talia

430 5165 680 5236 jubeant,
708 5178 762 5225 et
790 5171 857 5225 de
886 5171 1205 5227 civitatibus
1246 5181 1301 5228 et
1331 5173 1398 5227 de
1444 5172 1890 5242 possessionibus
1924 5173 2027 5226 im-

435 5258 618 5327 posita
686 5275 848 5330 poena
909 5263 1251 5331 probibere':
1292 5264 1529 5320 maxime
1571 5280 1694 5320 cum
1751 5264 1915 5319 etiam
1951 5266 2024 5333 ,in

432 5351 717 5409 Natalibus
744 5354 1192 5411 beatissimorum
1229 5365 1531 5428 martyrum
1577 5373 1672 5427 per
1724 5359 2016 5414 nonnullas

433 5440 707 5512 civitates,
744 5454 800 5501 et
844 5446 903 5503 in
953 5446 1088 5518 ipsis
1118 5447 1255 5505 locis
1289 5449 1464 5507 sacris
1492 5449 1618 5506 talia
1668 5450 2016 5508 committere

506 5625 550 5659 "
578 5626 750 5685 Coac.
783 5627 954 5688 Alric.
979 5644 1030 5684 c.
1058 5627 1146 5683 27.

2128 410 2432 472 συστάντας
2460 409 2575 470 τοῖς
2600 407 2815 467 πιστοῖς
2840 403 2920 465 είς
2940 401 3039 471 τὴν
3068 399 3271 470 δέησιν,
3312 394 3451 457 οὕτω
3472 395 3668 461 omnia;

2125 496 2266 554 εἶναι
2289 504 2356 572 τῇ
2388 498 2486 553 τοῦ
2506 494 2715 567 ἀγαθοῦ
2745 492 3020 564 κοινωνίᾳ.

2125 615 2376 669 ΚΕΦΛΛ.
2408 614 2502 667 lA’.
2535 641 2607 651 -
2633 609 2770 677 Περὶ
2801 606 3016 669 λαῖκοῡ
3056 601 3399 672 ὑϐρίζοντος
3417 600 3673 665 βασιλέα,

2560 701 2945 758 Ἀποστόλων
2977 696 3178 753 κανὼν
3196 695 3301 748 πδ’.

2194 796 2300 855 πδ.
2324 796 2514 860 Ὅστις
2542 794 2757 866 ὑϐρίσει
2782 791 3025 863 βασιλέα,
3064 806 3121 843 κ.
3147 805 3200 841 τ.
3224 785 3277 842 λ.

2308 977 2431 1048 Τῆς
2485 976 2583 1031 ἐπὶ
2634 974 2861 1030 Φωτίου
2906 970 3175 1028 συνόδου
3232 970 3431 1026 κανὼν
3455 978 3524 1039 γ’.

2198 1083 2265 1145 γ’.
2302 1074 2368 1127 Εἴ
2423 1091 2507 1136 τις
2558 1072 2666 1125 τῶν
2732 1068 2934 1123 λαῖκῶν
2968 1066 3340 1136 αὐθεντήσας,
3400 1065 3490 1117 καὶ
3530 1080 3679 1117 κατα-

2128 1166 2403 1237 φρονήσας
2441 1164 2539 1237 μὲν
2566 1161 2676 1215 τῶν
2700 1159 2859 1213 θείων
2882 1158 2978 1212 καὶ
3013 1156 3308 1227 βασιλικῶν
3361 1154 3682 1225 προσταγμά-

2127 1276 2258 1321 των,
2292 1256 2671 1324 καταγελάσας
2694 1252 2752 1307 δὲ
2787 1251 2882 1305 καὶ
2910 1250 3017 1303 τῶν
3042 1248 3287 1320 φρικτῶν
3312 1247 3413 1317 τῆς
3477 1245 3682 1315 Ἐκκλη-

2132 1348 2253 1410 cia;
2289 1346 2506 1417 Θεσμῶν
2555 1361 2615 1399 τε
2674 1343 2770 1397 καὶ
2815 1342 3020 1412 νόμων,
3042 1341 3367 1412 τολμήσειεν
3416 1339 3683 1391 ἐπίσκοπόν

2128 1457 2249 1493 τινα
2299 1438 2484 1509 τύψαι,
2523 1437 2556 1508 ἦ
2614 1433 3001 1506 φυλακίσαι,ἢ
3050 1433 3224 1505 χωρὶς
3270 1432 3470 1499 αἰτίας,
3518 1431 3550 1501 ἦ
3601 1430 3685 1484 καὶ

2135 1530 2596 1601 συμπλασάμενος
2644 1528 2846 1591 αἰτίαν,
2874 1529 2902 1579 ὁ
2950 1525 3191 1589 τοιοῦτος
3238 1524 3482 1593 ἀνάθεμα
3538 1521 3683 1576 ἔστω.

2216 1621 2517 1691 Ἀνάγνωθι
2564 1620 2632 1674 τὰ
2673 1619 3191 1690 παραγεγραμμένα
3227 1620 3286 1672 ὲν
3328 1618 3409 1688 τῷ
3454 1614 3537 1682 λς’
3571 1632 3683 1684 κεφ.

2124 1714 2217 1769 τοῦ
2245 1713 2289 1767 θ’
2318 1713 2426 1767 τίτ.
2457 1711 2553 1765 τοῦ
2576 1711 2842 1782 παρόντος
2878 1712 3272 1780 συντάγματος.

2195 1805 2446 1859 ΚΕΦΑΛ.
2474 1804 2578 1861 IE'.
2610 1832 2684 1846 —
2730 1802 2871 1872 Περὶ
2900 1801 3241 1872 ὀρθοδόξων
3278 1801 3686 1871 λαμϐανόντων

2126 1896 2408 1963 εὐλογίας
2460 1895 2581 1950 ἀπὸ
2619 1893 2931 1963 αἱρετικῶν
2961 1892 3001 1961 ἢ
3054 1890 3367 1955 Ἰουδαίων,
3396 1890 3433 1959 ἢ
3461 1905 3688 1957 συνεορ-

2139 1988 2435 2048 ταζόντων
2480 1986 2785 2053 Ἰουδαίοις
2818 2001 2835 2019 ο
2867 1984 2964 2039 καί
2989 1985 3077 2038 ὅτι
3109 1985 3182 2037 οὐ
3210 1982 3307 2036 δεῖ
3338 1982 3463 2048 τοῖς
3497 1981 3689 2036 Σαϐϐἀι

2130 2094 2256 2143 τοις
2308 2074 2649 2146 σχολάζειν,
2681 2074 2843 2130 ἀλλὰ
2874 2074 3025 2128 κατὰ
3062 2073 3130 2127 τὸ
3172 2070 3441 2126 δυνατὸν
3490 2069 3562 2138 τῇ
3587 2074 3689 2124 Kn-

2126 2168 2311 2241 ριακῇ
2341 2186 2354 2198 ·
2381 2167 2481 2223 καὶ
2509 2167 2784 2238 περὶτῶν
2803 2168 3149 2237 εὐχομένων
3175 2165 3247 2221 ἐν
3278 2165 3690 2235 μοναστηρίοις

2124 2261 2163 2332 ἢ
2194 2261 2564 2332 ἐκκλησίαις
2582 2260 2917 2331 αἱρετικῶν.

2515 2353 2897 2407 Ἆποστόλων
2916 2366 3117 2405 κανων
3138 2348 3231 2414 ξεί,
3265 2354 3331 2403 ον.

2198 2444 2289 2511 ξε’.
2318 2443 2386 2500 Et
2409 2461 2495 2508 τις
2531 2444 2793 2515 κληρικὸς
2819 2442 2852 2513 ἢ
2883 2431 3069 2498 λαῖκὺς
3099 2441 3333 2495 εἰσέλθοι
3355 2442 3436 2507 εἰς
3462 2457 3690 2508 συναγω-

2126 2535 2230 2608 γὴν
2275 2536 2569 2601 Ἰουδαίων,
2610 2553 2667 2589 κ.
2695 2552 2748 2589 τ.
2778 2535 2829 2591 λ.

2196 2625 2261 2681 ο’.
2296 2628 2362 2681 Et
2390 2643 2475 2691 τις
2517 2626 2835 2690 ἐπίσκοπος,
2867 2623 3302 2699 ἢπρεσϐύτερος,
3326 2622 3628 2697 ἢδιάκονος,
3662 2621 3692 2691 ἢ

2123 2718 2260 2781 ὅλως
2288 2717 2384 2771 τοῦ
2435 2717 2739 2786 καταλόγου
2785 2717 2894 2771 τῶν
2944 2715 3244 2786 κληρικῶν,
3281 2714 3536 2787 νηστεύοι
3568 2712 3695 2783 μετά

2138 2809 2426 2876 Ἰουδαίων,
2454 2829 2509 2864 κ.
2536 2828 2587 2864 τ.
2626 2809 2679 2866 λ.

2127 2903 2398 2957 Συνόδου
2454 2900 2803 3035 Λαοδικεςὶίξς
2857 2898 3071 3023 farrata,
3100 2899 3183 2964 θ’,
3236 2897 3317 2952 κθ¹
3346 2942 3363 2967 ,
3424 2896 3538 2969 λβ’,
3585 2892 3655 2949 λδ’
3679 2937 3693 2963 ,

2803 3013 2816 3035 θ
2891 2990 2963 3035 η,
3079 3011 3093 3026 ·

2803 3013 2816 3038 ,
2859 2990 3093 3040 Αη,Αυ.

2046 3044 2091 3107 C
2199 3062 2271 3120 θ’.
2333 3063 2472 3135 Περὶ
2528 3063 2625 3118 τοῦ
2695 3062 2771 3134 μὴ
2824 3064 3130 3134 συγχωρεῖν
3185 3062 3266 3125 εἰς
3318 3059 3389 3114 τὰ
3447 3057 3699 3131 κοιμητή-

2192 3174 2254 3220 α,
2289 3173 2345 3215 κ.
2376 3172 2427 3209 τ.
2458 3154 2510 3207 λ.

2171 3174 2254 3220 ια,
2376 3173 2427 3209 τ.
2461 3173 2510 3207 Α.

2135 3173 2167 3227 ρ
2199 3173 2469 3303 κθνῗιὌτι
2504 3246 2566 3302 οὗ
2595 3246 2674 3301 δεῖ
2695 3244 3056 3319 Χριστιανοὺς
3101 3242 3441 3309 Ἰουδαΐζειν,
3489 3259 3543 3296 κ.
3573 3256 3623 3294 τ.
3654 3239 3698 3295 λ.

2207 3429 2310 3501 λβ’.
2358 3430 2484 3484 Ὀτι
2531 3429 2593 3483 οὐ
2632 3427 2716 3483 δεῖ
2755 3427 3052 3500 αἱρετικῶν
3091 3425 3347 3496 εὐλογίας
3380 3423 3702 3496 λαμϐάνειν,

2132 3539 2187 3577 κ.
2219 3538 2272 3577 τ.
2308 3521 2359 3576 λ.

2200 3612 2295 3668 λδ’.
2334 3613 2457 3666 Ὀτι
2491 3612 2552 3666 οὐ
2596 3612 2679 3668 δεῖ
2723 3612 2905 3667 πάντα
2946 3612 3272 3686 Χριστιανὸν
3299 3608 3705 3664 ἐγκαταλείπειν

2138 3705 2425 3777 μάρτυρας
2455 3704 2712 3776 Χριστοῦ,
2752 3722 2806 3760 κ.
2836 3721 2888 3761 τ.
2922 3704 2974 3759 λ.

2201 3797 2301 3863 λζ’.
2340 3798 2463 3852 Ὅτι
2492 3798 2554 3850 οὐ
2583 3797 2664 3851 δεῖ
2691 3798 2844 3869 παρὰ
2890 3796 3001 3849 τῶν
3030 3812 3326 3866 αιρετικων
3369 3796 3403 3867 ἦ
3457 3791 3706 3848 ἰουδαίων

2129 3889 2202 3943 τὰ
2231 3890 2558 3960 πεμπόμενα
2587 3888 2915 3961 ὲορταστικὰ
2944 3888 3263 3959 λαμϐάνειν,
3323 3886 3464 3958 μηδὲ
3500 3899 3705 3953 συνεορ·

2131 3981 2316 4045 τάξειν
2338 3982 2544 4045 αὐτοῖς.

2203 4072 2305 4143 λη’.
2341 4073 2464 4127 Ὀτι
2504 4072 2564 4126 οὐ
2599 4071 2685 4125 δεῖ
2721 4071 2875 4141 παρὰ
2902 4071 3011 4125 τῶν
3049 4070 3323 4126 Ἰουδαίων
3361 4072 3550 4141 ἄζυμα
3575 4069 3705 4138 λαμ-

2131 4164 2337 4228 ϐάνειν,
2373 4163 2406 4233 ἢ
2443 4165 2722 4216 κοινωνεῖν
2748 4165 2867 4225 ταῖς
2898 4162 3177 4225 ἀσεϐείαις
3210 4162 3415 4217 αὐτῶν.

2203 4257 2303 4313 λθ’.
2336 4258 2459 4312 Ὅτι
2490 4258 2550 4311 οὐ
2598 4258 2680 4311 δεῖ
2703 4260 2815 4321 τοῖς
2844 4258 3024 4312 ἔθνεσι
3056 4256 3440 4327 συνεορτάζειν
3472 4256 3567 4311 καὶ
3604 4270 3708 4309 κοι-

2132 4353 2320 4419 νωνεῖν
2350 4353 2415 4423 τῇ
2447 4350 2702 4421 ἀθεότητι
2740 4350 2941 4404 αὐτῶν.

2399 4440 2671 4495 Συνόδου
2704 4440 3123 4509 Καρθαγώννης
3154 4439 3354 4495 κανὼν
3386 4439 3451 4506 ξ’.

2196 4530 2332 4598 Περὶ
2349 4530 2455 4584 τοῦ
2472 4528 2804 4599 ἀφελέσθαι
2822 4530 2895 4583 τὰ
2914 4528 3033 4584 τῶν
3049 4530 3359 4600 Ἑλλήνων
3381 4532 3707 4602 συμπόσια.

2198 4622 2261 4687 ξ’.
2308 4624 2546 4679 Κάκεῖνο
2598 4621 2679 4677 ἔτι
2723 4621 2830 4693 μὴν
2859 4622 2941 4674 δεῖ
2970 4622 3195 4693 αἰτῆσαι
3240 4624 3395 4694 παρὰ
3432 4625 3544 4677 τῶν
3582 4624 3711 4693 Χρι-

2126 4713 2360 4768 στιανῶν
2390 4712 2677 4785 βασιλέων,
2720 4713 2910 4784 ἐπειδὴ
2954 4713 3105 4785 παρά
3142 4713 3210 4767 τὰ
3240 4713 3359 4767 θεῖα
3404 4712 3711 4785 παραγγέλ-

2130 4822 2274 4876 ματα
2292 4806 2353 4859 ev
2376 4805 2590 4866 πολλοῖς
2609 4802 2798 4868 τόποις
2825 4804 3104 4874 συμπόσια
3124 4803 3297 4867 οὕτως
3318 4805 3709 4863 ἐπιτελοῦνται,

2128 4897 2193 4949 ἐκ
2230 4896 2331 4965 τῆς
2370 4896 2593 4962 ὲθνικῆς
2634 4895 2843 4965 πλάνης
2875 4894 3309 4965 προενεχθέντα,
3341 4895 3418 4959 ὡς
3455 4896 3552 4948 καὶ
3582 4895 3710 4963 Χρι-

2131 4987 2384 5050 στιανοὺς
2406 4991 2518 5049 τοῖς
2552 4988 2782 5058 Ἕλλησι
2813 4986 2986 5056 λάθρα
3015 4987 3497 5058 προσσυνάγεσθαι
3528 4987 3620 5039 ἐπὶ
3650 4986 3708 5054 τῇ

2128 5080 2333 5135 τούτων
2356 5081 2570 5152 τελετῇ,
2601 5082 2689 5135 ἵνα
2718 5080 3020 5159 κελεύσωσι
3052 5082 3122 5135 τὰ
3149 5081 3377 5135 τοιαῦτα
3405 5081 3710 5150 κωλυθῆναι

2126 5174 2221 5228 καὶ
2255 5176 2318 5227 ἐκ
2369 5173 2480 5226 τῶν
2522 5173 2732 5227 πόλεων
2776 5172 2872 5226 καὶ
2914 5174 2979 5227 ὲκ
3018 5172 3127 5227 τῶν
3161 5174 3447 5245 κτήσεων,
3484 5173 3711 5243 μάλιστα

2124 5266 2206 5318 δτι
2240 5265 2335 5318 καὶ
2368 5265 2426 5318 ἐν
2456 5264 2639 5327 αὐτοῖς
2669 5265 2781 5327 τοῖς
2814 5263 3082 5331 γενεσίοις
3113 5264 3222 5316 τῶν
3257 5262 3548 5334 μακαρίων
3578 5277 3709 5332 μαρ-

2125 5353 2306 5426 τύρων
2340 5353 2444 5407 ἀνά
2487 5369 2642 5416 τινας
2675 5353 2860 5415 πόλεις
2894 5353 2990 5406 καὶ
3028 5355 3107 5416 εἰς
3143 5353 3338 5415 αὐτοὺς
3367 5352 3499 5415 τοὺς
3539 5351 3709 5421 ἱεροὺς

2122 5448 2322 5512 τόπους
2357 5446 2584 5501 τοιαῦτα
2610 5444 2949 5517 πλημμελεῖν
2975 5446 3073 5517 οὐχ
3102 5446 3415 5517 ὑφορῶνται
3438 5461 3452 5475 ⁸
3521 5446 3582 5498 ἂν
3624 5436 3707 5505 αἷς
