3904 6220
237 317 348 383 929

850 312 1251 377 SYNTAGMA
1290 307 1678 371 CANONUM.
1704 330 1772 341 —
1795 298 1948 366 TIT.
1986 297 2159 385 xm,
2201 297 2358 361 CAP.
2395 296 2531 360 xw
2552 322 2622 337 -—
2652 257 2873 360 xvni.

3397 292 3508 358 930

235 435 501 505 ἡμέραις,
534 430 565 483 ὃ
599 430 693 484 καὶ
725 429 910 498 λέγειν
952 428 1183 499 αἰσχύνη
1213 427 1363 480 ἐστὶν
1385 468 1398 489 ,
1440 426 1693 495 ὀρχήσεις
1724 440 1827 492 μυ-

1958 432 2044 471 ιοιι
2082 415 2467 470 reformident.
2518 412 2729 479 Quibus
2765 410 2959 465 diebus
2997 406 3202 473 etiam,
3227 408 3373 478 quod
3406 424 3509 478 pu-

237 525 417 595 σαρὰς
466 525 547 586 είς
578 520 708 584 τοὺς
750 521 956 591 ἀγροὺς
983 519 1080 573 καὶ
1120 519 1198 581 είς
1227 518 1325 581 τὰς
1371 516 1634 577 πλατείας
1665 516 1823 567 ἐκτε-

231 618 444 680 λοῦσιν,
478 615 620 668 ὥστε
649 615 717 684 τῇ
743 611 850 666 τῶν
881 609 1297 664 οίκοδεσποινῶν
1328 606 1494 679 τιμῇ,
1522 607 1618 660 καὶ
1649 606 1824 660 ἄλλων

234 707 634 778 ἀναριθμήτων
664 702 938 775 γυναικῶν
967 704 1035 774 τῇ
1058 702 1197 755 αίδοῖ
1224 701 1332 754 τῶν
1354 699 1596 762 εὐλαϐῶς
1619 700 1700 761 είς
1725 697 1823 769 τὴν

236 800 401 866 ἁγίαν
427 798 645 869 ἡμέραν
668 794 1148 866 παραγενομένων,
1171 793 1395 861 λάγναις
1423 790 1645 863 ὕϐρεσιν
1669 790 1827 859 ἐφορ-

240 893 384 961 μᾷνν
429 890 507 955 ὡς
550 890 645 944 καὶ
674 889 846 957 αὐτῆς
877 889 975 959 τῆς
1005 887 1168 956 ἁγίας
1205 884 1440 948 πίστεως
1468 882 1657 955 σχεδὸν
1691 880 1823 951 φεύο

235 984 435 1050 γεσθαι
460 983 562 1052 τὴν
592 980 971 1056 προσέλευσιν.

323 1072 627 1141 Ἀνάγνωθι
681 1072 750 1125 τὰ
803 1067 1319 1141 παραγεγραμμένα
1370 1067 1429 1119 ὲν
1467 1064 1545 1136 τῷ
1585 1070 1645 1119 ιε’
1696 1081 1819 1133 κεφ.

237 1166 334 1222 τοῦ
370 1165 422 1236 γ’
451 1168 562 1223 τίτ.
602 1163 695 1219 τοῦ
738 1166 1005 1235 παρόντος
1037 1161 1452 1231 συντάγματος,
1485 1159 1582 1211 καὶ
1614 1156 1659 1211 δ’
1694 1175 1821 1228 κεφ.

234 1259 332 1313 τοῦ
371 1260 416 1321 ζ’
449 1259 557 1312 τίτ.

309 1350 568 1404 ΚΕΦΑΛ.
607 1346 727 1416 IG'J
755 1379 824 1393 -
877 1346 1017 1416 Περὶ
1050 1338 1280 1401 λατκῶν
1313 1340 1694 1411 πειρωμένων
1738 1337 1824 1409 μὴ

232 1439 395 1495 εἶναι
426 1442 572 1510 τοὺς
600 1441 924 1510 κληρικοὺς
949 1440 1070 1494 τῶν
1094 1437 1521 1509 μοναστηρίων
1546 1434 1642 1487 καὶ
1674 1448 1821 1485 πτω-

232 1537 423 1603 χείων
442 1535 545 1588 καὶ
570 1535 962 1605 μαρτυρείων,
992 1533 1113 1589 ὑπὸ
1140 1531 1256 1601 τὴν
1284 1528 1579 1596 ἐξουσίαν
1599 1527 1669 1581 ἐν
1696 1525 1823 1591 ταῖς

232 1625 503 1679 πόλεσιν
537 1624 906 1679 ἐπισκόπων.

522 1716 791 1771 Συνόδου
821 1712 1209 1784 Χαλκηδόνος
1241 1710 1445 1767 κανὼν
1468 1715 1543 1782 η’.

306 1816 381 1883 η’.
421 1811 488 1865 Οί
526 1811 784 1883 κληρικοὶ
818 1808 929 1863 τῶν
974 1808 1257 1880 πτωχείων
1295 1808 1390 1861 καὶ

233 1902 335 1955 καὶ
371 1902 741 1973 μαρτυρείων,
774 1918 829 1955 κ.
860 1916 911 1954 τ.
940 1898 993 1955 λ.

306 1993 570 2050 ΚΕΦΑΛ.
622 1995 726 2048 ΙΖ.’
759 2025 829 2036 -
869 1991 1010 2061 Περὶ
1053 1987 1281 2045 λαϊκῶν
1341 1984 1826 2057 προστιθεμένων

236 2083 366 2150 τοῖς
394 2083 838 2153 ἀφοριζομένοις
874 2082 913 2151 ἢ
944 2081 1341 2149 ἀποσχίζουσι
1374 2076 1822 2147 πρεσϐυτέροις,

236 2172 338 2225 καὶ
369 2172 551 2242 χωρίς
588 2171 709 2227 τῶν
752 2171 1101 2226 ἐπισκόπων
1143 2166 1343 2223 αὐτῶν
1365 2209 1381 2236 ,
1424 2164 1825 2235 θυσιαστήρια

238 2262 669 2340 surruperem.

667 2354 1052 2415 Ἀποσεόλων
1085 2349 1288 2411 κανὼν
1312 2350 1417 2409 λα’.

309 2455 418 2509 λα’.
460 2454 529 2507 Εί
568 2470 654 2517 τις
686 2451 1058 2523 πρεσϐύτερος
1092 2447 1519 2519 καταφρονήσας
1559 2437 1655 2497 τοῦ
1694 2437 1825 2496 ἰδίου

242 2545 550 2601 ὲπισκόπου
571 2584 586 2610 ,
617 2561 674 2598 κ.
704 2560 755 2598 τ.
789 2545 838 2596 λ.

330 2637 634 2707 Ἀνάγνωθι
660 2636 726 2690 τὰ
760 2630 1276 2708 παραγεγραμμένα
1302 2629 1360 2684 ὲν
1384 2626 1461 2700 τῷ
1484 2626 1545 2681 ιδ’
1574 2642 1697 2694 κεφ.
1731 2620 1828 2676 τοῦ

243 2733 293 2795 γ’
323 2727 433 2781 τίτ.
467 2726 565 2779 τοῦ
596 2724 863 2795 παρόντος
896 2722 1291 2791 συντάγματος.

320 2821 577 2873 ΚΕΦΑΛ.
610 2818 718 2872 Ill'.
750 2844 822 2858 —-
861 2815 1002 2885 Περὶ
1036 2814 1329 2883 ἐπιόρκων
1350 2852 1366 2880 ,
1409 2809 1510 2866 καὶ
1541 2809 1612 2864 ἐν
1639 2808 1835 2874 ποίοις

244 2910 347 2965 δεῖ
369 2911 511 2975 τοὺς
540 2910 872 2981 ὀμνύοντας
899 2906 985 2977 μὴ
1016 2903 1304 2975 εὐορκεῖν.

326 3004 657 3059 Βασίλειον
686 3001 889 3055 κανὼν
921 3005 973 3063 ι’,
1008 2998 1096 3065 ιζ’,
1123 2994 1228 3061 κθ’,
1251 2993 1343 3059 ξδ’,
1366 2992 1479 3064 πβ¹.

325 3105 380 3153 ι’.
412 3098 475 3151 Ol
508 3094 803 3167 ὀμνύοντες
833 3092 909 3163 μὴ
938 3085 1335 3160 καταδέχεσθαι
1363 3086 1463 3157 τὴν
1477 3081 1836 3155 χειροτονίαν,

253 3207 309 3245 κ.
349 3206 402 3243 τ.
438 3188 490 3242 λ.

329 3283 416 3347 ιζ’.
461 3281 784 3351 Ἦρὼτησας
811 3279 962 3350 ἡμᾶς
987 3279 1116 3349 περὶ
1137 3273 1416 3345 Βιάνορος,
1446 3289 1501 3327 κ.
1531 3288 1585 3325 τ.
1617 3268 1671 3324 λ.

331 3446 439 3502 κθ¹.
483 3446 802 3517 Ἀρχοντας
833 3440 1017 3510 μέντοι
1057 3438 1278 3509 ὀμνύειν
1314 3436 1407 3491 ἐπὶ
1426 3435 1505 3507 τῷ
1524 3432 1839 3491 κακοποιεῖν

260 3543 383 3604 τοὺς
409 3538 769 3609 ἀρχομένους,
804 3534 899 3588 καὶ
930 3534 1072 3588 πάνυ
1106 3528 1506 3602 θεραπεύεσθαι
1537 3526 1838 3597 προσῆκενο

263 3624 334 3685 ὧν
352 3633 387 3701 ή
408 3627 679 3700 θεραπεία
693 3625 864 3695 διττὴ,
884 3622 983 3693 μία
1014 3621 1112 3692 μὲν
1143 3621 1217 3691 μὴ
1241 3618 1462 3689 ὀμνύειν
1478 3615 1675 3676 αὐτοὺς
1695 3613 1843 3668 διδά-

263 3720 492 3775 σκεσθαι
529 3716 836 3791 προχείρως
858 3730 873 3745 ’
906 3713 1069 3783 ἑτέρα
1092 3712 1171 3777 δὲ,
1207 3710 1283 3781 μὴ
1316 3708 1597 3778 ἐπιμένειν
1631 3706 1688 3758 ἐν
1721 3705 1843 3767 ταῖς

262 3815 531 3884 πονηραῖς
573 3810 816 3881 κρίσεσιν
842 3822 859 3838 ·
893 3805 1034 3859 ὥστε
1080 3804 1231 3876 ὅρκῳ
1273 3797 1610 3873 προληφθείς
1638 3813 1723 3861 τις
1764 3797 1844 3859 εἰς

261 3902 593 3959 κακοποιίαν
622 3902 807 3972 ἑτέρου
829 3942 844 3967 ,
876 3899 975 3971 τὴν
1004 3896 1097 3951 ἐπὶ
1129 3897 1199 3967 τῇ
1228 3891 1532 3965 προπετείᾳ
1558 3888 1653 3943 τοῦ
1677 3889 1842 3960 ὅρκου

266 3996 559 4066 μετάνοιαν
611 3990 1042 4055 ἐπιδεικνύσθω,
1104 3984 1180 4058 μὴ
1246 3984 1431 4055 μέντοι
1490 3980 1844 4051 προσχήματι

262 4087 589 4151 εύλαόείας,
635 4087 733 4156 τὴν
783 4083 1047 4155 πονηρίαν
1090 4076 1285 4134 ἑαυτοῦ
1337 4074 1669 4147 βεϐαιούτω·
1722 4070 1845 4126 οὐδὲ

261 4183 369 4250 γὰρ
431 4178 653 4251 Ἡρώδῃ
714 4178 1007 4247 συνέφερεν
1057 4171 1460 4244 εύορκήσαντι;
1504 4167 1562 4230 ὃς
1614 4167 1704 4221 ἵνα
1766 4163 1842 4235 μὴ

261 4271 574 4341 ἐπιορκήσει
621 4269 815 4339 δῆθεν,
862 4265 1057 4336 φονεὺς
1099 4263 1320 4333 ἐγένετο
1372 4259 1470 4315 τοῦ
1520 4257 1844 4331 προφήτου*

260 4360 405 4428 ἆπαξ
433 4360 537 4431 μὲν
562 4362 591 4413 ό
626 4361 785 4430 ὅρκος
815 4356 1215 4428 ἀπηγόρευται,
1245 4352 1430 4423 πολλῷ
1474 4350 1534 4406 δέ
1560 4366 1661 4403 που
1697 4346 1844 4412 είκδς

257 4453 348 4506 τὸν
368 4453 467 4505 ἐπὶ
502 4450 660 4522 κακῷ
686 4449 970 4519 γινόμενον
995 4444 1437 4518 κατακεκρίσθαι
1457 4459 1470 4474 ο
1503 4442 1644 4497 ὥστε
1678 4457 1843 4512 μετα-

1924 508 2076 564 doris
2113 517 2197 563 est
2224 506 2426 571 dicere,
2449 505 2766 560 saltationes
2808 502 3265 558 sceleratissimas
3297 514 3392 572 per
3415 502 3501 554 vi-

1925 613 2026 655 cos
2054 608 2217 667 atque
2246 597 2457 667 plateas
2489 602 2775 650 exerceant
2801 610 2816 649 :
2854 603 2911 648 ut
2942 594 3264 648 matronalis
3314 593 3511 657 honor,

1923 697 1979 745 et
2005 686 2485 742 innumerabilium
2538 684 2861 738 feminarum
2924 684 3119 753 pudor,
3174 684 3375 738 devote
3410 699 3506 737 ve-

1923 781 2193 837 nientium
2239 778 2307 833 ad
2361 778 2794 833 sacratissimum
2848 776 3017 842 diem,
3080 777 3298 846 injuriis
3351 776 3515 830 lasci-

1923 871 2197 927 vientibus
2250 876 2570 938 appetatur;
2607 876 2664 921 ut
2718 866 2882 921 etiam
2925 868 3095 932 ipsius
3146 875 3357 920 sancta:
3385 865 3515 917 reli-

1922 962 2097 1031 gionis
2133 960 2243 1032 (55)
2269 975 2404 1031 pene
2433 958 2675 1031 fugiatur
2703 973 2984 1013 accessus.

1993 1054 2161 1125 [‘38
2184 1054 2322 1124 Lege
2352 1069 2473 1124 quae
2510 1062 2769 1106 annotata
2817 1060 2945 1106 sunt
2986 1051 3040 1106 in
3068 1065 3189 1120 cap.
3226 1050 3315 1115 15,
3343 1049 3429 1103 tit.
3458 1050 3514 1111 5,

1922 1145 2207 1214 praesentis
2230 1144 2434 1213 operis,
2467 1152 2518 1198 et
2558 1158 2678 1213 cap.
2707 1143 2761 1207 4,
2794 1143 2881 1195 tit.
2903 1141 2955 1194 '7.

1994 1320 2126 1374 CAP
2164 1319 2307 1375 XVI.
2338 1350 2393 1361 —
2432 1319 2510 1374 De
2542 1319 2691 1373 laicis
2719 1318 2809 1388 qui
2842 1317 2971 1371 dant
3002 1332 3209 1386 operam
3238 1315 3517 1385 quominus

1925 1410 2108 1466 clerici
2138 1410 2601 1473 monasteriorum,
2633 1407 3164 1479 ptochodochiorum,
3220 1415 3270 1460 et
3311 1417 3515 1474 marty-

1925 1504 2130 1556 riorum
2158 1503 2218 1556 in
2243 1510 2499 1572 potestate
2528 1500 2720 1555 urbani
2756 1501 2986 1570 episcopi
3013 1500 3146 1553 sint.

2228 1686 2453 1742 Concilii
2485 1686 2929 1742 Chalcedonensis
2964 1703 3135 1740 canon
3159 1685 3215 1740 8.

1422 1817 1432 1876 ξ
1440 1778 1682 1877 μοναστη
1691 1821 1720 1875 ρ
1729 1803 1822 1857 ίων

1997 1780 2050 1835 8.
2086 1778 2282 1837 Clerici
2340 1781 3226 1852 ptochorum,etnonasteriorutn,
3262 1787 3395 1847 etc.,
3460 1787 3519 1832 ut

1969 1889 2055 1927 aa.
2090 1872 2214 1927 558.

1969 1889 1999 1926 α
2042 1912 2055 1924 .
2128 1888 2159 1927 'c.
2201 1912 2214 1925 .

1931 1888 1965 1943 Ρ
2003 1888 2363 2017 ἓΛῗξδΧνιι.
2394 1990 2465 2004 —-
2495 1962 2572 2018 De
2599 1962 2753 2017 laici:
2787 1963 2877 2034 qui
2906 1961 3174 2017 adluerent
3204 1962 3518 2034 presbyteris

1932 2058 2218 2127 segregatis
2242 2056 2321 2111 vel
2341 2057 2718 2125 schismaticis,
2744 2057 2835 2127 qui
2868 2059 2983 2110 sine
3003 2057 3366 2127 episcoporum
3389 2071 3485 2108 suo
3506 2083 3519 2093 -

1929 2162 2052 2203 tum
2086 2149 2238 2203 venia
2268 2148 2470 2203 altaria
2496 2149 2860 2205 constituunt.

2374 2339 2754 2409 Apostolorum
2782 2354 2952 2394 canon
2981 2340 3073 2396 51.

2010 2427 2072 2486 51
2112 2427 2230 2503 [501
2260 2428 2316 2485 Si
2344 2430 2470 2502 quis
2490 2430 2774 2502 presbyter
2804 2441 3117 2500 contempto
3136 2429 3356 2502 proprio
3378 2430 3514 2501 epis-

1936 2536 2095 2593 c0po,
2127 2532 2256 2586 etc.,
2280 2532 2337 2577 ut
2369 2540 2491 2593 pag.
2518 2522 2645 2577 585.

2009 2610 2151 2683 Lege
2189 2628 2311 2682 quae
2343 2621 2603 2667 annotata
2663 2619 2792 2667 sunt
2828 2611 2882 2668 in
2916 2626 3039 2683 cap.
3073 2612 3142 2667 14
3178 2612 3263 2668 ιίι.
3295 2610 3349 2678 9,
3386 2627 3527 2682 ιιι-αε-

1943 2701 2116 2758 scntis
2146 2702 2348 2771 operis.

2012 2790 2169 2846 CAP.
2200 2789 2383 2847 XVI".
2414 2790 2576 2845 -—De
2601 2793 2874 2863 perjuriis,
2902 2801 2948 2846 et
2971 2791 3316 2863 quandonam
3336 2792 3531 2863 juran-

1943 2896 2018 2940 tes
2047 2886 2318 2954 contingat
2360 2901 2463 2937 non
2490 2895 2626 2938 recte
2648 2885 2859 2953 jurare.

2211 2974 2407 3029 Basilii
2436 2991 2659 3029 canones
2692 2976 2779 3041 10,
2808 2975 2897 3040 17,
2922 2976 3014 3041 ἳ9,
3046 2975 3135 3040 64,
3164 2975 3254 3031 82.

2020 3066 2108 3123 10.
2136 3066 2238 3135 Qui
2254 3068 2442 3138 jurant
2471 3082 2532 3123 se
2559 3068 2958 3124 ordinationem
2983 3084 3093 3125 non
3125 3077 3530 3140 acceptaturos,

1864 3149 1908 3210 C
1940 3168 2070 3226 etc.,
2096 3169 2155 3214 ut
2180 3177 2304 3231 pag.
2326 3160 2450 3215 505.

2020 3252 2109 3307 17.
2144 3251 2493 3323 lnterrogasti
2528 3266 2631 3308 nos
2661 3250 2728 3308 de
2756 3251 2992 3309 Bianore
3024 3252 3367 3326 presbytero,
3393 3263 3528 3320 etc.,

1950 3354 2009 3399 ut
2038 3361 2160 3415 pag.
2192 3343 2317 3399 774.

2017 3438 2110 3494 29.
2135 3437 2291 3505 Quod
2316 3436 2565 3492 homines
2589 3446 2859 3508 potestate
2888 3438 3100 3510 praediti
3122 3437 3332 3511 jurant,
3363 3439 3531 3512 539

1954 3548 2013 3588 se
2044 3532 2185 3587 male
2230 3531 2298 3587 iis
2337 3530 2540 3602 quibus
2571 3542 2813 3602 praesunt
2849 3531 3112 3601 facturos,
3159 3534 3291 3588 illud
3329 3543 3385 3589 et
3415 3549 3534 3588 ma-

1952 3624 2101 3679 xime
2146 3630 2397 3678 curatum
2443 3630 2681 3693 oportet.
2718 3622 2925 3678 Medela
2979 3635 3161 3680 autem
3211 3639 3399 3680 eorum
3450 3635 3536 3680 est

1955 3716 2154 3787 duplex
2183 3732 2198 3770 :
2257 3731 2365 3769 una
2399 3716 2645 3785 quidem,
2688 3726 2748 3772 ut
2778 3718 3083 3774 doceantur
3110 3734 3219 3773 non
3257 3718 3417 3774 facile
3444 3719 3536 3790 ju-

1956 3825 2078 3863 rare
2106 3825 2123 3875 ;
2157 3808 2325 3863 altera
2360 3824 2511 3873 vero,
2545 3824 2611 3863 ne
2643 3809 2697 3864 in
2739 3810 2899 3865 malis
2933 3811 3179 3866 consiliis
3218 3812 3533 3880 persistanl.

1957 3899 2165 3955 Idcirco
2186 3899 2278 3969 qui
2305 3899 2669 3969 jurejurando
2695 3901 2760 3956 ad
2790 3902 3016 3957 alterius
3042 3901 3367 3958 maleﬁcium
3398 3918 3539 3974 prae-

1954 3998 2257 4061 occupatus
2290 4001 2393 4057 est,
2431 3991 2477 4046 is
2520 4006 2634 4046 sua:
2668 3991 2721 4045 in
2741 3992 2979 4062 jurando
3009 3994 3335 4050 temeritatis
3362 3994 3537 4064 paeni-

1954 4083 2179 4138 tentiam
2215 4083 2488 4151 ostendat,
2529 4098 2639 4139 non
2690 4094 2873 4139 autem
2932 4100 3032 4155 per
3062 4100 3285 4140 causam
3315 4085 3535 4156 pietatis

1955 4173 2366 4243 improbitatem
2406 4190 2563 4230 suam
2592 4177 2904 4232 confirmet.
2936 4173 3123 4246 Neque
3156 4176 3301 4231 enim
3335 4177 3533 4233 Herodi

1950 4266 2335 4338 jusjurandum
2391 4269 2714 4326 observasse
2763 4268 2990 4340 profuit,
3026 4271 3119 4341 qui
3151 4272 3420 4339 videlicet,
3467 4289 3536 4328 ne

1958 4358 2269 4429 pejeraret,
2309 4360 2629 4430 pr0phetam
2671 4362 2870 4416 occidit
2911 4365 2979 4417 ”.
3032 4360 3268 4419 Omnino
3313 4365 3532 4435 quidem

1950 4450 2336 4522 jusjurandum
2396 4453 2736 4523 prohibitum
2769 4461 2851 4509 est
2880 4454 2965 4512 "z
3003 4454 3095 4510 sed
3151 4456 3322 4511 multo
3357 4457 3534 4528 magis

262 4547 481 4617 φρονεῖν
511 4546 616 4615 χρὴ
635 4543 728 4597 τὸν
753 4541 1044 4613 ὀμνύοντα,
1085 4540 1206 4611 οὐχὶ
1236 4536 1559 4602 σπουδάζειν
1596 4534 1836 4606 βεϐαιοῦν

1958 4551 2382 4597 consentaneum
2407 4550 2511 4605 est,
2546 4550 2607 4597 ut
2636 4543 2782 4613 quod
2817 4544 2883 4599 ad
2913 4545 3119 4599 malum
3145 4526 3532 4614 interponitur,

262 4635 427 4691 αὐτοῦ
482 4635 544 4689 τὸ
603 4634 854 4688 ἀνόσιον·
915 4633 1171 4700 ἐξέτασον
1219 4630 1330 4701 γὰρ
1368 4627 1704 4698 πλατύτερον
1751 4625 1850 4695 τὴν

260 4727 497 4781 ἀτοπίαν
519 4743 534 4757 ·
576 4725 736 4788 εἴτις
775 4725 1027 4795 ὀμόσειεν
1072 4720 1348 4792 ἐξορύξειν
1376 4721 1504 4783 τοὺς
1534 4716 1851 4788 ὀφθαλμοὺς

261 4819 353 4873 τοῦ
384 4818 622 4886 ἁδελφοῦ
642 4860 658 4887 ,
691 4819 739 4870 εί
775 4818 941 4873 καλὸν
965 4816 1044 4888 τῷ
1072 4814 1297 4886 τοιούτῳ
1324 4815 1405 4877 είς
1434 4812 1595 4885 ἔργον
1622 4812 1849 4879 ἀγαγεῖν

262 4913 391 4966 αὐτό
413 4930 428 4943 ·
464 4912 522 4964 εί
550 4928 635 4976 τις
667 4910 947 4981 φονεῦσαι,
974 4909 1029 4963 εἴ
1061 4927 1145 4973 τις
1174 4909 1312 4972 ὅλως
1334 4907 1402 4961 δι’
1431 4906 1594 4977 ὅρκου
1627 4903 1849 4973 ἐντολήν

264 5021 381 5057 τινα
405 5003 831 5075 παραϐήσεσθαι
851 5018 865 5035 ·
892 5001 1085 5074 ὤμοσα
1112 5002 1224 5072 γὰρ
1255 4999 1352 5056 καὶ
1377 4998 1583 5069 ἔστησα
1608 4996 1727 5067 οὐχὶ
1752 4995 1851 5067 τὴν

266 5095 565 5166 ἁμαρτίαν,
600 5093 737 5148 ἀλλὰ
772 5092 868 5147 τοῦ
900 5090 1242 5162 φυλάξασθαι
1279 5087 1351 5143 τὰ
1378 5088 1623 5160 κρίματα
1650 5088 1748 5157 τῆς
1770 5086 1855 5139 νδι-

266 5189 563 5258 καιοσύνης
605 5202 735 5241 σου’
778 5187 969 5257 ὥσπερ
998 5186 1057 5239 δὲ
1096 5184 1196 5255 τήν
1234 5181 1455 5254 ἐντολὴν
1493 5178 1850 5250 ἁμεταθέτοις

268 5285 502 5354 κρίμασι
536 5283 787 5355 προσῆκε
835 5281 1190 5352 βεϐαιοῦσθαι
1211 5324 1225 5345 ,
1255 5278 1527 5348 οὕτωλτὴν
1573 5270 1852 5347 ἁμαρτίαν

270 5378 537 5441 παντοίως
566 5376 796 5447 καθήκει
825 5373 1165 5445 ἁκυροῦσθαι
1194 5373 1287 5427 καὶ
1312 5370 1692 5441 ἀφανίζεσθαι.

1948 4633 2371 4690 condemnetur.
2401 4632 2583 4700 Quare
2609 4634 2656 4689 is
2679 4636 2771 4705 qui
2794 4636 3018 4705 juravit.
3052 4638 3375 4693 sententiam
3412 4654 3534 4692 mu-

1949 4735 2064 4782 tare
2089 4726 2272 4794 debet,
2307 4740 2415 4781 non
2450 4726 2501 4781 id
2539 4728 2722 4782 studio
2754 4728 2954 4783 habere
2986 4740 3047 4784 ut
3068 4730 3346 4800 proprium
3378 4730 3535 4786 nefas

1947 4817 2256 4875 confirmet.
2283 4818 2400 4874 Fac
2421 4820 2567 4874 enim
2592 4819 2756 4877 latius
2778 4822 3097 4879 consideres
3117 4824 3531 4878 absurditatem.

1948 4909 2006 4964 Si
2042 4908 2168 4979 quis
2188 4909 2337 4980 juret
2361 4908 2690 4968 eﬂ‘ossurum
2730 4928 2790 4968 se
2828 4913 3019 4970 oculos
3042 4913 3252 4979 fratris,
3293 4929 3360 4968 an
3393 4929 3533 4983 pra:-

1947 5001 2159 5057 clarum
2193 5012 2278 5058 est
2322 5003 2593 5074 ejusmodi
2637 5005 3030 5075 jusjurandum
3064 5008 3129 5060 ad
3160 5022 3297 5076 opus
3334 5007 3533 5076 perdu-

1949 5093 2115 5147 cere?
2161 5093 2206 5148 si
2263 5094 2387 5164 quis
2431 5109 2490 5149 se
2538 5095 3002 5151 interfecturum?
3043 5097 3090 5151 si
3145 5098 3270 5165 quis
3308 5097 3534 5150 omnino

1951 5185 2271 5240 mandatum
2322 5187 2545 5256 aliquod
2598 5186 3336 5259 transgressurumiJuravi
3383 5189 3531 5242 enim

1950 5287 2004 5333 et
2037 5279 2225 5341 statui,
2282 5295 2393 5334 non
2434 5289 2722 5349 peccatum
2775 5291 3012 5350 patrare,
3062 5282 3154 5335 sed
3192 5280 3531 5348 servareju-

1952 5370 2094 5425 dicia
2140 5371 2369 5440 justitiaa
2403 5382 2509 5427 tuze
2547 5373 2617 5429 ³⁸.
2677 5372 3147 5439 Quemadmodum
3200 5372 3348 5427 enim
3391 5387 3530 5441 prae-

274 5482 484 5538 ceptum
530 5467 968 5523 immutabiiibus
1000 5465 1252 5522 consiliis
1272 5462 1714 5520 conﬁrmandum
1746 5468 1850 5527 cst,
1894 5458 1967 5514 ita
1996 5471 2281 5531 peccatum
2323 5462 2552 5517 omnino
2618 5462 2898 5520 infirmare
2936 5474 2991 5518 et
3041 5462 3222 5519 delere
3248 5463 3527 5519 convenit.

338 5583 383 5614 υ
435 5580 637 5635 Matth.
680 5594 794 5646 xxv,
841 5578 929 5632 10.
1006 5576 1052 5608 ³ο
1093 5574 1285 5631 Matth.
1339 5590 1393 5637 v,
1439 5574 1529 5628 54.
1605 5572 1647 5604 ³¹
1696 5568 1836 5625 Psal.

1958 5585 2070 5635 rm,
2104 5568 2229 5625 106.

343 5697 691 5767 (5.3)Gra3ce,
749 5706 949 5749 sancta’
979 5691 1142 5762 ﬁdei,
1203 5691 1306 5746 hoc
1368 5700 1451 5745 est
1482 5728 1498 5755 ,
1569 5686 1813 5743 locorum
1887 5698 2197 5753 sacrorum,
2239 5683 2292 5739 in
2327 5684 2525 5753 quibus
2559 5683 2873 5756 religiosum
2923 5688 3128 5744 cultum
3168 5687 3352 5745 ﬁdeles
3372 5702 3529 5745 exer-

282 5780 423 5822 cent.
