3904 6220
490 248 585 312 931

1617 248 1881 310 ῬΙΙΟΤΙΙ
1921 246 2422 317 PATRIARCILE
2450 258 2559 319 Cl’.

3605 268 3697 332 9??

557 357 647 413 64.
689 355 953 428 Periurus
986 354 1147 411 annis
1176 356 1362 415 decem
1413 372 1519 413 non
1570 360 1677 413 erit
1716 361 2038 414 communio

2229 363 2324 431 ξδ’.
2367 366 2425 421 'U
2456 368 2709 439 ἐπίορκος
2738 369 2800 424 ἐν
2821 369 2951 427 δέκα
2976 371 3155 429 ἐτεσιν
3179 373 3526 449 ἀκοινώνητος
3543 376 3692 447 ἔσται,

488 451 574 506 nis
605 451 908 521 particeps:
943 450 1105 505 annis
1140 450 1359 506 duobus
1393 449 1549 516 ﬂens,
1589 452 1766 506 tribus
1810 451 2058 517 audiens,

487 552 723 612 quatuor
751 544 1083 607 substratus,
1109 560 1216 597 uno
1245 543 1555 599 consistens
1582 551 1790 598 tantum
1815 559 1830 611 ;
1858 552 1914 600 et
1934 552 2063 599 tunc

483 634 874 689 communione
893 634 1094 704 dignus
1122 633 1432 688 habebitur.

556 724 645 778 82.
684 726 740 779 Et
769 728 834 781 de
860 726 1111 795 periuris,
1139 738 1265 788 etc.,
1295 736 1350 778 ut
1379 743 1497 796 pag.
1535 725 1667 782 806.

559 815 777 871 Textus.
829 816 992 888 440
1045 816 1119 870 De
1165 820 1397 885 periuris
1458 819 1660 874 dicitur
1723 819 1778 873 in
1823 818 1898 874 lib
1960 833 2059 884 xu,

486 909 570 962 tit.
588 909 644 973 2,
676 920 729 963 et
757 910 847 963 lib.
879 914 1001 965 cod.
1034 926 1109 974 tv,
1136 910 1221 964 tit.
1249 912 1268 963 ι
1297 925 1311 963 :
1344 911 1521 979 Atque
1550 912 1819 981 generalis
1842 910 2063 980 quidem

485 1010 668 1051 sermo
699 997 835 1062 vult,
872 1014 939 1052 ne
976 997 1081 1069 [in]
1126 999 1362 1067 periuria
1415 1000 1744 1068 inquiratur.
1781 997 1921 1053 Sunt
1968 1007 2063 1052 ta-

486 1098 609 1137 men
658 1086 907 1154 quaadam
956 1088 1318 1153 exceptiones.
1370 1086 1577 1141 Dicitur
1606 1087 1749 1141 enim
1803 1087 1898 1140 lib.
1958 1102 2059 1149 xu,

485 1173 570 1225 tit.
606 1170 659 1233 2,
697 1172 803 1241 dig.
830 1172 893 1226 51
937 1194 946 1225 :
978 1172 1034 1225 lu
1085 1173 1265 1229 dubiis
1294 1172 1521 1246 [causis]
1554 1175 1692 1229 solet
1736 1174 1900 1244 iudex
1941 1174 2063 1243 jus-

482 1261 776 1331 jurandum
852 1261 1084 1328 deferre,
1144 1272 1199 1318 et
1244 1265 1324 1319 sic
1388 1263 1628 1336 [deinde]
1670 1264 1936 1334 judicare.
2001 1263 2058 1318 Si

482 1353 646 1423 igitur
690 1368 756 1408 eo
786 1354 947 1409 modo
982 1355 1375 1410 condemnatus
1401 1397 1417 1422 ,
1451 1355 1796 1424 postmodum
1834 1353 1939 1426 [se]
1970 1354 2061 1407 in-

482 1453 789 1500 strumenta
837 1444 1110 1502 invenisse
1163 1446 1329 1510 dicat,
1370 1446 1545 1515 iisque
1595 1446 1730 1501 solis
1782 1446 1857 1499 uti
1908 1447 2057 1512 velit,

478 1556 546 1595 ex
582 1541 788 1611 integro
814 1556 1034 1595 causam
1062 1541 1193 1611 agit.
1241 1540 1396 1607 Quod
1426 1541 1472 1597 si
1506 1540 1853 1596 adversarius
1880 1540 2062 1610 iusiu-

482 1633 711 1685 randum
758 1632 989 1695 deferat,
1020 1648 1129 1686 non
1161 1641 1488 1687 retractatur
1518 1631 1915 1687 controversia.

554 1723 768 1777 Textus.
818 1722 915 1778 Est
944 1732 1123 1778 tamen
1155 1723 1247 1777 lib.
1285 1740 1361 1790 tv,
1387 1725 1508 1779 cod.
1548 1724 1629 1778 Iit.
1666 1724 1719 1789 1,
1757 1729 1935 1778 const.
1965 1722 2052 1790 i5,
2090 1711 2134 1769 Β

480 1816 744 1880 invenire,
777 1815 1156 1885 jusjurandum
1188 1814 1463 1871 deferente
1492 1816 1806 1872 adversario
1834 1814 2049 1887 prasti-

478 1916 594 1961 tum
629 1908 935 1962 retractari.
979 1908 1070 1963 Ait
1101 1908 1290 1962 enim:
1331 1906 1389 1963 Si
1437 1908 1527 1978 qui
1577 1908 1814 1979 legatum
1858 1907 2047 1979 exige-

474 2008 579 2063 ret,
622 2016 747 2053 eum
779 2009 1160 2055 testamentum
1205 2017 1312 2054 non
1348 2009 1653 2071 appareret,
1696 2000 1908 2055 hmrede
1952 2001 2047 2056 de-

475 2090 706 2157 ferente,
764 2093 950 2147 deberi
1003 2092 1107 2146 sibi
1161 2093 1389 2163 iuravit,
1444 2101 1496 2147 ct
1551 2092 1877 2162 acceperit:
1933 2089 2040 2164 [ac]

473 2194 604 2234 vero
630 2181 972 2247 postmodum
1015 2180 1260 2253 [invento
1306 2178 1650 2251 testamento]
1693 2181 1830 2236 nihil
1874 2182 1923 2236 ei
1949 2182 2043 2236 de-

476 2269 720 2323 relictum
759 2269 929 2324 fuisse
960 2283 975 2322 :
1017 2276 1109 2323 aut
1143 2269 1462 2324 derelictum
1506 2270 1749 2340 quidem,
1780 2271 1875 2326 sed
1911 2285 2045 2340 pro-

473 2369 595 2429 pter
630 2357 927 2414 Falcidiam
964 2374 1073 2414 non
1110 2368 1283 2415 totum
1324 2373 1519 2431 capere
1548 2360 1824 2429 debuisse,
1856 2361 2044 2432 depre-

474 2453 702 2505 hensum
734 2448 921 2514 fuerit,
952 2450 1144 2505 reddit.

546 2540 765 2596 Textur.
796 2541 927 2596 ltem
960 2557 1082 2610 quae
1127 2541 1195 2596 de
1232 2540 1509 2611 iudicialis
1549 2538 1906 2612 iurisiurandi
1936 2556 2039 2612 pu-

471 2631 633 2685 ritate
680 2640 881 2686 tractat
910 2630 1137 2685 Novella
1172 2631 1275 2686 124
1319 2633 1670 2698 retractandi,
1714 2633 1827 2687 sive
1867 2632 2038 2702 iurati

470 2723 813 2778 mendacium
873 2724 1136 2793 arguendi
1189 2732 1507 2794 potestatem
1578 2723 1725 2779 facit.
1783 2725 1926 2791 Quin
1984 2732 2040 2779 et

468 2814 563 2868 lib.
586 2830 685 2879 xu,
704 2814 787 2870 lit.
802 2814 859 2878 2,
878 2815 1068 2887 digest.
1092 2817 1173 2880 l5,
1193 2815 1392 2869 dicitur
1416 2834 1430 2869 :
1451 2816 1552 2880 Qui
1569 2816 1621 2869 in
1647 2832 1707 2870 re
1727 2815 2037 2886 pecuniaria

470 2904 577 2976 [se]
630 2921 739 2961 non
792 2907 1013 2975 debere,
1041 2915 1136 2962 aut
1188 2906 1341 2981 [sibi]
1378 2908 1561 2963 deberi
1604 2923 1700 2978 per
1733 2908 2034 2978 principem

461 3001 746 3069 iuraverit,
797 3009 851 3055 et
894 3000 1032 3056 forte
1077 3000 1444 3072 pejeraverit:
1502 3000 1587 3055 vel
1643 3001 1782 3055 intra
1830 3010 2030 3056 statum

467 3106 680 3163 tempus
712 3090 815 3165 [se]
855 3093 1133 3156 daturum,
1167 3092 1291 3164 [nec
1338 3090 1550 3162 feCerit]
1582 3110 1596 3147 :
1634 3090 1941 3163 instigatur.
1975 3092 2043 3147 Et

467 3187 561 3241 lib.
594 3201 633 3239 ιι
667 3186 793 3241 cod.
829 3185 914 3241 tit.
939 3186 995 3251 4,
1017 3195 1196 3241 const.
1226 3186 1316 3240 4|.
1341 3184 1445 3251 Qui
1480 3185 1656 3254 major
1672 3187 1833 3241 annis
1859 3196 2039 3241 trans-

464 3280 759 3344 actionem,
795 3294 893 3348 per
924 3277 1091 3333 Deum
1118 3286 1210 3331 aut
1243 3277 1544 3348 principem
1590 3278 1832 3348 iurando
1865 3279 2031 3333 libera

463 3375 742 3427 voluntate
782 3369 1110 3438 confectam,
1169 3370 1471 3442 principem
1529 3370 1616 3426 vel
1674 3372 2032 3442 magistratus

462 3462 875 3533 interpellando,
928 3472 1022 3518 aut
1077 3478 1200 3532 quae
1250 3461 1554 3532 placuerint
1608 3477 1718 3518 non
1781 3460 2031 3519 faciendo

464 3552 866 3622 transgreditur
900 3570 913 3607 :
947 3549 1173 3607 infamia
1216 3560 1460 3620 notatur,
1501 3561 1555 3608 et
1584 3553 1798 3609 actione
1854 3554 2031 3623 iisque

461 3658 586 3711 quae
613 3659 679 3697 ex
710 3643 1078 3697 transactione
1104 3643 1413 3698 lucraturus
1445 3651 1582 3708 erat,
1614 3644 1834 3711 excidit,
1863 3652 2029 3713 atque

462 3732 733 3805 [insuper]
789 3735 1142 3789 constitutam
1195 3740 1410 3803 poenam
1459 3734 1572 3790 dat.
1632 3731 1755 3806 [Qui
1800 3750 1933 3791 vero
1971 3736 2026 3792 in

458 3824 657 3896 pactis]
690 3825 1044 3893 perstiterint,
1092 3824 1249 3897 M1
1287 3826 1469 3879 omnia
1508 3826 1750 3894 capiunt.
1792 3825 1857 3880 Et
1893 3842 2028 3882 con-

460 3918 575 3971 stit.
634 3915 839 3972 42:Si
894 3933 957 3972 ex
1027 3917 1180 3973 falsis
1240 3918 1616 3973 instrumentis
1666 3927 1881 3987 pactum
1934 3929 2028 3975 aut

459 4010 760 4065 transactio
801 4010 931 4064 inita
978 4008 1164 4076 fuerit,
1204 4010 1459 4080 quamvis
1502 4010 1888 4081 jusjurandum
1928 4014 2025 4069 ad-

457 4102 686 4155 bibitum
704 4104 798 4169 sit,
817 4102 1078 4157 evertitur
1117 4100 1371 4174 [tamen],
1398 4104 1610 4158 etiamsi
1648 4104 1875 4160 civiliter
1924 4104 2025 4160 fal-

455 4206 574 4246 sum
625 4190 1005 4262 investigatum
1040 4192 1143 4247 sit:
1195 4192 1303 4247 nisi
1339 4194 1406 4250 de
1455 4210 1519 4251 eo
1577 4196 2022 4265 ipsotransactio

453 4282 595 4340 faeta
631 4284 816 4341 fuerit.

2160 455 2310 509 δυσὶν
2339 458 2485 511 ἔτεσι
2508 459 2872 530 προσκλαίων,
2902 464 3081 534 τρισὶν
3105 464 3467 536 ἀκροώμενος,
3492 468 3673 538 τὲσσαρ
3702 532 3706 536 θ

2162 563 2245 601 σιν
2288 548 2610 605 ὑποπίπτων
2630 568 2645 582 ο
2680 553 2927 607 ἐνιαυτὸν
2961 555 3233 620 συνεστὼς
3264 558 3453 629 μόνον,
3486 558 3571 614 καὶ
3598 562 3703 614 τότε

2157 639 2259 707 τῆς
2284 640 2569 705 κοινωνίας
2600 642 2943 715 ἀξιούμενος.

2234 729 2347 800 πβ¹.
2381 733 2492 784 Καὶ
2522 735 2653 803 περὶ
2684 734 2793 789 τῶν
2824 737 3269 809 ἐπιορκησάντων
3290 778 3306 801 ,
3335 755 3390 792 κ.
3419 754 3470 796 τ.
3501 738 3548 793 λ.

2230 824 2367 896 Περὶ
2392 825 2665 897 ἐπιόρκων
2697 827 2913 903 εἴρηται
2939 830 3081 902 βιϐλ.
3120 831 3208 903 ιβ’,
3234 831 3337 885 τίτ.
3369 826 3437 901 β’,
3463 832 3550 883 καὶ
3579 829 3702 901 βιϐλ.

2159 914 2223 983 δ’,
2255 918 2358 972 τίτ.
2401 916 2447 972 α’
2472 934 2487 947 ⁶
2540 920 2637 974 καὶ
2677 922 2706 974 6
2743 923 2841 992 μὲν
2887 923 3101 992 γενικὸς
3155 924 3310 992 λόγος
3349 923 3587 994 βούλεται
3638 925 3704 995 μὴ

2160 1005 2439 1076 ζητεῖσθαι
2468 1011 2599 1080 περ)⁵
2626 1010 2912 1082 ἐπιορκίας
2936 1027 2951 1043 ο
2984 1012 3091 1065 εἰσὶ
3127 1013 3183 1066 δέ
3217 1031 3360 1077 τινες
3396 1013 3700 1083 ἐξαιρέσεις

2160 1099 2378 1171 εἴρηται
2415 1100 2523 1170 γάρ
2553 1101 2694 1170 βιϐλ.
2727 1098 2820 1171 ιβ’,
2852 1101 2957 1157 τίτ.
3002 1101 3069 1173 β’,
3103 1104 3241 1158 διάτ.
3277 1102 3378 1169 λα’,
3411 1106 3490 1158 ὅτι
3515 1107 3569 1159 ὲν
3608 1107 3706 1168 τοῖς

2159 1191 2481 1260 ἀμφιϐόλοις
2517 1193 2707 1247 εἴωθεν
2740 1196 2768 1247 6
2805 1193 3061 1264 δικαστὴς
3093 1196 3376 1267 ἐπιφέρειν
3406 1198 3560 1266 ὅρκον
3581 1238 3595 1262 ,
3623 1200 3705 1251 καὶ
3735 1218 3741 1223 λ

2158 1282 2303 1336 οὓτω
2334 1282 2706 1354 ψηφίζεσθαι·
2762 1284 2859 1339 ἐὰν
2890 1279 2982 1338 οὖν
3026 1285 3055 1336 6
3087 1284 3230 1339 οὑτω
3275 1288 3703 1355 καταδικασθεὶς,

2158 1372 2448 1444 εὑρηκέναι
2496 1373 2635 1443 μετὰ
2673 1373 2849 1429 ταῦτα
2894 1373 3239 1446 δικαιώματα
3276 1376 3448 1448 λέγῃ,
3494 1377 3583 1430 καὶ
3623 1378 3708 1447 μό-

2159 1482 2272 1525 νοις
2318 1465 2503 1529 αὑτοῖς
2542 1465 2670 1538 Θέλῃ
2708 1469 3038 1541 χρήσασθαι,
3086 1467 3293 1521 ἄνωθεν
3322 1469 3496 1520 κινεῖ·
3535 1468 3707 1521 είδὲό

2161 1554 2431 1619 ἀντίδικος
2468 1557 2634 1611 αὑτοῦ
2677 1560 2872 1628 ἐπάγει
2900 1561 2991 1615 τὸν
3031 1562 3193 1631 ὅρκον
3212 1598 3226 1624 ,
3254 1559 3353 1613 οὑκ
3378 1558 3707 1630 ἀναψιραφᾶ-

2163 1663 2251 1700 ται
2280 1648 2314 1717 ἡ
2345 1647 2623 1714 ὑπόθεσις.

2238 1740 2394 1795 ’Ἐστι
2418 1742 2475 1796 δὲ
2505 1743 2684 1814 εὑρεῖν
2720 1742 2863 1815 βιϐλ.
2892 1741 2935 1797 δ’
2959 1741 3052 1798 τοῦ
3081 1743 3211 1798 κὼδ.
3239 1742 3345 1797 τίτ.
3379 1760 3413 1797 α
3434 1782 3448 1808 ,
3470 1741 3599 1799 διάτ.
3630 1758 3708 1810 ιγ,

2162 1832 2255 1887 καὶ
2278 1834 2440 1906 ὅρκον
2471 1835 2738 1906 ὁμοθέντα
2766 1836 2825 1903 ἐξ
2852 1836 3148 1906 ἐπαγωγῆς
3170 1834 3262 1890 τοῦ
3293 1835 3559 1889 ἀντιδίκου
3591 1836 3706 1888 ἀνα-

2160 1924 2560 1997 ψηλαφώμενον
2580 1943 2595 1958 ·
2627 1929 2759 1999 φησὶ
2791 1929 2919 1999 γὰρ,
2946 1928 3028 1982 ὅτι
3099 1928 3223 1982 Ἐάν
3255 1929 3283 1981 6
3311 1928 3540 1997 ληγάτον
3565 1927 3707 1980 ἀπαι-

2158 2018 2302 2083 τῶν,
2339 2023 2439 2091 τῆς
2482 2020 2747 2092 διαθήκης
2788 2023 2863 2093 μὴ
2915 2022 3282 2092 φαινομένης,
3325 2023 3384 2088 ἐξ
3434 2020 3706 2089 ἐπαγωγῆς

2157 2111 2252 2165 τοῦ
2295 2112 2631 2183 κληρονόμου
2671 2115 2843 2187 ὀμόσῃ
2897 2113 3343 2185 κεχρεωστῆσθαι
3368 2152 3383 2177 ,
3416 2114 3507 2165 κα)⁸
3550 2111 3704 2182 λάϐῃ,

2161 2204 2299 2275 μετά
2344 2204 2518 2259 ταῦτα
2560 2206 2619 2258 δέ
2656 2206 2856 2279 εὑρεθῇ
2901 2206 2977 2278 μὴ
3022 2206 3528 2277 κεχρεωστημένος,
3560 2204 3592 2275 ἢ
3623 2221 3706 2257 κε-

2156 2296 2573 2366 χρεωστημένος
2622 2298 2719 2368 μὲν
2744 2337 2760 2363 ,
2795 2299 2870 2369 μὴ
2902 2297 3131 2367 ὀφείλων
3157 2297 3216 2352 δὲ
3260 2297 3325 2351 τὸ
3361 2298 3471 2351 πᾶν
3508 2296 3705 2362 λαϐεῖν,

2155 2387 2245 2443 διὰ
2265 2388 2357 2442 τὸν
2383 2387 2663 2444 Φαλκίδιον
2686 2390 3028 2445 ἀναδίδωσιν.

2232 2572 2297 2626 Ἦ
2322 2574 2380 2627 δέ
2401 2591 2468 2627 πε
2478 2572 2529 2645 pi
2551 2573 2651 2644 τῆς
2678 2573 3049 2646 καθαρότητος
3071 2572 3180 2626 τῶν
3209 2572 3394 2644 ὅρκων
3424 2570 3532 2625 τῶν
3556 2568 3706 2627 δικῶν

2153 2665 2595 2737 διαλαμϐάνουσα
2624 2661 2704 2736 ρκ’
2732 2666 2940 2737 Νεαρά,
2969 2665 3182 2719 δίδωσιν
3213 2664 3402 2720 ἄδειαν
3423 2664 3570 2727 ἐντὸς
3594 2678 3705 2714 τεσ-

2156 2755 2341 2824 σάρων
2377 2755 2563 2826 μηνῶν
2602 2754 3080 2826 ἀναψηλαφᾶσθαι,
3125 2754 3292 2825 ἤγουν
3323 2752 3628 2823 ἐλέγχεσθαι
3654 2751 3705 2802 τὸ

2151 2846 2346 2915 ψεῦδος
2375 2846 2470 2900 τοῦ
2506 2846 2802 2919 ὀμόσαντος
2828 2863 2844 2879 ·
2873 2847 3089 2917 εἴρηται
3110 2846 3167 2900 δὲ
3198 2846 3296 2899 καὶ
3326 2845 3469 2917 βιϐλ.
3504 2843 3586 2915 ιβ’,
3609 2843 3702 2898 τίτ.

2153 2936 2219 3005 β’,
2273 2938 2413 2992 διάτ.
2447 2936 2536 3007 ιγ’,
2569 2939 2651 2991 ὅτι
2687 2940 2716 2993 6
2754 2938 2848 2992 ἐπὶ
2879 2941 3121 3010 χρήμασι
3152 2936 3295 2992 κατά
3323 2936 3420 2992 τοῦ
3463 2936 3707 3007 βασιλέως

2073 3069 2115 3129 c
2151 3030 2377 3099 ὀμόσας,
2429 3030 2522 3083 καὶ
2550 3031 2885 3103 ἐπιορκήσας
2923 3030 3103 3101 τυχὸν,
3140 3031 3222 3084 ὅτι
3264 3029 3327 3083 οὐ
3367 3029 3641 3100 χρεωστεῖ,
3674 3025 3703 3096 ἢ

2149 3123 2229 3175 ὅτι
2261 3125 2544 3192 χρεωστεῖ,
2575 3123 2608 3192 ἢ
2638 3124 2719 3176 ὅτι
2747 3123 2959 3176 δίδωσιν
2989 3123 3119 3175 εἴσω
3156 3122 3520 3193 προθεσμίας,
3549 3122 3704 3188 ροπα-
3766 3138 3777 3161 ι

2144 3212 2372 3277 λέξεταιο
2404 3216 2461 3268 ἐν
2485 3214 2542 3267 δὲ
2568 3213 2645 3285 τῷ
2671 3214 2715 3286 β’
2747 3214 2883 3285 βιϐλ.
2915 3214 3006 3269 τοῦ
3041 3214 3199 3280 κὼδ.,
3223 3213 3330 3268 τίτ.
3362 3212 3432 3281 α’,
3458 3200 3700 3277 διάτ.,μαῖ

2147 3306 2331 3375 φησὶν,
2375 3307 2455 3360 δτι
2484 3308 2513 3360 ὀ
2556 3306 2761 3370 τέλειος
2788 3307 2887 3376 τὴν
2917 3305 3059 3361 κατὰ
3090 3305 3181 3359 τοῦ
3208 3304 3345 3358 Θεοῦ
3370 3306 3402 3377 ἢ
3438 3302 3530 3357 τοῦ
3566 3301 3705 3373 βασι-

2144 3397 2281 3463 λέως
2314 3399 2602 3470 ἐνωμότως
2657 3399 2823 3471 χωρὶς
2852 3399 3097 3470 ἀνάγκης
3126 3399 3325 3469 γενομέ
3338 3414 3431 3468 Ιιίινιν
3460 3396 3587 3468 παρ’
3617 3393 3705 3447 αὑ-

2141 3489 2236 3544 τοῦ
2286 3491 2527 3545 διάλυσιν
2566 3489 2943 3561 παραϐαίνων,
2976 3491 3033 3543 ἐν
3062 3487 3138 3559 τῷ
3176 3487 3465 3557 προσιέναι
3515 3483 3705 3555 βασιλεῖ

2141 3583 2173 3653 ἢ
2205 3582 2486 3653 ἄρχουσιν,
2517 3584 2550 3655 ἢ
2596 3582 2671 3654 μὴ
2700 3585 2873 3636 ποιεῖν
2896 3582 2965 3635 τά
2995 3581 3247 3648 δόξαντα,
3278 3580 3589 3651 ἀτιμοὺται,
3618 3573 3703 3629 καὶ

2139 3674 2235 3744 τῆς
2277 3674 2504 3744 ἀγωγῆς
2552 3674 2830 3739 ἐκπίπτει,
2862 3674 2957 3729 καὶ
2991 3667 3066 3728 ὧν
3111 3673 3339 3743 ἔμελλεν
3371 3675 3437 3726 ἐκ
3464 3674 3560 3741 τῆς
3593 3670 3700 3722 δια-

2140 3759 2349 3825 λύσεως
2374 3760 2697 3833 κερδαίνειν,
2723 3763 2814 3816 καὶ
2840 3762 3024 3816 δίδωσι
3045 3762 3144 3833 τὴν
3167 3761 3480 3831 ὁρισθεῖσαν
3501 3759 3698 3827 ποινὴν,

2137 3850 2232 3903 καὶ
2258 3849 2437 3904 πάντα
2461 3852 2829 3923 λαμϐάνουσιν
2849 3854 2898 3906 al
2921 3852 3249 3923 ἐμμένοντες
3268 3870 3283 3885 ·
3311 3853 3406 3907 καὶ
3431 3852 3568 3905 διάτ.
3595 3846 3694 3920 μβὀ

2134 3942 2215 3996 ὅτι
2254 3943 2349 3997 ἐάν
2396 3944 2504 3997 ἀπὸ
2535 3943 2785 3998 πλαστῶν
2815 3945 3220 4017 δικαιωμάτων,
3274 3946 3485 3999 πάκτον
3528 3943 3560 4013 ἦ
3591 3942 3695 3996 διά·

2132 4034 2286 4099 λυσις
2319 4036 2564 4107 γένηται,
2597 4037 2693 4090 καὶ
2720 4038 2881 4106 ὅρκον
2909 4037 3022 4107 ἔχει
3057 4036 3439 4107 προκείμενον,
3470 4032 3693 4103 ἀνατρέ-

2134 4143 2317 4191 πεται,
2369 4129 2417 4179 εί
2469 4128 2564 4181 καὶ
2598 4129 2955 4199 χρηματικῶς
2994 4128 3235 4199 ἐζητήοη
3263 4127 3327 4181 τὸ
3356 4126 3614 4189 πλαστὸν,
3643 4126 3695 4193 ιεί

2133 4216 2210 4290 μὴ
2240 4218 2334 4271 καὶ
2364 4218 2452 4271 ἐπ’
2476 4219 2624 4290 αὑτῷ
2650 4218 2839 4291 γέγονε
2872 4220 3135 4284 διάλυσις.

525 4389 740 4447 Textus.
772 4392 839 4448 Et
876 4394 972 4450 lib.
1008 4410 1082 4461 tv,
1108 4395 1232 4450 cod.
1271 4396 1353 4451 tit.
1386 4397 1436 4462 Ι,
1465 4407 1641 4453 const.
1667 4400 1702 4453 ἓ
1731 4417 1745 4453 :
1783 4398 2020 4456 Tametsi

2200 4404 2309 4458 Καὶ
2336 4403 2476 4474 βιὸλ.
2509 4401 2551 4458 δ’
2587 4404 2682 4458 τοῦ
2713 4404 2867 4472 κώδ.,
2897 4404 3001 4460 τίτ.
3033 4402 3103 4469 α’,
3132 4406 3271 4462 διάτ.
3307 4405 3374 4479 β’,
3400 4409 3484 4462 ὅτι
3517 4411 3565 4463 εί
3607 4408 3692 4462 καὶ

452 4499 548 4552 per
575 4488 805 4540 salutem
832 4487 1093 4556 principis
1123 4489 1302 4544 calore
1326 4487 1610 4563 [quodam]
1644 4493 1773 4561 quis
1793 4493 2020 4561 iuratus

451 4573 728 4644 peierarit,
788 4591 894 4631 non
950 4580 1191 4647 punitur,
1219 4595 1395 4649 neque
1450 4583 1752 4651 maiestatis
1793 4584 2022 4641 crimine

451 4675 685 4722 tenetur.
731 4667 918 4733 Et,lib.
949 4670 1071 4726 cod.
1112 4687 1191 4735 ιιι,
1218 4673 1299 4727 tit.
1331 4672 1385 4737 8,
1415 4684 1591 4731 const.
1617 4676 1670 4728 2.
1707 4673 1826 4748 [Se]
1876 4692 2021 4731 sem-

449 4772 547 4822 per
578 4772 736 4814 servo
766 4774 866 4812 suo
905 4760 1101 4815 iratum
1151 4760 1267 4817 fore
1292 4761 1533 4832 iuratus,
1576 4764 1623 4820 si
1655 4765 1792 4819 iram
1828 4766 2020 4821 remit-

446 4853 547 4911 tat,
597 4846 899 4915 maiestatis
956 4850 1185 4906 crimine
1237 4866 1344 4905 non
1404 4860 1640 4907 tenetur.
1697 4854 1835 4909 Dicit
1888 4870 2018 4911 vero

442 4937 606 4991 etiam
637 4937 730 4992 lib.
767 4954 829 5003 ιι,
864 4939 949 4994 tit.
976 4940 1062 5007 14,
1085 4941 1277 5012 digest.
1313 4943 1382 4997 7:
1417 4944 1693 5000 Adversus
1725 4960 2017 5002 commune

437 5027 530 5094 ius
567 5029 769 5097 pacisci
806 5039 900 5085 aut
948 5031 1128 5100 legare
1162 5049 1269 5087 non
1322 5034 1467 5088 licet.
1511 5034 1575 5089 Et
1607 5036 1653 5090 si
1682 5036 1807 5104 quis
1832 5037 1899 5091 de
1930 5038 2014 5093 bis

445 5117 552 5190 [se]
610 5134 716 5173 non
748 5130 996 5176 acturum
1025 5123 1245 5191 iurarit,
1298 5140 1404 5179 non
1433 5136 1519 5181 est
1568 5138 1767 5182 ratum.
1824 5128 2010 5192 Plane,

444 5206 520 5260 De
558 5208 810 5275 scenicis,
847 5208 1071 5265 Novella
1100 5212 1190 5275 51,
1216 5213 1312 5276 ait,
1344 5216 1487 5283 quod
1515 5219 1764 5281 scenicae,
1796 5222 2011 5275 tametsi

442 5312 501 5351 se
534 5313 810 5369 nunquam
833 5316 862 5355 a
892 5300 1255 5359 fornicatione
1285 5307 1580 5363 destitui-as
1620 5310 1881 5379 jurarint,
1913 5312 2008 5385 [ab

441 5387 527 5458 ea]
558 5390 831 5455 recedant,
873 5394 1096 5464 periurii
1148 5411 1338 5464 poenas
1390 5415 1499 5454 non
1530 5403 1800 5457 verituraz.
1834 5402 1909 5458 “Et
1956 5405 2009 5458 in

440 5479 638 5568 regulae
664 5481 881 5536 modum
912 5485 1081 5549 addit,
1112 5487 1164 5539 in
1204 5486 1410 5564 [rebus]
1458 5494 1703 5564 turpibus
1728 5495 2010 5568 jusjuran-

439 5565 570 5622 dum
602 5572 811 5628 servari
859 5590 967 5632 non
993 5587 1264 5647 oportere.

2122 4497 2264 4550 κατὰ
2296 4495 2394 4565 τῆς
2436 4497 2709 4568 σωτηρίας
2751 4497 2847 4551 τοῦ
2887 4498 3153 4568 βασιλέως
3203 4503 3345 4555 κατὰ
3387 4501 3690 4571 θερμότητα

2119 4605 2205 4650 τις
2233 4588 2438 4658 ὀμόσας
2476 4589 2820 4661 ἐπιορκήσει,
2854 4591 2913 4645 οὑ
2959 4590 3340 4660 βασανίζεται,
3399 4593 3525 4647 οὔτε
3568 4592 3692 4646 καθ·

2118 4678 2336 4734 οσιὼσει
2358 4681 2665 4735 ὑπόκειταιο
2691 4684 2784 4737 καὶ
2815 4682 2957 4753 βιϐλ.
2977 4682 3123 4737 θ’τοῦ
3148 4683 3301 4748 κώδ..
3326 4684 3434 4738 τίτ.
3460 4691 3530 4754 η’,
3558 4685 3687 4739 διάτ.

2121 4770 2187 4842 β’,
2222 4772 2305 4826 ὅτι
2343 4774 2373 4825 6
2402 4772 2490 4825 διὰ
2517 4774 2720 4837 παντὸς
2751 4774 3067 4844 ὀργίζεσθαι
3113 4775 3191 4847 τῷ
3222 4777 3337 4847 ίδίῳ
3361 4777 3533 4845 δούλῳ
3568 4778 3689 4846 ὀμό-

2119 4880 2218 4926 σας
2245 4903 2260 4927 ,
2318 4864 2416 4933 οὐχ
2490 4864 2774 4919 ὑπόκειται
2821 4866 3145 4921 καθοσιώσει
3199 4868 3556 4938 παυσάμενος
3595 4868 3688 4935 τῆς

2115 4954 2283 5024 ὀργῆς
2307 4970 2322 4985 ·
2358 4953 2508 5022 λέγει
2536 4955 2593 5008 δὲ
2632 4957 2724 5010 καὶ
2755 4956 2895 5026 βιϐλ.
2932 4957 2998 5028 β’,
3032 4959 3138 5013 τίτ.
3194 4957 3273 5023 ιδ’,
3329 4960 3475 5014 διὰτ.
3510 4958 3577 5025 ζ’,
3609 4961 3685 5013 ὅτι

2116 5047 2267 5115 παρά
2298 5045 2367 5099 τά
2393 5046 2550 5100 κοινά
2591 5048 2799 5118 νόμιμα
2832 5050 3126 5104 πακτεὺειν
3166 5050 3199 5122 ἢ
3240 5052 3565 5121 ληγατεύειν
3592 5053 3683 5104 οὑκ

2112 5136 2291 5203 ἔξεστι
2316 5154 2330 5170 ο
2362 5141 2454 5193 καὶ
2486 5140 2582 5195 ἐάν
2610 5158 2694 5203 τις
2725 5141 2817 5194 ἐπὶ
2854 5140 3068 5206 τούτοις
3110 5142 3285 5216 ὀμόσῃ
3322 5145 3402 5215 μὴ
3439 5145 3679 5212 ἐνάγειν,

2113 5228 2213 5283 οὐκ
2268 5230 2507 5302 ἔρρωται
2532 5248 2547 5262 ·
2598 5232 2631 5301 ή
2672 5231 2730 5284 δὲ
2765 5231 3025 5302 περὶτῶν
3063 5233 3337 5303 σκηνικῶν
3370 5232 3470 5304 μς⁹
3500 5231 3679 5303 Νεαρὰ

2113 5321 2296 5390 φησὶν,
2328 5323 2411 5374 ὅτι
2463 5322 2530 5375 At
2563 5326 2817 5392 σκηνικαὶ
2852 5322 2954 5376 κᾶν
2987 5323 3257 5393 ὀμόσωσιν
3292 5322 3369 5386 ὠς
3420 5324 3520 5377 οὑκ
3551 5326 3680 5377 ἀπο·

2114 5412 2402 5481 στήσονται
2428 5412 2526 5482 τῆς
2552 5414 2838 5482 πορνείας,
2865 5414 3227 5485 ἀναχωροῦσι,
3258 5414 3330 5487 μὴ
3353 5415 3676 5483 φοϐούμεναι

2109 5503 2208 5573 τὴν
2247 5504 2310 5555 ἐκ
2348 5504 2446 5573 τῆς
2478 5506 2761 5573 ἐπιορκίας
2796 5507 2985 5576 ποινήν
3008 5523 3021 5535 '
3052 5508 3145 5560 καὶ
3177 5505 3475 5569 κανονικῶς
3513 5520 3675 5577 προσ-

2108 5594 2323 5663 τίθησιν
2345 5636 2359 5661 ,
2390 5596 2472 5649 ὅτι
2511 5595 2604 5651 ἐπὶ
2645 5598 2758 5663 τοῖς
2787 5599 3035 5671 αἰσχροῖς
3071 5597 3132 5652 οὐ
3162 5597 3246 5654 δεῖ
3261 5597 3352 5654 τὸν
3386 5598 3550 5670 ὅρκον
3573 5605 3669 5666 (pu-

2114 5685 2342 5741 λάττειν.
