3766 6198
104 265 227 330 933

809 262 1213 327 SYNTAGMA
1246 265 1635 333 CANONUM.
1665 290 1733 301 -·-
1760 264 1907 328 ΤΙΤ.
1948 258 2122 342 XIII,
2164 265 2321 329 CAP.
2369 268 2534 346 XIX,
2575 268 2705 333 XX.

3297 273 3406 338 934

182 377 450 430 ΚΕΦΔΛ.
488 374 588 432 Ιθθ.
625 404 694 417 --
714 378 856 446 Περὶ
898 376 1018 433 τῶν
1049 378 1394 449 ὀμνυόντων
1427 381 1689 451 Έλληνι·

1880 378 2035 436 CAP.
2085 380 2226 436 XIX.
2277 411 2313 421 -
2361 381 2434 437 De
2477 383 2544 437 iis
2584 385 2675 455 qui
2718 383 3101 454 jusjurandum
3145 396 3194 441 st
3247 389 3407 444 helle-

105 470 262 537 κσὺς
292 471 539 539 ὅρκους.

255 560 541 616 Συνόδου
566 560 988 631 οἰκουμενικῆς
1013 561 1196 630 ἕκτης
1224 562 1426 617 κανὼν
1461 568 1558 634 ιιδν.

180 651 290 721 ιβ’.
342 654 485 717 Τοὺς
521 652 821 724 ὀμνύοντας
850 654 1047 726 ὅρκους
1088 655 1432 728 Ἑλληνικοὺς
1470 658 1498 711 ὁ
1528 657 1711 713 κανὼν

1815 472 1928 526 uice
1962 472 2162 537 iurant.

2118 564 2344 619 Concilii
2378 566 2685 620 mcumenici
2725 582 2777 621 γι
2809 584 2976 622 canon
3013 567 3105 624 94.

1884 653 1972 708 94.
2032 654 2140 711 Eos
2175 658 2268 726 qui
2305 657 2589 724 gentilium
2624 669 2968 713 sacramenta
2994 658 3190 729 jurant
3221 673 3400 717 canon

104 742 423 812 ἐπιτιμίοις
452 744 855 801 καθυποϐάλλει
877 761 890 776 ·
922 745 1045 801 ὅθεν
1067 748 1163 801 καὶ
1200 748 1359 819 ἡμεῖς
1381 747 1591 814 τούτοις
1614 749 1689 803 τοι

1868 744 1989 801 enis
2041 747 2281 816 subjicit,
2335 756 2389 802 et
2431 762 2532 803 nos
2584 748 2653 804 iis
2708 764 2925 820 quoque
2960 751 3398 823 segregatiouriu

105 837 431 908 ἁφορισμδν
464 836 737 908 ὁρίζομεν.

553 934 876 989 Βασιλεὶου
914 933 1119 991 κανὼν
1150 942 1263 990 πα’.

176 1032 298 1081 πω.
352 1026 580 1097 Ἐπειδὴ
609 1025 667 1079 δὲ
703 1027 889 1081 πολλοὶ
931 1028 990 1081 ὲν
1024 1030 1088 1100 τῇ
1121 1028 1229 1081 τῶν
1262 1025 1560 1099 Βαρϐάρων
1599 1043 1703 1080 κα-

106 1117 391 1189 ταδρομῇ,
424 1136 479 1173 κ.
510 1136 563 1174 τ.
593 1119 647 1174 λ.

190 1211 283 1263 Ἐν
316 1210 405 1280 τῷ
430 1210 469 1264 ε’
502 1211 717 1281 διατάγ.
750 1209 845 1265 τοῦ
889 1210 933 1283 β’
957 1210 1062 1267 τιτ.
1095 1212 1187 1266 τοῦ
1231 1208 1296 1282 ιβ’
1337 1211 1479 1283 βιὸλ.
1514 1214 1700 1286 φησὶν,

106 1303 189 1356 ὅτι
216 1302 410 1366 καλῶς
434 1303 681 1373 ὲπιφέρω
719 1320 801 1357 σοι
831 1303 975 1357 κατὰ
1010 1304 1108 1373 τῆς
1143 1305 1417 1376 σωτηρίας
1452 1323 1544 1359 σου
1574 1308 1703 1377 ὀμό-

106 1408 232 1446 σαι’
272 1394 389 1453 πᾶς
430 1393 543 1464 γὰρ
573 1393 793 1464 θεμιτὸς
843 1396 1003 1465 ὅρκος
1047 1397 1107 1462 ἐξ
1150 1396 1449 1467 ἐπαγωγῆς
1486 1398 1703 1469 ὀμοθεὶς

110 1483 472 1554 φυλάττεται,
514 1486 609 1539 καὶ
641 1484 700 1539 ὃν
738 1503 823 1549 τις
858 1484 1049 1556 ὀμόσει
1092 1486 1235 1541 κατὰ
1263 1488 1364 1557 τῆς
1403 1488 1533 1551 ιδίας,
1571 1487 1704 1561 θρη-

108 1576 299 1640 σκείας
322 1592 341 1610 ο
364 1577 396 1629 ὁ
416 1576 475 1631 δὲ
498 1576 643 1632 κατὰ
665 1577 926 1651 ἀδοκιμου
950 1578 1247 1651 θρησκείας
1270 1578 1491 1650 ὀμοθεὶς
1514 1580 1698 1653 ὅρκος,

106 1666 167 1720 οὐ
196 1666 556 1734 φυλάττεται.

176 1760 442 1815 ΚΕΦΔΛ.
475 1758 561 1814 ις’.
584 1789 654 1800 --
671 1760 810 1830 Περὶ
834 1761 1211 1828 ἀποστατῶν,
1234 1761 1334 1818 καὶ
1360 1762 1578 1833 θυτῶν,
1603 1762 1703 1819 καὶ

106 1850 330 1920 μάγων,
348 1851 453 1905 καὶ
482 1850 795 1919 ἐπαοιδῶν,
819 1855 917 1908 καὶ
940 1854 1350 1926 ἀστρολόγων,
1368 1858 1697 1927 μαθηματι-

107 1939 245 2007 κῶν,
269 1940 576 2011 μάντεων,
608 1942 706 1998 καὶ
738 1942 1099 2013 περιόπτων.

539 2034 918 2091 Ἀποστόλων
944 2036 1146 2091 κανὼν
1173 2036 1272 2108 EB’.

175 2120 275 2194 ξβ’.
306 2124 380 2179 Et
401 2140 493 2189 τις
517 2124 780 2197 κληρικὸς
809 2124 898 2180 διὰ
927 2126 1091 2196 φόὸον
1112 2126 1477 2200 ἀνθρώπινον,
1498 2146 1619 2187 κ.τ.
1642 2129 1696 2189 λ.

380 2309 659 2365 Συνόδου
685 2311 937 2378 Νικαίας
963 2311 1164 2366 κανὼν
1198 2319 1287 2379 ια’,
1322 2313 1411 2385 ιβ’.

177 2397 264 2455 ια’.
300 2401 448 2473 Περὶ
466 2402 574 2455 τῶν
595 2403 955 2472 παραϐάντων
979 2405 1146 2476 χωρὶς
1176 2405 1444 2477 ἀνάγκης,
1473 2424 1529 2459 κ.
1556 2424 1607 2461 τ.
1640 2406 1692 2462 λ.

179 2493 266 2565 ιβ’.
300 2496 366 2549 Ol
417 2494 482 2549 δὲ
528 2493 961 2567 προσκληθέντες
1015 2495 1119 2567 μὲν
1168 2497 1273 2551 ὑπὸ
1312 2498 1411 2570 τῆς
1444 2499 1688 2571 χάριτος,

113 2606 164 2641 κ.
194 2605 246 2643 τ.
275 2588 328 2643 λ.

114 2677 376 2733 Σννόδου
406 2677 700 2748 Ἀγκύρας
717 2678 917 2735 κανὼν
933 2680 1005 2751 γ’,
1027 2681 1091 2749 δ’,
1109 2682 1173 2749 ε’,
1192 2690 1267 2750 ς’,
1287 2689 1360 2756 η’,
1384 2684 1450 2749 θ’,
1477 2682 1565 2754 ιβ’,
1589 2682 1690 2739 κδ’.

177 2770 246 2840 γ’.
281 2773 425 2837 Τοὺς
453 2771 757 2844 φεύγοντας
786 2773 880 2826 καὶ
913 2773 1337 2845 συλληφθέντας,
1369 2793 1425 2833 κ.
1450 2795 1502 2833 τ.
1532 2777 1585 2835 λ.

180 2953 239 3009 δ’.
269 2956 406 3027 Περὶ
432 2954 547 3010 τῶν
579 2956 717 3026 πρὸς
751 2955 873 3027 βίαν
904 2955 1207 3024 θυσάντων,
1242 2974 1297 3012 κ.
1337 2975 1390 3014 τ.
1425 2959 1475 3011 λ.

184 3045 242 3105 ε’.
267 3050 425 3101 Ὀσοι
442 3047 504 3101 δὲ
530 3046 763 3117 ἀνῆλθον
789 3048 929 3118 μετὰ
948 3046 1176 3117 ἐσθῆτος
1198 3048 1460 3120 πνθικῆς
1480 3066 1535 3103 κ.
1560 3065 1609 3103 τ.
1634 3048 1684 3103 λ.
1720 3087 1763 3145 c

184 3232 254 3300 ς’.
299 3236 438 3307 Περὶ
484 3232 593 3290 τῶν
636 3232 835 3305 ἀπειλῇ
885 3233 1045 3305 μόνον
1092 3232 1352 3298 εἰξάντων
1376 3231 1679 3299 κολάσεως,

120 3341 169 3378 κ.
202 3342 252 3379 τ.
288 3326 339 3381 λ.

182 3416 247 3489 η’.
268 3419 330 3472 υἱ
359 3417 417 3472 δὲ
437 3417 694 3490 δεύτερον
716 3416 814 3472 καὶ
837 3416 1016 3489 τρίτον
1037 3415 1316 3485 θύσαντες,
1348 3435 1404 3475 κ.
1441 3434 1493 3474 τ.
1526 3417 1578 3473 λ.

185 3604 245 3661 θ’.
274 3605 431 3659 Ὅσοι
456 3604 517 3659 δὲ
544 3603 623 3676 μὴ
657 3602 817 3675 μόνον
841 3602 1178 3673 ἀπέστησαν,
1214 3619 1275 3660 κ.
1302 3619 1353 3658 τ.
1386 3601 1438 3659 λ.

187 3790 271 3862 ιβ’.
316 3793 461 3857 Τοὺς
500 3791 607 3862 πρὸ
654 3788 749 3843 τοῦ
805 3785 1179 3859 βαπτίσματος
1222 3788 1540 3853 τεθυκότας,
1588 3790 1685 3845 καὶ

132 3887 252 3954 μετὰ
291 3886 463 3940 ταῦτα
498 3883 911 3955 βαπτισθέντας,
940 3880 1116 3945 ἔδοξεν
1151 3882 1233 3945 εἰς
1264 3883 1416 3949 τάξιν
1443 3883 1682 3953 προάγε-

127 3978 237 4031 σθαι
265 3979 337 4042 ὡς
360 3978 860 4049 ἀπολουσαμένους.

191 4066 281 4122 κδ’.
308 4071 369 4122 Οἱ
396 4068 957 4138 καταμαντευόμενοι,
980 4066 1075 4120 καὶ
1096 4066 1219 4128 ταῖς
1246 4063 1552 4134 συνηθείαις
1573 4058 1681 4119 τῶν

128 4159 279 4213 ἐθνῶν
307 4158 789 4226 ὲξακολουθοῦντες
812 4201 827 4225 ,
858 4160 891 4231 ἢ
927 4157 1237 4225 εἰσάγοντες
1266 4173 1419 4219 τινας
1448 4158 1528 4220 εἰς
1554 4159 1683 4222 τοὺς

130 4250 317 4303 ἑαυτῶν
344 4253 529 4315 οἴκους
556 4252 646 4304 ἐπὶ
675 4250 961 4322 ἁνευρέσει
990 4247 1351 4322 φαρμακειῶν
1379 4247 1411 4318 ἢ
1436 4250 1530 4301 καὶ
1583 4267 1683 4302 κα-

135 4342 333 4413 θάρσει,
364 4346 468 4398 ὑπὸ
497 4345 588 4397 τὸν
616 4344 818 4398 κανόνα
848 4343 1196 4397 πιπτέτωσαν
1218 4341 1316 4412 τῆς
1347 4342 1684 4409 πενταετίας,

1809 835 2182 891 decernimus.

2334 929 2527 985 Basilii
2561 949 2733 987 canon
2776 932 2864 988 81.

1879 1019 1968 1076 81.
1996 1021 2266 1087 Quoniam
2309 1031 2490 1077 autem
2522 1025 2680 1079 multi
2720 1026 2775 1080 in
2803 1025 3168 1081 Barbarorum
3208 1027 3393 1083 incur-

1806 1112 1984 1178 sione,
2014 1123 2143 1181 elc.,
2180 1125 2236 1169 ut
2258 1132 2380 1187 pag.
2414 1116 2541 1171 926.

1877 1204 2091 1261 Tenus.
2126 1209 2180 1261 lu
2210 1209 2317 1278 dig.
2350 1209 2412 1274 5,
2456 1209 2541 1265 tit.
2580 1208 2646 1275 2,
2675 1209 2770 1266 lib.
2804 1225 2904 1276 xu,
2940 1209 3179 1267 dicitur:
3228 1211 3394 1266 ﬂecte

1806 1301 1901 1355 tibi
1935 1300 2170 1367 defero,
2225 1313 2283 1357 ut
2332 1320 2424 1374 per
2474 1305 2705 1359 salutem
2774 1316 2923 1359 tuam
2986 1304 3160 1374 jures.
3216 1303 3393 1359 Omne

1803 1393 1948 1448 enim
1975 1392 2137 1465 442
2162 1396 2369 1449 licitum
2401 1396 2786 1466 jusjurandum
2832 1412 2897 1451 ex
2947 1398 3218 1453 delatione
3245 1413 3389 1468 prae—

1803 1485 1994 1540 stilum
2020 1526 2035 1551 ,
2068 1498 2342 1542 servatur.
2400 1489 2530 1543 Item
2578 1488 2762 1561 [illud]
2786 1491 2928 1560 quod
2959 1491 3083 1560 quis
3126 1506 3218 1561 per
3258 1504 3389 1564 proo

1803 1576 1980 1648 priam
2011 1578 2323 1648 religionem
2353 1580 2598 1650 juratutu
2627 1591 2733 1647 est,
2764 1599 2870 1637 non
2901 1590 3153 1637 servatur

1877 1760 2029 1818 CAP.
2052 1760 2172 1816 XX.
2198 1793 2270 1804 —
2297 1762 2373 1818 De
2398 1767 2679 1834 apostatis,
2713 1766 3163 1834 sacriﬁcantibus,
3194 1767 3381 1836 magis,

1802 1854 2250 1923 incantatoribus,
2296 1857 2596 1927 astrologis,
2653 1859 2936 1911 mathemat
2960 1860 3059 1923 cis,
3107 1858 3301 1912 divinis
3334 1868 3385 1912 et

1805 1948 2077 2003 amuletis.

2239 2039 2612 2109 Apostolorum
2643 2056 2808 2094 canon
2844 2040 2933 2095 62.

1873 2126 2091 2200 62[6i].
2141 2127 2200 2183 Si
2251 2131 2374 2200 quis
2423 2130 2658 2187 clericus
2706 2140 2927 2202 propter
2957 2141 3158 2187 metum
3190 2133 3384 2187 Imma-

1800 2233 1954 2286 num,
1972 2228 2057 2274 etc
2084 2256 2104 2287 ,
2138 2228 2194 2273 ut
2216 2235 2339 2291 pag.
2373 2220 2495 2277 746.

2103 2312 2330 2369 Concilii
2357 2312 2567 2368 Nicaeui
2600 2330 2825 2369 canones
2855 2315 2943 2380 11,
2977 2314 3066 2371 12.

1872 2406 1959 2462 11.
1996 2405 2071 2460 De
2095 2406 2182 2473 iis,
2214 2409 2303 2477 qui
2330 2408 2448 2462 sine
2479 2408 2820 2473 necessitate,
2856 2418 2989 2477 etc.,
3020 2420 3076 2462 ut
3102 2426 3222 2480 pag.
3255 2410 3376 2465 798.

1865 2495 1957 2551 12.
1988 2496 2093 2562 Qui
2120 2506 2303 2551 autem
2333 2512 2363 2551 a
2404 2497 2574 2567 gratia
2607 2497 2828 2567 quidem
2879 2500 3115 2565 avocati,
3155 2511 3294 2566 etc.,
3320 2510 3377 2553 ut

1800 2604 1928 2659 pag.
1960 2589 2083 2644 751.

1801 2679 2563 2751 ConciliiAncgranicanones
2583 2681 2638 2744 5,
2666 2680 2719 2743 4,
2748 2680 2801 2745 5,
2846 2678 2899 2747 6,
2949 2678 3005 2747 8,
3059 2680 3114 2746 9,
3161 2680 3251 2746 12,
3281 2679 3376 2753 Ἡ,

1868 2771 1921 2825 5.
1954 2772 2063 2825 Eos
2117 2772 2209 2842 qui
2256 2772 2525 2843 fugientes
2551 2770 2929 2842 comprehensi
2954 2780 3104 2837 sunt,
3136 2781 3268 2838 etc.,
3316 2782 3373 2825 ιιι

1796 2880 1919 2934 pag.
1952 2865 2075 2919 758.

1866 2958 1920 3010 4.
1957 2956 2032 3012 De
2065 2956 2131 3011 iis
2170 2956 2261 3026 qui
2296 2955 2345 3010 vi
2384 2956 2783 3023 sacriﬁcarunt,
2814 2965 2947 3023 etc.,
2987 2965 3045 3009 ut
3073 2972 3195 3026 pag.
3242 2954 3374 3008 799.

1867 3048 1921 3104 5.
1976 3048 2297 3119 Quicunque
2329 3059 2508 3104 autem
2539 3063 2665 3103 cum
2693 3056 2841 3105 veste
2866 3048 3104 3119 lugubri,
3136 3056 3268 3113 etc.,
3314 3057 3375 3101 ut

1798 3157 1915 3211 pag.
1948 3140 2077 3195 799.

1870 3232 1923 3287 6.
1960 3232 2035 3289 De
2067 3235 2132 3289 iis
2155 3233 2249 3306 qui
2280 3233 2532 3305 supplicii
2564 3233 2754 3301 minis,
2785 3242 2916 3299 etc.,
2951 3245 3008 3289 ut
3042 3252 3164 3306 pag.
3194 3235 3318 3290 799.

1867 3420 1919 3476 8.
1954 3420 2056 3488 Qui
2091 3432 2272 3477 autem
2306 3421 2390 3479 bis
2413 3421 2497 3477 vel
2520 3430 2603 3477 ter
2643 3419 3110 3487 sacriﬁcaverunt,
3141 3432 3273 3488 etc.,
3310 3434 3368 3476 ut

1796 3528 1921 3584 pag.
1957 3511 2081 3568 802.

1868 3603 1924 3658 9.
1952 3602 2272 3674 Quicunque
2299 3611 2477 3659 autem
2505 3618 2613 3660 non
2648 3604 2824 3661 solum
2842 3604 3209 3672 desciverunt,
3235 3616 3369 3675 etc.,

1797 3703 1855 3749 ιιι
1883 3711 2007 3767 pag.
2039 3695 2166 3751 802.

1871 3786 1958 3842 12.
2012 3785 2119 3842 Eos
2160 3786 2256 3857 qui
2287 3794 2415 3843 ante
2458 3785 2791 3858 baptismum
2844 3788 3288 3844 sacriliraverunt
3320 3800 3376 3844 et

1796 3889 1983 3949 postea
2034 3877 2292 3943 baptizati
2340 3885 2487 3943 sunt,
2520 3878 3368 3947 visumestadordinempromo-

1794 3973 1930 4037 veri,
1961 3982 2021 4027 ut
2048 3972 2142 4042 qui
2168 3973 2337 4028 abluti
2368 3981 2516 4029 sunt.

1862 4063 1953 4118 24.
1997 4063 2103 4130 Qui
2140 4065 2537 4129 vaticinantur,
2569 4073 2623 4119 et
2662 4063 2901 4134 gentium
2945 4064 3371 4118 consuetudines

1792 4163 2121 4224 sequuntur,
2146 4154 2229 4209 vel
2258 4155 2311 4208 in
2346 4168 2476 4209 suas
2504 4154 2646 4208 aedes
2676 4154 2891 4221 aliquos
2920 4151 3277 4207 introducunt
3298 4155 3365 4207 ad

1793 4246 2313 4302 medicamentorum
2341 4245 2732 4311 inventionem,
2763 4245 2846 4300 vel
2878 4245 3278 4313 lustrationem,
3312 4246 3365 4301 iu

1792 4340 2152 4411 quinquennii
2198 4354 2466 4394 canonem
2502 4338 2782 4403 incidant,
2822 4341 3121 4395 secunidum
3164 4343 3368 4411 gradus

132 4436 255 4488 κιτὰ
280 4439 403 4500 τοὺς
430 4437 672 4509 βαθμοὺς
698 4436 823 4499 τοὺς
848 4435 1209 4507 ὡρισμένους.
1245 4435 1370 4505 τρία
1409 4434 1505 4502 ἔτη
1561 4434 1689 4488 ὑπο·

1868 4433 2110 4497 elinitos,
2152 4441 2262 4487 tres
2292 4445 2468 4485 annos
2498 4431 2910 4500 substrationis,
2941 4440 2995 4487 et
3024 4433 3163 4489 duos
3191 4449 3368 4489 annos

132 4525 397 4593 πτώσεως,
418 4530 513 4584 καὶ
540 4529 632 4582 δύο
660 4527 755 4599 ἔτη
787 4528 973 4598 εὐχῆς,
1005 4527 1172 4598 χωρὶς
1208 4527 1543 4597 προσφορᾶςο

385 4620 656 4677 Συνόδου
682 4619 1035 4682 Λαοδικείας
1063 4615 1265 4670 κανὼν
1290 4617 1400 4677 λς’.

193 4709 291 4775 λς’.
320 4713 443 4768 Ὀτι
470 4713 530 4767 οὐ
560 4712 643 4766 δεῖ
670 4709 975 4781 ἱερατικοὺς
1000 4709 1228 4780 μάγους,
1257 4724 1313 4761 κ.
1339 4724 1393 4761 τ.
1420 4706 1471 4760 λ.

356 4890 622 4946 Συνόδου
652 4887 1071 4959 Καρθαγέννης
1105 4887 1307 4943 κανὼν
1335 4885 1442 4959 με’.

198 4981 323 5047 Περὶ
361 4984 476 5038 τῶν
512 4985 933 5038 ἀσθενούντων
961 4982 1062 5036 καὶ
1098 4981 1252 5051 ὑπὲρ
1275 4980 1505 5038 ἑαυτῶν
1535 4981 1685 5037 ἀπο-

136 5070 416 5133 κρίνεσθαι
438 5076 523 5146 μὴ
553 5073 924 5144 δυναμένων.

204 5159 296 5229 με’.
331 5167 487 5221 Ὥστε
520 5167 651 5233 τοὺς
676 5165 1064 5233 ἀσθενοῦντας,
1097 5184 1155 5222 κ.
1190 5184 1241 5223 τ.
1274 5167 1328 5222 λ.

201 5339 451 5399 Συνόδου
476 5343 895 5415 οὶκουμενικῆς
923 5344 1102 5413 ἕκτης
1130 5343 1331 5399 κανὼν
1364 5341 1465 5408 Ea’,
1509 5341 1601 5409 ξε’.

205 5427 294 5495 ξαί
321 5435 379 5486 Οἱ
404 5440 653 5506 μάντεσιν
680 5438 907 5502 ἑαυτοὺς
948 5438 1293 5501 ἐπιδιδόντες,
1323 5437 1356 5506 ἤ
1387 5438 1500 5499 τοῖς
1528 5435 1685 5504 λεγο-

151 5518 307 5586 μένοις
335 5526 773 5600 ἑκατοντάρχαις,
810 5530 845 5600 ἡ
884 5547 996 5584 τισι
1030 5529 1317 5596 τοιούτοις,
1349 5526 1424 5592 ὡς
1458 5526 1524 5584 ἂν
1555 5525 1684 5598 παρ’

214 5698 252 5732 ’⁸
284 5703 327 5761 ll
350 5709 474 5767 (lor.
508 5729 579 5783 vi,
612 5711 793 5768 1ι1ο16.

1793 4525 2056 4581 orationis
2081 4524 2198 4578 sine
2229 4523 2520 4577 oblatione.
3100 4572 3125 4581 ,

2037 4616 2199 4687 443
2248 4615 2476 4670 Concilii
2513 4614 2798 4670 Laodiceni
2822 4632 2990 4672 canon
3026 4618 3116 4673 '56.

1861 4710 1951 4763 56.
1987 4710 2142 4774 Quod
2171 4724 2277 4763 non
2299 4716 2622 4779 oporteteos
2642 4709 2736 4781 qui
2760 4719 2890 4765 sunt
2918 4712 3137 4778 sacrati,
3156 4721 3284 4778 etc.,
3308 4718 3365 4764 ut

1792 4816 1915 4870 pag.
1950 4799 2074 4856 734.

2076 4889 2299 4945 Consilii
2322 4888 2761 4961 Cartltaginensis
2787 4909 2956 4948 canon
2986 4892 3075 4948 45.

1864 4981 1942 5036 De
1974 4981 2350 5052 wgrotantibus
2380 4983 2471 5053 qui
2517 4999 2612 5053 pro
2655 5000 2709 5039 se
2756 4984 3064 5055 respondere
3094 5000 3193 5038 non
3228 5000 3363 5051 pos-

1789 5080 1931 5124 sunt.

1856 5161 1946 5215 45.
1983 5159 2052 5215 Ut
2078 5170 2423 5232 aegrotantes,
2468 5162 2513 5219 si
2545 5178 2643 5234 pro
2674 5180 2733 5221 se
2761 5165 3109 5233 respondere,
3142 5175 3226 5220 etc
3254 5205 3271 5231 ,
3304 5175 3362 5220 ut

1779 5270 1901 5326 pag.
1932 5254 2058 5310 619.

2031 5348 2257 5405 Concilii
2290 5351 2594 5405 mumenici
2619 5366 2667 5403 v1
2709 5366 2877 5404 canon
2905 5350 2995 5414 6|,
3024 5348 3116 5406 65.

1855 5439 1944 5495 67.
1986 5440 2089 5508 Qui
2119 5441 2338 5498 vatibus
2382 5443 2590 5512 seipsos
2642 5444 2988 5499 tradiderunt
3008 5444 3077 5510 ³⁸,
3130 5443 3215 5499 vel
3264 5443 3358 5512 qui

1787 5530 2229 5589 becatontarchze
2275 5547 2371 5589 seu
2402 5532 2752 5591 centuriones
2784 5533 3069 5603 dicuntur,
3101 5532 3186 5591 vel
3230 5533 3357 5589 alus
