3904 6220
449 261 556 327 935

1586 271 1846 334 ΡΠΟΊῚΙ
1888 272 2393 338 ΡΛΤΗΙΑΒΕΗᾹΞ
2424 276 2536 341 CP.

3572 302 3662 367 936

453 374 725 447 ejusmodi
758 385 814 433 ut
836 376 905 433 ab
932 376 1000 435 lis
1024 378 1253 446 discant,
1280 379 1327 437 si
1358 382 1488 451 quid
1522 382 1625 439 sibi
1672 387 1896 442 revelari
1933 403 2008 441 vel

2125 388 2349 445 ἐκείνων
2377 392 2599 463 μάθοιεν
2628 392 2659 450 ὅ
2695 410 2749 449 τι
2779 394 2845 449 ἂν
2879 393 3313 451 ἐκκαλύπτεσθαι
3336 400 3504 469 αὐτοις
3553 413 3660 477 βου.

453 471 573 533 lint,
609 471 995 526 convenienter
1020 472 1106 534 iis,
1140 489 1263 543 qua:
1301 475 1369 530 de
1398 475 1531 545 ipsis
1560 493 1591 535 a
1620 478 1868 535 Patribus
1890 495 2025 534 con-

453 561 640 615 stituta
669 570 818 626 sunt,
854 563 1095 616 sexennii
1123 566 1319 620 canoni
1356 568 1721 639 subjiciantttr
1749 572 1887 641 (54).
1914 572 2023 642 Ipsi

461 662 641 705 autem
682 668 776 708 eos
822 669 1039 722 quoque
1074 657 1265 726 subjici
1298 670 1532 728 oportet.
1582 663 1674 732 qui
1724 680 1903 728 ursas,
1939 666 2022 720 vel

450 742 719 810 ejusmodi
755 745 1015 799 animalia
1065 748 1130 800 ad
1166 750 1352 803 ludum
1397 761 1451 806 et
1482 753 1876 823 simpliciorum
1920 774 2018 812 no-

451 846 573 885 xam
614 832 1032 899 circumferunt,
1076 849 1130 891 et
1181 838 1457 897 fortunam
1491 861 1553 899 ac
1599 848 1792 914 fatum,
1830 859 1884 903 et
1928 867 2019 919 ge-

451 924 772 995 nealogiam,
852 937 905 982 et
964 934 1326 998 quorumdam
1386 937 1655 1005 ejusmodi
1727 942 2018 995 verborum

449 1017 853 1073 multitudinem
886 1036 951 1074 cx
981 1020 1211 1078 fallaciae
1252 1026 1677 1099 imposturaequc
1702 1036 1862 1103 nugis
1889 1050 2013 1103 pro-

420 1107 635 1165 lerunt
665 1129 677 1165 :
712 1127 917 1182 eosque
946 1116 1039 1184 qui
1089 1118 1315 1172 nubium
1356 1122 1693 1189 expulsores,
1731 1137 1783 1179 et
1832 1127 2019 1180 incan-

449 1210 677 1267 tatores,
710 1212 765 1258 et
812 1207 1174 1263 antuletorum
1216 1211 1555 1279 praebitores,
1582 1224 1639 1271 et
1658 1226 1809 1273 vates
1833 1219 2018 1289 appel~

446 1294 649 1350 lantur.
684 1295 790 1351 Eos
820 1306 1024 1361 autem,
1062 1301 1236 1370 quiin
1272 1303 1338 1359 iis
1364 1306 1690 1373 persistunt,
1731 1319 1915 1363 etnon
1950 1311 2017 1365 ab

445 1385 719 1453 ejusmodi
778 1390 1104 1458 perniciosis
1161 1394 1566 1466 gentilibusquc
1599 1397 1797 1453 studiis
1863 1414 2017 1453 aver-

444 1484 635 1532 tttntur
672 1489 726 1532 et
755 1479 1066 1550 aufugiunt,
1104 1481 1345 1540 Ecclesia
1381 1488 1606 1542 omnino
1644 1489 2014 1547 exturbandos

441 1568 814 1637 decernimus,
864 1574 1008 1627 sicut
1056 1584 1107 1630 et
1159 1576 1300 1630 sacri
1347 1592 1586 1633 canones
1632 1580 1840 1634 dicunt.
1879 1580 2013 1645 ρυω

440 1660 581 1713 enim
626 1668 703 1714 est
752 1661 862 1715 luci
902 1680 1017 1716 cum
1059 1664 1283 1720 tenébris
1332 1660 1792 1727 communicatio?
1836 1682 1895 1729 ut
1936 1675 2012 1730 ait

441 1752 771 1820 Apostolus:
810 1754 887 1807 vel
924 1773 1043 1825 qua:
1078 1759 1270 1828 templo
1317 1761 1410 1815 Dei
1443 1779 1560 1817 cum
1593 1765 1749 1820 idolis
1794 1727 2014 1822 conseri;
2040 1727 2089 1788 Β

440 1846 519 1896 sio
540 1845 565 1896 2’
584 1844 661 1897 vel
691 1862 807 1915 qua:
833 1846 979 1915 ﬁdeli
1008 1864 1128 1902 cum
1165 1851 1371 1920 inﬁdeli
1390 1870 1513 1922 pars
1544 1856 1811 1921 est?Qua2
1833 1868 2012 1913 autem

444 1934 656 1989 Christo
682 1947 760 1989 est
800 1955 917 1991 cum
946 1939 1120 1994 Belial
1159 1945 1442 1999 concordia
1476 1964 1538 2000 ac
1564 1950 1833 2003 conventio
1858 1950 1944 2005 ”?

518 2026 605 2080 65.
651 2026 753 2092 Qui
776 2028 827 2081 in
850 2031 1147 2087 noviluniis
1167 2048 1195 2086 a
1219 2035 1540 2103 quibusdam
1561 2049 1686 2095 ante
1705 2055 1834 2097 suas
1851 2041 2019 2098 oﬂici-

440 2131 538 2169 nas
585 2128 635 2170 et
669 2117 860 2173 domos
910 2123 1284 2179 accenduntur
1309 2127 1449 2196 rogi,
1495 2144 1657 2199 supra
1681 2147 1820 2200 quos
1848 2134 2011 2187 etiam

438 2209 663 2278 antiqua
698 2210 930 2279 quadam
965 2216 1359 2273 consuetudine
1381 2219 1541 2275 salire
1564 2220 1743 2291 inepte
1772 2224 2015 2278 acdelire

437 2301 635 2364 solent,
680 2300 940 2370 jubetnus
994 2304 1250 2377 deinceps
1297 2324 1534 2367 cessare.
1573 2312 1836 2383 Quisquis
1885 2331 2012 2385 ergo

439 2389 542 2442 tale
568 2390 696 2458 quid
729 2389 938 2457 fecerit,
987 2394 1032 2449 si
1104 2397 1177 2450 sit
1216 2398 1435 2467 quidem
1485 2401 1739 2467 clericus,
1773 2406 2013 2475 depona—

436 2488 561 2546 tur;
618 2483 700 2535 sin
739 2492 922 2538 autem
956 2486 1148 2550 laicus,
1176 2488 1342 2562 444
1369 2506 1708 2567 segregctur.
1729 2496 1788 2552 In
1813 2511 2009 2567 quarto

432 2573 577 2626 enim
639 2574 777 2630 libro
827 2577 1034 2648 Regum
1091 2584 1353 2650 scriptum
1400 2595 1484 2638 est
1533 2603 1547 2639 :
1605 2585 1674 2639 Et
1724 2589 2009 2660 wdiﬁcavit

435 2663 712 2720 Manasses
760 2669 929 2724 altare
982 2673 1241 2727 universa:
1294 2675 1502 2729 militia:
1545 2678 1661 2731 cwli
1702 2678 1757 2731 in
1807 2679 2008 2734 duobus

434 2759 588 2811 atriis
617 2760 802 2813 domus
835 2761 952 2825 Dei,
986 2772 1034 2816 et
1074 2764 1213 2833 ﬁlios
1251 2783 1374 2821 suos
1414 2769 1658 2823 traduxit
1691 2786 1783 2839 per
1810 2771 2001 2840 ignem,

433 2848 761 2918 sat-libusque
789 2861 837 2904 et
865 2856 1103 2923 auguriis
1160 2858 1511 2929 auspiciisque
1553 2875 1677 2914 usus
1710 2871 1809 2928 est,
1849 2872 1895 2915 et
1929 2863 2005 2932 fe-

432 2936 504 2989 cit
542 2940 894 3010 ventriloquos
934 2959 1024 2996 seu
1065 2945 1334 3013 pythones,
1376 2957 1425 3000 et
1467 2948 1787 3002 divinatorcs
1817 2950 2004 3002 multi-

2128 478 2324 546 λοιντο,
2342 482 2484 537 κατὰ
2503 483 2574 537 τά
2602 482 2793 556 πρώην
2814 485 2919 539 ὑπὸ
2944 485 3053 538 τῶν
3078 486 3337 557 Πατέρων
3356 492 3475 561 περὶ
3500 496 3656 554 αὐτῶν

2124 570 2430 641 ὁρισθέντα,
2450 573 2557 627 ὑπὸ
2576 576 2667 628 τὸν
2692 576 2894 630 κανόνα
2920 575 3269 631 πιπτέτωσαν
3296 579 3393 649 τῆς
3414 581 3632 651 ἑξαετίας
3649 608 3662 623 ο

2124 660 2202 731 τῷ
2231 660 2379 732 αὐτῷ
2404 661 2461 716 δὲ
2479 663 2652 734 τούτῳ
2674 662 2934 734 ἐπιτιμίῳ
2955 662 3335 718 καθυποϐἆλλε
3349 666 3465 721 σθαι
3491 670 3563 724 δεῖ
3582 678 3665 729 καὶ

2122 756 2247 818 τοὺς
2300 755 2400 818 τάς
2453 754 2686 826 ἄρκτους
2746 756 3174 826 ἐπισυρομένους
3234 757 3267 827 ἢ
3325 760 3533 815 τοιαῦτα
3569 764 3666 829 ζῶα

2124 846 2260 917 πρὸς
2303 847 2553 917 παίγνιον
2586 847 2682 902 καὶ
2733 847 2940 918 βλάϐην
2988 848 3098 901 τῶν
3139 848 3544 921 ἁπλουστέρων
3585 861 3667 912 καὶ

2121 939 2293 1010 τύχην
2327 941 2420 994 καὶ
2462 940 2804 1011 εἱμαρμένην
2835 941 2929 994 καὶ
2962 941 3349 1010 γενεαλογίαν,
3387 946 3477 998 καὶ
3510 949 3666 1001 τοιού-

2119 1047 2228 1083 των
2258 1030 2420 1085 τινῶν
2473 1032 2734 1103 ῥημάτων
2773 1030 2963 1103 ὄχλον,
3002 1032 3143 1086 κατὰ
3184 1033 3311 1096 τοὺς
3349 1034 3446 1105 τῆς
3483 1038 3666 1110 πλάνης

2119 1124 2315 1195 λήρους
2354 1125 2665 1194 φωνοῦντας
2684 1140 2698 1155 ·
2735 1123 2862 1189 τούς
2889 1142 2951 1178 τε
2981 1124 3307 1194 λεγομένους
3332 1128 3666 1197 νεφοδιὼκτας

2118 1216 2212 1267 καὶ
2233 1215 2500 1283 γυτευτάς
2526 1218 2621 1269 καὶ⁵
2652 1216 3056 1288 φυλακτηρίους
3088 1216 3183 1271 καὶ
3211 1218 3428 1285 μάντεις
3449 1234 3462 1248 ·
3492 1220 3662 1290 ἐπιμέ-

2117 1322 2305 1371 νοντας
2334 1307 2389 1360 δὲ
2419 1308 2627 1371 τούτοις
2648 1309 2741 1362 καὶ
2765 1309 2839 1380 μὴ
2866 1308 3320 1379 μετατιθεμένους
3342 1311 3432 1363 καὶ
3451 1311 3664 1382 ἀποφεύ-

2115 1414 2312 1467 γοντας
2337 1399 2409 1452 τά
2420 1399 2637 1470 ὀλέθρια
2651 1399 2825 1454 ταῦτα
2837 1402 2931 1453 καὶ
2958 1400 3246 1470 Ἐλληνικά
3263 1403 3662 1475 ἐπιτηδεύματα,

2117 1493 2463 1545 παντάπασιν
2478 1492 2916 1565 ἀπορῤίπτεσθαι
2934 1492 3036 1563 τῆς
3059 1493 3388 1564 Ἐκκλησίας
3410 1494 3662 1565 ὁρίζομεν,

2115 1582 2257 1636 καθά
2301 1585 2395 1637 καὶ
2437 1586 2486 1637 οί
2533 1586 2667 1656 ἱεροὶ
2717 1584 2941 1649 κανόνες
2992 1584 3393 1656 διαγορεύουσι.
3444 1587 3533 1653 Τίς
3570 1586 3666 1657 γὰρ

2115 1677 2396 1729 κοινωνία
2423 1678 2569 1746 φωτὶ
2604 1677 2753 1745 πρὸς
2785 1679 3026 1743 σκότος,
3065 1676 3140 1740 ὥς
3185 1694 3350 1749 φησιν
3376 1679 3404 1731 ὁ
3438 1678 3668 1732 Ἀπόστο·

2120 1760 2211 1825 λος
2230 1779 2244 1825 ς
2262 1765 2341 1816 'H
2359 1764 2452 1829 τίς
2470 1762 2916 1832 συγκατάθεσις
2936 1764 3060 1830 ναῷ
3077 1764 3225 1819 Θεοῦ
3240 1764 3392 1834 μετὰ
3410 1765 3666 1831 είδὼλων;

2122 1850 2161 1918 ἢ
2190 1867 2220 1901 τ
2225 1852 2281 1916 ίς
2294 1850 2465 1919 μερὶς
2504 1849 2701 1916 πιστῷ
2723 1852 2875 1920 μετὰ
2914 1852 3215 1916 ἀπίστου;
3245 1852 3342 1920 τίς
3367 1851 3433 1906 δὲ
3449 1853 3670 1923 συμφώο

2120 1953 2299 2005 νησις
2330 1938 2559 2007 Χριστῷ
2582 1938 2734 2006 πρὸς
2757 1940 3012 2008 Βελίαρ;

2192 2027 2285 2096 ξε’.
2340 2030 2451 2094 Τὰς
2479 2030 2538 2085 ἕν
2569 2032 2687 2094 ταῖς
2725 2030 3039 2102 νεομηνίαις
3082 2031 3188 2085 ὑπό
3238 2048 3403 2086 τινων
3447 2031 3549 2103 πρὸ
3573 2030 3669 2085 τῶν

2119 2121 2337 2175 οἰκείων
2376 2120 2757 2193 ἐργαστηρίων
2785 2121 2880 2175 καὶ
2922 2123 3086 2175 οἴκων
3129 2123 3508 2191 ἀναπτομένας
3550 2138 3670 2190 πυρ-

2121 2214 2319 2278 καϊὰς,
2372 2212 2440 2277 ἃς
2496 2212 2591 2266 καὶ
2644 2212 3080 2282 ὑπερὸάλλεσθαί
3131 2230 3275 2279 τινες
3312 2214 3451 2268 κατά
3485 2230 3536 2265 τι
3564 2212 3669 2274 ἔθος

2116 2308 2345 2377 ἀρχαῖον
2388 2306 2779 2377 ἐπιχειροῦσιν,
2828 2306 2938 2360 ἀπὸ
2966 2306 3060 2359 τοῦ
3095 2308 3366 2378 παρόντος
3413 2320 3672 2375 καταργη-

2117 2397 2276 2468 θῆναι
2311 2398 2727 2469 προστάσσομεν
2749 2412 2765 2431 ο
2797 2397 2943 2461 ὅστις
2996 2391 3089 2450 οὖν
3116 2397 3361 2451 τοιοῦτόν
3397 2414 3448 2449 τι
3471 2393 3669 2465 πράξοι,

2116 2493 2165 2545 εί
2215 2492 2313 2563 μὲν
2353 2491 2612 2563 κληρικὸς
2667 2492 2788 2562 εἴη,
2847 2489 3255 2561 καθαιρείσθω·
3298 2493 3349 2545 εί
3381 2491 3439 2544 δὲ
3468 2490 3669 2554 λαῖκὺς,

2116 2581 2457 2653 ἀφοριζέσθω
2481 2599 2493 2612 ·
2525 2583 2838 2654 γέγραπται
2867 2584 2974 2656 γὰρ
2999 2586 3055 2636 ὲν
3081 2586 3145 2654 τῇ
3181 2582 3418 2653 τετάρτῃ
3446 2581 3548 2634 τῶν
3579 2581 3672 2633 Βα-

2114 2672 2330 2726 σιλειῶν
2355 2690 2369 2704 ·
2422 2674 2530 2728 Καὶ
2568 2673 2917 2743 ᾠκοδόμησε
2968 2672 3311 2741 Μανασσῆς
3365 2669 3676 2735 θυσιαστή-

2105 2780 2244 2832 ριον
2275 2762 2443 2833 πάσῃ
2474 2763 2549 2834 τῇ
2592 2764 2843 2833 στρατιᾷ
2894 2764 3001 2818 τοῦ
3030 2764 3290 2833 οὐρανοῦ
3330 2764 3401 2817 ἐν
3424 2762 3549 2829 ταῖς
3575 2761 3674 2815 δύο

2114 2856 2329 2923 αὐλαῖς
2358 2857 2527 2911 οἴκου
2576 2858 2817 2927 Κυρίου,
2866 2856 2965 2911 καὶ
3004 2857 3248 2927 διήγαγε
3278 2856 3354 2911 τὰ
3382 2856 3557 2909 τέκνα
3581 2855 3676 2907 ai:-

2113 2948 2222 3003 τοῦ
2247 2948 2309 3001 ἐν
2336 2948 2501 3017 πυρί,
2530 2950 2630 3002 καὶ
2677 2948 3115 3018 ἑκλῃδονίζετο,
3132 2950 3231 3004 καὶ
3252 2946 3562 3012 οἱωνίζετο,
3585 2944 3673 2998 καί

439 3031 679 3099 plieavit,
730 3043 785 3085 ut
826 3034 1019 3102 faceret
1051 3038 1247 3092 malum
1281 3056 1459 3093 coram
1506 3040 1752 3104 Domino,
1799 3054 1853 3096 ut
1886 3059 2003 3096 eum

2122 3039 2404 3109 ἐποίησεν
2459 3040 2994 3110 ἐγγαστριμύθους,
3031 3039 3131 3093 καὶ
3183 3041 3463 3110 τνώστας
3512 3035 3677 3103 ἐπλή-

430 3122 502 3176 ad
532 3124 668 3177 iram
694 3138 999 3192 prouocaret
1029 3129 1095 3183 ³⁵.

429 3344 583 3426 Beati
630 3347 778 3404 Petri
850 3353 1252 3426 archiepiscopi
1285 3353 1633 3409 Alexandrini
1692 3364 1744 3408 et
1801 3366 2005 3426 marty-

501 3421 574 3471 ris
617 3436 839 3475 canones
878 3424 928 3483 l,
956 3421 1101 3487 2,5,
1138 3421 1190 3488 4,
1224 3425 1277 3489 5,
1309 3426 1361 3486 6,
1391 3427 1442 3487 7,
1478 3428 1530 3485 8,
1562 3428 1614 3489 9,
1664 3426 1751 3488 10,
1791 3426 1879 3490 ll,
1914 3421 2001 3490 1:2,

502 3490 590 3554 15,
616 3492 717 3572 βό,
744 3493 834 3561 qui
879 3494 1123 3561 feruntur
1173 3496 1224 3547 in
1287 3512 1519 3549 sermone
1565 3497 1679 3565 ejus
1734 3497 1798 3549 de
1841 3501 2005 3566 paeni-

496 3568 681 3615 tentia.

500 3671 552 3725 l.
596 3669 862 3735 Quoniam
896 3682 1074 3727 autem
1120 3684 1372 3743 quartum
1415 3674 1621 3731 Pascha
1668 3680 2003 3747 persecutio-

427 3777 550 3815 nem
592 3764 703 3831 jam
743 3768 1128 3836 apprehendit,
1170 3770 1303 3824 satis
1351 3780 1434 3826 est
1485 3772 1538 3824 in
1585 3773 1651 3827 iis
1701 3775 1793 3843 qui
1837 3775 1998 3830 delati

427 3855 644 3923 quidem
681 3867 809 3912 Sunt
854 3858 907 3911 in
947 3861 1360 3930 custodiamque
1401 3863 1662 3933 eonjecti,
1697 3874 1996 3923 tormenta-

423 3961 532 4016 que
562 3962 671 4001 non
711 3948 1041 4015 sum-renda,
1074 3961 1125 4006 et
1153 3952 1510 4009 intolerabilia
1544 3955 1752 4025 ﬂagella
1781 3968 1834 4013 et
1856 3961 1999 4015 mul-

425 4047 508 4092 tas
548 4038 686 4092 alias
722 4055 915 4109 graves
959 4045 1308 4099 necessitates
1350 4048 1758 4113 sustinuerunt,
1807 4063 1992 4120 postea

2036 3102 2081 3163 C
2114 3102 2282 3195 θυνε,
2338 3132 2438 3186 καὶ
2493 3102 2803 3200 eiu-titione
2854 3102 3263 3200 minaria-at
3318 3130 3385 3186 τὸ
3420 3102 3676 3199 πονηρὸν

2113 3222 2369 3279 ἐνώπιον
2395 3224 2616 3293 Κυρίου
2641 3223 2750 3278 τοῦ
2774 3224 3133 3295 παροργίσαι
3150 3224 3366 3279 αὐτόν.

2115 3340 2339 3415 Πέτρου
2374 3338 2804 3415 ᾎλεξανδρέως
2831 3340 3083 3415 καγόνες
3108 3344 3176 3415 αξ,
3207 3338 3273 3408 β’,
3311 3342 3382 3415 γ’,
3425 3334 3486 3400 δ’,
3504 3313 3570 3415 εί,
3604 3339 3672 3415 (ῖέ

2185 3404 2249 3474 ξζ
2280 3416 2350 3481 η’.
2375 3409 2442 3473 θ’,
2470 3408 2521 3478 ι’,
2545 3416 2633 3474 ια’,
2654 3404 2745 3478 ιβ’,
2772 3404 2859 3481 ιγ’,
2888 3410 2967 3473 ιδ’,
3001 3404 3332 3478 φερόμενοι
3356 3408 3427 3462 ἐν
3459 3405 3535 3472 τῷ
3554 3404 3677 3473 περὶ

2186 3480 2500 3550 μετανοίας
2531 3481 2717 3535 αὐτοῦ
2745 3480 2923 3549 λόγῳ.

2179 3678 2249 3735 α’.
2317 3681 2470 3734 Ἐπεὶ
2512 3681 2693 3735 τοίνυν
2737 3682 2997 3753 τέταρτον
3035 3680 3134 3753 ἤδη
3178 3680 3375 3751 Πάσχα
3406 3672 3674 3731 ὲπικατεί-

2112 3773 2250 3844 ληφε
2284 3774 2374 3827 τὸν
2425 3773 2684 3845 διωγμὸν,
2720 3774 3008 3845 αὐτάρκως
3052 3773 3166 3844 ἔχει
3208 3776 3328 3837 τοῖς
3366 3772 3467 3843 μὲν
3513 3784 3675 3839 προσ-

2104 3869 2367 3939 ενεχθεϊσι
2393 3868 2489 3924 καὶ
2520 3867 2926 3938 φυλακισθεῖσι,
2962 3866 3226 3937 βασάνους
3258 3883 3322 3919 τε
3351 3865 3674 3934 ἀνηκέστους

2106 3961 2576 4033 ὑπομεμενηκόσι,
2607 3961 2701 4015 καὶ
2733 3960 3045 4030 ἀφορήτους
3077 3960 3372 4029 μάστιγας,
3421 3959 3515 4012 καὶ
3556 3957 3675 4010 πολ-

2104 4055 2201 4119 λὰς
2229 4055 2422 4125 ἑτέρας
2440 4055 2621 4117 δεινὰς
2643 4054 2909 4121 ἀνάγκας,
2934 4051 3160 4122 ὕστερον
3182 4050 3239 4104 δὲ
3267 4050 3673 4120 προδεδομένοις

421 4139 601 4184 autem
654 4142 781 4186 sunt
816 4150 844 4186 a
885 4136 1067 4191 carnis
1112 4137 1485 4195 imbecillitate
1526 4142 1745 4211 proditi,
1773 4145 1990 4199 etiamsi

2122 4148 2208 4200 me
2236 4147 2335 4217 τῆς
2377 4146 2663 4208 ἀσθενείας
2707 4144 2805 4213 τῆς
2836 4143 3057 4214 σαρκὸς,
3093 4144 3143 4195 εἰ
3177 4142 3274 4196 καὶ
3307 4144 3384 4214 μὴ
3417 4142 3476 4209 ἐξ
3506 4140 3671 4211 ἀρχῆς

419 4238 530 4277 non
558 4224 625 4277 ab
655 4224 808 4280 initio
839 4228 1075 4297 suscepti
1104 4238 1232 4284 sunt
1257 4242 1478 4301 propter
1514 4250 1730 4303 gravem
1773 4236 1987 4306 lapsum

2122 4240 2515 4312 παρεδέχθησαν
2553 4239 2644 4292 διὰ
2669 4238 2770 4309 τὴν
2804 4237 3374 4309 παρακολουθήσασαν
3410 4237 3670 4306 μεγίστην

418 4323 774 4368 consecutum
818 4333 832 4370 :
873 4326 1054 4372 tamen
1106 4322 1232 4388 quia
1272 4323 1499 4375 multum
1550 4326 1895 4380 decertat-unt
1935 4334 1990 4381 et

2122 4332 2328 4395 πτῶσιν,
2377 4333 2527 4402 ὅμως
2571 4331 2658 4384 διὰ
2687 4331 2747 4383 τὸ
2786 4330 2957 4384 πολλὰ
2984 4330 3181 4394 αὐτοὺς
3217 4329 3537 4400 ὴθληκὲναι,
3581 4326 3671 4380 καὶ

416 4402 509 4455 diu
537 4405 873 4471 restiterunt,
930 4421 1036 4459 non
1065 4411 1208 4462 enim
1239 4420 1431 4480 sponte
1457 4411 1522 4465 ad
1546 4428 1607 4465 ea
1631 4413 1986 4477 devenerunt,

418 4495 508 4517 HJ
539 4509 561 4517 Α
602 4498 775 4517 μμ,-
1211 4516 1229 4517 η
1694 4512 1703 4517 -
1772 4505 1803 4517 ..
1946 4516 1949 4517 ,

2128 4426 2190 4477 πὶ
2232 4423 2366 4477 πολὺ
2396 4421 2868 4491 ἁντιμαχέσασθαι
2892 4438 2905 4452 ·
2933 4422 2995 4475 ού
3034 4421 3142 4491 γὰρ
3184 4421 3327 4475 κατά
3360 4420 3670 4517 προαίρεῖιν

416 4495 509 4548 sed
536 4509 566 4548 a
598 4498 778 4550 carnis
813 4498 1181 4553 imbecillitate
1210 4500 1429 4569 proditi,
1490 4518 1613 4557 nam
1657 4512 1710 4557 et
1737 4505 1992 4574 stigmata

2129 4514 2174 4577 ξς
2200 4513 2358 4566 τοῦτο
2384 4512 2725 4581 ἐληλύθασιν,
2756 4512 2892 4564 ἀλλὰ
2918 4510 3422 4581 καταπροδοθέντες
3447 4510 3550 4562 ὑπὸ
3572 4506 3668 4576 τῆς

413 4583 539 4639 Jesu
564 4586 617 4639 itt
646 4587 761 4641 suis
789 4590 1113 4655 corporibus
1151 4601 1448 4657 ostentant,
1479 4603 1533 4647 et
1564 4596 1810 4648 nonnulli
1850 4612 1994 4651 anno

2122 4605 2378 4668 ισθενείας
2426 4604 2527 4673 τῆς
2576 4604 2797 4674 σαρκὸς,
2854 4603 3043 4673 ἐπειδὴ
3095 4603 3191 4655 καὶ
3241 4602 3525 4671 στίγματα
3577 4597 3666 4650 τοῦ

409 4676 520 4745 jam
549 4678 708 4732 tertio
732 4678 931 4733 deﬂent
954 4695 969 4734 :
1002 4679 1082 4736 eis
1106 4681 1175 4734 ab
1198 4682 1449 4738 Adventu
1476 4700 1572 4754 per
1593 4688 1991 4742 revocationem

2122 4696 2278 4770 Ιησοῦ
2309 4696 2675 4750 ἐνδείκνυνται
2697 4698 2755 4749 ὲν
2778 4698 2892 4759 τοῖς
2918 4695 3162 4765 σώμασιν
3193 4694 3430 4757 ἑαυτῶν,
3453 4692 3548 4745 καὶ
3568 4690 3664 4759 ἤδη

412 4768 467 4823 in
519 4770 835 4825 memoriam
884 4772 974 4825 alii
1020 4774 1377 4844 quadraginta
1430 4777 1546 4831 dies
1594 4778 1989 4849 injungantur,

2127 4768 2267 4860 ρίτον
2296 4790 2439 4851 τινὲς
2480 4788 2596 4851 ἔτος
2641 4786 2823 4857 ἔχουσι
2857 4785 3366 4852 καταπενθοῦντες,
3401 4801 3663 4855 προσεπιο

411 4876 550 4930 quos
588 4876 713 4918 cum
756 4861 1059 4932 jejunasset
1100 4864 1363 4921 Dominus
1408 4877 1461 4922 et
1504 4868 1759 4924 Servatur
1805 4881 1991 4926 noster

2126 4882 2381 4953 ιμηθῆναι
2407 4883 2589 4944 αὐτοῖς
2628 4881 2735 4933 ἀπὸ
2763 4880 2861 4949 τῆς
2910 4878 3322 4949 προσελεύσεως
3379 4876 3503 4931 καθ’
3532 4875 3661 4929 ὑπό-

409 4953 568 5011 Jesus
596 4954 869 5021 Christus,
915 4968 1203 5028 postquam
1239 4960 1547 5030 baptizatus
1585 4964 1779 5027 fuerat,
1816 4975 1988 5020 tenta-

2122 4992 2312 5043 ινησιν,
2361 4974 2525 5037 ἄλλας
2585 4980 2636 5042 μ’
2667 4973 2901 5042 ἡμέρας,
2942 4972 3006 5035 ἃς
3036 4971 3239 5042 καίπερ
3277 4970 3585 5039 νηστεύσας
3630 4967 3657 5018 ό

411 5058 499 5101 tus
528 5056 608 5101 est
639 5063 667 5102 a
699 5048 943 5103 diabolo.
981 5051 1036 5103 In
1066 5050 1267 5119 quibus
1291 5066 1340 5107 et
1372 5053 1471 5121 ipsi
1495 5070 1620 5108 cum
1656 5056 1810 5109 valde
1835 5072 1989 5109 excr-

2122 5066 2291 5134 Ldpto;
2319 5065 2414 5117 καὶ
2445 5065 2631 5133 Σωτὴρ
2660 5063 2816 5132 ἡμῶν
2846 5062 3063 5133 Ἰησοῦς
3093 5063 3122 5114 ὁ
3145 5060 3404 5129 Χριστὸς,
3440 5058 3579 5129 μετά
3602 5056 3659 5108 τὸ

408 5138 558 5191 citati
588 5138 808 5204 fuerint,
834 5150 889 5195 et
921 5144 1261 5198 constantius
1295 5143 1682 5213 jejunawrint,
1727 5147 1983 5216 deinceps

2123 5155 2452 5222 απτισθῆναι
2475 5193 2490 5218 ,
2523 5152 2829 5223 ὲπειράσθη
2864 5152 2969 5205 ὑπὸ
3020 5150 3115 5204 τοῦ
3145 5150 3395 5204 διαϐόλου
3422 5165 3439 5181 ο
3471 5150 3551 5210 είς
3593 5144 3658 5207 ἃς

411 5230 465 5282 in
492 5231 833 5287 orationibus
864 5233 1185 5303 vigilabunt,
1248 5236 1567 5291 meditantes
1602 5239 1746 5306 quod
1774 5240 1977 5295 dictum

2124 5242 2180 5296 αὶ
2224 5243 2378 5296 αὐτοὶ
2416 5242 2555 5295 κατὰ
2586 5242 2845 5311 περισσὸν
2874 5240 3394 5311 διαγυμνασθέντες,
3427 5234 3653 5291 εὐτονώ-

407 5330 492 5376 est
521 5337 550 5374 a
583 5320 815 5378 Domino
860 5323 927 5377 ad
975 5340 1096 5379 eum
1138 5327 1229 5396 qtti
1276 5328 1426 5381 illum
1475 5338 1665 5395 tentat,
1710 5340 1767 5383 ut
1801 5331 1977 5399 ipsum

2122 5333 2242 5403 ερόν
2290 5350 2350 5384 τε
2405 5331 2695 5403 νήψαντες,
2731 5334 3170 5403 γρηγορήσουσιν
3216 5332 3298 5394 είς
3346 5326 3657 5426 προσξῑυχάἔ

408 5412 597 5468 adoret
627 5431 641 5467 :
669 5414 767 5468 Abi
796 5431 945 5484 pone,
977 5416 1202 5482 Satana,
1251 5417 1412 5489 M5
1439 5421 1941 5489 scriptumestenim
1960 5437 1979 5475 :

2122 5423 2176 5477 οὗ
2202 5424 2413 5493 λοιποῦ,
2454 5425 2933 5496 καταμελετῶντες
2971 5424 3032 5479 τὸ
3062 5422 3385 5496 λελεγμένον
3413 5421 3520 5477 ὑπὸ
3563 5414 3654 5474 τοῦ

481 5546 524 5579 ³³
543 5546 589 5603 ll
608 5546 734 5604 Cor.
763 5564 840 5615 vr,
878 5549 1056 5617 14,15.
1133 5550 1265 5605 ’διν
1303 5550 1433 5623 Reg.
1468 5569 1627 5611 xxm.
1660 5553 1727 5607 12
1760 5569 1911 5624 seqq.

481 5699 597 5771 Gil)
629 5699 756 5771 Legi
786 5703 1028 5759 sexcnnii
1062 5703 1281 5774 subjici,
1318 5713 1400 5760 est
1446 5708 1708 5761 sexennio
1743 5708 2232 5765 cxcozntnunicari.
