3766 6198
134 172 221 237 937
884 172 1283 234 SYNTAGMA
1322 174 1685 235 CANONUM

1840 180 1973 243 [‘IT.
2010 184 2179 258 XIII,
2222 185 2378 245 CAP.
2417 186 2545 245 XX.

3264 190 3367 247 9318

134 280 317 350 Κυρίου
344 277 472 348 πρὸς
501 279 594 331 τὸν
626 278 955 349 πειράζοντα
984 280 1168 345 αὑτὸν,
1204 281 1289 332 ἵνα
1322 282 1674 352 προσκυνήσῃ

1840 293 2077 344 ὀηιὶιιιιηι
2107 292 2272 347 Deum
2300 304 2448 347 tuum
2472 295 2741 357 adorabis,
2768 307 2816 349 et
2846 298 2926 349 illi
2956 298 3056 349 soli
3082 300 3269 348 servies
3327 306 3365 345 ’.

135 376 297 439 αὐτὸν,
322 374 545 440 ’Ὕπαγε
580 374 773 427 ὀπίσω
784 374 1156 442 ιιου,Σατανᾶ
1178 391 1193 406 ·
1224 374 1542 445 γέγραπται
1566 377 1696 445 γὰρ,
1738 377 1959 444 Κύριον
2026 378 2132 431 τὸν
2179 379 2328 431 Θεόν
2365 394 2482 431 σου
2512 381 2981 447 προσκυνήσεις,
3054 383 3153 437 καὶ
3203 383 3363 447 αὐτῴ

127 466 275 535 μόνῳ
300 467 667 531 λατρεύσεις.

192 557 251 627 β’.
295 557 411 618 Τοῖς
460 555 515 606 δὲ
584 559 722 625 μετὰ
768 557 829 609 τὸ
879 558 1275 629 φυλακισθῆναι
1335 561 1534 630 μόνον,
1592 561 1687 613 καὶ

130 646 578 716 ὑπομεμενηκέναι
634 649 733 710 τὰς
778 648 838 700 ὲν
894 649 973 720 τῷ
1024 650 1382 722 δεσμωτηρίῳ
1414 691 1429 715 ,
1491 651 1567 714 ὡς
1623 650 1688 703 ἂν

129 742 179 790 ὲν
228 736 503 805 πολιορκία
534 777 547 800 ,
610 737 818 804 θλίψεις
870 756 928 791 τε
962 740 1069 800 ⁴καὶ
1120 741 1404 807 δυσωδίας,
1464 740 1689 811 ὕστερον

126 830 175 881 δὲ
226 828 383 898 χωρὶς
432 827 670 898 πολέμου
725 831 973 899 βασάνων
1044 833 1355 903 γενομένοις
1413 833 1693 903 αἰχμαλώ-

126 938 241 985 τοις,
263 920 396 972 κατὰ
428 919 629 989 πολλὴν
650 922 921 991 πτωχείαν
950 922 1254 992 δυνάμεως,
1286 926 1378 977 καὶ
1409 926 1547 978 κατά
1565 942 1684 978 τινα

125 1012 404 1081 τυφλότητα
436 1012 877 1081 τεθραυσμένοις,
911 1016 1207 1085 ἐπαρκέσει
1252 1018 1495 1080 ἐνιαυτὸς
1522 998 1680 1087 πρὸς

124 1105 191 1173 τῷ
216 1104 374 1174 ἑτέρῳ
402 1105 597 1176 χρόνῳ,
634 1106 759 1157 ἐπεὶ
808 1106 946 1167 ὅλως
977 1108 1070 1158 καὶ
1099 1108 1252 1160 αὐτοὶ
1297 1107 1683 1161 ὲπιδεδώκασιν

125 1196 325 1258 ἑαυτοὺς
350 1195 489 1266 ὑπὲρ
510 1194 604 1247 τοῦ
637 1197 901 1264 ὀνόματος
936 1197 1202 1268 θλιϐῆναι,
1240 1200 1288 1250 ei
1313 1200 1405 1251 καὶ
1434 1198 1683 1266 ἀπήλαυ-

126 1305 209 1340 σαν
232 1289 283 1338 ἐν
304 1286 377 1356 τῷ
406 1287 766 1357 δεσμωτηρίῳ
799 1289 899 1358 τῆς
934 1290 1085 1360 παρὰ
1130 1290 1240 1342 τῶν
1271 1291 1516 1359 ἀδελφῶν
1552 1291 1681 1342 πολ-

124 1379 207 1447 λῆς
232 1378 582 1441 ἀναπαύσεως
605 1420 619 1443 ,
668 1379 813 1451 ἅπερ
846 1380 1284 1434 πολλαπλασίονα
1328 1383 1682 1447 ἀποδώσουσι,

123 1471 389 1534 ποθοῦντες
436 1472 775 1541 λυτρωθῆναι
828 1474 936 1527 ἀπὸ
980 1475 1079 1544 τῆς
1138 1476 1477 1545 πικροτάτης
1518 1477 1684 1544 αἰχμ-

1855 559 1909 613 2.
1947 559 2016 612 lis
2050 566 2228 613 autem
2259 560 2349 629 qui
2399 568 2683 630 postquam
2740 563 2790 615 in
2830 565 3134 618 custodiam
3179 568 3359 621 traditi

1788 657 1936 708 sunt,
1972 648 2105 701 etin
2141 662 2383 710 carcere,
2411 660 2665 717 tanquam
2701 651 2754 702 in
2785 651 3089 719 obsidione,
3124 654 3361 711 alllictio-

1792 758 1886 796 nes
1914 756 2213 811 gravesque
2239 740 2438 795 fetor-es
2458 744 2602 811 passi
2637 752 2795 809 sunt;
2828 754 3012 812 postea
3038 756 3217 801 autem
3245 750 3364 803 sine

1792 835 1931 888 bello
1961 844 2356 889 tormentorum
2395 835 2592 903 captivi
2629 834 2755 888 facti
2786 848 2928 902 sunt,
2970 839 3135 891 nimia
3166 841 3361 895 virium

1792 928 1974 997 inopia
2003 937 2057 982 et
2077 926 2313 997 quadam
2337 927 2578 980 caecitate
2610 925 2896 988 confracti,
2921 944 3099 983 annus
3120 932 3184 985 ad
3216 930 3361 985 aliud

1790 1029 2002 1086 tempus
2056 1020 2334 1087 injunctus
2392 1018 2620 1072 suiliciet
2664 1038 2676 1072 :
2720 1034 2843 1089 nam
2899 1023 2998 1089 ipsi
3050 1038 3265 1093 quoque
3303 1039 3364 1080 se

1790 1112 2016 1163 omnino
2072 1125 2172 1179 pro
2216 1107 2659 1170 nominelChristi
2690 1104 3002 1178 aliligendos
3039 1114 3277 1168 dedere:
3316 1116 3359 1168 si

1793 1202 1955 1256 etiam
1987 1218 2018 1254 a
2050 1201 2311 1254 fratribus
2349 1201 2400 1253 in
2428 1215 2650 1254 carcere
2681 1201 2903 1254 multam
2932 1204 3360 1259 consolationem

1790 1294 2026 1346 assecuti
2066 1301 2212 1345 sunt.
2266 1292 2396 1357 Qua.
2435 1293 2653 1361 quidem
2698 1294 3052 1360 multiplicata
3096 1297 3360 1361 reddent,

1786 1385 2003 1437 liberari
2028 1384 2307 1453 cupientes
2331 1385 2399 1437 ab
2425 1384 2774 1439 acerbissima
2797 1387 3109 1455 captivitate
3138 1387 3360 1457 diaboli,

1784 1476 1901 1544 ejus
1943 1476 2181 1530 maxime
2228 1478 2577 1531 recordantes
2625 1479 2717 1545 qui
2756 1478 2933 1531 dicit:
2971 1477 3203 1546 Spiritus
3258 1480 3366 1535 Do-

122 1562 336 1626 αλωσίας
376 1562 473 1615 τοῦ
517 1563 786 1629 διαϐόλου,
818 1566 1159 1635 μεμνημένοι
1195 1567 1427 1637 μάλιστα
1475 1565 1570 1617 τοῦ
1602 1566 1685 1617 λέ-

1844 1568 1919 1619 ini
1947 1584 2102 1634 super
2126 1583 2225 1631 me,
2264 1583 2421 1636 quam
2460 1568 2522 1620 ob
2561 1584 2778 1621 causam
2806 1570 2958 1622 unxit
2988 1586 3069 1623 me
3093 1586 3111 1623 :
3146 1582 3200 1623 ut
3226 1587 3365 1637 pau-

119 1671 286 1723 τοντος
306 1669 320 1683 ·
345 1653 587 1724 Πνεῦμα
607 1657 827 1723 Κυρίου
856 1656 950 1709 ἐπ’
966 1656 1070 1724 ἐμὲ
1093 1654 1166 1713 οὗ
1201 1658 1435 1711 εἵνεκεν
1472 1655 1679 1726 ἔχρισε

1840 1658 1991 1710 tril'us
2011 1656 2424 1727 euangelizarent
2448 1658 2589 1710 misit
2615 1673 2713 1719 me,
2736 1666 2785 1710 et
2803 1658 3171 1711 annuntiarem
3195 1659 3363 1727 capti-

115 1761 212 1815 με·
243 1775 307 1786 --
347 1747 872 1813 Εὐαγγελίσασθαι
920 1748 1177 1816 πτωχοῖς
1208 1749 1556 1803 ἀπέσταλκά
1582 1764 1679 1817 με,

119 1836 350 1904 κηρύξαι
394 1839 791 1906 αἰχμαλώτοις
818 1838 1039 1906 ἄφεσιν
1091 1840 1187 1893 καὶ
1234 1840 1485 1910 τυφλοῖς
1533 1839 1680 1893 ἀνά·

117 1930 332 1995 ϐλεψιν,
378 1928 737 1981 ἀποστεῖλαι
790 1930 1272 1997 τεθραυσμένους
1321 1932 1392 1983 ἐν
1444 1928 1680 1998 ἀφέσει,

119 2020 352 2089 κηρύξαι
413 2020 695 2072 ἐνιαυτὸν
743 2021 965 2089 Κιιρίου
1011 2019 1245 2087 δεκτόν,
1302 2022 1402 2081 καὶ
1454 2022 1683 2091 ἡμέραν

118 2109 581 2175 ἀνταποδόσεως.

179 2200 242 2268 γ’.
292 2202 413 2263 Τοῖς
459 2201 518 2253 δὲ
584 2202 708 2270 μηδ’
736 2202 872 2266 ὅλως
936 2205 1103 2273 μηδέν
1145 2222 1198 2258 τι
1220 2206 1458 2259 τοιοῦτον
1486 2222 1685 2259 πεπον-

121 2293 265 2357 θόσι,
329 2294 465 2362 μηδὲ
536 2295 933 2364 ὲνδειξαμένοις
983 2296 1193 2367 καρπὸν
1251 2299 1510 2363 πίστεως,
1570 2298 1685 2351 ἀλλ’

119 2385 504 2455 αὐτομολήσασι
543 2388 681 2454 πρὸς
737 2388 835 2457 τῆν
866 2387 1083 2453 κακίαν,
1138 2390 1547 2459 προδεδομένοις
1583 2391 1686 2443 ὑπὸ

116 2474 299 2549 δειλίας
357 2478 453 2528 καὶ⁵
512 2476 700 2543 φόϐου,
757 2477 851 2529 νῦν
905 2478 960 2530 δὲ
1016 2480 1095 2541 είς
1141 2479 1427 2547 μετάνοιαν
1462 2481 1690 2550 ἐρχομέ-

120 2582 237 2629 νοις,
277 2566 572 2633 ἀναγκαῖόν
617 2569 731 2619 ὲστι
763 2569 855 2619 καὶ
896 2570 1137 2639 ἁρμόζον
1182 2571 1281 2640 τῆν
1309 2572 1405 2641 τῆς
1438 2571 1687 2641 ἀκάρπου

122 2659 274 2727 συκῆς
302 2659 617 2727 παραϐολὴν
671 2660 1032 2730 παραθέσθαι,
1062 2661 1137 2724 ὡς
1184 2664 1212 2715 ὁ
1256 2662 1457 2733 Κύριος
1508 2663 1684 2729 λέγει’

120 2747 309 2815 Συκῆν
359 2748 487 2817 εἶχέ
522 2767 612 2814 τις
645 2752 1104 2819 πεφυτευμένην
1148 2753 1217 2806 ἐν
1247 2753 1327 2817 τῷ
1378 2754 1684 2821 ἀμπελῶνι

118 2840 309 2905 αὑτοῦ,
331 2840 429 2892 καὶ
458 2836 604 2909 ἦλθε
629 2841 816 2907 ζητῶν
846 2843 1082 2909 καρπὸν
1109 2843 1177 2895 ἐν
1215 2842 1390 2910 αὐτῇ,
1425 2844 1523 2897 καὶ
1572 2847 1685 2912 οὐχ

1784 1749 1860 1800 vis
1908 1745 2290 1811 liberationem,
2323 1758 2372 1800 et
2419 1748 2575 1801 ctecis
2623 1747 2763 1801 visus
2809 1749 3274 1815 recuperationem,
3315 1759 3364 1802 et

1787 1837 2046 1889 mitterem
2074 1837 2271 1905 fractos
2300 1837 2353 1890 in
2384 1836 2782 1899 remissionem,
2824 1836 3121 1903 prwdicare
3167 1853 3362 1890 annum

1788 1928 2001 1983 Domini
2040 1928 2431 1999 acceptabilem,
2461 1937 2510 1983 et
2532 1930 2671 1982 diem
2702 1928 3063 1984 retributionis
3094 1928 3161 1982 ³⁸.

1859 2206 1913 2258 5.
1956 2204 2027 2259 lis
2064 2212 2245 2258 autem
2272 2204 2365 2273 qui
2409 2204 2544 2257 nihil
2580 2203 2849 2273 ejusmodi
2894 2204 3039 2273 passi
3080 2213 3230 2270 sunt,
3266 2219 3370 2261 nec

1793 2293 1915 2347 ﬁdei
1941 2291 2176 2346 fructum
2204 2292 2580 2355 ostenderunt,
2605 2292 2698 2346 scd
2718 2292 2784 2346 ad
2807 2292 2993 2345 vitium
3019 2292 3157 2346 ultro
3187 2305 3368 2349 trans-

1789 2386 2067 2453 fugerunt,
2103 2400 2133 2438 a
2168 2393 2312 2438 metu
2344 2394 2399 2437 et
2426 2384 2712 2437 timiditate
2742 2384 2974 2452 proditi,
3010 2400 3155 2438 nunc
3184 2395 3365 2439 autem

1795 2476 2022 2530 veniunt
2052 2476 2117 2528 ad
2155 2476 2553 2542 pmnilentiam,
2598 2489 2822 2528 necesse
2851 2484 2933 2529 est
2961 2484 3012 2528 et
3034 2477 3368 2531 conveniens

1797 2567 2129 2637 infrugilerae
2155 2568 2290 2621 licus
2326 2567 2637 2634 parabolam
2663 2581 2985 2634 proponere,
3020 2576 3077 2620 ut
3105 2566 3369 2622 Dominus

1791 2659 1921 2713 dicit
1959 2676 1972 2712 :
2015 2657 2256 2712 Habebat
2281 2658 2397 2726 quis
2427 2658 2586 2724 ﬁcum
2614 2656 2910 2724 plantatam
2938 2658 2989 2711 in
3018 2674 3113 2711 suo
3153 2659 3367 2711 vineta:

1794 2760 1841 2803 et
1867 2750 2001 2803 venit
2040 2765 2278 2818 quwrens
2306 2750 2361 2800 in
2391 2765 2451 2800 ea
2473 2749 2727 2815 fructum,
2750 2760 2797 2801 et
2828 2765 2929 2800 non
2965 2750 3179 2803 invenit.
3219 2749 3369 2802 Dixit

1796 2853 1972 2896 autem
2012 2841 2223 2895 vinitori
2254 2856 2272 2893 :
2311 2838 2447 2891 Ecce
2480 2849 2584 2893 tres
2622 2856 2820 2905 annos,
2859 2854 2923 2893 ea:
2959 2856 3060 2909 quo
3092 2857 3184 2910 ego
3222 2842 3369 2895 venio

119 2924 300 2996 εὗρεν.
342 2926 480 2982 Eius
511 2930 567 2982 δὲ
609 2932 744 3000 πρὸς
776 2933 867 2984 τὸν
896 2934 1298 3003 ἀμπελουργὸν,
1346 2934 1500 2989 Ἰδοὺ
1551 2936 1685 3001 τρία

1840 2947 2026 2986 uerens
2045 2932 2274 2999 fructum
2299 2930 2352 2983 in
2382 2930 2479 2983 hac
2506 2931 2631 2998 ﬁcu,
2660 2940 2707 2983 et
2734 2947 2836 2984 non
2862 2933 3097 2995 invenio;
3130 2935 3370 2987 exscinde

120 3019 214 3086 ἐτη
259 3021 356 3089 ἀφ’
382 3016 456 3077 οὗ
517 3021 760 3090 ἔρχομαι
811 3022 995 3089 ζητῶν
1040 3026 1270 3093 καρπὸν
1300 3026 1369 3078 ἐν
1398 3024 1473 3093 τῇ
1519 3026 1682 3094 συκῇ

126 3113 320 3179 ταύτῃ,
351 3115 450 3166 καὶ
482 3118 594 3183 οὐχ
642 3116 901 3181 εὑρίσκω
926 3133 939 3146 ·
970 3116 1238 3185 ἔκκοψον
1264 3117 1476 3186 αὐτὴν,
1502 3119 1602 3172 ἵνα
1631 3120 1687 3173 τί

124 3203 211 3254 καὶ
234 3202 343 3270 τὴν
356 3204 476 3273 γῆν
497 3205 803 3274 καταργεῖ;
826 3210 857 3259 ό
876 3206 943 3258 δὲ
958 3208 1296 3276 ἀποκριθεὶς
1317 3212 1476 3277 λέγει
1500 3209 1682 3275 αὐτῷ·

124 3296 301 3361 Κύριε,
327 3296 469 3364 ἄφες
519 3296 712 3362 αὐτὴν
745 3296 842 3349 καὶ
880 3298 1054 3351 τοῦτο
1091 3299 1158 3351 τὸ
1198 3300 1353 3365 ἔτος,
1393 3301 1505 3367 ἕως
1546 3302 1687 3355 ὅτου

122 3385 323 3453 σκάψω
340 3387 411 3440 τὰ
442 3387 576 3452 περὶ
606 3388 799 3452 αὐτὴν
831 3389 926 3441 καὶ
950 3389 1123 3453 ,βάλω
1152 3391 1369 3457 κόπρια
1389 3410 1402 3422 θ
1434 3393 1548 3446 κᾶν
1580 3394 1691 3459 μὲν

125 3476 334 3548 ποιήσῃ
350 3478 605 3544 καρπόν·
623 3480 673 3529 εὶ
696 3478 764 3531 δὲ
780 3478 863 3546 μή
882 3495 966 3548 γε,
988 3483 1075 3545 εις
1092 3481 1157 3535 τὸ
1167 3482 1400 3551 μέλλον
1410 3484 1689 3552 ἐκκόψεις

122 3564 327 3633 αὐτήνο
368 3568 435 3637 ἦν
462 3567 572 3636 πρὸ
617 3566 911 3637 ὀφθαλμῶν
944 3569 1605 3642 λαϐόντες,.ὲνδειξάμενοί
1631 3590 1691 3626 τε

126 3658 319 3725 καρπὸν
348 3658 501 3723 ἀξιον
530 3658 626 3727 τῆς
672 3658 975 3725 μετανοίας,
1008 3660 1066 3711 ἐν
1101 3661 1181 3730 τῷ
1220 3662 1546 3733 διαστήματι
1596 3664 1691 3716 τοῦ

124 3748 361 3801 τοσούτου
397 3749 594 3819 χρόνου
629 3749 829 3817 μᾶλλον
852 3749 1315 3822 ὠφεληθήσονται.

187 3840 246 3893 δ’.
310 3840 434 3900 Τοῖς
508 3839 613 3912 γὰρ
673 3840 1018 3895 παντάπασιν
1081 3844 1524 3912 ἀπεγνωσμένοις
1600 3847 1695 3898 καὶ

125 3930 502 4001 ἁμετανοήτοις
539 3967 556 3993 ,
631 3930 806 3999 δέρμα
873 3948 933 3984 τε
1004 3932 1257 3994 Αἰθίοπος
1322 3934 1694 4005 ἀμετάϐλητον

126 4020 479 4091 κεκτημένοις
504 4057 519 4083 ,
577 4019 672 4072 καὶ
733 4019 1065 4089 ποικίλματα
1114 4022 1460 4092 παρδάλεως,
1494 4023 1694 4093 λεχθή-

126 4127 266 4164 σεται
310 4111 373 4165 τὸ
418 4112 519 4179 τῆς
569 4111 759 4181 ἑτέρας
804 4112 973 4180 συκῆς
999 4128 1013 4142 ·
1037 4111 1260 4178 Μηκέτι
1291 4114 1360 4166 ἐκ
1401 4112 1517 4166 σοῦ
1554 4128 1697 4180 καρ-

124 4203 228 4268 πὸς
256 4204 497 4272 γένηται
524 4206 612 4268 εὶς
659 4203 765 4256 τὸν
804 4201 989 4255 αἰῶνα
1015 4244 1031 4268 ,
1086 4204 1165 4258 διὸ
1215 4206 1307 4258 καὶ
1356 4206 1695 4275 παραχρῆμα

128 4292 423 4363 ξηραίνεται
448 4310 466 4322 ’
504 4293 913 4364 ἀποπληροῦται
944 4294 1076 4361 γοῦν
1130 4295 1217 4347 ἐπ’
1251 4296 1451 4361 αὐτοῖς,
1489 4298 1583 4349 καὶ
1630 4297 1691 4349 τὸ
1721 4280 1769 4337 D

124 4388 220 4439 ὑπὸ
257 4387 351 4440 τοῦ
385 4386 841 4456 ὲκκλησιαστικοῦ
864 4386 1179 4457 εἰρημένον⁸
1217 4386 1691 4455 Διεστραμμένον

125 4478 191 4530 οὐ
224 4476 627 4546 δυνηθήσεται
655 4474 1155 4546 ἐπικοσμηθῆναι,
1178 4476 1275 4528 καὶ
1296 4474 1599 4544 ὑστέρημα
1621 4477 1691 4529 οὐ

126 4566 441 4638 δυνήσεται
460 4567 855 4636 ἀριθμηθῆναι
876 4584 890 4597 ·
914 4569 961 4619 εἰ
992 4567 1067 4638 μὴ
1102 4568 1209 4637 γὰρ
1243 4568 1504 4636 πρότερον
1527 4568 1585 4619 τὸ
1616 4568 1695 4620 δι-

128 4657 495 4728 εστραμμένον
550 4657 836 4727 διορθωθῇ,
868 4655 1127 4710 ἀδύνατόν
1170 4657 1318 4710 ἐστιν
1347 4657 1479 4709 αὐτὸ
1506 4658 1694 4710 ἐπικο-

130 4749 396 4819 σμηθῆναι
419 4762 433 4782 '
463 4750 558 4802 καὶ
592 4750 641 4800 εἰ
675 4748 747 4818 μὴ
774 4748 1034 4818 πρότερον
1060 4748 1120 4799 τὸ
1147 4748 1430 4819 ὑστέρημα
1454 4749 1697 4819 ἀναπλη-

130 4838 291 4908 ρωθῇ,
348 4839 607 4893 ἀδύνατόν
657 4840 803 4890 ἐστιν
835 4838 968 4890 αὐτὸ
1013 4836 1381 4908 ἀριθμηθῆναι
1406 4856 1420 4869 ·
1452 4838 1573 4890 ὅθεν
1604 4838 1695 4891 καὶ

130 4930 213 4982 ἐπὶ
239 4931 420 4994 τέλους
449 4930 787 5000 συμῦῆσεται
814 4930 999 4990 αὐτοῖς
1028 4928 1086 4981 τὸ
1112 4929 1434 4997 λελεγμένον
1468 4931 1572 4982 ὑπὸ
1599 4931 1692 4982 τοῦ

131 5020 398 5091 προφήτου
440 5020 698 5073 Ἡσαΐου·
746 5020 857 5072 Καὶ
891 5019 1161 5086 ὄψονται,
1196 5020 1349 5089 φησὶ,
1404 5021 1476 5073 τὰ
1529 5020 1693 5074 κῶλα

129 5110 239 5163 τῶν
272 5110 594 5178 ἀνθρώπων
628 5110 746 5164 τῶν
793 5112 1283 5178 παραϐεϐηκότων
1307 5114 1376 5163 ἐν
1430 5113 1563 5179 ἐμοί
1588 5129 1600 5141 ’
1644 5100 1692 5165 ¹ό

130 5204 231 5271 γὰρ
279 5204 524 5272 σκώληξ
582 5204 778 5257 αὐτῶν
814 5207 888 5259 οὐ
917 5204 1281 5269 τελευτήσει,
1322 5203 1418 5256 καὶ
1461 5204 1527 5256 τὸ
1576 5203 1692 5270 πῦρ

128 5295 319 5349 αὐτῶν
356 5299 429 5351 οὐ
477 5295 898 5364 σϐεσθήσεται,
931 5296 1027 5349 καὶ
1073 5297 1314 5350 ἔσονται
1354 5298 1441 5360 εὶς
1479 5295 1694 5363 ὅρασιν

130 5386 289 5457 πάσῃ
310 5389 506 5455 σαρκί·
538 5389 669 5441 ἐπεὶ
698 5387 796 5441 καὶ
816 5389 896 5453 ὠς
924 5388 1313 5456 προλέλεκται
1351 5387 1451 5440 ὑπ’
1481 5388 1687 5452 αὐτοῦ,

197 5498 241 5529 ³⁸
281 5498 469 5553 Matth.
521 5517 595 5565 tv,
635 5500 722 5553 10.

132 5569 173 5598 "
199 5569 373 5625 Eocle.
408 5585 449 5633 ι,
476 5570 560 5624 15.

442 5664 707 5724 Pauor"
755 5667 869 5728 Gn.
921 5666 1077 5728 CIV.

834 5501 881 5531 "
920 5500 1023 5554 Isa.
1081 5504 1373 5567 “1,1,2;
1424 5501 1556 5556 Luc.
1614 5520 1682 5558 IV.
1744 5506 1830 5571 18,
1882 5508 1965 5562 l9.

636 5573 685 5601 “
717 5572 819 5625 lsa.
847 5572 1087 5635 unﬁt.
1163 5574 1205 5603 “
1250 5572 1349 5628 lsa.
1382 5590 1510 5641 Lvu,
1539 5574 1628 5641 ‘20,
1661 5576 1749 5629 9.1.

1791 3039 1939 3077 eam:
1971 3039 2066 3075 cur
2096 3031 2292 3075 terram
2325 3023 2552 3075 inaniter
2585 3033 2801 3091 occupat
2829 3024 2853 3075 ?
2890 3022 2989 3075 Ille
3007 3041 3123 3077 vero
3157 3042 3371 3092 respon-

1793 3115 1916 3166 dens
1960 3114 2088 3165 dicit
2132 3113 2217 3166 illi
2252 3129 2270 3166 :
2308 3112 2547 3174 Domine,
2594 3112 2800 3165 dimitte
2840 3113 2987 3165 illam
3029 3116 3125 3166 Itoc
3169 3133 3373 3184 quoque

1792 3219 1951 3265 anno,
1980 3204 2140 3255 donec
2170 3204 2317 3256 circa
2344 3220 2459 3256 eam
2500 3201 2701 3270 fodero,
2734 3211 2783 3256 et
2826 3206 3069 3256 lwtamen
3112 3204 3369 3272 injecero;

1792 3293 1838 3345 si
1864 3292 2070 3361 quidem
2111 3292 2343 3360 fractum
2376 3292 2589 3359 fecerit;
2620 3291 2784 3363 446
2812 3293 2893 3343 sin
2930 3293 3125 3355 minus,
3160 3311 3275 3345 eam
3316 3294 3372 3347 in

1794 3384 2032 3451 futurum
2062 3384 2330 3436 exscindes
2364 3383 2404 3413 "
2446 3400 2457 3435 :
2491 3398 2596 3451 qua
2642 3393 2769 3436 ante
2809 3384 2999 3437 oculos
3032 3394 3248 3452 accepta
3272 3424 3286 3449 ,
3316 3395 3372 3439 et

1794 3484 2015 3528 ostenso
2052 3474 2216 3541 digno
2240 3474 2417 3527 fructu
2454 3472 2805 3542 ptenitentire,
2832 3473 2884 3527 in
2921 3482 3072 3529 tanto
3110 3476 3373 3544 temporis

1798 3566 2081 3620 intervallo
2111 3566 2284 3635 magis
2318 3565 2678 3633 juvabuntur.

1871 3837 1922 3888 4.
1967 3836 2037 3889 lis
2064 3834 2207 3888 enim
2241 3833 2333 3902 qui
2365 3841 2494 3887 sunt
2522 3831 2747 3885 omnino
2779 3832 3073 3901 desperati,
3105 3842 3159 3888 et
3198 3835 3374 3903 pteni-

1798 3932 2023 3986 tentiam
2056 3944 2164 3982 non
2198 3935 2404 3997 agunt,
2436 3934 2490 3979 et
2520 3925 2712 3993 pellem
2754 3923 3028 3994 [Ethiopis
3061 3926 3376 3981 immutabi-

1798 4022 1904 4075 lem
1936 4020 2216 4090 possident
2238 4028 2292 4073 et
2319 4018 2471 4089 pardi
2498 4017 2812 4079 varietates,
2851 4017 3082 4082 dicetur,
3116 4019 3259 4086 quod
3284 4019 3373 4071 alii

1800 4114 1923 4169 licui
1967 4113 2171 4166 dictum
2212 4118 2295 4164 est
2330 4127 2342 4163 :
2383 4108 2731 4177 Nequaquam
2770 4122 2835 4159 ea:
2869 4115 2917 4160 te
2952 4108 3158 4175 fractus
3190 4110 3287 4177 ﬁat
3322 4111 3380 4163 in

1800 4214 2051 4257 (sternam
2088 4202 2154 4265 ³⁸,
2183 4209 2236 4254 et
2270 4201 2390 4253 ideo
2418 4199 2599 4251 statim
2646 4212 2864 4266 quoque
2902 4200 3191 4252 exarescit.
3224 4200 3280 4253 In
3311 4201 3378 4255 iis

1794 4294 1937 4348 enim
1995 4292 2250 4360 impletur
2307 4290 2453 4359 quod
2494 4290 2561 4343 ab
2611 4289 2940 4343 Ecclesiaste
2990 4290 3195 4343 dictum
3250 4302 3373 4346 est:

1796 4386 1950 4451 Quod
1977 4399 2276 4453 perversum
2298 4391 2396 4446 est,
2432 4398 2535 4435 non
2555 4382 2744 4449 poterit
2772 4382 3043 4444 exornari,
3073 4391 3120 4435 et
3147 4383 3377 4451 defectus

1795 4478 2063 4531 numerari
2094 4492 2198 4528 non
2230 4476 2421 4543 poterit
2458 4474 2522 4527 ³⁹.
2556 4474 2672 4527 Nisi
2706 4473 2851 4526 enim
2884 4473 3028 4542 quod
3061 4490 3375 4543 perversum

1796 4568 2054 4637 estprius
2091 4576 2296 4620 rectum
2339 4564 2526 4627 fuerit,
2555 4565 2669 4618 tieri
2697 4579 2805 4618 non
2839 4573 3018 4633 potest
3049 4575 3108 4616 ut
3131 4565 3183 4618 id
3217 4582 3378 4618 exor-

1794 4673 1990 4728 netur;
2038 4671 2093 4716 et
2129 4662 2231 4715 nisi
2282 4661 2429 4730 prior
2460 4659 2706 4714 delectus
2754 4660 3002 4729 expletus
3042 4661 3223 4723 fuerit,
3262 4661 3377 4713 ﬁeri

1793 4770 1902 4808 non
1932 4763 2106 4823 potest
2132 4761 2192 4806 ut
2223 4753 2268 4806 is
2304 4760 2641 4805 numeretur.
2673 4749 2822 4803 Unde
2852 4760 2905 4804 et
2931 4751 2981 4803 in
3015 4751 3119 4803 line
3153 4752 3233 4803 eis
3254 4766 3377 4801 cve-

1794 4846 1907 4897 niet
1934 4844 2075 4912 quod
2102 4860 2131 4897 a
2174 4844 2434 4912 propheta
2467 4842 2604 4895 Isaia
2632 4841 2836 4895 dicitur
2873 4858 2886 4893 :
2930 4840 2995 4893 Et
3037 4840 3371 4899 videbuntur.

1794 4935 1991 5004 inquit,
2030 4934 2262 4987 membra
2303 4951 2483 4987 eorum
2530 4934 2618 5003 qui
2662 4934 2973 5001 transgressi
3009 4940 3130 4983 sunt
3178 4931 3229 4981 in
3272 4948 3371 4983 me.

1813 5023 2008 5080 Vermis
2040 5029 2179 5080 enim
2211 5026 2443 5092 ipsorum
2474 5042 2578 5077 non
2616 5026 2899 5086 morietur,
2942 5032 2990 5075 et
3033 5022 3169 5090 ignis
3194 5038 3371 5074 eorum

1796 5135 1897 5172 non
1925 5121 2318 5187 exstinguetur:
2332 5129 2377 5171 et
2399 5129 2549 5172 erunt
2574 5119 2627 5171 in
2646 5128 2909 5186 aspectum
2927 5118 3092 5169 omnis
3117 5118 3366 5170 carnis“.

1798 5213 2273 5283 Quandoquidem,
2296 5221 2426 5267 utet
2449 5214 2516 5265 ab
2539 5213 2657 5281 ipso
2677 5211 2995 5281 praedictum
3023 5221 3142 5264 est:
3169 5209 3370 5278 ln,'usti

1801 5315 1977 5360 autent
1994 5308 2143 5376 quasi
2162 5323 2303 5360 mare
2324 5307 2525 5376 fervens
2547 5306 2620 5358 sic
2639 5304 3375 5374 ﬂuctuabant,etrequiescere

1803 5418 1906 5457 non
1924 5411 2185 5470 poterunt.
2213 5401 2335 5456 Non
2358 5413 2430 5455 est
2453 5402 2682 5469 gaudere
2704 5399 2898 5466 impiis,
2924 5399 3050 5451 dicit
3075 5399 3215 5452 Deus
3238 5398 3304 5449 “.

2094 5506 2135 5537 ³⁷
2177 5501 2307 5556 Luc.
2378 5515 2497 5566 xm,
2551 5498 2669 5554 6-9.
2782 5496 2827 5528 ³⁸
2868 5494 3061 5550 Matth.
3130 5508 3242 5558 XXI,
3295 5491 3377 5546 l9.

2998 5661 3072 5719 30
