3904 6220
409 194 517 260 939

1606 198 1867 258 ΡΗΟΤΙΙ
1908 199 2410 260 ΡΑΤΒΙΑΒΟΗᾹΞ
2441 203 2552 262 CP.
3539 214 3627 276 94η

399 306 459 359 οἱ
490 303 558 359 δὲ
599 303 793 358 ἄδικοι
832 303 910 370 ὠς
963 305 1246 358 θάλασσα
1274 302 1788 372 ἀνασεὸρασμένη,
1838 305 1992 358 οὕτω
2030 309 2657 377 κλυδωνισθήσονται,
2714 309 2811 365 καὶ
2870 313 3337 370 ἀναπαύσασθαι
3363 320 3426 372 οὐ
3453 323 3528 393 μὴ
3543 326 3630 382 δυ.

403 394 727 465 teriam-Tur
771 397 871 450 καί).
907 397 1022 450 οὐκ
1060 397 1193 450 ἐστι
1231 399 1463 465 χαίρειν
1501 395 1626 462 τοῖς
1676 398 1986 463 ἀσεϐέσιν,
2026 400 2196 455 εἶπεν
2218 406 2250 456 ὀ
2272 406 2436 470 Θεός.

474 483 528 538 ὅ.
566 484 636 538 lis
661 493 841 538 autem
873 485 966 554 qui
992 484 1320 538 simularunt
1354 485 1567 538 sicutet
1592 485 1760 541 David
1784 486 1851 553 δ’,
1886 489 1977 558 qui

2161 491 2224 548 ε’.
2272 497 2407 561 ’Τοῖς
2462 498 2517 551 δὲ
2567 498 3136 570 καθυποκριναμένοις
3183 501 3321 554 κατά
3346 503 3432 558 τὸν
3471 508 3636 580 ἐπιλη-

403 589 463 628 se
491 573 837 643 cpilepticum
867 575 1125 644 tingebat,
1167 589 1233 628 ne
1267 585 1594 642 moreretur,
1627 577 1878 647 quamvis
1906 593 1990 633 re-

402 682 528 721 vera
553 667 874 736 epilepticus
904 683 1013 721 non
1043 677 1187 722 esset
1215 685 1228 733 ;
1263 677 1318 721 et
1347 683 1457 721 non
1481 670 1626 723 nude
1647 670 1989 739 negationem

401 759 838 828 inscripserunt,
889 761 981 814 sed
1027 760 1081 813 in
1137 760 1324 814 multis
1372 760 1676 831 angustiis,
1731 769 1990 833 tanquam

402 854 553 921 pueri
583 853 817 907 consilio
848 861 903 906 et
934 852 1226 921 prudentia
1266 853 1477 920 praediti
1511 853 1655 908 inter
1686 869 1882 924 pueros
1909 855 1992 909 iu-

402 947 680 1014 sipientes,
711 948 1063 1002 inimicorum
1089 947 1319 1002 insidias
1343 948 1605 1003 ludificati
1647 960 1795 1015 sunt,
1829 951 1912 1004 vel
1936 959 1992 1004 ut

401 1040 494 1108 qui
533 1040 726 1093 altaria
759 1039 1138 1109 pervaserint,
1180 1039 1265 1093 vel
1297 1048 1556 1108 tanquam
1587 1041 1681 1109 qui
1707 1041 1990 1111 chirogra-

401 1133 567 1202 phum
609 1132 877 1198 dederint,
917 1132 1000 1186 vel
1038 1141 1098 1185 ut
1136 1132 1230 1201 qui
1259 1146 1358 1201 pro
1390 1147 1447 1186 se
1469 1132 1722 1188 ethnicos
1745 1133 1990 1188 immise-

401 1225 551 1291 rint;
580 1225 795 1280 etiamsi
826 1224 1071 1278 nonnulli
1110 1239 1300 1278 eorum
1346 1225 1440 1294 qui
1478 1225 1715 1280 confessi
1750 1235 1898 1291 sunt,
1933 1235 1992 1280 ut

401 1318 604 1382 audivi,
639 1319 913 1388 aliquibus
939 1333 1131 1372 eorum
1156 1319 1502 1389 ignoverunt,
1531 1320 1792 1388 quoniam
1821 1321 1990 1374 maxi-

400 1425 488 1464 ma
525 1409 691 1480 447
726 1410 978 1465 cautione
1016 1410 1292 1475 vitarunt,
1327 1424 1396 1464 ne
1439 1411 1538 1479 ipsi
1585 1411 1700 1465 suis
1736 1412 1990 1466 manibus

400 1502 582 1574 ignem
615 1503 877 1567 facerent,
913 1513 966 1557 et
998 1503 1277 1558 daemonas
1310 1504 1556 1573 impuros
1600 1504 1844 1560 sulIirent
1878 1525 1892 1560 :
1926 1506 1991 1560 li-

398 1607 487 1650 cet
517 1610 644 1649 vero
672 1610 736 1650 ex
762 1596 974 1666 agentis
1007 1595 1314 1665 ignorantia
1354 1610 1452 1650 eos
1489 1595 1668 1663 latuit,
1703 1598 1989 1653 semestris

400 1699 578 1743 tamen
609 1689 942 1759 p’mnitentiae
974 1703 1134 1758 paena
1169 1688 1275 1743 illis
1324 1688 1658 1758 imponetur.
1703 1689 1797 1744 Sic
1841 1689 1989 1744 enim

398 1781 503 1850 ipsi
553 1797 773 1850 quoque
826 1781 998 1850 magis
1033 1781 1409 1850 juvabuntur,
1461 1781 1743 1851 prophetae
1782 1781 1985 1837 dictum

2093 585 2466 657 πτευσάμενον
2521 589 2686 642 Δαῦὶδ
2753 590 2839 642 ἶνα
2905 589 2981 661 μὴ
3032 591 3279 665 ἀποθάνῃ
3313 636 3327 659 ,
3383 597 3474 649 οὐκ
3527 600 3636 655 ὄντα

2094 676 2392 747 ἐπίληπτον
2425 693 2440 708 ⁶
2499 682 2594 734 καὶ
2658 682 2732 752 μὴ
2792 682 3015 753 γυμνῶς
3071 683 3528 756 ἀπογραψαμένοις
3580 691 3638 745 τὰ

2093 769 2232 841 πρὸς
2263 771 2513 843 ἄρνησιν,
2542 773 2678 827 ἀλλά
2707 774 3025 838 διαπαίξασι
3063 776 3204 828 κατὰ
3246 776 3434 849 πολλὴν
3477 797 3635 834 στενο-

2092 860 2317 929 χωρίαν,
2349 862 2425 925 ὡς
2453 863 2520 916 ἂν
2552 863 2741 917 παιδία
2789 863 3110 932 βουλευτικά
3159 864 3398 935 ἔμφρονα
3447 871 3499 923 ὲν
3528 887 3640 923 παι-

2090 952 2221 1017 δίοις
2266 954 2464 1023 ἄφροσι
2502 955 2601 1020 τὰς
2643 955 2752 1009 τῶν
2798 956 3012 1027 ἐχθρῶν
3063 957 3388 1024 ἐπιϐουλὰς,
3435 961 3544 1032 ήτοι
3574 963 3640 1028 ὡς

2091 1042 2396 1108 διελθόντας
2429 1046 2669 1116 βωμοὺς,
2729 1048 2846 1117 ήτοι
2869 1046 2943 1110 ὡς
2969 1050 3512 1119 χειρογραφήσαντας,
3537 1054 3642 1124 ἢτοι

2091 1133 2167 1196 ὡς
2193 1133 2310 1186 ἀνθ’
2339 1135 2548 1188 ἑαυτῶν
2579 1135 2839 1205 βαλόντας
2879 1136 3146 1201 ἑθνικοὺς,
3187 1139 3236 1191 εἰ
3268 1140 3356 1192 καί
3381 1157 3514 1194 τισιν
3554 1144 3642 1196 a6-

2090 1225 2200 1280 τῶν
2229 1227 2611 1297 συνεχώρησάν
2632 1245 2775 1292 τινες
2799 1228 2907 1281 τῶν
2935 1229 3304 1301 όμολογητῶν,
3336 1233 3409 1296 ὼς
3435 1233 3640 1303 ἥκουσα·

2090 1317 2214 1370 ἐπεὶ
2247 1317 2481 1387 μάλιστα
2509 1319 2650 1372 κατὰ
2696 1319 2896 1392 πολλὴν
2926 1322 3234 1386 εὐλάϐειαν,
3268 1322 3516 1392 ἐξέφυγον
3555 1326 3642 1378 αύ-

2090 1412 2331 1481 τόχειρες
2362 1412 2616 1479 γενέσθαι
2655 1412 2750 1465 τοῦ
2782 1413 2954 1484 πυρὸς
2992 1415 3088 1468 καὶ
3126 1417 3225 1485 τῆς
3257 1416 3645 1488 ἀναθυμιάσεως

2091 1501 2198 1553 τῶν
2230 1501 2555 1573 ἀκαθάρτων
2583 1504 2874 1574 δαιμόνων’
2904 1506 3027 1558 ἑπεὶ
3048 1506 3226 1560 τοίνυν
3255 1507 3441 1560 ἔλαθεν
3469 1508 3647 1573 αὐτοὺς

2091 1591 2248 1662 ἀνοίᾳ
2292 1591 2454 1646 τοῦτο
2488 1594 2824 1665 πράξαντας,
2855 1597 3005 1666 ὅμως
3040 1597 3311 1670 ἑξάμηνος
3343 1601 3515 1663 αὐτοῖς
3543 1604 3648 1655 ἑπι-

2091 1683 2379 1755 τεθήσεται
2409 1689 2507 1757 τῆς
2552 1691 2610 1741 ἑν
2647 1689 2907 1760 μετανοίᾳ
2962 1689 3302 1762 ἐπιστροφῆς
3327 1704 3342 1721 ·
3391 1692 3526 1746 οὕτω
3553 1694 3649 1764 γὰρ

2096 1777 2296 1847 μᾶλλον
2350 1779 2445 1833 καὶ
2491 1779 2646 1833 αὐτοὶ
2680 1780 3146 1852 ὠφεληθήσονται,
3196 1785 3650 1852 κατα-μελετῶντες

401 1874 754 1939 meditantes,
783 1881 838 1927 et
867 1874 1109 1928 dicentes
1143 1891 1158 1928 :
1204 1872 1426 1927 Puellus
1459 1875 1665 1943 genitus
1704 1885 1782 1928 est
1820 1875 1977 1942 nobis.

2097 1871 2158 1922 τὸ
2191 1871 2531 1940 προφητικὸν
2565 1872 2728 1942 ῥητὸν
2764 1873 2856 1925 καὶ
2893 1872 3144 1941 λέγοντες
3165 1889 3178 1902 ·
3208 1873 3456 1927 Παιδίον
3503 1875 3652 1944 ἐγεν-

397 1966 542 2036 ﬁlius
575 1976 624 2019 et
647 1965 804 2019 datus
835 1974 911 2019 est
939 1965 1111 2029 nobis,
1147 1966 1302 2035 cujus
1341 1965 1672 2034 principatus
1697 1975 1772 2020 est
1799 1966 1854 2019 in
1884 1967 1984 2020 liu-

397 2075 542 2112 mero
575 2075 688 2123 suo,
713 2068 761 2112 et
794 2068 1015 2112 vocatur
1046 2075 1234 2112 nomen
1257 2058 1394 2127 ejus,
1429 2058 1607 2128 magni
1639 2058 1847 2112 consilii
1876 2061 1985 2113 An-

397 2151 541 2221 gelus
578 2151 648 2205 “.
679 2151 820 2216 Qui,
863 2159 923 2204 ut
952 2151 1139 2216 scitis,
1174 2151 1228 2204 in
1271 2159 1423 2204 sexto
1461 2165 1647 2205 mense
1678 2151 1987 2220 conceptio-

397 2240 517 2306 nis,
561 2256 686 2294 cum
721 2240 863 2294 alius
917 2239 1096 2294 infans
1143 2239 1497 2309 prmdicasset
1535 2248 1656 2293 ante
1703 2239 1986 2293 adventum

395 2332 506 2400 ejus
535 2333 896 2401 pwnitentiam
926 2333 976 2385 in
1009 2333 1368 2384 remissionem
1392 2341 1728 2400 peccatorum
1757 2331 1823 2397 “,
1849 2345 1984 2386 con-

396 2428 585 2489 ceptus
617 2429 700 2475 est
742 2428 798 2473 et
842 2420 955 2489 ipse
1006 2419 1072 2472 ad
1125 2419 1528 2488 praedicandam
1584 2420 1982 2489 pmnitentiam.

395 2512 606 2566 Etenim
657 2520 920 2580 utrosque
969 2511 1226 2566 audimus
1274 2511 1330 2564 in
1385 2512 1579 2581 primis
1629 2511 1986 2580 prwdicantes

396 2619 502 2658 non
531 2603 707 2658 solum
729 2604 796 2657 de
825 2603 1168 2673 paenitentia,
1201 2602 1296 2657 sed
1317 2612 1371 2656 et
1393 2602 1461 2657 de
1489 2617 1657 2673 regno
1681 2604 1942 2658 caelorum
1967 2619 1984 2658 :

391 2697 537 2765 quod
561 2697 802 2766 quidem,
838 2704 897 2749 ut
934 2695 1227 2750 didicimus
1259 2713 1273 2748 :
1310 2696 1453 2748 intra
1485 2711 1580 2748 nos
1619 2707 1696 2749 est
1721 2696 1788 2763 ⁵⁵,
1829 2698 1976 2766 quod

391 2805 550 2858 prope
589 2805 683 2842 nos
723 2790 790 2844 sit
823 2789 1035 2842 verbum
1078 2788 1225 2857 quod
1265 2787 1542 2844 credimus
1590 2789 1642 2840 in
1680 2805 1767 2841 ore
1805 2799 1983 2842 nostro

391 2890 445 2936 et
483 2882 645 2936 corde
669 2891 878 2944 nostro,
905 2881 1051 2952 quod
1081 2879 1241 2935 Jesus
1268 2890 1351 2936 est
1372 2881 1627 2936 Christus
1665 2899 1678 2934 :
1719 2882 1981 2936 credentes

389 2977 446 3026 in
477 2974 632 3027 corde
665 2981 867 3034 nostro,
903 2973 1040 3042 quod
1068 2971 1208 3026 Deus
1236 2972 1410 3041 ipsum
1443 2973 1717 3026 suscitavit
1755 2989 1821 3026 ex
1844 2989 1983 3026 mor-

391 3067 496 3120 tuis
531 3081 550 3120 :
585 3076 642 3120 ut
673 3068 766 3135 qui
802 3064 1032 3120 audiant
1065 3064 1209 3134 quod
1232 3065 1388 3119 corde
1410 3064 1620 3135 quidem
1655 3065 1888 3119 creditur
1910 3065 1978 3118 ad

377 3157 672 3234 justitiam,
704 3172 792 3210 ore
815 3164 990 3210 autem
1013 3155 1273 3224 confessio
1303 3156 1363 3224 ﬁt
1394 3156 1464 3208 ad
1487 3155 1715 3208 salutent
1747 3156 1814 3208 "°.

2093 1959 2248 2028 νήθη
2289 1960 2454 2031 ἡμῖν,
2497 1963 2627 2029 υἱὸς
2663 1963 2761 2016 καὶ
2792 1962 2969 2030 ἐδόθη
3015 1963 3180 2033 ἡμῖν,
3212 1961 3286 2020 οὗ
3319 1966 3358 2033 ἠ
3388 1965 3536 2034 ἀρχὴ
3564 1965 3652 2019 ἐπί

2095 2049 2201 2104 τοῦ
2240 2051 2402 2121 ὤμου
2442 2050 2649 2115 αὐτοῦ,
2691 2053 2789 2106 καὶ
2836 2052 3102 2105 καλεῖται
3139 2053 3208 2106 τὸ
3255 2052 3441 2122 ὄνομα
3462 2055 3653 2118 αὑτοῦ,

2084 2143 2603 2214 μεγάληςβουλῆς
2621 2147 2676 2199 Ἀ
2692 2149 2916 2215 γγελος·
2931 2146 3024 2198 ὃπε
3035 2163 3085 2216 ρ,
3106 2145 3177 2203 ὡς
3206 2145 3346 2210 ῐστε,
3364 2149 3419 2198 ἑν
3434 2147 3508 2218 τῷ
3525 2147 3654 2217 ἑκτῳ

2097 2238 2227 2306 μηνὶ
2246 2236 2345 2306 τῆς
2386 2237 2700 2307 συλλήψεως
2728 2237 2821 2290 τοῦ
2851 2237 3039 2308 ἑτέρου
3075 2237 3306 2302 παιδίου,
3342 2237 3434 2291 τοῦ
3472 2257 3659 2308 προκη-

2097 2327 2353 2396 pugneo;
2378 2328 2484 2398 πρὸ
2514 2328 2808 2400 προσώπου
2839 2330 2938 2398 τῆς
2963 2329 3168 2382 εἰσόδου
3198 2329 3366 2384 αὐτοῦ
3389 2331 3656 2401 μετάνοιαν

2091 2421 2172 2482 είς
2215 2420 2409 2489 ἄφεσιν
2446 2421 2752 2491 ἁμαρτιῶν,
2787 2420 3093 2492 συνελήφθη
3125 2422 3219 2474 καὶ¹
3265 2422 3398 2475 αὐτὸ
3439 2423 3658 2492 κηρύξαι

2095 2509 2411 2578 μετάνοιανο
2455 2510 2552 2562 καὶ
2593 2511 2701 2581 γὰρ
2739 2514 2833 2564 καὶ
2877 2512 2986 2563 τῶν
3034 2512 3365 2582 ἀμφοτέρων
3405 2513 3657 2582 ἀκούομεν

2090 2603 2148 2654 ἐν
2197 2601 2436 2672 πρώτοις
2465 2603 2848 2672 κηρυσσόντων
2879 2605 2938 2655 ού
2991 2604 3150 2672 μόνον
3196 2605 3328 2676 περὶ
3361 2604 3657 2674 μετανοίας,

2089 2692 2224 2747 ἀλλὰ
2257 2688 2352 2748 καὶ¹
2381 2694 2509 2764 περὶ
2541 2693 2818 2764 βασιλείας
2845 2695 3091 2765 οὐρανῶν
3124 2712 3138 2725 ’
3181 2697 3326 2766 ἥτις,
3360 2696 3538 2760 καθὼς
3568 2714 3657 2766 με-

2092 2786 2442 2857 μαθήκαμεν,
2471 2788 2625 2851 ἑντὸς
2653 2787 2809 2857 ἡμῶν
2839 2789 2978 2852 ἐστι,
3006 2787 3083 2858 τῷ
3115 2789 3286 2856 ἐγγὺς
3327 2788 3484 2860 ήμῶν
3532 2783 3662 2841 εἶναι

2085 2877 2145 2930 τὸ
2168 2877 2321 2948 ῥῆμα
2344 2877 2372 2929 ὂ
2407 2877 2732 2947 πιστεύομεν
2765 2880 2823 2930 ἑν
2854 2877 2932 2947 τῷ
2964 2879 3191 2948 στόματι
3227 2881 3461 2946 ἑαυτῶν,
3493 2880 3582 2933 καὶ
3610 2882 3664 2932 ἑν

2085 2971 2150 3040 τῇ
2177 2969 2372 3041 καρδίᾳ
2403 2970 2613 3023 ἑαυτῶν
2631 2987 2646 3003 ο
2667 2972 2796 3040 περὶ
2819 2967 2886 3042 ἧς
2913 2972 3009 3024 καὶ
3031 2973 3183 3025 αὐτοὶ
3205 2973 3661 3044 ὑπομνησθέντες,

2088 3063 2424 3134 μαθήσονται
2477 3063 2758 3133 ὁμολογεῖν
2813 3067 2871 3117 ἑν
2919 3064 2998 3132 τῷ
3051 3065 3284 3135 στόματι
3331 3066 3561 3129 ἑαυτῶν,
3590 3065 3664 3117 ὅτι

2085 3153 2292 3224 Κύριος
2335 3153 2539 3225 Ἰησοῦς
2564 3170 2578 3184 ⁸
2611 3153 2959 3217 πιστεύοντες
3002 3155 3059 3208 ἑν
3097 3158 3164 3226 τῇ
3194 3156 3398 3228 καρδίᾳ
3443 3154 3662 3217 ἑαυτῶν,

387 3260 466 3311 δτι
504 3251 532 3301 ό
565 3250 696 3312 Θεὸς
739 3248 900 3302 αὑτὸν
931 3249 1152 3319 ἤγειρεν
1203 3249 1268 3300 ἑκ
1307 3247 1558 3317 νεκρῶνο
1626 3247 1723 3301 ἆτε
1777 3247 1843 3318 δὴ
1873 3246 2197 3313 ἀκούοντες,
2259 3247 2341 3300 ὅτι
2410 3247 2608 3318 καρδίᾳ
2684 3246 2784 3316 μὲν
2835 3245 3120 3299 πιστεύετε
3165 3247 3250 3312 είς
3303 3248 3662 3318 δικαιοσύνην,

389 3342 618 3413 στόματι
648 3342 706 3395 δὲ
737 3341 1052 3412 ὁμολογεῖτε
1087 3341 1167 3403 είς
1193 3341 1492 3411 σωτηρίαν.

457 3434 509 3487 6.
551 3434 592 3487 Ii
619 3442 802 3487 autem
834 3434 924 3503 qui
961 3446 1147 3488 servos
1176 3430 1518 3486 Christianos
1545 3447 1644 3502 pro
1673 3447 1731 3488 se
1765 3432 1974 3486 submi-

2151 3429 2224 3494 ς’.
2289 3431 2413 3494 Τοῖς
2475 3431 2531 3483 δὲ
2595 3429 2814 3493 δούλους
2883 3430 3245 3501 Χριστιανοὺς
3313 3431 3434 3486 ἀνθ’
3468 3431 3668 3485 ἑαυτῶν

387 3533 602 3590 serunt,
635 3525 776 3579 servi
820 3524 1065 3593 quidem,
1101 3532 1161 3577 ut
1183 3521 1276 3591 qui
1303 3522 1405 3592 ipsi
1436 3522 1540 3577 sub
1569 3538 1734 3576 manu
1767 3531 1971 3587 essent,

386 3625 441 3670 ct
472 3613 994 3686 quodamntodoipsi
1023 3629 1243 3683 quoque
1267 3614 1319 3667 in
1344 3615 1691 3668 dominorum
1720 3614 1968 3668 custodia

385 3717 590 3772 essent,
626 3707 899 3776 minisque
933 3707 1000 3760 ab
1034 3707 1168 3774 ipsis
1193 3706 1397 3772 territi,
1431 3717 1485 3761 et
1522 3715 1741 3776 propter
1779 3721 1968 3761 eorum

385 3810 591 3854 metum
612 3815 677 3853 eo
701 3797 970 3867 compulsi
1001 3807 1054 3852 et
1075 3798 1234 3868 lapsi,
1265 3814 1411 3852 anno
1441 3812 1604 3866 opera
1636 3798 1970 3868 paenitentiae

383 3890 694 3956 ostendent,
737 3899 791 3944 et
830 3889 1085 3958 deinceps
1131 3889 1438 3954 discentes,
1475 3898 1533 3942 ut
1572 3891 1711 3942 servi
1745 3886 1968 3953 Christi,

384 3984 564 4040 facere
595 3984 800 4039 Christi
833 3983 1165 4037 voluntatem
1201 3990 1254 4036 et
1302 3996 1425 4035 eum
1464 3981 1655 4037 timere
1687 3995 1701 4034 :
1734 3981 1966 4036 audien-

380 4087 468 4131 tes
500 4073 754 4139 maxime,
788 4075 932 4145 quod
961 4073 1343 4142 unusquisque,
1377 4073 1424 4125 si
1445 4072 1572 4142 quid
1602 4072 1719 4125 boni
1761 4072 1961 4141 fecerit,

381 4169 476 4223 hoc
504 4169 630 4238 feret
657 4184 689 4220 a
710 4166 957 4232 Domino,
989 4167 1094 4220 sive
1125 4181 1304 4219 servus
1343 4165 1450 4218 sive
1473 4164 1606 4218 liber
1630 4164 1700 4217 sit
1731 4163 1796 4218 "'.

452 4447 620 4521 M8
655 4447 710 4502 7.
753 4445 932 4501 Liberi
965 4432 1144 4502 aufem
1191 4446 1368 4502 tribus
1398 4447 1556 4501 annis
1605 4447 1658 4501 in
1690 4446 1961 4516 paeniten-

380 4543 452 4597 tia
483 4540 965 4604 exatniuabuntur,
1007 4549 1118 4593 tum
1145 4538 1291 4608 quod
1322 4538 1813 4602 dissimulaverint,
1847 4547 1960 4592 tum

376 4637 523 4706 quod
574 4634 854 4691 effecerint
901 4643 958 4687 ut
1003 4633 1253 4689 conservi
1307 4635 1710 4696 sacriﬁcarent,
1762 4643 1823 4688 ut
1869 4635 1963 4703 qui

374 4725 640 4794 Apostolo
679 4740 784 4778 non
845 4723 1170 4791 obedierint,
1201 4725 1295 4794 qui
1353 4725 1468 4778 vult
1509 4725 1748 4778 dominos
1779 4725 1962 4779 eadem

2083 3521 2511 3592 ὑποϐεϐληκόσιν
2543 3563 2559 3588 ,
2619 3524 2666 3574 oi
2736 3522 2833 3592 μὲν
2875 3522 3052 3576 δοῦλοι
3105 3523 3182 3586 ὡς
3243 3523 3312 3577 ἂν
3374 3525 3666 3594 ὑποχείριοι

2081 3616 2252 3681 ὅντες,
2287 3617 2380 3669 καὶ
2406 3615 2607 3687 τρόπον
2639 3617 2760 3669 τινὰ
2797 3615 2891 3669 καλ⁴
2921 3616 3077 3670 αὐτοὶ
3106 3618 3544 3684 φυλακισθὲντες
3570 3619 3668 3672 ὑπὸ

2080 3709 2190 3762 τῶν
2239 3709 2535 3773 δεσποτῶν,
2581 3708 3075 3778 καταπειληθέντες
3104 3728 3162 3762 τε
3225 3713 3320 3764 ὑπ’
3344 3711 3547 3778 αὐτῶν,
3581 3712 3670 3764 καὶ

2079 3798 2166 3853 διὰ
2205 3799 2296 3852 τὸν
2336 3798 2500 3868 φὸὅον
2537 3797 2715 3850 αὐτῶν
2741 3799 2821 3861 εὶς
2854 3797 3013 3851 τοῦτο
3053 3799 3386 3870 ἐληλυθότες
3425 3800 3520 3854 καὶ
3569 3800 3673 3851 ὀλι-

2084 3891 2403 3960 σθήσαντες,
2450 3891 2508 3941 ἑν
2551 3889 2781 3958 ἐνιαυτῷ
2815 3889 2882 3942 τά
2919 3889 3018 3960 τῆς
3054 3893 3349 3960 μετανοίας
3398 3891 3537 3962 ἔργα
3569 3890 3673 3942 δεί-

2080 3984 2267 4049 ξουσι’
2316 3980 2678 4052 μανθάνοντες
2708 3979 2802 4034 τοῦ
2835 3981 3046 4046 λοιποῦ,
3075 3983 3148 4046 ὡς
3201 3983 3388 4036 δοῦλοι
3439 3982 3671 4054 Χριστοῦ

2080 4078 2256 4126 ποιεῖν
2302 4074 2364 4126 τὸ
2411 4073 2624 4144 θέλημα
2663 4073 2756 4126 τοῦ
2805 4073 2963 4137 Θεοῦ,
3011 4075 3105 4127 καὶ
3141 4075 3438 4143 φοϐεῖσθαι
3496 4075 3670 4127 αὐτόν’

2077 4169 2363 4230 ἀκούοντες
2396 4168 2649 4238 μάλιστα,
2684 4166 2764 4219 ὅτι
2805 4166 3034 4230 ἕκαστος
3064 4168 3156 4222 ἑάν
3197 4185 3253 4221 τι
3305 4170 3517 4242 ποιήσῃ
3544 4169 3676 4235 ἀγα-

2080 4261 2187 4326 θὸν,
2230 4260 2388 4314 τοῦτο
2429 4258 2719 4329 κομίσεται
2744 4259 2898 4329 πλιρᾶ
2935 4259 3164 4330 Κυρίου,
3197 4260 3313 4313 εἴτε
3352 4261 3542 4323 δοῦλος
3569 4259 3672 4311 εἴτε

2075 4353 2260 4408 ἑλεύθε
2271 4371 2380 4424 ρος.

2143 4446 2204 4512 ζ’.
2270 4448 2334 4501 0i
2396 4448 2451 4501 δὲ
2511 4447 2832 4520 ἐλεύθεροι,
2898 4452 2956 4504 ἑν
3017 4449 3194 4520 τρισὶν
3245 4447 3434 4501 ἐτεσιν
3489 4447 3674 4513 ἐξετα-

2076 4540 2365 4612 σθήσονται
2412 4541 2470 4592 ἑν
2505 4541 2784 4612 μετανοίᾳ,
2829 4543 2926 4594 καὶ
2990 4541 3061 4604 ὡς
3104 4542 3549 4613 ὑποκρινάμενοι
3588 4539 3676 4593 καὶ

2075 4631 2152 4697 ὡς
2209 4633 2723 4699 καταναγκάσαντες
2789 4635 2914 4697 τοὺς
2981 4633 3310 4703 ὁμοδούλους
3336 4632 3537 4684 θῦσαι·
3584 4632 3674 4684 ἀτε

2074 4723 2138 4796 δὴ
2172 4723 2620 4795 παρακούσαντες
2645 4723 2740 4776 τοῦ
2757 4723 3104 4788 Ἀποστόλου,
3145 4727 3221 4778 Τὰ
3243 4724 3411 4776 αὐτὰ
3434 4724 3678 4786 θέλοντος

373 4819 548 4888 facere
583 4834 701 4888 qua:
731 4818 884 4881 servi,
912 4818 1231 4871 remittentes
1260 4817 1451 4870 minas.
1491 4814 1745 4881 Scientes,
1770 4817 1966 4886 inquit,

2086 4816 2272 4870 ποιεῖν
2301 4817 2444 4883 τοὺς
2473 4815 2774 4884 δεσπότας
2804 4816 2930 4882 τοῖς
2951 4815 3218 4883 δούλοις,
3247 4817 3542 4881 ἀνιέντας
3567 4815 3676 4882 τὴν

371 4912 510 4982 quod
526 4923 702 4965 noster
715 4929 916 4984 quoque
943 4921 992 4966 et
1026 4914 1256 4981 ipsorum
1278 4911 1530 4964 Dominus
1554 4918 1630 4962 est
1663 4911 1718 4963 in
1741 4909 1962 4975 cwlis,et

370 5016 563 5062 nonest
587 5005 728 5070 apud
774 5023 891 5060 eum
921 5021 1265 5074 personarum
1308 5005 1540 5073 acceptio
1557 5001 1764 5058 “°".Si
1797 5019 1964 5058 unum

369 5107 551 5152 autem
579 5112 771 5160 omnes
804 5095 1068 5151 habemus
1112 5095 1406 5148 Dominum
1429 5133 1443 5157 ,
1486 5093 1629 5162 apud
1674 5109 1826 5163 quem
1857 5109 1962 5147 non

368 5199 447 5243 est
473 5205 821 5259 personarum
854 5189 1087 5256 acceptio
1126 5187 1201 5251 ¹³;
1229 5185 1494 5255 quoniam
1527 5193 1575 5237 et
1603 5186 1805 5250 omnia,
1826 5194 1874 5237 et
1903 5187 1960 5238 in

369 5283 608 5336 omnibus
633 5293 706 5335 est
737 5280 1003 5344 Christus,
1048 5279 1105 5332 in
1142 5277 1401 5331 Barbaris
1440 5286 1490 5330 et
1516 5277 1754 5346 Scythis,
1797 5278 1960 5331 servis

367 5386 417 5429 et
441 5375 617 5429 liberis
648 5375 692 5406 ¹⁶
722 5390 737 5427 :
764 5374 965 5428 debent
992 5371 1344 5426 considerare
1373 5370 1519 5440 quod
1559 5370 1828 5436 fecerunt,
1862 5385 1961 5425 vo-

367 5468 541 5524 lentes
572 5483 725 5522 suam
764 5469 1005 5538 ipsorum
1032 5464 1273 5520 animam
1314 5477 1536 5519 servare
1565 5480 1578 5529 ;
1607 5462 1701 5532 qui
1732 5477 1958 5517 conser-

436 5585 482 5616 ⁸⁸
524 5583 702 5654 lReg.
741 5586 964 5646 “1,13.
1039 5585 1084 5616 ⁸ο
1124 5582 1406 5648 lsa.lx,~6.
1485 5583 1529 5614 ⁸⁵
1575 5584 1706 5636 Luc.
1742 5597 1778 5646 ι,
1817 5581 1977 5647 76,77

441 5657 484 5687 "
516 5656 716 5708 Enhes.
758 5671 832 5708 vt.
861 5658 914 5708 9.
1028 5657 1069 5688 ¹⁵
1102 5657 1258 5708 ιὶυιιι.
1326 5672 1385 5708 ιι.
1429 5655 1515 5708 Η.
1598 5655 1638 5685 ¹⁶
1672 5654 1884 5708 Coloss.
1956 5669 1970 5708 ι

2086 5579 2268 5706 “me.
2299 5597 2431 5649 xvn,
2459 5580 2552 5639 2|.

1718 5669 1884 5709 otoss.
1956 5669 2036 5721 ιιι,
2094 5669 2182 5708 ιι.

363 5656 484 5688 δ”-⁸⁵
516 5656 716 5726 Ephes.
758 5671 832 5722 vt,
861 5658 914 5712 9.
1028 5657 1069 5688 ¹⁵
1102 5657 1258 5710 Ιὶυιιι.
1326 5672 1385 5721 ιι,
1429 5655 1515 5709 Η.

2070 4907 2362 4976 ἀπειλήν-θ
2400 4908 2665 4975 Εὶδότες,
2703 4910 2887 4978 φησὶν,
2928 4909 3018 4961 ὅτι
3050 4907 3149 4960 καί
3185 4906 3366 4976 ὑμῶν
3415 4908 3618 4962 αὐτῶν
3646 4908 3676 4961 ό

2072 5002 2286 5070 Κύριος
2312 5001 2380 5054 ἐν
2409 5001 2709 5070 οὐρανοῖς,
2742 5001 2840 5054 καὶ
2870 5001 3371 5068 προσωποληψία
3405 5003 3545 5069 παρ’
3568 5001 3675 5053 αὺ-

2079 5093 2160 5160 τῷ
2197 5095 2308 5148 οὐκ
2351 5093 2527 5147 ἐστιν
2551 5104 2564 5120 ⁶
2600 5094 2648 5146 εἰ
2687 5094 2740 5146 δὲ
2776 5092 2872 5146 ἕνα
2902 5092 3105 5163 Κύριον
3136 5092 3343 5162 ἔχομεν
3378 5094 3431 5146 οἱ
3480 5093 3678 5154 πάντες

2067 5184 2724 5256 ἀπροσωπόληπτον,ἑπεὶ
2742 5183 2848 5237 Καὶ
2868 5182 3064 5236 πάντα
3076 5183 3171 5236 καὶ
3193 5183 3271 5236 ἐν
3287 5182 3493 5239 πᾶσίν
3512 5185 3679 5237 ἐστιν

2070 5279 2102 5329 ὁ
2115 5276 2369 5343 Χριστὸς
2391 5274 2527 5329 circa
2544 5271 2869 5342 Βαρϐάροις
2882 5275 2978 5326 καὶ
3004 5274 3293 5342 Σκύθαις,
3314 5273 3573 5341 δούλοις
3585 5270 3680 5329 καί

2071 5367 2432 5436 ἐλευθέροις,
2487 5367 2711 5419 σκοπεῖν
2763 5363 3068 5433 ὀφείλουσιν
3121 5364 3148 5417 ὃ
3202 5369 3676 5438 κατειργάσαντο,

2068 5459 2396 5529 θελήσαντες
2440 5457 2540 5530 τὴν
2585 5456 2763 5528 ψυχὴν
2796 5455 3004 5509 ἑαυτῶν
3042 5456 3215 5509 σῶσαι
3245 5473 3260 5486 ·
3297 5459 3433 5522 τοὺς
3459 5458 3517 5511 δὲ
3556 5473 3678 5519 συν,

2628 5581 2673 5613 ⁸⁸
2699 5580 2856 5639 Rom.
2877 5598 2934 5650 ι,
2965 5580 3114 5639 8-10.
3191 5580 3242 5614 ⁸⁷
3285 5579 3476 5654 Ephes
3516 5597 3593 5652 vn,
3622 5580 3674 5636 8.
