3904 6220
230 161 323 228 941
998 152 1396 213 SYNTAGMA
1434 150 1796 212 CANONUM

1907 176 1920 187 -
1945 153 2095 214 TIT.
2132 154 2301 229 XIII,
2337 158 2495 218 CAP.
2530 160 2656 220 XX.
3378 163 3483 228 942

226 269 434 331 δούλους
466 264 674 319 ἑαυτῶν
720 262 1046 325 ἑλκύσαντες
1094 262 1187 315 ἐπὶ
1243 259 1675 329 εἰδωλολατρίαν,
1705 259 1796 311 δυ-

1907 276 1999 316 vos
2029 272 2248 319 nostros
2279 274 2562 322 traxerunt
2582 267 2651 322 ad
2683 266 3065 334 idololatriam,
3105 268 3199 339 qui
3235 280 3485 342 poterant

231 359 488 429 ναμένους
517 356 613 408 καὶ
642 354 840 416 αὐτοὺς
871 353 1149 420 ἐκφυγεῖν,
1173 350 1305 403 εἰτὸ
1339 350 1547 403 δίκαιον
1577 351 1671 401 καὶ
1698 351 1796 418 τὴν

1907 362 1952 407 et
1988 354 2089 423 ipsi
2121 354 2376 424 eﬂ‘ugere,
2411 357 2457 411 si
2481 357 2573 428 jus
2598 368 2653 413 et
2682 359 3044 428 aequalitatem
3066 359 3199 432 ipsis
3220 362 3486 432 przebuis-

233 452 446 518 Ισότητα
472 443 613 518 ἦσαν
646 448 829 510 αὐτοῖς
860 444 1255 517 παρασχόντες,
1284 443 1361 507 ὡς
1393 443 1555 498 πάλιν
1577 443 1606 495 ό
1634 442 1796 496 Ἀπό-

229 543 403 605 στολος
425 541 596 608 λέγει.

289 630 357 702 η’.
409 632 534 694 Τοῖς
583 630 640 683 δὲ
702 627 1160 700 παραδεδομένοις
1220 627 1631 690 ἐκπεπτωκόσι,
1684 628 1799 691 τοῖς

222 741 276 776 τε
320 725 536 785 ἑαυτοῖς
583 721 1039 793 προσεληλυθόσιν
1084 722 1163 783 εἰς
1212 722 1305 773 τὸν
1348 721 1559 787 ἀγῶνα.
1601 719 1798 789 ὁμολο-

222 814 404 884 γοῦσιν
459 810 597 867 εῖναι
659 814 1043 887 Χριστιανοῖς,
1110 810 1541 882 ἐμϐεϐλημένοις
1605 828 1665 863 τε
1740 812 1799 864 ἐν

218 912 277 978 τῇ
348 908 563 978 φυλακῇ
639 905 778 977 μετὰ
858 904 1107 974 βασάνων
1153 945 1169 969 ,
1236 904 1458 973 εὔλογόν
1527 908 1676 959 ἐστιν
1740 908 1800 959 ἐν

218 999 533 1067 ἀγαλλιάσει
593 997 817 1067 καρδίας
889 997 1272 1066 συνεπισχύειν
1341 999 1438 1051 καὶ
1517 998 1796 1052 κοινωνεῖν

217 1094 271 1145 ἐν
312 1094 483 1145 πᾶσιν
534 1091 590 1144 ἒν
619 1109 676 1144 τε
718 1095 836 1155 ταῖς
872 1095 1226 1164 προσευχαῖς,
1258 1095 1355 1145 καὶ
1396 1095 1462 1164 τῇ
1498 1092 1799 1164 μεταλήψει

217 1187 305 1239 τοῦ
365 1185 620 1255 σώματος
665 1184 761 1237 καὶ
794 1184 888 1238 τοῦ
915 1185 1145 1255 αἵματος
1174 1185 1267 1239 τοῦ
1298 1185 1559 1256 Χριστοῦ,
1612 1187 1705 1239 καὶ
1731 1187 1798 1255 τῇ

218 1275 559 1345 παρακλήσει
602 1274 692 1327 τοῦ
719 1273 902 1342 λόγου,
936 1274 1023 1328 ἵνα
1072 1274 1431 1345 εὐτονώτερον
1458 1276 1801 1346 ἀγωνισάμε-

214 1385 311 1432 νοι,
344 1365 730 1430 καταξιωθῶσι
781 1368 875 1419 καὶ
904 1367 1057 1419 αὐτοὶ
1089 1367 1196 1421 τοῦ
1217 1368 1505 1435 βραϐείου
1520 1367 1633 1434 τῆς
1651 1367 1779 1421 ᾶνω

1897 454 2041 507 sent,
2075 455 2134 501 ut
2162 463 2353 503 rursus
2380 448 2515 506 dicit
2546 450 2861 521 Apostolus.

1968 621 2021 677 8.
2061 621 2131 676 lis
2168 632 2347 677 autem
2374 625 2465 694 qui
2490 624 2687 694 proditi
2725 635 2887 693 sunt,
2930 636 2985 681 et
3011 628 3354 696 exciderunt,
3386 630 3481 698 qui

1897 722 1955 767 et
1983 714 2082 782 ipsi
2108 714 2173 768 ad
2201 723 2478 770 certamen
2509 728 2877 783 accesserunt,
2902 733 2962 773 se
2992 734 3111 774 esse
3138 720 3482 776 Christianos

1898 807 2240 870 conﬁtentes,
2265 808 2394 862 etin
2426 810 2729 864 custodiam
2762 826 2885 866 cum
2930 814 3214 867 tormentis
3247 814 3478 882 coniecti

1899 908 2028 951 sunt
2054 914 2068 951 :
2093 913 2311 969 aequum
2334 908 2417 955 est
2448 900 2502 955 in
2531 901 2897 957 exsultatione
2919 904 3100 959 cordis
3134 906 3279 960 vires
3312 904 3477 960 simul

1898 990 2122 1054 addere,
2158 1000 2210 1045 et
2249 991 2329 1047 eis
2356 992 2410 1046 in
2447 993 2704 1047 omnibus
2731 995 3157 1059 communicare,
3185 1006 3239 1050 et
3263 999 3316 1050 in
3356 1012 3481 1051 ora-

1898 1079 2163 1146 tionibus,
2203 1090 2257 1136 et
2286 1083 2339 1137 in
2372 1084 2795 1155 participatione
2833 1087 3081 1156 corporis
3116 1095 3173 1142 et
3198 1089 3480 1156 sanguinis

1898 1167 2130 1237 Christi,
2157 1180 2212 1226 et
2240 1174 2512 1229 sermonis
2543 1174 2923 1231 adhortatione
2951 1193 2964 1231 :
3010 1189 3072 1232 ut
3105 1179 3197 1247 qui
3224 1187 3481 1233 constan-

1901 1260 2007 1314 tius
2038 1261 2439 1319 decertaverint
2464 1303 2479 1331 ,
2523 1265 2630 1336 ipsi
2671 1282 2894 1337 quoque
2922 1283 3161 1335 superna:
3190 1269 3478 1321 vocationis

1900 1351 2081 1406 brabio
2114 1354 2157 1385 ¹⁷
2191 1354 2506 1427 dignentur.
2548 1358 2763 1411 Etenim
2806 1359 2997 1427 septies
3019 1398 3033 1423 ,
3084 1359 3296 1429 inquit,
3329 1362 3479 1413 cadet

212 1457 488 1522 κλήσεως
510 1474 524 1487 ·
545 1456 766 1527 καὶγὰρ
788 1455 1054 1522 ἑπτάκις,
1071 1458 1223 1526 φησὶ,
1248 1456 1512 1510 πεσεῖται
1527 1459 1558 1509 ὀ
1574 1456 1796 1522 δίκαιος

1907 1443 2071 1506 iustus
2096 1452 2145 1497 et
2167 1455 2401 1515 resurget
2434 1444 2513 1512 ¹⁸;
2547 1447 2691 1516 quod
2722 1448 2942 1517 quidem
2972 1449 3019 1504 si
3048 1464 3240 1503 omnes
3262 1464 3481 1519 quoque

212 1548 307 1601 καὶ
336 1546 773 1613 ἀναστήσεται·
801 1546 937 1616 ὅπερ
962 1548 1010 1599 εἱ
1033 1546 1125 1599 καὶ
1148 1546 1346 1608 πάντες
1371 1548 1421 1598 οἱ
1442 1546 1797 1599 ἐκπεπτωκό-

1901 1536 2037 1606 lapsi
2070 1536 2350 1602 fecissent,
2390 1538 2849 1608 perfectissimam
2880 1550 2934 1596 et
2962 1550 3077 1596 toto
3099 1541 3264 1597 corde
3293 1556 3481 1598 susce-

208 1656 296 1703 τες
332 1640 727 1707 πεποιήκεσαν,
772 1638 1115 1709 τελειοτάτην
1144 1640 1238 1694 καὶ
1282 1639 1589 1709 ὁλοκάρδιον
1624 1638 1795 1709 μετά-

1907 1636 2051 1697 ptam
2085 1629 2466 1699 pmnitentiam
2501 1630 2883 1687 ostendissent.

209 1747 359 1783 νοιαν
387 1729 735 1794 ἐνεδείξαντο.

272 1814 344 1871 θ’.
416 1818 530 1870 Καὶ
593 1819 704 1880 τοῖς
787 1818 844 1872 δὲ
911 1818 988 1881 ὡς
1053 1818 1122 1873 ἂν
1188 1816 1248 1883 ἐξ
1323 1819 1489 1871 ὕπνου
1565 1819 1792 1881 ἑαυτοὺς

209 1909 607 1979 παραπηδῶσιν
664 1910 743 1971 εἰς
785 1909 876 1961 τὸν
926 1910 1137 1978 ἀγῶνα,
1195 1909 1454 1963 ὠδίνοντα
1508 1910 1603 1963 κα)⁹
1662 1909 1790 1981 μέλ-

120 2008 135 2029 ‘
207 2000 368 2054 λοντα
419 2001 670 2067 ἑλκύσαι,
702 2003 917 2064 ἑαυτοῖς
968 2003 1025 2056 δὲ
1056 2003 1360 2074 πειρασμὸν
1403 2004 1788 2072 ἐπισπασαμέ-

206 2108 318 2153 νοις
348 2090 790 2161 θαλαττομαχίας
820 2091 917 2145 καὶ
939 2092 1137 2161 πολλῆς
1170 2093 1560 2162 κυματώσεως,
1590 2093 1789 2164 μᾶλλον

206 2182 256 2235 δὲ
288 2183 386 2234 καὶ
412 2186 528 2246 τοῖς
554 2183 805 2252 ἀδελφοῖς
835 2183 1289 2254 προσεκκαίοντες
1310 2184 1588 2254 ἄνθρακας
1612 2184 1790 2256 ἀμαρ-

204 2274 416 2339 τωλῶν,
448 2276 540 2329 καὶ
571 2277 756 2339 αὐτοῖς
798 2277 1175 2346 κοινωνητέον,
1209 2276 1304 2329 ἆτε
1348 2275 1411 2346 δὴ
1460 2279 1517 2328 ὲν
1563 2276 1788 2346 ὀνόματι

205 2365 449 2435 Χριστοῦ
477 2367 907 2437 παρερχομένοις
934 2368 1014 2430 εἰς
1036 2366 1214 2431 τοῦτο,
1238 2369 1285 2419 εἰ
1317 2369 1408 2419 καὶ
1432 2368 1788 2436 προσέχουσιν

205 2456 375 2510 αὑτοῦ
413 2459 529 2520 τοῖς
563 2458 761 2525 λόγοις,
795 2459 889 2510 καὶ
917 2457 1078 2512 πάλιν
1109 2460 1166 2510 ἐν
1195 2458 1326 2529 εὐχῇ
1366 2458 1546 2527 λέγειν
1580 2458 1656 2529 τῷ
1679 2460 1790 2511 Πα-

203 2547 316 2616 τρὶ,
340 2548 451 2599 Καὶ
476 2547 562 2615 μὴ
582 2548 933 2615 εἰσενέγκῃς
958 2546 1115 2617 ἡμᾶς
1137 2552 1222 2614 εις
1244 2550 1597 2617 πειρασμὸνς
1629 2547 1792 2603 ἀλλὰ

201 2637 389 2705 ῥῦσαι
416 2637 573 2707 ἡμᾶς
595 2638 713 2692 ἀπὸ
742 2638 849 2691 τοῦ
876 2639 1166 2707 πονηροῦ·
1192 2637 1326 2704 ἴσως
1340 2640 1395 2693 δὲ
1414 2640 1507 2692 καὶ
1536 2639 1788 2707 ἀγνοοῦσι

205 2732 303 2791 τὰς
330 2731 632 2799 γενομένας
663 2731 923 2795 πολλάκις
951 2732 1325 2803 ἀναχωρήσεις
1350 2732 1443 2785 τοῦ
1475 2733 1787 2786 οἰκοδεσπό-

206 2839 300 2874 του
332 2825 431 2875 καὶ
479 2822 803 2875 διδασκάλου
832 2823 988 2892 ἡμῶν
1012 2822 1119 2875 ἀπὸ
1143 2823 1250 2875 τῶν
1278 2822 1539 2876 Θελόντων
1566 2823 1789 2875 ἐπιϐουο

205 2913 386 2966 λεύειν
410 2929 425 2943 ⁸
467 2913 562 2967 καὶ
598 2916 678 2967 ὅτι
714 2914 827 2967 ἐσθ’
854 2916 942 2968 ὅτε
984 2914 1105 2967 οὐδὲ
1134 2915 1418 2985 παρρησίᾳ
1468 2915 1791 2985 περιεπάτει

1976 1807 2030 1863 9.
2068 1805 2140 1863 Iis
2164 1824 2382 1879 quoque
2412 1809 2505 1879 qui
2529 1819 2789 1880 tanquam
2818 1825 2882 1865 ex
2918 1822 3111 1865 somno
3144 1812 3247 1880 ipsi
3280 1811 3346 1864 ad
3370 1823 3481 1865 cer-

1908 1905 2088 1951 tamen
2120 1900 2433 1967 parturieus
2458 1940 2472 1964 ,
2505 1908 2559 1953 et
2589 1900 2805 1954 trahere
2842 1899 3127 1965 differens,
3168 1900 3478 1969 prosiliunt,

1903 1989 2008 2044 sibi
2060 1999 2239 2043 autem
2294 2006 2485 2059 pugnas
2534 1991 2843 2057 maritimae,
2896 2000 2952 2045 et
2999 1992 3180 2045 multa:
3234 1990 3480 2045 ﬂuxuum

1906 2076 2280 2132 inundationis
2309 2078 2661 2133 tentationem
2693 2081 2974 2134 attrahunt
2995 2120 3013 2143 ,
3041 2081 3125 2134 vel
3151 2080 3333 2151 potius
3366 2079 3481 2134 l'ra-

1904 2169 2082 2225 tribus
2113 2178 2464 2239 peccatorum
2496 2171 2789 2226 carbonem
2822 2173 3162 2237 accendunt,
3194 2173 3325 2242 ipsis
3352 2189 3484 2243 quo-

1904 2276 2010 2330 que
2051 2260 2571 2317 communicandum
2606 2273 2710 2330 est,
2753 2266 2928 2334 utqui
2968 2265 3020 2318 in
3061 2245 3281 2319 nomine
3316 2263 3484 2336 M9

1902 2351 2100 2407 Christi
2150 2354 2218 2407 ad
2271 2354 2324 2408 id
2359 2356 2582 2408 veniant
2614 2372 2631 2410 :
2662 2356 2762 2410 etsi
2798 2356 2962 2411 verba
3002 2356 3122 2425 ejus
3159 2370 3266 2410 non
3298 2356 3483 2409 anim-

1903 2441 2207 2504 advertant,
2241 2442 2333 2510 qui
2382 2441 2541 2496 docet
2579 2459 2734 2496 orare
2774 2459 2837 2496 ne
2873 2444 3232 2513 ingrediamur
3270 2444 3325 2497 in
3368 2452 3482 2499 ten-

1903 2533 2157 2587 tationem
2184 2534 2249 2595 ‘9,
2284 2542 2339 2587 et
2363 2549 2487 2587 eum
2519 2550 2709 2590 rursus
2738 2535 2792 2589 in
2828 2538 3076 2589 oratione
3099 2535 3243 2589 Patri
3275 2535 3476 2599 dicere,

1903 2622 1973 2677 Et
2008 2640 2069 2677 ne
2105 2641 2198 2677 nos
2232 2624 2454 2679 inducas
2490 2628 2546 2679 in
2586 2628 2954 2693 tentationem,
2991 2628 3082 2681 sed
3112 2627 3275 2681 libera
3315 2643 3408 2680 nos
3449 2647 3480 2680 ιι

1904 2716 2045 2769 malo
2075 2717 2143 2771 ".
2177 2716 2339 2773 Forte
2363 2730 2542 2773 autem
2569 2720 2731 2773 etiam
2768 2719 3021 2788 ignorant
3102 2719 3482 2793 patremfami-

1903 2806 2003 2862 lias
2036 2817 2089 2861 et
2118 2806 2411 2863 Dominum
2447 2818 2718 2876 nostrum,
2753 2824 2894 2879 saepe
2915 2809 3076 2864 abiis
3104 2810 3195 2878 qui
3239 2810 3317 2863 illi
3352 2811 3483 2864 insi-

1902 2898 2041 2952 diari
2066 2900 2342 2969 volebant,
2367 2901 2682 2966 secessisse,
2711 2910 2766 2956 et
2790 2900 2937 2970 quod
2962 2901 3293 2970 quandoque
3312 2902 3479 2955 etiam

206 3006 273 3060 δι’
296 3005 501 3069 αὐτούς
532 3023 544 3036 ο
580 3008 673 3058 καὶ¹
717 3007 799 3059 ὅτι
840 3007 929 3060 ὅτε
967 3009 996 3059 ὀ
1040 3007 1227 3078 καιρὸς
1255 3008 1349 3061 τοῦ
1390 3007 1597 3070 πάθους
1625 3006 1789 3059 αὑτοῦ

1907 2992 2066 3046 libere
2113 2991 2255 3059 apud
2302 3006 2399 3046 eos
2458 3006 2568 3046 non
2628 2992 2955 3057 incedebat,
3005 3000 3061 3045 et
3110 2993 3254 3061 quod
3312 2994 3477 3046 etiam

208 3098 607 3166 προσήγγισεν,
642 3096 741 3165 οὐχ
781 3095 971 3148 ἐαυτὸν
1004 3096 1343 3165 παρέδωκεν,
1401 3097 1515 3148 ἀλλ’
1552 3096 1789 3160 ἐδέξατο,

209 3188 312 3251 ἕως
335 3184 503 3256 ἦλθον
537 3188 624 3240 ἐπ’
654 3187 814 3240 αὐτὸν
845 3188 982 3256 μετὰ
1019 3187 1305 3258 μαχαιρῶν
1344 3188 1438 3240 καὶ
1466 3187 1668 3252 ξύλωνο
1703 3187 1791 3238 λέ-

211 3292 298 3343 γει
360 3277 495 3344 γοῦν
532 3275 669 3345 πρὸς
721 3275 937 3339 αὐτούςο
975 3278 1064 3342 Ὠς
1101 3276 1199 3329 ἐπὶ
1232 3276 1475 3343 λῃστὴν
1505 3275 1791 3340 ἐξήλθετε

206 3369 354 3437 μετὰ
384 3366 700 3435 μαχαιρῶν
737 3368 838 3420 καὶ
866 3367 1067 3432 ξύλων
1095 3367 1429 3421 συλλαϐεῖν
1448 3384 1524 3435 με
1554 3383 1566 3395 ·
1600 3366 1658 3419 οἳ
1694 3368 1791 3420 καὶ

212 3458 569 3526 παρέδωκαν
604 3460 811 3523 αὑτὸν,
847 3458 982 3529 φησὶ
1004 3499 1017 3522 ,
1046 3458 1281 3522 Πιλάτῳ
1301 3474 1314 3487 ·
1345 3458 1467 3511 καθ’
1503 3458 1790 3526 ὁμοιότητα

213 3551 341 3617 γοίν
368 3550 561 3616 αὐτοῦ,
588 3552 684 3605 καὶ
705 3553 754 3603 οἱ
793 3551 933 3604 κατὰ
961 3551 1161 3604 σκοπὸν
1190 3549 1354 3605 αὐτοῦ
1392 3549 1663 3618 βαίνοντες
1692 3566 1791 3601 πε-

215 3643 468 3707 πόνθασι,
508 3643 847 3713 μεμνημένοι
888 3644 996 3696 τῶν
1029 3642 1187 3695 θείων
1218 3640 1381 3694 αὑτοῦ
1404 3642 1598 3708 λόγων,
1625 3640 1689 3693 δι’
1717 3633 1791 3694 ὦν

214 3732 585 3804 ἐπιστηρίζων
624 3736 773 3804 ἡμᾶς
814 3734 1069 3802 περὶτῶν
1097 3732 1355 3804 διωγμῶν
1382 3733 1528 3801 λέγει
1549 3747 1563 3762 ⁸
1596 3736 1792 3801 Προσ-

214 3826 378 3894 έχετε
388 3825 625 3892 ἑαυτοῖς
634 3842 645 3855 ·
662 3826 1089 3894 παραδώσουσι
1105 3827 1215 3895 γὰρ
1226 3824 1379 3895 ὑμᾶς
1390 3828 1475 3891 εις
1487 3825 1794 3893 συνέδρια,

217 3920 310 3972 καὶ
325 3921 397 3973 ἐν
413 3919 545 3984 ταῖς
554 3920 932 3989 σαναγωγαῖς
943 3918 1597 3989 αὺτῶνμαστιγώσουσι
1617 3919 1791 3987 ὑμᾶς’

217 4009 645 4076 παραδώσουσι
666 4011 734 4063 ἒδέ
768 4007 942 4075 εἶπεν,
969 4009 1081 4062 ἀλλ’
1112 4009 1250 4079 οὐχὶ,
1274 4009 1505 4072 ἑαυτοὺς
1540 4010 1795 4077 παραδώ-

220 4117 336 4154 σετε
357 4117 372 4131 ⁸
390 4101 491 4155 καὶ
509 4101 607 4154 ἐπὶ
623 4103 918 4171 ἡγεμόνας
933 4101 1009 4165 δὲ,
1032 4100 1185 4169 φησὶ,
1202 4100 1297 4152 καὶ
1314 4099 1597 4165 βασιλεῖς
1609 4100 1794 4169 ἀχθή-

219 4198 402 4249 σεσθε
434 4192 532 4246 διὰ
563 4193 626 4246 τὸ
648 4193 834 4259 ὄνομα
857 4212 997 4261 μου,
1038 4193 1151 4246 ἀλλ’
1182 4192 1324 4261 οὐχὶ,
1353 4193 1576 4254 ἑαυτοὺς
1599 4190 1754 4256 ἄξετε
1782 4208 1796 4221 ·

1901 3084 2121 3152 quando
2165 3084 2438 3153 passionis
2482 3092 2697 3153 tempus
2737 3084 3221 3153 appropinquavit,
3269 3098 3378 3137 non
3420 3098 3480 3137 se

1903 3176 2082 3245 ipsum
2116 3176 2357 3240 tradidit,
2385 3177 2480 3231 sed
2508 3177 2843 3246 exspectavit
2870 3177 3046 3231 donec
3083 3178 3148 3230 ad
3175 3191 3300 3231 eum
3332 3177 3481 3230 veni-

1902 3276 2026 3321 rent
2064 3282 2189 3321 cum
2224 3266 2416 3337 gladiis
2453 3277 2508 3321 et
2542 3266 2798 3322 fustibus.
2846 3266 2985 3320 Dicit
3023 3282 3154 3336 ergo
3181 3269 3303 3321 eis:
3338 3264 3480 3320 Tan-

1900 3374 2057 3427 quam
2082 3356 2149 3409 ad
2178 3356 2433 3410 latronem
2461 3359 2663 3411 exiistis
2685 3373 2803 3410 cum
2832 3357 3026 3426 gladiis
3047 3366 3097 3410 et
3124 3357 3353 3426 fustibus
3401 3357 3471 3409 ad

1902 3466 1984 3502 me
2047 3448 2586 3518 comprehendendum
2632 3449 2699 3501 ¹¹.
2769 3447 2873 3514 Qui
2928 3448 3093 3502 etiam
3144 3447 3479 3502 tradiderunt

1900 3550 2073 3617 ipsum
2093 3588 2108 3613 ,
2143 3549 2348 3618 inquit,
2396 3549 2574 3603 Pilato
2600 3551 2666 3601 ²¹.
2708 3546 2789 3602 Ad
2819 3548 2939 3617 ejus
2971 3563 3187 3618 quoque
3220 3547 3480 3602 similitu-

1901 3642 2081 3696 dinem
2107 3642 2173 3697 iis
2208 3642 2426 3706 accidit,
2458 3641 2551 3711 qui
2577 3641 2696 3711 ejus
2732 3656 2959 3709 scopum
2983 3641 3085 3695 sibi
3110 3649 3478 3711 proponentcs

1903 3735 2181 3800 incedunt,
2207 3734 2517 3790 divinorum
2544 3735 2666 3805 ejus
2704 3736 3001 3790 verborum
3036 3736 3326 3801 recordati,
3364 3737 3480 3806 qui-

1906 3827 2007 3880 bus
2038 3842 2138 3881 nos
2163 3829 2516 3895 conﬁrmans,
2545 3828 2611 3882 de
2650 3828 3126 3898 persecutionibus
3164 3829 3297 3883 dicit
3330 3847 3343 3883 :
3378 3829 3478 3882 At-

1905 3921 2099 3973 tendite
2147 3922 2288 3974 vobis
2337 3922 2464 3988 ipsis
2492 3938 2510 3974 :
2541 3921 2746 3975 tradent
2780 3924 2917 3975 enim
2948 3939 3036 3975 vos
3066 3925 3121 3975 in
3151 3924 3392 3986 concilia,
3426 3931 3480 3978 et

1908 4013 1961 4065 in
1988 4013 2095 4066 suis
2127 4014 2405 4083 synagogis
2436 4029 2522 4066 vos
2548 4014 2890 4082 ﬂagellabant
2921 4015 2987 4067 ’³.
3021 4013 3250 4067 Tradent
3275 4025 3479 4082 autem,

1907 4103 2061 4169 dixit,
2112 4119 2244 4167 non,
2294 4118 2390 4157 vos
2442 4104 2588 4173 ipsos
2634 4104 2898 4159 tradetis:
2930 4114 2979 4157 et
3014 4105 3083 4157 ad
3125 4106 3385 4173 principes
3430 4116 3481 4159 et

1909 4209 2050 4262 reges
2098 4192 2361 4245 ducemini
2404 4203 2616 4260 propter
2663 4209 2846 4246 nomen
2896 4210 3065 4247 meum
3103 4192 3171 4257 “,
3205 4208 3338 4260 non,
3382 4209 3482 4252 vos

220 4286 337 4339 ἐπεὶ
366 4285 464 4337 καὶ
487 4287 800 4356 μεταπηδᾷν
830 4287 977 4355 ἡμᾶς
1000 4285 1248 4355 βούλεται
1277 4284 1384 4339 ἀπὸ
1411 4284 1591 4339 τόπων
1612 4286 1691 4348 εἰς
1715 4287 1796 4338 τό-

1907 4283 2051 4353 ipsos
2076 4284 2305 4339 ducetis.
2331 4283 2465 4337 Nam
2499 4299 2597 4338 nos
2625 4298 2843 4353 quoque
2870 4285 2985 4339 vult
3009 4300 3039 4339 a
3071 4285 3189 4340 loco
3218 4286 3272 4341 in
3302 4286 3480 4342 locum

222 4394 349 4443 πους
374 4377 741 4447 διωκομένους
755 4377 842 4430 διὰ
862 4376 922 4429 τὸ
946 4377 1116 4447 ὄνομα
1137 4375 1323 4429 αὐτοῦ·
1340 4377 1414 4440 ὡς
1431 4376 1591 4430 πάλιν
1618 4376 1810 4430 ἀκούο-

223 4483 318 4537 μεν
356 4465 526 4519 αὑτοῦ
560 4465 807 4534 λέγοντος
829 4482 843 4495 ο
865 4465 971 4519 Καὶ
999 4465 1145 4518 ὅταν
1171 4465 1467 4519 διώκωσιν
1485 4464 1639 4534 ὑμᾶς
1653 4464 1809 4534 ἐντῇ

222 4561 391 4615 πόλει
420 4560 632 4628 ταύτῃ,
663 4560 913 4627 φεύγετε
942 4561 1030 4623 εις
1063 4559 1178 4625 τὴν
1214 4557 1444 4625 ἑτέραν·
1478 4558 1539 4609 οὐ
1576 4559 1682 4626 γὰρ
1716 4556 1803 4609 θέ-

221 4653 297 4707 λει
334 4652 659 4722 αὐτομολεῖν
701 4653 850 4721 qua;
904 4651 1038 4720 πρὸς
1097 4651 1222 4711 τοὶς
1275 4649 1370 4703 τοῦ
1420 4648 1667 4702 διαϐόλου
1698 4650 1802 4703 ὑπ-

223 4746 497 4808 ασπιστὰς
529 4745 623 4798 καὶ
672 4744 1020 4816 δορυφόρους,
1069 4744 1214 4806 ὅπως
1268 4743 1344 4814 μὴ
1407 4743 1499 4795 καὶ
1546 4742 1806 4795 πλειόνων

224 4838 470 4890 θανάτων
502 4838 664 4889 αἴτιοι
692 4836 878 4899 αὐτοῖς
908 4834 1220 4904 γενώμεθα,
1251 4835 1325 4898 ὡς
1356 4835 1423 4887 ἂν
1451 4835 1802 4902 καταναγκά-

225 4927 403 4991 ζοντες
452 4928 653 4989 αὐτοὺς
702 4926 900 4997 μᾶλλον
952 4925 1464 4996 κατατραχύνεσθαι
1508 4926 1602 4978 καὶ
1654 4924 1802 4977 τελε-

226 5021 500 5089 σιουργεῖν
526 5018 595 5071 τά
624 5018 975 5088 θανατηφόρα
1006 5017 1161 5087 ἔργα,
1212 5016 1327 5071 ἀλλ’
1356 5017 1671 5087 ἐκδέχεσθαι
1706 5017 1801 5070 καὶ

228 5114 513 5182 προσέχειν
530 5113 762 5177 ἑαυτοῖς,
784 5110 1107 5181 Γρηγορεῒν
1133 5127 1196 5163 τε
1217 5108 1315 5166 καὶ
1337 5109 1811 5180 προσεύχεσθαι,

226 5203 323 5254 ινα
346 5204 435 5272 μὴ
458 5203 825 5271 εἰσέλθωμεν
851 5205 940 5266 εἰς
958 5201 1290 5270 πειρασμόν
1308 5216 1322 5232 θ
1371 5199 1513 5253 οὕτω
1542 5202 1812 5269 Στέφανος

233 5294 463 5362 πρῶτος,
505 5295 628 5347 κατ’
653 5295 797 5364 ῖχνος
840 5294 1006 5346 αὐτοῦ
1034 5293 1336 5363 μαρτύριον
1385 5291 1809 5362 ἀναδεξάμενος,

234 5386 291 5443 ἐκ
325 5385 724 5456 Ἰεροσολύμοις
756 5386 1155 5457 συναρπασθεὶς
1179 5386 1284 5439 ὑπὸ
1316 5384 1425 5437 τῶν
1457 5385 1810 5454 παρανόμων,

376 5499 609 5571 Philipp.
670 5514 754 5571 ιιι,
814 5499 921 5571 M.
961 5499 1052 5571 ﬂ"
1081 5498 1238 5571 Prov.
1300 5515 1451 5571 xxiv,
1516 5498 1599 5571 16.

236 5564 277 5598 ⁸³
303 5569 492 5627 Matth.
518 5564 704 5638 ἰίνιι,
732 5569 786 5623 ‘2.
883 5570 936 5634 ³³,
958 5568 1143 5623 Matth.
1197 5586 1223 5622 χ
1249 5609 1262 5633 ,
1322 5570 1407 5623 17.

1696 5500 1736 5531 ιθ
1772 5499 1959 5553 Matth.
1996 5515 2147 5560 sxw,
2180 5498 2271 5552 41.

1518 5570 1561 5599 ’³
1594 5568 1721 5623 ibid.
1759 5570 1845 5623 18.

1908 4377 2203 4442 transilire,
2234 4377 2361 4431 dum
2410 4386 2538 4431 sunt
2582 4378 2674 4446 qui
2706 4392 2806 4430 nos
2838 4386 3237 4446 persequuntur
3266 4387 3485 4449 propter

1909 4486 2106 4522 nomen
2137 4472 2275 4537 ejus.
2310 4468 2463 4523 Sicut
2498 4484 2691 4524 rursus
2720 4484 2843 4522 eum
2878 4470 3144 4525 dicentem
3178 4472 3431 4528 audimus
3462 4490 3481 4529 :

1912 4560 1975 4613 Et
2005 4561 2215 4630 quando
2262 4577 2349 4613 vos
2392 4561 2447 4613 in
2483 4561 2580 4613 hac
2613 4561 2823 4615 civitate
2854 4564 3110 4631 persecuti
3140 4563 3354 4631 fuerint,
3399 4563 3486 4633 [u-

1907 4656 2009 4723 gite
2038 4654 2089 4705 in
2119 4653 2284 4706 aliam
2312 4652 2381 4707 ²⁸.
2412 4651 2529 4705 Νοιι
2552 4653 2665 4707 vult
2692 4654 2837 4707 enim
2868 4669 2967 4709 nos
2992 4653 3059 4707 ad
3081 4653 3281 4709 diaboli
3314 4656 3485 4723 stipa-

1906 4754 2052 4800 tores
2078 4744 2445 4815 satellitesque
2476 4745 2785 4815 confugere,
2815 4760 2882 4800 ne
2907 4746 3035 4817 ipsis
3059 4761 3274 4816 quoque
3303 4746 3486 4800 multi-
3562 4766 3563 4771 η

1912 4836 2064 4891 (aria.-
2106 4835 2296 4889 mortis
2342 4851 2505 4891 causa
2538 4836 2730 4899 simus,
2760 4844 2819 4890 ut
2860 4836 2953 4906 qui
2985 4838 3132 4906 ipsos
3160 4846 3213 4891 et
3238 4837 3483 4905 asperio-

1910 4943 1997 4982 res
2024 4941 2144 4981 esse
2171 4941 2449 4997 cogamus,
2478 4936 2531 4980 et
2561 4942 2722 4996 opera
2751 4928 3030 4982 mortifera
3065 4944 3323 4998 peragere
3348 4946 3361 4982 :
3388 4930 3485 4983 sed

1909 5025 2244 5086 exspectare,
2271 5024 2324 5070 et
2360 5016 2518 5071 nobis
2548 5032 2759 5082 cavere,
2792 5017 3105 5086 vigilareque
3131 5027 3180 5069 et
3220 5034 3391 5083 orare,
3423 5034 3485 5070 ne

1909 5110 2166 5162 intremus
2208 5108 2263 5161 in
2303 5108 2643 5161 tentationem
2686 5107 2749 5159 “.
2800 5107 2876 5160 Ita
2910 5107 3215 5176 Stephanus
3252 5106 3482 5176 primus,

1911 5200 2029 5269 ejus
2079 5199 2318 5270 vestigiis
2353 5199 2643 5263 insistens,
2677 5196 2840 5269 450
2889 5198 3208 5268 martyrium
3258 5212 3483 5267 passus,

1910 5291 2302 5361 Hierosolymis
2345 5290 2412 5347 ab
2440 5290 2639 5360 iniquis
2668 5298 2969 5358 correptus,
3004 5299 3057 5344 et
3100 5290 3152 5343 in
3193 5289 3484 5345 concilium

1911 5384 2128 5449 ductus,
2163 5382 2435 5452 lapidibus
2468 5382 2719 5446 obrutus,
2752 5380 2807 5434 in
2841 5380 3059 5435 nomine
3085 5380 3289 5437 Christi
3320 5383 3486 5453 glori-

2348 5499 2392 5529 ²⁰
2411 5496 2600 5571 Matth.
2628 5514 2713 5571 _vr,
2750 5498 2833 5551 l3.
2913 5500 2962 5571 “7
2992 5500 3180 5557 Matth.
3213 5518 3360 5571 XXVI,
3385 5505 3473 5565 55.

1953 5570 1997 5601 ’⁵
2030 5568 2160 5623 ibid.
2217 5568 2307 5622 25.
2418 5568 2463 5599 '°
2489 5566 2679 5623 Matth.
2718 5585 2867 5634 xxvi,
2915 5570 3001 5625 47.
