3904 6220
453 224 556 306 943

1587 236 1847 296 ΡΗΟΤΙΙ
1887 235 2027 295 ΡΑΤ

2144 234 2391 294 lRCHt’E
2421 235 2529 297 (ΖΡ.
3585 237 3675 300 οει

446 358 642 412 ticatus
676 360 779 419 est,
818 365 1038 422 rogans,
1079 356 1133 405 et
1165 348 1352 405 dicens
1388 363 1400 400 :
1441 346 1682 411 Domine,
1717 365 1781 402 ne
1820 357 2028 402 statuas

2144 348 2226 400 καὶ
2256 348 2442 418 ἀχθεὶς
2473 350 2530 402 ἐν
2559 347 2637 419 τῷ
2685 347 2968 418 συνεδρίῳ,
3006 345 3445 415 λιθοϐολοῦμενος
3489 348 3541 400 ὲν
3578 353 3676 401 6νὸ-

439 448 552 504 illis
597 449 694 501 hoc
724 453 998 515 peccatum
1036 443 1103 496 ".
1137 440 1212 494 lta
1257 439 1493 495 Jacobus
1528 440 1798 494 secundus
1826 439 1893 493 ab
1925 438 2029 493 lle-

439 544 573 600 rode
605 538 1053 610 comprehensus,
1091 535 1268 606 gladio
1301 536 1479 606 capite
1505 543 1788 588 truncatus
1817 543 1919 589 est.
1953 533 2027 587 Ita

443 635 635 690 Petrus
674 631 1048 703 apostolorum
1098 627 1333 698 primus,
1384 641 1525 696 saepe
1574 623 2026 694 comprehensus,

439 734 495 780 et
545 722 810 780 custodias
859 721 1125 786 traditus,
1176 717 1578 790 ignominiaque
1630 714 1889 778 affectus,
1932 728 2031 783 po-

441 827 652 870 stremo
687 813 875 868 Roma:
910 811 1204 867 cruciﬁxus
1240 820 1342 864 est.
1393 808 1655 862 Similiter
1693 817 1747 860 et
1795 806 2030 876 inclytus

445 908 668 974 Paulus,
705 922 848 976 sarpe
882 905 1134 970 traditus,
1169 912 1223 958 et
1257 903 1322 956 ad
1365 912 1597 956 mortem
1635 916 1807 970 usque
1841 899 1893 952 in
1934 913 2031 968 pe-

444 998 682 1052 riculum
729 997 1034 1060 adductus,
1087 995 1256 1048 multa
1313 993 1455 1046 mala
1511 1005 1834 1060 perpessus,
1871 996 1924 1041 et
1975 987 2030 1041 in

445 1091 635 1145 multis
683 1087 1158 1160 persecutionibus
1204 1084 1698 1152 amictionibusque
1743 1081 2028 1152 gloriatus,

446 1184 501 1236 in
529 1181 714 1236 eadem
747 1179 880 1232 urbe
914 1178 1031 1247 ipse
1066 1190 1284 1245 quoque
1329 1173 1510 1246 gladio
1552 1173 1728 1242 capite
1772 1170 2032 1224 multatus

443 1282 560 1339 est;
607 1271 700 1342 qui
748 1270 800 1324 in
831 1269 1030 1339 quibus
1060 1267 1326 1338 gloriatus
1360 1275 1465 1330 est,
1501 1266 1619 1333 ipse
1650 1265 1703 1317 in
1735 1263 1818 1316 'iis
1863 1263 2030 1313 vitam

445 1366 596 1431 finit;
630 1373 684 1418 et
712 1363 858 1433 quod
891 1360 1136 1415 Damasci
1175 1359 1229 1413 in
1266 1367 1451 1429 sporta
1483 1366 1645 1411 noctu
1680 1371 1774 1425 per
1811 1367 2030 1407 murum

445 1458 721 1514 demissus
750 1463 853 1518 est,
883 1462 937 1508 et
968 1451 1154 1520 effugit
1186 1450 1304 1519 ejus
1352 1464 1549 1503 manus
1579 1447 1670 1516 qui
1717 1460 1840 1500 eum
1874 1458 2034 1497 cona-

444 1550 607 1604 batur
638 1546 966 1618 opprimere.
999 1542 1130 1597 Erat
1159 1542 1304 1597 enim
1340 1541 1419 1596 eis
1465 1540 1518 1593 in
1554 1538 1747 1609 primis
1775 1534 2030 1607 proposi-

447 1652 559 1694 tum
585 1636 978 1706 evangelizare,
1009 1644 1062 1690 et
1095 1633 1322 1689 verbum
1358 1631 1450 1686 Dei
1479 1631 1674 1686 docere
1704 1648 1716 1683 :
1749 1629 1801 1682 in
1835 1627 2033 1698 quibus

446 1731 640 1800 fratres
674 1728 1044 1796 conﬁrmantes
1068 1734 1126 1778 ut
1158 1733 1426 1778 manerent
1453 1723 1507 1775 in
1536 1722 1639 1790 ﬁde
1663 1721 1730 1786 ’⁸,
1764 1719 1868 1774 hoc
1894 1734 2034 1788 quo-

447 1834 554 1891 que
581 1819 856 1884 dicebant,
890 1816 1026 1886 quod
1059 1831 1150 1884 per
1177 1813 1374 1867 multas
1407 1811 1709 1882 afﬂictione:
1740 1817 1941 1880 oportet
1975 1809 2031 1861 in

448 1926 665 1981 regnum
695 1907 791 1961 Dei
817 1905 1040 1976 ingredi.
1071 1904 1398 1970 Qumrebant
1423 1902 1569 1957 enim
1601 1915 1707 1954 non
1753 1899 1896 1970 quod
1926 1897 2031 1952 sibi

447 2011 566 2057 erat
588 2000 740 2064 utile,
768 1997 865 2053 sed
888 1995 1032 2065 quod
1062 1994 1268 2059 multis,
1298 2003 1358 2048 ut
1382 2000 1754 2057 servarentur,
1777 1999 1833 2045 et
1859 1989 2028 2044 multa

451 2090 580 2161 ipsis
611 2091 793 2144 liceret
822 2086 888 2142 ad
937 2087 1051 2140 haec
1097 2083 1352 2139 facientia
1394 2083 1596 2146 dicere,
1628 2091 1687 2135 ut
1726 2080 1893 2134 verbo
1936 2078 2031 2134 Dei

449 2181 834 2238 convenienter
878 2178 1122 2234 facerent
1165 2194 1178 2231 :
1216 2174 1372 2241 Nisi,
1425 2182 1483 2229 ut
1527 2173 1658 2229 dicit
1701 2171 2028 2244 Apostolus,

451 2291 544 2331 nos
573 2283 775 2344 tempus
805 2281 1082 2328 narrantes
1111 2267 1348 2338 deﬁceret
1377 2266 1442 2320 '9.

522 2550 612 2606 10.
642 2548 797 2605 Unde
827 2560 934 2601 non
974 2551 1058 2599 est
1099 2557 1339 2612 tequum,
1371 2548 1433 2596 ut
1469 2539 1551 2593 vel
1585 2537 1768 2594 clerici
1801 2537 1895 2606 qui
1926 2551 2028 2590 sua

449 2653 644 2715 sponte
672 2639 1023 2710 aufugerunt,
1057 2635 1194 2706 lapsi
1245 2641 1430 2689 autem
1479 2641 1534 2686 et
1579 2630 1827 2685 reluctati
1879 2638 2030 2696 sunt,

454 2735 688 2806 amplius
721 2734 775 2787 in
807 2744 964 2786 sacro
1015 2726 1319 2782 ministerio
1363 2732 1640 2788 maneant,
1677 2733 1736 2777 ut
1783 2722 1876 2791 qui
1925 2722 2034 2776 Do-

453 2829 584 2882 mini
610 2837 824 2898 gregem
854 2821 1193 2892 reliquerint,
1219 2826 1272 2873 et
1301 2831 1358 2873 se
1387 2817 1534 2887 ipsos
1561 2815 1988 2885 vituperaverint
2013 2831 2027 2865 :

453 2919 599 2990 quod
631 2917 812 2971 nullus
856 2913 983 2969 fecit
1021 2927 1085 2966 ex
1127 2909 1404 2980 apostolis.
1433 2907 1646 2961 Etenim
1673 2922 1798 2962 cum
1833 2907 2034 2962 multas

453 3011 858 3083 persecutiones
883 3005 1125 3070 obiisset,
1149 3013 1203 3057 et
1229 3002 1398 3057 multa
1425 3000 1780 3055 certaminum
1809 3001 2028 3068 praan'iia

451 3102 781 3159 ostendisset
825 3099 1017 3154 beatus
1068 3095 1349 3166 apostolus
1398 3093 1634 3156 Paulus,
1680 3092 1858 3147 sciens
1907 3108 2030 3146 esse

451 3195 613 3266 longe
657 3193 854 3248 melius
888 3190 1104 3244 dissolui
1133 3200 1178 3243 et
1223 3203 1334 3242 esse
1367 3203 1484 3241 cum
1517 3185 1726 3240 Christo
1761 3184 1826 3249 ⁸ο,
1869 3183 2032 3238 infert

451 3297 508 3344 et
540 3287 704 3341 dicit:
732 3283 800 3338 In
822 3300 978 3337 carne
1006 3291 1182 3334 autem
1217 3296 1446 3344 manere,
1475 3276 1644 3348 magis
1678 3279 2030 3331 necessarium

451 3376 611 3450 [νει
643 3384 855 3445 propter
881 3390 988 3427 vos.
1017 3372 1386 3428 Considerans
1420 3370 1562 3424 enim
1597 3385 1703 3424 non
1730 3385 1906 3433 suam,
1937 3369 2030 3422 sed

453 3468 750 3522 multorum
809 3465 1126 3529 utilitatem,
1178 3472 1240 3516 ut
1281 3473 1598 3524 serventur,
1647 3462 1822 3530 magis
1867 3475 2030 3528 quam

452 3574 608 3613 suam
653 3558 915 3626 quietem,
948 3553 1312 3609 necessarium
1361 3552 1715 3616 existimavit,
1747 3549 1889 3620 apud
1926 3550 2035 3603 fra-

455 3665 566 3708 tres
612 3667 859 3715 manere,
909 3657 963 3704 et
1001 3662 1187 3702 eorum
1236 3661 1422 3700 curam
1477 3659 1682 3715 gerere.
1719 3642 1824 3708 Qui
1869 3645 2033 3696 etiam

452 3743 571 3796 vult
591 3756 714 3796 eum
737 3739 829 3809 qui
853 3739 1028 3802 docet,
1049 3751 1167 3790 esse
1190 3736 1240 3788 in
1265 3735 1506 3788 doctrina
1529 3733 1823 3803 exemplum
1845 3733 1886 3765 ³¹
1910 3734 2035 3787 lide-

453 3835 618 3889 libus.
653 3831 810 3888 Unde
853 3830 946 3900 qui
993 3829 1046 3883 in
1097 3842 1318 3883 carcere
1358 3827 1764 3889 contendentes,
1806 3841 1835 3880 a
1874 3826 2038 3879 mini-

455 3926 625 3980 sterio
651 3922 993 3984 exciderunt,
1043 3929 1096 3974 et
1145 3918 1392 3973 reluctati
1440 3926 1588 3985 sunt,
1639 3934 1835 3971 sensus
1877 3917 2037 3987 plane

455 4029 582 4074 sunt
611 4025 882 4086 expertes.
919 4012 1205 4080 Quomodo
1231 4011 1374 4067 enim
1412 4019 1600 4081 petunt
1629 4011 1771 4081 quod
1798 4011 2034 4080 relique-

456 4120 604 4176 runt,
629 4125 752 4165 cum
788 4109 840 4161 in
876 4123 939 4162 ea
984 4114 1305 4176 tempestate
1339 4119 1460 4160 esse
1505 4113 1727 4172 possent
1771 4101 2036 4158 fratribus

454 4205 571 4260 suis
599 4203 797 4258 utiles?
827 4201 1076 4268 Quandiu
1111 4200 1293 4268 itaque
1338 4197 1480 4251 firmi
1523 4196 1853 4266 stabilesque
1883 4210 2040 4249 man-

455 4309 676 4364 s:runt,
719 4299 839 4368 ejus
883 4296 1026 4366 quod
1079 4305 1273 4365 praeter
1317 4293 1584 4348 rationem
1634 4289 1910 4356 fecerant,
1956 4291 2038 4346 eis

2140 455 2270 508 ματι
2300 438 2537 510 Χριστοῦ
2568 438 2823 509 ἐδοξάσθη
2856 437 3189 508 παρακαλῶν
3224 438 3320 491 καὶ
3349 438 3514 506 λέγων
3535 456 3547 471 ⁸
3577 444 3677 494 Κύ-

2129 548 2246 600 ριε,
2269 531 2355 601 μὴ
2387 530 2628 600 στήσῃς
2660 531 2863 597 αὐτοῖς
2891 530 3006 599 τὴν
3033 530 3324 600 ἁμαρτίαν
3352 548 3366 562 ·
3390 530 3550 595 οὕτως
3586 534 3680 587 Ἰά-

2131 624 2312 688 κωϐος
2359 623 2606 693 δεύτερος
2646 623 2972 693 συλληφθεὶς
3021 623 3123 676 ὑπὸ
3161 621 3419 693 Ἡρώδου,
3466 626 3682 694 μαχαίρᾳ

2129 718 2230 788 τὴν
2259 716 2499 788 κεφαλὴν
2524 717 2839 788 ἀπετμήοη⁹
2869 715 3043 780 οὕτως
3068 718 3095 770 ὁ
3127 717 3418 787 πρόκριτος
3446 717 3545 770 τῶν
3574 719 3686 770 ἀπο-

2133 807 2334 861 στόλων
2383 807 2613 878 Πέτρος,
2663 806 2925 869 πολλάκις
2979 804 3304 874 συλληφθεὶς
3351 807 3441 856 καὶ
3486 805 3685 872 φυλακι-

2135 898 2281 962 σθεὶς
2304 899 2396 951 καὶ
2426 897 2772 969 ἀτιμασθεὶς,
2799 897 3027 966 ὕστερον
3051 898 3108 948 ἐν
3149 895 3338 968 Ῥώμῃ
3371 895 3682 968 ἐσταυρώθη·

2133 993 2338 1062 ὁμοίως
2364 993 2512 1047 καὶὸ
2544 991 2867 1062 περιϐόητος
2900 989 3111 1051 Παῦλος
3146 988 3433 1050 πλεονάκις
3480 990 3688 1058 παραδο-

2135 1082 2270 1150 θεὶς,
2317 1085 2410 1135 καὶ
2443 1083 2548 1146 ἕως
2588 1083 2819 1136 θανάτου
2847 1081 3224 1142 κινδυνεύσας,
3269 1078 3437 1131 πολλά
3463 1095 3518 1130 τε
3547 1079 3690 1150 ἀθλή-

2135 1187 2234 1233 σας
2278 1172 2371 1223 καὶ
2398 1172 2817 1240 καυχησάμενος
2843 1173 2897 1223 ἐν
2935 1171 3153 1233 πολλοῖς
3193 1171 3448 1239 διωγμοῖς
3479 1170 3566 1221 καὶ
3589 1169 3688 1221 θλί-

2132 1263 2332 1332 ψεσιν,ε
2365 1264 2423 1314 ἐν
2475 1266 2541 1334 τῇ
2599 1265 2735 1334 αὐτῇ
2782 1263 2931 1316 πόλει
2976 1264 3070 1316 καὶ
3101 1264 3265 1326 αὐτὸς
3321 1261 3554 1331 μαχαίρᾳ
3606 1261 3691 1331 τὴν

2136 1357 2379 1426 κεφαλὴν
2410 1356 2724 1428 ἀπετμήθη,
2761 1357 2821 1421 ὃς
2847 1359 2904 1410 ἐν
2937 1351 3018 1419 οἷς
3041 1357 3384 1426 ἐκαυχήσατο
3412 1355 3690 1418 κατέλεξεν,

2135 1447 2217 1500 ὅτι
2253 1447 2349 1500 καὶ
2379 1447 2438 1500 ἐν
2467 1449 2742 1519 Δαμασκῴ
2777 1449 2998 1521 σπυρίδι
3029 1447 3303 1519 ἐχαλάσθη
3349 1447 3436 1498 διὰ
3473 1447 3560 1498 τοῦ
3595 1447 3694 1499 τεί-

2138 1553 2271 1606 χους
2312 1537 2528 1602 νυκτὸς,
2558 1539 2650 1590 καὶ
2685 1537 2914 1607 ἐξέφυγε
2949 1538 3043 1600 τάς
3093 1541 3281 1608 χεῖρας
3311 1537 3404 1590 τοῦ
3435 1536 3696 1606 ζητοῦντος

2139 1627 2302 1681 αὐτὸν
2363 1627 2589 1681 πιάσαι·
2638 1627 2698 1680 τὸ
2733 1628 2841 1699 γὰρ
2875 1630 3238 1699 προκείμενον
3283 1623 3353 1698 ἦν
3393 1629 3601 1704 αὐτοῖς,
3647 1629 3697 1679 ἐν

2143 1718 2384 1788 πρώτοις
2415 1718 2868 1789 εὐαγγελίζεσθαι
2904 1721 2997 1774 καὶ
3019 1720 3290 1774 διδάσκειν
3323 1720 3414 1772 τὸν
3445 1709 3590 1788 λόγον
3615 1721 3698 1771 τοῦ

2143 1810 2301 1879 Θεοῦ,
2328 1813 2385 1866 ἐν
2406 1807 2489 1875 οἷς
2519 1812 2966 1883 ἐπιστηρίζοντες
3011 1812 3138 1876 τοὺς
3170 1811 3434 1882 ἀδελφοὺς
3465 1811 3699 1881 ἐμμένειν

2143 1904 2203 1956 ἐν
2232 1906 2297 1975 τῇ
2332 1904 2549 1956 πίστει·
2603 1903 2890 1957 καὶτοῦτο
2942 1903 3148 1972 ελεγον,
3200 1904 3282 1957 ὃτι
3329 1905 3434 1956 Διὰ
3477 1901 3702 1957 πολλῶν

2143 1993 2413 2061 θλίψεων
2461 1992 2558 2047 δεῖ
2591 1996 2890 2048 εἰσελθεῖν
2949 1996 3036 2060 είς
3082 1992 3196 2062 τὴν
3238 1994 3564 2059 ,ϐασιλείαν
3610 1993 3702 2046 τοῦ

2148 2085 2318 2140 Θεοῦ·
2351 2085 2577 2156 ἐζήτουν
2607 2087 2715 2157 γὰρ
2750 2089 2809 2139 οὐ
2834 2087 2896 2140 τὸ
2926 2087 3132 2140 ἐαυτῶν
3169 2087 3471 2157 συμφέρον,
3500 2086 3625 2140 ἀλλά
3652 2086 3704 2140 τὸ

2143 2175 2251 2227 τῶν
2283 2175 2495 2229 πολλῶν
2522 2177 2609 2231 ἵνα
2649 2177 2885 2231 σωθῶσι·
2924 2181 3019 2231 καὶ
3043 2173 3110 2249 ἦν
3143 2179 3313 2232 πολλὰ
3338 2179 3516 2247 λέγειν
3540 2179 3703 2241 αὐτοῖς

2144 2269 2225 2328 είς
2265 2270 2436 2322 ταῦτα
2476 2269 2614 2339 πρὸς
2646 2269 2709 2324 τὸ
2739 2272 2879 2325 κατά
2912 2271 3070 2338 λόγον
3101 2272 3391 2339 πράσσειν,
3416 2271 3485 2326 Ei
3509 2270 3611 2340 μὴ,
3637 2271 3703 2334 ὼς

2144 2360 2292 2430 Λέγει
2316 2363 2344 2414 ὁ
2360 2361 2703 2427 Ἀποστολος,
2732 2363 3016 2433 exoletum
3041 2363 3094 2416 δ’
3122 2362 3202 2421 ἂν
3227 2361 3390 2432 ’ἡμᾶς
3414 2363 3706 2432 διηγουμέ-

2145 2467 2290 2517 νους
2319 2453 2353 2504 ὁ
2380 2453 2618 2520 χρόνος.
3038 2448 3043 2453 ’

2221 2543 2270 2598 ι’.
2331 2544 2493 2614 Ὅθεν
2551 2545 2648 2598 οὐκ
2711 2544 2856 2598 ἔστιν
2920 2543 3180 2613 εὔλογον,
3246 2545 3370 2600 οὗδέ
3429 2547 3552 2608 τοὺς
3614 2543 3708 2598 ἀπὸ

2146 2633 2346 2705 κλήρου
2379 2635 2874 2706 αὐτομολήσαντας,
2913 2636 3340 2700 ἐκπεπτωκότας
3377 2655 3436 2690 τε
3470 2638 3558 2691 καὶ
3590 2638 3708 2690 ἀνα-

2157 2725 2551 2788 παλαίσαντας,
2582 2725 2660 2778 ἔτι
2725 2729 2781 2778 ἐν
2833 2728 2897 2797 τῇ
2930 2726 3241 2798 λειτουργίᾳ
3300 2725 3461 2793 εἶναι,
3529 2728 3617 2782 ᾶτε
3653 2727 3710 2795 δὴ

2153 2806 2589 2885 καταλείψαντας
2630 2818 2691 2869 τὸ
2720 2817 2972 2888 ποίμνιον
3005 2818 3211 2888 Κυρίου
3245 2818 3342 2872 καὶ
3393 2819 3713 2889 μωμησαμέ-

2147 2923 2269 2969 νους
2301 2907 2548 2970 ἑαυτοὺς,
2579 2907 2717 2977 ὅπερ
2748 2907 2923 2970 οὐδεὶς
2952 2906 3060 2959 τῶν
3096 2907 3414 2960 ἀποστόλων
3441 2907 3710 2976 πεποίηκε·

2147 2999 2242 3052 καὶ
2300 2999 2408 3070 γὰρ
2462 3002 2491 3052 ὁ
2537 2999 2768 3063 πολλοὺς
2812 3000 3086 3070 διωγμοὺς
3145 2999 3500 3070 ἐξαντλήσας,
3559 2997 3714 3050 πολλά

2144 3111 2204 3146 τε
2263 3090 2402 3148 ἆθλα
2447 3094 2848 3164 ἀγωνισμάτων
2897 3092 3270 3163 ἐνδειξάμενος
3302 3132 3318 3156 ,
3373 3093 3404 3144 ὁ
3462 3091 3715 3162 μακάριος

2146 3187 2380 3252 Παῦλος,
2401 3187 2656 3256 ἐγνωκὼς
2683 3189 2765 3241 ὅτι
2794 3187 3013 3240 κάλλιόν
3046 3188 3190 3240 ἐστιν
3222 3187 3486 3240 ἀναλῦσαι
3510 3187 3602 3240 κα)⁵
3628 3185 3714 3238 σὺν

2147 3281 2370 3351 Χριστῷ
2405 3276 2566 3346 εἶναι,
2598 3280 2850 3352 ἐπιφέρει
2876 3281 2966 3333 καὶ
2995 3279 3144 3347 λέγει
3173 3296 3186 3310 ·
3226 3280 3296 3333 Τὸ
3327 3279 3396 3332 δὲ
3435 3279 3712 3346 ἐπιμεῖναι

2148 3370 2222 3439 τῇ
2251 3371 2450 3438 σαρκὶ,
2474 3370 2940 3441 ἀναγκαιότερον
2963 3371 3036 3424 δι’
3060 3369 3215 3439 ὑμᾶς
3244 3386 3258 3396 ·
3289 3371 3509 3424 σκοπῶν
3536 3370 3638 3440 γὰρ
3663 3369 3716 3420 ου

2148 3463 2208 3516 τὸ
2237 3464 2434 3518 ἑαυτοῦ
2467 3465 2768 3535 συμφέρον,
2803 3463 2939 3518 ἀλλὰ
2974 3467 3034 3517 τὸ
3067 3463 3176 3516 τῶν
3229 3463 3442 3516 πολλῶν
3469 3463 3574 3530 ⁸ἵνα
3625 3479 3719 3513 σω-

2148 3558 2336 3622 θῶσιν,
2366 3558 2797 3630 ἀναγκαιότερον
2825 3559 2925 3628 τῆς
2949 3555 3144 3610 ἐαυτοῦ
3194 3556 3558 3618 ἀναπαύσεως
3590 3543 3720 3623 ἡγή-

2149 3668 2280 3704 σατο
2326 3650 2386 3704 τὸ
2426 3651 2767 3722 παραμένειν
2801 3652 2914 3713 τοῖς
2945 3649 3194 3715 ἀδελφοῖς
3223 3650 3319 3703 καὶ
3352 3647 3720 3717 ἐπιμελεῖσθαι

2150 3743 2347 3796 αὐτῶνο
2378 3742 2437 3806 ὃς
2464 3743 2561 3796 καὶ
2589 3745 2681 3796 τὸν
2713 3741 3032 3796 διδάσκοντα
3063 3741 3203 3793 θέλει
3238 3737 3379 3794 εἶναι
3407 3741 3466 3792 ἐν
3493 3743 3559 3810 τῇ
3589 3738 3718 3790 διδα-

2151 3834 2350 3906 σκαλία
2379 3834 2548 3888 τύπον
2601 3835 2887 3904 γινόμενον
2914 3835 3023 3888 τῶν
3056 3834 3264 3887 πιστῶν
3286 3850 3299 3862 ’
3341 3834 3466 3886 ὅθεν
3507 3820 3557 3885 οἱ
3580 3835 3634 3886 ἐν
3660 3833 3719 3899 τῇ

2147 3928 2336 3999 εἱρκτῇ
2369 3926 2828 3998 ἐπιδικαζόμενοι,
2860 3928 2961 3999 τῆς
2990 3927 3333 3996 λειτουργίας
3373 3924 3719 3980 ἐκπεπτωκό-

2148 4036 2240 4083 τες
2268 4021 2362 4074 καὶ
2395 4020 2868 4082 ἀναπαλαίσαντες
2893 4061 2907 4085 ,
2949 4020 3092 4072 πάνυ
3140 4019 3561 4090 ἀναισθητοῦσι·
3615 4015 3721 4077 πῶς

2149 4112 2257 4182 γὰρ
2287 4111 2532 4165 αἰτοῦσιν
2556 4111 2583 4164 ὃ
2621 4111 2972 4180 κατέλειψαν,
3018 4111 3306 4182 δυνάμενοι
3338 4115 3452 4174 τοῖς
3486 4111 3722 4178 ἀδελφοῖς

2149 4202 2442 4274 εὖχρηστοι
2496 4199 2636 4257 εἶναι
2692 4205 2748 4256 ἐν
2796 4202 2973 4274 καιρῴ
3026 4203 3290 4274 τοιούτῳ;
3346 4204 3453 4266 ἕως
3492 4202 3589 4272 μὲν
3641 4196 3724 4252 οὖν

2149 4293 2435 4348 ἄπταιστοι
2466 4289 2628 4364 ἦσαν,
2652 4292 2981 4364 συγγνώμην
3001 4289 3164 4364 εἶχον,
3184 4294 3276 4345 ἐπὶ
3307 4295 3374 4363 τῇ
3407 4292 3556 4362 παρά
3581 4291 3724 4358 λόγον

454 4393 611 4446 venia
657 4390 907 4445 dabatur.
964 4387 1196 4453 Quando
1240 4393 1422 4439 autem
1469 4383 1605 4454 lapsi
1653 4391 1803 4447 sunt,
1837 4391 1898 4436 ut
1940 4380 2033 4451 qui

2150 4386 2330 4440 αὐτῶν
2360 4385 2578 4458 πράξει·
2609 4388 2698 4440 ὅτε
2728 4387 2784 4440 δὲ
2815 4385 3106 4451 ἔπταισαν,
3136 4387 3211 4449 ὡς
3249 4387 3316 4440 ἂν
3351 4383 3725 4457 περπερευσά-

458 4498 738 4554 perperam
770 4497 828 4536 se
856 4487 1141 4550 gesserunt
1173 4485 1227 4532 et
1272 4493 1330 4532 se
1376 4477 1523 4547 ipsos
1568 4476 2031 4543 vituperaverunt,

455 4593 563 4634 non
598 4582 830 4646 possunt
851 4571 1083 4642 amplius
1109 4585 1261 4626 sacra
1287 4568 1588 4624 ministeria
1615 4568 1788 4622 obire.
1822 4565 1888 4619 Et
1917 4566 2039 4620 ideo

457 4670 630 4741 magis
657 4683 844 4722 curam
875 4672 1085 4736 gerant,
1117 4663 1393 4733 quomodo
1429 4663 1484 4715 in
1520 4660 1828 4715 humilitate
1869 4658 2036 4711 vitam

455 4767 718 4832 peragant
751 4775 781 4813 a
808 4773 949 4812 vana
992 4755 1165 4827 gloria
1211 4765 1513 4810 cessantes.
1544 4750 1637 4806 Eis
1663 4751 1810 4806 enim
1846 4747 2042 4804 sufﬁcit

453 4848 792 4915 communio,
838 4862 962 4916 qua:
1009 4845 1295 4913 diligenter
1338 4853 1392 4898 et
1434 4853 1688 4897 accurate
1729 4841 1787 4894 fit
1829 4839 2042 4894 duabus

451 4942 520 4996 de
548 4941 754 5007 causis,
805 4949 920 4993 tum
967 4953 1038 4992 ne
1079 4935 1368 4990 videantur
1418 4934 1665 4987 molestia
1715 4931 1874 4994 affici,
1916 4921 2042 4984 hinc

454 5036 876 5092 dissolutionem
909 5033 959 5086 vi
1004 5030 1329 5100 arripientes
1365 5044 1376 5080 :
1411 5034 1526 5081 tum
1572 5041 1638 5080 ne
1683 5025 1820 5094 lapsi
1869 5024 2039 5094 aliqui

453 5139 752 5185 causentur
775 5143 835 5183 se
859 5136 1081 5196 propter
1099 5139 1271 5194 paena:
1288 5124 1633 5178 occasionem
1661 5119 1829 5173 fuisse
1847 5122 2042 5175 remis-

457 5237 550 5278 sos
597 5239 611 5274 :
663 5222 750 5291 qui
800 5219 1022 5290 quidem
1078 5217 1369 5287 plusquam
1427 5227 1620 5266 omnes
1677 5211 1934 5281 probrum
1988 5220 2044 5265 et

457 5310 811 5382 ignominiam
847 5309 1124 5364 habebunt
1155 5325 1168 5360 ε
1208 5305 1351 5360 sicut
1381 5304 1469 5357 ille
1499 5301 1592 5370 qui
1627 5301 2038 5356 fundamentum

459 5403 660 5472 posuit,
707 5410 762 5456 et
813 5415 919 5455 non
965 5398 1141 5465 potuit
1188 5395 1450 5468 perficere
1491 5413 1504 5450 :
1550 5393 1810 5464 Incipient
1857 5393 2036 5458 enim,

458 5494 665 5566 inquit,
709 5508 885 5548 omnes
933 5493 1020 5562 qui
1056 5488 1582 5561 prwtergredientur,
1619 5502 1735 5541 eum
1779 5484 2032 5552 illudere,

530 5675 573 5706 ’⁷
610 5674 730 5727 Act.
785 5687 879 5736 vn,
931 5668 999 5723 59
1098 5667 1138 5700 "'
1185 5667 1302 5723 Act.
1341 5683 1451 5722 MV.
1482 5664 1571 5721 2i.

2144 4495 2319 4549 μενοι,
2366 4479 2461 4532 καὶ
2493 4479 2722 4542 ἑαυτοὺς
2774 4481 3195 4550 μωμησάμενοι,
3227 4477 3419 4532 οὐκέτι
3475 4477 3724 4530 δύνανται

2143 4570 2478 4638 λειτουργεῖν
2498 4585 2510 4598 ·
2543 4569 2622 4623 διὸ
2655 4569 3091 4640 φροντιζέτωσαν
3139 4570 3341 4639 μᾶλλον
3375 4571 3436 4622 ἐν
3481 4584 3725 4621 ταπεινο-

2147 4656 2393 4731 φροσύνῃ
2417 4657 2533 4722 πῶς
2557 4659 2898 4712 ἒκτελέσουσι
2922 4659 3259 4730 παυσάμενοι
3280 4660 3382 4730 τῆς
3404 4659 3722 4726 κενοδοξίας

2145 4750 2308 4821 ἀρκεῖ
2351 4750 2458 4822 γάρ
2508 4751 2691 4815 αὐτοῖς
2737 4753 2772 4822 ἡ
2819 4752 3075 4806 κοινωνία
3133 4753 3250 4822 μετ’
3274 4753 3585 4813 ἐπιτάσεως
3640 4749 3727 4804 καὶ

2155 4840 2444 4912 ἀκριϐείας
2472 4841 2608 4910 πρὸς
2644 4842 2932 4912 ἀμφότερα
2969 4843 3249 4912 γινομένη·
3277 4843 3370 4896 καὶ
3417 4843 3504 4896 ἵνα
3541 4842 3614 4914 μὴ
3640 4842 3723 4895 δό-

2153 4932 2284 4998 ξωσι
2312 4932 2602 4988 λυπεῖσθαι
2634 4937 2772 5005 μετά
2822 4934 2943 5005 βίας
2977 4937 3469 5007 περιδρασσδμενοι
3503 4937 3602 5008 τῆς
3644 4936 3725 4991 ἐν·

2147 5025 2339 5078 τεῦθεν
2397 5025 2746 5090 ἀναλύσεως,
2791 5028 2887 5080 καὶ
2939 5028 3025 5081 ἵνα
3079 5030 3154 5099 μή
3203 5045 3349 5090 τινες
3407 5027 3723 5089 ἐκπεσόντες

2147 5119 2614 5187 προφασίσωνται,
2645 5119 2720 5183 ὡς
2751 5118 2816 5172 ἂν
2848 5119 2937 5173 διὰ
2967 5121 3068 5192 τὴν
3113 5121 3369 5193 ἀφορμὴν
3417 5121 3518 5192 τῆς
3560 5122 3725 5174 tum-

2147 5212 2276 5279 μίας
2315 5212 2774 5283 ὑπεκλελυμένοι·
2805 5214 3000 5278 οἵτινες
3059 5215 3220 5268 πλέον
3252 5217 3512 5269 ἁπάντων
3547 5212 3724 5280 αἰσχύ·

2143 5321 2239 5374 νην
2285 5305 2379 5357 καὶ
2419 5304 2622 5368 ὄνειδος
2680 5305 2862 5371 ἕξουσι
2911 5306 3032 5360 κατ’
3062 5309 3269 5361 ἐκεῖνον
3299 5308 3394 5359 τὸν
3449 5304 3723 5359 τεθεικὸτα

2139 5393 2385 5462 θεμέλιον
2403 5395 2496 5448 καὶ
2515 5395 2590 5468 μὴ
2618 5394 2916 5466 ἰσχύσαντα
2942 5397 3575 5465 ἐκτελέσαι-Ἀρξονται
3599 5395 3718 5461 γὰρ.

2136 5487 2290 5556 φησὶ,
2329 5486 2552 5554 πάντες
2568 5491 2622 5542 oi
2654 5492 3206 5561 παραπορευόμενοι
3225 5488 3532 5560 ἐμπαίζειν
3571 5479 3720 5546 αὺτῷ

1651 5667 1695 5697 ’θ
1731 5662 1896 5719 llobr.
1931 5679 2011 5732 st,
2045 5663 2130 5720 '59..
2212 5665 2256 5697 ³ο
2287 5662 2518 5737 Philipp.
2555 5667 2720 5741 t,_25,
2756 5664 2848 5721 24.
2907 5669 2968 5733 _“
3006 5667 3110 5724 Tit.
3145 5684 3214 5738 ιι,
3246 5670 3296 5723 7.
