3766 6198
69 269 166 333 955

849 265 1248 326 SYNTAGMA
1287 263 1678 328 CANONUM.
1706 289 1774 301 -
1799 268 1946 329 ΤῘΤ.
1985 267 2156 344 XIII,
2198 268 2356 331 CAP.
2395 271 2522 333 XX.

3227 275 3346 344 946

65 387 134 439 λέ
144 397 363 451 portae.
391 371 572 442 Οὗτος
592 379 626 432 ό
645 376 956 448 ἅνθρωπος
978 379 1254 449 θεμέλιον
1279 380 1522 441 τέθεικε,
1547 379 1645 434 καί

1814 391 1977 435 centes
2005 397 2024 436 :
2052 381 2157 436 Hic
2184 383 2339 439 homo
2368 385 2545 452 posuit
2571 382 2996 454 fundamentum,
3022 394 3072 442 et
3112 404 3216 444 non
3239 407 3307 461 po

65 476 170 529 οὐκ
201 473 464 541 τσχυσεν
483 471 822 526 ἐκτελέσαι.

129 592 214 640 ια’.
282 585 350 638 Οἱ
416 583 524 654 γὰρ
590 583 799 654 πρῶτοι
875 582 1371 655 παραπηδήσαντες
1437 585 1498 636 ὲν
1563 582 1642 654 τῷ

64 678 334 749 βράσματι
383 677 476 729 τοῦ
524 675 766 746 διωγμοῦ
799 718 814 741 ,
884 675 1249 746 περιεστῶτες
1311 677 1392 738 εἰς
1464 675 1525 728 τὸ
1559 675 1640 728 δι-

62 770 376 838 καστήριον,
423 768 521 823 καὶ
585 767 916 838 θεωροῦντες
971 769 1097 832 τοὺς
1126 767 1318 837 ἁγίους
1351 767 1640 838 μάρτυρας

63 861 388 925 σπεύδοντας
435 861 528 914 ἐπὶ
571 860 632 913 τὸ
682 860 936 931 βραϐεῖον
974 860 1071 931 τῆς
1118 861 1232 916 ἄνω
1284 861 1552 931 κλήσεως,
1581 859 1641 912 ἐν

62 954 203 1024 καλῷ
253 953 334 1022 τῷ
384 951 532 1022 ζήλῳ
573 951 1035 1023 προθυμούμενοι,
1076 951 1362 1006 ἐπεδίδουν
1413 952 1642 1014 ἑαυτοὺς

61 1046 135 1106 εἰς
152 1041 328 1104 τοῦτο,
363 1041 532 1111 πολλῇ
569 1044 634 1112 τῇ
673 1039 960 1112 παρρησίᾳ
995 1039 1268 1110 χρώμενοι
1293 1057 1306 1071 ο
1337 1039 1639 1110 ἐμϐλέπον-

61 1152 146 1197 τες
175 1132 412 1204 μάλιστα
442 1137 568 1196 τοὺς
619 1133 1062 1203 ὑποσυρομένους
1111 1133 1206 1185 καὶ
1252 1132 1638 1198 ἐκπίπτοντας,

61 1227 236 1290 διὀὒς
273 1227 809 1298 ὑποθερμαινόμενοι
857 1227 1064 1281 ἔσωθεν
1117 1227 1213 1281 καὶ
1259 1225 1638 1297 ὲνηχούμενοι,

63 1319 311 1373 ἔσπευδον
351 1321 434 1382 εἰς
473 1319 648 1382 τοῦτο,
673 1321 761 1372 ἵνα
795 1319 870 1390 μὴ
901 1319 1032 1390 δοκῇ
1076 1319 1208 1387 παρ’
1239 1317 1417 1387 ἑαυτῷ
1452 1319 1641 1387 φρόνι-

69 1429 159 1481 μος
197 1406 338 1464 εἶναι
372 1412 462 1480 ἐφ’
485 1405 566 1475 οἷς
618 1413 761 1466 κατὰ
793 1411 1132 1484 πανουργίαν
1162 1410 1341 1475 ἔδοξεν
1369 1412 1560 1481 ὴττᾷν,
1593 1412 1642 1463 εί

67 1503 155 1556 καὶ
180 1502 471 1557 ἐλάνθανεν
515 1502 708 1556 ἑαυτὸν
741 1505 1040 1573 νικώμενον
1087 1501 1194 1554 ὑπὸ
1217 1500 1328 1555 τῶν
1368 1503 1638 1572 ἐγκαρτε-

67 1595 294 1665 ρούντων
325 1594 430 1658 τὰς
460 1596 571 1648 τῶν
601 1595 884 1664 ξυστὴρων
920 1595 1016 1649 καὶ
1041 1595 1322 1664 μαστίγων
1353 1593 1638 1664 βασάνους,

65 1687 155 1754 τήν
180 1703 237 1738 τε
265 1685 507 1757 ὀξύτητα
540 1687 639 1756 τῆς
675 1687 970 1756 μαχαίρας,
1000 1685 1095 1739 καὶ
1129 1686 1229 1749 τὰς
1279 1685 1640 1754 καταφλέξεις

63 1777 151 1830 τοῦ
178 1779 369 1847 πυρὸς,
409 1780 503 1831 καὶ
533 1780 633 1842 τὰς
663 1778 771 1830 τῶν
800 1779 1011 1831 ὑδάτων
1045 1777 1509 1840 καταποντώσεις·
1543 1777 1637 1832 καὶ
1676 1744 1716 1798 Β

68 1875 170 1934 τοῖς
203 1872 344 1925 κατὰ
396 1873 581 1926 πίστιν
620 1872 958 1939 ὑπεξιοῦσιν,
1003 1873 1169 1942 εὐχὰς
1199 1873 1256 1924 δὲ
1307 1873 1400 1925 καὶ
1426 1872 1640 1942 δεήσεις

68 1963 320 2030 γίνεσθαι,
357 1965 482 2033 ἦτοι
505 1964 646 2035 ὑπὲρ
685 1966 794 2016 τῶν
828 1967 886 2018 ὲν
907 1967 1119 2036 φυλακῇ
1156 1963 1640 2035 κατατιμωρηθέν-

67 2074 164 2110 τον
200 2057 293 2109 καὶ
344 2057 758 2126 προδεδομένων
805 2057 910 2110 ὑπὸ
952 2056 1110 2126 λιμοῦ
1149 2057 1243 2110 καὶ
1282 2055 1489 2125 δίψους,
1520 2056 1639 2126 ἦτοι

67 2148 196 2220 ὑπὲρ
229 2149 336 2201 τῶν
379 2148 586 2212 ἔξωθεν
611 2153 712 2221 τῆς
744 2149 994 2218 φυλακῆς
1025 2151 1118 2202 ἐπὶ
1165 2147 1260 2201 τοῦ
1287 2146 1638 2218 δικαστηρίου

70 2241 642 2296 καταϐασανισθέντων
695 2244 783 2296 διὰ
843 2241 1124 2312 ξυστήρων
1173 2243 1267 2295 καὶ
1336 2243 1639 2312 μαστίγων,

72 2334 282 2403 ὓστερον
328 2333 388 2385 δὲ
421 2332 771 2402 ἡττηθέντων
805 2332 910 2386 ὑπὸ
938 2333 1038 2401 τῆς
1067 2330 1350 2393 ἀσθενείας
1383 2331 1482 2400 τῆς
1511 2347 1640 2398 σαρ-

72 2424 177 2488 κὸς,
206 2423 354 2488 ἄξιόν
383 2425 534 2478 ἐστιν
565 2423 869 2477 ἐπινεῦσαι·
903 2424 1226 2494 συμπάσχεν
1263 2424 1370 2493 γὰρ
1395 2424 1487 2475 καὶ
1515 2439 1641 2475 συν-

72 2515 240 2582 αλγεῖν
266 2517 378 2578 τοῖς
409 2515 765 2586 ὀδυρομένοις
791 2516 885 2569 καὶ
913 2516 1260 2580 στενάζουσιν
1277 2517 1419 2587 ὑπὲρ
1447 2517 1550 2569 τῶν
1586 2519 1642 2570 ἐν

71 2605 140 2676 τῷ
174 2607 340 2675 ἀγῶνι
371 2607 719 2677 ἡττηθέντων
753 2610 857 2660 ὑπὸ
899 2610 999 2678 τῆς
1029 2610 1230 2678 πολλῆς
1263 2610 1381 2679 βίας
1410 2609 1502 2662 τοῦ
1540 2627 1641 2662 κα-

74 2702 368 2771 κομηχάνου
400 2701 674 2766 διαϐόλου,
704 2701 821 2772 ἦτοι
849 2702 990 2772 ὑπὲρ
1019 2704 1222 2770 γονέων
1251 2703 1284 2774 ἢ
1317 2702 1563 2771 ἀδελφῶν
1603 2701 1637 2770 ἢ

73 2794 282 2856 τέκνων,
309 2792 503 2847 οὐδένα
547 2794 700 2846 οὐδὲν
749 2795 1122 2849 καταϐλάπτει
1151 2811 1163 2822 ·
1201 2795 1361 2862 ἴσμεν
1408 2793 1518 2863 γὰρ
1550 2795 1644 2847 καὶ

73 2885 134 2938 δι’
157 2886 348 2957 ἐτέρων
373 2886 582 2951 πίστιν,
610 2886 1026 2947 ἀπολαύσαντας
1057 2893 1208 2950 τινας
1242 2886 1344 2955 τῆς
1381 2885 1473 2938 τοῦ
1508 2885 1643 2938 Θεοῦ

77 2978 420 3050 ἀγαθότητος,
449 2979 542 3032 ἐπί
569 2996 630 3031 τε
660 2978 853 3047 ἀφέσει
886 2978 1192 3048 ἁμαρτιῶν,
1226 2977 1318 3030 καὶ
1345 2978 1504 3048 ὑγεία
1535 2976 1645 3030 σώ-

81 3087 255 3140 ματος,
285 3073 378 3125 καὶ
429 3072 724 3125 ἀναστάσει
774 3070 1023 3138 νεκρῶνο
1075 3070 1416 3141 μεμνημένοι
1468 3071 1649 3122 τοίνυν
1678 3097 1722 3155 c

77 3164 175 3215 τῶν
204 3164 412 3218 πολλῶν
445 3163 624 3218 αὐτῶν
676 3164 961 3233 καμάτων,
997 3155 1072 3215 ὧν
1123 3163 1554 3232 προῦπήνεγκαν
1587 3166 1645 3218 ὲν

77 3256 284 3325 ὀνόματι
317 3255 582 3327 Χριστοῦ,
612 3255 834 3310 καὶτῶν
860 3255 1264 3325 τανταλισμῶν,
1283 3255 1344 3308 οὺ
1377 3255 1482 3325 μὴν
1509 3254 1647 3308 ἀλλὰ

79 3352 160 3402 καὶ
191 3351 568 3420 μεταγνόντων
601 3348 804 3412 αὐτῶν,
832 3347 928 3401 καὶ
958 3346 1384 3417 ἀποδυρομένων
1437 3345 1498 3398 τὸ
1545 3363 1644 3399 πε-

81 3444 378 3512 πραγμένον
437 3441 624 3504 αὐτοῖς
667 3441 808 3495 κατὰ
869 3440 1182 3511 προδοσίαν,
1216 3441 1274 3492 ὲν
1310 3439 1497 3509 ἀτονία
1551 3439 1650 3492 καὶ

79 3534 344 3604 νεκρότητι
366 3532 468 3586 τοῦ
501 3533 776 3603 σώματος,
807 3530 888 3584 ἔτι
914 3549 978 3582 τε
1002 3532 1096 3583 καὶ
1127 3531 1646 3601 μεμαρτυρημένων

81 3623 456 3678 εὐπολιτεύτων
481 3624 788 3694 γενομένων
823 3624 880 3677 ὲν
903 3623 982 3692 τῷ
1011 3623 1112 3693 βίῳ
1142 3622 1342 3687 αὐτῶν,
1385 3627 1644 3694 συνευχό-

84 3714 208 3783 μεθα
264 3717 357 3769 καὶ
406 3715 960 3786 συμπαρακαλοῦμεν
1005 3714 1148 3784 ὑπὲρ
1201 3714 1432 3784 ἱλασμοῦ
1465 3716 1645 3768 αὐτῶν

88 3806 207 3874 μετά
227 3808 328 3862 τῶν
356 3807 534 3862 ἄλλων
559 3806 932 3876 καθηκόντων,
958 3805 1048 3859 διὰ
1075 3805 1171 3858 τοῦ
1194 3806 1484 3875 γινομένου
1506 3807 1645 3874 ὑπὲρ

83 3903 223 3972 ἡμῶν
265 3903 622 3976 παρακλήτου
675 3902 815 3969 πρὸς
861 3901 956 3954 τὸν
1016 3902 1250 3971 πατέρα,
1286 3902 1643 3972 ίλασκομένου

83 3996 491 4066 ταῖςὰμαρτίσιις
507 3995 796 4065 ὴμῶψΚαὶ
814 3994 925 4048 ἐάν
939 4011 1026 4060 τις
1058 3993 1187 4065 γὰρ,
1211 3995 1391 4062 φησὶν,
1415 3996 1644 4065 ἁμάρτῃ

83 4089 454 4158 παράκλητον
473 4090 693 4159 ἔχομεν
708 4090 850 4158 πρὸς
874 4091 980 4143 τὸν
993 4086 1219 4155 πατέρα
1250 4088 1496 4155 Ἰησοῦν
1516 4090 1646 4156 Χρι-

83 4182 217 4234 στὸν
235 4182 489 4244 δίκαιον,
521 4180 618 4234 καὶ
646 4181 829 4246 αὐτὸς
861 4181 1120 4248 ἱλασμός
1144 4179 1318 4233 ἐστιν
1350 4178 1502 4246 ὑπὲρ
1529 4179 1647 4232 τῶν

84 4273 357 4342 ἁμαρτιῶν

145 4385 224 4457 ιβ’.
255 4389 376 4452 Τοῖς
425 4391 535 4459 γὰρ
589 4389 830 4461 ἀργύρια
879 4388 1136 4441 δεδωκόσι
1191 4388 1325 4458 πρὸς
1361 4388 1420 4438 “ab
1476 4389 1632 4439 ἀνεν-

1745 471 1846 523 tuit
1881 471 2134 541 perﬁcere
2164 473 2232 528 3’.

1814 586 1902 640 ll.
1944 585 2048 653 Qui
2097 587 2242 642 enim
2290 589 2531 658 primum
2582 591 2636 644 in
2672 593 3074 661 persecutionis
3122 593 3336 651 fervore

1742 679 2095 749 prosilierunt
2153 680 2424 748 judicium
2491 683 2952 753 circumstantes,
3011 695 3066 742 et
3109 698 3334 745 sanctos

1742 780 2012 843 martyres
2039 772 2132 843 qui
2167 772 2237 825 ad
2280 773 2523 830 brabian
2565 793 2808 846 supernte
2851 781 3144 836 vocationis
3176 782 3220 814 ³³
3252 783 3334 836 l'e-

1743 863 2055 928 stinabant,
2121 864 2482 934 aspicientes,
2533 868 2761 926 honesta
2807 873 3154 930 aemulatione
3198 874 3334 930 inci-

1742 953 1842 1009 tati
1877 969 1935 1010 se
1968 955 2117 1024 ipsos
2163 956 2230 1011 ad
2280 956 2386 1013 hoc
2420 959 2790 1025 tradiderunt,
2842 978 3037 1033 magna
3085 965 3334 1022 libertate

1741 1055 1985 1112 utentes,
2021 1050 2257 1105 maxime
2289 1051 2534 1107 videntes
2579 1066 2676 1108 eos
2711 1055 2803 1122 qui
2849 1055 3330 1119 subtrahebantur.

1741 1137 1872 1205 labi,
1906 1148 2124 1208 propter
2166 1155 2304 1209 quos
2358 1142 2590 1197 interius
2619 1143 2858 1210 excitati,
2889 1154 2942 1198 et
2973 1145 3208 1214 quodam
3237 1163 3332 1202 ve-

1743 1232 1838 1286 luti
1875 1247 2012 1287 sono
2043 1233 2260 1304 impulsi
2298 1234 2365 1288 ad
2407 1233 2792 1289 debellandum
2847 1251 2904 1291 se
2930 1236 3244 1294 efferentem
3277 1249 3332 1294 et

1743 1324 2142 1392 adversarium,
2177 1328 2244 1382 ad
2293 1326 2347 1380 id
2403 1329 2824 1394 contendebant,
2865 1327 3029 1400 452
3077 1347 3146 1385 ne
3191 1335 3331 1399 apud

1742 1434 1794 1471 se
1837 1418 2063 1486 prudens
2095 1435 2204 1473 esse
2239 1419 2285 1452 ³⁸
2331 1419 2629 1484 videretur,
2667 1421 2738 1476 ob
2769 1437 2832 1479 ea
2866 1421 2918 1476 in
2971 1423 3170 1493 quibus
3213 1425 3334 1496 ejus

1741 1513 2036 1569 calliditate
2063 1512 2352 1569 interiores
2373 1529 2496 1570 esse
2521 1515 2621 1570 visi
2652 1523 2801 1580 sunt,
2821 1515 3034 1571 etiamsi
3067 1534 3124 1573 se
3155 1518 3332 1588 ipsum

1742 1606 1888 1661 vinci
1906 1607 1976 1660 ab
1993 1607 2085 1670 iis,
2109 1609 2202 1675 qui
2225 1609 2558 1664 scuticarum
2579 1608 3023 1681 ﬂagellorumque
3042 1621 3336 1676 tormenta.

1745 1708 1799 1752 et
1831 1699 1993 1768 gladii
2026 1699 2222 1764 aciem,
2253 1707 2306 1754 et
2357 1699 2497 1765 ignis
2531 1700 2938 1768 ustulationem,
2981 1711 3035 1756 ct
3065 1718 3332 1773 aquarum

1749 1789 2127 1845 itnmersiones
2174 1800 2494 1846 constanter
2543 1793 2806 1857 tulerunt,
2855 1808 2979 1848 eum
3028 1795 3230 1850 latuit:
3266 1796 3336 1850 iis

1749 1898 1971 1954 quoque
2005 1884 2119 1953 qui,
2162 1894 2220 1938 ut
2249 1899 2312 1939 ex
2365 1885 2470 1940 fide
2517 1899 2710 1954 preces
2755 1893 2809 1939 et
2853 1886 3130 1939 orationes
3179 1885 3335 1952 ﬁant,

1749 1983 2175 2044 persequuntur,
2196 1977 2278 2030 vel
2303 1991 2400 2045 pro
2422 1976 2488 2031 iis
2514 1977 2604 2043 qui
2633 1977 2686 2030 in
2711 1976 2955 2030 custodia
2987 1977 3159 2043 puniti
3185 1988 3336 2034 sunt.

1750 2076 1806 2122 et
1836 2083 1866 2121 a
1904 2068 2048 2122 fame
2091 2080 2144 2122 et
2179 2069 2266 2123 siti
2299 2069 2478 2123 traditi
2513 2077 2660 2128 sunt.
2709 2069 2790 2121 vel
2838 2084 2934 2136 pro
2969 2069 3034 2123 iis
3061 2068 3154 2137 qui
3183 2078 3336 2122 extra

1751 2160 2056 2214 custodiam
2105 2161 2330 2215 scuticis
2359 2170 2413 2215 et
2443 2160 2671 2228 ﬂagellis
2700 2159 2754 2214 in
2794 2160 3001 2229 judicio
3028 2160 3154 2215 torti
3187 2174 3335 2223 sum,

1749 2262 1933 2318 postea
1956 2259 2178 2306 autema
2194 2251 2373 2306 carnis
2391 2251 2755 2306 imbecillitate
2776 2252 2906 2306 victi
2931 2251 3100 2315 luere,
3120 2267 3338 2322 mquum

1750 2351 1835 2397 est
1879 2359 2140 2398 annuere.
2171 2343 2306 2397 Cum
2340 2343 2406 2397 iis
2432 2343 2577 2397 enim
2608 2345 2699 2410 qui
2754 2343 2940 2412 lugent
2983 2352 3034 2396 ct
3081 2353 3340 2407 mmrent,

1752 2448 1852 2502 pro
1881 2432 1947 2486 iis
1973 2433 2064 2500 qui
2099 2433 2151 2485 in
2185 2433 2488 2487 certamine
2511 2433 2638 2487 victi
2684 2441 2814 2487 sunt
2859 2448 2888 2486 a
2927 2436 3138 2502 magnis
3180 2434 3340 2486 mali-

1751 2521 1840 2590 gni
1870 2521 2071 2576 diaboli
2102 2521 2330 2584 viribus,
2363 2521 2478 2576 sive
2508 2537 2608 2591 pro
2655 2522 2992 2591 parentibus,
3029 2523 3112 2576 vel
3152 2521 3339 2578 fratri-

1755 2615 1876 2680 bus,
1906 2612 1988 2666 vel
2023 2613 2231 2678 liberis,
2269 2628 2377 2667 una
2421 2613 2625 2678 dolere,
2655 2627 2707 2668 et
2739 2614 2958 2669 tristitia
2993 2613 3128 2670 afﬁci
3160 2616 3338 2670 nemi-

1753 2721 1876 2760 nem
1914 2706 2210 2775 quidquam
2243 2706 2462 2775 penitus
2493 2705 2658 2760 laedit.
2697 2705 2914 2761 Scimus
2943 2707 3086 2760 enim
3123 2717 3342 2776 propter

1756 2797 1988 2851 aliorum
2019 2797 2202 2860 (idem,
2225 2797 2489 2866 quosdam
2517 2813 2639 2852 esse
2672 2797 2764 2851 Dei
2794 2798 3090 2851 bonitatem
3123 2813 3342 2852 assecu-

1759 2899 1863 2952 tos,
1897 2896 1952 2943 et
1980 2887 2034 2942 in
2071 2898 2424 2958 peccatorum
2464 2890 2807 2954 remissione,
2841 2899 2896 2944 et
2923 2891 3168 2959 corporis
3194 2891 3342 2944 sani-

1757 2988 1886 3045 tate,
1915 2988 1968 3034 et
1997 2990 2340 3035 mortuorum
2391 2981 2810 3036 resurrectione.
2843 2980 3112 3036 Memorcs
3157 2982 3346 3052 itaque

1758 3074 2055 3129 multorum
2088 3074 2336 3129 laborum
2371 3081 2425 3127 et
2458 3074 2829 3136 miseriarum,
2857 3089 2995 3142 quas
3015 3089 3112 3140 pro
3138 3074 3342 3129 Christi

1759 3166 1980 3221 nomine
2011 3165 2408 3229 sustinuerunt,
2443 3179 2568 3219 cum
2619 3163 2722 3234 ipsi
2762 3165 2924 3219 etiam
2964 3164 3340 3234 ptenitentiam

1759 3260 1989 3329 egerint,
2018 3271 2073 3315 et
2100 3260 2244 3330 quod
2271 3275 2300 3314 a
2329 3274 2387 3315 se
2422 3258 2624 3314 factum
2654 3269 2740 3314 est
2773 3274 2869 3329 per
2901 3261 3258 3329 proditionem
3285 3262 3342 3316 in

1759 3350 2006 3419 corporis
2036 3350 2296 3420 languore
2325 3362 2380 3405 et
2407 3349 2826 3405 mortiﬁcatione
2854 3350 3188 3418 deﬂeverint,
3210 3361 3264 3407 et
3283 3368 3348 3408 se

1761 3446 2020 3506 praeterea
2075 3446 2372 3502 testentur,
2428 3439 2482 3493 in
2535 3440 2641 3494 vita
2695 3454 2792 3495 sua
2841 3439 3012 3496 fuisse
3063 3457 3093 3496 a
3125 3442 3346 3497 civitate

1761 3530 1990 3592 alienos,
2032 3529 2192 3584 simul
2246 3544 2488 3593 oremus,
2541 3539 2594 3585 ct
2639 3530 2976 3599 postulemus
3011 3546 3108 3601 pro
3152 3547 3341 3586 eorum

1761 3622 2203 3677 reconciliatione
2248 3637 2373 3678 cum
2410 3622 2533 3678 aliis
2576 3638 2699 3693 quae
2746 3623 2903 3679 decet
2948 3640 3044 3694 per
3073 3640 3198 3680 eum
3223 3605 3344 3694 "qui

1760 3723 1840 3768 est
1876 3713 2033 3769 nobis
2063 3714 2352 3768 advocatus
2383 3715 2526 3784 apud
2557 3713 2797 3776 Patrem,
2825 3703 2884 3770 se
2914 3717 3118 3771 nostris
3150 3731 3344 3785 peccao

1762 3804 1830 3857 tis
1856 3804 2147 3874 propitium
2180 3804 2548 3859 exhibentem.
2582 3803 2650 3856 Et
2686 3805 2734 3856 si
2758 3807 2895 3875 quis,
2934 3805 3129 3875 inquit,
3160 3823 3345 3874 pecca-

1759 3902 1911 3960 verit,
1943 3900 2191 3954 habemus
2215 3900 2529 3954 advocatum
2557 3903 2697 3967 apud
2722 3900 2942 3955 Patrem
2965 3898 3002 3954 ,Ι
3008 3916 3151 3956 esum
3186 3901 3343 3955 Chri-

1758 4001 1899 4046 stum
1929 3991 2140 4060 justum
2167 4007 2186 4045 :
2214 4002 2265 4046 et
2310 3994 2356 4048 is
2397 4001 2476 4047 est
2503 3994 2816 4062 propitiatio
2854 4009 2950 4062 pro
2979 3995 3207 4062 peccatis
3252 4011 3358 4048 tto--

1759 4085 1881 4138 stris
1915 4085 1979 4136 ⁸⁵.

1780 4384 2097 4442 12.1ἰεειιὶιη
2114 4387 2204 4457 qui
2235 4387 2518 4456 pecuniam
2551 4385 2838 4452 dederunt,
2869 4395 2923 4440 ut
2968 4385 3070 4456 ipsi
3102 4386 3249 4441 omni
3277 4400 3346 4442 ex

84 4482 316 4552 οχλήτους
342 4486 540 4548 αὐτοὺς
584 4485 644 4537 τὸ
687 4485 1005 4538 παντάπασι
1031 4483 1284 4551 γενέσθαι
1319 4482 1426 4534 ἀπὸ
1467 4483 1647 4551 πάσης

1814 4490 1906 4534 ιιισ
1937 4481 2006 4536 ab
2029 4480 2178 4534 omni
2221 4477 2429 4532 malitia
2480 4478 2862 4547 imperturbati
2899 4487 3102 4545 essent,
3136 4480 3342 4534 crimen

85 4576 281 4642 κακίας,
313 4579 413 4631 οὐκ
454 4577 603 4630 ἔστιν
649 4577 902 4646 ἔγκλημα
959 4577 1334 4645 προσαγαγεῖν
1367 4589 1380 4601 '
1445 4571 1648 4643 ζημίαν

85 4666 179 4734 γὰρ
211 4667 298 4721 καὶ
327 4671 605 4722 ἀπώλειαν
621 4669 923 4738 χρημάτων
948 4667 1288 4736 ὑπήνεγκαν,
1329 4667 1417 4719 ἵνα
1449 4666 1523 4737 μὴ
1551 4665 1650 4736 τὴν

86 4756 245 4828 ψυχὴν
271 4761 446 4816 αὐτῶν
471 4761 826 4831 ζημιωθῶσιν
853 4760 886 4830 ἢ
917 4760 1256 4812 ἀπολέσωσιν
1289 4776 1304 4791 ο
1333 4760 1470 4827 ὅπερ
1498 4758 1649 4811 ἄλλοι

87 4850 211 4902 κατὰ
231 4853 674 4924 αἰσχροκέρδειαν
707 4853 769 4905 οὑ
808 4854 1141 4922 πεποιήκασι
1173 4867 1186 4880 ⁸
1223 4851 1401 4905 καίτοι
1440 4867 1503 4919 γε
1555 4848 1649 4902 τοῦ

87 4941 270 5011 Κυρίου
300 4945 546 5013 λέγοντος
566 4962 580 4975 ’
616 4943 682 5012 _Tl
708 4945 821 5013 γὰρ
852 4943 1154 5012 ὠφελήσει
1181 4943 1513 5011 ἅνθρωπος,
1542 4941 1651 4994 ἐὰν

89 5031 182 5082 τὸν
209 5037 427 5104 κόσμον
455 5037 603 5090 ὅλον
631 5035 923 5103 κερδήσῃ,
955 5036 1071 5104 τὴν
1105 5035 1172 5088 δὲ
1199 5035 1414 5104 ψυχὴν
1460 5033 1648 5088 αὐτοῦ

91 5118 318 5195 ζημιωθῇ
343 5128 380 5195 ἢ
411 5127 683 5195 ἀπολέσῃ
706 5143 724 5192 ;
746 5129 839 5182 καὶ
859 5129 940 5180 ὅτι
968 5132 1050 5182 Οὐ
1073 5127 1340 5182 δύνασθε
1364 5124 1486 5191 Θεῷ
1505 5126 1647 5180 δου-

93 5215 276 5268 λεύειν
300 5219 394 5271 καὶ
419 5218 670 5289 μαμωνᾷ
693 5237 708 5251 ο
732 5221 1007 5289 ἐφάνησαν
1029 5220 1138 5290 γὰρ
1171 5221 1302 5290 παρ’
1343 5221 1551 5272 ἐκεῖνον
1573 5217 1652 5288 τῷ

93 5303 196 5374 Θεῴ
224 5308 558 5376 δουλεύοντες
593 5330 606 5341 ·
637 5315 705 5366 τὰ
752 5314 862 5384 γὰρ
894 5313 1134 5384 ἀργύρια
1173 5313 1506 5384 μισήσαντες
1559 5311 1654 5364 καὶ

97 5403 577 5473 καταφρονήσαντες
625 5405 826 5467 αὐτῶν,
891 5404 1299 5474 ἀπεπλήρωσαν
1359 5421 1418 5456 τε
1460 5402 1554 5456 καὶ
1598 5404 1658 5465 ἐν

100 5487 248 5561 τούτῳ
259 5492 316 5544 τὸ
338 5493 978 5566 γεγραμμένον,Λύτρον
993 5495 1213 5564 ἀνδρὸς
1232 5493 1440 5564 ψυχῆς
1458 5493 1661 5564 ᾀῖδιος

159 5640 346 5716 έξίλιο.
412 5665 515 5712 xw,
549 5652 637 5716 (ἐξ),
687 5653 774 5707 30.

132 5649 346 5719 ,ξ’-μισ.
412 5652 637 5716 xw,‘.‘9,
687 5653 774 5707 30.
878 5651 921 5682 ⁸³
960 5649 1190 5719 Philipp.
1251 5665 1327 5712 ιιι,
1395 5651 1472 5703 1-5.

108 5708 168 5740 ’θ’
200 5713 374 5780 Matth.
406 5747 470 5800 γι,

1581 5650 1624 5679 ³³
1657 5648 1815 5702 Rom.
1869 5664 1970 5708 χιι,
2008 5649 2092 5702 46.

1747 4574 1953 4628 intendi
1985 4589 2091 4628 non
2135 4579 2334 4642 potest.
2371 4571 2639 4626 Damnum
2670 4574 2814 4626 enim
2855 4582 2908 4627 ct
2949 4574 3219 4643 jacturam
3256 4591 3348 4644 pc-

1748 4667 2035 4722 cuuiarum
2071 4667 2471 4724 sustinuerunt.
2521 4680 2589 4719 ne
2639 4664 2740 4735 ipsi
2787 4666 2990 4740 animat
3013 4666 3344 4720 detrimento

1750 4756 2112 4823 afﬁcerentur,
2155 4757 2236 4811 vel
2291 4757 2464 4824 ipsam
2513 4755 2678 4810 etiam
2729 4757 3038 4826 perderent,
3075 4757 3218 4826 quod
3252 4758 3344 4810 alii

1751 4859 1975 4918 propter
2006 4858 2163 4916 turpe
2205 4849 2415 4903 lucrum
2469 4864 2573 4902 non
2623 4847 2868 4902 fecerunt
2910 4867 2922 4902 :
2957 4849 3207 4917 quamn-is
3238 4847 3344 4902 Do-

1759 4940 1944 4994 minus
1973 4939 2119 4994 dicat
2151 4941 2196 4974 ³⁶
2230 4958 2243 4994 :
2277 4939 2418 5004 Quid
2443 4942 2579 4991 enim
2611 4939 2873 4992 hominem
2894 4939 3122 5006 juvabit,
3148 4939 3194 4991 si
3228 4940 3347 4991 uni-

1756 5048 1962 5085 uersum
1998 5032 2250 5084 ntundunt
2280 5031 2516 5084 lucratus
2545 5033 2725 5097 fuerit,
2750 5031 2943 5084 anima:
2973 5039 3149 5082 autem
3179 5030 3348 5083 detri-

1757 5134 1932 5177 mento
1962 5124 2124 5189 fuerit
2164 5124 2400 5192 affectus,
2433 5123 2512 5176 vel
2551 5139 2668 5176 eam
2715 5122 2876 5174 etiam
2918 5123 3251 5186 perdiderit?
3282 5121 3346 5174 Et

1753 5233 1944 5273 rursus
1977 5215 2069 5270 ‘5':
2106 5215 2268 5288 453
2301 5215 2424 5270 Non
2467 5216 2682 5286 potestis
2727 5214 2830 5266 Deo
2874 5214 3065 5266 servire
3095 5223 3145 5266 et
3176 5230 3345 5266 mam-

1755 5324 1926 5363 monae
1970 5312 2068 5363 :in
2135 5309 2240 5364 illis
2291 5310 2434 5364 enim
2491 5318 2858 5379 apparuerunt
2904 5309 2995 5376 qui
3033 5307 3140 5362 Deo
3176 5309 3347 5363 servi-

1757 5412 1897 5468 rent,
1923 5402 2126 5466 exosis,
2163 5402 2515 5466 conculcatis,
2536 5399 2971 5470 contemptisque
2992 5402 3255 5469 pecuniis,
3292 5413 3345 5454 ct

1762 5490 1814 5543 in
1861 5505 1926 5544 eo
1972 5489 2379 5558 compleverunt
2426 5490 2568 5558 quod
2630 5489 2889 5558 scriptum
2941 5498 3022 5543 est
3062 5489 3344 5544 :Pretimn

2207 5648 2248 5676 εδ
2281 5647 2298 5698 l
2330 5645 2484 5700 Joan.
2539 5663 2597 5713 ιι,
2638 5647 2686 5700 l.
2793 5649 2834 5679 ³⁵
2867 5649 3056 5706 Matth.
3113 5666 3213 5714 rvi,
3249 5649 3338 5703 ‘26.
