3904 6220
460 334 563 394 947

1555 332 1817 395 ΡΠΟΤΙΙ
1851 329 2359 391 ΡΑΤΒΙΑΠΟΗΕ
2402 331 2510 390 CP.

3580 328 3672 392 918

465 444 829 515 redemptionis
858 445 1050 499 animae
1076 444 1323 507 hominis,
1356 444 1580 512 propria:
1601 444 1802 497 dioitiw
1836 443 1900 495 ".
1919 440 2050 494 Nam

2162 441 2427 506 πλοῦτος
2451 460 2463 473 ·
2504 442 2627 495 ἐπεὶ
2653 441 2746 492 καὶ
2768 440 2822 492 ἐν
2849 440 2968 502 ταῖς
3001 437 3246 509 Πράξεσι
3274 436 3383 488 τῶν
3404 434 3682 493 ἀποστόλων

462 549 516 592 et
549 538 604 592 in
646 538 872 592 Actibus
899 552 1116 605 quoque
1144 538 1516 607 apostolorum
1547 536 1799 606 legimus,
1828 549 1921 589 eos
1943 532 2036 603 qui

462 643 561 697 pro
593 627 762 683 Paulo
798 637 851 683 et
881 627 992 682 Sila
1024 627 1421 683 Thessalonicae
1450 627 1515 681 ad
1549 626 1895 696 magistratus
1927 634 2041 678 tra-

465 720 765 786 hebantur,
817 734 941 774 cum
999 719 1183 774 multis
1233 718 1481 788 pecuniis
1534 717 1706 771 fuisse
1758 716 2038 770 dimissos.

465 808 759 878 Postquam
791 809 933 863 enim
970 810 1119 878 ipsos
1144 817 1368 878 propter
1398 821 1594 861 nomen
1642 804 1872 859 multum
1906 819 2042 858 one-

464 908 708 964 rassent,
761 909 815 955 et
861 901 1261 956 multitudinem
1316 900 1779 969 magistratusque
1828 903 2043 964 pertur-

464 994 704 1059 bassent,
750 994 815 1047 ab
856 993 1075 1058 Iasone,
1106 994 1300 1063 inquit,
1330 1003 1377 1045 et
1428 991 1641 1060 reliquis
1675 989 2045 1057 satisfactione

464 1095 698 1155 accepta,
728 1103 813 1140 eos
856 1087 1187 1139 dimiserunt.
1236 1083 1453 1137 Fratres
1485 1092 1658 1135 autem
1698 1091 1851 1133 noctu
1881 1079 2047 1147 proti-

467 1194 565 1231 nus
600 1178 824 1230 Paulum
854 1186 901 1231 et
939 1176 1109 1231 Silam
1141 1177 1392 1230 miserunt
1424 1177 1478 1227 in
1508 1173 1774 1227 Berrwam
1801 1173 1866 1225 ³⁸.

539 1270 627 1324 15.
657 1267 811 1323 Unde
839 1284 939 1323 nec
965 1284 1061 1323 eos
1088 1268 1179 1338 qui
1212 1268 1396 1323 omnia
1442 1266 1784 1334 reliquerunt
1827 1271 2046 1331 propter

469 1361 698 1417 salutem
736 1363 949 1429 animae,
982 1373 1037 1416 et
1070 1370 1435 1425 secesserunt,
1481 1360 1607 1414 licet
1639 1373 1899 1414 accusare
1921 1364 2044 1410 tan-

468 1467 633 1522 quam
678 1452 799 1508 aliis
827 1463 1045 1524 propter
1079 1453 1226 1522 ipsos
1276 1452 1528 1505 detentis.
1576 1448 1711 1503 Nam
1758 1459 1814 1502 et
1846 1446 2045 1517 Ephesi

468 1556 569 1610 pro
605 1541 771 1595 Paulo
804 1542 994 1597 Gaium
1038 1554 1091 1597 et
1126 1542 1503 1597 Aristarchum
1555 1540 1609 1594 in
1656 1540 1864 1593 theatro
1898 1552 2048 1591 com-

469 1633 890 1702 prehenderunt,
920 1650 1026 1689 una
1067 1650 1188 1689 cum
1220 1633 1390 1689 Paulo
1423 1634 1829 1703 peregrinantes
1857 1632 1921 1693 ³³,
1952 1630 2045 1699 qui

469 1723 683 1777 volebat
712 1725 776 1778 ad
810 1726 1066 1794 populum
1100 1725 1251 1779 adire
1285 1742 1297 1776 :
1325 1724 1582 1794 quoniam
1615 1732 1835 1791 propter
1869 1722 2045 1788 ipsum

2146 534 2461 602 ἀνέγνωμεν
2494 534 2620 596 τοὺς
2653 532 2917 602 συρέντας
2947 532 3068 584 ἀντὶ
3098 529 3311 585 Παύλου
3368 520 3457 582 διαὶ
3496 530 3610 583 Σίλα
3637 534 3687 585 ὲν

2146 625 2515 696 Θεσσαλονίκῃ
2545 625 2637 678 ἐπὶ
2664 625 2791 687 τοὺς
2828 624 3180 693 πολιτάρχας,
3220 621 3355 692 μετὰ
3406 621 3691 691 πλησμονῆς

2148 716 2557 780 ἀπολυθέντας·
2623 715 2760 783 μετὰ
2804 716 2914 786 γὰρ
2961 715 3022 767 τὸ
3084 714 3461 785 καταδαρῆσαι
3513 714 3687 777 αὐτοὺς

2149 809 2321 862 πολλὰ
2348 808 2436 861 διὰ
2460 809 2520 861 τὸ
2555 809 2746 877 ὄνομα,
2780 808 2876 860 καὶ
2913 805 3143 877 ταράξαι
3174 805 3265 857 τὸν
3300 804 3448 873 ὄχλον
3475 805 3692 868 καὶτοὺς

2151 899 2505 971 πολιτάρχας,
2539 900 2859 964 Λαϐόντες,
2899 897 3056 969 φησὶ,
3088 896 3154 951 τὸ
3188 895 3395 950 ἱκανὸν
3432 895 3579 962 παρὰ
3604 895 3693 949 τοῦ

2163 994 2438 1059 Ἰάσονος
2468 991 2708 1045 καὶτῶν
2737 990 2989 1053 λοιπῶν,
3039 988 3360 1043 ἀπέλυσαν
3387 988 3621 1052 αὐτούς·
3648 989 3696 1039 ol

2150 1084 2220 1137 δὲ
2243 1083 2489 1152 ἀδελφοί
2513 1082 2730 1148 εὐθέως
2767 1083 2863 1135 διὰ
2897 1081 3119 1145 νυκτὸς
3145 1078 3487 1147 ἐξέπεμψαν
3514 1076 3611 1129 τόν
3642 1092 3696 1129 τε

2152 1176 2394 1229 Παῦλον
2418 1174 2516 1229 καὶ
2546 1173 2652 1227 τὸν
2677 1174 2866 1228 Σίλαν
2891 1175 2979 1237 είς
3003 1171 3268 1238 Βέροιαν.

2227 1264 2315 1336 ιγ’.
2350 1267 2514 1320 Ὅθεν
2545 1266 2665 1319 οὐδὲ
2698 1268 2814 1329 τοῖς
2868 1263 3228 1331 καταλείψασι
3282 1262 3455 1315 πάντα
3498 1262 3578 1314 διὰ
3611 1262 3697 1330 τὴν

2153 1360 2250 1428 τῆς
2272 1358 2450 1427 ψυχῆς
2481 1356 2756 1427 σωτηρίαν
2795 1356 2891 1409 καὶ
2920 1355 3343 1424 ἀναχωρήσασιν
3391 1352 3529 1405 ἔστιν
3555 1353 3700 1419 ἐγκαι-

2151 1451 2287 1516 λεῖν,
2316 1453 2391 1513 ὡς
2423 1449 2488 1503 ἂν
2518 1450 2720 1519 ἑτέρων
2752 1448 2820 1500 δι’
2866 1447 3064 1509 αὐτοὺς
3110 1444 3573 1515 κατασχεθέντων’
3618 1444 3700 1499 καὶ

2153 1542 2262 1613 γὰρ
2300 1543 2393 1594 καὶ
2427 1544 2483 1595 ἐν
2517 1544 2583 1611 τῇ
2624 1540 2838 1610 Ἐφέσῳ
2881 1539 3001 1592 ἀντὶ
3055 1536 3268 1590 Παύλου
3320 1535 3480 1587 πάλιν
3528 1536 3702 1605 συνήρ-

2154 1650 2337 1685 πασαν
2366 1632 2524 1684 Γάϊον
2550 1632 2629 1694 είς
2665 1630 2723 1683 τὸ
2754 1629 2981 1700 θέατρον
3020 1629 3116 1680 καὶ
3151 1626 3502 1695 ’Λρίσταρχον
3530 1641 3701 1676 συνεκ-

2153 1719 2356 1790 δήμους
2384 1720 2598 1772 Παύλου
2632 1720 2693 1771 ού
2728 1719 3052 1789 βουλομένου
3084 1717 3348 1769 εἰσελθεῖν
3370 1717 3447 1778 είς
3486 1715 3570 1768 τὸν
3620 1715 3703 1783 δῆ-

467 1816 563 1885 qui
598 1827 961 1885 persuaserat,
994 1826 1049 1871 et
1081 1819 1306 1870 multam
1356 1816 1570 1869 turbam
1613 1815 1679 1869 ad
1711 1816 1802 1870 Dei
1843 1814 2049 1869 cultum

2162 1832 2260 1885 μον
2285 1828 2299 1841 ·
2342 1813 2464 1866 ἐπεὶ
2486 1814 2581 1866 καὶ
2608 1813 2676 1865 δι’
2705 1811 2868 1865 αὑτὸν
2903 1810 3169 1864 πείσαντα
3196 1810 3291 1864 καὶ
3322 1811 3706 1881 μεταστήσαντα

468 1904 806 1970 traduxerat,
837 1907 1031 1959 seditio
1070 1906 1210 1959 facta
1240 1908 1433 1959 fuerat.
1467 1904 1588 1959 Non
1620 1906 1881 1959 sciverunt
1910 1920 2050 1971 eum,

469 1995 668 2065 inquit,
697 1997 968 2065 discipuli.
1014 1998 1155 2063 Quin
1192 1999 1354 2051 etiam
1396 1997 1646 2051 nonnulli
1679 2012 1747 2052 ex
1775 1997 2053 2052 Asiarehis

473 2086 567 2154 qui
596 2086 645 2140 ei
693 2097 851 2140 erant
906 2088 1085 2151 amici,
1123 2088 1390 2142 miserunt
1430 2089 1495 2141 ad
1525 2103 1652 2143 eum
1685 2097 1737 2142 et
1768 2095 2058 2143 suaserunt

471 2194 543 2234 ne
568 2194 627 2233 se
656 2178 865 2233 theatro
890 2181 1061 2233 daret.
1091 2181 1145 2234 Si
1171 2182 1260 2249 qui
1289 2190 1467 2235 autem
1492 2179 1658 2252 454
1678 2194 1801 2235 cum
1838 2183 1905 2236 iis
1928 2197 2057 2235 eon-

472 2270 698 2326 tendere
732 2273 1090 2340 perrexerint,
1118 2273 1208 2341 qui
1242 2274 1485 2325 animum
1516 2274 1791 2327 sincerum
1821 2274 1870 2327 ei
1902 2274 2055 2327 adhi-

470 2365 600 2418 bent
631 2402 646 2426 ,
690 2366 781 2432 qui
831 2363 1003 2417 dicit:
1039 2364 1332 2433 Diligenter
1404 2381 1553 2418 serva
1594 2365 1829 2417 animam
1888 2374 2052 2429 luant,

470 2466 522 2509 et
556 2472 619 2509 ne
661 2466 800 2509 retro
827 2458 1089 2525 aspexeris
1111 2457 1178 2513 ⁸⁰.
1202 2457 1394 2511 Petrus
1419 2472 1635 2526 quoque
1683 2457 2050 2524 apostolorum

468 2549 726 2618 princeps
757 2550 836 2604 eis
870 2550 922 2602 in
961 2559 1194 2603 mentem
1244 2558 1548 2614 revocetur,
1590 2549 1683 2619 qui
1718 2551 1836 2618 jam
1868 2551 1921 2602 in
1958 2566 2052 2602 cu-

469 2641 700 2694 stodiam
733 2651 847 2694 erat
880 2642 1165 2709 conjectus.
1210 2652 1259 2695 et
1310 2644 1538 2696 traditus
1584 2654 1813 2713 quatuor
1837 2657 2051 2716 quater-

470 2732 716 2785 nionibus
766 2732 993 2785 militum
1038 2734 1107 2786 ad
1150 2751 1269 2787 eum
1317 2737 1632 2788 servandum
1669 2736 1713 2766 ἰι
1744 2755 1757 2789 :
1792 2738 1882 2807 qui
1926 2753 2049 2791 cum

470 2835 637 2877 noctu
675 2823 921 2893 fugisset,
951 2832 1006 2878 et
1034 2839 1097 2878 ex
1134 2824 1444 2879 Judaeorum
1481 2842 1643 2881 manu
1690 2838 1939 2883 servatus
1965 2844 2052 2883 es-

473 2925 577 2979 set,
606 2914 764 2984 jussu
810 2915 986 2982 angeli
1015 2915 1252 2985 [Domini
1287 2934 1300 2969 :
1336 2914 1524 2983 Facto,
1577 2918 1772 2987 inquit,
1803 2920 1886 2972 die
1934 2930 2049 2973 erat

472 3022 575 3058 non
616 3022 808 3074 parvus
854 3007 1111 3061 tumultus
1150 3009 1286 3061 inter
1319 3009 1534 3075 milites,
1566 3011 1817 3079 quidnam
1847 3014 2049 3078 factum

470 3104 603 3149 esset
647 3094 826 3149 Petro.
857 3094 1092 3150 Herodes
1127 3107 1301 3151 autem
1332 3114 1449 3151 cum
1478 3115 1596 3151 eum
1626 3101 1972 3168 quaesivisset,
2001 3113 2049 3155 et

468 3201 572 3238 non
616 3186 929 3251 invenisset,
981 3187 1334 3256 interrogatos
1395 3187 1634 3242 custodes
1673 3189 1837 3258 jussit
1883 3192 2050 3261 ευπο-

468 3279 586 3330 cari
616 3276 683 3343 δ’,
711 3287 930 3347 propter
953 3294 1093 3349 quos
1127 3280 1273 3333 nulla
1308 3282 1465 3349 culpa
1502 3282 1554 3335 in
1584 3282 1803 3338 Petrum
1835 3284 2053 3340 confer-

474 3379 560 3423 tur
592 3388 605 3424 :
634 3370 831 3425 licebat
857 3371 1000 3425 enim
1037 3372 1117 3425 eis
1164 3372 1255 3425 illo
1297 3372 1415 3426 viso
1442 3374 1582 3442 quod
1628 3374 1830 3430 factum
1878 3376 2054 3431 fuerat

474 3461 737 3531 effugere;
768 3463 909 3517 sicut
943 3472 997 3517 et
1031 3480 1221 3519 omnes
1250 3466 1481 3521 infantes
1508 3469 1600 3537 qui
1630 3478 1783 3522 erant
1810 3469 1862 3523 in
1893 3468 2056 3523 Beth-

472 3557 647 3635 leliem
671 3557 718 3588 ⁵³
756 3566 811 3610 et
854 3557 908 3609 iu
953 3558 1211 3613 omnibus
1258 3558 1377 3625 ejus
1420 3560 1637 3622 finibus,
1676 3560 1721 3614 si
1766 3561 2057 3616 scivissent

470 3664 660 3703 rerum
694 3655 951 3716 parentes
984 3648 1128 3716 quod
1176 3658 1294 3703 erat
1326 3650 1569 3704 futurum
1608 3670 1621 3704 :
1655 3653 1748 3719 qui
1784 3667 1814 3705 a
1849 3653 2056 3707 crudeli

469 3737 742 3790 homicida
785 3736 994 3791 Herode
1032 3740 1230 3791 sublati
1279 3751 1424 3803 sunt,
1460 3749 1518 3793 ut
1563 3757 1704 3795 unus
1748 3743 1841 3807 qui
1875 3743 1943 3796 ab
1990 3759 2055 3798 eo

471 3831 816 3894 quaerebatur
862 3831 1039 3884 infans
1089 3833 1309 3900 periret,
1343 3834 1433 3901 qui
1470 3843 1523 3886 et
1550 3834 1664 3903 ipse
1692 3835 1852 3903 jussu
1882 3837 2055 3905 angeli

474 3922 567 3975 Dei
612 3921 819 3991 effugit,
856 3923 950 3991 qui
982 3924 1232 3977 et-leritcr
1272 3925 1382 3993 jam
1421 3938 1660 3995 cmperat
1705 3930 1876 3995 spolia
1909 3932 2056 3984 acci-

475 4029 621 4081 pere,
658 4022 711 4066 et
743 4014 941 4067 acriter
990 4029 1346 4083 praepascere,
1398 4017 1696 4071 secundum
1739 4019 2056 4086 appellatio-

478 4120 598 4156 nem
626 4105 884 4169 nominis,
947 4106 1407 4174 quemadmodum
1464 4108 1729 4177 scriptum
1761 4120 1841 4163 est
1870 4128 1882 4163 :
1918 4109 2058 4163 Voca

471 4212 654 4249 nomen
686 4197 823 4264 ejus,
870 4198 1109 4250 celeriter
1136 4198 1327 4267 spolia,
1362 4199 1608 4253 velociter
1635 4202 1970 4269 depopulare,
1998 4220 2055 4257 eo

468 4289 607 4359 quod
639 4289 949 4357 priusquam
979 4290 1159 4358 infans
1206 4293 1341 4343 sciat
1392 4308 1575 4346 vocare
1614 4304 1817 4361 patrem
1850 4304 1900 4348 et
1941 4312 2058 4348 ma-

471 4391 622 4443 trem,
657 4383 825 4447 capiet
856 4390 1168 4446 potestatem
1203 4382 1453 4436 Damasci
1488 4395 1535 4437 et
1564 4385 1735 4453 spolia
1773 4384 2056 4451 Samaria,

2162 1909 2331 1962 πολὺν
2362 1907 2517 1976 ὄχλον
2540 1908 2632 1961 ἐπὶ
2655 1906 2755 1977 τὴν
2786 1906 3122 1971 θεοσέϐειαν,
3151 1908 3184 1975 ἠ
3251 1905 3441 1967 στάσις
3459 1899 3524 1973 ἦν
3569 1918 3708 1971 γενοο

2162 2001 2320 2070 μένη,
2352 2000 2447 2052 καὶ
2502 2000 2613 2052 οὐκ
2640 1998 2784 2051 εἴων
2809 1998 2995 2051 αὐτὸν
3018 2000 3072 2051 οἱ
3089 1998 3374 2066 μαθηταί,
3431 1995 3626 2065 φησίν·
3657 1994 3708 2045 οὐ

2164 2091 2269 2161 μὴν
2294 2090 2429 2144 ἀλλὰ
2457 2091 2549 2144 καί
2576 2106 2723 2152 τινες
2756 2090 2863 2142 τῶν
2887 2089 3186 2159 ἀσιαρχῶν,
3249 2090 3399 2151 ὄντες
3437 2086 3592 2140 αὑτοῦ
3638 2085 3711 2152 φί-

2159 2185 2262 2247 λοι,
2295 2183 2609 2253 πέμψαντες
2654 2183 2791 2254 πρὸς
2820 2183 2982 2235 αὐτὸν
3023 2182 3372 2253 παρεκάλουν
3432 2179 3504 2249 μὴ
3550 2178 3711 2233 δοῦναι

2161 2276 2348 2329 ἑαυτὸν
2378 2279 2456 2339 εἰς
2490 2276 2549 2327 τὸ
2572 2274 2798 2343 θέατρον
2828 2290 2841 2303 °
2877 2275 2924 2326 εί
2968 2274 3026 2326 δὲ
3069 2274 3385 2344 ὲπιμένοιέν
3429 2289 3566 2335 τινες
3610 2274 3715 2341 ἐρε-

2161 2366 2475 2436 σχελοῦντες
2504 2370 2616 2431 τοῖς
2649 2368 2952 2432 εἰλικρινῶς
2984 2368 3335 2436 προσέχουσι,
3368 2361 3564 2422 Σώζων
3587 2360 3717 2421 σῶζε

2160 2463 2275 2531 τὴν
2290 2462 2551 2518 σεαυτοῦ
2572 2461 2804 2531 ψυχὴν,
2825 2462 2910 2531 μὴ
2942 2458 3273 2529 sapientem
3305 2461 3393 2523 εὶς
3422 2455 3495 2510 τὰ
3521 2456 3717 2516 ὀπίσω,

2163 2554 2670 2624 ύπομνησθήτωσαν
2697 2553 2908 2607 καὶτοῦ
2942 2553 3235 2623 προκρίτου
3276 2550 3388 2604 τῶν
3430 2550 3719 2603 ἀποστόλων

2161 2647 2391 2715 Πέτρου,
2414 2645 2795 2714 Βεϐλημένου
2812 2661 2875 2697 τε
2895 2643 3010 2711 ἤδη
3026 2646 3114 2708 είς
3127 2642 3436 2713 φυλακὴν,
3454 2641 3547 2695 καὶ
3560 2652 3720 2707 πηρα-

2157 2740 2437 2804 δοθέντος
2450 2738 2745 2805 τέσσαρσι
2763 2736 3101 2805 τετραδύοις
3112 2732 3494 2802 στρατιωτῶν
3512 2730 3725 2801 φυλάσ-

2157 2850 2292 2887 σειν
2316 2832 2504 2885 αὑτόν
2529 2848 2541 2862 α
2572 2824 2633 2883 οὗ
2681 2832 2738 2881 ὲν
2785 2830 2939 2881 νυκτὶ
2963 2828 3225 2897 φυγόντος
3254 2826 3356 2879 καὶ
3375 2824 3645 2896 ρυσθέντος
3668 2822 3723 2873 ὲκ

2157 2926 2339 2997 χειρὸς
2354 2924 2447 2979 τοῦ
2473 2923 2742 2993 φονώδους
2760 2921 3024 2991 Ἡρώδου,
3057 2922 3153 2972 καὶ
3181 2920 3367 2989 πάσης
3398 2918 3493 2987 τῆς
3517 2914 3723 2985 προσδο-

2160 3018 2281 3080 κίας
2307 3016 2399 3070 τοῦ
2419 3014 2550 3068 λαοῦ
2567 3013 2675 3066 τῶν
2691 3012 2978 3072 Ἰουδαίων,
2998 3011 3117 3063 κατ’
3139 3009 3361 3080 ἐντολὴν
3384 3006 3607 3075 ἀγγέλου
3625 3004 3723 3054 Κυ-

2159 3104 2666 3178 ρίου,Γενομένης,
2683 3121 2756 3172 φη
2766 3104 2868 3166 σἰν,
2888 3096 3218 3169 ἡμέρας,ἦν
3227 3098 3488 3166 τάραχος
3504 3092 3730 3148 οὐκόλί-

2158 3220 2262 3271 γος
2279 3201 2348 3253 ἐν
2367 3198 2483 3264 τοῖς
2501 3196 2913 3265 στρατιώταις,
2938 3195 2993 3247 τί
3014 3194 3127 3262 ἄρα
3153 3195 3186 3247 ό
3227 3192 3452 3259 Πέτρος
3470 3188 3692 3258 ἐγένετο
3710 3200 3726 3217 ο

2176 3291 2429 3360 Ἡρώδης
2450 3289 2519 3343 δὲ
2554 3286 2913 3355 ἐπιζητήσας
2942 3286 3129 3339 αὐτὸν
3152 3283 3250 3337 καί
3266 3284 3357 3352 μὴ
3376 3281 3581 3349 εὑρὼν,
3602 3280 3730 3333 ἁνα-

2160 3384 2370 3452 κρίνας
2387 3382 2530 3447 τοὺς
2547 3383 2825 3449 φύλακας
2844 3378 3174 3431 ἐκέλευσεν
3187 3374 3553 3445 ἀπαχθῆναν
3569 3372 3631 3424 δι’
3649 3368 3730 3432 οὓς

2160 3474 2386 3542 οὐδεμία
2412 3472 2563 3525 αἰτία
2598 3470 2676 3540 τῷ
2702 3470 2890 3541 Πέτρῳ
2912 3471 3288 3540 προσάπτεται
3315 3483 3331 3498 ο
3362 3466 3493 3535 ἐξῆν
3514 3466 3618 3532 γὰρ
3648 3462 3732 3514 καὶ

2166 3565 2364 3626 αὐτοὺς
2390 3565 2703 3633 ἑωρακότας
2736 3563 2797 3613 τὸ
2818 3562 3108 3629 γενόμενον
3165 3561 3429 3627 ἐκφυγεῖν
3456 3574 3470 3585 ·
3520 3557 3592 3612 ὡς
3650 3552 3733 3605 καὶ

2163 3651 2341 3702 πάντα
2373 3651 2441 3701 τὰ
2468 3649 2655 3701 παιδία
2686 3649 2755 3701 τὰ
2788 3650 2845 3700 ἐν
2909 3648 3157 3717 Βηθλεὲμ
3210 3648 3307 3700 καὶ
3369 3649 3430 3699 ὲν
3468 3647 3601 3699 πᾶσι
3631 3644 3728 3702 τοῖς

2164 3742 2334 3810 ὁρίοις
2360 3742 2549 3811 αὐτῆς,
2585 3744 2633 3793 εί
2664 3740 2999 3808 ὲγνὼκεισαν
3032 3741 3082 3793 οἱ
3116 3742 3296 3807 γονεῖς
3322 3737 3504 3792 αὐτῶν
3540 3737 3597 3789 τὺ
3627 3734 3733 3804 μέλ·

2163 3833 2251 3883 λον
2284 3831 2527 3891 ἔσεσθαι,
2562 3831 2705 3901 ἅπερ
2738 3830 3086 3901 ἀνῃρέθησαν
3149 3831 3253 3883 ὑπὸ
3306 3830 3405 3883 τοῦ
3467 3826 3733 3899 μιαιφόνου

2178 3925 2421 3995 Ἡρώδου
2447 3927 2535 3979 διὰ
2556 3926 2616 3978 τὸ
2646 3925 2739 3978 ὑπ’
2767 3924 2932 3978 αὑτοῦ
2967 3924 3303 3994 ζητούμενον
3356 3921 3648 3976 ἀπολέσθαι
3685 3919 3734 3969 ἓν

2168 4015 2403 4082 παιδίον,
2444 4016 2580 4083 ὅπερ
2608 4016 2701 4067 καὶ
2719 4016 2850 4068 αὐτὸ
2872 4014 2991 4068 κατ’
3031 4015 3250 4085 ἐντολὴν
3280 4014 3517 4083 ἀγγέλου
3546 4010 3733 4082 Κυρίου

2165 4107 2451 4175 ἐξέφυγεν,
2481 4108 2581 4177 ἤδη
2614 4107 2918 4178 ἀρξάμενον
2945 4106 3111 4171 ὀξέως
3143 4108 3429 4160 σκυλεύειν
3452 4106 3546 4158 καὶ
3584 4104 3734 4168 ὀξέως

2166 4204 2547 4275 προνομεύειν,
2574 4206 2716 4257 κατὰ
2739 4204 2836 4274 τὴν
2873 4204 3161 4273 ἐπίκλησιν
3193 4203 3286 4257 τοῦ
3329 4204 3613 4273 ὀνόματος,
3651 4218 3737 4253 κα-

2166 4297 2270 4359 θὼς
2311 4298 2641 4367 γέγραπταιο
2671 4297 2946 4350 Κάλεσον
2973 4295 3039 4349 τὸ
3070 4297 3257 4363 ὄνομα
3287 4295 3499 4358 αὐτοῦ,
3529 4292 3738 4360 ταχέως

2164 4389 2537 4450 σκύλευσον,
2556 4388 2737 4453 ὀξέως
2756 4389 3193 4458 προνόμευσον·
3210 4389 3362 4441 διότι
3378 4388 3522 4455 πρὶν
3540 4384 3740 4454 γνῶναι

470 4488 647 4525 coram
672 4488 783 4541 rege
796 4473 883 4524 As:
895 4474 1130 4541 yriurum
1152 4476 1216 4528 ⁸³.
1236 4474 1373 4545 Magi
1397 4491 1545 4546 ergo,
1564 4488 1614 4528 ut
1633 4477 1745 4543 jam
1766 4478 1980 4544 spoliati
2006 4488 2050 4532 el

2169 4478 2378 4532 καλεῖν
2394 4480 2459 4531 τὸ
2480 4479 2722 4532 παιδίον
2737 4479 2960 4546 πατέρα
2974 4479 3008 4547 ἢ
3027 4478 3275 4548 μητέρα,
3297 4479 3379 4546 λὴ
3393 4483 3559 4546 derat
3577 4477 3738 4529 δύνα-

472 4565 897 4630 ιιιηιδιίίιιίοιιὶιιιιε
933 4565 1192 4632 infestati,
1220 4569 1479 4622 infantem
1530 4570 1809 4624 lunniliter
1843 4580 1896 4624 et
1928 4587 2056 4640 sup—

469 4656 681 4724 pliciter
727 4658 980 4723 adorant,
1016 4658 1301 4713 thesauros
1352 4676 1483 4715 suos
1534 4662 1857 4729 aperientes,
1906 4671 1961 4715 et
2007 4663 2054 4715 ei

469 4746 763 4804 offerentes
814 4751 1047 4806 maxime
1101 4762 1410 4821 opportuna
1460 4763 1511 4807 et
1561 4753 1843 4823 magniﬁca
1892 4756 2055 4818 dona,

467 4853 660 4891 aurum
694 4847 749 4892 et
793 4840 921 4894 thus
966 4852 1020 4895 et
1069 4843 1345 4911 myrrham
1382 4842 1449 4908 ‘5,
1500 4853 1557 4896 ut
1606 4844 1717 4913 regi
1764 4853 1818 4899 et
1868 4845 1977 4899 Deo
2006 4857 2060 4899 et

468 4928 674 4983 homini
705 4949 718 4984 :
748 4932 891 4987 unde
920 4934 986 4987 ad
1023 4949 1199 5003 regem
1241 4934 1523 5005 Assyrium
1556 4951 1662 4988 non
1698 4937 1933 5005 amplius
1967 4952 2055 4991 re-

464 5020 602 5073 verti
640 5022 950 5086 voluerunt,
984 5039 1015 5077 a
1058 5025 1405 5079 Providentia
1438 5026 1605 5079 vetiti.
1652 5026 1814 5097 455
1851 5027 2057 5081 Divini-

467 5124 549 5166 tus
581 5114 725 5168 enim
767 5117 1050 5180 admoniti,
1094 5118 1292 5187 inquit,
1328 5121 1383 5172 in
1421 5120 1624 5173 somnio
1653 5137 1713 5173 ne
1746 5132 2063 5175 reverteren-

468 5220 554 5260 tur
585 5208 653 5261 ad
700 5206 1000 5275 Herodem,
1049 5228 1141 5280 per
1169 5212 1335 5264 aliam
1389 5213 1525 5266 viam
1571 5214 1795 5282 regressi
1844 5228 1965 5267 sunt
2009 5216 2061 5266 in

468 5300 733 5369 regionem
772 5319 946 5356 suam.
988 5302 1137 5357 Unde
1184 5318 1307 5357 cum
1340 5305 1564 5359 vidisset
1611 5307 2063 5375 sanguinolentus

465 5389 708 5449 Herodes
742 5410 800 5450 se
828 5410 857 5448 a
905 5396 1079 5467 magis
1127 5397 1369 5463 illusum,
1402 5398 1558 5452 valde
1591 5399 1692 5451 fuit
1722 5410 2051 5454 commotus.

465 5483 538 5538 Et
566 5487 798 5553 mittens,
826 5490 1021 5559 inquit,
1044 5490 1307 5559 interfecit
1340 5508 1515 5545 omnes
1542 5493 1770 5561 infantes
1793 5495 1883 5563 qui
1906 5504 2056 5547 erant

547 5673 790 5755 at-l’rov.
845 5690 968 5740 xm,
1001 5679 1033 5734 8
1088 5690 1129 5722 ³⁸
1164 5692 1282 5744 Aut.
1317 5693 1514 5755 ωηο,
1554 5692 1633 5744 l0.

474 5752 559 5813 18,
600 5752 679 5805 l9.
789 5756 833 5788 "
873 5760 1055 5811 Matth.
1086 5779 1141 5816 ιι.
1193 5764 1371 5816 15-16.
1431 5752 1438 5755 ⁷
1473 5752 1513 5794 Vt
1547 5763 1650 5817 lsu.
1684 5778 1798 5824 VIII.
1828 5765 1879 5825 ὖ,
1910 5764 1960 5815 4-

1769 5692 1811 5722 ³³³
1846 5692 1964 5745 At‘l.
2000 5708 2110 5751 MV.
2146 5694 2336 5753 26-50.

2059 5765 2101 5796 ω
2136 5764 2321 5818 Matth.
2358 5780 2415 5831 ιι,
2461 5766 2641 5818 ιι-ιπ.

2162 4588 2269 4640 μιν
2287 4571 2634 4640 Δαμασκοῦ,
2678 4571 2776 4626 καὶ
2804 4573 2873 4623 τὰ
2908 4572 3113 4625 σκύλα
3148 4572 3507 4639 Σαμαρείας,
3555 4572 3741 4623 ἔναντι

2163 4661 2476 4729 βασιλέως
2501 4664 2839 4731 Ἀσσυρίων
2864 4680 2876 4692 ο
2912 4664 2961 4713 oi
3010 4663 3141 4729 γοῦν
3190 4664 3356 4730 μάγοι
3378 4663 3454 4725 (1';
3497 4663 3594 4733 ἤδη
3624 4678 3741 4713 σκυ-

2168 4755 2445 4816 λευθέντες
2486 4754 2580 4806 καὶ
2617 4752 3099 4824 προνομευθέντες,
3154 4754 3613 4821 ὑποτεταγμένοις
3657 4749 3741 4803 καὶ

2167 4846 2469 4915 τιμητικῶς
2497 4845 2865 4916 προσκυνοῦσι
2892 4846 2966 4914 τῷ
3000 4844 3218 4913 παιδίῳ,
3250 4844 3565 4913 ἀνοίγοντες
3625 4844 3741 4901 τοὺς

2168 4940 2473 5008 θησαυροὺς
2502 4938 2699 4998 αὐτῶν,
2757 4938 2852 4989 καὶ
2896 4937 3296 5007 προσφέροντες
3325 4935 3478 5005 αὐτῷ
3528 4932 3739 5005 καιριώ-

2175 5049 2311 5084 τατα
2341 5034 2433 5085 καὶ
2456 5031 2887 5099 πρεπωδέστατα
2928 5029 3095 5099 δῶρα,
3137 5029 3357 5099 χρυσὸν,
3402 5029 3498 5082 καὶ
3518 5026 3741 5084 λίϐανον,

2170 5128 2265 5176 καὶ
2299 5123 2567 5193 σμύρναν,
2604 5124 2679 5186 ὡς
2734 5123 2942 5193 βασιλεῖ
2993 5124 3085 5175 καὶ
3119 5122 3235 5192 Θεῷ
3285 5125 3383 5174 καὶ
3436 5118 3700 5189 ἀνθρώπῳ
3726 5131 3738 5145 ⁸

2173 5216 2294 5268 ὅθεν
2355 5217 2539 5269 οὐκέτι
2577 5217 2714 5286 πρὸς
2763 5215 2853 5267 τὸν
2908 5214 3219 5285 Ἀσσύριονκ
3250 5213 3476 5283 βασιλέα
3517 5210 3741 5280 ἠξίωσαν

2169 5308 2530 5379 ὑποστρέψαι,
2612 5306 3033 5379 συνεργούμενοι
3093 5308 3197 5359 ὑπὸ
3280 5307 3378 5374 τῆς

2165 5400 2676 5470 Χρηματισθέντες
2699 5401 2767 5468 γὰ
2779 5419 2827 5469 ρ,
2846 5418 2919 5469 φη
2929 5399 3132 5459 σί,κατ’
3149 5399 3295 5464 ὄναρ
3303 5396 3391 5465 μὴ
3409 5394 3740 5462 ἀνακάμψαι

2166 5493 2314 5562 πρὸς
2342 5491 2627 5561 Ἡρώδην,
2649 5491 2723 5545 δι’
2745 5492 2939 5556 ἄλλης
2962 5489 3106 5542 ὀδοῦ
3124 5487 3522 5558 ἀνεχώρησαν
3538 5489 3619 5551 εἰς
3639 5484 3740 5548 τὴν

3454 5303 3701 5373 προνοίας
3725 5315 3738 5328 ⁸

3544 5690 3586 5719 ⁴²
3614 5681 3731 5737 ibid.

2445 5695 2487 5725 ⁸ο
2516 5694 2647 5748 Gen.
2685 5710 2796 5761 xtx,
2834 5694 2915 5747 17.
3022 5694 3063 5726 ⁵⁸
3097 5696 3216 5747 Art.
3255 5707 3345 5755 κη,
3382 5690 3432 5743 4.
