3904 6220
272 289 374 353 949
1053 293 1472 356 ΞΥΝΤΑϐΜᾹ
1495 294 1862 357 CANONUM

2001 295 2150 368 TIT,
2188 291 2364 368 XIII,
2397 292 2555 354 CAP.
2591 290 2718 352 XX.
3439 286 3554 350 95η

275 401 471 470 χώραν
496 397 718 454 αὐτῶν·
746 398 899 453 ἐνθεν
932 398 1057 454 ἰδὼν
1075 403 1104 456 ὁ
1132 402 1428 473 αἱμοϐὀρος
1473 402 1740 475 Ἡρώδης,
1765 403 1854 458 ὅτι

1995 421 2012 457 ι
2047 403 2344 458 Bethleltem
2368 417 2417 459 et
2457 406 2513 460 in
2542 407 2686 460 omni
2723 419 2838 470 elus
2879 401 3126 472 conﬁnio,
3163 417 3198 456 α
3245 401 3446 454 bimam
3491 411 3544 454 et

274 492 621 570 ὲνεπαίχρη²
650 493 772 548 ὑπὸ
817 493 938 547 τῶν
980 495 1202 565 μάγων,
1245 496 1514 566 ἐθυμώθη
1543 497 1712 551 λίαν·
1759 498 1856 551 καί

1995 506 2132 565 utra,
2157 497 2318 565 juxta
2349 507 2548 565 tempus
2575 495 2712 566 quod
2747 513 2778 549 a
2820 497 2989 564 magis
3031 495 3311 563 diligenter
3343 491 3548 546 didice-

271 585 659 652 ἀποστείλας,
667 603 738 654 φη
748 587 852 652 σὶν,
869 587 1071 641 ἀνεῖλε
1090 587 1320 654 πάντας
1331 589 1472 656 τοὺς
1483 589 1700 655 παῖδας
1714 590 1858 655 τοὺς

1997 598 2052 642 at
2081 589 2149 644 ⁸⁸.
2181 589 2316 643 Cum
2347 589 2566 658 quibus,
2596 596 2650 644 et
2675 589 2839 642 alium
2865 589 3016 657 prius
3045 595 3229 641 natum
3258 584 3560 650 infantem,

271 677 338 729 ἒν
361 676 631 746 Βηθλεὲμ
652 676 750 730 καὶ
779 677 846 731 ἐν
865 676 1017 732 πᾶσι
1048 677 1172 744 τοῖς
1204 681 1388 746 ὁρίοις
1420 677 1630 746 αὐτῆς,
1649 680 1766 734 ἀπὸ
1778 679 1861 733 δι-

1995 697 2090 734 υηι
2141 679 2527 736 interfecturus
2580 681 2922 751 quaesivisset
2969 692 3025 736 et
3074 696 3180 736 non
3223 679 3542 742 invenisset,

271 767 444 834 ετοῦς
474 768 573 820 καὶ
597 769 920 838 κατωτέρω,
945 774 1093 824 κατὰ
1108 773 1216 825 τὸν
1231 773 1453 840 χρόνον
1473 771 1545 823 ὃν
1563 771 1860 839 ήκρίϐωσε

1995 783 2180 829 iatrem
2210 775 2328 844 ejus
2361 773 2682 830 Zachariam
2720 774 2989 830 interfecit
3036 775 3175 828 inter
3205 774 3462 843 templum
3493 783 3548 826 et

273 857 430 926 παρὰ
461 857 580 912 τῶν
597 857 802 928 μάγων
825 876 840 891 ⁸
876 861 995 931 μεθ’
1015 854 1089 915 ὧν
1128 861 1222 914 καὶ
1252 862 1313 914 τὸ
1339 861 1445 930 πρὸ
1476 859 1640 914 αὐτοῦ
1669 877 1861 931 γεννη-

1995 866 2159 929 ιιιᾶΐθ,
2190 881 2313 921 cum
2349 863 2626 936 eﬂ‘ugisset
2673 865 2817 920 filius
2857 879 2981 919 cum
3027 873 3200 918 matre
3244 860 3542 918 Elisabeth.
3622 857 3625 860 ’

274 948 361 1002 θὲν
390 948 578 1020 ἕτερον
609 951 822 1005 παιδίον
855 951 1099 1023 ζητήσας
1146 955 1488 1018 ἀποκτεῖναι,
1535 953 1630 1006 καὶ
1658 953 1735 1024 μὴ
1771 954 1860 1006 εὐ-

1995 954 2124 1010 lnde
2154 971 2253 1010 nec
2281 956 2394 1011 ullo
2431 957 2594 1011 modo
2627 955 3118 1026 reprehenduntur.

275 1041 406 1112 ρὼν,
438 1041 533 1096 τὸν
554 1045 762 1114 πατέρα
795 1046 958 1100 αὐτοῦ
1017 1047 1292 1118 Ζαχαρίαν
1341 1047 1619 1116 ἐφόνευσε,
1674 1046 1875 1117 μεταξὺ
1931 1048 2025 1103 τοῦ
2081 1049 2208 1102 ναοῦ
2264 1049 2360 1103 καὶ
2418 1048 2511 1103 τοῦ
2599 1047 3010 1120 θυσιαστηρίου,
3067 1046 3395 1116 ἐκφυγόντος
3448 1035 3630 1135 1:05:2-

273 1135 488 1187 παιδίου
518 1139 657 1206 μετὰ
681 1137 782 1208 τῆς
812 1138 1018 1208 μητρὸς
1085 1140 1366 1194 Ἐλισάϐετ
1400 1140 1424 1167 ·’
1449 1141 1534 1209 ἐφ’
1582 1133 1658 1194 ὧν
1705 1141 1960 1212 οὐδεμίαν
1996 1143 2202 1214 μέμψιν
2230 1143 2404 1214 ἔσχον.
3575 1124 3601 1135 ν

342 1225 428 1282 ιδ’.
463 1228 527 1281 El
550 1228 607 1281 δέ
628 1247 774 1294 τινες
805 1229 926 1298 βίαν
982 1229 1184 1302 πολλὴν
1217 1231 1314 1285 καὶ
1353 1231 1602 1303 ἀνάγκην
1659 1232 1860 1285 πεπόν-

1995 1234 2128 1288 3N.
2168 1233 2226 1288 Si
2265 1234 2358 1303 qui
2407 1241 2588 1288 autem
2634 1232 2744 1286 vim
2789 1231 3016 1285 multam
3065 1239 3118 1285 et
3169 1228 3546 1284 necessitatem

273 1321 419 1387 ϐασι,
446 1323 621 1394 κάμον
674 1327 929 1390 λαῦόντες
971 1328 1030 1381 ἐν
1073 1327 1150 1398 τῷ
1201 1328 1427 1398 στόματι
1472 1329 1566 1380 καὶ⁸
1606 1328 1857 1398 δεσμοὺς,

1995 1325 2111 1381 ιιιεεί
2140 1335 2288 1392 sunl,
2319 1325 2521 1394 quique
2545 1334 2600 1380 et
2627 1325 2682 1378 in
2715 1338 2810 1378 ore
2836 1323 3040 1377 ferrum
3068 1330 3122 1378 et
3145 1322 3361 1377 vincula
3393 1336 3548 1376 acce-

274 1417 364 1468 καὶ
393 1415 782 1485 ἐπιμείναντες
808 1419 1092 1491 καρτερῶς
1124 1423 1189 1490 τῇ
1219 1419 1456 1474 διαθέσει
1479 1421 1578 1490 τῆς
1601 1420 1858 1481 πίστεως,

1995 1426 2181 1482 ierunt,
2229 1426 2283 1472 et
2327 1424 2546 1487 propter
2581 1417 2780 1472 bonam
2835 1414 2955 1471 tidei
3003 1413 3366 1476 aﬂ‘ectionem,
3419 1427 3549 1468 suas

272 1511 366 1562 καὶ
391 1510 494 1572 τὰς
544 1513 735 1580 χεῖρας
786 1513 987 1580 καῆναι
1051 1513 1479 1583 προσαγομένων
1534 1512 1724 1566 ἀκοντὶ
1783 1510 1861 1580 τῷ

1995 1522 2184 1578 ίιιοίιιιθ
2213 1523 2408 1563 manus
2431 1507 2515 1561 uri
2546 1506 2758 1561 fortiter
2777 1507 3140 1576 pertulerunt,
3167 1504 3233 1558 ad
3263 1502 3549 1573 profanum

269 1594 473 1668 ἀνιέρῳ
499 1598 726 1667 θύματι,
759 1598 947 1672 ῶσπερ
983 1595 1076 1653 οὖν
1111 1597 1356 1669 ἔγραψαν
1392 1616 1482 1669 μοι
1526 1599 1572 1650 oi
1623 1599 1732 1652 ἀπὸ
1758 1597 1857 1666 τῆς

1997 1601 2296 1656 acriticium
2351 1603 2432 1656 eis
2491 1600 2678 1655 invitis
2742 1599 3025 1653 adductas.
3077 1597 3548 1663 Quemadmodum

271 1689 525 1761 φιλακῆς
571 1693 970 1764 τρισμακάριον.
1029 1693 1306 1762 μάρτυρες
1351 1693 1479 1761 περὶ
1531 1690 1640 1744 τῶν
1694 1692 1752 1742 ἐν
1790 1693 1855 1762 τῇ

1995 1693 2132 1763 gitur
2166 1692 2298 1747 mihi
2329 1692 2667 1762 scripserunt
2691 1706 2756 1744 ex
2794 1690 3043 1746 custodia
3071 1689 3370 1744 beatissimi
3401 1703 3550 1741 mar-

270 1780 474 1852 Λιϐύῃ,
552 1783 647 1835 καὶ
705 1783 883 1853 ἕτεροι
940 1783 997 1835 δὲ
1057 1782 1482 1851 συλλειτουργοὶ,
1542 1782 1592 1834 οἱ
1626 1780 1858 1833 τοιοῦτοι

1997 1804 2118 1861 yres
2143 1790 2207 1841 de
2233 1788 2301 1844 iis
2327 1789 2420 1857 qui
2451 1796 2577 1842 sunt
2610 1787 2665 1840 in
2697 1786 2884 1857 Libya,
2911 1794 2965 1840 et
2987 1785 3077 1840 alii
3102 1784 3266 1838 etiam
3295 1784 3350 1837 in
3380 1782 3552 1837 sacris

272 1873 821 1942 συμμαρτυρούντων
856 1873 1040 1936 αὐτοῖς
1073 1872 1308 1943 μάλιστα
1339 1873 1565 1926 καὶτῶν
1614 1872 1859 1941 ἀδελφῶν

1995 1879 2364 1944 :omministri;
2393 1878 2428 1931 ii
2456 1877 2617 1934 simul
2643 1875 3060 1931 testificantibus
3086 1874 3309 1941 reliquis
3331 1884 3553 1942 quoque

271 1960 380 2014 τῶν
414 1961 640 2029 λοιπῶν,
663 1963 917 2018 δύνανται
970 1960 1111 2018 εῖναι
1145 1966 1204 2018 ἐν
1233 1967 1298 2034 τῇ
1369 1963 1704 2034 λειτουργίᾳ,
1758 1981 1854 2017 τα-

271 2055 496 2123 χθέντες
521 2057 579 2108 ἐν
609 2058 719 2119 τοῖς
754 2057 1133 2128 ὁμολογηταίς,
1173 2058 1247 2121 ὡς
1274 2057 1368 2110 καὶ
1407 2059 1454 2109 oi
1510 2074 1860 2127 κατανεκρω-

273 2145 460 2208 θέντες
509 2147 568 2198 ἐν
594 2148 716 2208 ταῖς
753 2147 976 2210 πολλαῖς
1031 2147 1302 2216 βασάνοις,
1354 2149 1448 2200 καὶ
1505 2149 1701 2218 μηκέτι
1763 2147 1852 2212 ἐξ·

275 2236 598 2306 ιςχύσαντες
616 2237 868 2306 λαλῆσαι,
898 2237 931 2308 ἢ
959 2239 1315 2308 φθέγξασθαι,
1351 2239 1383 2310 ἢ
1428 2240 1736 2310 κινηθῆναι,
1777 2243 1858 2304 είς

272 2329 335 2380 τὸ
366 2328 692 2398 ἀντιστῆναι
725 2333 837 2393 τοῖς
892 2331 971 2393 εἰς
1010 2331 1187 2400 μάτην
1231 2328 1642 2399 ἐκϐιαζομένοις
1668 2347 1682 2360 ·
1741 2330 1862 2384 οὐδὲ

273 2420 822 2492 γὰρ-συγκατέθεντο
869 2426 936 2495 τῇ
971 2422 1225 2495 βδελυρίᾳ
1272 2423 1474 2488 αὐτῶν,
1525 2423 1714 2496 ὥσπερ
1767 2419 1861 2478 οὖν

279 2515 430 2586 παρὰ
457 2515 893 2584 συλλειτουργῶν
926 2515 1086 2570 πάλιν
1134 2517 1374 2587 ήκουσαο
1426 2516 1860 2587 ταχθήσεται-δὲ

278 2605 337 2656 ἐν
367 2607 484 2667 τοῖς
516 2605 881 2676 ὁμολογηταῖς
932 2607 1028 2660 καὶ
1066 2610 1174 2671 πᾶς
1201 2607 1453 2661 ὁστισοῦν
1506 2609 1649 2663 κατὰ
1696 2609 1864 2680 Τιμό-

278 2697 398 2750 θεον
428 2697 778 2751 πολιτεύεται
805 2715 819 2728 ·
848 2699 1169 2770 πειθόμενος
1195 2702 1287 2754 καὶ
1307 2701 1469 2765 αὐτὸς
1499 2701 1578 2772 τῷ
1630 2702 1862 2768 λέγοντι,

277 2793 456 2845 Δίωκε
481 2791 550 2844 δὲ
570 2791 988 2860 δικαιοσένην,
1004 2793 1336 2858 εὐσέϐειαν,
1353 2796 1581 2857 πίστιν,
1601 2793 1862 2864 ἀγάπην,

279 2882 601 2950 ὑπομονὴν
632 2923 646 2948 ,
691 2882 1126 2954 προσ-πείσειαν,
1187 2877 1472 2954 amico»
1524 2883 1629 2938 τὸν
1673 2884 1868 2938 καλὸν

1969 1970 2264 2032 fratribus,
2310 1976 2538 2037 possunt
2583 1983 2707 2023 esse
2759 1967 2814 2021 in
2868 1980 3027 2021 sacro
3074 1965 3380 2019 ministerio
3413 1965 3556 2018 inter

1969 2061 2313 2118 eonfessores
2341 2061 2612 2128 collocati,
2646 2069 2702 2114 ut
2749 2067 2804 2114 et
2832 2059 2925 2128 qui
2957 2058 3013 2111 in
3047 2057 3232 2112 multis
3267 2057 3555 2111 tormentis

1969 2155 2246 2210 fortificati
2279 2153 2500 2217 fuerint,
2529 2167 2639 2207 non
2668 2152 2902 2220 amplius
2939 2150 3234 2219 potuerint,
3267 2148 3348 2202 vel
3378 2147 3550 2218 loqui,

1972 2247 2054 2300 vel
2087 2247 2285 2309 dicere,
2323 2245 2406 2300 vel
2455 2244 2680 2306 moveri,
2716 2253 2776 2298 ut
2827 2243 3146 2299 resisterent.
3189 2242 3254 2296 iis
3293 2240 3385 2310 qui
3441 2241 3554 2293 vim

1971 2338 2175 2393 frustra
2221 2335 2535 2391 aﬂ‘crebant.
2567 2334 2754 2406 Neque
2801 2335 2947 2390 enim
2992 2347 3182 2388 eorum
3219 2330 3552 2400 improbitati

1972 2429 2175 2484 assensi
2225 2437 2371 2483 sunt.
2415 2425 2884 2493 Quemadmodum
2917 2439 3046 2494 ergo
3081 2439 3110 2478 a
3156 2420 3553 2478 comministris

1972 2533 2166 2575 rursus
2201 2517 2384 2573 audivi
2435 2517 2947 2572 annumerabuntur
2995 2515 3136 2568 inter
3167 2513 3548 2578 confessores;

1973 2619 2030 2665 et
2057 2609 2371 2680 quicunque
2399 2610 2695 2663 secundum
2729 2605 3073 2661 Timotheum
3100 2605 3266 2659 vitam
3295 2603 3556 2668 instituit,

1973 2715 2172 2772 parcns
2196 2701 2246 2754 ei
2270 2714 2487 2769 quoque
2523 2698 2617 2767 qui
2663 2697 2798 2752 dicit
2849 2714 2862 2751 :
2921 2695 3238 2764 Persequere
3256 2694 3550 2764 justitiam,

1973 2794 2242 2863 pietatem,
2265 2792 2445 2861 ﬁdem,
2469 2790 2826 2854 dilectionem,
2857 2789 3215 2851 tolerantiam,
3240 2787 3508 2841 lenitatem
3533 2801 3551 2840 :

1974 2893 2118 2938 certa
2169 2883 2447 2952 pulchrum
2492 2889 2753 2936 certamen
2800 2880 2926 2950 ﬁdei
2969 2897 2988 2935 :
3022 2878 3348 2949 apprehende
3391 2878 3554 2931 vitam

281 2972 481 3042 ἀγῶνα
500 2973 613 3042 τῆς
643 2976 924 3041 πίστεως,
964 2975 1255 3029 ἐπιλαϐοῦ
1292 2975 1404 3044 τῆς
1434 2976 1675 3028 αἰωνίου
1696 2973 1863 3042 ζωῆς,

1995 2976 2229 3030 :azlestem
2267 2975 2323 3028 in
2373 2990 2530 3045 quam
2573 2982 2790 3028 vocatus
2840 2989 2929 3038 es;
2973 2981 3023 3027 et
3061 2972 3330 3042 confessus
3374 2985 3554 3023 coram
3611 3005 3623 3016 .

281 3068 369 3132 είς
383 3065 464 3134 ἢν
483 3067 746 3135 ἐκλήθης
765 3068 865 3121 καί
881 3068 1278 3138 ὡμολόγησας
1299 3069 1414 3138 τὴν
1432 3067 1630 3134 καλὴν
1657 3071 1870 3137 ὁμολο-

283 3161 418 3228 γίαν
445 3159 706 3214 ἐνώπιον
722 3160 970 3216 πολλῶν
983 3164 1321 3232 μαρτύρων.

287 3273 611 3328 Βασιλείου
633 3275 836 3329 κανὼν
887 3273 953 3341 ζ’,
987 3272 1058 3363 ης,
1096 3273 1209 3362 μας,
1241 3274 1344 3344 μδ’,
1381 3280 1484 3344 με’,
1519 3271 1614 3337 ξε-’ν
1641 3270 1740 3340 οβ’,
1766 3270 1868 3338 στ’,

940 3362 1055 3409 πα,
1097 3362 1208 3412 πγ.

349 3471 418 3538 ζ’.
496 3474 914 3546 Ἀρρενοφθόροι
965 3475 1059 3528 καὶ
1119 3473 1442 3544 ζωοφθὸροι,
1502 3473 1597 3528 καὶ
1655 3474 1865 3542 φονεῖς,

289 3583 340 3621 κ.
374 3584 423 3619 τ.
466 3567 519 3619 λ.

353 3656 424 3726 η’.
463 3657 524 3710 '0
561 3655 718 3729 ἀξίνῃ
745 3658 896 3729 παρὰ
925 3656 1016 3711 τὸν
1039 3659 1229 3728 θυμὸν,
1260 3676 1312 3712 κ.
1345 3676 1396 3712 τ.
1425 3661 1478 3711 λ.

359 3757 474 3820 μα’.
526 3751 589 3804 Ἦ
629 3753 686 3803 ἐν
719 3753 788 3822 τῇ
833 3751 1032 3822 χηρείᾳ
1086 3751 1332 3818 ἐξουσίαν
1392 3749 1595 3819 ἑαυτῆς
1647 3748 1868 3819 ἔχουσα,

292 3861 343 3895 κ.
375 3859 426 3895 τ.
464 3841 516 3894 λ.

1977 3068 2155 3122 multis
2181 3067 2394 3121 testibus
2422 3067 2800 3135 confessionem
2826 3065 2894 3119 ⁸⁷.

1978 3276 2142 3348 456
2189 3275 2382 3330 Basilii
2427 3275 2730 3398 canoness'll,
2775 3274 2842 3397 88-,
2869 3273 2961 3339 41,
2989 3271 3078 3339 44,
3105 3272 3196 3338 45,
3221 3271 3310 3338 65,
3340 3271 3430 3336 72,
3462 3270 3553 3336 75',

2731 3387 2746 3398 .
2813 3361 2865 3398 ο.

2731 3387 2746 3408 ,
2775 3361 2865 3398 ao.

2052 3481 2105 3533 7.
2145 3479 2514 3536 Masculorum
2566 3489 2620 3533 et
2662 3478 2983 3532 animalium
3011 3485 3380 3546 corruptores,
3421 3484 3552 3540 etc.,

1980 3580 2035 3624 ut
2061 3589 2182 3641 pag.
2217 3570 2342 3627 819.

2051 3663 2104 3716 8.
2132 3661 2236 3728 Qui
2279 3663 2349 3716 oh
2390 3661 2731 3717 iracundiam
2777 3661 2978 3727 securi,
3032 3671 3161 3726 etc.,
3192 3667 3248 3713 ut
3275 3675 3394 3729 pag.
3424 3657 3553 3712 922'.

2051 3756 2142 3810 41.
2182 3757 2314 3822 Quze
2353 3755 2408 3809 in
2437 3755 2699 3810 viduitate
2725 3755 2888 3811 habet
2929 3754 3012 3810 sui
3043 3762 3392 3824 potestatem,
3426 3759 3562 3814 ctc.,

1981 3856 2037 3900 ut
2069 3863 2188 3917 pag.
2225 3845 2352 3903 899.

362 3933 467 4005 μδ’.
513 3934 579 3987 Ἦ
606 3935 851 3998 διάκονος
910 3934 1050 4005 ἠτῷ
1101 3934 1324 4004 ’Έλληνι
1385 3935 1868 4005 συμπορνεύσασα,

290 4025 451 4094 δεκτή
489 4025 638 4077 ἐστιν
655 4025 735 4087 εἰς
762 4023 861 4094 τὴν
896 4024 1184 4091 μετάνοιαν
1210 4039 1224 4054 °
1263 4024 1345 4087 είς
1379 4023 1436 4077 δέ
1479 4024 1580 4096 τὴν
1624 4041 1863 4096 προσφο-

1995 4031 2046 4084 id
2073 4029 2446 4098 pcenitentiam
2467 4028 2799 4082 admittenda
2833 4035 2950 4081 est:
2988 4026 3052 4078 ad
3079 4024 3409 4079 oblationem
3430 4035 3560 4076 vero

294 4115 389 4184 ρὰν
410 4116 733 4186 δεχθήσεται
763 4115 840 4186 τῷ
877 4116 1090 4187 ἑϐδόμῳ
1133 4115 1261 4180 ἔτει,
1297 4115 1539 4186 δηλονότι
1589 4118 1646 4170 ἐν
1678 4118 1863 4189 ἁγνείᾳ

1995 4121 2300 4175 admittetur
2329 4135 2474 4174 anno
2520 4119 2774 4187 septimo,
2807 4118 2853 4174 si
2904 4117 3158 4171 videlicet
3205 4117 3259 4169 in
3309 4116 3561 4168 castitate

291 4203 440 4269 ζῶσα
465 4223 480 4236 ·
515 4207 544 4260 ὁ
565 4206 621 4258 δὲ
650 4206 789 4276 μετὰ
827 4205 926 4278 τὴν
977 4206 1159 4259 πίστιν
1192 4206 1394 4277 Ἕλλην
1429 4206 1589 4261 πάλιν
1616 4211 1683 4279 τῇ
1731 4210 1863 4278 ἱερο-

1995 4213 2147 4267 vitam
2176 4220 2318 4282 agat.
2356 4211 2579 4267 Graecus
2606 4219 2787 4265 autem
2821 4209 2912 4279 qui
2942 4218 3063 4278 post
3095 4207 3251 4261 fidem
3283 4216 3558 4276 receptam

295 4297 452 4368 συλία
483 4297 744 4369 προσιὼν,
793 4301 888 4352 ἐπὶ
945 4299 1036 4353 τὸν
1076 4298 1207 4353 ῐδιον
1257 4299 1454 4370 ἔμετον
1511 4301 1863 4370 ἐπιστρέφει·

1995 4320 2176 4360 rursus
2204 4305 2271 4359 ad
2323 4304 2668 4373 sacrilegium
2706 4303 2938 4366 accedit,
2979 4303 3045 4356 ad
3090 4301 3355 4355 vomitum
3386 4315 3562 4354 rever-

294 4391 452 4459 ήμεῖς
479 4389 537 4443 δὲ
568 4392 667 4459 τῆς
692 4390 942 4444 διακόνου
986 4391 1048 4444 τὸ
1082 4391 1243 4462 σῶμα
1299 4391 1376 4456 ὡς
1438 4392 1863 4463 καθιερωμένον,

1995 4398 2134 4452 .itur.
2169 4396 2280 4451 Nos
2321 4411 2487 4466 porro
2515 4395 2838 4450 diaconissae
2878 4408 3102 4463 corpus,
3139 4403 3331 4461 utpote
3364 4408 3558 4447 conse-

294 4482 474 4536 οὐκέτι
506 4483 877 4555 ἐπιτρέπομεν
907 4487 966 4539 ἐν
986 4487 1186 4557 χρήσει
1206 4480 1348 4541 εἷναι
1379 4489 1640 4557 σαρκικῇ.

1995 4496 2218 4553 :ratum,
2257 4503 2365 4542 non
2396 4487 2632 4556 amplius
2660 4487 3032 4556 permittimus
3065 4485 3117 4538 in
3147 4500 3248 4539 usu
3287 4499 3412 4540 esse
3441 4501 3562 4539 car-

1981 4581 2114 4634 nali.

367 4661 470 4734 με’.
505 4665 603 4724 ’ος
645 4665 741 4719 ἐάν
774 4683 858 4728 τις
891 4666 952 4719 τὸ
1000 4667 1172 4737 δνομα
1211 4667 1394 4722 λαϐὼν
1429 4668 1524 4721 τοῦ
1574 4669 1862 4737 Χριστιανι

2051 4677 2141 4732 45.
2193 4675 2252 4732 Si
2314 4678 2458 4747 quis,
2530 4683 2751 4744 accepto
2838 4675 3060 4729 nomine
3127 4673 3556 4737 Christianismi,

299 4757 436 4825 σμοῦ
468 4753 731 4825 ἐνυϐρίζῃ
753 4755 844 4808 τὸν
879 4755 1135 4825 Χριστὸν,
1175 4755 1327 4809 οὐδὲν
1349 4755 1542 4825 ὄφελος
1573 4757 1718 4826 αὐτῷ
1765 4757 1863 4812 ἀπὶ

1995 4768 2259 4824 Christum
2279 4766 2608 4824 contumelia
2640 4767 2826 4833 allicit,
2864 4767 2998 4821 nihil
3040 4767 3088 4822 ei
3119 4768 3341 4837 prodest
3370 4766 3558 4835 appel-

295 4845 393 4916 τῆς
420 4845 816 4916 προσηγορίας.

1995 4863 2140 4916 latio.

369 4938 458 5002 ξέ.
508 4937 566 4990 '0
599 4937 855 5008 γοητείαν
899 4937 932 5008 ἢ
989 4938 1340 5010 φαρμακείαν
1389 4938 1750 5009 ἐξαγορεύων,
1787 4940 1863 4992 τοι

2057 4930 2145 4986 65.
2193 4930 2297 4998 Qui
2353 4931 2656 5002 praestigias
2713 4932 2797 4986 vel
2852 4933 3175 4988 veneficium
3248 4928 3560 4993 confitetur,

298 5028 390 5081 τοῦ
420 5029 628 5098 φονέως
671 5029 861 5098 χρόνον
897 5029 1374 5099 ἐξομολογήσεται,
1436 5028 1610 5092 οὕτως
1668 5030 1863 5082 οἰκονο-

1995 5024 2035 5077 is
2060 5023 2345 5078 homicidae
2381 5031 2594 5092 tempus
2629 5024 2684 5077 in
2730 5024 3050 5093 pamiteutia
3095 5024 3295 5086 ducet;
3342 5030 3396 5074 et
3433 5035 3558 5074 cum

305 5118 596 5190 μούμενος,
647 5119 722 5182 ὡς
779 5122 839 5173 ἐν
888 5120 1083 5190 ἐκείνῳ
1130 5120 1208 5189 τῷ
1267 5121 1626 5190 ἁμαρτήματι
1683 5121 1863 5174 ἐαυτὺι

1995 5115 2080 5168 illo
2107 5121 2321 5183 agetur,
2355 5114 2501 5170 velut
2531 5128 2653 5168 cum
2697 5128 2764 5168 eo
2817 5113 2910 5184 qui
2943 5115 3146 5181 seipse
3192 5112 3242 5165 in
3296 5110 3398 5164 hoc
3439 5124 3561 5179 pec-

301 5211 543 5278 ἐλέγξας.

1995 5215 2108 5262 cato
2134 5203 2333 5275 prodit.

369 5302 466 5372 οβ’.
514 5304 572 5357 '0
609 5305 869 5374 μάντεσιν
906 5305 1097 5358 ἐαυτὸν
1164 5304 1434 5367 ἐπιδιδοὺς
1497 5306 1530 5375 ἧ
1565 5320 1675 5356 τισι
1709 5304 1853 5356 τοιού

2056 5298 2144 5352 72.
2197 5298 2299 5365 Qui
2331 5313 2388 5353 se
2418 5297 2633 5351 vatibus
2664 5295 2746 5350 vel
2782 5291 3052 5364 ejusmodi
3083 5293 3204 5346 aliis
3237 5289 3417 5355 tradit,
3446 5289 3560 5359 ipse

304 5411 433 5460 τοις,
464 5395 557 5449 τὸν
587 5396 782 5466 χρόνον
815 5395 924 5449 τῶν
979 5398 1186 5465 φονέων
1240 5397 1337 5449 καὶ
1381 5395 1542 5460 αὐτὸς
1597 5395 1854 5466 οἱκονομη

1995 5407 2202 5463 quoque
2230 5390 2521 5447 homicidae
2558 5399 2801 5456 tempore
2829 5385 3104 5454 punietur.

309 5485 554 5554 θήσεται.

375 5577 473 5646 ογ¹.
523 5582 581 5632 '0
611 5579 704 5633 τὸν
745 5580 980 5650 Χριστὸν
1039 5582 1437 5652 ἀρνησάμενος,
1483 5583 1576 5635 καὶ
1631 5582 1884 5653 παραϐὰς

390 5715 430 5745 ³⁵
455 5720 639 5775 Matth.
669 5736 727 5786 ιι,
751 5720 831 5773 16.

2054 3939 2144 3993 Li.
2197 3938 2515 3995 Diaconissa
2567 3954 2688 4008 qua:
2731 3953 2852 3992 cum
2899 3937 3088 3992 Graeco
3140 3935 3406 3991 fornicata
3455 3945 3558 4000 est,

2056 5576 2141 5631 75.
2173 5574 2273 5641 Qui
2319 5568 2536 5641 negavit
2587 5567 2865 5623 Christum
2915 5574 2967 5619 et
2999 5561 3191 5619 salutis
3242 5561 3558 5633 mysterium

909 5720 951 5750 ³⁷
984 5721 1001 5774 Ι
1028 5719 1166 5776 Tim.
1191 5740 1260 5790 ιι,
1295 5725 1487 5792 11,12.
