3904 6220
375 313 472 380 951

1553 319 1814 381 ΡΗΟΤΙΙ
1845 317 2358 382 ΡΑΤΒΙΑΒΕῙἹΕ
2398 320 2508 378 CP.

3531 318 3628 383 959.

375 431 621 497 violavit,
653 438 770 488 toto
816 431 941 488 vitae
993 449 1104 490 sua;
1132 442 1377 506 tempore
1399 434 1550 501 ﬂere,
1583 444 1638 492 et
1685 435 1958 506 pmniten-

2079 437 2125 490 τὸ
2167 438 2269 508 τῆς
2328 433 2608 507 σωτηρίας
2653 433 2982 505 μυστήριον,
3034 431 3092 484 ἐν
3130 428 3296 484 παντὶ
3343 430 3419 501 τῷ
3467 436 3628 504 χρόνῳ

379 529 510 581 tiam
541 543 702 598 agere
734 527 921 592 debet,
949 529 1026 584 sic
1054 538 1257 592 tamen,
1286 539 1346 584 ut
1371 539 1616 599 tempore
1645 544 1757 599 quo
1793 545 1824 585 e
1855 529 1962 583 vita

375 621 611 682 excellit,
661 631 1011 676 sacramento
1055 623 1255 693 dignus
1301 622 1568 677 habeatur
1600 621 1674 678 ob
1717 621 1876 678 ﬁdem
1909 621 1963 676 in

378 711 474 768 Dei
513 713 884 768 clementiam.

446 898 536 952 8|.
582 899 853 964 Quoniam
908 908 1093 953 autem
1147 897 1306 953 multi
1350 900 1404 953 in
1441 898 1815 954 Barbarorum
1874 896 1961 950 in-

376 989 652 1054 cursione,
677 999 806 1052 etc.,
827 998 883 1041 ut
901 1005 1024 1058 pag.
1049 987 1178 1043 9‘36.

445 1099 536 1153 85.
582 1097 682 1164 Qui
725 1099 1094 1152 vaticinautnr
1133 1109 1186 1154 et
1227 1099 1652 1156 consuetudines
1696 1098 1962 1168 gentium,

375 1202 504 1257 etc.,
534 1201 590 1244 ut
618 1207 741 1260 pag.
770 1190 896 1246 954.

654 1319 817 1392 457
870 1320 1109 1392 Gregorii
1134 1320 1364 1392 Nysseni
1390 1337 1510 1390 cap.
1544 1321 1595 1375 l.
1619 1321 1674 1374 ‘2.

445 1450 498 1504 1.
535 1449 631 1506 llis
680 1452 862 1520 itaque
911 1452 1014 1506 hoc
1065 1451 1227 1505 modo
1275 1450 1580 1514 distinetis,
1618 1459 1960 1520 quaecunque

376 1543 595 1610 quidem
643 1553 864 1612 peccata
912 1543 1126 1597 ratione
1173 1543 1451 1610 praeditam
1501 1541 1698 1596 anima:
1747 1548 1957 1610 partem

377 1636 667 1702 attingunt,
693 1648 816 1688 esse
845 1633 1096 1700 graviora
1128 1649 1158 1687 a
1186 1632 1438 1688 Patribus
1464 1632 1708 1702 judicata
1739 1638 1888 1693 sunt,
1911 1637 1967 1684 et

379 1725 572 1793 majori
617 1741 681 1780 ae
722 1725 1098 1780 sullicieutiori
1133 1736 1186 1781 et
1219 1725 1569 1780 laboriosiori
1606 1724 1964 1780 conversione

375 1818 538 1888 digna
589 1836 603 1872 :
653 1819 1115 1888 quemadmodum
1156 1819 1201 1874 si
1235 1821 1361 1889 quis
1393 1819 1550 1874 ﬁdem
1587 1818 1642 1871 in
1679 1816 1960 1871 Christum

378 1911 614 1979 negavit,
647 1911 729 1965 vel
774 1911 838 1964 ad
884 1911 1248 1977 Judaismum,
1279 1911 1362 1965 vel
1408 1912 1678 1965 idolorum
1725 1910 1956 1973 cultum,

377 2003 462 2056 vel
510 2002 1016 2070 Manicbteismnm,
1064 2005 1148 2058 vel
1200 2004 1414 2070 aliquod
1467 2001 1611 2056 aliud
1669 2001 1963 2070 impietatis

378 2109 550 2164 genus
577 2095 875 2149 descivisse
902 2096 1055 2149 visus
1089 2095 1177 2157 sit,
1205 2095 1295 2164 qui
1329 2095 1631 2148 voluntarie
1657 2093 1875 2161 quidem
1904 2109 1963 2147 se

378 2186 444 2239 ad
475 2185 525 2238 id
560 2185 760 2239 malum
791 2187 1043 2252 contulit,
1069 2187 1263 2240 deinde
1293 2187 1530 2252 seipsum
1561 2186 1961 2249 condemnavit,

379 2285 552 2330 totum
590 2286 803 2346 tempus
836 2280 957 2331 vitae
992 2279 1152 2332 habet
1184 2279 1512 2347 plenitcntim
1548 2289 1778 2345 tempus.
1814 2276 1964 2330 Nun-

378 2383 540 2436 quam
574 2369 742 2433 enim,
772 2369 816 2424 si
853 2370 1080 2440 mystica
1113 2382 1403 2439 peragatur
1431 2370 1626 2430 oratio,
1661 2369 1823 2420 Deum
1855 2385 1962 2422 una

377 2475 500 2513 eum
529 2461 730 2530 populo
755 2462 984 2514 adorare
1012 2462 1207 2530 dignus
1235 2462 1565 2526 censebitur,
1589 2461 1681 2515 sed
1712 2477 1960 2515 seorsum

378 2553 719 2621 precabitur;
770 2568 800 2606 ιι
847 2564 1308 2607 sacramentorum
1354 2563 1532 2607 autem
1578 2554 1966 2608 communione

375 2644 604 2696 omnino
647 2644 750 2696 erit
791 2643 1035 2708 alienus;
1075 2644 1127 2695 in
1167 2643 1297 2696 bora
1335 2656 1513 2696 autem
1545 2645 1627 2696 sui
1665 2660 1693 2697 e
1724 2646 1830 2696 vita
1867 2661 1964 2696 cx-

377 2749 588 2798 cessus,
618 2735 942 2789 sacramenti
975 2735 1378 2788 connuunionis
1409 2735 1513 2788 erit
1546 2735 1832 2804 particeps.
1864 2733 1958 2787 Sin

379 2838 557 2882 autem
589 2829 874 2896 contigerit
906 2837 968 2882 ut
999 2828 1045 2882 is
1073 2837 1266 2897 praeter
1296 2844 1444 2897 spem
1478 2827 1651 2891 vivat,
1685 2830 1736 2881 in
1771 2829 1958 2882 eodem

379 2937 571 2975 rursus
595 2921 981 2989 vivetjudicio,
1006 2922 1360 2990 mysticorum
1391 2929 1858 2974 sacramentorum
1894 2920 1957 2972 ad

376 3012 503 3067 vitae
533 3011 737 3065 exitum
774 3026 947 3081 usque
979 3027 1195 3080 expers.
1230 3011 1333 3077 Qui
1369 3021 1549 3065 autem
1588 3011 1874 3064 tormentis
1907 3021 1962 3061 et

2068 529 2170 598 τῆς
2203 528 2349 598 ζωῆς
2376 525 2540 582 αὑτοῦ
2599 525 2952 596 προσκλαίειν
3006 523 3230 592 ὀφείλει,
3265 525 3357 577 καὶ
3393 524 3628 594 ἐξομολο-

2069 617 2282 687 γεῖσθαι
2301 619 2570 689 χρεωστεῖ
2603 633 2621 651 ο
2655 618 2714 670 ἐν
2739 615 2816 688 τῷ
2840 615 3020 686 καιρῷ
3044 608 3088 683 ᾧ
3116 615 3358 669 ἐκδαίνει
3387 617 3478 670 τοῦ
3501 617 3630 687 βίου,

2068 709 2161 764 τοῦ
2184 711 2525 781 ἀγιάσματος
2573 709 2896 782 ἀξιούμενος
2927 709 3110 763 πίστει
3147 707 3253 779 τῆς
3293 708 3442 780 παρά
3500 710 3626 766 Θεοῦ

2069 803 2265 874 φιλανθ
2273 803 2509 875 ρώπιας.

2139 893 2250 949 πα’.
2292 895 2510 964 Ἐπειδὴ
2540 893 2598 948 δὲ
2633 893 2819 949 πολλοὶ
2850 895 2908 948 ὲν
2936 896 3002 967 τῇ
3051 894 3160 948 τῶν
3199 893 3492 969 βαρϐάρων
3541 914 3634 950 κα-

2066 987 2334 1059 ταδρομῇ,
2370 1005 2427 1040 κ.
2444 1004 2495 1041 τ.
2527 987 2578 1041 λ.

2134 1098 2245 1168 πγ’.
2281 1099 2344 1151 Οἱ
2399 1097 2956 1170 καταμαντευόμενοι,
3021 1098 3113 1152 καὶ
3162 1100 3281 1163 ταῖς
3340 1099 3638 1171 συνηθείαις

2069 1193 2175 1245 τῶν
2203 1191 2374 1246 ἐθνῶν
2397 1191 2900 1258 ἐξακολουθοῦντες,
2936 1209 2990 1248 κ.
3018 1209 3068 1246 τ.
3099 1193 3149 1247 λ.

2354 1323 2691 1391 Γρηγορίου
2721 1323 2977 1390 Νύσσης
3028 1340 3163 1394 κερ.
3193 1323 3266 1391 α’,
3301 1323 3367 1395 β’.

2139 1449 2210 1504 α’.
2247 1451 2466 1503 Τούτων
2507 1450 2688 1503 τοίνυν
2749 1450 2892 1503 κατά
2942 1449 3034 1503 τὸν
3067 1450 3356 1522 εἰρημένον
3415 1453 3639 1522 διευκρι⁴

2068 1542 2344 1612 νηθέντων
2362 1541 2587 1611 τρόπον,
2616 1541 2717 1595 ὅσα
2749 1541 2847 1612 μὲν
2881 1543 3262 1612 ἁμαρτήματα
3285 1542 3378 1596 τοῦ
3415 1543 3638 1612 λογιστι-

2067 1633 2166 1687 κοῦ
2196 1627 2509 1702 τῆςψυχῆς
2558 1631 2793 1686 ἅπτεται
2822 1632 3046 1703 μέρους,
3101 1633 3463 1706 χαλεπώτερα
3499 1635 3640 1706 παρα

2068 1720 2176 1774 τῶν
2201 1721 2462 1790 Πατέρων
2489 1721 2705 1792 ἐκρίθη,
2735 1723 2827 1774 καὶ
2883 1722 3130 1791 μείζονος
3183 1725 3278 1777 καὶ
3329 1722 3639 1793 διαρκεστέ-

2076 1831 2176 1883 ρας
2205 1813 2297 1866 καὶ
2321 1815 2732 1884 ἐπιπονωτέρας
2755 1815 2854 1883 τῆς
2879 1817 3219 1886 ἐπιστροφῆς
3251 1816 3374 1881 ἄξια
3396 1835 3410 1849 ·
3445 1812 3552 1870 οἷον
3597 1819 3647 1872 εί

2073 1922 2157 1968 τις
2190 1906 2470 1975 ἠρνήσατο
2490 1905 2586 1976 τὴν
2615 1909 2693 1970 είς
2724 1907 2961 1977 Χριστὸν
2982 1909 3187 1972 πίστιν,
3245 1909 3278 1980 ἢ
3325 1910 3464 1981 πρὸς
3521 1911 3643 1964 Ἴου·

2073 1997 2322 2068 δαῖσμδν,
2349 1997 2537 2068 ἢπρὸς
2566 1998 3002 2069 είδωλολατρίαν,
3033 2001 3065 2070 ἢ
3099 2001 3234 2070 πρδς
3250 2001 3642 2072 Μανιχαῖσμὺν,

2067 2091 2106 2160 ’ἢ
2141 2090 2276 2158 πρὸς
2303 2089 2430 2144 ἄλλο
2471 2108 2525 2143 τι
2557 2091 2798 2144 τοιοῦτον
2843 2092 3033 2156 ἀθεῖας
3073 2091 3232 2156 εἶδος,
3277 2094 3645 2165 αὐτομολήσας

2073 2183 2246 2252 ἐφάνη
2268 2199 2281 2212 ’
2316 2187 2344 2236 ό
2377 2183 2474 2251 μὲν
2506 2181 2769 2247 ἑκουσίως
2797 2184 2890 2236 ἐπὶ
2916 2184 2976 2237 τὸ
2999 2185 3244 2238 τοιοῦτον
3267 2188 3517 2255 ὁρμήσας
3551 2204 3643 2239 κα-

2073 2278 2189 2340 κδν,
2221 2271 2340 2330 εἶτα
2367 2277 2672 2342 καταγνοὺς
2703 2277 2920 2337 ἑαυτοῦ,
2969 2277 3161 2346 χρόνον
3214 2278 3305 2329 τον
3340 2279 3442 2347 τῆς
3483 2296 3645 2348 μετα-

2072 2370 2221 2431 νοίας
2248 2369 2362 2438 ἔχει
2393 2369 2513 2422 ὅλον
2540 2369 2631 2420 τὸν
2654 2369 2751 2437 τῆς
2778 2368 2921 2437 ζωῆς
2952 2369 3118 2422 αὐτοῦ
3153 2385 3163 2397 ·
3202 2370 3322 2422 οὐδέ
3382 2389 3508 2422 ποτε
3548 2371 3648 2440 γὰρ

2076 2461 2341 2532 μυστικῆς
2369 2460 2795 2530 ἐπιτελουμένης
2820 2461 3004 2530 εὐχῆς,
3041 2463 3178 2530 μετά
3202 2461 3293 2514 τοῦ
3320 2461 3455 2514 λαοῦ
3484 2479 3641 2532 προσ·

2071 2557 2302 2626 κυνῆσαι
2351 2555 2442 2606 τὸν
2501 2553 2634 2606 Θεὸν
2689 2553 3065 2618 καταξιοῦται,
3119 2554 3255 2606 ἀλλά
3338 2556 3650 2624 καταμόνας

2077 2644 2174 2714 μὲν
2205 2642 2442 2707 εὔξεται,
2466 2642 2564 2712 τῆς
2584 2642 2640 2694 δὲ
2661 2644 2943 2704 κοινωνίας
2966 2644 3073 2695 τῶν
3096 2645 3227 2711 ἅγια
3239 2645 3486 2715 σμάτων,
3523 2645 3651 2698 καθ-

2068 2735 2189 2788 όλου
2239 2736 2519 2804 ἀλλότριος
2575 2733 2727 2786 ἔσται
2768 2750 2782 2764 ·
2853 2735 2911 2786 ἐν
2949 2733 3006 2786 δέ
3063 2737 3125 2804 τῇ
3160 2735 3278 2805 ῶρᾳ
3334 2739 3437 2805 τῇς
3479 2736 3650 2799 ἐξόδου

2071 2829 2393 2892 αὑτοῦ,τότε
2415 2831 2512 2898 τῆς
2532 2825 2625 2880 τοῦ
2649 2827 2988 2897 ἀγιάσματος
3009 2829 3226 2898 μερίδος
3257 2827 3648 2897 ἀξιωθήσεται·

2070 2922 2118 2972 εί
2146 2920 2201 2973 δὲ
2237 2919 2478 2990 συμϐαίη
2497 2918 2627 2989 παρ’
2649 2919 2837 2971 ἐλπίδα
2874 2919 3243 2988 ζῆσαιαὺτὸν,
3291 2919 3460 2972 πάλιν
3494 2921 3550 2971 ἐν
3579 2919 3654 2988 τῷ

2071 3013 2218 3081 αὖτῷ
2249 3013 2477 3082 κρίματι
2511 3011 2862 3064 διαὸιώσεται
2895 3013 3164 3082 ἀμέτοχος
3202 3012 3310 3065 τῶν
3374 3011 3651 3082 μυστικῶν

379 3105 633 3174 gravibus
663 3104 944 3173 suppliciis
975 3103 1297 3166 excruciati,
1327 3105 1360 3157 ii
1393 3105 1695 3173 praestituto
1725 3113 1963 3172 tempore.

2079 3105 2433 3175 ἂγιασμάτων
2463 3105 2625 3175 μέχρι
2655 3104 2754 3174 τῆς
2778 3103 2963 3169 ἐξόδου
3010 3106 3326 3174 γινόμενος·
3372 3107 3424 3158 οἱ
3462 3106 3518 3158 δὲ
3558 3105 3650 3174 βα-

376 3197 709 3265 punientur,
756 3195 958 3249 sanctis
1007 3193 1258 3248 Patribus
1307 3195 1386 3248 sic
1433 3194 1485 3246 in
1535 3209 1630 3248 eos
1676 3193 1960 3247 clementia

382 3289 529 3352 usis,
559 3296 817 3355 tanquam
855 3287 1037 3340 anima
1075 3301 1185 3339 non
1225 3288 1374 3354 lapsa
1410 3286 1499 3348 sit,
1537 3287 1628 3340 scd
1663 3287 1962 3354 corporalis

377 3378 722 3434 imbecillitas
746 3377 1032 3432 tormentis
1056 3391 1162 3430 non
1191 3378 1473 3432 restiterit.
1500 3378 1680 3444 Quare
1705 3392 1958 3431 mensura

377 3485 565 3524 eorum
593 3471 682 3540 qui
709 3471 763 3524 in
790 3469 1152 3523 fornicatione
1177 3479 1495 3538 peecarunt,
1514 3481 1567 3523 et
1591 3470 1639 3522 vi
1666 3470 1961 3536 doloreque

376 3576 630 3630 expressa
663 3563 1043 3632 transgressio,
1075 3561 1129 3614 in
1161 3563 1539 3625 conversione,
1564 3560 1754 3615 eodem
1787 3561 1963 3629 spatio

378 3654 623 3710 dimensa
651 3663 755 3710 est.

447 3934 482 3988 2
511 3931 616 4008 ['5].
644 3931 748 4001 Qui
785 3933 851 3988 ad
889 3932 1337 4004 praestigiatores,
1368 3931 1449 3985 vel
1483 3941 1636 3986 vates
1669 3929 1955 3990 abierunt,

379 4028 465 4084 vel
511 4043 608 4083 eos
655 4028 751 4098 qui
801 4043 896 4098 per
938 4027 1214 4080 daemones
1258 4039 1316 4079 se
1357 4023 1571 4093 piacula
1617 4023 1865 4092 quaedam
1909 4030 1964 4077 et
1999 4065 2003 4071 .

377 4121 695 4176 aversiones
718 4129 1040 4189 operatur-os
1067 4117 1421 4187 pollicentur;
1453 4115 1486 4168 ii
1516 4124 1705 4169 exacte
1729 4115 1963 4170 interro-

379 4225 578 4284 gantur
608 4224 662 4268 et
695 4212 1102 4276 exaniinantur,
1138 4221 1320 4263 utrum
1361 4208 1413 4262 in
1451 4207 1556 4261 ﬁde
1591 4207 1642 4260 in
1678 4207 1958 4262 Christum

382 4314 778 4374 permanentes,
807 4320 835 4358 a
860 4303 1181 4357 necessitate
1211 4300 1392 4369 aliqua
1423 4299 1488 4354 ad
1518 4299 1648 4353 illud
1680 4309 1960 4369 peccaturo

379 4395 546 4466 458
579 4395 798 4464 impulsi
835 4404 992 4457 sunt,
1024 4409 1148 4448 cum
1184 4391 1403 4446 alIlictio
1435 4389 1616 4460 aliqua
1647 4392 1727 4444 vel
1766 4391 1963 4446 intole-

379 4489 569 4544 rabilis
609 4489 823 4559 jactura
873 4489 1021 4542 bnnc
1075 4486 1181 4541 illis
1231 4485 1473 4539 animum
1527 4485 1844 4548 indidisset;
1897 4500 1964 4537 an

381 4581 608 4634 omnino
640 4581 883 4650 neglecto
916 4580 1059 4649 quod
1098 4579 1256 4633 nobis
1292 4578 1560 4633 creditum
1596 4587 1679 4632 est
1715 4577 1963 4631 testimo-

385 4675 507 4740 nio,
549 4675 615 4728 ad
664 4675 972 4728 daemonum
1021 4673 1338 4726 societatem
1389 4686 1448 4726 se
1492 4669 1863 4725 contulerunt.
1909 4669 1964 4722 Si

380 4767 524 4820 enim
553 4767 618 4820 ad
647 4765 806 4820 ﬁdem
840 4765 1242 4828 inlirmaudam,
1267 4774 1320 4818 ct
1343 4763 1485 4832 quod
1515 4762 1680 4815 Deum
1713 4778 1832 4815 esse
1859 4776 1966 4814 non

383 4857 704 4920 crederent,
737 4857 828 4926 qui
875 4873 903 4910 a
947 4856 1271 4909 Christianis
1317 4855 1555 4909 creditur
1595 4864 1648 4908 et
1688 4855 1967 4915 aduratur,

384 4949 513 5002 illud
559 4948 834 5010 fecerunt,
863 4956 1026 5001 erunt
1067 4948 1276 5002 scilicet
1339 4955 1714 5015 apostatarum
1758 4945 1970 5014 judicio

381 5040 628 5094 obnoxii.
663 5039 757 5094 Sin
798 5051 977 5094 autem
1016 5054 1122 5094 nou
1161 5037 1380 5092 ferenda
1419 5038 1718 5091 necessitas
1755 5037 1967 5107 aliqua,

386 5133 581 5199 pusillo
607 5141 661 5185 et
684 5133 893 5201 abjeeto
924 5147 1114 5184 eorum
1146 5131 1330 5183 animo
1357 5139 1634 5198 snperato,
1657 5143 1724 5182 eo
1748 5128 1974 5182 deduxit

389 5226 523 5279 falsa
555 5225 737 5294 aliqua
770 5240 864 5292 spe
895 5225 1189 5287 deductos;
1229 5221 1481 5276 similiter
1514 5221 1620 5274 erit
1649 5231 1703 5274 et
1739 5221 1790 5274 in
1826 5221 1974 5288 ipsos

389 5317 705 5381 clementia,
735 5315 908 5371 instar
943 5330 1132 5368 eorum
1173 5313 1264 5382 qui
1309 5312 1597 5367 tormentis
1639 5313 1689 5366 in
1733 5322 1974 5382 tempore

390 5406 754 5464 confessionis
780 5407 1035 5463 resistere
1067 5421 1172 5460 non
1203 5413 1518 5475 potuerunt.

462 5681 605 5764 Lege
651 5699 772 5762 qua:
807 5695 1065 5740 annotata
1100 5695 1229 5742 sunt
1268 5686 1320 5740 in
1380 5698 1497 5753 cap.
1535 5682 1606 5737 9.5
1661 5683 1745 5738 tit.
1777 5682 1808 5736 9
1837 5698 1976 5754 prae-

393 5765 566 5810 sentis
591 5769 794 5823 operis.

2073 3199 2254 3260 σάνοις
2287 3197 2382 3249 καὶ
2414 3197 2708 3266 τιμωρίαις
2741 3195 3006 3265 χαλεπαῖς
3033 3196 3396 3261 αἰκισθέντες,
3427 3199 3484 3251 ἐν
3512 3199 3656 3269 ρητῷ

2070 3290 2248 3361 Χρόνῳ
2290 3289 2706 3359 ἐπετιμήθησαν
2733 3306 2747 3318 ·
2789 3288 2932 3342 οὕτω
3001 3289 3110 3342 τῶν
3175 3290 3346 3358 ἁγίων
3400 3292 3654 3361 Πατέρων

2072 3383 2455 3454 φιλανθρωπίᾳ
2487 3385 2573 3435 ἐπ’
2605 3382 2782 3436 αὐτῶν
2813 3386 3201 3454 χρησαμένων,
3234 3384 3310 3446 ὼς
3336 3385 3463 3454 οὐχὶ
3478 3385 3655 3453 ψυχῆς

2071 3474 2446 3544 γεγενημένης
2479 3476 2536 3527 ἐν
2561 3475 2838 3544 πτώματι,
2868 3475 3004 3528 ἀλλά
3031 3478 3131 3545 τῆς
3151 3479 3474 3545 σωματικῆς
3498 3477 3654 3530 ἀσθε-

2070 3569 2218 3631 νείας
2276 3567 2411 3639 πρὸς
2456 3567 2552 3629 τὰς
2607 3568 2792 3626 αἰκίας
2853 3567 2956 3618 οὐκ
3009 3566 3528 3636 ἀντισχούσηςοδιδ
3581 3567 3656 3635 τῷ

2075 3657 2258 3729 μέτρῳ
2318 3658 2430 3710 τῶν
2473 3659 2530 3709 ἐν
2582 3659 2810 3726 πορνείᾳ
2875 3657 3414 3726 πλημμελησάντων,
3477 3659 3572 3710 καὶ
3625 3659 3656 3726 ἡ

2073 3749 2407 3822 βεϐιασμένη
2442 3765 2502 3800 τε
2544 3749 2638 3800 καὶ
2664 3748 2938 3811 ἐπώδυνος
2988 3749 3304 3819 παράϐασις
3345 3733 3408 3801 ἐν
3440 3752 3507 3820 τῇ
3543 3752 3658 3802 ἐπι-

2072 3843 2278 3912 στροφῇ
2311 3838 2717 3909 συνεμετρὴθη.

2142 3931 2206 4003 β’.
2224 3934 2286 3985 Οἱ
2305 3932 2360 3984 δὲ
2389 3931 2525 4002 πρὸς
2549 3931 2752 4001 γόητας
2767 3930 3092 4002 amovi-sgf}
3117 3932 3360 4001 μάντεις,
3383 3934 3419 4004 ἢ
3435 3934 3562 3997 τοὺς
3574 3935 3659 3987 διὰ

2071 4025 2343 4095 δαιμόνων
2369 4024 2650 4095 καθάρσια
2674 4041 2797 4076 τινα
2837 4025 2932 4078 καὶ
2970 4027 3472 4097 ἀποτροπιασμοὺς
3503 4029 3660 4098 ἐνερο

2073 4120 2190 4186 γεῖν
2221 4117 2718 4186 ὑπισχνουμένους,
2739 4110 2888 4170 οὗτοι
2916 4117 3230 4187 ἐρωτῶνται
3274 4119 3340 4171 δι’
3373 4120 3661 4190 ἀκριϐείας

2073 4209 2169 4262 καὶ
2184 4208 2593 4278 ἀνακρίνονται,
2637 4207 2868 4277 πότερον
2891 4208 3250 4278 ἐπιμένοντες
3297 4214 3361 4282 τῇ
3387 4214 3469 4275 εἰς
3525 4215 3568 4265 Χ
3579 4231 3661 4283 ρι-

2075 4301 2198 4354 στδν
2229 4299 2410 4352 πίστει
2449 4299 2540 4351 ὑπ’
2562 4299 2807 4368 ἀνάγκης
2827 4299 2972 4362 τινὸς
3007 4302 3418 4371 συνηνέχθησαν
3478 4305 3661 4374 ἐκείνῃ

2073 4395 2138 4462 τῇ
2176 4391 2440 4461 ἁμαρτία,
2486 4390 2785 4452 κακώσεώς
2831 4408 2976 4451 τινος
3036 4393 3068 4462 ἢ
3119 4395 3398 4464 ἀφορήτου
3454 4397 3660 4466 ζημίας

2002 4470 2043 4524 Ῑ)
2072 4486 2276 4552 ταύτην
2296 4483 2478 4543 αὐτοῖς
2511 4481 2608 4550 τὴν
2631 4480 2808 4550 ὁρμὴν
2833 4483 3189 4552 ἐμποιούσης,
3215 4486 3249 4556 ἢ
3289 4488 3528 4540 καθόλου
3559 4507 3658 4540 κα-

2069 4575 2512 4645 ταφρονήσαντες
2537 4574 2628 4626 τοῦ
2650 4575 3084 4644 πεπιστευμένου
3145 4580 3275 4646 παρ’
3306 4580 3469 4648 ἡμῶν
3518 4598 3661 4650 μαρ-

2069 4666 2279 4737 τυρίου,
2314 4670 2380 4736 τῇ
2409 4665 2518 4718 τῶν
2547 4665 2823 4732 δαιμόνων
2876 4668 3166 4738 συμμαχία
3217 4672 3608 4741 προσέδραμον
3643 4687 3657 4701 ·

2069 4761 2117 4812 εἰ
2147 4759 2246 4830 μὲν
2277 4761 2386 4827 γὰρ
2419 4760 2512 4812 ἐπὶ
2542 4759 2796 4828 ἀθετήσει
2826 4759 2927 4830 τῆς
2968 4761 3226 4823 πίστεως,
3261 4764 3356 4817 καὶ
3403 4767 3545 4835 πρὸς
3604 4765 3663 4817 τὺ

2073 4853 2150 4923 μὴ
2176 4852 2454 4905 πιστεύειν
2513 4847 2652 4903 εἶναι
2683 4851 2816 4902 Θεὸν
2852 4851 2941 4904 τὸν
2974 4852 3124 4921 παρὰ
3152 4854 3262 4906 τῶν
3311 4856 3662 4925 Χριστιανῶν

2073 4945 2569 5015 προσκυνούμενον,
2604 4945 2782 4996 ἐκεῖνο
2839 4946 3122 5013 ἐποίησαν,
3160 4947 3364 5018 δηλαδὴ
3412 4949 3493 5019 τῷ
3543 4951 3662 5020 κρί-

2077 5056 2207 5108 ματι
2257 5041 2367 5091 τῶν
2427 5037 2794 5107 παραϐάντων
2867 5038 3275 5107 ὑπαχθήσονται
3309 5057 3324 5071 ο
3361 5043 3409 5094 εί
3473 5044 3532 5095 δέ
3583 5061 3662 5105 τις

2073 5131 2422 5191 ἀϐάστακτος
2467 5129 2682 5197 ἀνάγκη
2723 5132 3192 5201 κατακρατήσασα
3235 5133 3332 5202 τῆς
3390 5135 3661 5203 μικροψυ-

2075 5222 2197 5290 χίας
2227 5222 2431 5278 αὺτῶν,
2471 5221 2550 5282 εἰς
2581 5220 2740 5272 τοῦτο
2795 5223 3084 5291 προήγαγε
3125 5224 3213 5277 διά
3256 5241 3401 5286 τινος
3438 5229 3662 5294 ἠπατη-

2082 5314 2250 5384 μένης
2279 5313 2495 5373 ἐλπίδος
2524 5313 3067 5384 παρακρουσθέντας,
3088 5315 3351 5380 ὡσαύτως
3379 5317 3536 5369 ἔσται
3571 5317 3662 5368 καὶ

2076 5409 2162 5456 ἐπ’
2187 5405 2366 5460 αὐτῶν
2395 5408 2429 5476 ὴ
2450 5405 2854 5475 φιλανθρωπία,
2879 5405 3001 5459 καθ’
3058 5407 3355 5478 ὁμοιότητα
3381 5407 3501 5460 τῶν
3529 5409 3661 5478 πρὶς

2077 5501 2175 5562 τὰς
2202 5498 2469 5568 βασάνους
2503 5501 2560 5550 ἐν
2583 5496 2659 5567 τῷ
2690 5499 2866 5568 καιρῷ
2891 5498 2990 5568 τῆς
3045 5499 3337 5568 ὁμολογίας
3381 5499 3660 5572 ἀντισχεῖν

2083 5592 2156 5662 μὴ
2184 5590 2540 5660 δυνηθέντων.

2161 5683 2462 5758 ’ᾼνάγνωθι
2490 5685 2558 5758 ca;
2598 5685 3034 5758 παραγραφέντα
3057 5689 3115 5738 ἐν
3155 5686 3233 5758 τῷ
3265 5683 3343 5740 κε’
3375 5700 3507 5756 κεφ.
3566 5684 3656 5737 το]

2081 5753 2124 5810 θ’
2161 5756 2264 5811 τίτ.
2290 5753 2384 5808 τοῦ
2410 5753 3106 5826 παρόντοςσυντάγματος.
