  <div class='ocr_page' id='page_1' title='image "/cluster/home/n/w/nwhite01/storage/ocr_20150623/104 pt.4/mdp.39015061931229/486.png"; bbox 0 0 3766 6198; ppageno 0'>
   <div class='ocr_carea' id='block_1_1' title="bbox 91 266 1654 352">
    <p class='ocr_par' dir='ltr' id='par_1_1' title="bbox 91 273 1652 346">
     <span class='ocr_line' id='line_1_1' title="bbox 91 273 1652 346; baseline -0.004 -1"><span class='ocrx_word' id='word_1_1' title='bbox 91 281 186 346; x_wconf 62' lang='grc' dir='ltr'><strong>θτιθ</strong></span> <span class='ocrx_word' id='word_1_2' title='bbox 842 273 1244 338; x_wconf 83' lang='lat' dir='ltr'><strong>SYNTAGMA</strong></span> <span class='ocrx_word' id='word_1_3' title='bbox 1281 275 1652 339; x_wconf 85' lang='lat' dir='ltr'><strong>CANONUM</strong></span> 
     </span>
    </p>
   </div>
   <div class='ocr_carea' id='block_1_2' title="bbox 1817 266 3343 352">
    <p class='ocr_par' dir='ltr' id='par_1_2' title="bbox 1817 266 3343 352">
     <span class='ocr_line' id='line_1_2' title="bbox 1817 266 3343 352; baseline -0.005 -13"><span class='ocrx_word' id='word_1_4' title='bbox 1817 277 1955 340; x_wconf 86' lang='grc' dir='ltr'><strong>ΓῙΤ.</strong></span> <span class='ocrx_word' id='word_1_5' title='bbox 1993 266 2167 352; x_wconf 85' lang='grc' dir='ltr'>ΧΙῙῘ,</span> <span class='ocrx_word' id='word_1_6' title='bbox 2209 277 2366 339; x_wconf 83' lang='lat' dir='ltr'><strong>CAP.</strong></span> <span class='ocrx_word' id='word_1_7' title='bbox 2399 277 2562 341; x_wconf 80' lang='lat' dir='ltr'><strong>XXI.</strong></span> <span class='ocrx_word' id='word_1_8' title='bbox 3239 271 3343 334; x_wconf 61' lang='grc'><strong>954</strong></span> 
     </span>
    </p>
   </div>
   <div class='ocr_carea' id='block_1_3' title="bbox 154 387 1654 460">
    <p class='ocr_par' dir='ltr' id='par_1_3' title="bbox 154 387 1654 460">
     <span class='ocr_line' id='line_1_3' title="bbox 154 387 1654 460; baseline -0.003 -11"><span class='ocrx_word' id='word_1_9' title='bbox 154 389 386 449; x_wconf 61' lang='grc' dir='ltr'><strong>ΚΕΦΔΛ.</strong></span> <span class='ocrx_word' id='word_1_10' title='bbox 415 387 547 444; x_wconf 77' lang='lat' dir='ltr'><strong>KA&#39;.</strong></span> <span class='ocrx_word' id='word_1_11' title='bbox 585 417 650 433; x_wconf 74' lang='grc' dir='ltr'><strong>υ·-</strong></span> <span class='ocrx_word' id='word_1_12' title='bbox 671 388 810 457; x_wconf 67' lang='lat' dir='ltr'><strong>nep!</strong></span> <span class='ocrx_word' id='word_1_13' title='bbox 844 387 1159 458; x_wconf 71' lang='lat' dir='ltr'><strong>O’xnrmd&#39;w</strong></span> <span class='ocrx_word' id='word_1_14' title='bbox 1195 388 1294 443; x_wconf 79' lang='grc' dir='ltr'><strong>καί</strong></span> <span class='ocrx_word' id='word_1_15' title='bbox 1323 391 1524 460; x_wconf 75' lang='grc' dir='ltr'><strong>μίμων</strong></span> <span class='ocrx_word' id='word_1_16' title='bbox 1558 390 1654 445; x_wconf 70' lang='grc' dir='ltr'><strong>καί</strong></span> 
     </span>
    </p>
   </div>
   <div class='ocr_carea' id='block_1_4' title="bbox 1817 387 3344 460">
    <p class='ocr_par' dir='ltr' id='par_1_4' title="bbox 1835 387 3344 458">
     <span class='ocr_line' id='line_1_4' title="bbox 1835 387 3344 458; baseline -0.006 -12"><span class='ocrx_word' id='word_1_17' title='bbox 1835 390 1987 446; x_wconf 89' lang='lat' dir='ltr'><strong>CAP.</strong></span> <span class='ocrx_word' id='word_1_18' title='bbox 2018 390 2166 448; x_wconf 74' lang='lat' dir='ltr'><strong>XX].</strong></span> <span class='ocrx_word' id='word_1_19' title='bbox 2192 421 2261 432; x_wconf 90' lang='lat'><strong><em>—-</em></strong></span> <span class='ocrx_word' id='word_1_20' title='bbox 2294 390 2371 446; x_wconf 86' lang='lat' dir='ltr'><strong>De</strong></span> <span class='ocrx_word' id='word_1_21' title='bbox 2393 390 2609 445; x_wconf 73' lang='lat' dir='ltr'><strong>scenicis</strong></span> <span class='ocrx_word' id='word_1_22' title='bbox 2631 397 2680 443; x_wconf 77' lang='lat' dir='ltr'><strong>et</strong></span> <span class='ocrx_word' id='word_1_23' title='bbox 2704 387 2881 444; x_wconf 75' lang='lat' dir='ltr'><strong>mimis</strong></span> <span class='ocrx_word' id='word_1_24' title='bbox 2904 398 3060 458; x_wconf 82' lang='lat' dir='ltr'><strong>atque</strong></span> <span class='ocrx_word' id='word_1_25' title='bbox 3092 387 3213 440; x_wconf 80' lang='lat' dir='ltr'><strong>aliis</strong></span> <span class='ocrx_word' id='word_1_26' title='bbox 3243 387 3344 438; x_wconf 84' lang='lat' dir='ltr'><strong>Im-</strong></span> 
     </span>
    </p>
   </div>
   <div class='ocr_carea' id='block_1_5' title="bbox 92 481 1654 554">
    <p class='ocr_par' dir='ltr' id='par_1_5' title="bbox 92 483 928 554">
     <span class='ocr_line' id='line_1_5' title="bbox 92 483 928 554; baseline -0.007 -11"><span class='ocrx_word' id='word_1_27' title='bbox 92 487 196 543; x_wconf 75' lang='grc' dir='ltr'><strong>τῶν</strong></span> <span class='ocrx_word' id='word_1_28' title='bbox 214 485 423 554; x_wconf 77' lang='grc' dir='ltr'><strong>ὁμοίων</strong></span> <span class='ocrx_word' id='word_1_29' title='bbox 451 483 928 553; x_wconf 75' lang='grc' dir='ltr'><strong>μετανοούντων.</strong></span> 
     </span>
    </p>
   </div>
   <div class='ocr_carea' id='block_1_6' title="bbox 1817 481 2714 554">
    <p class='ocr_par' dir='ltr' id='par_1_6' title="bbox 1817 481 2714 552">
     <span class='ocr_line' id='line_1_6' title="bbox 1817 481 2714 552; baseline -0.002 -16"><span class='ocrx_word' id='word_1_30' title='bbox 1817 481 2006 547; x_wconf 80' lang='lat' dir='ltr'><strong>smodi,</strong></span> <span class='ocrx_word' id='word_1_31' title='bbox 2036 481 2295 552; x_wconf 76' lang='lat' dir='ltr'><strong>siquando</strong></span> <span class='ocrx_word' id='word_1_32' title='bbox 2324 499 2412 535; x_wconf 86' lang='lat' dir='ltr'><strong>eos</strong></span> <span class='ocrx_word' id='word_1_33' title='bbox 2443 483 2714 552; x_wconf 78' lang='lat' dir='ltr'><strong>pamiteut.</strong></span> 
     </span>
    </p>
   </div>
   <div class='ocr_carea' id='block_1_7' title="bbox 248 567 1654 644">
    <p class='ocr_par' dir='ltr' id='par_1_7' title="bbox 248 567 1469 641">
     <span class='ocr_line' id='line_1_7' title="bbox 248 567 1469 641; baseline -0.005 -11"><span class='ocrx_word' id='word_1_34' title='bbox 248 571 506 630; x_wconf 82' lang='grc' dir='ltr'><strong>Συνόὸου</strong></span> <span class='ocrx_word' id='word_1_35' title='bbox 538 571 960 640; x_wconf 77' lang='grc' dir='ltr'><strong>Καρθατέννης</strong></span> <span class='ocrx_word' id='word_1_36' title='bbox 975 570 1178 624; x_wconf 81' lang='grc' dir='ltr'><strong>κανὼν</strong></span> <span class='ocrx_word' id='word_1_37' title='bbox 1213 569 1334 641; x_wconf 87' lang='grc' dir='ltr'><strong>μς’,</strong></span> <span class='ocrx_word' id='word_1_38' title='bbox 1369 567 1469 639; x_wconf 81' lang='grc' dir='ltr'><strong>ξγ⁹.</strong></span> 
     </span>
    </p>
   </div>
   <div class='ocr_carea' id='block_1_8' title="bbox 1817 567 3134 644">
    <p class='ocr_par' dir='ltr' id='par_1_8' title="bbox 1955 571 3134 644">
     <span class='ocr_line' id='line_1_8' title="bbox 1955 571 3134 644; baseline -0.003 -16"><span class='ocrx_word' id='word_1_39' title='bbox 1955 573 2184 629; x_wconf 79' lang='lat' dir='ltr'><strong>Concilii</strong></span> <span class='ocrx_word' id='word_1_40' title='bbox 2210 573 2645 644; x_wconf 80' lang='lat' dir='ltr'><strong>Cart/mgiuensis</strong></span> <span class='ocrx_word' id='word_1_41' title='bbox 2674 589 2899 626; x_wconf 82' lang='lat' dir='ltr'><strong>canones</strong></span> <span class='ocrx_word' id='word_1_42' title='bbox 2927 572 3017 637; x_wconf 72' lang='grc'><strong>46,</strong></span> <span class='ocrx_word' id='word_1_43' title='bbox 3045 571 3134 625; x_wconf 77' lang='lat'><strong>63.</strong></span> 
     </span>
    </p>
   </div>
   <div class='ocr_carea' id='block_1_9' title="bbox 150 660 1654 736">
    <p class='ocr_par' dir='ltr' id='par_1_9' title="bbox 150 660 1648 732">
     <span class='ocr_line' id='line_1_9' title="bbox 150 660 1648 732; baseline -0.003 -12"><span class='ocrx_word' id='word_1_44' title='bbox 150 665 278 732; x_wconf 81' lang='grc' dir='ltr'><strong>Περὶ</strong></span> <span class='ocrx_word' id='word_1_45' title='bbox 298 660 601 728; x_wconf 78' lang='grc' dir='ltr'><strong>σκηνικῶν</strong></span> <span class='ocrx_word' id='word_1_46' title='bbox 627 664 1088 732; x_wconf 75' lang='grc' dir='ltr'><strong>μετανοούντων</strong></span> <span class='ocrx_word' id='word_1_47' title='bbox 1137 661 1238 715; x_wconf 78' lang='grc' dir='ltr'><strong>καί</strong></span> <span class='ocrx_word' id='word_1_48' title='bbox 1284 661 1648 730; x_wconf 64' lang='lat' dir='ltr'><strong>emcrede-</strong></span> 
     </span>
    </p>
   </div>
   <div class='ocr_carea' id='block_1_10' title="bbox 1817 660 3346 736">
    <p class='ocr_par' dir='ltr' id='par_1_10' title="bbox 1823 661 3346 736">
     <span class='ocr_line' id='line_1_10' title="bbox 1823 661 3346 736; baseline -0.005 -14"><span class='ocrx_word' id='word_1_49' title='bbox 1823 665 1901 722; x_wconf 84' lang='lat' dir='ltr'><strong>De</strong></span> <span class='ocrx_word' id='word_1_50' title='bbox 1931 666 2148 721; x_wconf 77' lang='lat' dir='ltr'><strong>scenicis</strong></span> <span class='ocrx_word' id='word_1_51' title='bbox 2172 668 2262 736; x_wconf 80' lang='lat' dir='ltr'><strong>qui</strong></span> <span class='ocrx_word' id='word_1_52' title='bbox 2305 666 2518 720; x_wconf 80' lang='lat' dir='ltr'><strong>veniunt</strong></span> <span class='ocrx_word' id='word_1_53' title='bbox 2559 665 2628 719; x_wconf 86' lang='lat' dir='ltr'><strong>ad</strong></span> <span class='ocrx_word' id='word_1_54' title='bbox 2653 664 3016 734; x_wconf 61' lang='lat' dir='ltr'><strong>ﬁwnitentiam</strong></span> <span class='ocrx_word' id='word_1_55' title='bbox 3059 673 3106 716; x_wconf 84' lang='lat' dir='ltr'><strong>et</strong></span> <span class='ocrx_word' id='word_1_56' title='bbox 3142 663 3211 733; x_wconf 69' lang='lat' dir='ltr'><strong>ad</strong></span> <span class='ocrx_word' id='word_1_57' title='bbox 3241 661 3346 714; x_wconf 84' lang='lat' dir='ltr'><strong>Dc-</strong></span> 
     </span>
    </p>
   </div>
   <div class='ocr_carea' id='block_1_11' title="bbox 91 756 1654 824">
    <p class='ocr_par' dir='ltr' id='par_1_11' title="bbox 91 756 622 824">
     <span class='ocr_line' id='line_1_11' title="bbox 91 756 622 824; baseline -0.004 -14"><span class='ocrx_word' id='word_1_58' title='bbox 91 773 195 810; x_wconf 79' lang='grc' dir='ltr'><strong>των</strong></span> <span class='ocrx_word' id='word_1_59' title='bbox 215 756 357 824; x_wconf 81' lang='grc' dir='ltr'><strong>πρὸς</strong></span> <span class='ocrx_word' id='word_1_60' title='bbox 384 757 622 824; x_wconf 80' lang='grc' dir='ltr'><strong>Κύριον.</strong></span> 
     </span>
    </p>
   </div>
   <div class='ocr_carea' id='block_1_12' title="bbox 1817 756 2380 824">
    <p class='ocr_par' dir='ltr' id='par_1_12' title="bbox 1817 760 2380 813">
     <span class='ocr_line' id='line_1_12' title="bbox 1817 760 2380 813; baseline 0 -1"><span class='ocrx_word' id='word_1_61' title='bbox 1817 760 1951 813; x_wconf 76' lang='lat' dir='ltr'><strong>Fuum</strong></span> <span class='ocrx_word' id='word_1_62' title='bbox 1983 768 2380 813; x_wconf 83' lang='lat' dir='ltr'><strong>convertuntur.</strong></span> 
     </span>
    </p>
   </div>
   <div class='ocr_carea' id='block_1_13' title="bbox 153 844 1654 925">
    <p class='ocr_par' dir='ltr' id='par_1_13' title="bbox 153 844 1650 919">
     <span class='ocr_line' id='line_1_13' title="bbox 153 844 1650 919; baseline -0.003 -17"><span class='ocrx_word' id='word_1_63' title='bbox 153 855 263 919; x_wconf 85' lang='grc' dir='ltr'><strong>μς’.</strong></span> <span class='ocrx_word' id='word_1_64' title='bbox 291 847 451 900; x_wconf 84' lang='grc' dir='ltr'><strong>Ὥστε</strong></span> <span class='ocrx_word' id='word_1_65' title='bbox 482 848 596 909; x_wconf 79' lang='grc' dir='ltr'><strong>τοῖς</strong></span> <span class='ocrx_word' id='word_1_66' title='bbox 647 846 930 916; x_wconf 80' lang='grc' dir='ltr'><strong>σκηνικοϊς</strong></span> <span class='ocrx_word' id='word_1_67' title='bbox 985 846 1081 899; x_wconf 81' lang='grc' dir='ltr'><strong>καὶ</strong></span> <span class='ocrx_word' id='word_1_68' title='bbox 1142 845 1331 916; x_wconf 91' lang='grc' dir='ltr'><strong>μίμοις</strong></span> <span class='ocrx_word' id='word_1_69' title='bbox 1385 844 1480 898; x_wconf 81' lang='grc' dir='ltr'><strong>καί</strong></span> <span class='ocrx_word' id='word_1_70' title='bbox 1536 846 1650 909; x_wconf 82' lang='grc' dir='ltr'><strong>τοῖς</strong></span> 
     </span>
    </p>
   </div>
   <div class='ocr_carea' id='block_1_14' title="bbox 1817 844 3344 925">
    <p class='ocr_par' dir='ltr' id='par_1_14' title="bbox 1821 847 3344 925">
     <span class='ocr_line' id='line_1_14' title="bbox 1821 847 3344 925; baseline -0.005 -19"><span class='ocrx_word' id='word_1_71' title='bbox 1821 849 1976 925; x_wconf 63' lang='lat' dir='ltr'><strong>46W]</strong></span> <span class='ocrx_word' id='word_1_72' title='bbox 2011 849 2083 906; x_wconf 85' lang='lat' dir='ltr'><strong>Ut</strong></span> <span class='ocrx_word' id='word_1_73' title='bbox 2113 851 2349 906; x_wconf 84' lang='lat' dir='ltr'><strong>scenicis</strong></span> <span class='ocrx_word' id='word_1_74' title='bbox 2379 860 2433 905; x_wconf 90' lang='lat' dir='ltr'><strong>et</strong></span> <span class='ocrx_word' id='word_1_75' title='bbox 2456 850 2641 906; x_wconf 82' lang='lat' dir='ltr'><strong>mimis</strong></span> <span class='ocrx_word' id='word_1_76' title='bbox 2681 860 2848 920; x_wconf 86' lang='lat' dir='ltr'><strong>atque</strong></span> <span class='ocrx_word' id='word_1_77' title='bbox 2871 851 2996 904; x_wconf 87' lang='lat' dir='ltr'><strong>aliis</strong></span> <span class='ocrx_word' id='word_1_78' title='bbox 3027 847 3344 917; x_wconf 87' lang='lat' dir='ltr'><strong>lmjusmodi</strong></span> 
     </span>
    </p>
   </div>
   <div class='ocr_carea' id='block_1_15' title="bbox 91 935 1654 1014">
    <p class='ocr_par' dir='ltr' id='par_1_15' title="bbox 91 935 1646 1009">
     <span class='ocr_line' id='line_1_15' title="bbox 91 935 1646 1009; baseline -0.001 -16"><span class='ocrx_word' id='word_1_79' title='bbox 91 941 280 1000; x_wconf 75' lang='grc' dir='ltr'>λοιποῖς</span> <span class='ocrx_word' id='word_1_80' title='bbox 331 937 768 1009; x_wconf 80' lang='grc' dir='ltr'><strong>τοιουτοτρόποις</strong></span> <span class='ocrx_word' id='word_1_81' title='bbox 823 935 1140 1007; x_wconf 82' lang='grc' dir='ltr'><strong>προσώποις</strong></span> <span class='ocrx_word' id='word_1_82' title='bbox 1194 937 1228 1008; x_wconf 78' lang='grc' dir='ltr'>ἢ</span> <span class='ocrx_word' id='word_1_83' title='bbox 1289 937 1646 1000; x_wconf 84' lang='grc' dir='ltr'><strong>ἀποστάταις,</strong></span> 
     </span>
    </p>
   </div>
   <div class='ocr_carea' id='block_1_16' title="bbox 1817 935 3344 1014">
    <p class='ocr_par' dir='ltr' id='par_1_16' title="bbox 1821 936 3344 1014">
     <span class='ocr_line' id='line_1_16' title="bbox 1821 936 3344 1014; baseline -0.007 -16"><span class='ocrx_word' id='word_1_84' title='bbox 1821 945 1837 998; x_wconf 96' lang='lat' dir='ltr'><strong>l</strong></span> <span class='ocrx_word' id='word_1_85' title='bbox 1893 943 2155 1014; x_wconf 89' lang='lat' dir='ltr'><strong>apostatis</strong></span> <span class='ocrx_word' id='word_1_86' title='bbox 2213 941 2306 1012; x_wconf 86' lang='lat' dir='ltr'><strong>qui</strong></span> <span class='ocrx_word' id='word_1_87' title='bbox 2359 942 2424 995; x_wconf 89' lang='lat' dir='ltr'><strong>ad</strong></span> <span class='ocrx_word' id='word_1_88' title='bbox 2477 940 2854 1012; x_wconf 82' lang='lat' dir='ltr'><strong>paenitentiam</strong></span> <span class='ocrx_word' id='word_1_89' title='bbox 2900 939 3147 1001; x_wconf 89' lang='lat' dir='ltr'><strong>veniunt,</strong></span> <span class='ocrx_word' id='word_1_90' title='bbox 3192 946 3249 990; x_wconf 92' lang='lat' dir='ltr'><strong>et</strong></span> <span class='ocrx_word' id='word_1_91' title='bbox 3278 936 3344 988; x_wconf 85' lang='lat' dir='ltr'><strong>ad</strong></span> 
     </span>
    </p>
   </div>
   <div class='ocr_carea' id='block_1_17' title="bbox 93 1025 1654 1105">
    <p class='ocr_par' dir='ltr' id='par_1_17' title="bbox 93 1025 1648 1101">
     <span class='ocr_line' id='line_1_17' title="bbox 93 1025 1648 1101; baseline -0.002 -19"><span class='ocrx_word' id='word_1_92' title='bbox 93 1027 388 1101; x_wconf 85' lang='grc' dir='ltr'><strong>μετανοοῦσι</strong></span> <span class='ocrx_word' id='word_1_93' title='bbox 427 1027 521 1079; x_wconf 78' lang='grc' dir='ltr'><strong>καὶ</strong></span> <span class='ocrx_word' id='word_1_94' title='bbox 587 1025 978 1096; x_wconf 74' lang='grc' dir='ltr'><strong>ἐπιστρέφουσι</strong></span> <span class='ocrx_word' id='word_1_95' title='bbox 1023 1028 1157 1096; x_wconf 79' lang='grc' dir='ltr'><strong>πρὸς</strong></span> <span class='ocrx_word' id='word_1_96' title='bbox 1204 1027 1360 1095; x_wconf 86' lang='grc' dir='ltr'><strong>Θεὸν,</strong></span> <span class='ocrx_word' id='word_1_97' title='bbox 1413 1027 1575 1097; x_wconf 84' lang='grc' dir='ltr'><strong>χάριν</strong></span> <span class='ocrx_word' id='word_1_98' title='bbox 1615 1026 1648 1097; x_wconf 84' lang='grc' dir='ltr'>ἢ</span> 
     </span>
    </p>
   </div>
   <div class='ocr_carea' id='block_1_18' title="bbox 1817 1025 3347 1105">
    <p class='ocr_par' dir='ltr' id='par_1_18' title="bbox 1817 1029 3347 1105">
     <span class='ocr_line' id='line_1_18' title="bbox 1817 1029 3347 1105; baseline -0.005 -15"><span class='ocrx_word' id='word_1_99' title='bbox 1817 1051 1924 1090; x_wconf 79' lang='lat' dir='ltr'><strong>:um</strong></span> <span class='ocrx_word' id='word_1_100' title='bbox 1975 1042 2376 1090; x_wconf 87' lang='lat' dir='ltr'><strong>convertuntur</strong></span> <span class='ocrx_word' id='word_1_101' title='bbox 2417 1034 2590 1105; x_wconf 83' lang='lat' dir='ltr'><strong>gratia</strong></span> <span class='ocrx_word' id='word_1_102' title='bbox 2622 1039 2688 1102; x_wconf 89' lang='lat' dir='ltr'><strong>_et</strong></span> <span class='ocrx_word' id='word_1_103' title='bbox 2717 1031 2996 1086; x_wconf 76' lang='lat' dir='ltr'><strong>absolutio</strong></span> <span class='ocrx_word' id='word_1_104' title='bbox 3046 1045 3152 1084; x_wconf 86' lang='lat' dir='ltr'><strong>non</strong></span> <span class='ocrx_word' id='word_1_105' title='bbox 3186 1029 3347 1083; x_wconf 86' lang='lat' dir='ltr'><strong>dene-</strong></span> 
     </span>
    </p>
   </div>
   <div class='ocr_carea' id='block_1_19' title="bbox 93 1119 1654 1196">
    <p class='ocr_par' dir='ltr' id='par_1_19' title="bbox 93 1119 862 1190">
     <span class='ocr_line' id='line_1_19' title="bbox 93 1119 862 1190; baseline -0.003 -16"><span class='ocrx_word' id='word_1_106' title='bbox 93 1119 422 1188; x_wconf 83' lang='grc' dir='ltr'><strong>καταλλαγὴν</strong></span> <span class='ocrx_word' id='word_1_107' title='bbox 449 1119 525 1190; x_wconf 84' lang='grc' dir='ltr'><strong>μὴ</strong></span> <span class='ocrx_word' id='word_1_108' title='bbox 554 1119 862 1188; x_wconf 79' lang='grc' dir='ltr'><strong>ἀρνεῖσθαι.</strong></span> 
     </span>
    </p>
   </div>
   <div class='ocr_carea' id='block_1_20' title="bbox 1817 1119 1972 1196">
    <p class='ocr_par' dir='ltr' id='par_1_20' title="bbox 1817 1133 1972 1180">
     <span class='ocr_line' id='line_1_20' title="bbox 1817 1133 1972 1180; baseline 0.026 -4"><span class='ocrx_word' id='word_1_109' title='bbox 1817 1133 1972 1180; x_wconf 70' lang='lat' dir='ltr'><strong>:llllﬂ&#39;.</strong></span> 
     </span>
    </p>
   </div>
   <div class='ocr_carea' id='block_1_21' title="bbox 149 1208 1654 1284">
    <p class='ocr_par' dir='ltr' id='par_1_21' title="bbox 149 1208 1576 1284">
     <span class='ocr_line' id='line_1_21' title="bbox 149 1208 1576 1284; baseline -0.001 -16"><span class='ocrx_word' id='word_1_110' title='bbox 149 1213 280 1284; x_wconf 76' lang='grc' dir='ltr'><strong>Περὶ</strong></span> <span class='ocrx_word' id='word_1_111' title='bbox 295 1212 410 1266; x_wconf 84' lang='grc' dir='ltr'><strong>τῶν</strong></span> <span class='ocrx_word' id='word_1_112' title='bbox 440 1211 638 1281; x_wconf 79' lang='grc' dir='ltr'><strong>μίμων</strong></span> <span class='ocrx_word' id='word_1_113' title='bbox 662 1209 782 1264; x_wconf 85' lang='grc' dir='ltr'><strong>τῶν</strong></span> <span class='ocrx_word' id='word_1_114' title='bbox 824 1211 1156 1281; x_wconf 72' lang='grc' dir='ltr'><em>γινομένων</em></span> <span class='ocrx_word' id='word_1_115' title='bbox 1182 1208 1576 1277; x_wconf 81' lang='grc' dir='ltr'><strong>Χριστιανῶν.</strong></span> 
     </span>
    </p>
   </div>
   <div class='ocr_carea' id='block_1_22' title="bbox 1817 1208 3059 1284">
    <p class='ocr_par' dir='ltr' id='par_1_22' title="bbox 2043 1214 3059 1284">
     <span class='ocr_line' id='line_1_22' title="bbox 2043 1214 3059 1284; baseline -0.002 -16"><span class='ocrx_word' id='word_1_116' title='bbox 2043 1215 2114 1270; x_wconf 82' lang='lat' dir='ltr'><strong>De</strong></span> <span class='ocrx_word' id='word_1_117' title='bbox 2151 1216 2493 1270; x_wconf 74' lang='lat' dir='ltr'><strong>histrionibus</strong></span> <span class='ocrx_word' id='word_1_118' title='bbox 2527 1215 2849 1269; x_wconf 74' lang='lat' dir='ltr'><strong>Christianis</strong></span> <span class='ocrx_word' id='word_1_119' title='bbox 2880 1214 3059 1284; x_wconf 79' lang='lat' dir='ltr'><strong>factis.</strong></span> 
     </span>
    </p>
   </div>
   <div class='ocr_carea' id='block_1_23' title="bbox 152 1301 1654 1377">
    <p class='ocr_par' dir='ltr' id='par_1_23' title="bbox 152 1301 1652 1374">
     <span class='ocr_line' id='line_1_23' title="bbox 152 1301 1652 1374; baseline -0.005 -14"><span class='ocrx_word' id='word_1_120' title='bbox 152 1304 243 1373; x_wconf 65' lang='grc' dir='ltr'><strong>ξγθ.</strong></span> <span class='ocrx_word' id='word_1_121' title='bbox 276 1303 412 1374; x_wconf 75' lang='grc' dir='ltr'><strong>Περὶ</strong></span> <span class='ocrx_word' id='word_1_122' title='bbox 443 1302 654 1356; x_wconf 88' lang='grc' dir='ltr'><strong>τούτων</strong></span> <span class='ocrx_word' id='word_1_123' title='bbox 681 1301 762 1354; x_wconf 67' lang='grc' dir='ltr'><strong>ἔτι</strong></span> <span class='ocrx_word' id='word_1_124' title='bbox 789 1303 897 1372; x_wconf 85' lang='grc' dir='ltr'><strong>μὴν</strong></span> <span class='ocrx_word' id='word_1_125' title='bbox 926 1303 1148 1370; x_wconf 77' lang='grc' dir='ltr'><strong>αἰτῆσαι</strong></span> <span class='ocrx_word' id='word_1_126' title='bbox 1178 1301 1279 1365; x_wconf 78' lang='grc' dir='ltr'><strong>δεῖ,</strong></span> <span class='ocrx_word' id='word_1_127' title='bbox 1317 1301 1406 1353; x_wconf 82' lang='grc' dir='ltr'><strong>ἵνα</strong></span> <span class='ocrx_word' id='word_1_128' title='bbox 1445 1301 1542 1355; x_wconf 84' lang='grc' dir='ltr'><strong>ὲάν</strong></span> <span class='ocrx_word' id='word_1_129' title='bbox 1567 1317 1652 1364; x_wconf 90' lang='grc' dir='ltr'><strong>τις</strong></span> 
     </span>
    </p>
   </div>
   <div class='ocr_carea' id='block_1_24' title="bbox 1817 1301 3346 1377">
    <p class='ocr_par' dir='ltr' id='par_1_24' title="bbox 1826 1304 3346 1377">
     <span class='ocr_line' id='line_1_24' title="bbox 1826 1304 3346 1377; baseline -0.001 -18"><span class='ocrx_word' id='word_1_130' title='bbox 1826 1307 1916 1361; x_wconf 80' lang='lat'><strong>73.</strong></span> <span class='ocrx_word' id='word_1_131' title='bbox 1953 1306 2020 1362; x_wconf 84' lang='lat' dir='ltr'><strong>Et</strong></span> <span class='ocrx_word' id='word_1_132' title='bbox 2047 1307 2113 1361; x_wconf 89' lang='lat' dir='ltr'><strong>de</strong></span> <span class='ocrx_word' id='word_1_133' title='bbox 2150 1307 2235 1361; x_wconf 88' lang='lat' dir='ltr'><strong>bis</strong></span> <span class='ocrx_word' id='word_1_134' title='bbox 2259 1307 2307 1338; x_wconf 72' lang='grc'><strong>⁸⁸</strong></span> <span class='ocrx_word' id='word_1_135' title='bbox 2341 1307 2503 1361; x_wconf 91' lang='lat' dir='ltr'><strong>etiam</strong></span> <span class='ocrx_word' id='word_1_136' title='bbox 2536 1305 2867 1377; x_wconf 88' lang='lat' dir='ltr'><strong>petendum,</strong></span> <span class='ocrx_word' id='word_1_137' title='bbox 2917 1315 2974 1360; x_wconf 89' lang='lat' dir='ltr'><strong>ut</strong></span> <span class='ocrx_word' id='word_1_138' title='bbox 3025 1305 3068 1358; x_wconf 90' lang='lat' dir='ltr'><strong>si</strong></span> <span class='ocrx_word' id='word_1_139' title='bbox 3115 1304 3239 1373; x_wconf 90' lang='lat' dir='ltr'><strong>quis</strong></span> <span class='ocrx_word' id='word_1_140' title='bbox 3278 1317 3346 1358; x_wconf 74' lang='lat' dir='ltr'><strong>ex</strong></span> 
     </span>
    </p>
   </div>
   <div class='ocr_carea' id='block_1_25' title="bbox 92 1391 1654 1470">
    <p class='ocr_par' dir='ltr' id='par_1_25' title="bbox 92 1391 1653 1464">
     <span class='ocr_line' id='line_1_25' title="bbox 92 1391 1653 1464; baseline -0.003 -16"><span class='ocrx_word' id='word_1_141' title='bbox 92 1395 143 1461; x_wconf 76' lang='grc' dir='ltr'>ἐξ</span> <span class='ocrx_word' id='word_1_142' title='bbox 186 1393 496 1464; x_wconf 84' lang='grc' dir='ltr'><strong>οίουδήποτε</strong></span> <span class='ocrx_word' id='word_1_143' title='bbox 567 1391 935 1459; x_wconf 84' lang='grc' dir='ltr'><strong>παιγνιώδους</strong></span> <span class='ocrx_word' id='word_1_144' title='bbox 991 1391 1453 1462; x_wconf 73' lang='grc' dir='ltr'><strong>ἐπιτηδεύματος,</strong></span> <span class='ocrx_word' id='word_1_145' title='bbox 1511 1392 1653 1462; x_wconf 83' lang='grc' dir='ltr'><strong>πρὸς</strong></span> 
     </span>
    </p>
   </div>
   <div class='ocr_carea' id='block_1_26' title="bbox 1817 1391 3348 1470">
    <p class='ocr_par' dir='ltr' id='par_1_26' title="bbox 1817 1397 3348 1467">
     <span class='ocr_line' id='line_1_26' title="bbox 1817 1397 3348 1467; baseline -0.002 -15"><span class='ocrx_word' id='word_1_146' title='bbox 1817 1401 1997 1454; x_wconf 74' lang='lat' dir='ltr'><strong>talibet</strong></span> <span class='ocrx_word' id='word_1_147' title='bbox 2031 1400 2238 1454; x_wconf 91' lang='lat' dir='ltr'><strong>ludicra</strong></span> <span class='ocrx_word' id='word_1_148' title='bbox 2270 1409 2391 1455; x_wconf 89' lang='lat' dir='ltr'><strong>arte</strong></span> <span class='ocrx_word' id='word_1_149' title='bbox 2424 1399 2490 1453; x_wconf 88' lang='lat' dir='ltr'><strong>ad</strong></span> <span class='ocrx_word' id='word_1_150' title='bbox 2531 1398 2960 1454; x_wconf 76' lang='lat' dir='ltr'><strong>Christianitatis</strong></span> <span class='ocrx_word' id='word_1_151' title='bbox 2982 1397 3214 1467; x_wconf 81' lang='lat' dir='ltr'><strong>gratiam</strong></span> <span class='ocrx_word' id='word_1_152' title='bbox 3256 1413 3348 1450; x_wconf 86' lang='lat' dir='ltr'><strong>ve-</strong></span> 
     </span>
    </p>
   </div>
   <div class='ocr_carea' id='block_1_27' title="bbox 91 1483 1654 1558">
    <p class='ocr_par' dir='ltr' id='par_1_27' title="bbox 91 1483 1654 1554">
     <span class='ocr_line' id='line_1_27' title="bbox 91 1483 1654 1554; baseline -0.003 -16"><span class='ocrx_word' id='word_1_153' title='bbox 91 1487 176 1554; x_wconf 85' lang='grc' dir='ltr'><strong>τὴν</strong></span> <span class='ocrx_word' id='word_1_154' title='bbox 218 1486 310 1538; x_wconf 81' lang='grc' dir='ltr'><strong>τοῦ</strong></span> <span class='ocrx_word' id='word_1_155' title='bbox 355 1484 792 1554; x_wconf 83' lang='grc' dir='ltr'><strong>Χριστιανισμοῦ</strong></span> <span class='ocrx_word' id='word_1_156' title='bbox 824 1483 987 1553; x_wconf 81' lang='grc' dir='ltr'><strong>χάριν</strong></span> <span class='ocrx_word' id='word_1_157' title='bbox 1025 1483 1203 1536; x_wconf 74' lang='grc' dir='ltr'><strong>ἐλθεῖν</strong></span> <span class='ocrx_word' id='word_1_158' title='bbox 1255 1483 1494 1553; x_wconf 87' lang='grc' dir='ltr'><strong>θελήσοι,</strong></span> <span class='ocrx_word' id='word_1_159' title='bbox 1558 1483 1654 1535; x_wconf 73' lang='grc' dir='ltr'><strong>καὶ</strong></span> 
     </span>
    </p>
   </div>
   <div class='ocr_carea' id='block_1_28' title="bbox 1817 1483 3346 1558">
    <p class='ocr_par' dir='ltr' id='par_1_28' title="bbox 1817 1491 3346 1558">
     <span class='ocr_line' id='line_1_28' title="bbox 1817 1491 3346 1558; baseline -0.001 -14"><span class='ocrx_word' id='word_1_160' title='bbox 1817 1508 1873 1546; x_wconf 92' lang='lat' dir='ltr'><strong>re</strong></span> <span class='ocrx_word' id='word_1_161' title='bbox 1895 1491 2158 1554; x_wconf 85' lang='lat' dir='ltr'><strong>voluerit,</strong></span> <span class='ocrx_word' id='word_1_162' title='bbox 2193 1507 2257 1546; x_wconf 91' lang='lat' dir='ltr'><strong>ac</strong></span> <span class='ocrx_word' id='word_1_163' title='bbox 2303 1492 2445 1546; x_wconf 82' lang='lat' dir='ltr'><strong>liber</strong></span> <span class='ocrx_word' id='word_1_164' title='bbox 2491 1492 2559 1546; x_wconf 91' lang='lat' dir='ltr'><strong>ab</strong></span> <span class='ocrx_word' id='word_1_165' title='bbox 2609 1491 2695 1544; x_wconf 88' lang='lat' dir='ltr'><strong>illa</strong></span> <span class='ocrx_word' id='word_1_166' title='bbox 2741 1491 2953 1544; x_wconf 84' lang='lat' dir='ltr'><strong>macula</strong></span> <span class='ocrx_word' id='word_1_167' title='bbox 3003 1503 3346 1558; x_wconf 82' lang='lat' dir='ltr'><strong>permanere,</strong></span> 
     </span>
    </p>
   </div>
   <div class='ocr_carea' id='block_1_29' title="bbox 91 1573 1654 1652">
    <p class='ocr_par' dir='ltr' id='par_1_29' title="bbox 91 1573 1654 1648">
     <span class='ocr_line' id='line_1_29' title="bbox 91 1573 1654 1648; baseline -0.003 -17"><span class='ocrx_word' id='word_1_168' title='bbox 91 1573 350 1648; x_wconf 78' lang='grc' dir='ltr'><strong>ἐλεύθερος</strong></span> <span class='ocrx_word' id='word_1_169' title='bbox 381 1577 478 1630; x_wconf 86' lang='grc' dir='ltr'><strong>ἀπ’</strong></span> <span class='ocrx_word' id='word_1_170' title='bbox 528 1576 753 1630; x_wconf 75' lang='grc' dir='ltr'><strong>ἐκείνων</strong></span> <span class='ocrx_word' id='word_1_171' title='bbox 811 1575 921 1628; x_wconf 83' lang='grc' dir='ltr'><strong>τῶν</strong></span> <span class='ocrx_word' id='word_1_172' title='bbox 968 1574 1176 1628; x_wconf 88' lang='grc' dir='ltr'><strong>σπίλων</strong></span> <span class='ocrx_word' id='word_1_173' title='bbox 1223 1574 1516 1644; x_wconf 87' lang='grc' dir='ltr'><strong>διαμεῖναι,</strong></span> <span class='ocrx_word' id='word_1_174' title='bbox 1580 1573 1654 1644; x_wconf 80' lang='grc' dir='ltr'><strong>μὴ</strong></span> 
     </span>
    </p>
   </div>
   <div class='ocr_carea' id='block_1_30' title="bbox 1817 1573 3350 1652">
    <p class='ocr_par' dir='ltr' id='par_1_30' title="bbox 1817 1579 3350 1652">
     <span class='ocr_line' id='line_1_30' title="bbox 1817 1579 3350 1652; baseline -0.001 -17"><span class='ocrx_word' id='word_1_175' title='bbox 1817 1597 1866 1635; x_wconf 68' lang='grc' dir='ltr'><strong>»ιι</strong></span> <span class='ocrx_word' id='word_1_176' title='bbox 1895 1597 2018 1635; x_wconf 90' lang='lat' dir='ltr'><strong>eum</strong></span> <span class='ocrx_word' id='word_1_177' title='bbox 2055 1583 2222 1636; x_wconf 88' lang='lat' dir='ltr'><strong>liceat</strong></span> <span class='ocrx_word' id='word_1_178' title='bbox 2259 1597 2290 1636; x_wconf 91' lang='lat' dir='ltr'><strong>a</strong></span> <span class='ocrx_word' id='word_1_179' title='bbox 2329 1597 2606 1652; x_wconf 89' lang='lat' dir='ltr'><strong>quoquam</strong></span> <span class='ocrx_word' id='word_1_180' title='bbox 2637 1583 2835 1637; x_wconf 91' lang='lat' dir='ltr'><strong>iterum</strong></span> <span class='ocrx_word' id='word_1_181' title='bbox 2866 1583 2931 1636; x_wconf 90' lang='lat' dir='ltr'><strong>ad</strong></span> <span class='ocrx_word' id='word_1_182' title='bbox 2965 1579 3156 1636; x_wconf 85' lang='lat' dir='ltr'><strong>eadem</strong></span> <span class='ocrx_word' id='word_1_183' title='bbox 3190 1595 3350 1635; x_wconf 79' lang='lat' dir='ltr'><strong>exer-</strong></span> 
     </span>
    </p>
   </div>
   <div class='ocr_carea' id='block_1_31' title="bbox 90 1665 1654 1745">
    <p class='ocr_par' dir='ltr' id='par_1_31' title="bbox 90 1665 1654 1738">
     <span class='ocr_line' id='line_1_31' title="bbox 90 1665 1654 1738; baseline -0.001 -15"><span class='ocrx_word' id='word_1_184' title='bbox 90 1670 196 1735; x_wconf 80' lang='grc' dir='ltr'><strong>ὲξδν</strong></span> <span class='ocrx_word' id='word_1_185' title='bbox 219 1665 353 1723; x_wconf 77' lang='grc' dir='ltr'><strong>εἷναί</strong></span> <span class='ocrx_word' id='word_1_186' title='bbox 377 1687 486 1722; x_wconf 86' lang='grc' dir='ltr'><strong>τινι</strong></span> <span class='ocrx_word' id='word_1_187' title='bbox 525 1669 618 1722; x_wconf 84' lang='grc' dir='ltr'><strong>τὸν</strong></span> <span class='ocrx_word' id='word_1_188' title='bbox 675 1666 918 1721; x_wconf 83' lang='grc' dir='ltr'><strong>τοιοῦτον</strong></span> <span class='ocrx_word' id='word_1_189' title='bbox 960 1666 1098 1738; x_wconf 78' lang='grc' dir='ltr'><strong>πρὸς</strong></span> <span class='ocrx_word' id='word_1_190' title='bbox 1146 1667 1216 1720; x_wconf 85' lang='grc' dir='ltr'><strong>τὰ</strong></span> <span class='ocrx_word' id='word_1_191' title='bbox 1272 1667 1413 1721; x_wconf 85' lang='grc' dir='ltr'><strong>αὐτά</strong></span> <span class='ocrx_word' id='word_1_192' title='bbox 1446 1669 1654 1737; x_wconf 82' lang='grc' dir='ltr'><strong>γυμνά-</strong></span> 
     </span>
    </p>
   </div>
   <div class='ocr_carea' id='block_1_32' title="bbox 1817 1665 2448 1745">
    <p class='ocr_par' dir='ltr' id='par_1_32' title="bbox 1817 1673 2448 1745">
     <span class='ocr_line' id='line_1_32' title="bbox 1817 1673 2448 1745; baseline 0.005 -20"><span class='ocrx_word' id='word_1_193' title='bbox 1817 1673 1935 1729; x_wconf 81' lang='lat' dir='ltr'><strong>mda</strong></span> <span class='ocrx_word' id='word_1_194' title='bbox 1963 1674 2152 1729; x_wconf 85' lang='lat' dir='ltr'><strong>reduci</strong></span> <span class='ocrx_word' id='word_1_195' title='bbox 2180 1674 2264 1728; x_wconf 85' lang='lat' dir='ltr'><strong>vel</strong></span> <span class='ocrx_word' id='word_1_196' title='bbox 2306 1674 2448 1745; x_wconf 79' lang='lat' dir='ltr'><strong>cogi.</strong></span> 
     </span>
    </p>
   </div>
   <div class='ocr_carea' id='block_1_33' title="bbox 92 1759 1449 1831">
    <p class='ocr_par' dir='ltr' id='par_1_33' title="bbox 92 1759 1449 1831">
     <span class='ocr_line' id='line_1_33' title="bbox 92 1759 1449 1831; baseline 0 -18"><span class='ocrx_word' id='word_1_197' title='bbox 92 1778 256 1831; x_wconf 83' lang='grc' dir='ltr'><strong>σματα</strong></span> <span class='ocrx_word' id='word_1_198' title='bbox 281 1760 441 1814; x_wconf 81' lang='grc' dir='ltr'><strong>πάλιν</strong></span> <span class='ocrx_word' id='word_1_199' title='bbox 476 1760 886 1831; x_wconf 82' lang='grc' dir='ltr'><strong>προτρέπεσθαι</strong></span> <span class='ocrx_word' id='word_1_200' title='bbox 918 1760 950 1830; x_wconf 81' lang='grc' dir='ltr'>ἢ</span> <span class='ocrx_word' id='word_1_201' title='bbox 983 1759 1449 1828; x_wconf 79' lang='grc' dir='ltr'><strong>καταναγκάζειν.</strong></span> 
     </span>
    </p>
   </div>
   <div class='ocr_carea' id='block_1_34' title="bbox 211 1848 1510 1921">
    <p class='ocr_par' dir='ltr' id='par_1_34' title="bbox 211 1848 1510 1921">
     <span class='ocr_line' id='line_1_34' title="bbox 211 1848 1510 1921; baseline -0.002 -14"><span class='ocrx_word' id='word_1_202' title='bbox 211 1852 481 1907; x_wconf 83' lang='grc' dir='ltr'><strong>Συνόδου</strong></span> <span class='ocrx_word' id='word_1_203' title='bbox 519 1851 944 1921; x_wconf 76' lang='grc' dir='ltr'><strong>οίκουμενικῆς</strong></span> <span class='ocrx_word' id='word_1_204' title='bbox 975 1851 1160 1917; x_wconf 74' lang='grc' dir='ltr'><strong>ἕκτης</strong></span> <span class='ocrx_word' id='word_1_205' title='bbox 1185 1850 1386 1904; x_wconf 76' lang='grc' dir='ltr'><strong>κανὼν</strong></span> <span class='ocrx_word' id='word_1_206' title='bbox 1409 1848 1510 1905; x_wconf 88' lang='grc' dir='ltr'><strong>να’.</strong></span> 
     </span>
    </p>
   </div>
   <div class='ocr_carea' id='block_1_35' title="bbox 155 1943 1655 2016">
    <p class='ocr_par' dir='ltr' id='par_1_35' title="bbox 155 1943 1655 2016">
     <span class='ocr_line' id='line_1_35' title="bbox 155 1943 1655 2016; baseline -0.003 -16"><span class='ocrx_word' id='word_1_207' title='bbox 155 1943 250 2000; x_wconf 87' lang='grc' dir='ltr'><strong>να’.</strong></span> <span class='ocrx_word' id='word_1_208' title='bbox 283 1946 530 1998; x_wconf 79' lang='grc' dir='ltr'><strong>Καθόλου</strong></span> <span class='ocrx_word' id='word_1_209' title='bbox 559 1944 898 2016; x_wconf 80' lang='grc' dir='ltr'><strong>ἀπαγορεύει</strong></span> <span class='ocrx_word' id='word_1_210' title='bbox 937 1944 1124 2014; x_wconf 84' lang='grc' dir='ltr'><strong>ήάγία</strong></span> <span class='ocrx_word' id='word_1_211' title='bbox 1162 1943 1300 2014; x_wconf 81' lang='grc' dir='ltr'><strong>αὕτη</strong></span> <span class='ocrx_word' id='word_1_212' title='bbox 1326 1943 1420 1996; x_wconf 74' lang='grc' dir='ltr'><strong>καὶ</strong></span> <span class='ocrx_word' id='word_1_213' title='bbox 1474 1945 1655 1996; x_wconf 72' lang='grc' dir='ltr'><strong>οίκουο</strong></span> 
     </span>
    </p>
   </div>
   <div class='ocr_carea' id='block_1_36' title="bbox 93 2039 1658 2114">
    <p class='ocr_par' dir='ltr' id='par_1_36' title="bbox 93 2039 1658 2114">
     <span class='ocr_line' id='line_1_36' title="bbox 93 2039 1658 2114; baseline -0.002 -19"><span class='ocrx_word' id='word_1_214' title='bbox 93 2042 272 2114; x_wconf 80' lang='grc' dir='ltr'><strong>μενικὴ</strong></span> <span class='ocrx_word' id='word_1_215' title='bbox 325 2041 568 2106; x_wconf 89' lang='grc' dir='ltr'><strong>σύνοδος,</strong></span> <span class='ocrx_word' id='word_1_216' title='bbox 617 2043 746 2104; x_wconf 82' lang='grc' dir='ltr'><strong>τοὺς</strong></span> <span class='ocrx_word' id='word_1_217' title='bbox 800 2041 1130 2111; x_wconf 80' lang='grc' dir='ltr'><strong>λεγομένους</strong></span> <span class='ocrx_word' id='word_1_218' title='bbox 1199 2041 1398 2110; x_wconf 82' lang='grc' dir='ltr'><strong>μίμους</strong></span> <span class='ocrx_word' id='word_1_219' title='bbox 1447 2040 1542 2093; x_wconf 75' lang='grc' dir='ltr'><strong>καὶ</strong></span> <span class='ocrx_word' id='word_1_220' title='bbox 1589 2039 1658 2092; x_wconf 80' lang='grc' dir='ltr'><strong>τὰ</strong></span> 
     </span>
    </p>
   </div>
   <div class='ocr_carea' id='block_1_37' title="bbox 91 2133 1657 2207">
    <p class='ocr_par' dir='ltr' id='par_1_37' title="bbox 91 2133 1657 2207">
     <span class='ocr_line' id='line_1_37' title="bbox 91 2133 1657 2207; baseline -0.003 -18"><span class='ocrx_word' id='word_1_221' title='bbox 91 2137 275 2190; x_wconf 88' lang='grc' dir='ltr'><strong>τούτων</strong></span> <span class='ocrx_word' id='word_1_222' title='bbox 305 2137 535 2207; x_wconf 80' lang='grc' dir='ltr'><strong>θέατρα,</strong></span> <span class='ocrx_word' id='word_1_223' title='bbox 579 2135 658 2188; x_wconf 75' lang='grc' dir='ltr'><strong>ἔτι</strong></span> <span class='ocrx_word' id='word_1_224' title='bbox 703 2149 768 2204; x_wconf 89' lang='grc' dir='ltr'><strong>γε</strong></span> <span class='ocrx_word' id='word_1_225' title='bbox 831 2135 939 2206; x_wconf 81' lang='grc' dir='ltr'><strong>μὴν</strong></span> <span class='ocrx_word' id='word_1_226' title='bbox 979 2135 1075 2187; x_wconf 74' lang='grc' dir='ltr'><strong>καὶ</strong></span> <span class='ocrx_word' id='word_1_227' title='bbox 1106 2135 1174 2187; x_wconf 83' lang='grc' dir='ltr'><strong>τὰ</strong></span> <span class='ocrx_word' id='word_1_228' title='bbox 1224 2135 1335 2186; x_wconf 86' lang='grc' dir='ltr'><strong>τῶν</strong></span> <span class='ocrx_word' id='word_1_229' title='bbox 1381 2133 1657 2203; x_wconf 77' lang='grc' dir='ltr'><strong>κυνηγίων</strong></span> 
     </span>
    </p>
   </div>
   <div class='ocr_carea' id='block_1_38' title="bbox 93 2224 1656 2298">
    <p class='ocr_par' dir='ltr' id='par_1_38' title="bbox 93 2224 1656 2298">
     <span class='ocr_line' id='line_1_38' title="bbox 93 2224 1656 2298; baseline -0.001 -20"><span class='ocrx_word' id='word_1_230' title='bbox 93 2228 297 2298; x_wconf 85' lang='grc' dir='ltr'><strong>θεὼρια,</strong></span> <span class='ocrx_word' id='word_1_231' title='bbox 332 2229 429 2281; x_wconf 81' lang='grc' dir='ltr'><strong>καὶ</strong></span> <span class='ocrx_word' id='word_1_232' title='bbox 455 2227 555 2290; x_wconf 83' lang='grc' dir='ltr'><strong>τὰς</strong></span> <span class='ocrx_word' id='word_1_233' title='bbox 589 2227 680 2279; x_wconf 75' lang='grc' dir='ltr'><strong>ἐπὶ</strong></span> <span class='ocrx_word' id='word_1_234' title='bbox 706 2225 915 2296; x_wconf 84' lang='grc' dir='ltr'><strong>σκηνῆς</strong></span> <span class='ocrx_word' id='word_1_235' title='bbox 960 2225 1219 2296; x_wconf 78' lang='grc' dir='ltr'><strong>ὀρχήσεις</strong></span> <span class='ocrx_word' id='word_1_236' title='bbox 1249 2224 1618 2278; x_wconf 73' lang='grc' dir='ltr'><strong>ἐπιτελεῖσθαι</strong></span> <span class='ocrx_word' id='word_1_237' title='bbox 1640 2240 1656 2254; x_wconf 73' lang='grc' dir='ltr'><strong><em>ο</em></strong></span> 
     </span>
    </p>
   </div>
   <div class='ocr_carea' id='block_1_39' title="bbox 93 2316 1657 2387">
    <p class='ocr_par' dir='ltr' id='par_1_39' title="bbox 93 2316 1657 2387">
     <span class='ocr_line' id='line_1_39' title="bbox 93 2316 1657 2387; baseline -0.003 -15"><span class='ocrx_word' id='word_1_238' title='bbox 93 2320 207 2372; x_wconf 82' lang='grc' dir='ltr'><strong>εἰδέ</strong></span> <span class='ocrx_word' id='word_1_239' title='bbox 241 2336 320 2382; x_wconf 85' lang='grc' dir='ltr'><strong>τις</strong></span> <span class='ocrx_word' id='word_1_240' title='bbox 351 2318 448 2371; x_wconf 80' lang='grc' dir='ltr'><strong>τοῦ</strong></span> <span class='ocrx_word' id='word_1_241' title='bbox 499 2318 765 2387; x_wconf 85' lang='grc' dir='ltr'><strong>παρόντος</strong></span> <span class='ocrx_word' id='word_1_242' title='bbox 799 2317 1023 2379; x_wconf 85' lang='grc' dir='ltr'><strong>κανόνος</strong></span> <span class='ocrx_word' id='word_1_243' title='bbox 1081 2317 1510 2386; x_wconf 78' lang='grc' dir='ltr'><strong>καταφρονήσει,</strong></span> <span class='ocrx_word' id='word_1_244' title='bbox 1562 2316 1657 2368; x_wconf 78' lang='grc' dir='ltr'><strong>καὶ</strong></span> 
     </span>
    </p>
   </div>
   <div class='ocr_carea' id='block_1_40' title="bbox 93 2407 1657 2480">
    <p class='ocr_par' dir='ltr' id='par_1_40' title="bbox 93 2407 1657 2480">
     <span class='ocr_line' id='line_1_40' title="bbox 93 2407 1657 2480; baseline -0.001 -19"><span class='ocrx_word' id='word_1_245' title='bbox 93 2414 214 2480; x_wconf 84' lang='grc' dir='ltr'><strong>πρός</strong></span> <span class='ocrx_word' id='word_1_246' title='bbox 235 2429 284 2464; x_wconf 88' lang='grc' dir='ltr'><strong>τι</strong></span> <span class='ocrx_word' id='word_1_247' title='bbox 308 2412 504 2465; x_wconf 78' lang='grc' dir='ltr'><strong>ἑαυτὸν</strong></span> <span class='ocrx_word' id='word_1_248' title='bbox 535 2411 644 2463; x_wconf 85' lang='grc' dir='ltr'><strong>τῶν</strong></span> <span class='ocrx_word' id='word_1_249' title='bbox 692 2410 1162 2480; x_wconf 80' lang='grc' dir='ltr'><strong>ἀπηγορευμένων</strong></span> <span class='ocrx_word' id='word_1_250' title='bbox 1223 2407 1430 2461; x_wconf 87' lang='grc' dir='ltr'><strong>τούτων</strong></span> <span class='ocrx_word' id='word_1_251' title='bbox 1493 2409 1657 2479; x_wconf 76' lang='grc' dir='ltr'><strong>ἐκδῷ,</strong></span> 
     </span>
    </p>
   </div>
   <div class='ocr_carea' id='block_1_41' title="bbox 93 2499 1662 2575">
    <p class='ocr_par' dir='ltr' id='par_1_41' title="bbox 93 2499 1662 2575">
     <span class='ocr_line' id='line_1_41' title="bbox 93 2499 1662 2575; baseline 0.001 -20"><span class='ocrx_word' id='word_1_252' title='bbox 93 2505 133 2556; x_wconf 89' lang='grc' dir='ltr'><strong>εί</strong></span> <span class='ocrx_word' id='word_1_253' title='bbox 163 2504 254 2573; x_wconf 83' lang='grc' dir='ltr'><strong>μὲν</strong></span> <span class='ocrx_word' id='word_1_254' title='bbox 303 2503 566 2575; x_wconf 83' lang='grc' dir='ltr'><strong>κληρικὺς</strong></span> <span class='ocrx_word' id='word_1_255' title='bbox 601 2501 686 2572; x_wconf 73' lang='grc' dir='ltr'><strong>εἴη</strong></span> <span class='ocrx_word' id='word_1_256' title='bbox 720 2501 1091 2574; x_wconf 75' lang='grc' dir='ltr'><strong>καθαιρείσθω</strong></span> <span class='ocrx_word' id='word_1_257' title='bbox 1117 2515 1131 2529; x_wconf 80' lang='grc'><strong>⁸</strong></span> <span class='ocrx_word' id='word_1_258' title='bbox 1163 2501 1211 2552; x_wconf 88' lang='grc' dir='ltr'><strong>εί</strong></span> <span class='ocrx_word' id='word_1_259' title='bbox 1245 2499 1301 2552; x_wconf 81' lang='grc' dir='ltr'><strong>δὲ</strong></span> <span class='ocrx_word' id='word_1_260' title='bbox 1326 2500 1531 2568; x_wconf 80' lang='grc' dir='ltr'><strong>λαῖκὺς,</strong></span> <span class='ocrx_word' id='word_1_261' title='bbox 1563 2505 1662 2572; x_wconf 81' lang='grc' dir='ltr'><strong>ἁφ-</strong></span> 
     </span>
    </p>
   </div>
   <div class='ocr_carea' id='block_1_42' title="bbox 91 2595 360 2668">
    <p class='ocr_par' dir='ltr' id='par_1_42' title="bbox 91 2595 360 2668">
     <span class='ocr_line' id='line_1_42' title="bbox 91 2595 360 2668; baseline 0.004 -19"><span class='ocrx_word' id='word_1_262' title='bbox 91 2595 360 2668; x_wconf 81' lang='grc' dir='ltr'><strong>οριζέσθω.</strong></span> 
     </span>
    </p>
   </div>
   <div class='ocr_carea' id='block_1_43' title="bbox 162 2684 1660 2757">
    <p class='ocr_par' dir='ltr' id='par_1_43' title="bbox 162 2684 1660 2757">
     <span class='ocr_line' id='line_1_43' title="bbox 162 2684 1660 2757; baseline -0.001 -15"><span class='ocrx_word' id='word_1_263' title='bbox 162 2690 222 2743; x_wconf 82' lang='grc' dir='ltr'><strong>Ἦ</strong></span> <span class='ocrx_word' id='word_1_264' title='bbox 249 2687 327 2757; x_wconf 81' lang='grc' dir='ltr'><strong>λγ¹</strong></span> <span class='ocrx_word' id='word_1_265' title='bbox 360 2689 504 2742; x_wconf 78' lang='grc' dir='ltr'><strong>διά-τ.</strong></span> <span class='ocrx_word' id='word_1_266' title='bbox 534 2686 630 2740; x_wconf 78' lang='grc' dir='ltr'><strong>τοῦ</strong></span> <span class='ocrx_word' id='word_1_267' title='bbox 660 2685 700 2741; x_wconf 82' lang='grc' dir='ltr'><strong>δ’</strong></span> <span class='ocrx_word' id='word_1_268' title='bbox 729 2686 836 2741; x_wconf 85' lang='grc' dir='ltr'><strong>τίτ.</strong></span> <span class='ocrx_word' id='word_1_269' title='bbox 860 2685 956 2740; x_wconf 82' lang='grc' dir='ltr'><strong>τοῦ</strong></span> <span class='ocrx_word' id='word_1_270' title='bbox 981 2684 1030 2740; x_wconf 84' lang='grc' dir='ltr'><strong>α’</strong></span> <span class='ocrx_word' id='word_1_271' title='bbox 1077 2685 1214 2756; x_wconf 77' lang='grc' dir='ltr'><strong>βιόλ.</strong></span> <span class='ocrx_word' id='word_1_272' title='bbox 1256 2685 1350 2739; x_wconf 82' lang='grc' dir='ltr'><strong>τοῦ</strong></span> <span class='ocrx_word' id='word_1_273' title='bbox 1399 2686 1528 2740; x_wconf 84' lang='grc' dir='ltr'><strong>κώδ.</strong></span> <span class='ocrx_word' id='word_1_274' title='bbox 1565 2687 1660 2741; x_wconf 78' lang='grc' dir='ltr'><strong>καὶ</strong></span> 
     </span>
    </p>
   </div>
   <div class='ocr_carea' id='block_1_44' title="bbox 91 2777 1660 2853">
    <p class='ocr_par' dir='ltr' id='par_1_44' title="bbox 91 2777 1660 2853">
     <span class='ocr_line' id='line_1_44' title="bbox 91 2777 1660 2853; baseline -0.003 -17"><span class='ocrx_word' id='word_1_275' title='bbox 91 2784 238 2852; x_wconf 73' lang='grc' dir='ltr'><strong>ἡκγ¹,</strong></span> <span class='ocrx_word' id='word_1_276' title='bbox 262 2783 356 2836; x_wconf 75' lang='grc' dir='ltr'><strong>καὶ</strong></span> <span class='ocrx_word' id='word_1_277' title='bbox 382 2779 517 2853; x_wconf 78' lang='grc' dir='ltr'><strong>ήκθ¹</strong></span> <span class='ocrx_word' id='word_1_278' title='bbox 547 2781 645 2832; x_wconf 76' lang='grc' dir='ltr'><strong>τοῦ</strong></span> <span class='ocrx_word' id='word_1_279' title='bbox 672 2781 712 2833; x_wconf 87' lang='grc' dir='ltr'><strong>δ’</strong></span> <span class='ocrx_word' id='word_1_280' title='bbox 747 2779 852 2834; x_wconf 90' lang='grc' dir='ltr'><strong>τίτ.</strong></span> <span class='ocrx_word' id='word_1_281' title='bbox 884 2779 979 2832; x_wconf 80' lang='grc' dir='ltr'><strong>τοῦ</strong></span> <span class='ocrx_word' id='word_1_282' title='bbox 1007 2777 1047 2831; x_wconf 85' lang='grc' dir='ltr'><strong>ε’</strong></span> <span class='ocrx_word' id='word_1_283' title='bbox 1073 2779 1216 2849; x_wconf 87' lang='grc' dir='ltr'><strong>βι6λ.</strong></span> <span class='ocrx_word' id='word_1_284' title='bbox 1270 2779 1368 2833; x_wconf 76' lang='grc' dir='ltr'><strong>καὶ</strong></span> <span class='ocrx_word' id='word_1_285' title='bbox 1403 2780 1435 2848; x_wconf 89' lang='grc' dir='ltr'>ἡ</span> <span class='ocrx_word' id='word_1_286' title='bbox 1465 2777 1660 2850; x_wconf 71' lang='grc' dir='ltr'><strong>λβ’καὶ</strong></span> 
     </span>
    </p>
   </div>
   <div class='ocr_carea' id='block_1_45' title="bbox 95 2869 1661 2942">
    <p class='ocr_par' dir='ltr' id='par_1_45' title="bbox 95 2869 1661 2942">
     <span class='ocr_line' id='line_1_45' title="bbox 95 2869 1661 2942; baseline -0.004 -16"><span class='ocrx_word' id='word_1_287' title='bbox 95 2871 202 2940; x_wconf 63' lang='lat' dir='ltr'><strong>pg’,</strong></span> <span class='ocrx_word' id='word_1_288' title='bbox 239 2874 486 2942; x_wconf 82' lang='grc' dir='ltr'><strong>μεγάλας</strong></span> <span class='ocrx_word' id='word_1_289' title='bbox 504 2871 698 2933; x_wconf 88' lang='grc' dir='ltr'><strong>ποινὰς</strong></span> <span class='ocrx_word' id='word_1_290' title='bbox 725 2869 1084 2940; x_wconf 79' lang='grc' dir='ltr'><strong>ὲπιφέρουσαι</strong></span> <span class='ocrx_word' id='word_1_291' title='bbox 1117 2871 1228 2932; x_wconf 74' lang='grc' dir='ltr'><strong>τοῖς</strong></span> <span class='ocrx_word' id='word_1_292' title='bbox 1271 2870 1661 2940; x_wconf 78' lang='grc' dir='ltr'><strong>πορνοὸοσκοῖς</strong></span> 
     </span>
    </p>
   </div>
   <div class='ocr_carea' id='block_1_46' title="bbox 93 2962 1657 3033">
    <p class='ocr_par' dir='ltr' id='par_1_46' title="bbox 93 2962 1657 3033">
     <span class='ocr_line' id='line_1_46' title="bbox 93 2962 1657 3033; baseline 0.001 -16"><span class='ocrx_word' id='word_1_293' title='bbox 93 2966 308 3030; x_wconf 75' lang='grc' dir='ltr'><strong>καὶτοῖς</strong></span> <span class='ocrx_word' id='word_1_294' title='bbox 333 2963 710 3032; x_wconf 73' lang='grc' dir='ltr'><strong>ἀναγκάζουσι</strong></span> <span class='ocrx_word' id='word_1_295' title='bbox 763 2962 956 3024; x_wconf 85' lang='grc' dir='ltr'><strong>δούλας</strong></span> <span class='ocrx_word' id='word_1_296' title='bbox 980 2962 1014 3032; x_wconf 78' lang='grc' dir='ltr'><strong>ἢ</strong></span> <span class='ocrx_word' id='word_1_297' title='bbox 1077 2962 1369 3033; x_wconf 79' lang='grc' dir='ltr'><strong>ἐλευθέρας</strong></span> <span class='ocrx_word' id='word_1_298' title='bbox 1421 2966 1657 3018; x_wconf 84' lang='grc' dir='ltr'><strong>συνεῖναι</strong></span> 
     </span>
    </p>
   </div>
   <div class='ocr_carea' id='block_1_47' title="bbox 95 3037 1661 3126">
    <p class='ocr_par' dir='ltr' id='par_1_47' title="bbox 95 3037 1661 3126">
     <span class='ocr_line' id='line_1_47' title="bbox 95 3037 1661 3126; baseline 0 -18"><span class='ocrx_word' id='word_1_299' title='bbox 95 3056 264 3125; x_wconf 85' lang='grc' dir='ltr'><strong>μίμοις</strong></span> <span class='ocrx_word' id='word_1_300' title='bbox 286 3056 320 3126; x_wconf 81' lang='grc' dir='ltr'>ἢ</span> <span class='ocrx_word' id='word_1_301' title='bbox 352 3057 605 3124; x_wconf 83' lang='grc' dir='ltr'><strong>θεάτροις</strong></span> <span class='ocrx_word' id='word_1_302' title='bbox 631 3037 1016 3126; x_wconf 78' lang='grc' dir='ltr'><strong>προΐστασθαι,</strong></span> <span class='ocrx_word' id='word_1_303' title='bbox 1051 3055 1145 3108; x_wconf 67' lang='grc' dir='ltr'><strong>καὶ</strong></span> <span class='ocrx_word' id='word_1_304' title='bbox 1190 3053 1424 3108; x_wconf 86' lang='grc' dir='ltr'><strong>διδόασιν</strong></span> <span class='ocrx_word' id='word_1_305' title='bbox 1477 3055 1661 3110; x_wconf 76' lang='grc' dir='ltr'><strong>ἄδειαν</strong></span> 
     </span>
    </p>
   </div>
   <div class='ocr_carea' id='block_1_48' title="bbox 92 3146 1660 3218">
    <p class='ocr_par' dir='ltr' id='par_1_48' title="bbox 92 3146 1660 3218">
     <span class='ocr_line' id='line_1_48' title="bbox 92 3146 1660 3218; baseline -0.001 -17"><span class='ocrx_word' id='word_1_306' title='bbox 92 3148 264 3211; x_wconf 80' lang='grc' dir='ltr'><strong>αὐταῖς</strong></span> <span class='ocrx_word' id='word_1_307' title='bbox 309 3150 638 3218; x_wconf 79' lang='grc' dir='ltr'><strong>ἀναχωρεῖν,</strong></span> <span class='ocrx_word' id='word_1_308' title='bbox 689 3147 782 3200; x_wconf 82' lang='grc' dir='ltr'><strong>καὶ</strong></span> <span class='ocrx_word' id='word_1_309' title='bbox 844 3147 986 3217; x_wconf 88' lang='grc' dir='ltr'><strong>μετά</strong></span> <span class='ocrx_word' id='word_1_310' title='bbox 1045 3147 1292 3217; x_wconf 83' lang='grc' dir='ltr'><strong>προικῶν</strong></span> <span class='ocrx_word' id='word_1_311' title='bbox 1338 3146 1660 3215; x_wconf 77' lang='grc' dir='ltr'><strong>ζεύγνυσθαι</strong></span> 
     </span>
    </p>
   </div>
   <div class='ocr_carea' id='block_1_49' title="bbox 92 3239 1659 3310">
    <p class='ocr_par' dir='ltr' id='par_1_49' title="bbox 92 3239 1659 3310">
     <span class='ocr_line' id='line_1_49' title="bbox 92 3239 1659 3310; baseline 0.002 -19"><span class='ocrx_word' id='word_1_312' title='bbox 92 3241 174 3292; x_wconf 72' lang='grc' dir='ltr'><strong>καὶ</strong></span> <span class='ocrx_word' id='word_1_313' title='bbox 192 3241 601 3310; x_wconf 78' lang='grc' dir='ltr'><strong>ἀξιωματικοῖς,</strong></span> <span class='ocrx_word' id='word_1_314' title='bbox 621 3242 669 3293; x_wconf 77' lang='grc' dir='ltr'><strong>εί</strong></span> <span class='ocrx_word' id='word_1_315' title='bbox 690 3239 989 3308; x_wconf 83' lang='grc' dir='ltr'><strong>δυνηθεῖεν,</strong></span> <span class='ocrx_word' id='word_1_316' title='bbox 1006 3241 1100 3292; x_wconf 71' lang='grc' dir='ltr'><strong>καὶ</strong></span> <span class='ocrx_word' id='word_1_317' title='bbox 1123 3242 1222 3310; x_wconf 88' lang='grc' dir='ltr'><strong>τῆς</strong></span> <span class='ocrx_word' id='word_1_318' title='bbox 1242 3239 1464 3310; x_wconf 80' lang='grc' dir='ltr'><strong>ἀτιμίας</strong></span> <span class='ocrx_word' id='word_1_319' title='bbox 1484 3240 1659 3294; x_wconf 82' lang='grc' dir='ltr'><strong>ἀπαλ-</strong></span> 
     </span>
    </p>
   </div>
   <div class='ocr_carea' id='block_1_50' title="bbox 91 3329 1662 3403">
    <p class='ocr_par' dir='ltr' id='par_1_50' title="bbox 91 3329 1662 3403">
     <span class='ocr_line' id='line_1_50' title="bbox 91 3329 1662 3403; baseline 0.003 -22"><span class='ocrx_word' id='word_1_320' title='bbox 91 3329 358 3386; x_wconf 76' lang='grc' dir='ltr'><strong>λάττεσθαι</strong></span> <span class='ocrx_word' id='word_1_321' title='bbox 378 3350 394 3366; x_wconf 80' lang='grc' dir='ltr'><strong>ο</strong></span> <span class='ocrx_word' id='word_1_322' title='bbox 428 3332 563 3402; x_wconf 68' lang='grc' dir='ltr'><strong>περὶ</strong></span> <span class='ocrx_word' id='word_1_323' title='bbox 586 3333 641 3384; x_wconf 77' lang='grc' dir='ltr'><strong>δὲ</strong></span> <span class='ocrx_word' id='word_1_324' title='bbox 675 3331 951 3400; x_wconf 83' lang='grc' dir='ltr'><strong>σκηνικῶν</strong></span> <span class='ocrx_word' id='word_1_325' title='bbox 982 3332 1078 3384; x_wconf 77' lang='grc' dir='ltr'><strong>καὶ</strong></span> <span class='ocrx_word' id='word_1_326' title='bbox 1107 3330 1352 3398; x_wconf 82' lang='grc' dir='ltr'><strong>θεωριῶν</strong></span> <span class='ocrx_word' id='word_1_327' title='bbox 1388 3331 1482 3384; x_wconf 67' lang='grc' dir='ltr'><strong>καὶ</strong></span> <span class='ocrx_word' id='word_1_328' title='bbox 1513 3350 1662 3403; x_wconf 81' lang='grc' dir='ltr'><strong>πορ-</strong></span> 
     </span>
    </p>
   </div>
   <div class='ocr_carea' id='block_1_51' title="bbox 91 3417 1659 3490">
    <p class='ocr_par' dir='ltr' id='par_1_51' title="bbox 91 3417 1659 3490">
     <span class='ocr_line' id='line_1_51' title="bbox 91 3417 1659 3490; baseline 0.002 -20"><span class='ocrx_word' id='word_1_329' title='bbox 91 3422 368 3487; x_wconf 80' lang='grc' dir='ltr'><strong>νοῦοσκῶν,</strong></span> <span class='ocrx_word' id='word_1_330' title='bbox 405 3423 578 3485; x_wconf 86' lang='grc' dir='ltr'><strong>ἱδικός</strong></span> <span class='ocrx_word' id='word_1_331' title='bbox 612 3423 730 3474; x_wconf 83' lang='grc' dir='ltr'><strong>ἐστι</strong></span> <span class='ocrx_word' id='word_1_332' title='bbox 756 3421 861 3475; x_wconf 85' lang='grc' dir='ltr'><strong>τίτ.</strong></span> <span class='ocrx_word' id='word_1_333' title='bbox 895 3423 923 3473; x_wconf 84' lang='grc' dir='ltr'>ὁ</span> <span class='ocrx_word' id='word_1_334' title='bbox 976 3418 1066 3489; x_wconf 87' lang='grc' dir='ltr'><strong>μα’</strong></span> <span class='ocrx_word' id='word_1_335' title='bbox 1109 3419 1203 3472; x_wconf 84' lang='grc' dir='ltr'><strong>τοῦ</strong></span> <span class='ocrx_word' id='word_1_336' title='bbox 1252 3417 1322 3471; x_wconf 82' lang='grc' dir='ltr'><strong>ια’</strong></span> <span class='ocrx_word' id='word_1_337' title='bbox 1373 3419 1513 3490; x_wconf 58' lang='lat' dir='ltr'><strong>sum.</strong></span> <span class='ocrx_word' id='word_1_338' title='bbox 1563 3418 1659 3473; x_wconf 79' lang='grc' dir='ltr'><strong>τοῦ</strong></span> 
     </span>
    </p>
   </div>
   <div class='ocr_carea' id='block_1_52' title="bbox 91 3511 1664 3586">
    <p class='ocr_par' dir='ltr' id='par_1_52' title="bbox 91 3511 1664 3586">
     <span class='ocr_line' id='line_1_52' title="bbox 91 3511 1664 3586; baseline 0.001 -23"><span class='ocrx_word' id='word_1_339' title='bbox 91 3511 206 3566; x_wconf 78' lang='grc' dir='ltr'><strong>κώδ.</strong></span> <span class='ocrx_word' id='word_1_340' title='bbox 241 3514 499 3586; x_wconf 77' lang='grc' dir='ltr'><strong>σκηνὴδέ</strong></span> <span class='ocrx_word' id='word_1_341' title='bbox 549 3515 719 3577; x_wconf 77' lang='grc' dir='ltr'><strong>ἐστιν,</strong></span> <span class='ocrx_word' id='word_1_342' title='bbox 771 3511 899 3565; x_wconf 79' lang='grc' dir='ltr'><strong>ἔνθα</strong></span> <span class='ocrx_word' id='word_1_343' title='bbox 948 3529 1030 3575; x_wconf 89' lang='grc' dir='ltr'><strong>τις</strong></span> <span class='ocrx_word' id='word_1_344' title='bbox 1079 3511 1294 3565; x_wconf 76' lang='grc' dir='ltr'><strong>ἵσταται</strong></span> <span class='ocrx_word' id='word_1_345' title='bbox 1344 3512 1376 3581; x_wconf 76' lang='grc' dir='ltr'><strong>ἢ</strong></span> <span class='ocrx_word' id='word_1_346' title='bbox 1434 3514 1664 3566; x_wconf 73' lang='grc' dir='ltr'><strong>κινεῖται</strong></span> 
     </span>
    </p>
   </div>
   <div class='ocr_carea' id='block_1_53' title="bbox 92 3603 1660 3677">
    <p class='ocr_par' dir='ltr' id='par_1_53' title="bbox 92 3603 1660 3677">
     <span class='ocr_line' id='line_1_53' title="bbox 92 3603 1660 3677; baseline 0 -21"><span class='ocrx_word' id='word_1_347' title='bbox 92 3606 338 3676; x_wconf 76' lang='grc' dir='ltr'><strong>σκηνικήν</strong></span> <span class='ocrx_word' id='word_1_348' title='bbox 367 3605 819 3674; x_wconf 75' lang='grc' dir='ltr'><strong>ἐπιδεικνύμενος</strong></span> <span class='ocrx_word' id='word_1_349' title='bbox 849 3606 1069 3677; x_wconf 76' lang='grc' dir='ltr'><strong>τέχνην,</strong></span> <span class='ocrx_word' id='word_1_350' title='bbox 1109 3606 1218 3658; x_wconf 75' lang='grc' dir='ltr'><strong>εἴτε</strong></span> <span class='ocrx_word' id='word_1_351' title='bbox 1264 3609 1322 3658; x_wconf 84' lang='grc' dir='ltr'><strong>ὲν</strong></span> <span class='ocrx_word' id='word_1_352' title='bbox 1351 3605 1594 3677; x_wconf 85' lang='grc' dir='ltr'><strong>δημοσίῳ</strong></span> <span class='ocrx_word' id='word_1_353' title='bbox 1627 3603 1660 3676; x_wconf 76' lang='grc' dir='ltr'>ἢ</span> 
     </span>
    </p>
   </div>
   <div class='ocr_carea' id='block_1_54' title="bbox 94 3696 1658 3768">
    <p class='ocr_par' dir='ltr' id='par_1_54' title="bbox 94 3696 1658 3768">
     <span class='ocr_line' id='line_1_54' title="bbox 94 3696 1658 3768; baseline 0.001 -20"><span class='ocrx_word' id='word_1_354' title='bbox 94 3697 330 3767; x_wconf 73' lang='grc' dir='ltr'><strong>ἰδιωτικῷ</strong></span> <span class='ocrx_word' id='word_1_355' title='bbox 359 3700 516 3767; x_wconf 81' lang='grc' dir='ltr'><strong>τόπῳ</strong></span> <span class='ocrx_word' id='word_1_356' title='bbox 546 3697 579 3768; x_wconf 78' lang='grc' dir='ltr'><strong>ἢ</strong></span> <span class='ocrx_word' id='word_1_357' title='bbox 607 3696 783 3767; x_wconf 79' lang='grc' dir='ltr'><strong>ἀγρῷ,</strong></span> <span class='ocrx_word' id='word_1_358' title='bbox 837 3698 966 3750; x_wconf 74' lang='grc' dir='ltr'><strong>ἔνθα</strong></span> <span class='ocrx_word' id='word_1_359' title='bbox 1019 3698 1204 3768; x_wconf 82' lang='grc' dir='ltr'><strong>μέντοι</strong></span> <span class='ocrx_word' id='word_1_360' title='bbox 1252 3698 1420 3768; x_wconf 82' lang='grc' dir='ltr'><strong>χύδην</strong></span> <span class='ocrx_word' id='word_1_361' title='bbox 1462 3699 1510 3750; x_wconf 90' lang='grc' dir='ltr'><strong>οί</strong></span> <span class='ocrx_word' id='word_1_362' title='bbox 1558 3697 1658 3750; x_wconf 79' lang='grc' dir='ltr'><strong>ἆν-</strong></span> 
     </span>
    </p>
   </div>
   <div class='ocr_carea' id='block_1_55' title="bbox 93 3785 1661 3859">
    <p class='ocr_par' dir='ltr' id='par_1_55' title="bbox 93 3785 1661 3859">
     <span class='ocr_line' id='line_1_55' title="bbox 93 3785 1661 3859; baseline 0.002 -21"><span class='ocrx_word' id='word_1_363' title='bbox 93 3785 281 3858; x_wconf 85' lang='grc' dir='ltr'><strong>θρωποι</strong></span> <span class='ocrx_word' id='word_1_364' title='bbox 308 3791 400 3843; x_wconf 76' lang='grc' dir='ltr'><strong>διὰ</strong></span> <span class='ocrx_word' id='word_1_365' title='bbox 428 3789 563 3842; x_wconf 81' lang='grc' dir='ltr'><strong>θέαν</strong></span> <span class='ocrx_word' id='word_1_366' title='bbox 583 3787 816 3842; x_wconf 85' lang='grc' dir='ltr'><strong>είσίασιν</strong></span> <span class='ocrx_word' id='word_1_367' title='bbox 836 3805 851 3819; x_wconf 78' lang='grc'><strong><em>⁸</em></strong></span> <span class='ocrx_word' id='word_1_368' title='bbox 889 3788 1076 3859; x_wconf 78' lang='grc' dir='ltr'><strong>ἄτιμοι</strong></span> <span class='ocrx_word' id='word_1_369' title='bbox 1114 3789 1173 3841; x_wconf 79' lang='grc' dir='ltr'><strong>δέ</strong></span> <span class='ocrx_word' id='word_1_370' title='bbox 1201 3791 1308 3842; x_wconf 87' lang='grc' dir='ltr'><strong>είσι</strong></span> <span class='ocrx_word' id='word_1_371' title='bbox 1346 3789 1588 3852; x_wconf 81' lang='grc' dir='ltr'><strong>πάντες,’</strong></span> <span class='ocrx_word' id='word_1_372' title='bbox 1611 3789 1661 3842; x_wconf 82' lang='grc' dir='ltr'><strong>οἱ</strong></span> 
     </span>
    </p>
   </div>
   <div class='ocr_carea' id='block_1_56' title="bbox 92 3880 1662 3953">
    <p class='ocr_par' dir='ltr' id='par_1_56' title="bbox 92 3880 1662 3953">
     <span class='ocr_line' id='line_1_56' title="bbox 92 3880 1662 3953; baseline 0.003 -22"><span class='ocrx_word' id='word_1_373' title='bbox 92 3880 172 3933; x_wconf 86' lang='grc' dir='ltr'><strong>διὰ</strong></span> <span class='ocrx_word' id='word_1_374' title='bbox 189 3883 351 3950; x_wconf 80' lang='grc' dir='ltr'><strong>πόρον</strong></span> <span class='ocrx_word' id='word_1_375' title='bbox 376 3883 461 3944; x_wconf 88' lang='grc' dir='ltr'><strong>είς</strong></span> <span class='ocrx_word' id='word_1_376' title='bbox 480 3880 666 3949; x_wconf 85' lang='grc' dir='ltr'><strong>ἀγῶνα</strong></span> <span class='ocrx_word' id='word_1_377' title='bbox 684 3881 988 3946; x_wconf 85' lang='grc' dir='ltr'><strong>κατιόντες,</strong></span> <span class='ocrx_word' id='word_1_378' title='bbox 1016 3883 1109 3934; x_wconf 70' lang='grc' dir='ltr'><strong>καὶ</strong></span> <span class='ocrx_word' id='word_1_379' title='bbox 1134 3883 1184 3934; x_wconf 91' lang='grc' dir='ltr'><strong>οί</strong></span> <span class='ocrx_word' id='word_1_380' title='bbox 1211 3882 1300 3934; x_wconf 83' lang='grc' dir='ltr'><strong>διὰ</strong></span> <span class='ocrx_word' id='word_1_381' title='bbox 1348 3882 1662 3953; x_wconf 78' lang='grc' dir='ltr'><strong>φιλοτιμίαν</strong></span> 
     </span>
    </p>
   </div>
   <div class='ocr_carea' id='block_1_57' title="bbox 90 3973 1666 4047">
    <p class='ocr_par' dir='ltr' id='par_1_57' title="bbox 90 3973 1666 4047">
     <span class='ocr_line' id='line_1_57' title="bbox 90 3973 1666 4047; baseline 0.001 -20"><span class='ocrx_word' id='word_1_382' title='bbox 90 3973 173 4028; x_wconf 68' lang='grc' dir='ltr'><strong>ἰπὶ</strong></span> <span class='ocrx_word' id='word_1_383' title='bbox 204 3975 408 4047; x_wconf 83' lang='grc' dir='ltr'><strong>σκηνῆς</strong></span> <span class='ocrx_word' id='word_1_384' title='bbox 438 3975 794 4045; x_wconf 75' lang='grc' dir='ltr'><strong>προσιόντεςο</strong></span> <span class='ocrx_word' id='word_1_385' title='bbox 829 3978 856 4029; x_wconf 87' lang='grc' dir='ltr'>ὁ</span> <span class='ocrx_word' id='word_1_386' title='bbox 905 3975 962 4028; x_wconf 79' lang='grc' dir='ltr'><strong>δὲ</strong></span> <span class='ocrx_word' id='word_1_387' title='bbox 1023 3975 1302 4046; x_wconf 82' lang='grc' dir='ltr'><strong>μισθώσας</strong></span> <span class='ocrx_word' id='word_1_388' title='bbox 1354 3976 1545 4028; x_wconf 77' lang='grc' dir='ltr'><strong>ἑαυτὸν</strong></span> <span class='ocrx_word' id='word_1_389' title='bbox 1585 3977 1666 4041; x_wconf 91' lang='grc' dir='ltr'><strong>είς</strong></span> 
     </span>
    </p>
   </div>
   <div class='ocr_carea' id='block_1_58' title="bbox 2093 1859 3039 1916">
    <p class='ocr_par' dir='ltr' id='par_1_58' title="bbox 2093 1859 3039 1916">
     <span class='ocr_line' id='line_1_58' title="bbox 2093 1859 3039 1916; baseline -0.003 -1"><span class='ocrx_word' id='word_1_390' title='bbox 2093 1859 2320 1916; x_wconf 79' lang='lat' dir='ltr'><strong>Concilii</strong></span> <span class='ocrx_word' id='word_1_391' title='bbox 2348 1861 2652 1914; x_wconf 76' lang='lat' dir='ltr'><strong>mcumeuici</strong></span> <span class='ocrx_word' id='word_1_392' title='bbox 2680 1876 2729 1913; x_wconf 76' lang='lat' dir='ltr'><strong>v1</strong></span> <span class='ocrx_word' id='word_1_393' title='bbox 2757 1876 2925 1912; x_wconf 86' lang='lat' dir='ltr'><strong>cunou</strong></span> <span class='ocrx_word' id='word_1_394' title='bbox 2951 1859 3039 1912; x_wconf 83' lang='lat'><strong>5|.</strong></span> 
     </span>
    </p>
   </div>
   <div class='ocr_carea' id='block_1_59' title="bbox 1839 1947 3352 2022">
    <p class='ocr_par' dir='ltr' id='par_1_59' title="bbox 1839 1947 3352 2022">
     <span class='ocr_line' id='line_1_59' title="bbox 1839 1947 3352 2022; baseline -0.007 -13"><span class='ocrx_word' id='word_1_395' title='bbox 1839 1955 1928 2009; x_wconf 83' lang='grc'><strong>51.</strong></span> <span class='ocrx_word' id='word_1_396' title='bbox 1971 1953 2208 2008; x_wconf 87' lang='lat' dir='ltr'><strong>Omnino</strong></span> <span class='ocrx_word' id='word_1_397' title='bbox 2234 1953 2489 2022; x_wconf 79' lang='lat' dir='ltr'><strong>prohibet</strong></span> <span class='ocrx_word' id='word_1_398' title='bbox 2537 1952 2652 2006; x_wconf 62' lang='lat' dir='ltr'><strong>haec</strong></span> <span class='ocrx_word' id='word_1_399' title='bbox 2697 1961 2883 2005; x_wconf 87' lang='lat' dir='ltr'><strong>sancta</strong></span> <span class='ocrx_word' id='word_1_400' title='bbox 2930 1959 2986 2003; x_wconf 90' lang='lat' dir='ltr'><strong>et</strong></span> <span class='ocrx_word' id='word_1_401' title='bbox 3024 1947 3352 2003; x_wconf 79' lang='lat' dir='ltr'><strong>universalis</strong></span> 
     </span>
    </p>
   </div>
   <div class='ocr_carea' id='block_1_60' title="bbox 1763 2043 3352 2116">
    <p class='ocr_par' dir='ltr' id='par_1_60' title="bbox 1763 2043 3352 2116">
     <span class='ocr_line' id='line_1_60' title="bbox 1763 2043 3352 2116; baseline -0.004 -17"><span class='ocrx_word' id='word_1_402' title='bbox 1763 2046 2004 2116; x_wconf 77' lang='lat' dir='ltr'><strong>synodus</strong></span> <span class='ocrx_word' id='word_1_403' title='bbox 2037 2043 2204 2115; x_wconf 65' lang='lat'><strong>459</strong></span> <span class='ocrx_word' id='word_1_404' title='bbox 2236 2059 2351 2108; x_wconf 90' lang='lat' dir='ltr'><strong>eos,</strong></span> <span class='ocrx_word' id='word_1_405' title='bbox 2391 2044 2484 2114; x_wconf 87' lang='lat' dir='ltr'><strong>qui</strong></span> <span class='ocrx_word' id='word_1_406' title='bbox 2522 2044 2786 2097; x_wconf 88' lang='lat' dir='ltr'><strong>dicuntur</strong></span> <span class='ocrx_word' id='word_1_407' title='bbox 2815 2043 3034 2104; x_wconf 89' lang='lat' dir='ltr'><strong>mimos,</strong></span> <span class='ocrx_word' id='word_1_408' title='bbox 3077 2050 3129 2093; x_wconf 90' lang='lat' dir='ltr'><strong>et</strong></span> <span class='ocrx_word' id='word_1_409' title='bbox 3163 2055 3352 2093; x_wconf 85' lang='lat' dir='ltr'><strong>eorum</strong></span> 
     </span>
    </p>
   </div>
   <div class='ocr_carea' id='block_1_61' title="bbox 1763 2133 3350 2208">
    <p class='ocr_par' dir='ltr' id='par_1_61' title="bbox 1763 2133 3350 2208">
     <span class='ocr_line' id='line_1_61' title="bbox 1763 2133 3350 2208; baseline -0.005 -16"><span class='ocrx_word' id='word_1_410' title='bbox 1763 2138 2106 2208; x_wconf 88' lang='lat' dir='ltr'><strong>spectacula;</strong></span> <span class='ocrx_word' id='word_1_411' title='bbox 2127 2137 2323 2191; x_wconf 89' lang='lat' dir='ltr'><strong>deinde</strong></span> <span class='ocrx_word' id='word_1_412' title='bbox 2345 2135 2697 2190; x_wconf 82' lang='lat' dir='ltr'><strong>venationum</strong></span> <span class='ocrx_word' id='word_1_413' title='bbox 2719 2151 2938 2204; x_wconf 81' lang='lat' dir='ltr'><strong>quoque</strong></span> <span class='ocrx_word' id='word_1_414' title='bbox 2961 2133 3350 2202; x_wconf 80' lang='lat' dir='ltr'><strong>spectationes,</strong></span> 
     </span>
    </p>
   </div>
   <div class='ocr_carea' id='block_1_62' title="bbox 1763 2227 3352 2301">
    <p class='ocr_par' dir='ltr' id='par_1_62' title="bbox 1763 2227 3352 2301">
     <span class='ocr_line' id='line_1_62' title="bbox 1763 2227 3352 2301; baseline -0.006 -15"><span class='ocrx_word' id='word_1_415' title='bbox 1763 2241 1929 2301; x_wconf 87' lang='lat' dir='ltr'><strong>atque</strong></span> <span class='ocrx_word' id='word_1_416' title='bbox 1955 2232 2008 2284; x_wconf 92' lang='lat' dir='ltr'><strong>in</strong></span> <span class='ocrx_word' id='word_1_417' title='bbox 2045 2244 2208 2285; x_wconf 89' lang='lat' dir='ltr'><strong>scena</strong></span> <span class='ocrx_word' id='word_1_418' title='bbox 2240 2229 2562 2284; x_wconf 88' lang='lat' dir='ltr'><strong>saltationes</strong></span> <span class='ocrx_word' id='word_1_419' title='bbox 2592 2228 2728 2282; x_wconf 85' lang='lat' dir='ltr'><strong>ﬁeri.</strong></span> <span class='ocrx_word' id='word_1_420' title='bbox 2761 2227 2814 2280; x_wconf 86' lang='lat' dir='ltr'><strong>Si</strong></span> <span class='ocrx_word' id='word_1_421' title='bbox 2844 2227 2966 2295; x_wconf 87' lang='lat' dir='ltr'><strong>quis</strong></span> <span class='ocrx_word' id='word_1_422' title='bbox 2995 2233 3176 2279; x_wconf 89' lang='lat' dir='ltr'><strong>autem</strong></span> <span class='ocrx_word' id='word_1_423' title='bbox 3214 2239 3352 2293; x_wconf 66' lang='lat' dir='ltr'><strong>prte-</strong></span> 
     </span>
    </p>
   </div>
   <div class='ocr_carea' id='block_1_63' title="bbox 1766 2318 3351 2390">
    <p class='ocr_par' dir='ltr' id='par_1_63' title="bbox 1766 2318 3351 2390">
     <span class='ocr_line' id='line_1_63' title="bbox 1766 2318 3351 2390; baseline -0.006 -12"><span class='ocrx_word' id='word_1_424' title='bbox 1766 2333 1975 2378; x_wconf 86' lang='lat' dir='ltr'><strong>sentem</strong></span> <span class='ocrx_word' id='word_1_425' title='bbox 2011 2337 2277 2376; x_wconf 88' lang='lat' dir='ltr'><strong>canoncm</strong></span> <span class='ocrx_word' id='word_1_426' title='bbox 2319 2321 2734 2390; x_wconf 82' lang='lat' dir='ltr'><strong>contempserit,</strong></span> <span class='ocrx_word' id='word_1_427' title='bbox 2768 2328 2822 2373; x_wconf 88' lang='lat' dir='ltr'><strong>et</strong></span> <span class='ocrx_word' id='word_1_428' title='bbox 2859 2334 2916 2372; x_wconf 86' lang='lat' dir='ltr'><strong>se</strong></span> <span class='ocrx_word' id='word_1_429' title='bbox 2951 2318 3113 2371; x_wconf 83' lang='lat' dir='ltr'><strong>alicui</strong></span> <span class='ocrx_word' id='word_1_430' title='bbox 3158 2331 3351 2370; x_wconf 84' lang='lat' dir='ltr'><strong>eorum</strong></span> 
     </span>
    </p>
   </div>
   <div class='ocr_carea' id='block_1_64' title="bbox 1764 2409 3353 2485">
    <p class='ocr_par' dir='ltr' id='par_1_64' title="bbox 1764 2409 3353 2485">
     <span class='ocr_line' id='line_1_64' title="bbox 1764 2409 3353 2485; baseline -0.004 -16"><span class='ocrx_word' id='word_1_431' title='bbox 1764 2431 1887 2485; x_wconf 66' lang='lat' dir='ltr'><strong>qua:</strong></span> <span class='ocrx_word' id='word_1_432' title='bbox 1940 2423 2067 2468; x_wconf 90' lang='lat' dir='ltr'><strong>sunt</strong></span> <span class='ocrx_word' id='word_1_433' title='bbox 2101 2414 2290 2477; x_wconf 85' lang='lat' dir='ltr'><strong>vetita,</strong></span> <span class='ocrx_word' id='word_1_434' title='bbox 2335 2413 2566 2475; x_wconf 82' lang='lat' dir='ltr'><strong>dederit,</strong></span> <span class='ocrx_word' id='word_1_435' title='bbox 2612 2412 2658 2466; x_wconf 91' lang='lat' dir='ltr'><strong>si</strong></span> <span class='ocrx_word' id='word_1_436' title='bbox 2705 2411 2776 2466; x_wconf 87' lang='lat' dir='ltr'><strong>sit</strong></span> <span class='ocrx_word' id='word_1_437' title='bbox 2829 2410 3051 2480; x_wconf 88' lang='lat' dir='ltr'><strong>quidem</strong></span> <span class='ocrx_word' id='word_1_438' title='bbox 3096 2409 3353 2473; x_wconf 90' lang='lat' dir='ltr'><strong>clericus,</strong></span> 
     </span>
    </p>
   </div>
   <div class='ocr_carea' id='block_1_65' title="bbox 1768 2504 2944 2578">
    <p class='ocr_par' dir='ltr' id='par_1_65' title="bbox 1768 2504 2944 2578">
     <span class='ocr_line' id='line_1_65' title="bbox 1768 2504 2944 2578; baseline -0.007 -15"><span class='ocrx_word' id='word_1_439' title='bbox 1768 2509 2110 2578; x_wconf 88' lang='lat' dir='ltr'><strong>deponatur;</strong></span> <span class='ocrx_word' id='word_1_440' title='bbox 2139 2505 2184 2560; x_wconf 90' lang='lat' dir='ltr'><strong>si</strong></span> <span class='ocrx_word' id='word_1_441' title='bbox 2220 2520 2353 2560; x_wconf 87' lang='lat' dir='ltr'><strong>vero</strong></span> <span class='ocrx_word' id='word_1_442' title='bbox 2381 2504 2575 2568; x_wconf 84' lang='lat' dir='ltr'><strong>laicus,</strong></span> <span class='ocrx_word' id='word_1_443' title='bbox 2609 2513 2944 2574; x_wconf 77' lang='lat' dir='ltr'><strong>segregetur.</strong></span> 
     </span>
    </p>
   </div>
   <div class='ocr_carea' id='block_1_66' title="bbox 1841 2690 3359 2757">
    <p class='ocr_par' dir='ltr' id='par_1_66' title="bbox 1841 2690 3359 2757">
     <span class='ocr_line' id='line_1_66' title="bbox 1841 2690 3359 2757; baseline -0.002 -8"><span class='ocrx_word' id='word_1_444' title='bbox 1841 2694 2061 2751; x_wconf 74' lang='lat' dir='ltr'><strong>Texlus.</strong></span> <span class='ocrx_word' id='word_1_445' title='bbox 2099 2693 2332 2748; x_wconf 83' lang='lat' dir='ltr'><strong>Constit.</strong></span> <span class='ocrx_word' id='word_1_446' title='bbox 2372 2693 2463 2756; x_wconf 78' lang='grc'><strong>55,</strong></span> <span class='ocrx_word' id='word_1_447' title='bbox 2502 2692 2588 2746; x_wconf 89' lang='lat' dir='ltr'><strong>tit.</strong></span> <span class='ocrx_word' id='word_1_448' title='bbox 2621 2692 2656 2745; x_wconf 71' lang='grc'>4</span> <span class='ocrx_word' id='word_1_449' title='bbox 2681 2735 2695 2757; x_wconf 92' lang='grc'><strong>,</strong></span> <span class='ocrx_word' id='word_1_450' title='bbox 2745 2691 2839 2745; x_wconf 85' lang='lat' dir='ltr'><strong>lib.</strong></span> <span class='ocrx_word' id='word_1_451' title='bbox 2873 2706 2888 2744; x_wconf 94' lang='grc' dir='ltr'><strong>ι</strong></span> <span class='ocrx_word' id='word_1_452' title='bbox 2933 2690 3058 2746; x_wconf 89' lang='lat' dir='ltr'><strong>cod.</strong></span> <span class='ocrx_word' id='word_1_453' title='bbox 3092 2691 3275 2745; x_wconf 71' lang='lat' dir='ltr'><strong>et123</strong></span> <span class='ocrx_word' id='word_1_454' title='bbox 3306 2700 3359 2746; x_wconf 88' lang='lat' dir='ltr'><strong>et</strong></span> 
     </span>
    </p>
   </div>
   <div class='ocr_carea' id='block_1_67' title="bbox 1768 2785 3358 2856">
    <p class='ocr_par' dir='ltr' id='par_1_67' title="bbox 1768 2785 3358 2856">
     <span class='ocr_line' id='line_1_67' title="bbox 1768 2785 3358 2856; baseline -0.003 -13"><span class='ocrx_word' id='word_1_455' title='bbox 1768 2788 1891 2850; x_wconf 71' lang='lat'><strong>1‘29,</strong></span> <span class='ocrx_word' id='word_1_456' title='bbox 1922 2789 2005 2842; x_wconf 89' lang='lat' dir='ltr'><strong>tit.</strong></span> <span class='ocrx_word' id='word_1_457' title='bbox 2036 2788 2092 2849; x_wconf 77' lang='grc'><strong>4,</strong></span> <span class='ocrx_word' id='word_1_458' title='bbox 2131 2788 2227 2841; x_wconf 92' lang='lat' dir='ltr'><strong>lib.</strong></span> <span class='ocrx_word' id='word_1_459' title='bbox 2273 2803 2325 2852; x_wconf 90' lang='lat' dir='ltr'><strong>v,</strong></span> <span class='ocrx_word' id='word_1_460' title='bbox 2355 2796 2409 2841; x_wconf 89' lang='lat' dir='ltr'><strong>et</strong></span> <span class='ocrx_word' id='word_1_461' title='bbox 2469 2787 2560 2851; x_wconf 67' lang='lat'><strong>&#39;52,</strong></span> <span class='ocrx_word' id='word_1_462' title='bbox 2618 2795 2672 2840; x_wconf 91' lang='lat' dir='ltr'><strong>et</strong></span> <span class='ocrx_word' id='word_1_463' title='bbox 2725 2785 2830 2848; x_wconf 80' lang='grc'><strong>46.</strong></span> <span class='ocrx_word' id='word_1_464' title='bbox 2884 2800 3111 2856; x_wconf 81' lang='lat' dir='ltr'><strong>magnas</strong></span> <span class='ocrx_word' id='word_1_465' title='bbox 3167 2800 3358 2853; x_wconf 61' lang='lat' dir='ltr'><strong>poenas</strong></span> 
     </span>
    </p>
   </div>
   <div class='ocr_carea' id='block_1_68' title="bbox 1767 2876 3359 2948">
    <p class='ocr_par' dir='ltr' id='par_1_68' title="bbox 1767 2876 3359 2948">
     <span class='ocr_line' id='line_1_68' title="bbox 1767 2876 3359 2948; baseline -0.003 -14"><span class='ocrx_word' id='word_1_466' title='bbox 1767 2880 2012 2948; x_wconf 78' lang='lat' dir='ltr'><strong>irrnganl</strong></span> <span class='ocrx_word' id='word_1_467' title='bbox 2047 2879 2338 2934; x_wconf 75' lang='lat' dir='ltr'><strong>lenonibus</strong></span> <span class='ocrx_word' id='word_1_468' title='bbox 2361 2917 2376 2941; x_wconf 94' lang='lat'><strong>,</strong></span> <span class='ocrx_word' id='word_1_469' title='bbox 2411 2879 2586 2946; x_wconf 79' lang='lat' dir='ltr'><strong>iisque</strong></span> <span class='ocrx_word' id='word_1_470' title='bbox 2621 2879 2713 2946; x_wconf 88' lang='lat' dir='ltr'><strong>qui</strong></span> <span class='ocrx_word' id='word_1_471' title='bbox 2762 2877 2993 2930; x_wconf 87' lang='lat' dir='ltr'><strong>ancillas</strong></span> <span class='ocrx_word' id='word_1_472' title='bbox 3026 2877 3107 2930; x_wconf 85' lang='lat' dir='ltr'><strong>vel</strong></span> <span class='ocrx_word' id='word_1_473' title='bbox 3159 2876 3359 2931; x_wconf 90' lang='lat' dir='ltr'><strong>liberas</strong></span> 
     </span>
    </p>
   </div>
   <div class='ocr_carea' id='block_1_69' title="bbox 1768 2968 3360 3041">
    <p class='ocr_par' dir='ltr' id='par_1_69' title="bbox 1768 2968 3360 3041">
     <span class='ocr_line' id='line_1_69' title="bbox 1768 2968 3360 3041; baseline -0.004 -16"><span class='ocrx_word' id='word_1_474' title='bbox 1768 2987 1894 3025; x_wconf 93' lang='lat' dir='ltr'><strong>cum</strong></span> <span class='ocrx_word' id='word_1_475' title='bbox 1927 2970 2105 3024; x_wconf 87' lang='lat' dir='ltr'><strong>mimis</strong></span> <span class='ocrx_word' id='word_1_476' title='bbox 2133 2971 2214 3024; x_wconf 92' lang='lat' dir='ltr'><strong>vel</strong></span> <span class='ocrx_word' id='word_1_477' title='bbox 2259 2968 2360 3041; x_wconf 86' lang='lat' dir='ltr'><strong>[in]</strong></span> <span class='ocrx_word' id='word_1_478' title='bbox 2406 2969 2641 3024; x_wconf 79' lang='lat' dir='ltr'><strong>theatris</strong></span> <span class='ocrx_word' id='word_1_479' title='bbox 2681 2969 3019 3031; x_wconf 88' lang='lat' dir='ltr'><strong>conversari,</strong></span> <span class='ocrx_word' id='word_1_480' title='bbox 3081 2979 3176 3022; x_wconf 86' lang='lat' dir='ltr'><strong>aut</strong></span> <span class='ocrx_word' id='word_1_481' title='bbox 3232 2985 3360 3038; x_wconf 79' lang='lat' dir='ltr'><strong>prn-</strong></span> 
     </span>
    </p>
   </div>
   <div class='ocr_carea' id='block_1_70' title="bbox 1768 3057 3358 3131">
    <p class='ocr_par' dir='ltr' id='par_1_70' title="bbox 1768 3057 3358 3131">
     <span class='ocr_line' id='line_1_70' title="bbox 1768 3057 3358 3131; baseline -0.007 -14"><span class='ocrx_word' id='word_1_482' title='bbox 1768 3072 1942 3117; x_wconf 86' lang='lat' dir='ltr'><strong>strare</strong></span> <span class='ocrx_word' id='word_1_483' title='bbox 1971 3069 2215 3131; x_wconf 82' lang='lat' dir='ltr'><strong>cogunt:</strong></span> <span class='ocrx_word' id='word_1_484' title='bbox 2253 3069 2306 3115; x_wconf 89' lang='lat' dir='ltr'><strong>et</strong></span> <span class='ocrx_word' id='word_1_485' title='bbox 2345 3059 2657 3122; x_wconf 86' lang='lat' dir='ltr'><strong>recedendi,</strong></span> <span class='ocrx_word' id='word_1_486' title='bbox 2701 3058 3080 3124; x_wconf 86' lang='lat' dir='ltr'><strong>dotalibusque</strong></span> <span class='ocrx_word' id='word_1_487' title='bbox 3127 3057 3358 3126; x_wconf 68' lang='lat' dir='ltr'><strong>[instru-</strong></span> 
     </span>
    </p>
   </div>
   <div class='ocr_carea' id='block_1_71' title="bbox 1769 3149 3361 3222">
    <p class='ocr_par' dir='ltr' id='par_1_71' title="bbox 1769 3149 3361 3222">
     <span class='ocr_line' id='line_1_71' title="bbox 1769 3149 3361 3222; baseline -0.007 -12"><span class='ocrx_word' id='word_1_488' title='bbox 1769 3155 1970 3210; x_wconf 90' lang='lat' dir='ltr'><strong>mentis</strong></span> <span class='ocrx_word' id='word_1_489' title='bbox 2022 3151 2535 3222; x_wconf 84' lang='lat' dir='ltr'><strong>intervenientibus]</strong></span> <span class='ocrx_word' id='word_1_490' title='bbox 2587 3152 2750 3205; x_wconf 89' lang='lat' dir='ltr'><strong>etiam</strong></span> <span class='ocrx_word' id='word_1_491' title='bbox 2801 3149 3110 3204; x_wconf 89' lang='lat' dir='ltr'><strong>illustribus</strong></span> <span class='ocrx_word' id='word_1_492' title='bbox 3151 3149 3195 3202; x_wconf 91' lang='lat' dir='ltr'><strong>si</strong></span> <span class='ocrx_word' id='word_1_493' title='bbox 3234 3162 3361 3216; x_wconf 88' lang='lat' dir='ltr'><strong>pos-</strong></span> 
     </span>
    </p>
   </div>
   <div class='ocr_carea' id='block_1_72' title="bbox 1769 3241 3362 3315">
    <p class='ocr_par' dir='ltr' id='par_1_72' title="bbox 1769 3241 3362 3315">
     <span class='ocr_line' id='line_1_72' title="bbox 1769 3241 3362 3315; baseline -0.006 -14"><span class='ocrx_word' id='word_1_494' title='bbox 1769 3248 1900 3311; x_wconf 87' lang='lat' dir='ltr'><strong>sint,</strong></span> <span class='ocrx_word' id='word_1_495' title='bbox 1937 3246 2176 3300; x_wconf 87' lang='lat' dir='ltr'><strong>nubendi</strong></span> <span class='ocrx_word' id='word_1_496' title='bbox 2222 3255 2545 3315; x_wconf 84' lang='lat' dir='ltr'><strong>poteSIatem</strong></span> <span class='ocrx_word' id='word_1_497' title='bbox 2591 3243 2821 3297; x_wconf 80' lang='lat' dir='ltr'><strong>faciunt.</strong></span> <span class='ocrx_word' id='word_1_498' title='bbox 2851 3241 2924 3295; x_wconf 91' lang='lat' dir='ltr'><strong>De</strong></span> <span class='ocrx_word' id='word_1_499' title='bbox 2969 3241 3202 3296; x_wconf 88' lang='lat' dir='ltr'><strong>scenicis</strong></span> <span class='ocrx_word' id='word_1_500' title='bbox 3233 3256 3362 3293; x_wconf 89' lang='lat' dir='ltr'><strong>vero</strong></span> 
     </span>
    </p>
   </div>
   <div class='ocr_carea' id='block_1_73' title="bbox 1771 3331 3363 3408">
    <p class='ocr_par' dir='ltr' id='par_1_73' title="bbox 1771 3331 3363 3408">
     <span class='ocr_line' id='line_1_73' title="bbox 1771 3331 3363 3408; baseline -0.005 -14"><span class='ocrx_word' id='word_1_501' title='bbox 1771 3337 2101 3408; x_wconf 77' lang='lat' dir='ltr'><strong>spectaculis</strong></span> <span class='ocrx_word' id='word_1_502' title='bbox 2125 3345 2176 3391; x_wconf 90' lang='lat' dir='ltr'><strong>et</strong></span> <span class='ocrx_word' id='word_1_503' title='bbox 2204 3336 2495 3390; x_wconf 88' lang='lat' dir='ltr'><strong>lenonibus</strong></span> <span class='ocrx_word' id='word_1_504' title='bbox 2523 3335 2776 3404; x_wconf 82' lang='lat' dir='ltr'><strong>specialis</strong></span> <span class='ocrx_word' id='word_1_505' title='bbox 2811 3335 2895 3387; x_wconf 89' lang='lat' dir='ltr'><strong>tit.</strong></span> <span class='ocrx_word' id='word_1_506' title='bbox 2930 3342 3014 3388; x_wconf 88' lang='lat' dir='ltr'><strong>cst</strong></span> <span class='ocrx_word' id='word_1_507' title='bbox 3053 3331 3117 3386; x_wconf 68' lang='lat'><strong>4|</strong></span> <span class='ocrx_word' id='word_1_508' title='bbox 3145 3372 3159 3394; x_wconf 91' lang='lat'><strong>,</strong></span> <span class='ocrx_word' id='word_1_509' title='bbox 3202 3331 3293 3385; x_wconf 90' lang='lat' dir='ltr'><strong>lib.</strong></span> <span class='ocrx_word' id='word_1_510' title='bbox 3323 3347 3363 3386; x_wconf 85' lang='grc' dir='ltr'><strong>ιι</strong></span> 
     </span>
    </p>
   </div>
   <div class='ocr_carea' id='block_1_74' title="bbox 1775 3425 3362 3497">
    <p class='ocr_par' dir='ltr' id='par_1_74' title="bbox 1775 3425 3362 3497">
     <span class='ocr_line' id='line_1_74' title="bbox 1775 3425 3362 3497; baseline -0.005 -13"><span class='ocrx_word' id='word_1_511' title='bbox 1775 3430 1899 3484; x_wconf 85' lang='lat' dir='ltr'><strong>cod.</strong></span> <span class='ocrx_word' id='word_1_512' title='bbox 1936 3429 2106 3484; x_wconf 86' lang='lat' dir='ltr'><strong>Porro</strong></span> <span class='ocrx_word' id='word_1_513' title='bbox 2133 3444 2296 3483; x_wconf 87' lang='lat' dir='ltr'><strong>scena</strong></span> <span class='ocrx_word' id='word_1_514' title='bbox 2318 3437 2434 3491; x_wconf 87' lang='lat' dir='ltr'><strong>est,</strong></span> <span class='ocrx_word' id='word_1_515' title='bbox 2468 3428 2560 3481; x_wconf 91' lang='lat' dir='ltr'><strong>ubi</strong></span> <span class='ocrx_word' id='word_1_516' title='bbox 2589 3427 2713 3497; x_wconf 87' lang='lat' dir='ltr'><strong>quis</strong></span> <span class='ocrx_word' id='word_1_517' title='bbox 2753 3425 3001 3480; x_wconf 88' lang='lat' dir='ltr'><strong>consistit</strong></span> <span class='ocrx_word' id='word_1_518' title='bbox 3029 3465 3044 3488; x_wconf 91' lang='lat'><strong>,</strong></span> <span class='ocrx_word' id='word_1_519' title='bbox 3082 3435 3362 3478; x_wconf 86' lang='lat' dir='ltr'><strong>movetur-</strong></span> 
     </span>
    </p>
   </div>
   <div class='ocr_carea' id='block_1_75' title="bbox 1773 3514 3363 3590">
    <p class='ocr_par' dir='ltr' id='par_1_75' title="bbox 1773 3514 3363 3590">
     <span class='ocr_line' id='line_1_75' title="bbox 1773 3514 3363 3590; baseline -0.003 -18"><span class='ocrx_word' id='word_1_520' title='bbox 1773 3535 1878 3590; x_wconf 90' lang='lat' dir='ltr'><strong>que</strong></span> <span class='ocrx_word' id='word_1_521' title='bbox 1913 3519 2288 3573; x_wconf 84' lang='lat' dir='ltr'><strong>liistrionicam</strong></span> <span class='ocrx_word' id='word_1_522' title='bbox 2316 3527 2487 3571; x_wconf 89' lang='lat' dir='ltr'><strong>artem</strong></span> <span class='ocrx_word' id='word_1_523' title='bbox 2523 3518 2826 3580; x_wconf 85' lang='lat' dir='ltr'><strong>exhibens,</strong></span> <span class='ocrx_word' id='word_1_524' title='bbox 2872 3516 2988 3570; x_wconf 86' lang='lat' dir='ltr'><strong>sive</strong></span> <span class='ocrx_word' id='word_1_525' title='bbox 3035 3515 3088 3568; x_wconf 92' lang='lat' dir='ltr'><strong>in</strong></span> <span class='ocrx_word' id='word_1_526' title='bbox 3145 3514 3363 3584; x_wconf 76' lang='lat' dir='ltr'><strong>publico</strong></span> 
     </span>
    </p>
   </div>
   <div class='ocr_carea' id='block_1_76' title="bbox 1773 3607 3364 3682">
    <p class='ocr_par' dir='ltr' id='par_1_76' title="bbox 1773 3607 3364 3682">
     <span class='ocr_line' id='line_1_76' title="bbox 1773 3607 3364 3682; baseline -0.004 -17"><span class='ocrx_word' id='word_1_527' title='bbox 1773 3610 2054 3682; x_wconf 89' lang='lat' dir='ltr'><strong>privatove</strong></span> <span class='ocrx_word' id='word_1_528' title='bbox 2081 3611 2226 3675; x_wconf 88' lang='lat' dir='ltr'><strong>loco,</strong></span> <span class='ocrx_word' id='word_1_529' title='bbox 2260 3611 2377 3665; x_wconf 88' lang='lat' dir='ltr'><strong>sive</strong></span> <span class='ocrx_word' id='word_1_530' title='bbox 2403 3610 2454 3663; x_wconf 91' lang='lat' dir='ltr'><strong>in</strong></span> <span class='ocrx_word' id='word_1_531' title='bbox 2485 3608 2606 3663; x_wconf 86' lang='lat' dir='ltr'><strong>vico</strong></span> <span class='ocrx_word' id='word_1_532' title='bbox 2637 3625 2649 3660; x_wconf 87' lang='lat'><strong>:</strong></span> <span class='ocrx_word' id='word_1_533' title='bbox 2691 3608 2744 3662; x_wconf 90' lang='lat' dir='ltr'><strong>in</strong></span> <span class='ocrx_word' id='word_1_534' title='bbox 2775 3623 2937 3677; x_wconf 91' lang='lat' dir='ltr'><strong>quem</strong></span> <span class='ocrx_word' id='word_1_535' title='bbox 2968 3616 3148 3661; x_wconf 91' lang='lat' dir='ltr'><strong>tamen</strong></span> <span class='ocrx_word' id='word_1_536' title='bbox 3186 3607 3364 3659; x_wconf 81' lang='lat' dir='ltr'><strong>locum</strong></span> 
     </span>
    </p>
   </div>
   <div class='ocr_carea' id='block_1_77' title="bbox 1775 3697 3370 3773">
    <p class='ocr_par' dir='ltr' id='par_1_77' title="bbox 1775 3697 3370 3773">
     <span class='ocr_line' id='line_1_77' title="bbox 1775 3697 3370 3773; baseline -0.003 -17"><span class='ocrx_word' id='word_1_537' title='bbox 1775 3703 1976 3773; x_wconf 84' lang='lat' dir='ltr'><strong>passim</strong></span> <span class='ocrx_word' id='word_1_538' title='bbox 2006 3703 2256 3758; x_wconf 75' lang='lat' dir='ltr'><strong>boatincs</strong></span> <span class='ocrx_word' id='word_1_539' title='bbox 2289 3702 2588 3772; x_wconf 82' lang='lat' dir='ltr'><strong>spectaculi</strong></span> <span class='ocrx_word' id='word_1_540' title='bbox 2625 3716 2791 3756; x_wconf 77' lang='lat' dir='ltr'><strong>causa.</strong></span> <span class='ocrx_word' id='word_1_541' title='bbox 2820 3700 3176 3756; x_wconf 89' lang='lat' dir='ltr'><strong>conveniunt.</strong></span> <span class='ocrx_word' id='word_1_542' title='bbox 3223 3697 3370 3753; x_wconf 82' lang='lat' dir='ltr'><strong>Inla-</strong></span> 
     </span>
    </p>
   </div>
   <div class='ocr_carea' id='block_1_78' title="bbox 1776 3791 3369 3862">
    <p class='ocr_par' dir='ltr' id='par_1_78' title="bbox 1776 3791 3369 3862">
     <span class='ocr_line' id='line_1_78' title="bbox 1776 3791 3369 3862; baseline -0.003 -14"><span class='ocrx_word' id='word_1_543' title='bbox 1776 3810 1891 3849; x_wconf 89' lang='lat' dir='ltr'><strong>mes</strong></span> <span class='ocrx_word' id='word_1_544' title='bbox 1928 3804 2106 3848; x_wconf 85' lang='lat' dir='ltr'><strong>autem</strong></span> <span class='ocrx_word' id='word_1_545' title='bbox 2143 3802 2294 3858; x_wconf 91' lang='lat' dir='ltr'><strong>sunt,</strong></span> <span class='ocrx_word' id='word_1_546' title='bbox 2327 3793 2644 3862; x_wconf 88' lang='lat' dir='ltr'><strong>quicunque</strong></span> <span class='ocrx_word' id='word_1_547' title='bbox 2691 3802 2933 3862; x_wconf 76' lang='lat' dir='ltr'><strong>quzestus</strong></span> <span class='ocrx_word' id='word_1_548' title='bbox 2960 3807 3126 3846; x_wconf 90' lang='lat' dir='ltr'><strong>causa</strong></span> <span class='ocrx_word' id='word_1_549' title='bbox 3162 3791 3215 3844; x_wconf 92' lang='lat' dir='ltr'><strong>in</strong></span> <span class='ocrx_word' id='word_1_550' title='bbox 3249 3807 3369 3845; x_wconf 88' lang='lat' dir='ltr'><strong>cer-</strong></span> 
     </span>
    </p>
   </div>
   <div class='ocr_carea' id='block_1_79' title="bbox 1775 3883 3367 3953">
    <p class='ocr_par' dir='ltr' id='par_1_79' title="bbox 1775 3883 3367 3953">
     <span class='ocr_line' id='line_1_79' title="bbox 1775 3883 3367 3953; baseline -0.002 -15"><span class='ocrx_word' id='word_1_551' title='bbox 1775 3894 1957 3940; x_wconf 88' lang='lat' dir='ltr'><strong>tamen</strong></span> <span class='ocrx_word' id='word_1_552' title='bbox 1996 3886 2356 3949; x_wconf 84' lang='lat' dir='ltr'><strong>descendunt,</strong></span> <span class='ocrx_word' id='word_1_553' title='bbox 2391 3895 2447 3939; x_wconf 92' lang='lat' dir='ltr'><strong>ct</strong></span> <span class='ocrx_word' id='word_1_554' title='bbox 2487 3894 2708 3953; x_wconf 86' lang='lat' dir='ltr'><strong>propter</strong></span> <span class='ocrx_word' id='word_1_555' title='bbox 2743 3885 3024 3953; x_wconf 67' lang='lat' dir='ltr'><strong>prmmium</strong></span> <span class='ocrx_word' id='word_1_556' title='bbox 3061 3883 3112 3936; x_wconf 93' lang='lat' dir='ltr'><strong>in</strong></span> <span class='ocrx_word' id='word_1_557' title='bbox 3147 3898 3367 3937; x_wconf 87' lang='lat' dir='ltr'><strong>scenam</strong></span> 
     </span>
    </p>
   </div>
   <div class='ocr_carea' id='block_1_80' title="bbox 1775 3973 3371 4047">
    <p class='ocr_par' dir='ltr' id='par_1_80' title="bbox 1775 3973 3371 4047">
     <span class='ocr_line' id='line_1_80' title="bbox 1775 3973 3371 4047; baseline -0.004 -17"><span class='ocrx_word' id='word_1_558' title='bbox 1775 3978 2065 4047; x_wconf 81' lang='lat' dir='ltr'><strong>prodeunt.</strong></span> <span class='ocrx_word' id='word_1_559' title='bbox 2120 3976 2318 4031; x_wconf 82' lang='lat' dir='ltr'><strong>Verum</strong></span> <span class='ocrx_word' id='word_1_560' title='bbox 2349 3977 2440 4045; x_wconf 89' lang='lat' dir='ltr'><strong>qui</strong></span> <span class='ocrx_word' id='word_1_561' title='bbox 2470 3992 2530 4030; x_wconf 87' lang='lat' dir='ltr'><strong>se</strong></span> <span class='ocrx_word' id='word_1_562' title='bbox 2586 3977 2651 4029; x_wconf 89' lang='lat' dir='ltr'><strong>ad</strong></span> <span class='ocrx_word' id='word_1_563' title='bbox 2685 3986 2856 4029; x_wconf 88' lang='lat' dir='ltr'><strong>artem</strong></span> <span class='ocrx_word' id='word_1_564' title='bbox 2895 3975 3158 4028; x_wconf 88' lang='lat' dir='ltr'><strong>ludicram</strong></span> <span class='ocrx_word' id='word_1_565' title='bbox 3191 3973 3371 4044; x_wconf 78' lang='lat' dir='ltr'><strong>[exhi-</strong></span> 
     </span>
    </p>
   </div>
   <div class='ocr_carea' id='block_1_81' title="bbox 93 4064 1638 4136">
    <p class='ocr_par' dir='ltr' id='par_1_81' title="bbox 93 4064 1638 4136">
     <span class='ocr_line' id='line_1_81' title="bbox 93 4064 1638 4136; baseline 0.003 -22"><span class='ocrx_word' id='word_1_566' title='bbox 93 4067 371 4136; x_wconf 83' lang='grc' dir='ltr'><strong>παιγνικὴν</strong></span> <span class='ocrx_word' id='word_1_567' title='bbox 397 4067 619 4136; x_wconf 83' lang='grc' dir='ltr'><strong>τέχνην,</strong></span> <span class='ocrx_word' id='word_1_568' title='bbox 673 4064 874 4136; x_wconf 76' lang='grc' dir='ltr'><strong>καὶμὴ</strong></span> <span class='ocrx_word' id='word_1_569' title='bbox 924 4064 1356 4132; x_wconf 78' lang='grc' dir='ltr'><strong>ἐπιδειξάμενος,</strong></span> <span class='ocrx_word' id='word_1_570' title='bbox 1411 4065 1510 4118; x_wconf 77' lang='grc' dir='ltr'><strong>οὐκ</strong></span> <span class='ocrx_word' id='word_1_571' title='bbox 1548 4069 1638 4120; x_wconf 87' lang='grc' dir='ltr'><strong>ἀτι</strong></span> 
     </span>
    </p>
   </div>
   <div class='ocr_carea' id='block_1_82' title="bbox 94 4154 1666 4226">
    <p class='ocr_par' dir='ltr' id='par_1_82' title="bbox 94 4154 1666 4226">
     <span class='ocr_line' id='line_1_82' title="bbox 94 4154 1666 4226; baseline 0.001 -19"><span class='ocrx_word' id='word_1_572' title='bbox 94 4155 308 4224; x_wconf 79' lang='grc' dir='ltr'><strong>μοῦται·</strong></span> <span class='ocrx_word' id='word_1_573' title='bbox 343 4160 439 4211; x_wconf 78' lang='grc' dir='ltr'><strong>καὶ</strong></span> <span class='ocrx_word' id='word_1_574' title='bbox 469 4160 498 4210; x_wconf 90' lang='grc' dir='ltr'><strong>ὀ</strong></span> <span class='ocrx_word' id='word_1_575' title='bbox 531 4157 724 4209; x_wconf 70' lang='grc' dir='ltr'><strong>ἑαυτὸν</strong></span> <span class='ocrx_word' id='word_1_576' title='bbox 764 4154 1046 4226; x_wconf 87' lang='grc' dir='ltr'><strong>μισθώσας</strong></span> <span class='ocrx_word' id='word_1_577' title='bbox 1102 4157 1181 4218; x_wconf 84' lang='grc' dir='ltr'><strong>είς</strong></span> <span class='ocrx_word' id='word_1_578' title='bbox 1203 4158 1264 4207; x_wconf 79' lang='grc' dir='ltr'><strong>τὸ</strong></span> <span class='ocrx_word' id='word_1_579' title='bbox 1319 4154 1666 4226; x_wconf 86' lang='grc' dir='ltr'><strong>θηριομαχῆ-</strong></span> 
     </span>
    </p>
   </div>
   <div class='ocr_carea' id='block_1_83' title="bbox 96 4247 1662 4320">
    <p class='ocr_par' dir='ltr' id='par_1_83' title="bbox 96 4247 1662 4320">
     <span class='ocr_line' id='line_1_83' title="bbox 96 4247 1662 4320; baseline 0.001 -21"><span class='ocrx_word' id='word_1_580' title='bbox 96 4263 196 4312; x_wconf 90' lang='grc' dir='ltr'><strong>σαι,</strong></span> <span class='ocrx_word' id='word_1_581' title='bbox 219 4249 265 4302; x_wconf 88' lang='grc' dir='ltr'><strong>εί</strong></span> <span class='ocrx_word' id='word_1_582' title='bbox 298 4249 373 4320; x_wconf 81' lang='grc' dir='ltr'><strong>μὴ</strong></span> <span class='ocrx_word' id='word_1_583' title='bbox 421 4248 486 4302; x_wconf 80' lang='grc' dir='ltr'><strong>τὸ</strong></span> <span class='ocrx_word' id='word_1_584' title='bbox 516 4249 707 4318; x_wconf 84' lang='grc' dir='ltr'><strong>θηρίον</strong></span> <span class='ocrx_word' id='word_1_585' title='bbox 761 4247 926 4317; x_wconf 70' lang='grc' dir='ltr'><strong>τυχὸν</strong></span> <span class='ocrx_word' id='word_1_586' title='bbox 978 4247 1114 4299; x_wconf 82' lang='grc' dir='ltr'><strong>λέων</strong></span> <span class='ocrx_word' id='word_1_587' title='bbox 1162 4247 1366 4317; x_wconf 81' lang='grc' dir='ltr'><strong>ἥμερος</strong></span> <span class='ocrx_word' id='word_1_588' title='bbox 1418 4248 1662 4315; x_wconf 82' lang='grc' dir='ltr'><strong>γέγονεν,</strong></span> 
     </span>
    </p>
   </div>
   <div class='ocr_carea' id='block_1_84' title="bbox 93 4337 1666 4410">
    <p class='ocr_par' dir='ltr' id='par_1_84' title="bbox 93 4337 1666 4410">
     <span class='ocr_line' id='line_1_84' title="bbox 93 4337 1666 4410; baseline 0.001 -21"><span class='ocrx_word' id='word_1_589' title='bbox 93 4338 368 4408; x_wconf 83' lang='grc' dir='ltr'><strong>ἀτιμοῦται</strong></span> <span class='ocrx_word' id='word_1_590' title='bbox 399 4357 413 4370; x_wconf 77' lang='grc'><strong><em>⁸</em></strong></span> <span class='ocrx_word' id='word_1_591' title='bbox 446 4341 508 4392; x_wconf 87' lang='grc' dir='ltr'><strong>οὐ</strong></span> <span class='ocrx_word' id='word_1_592' title='bbox 535 4340 640 4410; x_wconf 81' lang='grc' dir='ltr'><strong>μὴν</strong></span> <span class='ocrx_word' id='word_1_593' title='bbox 661 4341 690 4392; x_wconf 85' lang='grc' dir='ltr'>ὁ</span> <span class='ocrx_word' id='word_1_594' title='bbox 715 4338 844 4392; x_wconf 75' lang='grc' dir='ltr'><strong>ἄνευ</strong></span> <span class='ocrx_word' id='word_1_595' title='bbox 895 4337 1088 4407; x_wconf 75' lang='grc' dir='ltr'><strong>μισθοῦ</strong></span> <span class='ocrx_word' id='word_1_596' title='bbox 1132 4337 1570 4409; x_wconf 84' lang='grc' dir='ltr'><strong>θηριομαχήσας,</strong></span> <span class='ocrx_word' id='word_1_597' title='bbox 1617 4339 1666 4391; x_wconf 87' lang='grc' dir='ltr'><strong>εί</strong></span> 
     </span>
    </p>
   </div>
   <div class='ocr_carea' id='block_1_85' title="bbox 1782 4062 3370 4140">
    <p class='ocr_par' dir='ltr' id='par_1_85' title="bbox 1782 4062 3370 4140">
     <span class='ocr_line' id='line_1_85' title="bbox 1782 4062 3370 4140; baseline -0.004 -18"><span class='ocrx_word' id='word_1_598' title='bbox 1782 4065 2042 4140; x_wconf 88' lang='lat' dir='ltr'><strong>beudam]</strong></span> <span class='ocrx_word' id='word_1_599' title='bbox 2086 4069 2266 4132; x_wconf 86' lang='lat' dir='ltr'><strong>locat,</strong></span> <span class='ocrx_word' id='word_1_600' title='bbox 2317 4083 2493 4136; x_wconf 86' lang='lat' dir='ltr'><strong>neque</strong></span> <span class='ocrx_word' id='word_1_601' title='bbox 2527 4065 2723 4135; x_wconf 73' lang='lat' dir='ltr'><strong>prodit,</strong></span> <span class='ocrx_word' id='word_1_602' title='bbox 2758 4081 2861 4118; x_wconf 87' lang='lat' dir='ltr'><strong>non</strong></span> <span class='ocrx_word' id='word_1_603' title='bbox 2889 4073 3131 4118; x_wconf 87' lang='lat' dir='ltr'><strong>notatur.</strong></span> <span class='ocrx_word' id='word_1_604' title='bbox 3182 4062 3246 4116; x_wconf 82' lang='lat' dir='ltr'><strong>Et</strong></span> <span class='ocrx_word' id='word_1_605' title='bbox 3275 4063 3370 4132; x_wconf 89' lang='lat' dir='ltr'><strong>qui</strong></span> 
     </span>
    </p>
   </div>
   <div class='ocr_carea' id='block_1_86' title="bbox 1771 4155 3370 4228">
    <p class='ocr_par' dir='ltr' id='par_1_86' title="bbox 1771 4155 3370 4228">
     <span class='ocr_line' id='line_1_86' title="bbox 1771 4155 3370 4228; baseline -0.004 -14"><span class='ocrx_word' id='word_1_606' title='bbox 1771 4159 2014 4228; x_wconf 89' lang='lat' dir='ltr'><strong>seipsum</strong></span> <span class='ocrx_word' id='word_1_607' title='bbox 2048 4161 2210 4221; x_wconf 85' lang='lat' dir='ltr'><strong>locat,</strong></span> <span class='ocrx_word' id='word_1_608' title='bbox 2247 4168 2306 4213; x_wconf 90' lang='lat' dir='ltr'><strong>ut</strong></span> <span class='ocrx_word' id='word_1_609' title='bbox 2333 4175 2454 4211; x_wconf 89' lang='lat' dir='ltr'><strong>cum</strong></span> <span class='ocrx_word' id='word_1_610' title='bbox 2486 4157 2678 4211; x_wconf 82' lang='lat' dir='ltr'><strong>bestiis</strong></span> <span class='ocrx_word' id='word_1_611' title='bbox 2702 4157 3014 4226; x_wconf 79' lang='lat' dir='ltr'><strong>depugnet:</strong></span> <span class='ocrx_word' id='word_1_612' title='bbox 3055 4155 3160 4209; x_wconf 90' lang='lat' dir='ltr'><strong>nisi</strong></span> <span class='ocrx_word' id='word_1_613' title='bbox 3195 4155 3370 4209; x_wconf 86' lang='lat' dir='ltr'><strong>bestia</strong></span> 
     </span>
    </p>
   </div>
   <div class='ocr_carea' id='block_1_87' title="bbox 1774 4243 3370 4316">
    <p class='ocr_par' dir='ltr' id='par_1_87' title="bbox 1774 4243 3370 4316">
     <span class='ocr_line' id='line_1_87' title="bbox 1774 4243 3370 4316; baseline 0 -15"><span class='ocrx_word' id='word_1_614' title='bbox 1774 4249 1859 4307; x_wconf 92' lang='lat' dir='ltr'><strong>leo</strong></span> <span class='ocrx_word' id='word_1_615' title='bbox 1890 4248 2026 4302; x_wconf 80' lang='lat' dir='ltr'><strong>forte</strong></span> <span class='ocrx_word' id='word_1_616' title='bbox 2050 4291 2064 4313; x_wconf 95' lang='lat'><strong>,</strong></span> <span class='ocrx_word' id='word_1_617' title='bbox 2095 4250 2270 4301; x_wconf 81' lang='lat' dir='ltr'><strong>aliave</strong></span> <span class='ocrx_word' id='word_1_618' title='bbox 2307 4246 2574 4316; x_wconf 75' lang='lat' dir='ltr'><strong>quaepiam</strong></span> <span class='ocrx_word' id='word_1_619' title='bbox 2604 4248 2710 4310; x_wconf 92' lang='lat' dir='ltr'><strong>sit,</strong></span> <span class='ocrx_word' id='word_1_620' title='bbox 2743 4263 2864 4313; x_wconf 66' lang='lat' dir='ltr'><strong>qua:</strong></span> <span class='ocrx_word' id='word_1_621' title='bbox 2903 4256 3186 4300; x_wconf 87' lang='lat' dir='ltr'><strong>mansueta</strong></span> <span class='ocrx_word' id='word_1_622' title='bbox 3227 4243 3370 4301; x_wconf 81' lang='lat' dir='ltr'><strong>facta</strong></span> 
     </span>
    </p>
   </div>
   <div class='ocr_carea' id='block_1_88' title="bbox 1774 4335 3368 4406">
    <p class='ocr_par' dir='ltr' id='par_1_88' title="bbox 1774 4335 3368 4406">
     <span class='ocr_line' id='line_1_88' title="bbox 1774 4335 3368 4406; baseline -0.004 -11"><span class='ocrx_word' id='word_1_623' title='bbox 1774 4351 1879 4396; x_wconf 85' lang='lat' dir='ltr'><strong>est.</strong></span> <span class='ocrx_word' id='word_1_624' title='bbox 1917 4339 2035 4394; x_wconf 89' lang='lat' dir='ltr'><strong>Non</strong></span> <span class='ocrx_word' id='word_1_625' title='bbox 2071 4339 2200 4392; x_wconf 89' lang='lat' dir='ltr'><strong>item</strong></span> <span class='ocrx_word' id='word_1_626' title='bbox 2243 4338 2335 4406; x_wconf 88' lang='lat' dir='ltr'><strong>qui</strong></span> <span class='ocrx_word' id='word_1_627' title='bbox 2368 4337 2485 4391; x_wconf 89' lang='lat' dir='ltr'><strong>sine</strong></span> <span class='ocrx_word' id='word_1_628' title='bbox 2512 4336 2758 4389; x_wconf 88' lang='lat' dir='ltr'><strong>mercede</strong></span> <span class='ocrx_word' id='word_1_629' title='bbox 2798 4351 2921 4390; x_wconf 87' lang='lat' dir='ltr'><strong>cum</strong></span> <span class='ocrx_word' id='word_1_630' title='bbox 2966 4335 3156 4389; x_wconf 86' lang='lat' dir='ltr'><strong>bestiis</strong></span> <span class='ocrx_word' id='word_1_631' title='bbox 3195 4335 3368 4405; x_wconf 79' lang='lat' dir='ltr'><strong>depu-</strong></span> 
     </span>
    </p>
   </div>
   <div class='ocr_carea' id='block_1_89' title="bbox 97 4425 1654 4510">
    <p class='ocr_par' dir='ltr' id='par_1_89' title="bbox 97 4431 1654 4510">
     <span class='ocr_line' id='line_1_89' title="bbox 97 4431 1654 4510; baseline 0.001 -28"><span class='ocrx_word' id='word_1_632' title='bbox 97 4433 164 4501; x_wconf 78' lang='grc' dir='ltr'><strong>μὴ</strong></span> <span class='ocrx_word' id='word_1_633' title='bbox 195 4432 375 4488; x_wconf 71' lang='grc' dir='ltr'><strong>λαϐεῖν</strong></span> <span class='ocrx_word' id='word_1_634' title='bbox 401 4435 468 4510; x_wconf 73' lang='grc' dir='ltr'><strong>¹ἐν</strong></span> <span class='ocrx_word' id='word_1_635' title='bbox 498 4433 574 4503; x_wconf 83' lang='grc' dir='ltr'><strong>τῷ</strong></span> <span class='ocrx_word' id='word_1_636' title='bbox 597 4431 842 4502; x_wconf 81' lang='grc' dir='ltr'><strong>κυνηγίῳ</strong></span> <span class='ocrx_word' id='word_1_637' title='bbox 878 4431 1190 4500; x_wconf 83' lang='grc' dir='ltr'><strong>φιλοτιμίαν</strong></span> <span class='ocrx_word' id='word_1_638' title='bbox 1227 4433 1492 4501; x_wconf 74' lang='grc' dir='ltr'><strong>ἠνέσχετο</strong></span> <span class='ocrx_word' id='word_1_639' title='bbox 1512 4449 1524 4462; x_wconf 87' lang='grc'><strong>·</strong></span> <span class='ocrx_word' id='word_1_640' title='bbox 1556 4434 1584 4484; x_wconf 86' lang='grc' dir='ltr'>ὁ</span> <span class='ocrx_word' id='word_1_641' title='bbox 1609 4432 1654 4484; x_wconf 69' lang='grc' dir='ltr'><strong>δὲ</strong></span> 
     </span>
    </p>
   </div>
   <div class='ocr_carea' id='block_1_90' title="bbox 1817 4425 3370 4510">
    <p class='ocr_par' dir='ltr' id='par_1_90' title="bbox 1817 4425 3370 4498">
     <span class='ocr_line' id='line_1_90' title="bbox 1817 4425 3370 4498; baseline -0.003 -13"><span class='ocrx_word' id='word_1_642' title='bbox 1817 4432 1952 4486; x_wconf 86' lang='lat' dir='ltr'><strong>narit</strong></span> <span class='ocrx_word' id='word_1_643' title='bbox 1979 4449 1993 4484; x_wconf 93' lang='lat'>:</span> <span class='ocrx_word' id='word_1_644' title='bbox 2032 4429 2135 4483; x_wconf 91' lang='lat' dir='ltr'><strong>nisi</strong></span> <span class='ocrx_word' id='word_1_645' title='bbox 2167 4429 2218 4481; x_wconf 89' lang='lat' dir='ltr'><strong>in</strong></span> <span class='ocrx_word' id='word_1_646' title='bbox 2244 4441 2408 4481; x_wconf 81' lang='lat' dir='ltr'><strong>arena</strong></span> <span class='ocrx_word' id='word_1_647' title='bbox 2446 4427 2802 4480; x_wconf 79' lang='lat' dir='ltr'><strong>honorarium</strong></span> <span class='ocrx_word' id='word_1_648' title='bbox 2838 4425 3146 4498; x_wconf 83' lang='lat' dir='ltr'><strong>[quiddam]</strong></span> <span class='ocrx_word' id='word_1_649' title='bbox 3178 4443 3370 4496; x_wconf 87' lang='lat' dir='ltr'><strong>capere</strong></span> 
     </span>
    </p>
   </div>
   <div class='ocr_carea' id='block_1_91' title="bbox 97 4523 1665 4595">
    <p class='ocr_par' dir='ltr' id='par_1_91' title="bbox 97 4523 1665 4595">
     <span class='ocr_line' id='line_1_91' title="bbox 97 4523 1665 4595; baseline 0 -21"><span class='ocrx_word' id='word_1_650' title='bbox 97 4523 360 4591; x_wconf 79' lang='grc' dir='ltr'><strong>μισθώσας</strong></span> <span class='ocrx_word' id='word_1_651' title='bbox 394 4527 614 4590; x_wconf 76' lang='grc' dir='ltr'><strong>ἑαυτὸν,</strong></span> <span class='ocrx_word' id='word_1_652' title='bbox 639 4525 740 4578; x_wconf 80' lang='grc' dir='ltr'><strong>κᾶν</strong></span> <span class='ocrx_word' id='word_1_653' title='bbox 771 4523 844 4594; x_wconf 81' lang='grc' dir='ltr'><strong>μὴ</strong></span> <span class='ocrx_word' id='word_1_654' title='bbox 880 4523 1285 4595; x_wconf 71' lang='grc' dir='ltr'><strong>θηριομαχήσῃ,</strong></span> <span class='ocrx_word' id='word_1_655' title='bbox 1335 4523 1624 4592; x_wconf 80' lang='grc' dir='ltr'><strong>ἀτιμοῦται</strong></span> <span class='ocrx_word' id='word_1_656' title='bbox 1651 4539 1665 4552; x_wconf 89' lang='grc'><strong>·</strong></span> 
     </span>
    </p>
   </div>
   <div class='ocr_carea' id='block_1_92' title="bbox 95 4614 1668 4687">
    <p class='ocr_par' dir='ltr' id='par_1_92' title="bbox 95 4614 1668 4687">
     <span class='ocr_line' id='line_1_92' title="bbox 95 4614 1668 4687; baseline 0.003 -23"><span class='ocrx_word' id='word_1_657' title='bbox 95 4614 152 4665; x_wconf 84' lang='grc' dir='ltr'><strong>οὐ</strong></span> <span class='ocrx_word' id='word_1_658' title='bbox 187 4618 288 4686; x_wconf 78' lang='grc' dir='ltr'><strong>μὴν</strong></span> <span class='ocrx_word' id='word_1_659' title='bbox 310 4618 338 4669; x_wconf 88' lang='grc' dir='ltr'><strong>ό</strong></span> <span class='ocrx_word' id='word_1_660' title='bbox 363 4618 558 4687; x_wconf 69' lang='grc' dir='ltr'><strong>μισθὸν</strong></span> <span class='ocrx_word' id='word_1_661' title='bbox 589 4617 885 4686; x_wconf 82' lang='grc' dir='ltr'><strong>λαμϐάνων</strong></span> <span class='ocrx_word' id='word_1_662' title='bbox 934 4617 1029 4668; x_wconf 70' lang='grc' dir='ltr'><strong>ἐπὶ</strong></span> <span class='ocrx_word' id='word_1_663' title='bbox 1085 4619 1163 4686; x_wconf 80' lang='grc' dir='ltr'><strong>τῷ</strong></span> <span class='ocrx_word' id='word_1_664' title='bbox 1214 4615 1668 4685; x_wconf 79' lang='grc' dir='ltr'><strong>καταπολεμῆσαι</strong></span> 
     </span>
    </p>
   </div>
   <div class='ocr_carea' id='block_1_93' title="bbox 99 4705 1669 4785">
    <p class='ocr_par' dir='ltr' id='par_1_93' title="bbox 99 4705 1669 4785">
     <span class='ocr_line' id='line_1_93' title="bbox 99 4705 1669 4785; baseline -0.001 -25"><span class='ocrx_word' id='word_1_665' title='bbox 99 4705 274 4776; x_wconf 81' lang='grc' dir='ltr'><strong>θηρίον</strong></span> <span class='ocrx_word' id='word_1_666' title='bbox 300 4708 502 4774; x_wconf 81' lang='grc' dir='ltr'><strong>ἔξωθεν</strong></span> <span class='ocrx_word' id='word_1_667' title='bbox 534 4713 796 4780; x_wconf 84' lang='grc' dir='ltr'><strong>κυνηγίου</strong></span> <span class='ocrx_word' id='word_1_668' title='bbox 827 4713 927 4785; x_wconf 79' lang='grc' dir='ltr'><strong>τὴν</strong></span> <span class='ocrx_word' id='word_1_669' title='bbox 949 4711 1218 4782; x_wconf 79' lang='grc' dir='ltr'><strong>ἐπαρχίαν</strong></span> <span class='ocrx_word' id='word_1_670' title='bbox 1246 4709 1482 4780; x_wconf 75' lang='grc' dir='ltr'><strong>βλάπτον</strong></span> <span class='ocrx_word' id='word_1_671' title='bbox 1501 4723 1515 4736; x_wconf 89' lang='grc'><strong>·</strong></span> <span class='ocrx_word' id='word_1_672' title='bbox 1569 4706 1669 4758; x_wconf 73' lang='grc' dir='ltr'><strong>οὐκ</strong></span> 
     </span>
    </p>
   </div>
   <div class='ocr_carea' id='block_1_94' title="bbox 97 4795 1669 4873">
    <p class='ocr_par' dir='ltr' id='par_1_94' title="bbox 97 4795 1669 4873">
     <span class='ocr_line' id='line_1_94' title="bbox 97 4795 1669 4873; baseline -0.001 -24"><span class='ocrx_word' id='word_1_673' title='bbox 97 4795 201 4848; x_wconf 76' lang='grc' dir='ltr'><strong>ἐστι</strong></span> <span class='ocrx_word' id='word_1_674' title='bbox 247 4799 303 4852; x_wconf 69' lang='grc' dir='ltr'><strong>δὲ</strong></span> <span class='ocrx_word' id='word_1_675' title='bbox 360 4802 630 4870; x_wconf 85' lang='grc' dir='ltr'><strong>παιγνικὴ</strong></span> <span class='ocrx_word' id='word_1_676' title='bbox 683 4803 848 4873; x_wconf 86' lang='grc' dir='ltr'><strong>τέχνη</strong></span> <span class='ocrx_word' id='word_1_677' title='bbox 911 4801 1035 4855; x_wconf 79' lang='grc' dir='ltr'><strong>οὕτε</strong></span> <span class='ocrx_word' id='word_1_678' title='bbox 1107 4799 1425 4871; x_wconf 80' lang='grc' dir='ltr'><strong>ἀτιμοποιὸς</strong></span> <span class='ocrx_word' id='word_1_679' title='bbox 1469 4799 1501 4866; x_wconf 85' lang='grc' dir='ltr'><strong>ἡ</strong></span> <span class='ocrx_word' id='word_1_680' title='bbox 1561 4797 1669 4848; x_wconf 80' lang='grc' dir='ltr'><strong>τῶν</strong></span> 
     </span>
    </p>
   </div>
   <div class='ocr_carea' id='block_1_95' title="bbox 98 4885 1672 4958">
    <p class='ocr_par' dir='ltr' id='par_1_95' title="bbox 98 4885 1672 4958">
     <span class='ocr_line' id='line_1_95' title="bbox 98 4885 1672 4958; baseline 0.001 -22"><span class='ocrx_word' id='word_1_681' title='bbox 98 4885 331 4955; x_wconf 85' lang='grc' dir='ltr'><strong>ἀθλητῶν</strong></span> <span class='ocrx_word' id='word_1_682' title='bbox 362 4891 459 4942; x_wconf 74' lang='grc' dir='ltr'><strong>καὶ</strong></span> <span class='ocrx_word' id='word_1_683' title='bbox 480 4890 588 4942; x_wconf 85' lang='grc' dir='ltr'><strong>τῶν</strong></span> <span class='ocrx_word' id='word_1_684' title='bbox 604 4890 874 4958; x_wconf 85' lang='grc' dir='ltr'><strong>λεγόντων</strong></span> <span class='ocrx_word' id='word_1_685' title='bbox 918 4893 976 4943; x_wconf 84' lang='grc' dir='ltr'><strong>ἐν</strong></span> <span class='ocrx_word' id='word_1_686' title='bbox 1000 4893 1112 4953; x_wconf 83' lang='grc' dir='ltr'><strong>τοῖς</strong></span> <span class='ocrx_word' id='word_1_687' title='bbox 1128 4889 1448 4958; x_wconf 72' lang='grc' dir='ltr'><strong>Ὀλυμπίοις</strong></span> <span class='ocrx_word' id='word_1_688' title='bbox 1469 4887 1537 4939; x_wconf 79' lang='grc' dir='ltr'><strong>τὰ</strong></span> <span class='ocrx_word' id='word_1_689' title='bbox 1582 4888 1672 4938; x_wconf 85' lang='grc' dir='ltr'><strong>ὲν-</strong></span> 
     </span>
    </p>
   </div>
   <div class='ocr_carea' id='block_1_96' title="bbox 98 4976 1669 5054">
    <p class='ocr_par' dir='ltr' id='par_1_96' title="bbox 98 4976 1669 5054">
     <span class='ocr_line' id='line_1_96' title="bbox 98 4976 1669 5054; baseline -0.003 -20"><span class='ocrx_word' id='word_1_690' title='bbox 98 4976 270 5047; x_wconf 78' lang='grc' dir='ltr'><strong>Θύρια,</strong></span> <span class='ocrx_word' id='word_1_691' title='bbox 300 4981 398 5034; x_wconf 76' lang='grc' dir='ltr'><strong>καὶ</strong></span> <span class='ocrx_word' id='word_1_692' title='bbox 438 4982 549 5035; x_wconf 84' lang='grc' dir='ltr'><strong>τῶν</strong></span> <span class='ocrx_word' id='word_1_693' title='bbox 596 4984 657 5037; x_wconf 79' lang='grc' dir='ltr'><strong>ἐν</strong></span> <span class='ocrx_word' id='word_1_694' title='bbox 695 4983 873 5054; x_wconf 83' lang='grc' dir='ltr'><strong>ξυστῷ</strong></span> <span class='ocrx_word' id='word_1_695' title='bbox 935 4983 1374 5052; x_wconf 71' lang='grc' dir='ltr'><strong>ἀγωνιζομένων,</strong></span> <span class='ocrx_word' id='word_1_696' title='bbox 1417 4979 1514 5032; x_wconf 71' lang='grc' dir='ltr'><strong>καὶ</strong></span> <span class='ocrx_word' id='word_1_697' title='bbox 1561 4979 1669 5032; x_wconf 74' lang='grc' dir='ltr'><strong>τῶν</strong></span> 
     </span>
    </p>
   </div>
   <div class='ocr_carea' id='block_1_97' title="bbox 99 5070 1669 5144">
    <p class='ocr_par' dir='ltr' id='par_1_97' title="bbox 99 5070 1669 5144">
     <span class='ocr_line' id='line_1_97' title="bbox 99 5070 1669 5144; baseline -0.002 -17"><span class='ocrx_word' id='word_1_698' title='bbox 99 5070 340 5141; x_wconf 78' lang='grc' dir='ltr'><strong>ἡνιόχων,</strong></span> <span class='ocrx_word' id='word_1_699' title='bbox 383 5076 615 5129; x_wconf 77' lang='grc' dir='ltr'><strong>καὶτῶν</strong></span> <span class='ocrx_word' id='word_1_700' title='bbox 647 5077 823 5138; x_wconf 82' lang='grc' dir='ltr'><strong>ἄλλως</strong></span> <span class='ocrx_word' id='word_1_701' title='bbox 866 5075 1289 5144; x_wconf 84' lang='grc' dir='ltr'><strong>ὑπουργούντων</strong></span> <span class='ocrx_word' id='word_1_702' title='bbox 1333 5075 1392 5126; x_wconf 77' lang='grc' dir='ltr'><strong>ὲν</strong></span> <span class='ocrx_word' id='word_1_703' title='bbox 1435 5075 1550 5136; x_wconf 86' lang='grc' dir='ltr'><strong>τοῖς</strong></span> <span class='ocrx_word' id='word_1_704' title='bbox 1595 5074 1669 5126; x_wconf 83' lang='grc' dir='ltr'><strong>ἱε-</strong></span> 
     </span>
    </p>
   </div>
   <div class='ocr_carea' id='block_1_98' title="bbox 102 5151 1664 5238">
    <p class='ocr_par' dir='ltr' id='par_1_98' title="bbox 102 5151 1664 5238">
     <span class='ocr_line' id='line_1_98' title="bbox 102 5151 1664 5238; baseline -0.006 -13"><span class='ocrx_word' id='word_1_705' title='bbox 102 5164 206 5227; x_wconf 79' lang='grc' dir='ltr'>ρ)ῖ;</span> <span class='ocrx_word' id='word_1_706' title='bbox 227 5151 544 5231; x_wconf 72' lang='grc' dir='ltr'><strong>ἁγιῖἶσι,καὶ</strong></span> <span class='ocrx_word' id='word_1_707' title='bbox 567 5167 674 5220; x_wconf 86' lang='grc' dir='ltr'><strong>τῶν</strong></span> <span class='ocrx_word' id='word_1_708' title='bbox 724 5169 1015 5238; x_wconf 84' lang='grc' dir='ltr'><strong>ραινόντων</strong></span> <span class='ocrx_word' id='word_1_709' title='bbox 1071 5165 1215 5236; x_wconf 78' lang='grc' dir='ltr'><strong>ὕδωρ</strong></span> <span class='ocrx_word' id='word_1_710' title='bbox 1276 5167 1390 5228; x_wconf 86' lang='grc' dir='ltr'><strong>τοῖς</strong></span> <span class='ocrx_word' id='word_1_711' title='bbox 1456 5164 1664 5230; x_wconf 82' lang='grc' dir='ltr'><strong>ἵπποις,</strong></span> 
     </span>
    </p>
   </div>
   <div class='ocr_carea' id='block_1_99' title="bbox 99 5252 1670 5328">
    <p class='ocr_par' dir='ltr' id='par_1_99' title="bbox 99 5252 1670 5328">
     <span class='ocr_line' id='line_1_99' title="bbox 99 5252 1670 5328; baseline 0.003 -27"><span class='ocrx_word' id='word_1_712' title='bbox 99 5252 186 5303; x_wconf 74' lang='grc' dir='ltr'><strong>καὶ</strong></span> <span class='ocrx_word' id='word_1_713' title='bbox 213 5254 322 5308; x_wconf 85' lang='grc' dir='ltr'><strong>τῶν</strong></span> <span class='ocrx_word' id='word_1_714' title='bbox 357 5255 677 5326; x_wconf 82' lang='grc' dir='ltr'><strong>βοαὸευτῶν</strong></span> <span class='ocrx_word' id='word_1_715' title='bbox 696 5275 709 5288; x_wconf 90' lang='grc'><strong>·</strong></span> <span class='ocrx_word' id='word_1_716' title='bbox 743 5257 1070 5328; x_wconf 83' lang='grc' dir='ltr'><strong>προαγωγός</strong></span> <span class='ocrx_word' id='word_1_717' title='bbox 1096 5257 1243 5308; x_wconf 72' lang='grc' dir='ltr'><strong>ἐστιν</strong></span> <span class='ocrx_word' id='word_1_718' title='bbox 1288 5259 1316 5309; x_wconf 86' lang='grc' dir='ltr'><strong>ό</strong></span> <span class='ocrx_word' id='word_1_719' title='bbox 1343 5255 1510 5324; x_wconf 87' lang='grc' dir='ltr'><strong>πόρον</strong></span> <span class='ocrx_word' id='word_1_720' title='bbox 1550 5255 1670 5306; x_wconf 83' lang='grc' dir='ltr'><strong>αίσ-</strong></span> 
     </span>
    </p>
   </div>
   <div class='ocr_carea' id='block_1_100' title="bbox 101 5343 1675 5420">
    <p class='ocr_par' dir='ltr' id='par_1_100' title="bbox 101 5343 1675 5420">
     <span class='ocr_line' id='line_1_100' title="bbox 101 5343 1675 5420; baseline 0.001 -23"><span class='ocrx_word' id='word_1_721' title='bbox 101 5343 221 5412; x_wconf 74' lang='grc' dir='ltr'><strong>χρὸν</strong></span> <span class='ocrx_word' id='word_1_722' title='bbox 243 5346 351 5399; x_wconf 79' lang='grc' dir='ltr'><strong>ἀπὸ</strong></span> <span class='ocrx_word' id='word_1_723' title='bbox 376 5347 579 5403; x_wconf 82' lang='grc' dir='ltr'><strong>δούλων</strong></span> <span class='ocrx_word' id='word_1_724' title='bbox 601 5350 634 5420; x_wconf 70' lang='grc' dir='ltr'>ἦ</span> <span class='ocrx_word' id='word_1_725' title='bbox 665 5351 966 5419; x_wconf 74' lang='grc' dir='ltr'><strong>ἐλευθέρων</strong></span> <span class='ocrx_word' id='word_1_726' title='bbox 990 5349 1333 5418; x_wconf 68' lang='grc' dir='ltr'><strong>ποιούμενος,</strong></span> <span class='ocrx_word' id='word_1_727' title='bbox 1375 5346 1485 5400; x_wconf 82' lang='grc' dir='ltr'><strong>εἴτε</strong></span> <span class='ocrx_word' id='word_1_728' title='bbox 1523 5363 1675 5416; x_wconf 85' lang='grc' dir='ltr'><strong>πρω-</strong></span> 
     </span>
    </p>
   </div>
   <div class='ocr_carea' id='block_1_101' title="bbox 100 5436 1673 5513">
    <p class='ocr_par' dir='ltr' id='par_1_101' title="bbox 100 5436 1673 5513">
     <span class='ocr_line' id='line_1_101' title="bbox 100 5436 1673 5513; baseline 0.01 -28"><span class='ocrx_word' id='word_1_729' title='bbox 100 5436 337 5502; x_wconf 80' lang='grc' dir='ltr'><strong>τοτύπως</strong></span> <span class='ocrx_word' id='word_1_730' title='bbox 394 5439 550 5495; x_wconf 80' lang='grc' dir='ltr'><strong>τοῦτο</strong></span> <span class='ocrx_word' id='word_1_731' title='bbox 599 5442 1077 5513; x_wconf 85' lang='grc' dir='ltr'><strong>πραγματεύεται,</strong></span> <span class='ocrx_word' id='word_1_732' title='bbox 1133 5441 1245 5494; x_wconf 82' lang='grc' dir='ltr'><strong>εἴτε</strong></span> <span class='ocrx_word' id='word_1_733' title='bbox 1321 5440 1673 5509; x_wconf 80' lang='grc' dir='ltr'><strong>προσχήματι</strong></span> 
     </span>
    </p>
   </div>
   <div class='ocr_carea' id='block_1_102' title="bbox 105 5530 1674 5607">
    <p class='ocr_par' dir='ltr' id='par_1_102' title="bbox 105 5530 1674 5607">
     <span class='ocr_line' id='line_1_102' title="bbox 105 5530 1674 5607; baseline 0.009 -27"><span class='ocrx_word' id='word_1_734' title='bbox 105 5532 483 5601; x_wconf 68' lang='grc' dir='ltr'><strong>πραγματείας</strong></span> <span class='ocrx_word' id='word_1_735' title='bbox 507 5535 702 5605; x_wconf 80' lang='grc' dir='ltr'><strong>ἑτέρας</strong></span> <span class='ocrx_word' id='word_1_736' title='bbox 730 5536 843 5607; x_wconf 74' lang='grc' dir='ltr'><strong>ἔχει</strong></span> <span class='ocrx_word' id='word_1_737' title='bbox 869 5535 939 5590; x_wconf 85' lang='grc' dir='ltr'><strong>τὰ</strong></span> <span class='ocrx_word' id='word_1_738' title='bbox 992 5532 1220 5590; x_wconf 81' lang='grc' dir='ltr'><strong>τοιαῦτα</strong></span> <span class='ocrx_word' id='word_1_739' title='bbox 1267 5533 1555 5604; x_wconf 80' lang='grc' dir='ltr'><strong>πρόσωπα,</strong></span> <span class='ocrx_word' id='word_1_740' title='bbox 1595 5530 1674 5597; x_wconf 82' lang='grc' dir='ltr'><strong>ὡς</strong></span> 
     </span>
    </p>
   </div>
   <div class='ocr_carea' id='block_1_103' title="bbox 176 5703 814 5765">
    <p class='ocr_par' dir='ltr' id='par_1_103' title="bbox 176 5703 814 5765">
     <span class='ocr_line' id='line_1_103' title="bbox 176 5703 814 5765; baseline 0.013 -10"><span class='ocrx_word' id='word_1_741' title='bbox 176 5705 220 5737; x_wconf 62' lang='grc'><strong>⁸⁸</strong></span> <span class='ocrx_word' id='word_1_742' title='bbox 243 5703 413 5761; x_wconf 79' lang='lat' dir='ltr'><strong>Cone.</strong></span> <span class='ocrx_word' id='word_1_743' title='bbox 447 5708 611 5763; x_wconf 80' lang='lat' dir='ltr'><strong>Afric.</strong></span> <span class='ocrx_word' id='word_1_744' title='bbox 646 5726 694 5763; x_wconf 86' lang='lat' dir='ltr'><strong>c.</strong></span> <span class='ocrx_word' id='word_1_745' title='bbox 723 5710 814 5765; x_wconf 80' lang='lat'><strong>50.</strong></span> 
     </span>
    </p>
   </div>
   <div class='ocr_carea' id='block_1_104' title="bbox 1781 4519 3368 4584">
    <p class='ocr_par' dir='ltr' id='par_1_104' title="bbox 1781 4519 3368 4584">
     <span class='ocr_line' id='line_1_104' title="bbox 1781 4519 3368 4584; baseline -0.004 -6"><span class='ocrx_word' id='word_1_746' title='bbox 1781 4521 2126 4579; x_wconf 84' lang='lat' dir='ltr'><strong>sustinuerit.</strong></span> <span class='ocrx_word' id='word_1_747' title='bbox 2156 4519 2258 4584; x_wconf 86' lang='lat' dir='ltr'><strong>Qui</strong></span> <span class='ocrx_word' id='word_1_748' title='bbox 2291 4535 2349 4572; x_wconf 88' lang='lat' dir='ltr'><strong>se</strong></span> <span class='ocrx_word' id='word_1_749' title='bbox 2385 4521 2603 4578; x_wconf 84' lang='lat' dir='ltr'><strong>locavit.</strong></span> <span class='ocrx_word' id='word_1_750' title='bbox 2633 4520 2847 4574; x_wconf 83' lang='lat' dir='ltr'><strong>etiamsi</strong></span> <span class='ocrx_word' id='word_1_751' title='bbox 2881 4536 3005 4573; x_wconf 92' lang='lat' dir='ltr'><strong>cum</strong></span> <span class='ocrx_word' id='word_1_752' title='bbox 3042 4519 3232 4574; x_wconf 88' lang='lat' dir='ltr'><strong>bestiis</strong></span> <span class='ocrx_word' id='word_1_753' title='bbox 3263 4535 3368 4573; x_wconf 86' lang='lat' dir='ltr'><strong>non</strong></span> 
     </span>
    </p>
   </div>
   <div class='ocr_carea' id='block_1_105' title="bbox 1780 4610 3458 4684">
    <p class='ocr_par' dir='ltr' id='par_1_105' title="bbox 1780 4610 3458 4684">
     <span class='ocr_line' id='line_1_105' title="bbox 1780 4610 3458 4684; baseline -0.006 -14"><span class='ocrx_word' id='word_1_754' title='bbox 1780 4617 2074 4684; x_wconf 82' lang='lat' dir='ltr'><strong>depugnet,</strong></span> <span class='ocrx_word' id='word_1_755' title='bbox 2113 4621 2352 4665; x_wconf 76' lang='lat' dir='ltr'><strong>notatur.</strong></span> <span class='ocrx_word' id='word_1_756' title='bbox 2389 4610 2505 4663; x_wconf 83' lang='lat' dir='ltr'><strong>Non</strong></span> <span class='ocrx_word' id='word_1_757' title='bbox 2537 4620 2716 4664; x_wconf 86' lang='lat' dir='ltr'><strong>tamen</strong></span> <span class='ocrx_word' id='word_1_758' title='bbox 2748 4611 2912 4665; x_wconf 73' lang='lat' dir='ltr'><strong>etiam</strong></span> <span class='ocrx_word' id='word_1_759' title='bbox 2951 4613 3042 4680; x_wconf 91' lang='lat' dir='ltr'><strong>qui</strong></span> <span class='ocrx_word' id='word_1_760' title='bbox 3071 4611 3368 4664; x_wconf 77' lang='lat' dir='ltr'><strong>mercedem</strong></span> <span class='ocrx_word' id='word_1_761' title='bbox 3455 4636 3458 4638; x_wconf 89' lang='lat'><strong>-</strong></span> 
     </span>
    </p>
   </div>
   <div class='ocr_carea' id='block_1_106' title="bbox 1780 4703 3370 4774">
    <p class='ocr_par' dir='ltr' id='par_1_106' title="bbox 1780 4703 3370 4774">
     <span class='ocr_line' id='line_1_106' title="bbox 1780 4703 3370 4774; baseline -0.006 -14"><span class='ocrx_word' id='word_1_762' title='bbox 1780 4708 1965 4774; x_wconf 83' lang='lat' dir='ltr'><strong>capit,</strong></span> <span class='ocrx_word' id='word_1_763' title='bbox 2018 4711 2078 4757; x_wconf 91' lang='lat' dir='ltr'><strong>ut</strong></span> <span class='ocrx_word' id='word_1_764' title='bbox 2113 4703 2282 4757; x_wconf 80' lang='lat' dir='ltr'><strong>feram</strong></span> <span class='ocrx_word' id='word_1_765' title='bbox 2321 4719 2441 4772; x_wconf 61' lang='lat' dir='ltr'><strong>qum</strong></span> <span class='ocrx_word' id='word_1_766' title='bbox 2484 4703 2692 4772; x_wconf 76' lang='lat' dir='ltr'><strong>regioni</strong></span> <span class='ocrx_word' id='word_1_767' title='bbox 2738 4713 2916 4765; x_wconf 85' lang='lat' dir='ltr'><strong>nocet,</strong></span> <span class='ocrx_word' id='word_1_768' title='bbox 2959 4712 3110 4756; x_wconf 78' lang='lat' dir='ltr'><strong>extra</strong></span> <span class='ocrx_word' id='word_1_769' title='bbox 3151 4717 3370 4754; x_wconf 86' lang='lat' dir='ltr'><strong>arenam</strong></span> 
     </span>
    </p>
   </div>
   <div class='ocr_carea' id='block_1_107' title="bbox 1779 4794 3372 4867">
    <p class='ocr_par' dir='ltr' id='par_1_107' title="bbox 1779 4794 3372 4867">
     <span class='ocr_line' id='line_1_107' title="bbox 1779 4794 3372 4867; baseline -0.004 -15"><span class='ocrx_word' id='word_1_770' title='bbox 1779 4799 2071 4867; x_wconf 80' lang='lat' dir='ltr'><strong>depugnet.</strong></span> <span class='ocrx_word' id='word_1_771' title='bbox 2123 4795 2290 4849; x_wconf 84' lang='lat' dir='ltr'><strong>Plane</strong></span> <span class='ocrx_word' id='word_1_772' title='bbox 2336 4797 2709 4857; x_wconf 88' lang='lat' dir='ltr'><strong>athletarum,</strong></span> <span class='ocrx_word' id='word_1_773' title='bbox 2759 4805 2812 4849; x_wconf 83' lang='lat' dir='ltr'><strong>et</strong></span> <span class='ocrx_word' id='word_1_774' title='bbox 2857 4796 2949 4865; x_wconf 90' lang='lat' dir='ltr'><strong>qui</strong></span> <span class='ocrx_word' id='word_1_775' title='bbox 3007 4795 3060 4848; x_wconf 90' lang='lat' dir='ltr'><strong>iu</strong></span> <span class='ocrx_word' id='word_1_776' title='bbox 3108 4794 3372 4864; x_wconf 84' lang='lat' dir='ltr'><strong>Olympiis</strong></span> 
     </span>
    </p>
   </div>
   <div class='ocr_carea' id='block_1_108' title="bbox 1776 4885 3374 4957">
    <p class='ocr_par' dir='ltr' id='par_1_108' title="bbox 1776 4885 3374 4957">
     <span class='ocr_line' id='line_1_108' title="bbox 1776 4885 3374 4957; baseline -0.008 -12"><span class='ocrx_word' id='word_1_777' title='bbox 1776 4889 2104 4945; x_wconf 87' lang='lat' dir='ltr'><strong>oblectantia</strong></span> <span class='ocrx_word' id='word_1_778' title='bbox 2134 4889 2365 4951; x_wconf 88' lang='lat' dir='ltr'><strong>dicunt,</strong></span> <span class='ocrx_word' id='word_1_779' title='bbox 2416 4896 2468 4939; x_wconf 87' lang='lat' dir='ltr'><strong>et</strong></span> <span class='ocrx_word' id='word_1_780' title='bbox 2497 4888 2588 4957; x_wconf 90' lang='lat' dir='ltr'><strong>qui</strong></span> <span class='ocrx_word' id='word_1_781' title='bbox 2627 4887 2680 4940; x_wconf 91' lang='lat' dir='ltr'><strong>in</strong></span> <span class='ocrx_word' id='word_1_782' title='bbox 2719 4895 2874 4957; x_wconf 62' lang='lat' dir='ltr'><strong>xysto</strong></span> <span class='ocrx_word' id='word_1_783' title='bbox 2921 4886 3223 4947; x_wconf 87' lang='lat' dir='ltr'><strong>decertant,</strong></span> <span class='ocrx_word' id='word_1_784' title='bbox 3259 4885 3374 4950; x_wconf 76' lang='lat' dir='ltr'><strong>agi-</strong></span> 
     </span>
    </p>
   </div>
   <div class='ocr_carea' id='block_1_109' title="bbox 1775 4973 3371 5047">
    <p class='ocr_par' dir='ltr' id='par_1_109' title="bbox 1775 4973 3371 5047">
     <span class='ocr_line' id='line_1_109' title="bbox 1775 4973 3371 5047; baseline -0.006 -13"><span class='ocrx_word' id='word_1_785' title='bbox 1775 4987 2011 5034; x_wconf 79' lang='lat' dir='ltr'><strong>tatorum</strong></span> <span class='ocrx_word' id='word_1_786' title='bbox 2044 4981 2210 5042; x_wconf 89' lang='lat' dir='ltr'><strong>item,</strong></span> <span class='ocrx_word' id='word_1_787' title='bbox 2243 4987 2296 5031; x_wconf 92' lang='lat' dir='ltr'><strong>et</strong></span> <span class='ocrx_word' id='word_1_788' title='bbox 2323 4978 2414 5047; x_wconf 92' lang='lat' dir='ltr'><strong>qui</strong></span> <span class='ocrx_word' id='word_1_789' title='bbox 2448 4993 2644 5046; x_wconf 89' lang='lat' dir='ltr'><strong>aquam</strong></span> <span class='ocrx_word' id='word_1_790' title='bbox 2679 4977 2835 5046; x_wconf 87' lang='lat' dir='ltr'><strong>equis</strong></span> <span class='ocrx_word' id='word_1_791' title='bbox 2868 4985 3129 5043; x_wconf 81' lang='lat' dir='ltr'><strong>spargunt</strong></span> <span class='ocrx_word' id='word_1_792' title='bbox 3155 5013 3170 5034; x_wconf 85' lang='lat'><strong><em>.</em></strong></span> <span class='ocrx_word' id='word_1_793' title='bbox 3205 4973 3371 5044; x_wconf 64' lang='grc'><strong>469</strong></span> 
     </span>
    </p>
   </div>
   <div class='ocr_carea' id='block_1_110' title="bbox 1774 5068 3372 5143">
    <p class='ocr_par' dir='ltr' id='par_1_110' title="bbox 1774 5068 3372 5143">
     <span class='ocr_line' id='line_1_110' title="bbox 1774 5068 3372 5143; baseline -0.008 -15"><span class='ocrx_word' id='word_1_794' title='bbox 1774 5075 2119 5143; x_wconf 87' lang='lat' dir='ltr'><strong>aliorumque</strong></span> <span class='ocrx_word' id='word_1_795' title='bbox 2149 5071 2239 5142; x_wconf 91' lang='lat' dir='ltr'><strong>qui</strong></span> <span class='ocrx_word' id='word_1_796' title='bbox 2279 5071 2334 5124; x_wconf 90' lang='lat' dir='ltr'><strong>in</strong></span> <span class='ocrx_word' id='word_1_797' title='bbox 2367 5072 2540 5124; x_wconf 82' lang='lat' dir='ltr'><strong>sacris</strong></span> <span class='ocrx_word' id='word_1_798' title='bbox 2579 5070 2972 5125; x_wconf 90' lang='lat' dir='ltr'><strong>certaminibus</strong></span> <span class='ocrx_word' id='word_1_799' title='bbox 3013 5068 3328 5121; x_wconf 75' lang='lat' dir='ltr'><strong>deserviunt</strong></span> <span class='ocrx_word' id='word_1_800' title='bbox 3357 5103 3372 5126; x_wconf 92' lang='lat'><strong>,</strong></span> 
     </span>
    </p>
   </div>
   <div class='ocr_carea' id='block_1_111' title="bbox 1771 5160 3323 5237">
    <p class='ocr_par' dir='ltr' id='par_1_111' title="bbox 1771 5160 3323 5237">
     <span class='ocr_line' id='line_1_111' title="bbox 1771 5160 3323 5237; baseline -0.009 -15"><span class='ocrx_word' id='word_1_801' title='bbox 1771 5177 1825 5222; x_wconf 88' lang='lat' dir='ltr'><strong>et</strong></span> <span class='ocrx_word' id='word_1_802' title='bbox 1871 5162 2233 5237; x_wconf 85' lang='lat' dir='ltr'><strong>[postremo]</strong></span> <span class='ocrx_word' id='word_1_803' title='bbox 2285 5162 2692 5230; x_wconf 82' lang='lat' dir='ltr'><strong>designatorum</strong></span> <span class='ocrx_word' id='word_1_804' title='bbox 2730 5177 2820 5215; x_wconf 85' lang='lat' dir='ltr'><strong>ars</strong></span> <span class='ocrx_word' id='word_1_805' title='bbox 2862 5160 3066 5213; x_wconf 87' lang='lat' dir='ltr'><strong>ludicra</strong></span> <span class='ocrx_word' id='word_1_806' title='bbox 3095 5173 3202 5212; x_wconf 93' lang='lat' dir='ltr'><strong>non</strong></span> <span class='ocrx_word' id='word_1_807' title='bbox 3238 5164 3323 5209; x_wconf 84' lang='lat' dir='ltr'><strong>est</strong></span> 
     </span>
    </p>
   </div>
   <div class='ocr_carea' id='block_1_112' title="bbox 1782 5219 3376 5327">
    <p class='ocr_par' dir='ltr' id='par_1_112' title="bbox 1782 5219 3376 5327">
     <span class='ocr_line' id='line_1_112' title="bbox 1782 5219 3376 5327; baseline -0.007 -16"><span class='ocrx_word' id='word_1_808' title='bbox 1782 5271 1958 5327; x_wconf 87' lang='lat' dir='ltr'><strong>neque</strong></span> <span class='ocrx_word' id='word_1_809' title='bbox 1989 5255 2381 5323; x_wconf 73' lang='lat' dir='ltr'><strong>ignominiosa.</strong></span> <span class='ocrx_word' id='word_1_810' title='bbox 2412 5251 2560 5306; x_wconf 81' lang='lat' dir='ltr'><strong>Leno</strong></span> <span class='ocrx_word' id='word_1_811' title='bbox 2587 5263 2690 5318; x_wconf 79' lang='lat' dir='ltr'><strong>est,</strong></span> <span class='ocrx_word' id='word_1_812' title='bbox 2727 5255 2818 5321; x_wconf 92' lang='lat' dir='ltr'><strong>qui</strong></span> <span class='ocrx_word' id='word_1_813' title='bbox 2855 5261 3068 5320; x_wconf 87' lang='lat' dir='ltr'><strong>turpem</strong></span> <span class='ocrx_word' id='word_1_814' title='bbox 3105 5219 3376 5318; x_wconf 68' lang='lat' dir='ltr'><strong>qumstuni</strong></span> 
     </span>
    </p>
   </div>
   <div class='ocr_carea' id='block_1_113' title="bbox 1780 5339 3376 5410">
    <p class='ocr_par' dir='ltr' id='par_1_113' title="bbox 1780 5339 3376 5410">
     <span class='ocr_line' id='line_1_113' title="bbox 1780 5339 3376 5410; baseline -0.008 -9"><span class='ocrx_word' id='word_1_815' title='bbox 1780 5364 1844 5402; x_wconf 80' lang='lat' dir='ltr'><strong>ex</strong></span> <span class='ocrx_word' id='word_1_816' title='bbox 1881 5347 2058 5402; x_wconf 86' lang='lat' dir='ltr'><strong>servis</strong></span> <span class='ocrx_word' id='word_1_817' title='bbox 2101 5347 2185 5399; x_wconf 87' lang='lat' dir='ltr'><strong>vel</strong></span> <span class='ocrx_word' id='word_1_818' title='bbox 2227 5344 2412 5398; x_wconf 85' lang='lat' dir='ltr'><strong>liberis</strong></span> <span class='ocrx_word' id='word_1_819' title='bbox 2461 5342 2635 5398; x_wconf 78' lang='lat' dir='ltr'><strong>facit:</strong></span> <span class='ocrx_word' id='word_1_820' title='bbox 2699 5343 2812 5397; x_wconf 87' lang='lat' dir='ltr'><strong>sive</strong></span> <span class='ocrx_word' id='word_1_821' title='bbox 2859 5341 3231 5410; x_wconf 87' lang='lat' dir='ltr'><strong>principaliter</strong></span> <span class='ocrx_word' id='word_1_822' title='bbox 3274 5339 3376 5391; x_wconf 75' lang='lat' dir='ltr'><strong>bne</strong></span> 
     </span>
    </p>
   </div>
   <div class='ocr_carea' id='block_1_114' title="bbox 1782 5434 3374 5511">
    <p class='ocr_par' dir='ltr' id='par_1_114' title="bbox 1782 5434 3374 5511">
     <span class='ocr_line' id='line_1_114' title="bbox 1782 5434 3374 5511; baseline -0.007 -18"><span class='ocrx_word' id='word_1_823' title='bbox 1782 5440 2059 5511; x_wconf 80' lang='lat' dir='ltr'><strong>negotium</strong></span> <span class='ocrx_word' id='word_1_824' title='bbox 2085 5445 2259 5508; x_wconf 85' lang='lat' dir='ltr'><strong>gerat,</strong></span> <span class='ocrx_word' id='word_1_825' title='bbox 2294 5436 2409 5491; x_wconf 87' lang='lat' dir='ltr'><strong>sive</strong></span> <span class='ocrx_word' id='word_1_826' title='bbox 2433 5435 2661 5490; x_wconf 83' lang='lat' dir='ltr'><strong>alterius</strong></span> <span class='ocrx_word' id='word_1_827' title='bbox 2688 5434 3075 5505; x_wconf 82' lang='lat' dir='ltr'><strong>negotiationis</strong></span> <span class='ocrx_word' id='word_1_828' title='bbox 3112 5441 3374 5501; x_wconf 61' lang='lat' dir='ltr'><strong>prsetextu</strong></span> 
     </span>
    </p>
   </div>
   <div class='ocr_carea' id='block_1_115' title="bbox 1783 5523 3372 5602">
    <p class='ocr_par' dir='ltr' id='par_1_115' title="bbox 1783 5523 3372 5602">
     <span class='ocr_line' id='line_1_115' title="bbox 1783 5523 3372 5602; baseline -0.008 -15"><span class='ocrx_word' id='word_1_829' title='bbox 1783 5531 2092 5588; x_wconf 87' lang='lat' dir='ltr'><strong>istiusmodi</strong></span> <span class='ocrx_word' id='word_1_830' title='bbox 2126 5541 2391 5602; x_wconf 86' lang='lat' dir='ltr'><strong>personas</strong></span> <span class='ocrx_word' id='word_1_831' title='bbox 2413 5526 2614 5584; x_wconf 85' lang='lat' dir='ltr'><strong>habeat</strong></span> <span class='ocrx_word' id='word_1_832' title='bbox 2644 5543 2658 5593; x_wconf 94' lang='lat'>;</span> <span class='ocrx_word' id='word_1_833' title='bbox 2700 5534 2761 5583; x_wconf 88' lang='lat' dir='ltr'><strong>ut</strong></span> <span class='ocrx_word' id='word_1_834' title='bbox 2801 5524 3006 5598; x_wconf 88' lang='lat' dir='ltr'><strong>[puta,</strong></span> <span class='ocrx_word' id='word_1_835' title='bbox 3042 5523 3126 5596; x_wconf 89' lang='lat' dir='ltr'><strong>si]</strong></span> <span class='ocrx_word' id='word_1_836' title='bbox 3157 5538 3331 5592; x_wconf 74' lang='lat' dir='ltr'><strong>caupo</strong></span> <span class='ocrx_word' id='word_1_837' title='bbox 3356 5562 3372 5586; x_wconf 89' lang='lat'><strong>,</strong></span> 
     </span>
    </p>
   </div>
  </div>
