3904 6220
416 278 523 344 955

1547 279 1811 341 PHOTII
1848 278 2353 351 PATRIARCHIE
2386 280 2499 346 CP.
3565 299 3660 366 οεθ

419 397 503 452 vel
537 392 872 450 statiularius
898 432 913 457 ,
950 391 1033 446 vel
1081 390 1369 446 balneator
1408 390 1581 479 Lsit].
1621 392 1797 447 Etiam
1830 393 1923 462 qui
1957 392 2006 445 iu

2133 393 2452 467 ιάπηλος,ἢ
2496 397 2880 471 πανδοχεὺς,ἤ
2930 399 3217 472 βαλανεὺς,
3265 404 3355 459 καὶ
3405 408 3658 483 ὁγενόμε-

418 489 683 544 servitute
721 488 848 541 leno
898 483 1033 550 fuit,
1081 484 1173 538 ubi
1216 484 1353 538 liber
1402 483 1578 539 lactus
1616 495 1733 551 est,
1776 483 2001 538 infamia

422 585 659 631 notatur.
690 572 817 629 Haec
840 573 1022 628 omnia
1046 580 1173 627 sunt
1199 573 1251 626 in
1288 571 1384 627 lib.
1421 588 1501 636 ιιι,
1531 574 1613 628 tit.
1639 573 1906 644 l,digest.
1935 572 1955 625 1
1990 588 2006 640 ;

420 678 474 721 et
504 667 588 721 tit.
620 665 675 731 2,
706 665 901 734 digest.
933 664 1001 730 4;
1035 675 1089 717 et
1123 663 1219 718 lib.
1257 664 1348 729 25,
1389 664 1472 718 tit.
1530 664 1566 717 2
1590 704 1606 730 ,
1659 664 1855 734 digest.
1913 663 2005 719 48.

422 759 571 813 Leno
625 773 847 828 quoque
886 746 1011 824 est,
1072 757 1166 827 qui
1228 757 1499 811 adulterio
1554 757 1818 827 pollutam
1873 772 2010 812 con-

417 849 602 920 jugem
640 864 795 904 suam
850 864 957 902 non
1013 846 1281 912 dimittit,
1327 862 1435 901 non
1483 847 1647 901 etiam
1691 846 1786 917 qui
1851 844 2011 919 [tan-

422 940 741 1013 tummodo]
781 948 1086 1010 suspectam
1112 940 1311 1006 habet;
1347 948 1408 994 ut
1444 940 1542 995 lib.
1579 955 1632 994 Ix
1673 940 1796 996 cod.
1832 942 1917 995 tit.
1952 941 2007 1007 9,

421 1043 597 1088 const.
633 1033 687 1087 2.

491 1123 645 1182 CAP.
676 1123 844 1179 XX".
865 1155 935 1165 —
960 1123 1035 1179 De
1063 1125 1379 1197 spectaculis
1406 1135 1455 1181 et
1478 1126 1724 1183 ludicris.

572 1216 799 1271 Concilii
824 1215 1258 1286 Carthaginensis
1303 1234 1524 1274 canones
1558 1220 1644 1284 i5,
1678 1220 1765 1285 60,
1797 1220 1886 1275 61.

495 1308 571 1362 De
591 1308 808 1362 diversis
838 1307 1111 1362 ordinibus
1127 1306 1380 1364 Ecclesia:
1404 1311 1772 1377 servientibus,
1791 1322 1923 1379 etc.,
1950 1323 2009 1368 ιιι

421 1417 545 1472 pag.
580 1401 703 1457 705.

495 1494 582 1548 15.
634 1495 767 1549 Item
820 1496 1025 1566 placuit
1053 1508 1109 1551 ut
1142 1499 1393 1568 quisquis
1437 1498 1843 1570 episcoporum,
1874 1509 2005 1568 etc.,

422 1595 480 1637 ut
508 1601 632 1655 pag.
673 1586 798 1641 703.

491 1677 572 1732 De
592 1694 923 1749 paganorum
957 1684 1227 1738 conviviis.

493 1768 580 1824 ϐυ.
618 1770 752 1825 Illud
780 1772 941 1826 etiam
975 1775 1291 1843 petendum,
1333 1783 1463 1843 etc.,
1501 1784 1561 1829 ιιι
1587 1792 1711 1848 pag.
1744 1776 1871 1831 927.

495 1863 570 1917 De
595 1865 925 1932 spectaculis,
967 1877 1024 1919 ut
1072 1867 1155 1922 die
1190 1867 1489 1934 Dominico,
1532 1869 1608 1924 vel
1638 1872 1843 1925 caeteris
1880 1888 2008 1926 san-

423 1963 629 2008 ctorum
658 1956 1036 2024 festivitatibus
1067 1959 1280 2013 minime
1306 1961 1655 2017 celebrentur.

493 2047 582 2103 6i.
637 2046 751 2104 Nec
805 2065 916 2104 non
956 2059 1011 2105 et
1064 2051 1196 2106 illud
1248 2054 1561 2123 petendum,
1594 2067 1655 2110 ut
1693 2059 2006 2125 spectacula

422 2140 784 2205 theatrorum,
808 2151 1176 2214 caeterumque
1204 2146 1479 2210 ludorum,
1503 2156 1633 2214 etc.,
1666 2158 1857 2220 utpag.
1877 2150 2005 2205 646.

425 2231 653 2288 Consilii
674 2238 978 2291 aecumenici
1008 2254 1231 2293 canones
1266 2238 1352 2307 52,
1384 2238 1471 2307 62,
1511 2240 1601 2308 65,
1633 2241 1722 2306 7l,
1752 2242 1843 2306 96,
1881 2243 2002 2297 100.

492 2398 653 2470 461
696 2400 788 2455 52.
837 2399 893 2454 In
947 2402 1204 2457 omnibus
1234 2414 1435 2460 sanctae
1459 2403 2009 2479 Quatlragesimazje-

416 2493 557 2565 junii
590 2494 803 2559 diebus,
832 2503 961 2560 etc.,
993 2504 1051 2549 ιιι
1076 2512 1197 2566 pag.
1231 2495 1376 2561 658.1

492 2587 583 2644 62.
624 2586 897 2644 Kalendas
947 2604 1069 2658 qua:
1113 2589 1391 2655 dicuntur,
1442 2600 1497 2646 et
1549 2602 1694 2657 vota,
1755 2602 1812 2648 et
1868 2593 2004 2649 bru-

424 2681 586 2734 malia
624 2697 748 2751 qua:
786 2690 1094 2748 vocantur;
1135 2694 1189 2738 et
1211 2684 1306 2753 qui
1336 2684 1390 2738 in
1426 2685 1604 2754 primo
1636 2685 1818 2741 Martii
1846 2702 2000 2743 men-

425 2775 503 2827 sis
550 2772 641 2828 die
694 2772 753 2827 ﬁt
804 2782 1132 2829 conventum
1210 2791 1277 2829 ex
1332 2776 1575 2832 ﬁdelium
1645 2778 2006 2836 universitate

429 2865 658 2918 omnino
687 2865 808 2919 tolli
832 2866 1087 2921 volumus
1123 2884 1137 2921 :
1196 2866 1292 2922 sed
1334 2876 1390 2921 et
1439 2869 1685 2939 publicas
1718 2871 2004 2927 mulierum

430 2958 752 3014 saltationes
802 2959 1032 3014 multam
1079 2975 1279 3015 noxam
1315 2962 1652 3033 exitiumque
1682 2963 2005 3021 afferentes:

423 3051 557 3120 quin
587 3052 750 3106 etiam
786 3066 899 3115 eas,
937 3067 1060 3122 qua:
1090 3053 1317 3108 nomine
1345 3069 1539 3109 eorum
1565 3055 1659 3125 qui
1694 3056 1834 3111 falso
1860 3058 2005 3128 apud

425 3142 654 3212 gentiles
691 3142 764 3197 dii
792 3142 1057 3197 nominati
1103 3151 1253 3211 sunt,
1288 3144 1374 3199 vel
1404 3145 1626 3200 nomine
1655 3147 1901 3201 virorum
1941 3163 2006 3203 ac

425 3236 720 3290 mulierum
758 3235 916 3300 ﬁunt,
965 3237 1287 3291 saltationes
1332 3251 1397 3291 ac
1426 3238 1685 3309 mysteria
1722 3253 1877 3294 more
1903 3255 2004 3294 an-

425 3331 579 3397 tiquo
611 3337 665 3381 et
691 3344 743 3405 Va
773 3328 883 3382 vita
920 3328 1364 3383 Christianorum
1408 3330 1610 3397 alieno,
1642 3331 2005 3388 amandamus

425 3427 482 3475 et
521 3421 890 3490 expellimus;
932 3429 1237 3477 statuentes
1297 3433 1359 3476 ut
1400 3423 1584 3479 nullus
1638 3425 1721 3479 vir
1751 3425 2006 3495 deinceps

425 3513 680 3569 muliebri
711 3522 859 3568 veste
892 3514 1165 3580 induatur,
1201 3515 1287 3569 vel
1314 3516 1510 3570 mulier
1539 3525 1686 3572 veste
1716 3518 1836 3572 viro
1864 3532 2002 3573 con-

426 3604 698 3658 veniente.
744 3604 849 3659 Sed
899 3619 1073 3674 neque
1127 3605 1393 3671 comicas,
1440 3607 1526 3662 vel
1573 3609 1864 3676 satyricas,
1921 3610 2007 3665 vel

427 3694 665 3765 tragicas
697 3708 963 3763 personas
990 3694 1215 3750 induat:
1247 3712 1425 3767 neque
1461 3700 1782 3754 exsecrandi
1807 3698 2008 3756 Bacchi

427 3797 653 3849 nomen,
699 3798 861 3838 uvam
906 3784 962 3838 in
1012 3786 1377 3841 torcularibus
1408 3789 1802 3861 exprimentes,
1838 3791 2008 3846 invo-

428 3889 588 3946 cent;
639 3894 815 3949 neque
868 3881 1057 3935 vinum
1105 3882 1160 3935 in
1216 3881 1381 3938 doliis
1412 3883 1778 3952 eﬁ‘undentes,
1830 3889 2003 3945 risum

428 3982 706 4039 moveant,
755 3973 1055 4044 ignorantia
1086 3975 1169 4030 vel
1219 3977 1458 4033 vanitate
1484 3993 1569 4045 ea,
1605 3995 1727 4048 quae
1753 3980 1822 4035 ab
1860 3981 2008 4037 insa-

428 4063 537 4119 niae
569 4065 871 4134 impostura
904 4068 1226 4135 procedunt,
1256 4080 1597 4125 exercentes.
1620 4069 1729 4127 Eos
1759 4088 1888 4142 ergo
1914 4073 2005 4143 qui

428 4156 692 4226 deinceps
730 4157 937 4227 aliquid
975 4172 1164 4212 eorum
1206 4159 1342 4229 {quin
1374 4161 1577 4230 scripta
1617 4172 1765 4229 sunt,
1802 4163 2010 4235 [aggreo

430 4250 674 4313 dientur,
709 4250 802 4305 ubi
837 4251 905 4305 ad
937 4251 1132 4306 horum
1157 4253 1526 4322 c0gnitionem
1559 4257 1931 4324 pervenerint,
1955 4257 2004 4313 si

431 4342 543 4398 sint
572 4342 794 4410 quidem
831 4343 1036 4411 clerici,
1068 4344 1264 4415 deponi
1291 4345 1551 4416 juhemus
1576 4365 1589 4401 :
1618 4348 1663 4402 si
1696 4363 1826 4403 vero
1858 4348 2003 4416 laici,

432 4434 727 4505 segregari.

503 4620 590 4676 65.
628 4578 760 4687 Quie
784 4622 837 4675 in
875 4622 1165 4677 noviluniis
1197 4665 1212 4691 ,
1251 4632 1356 4679 etc.
1406 4632 1466 4677 ιιι
1489 4641 1611 4696 pag.
1643 4624 1766 4682 955.

503 4714 665 4787 462
696 4715 784 4770 7i.
811 4713 940 4777 Eos.
994 4715 1087 4785 qui
1119 4715 1384 4771 docentur
1422 4717 1568 4785 leges
1612 4717 1821 4783 civiles,
1846 4720 2018 4789 genti-

2109 502 2200 549 νος
2236 487 2294 539 ὲν
2321 486 2534 559 δουλείᾳ
2565 492 2910 561 προαγωγὸς,
2942 494 3235 565 ἀτιμοῦται
3277 500 3412 569 μετὰ
3439 503 3499 555 τδ
3522 504 3661 559 ἐλευ-

2111 578 2453 651 θερωθῆναιο
2484 582 2656 639 ταῦτα
2715 585 2895 642 πάντα
2958 591 3139 644 κεῖται
3184 591 3329 661 βισλ.
3361 592 3431 661 γ’,
3460 596 3558 652 τίτ.
3598 597 3703 669 α’,ξ

2106 671 2251 737 διάτ.
2270 671 2340 739 α’,
2358 676 2451 728 καὶ
2473 675 2581 731 τίτ.
2624 674 2695 749 β’,
2734 678 2874 734 διάτ.
2901 680 2966 745 δ’,
3026 683 3121 736 καὶ
3163 681 3306 750 βιόλ.
3345 684 3449 754 κγ’,
3476 690 3575 743 τίτ.
3607 692 3663 762 β’,

2109 763 2251 817 διάτ.
2292 763 2383 835 μβ⁹
2416 782 2431 797 ο
2464 768 2831 838 πορνοϐοσκὸς
2859 770 2917 824 δέ
2939 773 3058 825 ἐστι
3079 772 3172 828 καὶ
3218 776 3249 828 ὁ
3304 778 3668 845 πορνευθεὴαν

2109 854 2210 926 τὴν
2237 855 2374 910 ἰδίαν
2410 861 2661 930 γαμετὴν
2712 862 2787 931 μὴ
2817 862 3132 927 ἀπολύσαςο
3175 867 3238 920 οὐ
3277 866 3383 939 μὴν
3428 871 3459 922 δ
3519 871 3666 941 μόνον

2112 947 2483 1018 ὑποπτεύσας,
2504 952 2580 1016 ὡς
2605 953 2819 1025 βιὸλμθ¹
2852 956 2945 1010 τοῦ
2976 957 3108 1013 κώδ.
3136 960 3239 1015 τίτ.
3274 959 3341 1028 θ’,
3365 962 3503 1017 διάτ.
3539 961 3604 1033 β’.

2182 1133 2437 1190 ΚΕΦΑΛ.
2462 1134 2596 1190 ΚΒ’.
2618 1166 2685 1179 --
2711 1138 2851 1206 Περὶ
2883 1140 3138 1209 θεωρίων
3164 1141 3265 1197 καὶ
3307 1145 3606 1212 παιγνίων.

2291 1226 2569 1282 Eva-(560v
2594 1229 3016 1298 Καρθαγέννης
3040 1233 3241 1288 κανὼν
3258 1233 3341 1298 ιε’,
3378 1234 3440 1301 ξ’,
3467 1235 3563 1301 ξω.

2180 1318 2320 1388 Περὶ
2379 1318 2684 1390 διαφόρων
2735 1321 2966 1386 τάξεων
3040 1324 3117 1393 τῇ
3199 1327 3523 1395 Ἐκκλησία
3550 1326 3674 1382 δου-

2109 1411 2449 1466 λευουσῶν.

2184 1501 2266 1559 ιε’.
2312 1503 2548 1573 Ὁμοίως
2569 1504 2790 1575 ἤρεσεν,
2820 1506 2906 1560 ἵνα
2936 1506 3296 1578 ὁστισδήποτε
3331 1508 3441 1561 τῶν
3469 1509 3671 1563 ὲπισκό·

2108 1612 2250 1661 πων,
2275 1612 2333 1650 κ.
2356 1613 2410 1649 τ.
2431 1597 2481 1650 λ.

2172 1687 2313 1758 Περὶ
2330 1689 2436 1743 τοῦ
2456 1689 2788 1758 ἀφελέσθαι
2808 1689 2881 1745 τὰ
2897 1689 3018 1745 τῶν
3028 1690 3337 1762 Ἐλλήνων
3360 1684 3676 1764 συμπόσιαξ

2033 1757 2080 1811 Β
2186 1778 2250 1847 ξ’.
2279 1757 2513 1835 Κάκεῖνο
2538 1781 2618 1835 ἔτι
2637 1782 2745 1853 μὴν
2763 1783 2845 1836 δεῖ
2865 1784 3106 1853 αἰτῆσαι,
3142 1757 3207 1837 κ..
3226 1803 3276 1837 τ.
3321 1786 3372 1838 λ.

2186 1873 2329 1940 Περὶ
2373 1872 2630 1940 θεωρίων
2661 1874 2731 1927 ἐν
2775 1873 2851 1942 τῇ
2875 1875 3141 1944 Κυριακῇ
3169 1876 3270 1930 καὶ
3307 1878 3383 1931 ἐν
3413 1876 3537 1943 ταῖς
3564 1880 3678 1932 λοι-

2114 1964 2255 2032 παῖς
2276 1965 2398 2019 τῶν
2424 1966 2610 2035 ἁγίων
2635 1967 2869 2036 ἑορταῖς
2916 1968 3209 2039 μηδαμῶς
3251 1971 3675 2026 ἐπιτελοῦνται.

2188 2056 2287 2122 ξαν.
2321 2058 2559 2112 Κάκείνο
2592 2059 2673 2112 ἔτι
2716 2060 2824 2129 μὴν
2855 2060 2937 2115 δεῖ
2974 2062 3219 2132 αἰτῆσαι,
3260 2062 3352 2116 ἴνα
3401 2063 3470 2116 τὰ
3497 2062 3678 2135 θεώρισ

2115 2151 2224 2205 τῶν
2252 2152 2555 2223 θεατρικῶν
2585 2153 2876 2221 παιγνίων,
2906 2173 2960 2208 κ.
2997 2171 3048 2209 τ.
3075 2155 3128 2209 λ.

2116 2241 2388 2297 Συνόδου
2429 2242 3060 2385 οὶκουμειίκῆςιιέιίττὲς
3090 2243 3295 2300 κανὼν
3330 2245 3434 2315 νβ’,
3475 2244 3569 2316 ξβ’,
3598 2245 3679 2312 Ee’,

2729 2331 2827 2378 οα,
2894 2321 2968 2378 ς’,
3053 2354 3069 2367 .

2729 2321 2827 2378 οα’,
2854 2321 2968 2378 ιις¹,
3000 2321 3069 2378 ρ’.

2185 2407 2287 2478 νβ’.
2332 2406 2420 2460 Ἐν
2436 2406 2641 2469 πάσαις
2660 2408 2780 2471 ταῖς
2803 2409 2901 2478 τῆς
2925 2406 3087 2476 ἁγίας
3108 2408 3568 2481 Τεσσαρακοστῆς
3586 2407 3684 2463 τῶν

2114 2498 2377 2570 νηστειῶν
2403 2500 2656 2570 ἡμέραις,
2689 2517 2745 2555 κ.
2766 2516 2818 2554 τ,
2852 2499 2904 2555 λ.

2186 2589 2285 2661 ξβ’.
2322 2590 2433 2653 Τὰς
2457 2587 2601 2643 οὕτω
2628 2590 2929 2661 λεγομένας
2963 2591 3257 2657 καλάνδας,
3312 2595 3413 2648 καὶ
3445 2593 3515 2648 τὰ
3539 2592 3684 2662 λεγό-

2118 2700 2257 2754 μενα
2283 2681 2438 2754 βότα,
2470 2684 2566 2737 καὶ
2589 2682 2659 2736 τὰ
2682 2683 2996 2755 καλούμενα
3021 2686 3359 2757 βρουμάλια,
3388 2688 3486 2742 καὶ
3512 2687 3608 2758 τὴν
3635 2688 3686 2738 ὲν

2114 2780 2180 2848 τῇ
2213 2776 2408 2850 πρώτῃ
2435 2777 2529 2830 τοῦ
2563 2777 2808 2848 Μαρτίου
2863 2778 3031 2850 μηνδς
3062 2780 3248 2852 ἡμέρᾳ
3271 2781 3688 2851 ἐπιτελουμένην

2117 2870 2448 2941 πανήγυριν,
2475 2869 2734 2935 καθάπαξ
2776 2872 2841 2923 ὲκ
2883 2871 2983 2940 τῆς
3010 2870 3118 2924 τῶν
3159 2872 3374 2928 πιστῶν
3427 2873 3690 2934 πολιτείας

2116 2960 2540 3032 περιαιρεθῆναι
2575 2961 2880 3032 βουλόμεθα
2906 2978 2920 2992 ο
2977 2962 3116 3016 ἀλλὰ
3171 2964 3278 3036 μὴν
3313 2968 3412 3019 καὶ
3445 2967 3542 3030 τὰς
3589 2965 3687 3018 τῶν

2118 3054 2359 3121 γυναίων
2390 3055 2658 3124 δημοσίας
2687 3056 2943 3127 ὀρχήσεις
2974 3055 3052 3119 ὠς
3099 3056 3397 3126 ἀσέμνους,
3435 3058 3532 3111 καὶ
3569 3056 3690 3110 πολ-

2118 3145 2216 3215 λὴν
2251 3145 2432 3216 λύμην
2457 3147 2553 3198 καὶ
2578 3145 2783 3216 βλάϐην
2814 3149 3068 3216 ἐμποιεῖν
3094 3147 3409 3218 δυναμένας
3436 3165 3451 3179 ’
3486 3148 3564 3202 ἔτι
3593 3149 3690 3219 μὴν

2123 3236 2332 3298 καὶτὰς
2359 3237 2586 3307 ὀνόματι
2609 3237 2714 3291 τῶν
2731 3241 2864 3311 παρ’
2893 3239 3117 3310 Ἕλλησι
3132 3240 3346 3310 ψευδῶς
3378 3240 3693 3312 ὀνομασθέν-

2121 3348 2230 3385 των
2268 3330 2405 3384 θεῶν
2429 3330 2462 3401 ἢ
2491 3330 2549 3397 ἐξ
2579 3330 2786 3402 ἀνδρῶν
2814 3332 2847 3403 ἢ
2884 3331 3161 3401 γυναικῶν
3207 3333 3505 3404 γινομένας
3533 3333 3690 3405 ὀρχή-

2123 3438 2237 3486 σεις
2273 3422 2368 3475 καὶ
2413 3421 2635 3485 τελετὰς
2662 3422 2805 3476 κατά
2824 3440 2876 3475 τι
2899 3422 3020 3487 ἔθος
3042 3424 3273 3478 παλαιὸν
3301 3427 3400 3480 καὶ
3427 3425 3695 3495 ἀλλότριον

2121 3513 2215 3566 τοῦ
2241 3514 2350 3568 τῶν
2380 3514 2725 3583 Χριστιανῶν
2756 3513 2895 3585 βίου,
2922 3515 3369 3586 ἁποπεμπόμεθα
3387 3532 3402 3547 ·
3433 3517 3694 3588 ὁρίζοντες

2128 3605 2332 3674 μηδένα
2358 3606 2676 3673 γυναικείαν
2708 3606 2902 3677 στολὴν
2931 3607 3360 3672 ὲνδιδύσκεσθαι,
3404 3610 3437 3680 ἥ
3472 3611 3697 3677 γυναῖκα

2124 3697 2223 3769 τὴν
2255 3697 2513 3766 ἀνδράσιν
2541 3698 2798 3768 ἁρμόδιον
2824 3715 2837 3728 °
2873 3699 3012 3753 ἀλλὰ
3062 3701 3201 3771 μήτε
3233 3705 3558 3772 προσωπεῖα
3602 3719 3699 3756 κω-

2126 3789 2328 3861 μικὰῆ
2366 3791 2637 3860 σατυρικὰ
2684 3791 2716 3861 ἢ
2756 3792 2995 3863 τραγικὰ
3042 3793 3374 3847 ὑποδύεσθαι
3401 3811 3416 3827 ·
3466 3795 3602 3865 μήτε
3642 3794 3698 3847 τὸ

2124 3881 2216 3935 τοῦ
2256 3881 2548 3950 βδελυκτοῦ
2579 3882 2835 3937 Διονύσου
2861 3883 3035 3955 ὄνομα
3068 3885 3167 3955 τὴν
3206 3886 3492 3957 σταφυλὴν
3522 3886 3696 3939 ἐκθλί-

2128 3971 2321 4035 6οντας
2367 3973 2426 4025 ἐν
2473 3974 2594 4035 ταῖς
2622 3971 2803 4041 ληνοῖς
2835 3974 3061 4045 ἐπιϐοᾷν
3087 3989 3103 4006 ο
3157 3974 3292 4045 μηδὲ
3339 3971 3487 4029 οἶνον
3510 3977 3568 4028 ὲν
3595 3977 3700 4038 τοῖς

2124 4064 2304 4128 πίθοις
2336 4065 2646 4135 ἐκχέοντας,
2684 4065 2897 4134 γέλωτα
2929 4067 3213 4133 ἑπικινεῖν,
3255 4069 3487 4138 ἀγνοίας
3522 4068 3698 4140 τρόπῳ

2123 4158 2157 4229 ἢ
2190 4159 2553 4228 ματαιότητος
2571 4157 2640 4211 τὰ
2660 4157 2757 4229 τῆς
2777 4158 3164 4229 δαιμονιώδους
3182 4159 3395 4231 πλάνης
3421 4160 3698 4233 ἐνεργοῦν-

2123 4267 2224 4313 τας
2249 4267 2262 4280 ·
2316 4250 2443 4312 τοὺς
2474 4249 2566 4303 οὖν
2594 4250 2701 4304 ἀπὸ
2729 4250 2823 4304 τοῦ
2877 4250 2972 4304 νῦν
3030 4269 3086 4305 τι
3112 4252 3223 4307 τῶν
3281 4254 3698 4325 προειρημένων

2124 4342 2395 4396 ἐπιτελεῖν
2417 4342 2851 4414 ἐπιχειροῦντας,
2886 4345 2945 4398 ὲν
2972 4343 3172 4412 γνώσει
3200 4345 3408 4400 τούτων
3450 4347 3700 4400 καθισταο

2045 4464 2092 4521 D
2126 4435 2346 4504 μένους,
2378 4434 2625 4502 τούτους,
2649 4437 2698 4489 εί
2731 4435 2831 4505 μὲν
2871 4436 3125 4507 κληρικοὶ
3153 4434 3290 4501 εἷεν,
3324 4437 3697 4509 καθαιρεῖσθαι

2124 4529 2540 4599 προστάσσομεν
2567 4544 2581 4559 ·
2614 4528 2664 4581 εί
2694 4527 2751 4580 δὲ
2791 4528 2994 4596 λαῖκοὶ,
3031 4530 3415 4601 ἀφορίζεσθαι.

2192 4620 2283 4684 ξε’.
2322 4620 2432 4683 Τὰς
2464 4622 2522 4675 ὲν
2554 4622 2672 4685 ταῖς
2701 4621 3018 4692 νεομηνίαις
3045 4639 3101 4678 κ.
3134 4640 3185 4678 τ.
3221 4623 3272 4678 λ.

2189 4710 2290 4765 οα’.
2324 4714 2463 4777 Τοὺς
2491 4712 2911 4783 διδασκομένους
2960 4716 3088 4779 τοὺς
3116 4715 3433 4781 πολιτικοὺς
3482 4717 3696 4788 νόμους,

432 4808 564 4863 1ἱιιηι
597 4809 843 4864 moribus
882 4808 959 4862 uti
991 4823 1098 4863 non
1133 4816 1407 4877 oportere,
1445 4823 1620 4878 neque
1647 4809 1700 4864 in
1734 4796 2006 4866 theatrum

2133 4805 2198 4876 ui;
2224 4805 2334 4858 δεῖν
2371 4806 2471 4877 τῆς
2508 4804 2839 4875 Ἑλληνικοῖς
2882 4805 3030 4859 ἔθεσι
3059 4807 3385 4879 κεχρῆσθαι,
3422 4809 3563 4879 μήτε
3595 4808 3697 4876 μὴν

432 4901 641 4965 induci,
670 4917 845 4972 neque
875 4917 971 4956 eas
1006 4917 1128 4970 quae
1150 4901 1410 4957 dicuntur
1439 4902 1695 4972 cylistras
1723 4917 2006 4972 peragere,

2133 4896 2215 4949 imi
2246 4896 2493 4966 θεάτρων
2522 4896 2841 4964 ἀνάγεσθαι,
2876 4897 2909 4967 ἢ
2937 4897 3038 4962 τὰς
3082 4899 3381 4970 λεγομένας
3410 4900 3697 4970 κυλίστρας

433 4994 519 5049 vel
558 5002 756 5064 praeter
786 5007 943 5047 usum
989 5007 1338 5047 communem
1391 4991 1495 5046 sibi
1532 5002 1709 5047 vestes
1755 4993 2005 5057 induere,

2133 4986 2410 5054 inusitatu,
2444 4988 2477 5059 ἢ
2509 4989 2661 5058 παρὰ
2678 4987 2777 5059 τὴν
2808 4991 3005 5060 χρῆσιν
3035 4989 3227 5054 στολὰς
3259 4992 3477 5055 ἑαυτοῖς
3497 5008 3698 5061 περιτι-

431 5098 535 5139 nec
567 5099 677 5154 quo
720 5091 961 5152 tempore
985 5081 1328 5151 disciplinam
1383 5080 1798 5152 aggrediuntur,
1830 5082 1912 5136 vel
1949 5083 2006 5137 ad

2133 5082 2295 5149 ἱέναι,
2334 5082 2475 5153 μήτε
2521 5080 2643 5135 καθ’
2672 5080 2732 5133 ὃν
2761 5082 2951 5152 καιρὸν
2992 5082 3103 5137 τῶν
3137 5084 3483 5154 μαθημάτων
3539 5084 3696 5154 ἐνάρ-

431 5179 594 5235 ﬁnem
639 5176 760 5249 ejus
801 5176 1145 5246 perveniunt,
1192 5175 1298 5237 vel.
1336 5184 1394 5228 ut
1441 5174 1495 5229 in
1546 5189 1761 5229 summa
1812 5176 2006 5241 dicam,

2133 5190 2329 5244 κονται,
2358 5171 2391 5243 ἢ
2424 5172 2558 5242 πρὸς
2605 5171 2665 5225 τὸ
2689 5171 2842 5235 τέλος
2872 5171 3052 5225 αὐτῶν
3088 5174 3454 5236 καταντῶσιν,
3507 5175 3539 5245 ῆ
3571 5173 3697 5226 καθ-

432 5273 487 5327 in
535 5271 656 5341 ejus
701 5269 963 5324 doctrinae
998 5267 1248 5322 dimidio.
1278 5266 1335 5319 Si
1367 5266 1492 5336 quis
1546 5277 1726 5324 autem
1755 5266 2006 5337 deinceps

2133 5265 2241 5320 Slou
2267 5264 2432 5333 φάναι
2456 5262 2546 5316 διὰ
2570 5263 2736 5333 μέσου
2770 5263 2872 5334 τῆς
2901 5263 3159 5335 τοιαύτης
3184 5264 3541 5327 παιδεύσεων
3573 5265 3621 5316 εί
3641 5261 3694 5315 δέ

435 5363 542 5416 hoc
577 5360 751 5415 facere
778 5376 948 5415 ausus
988 5358 1176 5425 fuerit,
1216 5367 1556 5428 segregetur.

2133 5373 2205 5419 τις
2233 5353 2341 5408 ἀπὸ
2369 5353 2463 5407 τοῦ
2487 5353 2582 5407 νῦν
2606 5353 2762 5407 τοῦτο
2791 5353 2994 5425 πρᾶξαι
3019 5355 3303 5427 τολμήσοι,
3328 5355 3689 5435 ἀφοριξέσθω.

507 5452 596 5507 96.
637 5451 742 5518 Qui
796 5451 1074 5506 Christum
1137 5467 1232 5521 per
1290 5450 1619 5519 baptismum
1675 5450 2006 5518 induerunt1

2193 5456 2306 5519 ις’.
2335 5451 2400 5504 Οἱ
2444 5448 2535 5502 τὸν
2579 5448 2816 5519 Χριστὸν
2856 5448 2945 5503 διὰ
2981 5451 3074 5503 τοῦ
3128 5448 3508 5519 βαπτίσματος
3550 5448 3692 5501 ἐνδυ-

437 5546 559 5616 ejus
594 5547 646 5600 in
692 5562 858 5602 carne
884 5547 1008 5601 vive
1051 5545 1275 5616 agendae
1318 5545 1584 5599 rationem
1638 5542 1840 5597 imitari
1889 5559 2006 5614 pro-

2133 5545 2369 5615 σάμενοι,
2403 5542 2501 5613 τὴν
2554 5542 2611 5594 ὲν
2654 5541 2816 5613 σαρκὶ
2859 5540 3023 5594 αὑτοῦ
3074 5541 3350 5595 πολιτείαν
3414 5539 3690 5612 μιμεῖσθαι

440 5636 571 5695 fessi
601 5649 749 5695 sunt.
784 5640 892 5696 Eos
923 5656 1072 5710 ergo,
1106 5639 1197 5708 qui
1229 5640 1458 5708 capillos
1495 5639 1562 5693 ad
1596 5640 1891 5694 videntium
1929 5640 2006 5695 tle-

2133 5636 2586 5708 καθωμολόγησαν
2618 5650 2633 5665 ο
2664 5636 2792 5698 τοὺς
2818 5633 2910 5687 οὖν
2944 5634 3043 5698 τὰς
3079 5634 3137 5687 ὲν
3159 5636 3225 5704 τῇ
3253 5633 3461 5703 κεφαλῇ
3505 5631 3687 5730 τρίχας

444 5735 759 5792 trimcntum
785 5779 800 5805 ,
840 5738 975 5793 scite
1010 5737 1327 5807 excogitatis
1360 5736 1620 5799 nexibus,
1668 5740 1930 5791 adornant
1971 5750 2006 5789 ρ]

2133 5733 2259 5804 πρὸς
2291 5732 2470 5801 λύμην
2529 5729 2635 5783 τῶν
2666 5726 2918 5800 ὁρώντων
2970 5727 3029 5780 ὲν
3086 5726 3348 5788 ἐπινοίαις
3411 5722 3685 5794 ἐμπλοκῆς
