3904 6220
298 281 392 344 937

942 279 1342 342 SYNTAGMA
1377 278 1766 340 (JANONUM.
1795 304 1865 314 -
1893 280 2039 342 ΤΙΤ.
2078 283 2246 358 XIII,
2284 237 2668 362 CAR-XXII,
2697 288 2924 348 XXIII.

3452 294 3553 358 958

300 387 658 453 εὖοετίζοντας
691 388 786 443 καὶ
807 387 1286 454 διασκευάζοντας,
1333 391 1427 443 καὶ
1457 389 1652 459 δέλεαρ
1680 405 1855 460 προσ-

1984 403 2319 460 :omponunt,
2347 404 2400 448 et
2429 395 2660 452 infirmis
2690 399 2888 453 animis
2911 414 3090 452 escam
3127 415 3190 455 ea
3222 401 3434 459 ratione
3457 410 3552 461 oh-

294 482 526 544 τιθέντας
581 479 836 532 ἐντεῦθεν
887 483 1005 542 ταῖς
1070 481 1424 550 ἀστηρίκτοις
1461 477 1681 549 ψυχαῖς,
1736 481 1859 532 ἐπι-

291 575 445 642 τιμίῳ
481 572 780 643 προσφόρῳ
831 570 1117 640 πατρικῶς
1147 569 1543 641 θεραπεύομεν,
1581 569 1863 637 παιδαγω-

291 664 503 734 γξῦντες
539 664 760 727 αὐτοὺς,
792 665 886 714 καὶ
921 663 1216 731 σωφρόνως
1245 661 1394 732 βιοῦν
1433 660 1860 726 ἐκδιδάσκοντες,

293 758 417 826 πρὸς
437 757 497 808 τὸ
535 756 775 826 ἀφέντας
803 756 902 827 τὴν
932 757 996 808 ὲκ
1048 755 1149 824 τῆς
1180 755 1312 826 ’ύλης
1364 753 1584 824 ἀπάτην
1631 755 1725 807 καὶ
1763 772 1865 823 μα-

288 843 564 919 ταιότητα,
615 849 752 921 πρὸς
776 850 874 919 τὴν
907 847 1214 918 ἀνώλεθρον
1253 847 1347 901 καί⁸
1407 845 1685 920 μακαρίαν
1717 845 1864 916 ζωὴν

290 943 374 995 τὶν
423 940 549 994 νοῦν
585 940 841 1011 μετάγειν
873 941 1163 1009 διηνεκῶς,
1224 943 1319 993 καὶ
1367 941 1426 994 ἐν
1491 941 1640 1010 φόϐῳ
1691 939 1863 1009 ἁγνὴν

289 1034 422 1104 ἔχειν
445 1032 819 1102 ἀναστροφὴν,
853 1033 944 1085 καὶ
971 1033 1090 1102 Θεῷ
1117 1032 1436 1102 πλησιάζειν
1458 1032 1602 1086 κατὰ
1620 1027 1860 1101 ἐφικτὸν,

289 1127 370 1180 διὰ
395 1125 493 1195 τῆς
523 1127 580 1178 ὲν
613 1123 713 1195 βίῳ
742 1124 1068 1191 καθάρσεως
1093 1141 1108 1154 ·
1139 1125 1232 1176 καὶ
1264 1125 1354 1177 τὸν
1401 1124 1549 1178 ἔνδον
1576 1124 1608 1195 ἢ
1645 1124 1735 1176 τὸν
1759 1123 1863 1187 ἔξω

289 1216 569 1287 ἄνθρωπον
605 1215 806 1285 μᾶλλον
832 1217 1059 1284 κοσμεῖ-ν
1085 1217 1331 1284 ἀρεταῖς,
1359 1213 1457 1268 καὶ
1481 1216 1737 1286 χρηστοῖς
1771 1213 1867 1266 καὶ

287 1308 538 1378 ἁμώμοις
559 1310 670 1371 τοῖς
691 1306 880 1378 ἦθεσιν
905 1324 920 1338 ·
953 1305 1094 1360 ὥστε
1130 1307 1298 1377 μηδὲν
1322 1305 1574 1375 λείψανον
1597 1306 1781 1376 φέρειν
1808 1307 1866 1358 ὲν

289 1401 498 1464 ἑαυτοῖς
523 1401 624 1470 τῆς
654 1401 748 1453 τοῦ
777 1400 1020 1453 ἐναντίου
1051 1399 1370 1469 σκαιότητος
1389 1417 1402 1431 ο
1428 1403 1476 1453 εί
1502 1400 1558 1453 δέ
1588 1416 1672 1462 τις
1714 1397 1868 1469 παρά

284 1491 368 1543 τὸν
389 1490 638 1560 παρόντα
669 1491 874 1544 κανόνα
907 1491 1220 1556 διαγίνοιτο,
1256 1490 1621 1560 ἀφοριζέσθω.

351 1587 412 1650 ρ’.
444 1583 513 1633 Οἱ
542 1581 838 1649 ὀφθαλμοί
855 1594 973 1634 σου
994 1581 1137 1648 ὀρθὰ
1150 1581 1674 1646 βλεπέτιυσαν,καὶ
1696 1580 1866 1649 πάσῃ

282 1670 528 1740 φυλακῇ
549 1671 712 1739 τήρει
737 1672 862 1740 σὴν
887 1673 1159 1740 καρδίαν,
1191 1676 1224 1743 ἡ
1260 1675 1422 1742 σοφία
1452 1673 1825 1726 διακελεύεται
1847 1688 1864 1704 ⁸

1961 481 2195 548 jiciunt,
2249 487 2597 540 convenienti
2667 490 2935 558 supplicio
2983 499 3205 560 paterne
3254 508 3548 561 curamus;

1967 573 2114 642 ipsos
2149 574 2499 632 instituentes
2543 587 2598 633 et
2641 587 3008 649 temperanter
3049 583 3230 637 vivere
3267 585 3548 653 docentes,

1967 675 2026 720 ut
2060 667 2242 721 relicta
2266 666 2455 724 fraude
2484 679 2539 728 et
2561 671 2816 735 vanitate,
2847 689 2966 742 qua:
2993 691 3056 729 ex
3090 678 3318 731 materia
3353 679 3550 744 oritur,

1967 760 2034 813 ad
2067 761 2235 815 exitio
2261 771 2538 817 carentem
2571 764 2896 836 beatamque
2929 767 3116 831 vitam,
3143 780 3378 823 mentem
3407 770 3551 825 assi-

1966 852 2073 906 due
2106 855 2429 921 traducant;
2466 865 2519 912 et
2547 857 2601 911 in
2635 859 2834 914 timore
2856 875 3046 930 puram
3072 869 3126 915 et
3157 872 3402 916 sanctam
3429 877 3554 916 con-

1970 944 2334 999 versationem
2375 947 2629 1010 habeant,
2669 958 2724 1002 et
2767 947 2895 1013 Deo,
2934 949 3115 1018 quoad
3146 950 3264 1021 ejus
3307 950 3422 1005 lieri
3457 966 3554 1019 po-

1974 1043 2094 1099 test,
2133 1039 2565 1108 appropinquent
2591 1056 2685 1110 per
2708 1042 2833 1095 vita:
2855 1043 3142 1109 puritatem
3164 1061 3178 1108 ;
3199 1053 3252 1098 et
3277 1045 3550 1098 internum

1971 1129 2148 1199 magis
2174 1145 2338 1198 quam
2370 1141 2658 1186 externum
2693 1134 2966 1188 hominem
3002 1135 3295 1190 virtutibus
3321 1147 3373 1190 et
3395 1135 3552 1191 bonis

1969 1217 2372 1290 inculpatisque
2415 1222 2662 1277 moribus
2709 1232 3009 1286 exornent;
3067 1231 3126 1277 ut
3169 1224 3347 1278 nullas
3401 1223 3454 1276 in
3493 1237 3553 1278 se

1970 1305 2151 1361 ferant
2174 1309 2434 1378 reliquias
2464 1310 2747 1364 diabolicae
2781 1311 3170 1380 perversitatis.
3218 1311 3274 1364 Si
3306 1311 3430 1380 quis
3461 1326 3553 1364 au-

1971 1407 2078 1454 tem
2125 1409 2320 1468 prater
2354 1402 2499 1474 hunc
2527 1417 2797 1460 canonem
2830 1410 3080 1458 versatus
3125 1401 3312 1469 fuerit,
3341 1417 3554 1456 excom-

1971 1491 2298 1544 municetur.

2044 1579 2168 1635 100.
2204 1582 2365 1637 Oculi
2416 1586 2494 1638 tui
2538 1595 2678 1639 recto
2739 1587 3023 1654 aspiciant,
3051 1595 3100 1640 et
3135 1587 3277 1640 omni
3310 1587 3553 1639 custodia

1971 1669 2150 1721 serua‘
2175 1685 2266 1722 cor
2311 1679 2479 1734 tuum,
2504 1673 2657 1741 jubet
2703 1673 2977 1742 Sapientia
3005 1674 3072 1730 ‘9.
3115 1674 3374 1744 Corporis
3403 1660 3550 1727 enim

284 1761 477 1834 ῥᾳδίως
514 1764 622 1834 γὰρ
661 1765 729 1816 τά
758 1763 971 1818 ἑαυτῶν
1021 1765 1115 1817 ἐπὶ
1176 1767 1277 1835 τὴν
1313 1765 1512 1835 ψυχὴν,
1543 1768 1597 1817 αἱ
1629 1765 1722 1818 τοῦ
1751 1766 1858 1817 σώ-

1984 1778 2160 1817 ;ensus
2177 1778 2274 1818 sua
2307 1764 2463 1818 facile
2483 1765 2535 1817 in
2557 1765 2792 1818 animam
2812 1766 3116 1820 effundunt.
3137 1766 3386 1820 Picturas
3422 1780 3552 1833 ergo

284 1869 446 1922 ματος
485 1855 771 1925 αἰσθήσεις
820 1854 1191 1925 εἰσκρίνουσιο
1227 1857 1327 1928 τὰς
1381 1851 1475 1908 οὖν
1530 1855 1630 1922 τὴν
1670 1855 1861 1925 ὅρασιν

281 1946 794 2014 καταγοητευούσας
822 1948 1061 2018 γραφὰς,
1093 1947 1203 2000 εῐτε
1235 1949 1292 2001 ἐν
1313 1947 1531 2013 πίναξιν
1557 1949 1665 2000 είτε
1687 1946 1862 2009 ἄλλως

279 2051 393 2099 πως
439 2037 895 2107 ἀνατεθειμένας,
939 2041 1034 2092 καὶ
1099 2040 1192 2092 τὸν
1247 2039 1374 2092 νοῦν
1417 2038 1858 2108 διαφθειρούσας,

282 2130 369 2179 καὶ
396 2129 660 2190 κινούσας
688 2133 828 2199 πρὸς
854 2131 922 2183 τὰ
952 2131 1058 2184 τῶν
1083 2133 1328 2202 αἰσχρῶν
1356 2131 1561 2202 ἡδονῶν
1583 2130 1862 2183 ὑπεκκαύ-

282 2234 442 2286 ματα,
507 2220 759 2289 οὐδαμῶς
808 2221 916 2273 ἀπὸ
977 2221 1072 2274 τοῦ
1126 2221 1222 2274 νῦν
1268 2225 1324 2274 ἐν
1375 2221 1673 2290 οίῳδήποτε
1711 2221 1862 2290 τόπῳ

279 2307 696 2377 προστάσσομεν
719 2309 1154 2379 έγχαράττεσθαι
1185 2326 1198 2341 ’
1231 2313 1280 2362 εἰ
1305 2310 1361 2363 δέ
1387 2328 1468 2373 τις
1495 2312 1652 2363 τοῦτο
1681 2310 1861 2380 πράσ-

280 2415 390 2452 σειν
414 2401 787 2469 ἐπιχειρήσω,
819 2400 1183 2470 ἁφοριζέσθω.

349 2490 575 2552 Πῶς-τὰ
607 2489 810 2560 θεώρια
832 2491 1135 2555 τελοῦνται,
1171 2493 1265 2545 καὶ
1307 2493 1423 2555 πῶς
1465 2491 1672 2560 γίνεται
1702 2492 1734 2561 ἡ
1767 2491 1862 2543 δα-

279 2582 417 2655 πάνη
452 2584 660 2647 αὐτῶν,
693 2586 787 2636 καὶ
815 2587 898 2636 ὅτι
945 2582 1166 2636 δύναται
1211 2585 1240 2635 6
1264 2584 1446 2653 ἄρχων
1498 2585 1568 2636 τὰ
1622 2581 1862 2652 θεωρικά

278 2677 414 2746 προς
441 2675 645 2745 καιρὸν
677 2675 960 2744 ἀφορίζειν
1005 2677 1085 2737 είς
1135 2677 1436 2727 ἀνανέωσιν
1459 2673 1674 2743 τειχῶν,
1705 2673 1862 2742 εἴρη-

277 2783 364 2819 ται
392 2765 540 2836 βιῦλ.
583 2765 652 2817 ια’
683 2764 778 2817 sui)
823 2765 976 2830 κώδ.,
1008 2763 1110 2816 τίτ.
1141 2769 1250 2834 μα’,
1285 2765 1394 2834 μβ’,
1433 2762 1537 2834 μδ⁸,
1586 2770 1715 2835 pg"
1751 2765 1780 2816 6
1803 2763 1862 2817 δὲ

279 2858 360 2929 με’
395 2861 509 2914 τίτ.
551 2861 766 2929 ἀναιρεῖ
789 2859 888 2928 τὴν
913 2857 1051 2910 θέαν
1075 2855 1184 2909 τῶν
1213 2858 1556 2927 μονομάχων.

347 2951 606 3003 ΚΕΦΑΛ.
658 2951 784 3001 Kl".
817 2978 888 2987 —
918 2947 1054 3016 Περὶ
1098 2943 1374 3000 κλεπτῶν
1422 2944 1521 2997 καὶ
1558 2947 1862 3016 τυμϐωρύ-

276 3056 399 3108 χων
433 3039 537 3092 καὶ
564 3036 833 3105 λῃστῶν.

651 3129 978 3181 Βασιλείου
1021 3126 1222 3180 κανὼν
1257 3126 1354 3191 ξα’,
1387 3124 1493 3190 «ᾖς’.

346 3222 446 3286 Ea’.
494 3221 557 3274 '0
610 3220 813 3290 κλέψας
846 3222 895 3272 εἰ
946 3222 1044 3289 μὲν
1095 3221 1190 3288 ἀφ’
1233 3220 1426 3273 ἑαυτοῦ
1467 3219 1866 3289 μεταμεληθεὶς

277 3310 638 3384 κατηγορήσῃ
666 3311 882 3374 ἑαυτοῦ,
905 3312 1152 3364 ἐνιαυτὸν
1172 3311 1546 3380 κωλυθήσεται
1574 3310 1734 3378 μόνον
1760 3311 1859 3380 τῆς

278 3411 574 3471 κοινωνίας
608 3409 718 3460 τῶν
756 3406 1143 3477 ἀγιασμάτων·
1176 3409 1224 3458 εί
1251 3406 1308 3458 δὲ
1341 3406 1645 3475 ἐλεγχθείη,
1682 3408 1738 3457 ὲν
1768 3405 1860 3458 δυ-

278 3501 362 3552 σὶν
388 3501 541 3553 ἔτεσι
571 3517 584 3528 ·
612 3498 1002 3569 μερισθήσεται
1043 3499 1102 3552 δὲ
1135 3499 1285 3569 αὐτῷ
1324 3499 1352 3550 ό
1397 3500 1587 3569 χρόνος
1613 3502 1694 3562 είς
1729 3499 1862 3552 ὑπό-

273 3607 489 3645 πτωσιν
524 3591 623 3645 καὶ
663 3591 922 3644 σύστασιν
949 3607 964 3621 ⁶
1016 3593 1110 3644 καὶ
1153 3594 1275 3644 τότε
1321 3591 1592 3658 ἀξιούσθω
1619 3593 1714 3661 τῆς
1751 3609 1864 3644 κοι-

275 3685 493 3747 νωνίας.

345 3776 455 3842 Ec’.
505 3777 570 3831 '0
617 3774 998 3847 τυμϐωρύχος,
1028 3776 1086 3827 ὲν
1117 3774 1249 3828 δέκα
1295 3773 1470 3828 ἔτεσιν
1502 3775 1864 3847 ἀκοινώνητος

276 3869 456 3934 ἔσται,
492 3871 557 3922 ὲν
581 3869 702 3922 δυσὶ
734 3867 1102 3940 προσκλαίων,
1155 3869 1211 3919 ὲν
1265 3868 1444 3938 τρισὶν
1484 3866 1856 3937 ἀκροώμενος,

277 3964 334 4016 ὲν
363 3964 671 4032 τέσσαρσιν
697 3962 1044 4026 ὑποπίπτων,
1073 3960 1156 4012 ἐνὶ
1185 3959 1241 4012 δὲ
1265 3959 1540 4022 συνεστὼς
1569 3975 1583 3989 ·
1618 3959 1714 4013 καὶ
1743 3963 1864 4012 τότε

275 4053 444 4126 δεχθη
454 4056 711 4122 σόμενος.

505 4141 844 4210 Γρηγορίου
883 4141 1138 4208 Νύσσης
1179 4157 1314 4210 κερ.
1349 4145 1423 4205 ς’,
1466 4139 1532 4206 ζ’,
1561 4138 1632 4211 η’.

345 4241 423 4298 ς’.
463 4233 544 4287 Τὸ
579 4234 635 4286 δὲ
678 4234 864 4304 ἕτερον
917 4229 1054 4294 εἶδος
1090 4235 1190 4302 τῆς
1243 4234 1656 4306 εἰδωλολατρίας
1702 4234 1865 4301 (οὕτω

273 4326 382 4397 γὰρ
420 4327 686 4397 ὀνομάζει
716 4326 814 4398 τὴν
857 4327 1172 4391 πλεονεξίαν
1228 4328 1257 4379 6
1315 4327 1457 4390 θεῖος
1495 4328 1860 4398 Ἀπόστολος),

1971 1868 2093 1922 quae
2125 1855 2315 1908 oculos
2333 1857 2724 1925 prtestringunt
2747 1858 2862 1912 sive
2891 1859 2943 1910 in
2963 1858 3180 1919 tabulis,
3215 1859 3328 1911 sive
3359 1855 3553 1925 quovis

1972 1944 2081 1998 alio
2109 1946 2270 2000 modo
2319 1948 2473 2011 fiant,
2501 1956 2555 2002 et
2608 1957 2843 2002 mentem
2893 1958 3302 2017 corrumpunt,
3371 1958 3424 2000 ct
3485 1947 3551 1999 ad

1973 2038 2217 2105 turpium
2281 2040 2622 2108 voluptatum
2719 2051 2938 2095 movent
3014 2040 3306 2100 incendia,
3407 2039 3555 2092 nullo

1971 2127 2136 2181 modo
2164 2127 2418 2197 deinceps
2438 2129 2601 2200 463
2630 2131 2861 2198 exprimi
2881 2131 3160 2199 jubemus.
3203 2129 3258 2182 Si
3291 2129 3416 2197 quis
3457 2144 3555 2180 au-

1969 2223 2078 2272 tem
2137 2217 2242 2273 hoc
2273 2217 2452 2272 facere
2475 2235 2768 2289 aggressus
2803 2221 2986 2285 fuerit,
3054 2221 3376 2288 deponatur.

2049 2489 2556 2556 Texlus.Quomod0
2576 2492 2882 2559 spectacula
2903 2497 3251 2559 peraguntur,
3277 2489 3554 2556 quomodo

1974 2583 2028 2637 in
2068 2585 2155 2636 illa
2187 2593 2435 2652 sumptus
2466 2583 2576 2646 fiat,
2606 2593 2658 2637 et
2683 2583 2829 2652 quod
2865 2581 3302 2649 spectaculorum
3345 2579 3556 2644 impen-

1974 2689 2065 2729 sas
2120 2691 2319 2744 praases
2366 2677 2430 2728 ad
2487 2691 2772 2730 murorum
2823 2673 3174 2728 refectionem
3226 2674 3290 2724 ad
3340 2679 3554 2739 tempus

1973 2769 2218 2825 derivare
2247 2771 2438 2838 possit,
2467 2769 2667 2821 dicitur
2700 2768 2791 2820 lib.
2821 2766 2944 2820 cod.
2986 2765 3042 2818 Η
3077 2803 3092 2828 ,
3124 2765 3209 2817 tit.
3251 2764 3339 2827 41,
3369 2762 3457 2825 42,
3485 2759 3555 2813 45

1973 2873 2028 2918 et
2053 2861 2141 2918 66.
2185 2863 2293 2926 Tit,
2322 2864 2411 2926 45,
2437 2863 2577 2916 tollit
2606 2862 2915 2931 spectacula
2958 2861 3340 2930 gladiatorum.

2049 2952 2200 3008 CAP.
2230 2951 2417 3005 XXIII.
2442 2982 2510 2991 —
2535 2951 2608 3006 De
2644 2954 2872 3020 [ut-ibus,
2900 2951 3259 3020 sepulcrorum
3291 2946 3556 3016 expilato-

1973 3047 2140 3112 ribus,
2173 3057 2222 3101 et
2247 3044 2560 3099 latronibus.

2416 3135 2606 3188 Basilii
2634 3149 2858 3187 canones
2892 3132 2981 3194 61,
3018 3131 3106 3185 66.

2049 3230 2137 3283 61.
2198 3215 2306 3294 Qui
2359 3229 2570 3281 furatus
2632 3235 2735 3289 est,
2801 3225 3069 3294 siquidem
3130 3230 3322 3292 sponte
3381 3219 3558 3303 paeni-

1977 3322 2146 3375 tentia
2195 3329 2379 3382 notus,
2443 3321 2681 3388 seipsum
2733 3315 3039 3381 accusarit;
3110 3327 3314 3366 annum
3359 3325 3389 3364 a
3443 3309 3556 3364 sola

1979 3416 2450 3467 sacramentorum
2479 3408 2871 3462 communione
2919 3405 3230 3460 arcebitur:
3260 3401 3341 3456 sin
3375 3410 3555 3453 autem

1977 3503 2261 3557 convictus
2308 3501 2491 3566 fuerit,
2532 3515 2705 3554 annos
2761 3500 2922 3554 duos.
2968 3498 3247 3550 Dividetur
3293 3501 3472 3547 autem
3506 3490 3557 3544 ci

1977 3608 2194 3667 tempus
2217 3598 2269 3648 in
2309 3595 2736 3650 substrationem
2779 3603 2833 3648 et
2867 3591 3314 3648 consistentiaut:
3349 3597 3403 3642 et
3428 3596 3558 3641 tunc

1978 3688 2366 3743 communione
2404 3687 2601 3755 dignus
2638 3686 2922 3738 habeatur.

2047 3781 2140 3834 65.
2171 3778 2274 3844 Qui
2326 3794 2480 3833 suam
2543 3778 2597 3831 in
2647 3778 2932 3831 brtttorum
2985 3775 3279 3830 concubitu
3349 3770 3548 3840 impie-

1975 3883 2137 3929 tatem
2171 3871 2481 3939 eonlitetur,
2521 3871 2663 3925 idem
2713 3880 2927 3940 tempus
2976 3869 3030 3922 in
3076 3867 3390 3937 poenitentia
3445 3878 3555 3920 ser-

1975 3969 2146 4024 vabit.

2264 4149 2506 4220 Gregorii
2539 4145 2766 4216 Nysseni
2801 4159 3023 4197 canones
3055 4142 3118 4208 6,
3149 4145 3200 4205 7,
3237 4143 3290 4196 8.

2051 4241 2102 4296 6.
2125 4240 2302 4294 Altera
2343 4247 2522 4292 autem
2571 4235 2886 4288 idololatria:
2921 4235 3126 4302 species
3162 4234 3263 4304 (sic
3293 4232 3437 4286 enim
3472 4233 3556 4288 di—

1976 4333 2139 4387 vinus
2176 4329 2467 4399 Apostolus
2505 4325 2786 4378 avaritiam
2807 4326 3144 4393 appellat“),
3169 4323 3356 4378 nescio
3421 4340 3559 4392 quo-

274 4419 374 4471 ούκ
398 4415 526 4472 οἴδα
561 4419 709 4482 ὅπως
745 4418 1122 4491 ἀθεράπευτον
1153 4419 1258 4472 ὑπὸ
1287 4419 1396 4472 τῶν
1425 4421 1687 4490 Πατέρων
1708 4420 1865 4490 ἡμῶν

1984 4424 2144 4478 modo
2173 4424 2380 4490 absque
2411 4421 2518 4473 ulla
2550 4433 2723 4487 penu!
2753 4418 2959 4470 medela
2990 4431 3018 4468 a
3048 4414 3296 4469 Patr-ibus
3330 4426 3556 4484 praeter-

274 4508 606 4580 περιώφθηο
644 4511 824 4564 καίτοι
855 4528 918 4579 γε
962 4511 1113 4564 δοκεῖ
1152 4512 1212 4563 τὸ
1259 4511 1500 4565 τοιοῦτον
1538 4513 1728 4573 κακὸν,
1771 4511 1869 4580 τῆς

273 4603 512 4673 τριττῆς
541 4605 601 4655 ὲν
628 4607 694 4674 τῇ
738 4604 882 4674 ψυχῇ
912 4605 1302 4668 καταστάσεως
1349 4604 1522 4666 πάθος
1551 4600 1691 4658 εἶναι
1722 4621 1736 4634 ο
1771 4603 1868 4655 καὶ

275 4695 385 4765 γὰρ
406 4697 436 4749 6
477 4694 746 4765 λογισμὸς
780 4696 875 4764 τῆς
909 4695 1003 4748 τοῦ
1040 4696 1208 4748 καλοῦ
1239 4696 1472 4765 κρίσεως
1513 4696 1865 4766 ἁμαρτάνων,

274 4787 333 4841 ὲν
362 4791 434 4858 τῇ
471 4787 576 4858 ὕλῃ
607 4787 668 4839 τὸ
702 4787 866 4840 καλὸν
895 4783 1033 4841 εἶναι
1062 4789 1416 4858 φαντάζεται,
1451 4789 1510 4840 οὐ
1544 4788 1680 4858 πρὸς
1703 4788 1866 4842 ἇῦλον

277 4881 613 4935 ἀναϐλέπων
645 4881 840 4944 κάλλος
868 4897 883 4913 ο
933 4884 1027 4935 καὶ
1058 4884 1090 4952 ἡ
1126 4883 1393 4952 ἐπιθυμία
1422 4881 1555 4953 πρὸς
1603 4884 1672 4936 τά
1723 4882 1872 4935 κάτω

280 4975 385 5044 ῥεῖ,
428 4971 534 5026 τοῦ
567 4972 798 5042 ἀληθοῦς
825 4973 1053 5042 όρεκτοῦ
1101 4973 1449 5044 ἀπορρέουσα
1477 4989 1489 5002 ·
1527 4973 1621 5025 καὶ
1655 4974 1687 5043 ἡ
1724 4973 1873 5041 φιλό-

279 5064 465 5127 νεικός
502 5081 564 5116 τε
601 5065 695 5116 καὶ
726 5063 985 5139 θυμώδης
1025 5063 1265 5128 διάθεσις
1307 5064 1506 5128 πολλὰς
1542 5067 1606 5118 ἐκ
1638 5065 1736 5133 τῆς
1766 5081 1874 5117 τοι·

280 5151 465 5224 αύτης
514 5154 794 5223 ἁμαρτίας
845 5155 944 5215 τὰς
998 5155 1254 5225 ἀφορμὰς
1309 5154 1622 5222 λαμϐάνειο
1671 5155 1768 5206 καὶ
1812 5153 1875 5205 τὸ

280 5243 405 5297 ὃλον
456 5246 638 5296 εἰπεῖν
672 5247 955 5314 συμφωνεῖ
997 5248 1030 5316 ἡ
1068 5246 1291 5316 τοιαύτη
1337 5246 1489 5309 νόσος
1532 5246 1610 5316 τῷ
1644 5249 1874 5300 ἀποστο-

280 5337 424 5408 λικῷ
457 5340 559 5408 τῆς
609 5337 926 5400 πλεονεξίας
977 5338 1089 5408 ὅρῳ
1115 5354 1128 5366 ⁸
1157 5339 1184 5390 ό
1218 5339 1328 5409 γὰρ
1359 5337 1502 5400 θεῖος
1555 5337 1877 5402 Ἀπόστολος

284 5430 347 5482 οὐ
408 5429 575 5499 μόνον
645 5430 813 5501 αὐτὴν
871 5430 1307 5501 εἰδωλολατρίαν,
1360 5429 1496 5484 ἀλλὰ
1562 5431 1655 5484 καὶ
1721 5430 1878 5501 ῥίζαν

286 5523 519 5577 πάντων
547 5524 658 5578 τῶν
708 5524 895 5576 κακῶν
947 5524 1303 5594 ἀπεφήνατο·
1343 5525 1436 5578 καὶ
1480 5525 1631 5594 ὅμως
1673 5524 1733 5578 τὸ
1764 5541 1876 5577 τοι-

358 5705 406 5737 δ’
458 5703 618 5760 Prov.
664 5705 839 5768 H.223.
919 5707 963 5736 ³ο
991 5705 1184 5775 Ephes.
1213 5723 1262 5772 ν,
1291 5707 1336 5762 5.

1977 4520 2142 4572 missa
2190 4516 2280 4568 sit.
2328 4514 2489 4581 Atqui
2537 4513 2636 4563 hoc
2669 4510 2872 4562 malum
2921 4508 3135 4575 quidem
3183 4507 3396 4561 videtur
3437 4524 3560 4562 esse

1975 4612 2138 4664 trium
2171 4607 2336 4660 animi
2368 4604 2828 4660 cunstitutiunnt'n
2861 4601 3094 4654 all'ectio.
3131 4601 3271 4652 Nam
3306 4608 3359 4653 et
3391 4600 3552 4661 ratio,

1975 4701 2042 4756 ab
2077 4702 2194 4770 ejus
2231 4699 2375 4770 quod
2419 4698 2703 4767 pulchrum
2735 4704 2818 4748 est
2843 4694 3082 4762 judicio,
3115 4695 3408 4756 aberrans,
3437 4707 3558 4744 esse

1976 4793 2029 4846 in
2075 4793 2300 4845 materia
2347 4789 2492 4859 quod
2541 4788 2826 4857 pulchrum
2869 4796 2954 4840 est
2992 4787 3299 4849 existimat,
3335 4799 3442 4836 non
3490 4783 3556 4835 ad

1978 4883 2436 4954 pulchritudinem
2483 4895 2513 4933 a
2559 4879 2783 4933 materia
2830 4886 3134 4946 st-paratam
3175 4875 3473 4942 aspiciens,
3504 4881 3558 4925 et

1980 4977 2312 5031 desiderium
2345 4975 2409 5028 ad
2441 4989 2502 5027 ea
2532 4987 2654 5041 quze
2682 4979 2810 5025 sunt
2844 4968 3096 5022 inferiora
3142 4967 3455 5030 inclinatur,
3489 4966 3558 5019 ab

1981 5085 2046 5125 eo
2071 5070 2216 5140 quod
2242 5083 2367 5121 vere
2397 5080 2480 5121 est
2507 5065 2866 5134 expetendum
2900 5062 3161 5116 dilabet-ts.
3192 5057 3313 5111 Jam
3347 5073 3473 5112 vero
3506 5068 3559 5113 ct

1983 5161 2324 5216 contentiosa
2357 5159 2481 5211 anin
2507 5172 2711 5224 osaquc
2738 5155 2932 5207 anima:
2961 5151 3173 5205 affectio
3207 5166 3274 5203 ex
3303 5155 3404 5204 hoc
3434 5166 3559 5219 pec-

1982 5264 2103 5308 cato
2133 5251 2296 5323 464
2322 5251 2519 5304 multas
2552 5248 2869 5303 ot-casiones
2905 5245 3118 5313 accipit.
3147 5243 3211 5296 Et
3248 5251 3304 5294 ιιι
3345 5243 3395 5294 in
3437 5245 3558 5295 uni-

1979 5359 2197 5397 versum
2231 5343 2438 5403 dicam,
2475 5341 2560 5392 hic
2593 5338 2815 5391 morbus
2843 5351 2965 5389 cum
2992 5333 3285 5402 apostolica
3318 5331 3559 5384 avaritia:

1979 5433 2295 5503 definitione
2330 5430 2621 5485 consentit.
2658 5429 2878 5481 Divinus
2923 5426 3065 5479 enim
3105 5423 3396 5493 Apostolus
3434 5437 3556 5475 eam

1981 5541 2088 5580 non
2130 5525 2302 5580 solum
2343 5522 2730 5584 idololatriam,
2765 5521 2858 5574 sed
2895 5519 3058 5573 etiam
3099 5516 3342 5571 omnium
3385 5515 3556 5568 malo-
