3904 6220
377 338 484 403 959
1510 337 1772 400 ΡΗΟΤΙῙ
1812 330 2316 396 ΡΑΤΒΙΑΒΟΗᾸΞ
2343 330 2451 391 CP.
3526 325 3619 388 9θο

375 465 496 504 rum
535 447 770 503 radicem
811 446 1277 518 pronuntiavit";
1317 453 1372 501 et
1409 453 1588 500 tamen
1633 448 1747 501 haec
1782 445 1917 500 morl

2076 439 2222 494 οὖτον
2275 434 2428 500 εἶδος·
2471 433 2744 507 παρώφθη
2801 433 2903 504 τῆς
2949 433 3109 487 νόσου
3160 430 3540 485 ἀνεπίσκεπτόν
3567 454 3618 487 τε

372 543 604 612 species,
630 541 1032 596 inconsiderata
1061 550 1115 594 et
1139 541 1346 609 absque
1371 539 1481 594 ulla
1510 539 1627 608 ejus
1659 553 1793 592 cura
1823 553 1914 606 pra

2078 532 2410 603 ὶτημέλητον
2436 549 2451 562 ·
2515 529 2598 582 διὸ
2635 529 2729 581 καὶ
2769 527 3055 589 πλεονάζει
3106 524 3248 578 κατά
3273 524 3370 586 τὰς
3407 523 3620 595 Ἐκκλη-

373 634 623 688 termissa
655 643 736 688 est
763 651 777 690 :
805 648 915 704 quo
943 633 1018 695 tit,
1044 641 1102 686 ut
1130 633 1218 686 hic
1247 634 1473 688 morbus
1500 633 1660 685 valde
1686 632 1739 684 in
1775 631 1915 685 Eccl:

2078 625 2188 687 ςίας
2216 622 2277 676 τὸ
2329 621 2571 676 τοιοῦτον
2603 619 2950 692 ἀρρώστημα
2975 634 2988 647 ·
3021 621 3115 670 καὶ
3157 616 3330 678 οὐδεὶς
3377 616 3497 679 τοὺς
3539 618 3620 670 ἐπὶ

373 729 450 780 sia
483 726 776 790 redundet,
804 736 855 779 et
892 742 1052 780 nemo
1090 725 1141 778 in
1204 727 1271 783 iis
1335 724 1427 794 qui
1463 724 1527 777 ad
1561 724 1766 778 clerum
1795 723 1915 776 addt

2080 717 2154 770 τὸν
2186 715 2386 786 κλῆρον
2445 713 2746 783 ἀγομένους
2801 709 3251 780 περιεργάζεται,
3287 707 3361 776 μή
3407 723 3518 770 πως
3551 707 3622 776 τῷ

373 827 594 881 cuntur,
663 818 920 886 inquirit,
989 833 1118 869 num
1165 816 1256 883 qui
1299 832 1362 868 eo
1409 816 1729 870 idololatria:
1767 830 1915 883 genet

2079 808 2297 878 τοιούτῳ
2337 807 2468 860 εἴδει
2526 807 2627 875 τῆς
2686 802 3099 871 εἰδωλολατρίας
3154 799 3621 870 κατεμιὰνθησανο

373 909 562 977 polluti
592 909 723 962 sint.
754 910 857 962 Sed
886 910 951 962 de
982 909 1047 962 iis
1079 908 1321 977 quidem,
1354 909 1612 977 quoniam
1645 907 1697 961 id
1726 923 1756 961 a
1787 906 1912 960 Patr

2082 901 2201 954 ἱιλλά
2241 902 2368 971 περὶ
2423 900 2524 970 μὲν
2555 898 2764 952 τούτων
2821 895 2908 950 διὰ
2940 895 3002 947 τὸ
3057 895 3350 962 παρεῖσθαι
3382 895 3490 956 τοῖς
3522 896 3624 946 Πα-

376 1002 478 1055 bus
531 1003 962 1072 praetermissum
1012 1010 1095 1056 est
1145 1000 1394 1054 sniiicerc
1438 1001 1696 1055 existimo
1745 1001 1918 1070 public

2081 995 2257 1063 τράσιν
2291 993 2468 1062 ἡμῶν,
2531 992 2723 1061 ἀρκεῖν
2776 988 3082 1059 ἡγούμεθα,
3138 985 3214 1056 τῷ
3265 987 3502 1057 δημοσίῳ
3534 989 3623 1057 τῆς

374 1094 636 1147 doctrinae
675 1094 914 1157 ratione,
944 1109 1004 1146 ea
1043 1092 1319 1158 quomodo
1361 1091 1474 1144 lieri
1514 1101 1689 1161 potest
1733 1107 1916 1145 curare

2081 1085 2411 1147 ἱιδασκαλίας
2468 1083 2636 1154 λόγῳ,
2671 1085 2819 1146 ὅπως
2850 1083 2915 1136 ἂν
2967 1077 3078 1134 οἷόν
3120 1097 3178 1133 τε
3217 1075 3274 1152 ᾖ,
3323 1079 3623 1148 θεραπεύειν

375 1186 539 1239 veluti
570 1187 835 1254 quosdam
866 1187 1087 1239 morbos
1111 1201 1175 1238 ex
1205 1184 1502 1253 repletione
1525 1193 1694 1247 ortos,
1720 1183 1917 1252 inexplt

2082 1179 2253 1250 ὒσπερ
2305 1179 2427 1231 τινὰ
2458 1177 2603 1248 πάθη
2640 1175 2965 1246 πληθωρικά
2994 1178 3094 1237 τὰς
3121 1171 3502 1229 πλεονεκτικὰς
3533 1173 3624 1241 ἀρ-

379 1277 505 1333 hilis
531 1277 774 1331 avaritiae
803 1277 1120 1330 affectiones
1154 1276 1398 1329 oratione
1431 1284 1744 1344 purgantes.
1773 1274 1921 1328 Solur

2083 1271 2322 1335 Βωστίας,
2353 1271 2444 1324 διὰ
2480 1270 2573 1323 τοῦ
2606 1269 2762 1338 λόγου
2799 1268 3193 1336 καθαίροντοςο
3235 1265 3401 1335 μόνην
3449 1263 3502 1316 δὲ
3539 1263 3625 1334 τὴν

378 1381 561 1426 autem
593 1372 819 1435 l‘urtnm,
848 1379 902 1424 et
928 1369 1307 1438 sepulcrorum
1327 1365 1694 1428 eﬂ‘ossionem,
1713 1374 1764 1419 et
1793 1368 1920 1418 sacri

2084 1365 2272 1436 ιλοπὴν
2305 1365 2402 1418 καὶ
2451 1363 2844 1434 τυμϐωρυχίαν
2875 1363 2971 1415 καὶ
3021 1362 3120 1428 τὴν
3152 1358 3456 1429 ἱεροσυλίαν
3493 1358 3626 1427 πάθη

375 1463 574 1533 legium
607 1464 732 1517 vitia
765 1463 1174 1523 existimamus,
1203 1459 1346 1527 quod
1387 1460 1466 1511 sic
1503 1474 1530 1510 ιι
1573 1460 1794 1510 Patrum
1832 1472 1914 1510 cor

2085 1461 2378 1530 νομίζομεν,
2413 1459 2500 1513 διὰ
2538 1458 2598 1510 τὸ
2627 1457 2800 1520 οὕτως
2841 1457 2905 1508 ἐκ
2933 1455 3032 1524 τῆς
3073 1452 3179 1506 τῶν
3214 1452 3469 1521 Πατέρων
3511 1452 3627 1502 ἁκο-

375 1557 658 1624 sequentia
681 1597 694 1618 ,
725 1556 838 1609 hzec
877 1554 1033 1608 nobis
1073 1552 1287 1604 traditio
1325 1549 1463 1602 facta
1499 1549 1588 1602 sit.
1617 1549 1779 1616 Atqui
1819 1565 1917 1618 apu

2083 1552 2303 1614 t0u0£a;,
2339 1551 2438 1620 τὴν
2477 1549 2774 1620 παράδοσιν
2801 1549 2933 1618 ἡμῖν
2958 1545 3087 1616 περὶ
3123 1544 3313 1598 τούτου
3354 1542 3625 1610 γενέσθαι·

376 1647 617 1700 divinam
659 1647 996 1716 Scripturam
1037 1658 1090 1702 et
1127 1649 1284 1702 fenus
1319 1657 1372 1701 et
1408 1662 1576 1702 usura
1613 1656 1742 1701 sunt
1779 1648 1910 1716 proh

2087 1643 2241 1698 ιαίτοι
2270 1660 2335 1710 γε
2369 1642 2520 1713 παρά
2548 1642 2645 1711 τῆς
2688 1640 2838 1703 θείας
2867 1639 3114 1709 Γραφῆς,
3143 1637 3234 1690 καὶ
3253 1637 3281 1687 ὁ
3305 1632 3629 1702 πλεονασμὸς

375 1742 507 1805 bita,
543 1751 596 1794 et
627 1758 721 1812 per
749 1744 1041 1812 quamdam
1086 1744 1409 1811 potentiam,
1442 1744 1506 1797 ad
1549 1757 1702 1797 suam
1744 1757 1917 1811 posset

2089 1739 2158 1790 :a‘t
2190 1739 2217 1790 ὁ
2245 1737 2425 1801 τόκος,
2455 1735 2563 1787 τῶν
2592 1733 2983 1804 ἀπειρημένων
3011 1730 3131 1784 ἐστὶ
3163 1730 3258 1782 καὶ
3295 1730 3354 1782 τὸ
3392 1729 3457 1780 ὲκ
3491 1726 3631 1780 δυνα-

377 1789 507 1805 ““’“““““Ι
547 1789 595 1794 “’“
627 1789 709 1812 r‘”
751 1789 1041 1812 ‘I"“"""'"'
1086 1789 1409 1811 I'V'V""“"',
1442 1789 1506 1797 ""
1549 1789 1702 1797 "'""'"'
1744 1789 1919 1811 r"""‘

377 1834 590 1889 sionem
641 1834 809 1888 aliena
867 1837 1182 1901 traducere,
1229 1835 1444 1890 etiamsi
1495 1835 1598 1890 sub
1647 1845 1919 1888 contractu

2089 1830 2250 1891 ττείας
2281 1789 2426 1889 τινές
2472 1829 2536 1896 τῇ
2602 1789 2941 1895 ἰδίᾳικτήσει
2981 1824 3351 1893 προσαγαγεῖν
3390 1821 3457 1873 τὰ
3486 1819 3631 1872 ἁλλό-

378 1932 473 1977 aut
520 1924 904 1978 transactionis
953 1925 1134 1992 specie
1180 1925 1284 1979 hoc
1335 1927 1569 1978 fortasse
1614 1923 1816 1978 factum
1867 1924 1920 1977 si:

2091 1938 2210 1991 pta,
2239 1919 2343 1972 κᾶν
2382 1920 2439 1971 ἐν
2482 1921 2833 1987 προσχήματι
2891 1914 3277 1984 πραγματείας
3303 1913 3366 1964 τὸ
3409 1909 3633 1964 τοιοῦτον

381 2016 648 2080 Quoniam
682 2029 810 2082 ergo
845 2031 943 2069 nos
972 2017 1190 2082 quidem
1225 2018 1288 2070 ad
1324 2031 1594 2069 canonum
1633 2023 1923 2084 potestater

2090 2013 2202 2082 τύχη
2241 2011 2525 2080 γινόμενον
2555 2025 2570 2041 ο
2628 2007 2814 2078 ἐπειδὴ
2863 2008 3044 2060 τοίνυν
3107 2006 3167 2058 τὸ
3228 2003 3350 2058 καθ’
3382 2004 3528 2073 ἡμᾶς
3561 2002 3632 2064 είς

381 2108 778 2176 assequendam
809 2108 911 2161 lide
946 2108 1090 2179 digni
1125 2124 1233 2163 non
1272 2125 1491 2175 sumus,
1522 2109 1574 2162 in
1617 2110 1710 2174 iis,
1739 2124 1862 2178 quae
1893 2125 1922 2162 e

2096 2105 2318 2170 ξουσίαν
2359 2103 2601 2156 κανόνων
2626 2101 2964 2165 ἀξιόπιστον,
2986 2099 3085 2168 τὴν
3111 2097 3328 2149 ἐπὶτῶν
3350 2094 3635 2164 ὁμολογου-

379 2200 634 2255 conl‘esso
669 2201 936 2270 prohibita
973 2210 1129 2268 sunt,
1163 2203 1481 2255 canonicam
1517 2201 1840 2256 sententiam
1875 2202 1921 2255 di

2093 2199 2246 2260 ιένως
2299 2193 2774 2266 ἀπηγορευμένων
2827 2189 3120 2258 κανονικὴν
3165 2187 3348 2258 κρίσιν
3383 2186 3484 2256 ἥδη
3532 2186 3635 2247 τοῖς

377 2291 480 2344 ctis
528 2289 640 2358 jam
691 2291 1033 2360 adjiciemus.
1084 2292 1358 2346 Dividitur
1405 2300 1587 2346 autem
1645 2291 1848 2345 furtum
1904 2291 1918 2344 i

2099 2290 2376 2360 ἰρημένοις
2429 2285 2845 2354 προσθήσομενο
2899 2281 3151 2351 διῄρηται
3191 2281 3223 2348 ἡ
3267 2279 3442 2348 κλοπὴ
3480 2277 3558 2340 εἷς
3580 2292 3636 2329 τε

378 2381 724 2435 latrocinium
780 2399 871 2435 seu
926 2381 1420 2451 depraedationen't,
1467 2391 1520 2435 et
1569 2384 1621 2436 in
1678 2399 1918 2435 murorut

2096 2381 2321 2452 ῃστείαν
2353 2379 2448 2432 καὶ
2478 2379 2557 2440 εἰς
2587 2375 2950 2445 τοιχωρυχίαν
2976 2393 2990 2407 ο
3027 2373 3119 2425 καὶ
3147 2367 3226 2434 εἷς
3265 2372 3364 2440 μὲν
3413 2371 3501 2422 ἐπ’
3532 2369 3636 2437 ἀμ-

376 2473 752 2528 eﬂ'ossionem.
784 2475 926 2528 Idem
970 2484 1149 2528 autem
1193 2476 1477 2543 utriusque
1513 2485 1595 2528 est
1630 2475 1915 2528 institutun

2095 2475 2308 2541 >0régow
2342 2470 2564 2534 σκοπὸς,
2597 2471 2629 2539 ὴ
2659 2468 2766 2520 τῶν
2788 2467 3084 2535 ἀλλοτρίων
3110 2465 3405 2532 ἀφαίρεσις
3430 2477 3444 2492 ⁸
3477 2460 3637 2530 πολλὴ

380 2564 636 2618 videlicet
665 2566 840 2618 aliena
869 2565 1084 2619 auferre
1126 2581 1139 2617 :
1180 2564 1231 2616 in
1273 2565 1454 2618 animo
1484 2573 1662 2617 autem
1697 2565 1922 2632 ipsorun‘

2093 2569 2118 2618 ὲ
2144 2565 2285 2619 κατά
2328 2563 2428 2633 τὴν
2482 2563 2708 2631 γνώμην
2755 2560 2933 2612 αὐτῶν
2981 2561 3013 2628 ἡ
3048 2557 3184 2627 πρὸς
3229 2555 3493 2625 ἀλλήλους
3528 2553 3635 2605 ἐστὶ

378 2671 575 2725 magna
619 2668 701 2711 est
743 2657 882 2710 inter
927 2672 986 2711 se
1022 2657 1346 2710 differentia.
1382 2657 1545 2710 Latro
1585 2656 1761 2716 enim,
1794 2656 1920 2709 etiat

2099 2657 2300 2726 ιαφορὰ
2325 2671 2340 2684 ·
2375 2658 2402 2708 ὁ
2441 2655 2539 2723 μὲν
2565 2653 2672 2720 γὰρ
2699 2651 2923 2724 λῃστὴς,
2959 2650 3054 2702 καὶ
3085 2648 3182 2718 τὴν
3220 2646 3535 2716 μιαιφονίαν
3563 2644 3636 2707 εἰς

379 2750 735 2805 homicidium
775 2750 840 2804 ad
879 2751 929 2802 id
970 2751 1113 2818 quod
1154 2752 1338 2803 studet
1366 2750 1583 2816 assequi
1617 2749 1864 2811 assumit,
1893 2764 1921 2800 a

2096 2748 2386 2818 ὐμμαχίαν
2420 2746 2514 2798 τοῦ
2547 2744 2983 2812 σπουδαζομένου
3023 2739 3466 2811 παραλαμϐάνει,
3511 2738 3638 2804 πρὸς

380 2843 434 2896 id
467 2851 690 2911 paratus
717 2851 771 2895 et
800 2842 990 2903 armis,
1016 2851 1064 2896 et
1097 2842 1292 2910 cupiis,
1315 2849 1368 2893 et
1397 2841 1803 2908 opportunitate
1834 2839 1916 2892 loc

2094 2840 2197 2894 ιύτὸ
2229 2837 2386 2890 τοῦτο
2413 2833 2976 2906 παρασκευαζόμενος
2998 2830 3092 2882 καὶ
3112 2828 3299 2889 ὅπλοις
3339 2827 3439 2878 καὶ
3479 2824 3636 2877 πολυ-

380 2936 516 2990 adeo
551 2943 609 2987 ut
641 2934 686 2987 is
726 2933 1123 2987 homicidarum
1159 2933 1366 3001 judicio
1403 2933 1746 3000 subjiciatur,
1782 2933 1826 2985 si
1868 2947 1922 3001 pr

2097 2930 2247 3002 χειρία
2280 2930 2374 2981 καὶ
2405 2930 2513 2987 τοῖς
2539 2924 2850 2995 ἐπικαίροις
2876 2922 2984 2974 τῶν
3007 2923 3187 2972 τόπων
3209 2936 3222 2950 ·
3251 2918 3396 2971 ὥστε
3422 2917 3511 2968 τὸν
3533 2931 3639 2967 τοι-

379 3026 756 3095 ptenitentiam
792 3025 858 3078 ad
893 3024 1055 3096 465
1094 3024 1186 3078 Dei
1227 3024 1525 3078 Ecclesiam
1561 3039 1813 3077 reversus
1843 3022 1921 3076 fut

2098 3024 2220 3076 ὖτον
2249 3021 2329 3092 τῷ
2359 3022 2588 3090 κρίματι
2615 3017 2720 3071 τῶν
2751 3014 3096 3085 ἀνδροφόνων
3127 3009 3462 3079 ὑπάγεσθαι,
3493 3008 3540 3059 εί
3559 3002 3640 3058 διὰ

379 3120 472 3174 rit.
499 3117 600 3184 Qui
630 3127 807 3170 autem
841 3118 1025 3170 latenti
1058 3117 1329 3170 ablatione
1350 3158 1363 3180 ,
1396 3115 1500 3170 sibi
1533 3116 1769 3170 alienum
1800 3131 1921 3170 usut

2100 3113 2431 3184 ,εταμελείας
2466 3110 2660 3164 ἑαυτὸν
2693 3107 2829 3178 πρὸς
2860 3106 2958 3173 τὴν
2996 3101 3326 3170 Ἐκκλησίαν
3370 3099 3467 3153 τοῦ
3513 3097 3642 3151 Θεοῦ

378 3219 503 3281 pat,
538 3210 582 3264 si
625 3210 820 3263 deinde
862 3225 958 3278 per
998 3208 1425 3262 enuntiationem
1471 3216 1754 3276 peccatum
1796 3223 1920 3262 suut

2107 3207 2448 3274 παναγάγοιο
2485 3206 2513 3256 ὁ
2537 3204 2593 3256 δὲ
2629 3202 2696 3254 δι’
2729 3201 3070 3270 ὑφαιρέσεως
3107 3193 3483 3264 λανθανούσης
3519 3208 3643 3259 σφε-

380 3303 648 3360 sacerdoti
681 3303 982 3370 aperuerit,
1013 3302 1130 3355 vitii
1169 3301 1346 3355 studio
1378 3301 1431 3354 in
1465 3301 1803 3354 contrarium
1837 3317 1922 3355 mu

2106 3301 2418 3371 εριζόμενος
2449 3298 2511 3350 τὸ
2543 3295 2842 3362 ἀλλότριον,
2887 3288 3004 3343 εἶτα
3054 3290 3118 3342 δι’
3155 3286 3563 3357 ὲξαγορεύσεως
3591 3281 3647 3333 τὸ

379 3405 493 3450 tato
538 3394 915 3465 mgritudiuem
959 3393 1171 3447 curabit
1219 3409 1231 3444 ι
1281 3391 1401 3445 dico
1452 3402 1630 3446 autem
1684 3393 1919 3462 largicnd

2106 3391 2457 3463 ;λημμέλημα
2501 3385 2694 3439 ἑαυτοῦ
2737 3383 2815 3452 τῷ
2847 3384 2984 3451 ἱερεῖ
3027 3379 3372 3450 φανερώσας,
3430 3379 3495 3445 τῇ
3524 3372 3648 3441 περὶ

378 3505 502 3559 quae
529 3487 690 3542 habet
718 3486 1049 3556 pauperibus
1068 3523 1082 3546 ,
1114 3495 1202 3547 ut,
1231 3483 1360 3537 dum
1393 3499 1513 3552 qua:
1543 3484 1707 3537 habet
1733 3484 1920 3552 profnn

2107 3483 2134 3534 δ
2166 3481 2405 3534 ἐναντίον
2445 3478 2536 3530 τοῦ
2563 3477 2768 3538 πάθους
2795 3473 3024 3543 σπουδῇ,
3058 3469 3390 3541 θεραπεύσει
3433 3467 3532 3536 τὴν
3561 3467 3647 3536 ἀῤ-

382 3581 491 3645 dit,
525 3595 585 3636 se
619 3578 686 3633 ab
721 3578 964 3632 avaritiae
1000 3577 1189 3630 morbo
1222 3575 1451 3629 liberum
1482 3584 1664 3643 aperte
1691 3577 1924 3629 ostendat

2111 3573 2334 3635 ωστίαν,
2363 3571 2506 3638 λέγω
2537 3569 2593 3621 δὲ
2625 3567 2715 3620 διὰ
2736 3565 2829 3619 τοῦ
2859 3567 2924 3618 τὰ
2947 3563 3221 3635 προσόντα
3251 3560 3520 3630 παρέχειν
3544 3559 3649 3618 τοῖς

383 3672 479 3727 Sin
525 3681 704 3726 autem
755 3669 888 3724 nihil
933 3668 1078 3721 aliud
1121 3676 1482 3736 prreterquam
1532 3669 1709 3722 solum
1759 3683 1925 3736 corpu

2108 3665 2324 3732 ιένησιν,
2356 3662 2442 3714 ἵνα
2472 3659 2548 3728 τῷ
2577 3657 2839 3728 προέσθαι
2883 3654 2918 3708 ἃ
2951 3654 3085 3722 ἔχει,
3134 3649 3388 3720 φανερῶς
3429 3647 3650 3714 γένηται

384 3763 613 3826 habeat,
639 3761 792 3830 jubet
820 3759 1115 3827 Apostolus
1144 3774 1239 3826 per
1269 3758 1508 3812 laborem
1537 3758 1878 3827 corporalem
1909 3777 1922 3810 t

2109 3757 2401 3826 ιαθαρεύων
2455 3756 2555 3823 τῆς
2609 3751 2749 3804 κατὰ
2795 3745 3111 3808 πλεονεξίαν
3146 3743 3305 3794 νόσου
3330 3757 3344 3770 °
3401 3739 3532 3791 εἰδὲ
3562 3738 3651 3789 καὶ

383 3853 580 3910 morbo
608 3851 828 3906 mederi.
851 3849 1115 3905 Dictionis
1142 3860 1321 3903 autem
1350 3852 1421 3903 ita
1447 3850 1607 3903 habet
1631 3859 1916 3904 contextus

2111 3850 2248 3918 ιηδὲν
2281 3847 2414 3916 ἔχοι,
2465 3846 2623 3914 μόνον
2655 3841 2709 3893 δὲ
2735 3840 2794 3892 τὸ
2836 3838 2995 3907 σῶμα
3025 3836 3161 3904 ἔχοι,
3196 3832 3411 3885 κελεύει
3436 3833 3462 3882 ὁ
3499 3826 3653 3880 Ἀπό-

385 3944 498 4012 Qui
524 3944 759 4014 furatur,
784 3959 884 3997 non
913 3941 1142 4011 amplius
1170 3943 1379 4011 {aretur
1403 3957 1420 3994 :
1449 3942 1538 3994 sed
1560 3943 1732 4010 potius
1763 3942 1927 3995 labori

2115 3941 2265 4002 τολος
2292 3938 2379 3991 διὰ
2405 3935 2500 3989 τοῦ
2533 3928 2846 4002 σωματικοῦ
2873 3929 3064 3987 κόπου,
3091 3925 3153 3978 τὸ
3178 3922 3420 3977 τοιοῦτον
3442 3921 3653 3988 ὲξιάσα-

385 4039 578 4095 bonum
609 4052 849 4107 operans,
875 4044 931 4088 ut
959 4036 1125 4105 possit
1152 4035 1200 4088 ei
1229 4033 1415 4102 largiri
1441 4035 1530 4103 qui
1559 4034 1756 4104 indiget
1780 4036 1848 4090 δ’.

2118 4031 2207 4085 θαι
2242 4029 2441 4089 stridor
2471 4024 2583 4093 ἔχει
2614 4023 2669 4075 δὲ
2693 4024 2725 4091 ἡ
2747 4020 2890 4086 λέξις
2907 4017 3079 4079 οὕτως
3101 4034 3112 4046 ·
3164 4015 3224 4066 Ὀ
3255 4014 3536 4066 κλέπτων
3551 4025 3653 4077 μη-

2081 4122 2208 4176 κέτι
2260 4116 2581 4177 κλεπτέτω,
2628 4113 2872 4182 μᾶλλον
2897 4109 2964 4161 δὲ
2990 4107 3246 4160 κοπιάτω
3266 4103 3656 4172 ἐργαζὶέμενος

2082 4211 2147 4264 τὸ
2169 4208 2412 4277 ἀγαθὸν,
2434 4207 2532 4258 ἵνα
2553 4205 2664 4270 ἔχῃ
2681 4201 3058 4272 μεταδιδόναι
3075 4196 3154 4262 τῷ
3173 4202 3384 4264 χρείαν
3427 4192 3652 4261 ἔχοντι.

461 4311 514 4365 7.
551 4309 936 4380 Sepulcrorum
965 4318 1147 4363 autem
1176 4307 1412 4372 eﬂossio,
1437 4317 1566 4372 etc.,
1595 4323 1652 4361 ut
1684 4324 1806 4378 pag.
1837 4308 1964 4362 8H.

1510 4322 1566 4372 3.,
1595 4323 1652 4361 ut
1684 4324 1806 4378 pag.
1837 4308 1964 4362 8H.
2153 4300 2222 4366 ζ’.
2261 4300 2327 4352 Ἠ
2354 4299 2412 4352 δὲ
2442 4289 2815 4366 τυμϐωρυχία,
2835 4306 2889 4343 κ.
2921 4308 2969 4344 τ.
3003 4291 3052 4344 λ.

459 4402 513 4456 8.
548 4401 900 4472 Sacrilegium
933 4411 1136 4468 autem,
1166 4410 1292 4462 cte.,
1321 4409 1376 4451 ut
1403 4415 1523 4468 pug.
1555 4400 1680 4454 8M.

1423 4415 1523 4468 mg.
1555 4400 1680 4454 8M.
2151 4393 2224 4464 η’.
2263 4394 2329 4445 Ἦ
2359 4391 2417 4444 δὲ
2449 4386 2736 4460 ἱεροσυλία,
2760 4402 2814 4438 κ.
2843 4401 2893 4436 τ.
2914 4383 2965 4436 λ.

463 4491 606 4562 Lege
655 4464 783 4562 qua;
837 4464 1282 4545 adnotata'snnt
1340 4464 1410 4544 ini
1448 4464 1569 4560 cap.
1631 4493 1744 4558 ‘27,
1797 4491 1881 4546 tit.
1940 4493 1972 4548 9

2167 4479 2472 4549 Ἀνὰγνωθι
2526 4477 2595 4529 τὰ
2657 4470 3177 4543 παραγεγραμμένα
3210 4469 3266 4520 ὲν
3303 4467 3381 4536 τῷ
3425 4464 3508 4528 κζ’
3535 4479 3655 4562 κεφ.

390 4584 677 4657 praesentis
729 4583 930 4652 operis.
996 4583 1210 4636 Τελείας.
1270 4582 1346 4637 De
1407 4582 1717 4638 latronibus
1775 4583 1932 4637 dicitn

2116 4575 2167 4628 οὖ
2193 4572 2236 4625 θ’
2280 4572 2387 4625 τίτ.
2419 4568 2515 4620 τοῦ
2566 4565 2833 4637 παρόντος
2881 4563 3255 4629 συντάγματος
3279 4574 3292 4587 ο
3318 4560 3452 4626 περὶ
3469 4556 3526 4608 δὲ
3564 4554 3658 4626 λῃ-

391 4646 489 4732 iib.
529 4692 715 4738 xum,
744 4646 827 4728 tit.
866 4674 954 4738 19,
987 4675 1191 4745 Digest.
1223 4675 1292 4728 Q8
1323 4692 1335 4728 :
1362 4675 1465 4740 Qui
1501 4675 1781 4744 praedandi
1809 4690 1933 4728 cans

2117 4665 2217 4718 τῶν
2241 4666 2452 4734 εἴρηται
2482 4659 2620 4728 βι6λ.
2660 4654 2770 4727 μη’,
2804 4655 2908 4710 τίτ.
2939 4652 3026 4718 t0',
3056 4651 3197 4704 διάτ.
3231 4649 3340 4720 κη’,
3378 4650 3462 4702 ὅτι
3485 4649 3534 4701 οί
3566 4646 3659 4706 τὰς

394 4784 751 4840 aggressuras
785 4768 1013 4834 faciunt,
1057 4769 1264 4824 similes
1307 4777 1436 4823 sunt
1459 4769 1792 4821 latronibus.
1828 4768 1895 4821 Et
1931 4786 1936 4820 ι

2116 4758 2306 4826 φόδους
2354 4752 2632 4812 ποιοῦντες
2665 4749 2754 4800 διὰ
2797 4747 2855 4799 τὸ
2883 4744 3233 4815 προοδεῦσαι,
3285 4741 3501 4794 ἐοίκασι
3551 4739 3658 4798 τοῖς

394 4877 516 4916 cum
549 4859 698 4914 ferro
733 4861 784 4914 id
828 4859 1050 4926 faciant,
1082 4870 1135 4914 et
1179 4860 1399 4928 saepius,
1461 4871 1623 4927 atque
1676 4860 1730 4912 in
1779 4860 1936 4912 itiner

2119 4850 2337 4923 ῃσταῖς·
2371 4845 2468 4897 καὶ⁸
2523 4843 2616 4894 ἐὰν
2648 4839 2807 4892 τοῦτο
2850 4837 2988 4906 μετὰ
3034 4835 3256 4904 σιδήρου
3302 4832 3525 4893 ποιῶσι,
3574 4829 3661 4881 καὶ

393 4951 518 5013 bus,
555 4952 735 5020 capite
766 4950 1070 5019 puniuntur
1100 4967 1115 5003 :
1151 4950 1329 5003 caeteri
1363 4950 1416 5002 in
1448 4949 1704 5003 exsilium
1753 4949 1932 5002 mittur

2121 4921 2360 4999 07.).dtmg,
2388 4936 2487 4988 καὶ
2534 4935 2590 4986 ὲν
2626 4934 2743 4992 ταῖς
2780 4931 2938 4992 ὁδοῖς,
2988 4929 3067 4988 εἰς
3111 4924 3356 4993 κεφαλὴν
3406 4921 3663 4983 κολάζον-

399 5053 507 5106 tur,
557 5053 653 5096 aut
703 5042 1076 5111 deportantur.
1129 5039 1349 5094 Famosi
1394 5056 1544 5102 vero,
1599 5040 1797 5109 quibus
1846 5040 1941 5093 loci

2121 5052 2169 5086 αι
2192 5049 2205 5063 ’
2237 5033 2284 5084 οἱ
2311 5030 2368 5082 δὲ
2393 5026 2570 5080 λοιποὶ
2603 5023 2965 5093 ἐξορίζονται,
2992 5020 3023 5088 ἦ
3054 5013 3582 5087 δεπορτατεύονται·
3616 5011 3663 5061 οί

401 5133 714 5188 latrocinali
769 5143 918 5195 stitit,
967 5133 1120 5185 furca
1158 5133 1424 5203 ﬁguntur,
1477 5140 1572 5185 aut
1617 5146 1740 5184 cum
1793 5131 1943 5184 bestii

2121 5123 2478 5194 επεριϐόητοι
2529 5111 2972 5186 φουρκίζονταιῆ
3007 5107 3441 5179 θηριομαχοῦσιν
3488 5107 3544 5156 ἐν
3589 5097 3663 5162 οἷς

401 5224 735 5295 depugnant.
765 5193 1010 5278 Mirabile
1040 5193 1349 5295 [quiddam]
1375 5193 1451 5277 ait
1481 5231 1658 5277 const.
1691 5222 1746 5286 ‘2,
1775 5224 1858 5276 tit.
1896 5221 1943 5275 ιε

2117 5215 2420 5284 λῄστευεαν
2449 5211 2634 5272 τόποις
2656 5224 2668 5237 ·
2709 5204 3011 5274 παράδοξον
3040 5201 3096 5253 δέ
3147 5216 3332 5270 φησιν,
3363 5199 3393 5264 ἡ
3431 5193 3476 5265 β’
3525 5194 3659 5247 διατ.

403 5318 498 5375 lib.
535 5334 610 5372 vn
643 5317 766 5372 cod.
825 5317 893 5372 de
940 5321 1215 5371 latronum
1269 5317 1478 5369 familia
1531 5330 1725 5384 nempe
1758 5315 1945 5368 descer

2122 5305 2181 5358 οῦ
2213 5301 2279 5374 ιη’
2309 5302 2416 5354 τίτ.
2453 5298 2549 5352 τοῦ
2583 5299 2626 5364 ζ’
2653 5298 2790 5368 βιϐλ.
2826 5295 2919 5348 τοῦ
2967 5293 3122 5358 κώδ,,
3155 5293 3235 5344 ὅτι
3261 5293 3371 5351 τοῖς
3404 5284 3526 5340 οὖσι
3571 5285 3664 5348 τῆς

406 5411 677 5477 dentibus,
713 5425 781 5464 ex
826 5410 1115 5480 largitione
1169 5409 1475 5477 principali,
1531 5408 1612 5460 vel
1660 5407 1948 5462 auctoritat

2121 5396 2353 5467 ιαμιλίας
2382 5394 2490 5447 τῶν
2519 5391 2751 5463 λῃστῶν,
2782 5391 2876 5442 καὶ
2905 5391 2969 5442 ἐκ
2994 5385 3277 5457 βασιλικῆς
3301 5378 3608 5451 φιλοτιμία,
3635 5375 3663 5444 ἢ

363 5473 578 5586 )ίὶεειιιὶ
609 5504 786 5560 servis
817 5503 1001 5568 factis,
1033 5502 1272 5557 interimi
1303 5502 1631 5556 libertatem.

2119 5490 2373 5550 ,ὑθεντίας
2423 5486 2516 5540 τοῦ
2564 5485 2758 5555 φίσκου
2788 5481 3098 5552 γενομένοις
3151 5477 3378 5539 δούλοις,
3425 5472 3661 5542 ἀρνεῖται

2087 5586 2118 5653 ἡ
2169 5581 2475 5651 ἐλευθερία.

484 5770 566 5822 ιιι
600 5769 837 5826 Titnoth.
860 5787 932 5834 vt,
967 5773 1043 5826 lt).
1126 5774 1167 5804 δ²
1194 5773 1391 5841 Ενὶιυε.
1418 5788 1488 5836 tv,
1512 5771 1600 5823 ΕΖΒ.
