3904 6220
299 192 384 257 901

898 191 1298 252 SYNTAGMA
1336 189 1723 250 CANONUM.
1755 215 1820 223 -
1844 187 1996 248 TIT.
2027 188 2202 264 Χιιι,
2245 191 2401 252 CAP.
2443 193 2884 255 XXIV-XXIX.

3447 197 3554 262 ί)ίὲτέ

356 310 596 364 ΚΕΦΑΛ.
652 306 776 363 KA'.
834 337 902 348 —
961 309 1101 376 Περὶ
1157 307 1263 362 τοῦ
1317 307 1405 378 μὴ
1450 303 1764 370 ,βαλλιζειν
1814 303 1852 372 ἢ

2028 305 2182 361 CAP.
2247 306 2436 363 XXIV.
2471 340 2541 350 —
2564 311 2642 363 Ne
2684 308 2887 364 citarem
2915 309 2970 362 in
3003 309 3203 379 nuptiis
3239 349 3252 373 ,
3303 311 3553 364 ειιιιιιιιυ-

297 397 581 466 ὀρχεῖσθαι
613 395 683 450 ἑν
712 395 941 464 γάμοις.

563 489 832 542 Συνόδου
864 489 1220 556 Λαοδικείας
1249 489 1448 542 κανὼν
1473 488 1576 558 νγ’.

353 579 448 650 νγ’.
481 581 606 634 Ὅτι
635 582 696 633 οὺ
731 581 811 634 δεῖ
845 582 1207 652 Χριστιανοὺς
1241 583 1322 643 εἰς
1373 580 1586 650 γάμους
1630 581 1865 651 ἀπερχο-

294 677 495 746 μένους,
534 673 807 743 βαλλὶςειν
832 677 865 744 ἢ
891 675 1192 746 ὀρχεῖσθαι,
1231 674 1368 728 ἀλλὰ
1390 671 1604 742 σεμνῶς
1627 674 1864 727 δειπνεῖν

290 769 318 836 ἢ
361 769 610 838 ἀριστᾷν,
644 767 720 830 ὡς
755 768 961 838 πρέπει
995 769 1362 839 Χριστιανοῇς.

354 954 606 1006 ΚΕΦΛΛ.
638 952 765 1008 KE’.
796 983 864 993 —
895 953 1028 1022 Περὶ
1064 950 1169 1006 τοῦ
1191 952 1278 1022 μὴ
1307 955 1728 1009 συλλούεσθαι
1754 971 1862 1022 τυ-

291 1046 480 1109 ιάιξιν
508 1044 757 1113 ἄνδρας.

583 1136 854 1189 Συνόδου
895 1135 1246 1202 Λαοδικείας
1269 1131 1470 1189 κανὼν
1498 1134 1562 1190 λ’.

352 1223 415 1280 λ’.
455 1227 692 1280 Ὀτιδεί
738 1229 1070 1296 ἱερατικοὺς,
1109 1229 1142 1298 ἢ
1185 1229 1502 1299 κληρικοὺς,
1537 1229 1570 1299 ἢ
1619 1229 1864 1297 ἀσκητάς

291 1319 342 1370 ἐν
362 1318 628 1389 βαλανείῳ
657 1321 798 1388 μετὰ
823 1320 1100 1388 γυναικῶν
1135 1321 1520 1387 ἀπολούεσθαι,
1549 1339 1602 1376 κ.
1629 1339 1681 1375 τ.
1706 1320 1757 1376 λ.

418 1504 693 1559 Συνόδου
713 1504 1138 1575 οὶκουμενικῆς
1176 1507 1356 1575 ἕκτης
1387 1506 1590 1560 κανὼν
1626 1504 1722 1570 οξ.

347 1593 440 1661 οξ.
482 1599 690 1652 "(meo
717 1599 796 1651 δεῖ
829 1602 1160 1669 ἱερατικοὺς,
1199 1601 1232 1670 ἢ
1270 1601 1587 1670 κληρικοὺς,
1622 1598 1656 1669 ἢ
1687 1599 1861 1665 ἀσκη-

1967 415 2115 452 nesve
2143 401 2298 466 ﬁant.

2140 558 2144 561 κ
2303 491 2530 546 Coucilii
2570 495 2884 548 Antiocheni
2913 511 3084 547 canon
3119 494 3217 549 53.

2037 585 2126 639 55.
2155 583 2309 650 Quod
2341 601 2447 638 non
2491 594 2708 654 Oportet
2735 586 3080 642 Christianos
3112 587 3180 639 ad
3215 583 3434 654 nuptias
3460 600 3553 637 ve-

1966 676 2202 739 nientes,
2243 675 2409 747 466
2454 692 2514 730 se
2560 677 2793 747 turpiter
2836 687 2890 732 et
2953 678 3210 733 indecore
3255 693 3442 748 gerere
3469 676 3553 729 vel

1965 770 2187 835 saltare;
2223 772 2318 824 sed
2368 770 2612 824 modeste
2663 785 2902 838 camare,
2935 778 2989 824 et
3027 771 3316 840 prandere,
3361 779 3420 823 ut
3453 769 3556 823 de-

1966 873 2052 918 cet
2084 861 2453 916 Christianos.

2044 954 2199 1010 CAP.
2233 954 2403 1008 XXV.
2437 985 2509 994 ——
2533 952 2615 1008 Ne
2639 954 2741 1008 viri
2779 970 2896 1007 cum
2929 954 3240 1008 mulieribus
3289 955 3342 1006 in
3366 951 3553 1007 balneo

1965 1047 2093 1100 sint.

2318 1139 2548 1196 Concilii
2589 1139 2872 1192 Laodiceni
2909 1155 3074 1190 canon
3103 1138 3192 1192 50.

2037 1236 2129 1290 50.
2162 1233 2317 1300 Quod
2354 1250 2462 1287 non
2497 1243 2712 1302 Oportet
2750 1248 2873 1286 eum
2913 1233 3006 1299 qui
3047 1243 3131 1286 est
3182 1238 3430 1282 sacratus
3470 1228 3552 1282 vel

1967 1327 2225 1388 clericus,
2260 1325 2347 1379 vel
2397 1324 2747 1381 exercitator.
2786 1323 2839 1375 in
2898 1323 3095 1376 balneo
3130 1337 3256 1376 cum
3311 1318 3556 1374 mulieri-

1969 1419 2067 1473 bus
2099 1418 2287 1478 lavari,
2321 1427 2449 1481 etc.,
2483 1425 2537 1467 ut
2569 1432 2689 1485 pag.
2723 1415 2852 1470 790.

2273 1509 2500 1565 Concilii
2539 1507 2844 1561 wrumenici
2882 1521 2932 1560 Vl
2974 1521 3142 1558 canon
3183 1505 3272 1559 77.

2041 1603 2132 1660 77.
2187 1603 2340 1670 Quod
2373 1617 2478 1655 non
2507 1609 2722 1670 oportet
2762 1600 2936 1654 sacris
2986 1599 3249 1661 initiatos,
3280 1595 3360 1649 vel
3392 1593 3558 1649 cieri-

283 1655 402 1755 τὰς,
421 1691 480 1743 ὲν
506 1689 777 1761 βαλανείῳ
803 1655 940 1761 μετὰ
958 1655 1232 1760 γυναιιιῶν
1247 1655 1707 1757 ἀπολούεσθαι,”κ,
1726 1707 1778 1744 τ.

2016 1714 2074 1752 os
2107 1697 2190 1750 vel
2246 1707 2479 1762 ascetas,
2540 1694 2712 1748 lavari
2757 1709 2883 1748 cum
2939 1694 3284 1754 mulieribus,
3339 1695 3559 1755 etc.,ut

359 1874 662 1946 Ἀνὰγνωθι
717 1874 786 1928 τὰ
821 1875 1253 1946 παραγραφέντα
1282 1863 1340 1928 ἐν
1383 1873 1464 1943 τῷ
1495 1871 1577 1928 λα’
1611 1891 1737 1944 κεφ.
1765 1875 1860 1929 τοῦ

284 1944 326 1998 0'
361 1945 470 1999 τίτ.
501 1946 596 1998 τοῦ
623 1946 888 2014 παρόντος
907 1944 1328 2016 συντάγματος.

349 2038 604 2091 ΚΕΦΑΛ.
649 2035 796 2104 κεῖν.
830 2065 903 2077 —-
939 2039 1078 2106 Περὶ
1117 2037 1224 2092 τοῦ
1278 2038 1680 2108 χλευάζοντος
1723 2037 1865 2104 τοὺς

282 2128 580 2194 ἀσθενεῖς.

719 2217 1094 2274 Ἀποστόλων
1116 2221 1317 2275 κανὼν
1344 2220 1438 2286 νζ.

347 2307 446 2374 νζ’.
468 2310 538 2362 Εἴ
554 2327 640 2374 τις
658 2311 918 2381 κληρικὸς
935 2311 1106 2382 χωλὸν
1124 2313 1160 2384 ἢ
1176 2314 1404 2384 κωφὸνῆ
1426 2315 1644 2384 τυφλὸν,
1668 2333 1720 2369 κ.
1741 2333 1791 2370 τ.
1813 2318 1861 2371 λ.

348 2496 606 2550 ΚΕΦΑΛ.
642 2494 768 2552 KZ'.
800 2527 869 2537 —
899 2499 1036 2566 Περὶ
1065 2499 1170 2552 τοῦ
1188 2500 1274 2568 μὴ
1296 2501 1550 2555 εἰσιέναι
1575 2503 1866 2572 γυναῖκας

281 2588 365 2651 εὶς
394 2589 856 2654 θυσιαστήριον,
893 2591 990 2642 καὶ
1024 2590 1111 2642 ὅτι
1158 2593 1368 2659 μόνοις
1413 2594 1537 2660 τοῖς
1557 2599 1867 2666 ἰερττικοῖς

281 2677 489 2741 ἔξεστι
516 2680 827 2733 κοινωνεῖν
845 2681 914 2733 ἐν
953 2681 1032 2746 τῷ
1059 2685 1487 2752 θυσιαστηρίῳ.

520 2771 790 2826 Συνόδου
827 2773 1177 2840 Λαοδικείας
1207 2776 1406 2831 κανὼν
1436 2775 1519 2842 ιϐ’,
1555 2776 1657 2848 μδ’.

353 2861 440 2915 ιϐ’.
482 2863 616 2932 Περὶ
649 2862 743 2918 τοῦ
773 2865 882 2916 δεῖν
918 2865 1022 2935 ἰδίᾳ
1052 2867 1289 2937 πρῶτον,
1347 2871 1488 2940 μετά
1517 2871 1615 2935 τὰς
1646 2871 1863 2942 ὁμιλίας

281 2955 388 3008 τῶν
415 2958 760 3023 ἐπισκόπων,
780 2976 833 3014 κ.
864 2977 914 3013 τ.
937 2961 989 3012 λ.

354 3045 462 3118 μδ’.
529 3049 652 3102 Ὀτι
695 3051 755 3102 οὐ
807 3050 888 3102 δεῖ
954 3053 1217 3119 γυναῖκας
1279 3055 1336 3106 ἐν
1381 3054 1458 3127 τῷ
1505 3054 1877 3130 θυσιαστηρίῳ

283 3142 657 3213 εἰσέρχεσθαι.

422 3235 704 3289 Συνόδου
735 3238 1155 3309 οἱκουμενικῆς
1185 3239 1366 3308 ἕκτης
1405 3241 1597 3296 κανὼν
1637 3240 1734 3309 ξΘ’.

357 3324 456 3390 ξδ’.
475 3328 570 3396 Μὴ
587 3328 786 3390 ἐξέστω
804 3331 908 3380 τινὶ
924 3330 1031 3381 τῶν
1047 3331 1300 3384 ἁπάντων
1316 3337 1369 3384 ἐν
1385 3334 1593 3397 λα’ίκοῑς
1613 3335 1876 3404 τελοῦντι,

284 3418 431 3471 ἔνδον
475 3419 627 3489 ἱεροῦ
673 3421 897 3474 εἰσιέναι
934 3421 1344 3496 θυσιαστηρίου,
1377 3444 1428 3478 κ.
1461 3443 1509 3481 τ.
1552 3427 1599 3481 λ.

351 3606 614 3660 ΚΕΦΑΛ.
651 3604 787 3658 Kll'.
821 3636 893 3650 --
917 3608 1052 3675 Περὶ
1079 3608 1183 3661 τοῦ
1207 3608 1296 3678 μὴ
1321 3607 1516 3662 ποιεῖν
1544 3608 1662 3664 ἀπὸ
1718 3624 1876 3682 συμ-

283 3698 476 3766 ϐολῆς
498 3704 818 3768 συμπίσια
1349 3707 1353 3712 ’

578 3791 850 3843 Συνόδου
886 3791 1241 3859 Λαοδικείας
1264 3794 1465 3848 κανὼν
1499 3795 1592 3852 νε’.

347 3880 446 3933 γε’.
486 3882 614 3933 Ὅτι
649 3882 710 3934 οὐ
761 3885 842 3935 δεῖ
877 3885 1182 3955 ἱερατικοὺς
1213 3887 1245 3956 ἢ
1278 3887 1593 3957 κληρικοὺς,
1627 3892 1692 3946 ὲκ
1735 3909 1878 3964 συμ-

284 3971 453 4042 ϐολῆς
489 3973 778 4042 συμπόσια
809 3975 1098 4039 ἐπιτελεῖν,
1129 3977 1246 4030 ἀλλ’
1277 3979 1400 4032 οὐδὲ
1427 3980 1668 4046 λαῖκούς.

350 4067 623 4121 ΚρΕΦΑΛ.
657 4064 784 4120 ΚΘ’.
813 4097 885 4107 -
916 4071 1057 4137 Περὶ
1092 4071 1472 4126 κυϐευόντων
1511 4071 1550 4141 ἢ
1587 4077 1882 4142 μεθυσκο-

279 4158 511 4227 μένων.

715 4251 1090 4307 Ἀποστόλων
1121 4254 1323 4308 κανὼν
1359 4253 1468 4326 μγ’.

2013 1803 2044 1835 ιι
2088 1827 2098 1837 .
2139 1781 2263 1838 790.

1976 1800 2010 1853 Ρ
2047 1802 2193 1943 £[iege
2227 1890 2350 1944 quae
2374 1882 2635 1930 aunotata
2668 1885 2797 1930 sunt
2845 1874 2898 1927 in
2932 1888 3052 1944 cap.
3093 1853 3182 1938 δί,
3224 1870 3307 1925 tit.
3336 1869 3370 1926 9
3425 1883 3565 1941 prte-

1978 1947 2151 2002 sentis
2179 1947 2379 2016 operis.

2047 2037 2205 2094 CAP.
2234 2037 2426 2094 XXVI.
2449 2067 2520 2078 —
2547 2037 2621 2092 De
2648 2053 2707 2091 eo
2740 2038 2830 2108 qui
2856 2037 3096 2106 inﬁrmos
3124 2035 3312 2089 irridet

2422 2222 2802 2300 Apostolorum
2833 2235 3005 2273 canon
3032 2220 3122 2276 57.

2027 2317 2114 2378 ,57
2165 2315 2306 2390 [56].
2367 2316 2426 2371 Si
2484 2315 2610 2384 quis
2667 2313 2900 2368 clericus
2953 2310 3231 2375 claudum,
3300 2309 3385 2365 vel
3435 2324 3566 2366 sur-

1981 2411 2134 2472 dum,
2158 2418 2289 2473 etc.,
2324 2419 2381 2460 ut
2413 2424 2534 2477 pag.
2563 2406 2688 2459 758.

2048 2502 2201 2557 CAP.
2252 2500 2466 2554 XXVII.
2497 2529 2568 2538 —
2614 2497 2696 2551 Ne
2747 2496 3009 2550 mulieres.
3049 2495 3118 2546 ad
3165 2492 3337 2547 altare
3383 2495 3559 2562 ingre-

1981 2595 2238 2656 diantur;
2287 2603 2333 2645 et
2374 2590 2512 2661 quod
2549 2589 2678 2642 solis
2727 2586 3102 2641 ecclesiasticis
3130 2583 3286 2639 liceat
3329 2599 3567 2638 commu-

1981 2689 2160 2744 nicare
2196 2687 2252 2740 in
2283 2685 2463 2738 altari.

2258 2775 2483 2831 Coucilii
2517 2773 2798 2827 Laodiceni
2825 2787 3052 2824 canones
3085 2770 3169 2835 19,
3203 2769 3296 2825 44.

2073 2873 2159 2928 I9.
2211 2872 2475 2940 Oportere
2514 2881 2763 2921 seorsum
2806 2865 3069 2933 primum,
3113 2872 3239 2933 post
3275 2861 3567 2931 episcopo-

1904 2994 1945 3050 ο
1981 2982 2104 3025 rum
2135 2976 2435 3023 sermones,
2461 2967 2590 3018 etc.,
2615 2967 2669 3009 ut
2694 2973 2813 3024 pag.
2835 2955 2960 3010 587.

2053 3060 2144 3116 4L
2198 3054 2355 3122 Quod
2407 3067 2516 3106 non
2571 3059 2786 3118 oportet
2836 3048 3093 3102 mulieres
3149 3046 3217 3100 ad
3259 3048 3431 3099 altare
3478 3047 3566 3099 in-

1984 3153 2157 3224 gredi.

2194 3240 2355 3314 467
2394 3235 2620 3293 Concilii
2648 3235 2950 3288 mcumenici
2992 3249 3043 3287 v1
3066 3249 3234 3285 canon
3262 3232 3351 3286 69.

2053 3337 2142 3393 (30.
2175 3334 2321 3388 Nulli
2347 3331 2593 3386 omnium
2643 3328 2822 3389 liceat,
2862 3326 2954 3395 qui
3007 3325 3224 3393 quidem
3257 3326 3328 3378 sit
3380 3324 3432 3377 iu
3471 3323 3570 3377 lai-

1983 3445 2173 3487 eorum
2209 3423 2604 3491 numero,iutra
2630 3430 2781 3490 septa
2810 3419 2952 3474 sacri
2973 3419 3159 3472 altaris
3181 3417 3410 3488 ingredi,
3429 3427 3564 3484 etc.,

1982 3535 2039 3578 ut
2069 3539 2190 3592 pag.
2236 3518 2366 3573 602.

2053 3615 2204 3670 CAP.
2255 3608 2492 3666 XXVIII.
2519 3637 2589 3648 —
2619 3605 2700 3659 Ne
2744 3605 3040 3674 potationes
3078 3603 3278 3656 collata
3329 3601 3569 3673 symbolo

2024 3719 2135 3761 aut.

1984 3709 2135 3778 ﬁn”.
2341 3795 2568 3850 (Ioncilii
2605 3792 2887 3846 Laodiceni
2919 3806 3088 3843 canon
3120 3789 3209 3843 55.

2058 3893 2147 3947 55.
2205 3891 2362 3958 Quod
2408 3906 2515 3942 non
2573 3895 2785 3956 oportet
2831 3893 3077 3938 sacratos
3145 3891 3198 3936 et
3241 3880 3472 3934 clericos
3514 3873 3568 3933 ei

1983 3984 2264 4045 collationi
2307 3979 2559 4036 convivia
2595 3990 2876 4046 peragere,
2906 3975 2999 4027 sed
3034 3987 3209 4041 neque
3233 3973 3424 4026 laicos.

2053 4075 2210 4131 CAP.
2238 4072 2432 4128 XXIX.
2461 4101 2530 4113 --
2559 4070 2637 4123 De
2663 4067 2960 4121 uiatoribus
2983 4073 3032 4117 et
3062 4064 3305 4116 ebriosis.

2433 4259 2805 4332 Apostolorum
2835 4273 3004 4310 canon
3031 4255 3121 4308 45.

347 4342 468 4415 pf.
516 4344 924 4408 Ὑποδιάκονος,
985 4346 1433 4417 ἢάναγνώστης,
1487 4349 1519 4421 ἢ
1576 4351 1788 4421 ψάλτης
1815 4353 1870 4408 τὰ

2057 4357 2283 4436 ιεμει.
2343 4354 2789 4425 Hypodiaeonus,
2842 4349 2926 4401 vel
2980 4347 3170 4411 lector,
3221 4344 3302 4398 vel
3349 4353 3566 4408 cantor,

279 4437 450 4506 ὅμοια
491 4436 692 4501 ποιῶν,
715 4436 748 4506 ἢ
773 4438 1094 4502 παυσάσθω,
1132 4440 1166 4509 ἢ
1195 4441 1544 4510 ἀφοριζέσθω
1567 4459 1583 4474 ο
1617 4444 1879 4508 ὡσαύτως

281 4533 375 4584 καὶ
406 4529 628 4592 λαῖκός.

467 4617 747 4675 Συνόδου
778 4619 1195 4690 οὶκουμενικῆς
1215 4622 1394 4691 ἕκτης
1415 4623 1618 4678 κανὼν
1639 4623 1702 4679 ν’.

352 4709 423 4764 ν’.
453 4711 686 4780 Μηδένα
714 4711 822 4764 τῶν
854 4713 1109 4766 ἁπάντων
1147 4715 1257 4768 εἴτε
1289 4715 1495 4770 λαῖκῶν
1534 4717 1644 4771 εῐτε
1687 4717 1882 4789 κληρι-

279 4803 396 4856 κῶν
433 4801 702 4856 κυϐεύειν
734 4802 844 4856 ἀπὸ
873 4802 968 4857 τοῦ
991 4803 1103 4869 νῦν,
1131 4821 1184 4858 κ.
1209 4821 1260 4858 τ.
1291 4805 1344 4859 ὶ.

359 4898 428 4949 'll
467 4905 515 4950 α’
554 4897 696 4949 διὰτ.
755 4897 849 4950 τοῦ
912 4897 1002 4970 μγ⁹
1055 4900 1159 4953 τίτ.
1196 4900 1289 4952 τοῦ
1334 4898 1381 4968 γ’
1428 4900 1569 4971 βιὸλ.
1622 4901 1717 4956 τοῦ
1752 4902 1878 4958 κώδ.

281 4991 459 5058 φησὶν
486 4991 572 5048 ὅτι
602 4990 630 5040 ὁ
667 4991 924 5059 ἡττηθεὶς
959 4993 1039 5054 εἰς
1069 4992 1260 5045 κόττον
1285 4994 1384 5046 οὐκ
1421 4996 1753 5060 ἁπαιτεῖται,
1791 4997 1885 5049 καὶ

282 5080 628 5133 καταλαῧὼι
691 5082 1066 5152 ἀναλαμϐάνει
1128 5084 1268 5154 μετὰ
1320 5086 1578 5156 διαδόχων
1632 5088 1742 5140 ἀπὸ
1788 5086 1882 5141 τοῦ

279 5175 413 5242 νική
429 5191 626 5236 ταντος
656 5175 748 5227 καὶ
771 5175 1122 5246 κληρονόμων
1151 5177 1315 5230 αὑτοῦ
1340 5177 1604 5249 διηνεκῶς
1624 5181 1716 5232 καὶ
1740 5181 1887 5250 πέρα

281 5267 754 5336 τριακονταετίας
775 5282 788 5296 °
825 5269 874 5320 ει
907 5266 964 5320 δὲ
1011 5267 1361 5338 μὴ’θέλουσιν
1396 5269 1708 5334 ἀναλαϐεῖν,
1740 5271 1768 5319 ὁ
1801 5271 1886 5324 οέ-

279 5361 398 5414 λων
450 5360 555 5413 καὶ
594 5359 829 5429 μάλιστα
866 5361 895 5414 ὁ
926 5361 1028 5429 τῆς
1058 5361 1268 5424 πόλεως
1321 5363 1380 5414 ὲν
1499 5361 1658 5414 τοῦτο
1694 5363 1888 5430 γέγονε

286 5451 487 5522 πατὴρ
522 5451 554 5522 ἢ
586 5451 798 5515 ἔκδικος
838 5453 1064 5506 ἀπαιτεῖ
1100 5453 1196 5506 καὶ
1250 5453 1466 5524 δαπανᾷ
1487 5456 1566 5516 εἰς
1613 5453 1754 5524 ἔργα
1788 5455 1888 5524 τῆς

287 5545 534 5605 πόλεως,
571 5545 668 5598 καὶ
697 5546 731 5614 ἡ
758 5544 1024 5615 γενομένη
1056 5545 1149 5598 ἐπὶ
1171 5545 1348 5616 κόττῳ
1371 5545 1643 5615 ἀσφάλεια
1685 5545 1890 5618 ἄκυρὸς

289 5636 415 5689 ἐστι
452 5636 552 5690 καὶ
584 5637 896 5691 ἀποδίδοται
921 5652 935 5668 ·
983 5637 1032 5690 εἰ
1069 5635 1128 5691 δὲ
1156 5636 1247 5693 καί
1281 5654 1364 5702 τις
1415 5639 1471 5692 ὲν
1503 5638 1745 5708 σχήματι
1777 5641 1894 5695 κότ-

1988 4452 2188 4508 similia
2226 4449 2450 4510 faciens,
2505 4445 2586 4498 vel
2635 4451 2832 4506 cesset,
2862 4440 2949 4494 vel
2997 4449 3330 4510 segregetur.
3377 4437 3568 4491 Itidem

1987 4553 2041 4598 et
2079 4543 2273 4596 laicus.

2292 4629 2520 4684 Consilii
2559 4625 2860 4681 aecumenici
2887 4639 2939 4678 vt
2971 4639 3140 4678 canon
3171 4622 3260 4676 50.

2059 4726 2148 4782 50.
2203 4721 2423 4777 Nullum
2458 4721 2704 4776 omnium
2733 4761 2749 4786 ,
2798 4718 2912 4772 sive
2961 4717 3158 4769 laicum
3233 4714 3346 4768 sive
3407 4711 3568 4766 cleri-

1989 4834 2112 4875 cum
2145 4817 2398 4884 deinceps
2431 4815 2545 4868 alea
2578 4812 2788 4876 ludere,
2813 4820 2942 4875 etc.,
2979 4819 3037 4862 ut
3067 4824 3188 4878 pag.
3226 4804 3351 4860 774.

2063 4907 2275 4963 Τεπιιιε.
2312 4908 2504 4967 (Ionst,
2544 4904 2594 4966 I,
2646 4903 2725 4956 tit.
2760 4901 2849 4966 45,
2895 4901 2989 4953 lii).
3049 4915 3107 4952 ιιι
3151 4896 3273 4951 cod.
3308 4895 3430 4948 ait:
3465 4891 3570 4958 Qui

1993 5003 2047 5057 in
2080 5010 2227 5054 cotto
2269 4999 2447 5052 vietus
2488 5004 2595 5058 est,
2640 5009 2749 5046 non
2784 5001 3030 5054 tenetur;
3063 4989 3190 5043 etsi
3231 4987 3412 5052 solvit,
3444 5002 3568 5039 eum

1994 5088 2406 5147 successoribus
2431 5101 2461 5139 a
2487 5084 2693 5137 victore
2713 5083 2942 5150 ejusque
2962 5079 3265 5132 lnaaredibus
3289 5086 3571 5146 perpetuo,

1993 5185 2158 5239 etiam
2194 5190 2320 5251 post
2358 5177 2580 5246 triginta
2616 5189 2792 5230 annos
2828 5173 3069 5241 recipere
3097 5168 3327 5240 {potest.
3361 5167 3491 5239 Qui]
3529 5169 3572 5219 si

1997 5290 2259 5344 reeupare
2305 5272 2504 5334 nolint,
2537 5271 2872 5340 quicunque,
2922 5273 2976 5318 et
3020 5263 3292 5332 praecipue
3329 5262 3578 5323 ,eivitatis

1997 5367 2051 5419 in
2085 5380 2190 5435 qua
2233 5364 2284 5416 id
2325 5362 2528 5416 factum
2577 5370 2681 5422 est,
2731 5367 2884 5427 pater
2933 5364 3026 5409 aut
3073 5353 3333 5408 defensor
3388 5352 3575 5421 exigit,

1998 5469 2159 5525 atque
2189 5456 2242 5507 iu
2276 5453 2513 5507 civitatis
2544 5466 2705 5519 opera
2741 5449 2992 5504 insumit.
3013 5446 3145 5515 Quae
3177 5461 3306 5500 vero
3338 5445 3392 5498 in
3425 5451 3577 5498 collo

2005 5550 2180 5605 sautio
2217 5546 2356 5598 facta
2401 5550 2508 5608 est,
2560 5542 2710 5596 irrita
2762 5553 2844 5595 est
2902 5553 2956 5595 et
3008 5540 3274 5594 redditur.
3330 5536 3480 5604 Quod
3531 5538 3580 5592 si

2000 5642 2124 5714 quis
2153 5639 2316 5695 etiam
2349 5643 2496 5691 cotto
2529 5635 2582 5688 in
2635 5634 2870 5704 speciem
2899 5628 3345 5706 [repraesentata]
3379 5629 3580 5700 lupinis
