  <div class='ocr_page' id='page_1' title='image "/cluster/home/n/w/nwhite01/storage/ocr_20150623/104 pt.4/mdp.39015061931229/491.png"; bbox 0 0 3904 6220; ppageno 0'>
   <div class='ocr_carea' id='block_1_1' title="bbox 333 195 441 257">
    <p class='ocr_par' dir='ltr' id='par_1_1' title="bbox 333 195 441 257">
     <span class='ocr_line' id='line_1_1' title="bbox 333 195 441 257; baseline -0.009 -1"><span class='ocrx_word' id='word_1_1' title='bbox 333 195 441 257; x_wconf 72' lang='lat'><strong>963</strong></span> 
     </span>
    </p>
   </div>
   <div class='ocr_carea' id='block_1_2' title="bbox 1508 191 2446 255">
    <p class='ocr_par' dir='ltr' id='par_1_2' title="bbox 1508 191 2446 255">
     <span class='ocr_line' id='line_1_2' title="bbox 1508 191 2446 255; baseline 0.002 -3"><span class='ocrx_word' id='word_1_2' title='bbox 1508 191 1770 252; x_wconf 84' lang='lat' dir='ltr'><strong>PIIOTII</strong></span> <span class='ocrx_word' id='word_1_3' title='bbox 1801 192 2307 253; x_wconf 63' lang='lat' dir='ltr'><strong>PATRIARCHZE</strong></span> <span class='ocrx_word' id='word_1_4' title='bbox 2337 195 2446 255; x_wconf 71' lang='grc' dir='ltr'><strong>(ΣΡ.</strong></span> 
     </span>
    </p>
   </div>
   <div class='ocr_carea' id='block_1_3' title="bbox 3473 194 3561 257">
    <p class='ocr_par' dir='ltr' id='par_1_3' title="bbox 3473 194 3561 257">
     <span class='ocr_line' id='line_1_3' title="bbox 3473 194 3561 257; baseline 0.011 -1"><span class='ocrx_word' id='word_1_5' title='bbox 3473 194 3561 257; x_wconf 70' lang='grc'>964</span> 
     </span>
    </p>
   </div>
   <div class='ocr_carea' id='block_1_4' title="bbox 335 298 1912 378">
    <p class='ocr_par' dir='ltr' id='par_1_4' title="bbox 335 302 1908 378">
     <span class='ocr_line' id='line_1_4' title="bbox 335 302 1908 378; baseline -0.003 -17"><span class='ocrx_word' id='word_1_6' title='bbox 335 309 510 361; x_wconf 84' lang='lat' dir='ltr'><strong>aliave</strong></span> <span class='ocrx_word' id='word_1_7' title='bbox 555 303 710 378; x_wconf 86' lang='lat' dir='ltr'><strong>[qua]</strong></span> <span class='ocrx_word' id='word_1_8' title='bbox 766 303 991 359; x_wconf 90' lang='lat' dir='ltr'><strong>materia</strong></span> <span class='ocrx_word' id='word_1_9' title='bbox 1048 305 1225 359; x_wconf 92' lang='lat' dir='ltr'><strong>victus</strong></span> <span class='ocrx_word' id='word_1_10' title='bbox 1278 302 1444 358; x_wconf 83' lang='lat' dir='ltr'><strong>fuerit</strong></span> <span class='ocrx_word' id='word_1_11' title='bbox 1503 319 1610 358; x_wconf 90' lang='lat' dir='ltr'><strong>non</strong></span> <span class='ocrx_word' id='word_1_12' title='bbox 1677 313 1908 358; x_wconf 89' lang='lat' dir='ltr'><strong>tenetur.</strong></span> 
     </span>
    </p>
   </div>
   <div class='ocr_carea' id='block_1_5' title="bbox 2040 298 3567 378">
    <p class='ocr_par' dir='ltr' id='par_1_5' title="bbox 2040 298 3567 376">
     <span class='ocr_line' id='line_1_5' title="bbox 2040 298 3567 376; baseline 0.004 -21"><span class='ocrx_word' id='word_1_13' title='bbox 2040 298 2112 355; x_wconf 72' lang='grc' dir='ltr'><strong>ὀυ</strong></span> <span class='ocrx_word' id='word_1_14' title='bbox 2161 303 2367 375; x_wconf 82' lang='grc' dir='ltr'>ἡττηοῇ</span> <span class='ocrx_word' id='word_1_15' title='bbox 2399 303 2704 374; x_wconf 79' lang='grc' dir='ltr'>θερμίοιςῆ</span> <span class='ocrx_word' id='word_1_16' title='bbox 2747 303 2910 375; x_wconf 79' lang='grc' dir='ltr'>ἑτέρᾳ</span> <span class='ocrx_word' id='word_1_17' title='bbox 2961 301 3084 376; x_wconf 78' lang='grc' dir='ltr'>ὕλῃ,</span> <span class='ocrx_word' id='word_1_18' title='bbox 3119 302 3221 357; x_wconf 81' lang='grc' dir='ltr'><strong>οὐκ</strong></span> <span class='ocrx_word' id='word_1_19' title='bbox 3263 304 3567 361; x_wconf 78' lang='grc' dir='ltr'>ἁπαιτεῖταιο</span> 
     </span>
    </p>
   </div>
   <div class='ocr_carea' id='block_1_6' title="bbox 333 396 1916 469">
    <p class='ocr_par' dir='ltr' id='par_1_6' title="bbox 333 396 1916 469">
     <span class='ocr_line' id='line_1_6' title="bbox 333 396 1916 469; baseline -0.002 -17"><span class='ocrx_word' id='word_1_20' title='bbox 333 399 586 468; x_wconf 81' lang='lat' dir='ltr'><strong>Episcopi</strong></span> <span class='ocrx_word' id='word_1_21' title='bbox 623 396 852 469; x_wconf 87' lang='lat' dir='ltr'><strong>[autem]</strong></span> <span class='ocrx_word' id='word_1_22' title='bbox 886 397 1090 451; x_wconf 75' lang='lat' dir='ltr'><strong>auxilio</strong></span> <span class='ocrx_word' id='word_1_23' title='bbox 1125 396 1444 467; x_wconf 69' lang='lat' dir='ltr'><strong>praesidum,</strong></span> <span class='ocrx_word' id='word_1_24' title='bbox 1489 405 1705 463; x_wconf 89' lang='lat' dir='ltr'><strong>patrum</strong></span> <span class='ocrx_word' id='word_1_25' title='bbox 1754 405 1916 464; x_wconf 88' lang='lat' dir='ltr'><strong>atque</strong></span> 
     </span>
    </p>
   </div>
   <div class='ocr_carea' id='block_1_7' title="bbox 332 482 1912 554">
    <p class='ocr_par' dir='ltr' id='par_1_7' title="bbox 332 482 1912 554">
     <span class='ocr_line' id='line_1_7' title="bbox 332 482 1912 554; baseline -0.002 -14"><span class='ocrx_word' id='word_1_26' title='bbox 332 487 680 540; x_wconf 78' lang='lat' dir='ltr'><strong>defensorum</strong></span> <span class='ocrx_word' id='word_1_27' title='bbox 723 485 775 538; x_wconf 89' lang='lat' dir='ltr'><strong>itt</strong></span> <span class='ocrx_word' id='word_1_28' title='bbox 808 487 913 540; x_wconf 85' lang='lat' dir='ltr'><strong>hoc</strong></span> <span class='ocrx_word' id='word_1_29' title='bbox 960 483 1274 554; x_wconf 91' lang='lat' dir='ltr'><strong>inquirendi</strong></span> <span class='ocrx_word' id='word_1_30' title='bbox 1327 482 1642 538; x_wconf 78' lang='lat' dir='ltr'><strong>facultatem</strong></span> <span class='ocrx_word' id='word_1_31' title='bbox 1691 482 1912 538; x_wconf 89' lang='lat' dir='ltr'><strong>habent.</strong></span> 
     </span>
    </p>
   </div>
   <div class='ocr_carea' id='block_1_8' title="bbox 331 574 1912 650">
    <p class='ocr_par' dir='ltr' id='par_1_8' title="bbox 331 574 1912 650">
     <span class='ocr_line' id='line_1_8' title="bbox 331 574 1912 650; baseline -0.003 -18"><span class='ocrx_word' id='word_1_32' title='bbox 331 577 565 633; x_wconf 79' lang='lat' dir='ltr'><strong>Proinde</strong></span> <span class='ocrx_word' id='word_1_33' title='bbox 578 579 742 650; x_wconf 67' lang='grc'><strong>468</strong></span> <span class='ocrx_word' id='word_1_34' title='bbox 763 578 1046 648; x_wconf 81' lang='grc' dir='ltr'>μονόϐολον</span> <span class='ocrx_word' id='word_1_35' title='bbox 1064 579 1346 642; x_wconf 78' lang='lat' dir='ltr'><strong>duntaxat,</strong></span> <span class='ocrx_word' id='word_1_36' title='bbox 1365 586 1418 630; x_wconf 87' lang='lat' dir='ltr'><strong>et</strong></span> <span class='ocrx_word' id='word_1_37' title='bbox 1442 574 1912 645; x_wconf 79' lang='grc' dir='ltr'>κοντομονόὸολον,</span> 
     </span>
    </p>
   </div>
   <div class='ocr_carea' id='block_1_9' title="bbox 331 669 1916 740">
    <p class='ocr_par' dir='ltr' id='par_1_9' title="bbox 331 669 1916 740">
     <span class='ocr_line' id='line_1_9' title="bbox 331 669 1916 740; baseline -0.001 -15"><span class='ocrx_word' id='word_1_38' title='bbox 331 681 385 725; x_wconf 84' lang='lat' dir='ltr'><strong>et</strong></span> <span class='ocrx_word' id='word_1_39' title='bbox 432 673 690 723; x_wconf 83' lang='grc' dir='ltr'>κυντανὸν</span> <span class='ocrx_word' id='word_1_40' title='bbox 728 674 968 724; x_wconf 81' lang='grc' dir='ltr'>κόντακα</span> <span class='ocrx_word' id='word_1_41' title='bbox 1024 672 1139 724; x_wconf 90' lang='lat' dir='ltr'><strong>sive</strong></span> <span class='ocrx_word' id='word_1_42' title='bbox 1190 670 1376 733; x_wconf 79' lang='lat' dir='ltr'><strong>libula,</strong></span> <span class='ocrx_word' id='word_1_43' title='bbox 1417 679 1471 723; x_wconf 88' lang='lat' dir='ltr'><strong>et</strong></span> <span class='ocrx_word' id='word_1_44' title='bbox 1519 669 1820 740; x_wconf 86' lang='grc' dir='ltr'>περιχυτὴν</span> <span class='ocrx_word' id='word_1_45' title='bbox 1862 679 1916 723; x_wconf 87' lang='lat' dir='ltr'><strong>et</strong></span> 
     </span>
    </p>
   </div>
   <div class='ocr_carea' id='block_1_10' title="bbox 333 759 1915 831">
    <p class='ocr_par' dir='ltr' id='par_1_10' title="bbox 333 759 1915 831">
     <span class='ocr_line' id='line_1_10' title="bbox 333 759 1915 831; baseline 0.001 -19"><span class='ocrx_word' id='word_1_46' title='bbox 333 763 584 831; x_wconf 75' lang='grc' dir='ltr'>ἱππικὴν,</span> <span class='ocrx_word' id='word_1_47' title='bbox 633 763 751 816; x_wconf 84' lang='lat' dir='ltr'><strong>sine</strong></span> <span class='ocrx_word' id='word_1_48' title='bbox 783 764 907 816; x_wconf 93' lang='lat' dir='ltr'><strong>dolo</strong></span> <span class='ocrx_word' id='word_1_49' title='bbox 953 771 1119 831; x_wconf 85' lang='lat' dir='ltr'><strong>atque</strong></span> <span class='ocrx_word' id='word_1_50' title='bbox 1177 761 1392 815; x_wconf 86' lang='lat' dir='ltr'><strong>callidis</strong></span> <span class='ocrx_word' id='word_1_51' title='bbox 1433 759 1915 814; x_wconf 85' lang='lat' dir='ltr'><strong>adinventiouibus</strong></span> 
     </span>
    </p>
   </div>
   <div class='ocr_carea' id='block_1_11' title="bbox 329 851 1912 921">
    <p class='ocr_par' dir='ltr' id='par_1_11' title="bbox 329 851 1912 921">
     <span class='ocr_line' id='line_1_11' title="bbox 329 851 1912 921; baseline -0.002 -15"><span class='ocrx_word' id='word_1_52' title='bbox 329 855 517 908; x_wconf 78' lang='lat' dir='ltr'><strong>ludere</strong></span> <span class='ocrx_word' id='word_1_53' title='bbox 567 863 650 908; x_wconf 91' lang='lat' dir='ltr'><strong>est</strong></span> <span class='ocrx_word' id='word_1_54' title='bbox 699 854 927 906; x_wconf 81' lang='lat' dir='ltr'><strong>licitum.</strong></span> <span class='ocrx_word' id='word_1_55' title='bbox 987 853 1066 907; x_wconf 86' lang='lat' dir='ltr'><strong>Ac</strong></span> <span class='ocrx_word' id='word_1_56' title='bbox 1119 853 1274 906; x_wconf 85' lang='lat' dir='ltr'><strong>valde</strong></span> <span class='ocrx_word' id='word_1_57' title='bbox 1329 853 1548 921; x_wconf 87' lang='lat' dir='ltr'><strong>quidem</strong></span> <span class='ocrx_word' id='word_1_58' title='bbox 1608 853 1803 906; x_wconf 81' lang='lat' dir='ltr'><strong>divites</strong></span> <span class='ocrx_word' id='word_1_59' title='bbox 1859 851 1912 904; x_wconf 90' lang='lat' dir='ltr'><strong>iu</strong></span> 
     </span>
    </p>
   </div>
   <div class='ocr_carea' id='block_1_12' title="bbox 330 944 1908 1014">
    <p class='ocr_par' dir='ltr' id='par_1_12' title="bbox 330 944 1908 1014">
     <span class='ocr_line' id='line_1_12' title="bbox 330 944 1908 1014; baseline -0.001 -14"><span class='ocrx_word' id='word_1_60' title='bbox 330 963 500 1000; x_wconf 90' lang='lat' dir='ltr'><strong>unum</strong></span> <span class='ocrx_word' id='word_1_61' title='bbox 561 947 799 1000; x_wconf 88' lang='lat' dir='ltr'><strong>solidum</strong></span> <span class='ocrx_word' id='word_1_62' title='bbox 852 959 1185 1014; x_wconf 88' lang='lat' dir='ltr'><strong>unaquaque</strong></span> <span class='ocrx_word' id='word_1_63' title='bbox 1235 946 1578 1014; x_wconf 76' lang='lat' dir='ltr'><strong>oppositione</strong></span> <span class='ocrx_word' id='word_1_64' title='bbox 1641 944 1835 998; x_wconf 92' lang='lat' dir='ltr'><strong>ludunt</strong></span> <span class='ocrx_word' id='word_1_65' title='bbox 1895 962 1908 998; x_wconf 92' lang='lat'>:</span> 
     </span>
    </p>
   </div>
   <div class='ocr_carea' id='block_1_13' title="bbox 329 1036 1913 1107">
    <p class='ocr_par' dir='ltr' id='par_1_13' title="bbox 329 1036 1913 1107">
     <span class='ocr_line' id='line_1_13' title="bbox 329 1036 1913 1107; baseline -0.001 -16"><span class='ocrx_word' id='word_1_66' title='bbox 329 1039 524 1107; x_wconf 90' lang='lat' dir='ltr'><strong>reliqui</strong></span> <span class='ocrx_word' id='word_1_67' title='bbox 561 1055 690 1092; x_wconf 92' lang='lat' dir='ltr'><strong>vero</strong></span> <span class='ocrx_word' id='word_1_68' title='bbox 725 1040 776 1091; x_wconf 92' lang='lat' dir='ltr'><strong>in</strong></span> <span class='ocrx_word' id='word_1_69' title='bbox 816 1040 990 1091; x_wconf 91' lang='lat' dir='ltr'><strong>multo</strong></span> <span class='ocrx_word' id='word_1_70' title='bbox 1023 1039 1226 1090; x_wconf 87' lang='lat' dir='ltr'><strong>minus.</strong></span> <span class='ocrx_word' id='word_1_71' title='bbox 1261 1036 1367 1107; x_wconf 91' lang='lat' dir='ltr'><strong>[lu]</strong></span> <span class='ocrx_word' id='word_1_72' title='bbox 1401 1037 1546 1105; x_wconf 88' lang='lat' dir='ltr'><strong>qttod</strong></span> <span class='ocrx_word' id='word_1_73' title='bbox 1578 1046 1760 1090; x_wconf 88' lang='lat' dir='ltr'><strong>autem</strong></span> <span class='ocrx_word' id='word_1_74' title='bbox 1794 1053 1913 1090; x_wconf 87' lang='lat' dir='ltr'><strong>am-</strong></span> 
     </span>
    </p>
   </div>
   <div class='ocr_carea' id='block_1_14' title="bbox 328 1129 1909 1202">
    <p class='ocr_par' dir='ltr' id='par_1_14' title="bbox 328 1129 1909 1202">
     <span class='ocr_line' id='line_1_14' title="bbox 328 1129 1909 1202; baseline -0.001 -20"><span class='ocrx_word' id='word_1_75' title='bbox 328 1130 470 1199; x_wconf 90' lang='lat' dir='ltr'><strong>plius</strong></span> <span class='ocrx_word' id='word_1_76' title='bbox 499 1129 703 1202; x_wconf 84' lang='lat' dir='ltr'><strong>[lusum</strong></span> <span class='ocrx_word' id='word_1_77' title='bbox 740 1129 869 1201; x_wconf 84' lang='lat' dir='ltr'><strong>est].</strong></span> <span class='ocrx_word' id='word_1_78' title='bbox 900 1147 1005 1184; x_wconf 91' lang='lat' dir='ltr'><strong>non</strong></span> <span class='ocrx_word' id='word_1_79' title='bbox 1048 1131 1306 1200; x_wconf 76' lang='lat' dir='ltr'><strong>exigitur,</strong></span> <span class='ocrx_word' id='word_1_80' title='bbox 1341 1138 1395 1182; x_wconf 91' lang='lat' dir='ltr'><strong>et</strong></span> <span class='ocrx_word' id='word_1_81' title='bbox 1420 1129 1608 1182; x_wconf 85' lang='lat' dir='ltr'><strong>datum</strong></span> <span class='ocrx_word' id='word_1_82' title='bbox 1643 1129 1909 1183; x_wconf 84' lang='lat' dir='ltr'><strong>redditur.</strong></span> 
     </span>
    </p>
   </div>
   <div class='ocr_carea' id='block_1_15' title="bbox 330 1221 1909 1294">
    <p class='ocr_par' dir='ltr' id='par_1_15' title="bbox 330 1221 1909 1294">
     <span class='ocr_line' id='line_1_15' title="bbox 330 1221 1909 1294; baseline 0 -19"><span class='ocrx_word' id='word_1_83' title='bbox 330 1221 536 1277; x_wconf 83' lang='lat' dir='ltr'><strong>llarutn</strong></span> <span class='ocrx_word' id='word_1_84' title='bbox 593 1223 799 1294; x_wconf 90' lang='lat' dir='ltr'><strong>[autem</strong></span> <span class='ocrx_word' id='word_1_85' title='bbox 862 1223 1069 1294; x_wconf 89' lang='lat' dir='ltr'><strong>rerum]</strong></span> <span class='ocrx_word' id='word_1_86' title='bbox 1131 1238 1319 1276; x_wconf 90' lang='lat' dir='ltr'><strong>curam</strong></span> <span class='ocrx_word' id='word_1_87' title='bbox 1373 1223 1578 1276; x_wconf 86' lang='lat' dir='ltr'><strong>habent</strong></span> <span class='ocrx_word' id='word_1_88' title='bbox 1631 1221 1909 1290; x_wconf 65' lang='lat' dir='ltr'><strong>praesides,</strong></span> 
     </span>
    </p>
   </div>
   <div class='ocr_carea' id='block_1_16' title="bbox 329 1315 1910 1385">
    <p class='ocr_par' dir='ltr' id='par_1_16' title="bbox 329 1315 1910 1385">
     <span class='ocr_line' id='line_1_16' title="bbox 329 1315 1910 1385; baseline -0.001 -16"><span class='ocrx_word' id='word_1_89' title='bbox 329 1327 492 1385; x_wconf 88' lang='lat' dir='ltr'><strong>atque</strong></span> <span class='ocrx_word' id='word_1_90' title='bbox 525 1316 711 1370; x_wconf 89' lang='lat' dir='ltr'><strong>decem</strong></span> <span class='ocrx_word' id='word_1_91' title='bbox 760 1316 1024 1369; x_wconf 89' lang='lat' dir='ltr'><strong>librarum</strong></span> <span class='ocrx_word' id='word_1_92' title='bbox 1063 1316 1234 1369; x_wconf 90' lang='lat' dir='ltr'><strong>multa</strong></span> <span class='ocrx_word' id='word_1_93' title='bbox 1289 1315 1564 1369; x_wconf 83' lang='lat' dir='ltr'><strong>incumbit</strong></span> <span class='ocrx_word' id='word_1_94' title='bbox 1602 1322 1910 1382; x_wconf 78' lang='lat' dir='ltr'><strong>transgres-</strong></span> 
     </span>
    </p>
   </div>
   <div class='ocr_carea' id='block_1_17' title="bbox 327 1405 1909 1477">
    <p class='ocr_par' dir='ltr' id='par_1_17' title="bbox 327 1405 1909 1477">
     <span class='ocr_line' id='line_1_17' title="bbox 327 1405 1909 1477; baseline 0.002 -17"><span class='ocrx_word' id='word_1_95' title='bbox 327 1409 547 1461; x_wconf 87' lang='lat' dir='ltr'><strong>soribus</strong></span> <span class='ocrx_word' id='word_1_96' title='bbox 586 1418 639 1461; x_wconf 89' lang='lat' dir='ltr'><strong>et</strong></span> <span class='ocrx_word' id='word_1_97' title='bbox 683 1408 1172 1476; x_wconf 79' lang='lat' dir='ltr'><strong>transgressionem</strong></span> <span class='ocrx_word' id='word_1_98' title='bbox 1229 1408 1692 1477; x_wconf 86' lang='lat' dir='ltr'><strong>permittentibus.</strong></span> <span class='ocrx_word' id='word_1_99' title='bbox 1719 1405 1909 1463; x_wconf 77' lang='lat' dir='ltr'><strong>Const.</strong></span> 
     </span>
    </p>
   </div>
   <div class='ocr_carea' id='block_1_18' title="bbox 325 1495 1909 1566">
    <p class='ocr_par' dir='ltr' id='par_1_18' title="bbox 325 1495 1909 1566">
     <span class='ocr_line' id='line_1_18' title="bbox 325 1495 1909 1566; baseline 0.002 -18"><span class='ocrx_word' id='word_1_100' title='bbox 325 1512 456 1550; x_wconf 82' lang='lat' dir='ltr'><strong>vero</strong></span> <span class='ocrx_word' id='word_1_101' title='bbox 487 1499 520 1550; x_wconf 71' lang='grc'><strong>2</strong></span> <span class='ocrx_word' id='word_1_102' title='bbox 555 1497 798 1564; x_wconf 86' lang='lat' dir='ltr'><strong>ejusdem</strong></span> <span class='ocrx_word' id='word_1_103' title='bbox 831 1499 914 1550; x_wconf 92' lang='lat' dir='ltr'><strong>tit.</strong></span> <span class='ocrx_word' id='word_1_104' title='bbox 952 1496 1028 1550; x_wconf 86' lang='lat' dir='ltr'><strong>ait</strong></span> <span class='ocrx_word' id='word_1_105' title='bbox 1061 1513 1074 1549; x_wconf 89' lang='lat'><strong>:</strong></span> <span class='ocrx_word' id='word_1_106' title='bbox 1111 1495 1297 1566; x_wconf 88' lang='lat' dir='ltr'><strong>Neque</strong></span> <span class='ocrx_word' id='word_1_107' title='bbox 1332 1497 1529 1566; x_wconf 82' lang='lat' dir='ltr'><strong>ligneis</strong></span> <span class='ocrx_word' id='word_1_108' title='bbox 1561 1497 1909 1566; x_wconf 85' lang='lat' dir='ltr'><strong>equestribus</strong></span> 
     </span>
    </p>
   </div>
   <div class='ocr_carea' id='block_1_19' title="bbox 328 1587 1907 1660">
    <p class='ocr_par' dir='ltr' id='par_1_19' title="bbox 328 1587 1907 1660">
     <span class='ocr_line' id='line_1_19' title="bbox 328 1587 1907 1660; baseline 0.001 -21"><span class='ocrx_word' id='word_1_109' title='bbox 328 1587 650 1660; x_wconf 85' lang='lat' dir='ltr'><strong>[quomodo]</strong></span> <span class='ocrx_word' id='word_1_110' title='bbox 705 1597 993 1653; x_wconf 87' lang='lat' dir='ltr'><strong>vocantur,</strong></span> <span class='ocrx_word' id='word_1_111' title='bbox 1042 1604 1219 1658; x_wconf 86' lang='lat' dir='ltr'><strong>neque</strong></span> <span class='ocrx_word' id='word_1_112' title='bbox 1261 1589 1428 1642; x_wconf 90' lang='lat' dir='ltr'><strong>alium</strong></span> <span class='ocrx_word' id='word_1_113' title='bbox 1481 1587 1907 1660; x_wconf 85' lang='lat' dir='ltr'><strong>[quemcunque]</strong></span> 
     </span>
    </p>
   </div>
   <div class='ocr_carea' id='block_1_20' title="bbox 2017 395 3570 472">
    <p class='ocr_par' dir='ltr' id='par_1_20' title="bbox 2017 395 3570 472">
     <span class='ocr_line' id='line_1_20' title="bbox 2017 395 3570 472; baseline 0.004 -24"><span class='ocrx_word' id='word_1_114' title='bbox 2017 395 2126 448; x_wconf 86' lang='grc' dir='ltr'><strong>τῶν</strong></span> <span class='ocrx_word' id='word_1_115' title='bbox 2157 397 2475 449; x_wconf 79' lang='grc' dir='ltr'>ἐπισκόπων</span> <span class='ocrx_word' id='word_1_116' title='bbox 2502 395 2688 450; x_wconf 79' lang='grc' dir='ltr'>ἄδειαν</span> <span class='ocrx_word' id='word_1_117' title='bbox 2721 397 2953 466; x_wconf 71' lang='grc' dir='ltr'>ἐχόντων</span> <span class='ocrx_word' id='word_1_118' title='bbox 2992 397 3165 451; x_wconf 81' lang='grc' dir='ltr'>ταῦτα</span> <span class='ocrx_word' id='word_1_119' title='bbox 3213 396 3412 468; x_wconf 78' lang='grc' dir='ltr'><strong>ζητεῖν,</strong></span> <span class='ocrx_word' id='word_1_120' title='bbox 3458 399 3570 472; x_wconf 84' lang='grc' dir='ltr'>βοη-</span> 
     </span>
    </p>
   </div>
   <div class='ocr_carea' id='block_1_21' title="bbox 2018 486 3574 558">
    <p class='ocr_par' dir='ltr' id='par_1_21' title="bbox 2018 486 3574 558">
     <span class='ocr_line' id='line_1_21' title="bbox 2018 486 3574 558; baseline 0.003 -19"><span class='ocrx_word' id='word_1_121' title='bbox 2018 486 2252 540; x_wconf 83' lang='grc' dir='ltr'>θούντων</span> <span class='ocrx_word' id='word_1_122' title='bbox 2311 487 2497 550; x_wconf 80' lang='grc' dir='ltr'>αὐτοῖς</span> <span class='ocrx_word' id='word_1_123' title='bbox 2554 487 2662 540; x_wconf 89' lang='grc' dir='ltr'><strong>τῶν</strong></span> <span class='ocrx_word' id='word_1_124' title='bbox 2722 488 2984 558; x_wconf 86' lang='grc' dir='ltr'>Πατέρων</span> <span class='ocrx_word' id='word_1_125' title='bbox 3030 487 3126 540; x_wconf 75' lang='grc' dir='ltr'>καὶ</span> <span class='ocrx_word' id='word_1_126' title='bbox 3178 488 3447 557; x_wconf 80' lang='grc' dir='ltr'><strong>ἀρχόντων</strong></span> <span class='ocrx_word' id='word_1_127' title='bbox 3492 490 3574 543; x_wconf 80' lang='grc' dir='ltr'>καὶ</span> 
     </span>
    </p>
   </div>
   <div class='ocr_carea' id='block_1_22' title="bbox 2017 578 3572 650">
    <p class='ocr_par' dir='ltr' id='par_1_22' title="bbox 2017 578 3572 650">
     <span class='ocr_line' id='line_1_22' title="bbox 2017 578 3572 650; baseline 0.002 -18"><span class='ocrx_word' id='word_1_128' title='bbox 2017 579 2285 632; x_wconf 83' lang='grc' dir='ltr'>ὲκδίκων·</span> <span class='ocrx_word' id='word_1_129' title='bbox 2347 579 2510 649; x_wconf 88' lang='grc' dir='ltr'>μόνον</span> <span class='ocrx_word' id='word_1_130' title='bbox 2565 579 2622 632; x_wconf 83' lang='grc' dir='ltr'>δὲ</span> <span class='ocrx_word' id='word_1_131' title='bbox 2689 579 2906 643; x_wconf 78' lang='grc' dir='ltr'>παίζειν</span> <span class='ocrx_word' id='word_1_132' title='bbox 2949 578 3129 644; x_wconf 79' lang='grc' dir='ltr'>ἔξεστι</span> <span class='ocrx_word' id='word_1_133' title='bbox 3171 579 3441 650; x_wconf 76' lang='grc' dir='ltr'>μονίὸολον</span> <span class='ocrx_word' id='word_1_134' title='bbox 3487 582 3572 634; x_wconf 80' lang='grc' dir='ltr'>καὶ</span> 
     </span>
    </p>
   </div>
   <div class='ocr_carea' id='block_1_23' title="bbox 2017 668 3575 742">
    <p class='ocr_par' dir='ltr' id='par_1_23' title="bbox 2017 668 3575 742">
     <span class='ocr_line' id='line_1_23' title="bbox 2017 668 3575 742; baseline 0.001 -21"><span class='ocrx_word' id='word_1_135' title='bbox 2017 668 2477 738; x_wconf 84' lang='grc' dir='ltr'>κονδομονίὸολον,</span> <span class='ocrx_word' id='word_1_136' title='bbox 2519 669 2618 724; x_wconf 78' lang='grc' dir='ltr'><strong>καὶ</strong></span> <span class='ocrx_word' id='word_1_137' title='bbox 2666 670 2971 738; x_wconf 85' lang='grc' dir='ltr'>κυῖντανὺν,</span> <span class='ocrx_word' id='word_1_138' title='bbox 3023 669 3119 723; x_wconf 71' lang='grc' dir='ltr'><strong>καὶ</strong></span> <span class='ocrx_word' id='word_1_139' title='bbox 3148 670 3383 724; x_wconf 86' lang='grc' dir='ltr'>κόνδακα</span> <span class='ocrx_word' id='word_1_140' title='bbox 3425 673 3575 742; x_wconf 62' lang='grc' dir='ltr'>χωρὶς</span> 
     </span>
    </p>
   </div>
   <div class='ocr_carea' id='block_1_24' title="bbox 2015 760 3578 835">
    <p class='ocr_par' dir='ltr' id='par_1_24' title="bbox 2015 760 3578 835">
     <span class='ocr_line' id='line_1_24' title="bbox 2015 760 3578 835; baseline 0.003 -23"><span class='ocrx_word' id='word_1_141' title='bbox 2015 760 2114 828; x_wconf 83' lang='grc' dir='ltr'>τῆς</span> <span class='ocrx_word' id='word_1_142' title='bbox 2142 761 2338 830; x_wconf 85' lang='grc' dir='ltr'>όρπῆς,</span> <span class='ocrx_word' id='word_1_143' title='bbox 2377 763 2471 816; x_wconf 82' lang='grc' dir='ltr'>καὶ</span> <span class='ocrx_word' id='word_1_144' title='bbox 2507 763 2827 834; x_wconf 83' lang='grc' dir='ltr'>περιχύτην,</span> <span class='ocrx_word' id='word_1_145' title='bbox 2856 764 2950 816; x_wconf 73' lang='grc' dir='ltr'><strong>καὶ</strong></span> <span class='ocrx_word' id='word_1_146' title='bbox 2982 762 3206 816; x_wconf 81' lang='grc' dir='ltr'>ίππικδν</span> <span class='ocrx_word' id='word_1_147' title='bbox 3233 763 3359 817; x_wconf 84' lang='grc' dir='ltr'>ἀνευ</span> <span class='ocrx_word' id='word_1_148' title='bbox 3404 765 3578 835; x_wconf 85' lang='grc' dir='ltr'>τέχνης</span> 
     </span>
    </p>
   </div>
   <div class='ocr_carea' id='block_1_25' title="bbox 2016 852 3581 925">
    <p class='ocr_par' dir='ltr' id='par_1_25' title="bbox 2016 852 3581 925">
     <span class='ocr_line' id='line_1_25' title="bbox 2016 852 3581 925; baseline 0.002 -21"><span class='ocrx_word' id='word_1_149' title='bbox 2016 852 2110 904; x_wconf 79' lang='grc' dir='ltr'>καὶ</span> <span class='ocrx_word' id='word_1_150' title='bbox 2146 853 2392 915; x_wconf 68' lang='grc' dir='ltr'>ἐπινοίας</span> <span class='ocrx_word' id='word_1_151' title='bbox 2417 871 2430 883; x_wconf 91' lang='grc'><strong>·</strong></span> <span class='ocrx_word' id='word_1_152' title='bbox 2469 854 2566 906; x_wconf 74' lang='grc' dir='ltr'><strong>καὶ</strong></span> <span class='ocrx_word' id='word_1_153' title='bbox 2597 855 2774 924; x_wconf 82' lang='grc' dir='ltr'>οἱμὲν</span> <span class='ocrx_word' id='word_1_154' title='bbox 2799 854 3006 925; x_wconf 87' lang='grc' dir='ltr'>σφόδρα</span> <span class='ocrx_word' id='word_1_155' title='bbox 3051 853 3319 915; x_wconf 79' lang='grc' dir='ltr'>πλούσιοι,</span> <span class='ocrx_word' id='word_1_156' title='bbox 3361 854 3472 917; x_wconf 75' lang='grc' dir='ltr'>ἐνὸς</span> <span class='ocrx_word' id='word_1_157' title='bbox 3502 872 3581 907; x_wconf 88' lang='grc' dir='ltr'>νο-</span> 
     </span>
    </p>
   </div>
   <div class='ocr_carea' id='block_1_26' title="bbox 2018 943 3579 1014">
    <p class='ocr_par' dir='ltr' id='par_1_26' title="bbox 2018 943 3579 1014">
     <span class='ocr_line' id='line_1_26' title="bbox 2018 943 3579 1014; baseline 0.002 -19"><span class='ocrx_word' id='word_1_158' title='bbox 2018 943 2291 1012; x_wconf 86' lang='grc' dir='ltr'>μίσματος</span> <span class='ocrx_word' id='word_1_159' title='bbox 2325 945 2563 1014; x_wconf 75' lang='grc' dir='ltr'>ἑκάστην</span> <span class='ocrx_word' id='word_1_160' title='bbox 2588 946 2838 1000; x_wconf 83' lang='grc' dir='ltr'>σύνθεσιν</span> <span class='ocrx_word' id='word_1_161' title='bbox 2867 945 3156 1009; x_wconf 75' lang='grc' dir='ltr'><strong>παίζουσιν</strong></span> <span class='ocrx_word' id='word_1_162' title='bbox 3175 961 3191 976; x_wconf 85' lang='lat'><strong><em>°</em></strong></span> <span class='ocrx_word' id='word_1_163' title='bbox 3233 947 3284 998; x_wconf 93' lang='grc' dir='ltr'><strong>οί</strong></span> <span class='ocrx_word' id='word_1_164' title='bbox 3313 945 3367 998; x_wconf 85' lang='grc' dir='ltr'>δὲ</span> <span class='ocrx_word' id='word_1_165' title='bbox 3394 945 3579 1009; x_wconf 74' lang='grc' dir='ltr'>λοιποὶ,</span> 
     </span>
    </p>
   </div>
   <div class='ocr_carea' id='block_1_27' title="bbox 2016 1037 3584 1107">
    <p class='ocr_par' dir='ltr' id='par_1_27' title="bbox 2016 1037 3584 1107">
     <span class='ocr_line' id='line_1_27' title="bbox 2016 1037 3584 1107; baseline 0.003 -19"><span class='ocrx_word' id='word_1_166' title='bbox 2016 1037 2157 1089; x_wconf 86' lang='grc' dir='ltr'>πάνυ</span> <span class='ocrx_word' id='word_1_167' title='bbox 2191 1037 2413 1106; x_wconf 78' lang='grc' dir='ltr'>ἥττονος</span> <span class='ocrx_word' id='word_1_168' title='bbox 2434 1054 2448 1068; x_wconf 74' lang='grc' dir='ltr'><strong>ο</strong></span> <span class='ocrx_word' id='word_1_169' title='bbox 2477 1039 2537 1091; x_wconf 85' lang='grc' dir='ltr'><strong>τὸ</strong></span> <span class='ocrx_word' id='word_1_170' title='bbox 2559 1038 2616 1090; x_wconf 87' lang='grc' dir='ltr'>δὲ</span> <span class='ocrx_word' id='word_1_171' title='bbox 2648 1038 2811 1091; x_wconf 89' lang='grc' dir='ltr'>πλέον</span> <span class='ocrx_word' id='word_1_172' title='bbox 2858 1039 3163 1106; x_wconf 81' lang='grc' dir='ltr'>ἀπαίτησιν</span> <span class='ocrx_word' id='word_1_173' title='bbox 3202 1038 3302 1091; x_wconf 83' lang='grc' dir='ltr'><strong>οὐκ</strong></span> <span class='ocrx_word' id='word_1_174' title='bbox 3336 1037 3462 1107; x_wconf 75' lang='grc' dir='ltr'>ἔχει,</span> <span class='ocrx_word' id='word_1_175' title='bbox 3497 1040 3584 1092; x_wconf 71' lang='grc' dir='ltr'>καὶ</span> 
     </span>
    </p>
   </div>
   <div class='ocr_carea' id='block_1_28' title="bbox 2015 1128 3583 1202">
    <p class='ocr_par' dir='ltr' id='par_1_28' title="bbox 2015 1128 3583 1202">
     <span class='ocr_line' id='line_1_28' title="bbox 2015 1128 3583 1202; baseline 0.002 -22"><span class='ocrx_word' id='word_1_176' title='bbox 2015 1128 2287 1197; x_wconf 83' lang='grc' dir='ltr'>διδόμενον</span> <span class='ocrx_word' id='word_1_177' title='bbox 2322 1130 2422 1182; x_wconf 87' lang='grc' dir='ltr'><strong>οὐκ</strong></span> <span class='ocrx_word' id='word_1_178' title='bbox 2447 1130 2756 1183; x_wconf 78' lang='grc' dir='ltr'>ἀποδίδοται</span> <span class='ocrx_word' id='word_1_179' title='bbox 2779 1146 2792 1160; x_wconf 89' lang='grc'><strong>·</strong></span> <span class='ocrx_word' id='word_1_180' title='bbox 2835 1129 3124 1202; x_wconf 84' lang='grc' dir='ltr'>προνοοῦσι</span> <span class='ocrx_word' id='word_1_181' title='bbox 3165 1130 3369 1182; x_wconf 81' lang='grc' dir='ltr'>τούτων</span> <span class='ocrx_word' id='word_1_182' title='bbox 3405 1130 3452 1182; x_wconf 81' lang='grc' dir='ltr'>οἱ</span> <span class='ocrx_word' id='word_1_183' title='bbox 3492 1130 3583 1200; x_wconf 81' lang='grc' dir='ltr'>ἀρ-</span> 
     </span>
    </p>
   </div>
   <div class='ocr_carea' id='block_1_29' title="bbox 2014 1220 3585 1292">
    <p class='ocr_par' dir='ltr' id='par_1_29' title="bbox 2014 1220 3585 1292">
     <span class='ocr_line' id='line_1_29' title="bbox 2014 1220 3585 1292; baseline 0.002 -22"><span class='ocrx_word' id='word_1_184' title='bbox 2014 1236 2219 1288; x_wconf 87' lang='grc' dir='ltr'>χοντες,</span> <span class='ocrx_word' id='word_1_185' title='bbox 2241 1220 2374 1273; x_wconf 82' lang='grc' dir='ltr'><strong>δέκα</strong></span> <span class='ocrx_word' id='word_1_186' title='bbox 2394 1221 2593 1292; x_wconf 84' lang='grc' dir='ltr'>λιτρῶν</span> <span class='ocrx_word' id='word_1_187' title='bbox 2616 1222 2810 1290; x_wconf 84' lang='grc' dir='ltr'>ποινῆς</span> <span class='ocrx_word' id='word_1_188' title='bbox 2825 1222 3181 1292; x_wconf 78' lang='grc' dir='ltr'>ἐπικειμένης</span> <span class='ocrx_word' id='word_1_189' title='bbox 3198 1224 3310 1284; x_wconf 88' lang='grc' dir='ltr'>τοῖς</span> <span class='ocrx_word' id='word_1_190' title='bbox 3333 1222 3585 1290; x_wconf 78' lang='grc' dir='ltr'>παραϐαί-</span> 
     </span>
    </p>
   </div>
   <div class='ocr_carea' id='block_1_30' title="bbox 2015 1310 3585 1384">
    <p class='ocr_par' dir='ltr' id='par_1_30' title="bbox 2015 1310 3585 1384">
     <span class='ocr_line' id='line_1_30' title="bbox 2015 1310 3585 1384; baseline 0.003 -24"><span class='ocrx_word' id='word_1_191' title='bbox 2015 1325 2217 1375; x_wconf 80' lang='grc' dir='ltr'>νουσιν,</span> <span class='ocrx_word' id='word_1_192' title='bbox 2241 1310 2273 1381; x_wconf 85' lang='grc' dir='ltr'>ἢ</span> <span class='ocrx_word' id='word_1_193' title='bbox 2299 1311 2642 1384; x_wconf 84' lang='grc' dir='ltr'>συγχωροῦσι</span> <span class='ocrx_word' id='word_1_194' title='bbox 2669 1311 3127 1381; x_wconf 73' lang='grc' dir='ltr'>παραϐαίνεσθαι·</span> <span class='ocrx_word' id='word_1_195' title='bbox 3153 1313 3259 1382; x_wconf 80' lang='grc' dir='ltr'><strong>ἡδὲ</strong></span> <span class='ocrx_word' id='word_1_196' title='bbox 3284 1311 3327 1382; x_wconf 86' lang='grc' dir='ltr'><strong>β’</strong></span> <span class='ocrx_word' id='word_1_197' title='bbox 3347 1312 3479 1366; x_wconf 85' lang='grc' dir='ltr'>διὰτ.</span> <span class='ocrx_word' id='word_1_198' title='bbox 3499 1311 3585 1364; x_wconf 86' lang='grc' dir='ltr'><strong>τοῦ</strong></span> 
     </span>
    </p>
   </div>
   <div class='ocr_carea' id='block_1_31' title="bbox 2012 1401 3586 1472">
    <p class='ocr_par' dir='ltr' id='par_1_31' title="bbox 2012 1401 3586 1472">
     <span class='ocr_line' id='line_1_31' title="bbox 2012 1401 3586 1472; baseline 0 -18"><span class='ocrx_word' id='word_1_199' title='bbox 2012 1401 2178 1454; x_wconf 73' lang='grc' dir='ltr'>αὐτοῦ</span> <span class='ocrx_word' id='word_1_200' title='bbox 2201 1403 2306 1457; x_wconf 90' lang='grc' dir='ltr'>τίτ.</span> <span class='ocrx_word' id='word_1_201' title='bbox 2323 1403 2512 1472; x_wconf 64' lang='grc' dir='ltr'>φησιν,</span> <span class='ocrx_word' id='word_1_202' title='bbox 2529 1403 2608 1456; x_wconf 85' lang='grc' dir='ltr'><strong>ὅτι</strong></span> <span class='ocrx_word' id='word_1_203' title='bbox 2630 1402 2752 1456; x_wconf 79' lang='grc' dir='ltr'>οὕτε</span> <span class='ocrx_word' id='word_1_204' title='bbox 2763 1405 2875 1467; x_wconf 85' lang='grc' dir='ltr'>τοῖς</span> <span class='ocrx_word' id='word_1_205' title='bbox 2891 1403 3249 1472; x_wconf 81' lang='grc' dir='ltr'>καλουμένοις</span> <span class='ocrx_word' id='word_1_206' title='bbox 3267 1403 3489 1468; x_wconf 81' lang='grc' dir='ltr'>ξυλίνοις</span> <span class='ocrx_word' id='word_1_207' title='bbox 3504 1404 3586 1454; x_wconf 86' lang='grc' dir='ltr'><strong>ἱπ-</strong></span> 
     </span>
    </p>
   </div>
   <div class='ocr_carea' id='block_1_32' title="bbox 2012 1493 3587 1568">
    <p class='ocr_par' dir='ltr' id='par_1_32' title="bbox 2012 1493 3587 1568">
     <span class='ocr_line' id='line_1_32' title="bbox 2012 1493 3587 1568; baseline 0.002 -23"><span class='ocrx_word' id='word_1_208' title='bbox 2012 1496 2214 1558; x_wconf 79' lang='grc' dir='ltr'>πικοῖς,</span> <span class='ocrx_word' id='word_1_209' title='bbox 2236 1493 2360 1549; x_wconf 77' lang='grc' dir='ltr'>οὔτε</span> <span class='ocrx_word' id='word_1_210' title='bbox 2377 1495 2512 1568; x_wconf 80' lang='grc' dir='ltr'>ἄλλῃ</span> <span class='ocrx_word' id='word_1_211' title='bbox 2527 1496 2721 1567; x_wconf 80' lang='grc' dir='ltr'>κυδείᾳ</span> <span class='ocrx_word' id='word_1_212' title='bbox 2741 1497 2958 1561; x_wconf 77' lang='grc' dir='ltr'>παίζειν</span> <span class='ocrx_word' id='word_1_213' title='bbox 2975 1497 3172 1563; x_wconf 77' lang='grc' dir='ltr'>ἔξεστι,</span> <span class='ocrx_word' id='word_1_214' title='bbox 3192 1496 3333 1566; x_wconf 82' lang='grc' dir='ltr'>πλὴν</span> <span class='ocrx_word' id='word_1_215' title='bbox 3354 1495 3456 1548; x_wconf 86' lang='grc' dir='ltr'><strong>τῶν</strong></span> <span class='ocrx_word' id='word_1_216' title='bbox 3475 1499 3587 1548; x_wconf 81' lang='grc' dir='ltr'>ὲπι-</span> 
     </span>
    </p>
   </div>
   <div class='ocr_carea' id='block_1_33' title="bbox 2011 1586 3583 1662">
    <p class='ocr_par' dir='ltr' id='par_1_33' title="bbox 2011 1586 3583 1662">
     <span class='ocr_line' id='line_1_33' title="bbox 2011 1586 3583 1662; baseline 0.002 -25"><span class='ocrx_word' id='word_1_217' title='bbox 2011 1586 2330 1654; x_wconf 75' lang='grc' dir='ltr'>τραπέντων</span> <span class='ocrx_word' id='word_1_218' title='bbox 2355 1591 2413 1640; x_wconf 85' lang='grc' dir='ltr'>ὲν</span> <span class='ocrx_word' id='word_1_219' title='bbox 2433 1592 2499 1660; x_wconf 80' lang='grc' dir='ltr'>τῇ</span> <span class='ocrx_word' id='word_1_220' title='bbox 2529 1589 2879 1662; x_wconf 79' lang='grc' dir='ltr'>προλαὸούσῃ</span> <span class='ocrx_word' id='word_1_221' title='bbox 2907 1589 3049 1644; x_wconf 84' lang='grc' dir='ltr'>διάτ.</span> <span class='ocrx_word' id='word_1_222' title='bbox 3085 1589 3181 1642; x_wconf 71' lang='grc' dir='ltr'><strong>καὶ</strong></span> <span class='ocrx_word' id='word_1_223' title='bbox 3208 1590 3257 1641; x_wconf 82' lang='grc' dir='ltr'>οἱ</span> <span class='ocrx_word' id='word_1_224' title='bbox 3287 1590 3438 1641; x_wconf 86' lang='grc' dir='ltr'>τόποι</span> <span class='ocrx_word' id='word_1_225' title='bbox 3472 1587 3583 1640; x_wconf 72' lang='grc' dir='ltr'>καθ’</span> 
     </span>
    </p>
   </div>
   <div class='ocr_carea' id='block_1_34' title="bbox 325 1667 1912 1751">
    <p class='ocr_par' dir='ltr' id='par_1_34' title="bbox 325 1678 1908 1750">
     <span class='ocr_line' id='line_1_34' title="bbox 325 1678 1908 1750; baseline -0.001 -16"><span class='ocrx_word' id='word_1_226' title='bbox 325 1682 456 1734; x_wconf 81' lang='lat' dir='ltr'><strong>aleae</strong></span> <span class='ocrx_word' id='word_1_227' title='bbox 485 1681 672 1734; x_wconf 91' lang='lat' dir='ltr'><strong>ludum</strong></span> <span class='ocrx_word' id='word_1_228' title='bbox 699 1678 786 1736; x_wconf 77' lang='lat' dir='ltr'><strong>fas</strong></span> <span class='ocrx_word' id='word_1_229' title='bbox 819 1689 902 1735; x_wconf 88' lang='lat' dir='ltr'><strong>est</strong></span> <span class='ocrx_word' id='word_1_230' title='bbox 932 1680 1119 1734; x_wconf 89' lang='lat' dir='ltr'><strong>ludere</strong></span> <span class='ocrx_word' id='word_1_231' title='bbox 1149 1699 1162 1736; x_wconf 90' lang='lat'><strong>:</strong></span> <span class='ocrx_word' id='word_1_232' title='bbox 1204 1693 1564 1750; x_wconf 81' lang='lat' dir='ltr'><strong>praeterquam</strong></span> <span class='ocrx_word' id='word_1_233' title='bbox 1604 1681 1672 1734; x_wconf 91' lang='lat' dir='ltr'><strong>iis</strong></span> <span class='ocrx_word' id='word_1_234' title='bbox 1701 1695 1824 1749; x_wconf 77' lang='lat' dir='ltr'><strong>quae</strong></span> <span class='ocrx_word' id='word_1_235' title='bbox 1854 1683 1908 1732; x_wconf 87' lang='lat' dir='ltr'><strong>in</strong></span> 
     </span>
    </p>
   </div>
   <div class='ocr_carea' id='block_1_35' title="bbox 2040 1667 3592 1751">
    <p class='ocr_par' dir='ltr' id='par_1_35' title="bbox 2043 1673 3592 1751">
     <span class='ocr_line' id='line_1_35' title="bbox 2043 1673 3592 1751; baseline 0.002 -23"><span class='ocrx_word' id='word_1_236' title='bbox 2043 1673 2103 1738; x_wconf 83' lang='grc' dir='ltr'><strong>ὓς</strong></span> <span class='ocrx_word' id='word_1_237' title='bbox 2124 1678 2182 1729; x_wconf 86' lang='grc' dir='ltr'>ὲν</span> <span class='ocrx_word' id='word_1_238' title='bbox 2207 1680 2319 1742; x_wconf 88' lang='grc' dir='ltr'>τοίς</span> <span class='ocrx_word' id='word_1_239' title='bbox 2341 1678 2602 1744; x_wconf 82' lang='grc' dir='ltr'>τοιούτοις</span> <span class='ocrx_word' id='word_1_240' title='bbox 2623 1682 2866 1744; x_wconf 81' lang='grc' dir='ltr'>ἱππικοῖς</span> <span class='ocrx_word' id='word_1_241' title='bbox 2879 1681 3134 1746; x_wconf 74' lang='grc' dir='ltr'>παίζουσι</span> <span class='ocrx_word' id='word_1_242' title='bbox 3152 1681 3402 1751; x_wconf 88' lang='grc' dir='ltr'>δημόσιοι</span> <span class='ocrx_word' id='word_1_243' title='bbox 3424 1682 3592 1748; x_wconf 84' lang='grc' dir='ltr'>γίνον-</span> 
     </span>
    </p>
   </div>
   <div class='ocr_carea' id='block_1_36' title="bbox 324 1768 1904 1841">
    <p class='ocr_par' dir='ltr' id='par_1_36' title="bbox 324 1768 1904 1841">
     <span class='ocr_line' id='line_1_36' title="bbox 324 1768 1904 1841; baseline 0 -19"><span class='ocrx_word' id='word_1_244' title='bbox 324 1772 666 1841; x_wconf 69' lang='lat' dir='ltr'><strong>praecedente</strong></span> <span class='ocrx_word' id='word_1_245' title='bbox 696 1771 1091 1825; x_wconf 88' lang='lat' dir='ltr'><strong>constitutione</strong></span> <span class='ocrx_word' id='word_1_246' title='bbox 1123 1771 1387 1839; x_wconf 88' lang='lat' dir='ltr'><strong>permissa</strong></span> <span class='ocrx_word' id='word_1_247' title='bbox 1418 1782 1568 1825; x_wconf 90' lang='lat' dir='ltr'><strong>sunt.</strong></span> <span class='ocrx_word' id='word_1_248' title='bbox 1601 1768 1904 1841; x_wconf 85' lang='lat' dir='ltr'><strong>[Alioquin]</strong></span> 
     </span>
    </p>
   </div>
   <div class='ocr_carea' id='block_1_37' title="bbox 325 1862 1906 1932">
    <p class='ocr_par' dir='ltr' id='par_1_37' title="bbox 325 1862 1906 1932">
     <span class='ocr_line' id='line_1_37' title="bbox 325 1862 1906 1932; baseline -0.001 -16"><span class='ocrx_word' id='word_1_249' title='bbox 325 1873 379 1916; x_wconf 90' lang='lat' dir='ltr'><strong>et</strong></span> <span class='ocrx_word' id='word_1_250' title='bbox 412 1864 531 1916; x_wconf 89' lang='lat' dir='ltr'><strong>loca</strong></span> <span class='ocrx_word' id='word_1_251' title='bbox 580 1864 631 1916; x_wconf 92' lang='lat' dir='ltr'><strong>in</strong></span> <span class='ocrx_word' id='word_1_252' title='bbox 677 1864 877 1932; x_wconf 89' lang='lat' dir='ltr'><strong>quibus</strong></span> <span class='ocrx_word' id='word_1_253' title='bbox 926 1862 1240 1931; x_wconf 89' lang='lat' dir='ltr'><strong>hujusmodi</strong></span> <span class='ocrx_word' id='word_1_254' title='bbox 1283 1864 1633 1931; x_wconf 82' lang='lat' dir='ltr'><strong>equestribus</strong></span> <span class='ocrx_word' id='word_1_255' title='bbox 1679 1863 1906 1929; x_wconf 88' lang='lat' dir='ltr'><strong>luditur,</strong></span> 
     </span>
    </p>
   </div>
   <div class='ocr_carea' id='block_1_38' title="bbox 325 1954 1909 2023">
    <p class='ocr_par' dir='ltr' id='par_1_38' title="bbox 325 1954 1909 2023">
     <span class='ocr_line' id='line_1_38' title="bbox 325 1954 1909 2023; baseline 0 -15"><span class='ocrx_word' id='word_1_256' title='bbox 325 1954 544 2023; x_wconf 78' lang='lat' dir='ltr'><strong>publica</strong></span> <span class='ocrx_word' id='word_1_257' title='bbox 604 1954 761 2019; x_wconf 83' lang='lat' dir='ltr'><strong>ﬁunt,</strong></span> <span class='ocrx_word' id='word_1_258' title='bbox 816 1963 870 2008; x_wconf 87' lang='lat' dir='ltr'><strong>et</strong></span> <span class='ocrx_word' id='word_1_259' title='bbox 921 1955 1043 2007; x_wconf 87' lang='lat' dir='ltr'><strong>data</strong></span> <span class='ocrx_word' id='word_1_260' title='bbox 1098 1955 1461 2008; x_wconf 89' lang='lat' dir='ltr'><strong>restituuntur</strong></span> <span class='ocrx_word' id='word_1_261' title='bbox 1509 1971 1523 2008; x_wconf 88' lang='lat'><strong>:</strong></span> <span class='ocrx_word' id='word_1_262' title='bbox 1581 1964 1675 2008; x_wconf 86' lang='lat' dir='ltr'><strong>aut</strong></span> <span class='ocrx_word' id='word_1_263' title='bbox 1719 1955 1764 2008; x_wconf 86' lang='lat' dir='ltr'><strong>si</strong></span> <span class='ocrx_word' id='word_1_264' title='bbox 1813 1954 1909 2022; x_wconf 80' lang='lat' dir='ltr'><strong>qui</strong></span> 
     </span>
    </p>
   </div>
   <div class='ocr_carea' id='block_1_39' title="bbox 325 2045 1910 2115">
    <p class='ocr_par' dir='ltr' id='par_1_39' title="bbox 325 2045 1910 2115">
     <span class='ocr_line' id='line_1_39' title="bbox 325 2045 1910 2115; baseline -0.001 -14"><span class='ocrx_word' id='word_1_265' title='bbox 325 2047 616 2114; x_wconf 87' lang='lat' dir='ltr'><strong>dederunt,</strong></span> <span class='ocrx_word' id='word_1_266' title='bbox 667 2047 917 2115; x_wconf 84' lang='lat' dir='ltr'><strong>recipere</strong></span> <span class='ocrx_word' id='word_1_267' title='bbox 953 2047 1151 2110; x_wconf 88' lang='lat' dir='ltr'><strong>nolint,</strong></span> <span class='ocrx_word' id='word_1_268' title='bbox 1210 2063 1304 2112; x_wconf 89' lang='lat' dir='ltr'><strong>per</strong></span> <span class='ocrx_word' id='word_1_269' title='bbox 1348 2045 1659 2114; x_wconf 70' lang='lat' dir='ltr'><strong>praefectum</strong></span> <span class='ocrx_word' id='word_1_270' title='bbox 1693 2056 1747 2100; x_wconf 88' lang='lat' dir='ltr'><strong>et</strong></span> <span class='ocrx_word' id='word_1_271' title='bbox 1782 2062 1910 2112; x_wconf 89' lang='lat' dir='ltr'><strong>pro-</strong></span> 
     </span>
    </p>
   </div>
   <div class='ocr_carea' id='block_1_40' title="bbox 325 2137 1906 2208">
    <p class='ocr_par' dir='ltr' id='par_1_40' title="bbox 325 2137 1906 2208">
     <span class='ocr_line' id='line_1_40' title="bbox 325 2137 1906 2208; baseline -0.001 -17"><span class='ocrx_word' id='word_1_272' title='bbox 325 2138 630 2191; x_wconf 82' lang='lat' dir='ltr'><strong>vinciarum</strong></span> <span class='ocrx_word' id='word_1_273' title='bbox 691 2139 950 2208; x_wconf 73' lang='lat' dir='ltr'><strong>praesides</strong></span> <span class='ocrx_word' id='word_1_274' title='bbox 1020 2140 1334 2206; x_wconf 71' lang='lat' dir='ltr'><strong>exiguntur,</strong></span> <span class='ocrx_word' id='word_1_275' title='bbox 1401 2147 1566 2206; x_wconf 85' lang='lat' dir='ltr'><strong>atque</strong></span> <span class='ocrx_word' id='word_1_276' title='bbox 1621 2137 1906 2191; x_wconf 82' lang='lat' dir='ltr'><strong>civitatum</strong></span> 
     </span>
    </p>
   </div>
   <div class='ocr_carea' id='block_1_41' title="bbox 331 2229 989 2297">
    <p class='ocr_par' dir='ltr' id='par_1_41' title="bbox 331 2229 989 2297">
     <span class='ocr_line' id='line_1_41' title="bbox 331 2229 989 2297; baseline -0.003 -15"><span class='ocrx_word' id='word_1_277' title='bbox 331 2230 590 2297; x_wconf 69' lang='lat' dir='ltr'><strong>Oper-ibus</strong></span> <span class='ocrx_word' id='word_1_278' title='bbox 618 2229 989 2297; x_wconf 81' lang='lat' dir='ltr'><strong>applicantur.</strong></span> 
     </span>
    </p>
   </div>
   <div class='ocr_carea' id='block_1_42' title="bbox 396 2336 1910 2403">
    <p class='ocr_par' dir='ltr' id='par_1_42' title="bbox 396 2336 1910 2403">
     <span class='ocr_line' id='line_1_42' title="bbox 396 2336 1910 2403; baseline -0.002 -10"><span class='ocrx_word' id='word_1_279' title='bbox 396 2339 548 2394; x_wconf 80' lang='lat' dir='ltr'><strong>CAP.</strong></span> <span class='ocrx_word' id='word_1_280' title='bbox 580 2337 838 2393; x_wconf 71' lang='lat' dir='ltr'><strong>XXX.—</strong></span> <span class='ocrx_word' id='word_1_281' title='bbox 868 2339 944 2392; x_wconf 83' lang='lat' dir='ltr'><strong>De</strong></span> <span class='ocrx_word' id='word_1_282' title='bbox 975 2338 1339 2403; x_wconf 76' lang='lat' dir='ltr'><strong>dwmouiacis,</strong></span> <span class='ocrx_word' id='word_1_283' title='bbox 1384 2347 1476 2390; x_wconf 85' lang='lat' dir='ltr'><strong>aut</strong></span> <span class='ocrx_word' id='word_1_284' title='bbox 1506 2337 1560 2390; x_wconf 85' lang='lat' dir='ltr'><strong>id</strong></span> <span class='ocrx_word' id='word_1_285' title='bbox 1601 2336 1910 2390; x_wconf 78' lang='lat' dir='ltr'><strong>simulanti-</strong></span> 
     </span>
    </p>
   </div>
   <div class='ocr_carea' id='block_1_43' title="bbox 326 2431 442 2484">
    <p class='ocr_par' dir='ltr' id='par_1_43' title="bbox 326 2431 442 2484">
     <span class='ocr_line' id='line_1_43' title="bbox 326 2431 442 2484; baseline -0.009 -1"><span class='ocrx_word' id='word_1_286' title='bbox 326 2431 442 2484; x_wconf 80' lang='lat' dir='ltr'><strong>bus.</strong></span> 
     </span>
    </p>
   </div>
   <div class='ocr_carea' id='block_1_44' title="bbox 771 2537 1455 2603">
    <p class='ocr_par' dir='ltr' id='par_1_44' title="bbox 771 2537 1455 2603">
     <span class='ocr_line' id='line_1_44' title="bbox 771 2537 1455 2603; baseline -0.001 -8"><span class='ocrx_word' id='word_1_287' title='bbox 771 2539 1140 2603; x_wconf 79' lang='lat' dir='ltr'><strong>Apostolorum</strong></span> <span class='ocrx_word' id='word_1_288' title='bbox 1167 2555 1337 2592; x_wconf 86' lang='lat' dir='ltr'><strong>canon</strong></span> <span class='ocrx_word' id='word_1_289' title='bbox 1367 2537 1455 2594; x_wconf 80' lang='lat'><strong>79.</strong></span> 
     </span>
    </p>
   </div>
   <div class='ocr_carea' id='block_1_45' title="bbox 401 2649 1910 2720">
    <p class='ocr_par' dir='ltr' id='par_1_45' title="bbox 401 2649 1910 2720">
     <span class='ocr_line' id='line_1_45' title="bbox 401 2649 1910 2720; baseline 0 -16"><span class='ocrx_word' id='word_1_290' title='bbox 401 2651 488 2706; x_wconf 86' lang='lat'><strong>79.</strong></span> <span class='ocrx_word' id='word_1_291' title='bbox 543 2651 600 2706; x_wconf 91' lang='lat' dir='ltr'><strong>Si</strong></span> <span class='ocrx_word' id='word_1_292' title='bbox 648 2651 772 2720; x_wconf 90' lang='lat' dir='ltr'><strong>quis</strong></span> <span class='ocrx_word' id='word_1_293' title='bbox 831 2653 1133 2706; x_wconf 72' lang='lat' dir='ltr'><strong>daemonem</strong></span> <span class='ocrx_word' id='word_1_294' title='bbox 1185 2651 1404 2714; x_wconf 85' lang='lat' dir='ltr'><strong>habeat,</strong></span> <span class='ocrx_word' id='word_1_295' title='bbox 1471 2665 1539 2705; x_wconf 91' lang='lat' dir='ltr'><strong>ne</strong></span> <span class='ocrx_word' id='word_1_296' title='bbox 1599 2649 1694 2705; x_wconf 84' lang='lat' dir='ltr'><strong>ﬁat</strong></span> <span class='ocrx_word' id='word_1_297' title='bbox 1750 2652 1910 2704; x_wconf 85' lang='lat' dir='ltr'><strong>cleri—</strong></span> 
     </span>
    </p>
   </div>
   <div class='ocr_carea' id='block_1_46' title="bbox 327 2746 1009 2815">
    <p class='ocr_par' dir='ltr' id='par_1_46' title="bbox 327 2746 1009 2815">
     <span class='ocr_line' id='line_1_46' title="bbox 327 2746 1009 2815; baseline -0.003 -15"><span class='ocrx_word' id='word_1_298' title='bbox 327 2759 449 2811; x_wconf 85' lang='lat' dir='ltr'><strong>cus,</strong></span> <span class='ocrx_word' id='word_1_299' title='bbox 480 2755 610 2810; x_wconf 90' lang='lat' dir='ltr'><strong>etc.,</strong></span> <span class='ocrx_word' id='word_1_300' title='bbox 643 2754 699 2797; x_wconf 88' lang='lat' dir='ltr'><strong>ut</strong></span> <span class='ocrx_word' id='word_1_301' title='bbox 731 2762 854 2815; x_wconf 87' lang='lat' dir='ltr'><strong>pag.</strong></span> <span class='ocrx_word' id='word_1_302' title='bbox 885 2746 1009 2798; x_wconf 76' lang='lat'><strong>505.</strong></span> 
     </span>
    </p>
   </div>
   <div class='ocr_carea' id='block_1_47' title="bbox 643 2838 1594 2892">
    <p class='ocr_par' dir='ltr' id='par_1_47' title="bbox 643 2838 1594 2892">
     <span class='ocr_line' id='line_1_47' title="bbox 643 2838 1594 2892; baseline -0.001 -1"><span class='ocrx_word' id='word_1_303' title='bbox 643 2838 868 2891; x_wconf 80' lang='lat' dir='ltr'><strong>Concitii</strong></span> <span class='ocrx_word' id='word_1_304' title='bbox 898 2839 1203 2890; x_wconf 70' lang='lat' dir='ltr'><strong>wcumenici</strong></span> <span class='ocrx_word' id='word_1_305' title='bbox 1236 2854 1284 2891; x_wconf 78' lang='lat' dir='ltr'><strong>vr</strong></span> <span class='ocrx_word' id='word_1_306' title='bbox 1314 2855 1480 2892; x_wconf 79' lang='lat' dir='ltr'><strong>canon</strong></span> <span class='ocrx_word' id='word_1_307' title='bbox 1507 2838 1594 2891; x_wconf 87' lang='lat'><strong>60.</strong></span> 
     </span>
    </p>
   </div>
   <div class='ocr_carea' id='block_1_48' title="bbox 402 2927 1905 3000">
    <p class='ocr_par' dir='ltr' id='par_1_48' title="bbox 402 2927 1905 3000">
     <span class='ocr_line' id='line_1_48' title="bbox 402 2927 1905 3000; baseline 0.001 -20"><span class='ocrx_word' id='word_1_308' title='bbox 402 2927 490 2982; x_wconf 73' lang='grc' dir='ltr'><strong>ιο.</strong></span> <span class='ocrx_word' id='word_1_309' title='bbox 549 2927 686 2983; x_wconf 89' lang='lat' dir='ltr'><strong>Cum</strong></span> <span class='ocrx_word' id='word_1_310' title='bbox 727 2929 925 2982; x_wconf 85' lang='lat' dir='ltr'><strong>clamet</strong></span> <span class='ocrx_word' id='word_1_311' title='bbox 975 2931 1288 2997; x_wconf 82' lang='lat' dir='ltr'><strong>Apostolus,</strong></span> <span class='ocrx_word' id='word_1_312' title='bbox 1340 2929 1485 2999; x_wconf 90' lang='lat' dir='ltr'><strong>quod</strong></span> <span class='ocrx_word' id='word_1_313' title='bbox 1533 2930 1625 3000; x_wconf 86' lang='lat' dir='ltr'><strong>qui</strong></span> <span class='ocrx_word' id='word_1_314' title='bbox 1679 2928 1905 2982; x_wconf 84' lang='lat' dir='ltr'><strong>Domino</strong></span> 
     </span>
    </p>
   </div>
   <div class='ocr_carea' id='block_1_49' title="bbox 2017 1770 3592 1845">
    <p class='ocr_par' dir='ltr' id='par_1_49' title="bbox 2017 1770 3592 1845">
     <span class='ocr_line' id='line_1_49' title="bbox 2017 1770 3592 1845; baseline 0.004 -27"><span class='ocrx_word' id='word_1_315' title='bbox 2017 1785 2131 1831; x_wconf 87' lang='grc' dir='ltr'>ται,</span> <span class='ocrx_word' id='word_1_316' title='bbox 2167 1770 2259 1822; x_wconf 79' lang='grc' dir='ltr'>καὶ</span> <span class='ocrx_word' id='word_1_317' title='bbox 2287 1771 2356 1825; x_wconf 85' lang='grc' dir='ltr'>τὰ</span> <span class='ocrx_word' id='word_1_318' title='bbox 2385 1771 2636 1844; x_wconf 84' lang='grc' dir='ltr'>διδόμενα</span> <span class='ocrx_word' id='word_1_319' title='bbox 2663 1773 3001 1827; x_wconf 85' lang='grc' dir='ltr'>ἀποδίδονται</span> <span class='ocrx_word' id='word_1_320' title='bbox 3030 1790 3044 1806; x_wconf 78' lang='grc' dir='ltr'><strong>ο</strong></span> <span class='ocrx_word' id='word_1_321' title='bbox 3074 1773 3107 1844; x_wconf 81' lang='grc' dir='ltr'>ἢ</span> <span class='ocrx_word' id='word_1_322' title='bbox 3145 1775 3220 1845; x_wconf 82' lang='grc' dir='ltr'>μὴ</span> <span class='ocrx_word' id='word_1_323' title='bbox 3266 1772 3592 1843; x_wconf 81' lang='grc' dir='ltr'>βουλομένων</span> 
     </span>
    </p>
   </div>
   <div class='ocr_carea' id='block_1_50' title="bbox 2019 1858 3594 1932">
    <p class='ocr_par' dir='ltr' id='par_1_50' title="bbox 2019 1858 3594 1932">
     <span class='ocr_line' id='line_1_50' title="bbox 2019 1858 3594 1932; baseline 0.003 -23"><span class='ocrx_word' id='word_1_324' title='bbox 2019 1858 2310 1911; x_wconf 79' lang='grc' dir='ltr'>ἀναλαϐεῖν</span> <span class='ocrx_word' id='word_1_325' title='bbox 2321 1861 2428 1913; x_wconf 83' lang='grc' dir='ltr'><strong>τῶν</strong></span> <span class='ocrx_word' id='word_1_326' title='bbox 2438 1861 2768 1929; x_wconf 87' lang='grc' dir='ltr'>δεδωκότων,</span> <span class='ocrx_word' id='word_1_327' title='bbox 2784 1864 3140 1918; x_wconf 86' lang='grc' dir='ltr'>ἀπαιτοῦνται</span> <span class='ocrx_word' id='word_1_328' title='bbox 3151 1863 3239 1917; x_wconf 81' lang='grc' dir='ltr'>διὰ</span> <span class='ocrx_word' id='word_1_329' title='bbox 3250 1861 3343 1916; x_wconf 90' lang='grc' dir='ltr'><strong>τοῦ</strong></span> <span class='ocrx_word' id='word_1_330' title='bbox 3362 1863 3594 1932; x_wconf 76' lang='grc' dir='ltr'>ἐπάρχου</span> 
     </span>
    </p>
   </div>
   <div class='ocr_carea' id='block_1_51' title="bbox 2022 1950 3593 2028">
    <p class='ocr_par' dir='ltr' id='par_1_51' title="bbox 2022 1950 3593 2028">
     <span class='ocr_line' id='line_1_51' title="bbox 2022 1950 3593 2028; baseline 0.003 -25"><span class='ocrx_word' id='word_1_331' title='bbox 2022 1950 2116 2004; x_wconf 76' lang='grc' dir='ltr'><strong>καὶ</strong></span> <span class='ocrx_word' id='word_1_332' title='bbox 2151 1951 2257 2004; x_wconf 91' lang='grc' dir='ltr'><strong>τῶν</strong></span> <span class='ocrx_word' id='word_1_333' title='bbox 2281 1954 2561 2023; x_wconf 82' lang='grc' dir='ltr'>ἀρχόντων</span> <span class='ocrx_word' id='word_1_334' title='bbox 2590 1955 2698 2009; x_wconf 89' lang='grc' dir='ltr'><strong>τῶν</strong></span> <span class='ocrx_word' id='word_1_335' title='bbox 2740 1956 3042 2028; x_wconf 74' lang='grc' dir='ltr'>ἐπαρχιῶν,</span> <span class='ocrx_word' id='word_1_336' title='bbox 3087 1957 3183 2011; x_wconf 80' lang='grc' dir='ltr'>καὶ</span> <span class='ocrx_word' id='word_1_337' title='bbox 3218 1955 3593 2028; x_wconf 83' lang='grc' dir='ltr'>προσκυροῦν-</span> 
     </span>
    </p>
   </div>
   <div class='ocr_carea' id='block_1_52' title="bbox 2022 2043 2843 2114">
    <p class='ocr_par' dir='ltr' id='par_1_52' title="bbox 2022 2043 2843 2114">
     <span class='ocr_line' id='line_1_52' title="bbox 2022 2043 2843 2114; baseline 0.009 -19"><span class='ocrx_word' id='word_1_338' title='bbox 2022 2059 2114 2096; x_wconf 91' lang='grc' dir='ltr'><strong>ται</strong></span> <span class='ocrx_word' id='word_1_339' title='bbox 2138 2045 2250 2106; x_wconf 89' lang='grc' dir='ltr'>τοῖς</span> <span class='ocrx_word' id='word_1_340' title='bbox 2275 2043 2458 2114; x_wconf 78' lang='grc' dir='ltr'>ἔργοις</span> <span class='ocrx_word' id='word_1_341' title='bbox 2479 2046 2588 2100; x_wconf 88' lang='grc' dir='ltr'><strong>τῶν</strong></span> <span class='ocrx_word' id='word_1_342' title='bbox 2611 2047 2843 2103; x_wconf 85' lang='grc' dir='ltr'>πόλεων.</span> 
     </span>
    </p>
   </div>
   <div class='ocr_carea' id='block_1_53' title="bbox 2095 2337 3601 2411">
    <p class='ocr_par' dir='ltr' id='par_1_53' title="bbox 2095 2337 3601 2411">
     <span class='ocr_line' id='line_1_53' title="bbox 2095 2337 3601 2411; baseline 0.003 -22"><span class='ocrx_word' id='word_1_343' title='bbox 2095 2337 2347 2392; x_wconf 82' lang='grc' dir='ltr'>ΚΕΦΑΛ.</span> <span class='ocrx_word' id='word_1_344' title='bbox 2399 2338 2481 2394; x_wconf 85' lang='grc' dir='ltr'><strong>Λ’.</strong></span> <span class='ocrx_word' id='word_1_345' title='bbox 2506 2369 2576 2380; x_wconf 89' lang='grc'><strong><em>-</em></strong></span> <span class='ocrx_word' id='word_1_346' title='bbox 2598 2340 2739 2408; x_wconf 85' lang='grc' dir='ltr'>Περὶ</span> <span class='ocrx_word' id='word_1_347' title='bbox 2795 2340 3293 2411; x_wconf 76' lang='grc' dir='ltr'>δαιμονιζομένων</span> <span class='ocrx_word' id='word_1_348' title='bbox 3345 2339 3379 2408; x_wconf 78' lang='grc' dir='ltr'><em>ἢ</em></span> <span class='ocrx_word' id='word_1_349' title='bbox 3421 2353 3601 2410; x_wconf 81' lang='grc' dir='ltr'>προσ-</span> 
     </span>
    </p>
   </div>
   <div class='ocr_carea' id='block_1_54' title="bbox 2036 2431 2423 2500">
    <p class='ocr_par' dir='ltr' id='par_1_54' title="bbox 2036 2431 2423 2500">
     <span class='ocr_line' id='line_1_54' title="bbox 2036 2431 2423 2500; baseline 0.008 -18"><span class='ocrx_word' id='word_1_350' title='bbox 2036 2431 2423 2500; x_wconf 80' lang='grc' dir='ltr'>ποιουμένων.</span> 
     </span>
    </p>
   </div>
   <div class='ocr_carea' id='block_1_55' title="bbox 2458 2542 3179 2599">
    <p class='ocr_par' dir='ltr' id='par_1_55' title="bbox 2458 2542 3179 2599">
     <span class='ocr_line' id='line_1_55' title="bbox 2458 2542 3179 2599; baseline 0.003 -2"><span class='ocrx_word' id='word_1_351' title='bbox 2458 2543 2834 2597; x_wconf 78' lang='grc' dir='ltr'>Ἀποστόλων</span> <span class='ocrx_word' id='word_1_352' title='bbox 2857 2543 3058 2597; x_wconf 81' lang='grc' dir='ltr'>κανὼν</span> <span class='ocrx_word' id='word_1_353' title='bbox 3083 2542 3179 2599; x_wconf 82' lang='grc' dir='ltr'>οϐ’.</span> 
     </span>
    </p>
   </div>
   <div class='ocr_carea' id='block_1_56' title="bbox 2094 2647 3606 2722">
    <p class='ocr_par' dir='ltr' id='par_1_56' title="bbox 2094 2647 3606 2722">
     <span class='ocr_line' id='line_1_56' title="bbox 2094 2647 3606 2722; baseline 0 -20"><span class='ocrx_word' id='word_1_354' title='bbox 2094 2647 2190 2702; x_wconf 80' lang='grc' dir='ltr'>οϐ’.</span> <span class='ocrx_word' id='word_1_355' title='bbox 2256 2649 2380 2704; x_wconf 78' lang='grc' dir='ltr'><strong>Ἐάν</strong></span> <span class='ocrx_word' id='word_1_356' title='bbox 2413 2667 2497 2715; x_wconf 90' lang='grc' dir='ltr'><strong>τις</strong></span> <span class='ocrx_word' id='word_1_357' title='bbox 2525 2651 2754 2722; x_wconf 86' lang='grc' dir='ltr'>δαίμονα</span> <span class='ocrx_word' id='word_1_358' title='bbox 2794 2652 2892 2722; x_wconf 74' lang='grc' dir='ltr'><strong>ἔχῃ</strong></span> <span class='ocrx_word' id='word_1_359' title='bbox 2933 2651 3215 2722; x_wconf 82' lang='grc' dir='ltr'>κληρικὸς,</span> <span class='ocrx_word' id='word_1_360' title='bbox 3251 2651 3330 2722; x_wconf 78' lang='grc' dir='ltr'>μὴ</span> <span class='ocrx_word' id='word_1_361' title='bbox 3362 2648 3606 2719; x_wconf 74' lang='grc' dir='ltr'>γινέσθω,</span> 
     </span>
    </p>
   </div>
   <div class='ocr_carea' id='block_1_57' title="bbox 2028 2742 2243 2798">
    <p class='ocr_par' dir='ltr' id='par_1_57' title="bbox 2028 2742 2243 2798">
     <span class='ocr_line' id='line_1_57' title="bbox 2028 2742 2243 2798; baseline -0.009 0"><span class='ocrx_word' id='word_1_362' title='bbox 2028 2758 2081 2798; x_wconf 75' lang='grc' dir='ltr'><strong>κ.</strong></span> <span class='ocrx_word' id='word_1_363' title='bbox 2106 2760 2157 2795; x_wconf 93' lang='grc' dir='ltr'>τ.</span> <span class='ocrx_word' id='word_1_364' title='bbox 2193 2742 2243 2796; x_wconf 90' lang='grc' dir='ltr'><strong>λ.</strong></span> 
     </span>
    </p>
   </div>
   <div class='ocr_carea' id='block_1_58' title="bbox 2187 2836 3443 2908">
    <p class='ocr_par' dir='ltr' id='par_1_58' title="bbox 2187 2836 3443 2908">
     <span class='ocr_line' id='line_1_58' title="bbox 2187 2836 3443 2908; baseline 0.002 -18"><span class='ocrx_word' id='word_1_365' title='bbox 2187 2837 2460 2892; x_wconf 84' lang='grc' dir='ltr'>Συνόδου</span> <span class='ocrx_word' id='word_1_366' title='bbox 2504 2838 2925 2908; x_wconf 82' lang='grc' dir='ltr'>υίκουμενικῆς</span> <span class='ocrx_word' id='word_1_367' title='bbox 2953 2839 3131 2907; x_wconf 82' lang='grc' dir='ltr'>ἕκτης</span> <span class='ocrx_word' id='word_1_368' title='bbox 3153 2837 3359 2891; x_wconf 84' lang='grc' dir='ltr'>κανὼν</span> <span class='ocrx_word' id='word_1_369' title='bbox 3380 2836 3443 2902; x_wconf 82' lang='grc' dir='ltr'>ξ’.</span> 
     </span>
    </p>
   </div>
   <div class='ocr_carea' id='block_1_59' title="bbox 2091 2927 3614 3001">
    <p class='ocr_par' dir='ltr' id='par_1_59' title="bbox 2091 2927 3614 3001">
     <span class='ocr_line' id='line_1_59' title="bbox 2091 2927 3614 3001; baseline -0.001 -18"><span class='ocrx_word' id='word_1_370' title='bbox 2091 2927 2152 2995; x_wconf 82' lang='grc' dir='ltr'>ξ’.</span> <span class='ocrx_word' id='word_1_371' title='bbox 2193 2929 2300 2982; x_wconf 86' lang='grc' dir='ltr'>Τοῦ</span> <span class='ocrx_word' id='word_1_372' title='bbox 2332 2929 2632 2983; x_wconf 84' lang='grc' dir='ltr'>ἀποστόλου</span> <span class='ocrx_word' id='word_1_373' title='bbox 2680 2930 2928 3000; x_wconf 87' lang='grc' dir='ltr'>βοῶντος,</span> <span class='ocrx_word' id='word_1_374' title='bbox 2958 2932 3038 2984; x_wconf 79' lang='grc' dir='ltr'>ὅτι</span> <span class='ocrx_word' id='word_1_375' title='bbox 3068 2933 3101 2985; x_wconf 88' lang='grc' dir='ltr'><strong>ό</strong></span> <span class='ocrx_word' id='word_1_376' title='bbox 3123 2931 3513 3001; x_wconf 77' lang='grc' dir='ltr'>κολλώμενος</span> <span class='ocrx_word' id='word_1_377' title='bbox 3537 2927 3614 2994; x_wconf 80' lang='grc' dir='ltr'>τῷ</span> 
     </span>
    </p>
   </div>
   <div class='ocr_carea' id='block_1_60' title="bbox 328 3020 1912 3093">
    <p class='ocr_par' dir='ltr' id='par_1_60' title="bbox 328 3021 1910 3092">
     <span class='ocr_line' id='line_1_60' title="bbox 328 3021 1910 3092; baseline -0.001 -15"><span class='ocrx_word' id='word_1_378' title='bbox 328 3023 585 3088; x_wconf 75' lang='lat' dir='ltr'><strong>adliceret,</strong></span> <span class='ocrx_word' id='word_1_379' title='bbox 618 3039 752 3074; x_wconf 84' lang='lat' dir='ltr'><strong>unus</strong></span> <span class='ocrx_word' id='word_1_380' title='bbox 777 3033 853 3076; x_wconf 88' lang='lat' dir='ltr'><strong>est</strong></span> <span class='ocrx_word' id='word_1_381' title='bbox 877 3025 1094 3090; x_wconf 78' lang='lat' dir='ltr'><strong>spiritus</strong></span> <span class='ocrx_word' id='word_1_382' title='bbox 1127 3024 1174 3054; x_wconf 76' lang='grc'><strong>⁵³</strong></span> <span class='ocrx_word' id='word_1_383' title='bbox 1202 3041 1216 3090; x_wconf 84' lang='grc'>;</span> <span class='ocrx_word' id='word_1_384' title='bbox 1251 3023 1458 3076; x_wconf 83' lang='lat' dir='ltr'><strong>clarum</strong></span> <span class='ocrx_word' id='word_1_385' title='bbox 1502 3034 1606 3085; x_wconf 90' lang='lat' dir='ltr'><strong>est,</strong></span> <span class='ocrx_word' id='word_1_386' title='bbox 1641 3023 1786 3092; x_wconf 91' lang='lat' dir='ltr'><strong>quod</strong></span> <span class='ocrx_word' id='word_1_387' title='bbox 1819 3021 1910 3091; x_wconf 91' lang='lat' dir='ltr'><strong>qui</strong></span> 
     </span>
    </p>
   </div>
   <div class='ocr_carea' id='block_1_61' title="bbox 2040 3020 3616 3093">
    <p class='ocr_par' dir='ltr' id='par_1_61' title="bbox 2040 3020 3616 3093">
     <span class='ocr_line' id='line_1_61' title="bbox 2040 3020 3616 3093; baseline -0.002 -19"><span class='ocrx_word' id='word_1_388' title='bbox 2040 3021 2211 3089; x_wconf 61' lang='grc' dir='ltr'>Κυρίῳ</span> <span class='ocrx_word' id='word_1_389' title='bbox 2251 3020 2320 3074; x_wconf 83' lang='grc' dir='ltr'>ἐν</span> <span class='ocrx_word' id='word_1_390' title='bbox 2341 3021 2588 3092; x_wconf 85' lang='grc' dir='ltr'>Πνεῦμά</span> <span class='ocrx_word' id='word_1_391' title='bbox 2619 3021 2771 3089; x_wconf 86' lang='grc' dir='ltr'>ἐστι,</span> <span class='ocrx_word' id='word_1_392' title='bbox 2790 3022 3056 3093; x_wconf 85' lang='grc' dir='ltr'>πρόδηλον</span> <span class='ocrx_word' id='word_1_393' title='bbox 3083 3022 3156 3084; x_wconf 86' lang='grc' dir='ltr'>ὼς</span> <span class='ocrx_word' id='word_1_394' title='bbox 3178 3021 3272 3076; x_wconf 81' lang='grc' dir='ltr'><strong>καὶ</strong></span> <span class='ocrx_word' id='word_1_395' title='bbox 3296 3025 3325 3074; x_wconf 87' lang='grc' dir='ltr'><strong>ό</strong></span> <span class='ocrx_word' id='word_1_396' title='bbox 3357 3024 3438 3092; x_wconf 83' lang='grc' dir='ltr'>τῷ</span> <span class='ocrx_word' id='word_1_397' title='bbox 3466 3023 3616 3074; x_wconf 81' lang='grc' dir='ltr'>ὲναν·</span> 
     </span>
    </p>
   </div>
   <div class='ocr_carea' id='block_1_62' title="bbox 328 3115 1908 3170">
    <p class='ocr_par' dir='ltr' id='par_1_62' title="bbox 328 3115 1908 3170">
     <span class='ocr_line' id='line_1_62' title="bbox 328 3115 1908 3170; baseline -0.002 -1"><span class='ocrx_word' id='word_1_398' title='bbox 328 3115 494 3170; x_wconf 84' lang='lat' dir='ltr'><strong>etiam</strong></span> <span class='ocrx_word' id='word_1_399' title='bbox 535 3131 660 3168; x_wconf 89' lang='lat' dir='ltr'><strong>cum</strong></span> <span class='ocrx_word' id='word_1_400' title='bbox 706 3125 980 3168; x_wconf 79' lang='lat' dir='ltr'><strong>contrario</strong></span> <span class='ocrx_word' id='word_1_401' title='bbox 1040 3116 1139 3167; x_wconf 90' lang='lat' dir='ltr'><strong>init</strong></span> <span class='ocrx_word' id='word_1_402' title='bbox 1183 3115 1608 3168; x_wconf 64' lang='lat' dir='ltr'><strong>futtiliatitatent</strong></span> <span class='ocrx_word' id='word_1_403' title='bbox 1667 3131 1732 3168; x_wconf 86' lang='lat' dir='ltr'><strong>ac</strong></span> <span class='ocrx_word' id='word_1_404' title='bbox 1773 3129 1908 3168; x_wconf 91' lang='lat' dir='ltr'><strong>cou-</strong></span> 
     </span>
    </p>
   </div>
   <div class='ocr_carea' id='block_1_63' title="bbox 330 3203 1907 3276">
    <p class='ocr_par' dir='ltr' id='par_1_63' title="bbox 330 3203 1907 3276">
     <span class='ocr_line' id='line_1_63' title="bbox 330 3203 1907 3276; baseline -0.003 -12"><span class='ocrx_word' id='word_1_405' title='bbox 330 3209 697 3270; x_wconf 89' lang='lat' dir='ltr'><strong>suetudinem,</strong></span> <span class='ocrx_word' id='word_1_406' title='bbox 732 3223 856 3260; x_wconf 89' lang='lat' dir='ltr'><strong>cunt</strong></span> <span class='ocrx_word' id='word_1_407' title='bbox 909 3208 1001 3260; x_wconf 90' lang='lat' dir='ltr'><strong>illo</strong></span> <span class='ocrx_word' id='word_1_408' title='bbox 1033 3208 1426 3276; x_wconf 82' lang='lat' dir='ltr'><strong>conjunctione</strong></span> <span class='ocrx_word' id='word_1_409' title='bbox 1474 3222 1644 3260; x_wconf 90' lang='lat' dir='ltr'><strong>unum</strong></span> <span class='ocrx_word' id='word_1_410' title='bbox 1675 3208 1768 3261; x_wconf 90' lang='lat' dir='ltr'><strong>sit.</strong></span> <span class='ocrx_word' id='word_1_411' title='bbox 1800 3203 1907 3260; x_wconf 89' lang='lat' dir='ltr'><strong>Eos</strong></span> 
     </span>
    </p>
   </div>
   <div class='ocr_carea' id='block_1_64' title="bbox 329 3300 1911 3371">
    <p class='ocr_par' dir='ltr' id='par_1_64' title="bbox 329 3300 1911 3371">
     <span class='ocr_line' id='line_1_64' title="bbox 329 3300 1911 3371; baseline -0.001 -16"><span class='ocrx_word' id='word_1_412' title='bbox 329 3316 480 3371; x_wconf 82' lang='lat' dir='ltr'><strong>ergo,</strong></span> <span class='ocrx_word' id='word_1_413' title='bbox 530 3302 624 3370; x_wconf 91' lang='lat' dir='ltr'><strong>qui</strong></span> <span class='ocrx_word' id='word_1_414' title='bbox 667 3316 724 3353; x_wconf 91' lang='lat' dir='ltr'><strong>se</strong></span> <span class='ocrx_word' id='word_1_415' title='bbox 757 3300 1004 3353; x_wconf 82' lang='lat' dir='ltr'><strong>daemone</strong></span> <span class='ocrx_word' id='word_1_416' title='bbox 1035 3310 1310 3368; x_wconf 72' lang='lat' dir='ltr'><strong>corruptos</strong></span> <span class='ocrx_word' id='word_1_417' title='bbox 1344 3315 1466 3354; x_wconf 90' lang='lat' dir='ltr'><strong>esse</strong></span> <span class='ocrx_word' id='word_1_418' title='bbox 1520 3300 1803 3368; x_wconf 81' lang='lat' dir='ltr'><strong>simulant,</strong></span> <span class='ocrx_word' id='word_1_419' title='bbox 1856 3308 1911 3353; x_wconf 93' lang='lat' dir='ltr'><strong>et</strong></span> 
     </span>
    </p>
   </div>
   <div class='ocr_carea' id='block_1_65' title="bbox 335 3392 1908 3462">
    <p class='ocr_par' dir='ltr' id='par_1_65' title="bbox 335 3392 1908 3462">
     <span class='ocr_line' id='line_1_65' title="bbox 335 3392 1908 3462; baseline -0.002 -15"><span class='ocrx_word' id='word_1_420' title='bbox 335 3409 550 3447; x_wconf 85' lang='lat' dir='ltr'><strong>morum</strong></span> <span class='ocrx_word' id='word_1_421' title='bbox 594 3393 941 3462; x_wconf 83' lang='lat' dir='ltr'><strong>improbitate</strong></span> <span class='ocrx_word' id='word_1_422' title='bbox 979 3407 1166 3445; x_wconf 88' lang='lat' dir='ltr'><strong>eorum</strong></span> <span class='ocrx_word' id='word_1_423' title='bbox 1202 3392 1428 3460; x_wconf 69' lang='lat' dir='ltr'><strong>ﬁguram</strong></span> <span class='ocrx_word' id='word_1_424' title='bbox 1463 3402 1517 3445; x_wconf 89' lang='lat' dir='ltr'><strong>et</strong></span> <span class='ocrx_word' id='word_1_425' title='bbox 1550 3393 1794 3446; x_wconf 88' lang='lat' dir='ltr'><strong>habitum</strong></span> <span class='ocrx_word' id='word_1_426' title='bbox 1830 3393 1908 3444; x_wconf 83' lang='lat' dir='ltr'><strong>si-</strong></span> 
     </span>
    </p>
   </div>
   <div class='ocr_carea' id='block_1_66' title="bbox 338 3482 1908 3554">
    <p class='ocr_par' dir='ltr' id='par_1_66' title="bbox 338 3482 1908 3554">
     <span class='ocr_line' id='line_1_66' title="bbox 338 3482 1908 3554; baseline -0.001 -18"><span class='ocrx_word' id='word_1_427' title='bbox 338 3487 538 3538; x_wconf 86' lang='lat' dir='ltr'><strong>mulate</strong></span> <span class='ocrx_word' id='word_1_428' title='bbox 563 3500 674 3554; x_wconf 75' lang='lat' dir='ltr'><strong>pra:</strong></span> <span class='ocrx_word' id='word_1_429' title='bbox 703 3500 761 3537; x_wconf 89' lang='lat' dir='ltr'><strong>se</strong></span> <span class='ocrx_word' id='word_1_430' title='bbox 792 3483 994 3547; x_wconf 87' lang='lat' dir='ltr'><strong>l&#39;erunl,</strong></span> <span class='ocrx_word' id='word_1_431' title='bbox 1028 3485 1203 3536; x_wconf 88' lang='lat' dir='ltr'><strong>visunt</strong></span> <span class='ocrx_word' id='word_1_432' title='bbox 1233 3493 1313 3536; x_wconf 89' lang='lat' dir='ltr'><strong>est</strong></span> <span class='ocrx_word' id='word_1_433' title='bbox 1344 3483 1660 3536; x_wconf 89' lang='lat' dir='ltr'><strong>omnimodo</strong></span> <span class='ocrx_word' id='word_1_434' title='bbox 1689 3482 1908 3551; x_wconf 88' lang='lat' dir='ltr'><strong>puniri;</strong></span> 
     </span>
    </p>
   </div>
   <div class='ocr_carea' id='block_1_67' title="bbox 330 3574 1912 3645">
    <p class='ocr_par' dir='ltr' id='par_1_67' title="bbox 330 3574 1912 3645">
     <span class='ocr_line' id='line_1_67' title="bbox 330 3574 1912 3645; baseline -0.002 -14"><span class='ocrx_word' id='word_1_435' title='bbox 330 3587 385 3632; x_wconf 85' lang='lat' dir='ltr'><strong>ct</strong></span> <span class='ocrx_word' id='word_1_436' title='bbox 419 3578 687 3645; x_wconf 89' lang='lat' dir='ltr'><strong>ejusmodi</strong></span> <span class='ocrx_word' id='word_1_437' title='bbox 730 3575 1122 3628; x_wconf 81' lang='lat' dir='ltr'><strong>afﬂictionibus</strong></span> <span class='ocrx_word' id='word_1_438' title='bbox 1175 3575 1562 3644; x_wconf 82' lang='lat' dir='ltr'><strong>laboribusque</strong></span> <span class='ocrx_word' id='word_1_439' title='bbox 1585 3590 1681 3628; x_wconf 91' lang='lat' dir='ltr'><strong>eos</strong></span> <span class='ocrx_word' id='word_1_440' title='bbox 1712 3574 1912 3643; x_wconf 83' lang='lat' dir='ltr'><strong>subjici</strong></span> 
     </span>
    </p>
   </div>
   <div class='ocr_carea' id='block_1_68' title="bbox 332 3666 1915 3738">
    <p class='ocr_par' dir='ltr' id='par_1_68' title="bbox 332 3666 1915 3738">
     <span class='ocr_line' id='line_1_68' title="bbox 332 3666 1915 3738; baseline -0.001 -15"><span class='ocrx_word' id='word_1_441' title='bbox 332 3682 603 3738; x_wconf 83' lang='lat' dir='ltr'><strong>Oportere,</strong></span> <span class='ocrx_word' id='word_1_442' title='bbox 639 3670 840 3737; x_wconf 83' lang='lat' dir='ltr'><strong>quibus</strong></span> <span class='ocrx_word' id='word_1_443' title='bbox 891 3667 927 3720; x_wconf 88' lang='lat' dir='ltr'><strong>ii</strong></span> <span class='ocrx_word' id='word_1_444' title='bbox 975 3667 1068 3736; x_wconf 92' lang='lat' dir='ltr'><strong>qui</strong></span> <span class='ocrx_word' id='word_1_445' title='bbox 1123 3683 1248 3721; x_wconf 89' lang='lat' dir='ltr'><strong>vere</strong></span> <span class='ocrx_word' id='word_1_446' title='bbox 1297 3683 1325 3720; x_wconf 92' lang='lat' dir='ltr'><strong>a</strong></span> <span class='ocrx_word' id='word_1_447' title='bbox 1372 3668 1618 3720; x_wconf 76' lang='lat' dir='ltr'><strong>danuone</strong></span> <span class='ocrx_word' id='word_1_448' title='bbox 1676 3666 1915 3737; x_wconf 84' lang='lat' dir='ltr'><strong>correpti</strong></span> 
     </span>
    </p>
   </div>
   <div class='ocr_carea' id='block_1_69' title="bbox 333 3759 1914 3834">
    <p class='ocr_par' dir='ltr' id='par_1_69' title="bbox 333 3759 1914 3834">
     <span class='ocr_line' id='line_1_69' title="bbox 333 3759 1914 3834; baseline -0.001 -17"><span class='ocrx_word' id='word_1_449' title='bbox 333 3770 482 3834; x_wconf 68' lang='lat' dir='ltr'><strong>emit,</strong></span> <span class='ocrx_word' id='word_1_450' title='bbox 539 3774 595 3814; x_wconf 90' lang='lat' dir='ltr'><strong>ut</strong></span> <span class='ocrx_word' id='word_1_451' title='bbox 651 3777 681 3814; x_wconf 91' lang='lat' dir='ltr'><strong>a</strong></span> <span class='ocrx_word' id='word_1_452' title='bbox 728 3761 994 3814; x_wconf 71' lang='lat' dir='ltr'><strong>daemonis</strong></span> <span class='ocrx_word' id='word_1_453' title='bbox 1043 3761 1362 3828; x_wconf 83' lang='lat' dir='ltr'><strong>operathue</strong></span> <span class='ocrx_word' id='word_1_454' title='bbox 1422 3761 1745 3825; x_wconf 75' lang='lat' dir='ltr'><strong>liberentur,</strong></span> <span class='ocrx_word' id='word_1_455' title='bbox 1787 3759 1914 3829; x_wconf 87' lang='lat' dir='ltr'><strong>jure</strong></span> 
     </span>
    </p>
   </div>
   <div class='ocr_carea' id='block_1_70' title="bbox 334 3854 733 3925">
    <p class='ocr_par' dir='ltr' id='par_1_70' title="bbox 334 3854 733 3925">
     <span class='ocr_line' id='line_1_70' title="bbox 334 3854 733 3925; baseline -0.008 -15"><span class='ocrx_word' id='word_1_456' title='bbox 334 3854 733 3925; x_wconf 73' lang='lat' dir='ltr'><strong>subjiciuntur.</strong></span> 
     </span>
    </p>
   </div>
   <div class='ocr_carea' id='block_1_71' title="bbox 651 3962 1586 4028">
    <p class='ocr_par' dir='ltr' id='par_1_71' title="bbox 651 3962 1586 4028">
     <span class='ocr_line' id='line_1_71' title="bbox 651 3962 1586 4028; baseline -0.003 -9"><span class='ocrx_word' id='word_1_457' title='bbox 651 3965 914 4020; x_wconf 78' lang='lat' dir='ltr'><strong>Timothei</strong></span> <span class='ocrx_word' id='word_1_458' title='bbox 943 3979 1165 4018; x_wconf 84' lang='lat' dir='ltr'><strong>canones</strong></span> <span class='ocrx_word' id='word_1_459' title='bbox 1198 3963 1253 4028; x_wconf 76' lang='lat'><strong>2,</strong></span> <span class='ocrx_word' id='word_1_460' title='bbox 1289 3963 1341 4028; x_wconf 82' lang='grc'>5,</span> <span class='ocrx_word' id='word_1_461' title='bbox 1380 3963 1465 4028; x_wconf 74' lang='grc' dir='ltr'>Η,</span> <span class='ocrx_word' id='word_1_462' title='bbox 1500 3962 1586 4018; x_wconf 80' lang='grc'><strong>16.</strong></span> 
     </span>
    </p>
   </div>
   <div class='ocr_carea' id='block_1_72' title="bbox 396 4072 1910 4145">
    <p class='ocr_par' dir='ltr' id='par_1_72' title="bbox 396 4072 1910 4145">
     <span class='ocr_line' id='line_1_72' title="bbox 396 4072 1910 4145; baseline -0.002 -15"><span class='ocrx_word' id='word_1_463' title='bbox 396 4075 779 4145; x_wconf 78' lang='lat' dir='ltr'><strong>Interrogatio.</strong></span> <span class='ocrx_word' id='word_1_464' title='bbox 815 4073 871 4127; x_wconf 87' lang='lat' dir='ltr'><strong>Si</strong></span> <span class='ocrx_word' id='word_1_465' title='bbox 933 4072 1362 4127; x_wconf 84' lang='lat' dir='ltr'><strong>catechumenus</strong></span> <span class='ocrx_word' id='word_1_466' title='bbox 1389 4089 1421 4126; x_wconf 88' lang='lat' dir='ltr'><strong>a</strong></span> <span class='ocrx_word' id='word_1_467' title='bbox 1455 4073 1703 4127; x_wconf 77' lang='lat' dir='ltr'><strong>daemone</strong></span> <span class='ocrx_word' id='word_1_468' title='bbox 1739 4073 1910 4127; x_wconf 81' lang='lat' dir='ltr'><strong>corri-</strong></span> 
     </span>
    </p>
   </div>
   <div class='ocr_carea' id='block_1_73' title="bbox 331 4165 1088 4240">
    <p class='ocr_par' dir='ltr' id='par_1_73' title="bbox 331 4165 1088 4240">
     <span class='ocr_line' id='line_1_73' title="bbox 331 4165 1088 4240; baseline -0.007 -18"><span class='ocrx_word' id='word_1_469' title='bbox 331 4169 530 4240; x_wconf 87' lang='lat' dir='ltr'><strong>piatur,</strong></span> <span class='ocrx_word' id='word_1_470' title='bbox 567 4177 698 4230; x_wconf 91' lang='lat' dir='ltr'><strong>ete.,</strong></span> <span class='ocrx_word' id='word_1_471' title='bbox 722 4177 777 4218; x_wconf 89' lang='lat' dir='ltr'><strong>ut</strong></span> <span class='ocrx_word' id='word_1_472' title='bbox 807 4182 928 4234; x_wconf 88' lang='lat' dir='ltr'><strong>pag.</strong></span> <span class='ocrx_word' id='word_1_473' title='bbox 962 4165 1088 4218; x_wconf 68' lang='lat'><strong>627.</strong></span> 
     </span>
    </p>
   </div>
   <div class='ocr_carea' id='block_1_74' title="bbox 401 4255 1908 4332">
    <p class='ocr_par' dir='ltr' id='par_1_74' title="bbox 401 4255 1908 4332">
     <span class='ocr_line' id='line_1_74' title="bbox 401 4255 1908 4332; baseline -0.003 -19"><span class='ocrx_word' id='word_1_474' title='bbox 401 4260 566 4332; x_wconf 69' lang='grc'><strong>469</strong></span> <span class='ocrx_word' id='word_1_475' title='bbox 607 4259 913 4327; x_wconf 81' lang='lat' dir='ltr'><strong>Responsio.</strong></span> <span class='ocrx_word' id='word_1_476' title='bbox 966 4256 1022 4310; x_wconf 90' lang='lat' dir='ltr'><strong>Si</strong></span> <span class='ocrx_word' id='word_1_477' title='bbox 1069 4258 1115 4312; x_wconf 91' lang='lat' dir='ltr'><strong>is</strong></span> <span class='ocrx_word' id='word_1_478' title='bbox 1169 4256 1263 4326; x_wconf 91' lang='lat' dir='ltr'><strong>qui</strong></span> <span class='ocrx_word' id='word_1_479' title='bbox 1301 4272 1332 4310; x_wconf 87' lang='lat' dir='ltr'><strong>a</strong></span> <span class='ocrx_word' id='word_1_480' title='bbox 1378 4256 1622 4310; x_wconf 80' lang='lat' dir='ltr'><strong>daemone</strong></span> <span class='ocrx_word' id='word_1_481' title='bbox 1672 4255 1908 4326; x_wconf 90' lang='lat' dir='ltr'><strong>corripi-</strong></span> 
     </span>
    </p>
   </div>
   <div class='ocr_carea' id='block_1_75' title="bbox 334 4355 992 4423">
    <p class='ocr_par' dir='ltr' id='par_1_75' title="bbox 334 4355 992 4423">
     <span class='ocr_line' id='line_1_75' title="bbox 334 4355 992 4423; baseline -0.012 -13"><span class='ocrx_word' id='word_1_482' title='bbox 334 4365 440 4421; x_wconf 87' lang='lat' dir='ltr'><strong>tur,</strong></span> <span class='ocrx_word' id='word_1_483' title='bbox 471 4365 675 4422; x_wconf 86' lang='lat' dir='ltr'><strong>etc.,ut</strong></span> <span class='ocrx_word' id='word_1_484' title='bbox 705 4371 826 4423; x_wconf 85' lang='lat' dir='ltr'><strong>pag.</strong></span> <span class='ocrx_word' id='word_1_485' title='bbox 849 4355 992 4423; x_wconf 64' lang='lat'><strong>[627.</strong></span> 
     </span>
    </p>
   </div>
   <div class='ocr_carea' id='block_1_76' title="bbox 408 4440 1916 4514">
    <p class='ocr_par' dir='ltr' id='par_1_76' title="bbox 408 4440 1916 4514">
     <span class='ocr_line' id='line_1_76' title="bbox 408 4440 1916 4514; baseline -0.004 -14"><span class='ocrx_word' id='word_1_486' title='bbox 408 4447 786 4514; x_wconf 76' lang='lat' dir='ltr'><strong>Interrogatio.</strong></span> <span class='ocrx_word' id='word_1_487' title='bbox 819 4445 875 4498; x_wconf 87' lang='lat' dir='ltr'><strong>Si</strong></span> <span class='ocrx_word' id='word_1_488' title='bbox 907 4442 1030 4512; x_wconf 90' lang='lat' dir='ltr'><strong>quis</strong></span> <span class='ocrx_word' id='word_1_489' title='bbox 1060 4456 1185 4498; x_wconf 90' lang='lat' dir='ltr'><strong>cum</strong></span> <span class='ocrx_word' id='word_1_490' title='bbox 1222 4440 1292 4496; x_wconf 88' lang='lat' dir='ltr'><strong>sit</strong></span> <span class='ocrx_word' id='word_1_491' title='bbox 1327 4440 1524 4507; x_wconf 86' lang='lat' dir='ltr'><strong>tidelis,</strong></span> <span class='ocrx_word' id='word_1_492' title='bbox 1548 4453 1679 4503; x_wconf 87' lang='lat' dir='ltr'><strong>etc.,</strong></span> <span class='ocrx_word' id='word_1_493' title='bbox 1710 4449 1764 4492; x_wconf 87' lang='lat' dir='ltr'><strong>ut</strong></span> <span class='ocrx_word' id='word_1_494' title='bbox 1791 4456 1916 4511; x_wconf 84' lang='lat' dir='ltr'><strong>pag.</strong></span> 
     </span>
    </p>
   </div>
   <div class='ocr_carea' id='block_1_77' title="bbox 331 4539 455 4594">
    <p class='ocr_par' dir='ltr' id='par_1_77' title="bbox 331 4539 455 4594">
     <span class='ocr_line' id='line_1_77' title="bbox 331 4539 455 4594; baseline -0.04 0"><span class='ocrx_word' id='word_1_495' title='bbox 331 4539 455 4594; x_wconf 79' lang='lat'><strong>607.</strong></span> 
     </span>
    </p>
   </div>
   <div class='ocr_carea' id='block_1_78' title="bbox 398 4615 1920 4699">
    <p class='ocr_par' dir='ltr' id='par_1_78' title="bbox 398 4615 1920 4699">
     <span class='ocr_line' id='line_1_78' title="bbox 398 4615 1920 4699; baseline -0.005 -15"><span class='ocrx_word' id='word_1_496' title='bbox 398 4630 704 4699; x_wconf 81' lang='lat' dir='ltr'><strong>Responsio.</strong></span> <span class='ocrx_word' id='word_1_497' title='bbox 757 4627 814 4683; x_wconf 91' lang='lat' dir='ltr'><strong>Si</strong></span> <span class='ocrx_word' id='word_1_498' title='bbox 865 4615 1188 4698; x_wconf 78' lang='lat' dir='ltr'><strong>mysterium</strong></span> <span class='ocrx_word' id='word_1_499' title='bbox 1236 4640 1344 4680; x_wconf 91' lang='lat' dir='ltr'><strong>non</strong></span> <span class='ocrx_word' id='word_1_500' title='bbox 1397 4624 1664 4689; x_wconf 87' lang='lat' dir='ltr'><strong>enuntiet,</strong></span> <span class='ocrx_word' id='word_1_501' title='bbox 1695 4632 1828 4689; x_wconf 89' lang='lat' dir='ltr'><strong>etc.,</strong></span> <span class='ocrx_word' id='word_1_502' title='bbox 1862 4633 1920 4677; x_wconf 83' lang='lat' dir='ltr'><strong>ut</strong></span> 
     </span>
    </p>
   </div>
   <div class='ocr_carea' id='block_1_79' title="bbox 330 4723 617 4795">
    <p class='ocr_par' dir='ltr' id='par_1_79' title="bbox 330 4723 617 4795">
     <span class='ocr_line' id='line_1_79' title="bbox 330 4723 617 4795; baseline -0.01 -17"><span class='ocrx_word' id='word_1_503' title='bbox 330 4741 454 4795; x_wconf 84' lang='lat' dir='ltr'><strong>pag.</strong></span> <span class='ocrx_word' id='word_1_504' title='bbox 490 4723 617 4778; x_wconf 84' lang='lat'><strong>607.</strong></span> 
     </span>
    </p>
   </div>
   <div class='ocr_carea' id='block_1_80' title="bbox 404 4813 1917 4886">
    <p class='ocr_par' dir='ltr' id='par_1_80' title="bbox 404 4813 1917 4886">
     <span class='ocr_line' id='line_1_80' title="bbox 404 4813 1917 4886; baseline -0.005 -14"><span class='ocrx_word' id='word_1_505' title='bbox 404 4817 779 4886; x_wconf 80' lang='lat' dir='ltr'><strong>Interrogatio.</strong></span> <span class='ocrx_word' id='word_1_506' title='bbox 841 4815 895 4869; x_wconf 89' lang='lat' dir='ltr'><strong>Si</strong></span> <span class='ocrx_word' id='word_1_507' title='bbox 927 4815 1075 4886; x_wconf 89' lang='lat' dir='ltr'><strong>quis,</strong></span> <span class='ocrx_word' id='word_1_508' title='bbox 1124 4829 1248 4869; x_wconf 91' lang='lat' dir='ltr'><strong>cum</strong></span> <span class='ocrx_word' id='word_1_509' title='bbox 1279 4813 1365 4870; x_wconf 91' lang='lat' dir='ltr'><strong>sui</strong></span> <span class='ocrx_word' id='word_1_510' title='bbox 1415 4826 1643 4883; x_wconf 88' lang='lat' dir='ltr'><strong>compos</strong></span> <span class='ocrx_word' id='word_1_511' title='bbox 1695 4825 1806 4865; x_wconf 89' lang='lat' dir='ltr'><strong>non</strong></span> <span class='ocrx_word' id='word_1_512' title='bbox 1832 4824 1917 4865; x_wconf 89' lang='lat' dir='ltr'><strong>cs-</strong></span> 
     </span>
    </p>
   </div>
   <div class='ocr_carea' id='block_1_81' title="bbox 331 4909 826 4982">
    <p class='ocr_par' dir='ltr' id='par_1_81' title="bbox 331 4909 826 4982">
     <span class='ocr_line' id='line_1_81' title="bbox 331 4909 826 4982; baseline -0.016 -12"><span class='ocrx_word' id='word_1_513' title='bbox 331 4923 434 4977; x_wconf 87' lang='lat' dir='ltr'><strong>set,</strong></span> <span class='ocrx_word' id='word_1_514' title='bbox 468 4923 523 4966; x_wconf 86' lang='lat' dir='ltr'><strong>ut</strong></span> <span class='ocrx_word' id='word_1_515' title='bbox 546 4929 670 4982; x_wconf 86' lang='lat' dir='ltr'><strong>pag.</strong></span> <span class='ocrx_word' id='word_1_516' title='bbox 701 4909 826 4964; x_wconf 73' lang='grc'>614.</span> 
     </span>
    </p>
   </div>
   <div class='ocr_carea' id='block_1_82' title="bbox 389 4999 1918 5073">
    <p class='ocr_par' dir='ltr' id='par_1_82' title="bbox 389 4999 1918 5073">
     <span class='ocr_line' id='line_1_82' title="bbox 389 4999 1918 5073; baseline -0.004 -15"><span class='ocrx_word' id='word_1_517' title='bbox 389 5006 698 5073; x_wconf 79' lang='lat' dir='ltr'><strong>Responsio.</strong></span> <span class='ocrx_word' id='word_1_518' title='bbox 755 5000 868 5057; x_wconf 77' lang='lat' dir='ltr'><strong>l-loc</strong></span> <span class='ocrx_word' id='word_1_519' title='bbox 913 5000 1074 5056; x_wconf 81' lang='lat' dir='ltr'><strong>debet</strong></span> <span class='ocrx_word' id='word_1_520' title='bbox 1114 4999 1349 5055; x_wconf 84' lang='lat' dir='ltr'><strong>clericus</strong></span> <span class='ocrx_word' id='word_1_521' title='bbox 1405 4999 1756 5064; x_wconf 85' lang='lat' dir='ltr'><strong>discernere,</strong></span> <span class='ocrx_word' id='word_1_522' title='bbox 1784 5005 1918 5064; x_wconf 88' lang='lat' dir='ltr'><strong>etc.,</strong></span> 
     </span>
    </p>
   </div>
   <div class='ocr_carea' id='block_1_83' title="bbox 335 5096 698 5167">
    <p class='ocr_par' dir='ltr' id='par_1_83' title="bbox 335 5096 698 5167">
     <span class='ocr_line' id='line_1_83' title="bbox 335 5096 698 5167; baseline -0.006 -15"><span class='ocrx_word' id='word_1_523' title='bbox 335 5109 391 5152; x_wconf 86' lang='lat' dir='ltr'><strong>ut</strong></span> <span class='ocrx_word' id='word_1_524' title='bbox 424 5114 546 5167; x_wconf 85' lang='lat' dir='ltr'><strong>pag.</strong></span> <span class='ocrx_word' id='word_1_525' title='bbox 570 5096 698 5150; x_wconf 75' lang='grc'><strong>614.</strong></span> 
     </span>
    </p>
   </div>
   <div class='ocr_carea' id='block_1_84' title="bbox 402 5183 1923 5260">
    <p class='ocr_par' dir='ltr' id='par_1_84' title="bbox 402 5183 1923 5260">
     <span class='ocr_line' id='line_1_84' title="bbox 402 5183 1923 5260; baseline -0.006 -15"><span class='ocrx_word' id='word_1_526' title='bbox 402 5190 780 5260; x_wconf 84' lang='lat' dir='ltr'><strong>Interrogatio.</strong></span> <span class='ocrx_word' id='word_1_527' title='bbox 815 5187 874 5242; x_wconf 88' lang='lat' dir='ltr'><strong>Si</strong></span> <span class='ocrx_word' id='word_1_528' title='bbox 916 5187 1152 5256; x_wconf 88' lang='lat' dir='ltr'><strong>alicujus</strong></span> <span class='ocrx_word' id='word_1_529' title='bbox 1195 5200 1335 5241; x_wconf 81' lang='lat' dir='ltr'><strong>uxor</strong></span> <span class='ocrx_word' id='word_1_530' title='bbox 1366 5185 1562 5255; x_wconf 86' lang='lat' dir='ltr'><strong>spiritu</strong></span> <span class='ocrx_word' id='word_1_531' title='bbox 1606 5183 1923 5259; x_wconf 67' lang='lat' dir='ltr'><strong>corripitur,</strong></span> 
     </span>
    </p>
   </div>
   <div class='ocr_carea' id='block_1_85' title="bbox 335 5276 1914 5349">
    <p class='ocr_par' dir='ltr' id='par_1_85' title="bbox 335 5276 1914 5349">
     <span class='ocr_line' id='line_1_85' title="bbox 335 5276 1914 5349; baseline -0.005 -13"><span class='ocrx_word' id='word_1_532' title='bbox 335 5293 395 5336; x_wconf 90' lang='lat' dir='ltr'><strong>ut</strong></span> <span class='ocrx_word' id='word_1_533' title='bbox 421 5281 627 5336; x_wconf 78' lang='lat' dir='ltr'><strong>ferreos</strong></span> <span class='ocrx_word' id='word_1_534' title='bbox 670 5283 833 5334; x_wconf 85' lang='lat' dir='ltr'><strong>etiam</strong></span> <span class='ocrx_word' id='word_1_535' title='bbox 879 5279 1171 5349; x_wconf 86' lang='lat' dir='ltr'><strong>compedes</strong></span> <span class='ocrx_word' id='word_1_536' title='bbox 1201 5287 1395 5349; x_wconf 82' lang='lat' dir='ltr'><strong>gestet,</strong></span> <span class='ocrx_word' id='word_1_537' title='bbox 1423 5283 1505 5331; x_wconf 82' lang='lat' dir='ltr'><strong>vir</strong></span> <span class='ocrx_word' id='word_1_538' title='bbox 1539 5287 1721 5332; x_wconf 88' lang='lat' dir='ltr'><strong>autem</strong></span> <span class='ocrx_word' id='word_1_539' title='bbox 1749 5276 1914 5341; x_wconf 88' lang='lat' dir='ltr'><strong>dicat,</strong></span> 
     </span>
    </p>
   </div>
   <div class='ocr_carea' id='block_1_86' title="bbox 337 5367 1945 5443">
    <p class='ocr_par' dir='ltr' id='par_1_86' title="bbox 337 5367 1945 5443">
     <span class='ocr_line' id='line_1_86' title="bbox 337 5367 1945 5443; baseline -0.004 -15"><span class='ocrx_word' id='word_1_540' title='bbox 337 5389 443 5428; x_wconf 89' lang='lat' dir='ltr'><strong>non</strong></span> <span class='ocrx_word' id='word_1_541' title='bbox 466 5388 688 5443; x_wconf 85' lang='lat' dir='ltr'><strong>possum</strong></span> <span class='ocrx_word' id='word_1_542' title='bbox 713 5373 1014 5437; x_wconf 88' lang='lat' dir='ltr'><strong>continere,</strong></span> <span class='ocrx_word' id='word_1_543' title='bbox 1041 5382 1095 5426; x_wconf 86' lang='lat' dir='ltr'><strong>et</strong></span> <span class='ocrx_word' id='word_1_544' title='bbox 1119 5373 1247 5427; x_wconf 88' lang='lat' dir='ltr'><strong>velit</strong></span> <span class='ocrx_word' id='word_1_545' title='bbox 1269 5371 1430 5426; x_wconf 86' lang='lat' dir='ltr'><strong>aliam</strong></span> <span class='ocrx_word' id='word_1_546' title='bbox 1456 5369 1738 5439; x_wconf 86' lang='lat' dir='ltr'><strong>accipere;</strong></span> <span class='ocrx_word' id='word_1_547' title='bbox 1761 5367 1945 5423; x_wconf 84' lang='lat' dir='ltr'><strong>debet-</strong></span> 
     </span>
    </p>
   </div>
   <div class='ocr_carea' id='block_1_87' title="bbox 336 5462 1142 5532">
    <p class='ocr_par' dir='ltr' id='par_1_87' title="bbox 336 5462 1142 5532">
     <span class='ocr_line' id='line_1_87' title="bbox 336 5462 1142 5532; baseline -0.006 -12"><span class='ocrx_word' id='word_1_548' title='bbox 336 5478 408 5520; x_wconf 70' lang='grc' dir='ltr'>ιιι)</span> <span class='ocrx_word' id='word_1_549' title='bbox 433 5465 590 5519; x_wconf 89' lang='lat' dir='ltr'><strong>aliam</strong></span> <span class='ocrx_word' id='word_1_550' title='bbox 617 5465 862 5532; x_wconf 88' lang='lat' dir='ltr'><strong>accipere</strong></span> <span class='ocrx_word' id='word_1_551' title='bbox 888 5479 957 5517; x_wconf 89' lang='lat' dir='ltr'><strong>an</strong></span> <span class='ocrx_word' id='word_1_552' title='bbox 986 5478 1093 5517; x_wconf 90' lang='lat' dir='ltr'><strong>non</strong></span> <span class='ocrx_word' id='word_1_553' title='bbox 1119 5462 1142 5515; x_wconf 90' lang='lat'><strong>?</strong></span> 
     </span>
    </p>
   </div>
   <div class='ocr_carea' id='block_1_88' title="bbox 405 5641 876 5707">
    <p class='ocr_par' dir='ltr' id='par_1_88' title="bbox 405 5641 876 5707">
     <span class='ocr_line' id='line_1_88' title="bbox 405 5641 876 5707; baseline -0.011 -9"><span class='ocrx_word' id='word_1_554' title='bbox 405 5641 501 5698; x_wconf 81' lang='grc'><strong>⁸⁸1</strong></span> <span class='ocrx_word' id='word_1_555' title='bbox 532 5642 658 5698; x_wconf 67' lang='grc' dir='ltr'>(ἴον.</span> <span class='ocrx_word' id='word_1_556' title='bbox 688 5659 761 5707; x_wconf 85' lang='lat' dir='ltr'><strong>vt,</strong></span> <span class='ocrx_word' id='word_1_557' title='bbox 793 5643 876 5698; x_wconf 78' lang='grc'><strong>17.</strong></span> 
     </span>
    </p>
   </div>
   <div class='ocr_carea' id='block_1_89' title="bbox 2022 3112 3614 3185">
    <p class='ocr_par' dir='ltr' id='par_1_89' title="bbox 2022 3112 3614 3185">
     <span class='ocr_line' id='line_1_89' title="bbox 2022 3112 3614 3185; baseline -0.002 -20"><span class='ocrx_word' id='word_1_558' title='bbox 2022 3112 2124 3185; x_wconf 84' lang='grc' dir='ltr'>τίῳ</span> <span class='ocrx_word' id='word_1_559' title='bbox 2161 3115 2359 3168; x_wconf 78' lang='grc' dir='ltr'>ἑαυτὸν</span> <span class='ocrx_word' id='word_1_560' title='bbox 2393 3115 2612 3168; x_wconf 86' lang='grc' dir='ltr'>οίκειῶν</span> <span class='ocrx_word' id='word_1_561' title='bbox 2651 3114 2711 3168; x_wconf 80' lang='grc' dir='ltr'>ἓν</span> <span class='ocrx_word' id='word_1_562' title='bbox 2740 3116 2951 3182; x_wconf 87' lang='grc' dir='ltr'>γίνεται</span> <span class='ocrx_word' id='word_1_563' title='bbox 2994 3117 3060 3185; x_wconf 84' lang='grc' dir='ltr'>τῇ</span> <span class='ocrx_word' id='word_1_564' title='bbox 3101 3117 3240 3185; x_wconf 74' lang='grc' dir='ltr'>πρὸς</span> <span class='ocrx_word' id='word_1_565' title='bbox 3268 3113 3439 3166; x_wconf 74' lang='grc' dir='ltr'>αὑτὸν</span> <span class='ocrx_word' id='word_1_566' title='bbox 3491 3129 3614 3164; x_wconf 86' lang='grc' dir='ltr'>συν-</span> 
     </span>
    </p>
   </div>
   <div class='ocr_carea' id='block_1_90' title="bbox 2024 3202 3622 3278">
    <p class='ocr_par' dir='ltr' id='par_1_90' title="bbox 2024 3202 3622 3278">
     <span class='ocr_line' id='line_1_90' title="bbox 2024 3202 3622 3278; baseline -0.001 -22"><span class='ocrx_word' id='word_1_567' title='bbox 2024 3204 2213 3276; x_wconf 67' lang='grc' dir='ltr'>αφείᾳο</span> <span class='ocrx_word' id='word_1_568' title='bbox 2237 3208 2365 3270; x_wconf 77' lang='grc' dir='ltr'>τοὺς</span> <span class='ocrx_word' id='word_1_569' title='bbox 2390 3207 2571 3259; x_wconf 89' lang='grc' dir='ltr'>τοίνυν</span> <span class='ocrx_word' id='word_1_570' title='bbox 2591 3207 2853 3278; x_wconf 82' lang='grc' dir='ltr'>δαιμονᾷν</span> <span class='ocrx_word' id='word_1_571' title='bbox 2881 3205 3367 3276; x_wconf 82' lang='grc' dir='ltr'>ὑποκρινομένους,</span> <span class='ocrx_word' id='word_1_572' title='bbox 3391 3203 3487 3257; x_wconf 67' lang='grc' dir='ltr'><strong>κα)⁸</strong></span> <span class='ocrx_word' id='word_1_573' title='bbox 3507 3202 3622 3272; x_wconf 81' lang='grc' dir='ltr'>τρό-</span> 
     </span>
    </p>
   </div>
   <div class='ocr_carea' id='block_1_91' title="bbox 2025 3298 3617 3369">
    <p class='ocr_par' dir='ltr' id='par_1_91' title="bbox 2025 3298 3617 3369">
     <span class='ocr_line' id='line_1_91' title="bbox 2025 3298 3617 3369; baseline 0 -22"><span class='ocrx_word' id='word_1_574' title='bbox 2025 3312 2142 3348; x_wconf 88' lang='grc' dir='ltr'><strong>πων</strong></span> <span class='ocrx_word' id='word_1_575' title='bbox 2182 3298 2482 3368; x_wconf 82' lang='grc' dir='ltr'>φαυλότητι</span> <span class='ocrx_word' id='word_1_576' title='bbox 2514 3299 2898 3369; x_wconf 84' lang='grc' dir='ltr'>προσποιητῶς</span> <span class='ocrx_word' id='word_1_577' title='bbox 2935 3299 3004 3351; x_wconf 80' lang='grc' dir='ltr'>τὰ</span> <span class='ocrx_word' id='word_1_578' title='bbox 3053 3298 3278 3350; x_wconf 70' lang='grc' dir='ltr'>ἐκείνων</span> <span class='ocrx_word' id='word_1_579' title='bbox 3343 3313 3617 3368; x_wconf 86' lang='grc' dir='ltr'>σχηματι-</span> 
     </span>
    </p>
   </div>
   <div class='ocr_carea' id='block_1_92' title="bbox 2024 3387 3620 3464">
    <p class='ocr_par' dir='ltr' id='par_1_92' title="bbox 2024 3387 3620 3464">
     <span class='ocr_line' id='line_1_92' title="bbox 2024 3387 3620 3464; baseline 0 -23"><span class='ocrx_word' id='word_1_580' title='bbox 2024 3387 2306 3458; x_wconf 78' lang='grc' dir='ltr'>ζομένους,</span> <span class='ocrx_word' id='word_1_581' title='bbox 2341 3391 2487 3458; x_wconf 77' lang='grc' dir='ltr'>ἔδοξε</span> <span class='ocrx_word' id='word_1_582' title='bbox 2523 3393 2710 3464; x_wconf 83' lang='grc' dir='ltr'>τρόπῳ</span> <span class='ocrx_word' id='word_1_583' title='bbox 2741 3391 3102 3462; x_wconf 79' lang='grc' dir='ltr'>ἐπιτιμᾶσθαι</span> <span class='ocrx_word' id='word_1_584' title='bbox 3154 3391 3344 3456; x_wconf 82' lang='grc' dir='ltr'>παντὶ,</span> <span class='ocrx_word' id='word_1_585' title='bbox 3382 3392 3484 3444; x_wconf 73' lang='grc' dir='ltr'>καὶ</span> <span class='ocrx_word' id='word_1_586' title='bbox 3509 3407 3620 3442; x_wconf 84' lang='grc' dir='ltr'>τοι-</span> 
     </span>
    </p>
   </div>
   <div class='ocr_carea' id='block_1_93' title="bbox 2025 3481 3619 3556">
    <p class='ocr_par' dir='ltr' id='par_1_93' title="bbox 2025 3481 3619 3556">
     <span class='ocr_line' id='line_1_93' title="bbox 2025 3481 3619 3556; baseline 0.001 -24"><span class='ocrx_word' id='word_1_587' title='bbox 2025 3481 2218 3546; x_wconf 83' lang='grc' dir='ltr'>αύταις</span> <span class='ocrx_word' id='word_1_588' title='bbox 2242 3485 2440 3546; x_wconf 80' lang='grc' dir='ltr'>αὐτοὺς</span> <span class='ocrx_word' id='word_1_589' title='bbox 2459 3486 2902 3556; x_wconf 86' lang='grc' dir='ltr'>σκληραγωγίαις</span> <span class='ocrx_word' id='word_1_590' title='bbox 2927 3487 3022 3539; x_wconf 75' lang='grc' dir='ltr'>καὶ</span> <span class='ocrx_word' id='word_1_591' title='bbox 3053 3486 3236 3548; x_wconf 83' lang='grc' dir='ltr'>πόνοις</span> <span class='ocrx_word' id='word_1_592' title='bbox 3261 3484 3619 3542; x_wconf 74' lang='grc' dir='ltr'>ὑποϐάλλειν.</span> 
     </span>
    </p>
   </div>
   <div class='ocr_carea' id='block_1_94' title="bbox 2026 3567 3623 3650">
    <p class='ocr_par' dir='ltr' id='par_1_94' title="bbox 2026 3567 3623 3650">
     <span class='ocr_line' id='line_1_94' title="bbox 2026 3567 3623 3650; baseline 0.003 -24"><span class='ocrx_word' id='word_1_593' title='bbox 2026 3567 2108 3636; x_wconf 75' lang='grc' dir='ltr'>οἷς</span> <span class='ocrx_word' id='word_1_594' title='bbox 2133 3574 2200 3628; x_wconf 80' lang='grc' dir='ltr'>ἂν</span> <span class='ocrx_word' id='word_1_595' title='bbox 2226 3577 2273 3628; x_wconf 90' lang='grc' dir='ltr'><strong>οί</strong></span> <span class='ocrx_word' id='word_1_596' title='bbox 2297 3575 2513 3646; x_wconf 84' lang='grc' dir='ltr'>ἀληθῶς</span> <span class='ocrx_word' id='word_1_597' title='bbox 2561 3578 2930 3648; x_wconf 84' lang='grc' dir='ltr'>δαιμονῶντες</span> <span class='ocrx_word' id='word_1_598' title='bbox 2961 3578 3097 3650; x_wconf 86' lang='grc' dir='ltr'>πρὸς</span> <span class='ocrx_word' id='word_1_599' title='bbox 3156 3576 3491 3648; x_wconf 74' lang='grc' dir='ltr'>ἀπαλλαγὴν</span> <span class='ocrx_word' id='word_1_600' title='bbox 3523 3575 3623 3645; x_wconf 72' lang='grc' dir='ltr'>τῆς</span> 
     </span>
    </p>
   </div>
   <div class='ocr_carea' id='block_1_95' title="bbox 2025 3669 3328 3743">
    <p class='ocr_par' dir='ltr' id='par_1_95' title="bbox 2025 3669 3328 3743">
     <span class='ocr_line' id='line_1_95' title="bbox 2025 3669 3328 3743; baseline -0.002 -19"><span class='ocrx_word' id='word_1_601' title='bbox 2025 3669 2118 3724; x_wconf 90' lang='grc' dir='ltr'><strong>τοῦ</strong></span> <span class='ocrx_word' id='word_1_602' title='bbox 2152 3670 2407 3741; x_wconf 86' lang='grc' dir='ltr'>δαίμονος</span> <span class='ocrx_word' id='word_1_603' title='bbox 2431 3671 2711 3743; x_wconf 76' lang='grc' dir='ltr'>ἐνεργείας</span> <span class='ocrx_word' id='word_1_604' title='bbox 2731 3671 2895 3736; x_wconf 84' lang='grc' dir='ltr'>ἀξίως</span> <span class='ocrx_word' id='word_1_605' title='bbox 2919 3669 3328 3724; x_wconf 80' lang='grc' dir='ltr'>ὑποϐάλλοιντο.</span> 
     </span>
    </p>
   </div>
   <div class='ocr_carea' id='block_1_96' title="bbox 2387 3967 3254 4039">
    <p class='ocr_par' dir='ltr' id='par_1_96' title="bbox 2387 3967 3254 4039">
     <span class='ocr_line' id='line_1_96' title="bbox 2387 3967 3254 4039; baseline -0.002 -16"><span class='ocrx_word' id='word_1_606' title='bbox 2387 3969 2668 4039; x_wconf 81' lang='grc' dir='ltr'>Τιμοθέου</span> <span class='ocrx_word' id='word_1_607' title='bbox 2683 3968 2885 4024; x_wconf 81' lang='grc' dir='ltr'>κανὼν</span> <span class='ocrx_word' id='word_1_608' title='bbox 2899 3967 2964 4039; x_wconf 87' lang='grc' dir='ltr'><strong>β’,</strong></span> <span class='ocrx_word' id='word_1_609' title='bbox 2985 3973 3053 4036; x_wconf 80' lang='grc' dir='ltr'>γ’,</span> <span class='ocrx_word' id='word_1_610' title='bbox 3073 3968 3154 4032; x_wconf 82' lang='grc' dir='ltr'>ιδ’,</span> <span class='ocrx_word' id='word_1_611' title='bbox 3173 3984 3217 4020; x_wconf 93' lang='grc' dir='ltr'><strong>ιε</strong></span> <span class='ocrx_word' id='word_1_612' title='bbox 3238 4005 3254 4021; x_wconf 93' lang='grc'><strong>.</strong></span> 
     </span>
    </p>
   </div>
   <div class='ocr_carea' id='block_1_97' title="bbox 2106 4071 3620 4148">
    <p class='ocr_par' dir='ltr' id='par_1_97' title="bbox 2106 4071 3620 4148">
     <span class='ocr_line' id='line_1_97' title="bbox 2106 4071 3620 4148; baseline -0.003 -18"><span class='ocrx_word' id='word_1_613' title='bbox 2106 4076 2457 4145; x_wconf 82' lang='grc' dir='ltr'>Ἐρώτησις.</span> <span class='ocrx_word' id='word_1_614' title='bbox 2503 4077 2628 4132; x_wconf 83' lang='grc' dir='ltr'>Ἐἀν</span> <span class='ocrx_word' id='word_1_615' title='bbox 2653 4075 3098 4148; x_wconf 78' lang='grc' dir='ltr'>δαιμονιζόμενός</span> <span class='ocrx_word' id='word_1_616' title='bbox 3126 4091 3208 4137; x_wconf 90' lang='grc' dir='ltr'><strong>τις</strong></span> <span class='ocrx_word' id='word_1_617' title='bbox 3259 4071 3620 4144; x_wconf 83' lang='grc' dir='ltr'>κατηχούμε-</span> 
     </span>
    </p>
   </div>
   <div class='ocr_carea' id='block_1_98' title="bbox 2035 4165 2434 4243">
    <p class='ocr_par' dir='ltr' id='par_1_98' title="bbox 2035 4165 2434 4243">
     <span class='ocr_line' id='line_1_98' title="bbox 2035 4165 2434 4243; baseline 0.003 -22"><span class='ocrx_word' id='word_1_618' title='bbox 2035 4165 2192 4243; x_wconf 81' lang='grc' dir='ltr'>νοςῇ,</span> <span class='ocrx_word' id='word_1_619' title='bbox 2217 4188 2273 4223; x_wconf 84' lang='grc' dir='ltr'><strong>κ.</strong></span> <span class='ocrx_word' id='word_1_620' title='bbox 2305 4187 2352 4223; x_wconf 93' lang='grc' dir='ltr'><strong>τ.</strong></span> <span class='ocrx_word' id='word_1_621' title='bbox 2385 4170 2434 4222; x_wconf 91' lang='grc' dir='ltr'><strong>λ.</strong></span> 
     </span>
    </p>
   </div>
   <div class='ocr_carea' id='block_1_99' title="bbox 2103 4259 3628 4330">
    <p class='ocr_par' dir='ltr' id='par_1_99' title="bbox 2103 4259 3628 4330">
     <span class='ocr_line' id='line_1_99' title="bbox 2103 4259 3628 4330; baseline -0.001 -15"><span class='ocrx_word' id='word_1_622' title='bbox 2103 4261 2172 4330; x_wconf 84' lang='grc' dir='ltr'><strong>β’.</strong></span> <span class='ocrx_word' id='word_1_623' title='bbox 2207 4260 2576 4330; x_wconf 74' lang='grc' dir='ltr'>Ἀπόκρισις.</span> <span class='ocrx_word' id='word_1_624' title='bbox 2622 4260 2750 4314; x_wconf 81' lang='grc' dir='ltr'>Ἐὰν</span> <span class='ocrx_word' id='word_1_625' title='bbox 2797 4263 2825 4315; x_wconf 89' lang='grc' dir='ltr'><strong>ό</strong></span> <span class='ocrx_word' id='word_1_626' title='bbox 2857 4259 3298 4330; x_wconf 83' lang='grc' dir='ltr'>δαιμονιζόμενος</span> <span class='ocrx_word' id='word_1_627' title='bbox 3333 4260 3415 4330; x_wconf 81' lang='grc' dir='ltr'>μὴ</span> <span class='ocrx_word' id='word_1_628' title='bbox 3449 4259 3628 4313; x_wconf 86' lang='grc' dir='ltr'>καθα.-</span> 
     </span>
    </p>
   </div>
   <div class='ocr_carea' id='block_1_100' title="bbox 1955 4352 2447 4436">
    <p class='ocr_par' dir='ltr' id='par_1_100' title="bbox 1955 4352 2447 4436">
     <span class='ocr_line' id='line_1_100' title="bbox 1955 4352 2447 4436; baseline 0.008 -32"><span class='ocrx_word' id='word_1_629' title='bbox 1955 4379 2001 4436; x_wconf 75' lang='lat' dir='ltr'><strong>D</strong></span> <span class='ocrx_word' id='word_1_630' title='bbox 2033 4352 2210 4423; x_wconf 80' lang='grc' dir='ltr'>ρισθῇ,</span> <span class='ocrx_word' id='word_1_631' title='bbox 2231 4370 2285 4406; x_wconf 90' lang='grc' dir='ltr'><strong>κ.</strong></span> <span class='ocrx_word' id='word_1_632' title='bbox 2317 4371 2367 4409; x_wconf 87' lang='grc' dir='ltr'><strong>τ.</strong></span> <span class='ocrx_word' id='word_1_633' title='bbox 2397 4353 2447 4408; x_wconf 92' lang='grc' dir='ltr'><strong>λ.</strong></span> 
     </span>
    </p>
   </div>
   <div class='ocr_carea' id='block_1_101' title="bbox 2099 4443 3629 4516">
    <p class='ocr_par' dir='ltr' id='par_1_101' title="bbox 2099 4443 3629 4516">
     <span class='ocr_line' id='line_1_101' title="bbox 2099 4443 3629 4516; baseline 0.003 -22"><span class='ocrx_word' id='word_1_634' title='bbox 2099 4443 2440 4511; x_wconf 82' lang='grc' dir='ltr'>Ἐρώτησις.</span> <span class='ocrx_word' id='word_1_635' title='bbox 2507 4446 2634 4498; x_wconf 84' lang='grc' dir='ltr'><strong>Ἐάν</strong></span> <span class='ocrx_word' id='word_1_636' title='bbox 2693 4463 2777 4509; x_wconf 91' lang='grc' dir='ltr'><strong>τις</strong></span> <span class='ocrx_word' id='word_1_637' title='bbox 2822 4445 3012 4508; x_wconf 77' lang='grc' dir='ltr'>πιστὸς</span> <span class='ocrx_word' id='word_1_638' title='bbox 3061 4444 3136 4499; x_wconf 87' lang='grc' dir='ltr'>ὣν</span> <span class='ocrx_word' id='word_1_639' title='bbox 3190 4446 3629 4516; x_wconf 79' lang='grc' dir='ltr'>δαιμονίςηται,</span> 
     </span>
    </p>
   </div>
   <div class='ocr_carea' id='block_1_102' title="bbox 2029 4535 2250 4589">
    <p class='ocr_par' dir='ltr' id='par_1_102' title="bbox 2029 4535 2250 4589">
     <span class='ocr_line' id='line_1_102' title="bbox 2029 4535 2250 4589; baseline 0.005 -1"><span class='ocrx_word' id='word_1_640' title='bbox 2029 4551 2085 4588; x_wconf 87' lang='grc' dir='ltr'><strong>κ.</strong></span> <span class='ocrx_word' id='word_1_641' title='bbox 2119 4552 2169 4589; x_wconf 90' lang='grc' dir='ltr'><strong>τ.</strong></span> <span class='ocrx_word' id='word_1_642' title='bbox 2202 4535 2250 4589; x_wconf 90' lang='grc' dir='ltr'><strong>λ.</strong></span> 
     </span>
    </p>
   </div>
   <div class='ocr_carea' id='block_1_103' title="bbox 2100 4625 3628 4700">
    <p class='ocr_par' dir='ltr' id='par_1_103' title="bbox 2100 4625 3628 4700">
     <span class='ocr_line' id='line_1_103' title="bbox 2100 4625 3628 4700; baseline 0.001 -21"><span class='ocrx_word' id='word_1_643' title='bbox 2100 4631 2171 4694; x_wconf 79' lang='grc' dir='ltr'>γ’.</span> <span class='ocrx_word' id='word_1_644' title='bbox 2200 4625 2568 4696; x_wconf 80' lang='grc' dir='ltr'>Ἀπόκρισις.</span> <span class='ocrx_word' id='word_1_645' title='bbox 2619 4627 2746 4682; x_wconf 84' lang='grc' dir='ltr'><strong>Ἐὰν</strong></span> <span class='ocrx_word' id='word_1_646' title='bbox 2770 4627 2846 4698; x_wconf 82' lang='grc' dir='ltr'>μὴ</span> <span class='ocrx_word' id='word_1_647' title='bbox 2867 4626 3169 4699; x_wconf 78' lang='grc' dir='ltr'>ὲξαγορεύῃ</span> <span class='ocrx_word' id='word_1_648' title='bbox 3201 4627 3262 4681; x_wconf 85' lang='grc' dir='ltr'><strong>τδ</strong></span> <span class='ocrx_word' id='word_1_649' title='bbox 3284 4629 3628 4700; x_wconf 83' lang='grc' dir='ltr'>μυστήριον,</span> 
     </span>
    </p>
   </div>
   <div class='ocr_carea' id='block_1_104' title="bbox 2029 4714 2264 4770">
    <p class='ocr_par' dir='ltr' id='par_1_104' title="bbox 2029 4714 2264 4770">
     <span class='ocr_line' id='line_1_104' title="bbox 2029 4714 2264 4770; baseline 0.009 -2"><span class='ocrx_word' id='word_1_650' title='bbox 2029 4732 2085 4770; x_wconf 87' lang='grc' dir='ltr'><strong>κ.</strong></span> <span class='ocrx_word' id='word_1_651' title='bbox 2119 4734 2170 4770; x_wconf 91' lang='grc' dir='ltr'><strong>τ.</strong></span> <span class='ocrx_word' id='word_1_652' title='bbox 2210 4714 2264 4770; x_wconf 91' lang='grc' dir='ltr'><strong>λ.</strong></span> 
     </span>
    </p>
   </div>
   <div class='ocr_carea' id='block_1_105' title="bbox 2100 4806 3556 4881">
    <p class='ocr_par' dir='ltr' id='par_1_105' title="bbox 2100 4806 3556 4881">
     <span class='ocr_line' id='line_1_105' title="bbox 2100 4806 3556 4881; baseline 0.002 -19"><span class='ocrx_word' id='word_1_653' title='bbox 2100 4806 2449 4877; x_wconf 85' lang='grc' dir='ltr'>Ἐρώτησις.</span> <span class='ocrx_word' id='word_1_654' title='bbox 2498 4809 2622 4863; x_wconf 86' lang='grc' dir='ltr'><strong>Ἐάν</strong></span> <span class='ocrx_word' id='word_1_655' title='bbox 2665 4825 2750 4873; x_wconf 90' lang='grc' dir='ltr'><strong>τις</strong></span> <span class='ocrx_word' id='word_1_656' title='bbox 2775 4809 2850 4881; x_wconf 76' lang='grc' dir='ltr'>μὴ</span> <span class='ocrx_word' id='word_1_657' title='bbox 2887 4809 3027 4879; x_wconf 76' lang='grc' dir='ltr'>ἔχων</span> <span class='ocrx_word' id='word_1_658' title='bbox 3059 4808 3272 4876; x_wconf 79' lang='grc' dir='ltr'>ἑαυτὸν,</span> <span class='ocrx_word' id='word_1_659' title='bbox 3304 4827 3367 4868; x_wconf 83' lang='grc' dir='ltr'><strong>κ.</strong></span> <span class='ocrx_word' id='word_1_660' title='bbox 3410 4829 3468 4867; x_wconf 87' lang='grc' dir='ltr'><strong>τ.</strong></span> <span class='ocrx_word' id='word_1_661' title='bbox 3502 4813 3556 4866; x_wconf 87' lang='grc' dir='ltr'><strong>λ.</strong></span> 
     </span>
    </p>
   </div>
   <div class='ocr_carea' id='block_1_106' title="bbox 2101 4993 3633 5071">
    <p class='ocr_par' dir='ltr' id='par_1_106' title="bbox 2101 4993 3633 5071">
     <span class='ocr_line' id='line_1_106' title="bbox 2101 4993 3633 5071; baseline 0.005 -25"><span class='ocrx_word' id='word_1_662' title='bbox 2101 4993 2183 5047; x_wconf 87' lang='grc' dir='ltr'>ιδ’.</span> <span class='ocrx_word' id='word_1_663' title='bbox 2230 4996 2599 5066; x_wconf 81' lang='grc' dir='ltr'>Ἀπόκρισις.</span> <span class='ocrx_word' id='word_1_664' title='bbox 2632 4997 2921 5069; x_wconf 86' lang='grc' dir='ltr'>Διακρίναι</span> <span class='ocrx_word' id='word_1_665' title='bbox 2981 4997 3188 5066; x_wconf 83' lang='grc' dir='ltr'>ὀφείλει</span> <span class='ocrx_word' id='word_1_666' title='bbox 3244 4999 3274 5052; x_wconf 86' lang='grc' dir='ltr'><strong>ό</strong></span> <span class='ocrx_word' id='word_1_667' title='bbox 3323 4998 3633 5071; x_wconf 81' lang='grc' dir='ltr'>κληρικδς,</span> 
     </span>
    </p>
   </div>
   <div class='ocr_carea' id='block_1_107' title="bbox 2027 5086 2266 5142">
    <p class='ocr_par' dir='ltr' id='par_1_107' title="bbox 2027 5086 2266 5142">
     <span class='ocr_line' id='line_1_107' title="bbox 2027 5086 2266 5142; baseline 0.004 -2"><span class='ocrx_word' id='word_1_668' title='bbox 2027 5102 2083 5140; x_wconf 90' lang='grc' dir='ltr'><strong>κ.</strong></span> <span class='ocrx_word' id='word_1_669' title='bbox 2123 5102 2174 5142; x_wconf 91' lang='grc' dir='ltr'><strong>τ.</strong></span> <span class='ocrx_word' id='word_1_670' title='bbox 2218 5086 2266 5141; x_wconf 94' lang='grc' dir='ltr'><strong>λ.</strong></span> 
     </span>
    </p>
   </div>
   <div class='ocr_carea' id='block_1_108' title="bbox 2109 5177 3632 5254">
    <p class='ocr_par' dir='ltr' id='par_1_108' title="bbox 2109 5177 3632 5254">
     <span class='ocr_line' id='line_1_108' title="bbox 2109 5177 3632 5254; baseline 0.004 -24"><span class='ocrx_word' id='word_1_671' title='bbox 2109 5177 2449 5246; x_wconf 84' lang='grc' dir='ltr'>Ἐρώτησις.</span> <span class='ocrx_word' id='word_1_672' title='bbox 2513 5179 2638 5233; x_wconf 84' lang='grc' dir='ltr'>Ἐάν</span> <span class='ocrx_word' id='word_1_673' title='bbox 2679 5197 2825 5244; x_wconf 90' lang='grc' dir='ltr'>τινος</span> <span class='ocrx_word' id='word_1_674' title='bbox 2883 5181 3022 5252; x_wconf 85' lang='grc' dir='ltr'>γυνὴ</span> <span class='ocrx_word' id='word_1_675' title='bbox 3075 5186 3397 5254; x_wconf 80' lang='grc' dir='ltr'>πνευματιᾷ</span> <span class='ocrx_word' id='word_1_676' title='bbox 3455 5184 3632 5244; x_wconf 81' lang='grc' dir='ltr'>πάνυ.</span> 
     </span>
    </p>
   </div>
   <div class='ocr_carea' id='block_1_109' title="bbox 2028 5266 3634 5342">
    <p class='ocr_par' dir='ltr' id='par_1_109' title="bbox 2028 5266 3634 5342">
     <span class='ocr_line' id='line_1_109' title="bbox 2028 5266 3634 5342; baseline 0.002 -20"><span class='ocrx_word' id='word_1_677' title='bbox 2028 5266 2169 5322; x_wconf 83' lang='grc' dir='ltr'>ὥστε</span> <span class='ocrx_word' id='word_1_678' title='bbox 2198 5271 2293 5322; x_wconf 77' lang='grc' dir='ltr'>καὶ</span> <span class='ocrx_word' id='word_1_679' title='bbox 2327 5269 2521 5340; x_wconf 86' lang='grc' dir='ltr'>σίδηρα</span> <span class='ocrx_word' id='word_1_680' title='bbox 2551 5273 2760 5341; x_wconf 83' lang='grc' dir='ltr'>φορεῖν,</span> <span class='ocrx_word' id='word_1_681' title='bbox 2803 5273 2830 5325; x_wconf 89' lang='grc' dir='ltr'><strong>ό</strong></span> <span class='ocrx_word' id='word_1_682' title='bbox 2861 5273 3001 5342; x_wconf 80' lang='grc' dir='ltr'>ἀνὴρ</span> <span class='ocrx_word' id='word_1_683' title='bbox 3036 5272 3093 5324; x_wconf 86' lang='grc' dir='ltr'>δὲ</span> <span class='ocrx_word' id='word_1_684' title='bbox 3128 5274 3274 5341; x_wconf 83' lang='grc' dir='ltr'>λέγει</span> <span class='ocrx_word' id='word_1_685' title='bbox 3303 5273 3395 5326; x_wconf 84' lang='grc' dir='ltr'>ὅτι</span> <span class='ocrx_word' id='word_1_686' title='bbox 3438 5275 3506 5326; x_wconf 82' lang='grc' dir='ltr'><strong>οὐ</strong></span> <span class='ocrx_word' id='word_1_687' title='bbox 3536 5273 3634 5326; x_wconf 79' lang='grc' dir='ltr'><strong>δύ-</strong></span> 
     </span>
    </p>
   </div>
   <div class='ocr_carea' id='block_1_110' title="bbox 2025 5364 3638 5439">
    <p class='ocr_par' dir='ltr' id='par_1_110' title="bbox 2025 5364 3638 5439">
     <span class='ocr_line' id='line_1_110' title="bbox 2025 5364 3638 5439; baseline 0.001 -23"><span class='ocrx_word' id='word_1_688' title='bbox 2025 5379 2184 5416; x_wconf 89' lang='grc' dir='ltr'>ναται</span> <span class='ocrx_word' id='word_1_689' title='bbox 2241 5364 2692 5433; x_wconf 85' lang='grc' dir='ltr'>ὲγκρατεύεσθαι,</span> <span class='ocrx_word' id='word_1_690' title='bbox 2747 5366 2840 5420; x_wconf 77' lang='grc' dir='ltr'>καὶ</span> <span class='ocrx_word' id='word_1_691' title='bbox 2901 5365 3046 5424; x_wconf 84' lang='grc' dir='ltr'>θέλει</span> <span class='ocrx_word' id='word_1_692' title='bbox 3092 5365 3277 5422; x_wconf 79' lang='grc' dir='ltr'>λαϐεῖν</span> <span class='ocrx_word' id='word_1_693' title='bbox 3328 5365 3539 5439; x_wconf 77' lang='grc' dir='ltr'>ἄλλην,</span> <span class='ocrx_word' id='word_1_694' title='bbox 3586 5367 3638 5418; x_wconf 81' lang='grc' dir='ltr'><strong>εί</strong></span> 
     </span>
    </p>
   </div>
   <div class='ocr_carea' id='block_1_111' title="bbox 2023 5451 2666 5526">
    <p class='ocr_par' dir='ltr' id='par_1_111' title="bbox 2023 5451 2666 5526">
     <span class='ocr_line' id='line_1_111' title="bbox 2023 5451 2666 5526; baseline 0.006 -23"><span class='ocrx_word' id='word_1_695' title='bbox 2023 5451 2228 5522; x_wconf 83' lang='grc' dir='ltr'>ὀφείλει</span> <span class='ocrx_word' id='word_1_696' title='bbox 2261 5453 2470 5522; x_wconf 72' lang='grc' dir='ltr'>λαϐεῖν,</span> <span class='ocrx_word' id='word_1_697' title='bbox 2504 5453 2538 5526; x_wconf 82' lang='grc' dir='ltr'>ἢ</span> <span class='ocrx_word' id='word_1_698' title='bbox 2569 5451 2666 5522; x_wconf 71' lang='lat' dir='ltr'><strong>ob;</strong></span> 
     </span>
    </p>
   </div>
  </div>
