3904 6220
245 208 338 271 965

851 205 1250 267 SYNTAGMA
1289 204 1673 265 CANONUM.
1699 227 1769 236 -
1796 204 1812 262 '.

1935 250 1941 262 .
1981 204 2153 277 XIII,
2189 206 2344 265 CAP.
2387 207 2851 266 XXX‘XXXIII.

3389 209 3494 272 966

300 327 379 376 ιε’.
410 321 771 388 Ἀπόκρισις.
796 320 1028 390 Μοιχεία
1055 318 1346 388 μεσολαϐεῖ
1359 317 1420 369 τὺ
1437 319 1692 386 πρᾶγμα,
1720 315 1812 367 καὶ

1985 314 2291 383 Responsio.
2327 316 2380 369 In
2416 317 2517 370 hac
2545 332 2603 370 re
2647 318 2866 386 quidem
2896 314 3220 370 adulterium
3264 315 3495 371 interce-

244 407 357 477 περὶ
384 406 575 459 τούτου
618 407 670 458 τί
707 407 1114 477 ἀποκρίνασθαι
1142 407 1239 475 οὐχ
1290 405 1552 475 εὑρίσκω’
1578 404 1719 457 κατά
1755 405 1811 456 δὲ

240 497 610 567 πνευματικὴν
639 497 936 565 ἀπόφασιν,
973 497 1072 550 οὐκ
1100 498 1328 563 ὀφείλει.
1407 523 1440 538 ·-

299 592 526 662 Εἴρηται
558 590 699 660 βιϐλ.
750 586 791 641 ε’
818 588 913 642 τοῦ
962 588 1120 655 κώδ.,
1167 590 1273 644 τίτ.
1332 597 1396 652 ο’,
1446 590 1586 644 διάτ.
1632 590 1696 652 δ’,
1727 591 1808 642 ὅτι

246 683 363 736 Ἐὰν
395 684 536 752 γυνὴ
579 682 830 753 μαίνηται
858 681 1185 746 αὐτεξουσία
1232 680 1387 746 οὖσα,
1427 683 1584 751 μόνος
1613 685 1640 735 ὁ
1673 681 1813 752 ἀνὴρ

234 777 449 830 δύναται
479 777 720 844 πέμπειν
761 777 1066 845 ῥεπούδιον·
1128 778 1189 830 ὲν
1239 776 1294 829 δὲ
1328 775 1407 844 τῷ
1457 775 1538 844 κβ¹
1589 775 1810 844 διατάγ.

234 866 318 921 τοῦ
356 865 408 934 γ’
435 867 540 920 τίτ.
587 866 681 918 τοῦ
713 867 791 918 κδ’
821 867 962 937 βιϐλ.
996 869 1183 937 φησὶν,
1231 869 1312 920 ὅτι
1351 867 1448 920 ἐὰν
1505 869 1534 920 ὁ
1584 863 1664 930 εἷς
1704 868 1812 920 τῶν

236 957 624 1011 συνοικούντων
681 959 843 1027 μανῇ,
876 958 1037 1019 αὐτὸς
1081 958 1177 1027 μὲν
1226 958 1287 1010 ού
1319 957 1540 1010 δύναται
1573 958 1810 1011 στέλλειν

233 1048 476 1101 διαίσιον·
510 1049 558 1099 εί
587 1047 644 1098 δὲ
678 1049 887 1119 φορητή
929 1050 1077 1102 ἐστιν
1110 1051 1142 1118 ἡ
1177 1048 1364 1118 μανία,
1392 1049 1504 1102 εἴτε
1530 1050 1806 1120 διηνεκὴς,

234 1139 337 1192 εῑτε
375 1142 441 1192 ἐκ
473 1140 901 1209 διαλειμμάτων,
931 1141 1033 1193 οὐκ
1069 1141 1273 1208 ὀφείλει
1297 1144 1324 1194 ὁ
1355 1143 1542 1210 νήφων
1571 1140 1649 1210 τῷ
1685 1159 1809 1210 μαι-

234 1231 438 1300 νομένῳ
469 1231 704 1284 στέλλειν
754 1231 1055 1302 ρεπούδιον’
1093 1234 1140 1285 εί
1185 1233 1241 1284 δὲ
1277 1232 1481 1304 στείλῃ,
1511 1233 1807 1285 ὑποπίπτει

231 1322 337 1383 τοῖς
365 1320 662 1390 ἐπιτιμίοις
695 1322 796 1390 τῆς
821 1321 1015 1389 ἀλόγου
1046 1323 1392 1387 διαζεύξεωςο
1423 1325 1470 1376 εί
1500 1323 1557 1376 δὲ
1586 1323 1809 1376 ἀνύποι-

231 1413 348 1474 στός
380 1415 532 1464 ἐστιν
571 1414 604 1482 ἡ
643 1414 830 1482 μανία,
858 1414 952 1466 καὶ
977 1414 1076 1466 οὐκ
1102 1415 1247 1468 ἐστιν
1279 1414 1435 1477 ἐλπὶς
1464 1415 1804 1484 ἀνανήψεως,

229 1505 402 1569 ἔξεστι
441 1505 528 1558 διὰ
552 1506 642 1559 τὸν
677 1506 928 1560 ἐντεῦθεν
961 1507 1123 1575 φόϐον
1151 1509 1244 1560 καὶ
1269 1509 1369 1577 τὴν
1392 1507 1687 1578 ἐπιθυμίαν
1711 1507 1804 1560 τοῦ

227 1597 635 1666 παιδοποιῆσαι,
679 1597 945 1668 ῥεπουδίῳ
974 1598 1120 1651 λύειν
1150 1599 1241 1650 τὸν
1272 1599 1469 1668 γάμον,
1507 1598 1802 1669 μηδετέρου

109 1709 115 1718 ι
227 1686 618 1758 ζημιουμένου·
654 1691 703 1740 εἰ
761 1689 945 1758 μέντοι
996 1689 1071 1760 μὴ
1111 1690 1226 1742 λύει
1256 1691 1453 1759 γάμον,
1480 1689 1617 1742 ἀλλά
1645 1707 1802 1759 περι-
1838 1671 1880 1726 Β

228 1780 415 1848 φρονεί
455 1777 650 1847 αὐτῆς,
683 1779 1052 1846 ἀναγκάζεται
1089 1780 1177 1833 διὰ
1225 1781 1318 1833 τοῦ
1360 1781 1620 1851 ἄρχοντος
1646 1782 1806 1850 στρέ-

229 1885 344 1936 φειν
377 1869 576 1939 αὐτὴν,
606 1871 698 1923 καὶ
734 1870 1040 1938 φροντίζειν
1069 1871 1170 1940 τῆς
1198 1872 1440 1942 ἰατρείας
1475 1873 1666 1942 αὐτῆς,
1711 1871 1805 1923 καὶ

229 1959 393 2028 μηδὲν
439 1959 774 2029 παραλιπεῖν
815 1959 924 2012 τῶν
967 1959 1122 2030 ἀνδρὶ
1183 1962 1500 2031 πρεπόντων
1561 1961 1696 2030 πρὸς
1744 1962 1805 2013 τὸ

228 2049 390 2101 ποσὸν
413 2048 515 2117 τῆς
543 2049 785 2119 προικός·
807 2051 855 2101 εί
881 2049 936 2101 δὲ
969 2049 1250 2120 σκορπίζει
1284 2052 1384 2120 τὴν
1414 2054 1634 2120 προῖκα,
1667 2068 1804 2120 μεσ-

228 2141 492 2207 εγγυᾶται
528 2140 614 2208 ἐφ’
646 2134 690 2207 ᾧ
721 2144 820 2210 τὴν
851 2143 1087 2208 γυναῖκα
1110 2141 1206 2194 καὶ
1252 2141 1350 2210 τὴν
1402 2142 1670 2211 φαμιλίαν
1708 2142 1810 2194 αύ-

226 2232 319 2302 τῆς
349 2232 511 2296 ἀξίαν
535 2235 683 2300 σχεῖν
703 2232 951 2284 ἐντεῦθεν
980 2232 1353 2303 παραμυθίαν,
1388 2234 1804 2302 φυλαττομένων

226 2324 331 2376 τῶν
360 2323 422 2386 ἐξ
451 2323 627 2394 ἀρχῆς
671 2322 975 2392 συμφώνων
998 2341 1012 2356 ο
1038 2325 1195 2394 ,ἀλλά
1248 2325 1418 2378 ταῦτα
1461 2327 1698 2395 σήμερον
1742 2325 1802 2378 ού

231 2414 539 2488 προϐαίνει,
574 2412 699 2466 οὔτε
740 2415 829 2466 διά
881 2415 1078 2484 μανίαν
1131 2415 1366 2483 εὐλόγως
1392 2416 1575 2469 λύεται
1607 2417 1802 2486 γάμος,

226 2505 325 2574 τῆς
367 2507 502 2574 περὶ
537 2505 836 2575 ῥεπουδίων
887 2506 988 2574 ριζ’
1024 2507 1247 2574 νεαρᾶς,
1290 2507 1462 2577 ῥητὰς
1507 2506 1681 2570 αἰτίας
1715 2512 1804 2559 λε-

227 2597 453 2666 γούσης,
478 2598 574 2651 καὶΙ
607 2596 1010 2667 ὑποϐαλλούσης
1041 2598 1133 2650 τὸν
1168 2598 1298 2667 παρ’
1328 2597 1496 2659 αὑτὰς
1521 2597 1805 2651 στέλλοντα

229 2690 511 2758 ῥεπούδιον
557 2691 622 2759 τῇ
654 2688 925 2742 ὲκπτώσει
969 2691 1077 2744 τῶν
1108 2691 1362 2760 γαμικῶν
1391 2690 1682 2744 ἐπιδόσεων
1711 2691 1806 2744 καὶ⁸

228 2781 389 2844 ἄλλας
415 2780 740 2851 ἐπιτιμίοις.

1913 405 2012 470 dit,
2045 421 2148 461 nec
2180 407 2374 472 habeo,
2405 417 2499 461 aut
2528 408 2747 462 invenio
2774 408 2903 477 quid
2929 407 2996 462 de
3020 422 3084 462 ea
3110 408 3488 476 respondeam.

1988 585 2202 641 Texlus.
2224 586 2432 642 Dicitur
2462 589 2555 644 lib.
2583 605 2614 643 ν
2657 589 2777 644 cod.
2814 591 2901 644 tit.
2926 590 3014 655 70,
3055 599 3236 646 const.
3262 592 3317 657 4,
3347 591 3492 659 quod

1915 675 1960 730 si
2019 677 2212 729 mulier
2260 677 2341 730 sui
2391 678 2535 746 juris
2595 681 2888 734 constituta
2941 680 3145 734 furiosa
3195 683 3288 747 sit,
3342 683 3491 737 solus

1914 767 2140 821 maritus
2174 769 2459 835 repudium
2495 769 2712 822 mittere
2746 772 2937 838 possit.
2972 770 3175 839 Digest.
3226 787 3354 825 vero
3398 773 3488 835 22,

1913 859 1997 913 tit.
2034 860 2086 924 3,
2122 859 2214 913 lib.
2247 875 2397 925 xxtv,
2429 863 2506 914 ait
2537 879 2549 915 :
2584 860 2641 914 Si
2674 862 2808 916 alter
2843 863 3134 931 conjugum
3170 862 3351 918 furere
3381 879 3494 917 etB-

1911 951 2070 1019 perit,
2103 951 2222 1020 ipse
2245 952 2465 1021 quidem
2504 951 2795 1024 [furiosus]
2825 957 3076 1008 nuntium
3128 957 3342 1011 mittere
3379 973 3488 1011 non

1910 1055 2323 1115 p0test:atque
2371 1047 2416 1102 si
2467 1046 2640 1112 furor,
2695 1048 2809 1103 sive
2854 1061 3174 1118 perpetuus,
3230 1052 3344 1106 sive
3395 1067 3492 1120 per

1911 1136 2193 1192 intervalla
2221 1137 2533 1211 [accedens]
2569 1140 2869 1194 tolerabilis
2918 1141 3008 1204 sit,
3041 1158 3216 1210 neque
3263 1158 3490 1212 compos

1910 1228 2108 1282 mentis
2159 1228 2356 1295 fuerit,
2391 1233 2643 1283 nuntium
2711 1232 2924 1284 mittere
2969 1231 3146 1285 debet.
3204 1233 3261 1286 Si
3309 1243 3489 1286 tamen

1911 1318 2142 1382 miserit,
2171 1321 2225 1372 in
2263 1335 2455 1388 poenas
2506 1321 2696 1389 injnsti
2739 1323 2958 1376 divortii
3007 1323 3217 1378 incidit.
3253 1324 3406 1388 Quod
3442 1325 3489 1378 si

1911 1408 2060 1462 l‘uror
2099 1409 2264 1480 470
2307 1411 2665 1468 intolerabilis
2698 1414 2769 1468 sit
2798 1431 2899 1469 nec
2943 1417 3053 1468 ulla
3101 1416 3491 1485 resipiscentia:

1909 1514 2034 1569 spes
2091 1502 2330 1568 supersit
2387 1519 2399 1554 :
2459 1511 2679 1570 propter
2732 1502 2933 1557 luroris
2993 1514 3217 1568 metum,
3278 1519 3341 1558 ac
3366 1518 3495 1572 pro-

1910 1592 2156 1646 creandte
2185 1593 2389 1646 sobolis
2418 1594 2774 1657 desiderium,
2819 1595 2953 1649 citra
3007 1595 3292 1664 utriusque
3335 1596 3488 1647 dam-

1913 1699 2064 1750 num,
2103 1684 2513 1738 matrimonium
2552 1685 2779 1753 repudio
2823 1686 3128 1740 dissolvere
3162 1687 3305 1740 licet.
3344 1685 3488 1739 Sane

1912 1773 1956 1828 si
1993 1771 2270 1844 [maritus]
2303 1775 2712 1828 matrimonium
2761 1774 3027 1845 [quidem]
3084 1793 3190 1829 non
3241 1777 3483 1840 dirimat,

1914 1868 2006 1921 sed
2057 1867 2326 1921 furentem
2378 1865 2652 1938 [uxorem]
2689 1868 2924 1936 negligat
2958 1885 2972 1921 :
3007 1869 3362 1937 compellitur
3392 1883 3488 1937 per

1913 1959 2292 2028 magistratum
2352 1959 2651 2012 secundum
2715 1961 2861 2013 dotis
2919 1961 3279 2028 quantitatem
3343 1960 3488 2014 alere

1911 2053 2057 2106 illam
2113 2066 2176 2105 ac
2226 2052 2524 2104 sanandam
2567 2066 2784 2115 curare,
2829 2051 3073 2119 nihilque
3119 2066 3311 2106 eorum
3366 2068 3489 2118 quae

1911 2144 2167 2198 maritum
2203 2141 2503 2214 [preestare]
2549 2144 2861 2208 conveniat,
2902 2147 3334 2213 praetermittere.
3381 2143 3487 2199 Sed

1912 2235 1960 2287 si
1993 2234 2174 2287 dotem
2215 2233 2461 2302 dissipet,
2499 2242 2878 2301 sequestratur
2912 2232 3075 2304 [illa],
3118 2246 3390 2303 quatenus
3420 2249 3488 2288 ex

1910 2340 1971 2379 ea
2006 2324 2221 2390 mulier,
2257 2326 2484 2394 ejusque
2515 2325 2718 2378 familia
2758 2334 3072 2393 competens
3108 2325 3302 2381 habeat
3338 2328 3486 2382 sola-

1910 2416 2045 2469 tium
2083 2432 2098 2469 :
2134 2416 2418 2470 servandis
2467 2414 2768 2487 [videlicet]
2815 2417 2881 2468 ab
2922 2417 3078 2470 initio
3125 2415 3298 2487 [initis
3332 2417 3488 2470 dota-

1911 2505 2077 2578 libus]
2125 2506 2320 2576 paetis.
2368 2505 2570 2560 Verum
2629 2507 2742 2560 haec
2793 2507 2954 2561 hodie
3005 2522 3113 2560 non
3167 2507 3488 2576 procedunt,

1910 2614 2086 2669 neque
2104 2606 2324 2667 propter
2349 2598 2587 2650 furorem
2607 2608 2754 2652 recte
2770 2598 3181 2654 matrimonium
3211 2600 3442 2654 solvitur
3471 2614 3484 2650 :

1913 2703 2038 2742 cum
2068 2687 2136 2741 de
2166 2685 2411 2755 repudiis
2445 2686 2659 2740 novella
2690 2687 2788 2740 11³1
2822 2699 2998 2742 certas
3032 2705 3229 2744 causas
3271 2689 3486 2750 recitet,

1915 2788 2078 2847 atque
2108 2787 2302 2848 praeter
2337 2793 2454 2842 eas,
2486 2779 2774 2846 repudium
2819 2780 3124 2835 mittentem
3168 2782 3489 2849 nuptialium

1815 2911 1820 2916 -
1916 2871 2382 2926 contributionnm
2407 2871 2715 2935 amissioni,
2745 2872 2979 2941 aliisque
3007 2872 3182 2940 ptenis
3212 2873 3487 2939 subjiciat.

298 2986 554 3039 ΚΕΦΑΛ.
577 2983 776 3038 ΛΑ’.-
795 2985 936 3051 Περὶ
975 2985 1195 3039 ,καὶκοῦ
1227 2984 1678 3053 ἀφορισθέντος,
1713 2983 1812 3036 καί

1988 2983 2139 3040 CAP.
2191 2983 2385 3039 XXXI.
2411 3013 2481 3022 —
2505 2983 2584 3037 De
2615 2985 2753 3037 laico
2795 2994 3091 3055 segregata,
3129 2988 3220 3055 qui
3262 2997 3493 3057 receptus

236 3078 551 3147 δεχθέντος
596 3077 664 3142 ἐξ
718 3075 923 3144 ἐτέρου
975 3078 1133 3145 παρὰ
1178 3077 1420 3147 γνώμην
1472 3076 1578 3130 τοῦ
1607 3076 1812 3144 ἀφορί-

1935 3078 2084 3131 Γπεῖνα
2107 3077 2168 3129 ab
2201 3077 2328 3141 alio,
2363 3085 2554 3146 prazter
2596 3077 2913 3130 voluntatem
2959 3079 3072 3146 ejus
3112 3080 3201 3148 qui
3228 3079 3382 3132 illum
3411 3097 3495 3134 se-

233 3185 480 3235 σαντος.

600 3281 974 3335 Ἀποστόλων
1007 3281 1212 3336 κανὼν
1241 3281 1328 3352 ιβ’,
1364 3289 1452 3352 ιγ’.

302 3391 387 3462 ιβ’.
421 3391 494 3446 Εἴ
519 3409 607 3454 τις
659 3392 918 3464 κληρικὸς
951 3393 984 3463 ἢ
1033 3391 1218 3456 λαῖκὸς
1239 3433 1254 3459 ,
1287 3394 1668 3466 ἀφωρισμένος
1694 3393 1811 3464 ἢτοι

188 3484 190 3487 ’
233 3484 476 3548 ἀδεκτος,
513 3502 567 3539 κ.
601 3503 652 3538 τ.
682 3485 731 3538 λ.

305 3569 392 3640 ιγ’.
427 3573 492 3624 El
515 3571 572 3624 δὲ
598 3573 982 3642 ἀφωρισμένος
1017 3574 1126 3645 εἴη,
1160 3593 1215 3630 κ.
1246 3593 1300 3629 τ.
1327 3575 1382 3632 λ.

493 3757 764 3813 Συνόὃου
803 3759 1168 3829 Ἀντιοχείας
1215 3762 1436 3830 κανὼν,
1474 3767 1548 3826 ς’.

309 3869 380 3934 ς’.
434 3870 505 3924 Εἴ
544 3887 628 3932 τις
664 3871 768 3923 ὑπὸ
812 3871 905 3925 τοῦ
946 3872 1076 3924 ἰδίου
1109 3874 1410 3926 ἐπισκόπου
1444 3873 1811 3945 ἀκοινώνητος

246 3960 444 4029 γέγονε,
487 3978 540 4013 κ.
577 3977 627 4012 τ.
658 3960 709 4014 λ.

307 4074 558 4129 ΚΕΦΑΛ.
601 4074 723 4125 ΛΒ’.
755 4101 822 4112 -
847 4073 985 4140 Περὶ
1038 4072 1155 4124 τῶν
1184 4073 1251 4125 ἐν
1299 4074 1562 4143 Κυριακῇ
1600 4075 1637 4144 ἢ
1668 4079 1814 4129 Σαϐ-

242 4161 386 4228 ϐάτῳ
404 4165 844 4230 νηστευόντων.

641 4277 1019 4330 Ἀποστόλων
1055 4277 1276 4340 κανὼν,
1325 4277 1416 4342 ξδ’.

316 4388 403 4454 ξδ’.
449 4390 520 4444 EE
559 4407 646 4454 τις
693 4391 952 4460 κληρικὸς
1002 4391 1198 4445 £6050“-
1238 4393 1333 4462 τὴν
1371 4391 1653 4463 Κυριακὴν
1683 4391 1816 4462 ἡμέ·
1850 4353 1896 4410 D

251 4494 344 4553 ραν
367 4482 666 4554 νηστεύων,
700 4499 755 4537 κ.
786 4499 837 4534 τ.
868 4482 920 4537 λ.

517 4593 788 4647 Συνόδου
831 4593 1107 4664 Γάγγρας
1152 4594 1374 4655 κανὼν,
1425 4601 1511 4664 ιη’.

314 4693 404 4756 ιη’.
467 4687 536 4738 Εἴ
576 4703 660 4749 τις
713 4686 802 4740 διὰ
845 4685 1211 4758 νομιζομένην
1258 4687 1489 4756 ἄσκησιν
1518 4689 1576 4738 έν
1611 4687 1676 4755 τῇ
1712 4686 1822 4739 Κυ-

248 4782 406 4849 ριακῇ
446 4778 723 4848 νηστεύοι,
760 4779 1011 4848 ἀνάθεμα
1037 4779 1200 4832 ἔστω.

301 4870 576 4925 Συνόδου
623 4871 1050 4938 οὶκουμενικῆς
1074 4869 1257 4937 ἕκτης
1292 4869 1492 4922 κανὼν
1520 4875 1613 4934 νε’,
1644 4875 1751 4935 νς’.

310 4969 404 5015 γε’.
449 4961 669 5032 Ἐπειδὴ
706 4962 1113 5030 μεμαθήκαμεν
1165 4962 1292 5022 τοὺς
1323 4960 1381 5012 ὲν
1425 4962 1491 5031 τῇ
1537 4959 1823 5030 Ῥωμαίων

249 5054 416 5118 πόλει,
460 5055 520 5106 ὲν
553 5057 673 5117 ταῖς
708 5053 890 5120 ἁγίαις
937 5053 1037 5122 τῆς
1084 5050 1534 5122 Τεσσαρακοστῆς
1563 5051 1822 5121 ἡμέραις,

245 5162 295 5198 κ.
330 5165 383 5201 τ.
419 5147 474 5202 λ.

314 5236 422 5301 νς’.
494 5236 770 5300 Ὡσαύτως
833 5233 1348 5306 μεμαθήκαμενξὲν
1406 5235 1471 5305 τῇ
1522 5233 1824 5304 Ἀρμενίων

245 5326 416 5400 χώρᾳ,
460 5347 515 5383 κ.
549 5346 600 5382 τ.
641 5329 692 5383 λ.

309 5441 560 5495 ΚΕΦΑΛ.
603 5441 726 5494 ΛΓ’.
775 5469 843 5478 -
889 5439 1029 5509 Περὶ
1093 5439 1215 5495 τῶν
1265 5439 1678 5494 διδασκόντων
1720 5439 1828 5490 τὸν

250 5528 414 5585 οἷκον
440 5532 546 5584 τοῦ
580 5532 728 5587 Θεοῦ
765 5531 865 5586 καὶ
899 5531 1004 5596 τὰς
1031 5531 1340 5598 συνάξεις,
1384 5527 1826 5599 εὐκαταφρονή-

253 5638 387 5690 ﬂer
411 5625 582 5678 εἶναι.

1924 3177 2247 3238 gregarerat.

2271 3280 2641 3348 Apostolorum
2672 3299 2895 3336 canones
2931 3283 3015 3346 12,
3055 3284 3142 3338 15.

1995 3393 2078 3448 12.
2119 3393 2175 3447 Si
2209 3395 2334 3464 quis
2384 3395 2617 3449 clericus
2664 3395 2745 3448 vel
2796 3396 2988 3462 laicus,
3041 3409 3357 3468 segregatus
3411 3401 3496 3454 vel

1920 3499 2026 3538 non
2063 3486 2428 3554 recipiendus.
2462 3500 2591 3552 etc.,
2634 3498 2692 3539 ut
2717 3503 2839 3555 pag.
2875 3486 3001 3541 671.

1989 3576 2058 3628 15
2111 3574 2246 3647 [12].
2284 3576 2338 3630 Si
2387 3588 2565 3632 autem
2611 3587 2693 3632 est
2745 3591 3084 3648 segregatus,
3122 3589 3256 3646 etc.,
3285 3592 3341 3634 ιιι
3366 3598 3491 3651 pag.

1926 3666 2049 3722 751.

2271 3761 2498 3815 Concilii
2543 3763 2852 3816 Antiocheni
2897 3780 3063 3817 canon
3094 3764 3148 3817 6.

1993 3869 2046 3924 6.
2085 3869 2141 3924 Si
2173 3873 2294 3940 quis
2324 3888 2353 3925 a
2386 3875 2605 3941 proprio
2636 3875 2891 3944 episeopo
2923 3875 3086 3929 fuerit
3124 3875 3497 3930 excommuni-

1922 3974 2079 4016 catus
2114 3973 2244 4027 etc.,
2273 3975 2331 4027 ,ιιι
2362 3981 2486 4034 pag.
2525 3965 2649 4018 7l9.

1991 4075 2150 4146 47],
2181 4075 2331 4130 CAP.
2367 4077 2581 4131 XXXII.
2609 4109 2674 4119 -—-
2693 4077 2769 4131 De
2787 4079 3153 4147 jejunanlibus
3182 4080 3234 4132 in
3265 4078 3492 4133 Sabbato

1922 4168 1998 4220 vel
2028 4168 2112 4219 die
2148 4166 2448 4220 ﬂaminica.

2363 4280 2737 4348 Apostolorum
2764 4295 2934 4332 canon
2966 4280 3052 4333 64.

1996 4394 2086 4449 45.
2117 4396 2175 4450 Si
2207 4395 2330 4464 quis
2357 4394 2589 4449 clericus
2619 4394 2870 4448 inventus
2901 4394 3070 4449 fuerit
3094 4396 3182 4452 die
3212 4397 3492 4454 Dominica

1920 4484 2194 4555 jejunare,
2223 4493 2421 4549 etc.,ut
2444 4500 2564 4553 pag.
2597 4483 2720 4538 655.

2264 4591 2491 4647 Concilii
2519 4590 2837 4664 Gaugremis
2868 4611 3036 4648 ranon
3060 4597 3144 4651 18.

1994 4686 2083 4740 18.
2119 4683 2175 4739 Si
2217 4685 2341 4754 quis
2368 4695 2584 4753 propter
2610 4702 2730 4740 eam
2763 4703 2882 4754 quae
2930 4690 3298 4754 existimatur,
3330 4705 3491 4747 exere

1924 4776 2237 4831 citationem
2269 4777 2321 4828 in
2351 4775 2634 4830 Dominico
2659 4777 2891 4845 jejunet,
2933 4779 3003 4832 sit
3029 4781 3340 4835 anathema.

2138 4868 2363 4921 Concilii
2391 4869 2695 4921 azcumenici
2735 4885 2784 4922 vr
2813 4885 3034 4924 canones
3069 4871 3159 4937 55,
3192 4873 3280 4926 56.

1996 4959 2085 5013 55.
2110 4957 2380 5024 Quoniam
2406 4959 2770 5014 intelleximus
2797 4961 2848 5012 in
2885 4960 3257 5014 Romanorum
3279 4963 3500 5018 civitate

1928 5050 1981 5103 in
2015 5049 2219 5105 sanctis
2253 5049 2682 5118 quadragesimae
2710 5049 2959 5119 jejuniis,
2987 5060 3115 5118 etc.,
3135 5061 3192 5103 ιιι
3219 5068 3340 5122 pag.
3372 5053 3499 5110 658.

1999 5235 2086 5290 56.
2145 5235 2408 5290 Similiter
2457 5236 2768 5306 accepimus
2799 5245 2854 5292 et
2894 5237 2945 5290 in
2992 5237 3376 5292 Armeniorum
3412 5256 3502 5294 re-

1927 5329 2106 5398 gione,
2138 5337 2269 5391 etc.,
2300 5337 2353 5379 ut
2375 5343 2494 5397 pag.
2534 5328 2658 5381 658.

1998 5439 2149 5494 CAP.
2194 5438 2616 5494 XXXlll.—De
2664 5438 2728 5492 iis
2771 5439 2861 5506 qui
2911 5438 3096 5491 docent
3145 5438 3360 5490 domum
3409 5437 3503 5492 Dei

1929 5530 2100 5599 ibique
2123 5537 2467 5597 congregatas
2498 5543 2721 5598 synaxes
2742 5528 2901 5596 .ﬂocci
2930 5544 3041 5582 esse
3066 5526 3360 5596 faciendas.
