3904 6220
422 201 525 263 957

682 310 910 367 Concilii
946 308 1270 378 Gangrenst's
1308 321 1534 360 canones
1558 306 1613 368 5,
1640 306 1729 358 20.

496 405 549 460 5.
603 402 660 459 Si
712 404 836 474 quis
877 402 1034 458 docet
1074 402 1297 455 domum
1343 397 1439 454 Dei
1485 411 1606 453 esse
1652 405 2008 452 contemnem-

426 500 574 559 ilam,
608 505 740 561 etc.,
773 506 830 549 ut
863 511 984 565 pag.
1018 494 1143 548 650.

494 589 586 644 20.
643 589 702 643 Si
736 589 861 659 quis
896 586 1210 657 armgantia
1251 595 1431 652 utens,
1465 594 1595 652 etc.,
1628 594 1684 637 ut
1719 599 1843 653 pag.
1879 579 2004 637 630.

493 772 643 828 CAP.
685 770 929 825 XXXIV.
972 800 1044 811 —-
1091 769 1167 825 De
1214 768 1367 823 laici:
1423 768 1512 838 qui
1577 766 1845 835 Ephesiua
1885 774 2006 818 acta

425 868 697 935 inﬁrmare
735 866 973 918 student.

824 956 1047 1011 Concilii
1078 957 1333 1026 Ephesini
1365 971 1535 1009 canon
1567 954 1621 1008 6.

496 1051 545 1104 6.
593 1050 856 1104 Similiter
885 1052 1008 1104 etsi
1039 1052 1130 1117 qui
1168 1049 1355 1111 velint,
1387 1059 1515 1112 etc.,
1552 1057 1607 1100 ut
1639 1062 1761 1115 pag.
1793 1044 1918 1099 890.

490 1140 673 1222 472⁵
698 1142 835 1211 Lege
871 1158 989 1221 quae
1021 1142 1279 1195 adnotata
1315 1150 1447 1194 sunt
1476 1141 1527 1193 in
1558 1154 1680 1207 cap.
1710 1138 1799 1202 14,
1834 1138 1915 1191 tit.
1951 1138 2005 1202 5,

424 1228 710 1281 ριωειξιιιιδ
740 1229 943 1280 operis.
1356 1242 1358 1245 -

492 1325 645 1380 CAP.
681 1324 903 1379 XXXV.
932 1354 1003 1365 ——
1029 1324 1103 1379 De
1149 1326 1215 1378 iis
1248 1326 1337 1394 qui
1384 1324 1571 1377 audita
1606 1323 2007 1390 Scripturarum

424 1418 661 1481 lectione,
700 1435 803 1471 non
826 1426 1129 1485 exspectant
1167 1417 1400 1485 liturgiie
1433 1418 1615 1484 ﬁnem,
1660 1430 1824 1485 neque
1863 1429 2008 1466 com-

424 1508 717 1560 municanl.

810 1598 1183 1667 Apostolorum
1213 1612 1440 1651 canones
1469 1596 1523 1663 8,
1557 1596 1615 1652 9.

494 1694 548 1749 8.
593 1693 649 1747 Si
677 1693 802 1762 quis
829 1693 1119 1762 episcopus
1153 1691 1235 1745 vel
1267 1690 1569 1760 presbyter,
1602 1688 1687 1743 vel
1711 1687 2000 1751 diaconus,

421 1786 508 1840 vel
532 1801 596 1839 ex
634 1783 959 1839 sacerdOtali
992 1783 1261 1851 catalogo,
1292 1790 1424 1845 etc.,
1457 1790 1511 1833 ut
1540 1796 1662 1850 pag.
1695 1779 1820 1835 606.

494 1880 548 1931 9.
605 1877 929 1944 Quicunque
962 1876 1146 1930 lideies
1186 1874 1565 1944 ingrediuntur
1590 1884 1644 1929 et
1689 1873 2001 1945 Scripturas

424 1971 676 2036 audiunt,
696 1981 826 2035 etc.,
848 1979 905 2022 ut
940 1986 1062 2039 pag.
1094 1969 1219 2023 606.

775 2063 1004 2117 Concilii
1032 2063 1346 2117 Antiocheni
1386 2079 1557 2116 canon
1590 2062 1643 2116 2.

492 2157 545 2210 9..
585 2155 787 2210 Omnes
816 2155 908 2225 qui
950 2155 1333 2225 ingrediuntur
1375 2153 1683 2209 Ecclesiam
1714 2152 1831 2221 Dei,
1865 2162 1997 2218 etc.,

422 2237 480 2303 ut
508 2265 630 2319 pag.
660 2249 782 2304 606.

704 2340 930 2397 Concilii
953 2339 1388 2410 Cartliaginensis
1425 2357 1592 2393 canon
1622 2338 1712 2395 46.

493 2433 569 2487 De
596 2431 929 2501 passionibus
961 2442 1278 2501 martyrum.

491 2523 583 2577 40.
622 2524 807 2577 Liceat
833 2524 995 2578 etiam
1038 2524 1141 2597 legi
1181 2523 1466 2592 passiones
1512 2532 1841 2593 martyrum,
1873 2537 1997 2578 cum

422 2614 783 2669 anniversarii
815 2615 932 2669 dies
962 2630 1156 2670 eorum
1187 2616 1555 2669 celebrantur.

495 2799 646 2855 CAP.
706 2799 1149 2854 XXXVI.--De
1206 2802 1273 2854 iis
1318 2801 1409 2870 qui
1462 2801 1726 2869 privatum
1782 2815 1999 2869 congre-

423 2899 639 2959 gautur.

776 2983 1001 3038 Concilii
1035 2982 1357 3052 Gangrensis
1390 2998 1557 3034 canon
1595 2980 1648 3035 6.

494 3078 547 3129 6.
593 3076 649 3129 Si
694 3076 819 3145 quis
852 3086 1048 3144 printer
1086 3074 1383 3130 Ecclesiain
1412 3076 1530 3129 vult
1571 3074 1859 3130 ecclesiam
1902 3073 2003 3129 ha-

426 3168 572 3228 bere,
603 3177 733 3233 etc.,
762 3176 817 3220 ut
853 3183 976 3237 pag.
996 3167 1119 3221 607.

543 3257 705 3328 473
747 3256 971 3311 Concilii
999 3257 1301 3310 wcuinenici
1335 3273 1381 3309 v1
1413 3273 1635 3310 canones
1662 3257 1751 3322 51,
1789 3256 1876 3312 59.

495 3351 583 3401 51-.
648 3350 909 3413 Clericos,
964 3351 1059 3411 qui
1114 3351 1182 3414 in,
1216 3351 1494 3417 oratoriis,
1523 3368 1644 3422 qua:
1698 3360 1825 3405 sunt
1859 3350 2000 3406 intra

420 3441 637 3504 domos,
669 3452 797 3507 etc.,
818 3451 873 3494 ut
902 3458 1023 3512 pag.
1058 3442 1182 3495 585.

496 3534 583 3587 59.
630 3532 684 3585 In
712 3534 826 3586 mde
852 3535 1113 3599 oratoria,
1138 3549 1257 3602 quae
1291 3545 1373 3589 est
1409 3536 1550 3589 intra
1581 3526 1830 3601 domum,
1863 3542 1996 3601 etc.,

422 3634 479 3676 ut
510 3641 629 3692 pag.
659 3623 782 3677 607.

495 3716 635 3785 Lege
659 3732 779 3785 quae
807 3724 1063 3771 annotata
1097 3728 1226 3773 sunt
1258 3735 1310 3773 in
1351 3735 1472 3790 cap.
1510 3721 1594 3787 IlI,
1646 3721 1729 3777 tit.
1773 3722 1807 3776 5
1860 3737 1999 3793 prae-

426 3819 596 3862 sentis
624 3823 825 3876 operis.

495 3921 647 3976 CAP.
693 3921 958 3976 XXXVII.
989 3954 1057 3967 —-
1092 3924 1169 3979 De
1200 3927 1292 3979 illo
1318 3928 1409 3998 qui
1432 3929 1726 3999 concupivit
1758 3946 1863 3984 rem
1895 3930 1995 3985 Ita-

420 4014 540 4067 bere
565 4030 682 4067 cum
711 4014 929 4080 femina,
960 4032 1123 4087 neque
1148 4028 1323 4073 tamen
1358 4020 1501 4089 fecit.

716 4106 944 4162 Concilii
976 4108 1422 4165 Neocwsariensis
1452 4130 1623 4167 canon
1653 4114 1709 4168 4.

493 4200 549 4253 4.
613 4199 670 4254 Si
710 4202 834 4269 quis
868 4206 1216 4273 proposuerit
1255 4207 1643 4277 concupiscere
1690 4208 1994 4273 mulierem,

422 4302 551 4358 etc.,
580 4305 632 4346 ut
658 4311 776 4362 pag.
816 4294 941 4351 891.

496 4406 648 4461 CAP.
690 4408 980 4465 XXXVIII.
1006 4442 1077 4453 --
1102 4414 1176 4467 De
1212 4430 1315 4468 non
1348 4416 1717 4486 jejunantibus
1748 4419 1803 4471 in
1849 4436 2002 4474 sacra

426 4500 871 4570 Quadragesima,
900 4505 976 4556 vel
1011 4518 1203 4573 quarta
1230 4508 1334 4572 die,
1368 4509 1447 4562 vel
1476 4510 1531 4562 in
1558 4526 1859 4579 parasceve.

870 4596 1239 4666 Apostolorum
1273 4618 1445 4656 canon
1472 4605 1562 4659 69.

494 4685 567 4742 69
607 4685 746 4760 [68].
802 4687 860 4743 Si
903 4692 1027 4759 quis
1072 4694 1385 4762 episcOpus,
1438 4697 1519 4749 vel
1565 4697 1868 4768 presbyter,
1921 4698 2007 4753 vel

424 4779 715 4847 diaconus,
740 4792 867 4847 etc.,
896 4792 953 4835 ut
982 4801 1105 4854 pag.
1134 4786 1260 4841 655.

499 4871 651 4927 CAP.
688 4871 928 4929 XXXIX.
957 4901 1027 4913 ——-
1057 4875 1132 4929 De
1163 4878 1521 4946 auferentibus
1554 4880 1791 4936 ecclesia:
1827 4898 2002 4937 ceram

426 4963 507 5019 vel
533 4964 725 5019 oleum.

873 5059 1243 5128 Apostolorum
1275 5077 1445 5115 canon
1483 5064 1571 5117 7‘2.

497 5149 567 5203 72
606 5148 739 5222 [71].
805 5149 862 5205 Si
908 5152 1032 5221 quis
1083 5154 1315 5207 clericus
1370 5154 1452 5208 vel
1501 5155 1674 5209 laicus
1726 5172 1756 5210 a
1812 5168 2002 5213 sancta

425 5242 655 5297 ecclesia
690 5258 870 5298 ceram
903 5244 987 5300 vel
1018 5246 1197 5299 oleum
1230 5244 1464 5312 auferat,
1500 5257 1845 5319 segregetur.

494 5446 661 5521 474
695 5447 849 5504 CAP.
890 5449 1003 5504 XL.
1029 5482 1099 5493 —
1126 5452 1197 5508 De
1242 5454 1393 5510 laicis
1424 5458 1515 5527 qui
1552 5458 1613 5512 ob
1660 5475 1812 5512 suam
1856 5459 2002 5527 iniu-

421 5541 625 5592 stiimn
655 5552 803 5595 extra
829 5548 1239 5602 communionem
1272 5548 1403 5617 facti
1435 5560 1576 5605 sunt.
1612 5550 1676 5607 Et
1709 5553 1850 5623 quod
1879 5554 2006 5609 laici

425 5648 750 5703 nequaquam
786 5637 1022 5690 doceant.

1549 196 1809 255 PIIOTII
1852 191 2355 256 PATRIARCHKE
2414 197 2522 257 CP.
3557 199 3647 261 938

2033 306 2081 362 Α

2391 303 2661 359 Συνόδου
2684 306 2731 357 Γ
2734 302 2958 373 άγγρας
2990 299 3191 355 κανὼν
3214 305 3277 362 ε’,
3312 306 3382 355 κ’.

2182 395 2244 450 ε’.
2282 397 2346 450 Εἰ
2368 414 2449 459 τις
2474 395 2717 450 διδάσκει
2754 396 2846 449 τὸν
2873 389 3021 448 οἷκον
3051 391 3145 446 τοῦ
3173 390 3311 447 Θεοῦ
3344 393 3649 468 εὐκαταφρό-

2112 508 2271 561 νητον
2299 484 2459 554 εἶναι,
2489 509 2543 544 κ.
2573 508 2626 545 τ.
2659 490 2707 544 λ.

2184 582 2253 638 κ’.
2299 581 2366 635 Εἰ
2388 600 2472 645 τις
2500 580 2721 652 αἰτιῷτο
2762 579 3098 653 ὑπερηφάνῳ
3142 577 3378 634 διαθέσει
3408 585 3655 649 κεχρημέ-

2113 694 2222 738 νος,
2257 693 2313 731 κ.
2349 693 2411 730 τ.
2439 676 2490 729 λ.

2181 769 2426 821 ΚΕΦΑΛ.
2470 766 2809 834 ΛΔ’.--Περὶ
2864 765 3091 820 λαῖκῶν
3132 756 3502 833 πειρωμένων
3545 765 3659 820 ἀθε-

2112 862 2237 915 τεῖν
2266 865 2336 916 τὰ
2362 860 2471 927 τῆς
2505 862 2575 915 ἐν
2603 859 2836 929 Ἐφέσῳ
2856 859 3155 913 συνόδου.

2437 956 2709 1009 Συνόδου
2746 953 3006 1022 Ἐφέσου
3052 952 3255 1006 κανὼν
3284 950 3360 1015 ς’.

2184 1045 2259 1111 ς’.
2306 1047 2539 1115 Ὁμοίως
2587 1047 2645 1100 δὲ
2690 1046 2787 1099 καὶ
2827 1047 2879 1098 εἰ
2922 1062 3066 1109 τινες
3104 1042 3435 1113 βουληθεῖεν,
3462 1056 3513 1094 κ.
3542 1057 3589 1095 τ.
3614 1038 3658 1093 λ.

2195 1138 2492 1205 Ἀνάγνωθι
2530 1141 2599 1192 τὰ
2644 1138 3079 1207 παραγραφέντα
3125 1137 3181 1188 ὲν
3228 1133 3307 1204 τῷ
3360 1132 3408 1202 γ’
3436 1150 3555 1201 κεφ.
3581 1130 3663 1185 τοῦ

2115 1208 2182 1261 ια’
2210 1211 2314 1261 τίτ.
2344 1208 2438 1262 τοῦ
2474 1209 2740 1279 παρόντος
2773 1208 3169 1277 συντάγματος.

2181 1326 2433 1380 ΚΕΦΑΛ.
2487 1322 2612 1377 ΛΕ’.
2642 1354 2714 1364 --
2758 1322 2898 1389 Περί
2945 1320 3063 1375 τῶν
3130 1317 3519 1387 ἀκροωμένων
3560 1315 3666 1371 τῶν

2109 1420 2160 1472 Γ
2155 1417 2389 1486 ραερῶν,
2434 1418 2532 1471 καὶ
2572 1416 2752 1485 μέχρι
2796 1418 3009 1481 τέλους
3042 1412 3129 1483 μὴ
3171 1410 3665 1481 προσκαρτερούν-

2109 1526 2248 1572 των,
2278 1510 2316 1577 ἡ
2342 1509 2428 1578 μὴ
2459 1509 2934 1564 κοινωνούντων.

2493 1604 2882 1658 Ἀποστόλων
2915 1599 3117 1655 κανὼν
3146 1605 3223 1669 η’,
3251 1598 3317 1651 θ’.

2189 1686 2261 1759 η’.
2294 1689 2364 1744 Εἴ
2389 1708 2473 1755 τις
2511 1692 2830 1756 ἐπίσκοπος,
2862 1690 2895 1762 ἢ
2924 1688 3316 1759 πρεσϐύτερος,
3355 1685 3389 1756 ἢ
3420 1684 3669 1749 διάκονος,

2113 1778 2148 1851 ἢ
2174 1779 2241 1833 ἐκ
2263 1778 2358 1834 τοῦ
2388 1780 2692 1848 καταλόγου
2721 1779 2815 1833 τοῦ
2856 1777 3155 1850 ἱερατικοῦ,
3187 1795 3242 1831 κ.
3273 1794 3325 1832 τ.
3356 1776 3407 1831 λ.

2186 1872 2252 1929 θ’.
2287 1874 2502 1937 Πάντας
2542 1874 2671 1938 τοὺς
2700 1872 2968 1934 εἰσιόντας
2998 1870 3221 1931 πιστοὺς
3267 1866 3496 1922 καὶτῶν
3539 1865 3673 1933 Γρα-

2115 1963 2232 2033 φῶν
2264 1962 2581 2026 ἀκούοντας,
2615 1963 2688 2033 μὴ
2724 1960 3161 2032 παραμένοντας,
3189 1976 3246 2011 κ.
3276 1976 3329 2013 τ.
3359 1974 3411 2011 Α.

2384 2055 2654 2109 Συνόδου
2701 2052 3065 2121 Ἀντιοχείας
3098 2048 3302 2104 κανὼν
3345 2047 3416 2119 β’.

2186 2149 2250 2220 β’.
2287 2149 2502 2211 Πάντας
2539 2148 2664 2210 τοὺς
2713 2146 2980 2207 εἰσιόντας
3023 2143 3106 2206 εἰς
3139 2143 3240 2214 τὴν
3272 2141 3566 2212 ἐκκλησίαν
3589 2138 3675 2193 τοῦ

2111 2242 2267 2308 Θεοῦ,
2302 2260 2357 2297 κ.
2388 2261 2438 2296 τ.
2470 2241 2521 2294 λ.

2357 2333 2629 2389 Συνόδου
2672 2332 3097 2402 Καρθαγέννης
3138 2332 3343 2386 κανὼν
3382 2337 3448 2386 ν’.

2184 2428 2325 2496 Περί
2352 2426 2470 2480 τῶν
2505 2426 2712 2481 παθῶν
2750 2426 2871 2480 τῶν
2896 2426 3233 2497 μαρτύρων.

2185 2520 2249 2574 ν’.
2292 2519 2523 2585 Ἐξέστω
2565 2520 2646 2573 ἔτι
2724 2518 2831 2589 μὴν
2885 2516 3359 2585 ἀναγινώσκεσθαι
3416 2514 3486 2569 τὰ
3546 2512 3683 2582 πάθη

2112 2614 2222 2667 τῶν
2261 2613 2576 2684 μαρτύρων,
2606 2613 2770 2683 ἡνίκα
2805 2613 2861 2666 αἰ
2892 2612 3105 2682 ἐτήσιαι
3134 2608 3313 2663 αὐτῶν
3343 2608 3549 2679 ἡμέραι
3572 2608 3686 2659 ἐπι-

2111 2704 2411 2757 τελοῦνται.

2184 2799 2439 2852 ΚΕΦΑΛ.
2480 2798 2620 2865 ACT'.
2652 2827 2722 2838 -
2748 2796 2887 2865 Περί
2934 2795 3053 2849 τῶν
3100 2795 3223 2862 ἰδίει
3259 2790 3689 2862 ἐκκλησιαζόν-

2108 2907 2137 2946 τ
2146 2907 2249 2950 ων.
3250 2962 3267 2969 ⁵

2439 2982 2713 3036 Συνόδου
2755 2980 3042 3050 Γαγγρῶν
3068 2978 3272 3034 κανὼν
3296 2978 3375 3044 ς’.

2182 3068 2259 3137 ς’.
2291 3069 2361 3125 Εἴ
2383 3088 2465 3135 τις
2491 3073 2642 3142 παρὰ
2686 3072 2786 3143 τὴν
2828 3072 3153 3142 Ἐκκλησίαν
3181 3071 3289 3140 ἰδίᾳ
3314 3066 3688 3137 ἐκκλησιάζοι,

2108 3185 2164 3222 κ.
2197 3182 2248 3219 τ.
2280 3164 2331 3221 λ.

2170 3259 2439 3313 Συνόδου
2476 3258 2892 3329 οἰκουμενικῆς
2924 3259 3104 3324 ἕκτης
3139 3255 3345 3310 κανὼν
3395 3252 3502 3317 λα’,
3532 3248 3628 3304 νθ’.

2188 3349 2289 3405 λα’.
2324 3351 2462 3415 Τοὺς
2489 3354 2547 3405 ὲν
2580 3354 2692 3415 τοῖς
2738 3352 3043 3421 εὐκτηρίοις
3070 3352 3260 3413 οἴκοις,
3296 3366 3355 3402 κ.
3392 3366 3445 3401 τ.
3476 3347 3528 3400 λ.

2181 3536 2279 3592 νθ’.
2311 3539 2518 3609 Μηδεὶς
2561 3539 2618 3591 ὲν
2654 3538 2930 3610 εὑκτηρίῳ
2954 3539 3110 3608 οἴκῳ,
3148 3535 3300 3591 ἔνδον
3328 3536 3515 3598 οἰκίας
3568 3548 3694 3600 τυγ-

2112 3632 2349 3703 χάνοντι,
2384 3649 2440 3684 κ.
2476 3650 2525 3685 τ.
2559 3629 2608 3683 λ.

2197 3723 2498 3791 Ἀνάγνωθι
2547 3723 2615 3776 τὰ
2650 3722 3166 3794 παραγεγραμμένα
3220 3722 3279 3773 ἒν
3342 3720 3425 3791 τῷ
3467 3717 3532 3773 ιδ’
3574 3733 3694 3784 κεφ-

2112 3817 2206 3870 τοῦ
2240 3824 2287 3885 γ’
2312 3819 2416 3873 τίτ.
2453 3819 2545 3871 τοῦ
2578 3819 2845 3888 παρόντος
2870 3817 3263 3887 συντάγματος.

2185 3933 2435 3987 ΚΕΦΑΛ.
2470 3932 2592 3988 ΛΖ’.
2627 3934 2764 4001 Περὶ
2794 3934 2899 3987 τοῦ
2933 3932 3429 4001 ἐπιθυμήσαντος
3469 3941 3698 3997 συγκα-

2112 4024 2403 4093 θευδῆσαι
2428 4026 2689 4095 γυναικὶ,
2718 4027 2815 4079 καὶ
2846 4028 2931 4095 μὴ
2971 4026 3335 4094 πράξαντος.

2349 4118 2621 4173 Συνόδου
2648 4121 3109 4187 Νεοκαισαρείας
3151 4117 3359 4171 και-ὼν
3387 4115 3453 4171 δ’.

2184 4209 2248 4263 δ’.
2319 4210 2447 4265 Ἐὰν
2516 4212 2785 4283 πρόθηται
2844 4230 2929 4275 τις
2982 4210 3333 4281 ἐπιθυμήσας
3394 4208 3697 4279 γυναικὸς,

2112 4321 2166 4359 κ.
2194 4324 2246 4359 τ.
2278 4306 2329 4362 λ.

2181 4423 2431 4476 ΚΕΦΔΛ.
2452 4419 2791 4490 ΛΘ’.--Περὶ
2815 4421 2932 4475 τῶν
2937 4421 3022 4490 μὴ
3045 4421 3478 4475 νιόντευόντων
3498 4414 3699 4486 τὴνμπ

2107 4517 2205 4570 καὶ
2235 4515 2506 4584 τετράδα,
2532 4516 2630 4569 καὶ
2666 4514 3081 4583 παρασκευήν.

2528 4612 2586 4666 Ἀ
2595 4613 2913 4665 ποστόλων
2950 4610 3150 4663 κανὼν
3183 4607 3277 4674 ξθ’.

2178 4703 2276 4767 ἔθ’.
2305 4704 2374 4757 Εἰ
2397 4721 2483 4766 τις
2511 4704 2834 4769 ἐπίσκοπος,
2861 4702 2894 4774 ἢ
2935 4702 3328 4774 πρεσεύτερος,
3365 4702 3399 4771 ἢ
3432 4700 3702 4763 διάκονος,

2108 4810 2164 4847 κ.
2195 4811 2246 4846 τ.
2277 4793 2328 4847 λ.

2166 4883 2415 4937 ΚΕΦΛΛ.
2443 4882 2567 4938 ΛΘ’.
2583 4914 2655 4923 -
2674 4883 2813 4951 Περί
2843 4882 2962 4937 τῶν
2982 4883 3449 4952 ἀφαιρουμένων
3475 4883 3590 4951 τῆς
3607 4881 3702 4933 ἐκ-

2109 4979 2373 5046 κλησίας
2411 4978 2602 5046 κηρὸν
2636 4976 2674 5045 ἢ
2715 4980 2944 5034 ἔλαιον.

2522 5070 2900 5123 Ἅποστόλων
2928 5068 3129 5122 κανὼν
3166 5067 3262 5138 οβ’.
3280 5122 3285 5123 ,

2178 5160 2276 5231 οβ’.
2311 5160 2473 5224 Εἴτις
2496 5160 2803 5229 κληρικὸςῆ
2831 5160 3016 5223 λαῖκὺς
3044 5159 3152 5212 ἀπὸ
3181 5160 3276 5229 τῆς
3305 5160 3479 5226 ἁγίας
3511 5160 3708 5227 ἐκκλη-

2111 5254 2233 5317 σίας
2277 5253 2542 5324 ἀφέληται
2577 5253 2745 5323 κηρὸν
2792 5253 3053 5323 ἢέλαιον,
3104 5249 3487 5322 ἀφοριζέσθω·
3525 5251 3705 5305 καὶτὸ

2111 5347 2456 5416 ὲπίπεμπτον
2488 5346 2829 5416 προπιθέτω
2864 5346 2983 5414 μεθ’
3018 5342 3078 5400 οὗ
3106 5344 3321 5400 ἐλαϐεν.

2181 5459 2432 5514 ΚΕΦΑΛ.
2473 5458 2565 5513 Μ’.
2594 5489 2664 5501 -
2687 5458 2827 5527 Περὶ
2852 5458 3083 5514 λατκῶν
3132 5458 3228 5513 διὰ
3263 5458 3526 5513 ἀδικίαν
3542 5460 3704 5512 ἀκοι-

2109 5553 2391 5620 νωνήτων
2416 5552 2775 5623 γινομένων·
2820 5554 2916 5607 καὶ
2959 5552 3091 5621 περὶ
3125 5553 3230 5608 τοῦ
3255 5553 3349 5622 μὴ
3382 5553 3705 5610 διδάσκειν

2109 5648 2377 5713 λαῖκούς.
