3744 6218
124 226 222 299 9.59

783 408 1039 477 στολῆς.

192 503 439 575 Νομιμον
482 501 714 573 πρᾶγμα
764 503 1136 574 πεποιήκασιν
1180 503 1232 556 οἱ
1261 503 1626 577 πρεσϐύτεροι
1656 507 1707 559 οἱ

126 600 181 652 ἐν
206 596 418 669 Γεμίνῳ
441 594 624 667 κώμῃ,
650 596 699 648 εἰ
725 595 980 667 ἀληθεύει
1003 597 1037 665 ἡ
1061 595 1367 668 κομίζουσα
1394 597 1455 651 τὸ
1475 600 1710 670 πρᾶγμα

126 688 415 745 Εὐσταθία·
450 687 652 758 φάσκει
674 689 807 760 γάρ,
842 688 925 741 ὅτι
958 688 1232 760 Κυράδιον
1262 688 1581 755 ἀδικοῦσαν,
1609 689 1710 744 καὶ

127 783 198 854 μὴ
231 780 563 852 βουλομένην
624 781 939 834 ἀναστεῖλαι
997 779 1096 851 τὴν
1141 780 1380 845 ἀδικίαν,
1434 780 1710 852 ἐχώρισαν

124 875 212 943 τῆς
245 872 537 939 συνάξεως.
590 872 809 943 Ἐπειδὴ
860 872 1040 928 τοίνυν
1074 890 1254 943 ευρον,
1284 872 1360 938 ὡς
1409 874 1470 928 τὸ
1509 876 1710 946 ἑαυτῆς

123 967 283 1021 κακὸν
314 964 728 1036 θεραπεύσασα,
763 965 1015 1037 βούλεται
1071 967 1439 1038 συναχθῆναι,
1480 966 1709 1039 θέλησον

123 1057 539 1131 παρασκευάσαι
573 1056 747 1128 αὐτὴν
777 1057 1081 1112 ἀποθέσθαι
1113 1058 1330 1129 πρῶτον
1365 1057 1465 1129 τὴν
1495 1057 1711 1112 ἀδικίαν

123 1150 211 1203 καὶ
240 1151 425 1203 πεῖσαι
475 1150 832 1222 μετανοῆσαι,
861 1151 971 1220 ,ἵνα
1017 1149 1216 1216 οὕτως,
1248 1153 1298 1205 εί
1344 1150 1580 1215 συνίδοις
1627 1151 1709 1205 ὅτι

124 1242 266 1315 νόμῳ
308 1241 446 1297 Θεοῦ
488 1245 857 1316 προσέρχεται
900 1247 1000 1317 τῆς
1058 1245 1333 1310 συνάξεως
1381 1245 1709 1318 ὀρεγομένη,

124 1333 419 1407 emptam;
450 1336 589 1407 αὐτῇ
620 1336 759 1407 μετὰ
790 1335 901 1390 τῶν
932 1336 1078 1389 λαῶν
1110 1337 1471 1405 συνάγεσθαι.

253 1425 529 1481 Συνόδου
566 1427 993 1499 οὶκουμενικῆς
1024 1428 1203 1498 ἕκτης
1234 1430 1439 1484 κανὼν
1467 1429 1564 1497 ξδ’.

190 1515 281 1583 ξδ’.
316 1518 441 1572 Ὀτι
473 1519 536 1575 οὐ
574 1519 680 1592 χρὴ
724 1520 964 1593 δημοσίᾳ
989 1521 1201 1588 λαῑκὸν,
1236 1522 1394 1592 λόγον
1422 1525 1592 1577 κινεῖν
1626 1522 1708 1576 δοο

122 1610 385 1682 γματικὸν
434 1612 467 1683 ἢ
517 1611 812 1679 διδάσκειν,
847 1613 1064 1685 ἀξίωμα
1100 1614 1282 1686 ἐαυτῷ
1326 1614 1710 1671 διδασκαλικὸν

906 217 1329 285 'SYNTAGMA
1370 224 1740 289 CANONUM
1766 251 1834 261 —
1860 228 2009 288 TIT.
2054 228 2219 302 XIV,
2263 229 2420 289 CAP-
2466 230 2549 290 II.

125 339 409 409 Θεοφίλου
460 338 528 392 ἐκ
573 336 684 408 τῆς
720 336 874 408 πρὸς
920 337 1137 407 Μηνᾶν
1184 341 1527 398 ἐπίσκοπον
1577 344 1705 397 ἐπιο
1737 353 1781 408 Α

3299 231 3404 295 970

1950 344 2225 416 Theophili
2250 362 2315 402 ea:
2340 348 2569 417 cpistola
2599 348 2669 404 ad
2697 349 2907 406 Menam
2936 351 3259 423 episcopum.

1884 507 2017 562 Rem
2042 509 2250 579 justam
2286 510 2527 566 fecerant
2548 512 2851 584 presbyteri
2881 514 2933 569 in
2971 514 3204 570 Gemino
3233 530 3395 587 pago,

1810 597 1855 653 si
1886 614 2076 654 verum
2116 600 2265 665 dicit,
2298 616 2421 671 qua:
2457 600 2633 656 defert
2661 602 2875 660 litteras
2910 603 3219 661 Eustathia.
3258 605 3401 661 Dicit

1811 688 1981 754 enim,
2015 689 2162 758 quod
2206 688 2501 760 Cyradium
2550 690 2841 749 facientem
2875 695 3162 765 injuriam,
3195 712 3299 753 nec
3325 698 3395 752 ab

1812 792 1875 831 ea
1930 777 2199 834 desistere
2236 780 2530 847 volentem,
2585 796 2615 836 a
2669 787 3059 841 communione
3105 802 3400 857 separave-

1813 880 1960 925 runt.
1991 871 2132 937 Quia
2157 885 2286 942 ergo
2317 872 2520 938 inveni,
2551 876 2695 945 quod
2722 891 2823 931 suo
2846 877 2993 932 malo
3020 893 3210 934 curam
3243 880 3402 935 adhi-

1815 963 1949 1018 bens
1980 963 2095 1019 vult
2127 965 2562 1030 communicare,
2601 965 2689 1022 fac
2730 983 2794 1022 ea
2846 968 2922 1024 ita
2976 984 3037 1024 se
3093 981 3400 1041 comparet,

1815 1062 1873 1105 ut
1901 1052 2158 1123 injuriam
2192 1054 2431 1123 primum
2461 1056 2733 1125 deponat,
2761 1068 2813 1112 et
2840 1059 3217 1127 paenitentiam
3238 1076 3401 1132 agere

1813 1145 1869 1199 in
1925 1145 2171 1200 animum
2219 1146 2467 1213 inducat,
2517 1157 2578 1204 ut
2628 1150 2673 1205 si
2726 1151 2805 1204 sic
2858 1151 3215 1220 intellexeris,
3256 1153 3405 1223 quod

1814 1238 2045 1305 accedit,
2083 1242 2529 1296 communionem
2567 1243 2911 1311 desiderans,
2946 1244 3233 1315 permittas
3264 1246 3312 1299 ei
3347 1256 3407 1302 ut

1814 1349 1937 1388 cum
1971 1333 2191 1404 populis
2226 1336 2619 1392 communicet.

2122 1426 2375 1494 iConcilii
2408 1427 2712 1482 meumenici
2739 1443 2791 1487 vr
2819 1445 2987 1486 canon
3019 1429 3112 1485 64.

1885 1516 1976 1572 ει.
2013 1516 2171 1585 Quod
2219 1535 2326 1575 non
2360 1529 2577 1589 oportet
2614 1521 2821 1577 laicum
2873 1523 3091 1594 publice
3120 1523 3407 1594 disputare

1814 1609 1900 1663 vel
1947 1611 2165 1675 docere,
2201 1611 2434 1666 docendi
2484 1614 2868 1669 auctoritatem
2923 1630 2989 1669 ex
3039 1630 3105 1671 eo
3136 1614 3239 1670 sibi
3290 1616 3412 1669 vin-

122 1704 364 1759 ἐντεῦθεν
388 1724 456 1759 πε
465 1706 869 1776 ριποιούμενον·
897 1708 1012 1762 ἀλλ’
1037 1708 1208 1763 εἴκειν
1233 1711 1301 1781 τῇ
1341 1709 1711 1782 παραδοθείσῃ

1911 1711 2114 1768 antem,
2146 1703 2240 1759 sed
2268 1704 2448 1759 ordini
2492 1720 2524 1759 a
2572 1704 2807 1761 Domino
2847 1707 3048 1762 tradito
3078 1710 3306 1775 cedere;
3356 1717 3412 1763 et

124 1798 269 1870 παρὰ
301 1796 398 1852 τοῦ
438 1799 648 1867 Κυρίου
679 1801 853 1868 τάξει,
888 1802 982 1854 καὶ
1026 1801 1087 1853 τὸ
1144 1796 1239 1865 οὖς
1274 1804 1387 1865 τοῖς
1420 1802 1517 1874 τὴν
1547 1802 1710 1873 χάριν

122 1890 209 1943 τοῦ
250 1890 636 1945 διδασκαλικοῢ
688 1892 846 1960 λόγου
903 1892 1130 1947 λαϐοὕσι
1176 1893 1488 1963 διανοίγειν,
1517 1894 1613 1947 καὶ
1641 1894 1713 1948 τὰ

122 1981 234 2034 θεῖα
268 1981 400 2052 παρ’
446 1982 629 2036 αὐτῶν
688 1983 1131 2039 ἐκδιδάσκεσθαι·
1176 1985 1265 2040 Ἐν
1318 1987 1428 2058 γὰρ
1480 1990 1547 2059 τῇ
1612 1988 1713 2060 μιᾷ

135 2073 428 2146 Ἐκκλησία
460 2074 697 2145 διάφορα
740 2075 877 2147 μέλη
912 2076 1216 2144 πεποίηκεν
1241 2079 1269 2130 ὁ
1288 2077 1422 2142 Θεὸς
1451 2078 1591 2133 κατὰ
1614 2079 1713 2150 τὴν

122 2167 211 2222 τοῦ
253 2167 583 2222 ’Δποστόλου
642 2169 853 2237 φωνὴν,
912 2168 980 2239 ἢν
1026 2169 1055 2221 ὁ
1106 2166 1357 2236 θεολόγος
1387 2166 1714 2241 ἑρμηνεύων

126 2260 443 2332 Γρηγόριος,
471 2258 659 2328 σαφῶς
691 2258 793 2330 τὴν
853 2261 911 2312 ὲν
958 2258 1171 2322 τούτοις
1225 2257 1378 2324 τάξιν
1413 2259 1715 2333 παρίστησι

126 2354 344 2422 φάσκων
371 2370 385 2384 ·
424 2351 663 2421 Ταύτην
690 2350 989 2422 αἱδώμεθα
1035 2350 1153 2421 τὴν
1202 2350 1400 2416 τάξιν,
1434 2352 1712 2424 ἀδελφοὶ,

128 2446 351 2514 ταύτην
385 2444 808 2515 φυλάττωμεν·
841 2446 875 2498 ὁ
908 2444 1027 2514 μὲν
1050 2445 1209 2499 ἔστω
1244 2445 1335 2510 τίς
1375 2444 1553 2513 ἀκοὴ,
1582 2449 1615 2500 d
1647 2445 1716 2499 δὲ

127 2538 391 2610 γλῶσσα·
425 2541 461 2592 ὀ
493 2536 563 2591 δὲ
594 2538 744 2607 χεὶρ,
792 2540 825 2592 ό
861 2536 930 2591 δὲ
957 2536 1116 2593 ἄλλο
1142 2554 1215 2591 τι·
1242 2537 1409 2607 ὁμὲν
1434 2537 1716 2593 διδασκέ-

128 2649 220 2697 τω,
262 2636 294 2687 ὁ
349 2631 421 2685 δὲ
473 2630 846 2702 μανθανέτω·
908 2632 1003 2685 καὶ
1054 2630 1192 2701 μετὰ
1233 2630 1463 2702 βραχέα·
1528 2630 1639 2685 Καὶ
1684 2634 1717 2686 ὀ

122 2724 444 2795 μανθάνων
477 2724 549 2777 ἐν
596 2724 918 2791 εὐπειθείᾳ,
957 2723 1061 2779 καὶ
1108 2726 1141 2778 ὁ
1173 2722 1450 2794 χορηγῶν
1488 2724 1718 2779 tiu-1.1a-

1824 1811 2012 1848 aurem
2050 1795 2119 1850 iis
2142 1835 2157 1859 ,
2197 1798 2289 1866 qui
2326 1796 2559 1853 docendi
2596 1798 2829 1868 gratiam
2883 1810 3237 1870 acceperunt,
3284 1816 3415 1871 ape-

1824 1888 1971 1953 rire;
2005 1898 2059 1942 et
2079 1887 2265 1942 divina
2294 1889 2364 1943 ab
2395 1890 2475 1945 eis
2500 1889 2683 1963 doceri
2713 1908 2724 1943 :
2763 1889 2829 1945 In
2869 1908 2976 1945 una
3009 1893 3147 1946 enim
3170 1892 3415 1947 Ecclesia

1824 1976 2033 2031 diversa
2065 1977 2301 2032 membra
2350 1979 2474 2048 fecit
2510 1980 2653 2036 Deus
2690 1981 2759 2046 “,
2792 1990 2851 2035 ut
2889 1993 2971 2037 est
2998 1999 3101 2036 vox
3141 1983 3414 2053 Apostoli.

1824 2070 2001 2137 Quam
2034 2078 2221 2141 aperte
2268 2071 2634 2143 interpretans
2667 2072 2965 2146 Gregorius
2999 2073 3308 2147 Tlteologus
3336 2076 3407 2141 ⁸⁸,

1824 2179 1948 2219 eum
1986 2166 2079 2235 qui
2122 2166 2175 2219 in
2223 2166 2290 2222 iis
2319 2174 2423 2232 est,
2473 2166 2721 2222 ordinem
2764 2168 3137 2229 commendat,
3184 2169 3414 2224 dicens:

1826 2254 1985 2312 Hunc
2008 2257 2255 2311 ordinem
2275 2272 2651 2321 revereamur,
2681 2257 2899 2323 fratres.
2926 2260 3074 2314 hunc
3103 2274 3413 2315 servemus.

1826 2347 1925 2405 llic
1953 2349 2175 2420 quidem
2221 2353 2295 2406 sit
2340 2350 2514 2414 auris,
2548 2352 2638 2404 ille
2674 2366 2804 2404 vero
2846 2352 3069 2422 lingua:
3100 2351 3190 2407 hic
3235 2360 3415 2407 autem

1828 2458 2047 2507 manus,
2076 2442 2165 2497 hic
2190 2456 2319 2497 vero
2351 2441 2558 2512 aliquid
2584 2441 2732 2496 aliud
2762 2460 2776 2497 :
2820 2442 2910 2497 hic
2939 2442 3164 2511 quidem
3197 2442 3417 2505 doceat,

1828 2534 1921 2589 ille
1951 2549 2080 2589 vero
2109 2534 2305 2590 diSrat.
2339 2533 2404 2590 Et
2431 2536 2595 2604 paqu
2644 2545 2799 2604 post:
2834 2533 2898 2588 Et
2927 2535 3151 2590 discens
3178 2534 3233 2589 in
3266 2536 3422 2590 doci-

1826 2628 2001 2692 litate,
2029 2638 2085 2683 et
2117 2629 2475 2698 suppeditans
2501 2627 2555 2682 in
2589 2628 2885 2691 hilaritate,
2921 2639 2975 2683 et
3005 2628 3325 2683 ministrans
3365 2628 3420 2682 in

1830 2722 2133 2777 alacritate.
2171 2719 2248 2776 Ne
2269 2722 2445 2779 simus
2483 2737 2675 2777 omnes
2704 2721 2912 2792 lingua,
2945 2721 3094 2790 quod
3120 2730 3206 2777 est
3232 2737 3423 2792 prom-

124 2817 345 2886 ρότητι,
399 2817 502 2871 καὶ
534 2819 566 2871 ό
590 2814 913 2886 ὑπουργῶν
940 2816 1011 2869 ἐν
1032 2817 1352 2887 προθυμίᾳ·
1376 2815 1463 2887 μὴ
1496 2816 1720 2884 πάντες

1918 2832 2016 2871 us:
2049 2831 2118 2871 ne
2156 2830 2352 2871 omnes
2391 2814 2649 2885 apostoli,
2696 2829 2762 2868 ne
2791 2829 2986 2869 omnes
3010 2816 3313 2883 prOphetae,
3354 2832 3424 2869 ne

126 2907 281 2980 ὦμεν
308 2909 568 2981 γλῶσσα
614 2910 684 2963 τὸ
718 2909 1123 2980 ἑτοιμότατον,
1164 2909 1251 2980 μὴ
1296 2910 1526 2976 πάντες
1574 2911 1720 2965 ἁπό-

1911 2925 2024 2965 mes
2062 2909 2509 2979 interpretemur.
2545 2909 2608 2965 Et
2640 2917 2767 2981 post
2798 2911 3049 2979 quaedam
3086 2908 3289 2981 :575
3315 2909 3426 2964 Cur

131 3008 353 3070 στολοι,
403 3002 495 3074 μὴ
546 3003 773 3069 πάντες
824 3002 1146 3073 προφῆται,
1183 3003 1270 3074 μὴ
1312 3004 1538 3071 πάντες
1565 3004 1720 3074 διερ-

1919 3010 2194 3072 pastorem
2230 3001 2385 3065 facis,
2419 3017 2542 3056 cum
2580 3002 2657 3057 sis
2692 3002 2857 3057 ovis?
2899 3017 3000 3058 cur
3037 3012 3204 3072 caput
3251 3002 3429 3057 elliec-

127 3097 484 3167 μηνεύωμεν
508 3112 525 3129 ’
567 3096 663 3149 καὶ
705 3095 844 3166 μετά
897 3112 1058 3150 τινα·
1110 3098 1172 3153 Τί
1220 3095 1487 3152 σεαυτὸν
1537 3099 1720 3165 ποιεῖς

1917 3135 1932 3160 ,
1969 3112 2095 3151 cum
2124 3096 2201 3152 sis
2232 3096 2366 3166 pes?
2398 3110 2496 3149 cur
2529 3097 2829 3165 imperator
2862 3110 2985 3151 esse
3016 3094 3260 3159 conaris,
3298 3110 3425 3149 cum

134 3186 421 3259 ποιμένα,
468 3187 772 3257 πρόϐατον
800 3185 917 3251 diu;
955 3187 1013 3241 τί
1061 3187 1198 3257 γίνῃ
1242 3187 1518 3258 κεφαλὴ,
1570 3188 1720 3255 ποὺς

1918 3198 2042 3243 atus
2082 3186 2159 3242 sis
2204 3187 2258 3240 in
2301 3202 2591 3241 numerum
2639 3187 2918 3243 militum?
2964 3188 3031 3243 Et
3064 3188 3234 3243 alibi:
3264 3185 3430 3241 Jubct

134 3280 487 3351 τυγχάνων;
521 3280 579 3334 τί
602 3279 962 3350 στρατηγεῖν
996 3280 1344 3351 ἐπιχειρεῖς,
1369 3281 1720 3353 τεταγμένος

1918 3280 2162 3350 pientia:
2200 3278 2283 3334 Ne
2307 3280 2379 3333 sis
2410 3279 2557 3333 velox
2598 3281 2651 3333 in
2683 3280 3037 3347 sermonibus,
3085 3297 3151 3334 ne
3187 3295 3307 3333 cum
3350 3280 3425 3332 sis

133 3374 200 3427 ἐν
262 3357 658 3443 στρατιώταις
673 3390 695 3439 ;
748 3373 858 3427 Καὶ
914 3374 1146 3446 ἑτέρωθι
1198 3374 1263 3428 ’11
1316 3378 1479 3444 σοφία
1546 3376 1720 3429 διακε-

1911 3388 2054 3440 uper,
2102 3388 2211 3426 una
2255 3389 2374 3425 cum
2420 3372 2585 3427 divite
2610 3372 2916 3427 extendaris
2945 3390 2960 3438 ;
2997 3388 3059 3426 ne
3092 3387 3303 3442 quwras
3335 3387 3430 3424 su-

135 3465 360 3521 λεύεται·
396 3469 461 3521 Μ
468 3466 500 3534 ὴ
545 3465 671 3520 ἴσθι
708 3465 897 3536 ταχὺς
922 3468 994 3519 ἐν
1017 3466 1245 3537 λόγοις,
1266 3466 1355 3537 μὴ
1381 3481 1720 3538 συμπαρεκ-

1911 3468 2108 3521 antibus
2138 3483 2250 3521 esse
2276 3468 2575 3536 sapientior
2623 3468 2692 3520 ".
2727 3465 2784 3521 Si
2820 3464 2947 3536 quis
2977 3474 3161 3520 autem
3187 3479 3432 3535 praesen-

137 3560 327 3615 τείνου
392 3559 592 3628 πένης
642 3557 729 3612 ὢν
796 3557 1118 3626 πλουσίῳ,
1177 3560 1335 3631 μηδὲ
1389 3560 1545 3631 ζήτει
1611 3560 1720 3615 τῶν

1913 3576 1945 3613 n
1975 3574 2244 3615 canonem
2289 3558 2629 3614 labefactans
2671 3558 3048 3629 deprehensus
3081 3557 3247 3614 fuerit
3290 3573 3431 3629 qua-

137 3652 338 3721 Uogadir
376 3650 539 3707 εἶναι
572 3652 933 3723 σοφώτερος·
990 3654 1041 3706 εἰ
1093 3652 1151 3707 δέ
1216 3670 1300 3718 τις
1329 3652 1444 3725 ἁλῷ
1487 3653 1580 3709 τὸν
1628 3672 1720 3708 πα-

1911 3653 2091 3724 aginta
2123 3652 2319 3709 diebus
2348 3663 2686 3723 seet-egetur.

141 3745 296 3815 ρόντα
325 3745 727 3818 παρασαλεύων
765 3745 991 3810 κανόνα,
1043 3747 1138 3801 ἐπὶ
1188 3745 1404 3817 ἡμέρας
1438 3744 1491 3817 μ’
1541 3748 1735 3818 ἀφορι-

141 3836 329 3899 cesam.
1501 3826 1529 3838 "

1461 4158 1869 4244 ἸἸΤΛΟΣ
1948 4152 2108 4244 ΙΔ’.

1163 4343 1324 4399 ΠΕΡΙ
1375 4344 1640 4400 ΚΟΙΝΩΝ
1681 4345 1966 4398 ΠΔΝΤΩΝ
2007 4343 2400 4399 ΑΝΘΡΩΠΩΝ.

1404 4653 1876 4731 TITULUS
1978 4655 2190 4732 XIV.

826 4835 913 4890 DE
952 4835 1210 4894 CL'LPIS
1246 4836 1414 4904 QUAE
1449 4835 1513 4889 IN
1560 4832 1795 4890 OMNES
1839 4831 2148 4888 llOMiNES
2182 4830 2459 4887 CAIIERE
2492 4828 2802 4897 QUEUNT.

227 4995 478 5051 ΚΕΦΑΔ.
506 4991 593 5049 A'.
625 5023 697 5036 ——
730 4992 870 5062 Περὶ
901 4993 1283 5060 πλεονεξίας.

476 5088 816 5158 Γρηγορίω
855 5087 1116 5155 Νύσσης
1149 5086 1353 5141 κανὼν
1382 5092 1460 5150 ς’.

1782 5003 1824 5057 D
1927 4987 2157 5047 CAPUT
2198 4989 2234 5043 Ι.
2269 5018 2338 5031 --
2366 4986 2443 5042 De
2472 4990 2729 5044 avaritia.

2243 5080 2485 5153 Gregorii
2516 5082 2750 5154 Νεμεεηὶ
2783 5099 2951 5137 canon
2998 5078 3051 5136 6.

174 5166 179 5169 ⁷
230 5188 304 5247 ς’.
326 5182 401 5235 Τδ
426 5182 483 5236 δὲ
514 5184 703 5254 ἕτερον
735 5179 876 5245 εἶδος
906 5182 1004 5252 τῆς
1026 5180 1466 5249 εἰδωλολατρίας,
1500 5194 1551 5230 κ.
1580 5193 1631 5230 τ.
1667 5177 1719 5229 λ.

159 5335 171 5341 κ
231 5274 490 5330 ΚΕΦΔΛ.
513 5274 587 5329 B'.
612 5273 840 5345 -Περὶ
875 5273 1366 5345 άλογευομένων.

409 5367 683 5424 Συνόδου
722 5366 1003 5436 Ἀγκύρας
1038 5365 1242 5421 κανὼν
1271 5361 1345 5418 ις’
1373 5364 1458 5429 ιζ’.

231 5458 325 5525 ις’.
360 5460 497 5529 Περὶ
528 5460 638 5514 τῶν
680 5458 1137 5530 ἀλογευσαμένων
1181 5458 1215 5529 ἢ
1269 5459 1363 5511 καὶ
1410 5456 1748 5526 ἁλογευομέ-

167 5568 294 5616 νων,
330 5570 458 5607 κ.τ.
492 5554 541 5609 λ.

1932 5177 1984 5231 6.
2027 5176 2213 5231 Altera
2248 5175 2575 5231 idololatria:
2610 5176 2844 5245 Species,
2869 5183 3000 5240 etc.,
3035 5184 3089 5228 ut
3127 5189 3249 5244 pag.
3284 5172 3409 5229 958.

1925 5269 2077 5325 CAP.
2116 5267 2181 5323 ll.
2210 5300 2279 5313 —-
2315 5268 2391 5323 De
2416 5266 2881 5322 concumbentibus
2916 5283 3036 5319 cum
3071 5265 3262 5319 brutis.
3438 5258 3443 5263 ’

2144 5360 2373 5419 Coneilii
2402 5362 2675 5432 Ancyrani
2706 5377 2933 5417 canones
2962 5360 3046 5428 l6,
3072 5360 3157 5414 l7.

1932 5454 2017 5511 16.
2063 5454 2139 5510 De
2173 5456 2240 5511 iis
2294 5456 2387 5525 qui
2437 5454 2668 5510 rationis
2712 5453 2954 5523 expertia
3008 5452 3266 5509 animalia
3309 5452 3445 5508 inie-

1862 5558 1993 5605 runt
2018 5548 2104 5603 vel
2130 5548 2342 5613 ineunt,
2376 5554 2508 5613 etc.,
2540 5555 2597 5601 ut
2629 5562 2751 5617 pag.
2772 5544 2907 5601 891.

235 5690 277 5722 ⁸⁸
303 5689 345 5745 ll
369 5690 492 5748 Cor.
525 5709 620 5757 xu,
660 5692 746 5747 18.
823 5694 869 5726 ⁸⁵
892 5692 1044 5751 Orat.
1086 5694 1151 5750 de
1182 5694 1441 5753 servanda
1478 5694 1530 5749 in
1562 5690 2018 5750 disuutationibns
2062 5688 2440 5745 moderatione.
2523 5690 2577 5765 “A
2596 5689 2742 5747 Eccl.
2780 5707 2832 5759 v,
2860 5691 2912 5745 1.

486 5787 764 5849 ΡΑΤιιΟΙ..
794 5787 911 5849 Gn.
943 5786 1102 5851 CIV.

3040 5784 3121 5861 ⁵ει
