3904 6220
320 273 419 338 971
698 278 712 301 "
1509 271 1769 332 ΡΗΟΤΙΙ
1808 268 1932 331 ΡΑἿ

2082 269 2317 330 .RCH/E
2351 271 2461 331 CP.
3488 273 3584 334 97?.

393 389 481 443 17.
526 385 631 444 Eos
664 385 759 458 qui
792 386 1024 443 rationis
1053 385 1304 458 expertia
1336 386 1660 452 animantia,
1694 396 1825 451 etc.,
1855 393 1921 439 ut

2106 386 2192 453 ιζ’.
2226 388 2366 451 Τοὺς
2386 385 2883 457 ἀλογευσαμένους,
2910 404 2964 440 κ.
2988 402 3041 440 τ.
3061 386 3108 442 λ.

321 491 383 535 ιιι
415 497 538 552 pag.
571 481 697 538 891.

855 572 1049 628 Basilii
1084 589 1256 629 canon
1285 571 1375 628 65.

392 660 485 719 65.
522 660 625 729 Qui
654 677 811 718 suam
842 663 897 718 in
931 664 1219 718 brutorum
1252 662 1549 717 concubitu
1574 661 1912 732 impietatem

324 751 641 818 confitetur,
669 755 809 809 idem
839 765 1056 824 tempus
1087 755 1141 809 in
1184 754 1507 824 ptenitentia
1541 754 1803 809 servabit.

641 846 808 919 476
846 846 1089 918 Gregorii
1124 846 1353 917 Ngsseni
1385 863 1504 915 cap.
1538 848 1592 901 5.

393 939 447 992 5.
493 938 697 994 Eorum
730 949 911 994 autem
943 955 1066 1009 quae
1092 940 1160 994 ad
1191 938 1552 1009 cupiditatem
1583 945 1639 993 et
1671 935 1920 1007 volupta-

328 1038 435 1083 tem
468 1030 605 1083 liunt
638 1036 1010 1097 peccatorum,
1038 1037 1169 1095 etc.,
1201 1038 1259 1082 ιιι
1290 1045 1411 1098 pag.
1454 1026 1580 1082 897.

395 1118 550 1175 CAP.
583 1118 668 1173 ΙΙΙ.
694 1148 764 1158 -
790 1119 865 1173 De
895 1118 1177 1173 homicidia
1215 1129 1263 1173 et
1292 1119 1611 1173 latronibus.

773 1212 1151 1281 Apostolorum
1184 1228 1355 1265 canon
1388 1212 1476 1265 66.

394 1302 465 1357 66
502 1298 641 1375 [64].
685 1300 741 1356 Si
771 1301 897 1371 quis
925 1303 1167 1357 clericus
1200 1303 1255 1357 in
1285 1319 1469 1373 pugna
1502 1304 1786 1373 pulsatum
1820 1305 1921 1359 ali-

328 1410 516 1467 quem,
547 1404 676 1460 etc.,
706 1402 763 1448 ιιι
796 1411 919 1465 pag.
958 1394 1082 1451 746.

491 1486 721 1541 Concilii
752 1488 1022 1558 Ancyrani
1052 1502 1279 1541 canones
1308 1486 1399 1549 2|,
1430 1486 1521 1547 22.
1547 1488 1639 1551 23,
1673 1487 1764 1542 25.

399 1580 492 1634 2|.
535 1579 610 1635 De
654 1580 980 1636 mulieribus
1028 1596 1151 1650 qua:
1197 1592 1327 1636 sunt
1368 1580 1673 1647 fornicata»,
1708 1591 1837 1646 etc.,
1870 1592 1927 1636 ut

330 1690 452 1743 pag.
491 1673 619 1728 919.

399 1741 491 1821 22.
543 1766 617 1821 De
661 1766 988 1822 voluntariis
1035 1768 1280 1823 caedibus
1310 1809 1326 1834 ,
1384 1768 1660 1837 supplices
1704 1770 1924 1839 quidem
1961 1741 2010 1799 B

2445 572 2774 627 Βασιλείου
2810 572 3011 626 κανὼν
3043 570 3079 636 ξ
3084 570 3151 637 γ’.

2093 666 2196 735 ξγ’.
2238 666 2296 719 '0
2322 667 2379 719 έν
2400 666 2620 731 ἀλόγοις
2643 666 2741 738 τὴν
2762 663 2958 719 ἑαυτοῦ
2975 663 3230 718 ἀσέϐειαν
3248 662 3597 735 ἐξαγορεύων.

2023 756 2315 811 τδνηαύτὸν
2359 756 2519 825 λόγον
2547 755 3042 827 ἐξομολογούμενος
3088 756 3554 827 παραφυλάξεται.

2355 850 2689 918 Γρηγορίου
2722 851 2981 917 Νύσσης
3006 866 3141 917 κεφ.
3172 848 3244 916 γ’.

2095 937 2164 1008 γ’.
2192 940 2316 993 Τῶν
2340 940 2397 994 δὲ
2426 941 2495 995 δι’
2521 942 2816 1011 ἐπιθυμίαν
2840 960 2901 995 τε
2923 944 3017 996 καὶ
3047 944 3245 1014 ἡδονὴν
3307 942 3603 1013 γινομένων

2030 1034 2474 1105 ἁμαρτημάτων,
2507 1051 2561 1088 κ.
2595 1053 2646 1089 τ.
2672 1035 2721 1087 λ.

2102 1128 2354 1182 ΚΕΦΑΛ.
2387 1126 2463 1182 Γ’,
2493 1158 2565 1167 —
2596 1129 2736 1196 Περὶ
2774 1128 3010 1198 φονέων
3045 1129 3144 1182 καὶ
3175 1128 3444 1197 λῃστῶν.

2453 1220 2833 1273 Ἀποστόλων
2854 1220 3057 1274 και-ὼν
3092 1218 3200 1286 ξς’.

2107 1309 2213 1377 Eg’.
2243 1312 2312 1365 El
2330 1330 2411 1377 τις
2444 1312 2704 1383 κληρικδς
2727 1315 2784 1366 έν
2816 1313 2966 1385 μάχῃ
2996 1314 3119 1367 τινά
3151 1314 3393 1386 κρούσει,
3413 1332 3465 1370 κ.
3489 1332 3536 1371 τ.
3563 1315 3612 1370 λ.

2129 1489 2401 1545 Συνόδου
2444 1491 2736 1561 Ἀγκύρας
2772 1490 2978 1545 κανὼν
3005 1497 3112 1556 κα’,
3146 1490 3251 1561 κβ’,
3284 1490 3391 1560 κγ’,
3417 1491 3514 1547 κε’.

2107 1578 2215 1635 κα’.
2252 1582 2387 1651 Περὶ
2426 1580 2535 1633 τῶν
2574 1580 2854 1651 γυναικῶν
2876 1581 2988 1635 τῶν
3040 1582 3487 1653 ὲκπορνευουσῶν
3528 1584 3619 1638 καὶ

2039 1671 2379 1742 ἀναιρουσῶν
2402 1673 2472 1726 τά
2502 1672 2821 1743 γεννώμενα
2852 1691 2907 1728 κ.
2940 1691 2993 1729 τ.
3024 1674 3075 1728 λ.

2116 1764 2220 1835 κβ’.
2246 1765 2382 1836 Περὶ
2408 1765 2673 1819 ἑκουσίων
2745 1768 2945 1837 φόνων,
2978 1767 3438 1822 ὑποπιπτέτωσαν
3472 1768 3566 1839 μέν
3605 1784 3619 1799 ·

332 1858 759 1914 subslernantur
797 1878 811 1914 :
872 1875 937 1914 eo
967 1868 1149 1914 autem
1184 1860 1330 1930 quod
1364 1859 1667 1931 perfectum
1696 1871 1817 1929 est,
1870 1862 1925 1918 in

2082 1856 2131 1910 οὗ
2162 1856 2220 1911 δὲ
2242 1856 2474 1925 τελείου,
2501 1858 2560 1911 ἐν
2590 1856 2669 1929 τῷ
2689 1857 2837 1912 τέλει
2865 1857 2961 1913 τοῦ
2983 1858 3100 1930 βίου
3125 1860 3624 1927 καταξιούσθωσαν.

332 1950 441 2005 line
468 1951 595 2005 vita:
625 1952 772 2021 digni
810 1952 1141 2006 habeantur.
1890 2027 1897 2035 ‘

405 2042 495 2097 23.
543 2042 618 2097 De
648 2043 1034 2099 involuntariis
1062 2044 1327 2110 caedibus,
1360 2046 1511 2116 prior
1535 2048 1755 2116 quidem
1788 2066 1924 2105 eon-

2107 2032 2214 2103 κγ’.
2262 2033 2387 2088 Ἐπὶ
2415 2034 2689 2089 ἀκουσίων
2741 2035 2921 2105 φόνων
2957 2037 2985 2089 ὁ
3017 2035 3116 2106 μὲν
3169 2034 3439 2107 πρότερος
3488 2035 3627 2106 ὅρος,

334 2135 547 2190 stitutio
592 2137 753 2206 jubet
802 2136 854 2189 in
912 2138 1198 2206 septennio
1251 2152 1347 2206 per
1390 2139 1690 2207 praelinitos
1724 2142 1926 2211 gradus

2082 2144 2099 2179 ν
2134 2127 2399 2196 ὲπταετίᾳ
2458 2126 2673 2179 κελεύει
2726 2125 2821 2181 τοῦ
2884 2128 3094 2181 τελείου
3149 2129 3445 2199 μετασχεῖν
3493 2128 3629 2181 κατὰ

332 2242 455 2282 esse
492 2228 717 2297 perfecti
752 2230 1047 2301 participes
1074 2249 1089 2286 :
1122 2232 1364 2287 secunda
1397 2246 1528 2287 vero
1550 2272 1564 2297 ,
1612 2234 1926 2304 quinquen-

335 2320 488 2374 nium
526 2320 774 2391 implere.

403 2412 494 2466 25.
535 2412 767 2479 Quidam
798 2415 886 2470 cui
918 2423 1037 2471 erat
1076 2418 1257 2487 puella
1304 2420 1654 2489 desponsata,
1698 2431 1830 2487 etc.,
1869 2430 1925 2475 ιιι

331 2520 455 2574 pag.
495 2505 617 2560 786.

405 2599 598 2654 Basilii
634 2616 860 2655 canones
899 2601 952 2665 7,
986 2600 1042 2666 8,
1077 2602 1166 2668 Η,
1195 2601 1284 2667 15,
1326 2603 1417 2669 55,
1452 2604 1544 2669 45,
1579 2603 1669 2671 52,
1702 2605 1793 2669 54,
1834 2604 1926 2670 56,

336 2690 426 2754 55,
467 2691 555 2754 56,
589 2692 681 2746 57.

412 2782 471 2833 7.
514 2781 888 2839 Maseulorum
927 2791 982 2839 et
1015 2785 1337 2840 animalium
1380 2796 1757 2858 corruptores,
1791 2797 1925 2855 etc.,

337 2882 394 2924 ιιι
425 2888 548 2943 pag.
588 2874 715 2929 9H.

410 2968 463 3017 8.
508 2965 611 3030 Qui
641 2966 710 3020 ob
739 2966 1082 3023 iracundiam
1131 2971 1312 3025 securi
1366 2972 1633 3029 adversus
1675 2990 1927 3041 uxorem,

335 3065 467 3121 etc.,
500 3067 557 3110 ιιι
582 3073 700 3129 pag.
734 3058 861 3114 922.

410 3153 499 3206 11.
532 3150 635 3219 Qui
682 3162 865 3208 autem
911 3154 1339 3211 involnntariam
1373 3156 1577 3211 credent
1614 3156 1768 3223 fecit,
1821 3176 1927 3213 un-

336 3244 514 3299 decim
552 3260 823 3301 annorum
882 3249 1062 3318 spatio
1118 3251 1572 3321 abundejudieio
1628 3253 1922 3309 satisfecit.

340 3336 474 3391 Nam
540 3338 712 3393 dubio
760 3341 972 3410 procul,
1022 3358 1149 3411 erga
1203 3360 1299 3399 eos
1351 3347 1443 3413 qui
1500 3349 1743 3415 percussi
1780 3358 1928 3414 sunt,

338 3428 545 3500 Moysis
574 3434 891 3501 praescripta
911 3435 1356 3501 observabimus,
1385 3453 1450 3492 ac
1479 3454 1609 3493 eum
1638 3442 1731 3509 qui
1762 3441 1931 3495 decu-

340 3520 461 3573 buit
486 3520 708 3590 quidem
744 3531 863 3589 post
908 3532 1163 3591 acceptas
1201 3525 1412 3596 plagas,
1461 3528 1555 3580 sed
1602 3528 1797 3581 iterum
1827 3527 1927 3581 ba-

338 3612 465 3666 culo
495 3627 595 3666 suo
639 3612 864 3667 innixus
912 3614 1234 3679 ambulavit,
1289 3634 1398 3670 non
1454 3620 1806 3673 concedimus
1848 3635 1933 3674 oc-

341 3704 520 3759 cisum
560 3703 754 3759 fuisse.
790 3704 882 3759 Sin
928 3717 1110 3761 autem
1160 3724 1267 3762 non
1300 3710 1538 3763 surrexit
1573 3722 1695 3779 post
1722 3710 1933 3779 plagas,

341 3797 473 3866 quia
494 3809 674 3851 tamen
706 3813 815 3853 non
863 3799 1036 3854 voluit
1068 3802 1319 3856 occidere
1349 3802 1396 3857 is
1426 3805 1518 3872 qui
1554 3806 1804 3872 perculit,
1836 3806 1940 3860 lio-

345 3888 548 3943 micida
584 3890 807 3961 quidem
834 3900 938 3958 est,
981 3893 1076 3948 sed
1120 3894 1530 3950 involuntarius
1561 3908 1783 3968 propter
1810 3916 1935 3970 pro-

344 3982 609 4051 positum.

408 4075 509 4127 15.
540 4073 731 4130 Caedes
770 4076 825 4129 in
860 4075 1015 4131 bellis
1062 4074 1232 4132 factas
1269 4088 1452 4148 patres
1489 4079 1659 4134 nostri
1708 4097 1804 4150 pro
1836 4099 1937 4135 ea»

347 4164 509 4219 dibus
534 4182 639 4221 non
679 4168 956 4234 habuere;
989 4169 1115 4233 illis,
1148 4179 1205 4223 ut
1230 4171 1364 4224 mihi
1401 4171 1633 4233 videtur,
1658 4178 1747 4242 qui
1773 4172 1937 4244 477

350 4272 455 4327 pro
481 4259 743 4327 pudicitia
773 4275 836 4313 ac
862 4261 1069 4329 pietate
1100 4272 1365 4331 pugnant,
1404 4262 1772 4332 ignosi-entes.
1808 4262 1943 4316 Fur-

352 4358 506 4405 tasse
538 4361 724 4405 tamen
784 4362 930 4407 recte
969 4355 1309 4416 suadebitur,
1341 4363 1401 4409 ut
1438 4355 1543 4423 ipsi
1590 4372 1714 4409 cum
1747 4372 1945 4411 manus

2035 2221 2164 2283 τοὺς
2192 2220 2536 2291 ὡρισμένους
2597 2220 2843 2293 βαθμούς
2867 2238 2881 2252 ·
2910 2222 2941 2276 δ
2970 2220 3028 2275 δὲ
3060 2221 3333 2292 δεύτερος,
3380 2220 3473 2274 τὸν
3506 2236 3629 2274 πεν-

2037 2313 2202 2381 ταετῆ
2238 2312 2434 2384 χρόνον
2465 2314 2775 2385 πληρῶσαι.

2111 2402 2210 2459 κε’.
2230 2406 2728 2479 Μηστευσάμενός
2754 2423 2837 2471 τις
2870 2405 3062 2479 κόρην,
3097 2423 3152 2461 κ.
3186 2424 3235 2460 τ.
3256 2407 3307 2462 λ.

2114 2587 2439 2642 Βασίλειον
2469 2587 2671 2642 κανὼν
2692 2586 2759 2653 ζ’,
2788 2595 2862 2658 η’,
2892 2586 2986 2653 ια’,
3014 2589 3103 2658 ιγ’,
3132 2586 3237 2657 λγ’,
3266 2587 3382 2660 μγ’,
3415 2586 3517 2660 νβ’,
3541 2586 3630 2654 νδ’,

2038 2696 2097 2732 νε
2118 2720 2133 2744 ,
2166 2679 2276 2745 νς’,
2310 2679 2407 2745 νζ.

2113 2771 2179 2837 ζ’.
2229 2773 2669 2845 Ἀρῤινοιρθόροι,
2729 2775 2825 2828 καὶ
2881 2773 3215 2846 ζωοφθόροι,
3279 2777 3377 2827 καὶ
3438 2777 3631 2843 φονεῖς,

2041 2884 2095 2921 κ.
2132 2883 2182 2920 τ.
2212 2866 2266 2920 λ.

2078 2957 2149 3030 η’.
2195 2959 2251 3013 Ὀ
2273 2958 2432 3034 ἀξίνῃ
2456 2958 2607 3030 παρά
2633 2958 2723 3013 τὸν
2757 2958 2950 3031 θυμὸν,
2978 2976 3034 3014 κ.
3061 2977 3111 3013 τ.
3139 2958 3190 3015 λ.

2126 3141 2217 3196 ια’.
2254 3145 2314 3195 '0
2346 3143 2405 3196 δὲ
2434 3144 2525 3196 τὸν
2562 3145 2820 3197 ἀκούσιον
2885 3146 3121 3215 ποιήσας
3180 3144 3363 3213 φόνον,
3412 3144 3641 3216 ἀρκούν-

2047 3252 2156 3298 τως
2181 3236 2530 3308 ἐξεπλήρωσε
2562 3238 2664 3307 τὴν
2688 3237 2843 3308 δίκην
2863 3238 2921 3289 ὲν
2949 3239 3063 3300 τοῖς
3091 3236 3287 3291 ἕνδεκα
3326 3238 3512 3290 ἔτεσι·
3545 3239 3639 3305 δῆ-

2053 3328 2143 3381 λον
2165 3330 2275 3400 γὰρ
2304 3329 2386 3381 ὅτι
2415 3329 2507 3383 ἐπὶ
2556 3328 2666 3383 τῶν
2696 3329 3017 3399 πληγέντων
3046 3329 3115 3382 τὰ
3143 3329 3427 3392 Μωῡσέως
3459 3346 3637 3395 παρα-

2049 3425 2400 3491 τηρήσομενο
2462 3423 2556 3475 καὶ
2606 3423 2698 3476 τὸν
2770 3422 3170 3476 κατακλιθέντα
3224 3422 3323 3489 μὲν
3378 3423 3487 3475 ὑπὸ
3537 3420 3644 3473 τῶν

2054 3514 2281 3583 πληγῶν
2311 3515 2375 3581 ἃς
2412 3515 2595 3581 ἔλαϐε,
2638 3516 2935 3586 βαδίσαντα
2962 3516 3021 3570 δὲ
3048 3516 3209 3571 πάλιν
3238 3518 3330 3568 ἐπὶ
3368 3519 3436 3588 τῇ
3468 3516 3645 3587 ρἀδῳ

2056 3608 2276 3672 ἑαυτοῦ,
2318 3609 2377 3662 ού
2410 3609 2740 3679 λογισόμεθα
2776 3610 3162 3677 πεφονεῦσθαι.
3212 3610 3274 3661 Εἰ
3316 3609 3377 3663 δὲ
3403 3611 3497 3663 καὶ
3548 3610 3647 3663 οὐκ

2063 3699 2329 3770 ἐξανέστη
2360 3701 2497 3769 μετά
2513 3701 2613 3765 τὰς
2644 3703 2884 3774 πληγὰς,
2926 3699 3153 3757 ἀλλὀὖν
3183 3700 3261 3771 τῷ
3294 3704 3372 3772 μὴ
3425 3701 3645 3773 προελέ-

2058 3792 2186 3846 σθαι
2236 3794 2399 3848 αύτὸν
2431 3795 2696 3850 ἀνελεῖνδ
2742 3796 3050 3867 τυπτήσας,
3103 3794 3369 3865 φονευτὴς
3410 3794 3511 3867 μὲν
3536 3792 3647 3849 ἀλλ’

2059 3886 2319 3951 ἀκούσιος
2354 3887 2443 3942 διά
2469 3886 2568 3960 τὴν
2605 3887 2890 3960 πρόθεσιν.

2135 4069 2222 4140 ιγ’.
2258 4072 2397 4136 Τοὺς
2435 4072 2493 4125 ἐν
2522 4070 2781 4142 πολέμοις
2846 4071 3043 4142 φόνους
3072 4071 3123 4124 οἱ
3181 4069 3425 4142 πατέρες
3474 4058 3649 4141 ἡμῶν,

2061 4168 2118 4220 ἐν
2145 4169 2256 4230 τοῖς
2283 4166 2465 4236 φόνοις
2498 4168 2597 4221 οὐκ
2620 4168 2955 4237 ὲλογίσαντο,
3003 4168 3127 4237 ἐμοὶ
3178 4165 3327 4219 δοκεῖ
3394 4164 3644 4234 συγγνώμ-

2065 4278 2173 4330 μην
2225 4258 2408 4323 δόντες
2455 4263 2569 4324 τοῖς
2639 4261 2781 4331 ὑπὲρ
2832 4259 3200 4332 σωφροσύνης
3254 4258 3350 4312 καὶ
3369 4258 3653 4321 εὐσεϐείας

2062 4353 2432 4423 ἀμυνομένοις
2456 4368 2470 4382 ⁸
2504 4354 2645 4424 τάχα
2674 4353 2733 4406 δὲ
2768 4353 2953 4417 καλῶς
3004 4352 3120 4424 ἔχει
3160 4350 3559 4423 συμόουλεύειν
3577 4350 3651 4412 ὧς

354 4455 547 4493 eorum
575 4458 723 4510 purae
751 4458 859 4496 non
896 4444 1026 4505 sint,
1074 4460 1169 4514 per
1219 4455 1329 4500 lres
1365 4460 1543 4501 annos
1585 4462 1614 4499 a
1650 4446 1767 4501 sola
1798 4464 1932 4502 com-

2082 4448 2157 4507 τὰς
2182 4447 2368 4515 χεῖρας
2393 4445 2467 4517 μὴ
2512 4446 2812 4518 καθαροὺς,
2855 4445 3024 4516 τριῶν
3050 4445 3191 4498 ἐτῶν
3228 4444 3330 4515 τῆς
3362 4442 3652 4501 κοινωνίας

358 4534 627 4586 munione
664 4534 1001 4588 abstineant.

2082 4538 2233 4606 ιόνης
2265 4539 2591 4609 ἀπέχεσθαι.

428 4624 517 4677 55.
556 4622 751 4678 Mulier
785 4641 907 4695 quae
942 4625 995 4681 in
1028 4626 1110 4680 via
1156 4629 1390 4698 peperit,
1435 4638 1488 4684 et
1543 4629 1686 4685 fctus
1735 4629 1818 4685 sui
1862 4645 1926 4685 cu

2132 4626 2232 4696 λγ’.
2275 4629 2339 4681 'll
2365 4628 2503 4699 γυνὴ
2528 4631 2557 4698 ἡ
2583 4629 2671 4681 διὰ
2726 4629 2821 4699 τῆς
2857 4627 2978 4683 ὁδοῦ
3011 4630 3283 4701 κυήσασα,
3320 4630 3419 4685 καὶ
3451 4629 3656 4701 ἀμελή-

357 4732 476 4771 ram
506 4733 613 4771 non
653 4719 914 4790 suscepit,
943 4721 1110 4777 Caedis
1146 4723 1365 4777 crimini
1398 4724 1751 4794 subjiciatur.

2082 4738 2204 4774 ςασα
2236 4721 2328 4774 τοῦ
2356 4723 2661 4792 κυήματος,
2695 4721 2772 4793 τῷ
2805 4722 2900 4775 τοῦ
2958 4722 3121 4791 φόνου
3150 4724 3464 4794 ἐγκλήματι
3521 4723 3655 4776 ύπο-

2062 4813 2285 4867 κείσθω.

2136 4904 2252 4976 μγ¹.
2305 4908 2402 4970 Ὃς
2447 4906 2680 4960 θανάτου
2755 4907 2974 4977 πληγὴν
3032 4908 3113 4979 τῷ
3180 4908 3415 4979 πλησίον
3460 4908 3650 4973 ἔδωκε,

2064 4999 2259 5070 φονεύς
2281 5000 2451 5066 ἔστιν,
2481 5001 2591 5055 εῐτε
2616 4996 2751 5072 ἦρξε
2780 5001 2882 5069 τῆς
2904 5000 3143 5073 πλῆγης,
3179 5002 3289 5055 εἴτε
3321 5001 3595 5071 ἠμύνατο.

2136 5090 2233 5163 νβ’.
2280 5092 2343 5146 Ἢ
2376 5091 2474 5146 τοῦ
2514 5093 2797 5164 κυήματος
2832 5092 2976 5147 κατὰ
3014 5093 3112 5163 τὴν
3144 5092 3263 5146 ὁδὸν
3296 5093 3648 5165 ἀμελήσασα,

2064 5205 2118 5241 κ.
2142 5203 2195 5242 τ.
2226 5186 2278 5243 λ.

430 4896 521 4949 45.
556 4895 659 4959 Qui
696 4896 890 4950 umrtis
942 4897 1107 4950 ictum
1160 4897 1308 4952 dedit
1338 4899 1618 4967 proximo.
1652 4909 1736 4954 est
1784 4899 1959 4953 homi-

360 4986 505 5049 cida,
533 4989 649 5042 sive
671 4998 954 5056 percutere
988 4990 1211 5059 incepit,
1237 4992 1354 5044 sive
1381 4994 1528 5046 ultus
1563 5001 1669 5047 est.

435 5079 525 5134 52.
560 5079 694 5146 Qua:
722 5079 895 5135 letum
929 5080 982 5135 in
1038 5081 1126 5134 via
1163 5082 1369 5137 editum
1413 5082 1695 5154 neglexit,
1732 5090 1866 5151 etc.,
1902 5093 1958 5137 ιιι

364 5188 486 5242 pag.
519 5171 647 5227 922.

438 5284 528 5339 54.
573 5285 1078 5342 lnvolunlarinrum
1111 5286 1342 5341 caedium
1369 5288 1689 5343 discrimina
1725 5289 1843 5343 scio
1874 5304 1961 5343 me

363 5388 490 5433 ante
545 5390 764 5449 tempus
817 5381 1003 5451 pietati
1041 5390 1148 5435 tua:
1196 5396 1297 5451 pro
1331 5380 1544 5436 viribus
1576 5381 1956 5452 descripsisse,

363 5486 541 5543 neque.
572 5471 658 5526 his
697 5474 930 5543 amplius
973 5475 1274 5544 quidquam
1312 5475 1496 5529 dicere
1527 5490 1701 5542 queo;
1744 5485 1829 5531 est
1854 5492 1959 5529 au-

362 5576 471 5615 tem
534 5575 639 5617 tuae
688 5566 1008 5633 prudentie,
1074 5583 1173 5636 pro
1232 5582 1399 5621 casus
1442 5567 1714 5638 cujusque
1746 5568 1959 5625 ratione

362 5670 554 5723 ptenus
592 5658 895 5728 intendere,
924 5668 1018 5713 aut
1048 5659 1210 5713 etiam
1248 5660 1548 5717 remittere.

2138 5298 2233 5354 νδ’.
2267 5301 2379 5365 Τὰς
2430 5301 2541 5357 τῶν
2579 5301 2854 5356 ἀκουσίων
2889 5302 2984 5355 καὶ
3036 5300 3301 5354 ἑκουσίων
3360 5299 3651 5371 διαφορὰς,

2064 5389 2173 5462 πρὸ
2206 5391 2402 5462 χρόνου
2433 5386 2551 5444 οῖδα
2578 5390 2894 5455 ἐπιστείλας
2948 5393 3014 5462 τῇ
3058 5389 3340 5461 θεοσεόείᾳ
3369 5406 3489 5457 σου,
3516 5392 3654 5443 κατα

2064 5483 2124 5535 τὸ
2153 5484 2279 5553 ἐμοὶ
2338 5482 2587 5547 δυνατὸν,
2623 5483 2718 5536 καὶ
2774 5483 2939 5536 πλέον
2987 5484 3213 5537 ἐκείνων
3272 5484 3424 5536 οὐδὲν
3478 5484 3652 5535 εἰπεῖν

2065 5575 2301 5645 δύναμαι
2332 5592 2343 5605 ο
2368 5577 2465 5646 τῆς
2492 5575 2550 5629 δὲ
2584 5577 2683 5645 σῆς
2716 5575 2984 5638 συνέσεώς
3036 5578 3152 5629 ἐστι
3192 5575 3335 5629 κατά
3363 5575 3425 5627 τὸ
3458 5575 3651 5642 ἰδίωμα

2067 5661 2283 5735 ὑφιέναι
2300 5666 2400 5736 τῆς
2421 5667 2815 5739 περιστάσεως,
2836 5664 3127 5720 ἐπιτείνειν
3154 5666 3217 5719 τὰ
3232 5663 3483 5733 ἐπιτίμια
3504 5662 3535 5733 ἢ
3560 5659 3651 5713 καὶ

1972 5812 1975 5813 ,
2069 5760 2303 5831 ὑφιέναι.
