  <div class='ocr_page' id='page_1' title='image "/cluster/home/n/w/nwhite01/storage/ocr_20150623/104 pt.4/mdp.39015061931229/496.png"; bbox 0 0 3744 6218; ppageno 0'>
   <div class='ocr_carea' id='block_1_1' title="bbox 760 208 890 229">
    <p class='ocr_par' dir='ltr' id='par_1_1' title="bbox 760 208 890 229">
     <span class='ocr_line' id='line_1_1' title="bbox 760 208 890 229; baseline 0.008 -1"><span class='ocrx_word' id='word_1_1' title='bbox 760 216 765 221; x_wconf 65' lang='grc' dir='ltr'><strong>ι</strong></span> <span class='ocrx_word' id='word_1_2' title='bbox 780 208 890 229; x_wconf 62' lang='grc' dir='ltr'><strong>-κ-τ-</strong></span> 
     </span>
    </p>
   </div>
   <div class='ocr_carea' id='block_1_2' title="bbox 191 242 287 308">
    <p class='ocr_par' dir='ltr' id='par_1_2' title="bbox 191 242 287 308">
     <span class='ocr_line' id='line_1_2' title="bbox 191 242 287 308; baseline -0.021 0"><span class='ocrx_word' id='word_1_3' title='bbox 191 242 287 308; x_wconf 81' lang='grc'><strong>973</strong></span> 
     </span>
    </p>
   </div>
   <div class='ocr_carea' id='block_1_3' title="bbox 251 346 1525 421">
    <p class='ocr_par' dir='ltr' id='par_1_3' title="bbox 251 346 1525 421">
     <span class='ocr_line' id='line_1_3' title="bbox 251 346 1525 421; baseline -0.006 -14"><span class='ocrx_word' id='word_1_4' title='bbox 251 349 339 407; x_wconf 85' lang='grc' dir='ltr'>νε’.</span> <span class='ocrx_word' id='word_1_5' title='bbox 366 351 426 404; x_wconf 79' lang='lat' dir='ltr'><strong>Oi</strong></span> <span class='ocrx_word' id='word_1_6' title='bbox 449 350 562 412; x_wconf 82' lang='grc' dir='ltr'>τοῖς</span> <span class='ocrx_word' id='word_1_7' title='bbox 591 347 819 421; x_wconf 78' lang='grc' dir='ltr'><strong>λῃσταῖς</strong></span> <span class='ocrx_word' id='word_1_8' title='bbox 847 346 1280 415; x_wconf 80' lang='grc' dir='ltr'>ἀντεπεξιόντες,</span> <span class='ocrx_word' id='word_1_9' title='bbox 1313 365 1369 401; x_wconf 92' lang='grc' dir='ltr'><strong>κ.</strong></span> <span class='ocrx_word' id='word_1_10' title='bbox 1391 366 1443 401; x_wconf 87' lang='grc' dir='ltr'><strong>τ.</strong></span> <span class='ocrx_word' id='word_1_11' title='bbox 1474 347 1525 400; x_wconf 80' lang='grc' dir='ltr'><strong>λ.</strong></span> 
     </span>
    </p>
   </div>
   <div class='ocr_carea' id='block_1_4' title="bbox 250 437 1758 510">
    <p class='ocr_par' dir='ltr' id='par_1_4' title="bbox 250 437 1758 510">
     <span class='ocr_line' id='line_1_4' title="bbox 250 437 1758 510; baseline -0.006 -10"><span class='ocrx_word' id='word_1_12' title='bbox 250 442 356 510; x_wconf 82' lang='grc' dir='ltr'>νς’.</span> <span class='ocrx_word' id='word_1_13' title='bbox 403 442 458 496; x_wconf 83' lang='lat'><strong>&#39;0</strong></span> <span class='ocrx_word' id='word_1_14' title='bbox 484 441 748 503; x_wconf 79' lang='grc' dir='ltr'><strong>ἑκουσίως</strong></span> <span class='ocrx_word' id='word_1_15' title='bbox 777 439 1068 510; x_wconf 80' lang='grc' dir='ltr'><strong>φονεύσας,</strong></span> <span class='ocrx_word' id='word_1_16' title='bbox 1108 439 1249 510; x_wconf 84' lang='grc' dir='ltr'>μετὰ</span> <span class='ocrx_word' id='word_1_17' title='bbox 1275 439 1332 492; x_wconf 85' lang='grc' dir='ltr'>δὲ</span> <span class='ocrx_word' id='word_1_18' title='bbox 1383 437 1543 491; x_wconf 81' lang='grc' dir='ltr'>τοῦτο</span> <span class='ocrx_word' id='word_1_19' title='bbox 1589 454 1758 508; x_wconf 82' lang='grc' dir='ltr'>μετα-</span> 
     </span>
    </p>
   </div>
   <div class='ocr_carea' id='block_1_5' title="bbox 191 530 1759 609">
    <p class='ocr_par' dir='ltr' id='par_1_5' title="bbox 191 530 1759 609">
     <span class='ocr_line' id='line_1_5' title="bbox 191 530 1759 609; baseline -0.004 -19"><span class='ocrx_word' id='word_1_20' title='bbox 191 535 452 609; x_wconf 78' lang='grc' dir='ltr'>μεληθεὶς,</span> <span class='ocrx_word' id='word_1_21' title='bbox 482 534 657 587; x_wconf 75' lang='grc' dir='ltr'>εἴκοσι</span> <span class='ocrx_word' id='word_1_22' title='bbox 681 531 827 585; x_wconf 76' lang='grc' dir='ltr'>ἔτεσι</span> <span class='ocrx_word' id='word_1_23' title='bbox 847 530 1219 602; x_wconf 84' lang='grc' dir='ltr'>ἀκοινώνητος</span> <span class='ocrx_word' id='word_1_24' title='bbox 1267 530 1421 584; x_wconf 72' lang='grc' dir='ltr'>ἔσται</span> <span class='ocrx_word' id='word_1_25' title='bbox 1460 533 1573 594; x_wconf 87' lang='grc' dir='ltr'>τοῖς</span> <span class='ocrx_word' id='word_1_26' title='bbox 1603 531 1759 600; x_wconf 81' lang='grc' dir='ltr'>ἁγιά-</span> 
     </span>
    </p>
   </div>
   <div class='ocr_carea' id='block_1_6' title="bbox 188 622 1757 698">
    <p class='ocr_par' dir='ltr' id='par_1_6' title="bbox 188 622 1757 698">
     <span class='ocr_line' id='line_1_6' title="bbox 188 622 1757 698; baseline -0.004 -17"><span class='ocrx_word' id='word_1_27' title='bbox 188 645 346 698; x_wconf 87' lang='grc' dir='ltr'>σμασι</span> <span class='ocrx_word' id='word_1_28' title='bbox 372 644 386 657; x_wconf 78' lang='grc' dir='ltr'><strong><em>ο</em></strong></span> <span class='ocrx_word' id='word_1_29' title='bbox 408 624 476 679; x_wconf 80' lang='grc' dir='ltr'><strong>τὰ</strong></span> <span class='ocrx_word' id='word_1_30' title='bbox 502 624 561 678; x_wconf 86' lang='grc' dir='ltr'>δὲ</span> <span class='ocrx_word' id='word_1_31' title='bbox 593 622 769 678; x_wconf 84' lang='grc' dir='ltr'>είκοσι</span> <span class='ocrx_word' id='word_1_32' title='bbox 792 623 889 696; x_wconf 75' lang='grc' dir='ltr'>ἐτη</span> <span class='ocrx_word' id='word_1_33' title='bbox 923 622 1099 687; x_wconf 72' lang='grc' dir='ltr'>οὕτως</span> <span class='ocrx_word' id='word_1_34' title='bbox 1153 623 1643 695; x_wconf 80' lang='grc' dir='ltr'>οἰκονομηθήσεται</span> <span class='ocrx_word' id='word_1_35' title='bbox 1670 626 1757 674; x_wconf 76' lang='grc' dir='ltr'>ἐπ’</span> 
     </span>
    </p>
   </div>
   <div class='ocr_carea' id='block_1_7' title="bbox 182 713 1760 788">
    <p class='ocr_par' dir='ltr' id='par_1_7' title="bbox 182 713 1760 788">
     <span class='ocr_line' id='line_1_7' title="bbox 182 713 1760 788; baseline -0.004 -15"><span class='ocrx_word' id='word_1_36' title='bbox 182 719 343 788; x_wconf 82' lang='grc' dir='ltr'>αὐτῷ.</span> <span class='ocrx_word' id='word_1_37' title='bbox 376 717 463 770; x_wconf 85' lang='grc' dir='ltr'>Ἑν</span> <span class='ocrx_word' id='word_1_38' title='bbox 490 715 785 786; x_wconf 80' lang='grc' dir='ltr'>τέσσαρσιν</span> <span class='ocrx_word' id='word_1_39' title='bbox 814 714 960 769; x_wconf 74' lang='grc' dir='ltr'>ἔτεσι</span> <span class='ocrx_word' id='word_1_40' title='bbox 1009 714 1363 785; x_wconf 84' lang='grc' dir='ltr'>προσκλαίειν</span> <span class='ocrx_word' id='word_1_41' title='bbox 1391 713 1617 784; x_wconf 81' lang='grc' dir='ltr'>ὀφείλει,</span> <span class='ocrx_word' id='word_1_42' title='bbox 1653 714 1760 779; x_wconf 77' lang='grc' dir='ltr'><strong>ἔξω</strong></span> 
     </span>
    </p>
   </div>
   <div class='ocr_carea' id='block_1_8' title="bbox 195 806 1757 881">
    <p class='ocr_par' dir='ltr' id='par_1_8' title="bbox 195 806 1757 881">
     <span class='ocr_line' id='line_1_8' title="bbox 195 806 1757 881; baseline -0.003 -19"><span class='ocrx_word' id='word_1_43' title='bbox 195 812 289 881; x_wconf 74' lang='grc' dir='ltr'>τῆς</span> <span class='ocrx_word' id='word_1_44' title='bbox 312 810 477 881; x_wconf 88' lang='grc' dir='ltr'>θύρας</span> <span class='ocrx_word' id='word_1_45' title='bbox 498 810 672 873; x_wconf 78' lang='grc' dir='ltr'>ἑστὼς</span> <span class='ocrx_word' id='word_1_46' title='bbox 702 806 797 862; x_wconf 81' lang='grc' dir='ltr'>τοῦ</span> <span class='ocrx_word' id='word_1_47' title='bbox 837 808 1129 879; x_wconf 86' lang='grc' dir='ltr'>εύκτηρίου</span> <span class='ocrx_word' id='word_1_48' title='bbox 1154 807 1325 873; x_wconf 74' lang='grc' dir='ltr'>οἴκου,</span> <span class='ocrx_word' id='word_1_49' title='bbox 1360 807 1457 861; x_wconf 73' lang='grc' dir='ltr'><strong>καὶ</strong></span> <span class='ocrx_word' id='word_1_50' title='bbox 1489 806 1598 859; x_wconf 86' lang='grc' dir='ltr'><strong>τῶν</strong></span> <span class='ocrx_word' id='word_1_51' title='bbox 1641 807 1757 859; x_wconf 77' lang='grc' dir='ltr'>εισ-</span> 
     </span>
    </p>
   </div>
   <div class='ocr_carea' id='block_1_9' title="bbox 182 900 1757 973">
    <p class='ocr_par' dir='ltr' id='par_1_9' title="bbox 182 900 1757 973">
     <span class='ocr_line' id='line_1_9' title="bbox 182 900 1757 973; baseline -0.003 -16"><span class='ocrx_word' id='word_1_52' title='bbox 182 904 360 957; x_wconf 82' lang='grc' dir='ltr'>ιὸντιυν</span> <span class='ocrx_word' id='word_1_53' title='bbox 421 902 634 956; x_wconf 77' lang='grc' dir='ltr'>πιστῶν</span> <span class='ocrx_word' id='word_1_54' title='bbox 662 901 918 972; x_wconf 84' lang='grc' dir='ltr'>δεόμενος</span> <span class='ocrx_word' id='word_1_55' title='bbox 969 901 1136 973; x_wconf 75' lang='grc' dir='ltr'>εὐχὴν</span> <span class='ocrx_word' id='word_1_56' title='bbox 1164 902 1303 973; x_wconf 79' lang='grc' dir='ltr'>ὑπὲρ</span> <span class='ocrx_word' id='word_1_57' title='bbox 1364 900 1530 955; x_wconf 82' lang='grc' dir='ltr'>αὑτοῦ</span> <span class='ocrx_word' id='word_1_58' title='bbox 1586 903 1757 954; x_wconf 79' lang='grc' dir='ltr'>ποιεῖ-</span> 
     </span>
    </p>
   </div>
   <div class='ocr_carea' id='block_1_10' title="bbox 182 992 1757 1067">
    <p class='ocr_par' dir='ltr' id='par_1_10' title="bbox 182 992 1757 1067">
     <span class='ocr_line' id='line_1_10' title="bbox 182 992 1757 1067; baseline -0.002 -18"><span class='ocrx_word' id='word_1_59' title='bbox 182 996 316 1062; x_wconf 77' lang='grc' dir='ltr'>σθαι,</span> <span class='ocrx_word' id='word_1_60' title='bbox 352 994 698 1067; x_wconf 80' lang='grc' dir='ltr'>ἐξαγορεύων</span> <span class='ocrx_word' id='word_1_61' title='bbox 746 994 847 1065; x_wconf 85' lang='grc' dir='ltr'>τὴν</span> <span class='ocrx_word' id='word_1_62' title='bbox 906 993 1041 1047; x_wconf 72' lang='grc' dir='ltr'>ἰδίαν</span> <span class='ocrx_word' id='word_1_63' title='bbox 1080 994 1465 1065; x_wconf 85' lang='grc' dir='ltr'>παρανομίαν·</span> <span class='ocrx_word' id='word_1_64' title='bbox 1519 993 1659 1060; x_wconf 74' lang='grc' dir='ltr'>μετὰ</span> <span class='ocrx_word' id='word_1_65' title='bbox 1700 992 1757 1046; x_wconf 83' lang='grc' dir='ltr'>δὲ</span> 
     </span>
    </p>
   </div>
   <div class='ocr_carea' id='block_1_11' title="bbox 178 1084 1756 1160">
    <p class='ocr_par' dir='ltr' id='par_1_11' title="bbox 178 1084 1756 1160">
     <span class='ocr_line' id='line_1_11' title="bbox 178 1084 1756 1160; baseline -0.004 -18"><span class='ocrx_word' id='word_1_66' title='bbox 178 1090 409 1160; x_wconf 84' lang='grc' dir='ltr'>τέσσαρα</span> <span class='ocrx_word' id='word_1_67' title='bbox 442 1087 538 1160; x_wconf 76' lang='grc' dir='ltr'>ἐτη</span> <span class='ocrx_word' id='word_1_68' title='bbox 580 1091 661 1151; x_wconf 79' lang='grc' dir='ltr'>εἰς</span> <span class='ocrx_word' id='word_1_69' title='bbox 691 1088 819 1150; x_wconf 82' lang='grc' dir='ltr'>τοὺς</span> <span class='ocrx_word' id='word_1_70' title='bbox 867 1086 1256 1158; x_wconf 75' lang='grc' dir='ltr'>ἀκροωμένους</span> <span class='ocrx_word' id='word_1_71' title='bbox 1293 1084 1635 1156; x_wconf 68' lang='grc' dir='ltr'>δειχθήσεται.</span> <span class='ocrx_word' id='word_1_72' title='bbox 1664 1085 1756 1138; x_wconf 88' lang='grc' dir='ltr'>Ἐν</span> 
     </span>
    </p>
   </div>
   <div class='ocr_carea' id='block_1_12' title="bbox 177 1179 1756 1254">
    <p class='ocr_par' dir='ltr' id='par_1_12' title="bbox 177 1179 1756 1254">
     <span class='ocr_line' id='line_1_12' title="bbox 177 1179 1756 1254; baseline -0.003 -16"><span class='ocrx_word' id='word_1_73' title='bbox 177 1184 309 1238; x_wconf 76' lang='grc' dir='ltr'>ἑπτὰ</span> <span class='ocrx_word' id='word_1_74' title='bbox 348 1184 495 1237; x_wconf 76' lang='grc' dir='ltr'>ἔτεσι</span> <span class='ocrx_word' id='word_1_75' title='bbox 541 1183 681 1254; x_wconf 82' lang='grc' dir='ltr'>μετὰ</span> <span class='ocrx_word' id='word_1_76' title='bbox 721 1181 831 1237; x_wconf 84' lang='grc' dir='ltr'><strong>τῶν</strong></span> <span class='ocrx_word' id='word_1_77' title='bbox 862 1182 920 1234; x_wconf 81' lang='grc' dir='ltr'>ὲν</span> <span class='ocrx_word' id='word_1_78' title='bbox 951 1179 1269 1234; x_wconf 83' lang='grc' dir='ltr'>ύποπτώσει</span> <span class='ocrx_word' id='word_1_79' title='bbox 1317 1180 1756 1250; x_wconf 78' lang='grc' dir='ltr'>προσευχόμενος</span> 
     </span>
    </p>
   </div>
   <div class='ocr_carea' id='block_1_13' title="bbox 174 1273 1755 1347">
    <p class='ocr_par' dir='ltr' id='par_1_13' title="bbox 174 1273 1755 1347">
     <span class='ocr_line' id='line_1_13' title="bbox 174 1273 1755 1347; baseline -0.006 -14"><span class='ocrx_word' id='word_1_80' title='bbox 174 1278 541 1345; x_wconf 83' lang='grc' dir='ltr'>ἐξελεύσεται·</span> <span class='ocrx_word' id='word_1_81' title='bbox 574 1280 632 1331; x_wconf 87' lang='grc' dir='ltr'>ὲν</span> <span class='ocrx_word' id='word_1_82' title='bbox 656 1276 921 1347; x_wconf 84' lang='grc' dir='ltr'>τέσσαρσι</span> <span class='ocrx_word' id='word_1_83' title='bbox 954 1275 1284 1345; x_wconf 84' lang='grc' dir='ltr'>συστήσεται</span> <span class='ocrx_word' id='word_1_84' title='bbox 1323 1273 1484 1344; x_wconf 88' lang='grc' dir='ltr'>μόνον</span> <span class='ocrx_word' id='word_1_85' title='bbox 1520 1276 1630 1336; x_wconf 85' lang='grc' dir='ltr'>τοῖς</span> <span class='ocrx_word' id='word_1_86' title='bbox 1662 1291 1755 1325; x_wconf 77' lang='grc' dir='ltr'>πι-</span> 
     </span>
    </p>
   </div>
   <div class='ocr_carea' id='block_1_14' title="bbox 178 1365 1743 1442">
    <p class='ocr_par' dir='ltr' id='par_1_14' title="bbox 178 1365 1743 1442">
     <span class='ocr_line' id='line_1_14' title="bbox 178 1365 1743 1442; baseline -0.004 -17"><span class='ocrx_word' id='word_1_87' title='bbox 178 1375 333 1437; x_wconf 84' lang='grc' dir='ltr'>στοῖς,</span> <span class='ocrx_word' id='word_1_88' title='bbox 365 1370 686 1442; x_wconf 80' lang='grc' dir='ltr'>προσφορᾶς</span> <span class='ocrx_word' id='word_1_89' title='bbox 708 1369 766 1423; x_wconf 77' lang='grc' dir='ltr'>δὲ</span> <span class='ocrx_word' id='word_1_90' title='bbox 788 1370 851 1423; x_wconf 87' lang='grc' dir='ltr'><strong>ού</strong></span> <span class='ocrx_word' id='word_1_91' title='bbox 882 1367 1255 1439; x_wconf 79' lang='grc' dir='ltr'>μεταλήψεται</span> <span class='ocrx_word' id='word_1_92' title='bbox 1281 1382 1296 1396; x_wconf 78' lang='lat'><strong><em>°</em></strong></span> <span class='ocrx_word' id='word_1_93' title='bbox 1338 1365 1743 1436; x_wconf 80' lang='grc' dir='ltr'>πληρωθέντων</span> 
     </span>
    </p>
   </div>
   <div class='ocr_carea' id='block_1_15' title="bbox 170 1461 1288 1536">
    <p class='ocr_par' dir='ltr' id='par_1_15' title="bbox 170 1461 1288 1536">
     <span class='ocr_line' id='line_1_15' title="bbox 170 1461 1288 1536; baseline -0.005 -14"><span class='ocrx_word' id='word_1_94' title='bbox 170 1466 226 1522; x_wconf 77' lang='grc' dir='ltr'>δὲ</span> <span class='ocrx_word' id='word_1_95' title='bbox 253 1466 479 1531; x_wconf 86' lang='grc' dir='ltr'>τούτων,</span> <span class='ocrx_word' id='word_1_96' title='bbox 519 1463 739 1536; x_wconf 78' lang='grc' dir='ltr'>μεθέξει</span> <span class='ocrx_word' id='word_1_97' title='bbox 762 1463 871 1517; x_wconf 86' lang='grc' dir='ltr'><strong>τῶν</strong></span> <span class='ocrx_word' id='word_1_98' title='bbox 901 1461 1288 1533; x_wconf 82' lang='grc' dir='ltr'>ἁγιασμάτων.</span> 
     </span>
    </p>
   </div>
   <div class='ocr_carea' id='block_1_16' title="bbox 236 1643 1757 1716">
    <p class='ocr_par' dir='ltr' id='par_1_16' title="bbox 236 1643 1757 1716">
     <span class='ocr_line' id='line_1_16' title="bbox 236 1643 1757 1716; baseline -0.002 -17"><span class='ocrx_word' id='word_1_99' title='bbox 236 1645 330 1711; x_wconf 76' lang='grc' dir='ltr'>νζ’.</span> <span class='ocrx_word' id='word_1_100' title='bbox 379 1644 440 1698; x_wconf 83' lang='grc' dir='ltr'>Ὀ</span> <span class='ocrx_word' id='word_1_101' title='bbox 470 1645 743 1710; x_wconf 82' lang='grc' dir='ltr'>ἀκουσίως</span> <span class='ocrx_word' id='word_1_102' title='bbox 784 1645 1081 1716; x_wconf 80' lang='grc' dir='ltr'>φονεύσας,</span> <span class='ocrx_word' id='word_1_103' title='bbox 1131 1645 1190 1698; x_wconf 85' lang='grc' dir='ltr'>ὲν</span> <span class='ocrx_word' id='word_1_104' title='bbox 1228 1643 1363 1697; x_wconf 84' lang='grc' dir='ltr'>δέκα</span> <span class='ocrx_word' id='word_1_105' title='bbox 1397 1643 1574 1697; x_wconf 76' lang='grc' dir='ltr'>ἔτεσιν</span> <span class='ocrx_word' id='word_1_106' title='bbox 1607 1644 1757 1698; x_wconf 84' lang='grc' dir='ltr'>ἀκοι-</span> 
     </span>
    </p>
   </div>
   <div class='ocr_carea' id='block_1_17' title="bbox 992 238 2628 315">
    <p class='ocr_par' dir='ltr' id='par_1_17' title="bbox 992 238 2628 315">
     <span class='ocr_line' id='line_1_17' title="bbox 992 238 2628 315; baseline 0.002 -16"><span class='ocrx_word' id='word_1_107' title='bbox 992 238 1401 301; x_wconf 88' lang='lat' dir='ltr'><strong>SYNTAGMA</strong></span> <span class='ocrx_word' id='word_1_108' title='bbox 1438 239 1829 302; x_wconf 84' lang='lat' dir='ltr'><strong>CANONUM-</strong></span> <span class='ocrx_word' id='word_1_109' title='bbox 1858 264 1929 276; x_wconf 73' lang='grc' dir='ltr'><strong>-ο</strong></span> <span class='ocrx_word' id='word_1_110' title='bbox 1955 240 2105 302; x_wconf 88' lang='grc' dir='ltr'><strong>ΤΙΤ.</strong></span> <span class='ocrx_word' id='word_1_111' title='bbox 2150 242 2318 315; x_wconf 83' lang='lat' dir='ltr'><strong>XIV,</strong></span> <span class='ocrx_word' id='word_1_112' title='bbox 2365 242 2522 302; x_wconf 84' lang='lat' dir='ltr'><strong>CAP.</strong></span> <span class='ocrx_word' id='word_1_113' title='bbox 2563 244 2628 303; x_wconf 85' lang='lat' dir='ltr'><strong>V.</strong></span> 
     </span>
    </p>
   </div>
   <div class='ocr_carea' id='block_1_18' title="bbox 1939 346 3353 419">
    <p class='ocr_par' dir='ltr' id='par_1_18' title="bbox 1939 346 3353 419">
     <span class='ocr_line' id='line_1_18' title="bbox 1939 346 3353 419; baseline 0.003 -19"><span class='ocrx_word' id='word_1_114' title='bbox 1939 346 2029 400; x_wconf 86' lang='lat'><strong>55.</strong></span> <span class='ocrx_word' id='word_1_115' title='bbox 2061 346 2164 413; x_wconf 83' lang='lat' dir='ltr'><strong>Qui</strong></span> <span class='ocrx_word' id='word_1_116' title='bbox 2194 349 2247 401; x_wconf 89' lang='lat' dir='ltr'><strong>in</strong></span> <span class='ocrx_word' id='word_1_117' title='bbox 2280 349 2549 413; x_wconf 84' lang='lat' dir='ltr'><strong>latrones,</strong></span> <span class='ocrx_word' id='word_1_118' title='bbox 2583 357 2693 404; x_wconf 88' lang='lat' dir='ltr'><strong>etc.</strong></span> <span class='ocrx_word' id='word_1_119' title='bbox 2723 358 2783 402; x_wconf 89' lang='lat' dir='ltr'><strong>ut</strong></span> <span class='ocrx_word' id='word_1_120' title='bbox 2812 365 2934 419; x_wconf 85' lang='lat' dir='ltr'><strong>pag.</strong></span> <span class='ocrx_word' id='word_1_121' title='bbox 2969 350 3095 406; x_wconf 86' lang='lat'><strong>770.</strong></span> <span class='ocrx_word' id='word_1_122' title='bbox 3348 362 3353 367; x_wconf 89' lang='grc'><strong>·</strong></span> 
     </span>
    </p>
   </div>
   <div class='ocr_carea' id='block_1_19' title="bbox 1940 435 3458 515">
    <p class='ocr_par' dir='ltr' id='par_1_19' title="bbox 1940 435 3458 515">
     <span class='ocr_line' id='line_1_19' title="bbox 1940 435 3458 515; baseline 0.009 -27"><span class='ocrx_word' id='word_1_123' title='bbox 1940 435 2029 489; x_wconf 86' lang='grc'><strong>56.</strong></span> <span class='ocrx_word' id='word_1_124' title='bbox 2061 435 2164 501; x_wconf 88' lang='lat' dir='ltr'><strong>Qui</strong></span> <span class='ocrx_word' id='word_1_125' title='bbox 2215 437 2522 493; x_wconf 74' lang='lat' dir='ltr'><strong>voluntarie</strong></span> <span class='ocrx_word' id='word_1_126' title='bbox 2563 439 2879 505; x_wconf 74' lang='lat' dir='ltr'><strong>interfecit,</strong></span> <span class='ocrx_word' id='word_1_127' title='bbox 2935 449 2988 496; x_wconf 91' lang='lat' dir='ltr'><strong>et</strong></span> <span class='ocrx_word' id='word_1_128' title='bbox 3041 452 3229 512; x_wconf 88' lang='lat' dir='ltr'><strong>postea</strong></span> <span class='ocrx_word' id='word_1_129' title='bbox 3278 448 3458 515; x_wconf 71' lang='lat' dir='ltr'><strong>poeni-</strong></span> 
     </span>
    </p>
   </div>
   <div class='ocr_carea' id='block_1_20' title="bbox 1871 528 3458 603">
    <p class='ocr_par' dir='ltr' id='par_1_20' title="bbox 1871 528 3458 603">
     <span class='ocr_line' id='line_1_20' title="bbox 1871 528 3458 603; baseline 0.008 -24"><span class='ocrx_word' id='word_1_130' title='bbox 1871 528 2099 581; x_wconf 90' lang='lat' dir='ltr'><strong>tentiam</strong></span> <span class='ocrx_word' id='word_1_131' title='bbox 2143 529 2345 582; x_wconf 82' lang='lat' dir='ltr'><strong>doctus</strong></span> <span class='ocrx_word' id='word_1_132' title='bbox 2395 540 2501 595; x_wconf 86' lang='lat' dir='ltr'><strong>est,</strong></span> <span class='ocrx_word' id='word_1_133' title='bbox 2550 531 2712 585; x_wconf 87' lang='lat' dir='ltr'><strong>annis</strong></span> <span class='ocrx_word' id='word_1_134' title='bbox 2749 531 2940 603; x_wconf 84' lang='lat' dir='ltr'><strong>viginti</strong></span> <span class='ocrx_word' id='word_1_135' title='bbox 2987 546 3458 592; x_wconf 85' lang='lat' dir='ltr'><strong>sacramentorum</strong></span> 
     </span>
    </p>
   </div>
   <div class='ocr_carea' id='block_1_21' title="bbox 1868 620 3458 693">
    <p class='ocr_par' dir='ltr' id='par_1_21' title="bbox 1868 620 3458 693">
     <span class='ocr_line' id='line_1_21' title="bbox 1868 620 3458 693; baseline 0.009 -22"><span class='ocrx_word' id='word_1_136' title='bbox 1868 633 1978 673; x_wconf 87' lang='lat' dir='ltr'><strong>non</strong></span> <span class='ocrx_word' id='word_1_137' title='bbox 2026 621 2132 674; x_wconf 91' lang='lat' dir='ltr'><strong>erit</strong></span> <span class='ocrx_word' id='word_1_138' title='bbox 2169 622 2467 692; x_wconf 85' lang='lat' dir='ltr'><strong>particeps.</strong></span> <span class='ocrx_word' id='word_1_139' title='bbox 2518 620 2725 693; x_wconf 80' lang='lat' dir='ltr'><strong>Viginti</strong></span> <span class='ocrx_word' id='word_1_140' title='bbox 2771 634 2957 679; x_wconf 87' lang='lat' dir='ltr'><strong>autem</strong></span> <span class='ocrx_word' id='word_1_141' title='bbox 2999 629 3130 682; x_wconf 90' lang='lat' dir='ltr'><strong>anni</strong></span> <span class='ocrx_word' id='word_1_142' title='bbox 3170 631 3251 685; x_wconf 83' lang='lat' dir='ltr'><strong>sic</strong></span> <span class='ocrx_word' id='word_1_143' title='bbox 3298 630 3354 685; x_wconf 93' lang='lat' dir='ltr'><strong>in</strong></span> <span class='ocrx_word' id='word_1_144' title='bbox 3389 646 3458 685; x_wconf 91' lang='lat' dir='ltr'><strong>eo</strong></span> 
     </span>
    </p>
   </div>
   <div class='ocr_carea' id='block_1_22' title="bbox 1866 710 3455 785">
    <p class='ocr_par' dir='ltr' id='par_1_22' title="bbox 1866 710 3455 785">
     <span class='ocr_line' id='line_1_22' title="bbox 1866 710 3455 785; baseline 0.008 -20"><span class='ocrx_word' id='word_1_145' title='bbox 1866 710 2354 781; x_wconf 89' lang='lat' dir='ltr'><strong>dispensabnntur.</strong></span> <span class='ocrx_word' id='word_1_146' title='bbox 2412 713 2586 769; x_wconf 81' lang='lat' dir='ltr'><strong>Annis</strong></span> <span class='ocrx_word' id='word_1_147' title='bbox 2615 725 2861 785; x_wconf 88' lang='lat' dir='ltr'><strong>quatuor</strong></span> <span class='ocrx_word' id='word_1_148' title='bbox 2909 718 3039 774; x_wconf 83' lang='lat' dir='ltr'><strong>ﬂere</strong></span> <span class='ocrx_word' id='word_1_149' title='bbox 3074 720 3254 776; x_wconf 84' lang='lat' dir='ltr'><strong>debet.</strong></span> <span class='ocrx_word' id='word_1_150' title='bbox 3297 731 3455 779; x_wconf 88' lang='lat' dir='ltr'><strong>stans</strong></span> 
     </span>
    </p>
   </div>
   <div class='ocr_carea' id='block_1_23' title="bbox 1866 803 3447 881">
    <p class='ocr_par' dir='ltr' id='par_1_23' title="bbox 1866 803 3447 881">
     <span class='ocr_line' id='line_1_23' title="bbox 1866 803 3447 881; baseline 0.009 -26"><span class='ocrx_word' id='word_1_151' title='bbox 1866 812 2021 859; x_wconf 85' lang='lat' dir='ltr'><strong>extra</strong></span> <span class='ocrx_word' id='word_1_152' title='bbox 2051 803 2195 859; x_wconf 82' lang='lat' dir='ltr'><strong>fores</strong></span> <span class='ocrx_word' id='word_1_153' title='bbox 2224 804 2425 861; x_wconf 89' lang='lat' dir='ltr'><strong>domus</strong></span> <span class='ocrx_word' id='word_1_154' title='bbox 2456 807 2745 872; x_wconf 89' lang='lat' dir='ltr'><strong>orationis,</strong></span> <span class='ocrx_word' id='word_1_155' title='bbox 2790 817 2846 863; x_wconf 92' lang='lat' dir='ltr'><strong>et</strong></span> <span class='ocrx_word' id='word_1_156' title='bbox 2892 811 3260 881; x_wconf 77' lang='lat' dir='ltr'><strong>ingredientes</strong></span> <span class='ocrx_word' id='word_1_157' title='bbox 3310 815 3447 870; x_wconf 83' lang='lat' dir='ltr'><strong>tide-</strong></span> 
     </span>
    </p>
   </div>
   <div class='ocr_carea' id='block_1_24' title="bbox 1868 894 3459 975">
    <p class='ocr_par' dir='ltr' id='par_1_24' title="bbox 1868 894 3459 975">
     <span class='ocr_line' id='line_1_24' title="bbox 1868 894 3459 975; baseline 0.009 -28"><span class='ocrx_word' id='word_1_158' title='bbox 1868 894 1946 948; x_wconf 87' lang='lat' dir='ltr'><strong>les</strong></span> <span class='ocrx_word' id='word_1_159' title='bbox 1970 909 2191 963; x_wconf 79' lang='lat' dir='ltr'><strong>rogans,</strong></span> <span class='ocrx_word' id='word_1_160' title='bbox 2221 904 2279 948; x_wconf 92' lang='lat' dir='ltr'><strong>ut</strong></span> <span class='ocrx_word' id='word_1_161' title='bbox 2309 910 2408 965; x_wconf 91' lang='lat' dir='ltr'><strong>pro</strong></span> <span class='ocrx_word' id='word_1_162' title='bbox 2452 896 2572 966; x_wconf 84' lang='lat' dir='ltr'><strong>ipso</strong></span> <span class='ocrx_word' id='word_1_163' title='bbox 2602 905 2915 967; x_wconf 88' lang='lat' dir='ltr'><strong>precentur,</strong></span> <span class='ocrx_word' id='word_1_164' title='bbox 2949 916 3219 972; x_wconf 87' lang='lat' dir='ltr'><strong>suamque</strong></span> <span class='ocrx_word' id='word_1_165' title='bbox 3248 904 3459 975; x_wconf 57' lang='lat' dir='ltr'><strong>iniqui-</strong></span> 
     </span>
    </p>
   </div>
   <div class='ocr_carea' id='block_1_25' title="bbox 1868 986 3459 1059">
    <p class='ocr_par' dir='ltr' id='par_1_25' title="bbox 1868 986 3459 1059">
     <span class='ocr_line' id='line_1_25' title="bbox 1868 986 3459 1059; baseline 0.008 -18"><span class='ocrx_word' id='word_1_166' title='bbox 1868 997 2031 1042; x_wconf 84' lang='lat' dir='ltr'><strong>tatem</strong></span> <span class='ocrx_word' id='word_1_167' title='bbox 2080 986 2375 1042; x_wconf 79' lang='lat' dir='ltr'><strong>confitens.</strong></span> <span class='ocrx_word' id='word_1_168' title='bbox 2424 986 2557 1044; x_wconf 90' lang='lat' dir='ltr'><strong>Post</strong></span> <span class='ocrx_word' id='word_1_169' title='bbox 2600 999 2837 1059; x_wconf 87' lang='lat' dir='ltr'><strong>quatuor</strong></span> <span class='ocrx_word' id='word_1_170' title='bbox 2864 1002 3046 1047; x_wconf 89' lang='lat' dir='ltr'><strong>autem</strong></span> <span class='ocrx_word' id='word_1_171' title='bbox 3094 1010 3271 1050; x_wconf 89' lang='lat' dir='ltr'><strong>annos</strong></span> <span class='ocrx_word' id='word_1_172' title='bbox 3314 998 3459 1053; x_wconf 90' lang='lat' dir='ltr'><strong>inter</strong></span> 
     </span>
    </p>
   </div>
   <div class='ocr_carea' id='block_1_26' title="bbox 1867 1080 3460 1165">
    <p class='ocr_par' dir='ltr' id='par_1_26' title="bbox 1867 1080 3460 1165">
     <span class='ocr_line' id='line_1_26' title="bbox 1867 1080 3460 1165; baseline 0.012 -32"><span class='ocrx_word' id='word_1_173' title='bbox 1867 1080 2153 1137; x_wconf 87' lang='lat' dir='ltr'><strong>audientes</strong></span> <span class='ocrx_word' id='word_1_174' title='bbox 2197 1082 2520 1151; x_wconf 88' lang='lat' dir='ltr'><strong>recipietur,</strong></span> <span class='ocrx_word' id='word_1_175' title='bbox 2573 1093 2629 1139; x_wconf 89' lang='lat' dir='ltr'><strong>et</strong></span> <span class='ocrx_word' id='word_1_176' title='bbox 2675 1087 2919 1157; x_wconf 90' lang='lat' dir='ltr'><strong>quinque</strong></span> <span class='ocrx_word' id='word_1_177' title='bbox 2961 1091 3123 1145; x_wconf 90' lang='lat' dir='ltr'><strong>annis</strong></span> <span class='ocrx_word' id='word_1_178' title='bbox 3162 1107 3286 1147; x_wconf 82' lang='lat' dir='ltr'><strong>cum</strong></span> <span class='ocrx_word' id='word_1_179' title='bbox 3325 1094 3460 1165; x_wconf 81' lang='lat' dir='ltr'><strong>ipsis</strong></span> 
     </span>
    </p>
   </div>
   <div class='ocr_carea' id='block_1_27' title="bbox 1864 1174 3562 1251">
    <p class='ocr_par' dir='ltr' id='par_1_27' title="bbox 1864 1174 3562 1251">
     <span class='ocr_line' id='line_1_27' title="bbox 1864 1174 3562 1251; baseline 0.01 -25"><span class='ocrx_word' id='word_1_180' title='bbox 1864 1174 2059 1228; x_wconf 83' lang='lat' dir='ltr'><strong>exibit.</strong></span> <span class='ocrx_word' id='word_1_181' title='bbox 2093 1174 2283 1229; x_wconf 89' lang='lat' dir='ltr'><strong>Annos</strong></span> <span class='ocrx_word' id='word_1_182' title='bbox 2320 1183 2526 1244; x_wconf 87' lang='lat' dir='ltr'><strong>septem</strong></span> <span class='ocrx_word' id='word_1_183' title='bbox 2561 1191 2670 1231; x_wconf 90' lang='lat' dir='ltr'><strong>una</strong></span> <span class='ocrx_word' id='word_1_184' title='bbox 2704 1195 2828 1232; x_wconf 85' lang='lat' dir='ltr'><strong>cum</strong></span> <span class='ocrx_word' id='word_1_185' title='bbox 2863 1181 2953 1245; x_wconf 88' lang='lat' dir='ltr'><strong>iis,</strong></span> <span class='ocrx_word' id='word_1_186' title='bbox 2986 1182 3080 1251; x_wconf 88' lang='lat' dir='ltr'><strong>qui</strong></span> <span class='ocrx_word' id='word_1_187' title='bbox 3113 1183 3165 1238; x_wconf 92' lang='lat' dir='ltr'><strong>in</strong></span> <span class='ocrx_word' id='word_1_188' title='bbox 3198 1187 3455 1241; x_wconf 84' lang='lat' dir='ltr'><strong>substra—</strong></span> <span class='ocrx_word' id='word_1_189' title='bbox 3558 1228 3562 1232; x_wconf 88' lang='grc'><strong>-</strong></span> 
     </span>
    </p>
   </div>
   <div class='ocr_carea' id='block_1_28' title="bbox 1869 1266 3461 1342">
    <p class='ocr_par' dir='ltr' id='par_1_28' title="bbox 1869 1266 3461 1342">
     <span class='ocr_line' id='line_1_28' title="bbox 1869 1266 3461 1342; baseline 0.01 -23"><span class='ocrx_word' id='word_1_190' title='bbox 1869 1266 2015 1321; x_wconf 88' lang='lat' dir='ltr'><strong>tione</strong></span> <span class='ocrx_word' id='word_1_191' title='bbox 2047 1275 2197 1331; x_wconf 86' lang='lat' dir='ltr'><strong>sunt,</strong></span> <span class='ocrx_word' id='word_1_192' title='bbox 2233 1281 2404 1323; x_wconf 87' lang='lat' dir='ltr'><strong>orans</strong></span> <span class='ocrx_word' id='word_1_193' title='bbox 2438 1270 2772 1339; x_wconf 76' lang='lat' dir='ltr'><strong>egredietur.</strong></span> <span class='ocrx_word' id='word_1_194' title='bbox 2805 1272 2999 1328; x_wconf 88' lang='lat' dir='ltr'><strong>Annos</strong></span> <span class='ocrx_word' id='word_1_195' title='bbox 3025 1285 3263 1342; x_wconf 86' lang='lat' dir='ltr'><strong>quatuor</strong></span> <span class='ocrx_word' id='word_1_196' title='bbox 3289 1280 3461 1335; x_wconf 84' lang='lat' dir='ltr'><strong>stabit</strong></span> 
     </span>
    </p>
   </div>
   <div class='ocr_carea' id='block_1_29' title="bbox 1867 1358 3461 1439">
    <p class='ocr_par' dir='ltr' id='par_1_29' title="bbox 1867 1358 3461 1439">
     <span class='ocr_line' id='line_1_29' title="bbox 1867 1358 3461 1439; baseline 0.008 -26"><span class='ocrx_word' id='word_1_197' title='bbox 1867 1359 2045 1413; x_wconf 91' lang='lat' dir='ltr'><strong>solum</strong></span> <span class='ocrx_word' id='word_1_198' title='bbox 2079 1375 2202 1413; x_wconf 89' lang='lat' dir='ltr'><strong>cum</strong></span> <span class='ocrx_word' id='word_1_199' title='bbox 2240 1358 2517 1427; x_wconf 86' lang='lat' dir='ltr'><strong>ﬁbelibus,</strong></span> <span class='ocrx_word' id='word_1_200' title='bbox 2552 1364 2646 1417; x_wconf 86' lang='lat' dir='ltr'><strong>sed</strong></span> <span class='ocrx_word' id='word_1_201' title='bbox 2688 1363 2984 1421; x_wconf 82' lang='lat' dir='ltr'><strong>oblationis</strong></span> <span class='ocrx_word' id='word_1_202' title='bbox 3013 1382 3119 1420; x_wconf 91' lang='lat' dir='ltr'><strong>non</strong></span> <span class='ocrx_word' id='word_1_203' title='bbox 3154 1368 3253 1422; x_wconf 91' lang='lat' dir='ltr'><strong>erit</strong></span> <span class='ocrx_word' id='word_1_204' title='bbox 3291 1372 3461 1439; x_wconf 88' lang='lat' dir='ltr'><strong>parti-</strong></span> 
     </span>
    </p>
   </div>
   <div class='ocr_carea' id='block_1_30' title="bbox 1866 1453 3461 1530">
    <p class='ocr_par' dir='ltr' id='par_1_30' title="bbox 1866 1453 3461 1530">
     <span class='ocr_line' id='line_1_30' title="bbox 1866 1453 3461 1530; baseline 0.007 -23"><span class='ocrx_word' id='word_1_205' title='bbox 1866 1467 2017 1523; x_wconf 90' lang='lat' dir='ltr'><strong>ceps.</strong></span> <span class='ocrx_word' id='word_1_206' title='bbox 2057 1453 2154 1509; x_wconf 87' lang='lat' dir='ltr'><strong>[lis</strong></span> <span class='ocrx_word' id='word_1_207' title='bbox 2186 1462 2370 1508; x_wconf 85' lang='lat' dir='ltr'><strong>autem</strong></span> <span class='ocrx_word' id='word_1_208' title='bbox 2414 1456 2650 1526; x_wconf 84' lang='lat' dir='ltr'><strong>expletis</strong></span> <span class='ocrx_word' id='word_1_209' title='bbox 2696 1457 2970 1530; x_wconf 84' lang='lat' dir='ltr'><strong>particeps</strong></span> <span class='ocrx_word' id='word_1_210' title='bbox 3000 1460 3104 1514; x_wconf 91' lang='lat' dir='ltr'><strong>erit</strong></span> <span class='ocrx_word' id='word_1_211' title='bbox 3138 1475 3461 1520; x_wconf 86' lang='lat' dir='ltr'><strong>sacramen-</strong></span> 
     </span>
    </p>
   </div>
   <div class='ocr_carea' id='block_1_31' title="bbox 1867 1554 2073 1599">
    <p class='ocr_par' dir='ltr' id='par_1_31' title="bbox 1867 1554 2073 1599">
     <span class='ocr_line' id='line_1_31' title="bbox 1867 1554 2073 1599; baseline -0.01 0"><span class='ocrx_word' id='word_1_212' title='bbox 1867 1554 2073 1599; x_wconf 91' lang='lat' dir='ltr'><strong>torum.</strong></span> 
     </span>
    </p>
   </div>
   <div class='ocr_carea' id='block_1_32' title="bbox 1938 1636 3459 1715">
    <p class='ocr_par' dir='ltr' id='par_1_32' title="bbox 1938 1636 3459 1715">
     <span class='ocr_line' id='line_1_32' title="bbox 1938 1636 3459 1715; baseline 0.007 -24"><span class='ocrx_word' id='word_1_213' title='bbox 1938 1636 2028 1691; x_wconf 84' lang='lat'><strong>57.</strong></span> <span class='ocrx_word' id='word_1_214' title='bbox 2072 1636 2177 1703; x_wconf 84' lang='lat' dir='ltr'><strong>Qui</strong></span> <span class='ocrx_word' id='word_1_215' title='bbox 2236 1655 2344 1694; x_wconf 93' lang='lat' dir='ltr'><strong>non</strong></span> <span class='ocrx_word' id='word_1_216' title='bbox 2410 1639 2715 1695; x_wconf 78' lang='lat' dir='ltr'><strong>voluntarie</strong></span> <span class='ocrx_word' id='word_1_217' title='bbox 2764 1640 3060 1711; x_wconf 80' lang='lat' dir='ltr'><strong>interfecit,</strong></span> <span class='ocrx_word' id='word_1_218' title='bbox 3112 1660 3210 1715; x_wconf 84' lang='lat' dir='ltr'><strong>per</strong></span> <span class='ocrx_word' id='word_1_219' title='bbox 3269 1646 3459 1702; x_wconf 81' lang='lat' dir='ltr'><strong>decem</strong></span> 
     </span>
    </p>
   </div>
   <div class='ocr_carea' id='block_1_33' title="bbox 172 1726 1738 1808">
    <p class='ocr_par' dir='ltr' id='par_1_33' title="bbox 172 1728 1738 1807">
     <span class='ocr_line' id='line_1_33' title="bbox 172 1728 1738 1807; baseline -0.001 -17"><span class='ocrx_word' id='word_1_220' title='bbox 172 1737 400 1807; x_wconf 86' lang='grc' dir='ltr'>νώνητος</span> <span class='ocrx_word' id='word_1_221' title='bbox 441 1736 600 1792; x_wconf 77' lang='grc' dir='ltr'>ἔσται</span> <span class='ocrx_word' id='word_1_222' title='bbox 624 1736 735 1790; x_wconf 84' lang='grc' dir='ltr'><strong>τῶν</strong></span> <span class='ocrx_word' id='word_1_223' title='bbox 765 1728 1130 1807; x_wconf 84' lang='grc' dir='ltr'>ἁγιασμάτων</span> <span class='ocrx_word' id='word_1_224' title='bbox 1151 1735 1648 1807; x_wconf 78' lang='grc' dir='ltr'>οἰκονομηθήσεται</span> <span class='ocrx_word' id='word_1_225' title='bbox 1700 1735 1738 1788; x_wconf 71' lang='grc' dir='ltr'><strong>δί</strong></span> 
     </span>
    </p>
   </div>
   <div class='ocr_carea' id='block_1_34' title="bbox 1946 1726 3460 1808">
    <p class='ocr_par' dir='ltr' id='par_1_34' title="bbox 1946 1737 3460 1808">
     <span class='ocr_line' id='line_1_34' title="bbox 1946 1737 3460 1808; baseline 0.007 -24"><span class='ocrx_word' id='word_1_226' title='bbox 1946 1745 2037 1785; x_wconf 79' lang='lat' dir='ltr'><strong>nos</strong></span> <span class='ocrx_word' id='word_1_227' title='bbox 2092 1743 2570 1789; x_wconf 81' lang='lat' dir='ltr'><strong>sacramentorum</strong></span> <span class='ocrx_word' id='word_1_228' title='bbox 2641 1749 2747 1789; x_wconf 92' lang='lat' dir='ltr'><strong>non</strong></span> <span class='ocrx_word' id='word_1_229' title='bbox 2802 1737 2906 1790; x_wconf 87' lang='lat' dir='ltr'><strong>erit</strong></span> <span class='ocrx_word' id='word_1_230' title='bbox 2958 1738 3265 1808; x_wconf 88' lang='lat' dir='ltr'><strong>papticeps.</strong></span> <span class='ocrx_word' id='word_1_231' title='bbox 3315 1742 3460 1795; x_wconf 86' lang='lat' dir='ltr'><strong>Anni</strong></span> 
     </span>
    </p>
   </div>
   <div class='ocr_carea' id='block_1_35' title="bbox 168 1826 1759 1899">
    <p class='ocr_par' dir='ltr' id='par_1_35' title="bbox 168 1826 1759 1899">
     <span class='ocr_line' id='line_1_35' title="bbox 168 1826 1759 1899; baseline 0.001 -19"><span class='ocrx_word' id='word_1_232' title='bbox 168 1828 232 1881; x_wconf 82' lang='grc' dir='ltr'>τὰ</span> <span class='ocrx_word' id='word_1_233' title='bbox 260 1828 392 1882; x_wconf 86' lang='grc' dir='ltr'>δέκα</span> <span class='ocrx_word' id='word_1_234' title='bbox 445 1828 545 1899; x_wconf 73' lang='grc' dir='ltr'>ἐτη</span> <span class='ocrx_word' id='word_1_235' title='bbox 578 1826 666 1881; x_wconf 76' lang='grc' dir='ltr'>ἐπ’</span> <span class='ocrx_word' id='word_1_236' title='bbox 712 1827 862 1896; x_wconf 71' lang='grc' dir='ltr'>αὐτῷ</span> <span class='ocrx_word' id='word_1_237' title='bbox 890 1828 1063 1890; x_wconf 75' lang='grc' dir='ltr'>οὕτως</span> <span class='ocrx_word' id='word_1_238' title='bbox 1088 1843 1101 1856; x_wconf 88' lang='grc'>·</span> <span class='ocrx_word' id='word_1_239' title='bbox 1150 1827 1244 1881; x_wconf 87' lang='grc' dir='ltr'><strong>δύο</strong></span> <span class='ocrx_word' id='word_1_240' title='bbox 1294 1828 1394 1898; x_wconf 79' lang='grc' dir='ltr'><strong>μὲν</strong></span> <span class='ocrx_word' id='word_1_241' title='bbox 1433 1827 1529 1898; x_wconf 78' lang='grc' dir='ltr'>ἐτη</span> <span class='ocrx_word' id='word_1_242' title='bbox 1591 1844 1759 1899; x_wconf 75' lang='grc' dir='ltr'>προσ-</span> 
     </span>
    </p>
   </div>
   <div class='ocr_carea' id='block_1_36' title="bbox 168 1921 1757 1993">
    <p class='ocr_par' dir='ltr' id='par_1_36' title="bbox 168 1921 1757 1993">
     <span class='ocr_line' id='line_1_36' title="bbox 168 1921 1757 1993; baseline 0.002 -20"><span class='ocrx_word' id='word_1_243' title='bbox 168 1921 420 1975; x_wconf 87' lang='grc' dir='ltr'>κλαύσει·</span> <span class='ocrx_word' id='word_1_244' title='bbox 458 1922 586 1992; x_wconf 90' lang='grc' dir='ltr'>τρία</span> <span class='ocrx_word' id='word_1_245' title='bbox 629 1922 687 1975; x_wconf 83' lang='grc' dir='ltr'>δὲ</span> <span class='ocrx_word' id='word_1_246' title='bbox 718 1921 815 1991; x_wconf 80' lang='grc' dir='ltr'>ἔτη</span> <span class='ocrx_word' id='word_1_247' title='bbox 846 1922 903 1975; x_wconf 83' lang='grc' dir='ltr'>ὲν</span> <span class='ocrx_word' id='word_1_248' title='bbox 931 1921 1306 1993; x_wconf 80' lang='grc' dir='ltr'>ἀκροωμένοις</span> <span class='ocrx_word' id='word_1_249' title='bbox 1332 1938 1345 1951; x_wconf 88' lang='grc'><strong>·</strong></span> <span class='ocrx_word' id='word_1_250' title='bbox 1377 1921 1435 1975; x_wconf 85' lang='grc' dir='ltr'>ὲν</span> <span class='ocrx_word' id='word_1_251' title='bbox 1464 1922 1757 1992; x_wconf 80' lang='grc' dir='ltr'>τέσσαρσιν</span> 
     </span>
    </p>
   </div>
   <div class='ocr_carea' id='block_1_37' title="bbox 167 2014 1754 2086">
    <p class='ocr_par' dir='ltr' id='par_1_37' title="bbox 167 2014 1754 2086">
     <span class='ocr_line' id='line_1_37' title="bbox 167 2014 1754 2086; baseline 0.001 -19"><span class='ocrx_word' id='word_1_252' title='bbox 167 2014 511 2077; x_wconf 80' lang='grc' dir='ltr'>ὑποπίπτων,</span> <span class='ocrx_word' id='word_1_253' title='bbox 574 2016 670 2068; x_wconf 72' lang='grc' dir='ltr'><strong>καὶ</strong></span> <span class='ocrx_word' id='word_1_254' title='bbox 718 2016 777 2067; x_wconf 78' lang='grc' dir='ltr'>ἐν</span> <span class='ocrx_word' id='word_1_255' title='bbox 825 2014 1059 2085; x_wconf 77' lang='grc' dir='ltr'>ἐνιαυτῴ</span> <span class='ocrx_word' id='word_1_256' title='bbox 1118 2014 1517 2086; x_wconf 85' lang='grc' dir='ltr'>συσταθήσεται,</span> <span class='ocrx_word' id='word_1_257' title='bbox 1572 2015 1754 2085; x_wconf 73' lang='grc' dir='ltr'>μόνον,</span> 
     </span>
    </p>
   </div>
   <div class='ocr_carea' id='block_1_38' title="bbox 172 2105 1263 2179">
    <p class='ocr_par' dir='ltr' id='par_1_38' title="bbox 172 2105 1263 2179">
     <span class='ocr_line' id='line_1_38' title="bbox 172 2105 1263 2179; baseline 0.002 -20"><span class='ocrx_word' id='word_1_258' title='bbox 172 2105 263 2159; x_wconf 76' lang='grc' dir='ltr'><strong>καὶ</strong></span> <span class='ocrx_word' id='word_1_259' title='bbox 300 2106 377 2178; x_wconf 82' lang='grc' dir='ltr'>τῷ</span> <span class='ocrx_word' id='word_1_260' title='bbox 401 2107 531 2178; x_wconf 77' lang='grc' dir='ltr'><strong>ἑξῆς</strong></span> <span class='ocrx_word' id='word_1_261' title='bbox 549 2109 629 2171; x_wconf 80' lang='grc' dir='ltr'><strong>είς</strong></span> <span class='ocrx_word' id='word_1_262' title='bbox 654 2106 725 2161; x_wconf 82' lang='grc' dir='ltr'><strong>τὰ</strong></span> <span class='ocrx_word' id='word_1_263' title='bbox 754 2106 886 2176; x_wconf 74' lang='grc' dir='ltr'>ἅγια</span> <span class='ocrx_word' id='word_1_264' title='bbox 918 2106 1263 2179; x_wconf 86' lang='grc' dir='ltr'>δεχθήσεται.</span> 
     </span>
    </p>
   </div>
   <div class='ocr_carea' id='block_1_39' title="bbox 466 2288 1435 2359">
    <p class='ocr_par' dir='ltr' id='par_1_39' title="bbox 466 2288 1435 2359">
     <span class='ocr_line' id='line_1_39' title="bbox 466 2288 1435 2359; baseline 0.005 -18"><span class='ocrx_word' id='word_1_265' title='bbox 466 2288 798 2359; x_wconf 66' lang='grc' dir='ltr'>Γρηγορίω</span> <span class='ocrx_word' id='word_1_266' title='bbox 826 2288 1086 2358; x_wconf 88' lang='grc' dir='ltr'>Νύσσης</span> <span class='ocrx_word' id='word_1_267' title='bbox 1106 2306 1239 2359; x_wconf 72' lang='lat' dir='ltr'><strong>uago.</strong></span> <span class='ocrx_word' id='word_1_268' title='bbox 1264 2289 1332 2356; x_wconf 79' lang='grc' dir='ltr'>δ’,</span> <span class='ocrx_word' id='word_1_269' title='bbox 1372 2290 1435 2347; x_wconf 91' lang='grc' dir='ltr'><strong>ε’.</strong></span> 
     </span>
    </p>
   </div>
   <div class='ocr_carea' id='block_1_40' title="bbox 234 2379 1656 2457">
    <p class='ocr_par' dir='ltr' id='par_1_40' title="bbox 234 2379 1656 2457">
     <span class='ocr_line' id='line_1_40' title="bbox 234 2379 1656 2457; baseline 0.004 -22"><span class='ocrx_word' id='word_1_270' title='bbox 234 2379 293 2436; x_wconf 89' lang='grc' dir='ltr'><strong>δ’.</strong></span> <span class='ocrx_word' id='word_1_271' title='bbox 328 2382 595 2437; x_wconf 80' lang='grc' dir='ltr'>Λείπεται</span> <span class='ocrx_word' id='word_1_272' title='bbox 618 2385 755 2453; x_wconf 81' lang='grc' dir='ltr'>πρὸς</span> <span class='ocrx_word' id='word_1_273' title='bbox 777 2385 989 2449; x_wconf 86' lang='grc' dir='ltr'>τούτοις</span> <span class='ocrx_word' id='word_1_274' title='bbox 1016 2386 1078 2440; x_wconf 81' lang='grc' dir='ltr'>τὸ</span> <span class='ocrx_word' id='word_1_275' title='bbox 1108 2385 1412 2457; x_wconf 81' lang='grc' dir='ltr'>θυμοειδὲς,</span> <span class='ocrx_word' id='word_1_276' title='bbox 1438 2405 1493 2441; x_wconf 91' lang='grc' dir='ltr'><strong>κ.</strong></span> <span class='ocrx_word' id='word_1_277' title='bbox 1528 2405 1579 2443; x_wconf 89' lang='grc' dir='ltr'><strong>τ.</strong></span> <span class='ocrx_word' id='word_1_278' title='bbox 1606 2387 1656 2441; x_wconf 92' lang='grc' dir='ltr'>λ.</span> 
     </span>
    </p>
   </div>
   <div class='ocr_carea' id='block_1_41' title="bbox 240 2468 1761 2547">
    <p class='ocr_par' dir='ltr' id='par_1_41' title="bbox 240 2468 1761 2547">
     <span class='ocr_line' id='line_1_41' title="bbox 240 2468 1761 2547; baseline 0.007 -25"><span class='ocrx_word' id='word_1_279' title='bbox 240 2468 299 2522; x_wconf 89' lang='grc' dir='ltr'><strong>ε’.</strong></span> <span class='ocrx_word' id='word_1_280' title='bbox 328 2471 388 2524; x_wconf 74' lang='lat' dir='ltr'><strong>Et</strong></span> <span class='ocrx_word' id='word_1_281' title='bbox 406 2471 466 2525; x_wconf 86' lang='grc' dir='ltr'><strong>δέ</strong></span> <span class='ocrx_word' id='word_1_282' title='bbox 495 2490 578 2536; x_wconf 87' lang='grc' dir='ltr'><strong>τις</strong></span> <span class='ocrx_word' id='word_1_283' title='bbox 619 2472 695 2546; x_wconf 77' lang='grc' dir='ltr'>μὴ</span> <span class='ocrx_word' id='word_1_284' title='bbox 736 2472 1033 2545; x_wconf 79' lang='grc' dir='ltr'>πληρώσας</span> <span class='ocrx_word' id='word_1_285' title='bbox 1070 2475 1162 2530; x_wconf 79' lang='grc' dir='ltr'>τὸν</span> <span class='ocrx_word' id='word_1_286' title='bbox 1214 2476 1404 2547; x_wconf 88' lang='grc' dir='ltr'>χρόνον</span> <span class='ocrx_word' id='word_1_287' title='bbox 1436 2477 1528 2531; x_wconf 84' lang='grc' dir='ltr'><strong>τὸν</strong></span> <span class='ocrx_word' id='word_1_288' title='bbox 1553 2480 1617 2532; x_wconf 81' lang='grc' dir='ltr'>ὲκ</span> <span class='ocrx_word' id='word_1_289' title='bbox 1650 2477 1761 2533; x_wconf 85' lang='grc' dir='ltr'>τῶν</span> 
     </span>
    </p>
   </div>
   <div class='ocr_carea' id='block_1_42' title="bbox 172 2563 1762 2639">
    <p class='ocr_par' dir='ltr' id='par_1_42' title="bbox 172 2563 1762 2639">
     <span class='ocr_line' id='line_1_42' title="bbox 172 2563 1762 2639; baseline 0.007 -25"><span class='ocrx_word' id='word_1_290' title='bbox 172 2563 408 2617; x_wconf 83' lang='grc' dir='ltr'>κανόνων</span> <span class='ocrx_word' id='word_1_291' title='bbox 474 2566 859 2636; x_wconf 77' lang='grc' dir='ltr'>ἀφωρισμένον</span> <span class='ocrx_word' id='word_1_292' title='bbox 905 2567 1136 2635; x_wconf 81' lang='grc' dir='ltr'>ὲξοδεύοι</span> <span class='ocrx_word' id='word_1_293' title='bbox 1193 2567 1289 2622; x_wconf 82' lang='grc' dir='ltr'>τοῦ</span> <span class='ocrx_word' id='word_1_294' title='bbox 1352 2568 1493 2639; x_wconf 84' lang='grc' dir='ltr'>βίου,</span> <span class='ocrx_word' id='word_1_295' title='bbox 1548 2571 1762 2626; x_wconf 83' lang='grc' dir='ltr'>κελεύει</span> 
     </span>
    </p>
   </div>
   <div class='ocr_carea' id='block_1_43' title="bbox 174 2656 1761 2733">
    <p class='ocr_par' dir='ltr' id='par_1_43' title="bbox 174 2656 1761 2733">
     <span class='ocr_line' id='line_1_43' title="bbox 174 2656 1761 2733; baseline 0.006 -25"><span class='ocrx_word' id='word_1_296' title='bbox 174 2656 206 2724; x_wconf 86' lang='grc' dir='ltr'>ὴ</span> <span class='ocrx_word' id='word_1_297' title='bbox 231 2656 337 2709; x_wconf 86' lang='grc' dir='ltr'>τῶν</span> <span class='ocrx_word' id='word_1_298' title='bbox 367 2658 634 2728; x_wconf 86' lang='grc' dir='ltr'>Πατέρων</span> <span class='ocrx_word' id='word_1_299' title='bbox 668 2659 1050 2731; x_wconf 68' lang='grc' dir='ltr'>φιλανθρωπία</span> <span class='ocrx_word' id='word_1_300' title='bbox 1091 2661 1435 2732; x_wconf 83' lang='grc' dir='ltr'>μετασχόντα</span> <span class='ocrx_word' id='word_1_301' title='bbox 1461 2663 1570 2717; x_wconf 88' lang='grc' dir='ltr'>τῶν</span> <span class='ocrx_word' id='word_1_302' title='bbox 1600 2666 1761 2733; x_wconf 82' lang='grc' dir='ltr'>ἁγια-</span> 
     </span>
    </p>
   </div>
   <div class='ocr_carea' id='block_1_44' title="bbox 176 2748 1765 2829">
    <p class='ocr_par' dir='ltr' id='par_1_44' title="bbox 176 2748 1765 2829">
     <span class='ocr_line' id='line_1_44' title="bbox 176 2748 1765 2829; baseline 0.009 -31"><span class='ocrx_word' id='word_1_303' title='bbox 176 2748 413 2817; x_wconf 84' lang='grc' dir='ltr'>σμάτων,</span> <span class='ocrx_word' id='word_1_304' title='bbox 460 2749 536 2821; x_wconf 79' lang='grc' dir='ltr'>μὴ</span> <span class='ocrx_word' id='word_1_305' title='bbox 588 2750 746 2806; x_wconf 75' lang='grc' dir='ltr'>κενὸν</span> <span class='ocrx_word' id='word_1_306' title='bbox 801 2750 893 2805; x_wconf 82' lang='grc' dir='ltr'>τοῦ</span> <span class='ocrx_word' id='word_1_307' title='bbox 928 2752 1120 2822; x_wconf 73' lang='grc' dir='ltr'>ἐφόδου</span> <span class='ocrx_word' id='word_1_308' title='bbox 1177 2756 1316 2826; x_wconf 67' lang='grc' dir='ltr'>πίὸς</span> <span class='ocrx_word' id='word_1_309' title='bbox 1370 2757 1469 2826; x_wconf 79' lang='grc' dir='ltr'><strong>τὴν</strong></span> <span class='ocrx_word' id='word_1_310' title='bbox 1528 2759 1765 2829; x_wconf 81' lang='grc' dir='ltr'>ἐσχάτην</span> 
     </span>
    </p>
   </div>
   <div class='ocr_carea' id='block_1_45' title="bbox 175 2837 1765 2917">
    <p class='ocr_par' dir='ltr' id='par_1_45' title="bbox 175 2837 1765 2917">
     <span class='ocr_line' id='line_1_45' title="bbox 175 2837 1765 2917; baseline 0.009 -29"><span class='ocrx_word' id='word_1_311' title='bbox 175 2837 387 2908; x_wconf 77' lang='grc' dir='ltr'>ἐκείνην</span> <span class='ocrx_word' id='word_1_312' title='bbox 413 2838 515 2891; x_wconf 79' lang='grc' dir='ltr'><strong>καὶ</strong></span> <span class='ocrx_word' id='word_1_313' title='bbox 556 2839 778 2912; x_wconf 86' lang='grc' dir='ltr'>μακρὰν</span> <span class='ocrx_word' id='word_1_314' title='bbox 834 2842 1147 2912; x_wconf 80' lang='grc' dir='ltr'>ἀποδημίαν</span> <span class='ocrx_word' id='word_1_315' title='bbox 1178 2846 1565 2917; x_wconf 76' lang='grc' dir='ltr'>ἐκπεμφθῆναι</span> <span class='ocrx_word' id='word_1_316' title='bbox 1591 2864 1604 2876; x_wconf 82' lang='lat'>&#39;</span> <span class='ocrx_word' id='word_1_317' title='bbox 1635 2850 1765 2903; x_wconf 79' lang='grc' dir='ltr'>εἰδὲ</span> 
     </span>
    </p>
   </div>
   <div class='ocr_carea' id='block_1_46' title="bbox 177 2929 1765 3011">
    <p class='ocr_par' dir='ltr' id='par_1_46' title="bbox 177 2929 1765 3011">
     <span class='ocr_line' id='line_1_46' title="bbox 177 2929 1765 3011; baseline 0.009 -30"><span class='ocrx_word' id='word_1_318' title='bbox 177 2929 467 3000; x_wconf 85' lang='grc' dir='ltr'>μετασχὼν</span> <span class='ocrx_word' id='word_1_319' title='bbox 498 2931 593 2984; x_wconf 79' lang='grc' dir='ltr'>τοῦ</span> <span class='ocrx_word' id='word_1_320' title='bbox 620 2933 986 3003; x_wconf 84' lang='grc' dir='ltr'>ἁγιάσματος,</span> <span class='ocrx_word' id='word_1_321' title='bbox 1016 2935 1179 2989; x_wconf 84' lang='grc' dir='ltr'>πάλιν</span> <span class='ocrx_word' id='word_1_322' title='bbox 1210 2938 1290 3001; x_wconf 86' lang='grc' dir='ltr'>εἰς</span> <span class='ocrx_word' id='word_1_323' title='bbox 1324 2942 1423 3010; x_wconf 77' lang='grc' dir='ltr'>τὴν</span> <span class='ocrx_word' id='word_1_324' title='bbox 1459 2937 1607 3011; x_wconf 81' lang='grc' dir='ltr'>ζωὴν</span> <span class='ocrx_word' id='word_1_325' title='bbox 1665 2944 1765 2995; x_wconf 82' lang='grc' dir='ltr'><strong>ἐπ-</strong></span> 
     </span>
    </p>
   </div>
   <div class='ocr_carea' id='block_1_47' title="bbox 1871 1822 3464 1902">
    <p class='ocr_par' dir='ltr' id='par_1_47' title="bbox 1871 1822 3464 1902">
     <span class='ocr_line' id='line_1_47' title="bbox 1871 1822 3464 1902; baseline 0.006 -27"><span class='ocrx_word' id='word_1_326' title='bbox 1871 1832 2052 1876; x_wconf 87' lang='lat' dir='ltr'><strong>aulem</strong></span> <span class='ocrx_word' id='word_1_327' title='bbox 2077 1822 2264 1877; x_wconf 87' lang='lat' dir='ltr'><strong>decem</strong></span> <span class='ocrx_word' id='word_1_328' title='bbox 2300 1824 2382 1879; x_wconf 89' lang='lat' dir='ltr'><strong>sic</strong></span> <span class='ocrx_word' id='word_1_329' title='bbox 2430 1826 2484 1878; x_wconf 93' lang='lat' dir='ltr'><strong>in</strong></span> <span class='ocrx_word' id='word_1_330' title='bbox 2517 1840 2584 1879; x_wconf 93' lang='lat' dir='ltr'><strong>eo</strong></span> <span class='ocrx_word' id='word_1_331' title='bbox 2625 1825 3112 1894; x_wconf 88' lang='lat' dir='ltr'><strong>dispensabuntur.</strong></span> <span class='ocrx_word' id='word_1_332' title='bbox 3165 1828 3312 1886; x_wconf 89' lang='lat' dir='ltr'><strong>Duos</strong></span> <span class='ocrx_word' id='word_1_333' title='bbox 3346 1833 3464 1902; x_wconf 84' lang='lat' dir='ltr'><strong>qni-</strong></span> 
     </span>
    </p>
   </div>
   <div class='ocr_carea' id='block_1_48' title="bbox 1871 1915 3463 1981">
    <p class='ocr_par' dir='ltr' id='par_1_48' title="bbox 1871 1915 3463 1981">
     <span class='ocr_line' id='line_1_48' title="bbox 1871 1915 3463 1981; baseline 0.004 -10"><span class='ocrx_word' id='word_1_334' title='bbox 1871 1916 1993 1971; x_wconf 87' lang='lat' dir='ltr'><strong>dcm</strong></span> <span class='ocrx_word' id='word_1_335' title='bbox 2020 1932 2197 1971; x_wconf 90' lang='lat' dir='ltr'><strong>annos</strong></span> <span class='ocrx_word' id='word_1_336' title='bbox 2222 1915 2395 1981; x_wconf 82' lang='lat' dir='ltr'><strong>ﬂebit,</strong></span> <span class='ocrx_word' id='word_1_337' title='bbox 2430 1926 2541 1972; x_wconf 88' lang='lat' dir='ltr'><strong>tres</strong></span> <span class='ocrx_word' id='word_1_338' title='bbox 2585 1928 2769 1972; x_wconf 89' lang='lat' dir='ltr'><strong>autem</strong></span> <span class='ocrx_word' id='word_1_339' title='bbox 2819 1934 2996 1974; x_wconf 91' lang='lat' dir='ltr'><strong>annos</strong></span> <span class='ocrx_word' id='word_1_340' title='bbox 3041 1920 3183 1973; x_wconf 90' lang='lat' dir='ltr'><strong>inter</strong></span> <span class='ocrx_word' id='word_1_341' title='bbox 3232 1924 3463 1977; x_wconf 81' lang='lat' dir='ltr'><strong>audien-</strong></span> 
     </span>
    </p>
   </div>
   <div class='ocr_carea' id='block_1_49' title="bbox 1874 2010 3464 2082">
    <p class='ocr_par' dir='ltr' id='par_1_49' title="bbox 1874 2010 3464 2082">
     <span class='ocr_line' id='line_1_49' title="bbox 1874 2010 3464 2082; baseline 0.004 -20"><span class='ocrx_word' id='word_1_342' title='bbox 1874 2017 1954 2064; x_wconf 86' lang='lat' dir='ltr'><strong>tes</strong></span> <span class='ocrx_word' id='word_1_343' title='bbox 1982 2010 2377 2079; x_wconf 85' lang='lat' dir='ltr'><strong>perseverabit.</strong></span> <span class='ocrx_word' id='word_1_344' title='bbox 2405 2010 2576 2082; x_wconf 64' lang='grc'><strong>478</strong></span> <span class='ocrx_word' id='word_1_345' title='bbox 2607 2019 2846 2080; x_wconf 87' lang='lat' dir='ltr'><strong>quatuor</strong></span> <span class='ocrx_word' id='word_1_346' title='bbox 2867 2011 3207 2075; x_wconf 80' lang='lat' dir='ltr'><strong>substratus,</strong></span> <span class='ocrx_word' id='word_1_347' title='bbox 3234 2024 3287 2068; x_wconf 86' lang='lat' dir='ltr'><strong>et</strong></span> <span class='ocrx_word' id='word_1_348' title='bbox 3317 2029 3464 2069; x_wconf 89' lang='lat' dir='ltr'><strong>anno</strong></span> 
     </span>
    </p>
   </div>
   <div class='ocr_carea' id='block_1_50' title="bbox 1874 2101 3465 2173">
    <p class='ocr_par' dir='ltr' id='par_1_50' title="bbox 1874 2101 3465 2173">
     <span class='ocr_line' id='line_1_50' title="bbox 1874 2101 3465 2173; baseline 0.006 -18"><span class='ocrx_word' id='word_1_349' title='bbox 1874 2116 1983 2155; x_wconf 92' lang='lat' dir='ltr'><strong>uno</strong></span> <span class='ocrx_word' id='word_1_350' title='bbox 2011 2101 2279 2158; x_wconf 88' lang='lat' dir='ltr'><strong>consistet</strong></span> <span class='ocrx_word' id='word_1_351' title='bbox 2301 2110 2549 2168; x_wconf 89' lang='lat' dir='ltr'><strong>tantum;</strong></span> <span class='ocrx_word' id='word_1_352' title='bbox 2573 2111 2627 2157; x_wconf 90' lang='lat' dir='ltr'><strong>et</strong></span> <span class='ocrx_word' id='word_1_353' title='bbox 2649 2102 2907 2173; x_wconf 88' lang='lat' dir='ltr'><strong>deinceps</strong></span> <span class='ocrx_word' id='word_1_354' title='bbox 2939 2102 3005 2157; x_wconf 87' lang='lat' dir='ltr'><strong>ad</strong></span> <span class='ocrx_word' id='word_1_355' title='bbox 3044 2113 3235 2160; x_wconf 81' lang='lat' dir='ltr'><strong>saneta</strong></span> <span class='ocrx_word' id='word_1_356' title='bbox 3261 2107 3465 2163; x_wconf 88' lang='lat' dir='ltr'><strong>admit-</strong></span> 
     </span>
    </p>
   </div>
   <div class='ocr_carea' id='block_1_51' title="bbox 1871 2202 2033 2250">
    <p class='ocr_par' dir='ltr' id='par_1_51' title="bbox 1871 2202 2033 2250">
     <span class='ocr_line' id='line_1_51' title="bbox 1871 2202 2033 2250; baseline -0.019 -2"><span class='ocrx_word' id='word_1_357' title='bbox 1871 2202 2033 2250; x_wconf 82' lang='lat' dir='ltr'><strong>tetur.</strong></span> 
     </span>
    </p>
   </div>
   <div class='ocr_carea' id='block_1_52' title="bbox 2198 2284 3142 2358">
    <p class='ocr_par' dir='ltr' id='par_1_52' title="bbox 2198 2284 3142 2358">
     <span class='ocr_line' id='line_1_52' title="bbox 2198 2284 3142 2358; baseline 0.004 -19"><span class='ocrx_word' id='word_1_358' title='bbox 2198 2285 2440 2357; x_wconf 78' lang='lat' dir='ltr'><strong>Gregorii</strong></span> <span class='ocrx_word' id='word_1_359' title='bbox 2472 2284 2706 2358; x_wconf 78' lang='lat' dir='ltr'><strong>Ngsseni</strong></span> <span class='ocrx_word' id='word_1_360' title='bbox 2739 2303 2963 2342; x_wconf 78' lang='lat' dir='ltr'><strong>canones</strong></span> <span class='ocrx_word' id='word_1_361' title='bbox 2992 2288 3059 2353; x_wconf 74' lang='grc'>4,</span> <span class='ocrx_word' id='word_1_362' title='bbox 3089 2287 3142 2343; x_wconf 84' lang='grc'>5.</span> 
     </span>
    </p>
   </div>
   <div class='ocr_carea' id='block_1_53' title="bbox 1943 2377 3465 2455">
    <p class='ocr_par' dir='ltr' id='par_1_53' title="bbox 1943 2377 3465 2455">
     <span class='ocr_line' id='line_1_53' title="bbox 1943 2377 3465 2455; baseline 0.005 -21"><span class='ocrx_word' id='word_1_363' title='bbox 1943 2379 1997 2434; x_wconf 64' lang='grc'>4.</span> <span class='ocrx_word' id='word_1_364' title='bbox 2028 2377 2220 2435; x_wconf 83' lang='lat' dir='ltr'><strong>Restat</strong></span> <span class='ocrx_word' id='word_1_365' title='bbox 2248 2383 2314 2434; x_wconf 90' lang='lat' dir='ltr'><strong>ad</strong></span> <span class='ocrx_word' id='word_1_366' title='bbox 2345 2381 2461 2434; x_wconf 74' lang='lat' dir='ltr'><strong>haec</strong></span> <span class='ocrx_word' id='word_1_367' title='bbox 2485 2388 2545 2434; x_wconf 92' lang='lat' dir='ltr'><strong>ut</strong></span> <span class='ocrx_word' id='word_1_368' title='bbox 2571 2380 2919 2445; x_wconf 78' lang='lat' dir='ltr'><strong>irascentem,</strong></span> <span class='ocrx_word' id='word_1_369' title='bbox 2947 2390 3077 2446; x_wconf 88' lang='lat' dir='ltr'><strong>etc.,</strong></span> <span class='ocrx_word' id='word_1_370' title='bbox 3103 2392 3162 2437; x_wconf 91' lang='lat' dir='ltr'><strong>ut</strong></span> <span class='ocrx_word' id='word_1_371' title='bbox 3190 2400 3312 2455; x_wconf 89' lang='lat' dir='ltr'><strong>pag.</strong></span> <span class='ocrx_word' id='word_1_372' title='bbox 3338 2384 3465 2441; x_wconf 83' lang='grc'>810.</span> 
     </span>
    </p>
   </div>
   <div class='ocr_carea' id='block_1_54' title="bbox 1951 2470 3468 2543">
    <p class='ocr_par' dir='ltr' id='par_1_54' title="bbox 1951 2470 3468 2543">
     <span class='ocr_line' id='line_1_54' title="bbox 1951 2470 3468 2543; baseline 0.005 -17"><span class='ocrx_word' id='word_1_373' title='bbox 1951 2471 2003 2526; x_wconf 88' lang='lat'><strong>5.</strong></span> <span class='ocrx_word' id='word_1_374' title='bbox 2032 2470 2087 2525; x_wconf 91' lang='lat' dir='ltr'><strong>Si</strong></span> <span class='ocrx_word' id='word_1_375' title='bbox 2102 2471 2421 2541; x_wconf 89' lang='lat' dir='ltr'><strong>quisautem</strong></span> <span class='ocrx_word' id='word_1_376' title='bbox 2450 2486 2559 2526; x_wconf 91' lang='lat' dir='ltr'><strong>non</strong></span> <span class='ocrx_word' id='word_1_377' title='bbox 2578 2471 2793 2542; x_wconf 81' lang='lat' dir='ltr'><strong>expleto</strong></span> <span class='ocrx_word' id='word_1_378' title='bbox 2829 2482 3072 2543; x_wconf 89' lang='lat' dir='ltr'><strong>tempore</strong></span> <span class='ocrx_word' id='word_1_379' title='bbox 3097 2490 3127 2529; x_wconf 90' lang='lat' dir='ltr'><strong>a</strong></span> <span class='ocrx_word' id='word_1_380' title='bbox 3160 2477 3468 2534; x_wconf 89' lang='lat' dir='ltr'><strong>canonibus</strong></span> 
     </span>
    </p>
   </div>
   <div class='ocr_carea' id='block_1_55' title="bbox 1876 2560 3469 2630">
    <p class='ocr_par' dir='ltr' id='par_1_55' title="bbox 1876 2560 3469 2630">
     <span class='ocr_line' id='line_1_55' title="bbox 1876 2560 3469 2630; baseline 0.005 -16"><span class='ocrx_word' id='word_1_381' title='bbox 1876 2562 2184 2630; x_wconf 61' lang='lat' dir='ltr'><strong>praestituto</strong></span> <span class='ocrx_word' id='word_1_382' title='bbox 2211 2560 2321 2614; x_wconf 90' lang='lat' dir='ltr'><strong>vita</strong></span> <span class='ocrx_word' id='word_1_383' title='bbox 2348 2560 2609 2624; x_wconf 81' lang='lat' dir='ltr'><strong>excedat,</strong></span> <span class='ocrx_word' id='word_1_384' title='bbox 2637 2561 2792 2630; x_wconf 88' lang='lat' dir='ltr'><strong>jubet</strong></span> <span class='ocrx_word' id='word_1_385' title='bbox 2824 2560 3046 2617; x_wconf 90' lang='lat' dir='ltr'><strong>Patrum</strong></span> <span class='ocrx_word' id='word_1_386' title='bbox 3083 2563 3373 2622; x_wconf 87' lang='lat' dir='ltr'><strong>clementia</strong></span> <span class='ocrx_word' id='word_1_387' title='bbox 3409 2578 3469 2622; x_wconf 91' lang='lat' dir='ltr'><strong>ut</strong></span> 
     </span>
    </p>
   </div>
   <div class='ocr_carea' id='block_1_56' title="bbox 1876 2652 3470 2724">
    <p class='ocr_par' dir='ltr' id='par_1_56' title="bbox 1876 2652 3470 2724">
     <span class='ocr_line' id='line_1_56' title="bbox 1876 2652 3470 2724; baseline 0.004 -17"><span class='ocrx_word' id='word_1_388' title='bbox 1876 2652 2102 2708; x_wconf 81' lang='lat' dir='ltr'><strong>cﬂ&#39;ectus</strong></span> <span class='ocrx_word' id='word_1_389' title='bbox 2140 2660 2609 2707; x_wconf 82' lang='lat' dir='ltr'><strong>sacramentorum</strong></span> <span class='ocrx_word' id='word_1_390' title='bbox 2651 2654 2951 2724; x_wconf 61' lang='lat' dir='ltr'><strong>particips,</strong></span> <span class='ocrx_word' id='word_1_391' title='bbox 2984 2669 3092 2709; x_wconf 92' lang='lat' dir='ltr'><strong>non</strong></span> <span class='ocrx_word' id='word_1_392' title='bbox 3135 2656 3335 2712; x_wconf 78' lang='lat' dir='ltr'><strong>viatico</strong></span> <span class='ocrx_word' id='word_1_393' title='bbox 3374 2675 3470 2714; x_wconf 87' lang='lat' dir='ltr'><strong>va-</strong></span> 
     </span>
    </p>
   </div>
   <div class='ocr_carea' id='block_1_57' title="bbox 1878 2745 3467 2819">
    <p class='ocr_par' dir='ltr' id='par_1_57' title="bbox 1878 2745 3467 2819">
     <span class='ocr_line' id='line_1_57' title="bbox 1878 2745 3467 2819; baseline 0.003 -17"><span class='ocrx_word' id='word_1_394' title='bbox 1878 2764 2018 2803; x_wconf 90' lang='lat' dir='ltr'><strong>cuus</strong></span> <span class='ocrx_word' id='word_1_395' title='bbox 2041 2746 2108 2801; x_wconf 88' lang='lat' dir='ltr'><strong>ad</strong></span> <span class='ocrx_word' id='word_1_396' title='bbox 2134 2756 2434 2801; x_wconf 85' lang='lat' dir='ltr'><strong>extremam</strong></span> <span class='ocrx_word' id='word_1_397' title='bbox 2469 2745 2614 2799; x_wconf 87' lang='lat' dir='ltr'><strong>illam</strong></span> <span class='ocrx_word' id='word_1_398' title='bbox 2643 2754 2697 2799; x_wconf 89' lang='lat' dir='ltr'><strong>et</strong></span> <span class='ocrx_word' id='word_1_399' title='bbox 2722 2745 2937 2817; x_wconf 83' lang='lat' dir='ltr'><strong>longam</strong></span> <span class='ocrx_word' id='word_1_400' title='bbox 2970 2750 3467 2819; x_wconf 81' lang='lat' dir='ltr'><strong>peregrinationem</strong></span> 
     </span>
    </p>
   </div>
   <div class='ocr_carea' id='block_1_58' title="bbox 1881 2838 3469 2914">
    <p class='ocr_par' dir='ltr' id='par_1_58' title="bbox 1881 2838 3469 2914">
     <span class='ocr_line' id='line_1_58' title="bbox 1881 2838 3469 2914; baseline 0.002 -20"><span class='ocrx_word' id='word_1_401' title='bbox 1881 2841 2147 2895; x_wconf 89' lang='lat' dir='ltr'><strong>mittatur.</strong></span> <span class='ocrx_word' id='word_1_402' title='bbox 2182 2838 2278 2893; x_wconf 90' lang='lat' dir='ltr'><strong>Sin</strong></span> <span class='ocrx_word' id='word_1_403' title='bbox 2318 2847 2535 2904; x_wconf 87' lang='lat' dir='ltr'><strong>autem,</strong></span> <span class='ocrx_word' id='word_1_404' title='bbox 2597 2847 2889 2909; x_wconf 88' lang='lat' dir='ltr'><strong>postquam</strong></span> <span class='ocrx_word' id='word_1_405' title='bbox 2925 2842 3255 2897; x_wconf 89' lang='lat' dir='ltr'><strong>sacramenti</strong></span> <span class='ocrx_word' id='word_1_406' title='bbox 3291 2846 3469 2914; x_wconf 88' lang='lat' dir='ltr'><strong>parti-</strong></span> 
     </span>
    </p>
   </div>
   <div class='ocr_carea' id='block_1_59' title="bbox 1883 2929 3466 3000">
    <p class='ocr_par' dir='ltr' id='par_1_59' title="bbox 1883 2929 3466 3000">
     <span class='ocr_line' id='line_1_59' title="bbox 1883 2929 3466 3000; baseline 0.005 -15"><span class='ocrx_word' id='word_1_407' title='bbox 1883 2946 2012 3000; x_wconf 86' lang='lat' dir='ltr'><strong>ceps</strong></span> <span class='ocrx_word' id='word_1_408' title='bbox 2050 2930 2226 2986; x_wconf 81' lang='lat' dir='ltr'><strong>factus</strong></span> <span class='ocrx_word' id='word_1_409' title='bbox 2263 2929 2461 2993; x_wconf 80' lang='lat' dir='ltr'><strong>fuerit,</strong></span> <span class='ocrx_word' id='word_1_410' title='bbox 2497 2946 2714 2984; x_wconf 90' lang='lat' dir='ltr'><strong>rursum</strong></span> <span class='ocrx_word' id='word_1_411' title='bbox 2749 2931 2816 2985; x_wconf 89' lang='lat' dir='ltr'><strong>ad</strong></span> <span class='ocrx_word' id='word_1_412' title='bbox 2856 2931 3020 2986; x_wconf 89' lang='lat' dir='ltr'><strong>vitam</strong></span> <span class='ocrx_word' id='word_1_413' title='bbox 3056 2949 3312 2991; x_wconf 80' lang='lat' dir='ltr'><strong>reversus</strong></span> <span class='ocrx_word' id='word_1_414' title='bbox 3346 2937 3419 2992; x_wconf 89' lang='lat' dir='ltr'><strong>sit</strong></span> <span class='ocrx_word' id='word_1_415' title='bbox 3453 2958 3466 2992; x_wconf 91' lang='lat'>:</span> 
     </span>
    </p>
   </div>
   <div class='ocr_carea' id='block_1_60' title="bbox 175 3018 1738 3101">
    <p class='ocr_par' dir='ltr' id='par_1_60' title="bbox 175 3018 1738 3099">
     <span class='ocr_line' id='line_1_60' title="bbox 175 3018 1738 3099; baseline 0.008 -28"><span class='ocrx_word' id='word_1_416' title='bbox 175 3018 405 3085; x_wconf 88' lang='grc' dir='ltr'>ανέλθοι,</span> <span class='ocrx_word' id='word_1_417' title='bbox 454 3021 748 3092; x_wconf 82' lang='grc' dir='ltr'>ἀναμένειν</span> <span class='ocrx_word' id='word_1_418' title='bbox 795 3023 888 3076; x_wconf 85' lang='grc' dir='ltr'><strong>τὸν</strong></span> <span class='ocrx_word' id='word_1_419' title='bbox 926 3026 1261 3096; x_wconf 84' lang='grc' dir='ltr'>τεταγμένον</span> <span class='ocrx_word' id='word_1_420' title='bbox 1307 3028 1518 3099; x_wconf 89' lang='grc' dir='ltr'>χρόνον,</span> <span class='ocrx_word' id='word_1_421' title='bbox 1570 3032 1630 3083; x_wconf 80' lang='grc' dir='ltr'>ἐν</span> <span class='ocrx_word' id='word_1_422' title='bbox 1676 3032 1738 3086; x_wconf 84' lang='grc' dir='ltr'>ὲκ</span> 
     </span>
    </p>
   </div>
   <div class='ocr_carea' id='block_1_61' title="bbox 1946 3018 3469 3101">
    <p class='ocr_par' dir='ltr' id='par_1_61' title="bbox 1946 3024 3469 3095">
     <span class='ocr_line' id='line_1_61' title="bbox 1946 3024 3469 3095; baseline 0.007 -20"><span class='ocrx_word' id='word_1_423' title='bbox 1946 3029 2141 3080; x_wconf 80' lang='grc' dir='ltr'>ιιιιιιιηι</span> <span class='ocrx_word' id='word_1_424' title='bbox 2182 3032 2396 3093; x_wconf 91' lang='lat' dir='ltr'><strong>tempus</strong></span> <span class='ocrx_word' id='word_1_425' title='bbox 2425 3032 2734 3092; x_wconf 82' lang='lat' dir='ltr'><strong>exspectet,</strong></span> <span class='ocrx_word' id='word_1_426' title='bbox 2772 3024 2826 3077; x_wconf 91' lang='lat' dir='ltr'><strong>in</strong></span> <span class='ocrx_word' id='word_1_427' title='bbox 2864 3024 2956 3079; x_wconf 91' lang='lat' dir='ltr'><strong>illo</strong></span> <span class='ocrx_word' id='word_1_428' title='bbox 2990 3028 3160 3095; x_wconf 83' lang='lat' dir='ltr'><strong>gradu</strong></span> <span class='ocrx_word' id='word_1_429' title='bbox 3197 3032 3469 3086; x_wconf 87' lang='lat' dir='ltr'><strong>exsistens</strong></span> 
     </span>
    </p>
   </div>
   <div class='ocr_carea' id='block_1_62' title="bbox 175 3112 1769 3194">
    <p class='ocr_par' dir='ltr' id='par_1_62' title="bbox 175 3112 1769 3194">
     <span class='ocr_line' id='line_1_62' title="bbox 175 3112 1769 3194; baseline 0.009 -28"><span class='ocrx_word' id='word_1_430' title='bbox 175 3113 295 3184; x_wconf 69' lang='grc' dir='ltr'>τίνῳ</span> <span class='ocrx_word' id='word_1_431' title='bbox 325 3114 404 3186; x_wconf 83' lang='grc' dir='ltr'><strong>τῷ</strong></span> <span class='ocrx_word' id='word_1_432' title='bbox 430 3114 630 3187; x_wconf 83' lang='grc' dir='ltr'>βαθμῷ</span> <span class='ocrx_word' id='word_1_433' title='bbox 677 3117 995 3188; x_wconf 85' lang='grc' dir='ltr'>γενόμενον,</span> <span class='ocrx_word' id='word_1_434' title='bbox 1024 3121 1082 3172; x_wconf 83' lang='grc' dir='ltr'>ὲν</span> <span class='ocrx_word' id='word_1_435' title='bbox 1110 3112 1154 3188; x_wconf 82' lang='grc' dir='ltr'>ᾧ</span> <span class='ocrx_word' id='word_1_436' title='bbox 1200 3116 1269 3192; x_wconf 73' lang='grc' dir='ltr'>ἦν</span> <span class='ocrx_word' id='word_1_437' title='bbox 1323 3121 1430 3193; x_wconf 84' lang='grc' dir='ltr'><strong>πρὸ</strong></span> <span class='ocrx_word' id='word_1_438' title='bbox 1480 3123 1582 3194; x_wconf 84' lang='grc' dir='ltr'>τῆς</span> <span class='ocrx_word' id='word_1_439' title='bbox 1626 3126 1769 3181; x_wconf 81' lang='grc' dir='ltr'>κατὰ</span> 
     </span>
    </p>
   </div>
   <div class='ocr_carea' id='block_1_63' title="bbox 174 3205 1228 3280">
    <p class='ocr_par' dir='ltr' id='par_1_63' title="bbox 174 3205 1228 3280">
     <span class='ocr_line' id='line_1_63' title="bbox 174 3205 1228 3280; baseline 0.009 -21"><span class='ocrx_word' id='word_1_440' title='bbox 174 3205 420 3277; x_wconf 83' lang='grc' dir='ltr'>ἀνάγκην</span> <span class='ocrx_word' id='word_1_441' title='bbox 457 3206 605 3279; x_wconf 84' lang='grc' dir='ltr'>αύτῷ</span> <span class='ocrx_word' id='word_1_442' title='bbox 638 3207 889 3280; x_wconf 85' lang='grc' dir='ltr'>δοθείσης</span> <span class='ocrx_word' id='word_1_443' title='bbox 918 3211 1228 3275; x_wconf 84' lang='grc' dir='ltr'>κοινωνίας.</span> 
     </span>
    </p>
   </div>
   <div class='ocr_carea' id='block_1_64' title="bbox 244 3320 1765 3397">
    <p class='ocr_par' dir='ltr' id='par_1_64' title="bbox 244 3320 1765 3397">
     <span class='ocr_line' id='line_1_64' title="bbox 244 3320 1765 3397; baseline 0.007 -24"><span class='ocrx_word' id='word_1_444' title='bbox 244 3320 500 3373; x_wconf 68' lang='grc' dir='ltr'><strong>ΚΕΦΛΛ.</strong></span> <span class='ocrx_word' id='word_1_445' title='bbox 536 3322 610 3374; x_wconf 82' lang='lat' dir='ltr'><strong>A&#39;.</strong></span> <span class='ocrx_word' id='word_1_446' title='bbox 632 3350 703 3359; x_wconf 95' lang='lat'><strong>—</strong></span> <span class='ocrx_word' id='word_1_447' title='bbox 738 3322 880 3391; x_wconf 81' lang='grc' dir='ltr'>Περὶ</span> <span class='ocrx_word' id='word_1_448' title='bbox 916 3322 1024 3377; x_wconf 86' lang='grc' dir='ltr'>τοῦ</span> <span class='ocrx_word' id='word_1_449' title='bbox 1060 3324 1207 3390; x_wconf 82' lang='grc' dir='ltr'>τοὺς</span> <span class='ocrx_word' id='word_1_450' title='bbox 1268 3326 1567 3397; x_wconf 78' lang='grc' dir='ltr'>ἐπιτίμιον</span> <span class='ocrx_word' id='word_1_451' title='bbox 1598 3330 1765 3384; x_wconf 76' lang='grc' dir='ltr'>ἀκοι-</span> 
     </span>
    </p>
   </div>
   <div class='ocr_carea' id='block_1_65' title="bbox 175 3412 1769 3489">
    <p class='ocr_par' dir='ltr' id='par_1_65' title="bbox 175 3412 1769 3489">
     <span class='ocr_line' id='line_1_65' title="bbox 175 3412 1769 3489; baseline 0.009 -26"><span class='ocrx_word' id='word_1_452' title='bbox 175 3413 479 3479; x_wconf 66' lang='grc' dir='ltr'>γιρινησίιις</span> <span class='ocrx_word' id='word_1_453' title='bbox 508 3412 767 3483; x_wconf 77' lang='grc' dir='ltr'>ἔχοντας</span> <span class='ocrx_word' id='word_1_454' title='bbox 796 3414 1064 3483; x_wconf 68' lang='grc' dir='ltr'>ὀφείλειν</span> <span class='ocrx_word' id='word_1_455' title='bbox 1093 3418 1401 3472; x_wconf 81' lang='grc' dir='ltr'>κοινωνεῖν</span> <span class='ocrx_word' id='word_1_456' title='bbox 1421 3422 1769 3489; x_wconf 73' lang='grc' dir='ltr'>μέλλοντας</span> 
     </span>
    </p>
   </div>
   <div class='ocr_carea' id='block_1_66' title="bbox 174 3500 1768 3579">
    <p class='ocr_par' dir='ltr' id='par_1_66' title="bbox 174 3500 1768 3579">
     <span class='ocr_line' id='line_1_66' title="bbox 174 3500 1768 3579; baseline 0.006 -26"><span class='ocrx_word' id='word_1_457' title='bbox 174 3500 466 3571; x_wconf 73' lang='grc' dir='ltr'>τελευτᾷν</span> <span class='ocrx_word' id='word_1_458' title='bbox 486 3520 499 3532; x_wconf 92' lang='grc'><strong>·</strong></span> <span class='ocrx_word' id='word_1_459' title='bbox 524 3503 623 3557; x_wconf 80' lang='grc' dir='ltr'>καὶ</span> <span class='ocrx_word' id='word_1_460' title='bbox 649 3505 709 3556; x_wconf 83' lang='grc' dir='ltr'><strong>τί</strong></span> <span class='ocrx_word' id='word_1_461' title='bbox 736 3505 959 3573; x_wconf 74' lang='grc' dir='ltr'>γίνεται</span> <span class='ocrx_word' id='word_1_462' title='bbox 992 3505 1101 3560; x_wconf 75' lang='grc' dir='ltr'><strong>ἐὰν</strong></span> <span class='ocrx_word' id='word_1_463' title='bbox 1130 3504 1229 3561; x_wconf 77' lang='grc' dir='ltr'>διὰ</span> <span class='ocrx_word' id='word_1_464' title='bbox 1280 3507 1461 3562; x_wconf 84' lang='grc' dir='ltr'>τοῦτο</span> <span class='ocrx_word' id='word_1_465' title='bbox 1502 3512 1768 3579; x_wconf 77' lang='grc' dir='ltr'>μεταλα-</span> 
     </span>
    </p>
   </div>
   <div class='ocr_carea' id='block_1_67' title="bbox 174 3593 981 3665">
    <p class='ocr_par' dir='ltr' id='par_1_67' title="bbox 174 3593 981 3665">
     <span class='ocr_line' id='line_1_67' title="bbox 174 3593 981 3665; baseline 0.005 -19"><span class='ocrx_word' id='word_1_466' title='bbox 174 3593 402 3661; x_wconf 78' lang='grc' dir='ltr'>ϐόντες,</span> <span class='ocrx_word' id='word_1_467' title='bbox 425 3594 516 3665; x_wconf 81' lang='grc' dir='ltr'>μὴ</span> <span class='ocrx_word' id='word_1_468' title='bbox 556 3594 947 3651; x_wconf 76' lang='grc' dir='ltr'>ἀποθάνωσιν</span> <span class='ocrx_word' id='word_1_469' title='bbox 962 3611 981 3660; x_wconf 88' lang='grc'><strong><em>;</em></strong></span> 
     </span>
    </p>
   </div>
   <div class='ocr_carea' id='block_1_68' title="bbox 506 3774 1423 3849">
    <p class='ocr_par' dir='ltr' id='par_1_68' title="bbox 506 3774 1423 3849">
     <span class='ocr_line' id='line_1_68' title="bbox 506 3774 1423 3849; baseline 0.005 -20"><span class='ocrx_word' id='word_1_470' title='bbox 506 3774 779 3830; x_wconf 78' lang='grc' dir='ltr'>Συνόδου</span> <span class='ocrx_word' id='word_1_471' title='bbox 816 3776 1066 3844; x_wconf 82' lang='grc' dir='ltr'>Νικαίας</span> <span class='ocrx_word' id='word_1_472' title='bbox 1098 3777 1302 3833; x_wconf 80' lang='grc' dir='ltr'>κανὼν</span> <span class='ocrx_word' id='word_1_473' title='bbox 1336 3777 1423 3849; x_wconf 90' lang='grc' dir='ltr'>ιγ’.</span> 
     </span>
    </p>
   </div>
   <div class='ocr_carea' id='block_1_69' title="bbox 246 3866 1777 3939">
    <p class='ocr_par' dir='ltr' id='par_1_69' title="bbox 246 3866 1777 3939">
     <span class='ocr_line' id='line_1_69' title="bbox 246 3866 1777 3939; baseline 0.005 -19"><span class='ocrx_word' id='word_1_474' title='bbox 246 3866 336 3937; x_wconf 87' lang='grc' dir='ltr'>ιγ’.</span> <span class='ocrx_word' id='word_1_475' title='bbox 356 3868 501 3939; x_wconf 72' lang='grc' dir='ltr'>Περὶ</span> <span class='ocrx_word' id='word_1_476' title='bbox 531 3868 590 3922; x_wconf 86' lang='grc' dir='ltr'>δὲ</span> <span class='ocrx_word' id='word_1_477' title='bbox 672 3868 783 3921; x_wconf 82' lang='grc' dir='ltr'><strong>τῶν</strong></span> <span class='ocrx_word' id='word_1_478' title='bbox 835 3868 1215 3937; x_wconf 79' lang='grc' dir='ltr'>ἐξοδευόντων,</span> <span class='ocrx_word' id='word_1_479' title='bbox 1273 3873 1304 3925; x_wconf 83' lang='grc' dir='ltr'>ὁ</span> <span class='ocrx_word' id='word_1_480' title='bbox 1378 3872 1607 3937; x_wconf 75' lang='grc' dir='ltr'>παλαιὸς</span> <span class='ocrx_word' id='word_1_481' title='bbox 1681 3875 1777 3927; x_wconf 75' lang='grc' dir='ltr'><strong>καὶ</strong></span> 
     </span>
    </p>
   </div>
   <div class='ocr_carea' id='block_1_70' title="bbox 176 3960 1654 4033">
    <p class='ocr_par' dir='ltr' id='par_1_70' title="bbox 176 3960 1654 4033">
     <span class='ocr_line' id='line_1_70' title="bbox 176 3960 1654 4033; baseline 0.008 -22"><span class='ocrx_word' id='word_1_482' title='bbox 176 3961 461 4025; x_wconf 75' lang='grc' dir='ltr'>κανονικὸς</span> <span class='ocrx_word' id='word_1_483' title='bbox 487 3960 653 4031; x_wconf 89' lang='grc' dir='ltr'>νόμος</span> <span class='ocrx_word' id='word_1_484' title='bbox 692 3961 1105 4033; x_wconf 83' lang='grc' dir='ltr'>φυλαχθήσεται</span> <span class='ocrx_word' id='word_1_485' title='bbox 1147 3965 1244 4018; x_wconf 77' lang='grc' dir='ltr'>καὶ</span> <span class='ocrx_word' id='word_1_486' title='bbox 1266 3963 1386 4031; x_wconf 85' lang='grc' dir='ltr'>νῦν,</span> <span class='ocrx_word' id='word_1_487' title='bbox 1424 3983 1477 4022; x_wconf 92' lang='grc' dir='ltr'><strong>κ.</strong></span> <span class='ocrx_word' id='word_1_488' title='bbox 1514 3984 1566 4022; x_wconf 92' lang='grc' dir='ltr'>τ.</span> <span class='ocrx_word' id='word_1_489' title='bbox 1602 3967 1654 4023; x_wconf 96' lang='grc' dir='ltr'><strong>λ.</strong></span> 
     </span>
    </p>
   </div>
   <div class='ocr_carea' id='block_1_71' title="bbox 494 4054 1373 4127">
    <p class='ocr_par' dir='ltr' id='par_1_71' title="bbox 494 4054 1373 4127">
     <span class='ocr_line' id='line_1_71' title="bbox 494 4054 1373 4127; baseline 0.008 -21"><span class='ocrx_word' id='word_1_490' title='bbox 494 4054 834 4123; x_wconf 79' lang='grc' dir='ltr'>Γρηγορίου</span> <span class='ocrx_word' id='word_1_491' title='bbox 862 4056 1117 4124; x_wconf 86' lang='grc' dir='ltr'>Νύσσης</span> <span class='ocrx_word' id='word_1_492' title='bbox 1150 4074 1286 4127; x_wconf 61' lang='grc' dir='ltr'>κερ.</span> <span class='ocrx_word' id='word_1_493' title='bbox 1311 4056 1373 4113; x_wconf 89' lang='grc' dir='ltr'><strong>ε’.</strong></span> 
     </span>
    </p>
   </div>
   <div class='ocr_carea' id='block_1_72' title="bbox 233 4143 1636 4221">
    <p class='ocr_par' dir='ltr' id='par_1_72' title="bbox 233 4143 1636 4221">
     <span class='ocr_line' id='line_1_72' title="bbox 233 4143 1636 4221; baseline 0.008 -26"><span class='ocrx_word' id='word_1_494' title='bbox 233 4149 294 4195; x_wconf 86' lang='grc' dir='ltr'><strong>ε’.</strong></span> <span class='ocrx_word' id='word_1_495' title='bbox 326 4144 391 4196; x_wconf 77' lang='lat' dir='ltr'><strong>Ei</strong></span> <span class='ocrx_word' id='word_1_496' title='bbox 417 4143 477 4197; x_wconf 86' lang='grc' dir='ltr'><strong>δέ</strong></span> <span class='ocrx_word' id='word_1_497' title='bbox 506 4161 587 4208; x_wconf 86' lang='grc' dir='ltr'><strong>τις</strong></span> <span class='ocrx_word' id='word_1_498' title='bbox 625 4147 701 4216; x_wconf 86' lang='grc' dir='ltr'>μὴ</span> <span class='ocrx_word' id='word_1_499' title='bbox 733 4147 1027 4218; x_wconf 85' lang='grc' dir='ltr'>πληρώσας</span> <span class='ocrx_word' id='word_1_500' title='bbox 1051 4150 1143 4203; x_wconf 80' lang='grc' dir='ltr'><strong>τὸν</strong></span> <span class='ocrx_word' id='word_1_501' title='bbox 1166 4150 1380 4221; x_wconf 86' lang='grc' dir='ltr'>χρόνον,</span> <span class='ocrx_word' id='word_1_502' title='bbox 1408 4169 1462 4205; x_wconf 91' lang='grc' dir='ltr'><strong>κ.</strong></span> <span class='ocrx_word' id='word_1_503' title='bbox 1497 4169 1550 4205; x_wconf 91' lang='grc' dir='ltr'><strong>τ.</strong></span> <span class='ocrx_word' id='word_1_504' title='bbox 1588 4152 1636 4206; x_wconf 86' lang='grc' dir='ltr'><strong>λ.</strong></span> 
     </span>
    </p>
   </div>
   <div class='ocr_carea' id='block_1_73' title="bbox 249 4238 1767 4312">
    <p class='ocr_par' dir='ltr' id='par_1_73' title="bbox 249 4238 1767 4312">
     <span class='ocr_line' id='line_1_73' title="bbox 249 4238 1767 4312; baseline 0.006 -23"><span class='ocrx_word' id='word_1_505' title='bbox 249 4238 510 4291; x_wconf 78' lang='grc' dir='ltr'><strong>ΚΕΦΑΛ.</strong></span> <span class='ocrx_word' id='word_1_506' title='bbox 536 4239 610 4293; x_wconf 84' lang='lat' dir='ltr'><strong>E&#39;.</strong></span> <span class='ocrx_word' id='word_1_507' title='bbox 642 4268 715 4284; x_wconf 67' lang='grc' dir='ltr'>-ν</span> <span class='ocrx_word' id='word_1_508' title='bbox 752 4241 893 4309; x_wconf 76' lang='grc' dir='ltr'>Περὶ</span> <span class='ocrx_word' id='word_1_509' title='bbox 920 4240 1027 4295; x_wconf 84' lang='grc' dir='ltr'>τοῦ</span> <span class='ocrx_word' id='word_1_510' title='bbox 1066 4242 1548 4310; x_wconf 73' lang='grc' dir='ltr'>ὀνειρασθέντος,</span> <span class='ocrx_word' id='word_1_511' title='bbox 1584 4245 1622 4312; x_wconf 81' lang='grc' dir='ltr'>ἢ</span> <span class='ocrx_word' id='word_1_512' title='bbox 1649 4244 1767 4299; x_wconf 82' lang='grc' dir='ltr'><strong>ἀπὸ</strong></span> 
     </span>
    </p>
   </div>
   <div class='ocr_carea' id='block_1_74' title="bbox 174 4330 1771 4404">
    <p class='ocr_par' dir='ltr' id='par_1_74' title="bbox 174 4330 1771 4404">
     <span class='ocr_line' id='line_1_74' title="bbox 174 4330 1771 4404; baseline 0.005 -21"><span class='ocrx_word' id='word_1_513' title='bbox 174 4333 380 4400; x_wconf 82' lang='grc' dir='ltr'>κοίτης</span> <span class='ocrx_word' id='word_1_514' title='bbox 436 4330 548 4401; x_wconf 83' lang='grc' dir='ltr'>τῆς</span> <span class='ocrx_word' id='word_1_515' title='bbox 587 4332 742 4400; x_wconf 83' lang='grc' dir='ltr'>ιδίας</span> <span class='ocrx_word' id='word_1_516' title='bbox 768 4334 1029 4403; x_wconf 78' lang='grc' dir='ltr'>γαμετῆς</span> <span class='ocrx_word' id='word_1_517' title='bbox 1074 4335 1271 4400; x_wconf 77' lang='grc' dir='ltr'>ὄντος,</span> <span class='ocrx_word' id='word_1_518' title='bbox 1337 4337 1438 4390; x_wconf 75' lang='grc' dir='ltr'>καὶ</span> <span class='ocrx_word' id='word_1_519' title='bbox 1484 4335 1771 4404; x_wconf 78' lang='grc' dir='ltr'>θέλοντος</span> 
     </span>
    </p>
   </div>
   <div class='ocr_carea' id='block_1_75' title="bbox 174 4426 1770 4499">
    <p class='ocr_par' dir='ltr' id='par_1_75' title="bbox 174 4426 1770 4499">
     <span class='ocr_line' id='line_1_75' title="bbox 174 4426 1770 4499; baseline 0.004 -22"><span class='ocrx_word' id='word_1_520' title='bbox 174 4426 546 4495; x_wconf 81' lang='grc' dir='ltr'>κοινωνῆσαι</span> <span class='ocrx_word' id='word_1_521' title='bbox 567 4444 580 4458; x_wconf 76' lang='grc' dir='ltr'><strong>ο</strong></span> <span class='ocrx_word' id='word_1_522' title='bbox 614 4428 713 4482; x_wconf 81' lang='grc' dir='ltr'>καὶ</span> <span class='ocrx_word' id='word_1_523' title='bbox 746 4429 926 4493; x_wconf 83' lang='grc' dir='ltr'>ποίας</span> <span class='ocrx_word' id='word_1_524' title='bbox 957 4427 1178 4498; x_wconf 78' lang='grc' dir='ltr'>ἡμέρας</span> <span class='ocrx_word' id='word_1_525' title='bbox 1203 4427 1300 4482; x_wconf 80' lang='grc' dir='ltr'>δεῖ</span> <span class='ocrx_word' id='word_1_526' title='bbox 1322 4428 1435 4499; x_wconf 85' lang='grc' dir='ltr'>τῆς</span> <span class='ocrx_word' id='word_1_527' title='bbox 1460 4431 1611 4499; x_wconf 84' lang='grc' dir='ltr'>πρὸς</span> <span class='ocrx_word' id='word_1_528' title='bbox 1660 4430 1770 4484; x_wconf 77' lang='grc' dir='ltr'><strong>ἁλ-</strong></span> 
     </span>
    </p>
   </div>
   <div class='ocr_carea' id='block_1_76' title="bbox 173 4518 1379 4590">
    <p class='ocr_par' dir='ltr' id='par_1_76' title="bbox 173 4518 1379 4590">
     <span class='ocr_line' id='line_1_76' title="bbox 173 4518 1379 4590; baseline 0.002 -19"><span class='ocrx_word' id='word_1_529' title='bbox 173 4518 412 4587; x_wconf 75' lang='grc' dir='ltr'>λήλους</span> <span class='ocrx_word' id='word_1_530' title='bbox 431 4519 657 4590; x_wconf 74' lang='grc' dir='ltr'>μίξεως</span> <span class='ocrx_word' id='word_1_531' title='bbox 685 4520 783 4576; x_wconf 85' lang='grc' dir='ltr'>διὰ</span> <span class='ocrx_word' id='word_1_532' title='bbox 808 4521 986 4575; x_wconf 83' lang='grc' dir='ltr'>τοῦτο</span> <span class='ocrx_word' id='word_1_533' title='bbox 1025 4521 1379 4590; x_wconf 81' lang='grc' dir='ltr'>ἀπέχεσθαι.</span> 
     </span>
    </p>
   </div>
   <div class='ocr_carea' id='block_1_77' title="bbox 174 4612 1772 4737">
    <p class='ocr_par' dir='ltr' id='par_1_77' title="bbox 174 4612 1772 4737">
     <span class='ocr_line' id='line_1_77' title="bbox 174 4612 1772 4737; baseline -0.011 -74"><span class='ocrx_word' id='word_1_534' title='bbox 174 4613 504 4667; x_wconf 76' lang='grc' dir='ltr'>Διονυσίου</span> <span class='ocrx_word' id='word_1_535' title='bbox 538 4612 606 4666; x_wconf 77' lang='grc' dir='ltr'>ἐκ</span> <span class='ocrx_word' id='word_1_536' title='bbox 638 4613 752 4681; x_wconf 79' lang='grc' dir='ltr'>τῆς</span> <span class='ocrx_word' id='word_1_537' title='bbox 799 4613 953 4680; x_wconf 81' lang='grc' dir='ltr'>πρὸς</span> <span class='ocrx_word' id='word_1_538' title='bbox 1008 4613 1382 4737; x_wconf 45' lang='lat' dir='ltr'><strong>ﬁngo-1.1816111»</strong></span> <span class='ocrx_word' id='word_1_539' title='bbox 1439 4613 1772 4682; x_wconf 67' lang='grc' dir='ltr'>ἐπιστολῆς</span> 
     </span>
     <span class='ocr_line' id='line_1_78' title="bbox 820 4700 1135 4737; baseline 0 0"><span class='ocrx_word' id='word_1_540' title='bbox 820 4700 955 4737; x_wconf 71' lang='lat' dir='ltr'><strong>xw.</strong></span> <span class='ocrx_word' id='word_1_541' title='bbox 988 4705 1058 4737; x_wconf 71' lang='grc' dir='ltr'><strong>γ.</strong></span> <span class='ocrx_word' id='word_1_542' title='bbox 1122 4724 1135 4737; x_wconf 96' lang='grc'><strong>.</strong></span> 
     </span>
    </p>
   </div>
   <div class='ocr_carea' id='block_1_78' title="bbox 820 4700 1135 4754">
    <p class='ocr_par' dir='ltr' id='par_1_78' title="bbox 820 4700 1135 4754">
     <span class='ocr_line' id='line_1_79' title="bbox 820 4700 1135 4754; baseline 0 -17"><span class='ocrx_word' id='word_1_543' title='bbox 820 4700 955 4753; x_wconf 71' lang='grc' dir='ltr'>κεφ.</span> <span class='ocrx_word' id='word_1_544' title='bbox 988 4700 1135 4754; x_wconf 56' lang='grc' dir='ltr'>γ,ο⁷.</span> 
     </span>
    </p>
   </div>
   <div class='ocr_carea' id='block_1_79' title="bbox 234 4776 1519 4850">
    <p class='ocr_par' dir='ltr' id='par_1_79' title="bbox 234 4776 1519 4850">
     <span class='ocr_line' id='line_1_80' title="bbox 234 4776 1519 4850; baseline 0.003 -21"><span class='ocrx_word' id='word_1_545' title='bbox 234 4777 551 4846; x_wconf 77' lang='grc' dir='ltr'>Αύτὰρκεις</span> <span class='ocrx_word' id='word_1_546' title='bbox 582 4777 640 4830; x_wconf 82' lang='grc' dir='ltr'>δὲ</span> <span class='ocrx_word' id='word_1_547' title='bbox 667 4776 763 4831; x_wconf 70' lang='grc' dir='ltr'><strong>καὶ</strong></span> <span class='ocrx_word' id='word_1_548' title='bbox 783 4780 832 4830; x_wconf 85' lang='grc' dir='ltr'>οἱ</span> <span class='ocrx_word' id='word_1_549' title='bbox 865 4778 1270 4850; x_wconf 74' lang='grc' dir='ltr'>γεγαμηκότες,</span> <span class='ocrx_word' id='word_1_550' title='bbox 1307 4796 1360 4832; x_wconf 91' lang='grc' dir='ltr'><strong>κ.</strong></span> <span class='ocrx_word' id='word_1_551' title='bbox 1389 4796 1437 4833; x_wconf 93' lang='grc' dir='ltr'><strong>τ.</strong></span> <span class='ocrx_word' id='word_1_552' title='bbox 1471 4779 1519 4833; x_wconf 93' lang='grc' dir='ltr'><strong>λ.</strong></span> 
     </span>
    </p>
   </div>
   <div class='ocr_carea' id='block_1_80' title="bbox 240 4953 1767 5033">
    <p class='ocr_par' dir='ltr' id='par_1_80' title="bbox 240 4953 1767 5033">
     <span class='ocr_line' id='line_1_81' title="bbox 240 4953 1767 5033; baseline 0.007 -26"><span class='ocrx_word' id='word_1_553' title='bbox 240 4953 302 5007; x_wconf 87' lang='grc' dir='ltr'>δ’.</span> <span class='ocrx_word' id='word_1_554' title='bbox 343 4955 409 5007; x_wconf 72' lang='lat' dir='ltr'><strong>Ui</strong></span> <span class='ocrx_word' id='word_1_555' title='bbox 436 4953 491 5008; x_wconf 80' lang='grc' dir='ltr'>δὲ</span> <span class='ocrx_word' id='word_1_556' title='bbox 521 4953 581 5007; x_wconf 85' lang='grc' dir='ltr'>ὲν</span> <span class='ocrx_word' id='word_1_557' title='bbox 611 4955 965 5028; x_wconf 83' lang='grc' dir='ltr'>ἀπροαιρέτῳ</span> <span class='ocrx_word' id='word_1_558' title='bbox 1003 4964 1297 5032; x_wconf 83' lang='grc' dir='ltr'>νυκτερινῇ</span> <span class='ocrx_word' id='word_1_559' title='bbox 1334 4961 1512 5033; x_wconf 76' lang='grc' dir='ltr'>ῥύσει,</span> <span class='ocrx_word' id='word_1_560' title='bbox 1548 4982 1600 5017; x_wconf 88' lang='grc' dir='ltr'><strong>κ.</strong></span> <span class='ocrx_word' id='word_1_561' title='bbox 1635 4980 1686 5019; x_wconf 87' lang='grc' dir='ltr'><strong>τ.</strong></span> <span class='ocrx_word' id='word_1_562' title='bbox 1717 4964 1767 5018; x_wconf 85' lang='grc' dir='ltr'><strong>λ.</strong></span> 
     </span>
    </p>
   </div>
   <div class='ocr_carea' id='block_1_81' title="bbox 541 5130 1408 5207">
    <p class='ocr_par' dir='ltr' id='par_1_81' title="bbox 541 5130 1408 5207">
     <span class='ocr_line' id='line_1_82' title="bbox 541 5130 1408 5207; baseline 0.009 -24"><span class='ocrx_word' id='word_1_563' title='bbox 541 5130 829 5201; x_wconf 79' lang='grc' dir='ltr'>Τιμοθέου</span> <span class='ocrx_word' id='word_1_564' title='bbox 862 5134 1067 5187; x_wconf 77' lang='grc' dir='ltr'>κανὼν</span> <span class='ocrx_word' id='word_1_565' title='bbox 1099 5132 1163 5199; x_wconf 85' lang='grc' dir='ltr'><strong>ε’,</strong></span> <span class='ocrx_word' id='word_1_566' title='bbox 1197 5134 1286 5205; x_wconf 77' lang='grc' dir='ltr'>ιβ’,</span> <span class='ocrx_word' id='word_1_567' title='bbox 1320 5138 1408 5207; x_wconf 91' lang='grc' dir='ltr'>ιγ’.</span> 
     </span>
    </p>
   </div>
   <div class='ocr_carea' id='block_1_82' title="bbox 236 5220 1658 5303">
    <p class='ocr_par' dir='ltr' id='par_1_82' title="bbox 236 5220 1658 5303">
     <span class='ocr_line' id='line_1_83' title="bbox 236 5220 1658 5303; baseline 0.008 -28"><span class='ocrx_word' id='word_1_568' title='bbox 236 5220 297 5275; x_wconf 89' lang='grc' dir='ltr'>ε’.</span> <span class='ocrx_word' id='word_1_569' title='bbox 339 5221 678 5292; x_wconf 81' lang='grc' dir='ltr'>Ἐρώτησις.</span> <span class='ocrx_word' id='word_1_570' title='bbox 724 5226 851 5279; x_wconf 68' lang='grc' dir='ltr'>Ἐὰν</span> <span class='ocrx_word' id='word_1_571' title='bbox 880 5227 1019 5298; x_wconf 84' lang='grc' dir='ltr'>γυνὴ</span> <span class='ocrx_word' id='word_1_572' title='bbox 1055 5232 1411 5303; x_wconf 73' lang='grc' dir='ltr'>συγγένηται,</span> <span class='ocrx_word' id='word_1_573' title='bbox 1443 5250 1497 5284; x_wconf 84' lang='grc' dir='ltr'><strong>κ.</strong></span> <span class='ocrx_word' id='word_1_574' title='bbox 1522 5250 1571 5287; x_wconf 90' lang='grc' dir='ltr'><strong>τ.</strong></span> <span class='ocrx_word' id='word_1_575' title='bbox 1610 5233 1658 5287; x_wconf 82' lang='grc' dir='ltr'><strong>λ.</strong></span> 
     </span>
    </p>
   </div>
   <div class='ocr_carea' id='block_1_83' title="bbox 253 5401 1770 5481">
    <p class='ocr_par' dir='ltr' id='par_1_83' title="bbox 253 5401 1770 5481">
     <span class='ocr_line' id='line_1_84' title="bbox 253 5401 1770 5481; baseline 0.007 -25"><span class='ocrx_word' id='word_1_576' title='bbox 253 5401 343 5474; x_wconf 83' lang='grc' dir='ltr'>ιβ’.</span> <span class='ocrx_word' id='word_1_577' title='bbox 398 5403 733 5475; x_wconf 78' lang='grc' dir='ltr'>Ἐρώτησις.</span> <span class='ocrx_word' id='word_1_578' title='bbox 780 5407 907 5462; x_wconf 76' lang='grc' dir='ltr'><strong>Ἐὰν</strong></span> <span class='ocrx_word' id='word_1_579' title='bbox 944 5410 1281 5481; x_wconf 74' lang='grc' dir='ltr'>ὀνειρασθεὶς</span> <span class='ocrx_word' id='word_1_580' title='bbox 1323 5411 1533 5476; x_wconf 74' lang='grc' dir='ltr'>λαῖκδς,</span> <span class='ocrx_word' id='word_1_581' title='bbox 1562 5429 1614 5465; x_wconf 90' lang='grc' dir='ltr'><strong>κ.</strong></span> <span class='ocrx_word' id='word_1_582' title='bbox 1642 5431 1690 5468; x_wconf 89' lang='grc' dir='ltr'><strong>τ.</strong></span> <span class='ocrx_word' id='word_1_583' title='bbox 1724 5416 1770 5467; x_wconf 82' lang='grc' dir='ltr'><strong>λ.</strong></span> 
     </span>
    </p>
   </div>
   <div class='ocr_carea' id='block_1_84' title="bbox 255 5582 1773 5664">
    <p class='ocr_par' dir='ltr' id='par_1_84' title="bbox 255 5582 1773 5664">
     <span class='ocr_line' id='line_1_85' title="bbox 255 5582 1773 5664; baseline 0.001 -22"><span class='ocrx_word' id='word_1_584' title='bbox 255 5582 345 5652; x_wconf 82' lang='grc' dir='ltr'>ιγ’.</span> <span class='ocrx_word' id='word_1_585' title='bbox 393 5584 733 5657; x_wconf 84' lang='grc' dir='ltr'>Ἐρώτησις.</span> <span class='ocrx_word' id='word_1_586' title='bbox 808 5591 933 5657; x_wconf 88' lang='grc' dir='ltr'>Τοῖς</span> <span class='ocrx_word' id='word_1_587' title='bbox 1003 5590 1391 5664; x_wconf 79' lang='grc' dir='ltr'>ζευγνυμένοις</span> <span class='ocrx_word' id='word_1_588' title='bbox 1461 5592 1540 5657; x_wconf 83' lang='grc' dir='ltr'><strong>είς</strong></span> <span class='ocrx_word' id='word_1_589' title='bbox 1592 5593 1773 5664; x_wconf 82' lang='grc' dir='ltr'>γάμου</span> 
     </span>
    </p>
   </div>
   <div class='ocr_carea' id='block_1_85' title="bbox 182 5679 755 5747">
    <p class='ocr_par' dir='ltr' id='par_1_85' title="bbox 182 5679 755 5747">
     <span class='ocr_line' id='line_1_86' title="bbox 182 5679 755 5747; baseline 0.016 -18"><span class='ocrx_word' id='word_1_590' title='bbox 182 5679 494 5747; x_wconf 72' lang='grc' dir='ltr'>κοινωνίαν,</span> <span class='ocrx_word' id='word_1_591' title='bbox 528 5700 581 5737; x_wconf 89' lang='grc' dir='ltr'><strong>κ.</strong></span> <span class='ocrx_word' id='word_1_592' title='bbox 614 5702 662 5738; x_wconf 89' lang='grc' dir='ltr'><strong>τ.</strong></span> <span class='ocrx_word' id='word_1_593' title='bbox 708 5684 755 5738; x_wconf 83' lang='grc' dir='ltr'><strong>λ.</strong></span> 
     </span>
    </p>
   </div>
   <div class='ocr_carea' id='block_1_86' title="bbox 950 5783 1276 5791">
    <p class='ocr_par' dir='ltr' id='par_1_86' title="bbox 950 5783 1276 5791">
     <span class='ocr_line' id='line_1_87' title="bbox 950 5783 1276 5791; baseline 0 -1"><span class='ocrx_word' id='word_1_594' title='bbox 950 5783 1276 5791; x_wconf 37' lang='grc' dir='ltr'><strong>“ν.-η.-,,..με</strong></span> 
     </span>
    </p>
   </div>
   <div class='ocr_carea' id='block_1_87' title="bbox 1875 3115 3469 3185">
    <p class='ocr_par' dir='ltr' id='par_1_87' title="bbox 1875 3115 3469 3185">
     <span class='ocr_line' id='line_1_88' title="bbox 1875 3115 3469 3185; baseline 0.007 -16"><span class='ocrx_word' id='word_1_595' title='bbox 1875 3115 1929 3169; x_wconf 92' lang='lat' dir='ltr'><strong>in</strong></span> <span class='ocrx_word' id='word_1_596' title='bbox 1964 3130 2077 3185; x_wconf 88' lang='lat' dir='ltr'><strong>quo</strong></span> <span class='ocrx_word' id='word_1_597' title='bbox 2115 3123 2233 3170; x_wconf 87' lang='lat' dir='ltr'><strong>erat</strong></span> <span class='ocrx_word' id='word_1_598' title='bbox 2267 3125 2395 3170; x_wconf 86' lang='lat' dir='ltr'><strong>ante</strong></span> <span class='ocrx_word' id='word_1_599' title='bbox 2431 3118 2876 3172; x_wconf 85' lang='lat' dir='ltr'><strong>communionem</strong></span> <span class='ocrx_word' id='word_1_600' title='bbox 2920 3119 2997 3173; x_wconf 90' lang='lat' dir='ltr'><strong>illi</strong></span> <span class='ocrx_word' id='word_1_601' title='bbox 3035 3134 3100 3175; x_wconf 83' lang='lat' dir='ltr'><strong>ex</strong></span> <span class='ocrx_word' id='word_1_602' title='bbox 3144 3124 3469 3180; x_wconf 85' lang='lat' dir='ltr'><strong>necessitate</strong></span> 
     </span>
    </p>
   </div>
   <div class='ocr_carea' id='block_1_88' title="bbox 1873 3206 2080 3262">
    <p class='ocr_par' dir='ltr' id='par_1_88' title="bbox 1873 3206 2080 3262">
     <span class='ocr_line' id='line_1_89' title="bbox 1873 3206 2080 3262; baseline 0.01 -2"><span class='ocrx_word' id='word_1_603' title='bbox 1873 3206 2080 3262; x_wconf 91' lang='lat' dir='ltr'><strong>datam.</strong></span> 
     </span>
    </p>
   </div>
   <div class='ocr_carea' id='block_1_89' title="bbox 1949 3314 3469 3399">
    <p class='ocr_par' dir='ltr' id='par_1_89' title="bbox 1949 3314 3469 3399">
     <span class='ocr_line' id='line_1_90' title="bbox 1949 3314 3469 3399; baseline 0.007 -24"><span class='ocrx_word' id='word_1_604' title='bbox 1949 3319 2103 3375; x_wconf 81' lang='lat' dir='ltr'><strong>CAP.</strong></span> <span class='ocrx_word' id='word_1_605' title='bbox 2147 3318 2235 3374; x_wconf 73' lang='lat' dir='ltr'><strong>IV.</strong></span> <span class='ocrx_word' id='word_1_606' title='bbox 2263 3351 2333 3364; x_wconf 91' lang='lat'><strong><em>—</em></strong></span> <span class='ocrx_word' id='word_1_607' title='bbox 2355 3323 2508 3389; x_wconf 82' lang='lat' dir='ltr'><strong>Quod</strong></span> <span class='ocrx_word' id='word_1_608' title='bbox 2539 3314 2577 3376; x_wconf 84' lang='lat' dir='ltr'><strong>ii</strong></span> <span class='ocrx_word' id='word_1_609' title='bbox 2603 3324 2693 3394; x_wconf 89' lang='lat' dir='ltr'><strong>qui</strong></span> <span class='ocrx_word' id='word_1_610' title='bbox 2719 3328 3282 3383; x_wconf 75' lang='lat' dir='ltr'><strong>excommunicationis</strong></span> <span class='ocrx_word' id='word_1_611' title='bbox 3316 3347 3469 3399; x_wconf 77' lang='lat' dir='ltr'><strong>pcena</strong></span> 
     </span>
    </p>
   </div>
   <div class='ocr_carea' id='block_1_90' title="bbox 1876 3411 3469 3480">
    <p class='ocr_par' dir='ltr' id='par_1_90' title="bbox 1876 3411 3469 3480">
     <span class='ocr_line' id='line_1_91' title="bbox 1876 3411 3469 3480; baseline 0.009 -17"><span class='ocrx_word' id='word_1_612' title='bbox 1876 3411 2093 3467; x_wconf 83' lang='lat' dir='ltr'><strong>multati</strong></span> <span class='ocrx_word' id='word_1_613' title='bbox 2120 3425 2264 3480; x_wconf 84' lang='lat' dir='ltr'><strong>sunt,</strong></span> <span class='ocrx_word' id='word_1_614' title='bbox 2298 3416 2352 3469; x_wconf 88' lang='lat' dir='ltr'><strong>in</strong></span> <span class='ocrx_word' id='word_1_615' title='bbox 2385 3417 2571 3470; x_wconf 74' lang='lat' dir='ltr'><strong>mortis</strong></span> <span class='ocrx_word' id='word_1_616' title='bbox 2619 3418 2847 3471; x_wconf 87' lang='lat' dir='ltr'><strong>articulo</strong></span> <span class='ocrx_word' id='word_1_617' title='bbox 2882 3428 3059 3474; x_wconf 85' lang='lat' dir='ltr'><strong>tamen</strong></span> <span class='ocrx_word' id='word_1_618' title='bbox 3093 3422 3279 3475; x_wconf 84' lang='lat' dir='ltr'><strong>debent</strong></span> <span class='ocrx_word' id='word_1_619' title='bbox 3322 3439 3469 3477; x_wconf 81' lang='lat' dir='ltr'><strong>cam-</strong></span> 
     </span>
    </p>
   </div>
   <div class='ocr_carea' id='block_1_91' title="bbox 1877 3507 3469 3578">
    <p class='ocr_par' dir='ltr' id='par_1_91' title="bbox 1877 3507 3469 3578">
     <span class='ocr_line' id='line_1_92' title="bbox 1877 3507 3469 3578; baseline 0.006 -20"><span class='ocrx_word' id='word_1_620' title='bbox 1877 3507 2168 3561; x_wconf 88' lang='lat' dir='ltr'><strong>municare.</strong></span> <span class='ocrx_word' id='word_1_621' title='bbox 2216 3508 2357 3574; x_wconf 79' lang='lat' dir='ltr'><strong>Quid</strong></span> <span class='ocrx_word' id='word_1_622' title='bbox 2410 3525 2527 3562; x_wconf 86' lang='lat' dir='ltr'><strong>vero</strong></span> <span class='ocrx_word' id='word_1_623' title='bbox 2584 3510 2650 3562; x_wconf 84' lang='lat' dir='ltr'><strong>iis</strong></span> <span class='ocrx_word' id='word_1_624' title='bbox 2715 3510 3037 3578; x_wconf 82' lang='lat' dir='ltr'><strong>faciendum,</strong></span> <span class='ocrx_word' id='word_1_625' title='bbox 3111 3516 3158 3567; x_wconf 90' lang='lat' dir='ltr'><strong>si</strong></span> <span class='ocrx_word' id='word_1_626' title='bbox 3229 3514 3291 3569; x_wconf 89' lang='lat' dir='ltr'><strong>ob</strong></span> <span class='ocrx_word' id='word_1_627' title='bbox 3351 3530 3469 3569; x_wconf 86' lang='lat' dir='ltr'><strong>eam</strong></span> 
     </span>
    </p>
   </div>
   <div class='ocr_carea' id='block_1_92' title="bbox 1874 3600 3469 3675">
    <p class='ocr_par' dir='ltr' id='par_1_92' title="bbox 1874 3600 3469 3675">
     <span class='ocr_line' id='line_1_93' title="bbox 1874 3600 3469 3675; baseline 0.006 -22"><span class='ocrx_word' id='word_1_628' title='bbox 1874 3617 2095 3654; x_wconf 80' lang='lat' dir='ltr'><strong>causam</strong></span> <span class='ocrx_word' id='word_1_629' title='bbox 2144 3600 2213 3654; x_wconf 89' lang='lat' dir='ltr'><strong>ad</strong></span> <span class='ocrx_word' id='word_1_630' title='bbox 2263 3602 2685 3657; x_wconf 85' lang='lat' dir='ltr'><strong>communionem</strong></span> <span class='ocrx_word' id='word_1_631' title='bbox 2738 3606 2984 3669; x_wconf 77' lang='lat' dir='ltr'><strong>admissi,</strong></span> <span class='ocrx_word' id='word_1_632' title='bbox 3044 3616 3230 3675; x_wconf 85' lang='lat' dir='ltr'><strong>postea</strong></span> <span class='ocrx_word' id='word_1_633' title='bbox 3279 3625 3469 3663; x_wconf 88' lang='lat' dir='ltr'><strong>conva-</strong></span> 
     </span>
    </p>
   </div>
   <div class='ocr_carea' id='block_1_93' title="bbox 1876 3692 2114 3747">
    <p class='ocr_par' dir='ltr' id='par_1_93' title="bbox 1876 3692 2114 3747">
     <span class='ocr_line' id='line_1_94' title="bbox 1876 3692 2114 3747; baseline -0.004 -1"><span class='ocrx_word' id='word_1_634' title='bbox 1876 3692 2070 3747; x_wconf 83' lang='lat' dir='ltr'><strong>luerint</strong></span> <span class='ocrx_word' id='word_1_635' title='bbox 2089 3693 2114 3745; x_wconf 72' lang='grc' dir='ltr'><strong>Ζ)</strong></span> 
     </span>
    </p>
   </div>
   <div class='ocr_carea' id='block_1_94' title="bbox 2271 3784 3077 3846">
    <p class='ocr_par' dir='ltr' id='par_1_94' title="bbox 2271 3784 3077 3846">
     <span class='ocr_line' id='line_1_95' title="bbox 2271 3784 3077 3846; baseline 0.004 -6"><span class='ocrx_word' id='word_1_636' title='bbox 2271 3784 2502 3841; x_wconf 81' lang='lat' dir='ltr'><strong>Concilii</strong></span> <span class='ocrx_word' id='word_1_637' title='bbox 2539 3789 2752 3844; x_wconf 72' lang='lat' dir='ltr'><strong>Nicteni</strong></span> <span class='ocrx_word' id='word_1_638' title='bbox 2789 3806 2959 3844; x_wconf 77' lang='lat' dir='ltr'><strong>canon</strong></span> <span class='ocrx_word' id='word_1_639' title='bbox 2994 3790 3077 3846; x_wconf 81' lang='grc'>15.</span> 
     </span>
    </p>
   </div>
   <div class='ocr_carea' id='block_1_95' title="bbox 1950 3877 3470 3952">
    <p class='ocr_par' dir='ltr' id='par_1_95' title="bbox 1950 3877 3470 3952">
     <span class='ocr_line' id='line_1_96' title="bbox 1950 3877 3470 3952; baseline 0.007 -21"><span class='ocrx_word' id='word_1_640' title='bbox 1950 3878 2036 3933; x_wconf 81' lang='grc'>15.</span> <span class='ocrx_word' id='word_1_641' title='bbox 2082 3877 2157 3933; x_wconf 82' lang='lat' dir='ltr'><strong>De</strong></span> <span class='ocrx_word' id='word_1_642' title='bbox 2189 3879 2257 3936; x_wconf 86' lang='lat' dir='ltr'><strong>iis</strong></span> <span class='ocrx_word' id='word_1_643' title='bbox 2291 3881 2384 3950; x_wconf 90' lang='lat' dir='ltr'><strong>qui</strong></span> <span class='ocrx_word' id='word_1_644' title='bbox 2418 3881 2714 3945; x_wconf 85' lang='lat' dir='ltr'><strong>excedunt,</strong></span> <span class='ocrx_word' id='word_1_645' title='bbox 2739 3882 2964 3952; x_wconf 86' lang='lat' dir='ltr'><strong>antiqua</strong></span> <span class='ocrx_word' id='word_1_646' title='bbox 2993 3893 3046 3936; x_wconf 91' lang='lat' dir='ltr'><strong>et</strong></span> <span class='ocrx_word' id='word_1_647' title='bbox 3082 3884 3346 3939; x_wconf 88' lang='lat' dir='ltr'><strong>canonica</strong></span> <span class='ocrx_word' id='word_1_648' title='bbox 3384 3884 3470 3941; x_wconf 88' lang='lat' dir='ltr'><strong>lex</strong></span> 
     </span>
    </p>
   </div>
   <div class='ocr_carea' id='block_1_96' title="bbox 1878 3974 3181 4045">
    <p class='ocr_par' dir='ltr' id='par_1_96' title="bbox 1878 3974 3181 4045">
     <span class='ocr_line' id='line_1_97' title="bbox 1878 3974 3181 4045; baseline 0.005 -23"><span class='ocrx_word' id='word_1_649' title='bbox 1878 3986 2026 4025; x_wconf 89' lang='lat' dir='ltr'><strong>nunc</strong></span> <span class='ocrx_word' id='word_1_650' title='bbox 2048 3987 2268 4042; x_wconf 89' lang='lat' dir='ltr'><strong>quoque</strong></span> <span class='ocrx_word' id='word_1_651' title='bbox 2292 3974 2625 4037; x_wconf 88' lang='lat' dir='ltr'><strong>servabitur,</strong></span> <span class='ocrx_word' id='word_1_652' title='bbox 2654 3984 2784 4040; x_wconf 90' lang='lat' dir='ltr'><strong>etc.,</strong></span> <span class='ocrx_word' id='word_1_653' title='bbox 2814 3983 2869 4026; x_wconf 92' lang='grc' dir='ltr'><strong>ιιι</strong></span> <span class='ocrx_word' id='word_1_654' title='bbox 2900 3990 3023 4045; x_wconf 91' lang='lat' dir='ltr'><strong>pag.</strong></span> <span class='ocrx_word' id='word_1_655' title='bbox 3057 3974 3181 4029; x_wconf 77' lang='grc'>751.</span> 
     </span>
    </p>
   </div>
   <div class='ocr_carea' id='block_1_97' title="bbox 2294 4062 3048 4135">
    <p class='ocr_par' dir='ltr' id='par_1_97' title="bbox 2294 4062 3048 4135">
     <span class='ocr_line' id='line_1_98' title="bbox 2294 4062 3048 4135; baseline 0.003 -18"><span class='ocrx_word' id='word_1_656' title='bbox 2294 4062 2536 4135; x_wconf 82' lang='lat' dir='ltr'><strong>Gregorii</strong></span> <span class='ocrx_word' id='word_1_657' title='bbox 2571 4064 2803 4135; x_wconf 73' lang='lat' dir='ltr'><strong>Ngsseni</strong></span> <span class='ocrx_word' id='word_1_658' title='bbox 2838 4081 2958 4134; x_wconf 75' lang='lat' dir='ltr'><strong>cap.</strong></span> <span class='ocrx_word' id='word_1_659' title='bbox 2996 4066 3048 4120; x_wconf 90' lang='lat'><strong>5.</strong></span> 
     </span>
    </p>
   </div>
   <div class='ocr_carea' id='block_1_98' title="bbox 1952 4155 3468 4231">
    <p class='ocr_par' dir='ltr' id='par_1_98' title="bbox 1952 4155 3468 4231">
     <span class='ocr_line' id='line_1_99' title="bbox 1952 4155 3468 4231; baseline 0.006 -24"><span class='ocrx_word' id='word_1_660' title='bbox 1952 4155 2001 4211; x_wconf 74' lang='lat'><strong>5.</strong></span> <span class='ocrx_word' id='word_1_661' title='bbox 2020 4156 2075 4210; x_wconf 91' lang='lat' dir='ltr'><strong>Si</strong></span> <span class='ocrx_word' id='word_1_662' title='bbox 2090 4156 2214 4226; x_wconf 91' lang='lat' dir='ltr'><strong>quis</strong></span> <span class='ocrx_word' id='word_1_663' title='bbox 2229 4166 2410 4211; x_wconf 83' lang='lat' dir='ltr'><strong>autem</strong></span> <span class='ocrx_word' id='word_1_664' title='bbox 2432 4173 2536 4211; x_wconf 90' lang='lat' dir='ltr'><strong>non</strong></span> <span class='ocrx_word' id='word_1_665' title='bbox 2554 4160 2769 4227; x_wconf 84' lang='lat' dir='ltr'><strong>expleto</strong></span> <span class='ocrx_word' id='word_1_666' title='bbox 2784 4166 3048 4226; x_wconf 66' lang='lat' dir='ltr'><strong>tempore,</strong></span> <span class='ocrx_word' id='word_1_667' title='bbox 3063 4166 3169 4213; x_wconf 90' lang='lat' dir='ltr'><strong>etc.</strong></span> <span class='ocrx_word' id='word_1_668' title='bbox 3182 4202 3194 4219; x_wconf 90' lang='lat'><strong>.</strong></span> <span class='ocrx_word' id='word_1_669' title='bbox 3212 4169 3267 4213; x_wconf 90' lang='lat' dir='ltr'><strong>ut</strong></span> <span class='ocrx_word' id='word_1_670' title='bbox 3284 4177 3468 4231; x_wconf 82' lang='lat' dir='ltr'><strong>supra.</strong></span> 
     </span>
    </p>
   </div>
   <div class='ocr_carea' id='block_1_99' title="bbox 1948 4245 3469 4323">
    <p class='ocr_par' dir='ltr' id='par_1_99' title="bbox 1948 4245 3469 4323">
     <span class='ocr_line' id='line_1_100' title="bbox 1948 4245 3469 4323; baseline 0.005 -21"><span class='ocrx_word' id='word_1_671' title='bbox 1948 4246 2103 4302; x_wconf 77' lang='lat' dir='ltr'><strong>CAP.</strong></span> <span class='ocrx_word' id='word_1_672' title='bbox 2151 4245 2212 4302; x_wconf 87' lang='lat' dir='ltr'><strong>V.</strong></span> <span class='ocrx_word' id='word_1_673' title='bbox 2235 4277 2305 4287; x_wconf 91' lang='lat'><strong>-—</strong></span> <span class='ocrx_word' id='word_1_674' title='bbox 2338 4246 2414 4301; x_wconf 88' lang='lat' dir='ltr'><strong>De</strong></span> <span class='ocrx_word' id='word_1_675' title='bbox 2453 4264 2511 4300; x_wconf 82' lang='lat' dir='ltr'><strong>eo</strong></span> <span class='ocrx_word' id='word_1_676' title='bbox 2543 4250 2633 4318; x_wconf 86' lang='lat' dir='ltr'><strong>qui</strong></span> <span class='ocrx_word' id='word_1_677' title='bbox 2664 4259 2982 4303; x_wconf 83' lang='lat' dir='ltr'><strong>nocturnam</strong></span> <span class='ocrx_word' id='word_1_678' title='bbox 3010 4250 3314 4308; x_wconf 83' lang='lat' dir='ltr'><strong>illusionem</strong></span> <span class='ocrx_word' id='word_1_679' title='bbox 3345 4272 3469 4323; x_wconf 84' lang='lat' dir='ltr'><strong>pas-</strong></span> 
     </span>
    </p>
   </div>
   <div class='ocr_carea' id='block_1_100' title="bbox 1878 4337 3470 4406">
    <p class='ocr_par' dir='ltr' id='par_1_100' title="bbox 1878 4337 3470 4406">
     <span class='ocr_line' id='line_1_101' title="bbox 1878 4337 3470 4406; baseline 0.006 -18"><span class='ocrx_word' id='word_1_680' title='bbox 1878 4352 1967 4389; x_wconf 86' lang='lat' dir='ltr'><strong>sus</strong></span> <span class='ocrx_word' id='word_1_681' title='bbox 2000 4346 2108 4401; x_wconf 85' lang='lat' dir='ltr'><strong>est;</strong></span> <span class='ocrx_word' id='word_1_682' title='bbox 2137 4340 2213 4390; x_wconf 82' lang='lat' dir='ltr'><strong>vet</strong></span> <span class='ocrx_word' id='word_1_683' title='bbox 2247 4337 2337 4406; x_wconf 86' lang='lat' dir='ltr'><strong>qui</strong></span> <span class='ocrx_word' id='word_1_684' title='bbox 2366 4348 2481 4406; x_wconf 82' lang='lat' dir='ltr'><strong>post</strong></span> <span class='ocrx_word' id='word_1_685' title='bbox 2514 4338 2750 4393; x_wconf 80' lang='lat' dir='ltr'><strong>habitam</strong></span> <span class='ocrx_word' id='word_1_686' title='bbox 2794 4357 2915 4393; x_wconf 88' lang='lat' dir='ltr'><strong>cum</strong></span> <span class='ocrx_word' id='word_1_687' title='bbox 2958 4358 3124 4397; x_wconf 78' lang='lat' dir='ltr'><strong>uxore</strong></span> <span class='ocrx_word' id='word_1_688' title='bbox 3167 4360 3275 4398; x_wconf 88' lang='lat' dir='ltr'><strong>rem</strong></span> <span class='ocrx_word' id='word_1_689' title='bbox 3324 4362 3470 4399; x_wconf 86' lang='lat' dir='ltr'><strong>com-</strong></span> 
     </span>
    </p>
   </div>
   <div class='ocr_carea' id='block_1_101' title="bbox 1878 4427 3472 4500">
    <p class='ocr_par' dir='ltr' id='par_1_101' title="bbox 1878 4427 3472 4500">
     <span class='ocr_line' id='line_1_102' title="bbox 1878 4427 3472 4500; baseline 0.01 -21"><span class='ocrx_word' id='word_1_690' title='bbox 1878 4428 2151 4481; x_wconf 83' lang='lat' dir='ltr'><strong>municare</strong></span> <span class='ocrx_word' id='word_1_691' title='bbox 2185 4427 2292 4481; x_wconf 78' lang='lat' dir='ltr'><strong>vult</strong></span> <span class='ocrx_word' id='word_1_692' title='bbox 2314 4446 2332 4491; x_wconf 87' lang='lat'><strong><em>;</em></strong></span> <span class='ocrx_word' id='word_1_693' title='bbox 2354 4432 2717 4500; x_wconf 83' lang='lat' dir='ltr'><strong>quotqueideo</strong></span> <span class='ocrx_word' id='word_1_694' title='bbox 2737 4433 2924 4488; x_wconf 82' lang='lat' dir='ltr'><strong>diebus</strong></span> <span class='ocrx_word' id='word_1_695' title='bbox 2956 4435 3176 4491; x_wconf 84' lang='lat' dir='ltr'><strong>invicem</strong></span> <span class='ocrx_word' id='word_1_696' title='bbox 3206 4437 3472 4495; x_wconf 83' lang='lat' dir='ltr'><strong>abstinere</strong></span> 
     </span>
    </p>
   </div>
   <div class='ocr_carea' id='block_1_102' title="bbox 1877 4520 2129 4575">
    <p class='ocr_par' dir='ltr' id='par_1_102' title="bbox 1877 4520 2129 4575">
     <span class='ocr_line' id='line_1_103' title="bbox 1877 4520 2129 4575; baseline 0.008 -3"><span class='ocrx_word' id='word_1_697' title='bbox 1877 4520 2129 4575; x_wconf 79' lang='lat' dir='ltr'><strong>debeant?</strong></span> 
     </span>
    </p>
   </div>
   <div class='ocr_carea' id='block_1_103' title="bbox 1992 4612 3359 4692">
    <p class='ocr_par' dir='ltr' id='par_1_103' title="bbox 1992 4612 3359 4692">
     <span class='ocr_line' id='line_1_104' title="bbox 1992 4612 3359 4692; baseline 0.009 -27"><span class='ocrx_word' id='word_1_698' title='bbox 1992 4612 2242 4682; x_wconf 84' lang='lat' dir='ltr'><strong>Dyonisii</strong></span> <span class='ocrx_word' id='word_1_699' title='bbox 2274 4629 2339 4667; x_wconf 77' lang='lat' dir='ltr'><strong>ea:</strong></span> <span class='ocrx_word' id='word_1_700' title='bbox 2365 4615 2595 4685; x_wconf 84' lang='lat' dir='ltr'><strong>cpistola</strong></span> <span class='ocrx_word' id='word_1_701' title='bbox 2612 4616 2682 4669; x_wconf 85' lang='lat' dir='ltr'><strong>ad</strong></span> <span class='ocrx_word' id='word_1_702' title='bbox 2711 4616 3029 4685; x_wconf 81' lang='lat' dir='ltr'><strong>Basilidem,</strong></span> <span class='ocrx_word' id='word_1_703' title='bbox 3065 4638 3182 4692; x_wconf 85' lang='lat' dir='ltr'><strong>cap.</strong></span> <span class='ocrx_word' id='word_1_704' title='bbox 3215 4623 3269 4687; x_wconf 81' lang='lat'><strong>3,</strong></span> <span class='ocrx_word' id='word_1_705' title='bbox 3303 4626 3359 4679; x_wconf 77' lang='grc'>4.</span> 
     </span>
    </p>
   </div>
   <div class='ocr_carea' id='block_1_104' title="bbox 1948 4769 3458 4847">
    <p class='ocr_par' dir='ltr' id='par_1_104' title="bbox 1948 4769 3458 4847">
     <span class='ocr_line' id='line_1_105' title="bbox 1948 4769 3458 4847; baseline 0.007 -23"><span class='ocrx_word' id='word_1_706' title='bbox 1948 4772 2002 4827; x_wconf 85' lang='grc'>5.</span> <span class='ocrx_word' id='word_1_707' title='bbox 2047 4769 2223 4825; x_wconf 89' lang='lat' dir='ltr'><strong>Porro</strong></span> <span class='ocrx_word' id='word_1_708' title='bbox 2251 4771 2343 4841; x_wconf 91' lang='lat' dir='ltr'><strong>qni</strong></span> <span class='ocrx_word' id='word_1_709' title='bbox 2380 4773 2519 4829; x_wconf 89' lang='lat' dir='ltr'><strong>satis</strong></span> <span class='ocrx_word' id='word_1_710' title='bbox 2563 4774 2627 4829; x_wconf 87' lang='lat' dir='ltr'><strong>ad</strong></span> <span class='ocrx_word' id='word_1_711' title='bbox 2659 4774 2711 4830; x_wconf 93' lang='lat' dir='ltr'><strong>id</strong></span> <span class='ocrx_word' id='word_1_712' title='bbox 2745 4777 2999 4832; x_wconf 82' lang='lat' dir='ltr'><strong>instructi</strong></span> <span class='ocrx_word' id='word_1_713' title='bbox 3049 4788 3198 4843; x_wconf 90' lang='lat' dir='ltr'><strong>sunt,</strong></span> <span class='ocrx_word' id='word_1_714' title='bbox 3235 4786 3370 4847; x_wconf 89' lang='lat' dir='ltr'><strong>etc.,</strong></span> <span class='ocrx_word' id='word_1_715' title='bbox 3402 4792 3458 4834; x_wconf 89' lang='lat' dir='ltr'><strong>ut</strong></span> 
     </span>
    </p>
   </div>
   <div class='ocr_carea' id='block_1_105' title="bbox 1874 4864 2155 4933">
    <p class='ocr_par' dir='ltr' id='par_1_105' title="bbox 1874 4864 2155 4933">
     <span class='ocr_line' id='line_1_106' title="bbox 1874 4864 2155 4933; baseline 0.004 -18"><span class='ocrx_word' id='word_1_716' title='bbox 1874 4879 1996 4933; x_wconf 81' lang='lat' dir='ltr'><strong>pag.</strong></span> <span class='ocrx_word' id='word_1_717' title='bbox 2031 4864 2155 4919; x_wconf 76' lang='lat' dir='ltr'><strong>6H.</strong></span> 
     </span>
    </p>
   </div>
   <div class='ocr_carea' id='block_1_106' title="bbox 1946 4955 3468 5028">
    <p class='ocr_par' dir='ltr' id='par_1_106' title="bbox 1946 4955 3468 5028">
     <span class='ocr_line' id='line_1_107' title="bbox 1946 4955 3468 5028; baseline 0.005 -19"><span class='ocrx_word' id='word_1_718' title='bbox 1946 4955 2113 5028; x_wconf 61' lang='grc'><strong>479</strong></span> <span class='ocrx_word' id='word_1_719' title='bbox 2148 4957 2200 5011; x_wconf 75' lang='grc'>4.</span> <span class='ocrx_word' id='word_1_720' title='bbox 2244 4957 2347 5023; x_wconf 86' lang='lat' dir='ltr'><strong>Qui</strong></span> <span class='ocrx_word' id='word_1_721' title='bbox 2381 4966 2560 5013; x_wconf 88' lang='lat' dir='ltr'><strong>autem</strong></span> <span class='ocrx_word' id='word_1_722' title='bbox 2601 4958 2652 5011; x_wconf 88' lang='lat' dir='ltr'><strong>in</strong></span> <span class='ocrx_word' id='word_1_723' title='bbox 2700 4975 2808 5014; x_wconf 91' lang='lat' dir='ltr'><strong>non</strong></span> <span class='ocrx_word' id='word_1_724' title='bbox 2855 4960 3167 5017; x_wconf 87' lang='lat' dir='ltr'><strong>voluntario</strong></span> <span class='ocrx_word' id='word_1_725' title='bbox 3196 4970 3468 5018; x_wconf 87' lang='lat' dir='ltr'><strong>nocturno</strong></span> 
     </span>
    </p>
   </div>
   <div class='ocr_carea' id='block_1_107' title="bbox 1877 5048 2613 5121">
    <p class='ocr_par' dir='ltr' id='par_1_107' title="bbox 1877 5048 2613 5121">
     <span class='ocr_line' id='line_1_108' title="bbox 1877 5048 2613 5121; baseline 0.004 -19"><span class='ocrx_word' id='word_1_726' title='bbox 1877 5048 2047 5113; x_wconf 79' lang='lat' dir='ltr'><strong>ﬂuxu,</strong></span> <span class='ocrx_word' id='word_1_727' title='bbox 2085 5060 2215 5115; x_wconf 83' lang='lat' dir='ltr'><strong>etc.,</strong></span> <span class='ocrx_word' id='word_1_728' title='bbox 2254 5061 2309 5103; x_wconf 87' lang='lat' dir='ltr'><strong>ut</strong></span> <span class='ocrx_word' id='word_1_729' title='bbox 2335 5066 2456 5121; x_wconf 84' lang='lat' dir='ltr'><strong>pag.</strong></span> <span class='ocrx_word' id='word_1_730' title='bbox 2488 5050 2613 5105; x_wconf 82' lang='grc'>611.</span> 
     </span>
    </p>
   </div>
   <div class='ocr_carea' id='block_1_108' title="bbox 2256 5143 3107 5213">
    <p class='ocr_par' dir='ltr' id='par_1_108' title="bbox 2256 5143 3107 5213">
     <span class='ocr_line' id='line_1_109' title="bbox 2256 5143 3107 5213; baseline 0.006 -17"><span class='ocrx_word' id='word_1_731' title='bbox 2256 5143 2517 5199; x_wconf 72' lang='lat' dir='ltr'><strong>Timet/rei</strong></span> <span class='ocrx_word' id='word_1_732' title='bbox 2547 5162 2774 5201; x_wconf 81' lang='lat' dir='ltr'><strong>canones</strong></span> <span class='ocrx_word' id='word_1_733' title='bbox 2808 5147 2862 5213; x_wconf 84' lang='lat'><strong>5,</strong></span> <span class='ocrx_word' id='word_1_734' title='bbox 2906 5149 2986 5213; x_wconf 68' lang='lat' dir='ltr'><strong>t2,</strong></span> <span class='ocrx_word' id='word_1_735' title='bbox 3020 5148 3107 5202; x_wconf 82' lang='grc'>15.</span> 
     </span>
    </p>
   </div>
   <div class='ocr_carea' id='block_1_109' title="bbox 1948 5235 3466 5313">
    <p class='ocr_par' dir='ltr' id='par_1_109' title="bbox 1948 5235 3466 5313">
     <span class='ocr_line' id='line_1_110' title="bbox 1948 5235 3466 5313; baseline 0.005 -22"><span class='ocrx_word' id='word_1_736' title='bbox 1948 5236 2000 5291; x_wconf 79' lang='lat'><strong>5.</strong></span> <span class='ocrx_word' id='word_1_737' title='bbox 2046 5235 2427 5309; x_wconf 80' lang='lat' dir='ltr'><strong>Interrogatio.</strong></span> <span class='ocrx_word' id='word_1_738' title='bbox 2457 5238 2513 5292; x_wconf 86' lang='lat' dir='ltr'><strong>Si</strong></span> <span class='ocrx_word' id='word_1_739' title='bbox 2556 5255 2697 5294; x_wconf 73' lang='lat' dir='ltr'><strong>uxor</strong></span> <span class='ocrx_word' id='word_1_740' title='bbox 2726 5255 2849 5293; x_wconf 86' lang='lat' dir='ltr'><strong>cum</strong></span> <span class='ocrx_word' id='word_1_741' title='bbox 2878 5256 2978 5295; x_wconf 76' lang='lat' dir='ltr'><strong>suo</strong></span> <span class='ocrx_word' id='word_1_742' title='bbox 3008 5241 3227 5307; x_wconf 86' lang='lat' dir='ltr'><strong>marito,</strong></span> <span class='ocrx_word' id='word_1_743' title='bbox 3251 5254 3381 5313; x_wconf 80' lang='lat' dir='ltr'><strong>etc.,</strong></span> <span class='ocrx_word' id='word_1_744' title='bbox 3412 5258 3466 5300; x_wconf 87' lang='lat' dir='ltr'><strong>nt</strong></span> 
     </span>
    </p>
   </div>
   <div class='ocr_carea' id='block_1_110' title="bbox 1876 5327 2160 5396">
    <p class='ocr_par' dir='ltr' id='par_1_110' title="bbox 1876 5327 2160 5396">
     <span class='ocr_line' id='line_1_111' title="bbox 1876 5327 2160 5396; baseline 0.014 -19"><span class='ocrx_word' id='word_1_745' title='bbox 1876 5327 2160 5396; x_wconf 68' lang='lat' dir='ltr'><strong>pag.614.</strong></span> 
     </span>
    </p>
   </div>
   <div class='ocr_carea' id='block_1_111' title="bbox 1952 5417 3467 5492">
    <p class='ocr_par' dir='ltr' id='par_1_111' title="bbox 1952 5417 3467 5492">
     <span class='ocr_line' id='line_1_112' title="bbox 1952 5417 3467 5492; baseline 0.005 -22"><span class='ocrx_word' id='word_1_746' title='bbox 1952 5418 2040 5471; x_wconf 74' lang='grc'>12.</span> <span class='ocrx_word' id='word_1_747' title='bbox 2083 5417 2465 5489; x_wconf 87' lang='lat' dir='ltr'><strong>Interrogatio.</strong></span> <span class='ocrx_word' id='word_1_748' title='bbox 2500 5418 2557 5475; x_wconf 90' lang='lat' dir='ltr'><strong>Si</strong></span> <span class='ocrx_word' id='word_1_749' title='bbox 2577 5420 2748 5475; x_wconf 79' lang='lat' dir='ltr'><strong>laicus</strong></span> <span class='ocrx_word' id='word_1_750' title='bbox 2777 5421 2871 5490; x_wconf 88' lang='lat' dir='ltr'><strong>qui</strong></span> <span class='ocrx_word' id='word_1_751' title='bbox 2907 5424 3223 5489; x_wconf 83' lang='lat' dir='ltr'><strong>somniavit,</strong></span> <span class='ocrx_word' id='word_1_752' title='bbox 3256 5434 3385 5492; x_wconf 86' lang='lat' dir='ltr'><strong>etc.,</strong></span> <span class='ocrx_word' id='word_1_753' title='bbox 3413 5438 3467 5479; x_wconf 72' lang='grc' dir='ltr'><strong>ιιι</strong></span> 
     </span>
    </p>
   </div>
   <div class='ocr_carea' id='block_1_112' title="bbox 1877 5510 2159 5581">
    <p class='ocr_par' dir='ltr' id='par_1_112' title="bbox 1877 5510 2159 5581">
     <span class='ocr_line' id='line_1_113' title="bbox 1877 5510 2159 5581; baseline 0.004 -19"><span class='ocrx_word' id='word_1_754' title='bbox 1877 5527 1998 5581; x_wconf 86' lang='lat' dir='ltr'><strong>pag.</strong></span> <span class='ocrx_word' id='word_1_755' title='bbox 2035 5510 2159 5565; x_wconf 83' lang='grc'>611.</span> 
     </span>
    </p>
   </div>
   <div class='ocr_carea' id='block_1_113' title="bbox 1953 5602 3468 5675">
    <p class='ocr_par' dir='ltr' id='par_1_113' title="bbox 1953 5602 3468 5675">
     <span class='ocr_line' id='line_1_114' title="bbox 1953 5602 3468 5675; baseline 0.007 -17"><span class='ocrx_word' id='word_1_756' title='bbox 1953 5604 2039 5658; x_wconf 77' lang='grc'>15.</span> <span class='ocrx_word' id='word_1_757' title='bbox 2094 5602 2475 5674; x_wconf 81' lang='lat' dir='ltr'><strong>Interrogatio.</strong></span> <span class='ocrx_word' id='word_1_758' title='bbox 2541 5602 2612 5657; x_wconf 87' lang='lat' dir='ltr'><strong>lis</strong></span> <span class='ocrx_word' id='word_1_759' title='bbox 2664 5605 2756 5675; x_wconf 86' lang='lat' dir='ltr'><strong>qui</strong></span> <span class='ocrx_word' id='word_1_760' title='bbox 2812 5607 3147 5663; x_wconf 85' lang='lat' dir='ltr'><strong>matrimonii</strong></span> <span class='ocrx_word' id='word_1_761' title='bbox 3201 5610 3468 5668; x_wconf 83' lang='lat' dir='ltr'><strong>societate</strong></span> 
     </span>
    </p>
   </div>
   <div class='ocr_carea' id='block_1_114' title="bbox 1874 5698 2751 5769">
    <p class='ocr_par' dir='ltr' id='par_1_114' title="bbox 1874 5698 2751 5769">
     <span class='ocr_line' id='line_1_115' title="bbox 1874 5698 2751 5769; baseline 0.006 -20"><span class='ocrx_word' id='word_1_762' title='bbox 1874 5698 2201 5768; x_wconf 80' lang='lat' dir='ltr'><strong>junguntur,</strong></span> <span class='ocrx_word' id='word_1_763' title='bbox 2227 5706 2357 5764; x_wconf 73' lang='lat' dir='ltr'><strong>etc.,</strong></span> <span class='ocrx_word' id='word_1_764' title='bbox 2389 5708 2445 5749; x_wconf 89' lang='lat' dir='ltr'><strong>at</strong></span> <span class='ocrx_word' id='word_1_765' title='bbox 2469 5714 2591 5769; x_wconf 80' lang='lat' dir='ltr'><strong>pag.</strong></span> <span class='ocrx_word' id='word_1_766' title='bbox 2624 5699 2683 5751; x_wconf 82' lang='lat' dir='ltr'><strong>6i</strong></span> <span class='ocrx_word' id='word_1_767' title='bbox 2706 5701 2751 5755; x_wconf 76' lang='grc'><strong>1.</strong></span> 
     </span>
    </p>
   </div>
  </div>
