3744 6218
210 284 307 351 ΨΠ

1616 282 1984 347 NOMOCAN
1988 282 2114 351 ON.

3389 280 3492 346 978

207 402 297 456 τοῦ
327 398 745 471 παναγιωτάτου
769 399 932 473 ἡμῶν
972 400 1261 467 δεσπότου,
1289 402 1385 457 καὶ
1408 403 1685 471 οἱκουμενι

2013 418 2062 469 ο,
2086 411 2142 458 et
2164 403 2514 461 sanctissimo
2557 403 2782 459 domino
2798 412 2985 459 nostro
3003 411 3167 474 atque
3193 402 3491 457 mcumeui-

209 495 542 566 πατριάρχου
591 493 688 547 τοῦ
742 494 1031 564 γεγονότος
1076 494 1285 549 ὑπάτου
1327 494 1438 549 τῶν
1481 493 1791 565 φιλοσόφων

209 587 393 658 κυρίου
415 587 638 658 Μιχαὴλ
665 586 761 641 τοῦ
809 586 1118 658 Ἀγχιάλου,
1159 589 1287 652 τοὺς
1327 587 1507 658 ἱεροὺς
1558 587 1791 650 κανόνας

208 680 676 749 κατασκέψασθαι,
719 680 814 733 καὶ
852 679 921 735 τὰ
961 682 1020 734 ἐν
1044 680 1256 743 τούτοις
1296 681 1507 750 ἀσαφῆ,
1544 680 1642 733 καὶ
1677 681 1791 744 τοῖς

209 774 387 843 νόμοις
416 773 477 827 τὸ
504 774 682 827 δοκεῖν
705 774 1093 846 ἐναντιούμενα
1132 777 1450 845 σαφηνίσαι,
1498 775 1593 828 καὶ
1625 775 1794 847 ἑρμη-

207 864 410 929 νεῦσαι,
446 864 712 929 ὡσαύτως
745 866 837 920 καὶ
874 865 945 920 τὰ
978 866 1132 938 παρὰ
1168 865 1264 922 τοῦ
1308 867 1615 934 ἁγιωτάτου
1648 867 1793 920 ἐκεί-

207 976 295 1011 νου
326 958 666 1030 πατριάρχου
699 958 889 1030 κυρίου
918 960 1124 1013 Φωτὶου
1156 961 1564 1032 συγγραφέντα,
1593 959 1689 1014 καὶ
1714 961 1794 1025 είς

205 1050 331 1105 δέκα
380 1050 521 1121 πρὸς
560 1053 675 1115 τοῖς
721 1052 985 1123 τέσσαρσι
1030 1052 1231 1119 τίτλοις
1277 1051 1651 1125 θεωρούμενα,
1699 1052 1796 1107 καὶ

206 1144 309 1215 πρὸ
334 1143 442 1197 τῶν
470 1145 713 1199 κανόνων
738 1146 1292 1216 συγκεφαλαιωθέντα
1321 1148 1438 1219 μετ’
1470 1147 1795 1211 ἐπιστασίας

207 1236 754 1309 πολυπραγμονῆσαι,
793 1241 887 1293 καὶ
911 1240 980 1293 τὰ
1005 1240 1103 1311 μὲν
1125 1242 1183 1293 ἐν
1218 1239 1428 1304 τούτοις
1447 1239 1677 1292 τεθέντα
1705 1241 1795 1292 νό-

207 1348 347 1401 μιμα
368 1332 465 1384 καὶ
498 1331 825 1400 ἐνεργοῦντα
846 1332 1264 1403 παραδηλῶσαι,
1287 1333 1355 1387 τὰ
1374 1332 1430 1385 δέ
1455 1330 1797 1403 οχολάσαντα

204 1422 401 1493 καὶμὴ
432 1422 695 1494 δεχθέντα
739 1424 882 1478 κατὰ
916 1425 1016 1497 τὴν
1063 1424 1381 1480 τελευταίαν
1420 1425 1795 1496 ἀνακάθαρσιν

202 1516 308 1570 τῶν
336 1516 522 1587 νόμων
554 1518 654 1589 τὴν
677 1519 978 1589 γενομένην
1008 1522 1162 1591 παρὰ
1203 1519 1299 1573 τοῦ
1342 1520 1589 1590 ἀοιδίμου
1635 1517 1795 1590 βασι-

204 1607 338 1674 λέως
368 1610 563 1682 κυρίου
589 1611 1005 1665 Κωνσταντίνου
1030 1612 1127 1666 τοῦ
1156 1613 1667 1685 Πορφυρογενήτου,
1690 1611 1790 1665 αῦ-

202 1702 285 1766 θις
315 1702 633 1768 ἀναδιδάξαι
663 1703 740 1768 ὡς
760 1705 827 1758 ἂν
869 1706 942 1775 μή
978 1721 1125 1769 τινες
1156 1707 1526 1777 ἐντυγχάνωσι
1557 1706 1792 1770 τούτοις,

1897 512 1963 550 co
1983 496 2291 567 patriarcha
2311 497 2373 553 D.
2408 497 2670 554 Michaele
2686 498 2995 562 Anchialio,
3021 496 3113 568 qui
3140 495 3492 568 philosopho-

1896 605 2018 643 rum
2065 591 2323 662 princeps
2377 591 2503 657 fuit,
2534 593 2813 648 decretum
2872 601 3038 658 esset,
3071 600 3132 647 ut
3180 606 3369 647 sacros
3398 606 3493 645 ca-

1896 697 2068 738 nones
2111 685 2404 754 diligenter
2432 687 2904 756 perspiceremus,
2934 696 2987 741 et
3016 701 3139 755 quae
3166 685 3220 740 in
3255 684 3361 739 illis
3390 685 3492 739 ob~

1897 779 2144 834 scuriora
2176 787 2386 841 essent,
2441 779 2717 848 modoque
2752 779 2936 848 aliquo
2963 778 3175 848 legibus
3213 775 3493 831 adversari

1894 874 2233 934 viderentur,
2268 872 2682 927 declararemns
2745 884 2910 942 alque
2959 874 3490 943 interpretaremur:

1897 966 2149 1021 similiter
2201 965 2365 1019 etiam
2406 981 2531 1034 quae
2560 981 2589 1020 a
2624 967 2979 1022 sanctissimo
3036 965 3131 1019 illo
3183 962 3495 1033 patriarcha

1896 1057 1960 1111 D.
1992 1057 2186 1113 Photio
2235 1059 2582 1128 conscripta,
2630 1068 2686 1113 et
2734 1060 2793 1114 in
2831 1067 3068 1128 quatuor
3112 1056 3288 1112 decim
3323 1055 3497 1110 titulis

1901 1158 2134 1205 tractata
2172 1150 2596 1220 canonibusque
2624 1150 3016 1218 compendiose
3037 1148 3322 1220 praeposita
3344 1157 3493 1212 sunt,

1898 1261 2113 1300 summa
2174 1246 2415 1300 adhibila
2453 1260 2586 1299 cura
2647 1251 3051 1304 excuteremus,
3087 1257 3155 1297 ex
3207 1243 3389 1311 posito
3440 1239 3495 1293 in

1898 1336 2007 1391 illis
2056 1334 2182 1405 jure
2231 1336 2377 1405 quod
2412 1333 2603 1390 ellicax
2653 1334 2727 1390 sit
2763 1333 3138 1396 ostendentes,
3172 1330 3317 1400 quod
3367 1345 3496 1385 vero

1899 1438 2055 1483 vacet
2090 1444 2189 1483 nec
2223 1428 2529 1483 secundum
2556 1428 2810 1481 ultimam
2841 1426 3019 1495 legum
3052 1424 3496 1493 repurgationem

1899 1538 1928 1575 a
1961 1521 2319 1576 celeberrimo
2356 1521 2692 1590 imperatore
2724 1518 2787 1572 D.
2822 1516 3186 1572 Constantino
3242 1512 3496 1585 Porphy-

1896 1622 2197 1681 rogenneta
2256 1612 2457 1666 factam
2508 1620 2788 1679 receptum
2820 1610 2891 1665 sit
2946 1608 3167 1663 diverso
3198 1605 3365 1661 modo
3395 1606 3497 1659 do-

1898 1712 2084 1757 centes
2115 1718 2225 1772 quo
2254 1703 2507 1757 videlicet
2532 1703 2764 1756 lectores
2784 1716 2891 1755 non
2922 1701 3248 1769 impingam,
3278 1712 3381 1752 nec
3404 1697 3497 1767 jus

203 1794 293 1847 καὶ
322 1793 389 1846 τά
418 1794 855 1867 ἁπρακτήσαντα
878 1796 1086 1867 νόμιμα
1117 1798 1193 1861 ὡς
1225 1799 1553 1868 ἐνεργοῦντα
1580 1801 1676 1856 καὶ

2018 1795 2146 1849 lica:
2193 1806 2451 1863 tanquam
2510 1792 2699 1847 ellicax
2745 1791 3071 1861 suscipiant,
3107 1790 3343 1859 indeque
3395 1805 3496 1843 ceu

203 1903 421 1957 πρακτα
452 1885 718 1957 δέχονται,
749 1887 1044 1942 κάντεῦθεν
1062 1888 1138 1954 ὡς
1161 1890 1432 1964 πλανῆται
1454 1895 1555 1964 τῆς
1577 1897 1795 1964 εὐθείας

203 1977 296 2033 καὶ
319 1978 608 2050 βασιλικῆς
630 1980 751 2034 όὸοῦ
773 1982 1153 2053 ἀποτρέχωσιν
1178 1985 1313 2056 ὅπερ
1342 1987 1446 2041 κᾶν
1471 1987 1549 2059 τῷ
1572 1990 1793 2062 ῥηθέντι

205 2071 609 2143 παναγιωτάτῳ
656 2072 895 2144 δεσπότῃ
934 2074 1095 2145 ἡμῶν
1136 2076 1215 2146 τῷ
1248 2078 1391 2149 ὑπὲρ
1426 2081 1638 2145 πάντας
1668 2084 1794 2148 τοὺς

204 2164 341 2217 κατὰ
368 2164 474 2234 τὴν
507 2164 784 2236 ἡμετέραν
807 2166 945 2230 τέως
968 2168 1162 2235 γενεὰν
1191 2169 1351 2234 ὄντας
1378 2174 1595 2240 σοφοὺς,
1621 2191 1801 2244 σοφω-

205 2257 344 2327 τέρῳ
392 2259 703 2328 συμπεσεῖν
752 2258 1127 2313 ἐκινδύνευσεν
1175 2261 1267 2315 ἐπὶ
1301 2264 1366 2334 τῇ
1401 2264 1657 2317 ὑποθέσει
1700 2266 1798 2319 τοῦ

210 2347 608 2418 μητροπολίτου
663 2350 876 2403 ἐκείνου
942 2351 1241 2423 Ἀμασείας
1297 2356 1487 2428 κυρίου
1544 2354 1797 2425 Λέοντος,

208 2442 341 2514 πρὸς
372 2442 437 2495 τὸ
464 2441 638 2513 παρὸν
676 2443 1142 2515 άπετολμήσαμεν
1170 2445 1393 2519 πόνημα
1427 2449 1801 2521 θαρσήσαντες

208 2534 296 2587 ἐπὶ
341 2536 407 2607 τῇ
453 2535 739 2606 ἀντιλήψει
783 2538 880 2590 καὶ
922 2540 987 2610 τῇ
1027 2540 1158 2610 εὐχῇ
1201 2540 1312 2593 τῶν
1355 2543 1803 2615 ἐπιστρεψάντων

207 2625 360 2679 τοῦτο
390 2629 552 2698 ἡμῖν.
589 2629 699 2682 Καὶ
735 2629 926 2699 πρῶτα
959 2631 1061 2701 μὲν
1100 2634 1169 2686 τά
1221 2634 1279 2685 ἐν
1328 2637 1440 2699 τοῖς
1490 2637 1805 2707 είρημένοις

198 2715 338 2771 δέκα
366 2718 508 2790 πρὸς
532 2720 645 2782 τοῖς
667 2720 925 2791 τέσσαρσι
957 2722 1159 2787 τίτλοις
1190 2726 1574 2796 συγγραφέντα
1596 2729 1805 2800 νόμιμα

210 2808 358 2877 παρὰ
381 2808 481 2862 τοῦ
512 2811 856 2882 πατριάρχου
878 2812 973 2867 τοῦ
1000 2814 1332 2887 συνθεμένου
1358 2818 1421 2871 τὸ
1445 2821 1808 2889 νομοκάνονον

208 2900 312 2971 πρὸ
342 2902 447 2971 τῆς
466 2902 576 2956 τῶν
607 2903 789 2974 νόμων
809 2905 1260 2978 ἁνακαθάρσεως,
1289 2908 1364 2975 ὡς
1393 2910 1612 2983 εἴρηται
1639 2931 1807 2967 κατα-

209 2994 569 3067 σκεψάμενοι,
598 3000 678 3062 είς
703 2997 797 3052 δύο
817 2998 960 3053 αὐτὰ
984 3000 1254 3073 διείλομεν
1280 3004 1373 3056 καὶ
1397 3005 1810 3077 ἐσαφηνίσαμεν

209 3089 337 3142 ποῖα
364 3089 428 3156 ἐξ
459 3090 639 3143 αὐτῶν
673 3092 1007 3163 ἐνεργοῦντά
1031 3096 1190 3160 εἰσιν,
1224 3095 1299 3159 ὡς
1331 3098 1425 3150 καὶ
1455 3100 1512 3151 ἐν
1541 3098 1620 3170 τῷ
1657 3098 1808 3170 βασι-

1902 1900 2129 1941 errones
2166 1901 2195 1941 a
2237 1896 2381 1940 recta
2411 1895 2574 1955 atque
2618 1885 2766 1955 regia
2796 1884 2882 1938 via
2930 1883 3189 1938 recedant
3218 1882 3387 1951 (quod
3416 1882 3498 1947 ip-

1903 1994 2024 2034 sum
2056 1994 2247 2048 parum
2289 1978 2466 2032 abfuit
2508 1976 2813 2047 quinetiam
2845 1975 2993 2030 dicto
3023 1974 3375 2031 sanctissimo
3404 1973 3501 2027 do-

1900 2072 2053 2126 mino
2106 2083 2316 2131 nosno,
2369 2068 2708 2143 [eidemquej]
2752 2069 3000 2123 omnium
3055 2067 3148 2138 qui
3182 2075 3369 2122 nostra
3398 2066 3502 2120 hac

1904 2172 2063 2219 relate
2119 2165 2425 2235 sapientum
2491 2163 2927 2233 sapientissimo,
2989 2162 3044 2216 in
3123 2176 3293 2216 causa
3353 2161 3500 2215 illius

1906 2256 2164 2312 Amaseni
2232 2257 2641 2326 metropolitani
2705 2254 2771 2310 D.
2832 2253 3034 2309 Leonis
3070 2253 3352 2319 acciderit)
3404 2270 3502 2306 an-

1909 2349 2098 2405 dacter
2136 2350 2283 2404 hunc
2325 2350 2565 2405 laborem
2599 2348 2970 2418 suscepimus,
2995 2362 3188 2402 eorum
3223 2347 3315 2416 qui
3350 2346 3499 2400 illum

1911 2444 2070 2498 nobis
2106 2443 2498 2514 injunxissent,
2536 2442 2784 2497 subsidio
2809 2452 2975 2512 atque
3004 2441 3258 2511 precibus
3284 2440 3498 2493 conlisi.

1914 2537 1991 2591 Ac
2010 2535 2246 2606 primum
2270 2536 2516 2606 quidem,
2539 2536 2682 2603 quod
2702 2534 2794 2604 jus
2813 2535 2865 2586 in
2891 2533 3306 2602 quatuordecim
3335 2532 3504 2586 titulis

1911 2633 1980 2687 ab
2036 2648 2103 2688 eo
2165 2630 2477 2701 patriarcha
2538 2628 2631 2699 qui
2691 2626 3137 2682 Nomocanonum
3191 2625 3505 2696 composuit

1912 2725 2288 2793 conscriptum
2341 2731 2448 2785 est,
2500 2722 2566 2776 ad
2601 2722 2780 2791 legum
2837 2720 3276 2790 repurgationem
3334 2718 3499 2790 (quo-

1912 2818 2076 2873 modo
2130 2818 2337 2872 dictum
2383 2817 2489 2883 est)
2522 2814 2888 2879 excutientes,
2926 2812 3183 2868 bifariam
3216 2812 3266 2867 id
3306 2811 3503 2865 divisi-

1915 2926 2040 2966 mus
2068 2928 2081 2964 :
2110 2908 2327 2978 etquod
2353 2922 2420 2961 ex
2463 2920 2530 2961 eo
2569 2905 2677 2959 vim
2710 2905 2955 2959 obtineat
2982 2906 3103 2959 ideo
3136 2906 3280 2975 quod
3314 2904 3365 2958 in
3395 2903 3503 2957 im-

1918 3003 2195 3071 peratorio
2227 2999 2512 3068 sexaginta
2543 2997 2801 3068 legalium
2859 2997 3123 3051 librorum
3152 2994 3339 3069 [velut]
3390 2996 3506 3051 solo

1919 3093 2246 3148 collocatum
2276 3090 2370 3155 sit,
2402 3088 2661 3160 quodque
2711 3089 2942 3142 omnino
2996 3088 3121 3155 quia
3156 3088 3209 3142 in
3244 3104 3507 3159 repurga-

208 3178 340 3249 λικῷ
368 3180 584 3250 ἐδάφει,
615 3180 722 3236 τῶν
740 3160 1005 3255 ἐξήκοντα
1037 3185 1286 3256 νομίμων
1310 3186 1531 3257 βιϐλίων
1552 3160 1680 3259 usq}

2026 3200 2068 3239 ιε
2122 3192 2409 3253 receptum
2459 3197 2567 3237 non
2625 3182 2696 3237 sit
2737 3181 2929 3251 vigore
2954 3179 3277 3235 destitutum
3327 3189 3504 3243 vacet,

208 3273 302 3325 xui.
328 3272 458 3326 τίνα
488 3273 708 3338 τελείως
738 3274 814 3339 ὡς
844 3275 920 3347 μὴ
948 3276 1207 3348 δεχθέντα
1237 3281 1295 3332 ἐν
1317 3283 1381 3352 τῇ
1412 3281 1804 3351 άνακαθάρσει,

210 3365 596 3435 ἡπράκτησαν.
635 3362 770 3420 Εἶτα
822 3368 1296 3442 παρεδηλὼσαμεν
1342 3371 1462 3425 τίνα
1501 3374 1565 3427 ἐκ
1599 3375 1807 3429 τούτων

211 3458 269 3509 ἐν
314 3461 429 3523 τοῖς
456 3462 798 3530 πεντήκοντα
844 3462 1070 3532 βιϐλίοις
1096 3464 1208 3517 τῶν
1239 3466 1536 3535 Διγέστων,
1571 3470 1666 3522 καὶ
1694 3472 1809 3534 τοϊς

216 3549 281 3619 ιβ’
307 3550 539 3621 βιϐλίοις
569 3553 681 3605 τῶν
709 3554 974 3608 Κωδίκων
1003 3558 1110 3629 πρὸ
1144 3557 1335 3611 τούτου
1366 3558 1615 3630 κείμενα.
1648 3562 1809 3632 Ἀρτι

211 3645 269 3696 ἐν
310 3645 489 3708 ποίοις
539 3645 766 3716 βιϐλίοις
798 3652 893 3701 καὶ
926 3648 1128 3713 τίτλοις
1170 3650 1280 3705 τῶν
1332 3651 1627 3723 βασιλικῶν
1673 3671 1811 3708 κατ-

212 3736 536 3805 εστρωμένα
578 3737 945 3810 εὑρίσκονται,
978 3740 1241 3806 ὡσαύτως
1278 3744 1372 3797 καὶ
1399 3744 1469 3798 τὰ
1502 3746 1559 3798 ἐν
1599 3745 1810 3810 τούτοις

211 3826 475 3882 δοκοῦντα
517 3830 874 3903 ἐναντιοςρανῆ
917 3833 1191 3906 ἐλύσαμεν
1241 3836 1384 3890 κατὰ
1424 3838 1524 3900 τὰς
1568 3839 1806 3904 παλαιὰς

212 3921 535 3994 ἑρμηνείας,
565 3928 658 3978 καὶ
688 3927 831 3980 κατὰ
858 3928 956 3999 τὴν
990 3928 1300 4001 προσοῦσαν
1340 3933 1474 4002 ἡμῖν
1507 3932 1807 4003 ούδαμινὴν

211 4016 433 4087 γνῶσιν.
468 4019 679 4090 Ὥσπερ
711 4021 804 4073 καὶ
830 4020 901 4074 τὰ
926 4023 1033 4076 άπὸ
1062 4024 1173 4077 τῶν
1189 4025 1638 4080 Ἰουστινιανείων
1661 4027 1806 4079 Νεα-

214 4110 322 4181 ρῶν
364 4112 442 4183 μὴ
486 4113 745 4184 δεχθέντα
794 4116 853 4168 ἐν
886 4119 953 4186 τῇ
992 4116 1382 4189 άνακαθάρσει,
1412 4120 1506 4173 καὶ
1530 4121 1682 4191 παρὰ
1711 4122 1806 4173 τοῦ

215 4206 559 4275 πατριάρχου
587 4206 662 4269 ὡς
681 4208 1007 4280 ἐνεργοῦντα
1030 4214 1457 4283 καταγραφέντα
1490 4214 1566 4276 ὡς
1595 4214 1805 4286 πέτραν

214 4296 520 4348 σκανδάλου
559 4298 927 4368 περιείλομεν.
980 4301 1091 4353 Καὶ
1137 4301 1271 4355 ἄλλα
1307 4302 1363 4355 δέ
1410 4321 1530 4356 τινα
1571 4304 1807 4375 χρειώδη

212 4392 305 4444 καὶ
350 4393 685 4462 ἐνεργοῦντα
721 4392 1069 4464 θεσπίσματα
1116 4396 1255 4468 μετὰ
1298 4398 1397 4467 τὴν
1431 4398 1806 4470 ἀνακάθαρσιν

213 4481 567 4554 ἐξενεχθέντα
608 4486 717 4538 ἀπό
763 4504 823 4540 τε
870 4486 1167 4557 βασιλικῶν
1217 4492 1664 4562 προσταγμάτων
1713 4494 1808 4546 καὶ

217 4575 449 4647 Νεαρῶν
481 4577 892 4650 θεσπισμάτων,
927 4580 1043 4650 εἴγε
1077 4581 1177 4651 μὲν
1207 4583 1301 4635 καὶ
1346 4583 1637 4638 συνοδικῶν
1669 4585 1814 4656 πρά-

216 4669 371 4735 ξεων,
422 4674 481 4725 ἐν
510 4671 587 4743 τῷ
630 4674 859 4747 τοιούτῳ
902 4679 1178 4749 πονήματι
1214 4678 1700 4748 κατεστρώσαμεν,
1737 4679 1812 4744 ὡς

213 4763 279 4818 ἂν
309 4764 479 4837 ἔχωσι
525 4767 866 4838 πανταχόθεν
902 4770 950 4821 οἱ
998 4770 1421 4841 ἐντυγχάνοντες
1466 4770 1524 4822 τὸ
1570 4771 1810 4839 ἀσφαλὲς

215 4860 309 4911 καὶ
344 4859 799 4931 ἁπερικλόνητον.
852 4861 919 4915 Εἴ
965 4879 1018 4915 τι
1055 4863 1237 4915 τοίνυν
1279 4863 1353 4934 μὴ
1392 4863 1633 4932 καθῆκον
1672 4864 1807 4928 ἴσως

215 4952 527 5023 γέγραπται
553 4954 585 5026 ἢ
621 4956 679 5007 ἐν
708 4953 917 5018 τούτοις
940 4956 974 5027 ἦ
999 4957 1056 5009 ἐν
1084 4958 1205 5021 ταῖς
1230 4957 1340 5011 τῶν
1366 4960 1608 5011 κανόνων
1632 4960 1808 5029 ἑρμη-

216 5045 384 5109 νείαις
411 5046 684 5114 ἀξιούσθω
711 5049 1063 5121 συγγνώμης.
1106 5050 1240 5104 Οὐδὲ
1262 5051 1370 5123 γὰρ
1392 5052 1663 5123 ἡμέτερόν
1695 5054 1811 5106 ἐστι

1920 3276 2141 3348 planum
2197 3284 2360 3345 atque
2418 3273 2772 3329 manifestum
2819 3272 3070 3328 fecimus.
3106 3273 3309 3328 Deinde
3339 3271 3506 3346 [vero]

1919 3385 2041 3439 quae
2076 3370 2131 3423 in
2169 3368 2569 3439 quinquaginta
2608 3366 2765 3422 libris
2799 3365 3167 3437 Digestorum,
3207 3374 3261 3422 et
3304 3367 3513 3421 duode-

1918 3462 2025 3517 cim
2067 3462 2219 3516 libris
2248 3460 2513 3517 Codicum
2546 3460 2778 3516 antehac
2811 3462 3012 3532 posita,
3045 3461 3098 3514 in
3124 3459 3328 3531 quibus
3365 3476 3511 3514 nunc.

1920 3558 2076 3613 libris
2128 3567 2182 3612 et
2217 3556 2389 3611 titulis
2417 3555 2775 3612 Basilicoruin
2829 3564 3109 3611 constrata
3159 3553 3511 3609 inveniantur

1920 3652 2309 3707 indicavimus.
2344 3648 2611 3704 Similiter
2639 3650 2803 3705 etiam
2829 3663 2951 3717 quae
2981 3648 3122 3701 inter
3152 3647 3269 3702 haec
3302 3646 3354 3700 in
3384 3661 3510 3715 spe-

1919 3748 2057 3803 ciem
2100 3759 2221 3799 esse
2274 3741 2551 3797 contraria
2588 3741 2925 3803 viderentur,
2957 3738 3259 3795 secundum
3302 3748 3513 3792 veteres

1921 3837 2423 3910 interpretationes,
2469 3852 2531 3890 ac
2568 3852 2666 3905 pro
2724 3834 2871 3889 tenui
2918 3850 3025 3904 qua
3080 3832 3288 3902 prtediti
3318 3848 3511 3887 sumus

1922 3932 2152 3988 scientia
2168 3929 2543 3984 dissolvimus.
2574 3927 2744 3994 Quem
2779 3925 2951 3997 [sane]
2974 3924 3269 3979 admodum
3300 3933 3354 3979 et
3389 3942 3513 3994 qua:

1920 4041 1984 4079 ex
2044 4022 2403 4078 Justinianeis
2461 4018 2697 4074 Novellis
2771 4019 2824 4072 in
2887 4016 3330 4085 repurgationem
3403 4032 3510 4068 non

1921 4117 2202 4180 admissa,
2261 4130 2291 4168 a
2339 4114 2622 4184 patriacha
2696 4122 2877 4165 autem
2951 4119 3213 4178 tanquam
3270 4106 3511 4161 eﬂicacia

1918 4208 2187 4275 descripta
2214 4216 2364 4267 sunt,
2395 4205 2541 4258 velut
2562 4202 2882 4257 offensionis
2906 4200 3136 4270 lapidum
3164 4198 3507 4254 sustulimus.

1918 4298 2248 4374 {Postremo}
2282 4313 2413 4353 vero
2446 4296 2745 4350 n0nnullas
2778 4308 2999 4364 quoque
3026 4292 3165 4346 alias
3202 4291 3364 4345 utiles
3399 4289 3513 4344 elli-

1918 4408 2187 4462 cncesqtte
2211 4408 2275 4446 ex
2302 4385 3051 4461 imperatoriisjussionibns,
3078 4384 3512 4450 commentariis,

1919 4486 2268 4556 Novellisquc
2314 4481 2825 4543 constitutionibus,
2873 4488 3039 4545 atque
3071 4478 3234 4531 etiam
3279 4492 3340 4531 ex
3381 4492 3510 4547 syn-

1923 4578 2177 4633 odalibus
2207 4576 2358 4631 Actis
2404 4582 2528 4644 post
2562 4571 2997 4641 repurgationem
3035 4570 3211 4625 editas
3268 4570 3512 4623 sanctio-

1925 4685 2020 4724 nes
2048 4669 2172 4722 huic
2204 4666 2376 4721 labori
2405 4664 2745 4721 inseruimhs
2772 4679 2785 4716 :
2816 4678 2924 4731 quo
2950 4659 3238 4733 [videlicet]
3275 4658 3515 4725 undique

1922 4763 2155 4817 lectores
2204 4760 2595 4813 inconcussam
2628 4757 2866 4811 habeant
2893 4755 3302 4810 certitudinem.
3336 4751 3515 4807 Caete-

1921 4874 2041 4912 rum
2084 4858 2129 4913 si
2171 4855 2301 4927 quid
2353 4853 2487 4909 forte
2526 4862 2621 4908 aut
2664 4853 2717 4908 in
2765 4853 2871 4919 liis,
2907 4862 3000 4907 aut
3031 4852 3083 4905 in
3120 4863 3393 4904 canonum
3430 4847 3512 4900 in-

1924 4950 2432 5022 terpretationibus,
2462 4956 2657 5020 praeter
2680 4947 2944 5002 decorum
2977 4944 3242 5013 scriptum
3281 4940 3370 5005 sit,
3413 4955 3509 4993 ve-

1922 5047 2011 5100 nia
2047 5045 2270 5115 dignum
2310 5042 2556 5097 habetor.
2605 5038 2795 5110 Neque
2824 5039 2970 5093 enim
3021 5036 3200 5090 huccce
3252 5032 3515 5086 luculirao

215 5137 506 5210 τόλμημα,
549 5140 610 5194 τδ
642 5141 735 5211 τοῦ
769 5143 1081 5215 πονήματος
1114 5143 1346 5216 μέγεθος
1368 5184 1382 5209 ,
1430 5144 1568 5198 ἀλλὰ
1615 5145 1693 5215 τ’ἡι

2022 5154 2130 5191 ium
2159 5136 2327 5192 moles
2353 5135 2564 5192 audciae
2594 5142 2816 5200 nostrae,
2860 5130 2953 5186 sed
2979 5126 3308 5183 necessariae
3361 5126 3500 5180 obe—

218 5234 459 5306 ἀνάγκης
487 5236 735 5308 ὑπακοῆς
766 5236 982 5310 ἁποκύη
992 5257 1086 5311 μα.

1919 5233 2136 5287 dieutim
2170 5240 2361 5303 partus
2385 5240 2486 5285 est.
