3916 6244
308 251 415 316 983

1442 242 1710 306 PHOTII
1745 242 2024 304 PATBIA
2032 240 2254 303 RCILE
2294 240 2403 303 (ΖΡ.

3490 243 3591 308 984

310 376 494 418 mores
522 368 573 417 et
603 354 1075 414 consuetudinem.
1107 353 1265 422 Quod
1315 353 1358 410 si
1402 352 1521 409 haec
1575 352 1894 414 defecerint,

2035 350 2187 419 όμος,
2212 348 2656 419 παραφυλάττειν
2674 350 2758 405 δεῖ
2783 350 2844 405 τὸ
2874 350 3020 417 ἔθος,
3042 351 3136 406 καὶ
3166 351 3267 424 τὴν
3296 354 3596 426 συνήθειαν.

270 478 273 479 ν
306 456 557 525 proxima
584 450 881 523 propositae
901 447 1197 520 qucestioni
1224 444 1425 501 similia
1444 453 1572 499 sunt
1601 442 1895 514 sequenda.

312 548 370 601 Si
404 563 473 602 ne
512 546 628 601 haec
657 544 875 614 quidem
911 539 1291 607 inveniantur,
1324 548 1456 593 tunc
1498 538 1591 609 jus
1621 552 1730 607 quo
1768 537 1900 591 urbs

311 638 487 693 Roma
519 636 713 700 utitur,
748 632 959 689 servari
1012 639 1245 703 oportet.
1302 630 1365 685 Et
1400 631 1569 685 them.
1598 628 1654 695 2,
1690 629 1898 684 ἰηνεῐοο

312 739 430 785 rata
464 727 807 785 consuetudo
834 741 932 798 pro
960 726 1078 797 lege
1106 724 1434 781 custoditur.

386 893 548 948 Aliud
594 892 873 946 schoh’um.
923 890 1117 957 Quaere
1159 890 1193 945 6
1222 890 1390 945 tltcm.
1423 904 1542 959 cap.
1586 889 1677 956 4i,
1716 888 1826 955 tit.]
1854 888 1909 954 l,

312 988 488 1051 lib.tl,
516 987 661 1057 quod
686 986 797 1039 ait:
830 983 1300 1051 Quemadmodum
1338 982 1468 1036 latio
1509 982 1639 1052 legis
1686 980 1827 1054 [aut]
1855 982 1907 1036 in

312 1081 515 1149 scripta
575 1077 827 1143 refertur,
855 1086 949 1131 aut
1006 1090 1114 1130 non
1162 1074 1417 1139 refertur,
1468 1074 1539 1128 ita
1589 1074 1707 1144 ejus
1744 1075 1909 1128 etiam

309 1172 593 1244 ahrogatio
622 1176 742 1239 aut)
766 1186 859 1240 per
888 1170 1057 1240 legem
1090 1168 1350 1238 scriptam
1385 1167 1464 1227 ﬁt.
1512 1176 1604 1220 aut
1630 1184 1735 1221 non
1772 1168 1913 1221 scri-

309 1277 485 1338 ptam,
514 1266 565 1321 id
595 1275 815 1334 est,per
840 1262 1277 1317 desuetudinem.
1302 1259 1366 1314 Et
1405 1276 1525 1330 cap.
1550 1260 1619 1315 ιε
1646 1279 1657 1314 :
1694 1259 1766 1312 De
1792 1260 1915 1330 qui-

312 1363 415 1418 bus
467 1361 652 1418 causis
689 1360 776 1415 lex
817 1359 1020 1429 scripta
1061 1373 1168 1412 non
1196 1366 1298 1423 est,
1337 1357 1638 1410 inveterata
1676 1369 1848 1408 consu
1886 1382 1916 1395 -

313 1455 445 1510 tudo
471 1470 570 1525 pro
596 1454 711 1523 lege
739 1454 905 1507 valet.
934 1453 1001 1507 Et
1038 1466 1158 1521 cap.
1190 1450 1279 1505 43.
1320 1447 1474 1503 Tunc
1501 1447 1732 1516 alicujus
1763 1447 1917 1501 urhis

312 1556 405 1602 aut
449 1546 694 1616 regionis
733 1543 1133 1600 consuetudine
1188 1542 1419 1604 utimur,
1450 1538 1672 1609 quando
1704 1539 1756 1591 in
1802 1538 1916 1593 dis'

314 1638 678 1709 ceptationem
710 1644 924 1698 vocata,
955 1637 1009 1690 in
1060 1635 1272 1706 judicio
1296 1635 1510 1689 ﬁrmata
1549 1641 1654 1687 est.
1687 1629 1753 1684 Et
1793 1645 1919 1700 car.

2004 442 2065 495 Ei
2090 442 2146 494 δὲ
2174 441 2266 494 καὶ
2286 441 2447 495 τοῦτο
2468 441 2726 509 ἐλλείπει,
2755 444 3081 499 ἀκολουθεῖν
3110 448 3223 510 τοῖς
3246 446 3601 517 πλησιάζουσι

2010 538 2107 592 καὶ
2138 539 2342 594 ἐοικόσι
2367 539 2444 609 τῷ
2475 540 2817 611 ζητουμένῳ.
2858 542 2921 594 Εἰ
2963 540 3021 595 δέ
3056 541 3195 613 μήτε
3223 541 3397 596 ταῦτα
3427 544 3603 616 εὑρίσ-

2007 649 2185 699 κεται,
2219 632 2342 685 τότε
2370 632 2433 686 τὺ
2465 633 2698 703 νόμιμον
2730 627 2885 702 ᾧτινι
2916 636 2950 705 ἡ
2981 633 3171 705 Ῥώμη
3220 634 3482 706 κέχρηται
3506 656 3606 708 φυ-

2007 724 2223 779 λάττειν
2250 724 2348 787 δεῖ,
2384 725 2478 778 καὶ
2502 724 2648 797 θὲμα
2681 725 2725 796 β’
2767 728 2800 797 ἠ
2832 726 3038 781 παλαιά
3070 728 3331 800 συνήθεια
3367 730 3486 784 ἀντὶ
3515 732 3604 784 νό-

2014 834 2115 888 μου
2145 815 2493 885 φυλάττεται,

2088 908 2200 961 Καὶ
2251 907 2393 978 θέμα
2415 916 2469 974 ς’
2493 908 2685 980 ὥσπερ
2723 912 2756 981 ἡ
2804 908 2953 974 θέσις
2999 909 3092 963 τοῦ
3140 910 3309 982 νόμου
3338 911 3613 985 ἔγγραφος

2014 999 2108 1053 καὶ
2141 999 2385 1071 ἄγραφός
2443 1003 2582 1065 ἐστι,
2618 1000 2762 1057 οὓτω
2797 1004 2895 1057 καὶ
2948 1005 2982 1074 ἡ
3017 1004 3295 1075 ἀναίρεσις
3342 1006 3375 1077 ἢ
3425 1006 3492 1058 δι’
3522 1007 3612 1074 ἐγ-

2015 1092 2231 1163 γράφου
2261 1094 2469 1161 γίνεται
2487 1095 2653 1163 νόμου
2684 1097 2718 1167 ἢ
2748 1094 2817 1150 δι’
2862 1095 3136 1168 ἀγράφου,
3174 1097 3319 1150 τοῦτ’
3364 1096 3479 1151 ἐστι
3517 1098 3615 1167 τῆς

2015 1185 2305 1256 ἀκρησίας.
2358 1186 2469 1240 Καὶ
2499 1205 2625 1255 κεφ.
2676 1185 2804 1258 μβ’,
2857 1189 2891 1259 ή
2939 1187 3128 1259 μακρά
3179 1189 3439 1260 συνήθεια
3496 1190 3617 1243 ἀντὶ

2018 1277 2185 1347 νόμου
2226 1280 2420 1350 κρατεῖ
2457 1280 2518 1332 ἐν
2559 1273 2641 1344 οἷς
2688 1281 2791 1334 οὐκ
2828 1280 2975 1336 ἐστιν
3020 1282 3322 1352 ἔγγραφος,
3355 1283 3451 1335 καὶ
3489 1298 3612 1350 κεφ.

2024 1369 2114 1440 μγ¹
2164 1371 2285 1425 τότε
2332 1373 2652 1444 κεχρήμεθα
2702 1377 2768 1445 τῇ
2819 1374 3079 1446 συνηθείᾳ
3125 1375 3272 1437 τινὸς
3323 1373 3533 1436 πόλεως
3583 1373 3616 1444 ἢ

2021 1463 2311 1534 ἐπαρχίας,
2339 1466 2427 1519 ὅτε
2454 1465 2938 1540 ἀμφισϐητηθεῖσα
2970 1470 3027 1523 ἐν
3046 1466 3384 1540 δικαστηρίῳ
3409 1466 3622 1522 ἐϐεϐαι-

2021 1554 2157 1625 ώθη,
2194 1556 2290 1610 καὶ
2320 1575 2448 1627 κεφ.
2484 1558 2588 1629 μδ’,
2620 1560 2717 1613 καὶ
2737 1558 2809 1613 τὰ
2838 1561 3029 1632 μακρᾷ
3080 1559 3341 1633 συνηθείᾳ
3390 1560 3619 1629 δοκιμα-

2026 1647 2250 1707 σθέντα.
2302 1650 2395 1703 καὶ
2441 1652 2535 1705 ἐπὶ⁵
2570 1653 2785 1717 πολλοῖς
2825 1654 3094 1717 ἐνιαυτοῖς
3132 1652 3481 1724 φυλαχθέντα
3528 1652 3623 1722 οὐχ

312 1731 384 1785 44
419 1749 431 1785 :
478 1730 611 1797 Quae
640 1730 811 1801 longa
851 1728 1251 1785 consuetudine
1280 1726 1632 1798 comprobata
1677 1730 1827 1787 sunt,
1862 1739 1925 1779 ac

2035 1728 2191 1809 ἧττον
2218 1738 2328 1791 τῶν
2366 1740 2664 1810 ἐγγράφων
2695 1742 2981 1813 κρατοῦσι,
3016 1742 3112 1796 καὶ
3142 1720 3409 1812 κεφ.-με’,
3432 1741 3511 1805 ὼς

311 1840 413 1895 per
444 1825 647 1880 multos
675 1840 848 1879 annos
878 1829 1193 1890 observata,
1251 1837 1360 1877 non
1393 1821 1579 1876 minus
1609 1834 1773 1891 quam
1809 1816 1920 1892 [ea,

314 1922 461 1997 qure]
488 1924 687 1994 scripta
717 1921 871 1996 [sunt
908 1922 1060 1994 jura]
1103 1929 1416 1978 servantur.
1446 1919 1513 1974 Et
1542 1933 1664 1989 cap.
1696 1916 1767 1973 45
1794 1935 1806 1971 :
1851 1913 1923 1971 Ut

314 2033 440 2085 qua
467 2017 522 2071 in
557 2024 770 2071 tantum
807 2015 1031 2085 probata
1088 2014 1218 2079 sint,
1260 2021 1319 2067 ut
1345 2027 1453 2065 non
1501 2008 1666 2063 fuerit
1697 2023 1921 2065 necesse

319 2109 529 2178 scripto
569 2104 1051 2175 comprehendere.
1078 2103 1145 2159 Et
1178 2120 1298 2175 cap.
1323 2104 1393 2158 46
1424 2120 1440 2160 :
1469 2102 1525 2157 In
1545 2101 1723 2171 legum
1760 2101 1927 2155 inter-

2025 1825 2183 1880 σοῦτο
2209 1827 2613 1899 δοκιμασθέντα
2634 1830 2776 1885 ὥστε
2802 1833 2899 1885 καὶ
2926 1833 3002 1903 μὴ
3027 1831 3286 1904 δεηθῆναι
3313 1832 3621 1903 ἐγγράφου.

2024 1920 2118 1972 καὶ
2148 1937 2272 1989 κεφ.
2308 1920 2409 1991 μς·’
2429 1924 2488 1975 ἐν
2517 1925 2583 1995 τῇ
2615 1925 2723 1977 τῶν
2743 1925 2924 1995 νόμων
2947 1924 3236 1996 ἑρμηνείᾳ,
3262 1926 3330 1995 τῇ
3356 1922 3624 1993 συνηθείᾳ

2020 2011 2101 2064 δεῖ
2136 2012 2425 2084 προσέχειν
2459 2014 2559 2084 τῆς
2609 2015 2841 2079 πόλεως,
2889 2016 2985 2070 καὶ
3030 2033 3158 2084 κεφ.
3204 2013 3314 2087 μζ,
3340 2016 3437 2069 καὶ
3476 2016 3627 2078 ὅπως

2035 2103 2130 2155 ἐπὶ¹
2157 2102 2267 2156 τῶν
2304 2105 2508 2173 ὁμοίων
2537 2106 2626 2160 διά
2653 2108 2852 2169 παντὸς
2869 2107 3167 2179 ἐψηφίσθη.

318 2201 625 2269 pretatiune
678 2198 917 2254 civitatis
975 2200 1314 2255 consuetudo
1372 2196 1855 2252 animadvertenda
1902 2206 2007 2253 est.
2072 2196 2137 2253 Et
2170 2215 2290 2271 cap.
2322 2202 2390 2256 47
2432 2218 2445 2255 :
2485 2201 2909 2273 [lnspiciendum
2976 2202 3190 2275 etiam,j
3222 2202 3505 2273 quomodo
3573 2201 3627 2256 iu

316 2294 593 2351 similibus
622 2303 886 2364 perpetuo
913 2291 1219 2363 judicatum
1267 2293 1361 2349 sit.
1416 2294 1435 2357 ξ

392 2387 562 2443 Docet
608 2403 775 2459 porro
816 2388 1149 2459 Stephanus,
1189 2401 1312 2457 cap.
1348 2386 1442 2452 42,
1484 2384 1747 2456 quiddam
1778 2383 1923 2453 opti-

318 2496 497 2543 mum,
523 2488 577 2535 et
604 2494 726 2549 qua:
754 2479 901 2535 circa
932 2477 1391 2533 consuetudinem
1424 2491 1532 2530 non
1556 2475 1815 2545 scriptam
1838 2474 1921 2529 di-

318 2573 550 2629 versitas
593 2582 836 2641 apparet,
879 2571 1060 2627 solvit:
1104 2568 1371 2624 Diuturna
1407 2567 1753 2623 consuetudo
1807 2566 1918 2639 (in-

318 2662 540 2732 quiens)
563 2670 693 2717 tunc
710 2671 768 2715 ut
792 2660 877 2715 lex
895 2660 1055 2724 valet,
1081 2660 1301 2729 quando
1320 2657 1423 2728 legi
1459 2657 1678 2727 scriptae
1703 2672 1812 2710 non
1835 2671 1921 2709 re-

318 2762 546 2824 pugnat.
581 2753 769 2823 Neque
800 2768 931 2808 vero
956 2752 1060 2807 hoc
1086 2751 1177 2806 ﬁni
1202 2750 1470 2822 prmmissi
1499 2748 1693 2820 digesti
1719 2748 1921 2803 adver—

324 2850 433 2902 sari
471 2848 776 2902 existimes.
812 2846 925 2903 Illic
976 2847 1122 2902 enim
1164 2847 1231 2902 de
1269 2846 1633 2901 desuetudine
1670 2844 1921 2914 loquens,

326 2940 474 3011 quod
501 2941 589 2995 illa
611 2942 782 3011 legem
809 2941 984 3011 possit
1013 2940 1298 3010 abrogare,
1333 2940 1466 2995 dicit
1500 2958 1513 2995 :
1568 2938 1659 2993 hic
1699 2953 1830 2993 vero
1858 2936 1925 2991 de

2109 2388 2361 2444 Διδάσκει
2404 2390 2463 2444 δὲ
2492 2393 2520 2445 ὁ
2554 2392 2826 2459 Στέφανος
2872 2392 2932 2445 ἐν
2972 2389 3050 2461 τῷ
3085 2390 3177 2461 μβν
3203 2407 3332 2459 κεφ.
3371 2390 3631 2444 διδασκαι

2033 2479 2152 2533 λίαν
2183 2482 2436 2552 ἀρίστην,
2485 2483 2581 2537 καὶ
2618 2482 2733 2537 λύει
2762 2482 2863 2547 τάς
2890 2481 3019 2552 περὶ
3036 2482 3289 2552 ἀγράφου
3334 2482 3631 2553 συνηθείας

2028 2574 2490 2642 ἐναντιοφανείας,
2509 2574 2684 2643 λέγων
2704 2573 2900 2641 οὕτως,
2930 2575 2995 2627 Ἠ
3014 2573 3203 2645 χρονία
3221 2574 3487 2643 συνήθεια
3511 2575 3629 2626 τότε

2029 2665 2106 2727 ὼς
2136 2665 2299 2735 νόμος
2329 2670 2541 2738 κρατεῖ,
2563 2668 2653 2720 ὅτε
2686 2665 2762 2736 μὴ
2795 2665 3059 2736 ἐγγράφῳ
3088 2666 3423 2737 διαμάχηται
3457 2666 3627 2735 νόμῳ.

2034 2760 2144 2812 Kal.
2176 2757 2253 2829 μὴ
2276 2758 2466 2830 νόμιζε
2483 2759 2643 2813 τοῦτο
2660 2759 2903 2814 ἐναντίον
2924 2755 3068 2813 εἶναι
3092 2757 3171 2828 τῷ
3194 2760 3338 2812 τέλει
3364 2757 3464 2811 τοῦ
3494 2774 3629 2829 προ-

2034 2850 2293 2916 λαϐόντος
2317 2853 2713 2923 διατάγματος.
2746 2852 2893 2905 Ἐκεῖ
2922 2851 3023 2923 μέν
3054 2850 3164 2922 γάρ
3184 2851 3314 2922 περὶ
3340 2850 3632 2920 συνηθείας

2034 2943 2210 3012 λέγον,
2234 2944 2401 3015 φησὶν
2418 2947 2501 2999 ὅτι
2522 2945 2746 2999 δύναται
2764 2945 2901 3015 αὐτὴ
2920 2945 3084 3014 νόμον
3100 2943 3331 2999 ἀνελεῖν.
3366 2942 3635 2997 Ἐνταῦθα

322 3033 725 3089 consuetudine
773 3034 1015 3105 loquitur
1045 3034 1252 3099 dicens,
1289 3033 1436 3104 quod
1467 3032 1807 3088 consuetudo
1834 3031 1926 3101 jus

2035 3036 2091 3090 δέ
2116 3039 2244 3108 περὶ
2264 3037 2554 3109 συνηθείας
2575 3040 2708 3108 φησὶ
2722 3040 2816 3091 καὶ
2830 3036 2979 3106 λέγει
2999 3037 3082 3091 ὅτι
3098 3036 3283 3089 καινὸν
3294 3036 3397 3090 οὐκ
3417 3035 3635 3101 εἰσάγει

323 3141 531 3181 novum
550 3141 657 3182 non
676 3126 996 3195 introducit,
1013 3128 1055 3182 si
1076 3126 1246 3183 veteri
1262 3125 1494 3197 cuipiam
1515 3125 1616 3198 legi
1646 3134 1923 3195 repugnet.

2036 3128 2264 3200 νόμιμον
2322 3131 2369 3201 κη
2434 3128 2696 3200 συνήθεια
2759 3135 2808 3182 ει
2868 3127 3086 3199 παλαιῷ
3146 3144 3251 3181 τινι
3305 3127 3463 3198 νόμῳ
3530 3127 3635 3197 μά-

323 3219 470 3275 Fieri
484 3219 626 3275 enim
643 3230 840 3289 potest,
855 3231 907 3275 ut
936 3236 1031 3291 per
1044 3220 1458 3276 desuetudinem
1474 3219 1597 3288 jure
1614 3219 1799 3289 aliquo
1819 3231 1924 3270 non

323 3323 549 3369 utamur
577 3331 590 3367 :
617 3329 723 3368 non
746 3324 951 3380 autem,
973 3313 1325 3368 utcontrario
1340 3313 1505 3367 modo
1528 3321 1765 3367 utamur.
1790 3309 1927 3366 Nota

332 3407 501 3477 igitur
528 3408 669 3461 lianc
693 3407 1028 3468 doctrinam,
1064 3414 1124 3460 ut
1148 3420 1272 3475 quze
1303 3415 1357 3459 et
1390 3404 1635 3472 speciosa
1666 3403 1757 3466 sit,
1788 3413 1841 3456 et
1872 3402 1924 3455 in

325 3494 547 3565 iudiciis
579 3495 974 3566 lrequentetur.
998 3493 1189 3550 Const.
1229 3495 1280 3559 l,
1308 3493 1363 3559 θ,
1394 3492 1447 3559 5,
1480 3494 1560 3548 tit.
1599 3492 1690 3559 5‘2,
1714 3492 1806 3545 liii.
1832 3508 1928 3546 rm

331 3591 471 3646 Cod.
499 3592 553 3645 in
583 3591 750 3645 Basil.
788 3591 984 3658 posita:
1026 3603 1132 3643 non
1167 3596 1315 3642 sunt.
1342 3588 1617 3656 Digcsmm
1642 3602 1769 3640 vero
1803 3585 1927 3647 102,

332 3685 399 3737 tit
420 3683 508 3748 l7,
534 3682 623 3736 lili.
649 3698 680 3736 ι.
703 3683 903 3751 Digest.
928 3690 1012 3736 est
1038 3691 1200 3751 caput
1220 3682 1339 3748 183,
1373 3683 1454 3736 tit.
1486 3682 1538 3743 5,
1568 3680 1663 3735 lib.
1698 3696 1736 3735 ιι
1764 3679 1927 3735 Basil.

333 3779 479 3847 quod
516 3777 598 3833 sic
636 3776 840 3831 habet:
897 3775 1067 3847 Egre
1120 3778 1366 3845 quidem,
1413 3786 1470 3831 at
1517 3774 1713 3848 [certe]
1749 3786 1929 3831 tamen

334 3869 592 3939 aequitate
617 3868 869 3937 exigente
899 3876 1181 3922 mutamus
1213 3868 1697 3923 consuetudinem.
1728 3866 1930 3920 Verum

334 3971 395 4017 tu
465 3963 606 4016 hanc
642 3962 851 4033 legem,
905 3962 1209 4017 secundum
1265 3962 1613 4031 postmodum
1676 3959 1928 4030 prasenti

337 4054 470 4109 huic
502 4053 537 4107 '5
570 4070 692 4123 cap.
713 4051 998 4126 [insertas]
1027 4053 1175 4123 leges
1200 4054 1584 4122 interpretare,
1619 4062 1787 4123 atque
1820 4052 1929 4116 dic,

338 4158 453 4201 tum
480 4156 698 4217 propter
716 4146 1007 4201 utilitatem
1032 4146 1275 4215 aliquam
1319 4145 1779 4201 consuetudinem
1809 4162 1930 4199 mu-

336 4240 467 4307 tari,
496 4238 720 4308 quando
769 4240 822 4293 in
856 4239 1069 4307 judicio
1108 4238 1432 4293 conﬁrmata
1460 4255 1567 4294 non
1598 4248 1685 4293 est
1722 4258 1733 4293 :
1772 4237 1931 4310 [alio-

339 4330 437 4400 qui
504 4329 653 4402 vero]
714 4341 974 4402 tanquam
1024 4331 1200 4400 legent
1272 4332 1533 4400 scriptam
1616 4330 1929 4384 valituram.

337 4421 639 4492 Propterea
681 4424 825 4476 enim
868 4424 956 4479 hic
1006 4423 1281 4492 adjectum
1316 4432 1444 4478 est:
1491 4420 1658 4491 Egre
1685 4420 1931 4491 quidem,

340 4524 581 4569 attamen
633 4516 893 4584 aequitate
941 4516 1196 4587 exigente
1238 4516 1698 4572 consuetudinem
1736 4516 1939 4570 inimu-

344 4619 550 4663 tamus.
580 4606 699 4662 Non
730 4618 815 4663 est
852 4608 939 4663 lex
987 4610 1213 4680 scripta,
1251 4626 1375 4681 qua:
1414 4618 1643 4672 Statuat,
1674 4609 1796 4663 utsi
1829 4624 1938 4677 qua

343 4697 565 4754 tonderi
619 4709 784 4769 atque
846 4699 1144 4755 divortium
1187 4699 1369 4756 facere
1398 4716 1524 4755 cum
1558 4700 1756 4756 marito
1789 4700 1937 4765 velit,

344 4804 416 4844 ne
447 4790 739 4845 confestim
786 4791 1086 4847 tondeatur
1132 4810 1145 4846 :
1197 4794 1293 4848 sed
1330 4794 1385 4847 in
1416 4794 1809 4850 monasteriqu
1839 4794 1937 4848 alt-

345 4884 603 4950 ducatur,
637 4894 692 4939 et
722 4885 984 4941 trimestri
1032 4887 1211 4955 spatio
1255 4889 1595 4958 exploretur,
1621 4890 1770 4960 {num
1800 4887 1940 4943 forte

344 4981 402 5031 in
449 4975 595 5049 [ipso
620 4978 793 5051 velut]
826 4995 1018 5051 pugna:
1060 4981 1218 5036 initio
1269 4991 1553 5037 tonsuram
1593 4982 1937 5053 deprecetur.

343 5072 453 5127 Sed
491 5090 554 5127 ex
613 5074 874 5146 inscripta
915 5077 1335 5144 consuetudine,
1371 5078 1941 5149 sa‘penumeroinju-

346 5164 494 5219 dicio
529 5166 751 5235 probata
783 5176 836 5222 et
864 5168 1191 5224 conﬁrmata
1231 5181 1513 5241 receptum
1546 5180 1653 5235 est,
1688 5187 1755 5225 ne
1783 5173 1941 5226 aliter

346 5262 565 5316 mulieri
623 5273 847 5319 tonsura
907 5266 1297 5333 permittatur,
1334 5283 1498 5336 quam
1546 5267 1590 5323 si
1658 5278 1782 5338 post
1833 5278 1946 5323 tres

346 5368 569 5409 menses
608 5354 943 5425 interrogata
998 5356 1089 5422 sit,
1118 5371 1189 5410 an
1238 5355 1294 5410 in
1329 5356 1433 5411 hoc
1470 5357 1615 5411 bono
1664 5358 1942 5427 proposito

345 5461 677 5517 permanere
701 5447 901 5522 [velit].
937 5448 1015 5505 Ac
1050 5447 1231 5522 [sane]
1280 5450 1381 5504 hac
1410 5451 1477 5505 de
1519 5464 1579 5504 re
1617 5464 1805 5504 coram
1841 5450 1943 5505 ini-

347 5544 628 5610 peratorio
681 5542 942 5597 tribunali
1002 5542 1266 5617 [abunde]
1320 5544 1456 5599 satis
1508 5552 1778 5599 certatum
1835 5553 1938 5598 est.

340 5634 485 5691 Cum
521 5635 666 5689 enim
692 5636 849 5691 multi
878 5637 1144 5701 dicerent,
1187 5639 1386 5693 debere
1430 5636 1697 5711 [cuidam]
1727 5637 1939 5691 mulieri

348 5725 519 5781 ﬂavos
554 5729 685 5784 istos
723 5730 905 5786 crines
942 5730 1233 5809 confestim
1274 5733 1577 5798 detonderi,
1605 5730 1748 5802 quod
1797 5730 1939 5785 ﬁrmi

1963 4474 2018 4536 D

2036 3237 2221 3290 χηται,
2290 3219 2551 3291 νομίμῳ,
2634 3220 2698 3273 οὗ
2785 3220 2883 3291 μὲν
2950 3220 3212 3283 ἐναντίως
3304 3218 3635 3289 κεχρῆσθαι.
3696 3262 3707 3265 -

2037 3311 2276 3366 Δυνατὸν
2311 3311 2414 3383 μὲν
2436 3312 2544 3384 γάρ
2570 3314 2635 3366 ἐκ
2667 3312 2768 3383 τῆς
2794 3312 3129 3380 ἀσυνηθείας
3182 3310 3257 3383 μὴ
3300 3310 3636 3381 κεχρῆσθαι.

2039 3406 2351 3478 Σημείωσαι
2408 3402 2502 3461 οὖν
2557 3407 2657 3479 τὴν
2711 3406 2972 3477 τοιαύτην
3032 3407 3384 3460 διδα;καλίαν
3420 3405 3641 3476 ὡραίαν

2037 3495 2225 3567 οὖσαν,
2256 3500 2351 3553 καὶ
2380 3501 2438 3553 ἐν
2476 3503 2591 3564 τοῖς
2618 3500 2994 3571 δικαστηρίοις
3014 3499 3413 3570 συχνάζουσαν.
3462 3501 3529 3552 Ἢ
3565 3497 3632 3561 α’,

2042 3591 2084 3659 β’
2117 3595 2210 3645 καὶ
2230 3590 2277 3662 γ’
2306 3592 2549 3659 διάταξις
2574 3592 2667 3645 τοῦ
2700 3590 2777 3662 νβ’
2801 3593 2907 3646 τίτ.
2932 3592 3027 3645 τοῦ
3051 3590 3099 3663 η’
3144 3592 3349 3663 βιϐλίου
3376 3591 3477 3645 τοῦ
3513 3592 3637 3645 Κώ-

2038 3686 2207 3751 δικος,
2242 3687 2341 3739 οὑκ
2367 3685 2526 3753 ἐτέθη
2555 3687 2635 3749 είς
2668 3685 2737 3738 τά
2763 3684 3048 3739 Βασιλικά.
3083 3685 3150 3737 Ἠ
3180 3685 3237 3738 δέ
3276 3683 3355 3755 ρβ¹
3382 3684 3639 3750 διάταξις

2038 3777 2133 3831 τοῦ
2162 3777 2225 3843 ιζ’
2256 3779 2359 3833 τίτ.
2391 3778 2484 3833 τοῦ
2512 3776 2553 3833 ν’
2580 3777 2785 3848 βιϐλίου
2812 3777 2907 3830 τοῦ
2939 3777 3187 3839 Κώδικός
3211 3778 3325 3829 ἐστι
3354 3792 3482 3843 κεφ.
3512 3772 3639 3846 ρπγ⁹

2045 3871 2141 3925 τοῦ
2165 3870 2214 3941 γ’
2244 3871 2353 3926 τίτ.
2387 3870 2482 3925 τοῦ
2512 3870 2557 3943 β’
2587 3869 2792 3942 βιϐλίου
2813 3870 2921 3925 τῶν
2951 3868 3259 3925 Βασιλικῶν
3287 3866 3412 3939 ἔχον
3434 3867 3638 3929 οὕτως·

2041 3964 2333 4036 Δυσχερῶς
2384 3964 2504 4034 μέν,
2548 3964 2699 4033 ὅμως
2750 3962 2806 4016 δὲ
2870 3959 2965 4015 τοῦ
3020 3959 3226 4014 δικαίου
3272 3958 3640 4020 ἀπαιτοῦντος

2040 4056 2440 4126 ἐναλλάσσομεν
2483 4056 2583 4126 τὴν
2628 4052 2935 4126 συνήθειαν.
2973 4052 3121 4122 Πλὴν
3152 4052 3216 4104 σὺ
3255 4049 3346 4102 τὸν
3392 4048 3643 4102 τοιοῦτον

2041 4151 2207 4220 νόμον
2234 4149 2507 4220 ἐρμήνευε
2542 4148 2685 4202 κατά
2728 4146 2854 4207 τοὺς
2885 4144 3113 4198 δπισθεν
3140 4141 3639 4212 καταστρωθέντας

2041 4244 2261 4313 νόμους,
2295 4243 2462 4313 ἦγουν
2489 4240 2643 4313 ἐντῷ
2676 4240 2905 4312 παρόντι
2940 4237 2988 4306 γ’
3023 4256 3173 4306 κεφ.,
3209 4238 3305 4290 καὶ
3336 4236 3467 4305 λέγε
3516 4235 3639 4288 τότε

2040 4337 2139 4407 τὴν
2175 4336 2394 4407 μακράν
2450 4335 2738 4407 συνήθειαν
2768 4332 3195 4387 ἐναλλάσσεσθαι
3226 4332 3313 4384 διά
3348 4347 3399 4383 τι
3441 4331 3640 4402 χρήσι-

2047 4444 2146 4499 μον
2174 4428 2263 4483 ὅτε
2315 4427 2390 4497 μὴ
2442 4426 2716 4497 βεϐαιωθῇ
2750 4425 2888 4495 αὑτὴ
2932 4427 2990 4478 ἐν
3017 4423 3377 4494 δικαστηρίῳ,
3430 4422 3530 4476 καὶ⁵
3562 4422 3640 4484 ὡς

2043 4516 2207 4587 νόμος
2228 4517 2504 4588 ἔγγραφος
2530 4516 2822 4587 κρατήσει.
2844 4516 2943 4569 Διά
2972 4517 3081 4586 γάρ
3104 4514 3263 4568 τοῦτο
3281 4515 3376 4565 καὶ
3401 4512 3639 4566 ἐνταῦθα

2042 4608 2361 4681 προσέθετο,
2406 4611 2467 4663 τὸ
2499 4610 2778 4679 δυσχερῶς
2828 4610 2949 4677 μὲν,
2984 4610 3135 4678 ὅμως
3177 4608 3235 4659 δὲ
3273 4606 3368 4660 τοῦ
3420 4605 3641 4659 δικαίου

2042 4703 2405 4769 ἀπαιτοῦντος
2463 4704 2867 4772 ἐναλλάσσομεν
2919 4702 3017 4773 τὴν
3079 4700 3391 4769 συνήθειαν.
3452 4699 3639 4767 Νόμος

2042 4798 2292 4870 ἄγραφος
2315 4798 2415 4850 οὐκ
2446 4796 2562 4849 ἔστι
2602 4796 2971 4865 διοριζόμενος
2998 4794 3097 4862 τὴν
3137 4793 3397 4846 θέλουσαν
3428 4792 3641 4843 ἀποκα-

2045 4890 2207 4962 ρῆναι
2238 4890 2331 4944 καὶ
2360 4888 2679 4959 διαζυγῆναι
2700 4887 2793 4939 τοῦ
2822 4887 3025 4939 οἰκείου
3048 4886 3238 4957 ἀνδρὸς
3263 4884 3339 4955 μὴ
3372 4882 3641 4936 ἀπεντεῦ-

2044 4983 2135 5037 θεν
2171 4982 2587 5054 ἀποκείρεσθαι,
2630 4980 2745 5035 ἀλλ’
2788 4983 2867 5043 εἰς
2914 4980 3279 5048 μοναστήριον
3326 4976 3641 5043 ἀπάγεσθαι

2045 5078 2141 5131 καὶ
2184 5076 2271 5129 διά
2308 5075 2639 5147 τριμηναίου
2681 5072 2876 5142 καιροῦ
2926 5071 3345 5139 δοκιμάζεσθαι,
3401 5069 3474 5137 μή
3507 5084 3639 5118 ποτε

2046 5168 2190 5223 κατά
2222 5168 2530 5239 ἀψιμαχίαν
2555 5167 2652 5236 τὴν
2684 5166 2992 5236 ἀπόκαρσιν
3019 5164 3342 5236 ἐξῃτήσατο.
3388 5160 3549 5214 Ἀλλά
3581 5159 3641 5222 ἐξ

2045 5262 2295 5332 ἀγράφου
2332 5260 2623 5331 συνηθείας
2672 5257 3099 5328 δοκιμασθείσης
3132 5254 3393 5317 πολλάκις
3424 5255 3514 5305 ἐπὶ
3557 5251 3639 5303 δι-

2048 5359 2346 5429 καστηρίου
2393 5360 2487 5410 καὶ
2541 5354 2933 5425 βεϐαιωθείσης
2980 5352 3295 5422 νενόμισται
3339 5350 3415 5421 μὴ
3462 5348 3638 5409 ἄλλως

2046 5452 2143 5521 τὴν
2192 5450 2500 5520 ἀπόκαρσιν
2569 5447 2964 5518 ἐπιτρέπεσθαι
3007 5446 3106 5514 τῆς
3157 5444 3419 5512 γυναικὸς
3466 5443 3513 5493 εἰ
3561 5440 3634 5508 μὴ

2049 5544 2187 5614 μετὰ
2222 5544 2483 5615 τρίμηνον
2515 5544 2867 5612 ἐρωτωμένη,
2908 5538 2987 5609 τῷ
3016 5536 3207 5606 ἀγαθῴ
3236 5535 3411 5605 τούτῳ
3447 5530 3635 5599 σκοπῷ

2047 5637 2297 5708 ἐμμένει.
2336 5637 2445 5689 Καὶ
2474 5634 2895 5704 ἐγυμνάσθησαν
2928 5631 2997 5685 τὰ
3026 5630 3155 5700 περὶ
3185 5629 3376 5683 τούτου
3404 5625 3484 5692 ἐφ’
3514 5627 3636 5675 ἱκα-

2049 5729 2254 5784 νδνὲπὶ
2300 5726 2581 5799 βασιλικοῦ
2630 5726 2895 5795 βήματος.
2948 5720 3164 5777 Πολλῶν
3217 5719 3325 5790 γὰρ
3375 5714 3634 5785 λεγόντων
