3916 6244
268 243 373 309 985

1301 239 1787 308 NOMOCANON.
1818 248 2055 310 —TIT.
2094 248 2144 323 Ι,
2186 248 2345 311 CAP.
2383 248 2481 325 IV,
2512 251 2587 313 Y-

3473 250 3579 317 986

268 360 505 430 ὀφείλειν
550 359 651 430 τὴν
702 359 939 428 γυναῖκα
989 359 1085 414 τοῦ
1132 361 1596 436 Πυρρογεωργίου
1655 365 1857 420 ἐκείνοι

1976 367 2279 440 [plenique]
2305 368 2499 439 judicii
2533 378 2699 434 esset,
2740 376 2802 423 ut
2844 382 2967 439 qua:
3001 366 3165 422 etiam
3202 366 3571 439 quadraginta

268 451 600 506 dnsvtsﬁesv
638 450 989 525 ἀποκαρῆναι
1029 453 1120 507 διὰ
1161 454 1241 520 τὸς
1282 450 1423 509 εἶναι
1457 456 1629 528 αὐτὴν
1658 460 1865 530 φρονή-

271 562 443 615 ματος
473 544 696 612 στερεοῦ
734 544 810 609 ὼς
840 547 939 599 καὶ.
974 546 1385 616 τεσσαράκοντα
1434 548 1528 620 ἔτη
1564 549 1750 613 οὖσαν,
1789 552 1865 622 μὴ

270 635 415 693 εἶναι
442 639 497 692 δὲ
544 639 709 708 νόμον
749 638 1030 712 ἔγγραφον
1062 641 1224 712 χάριν
1263 641 1358 694 τοῦ
1392 643 1659 715 τριμήνου
1685 646 1712 697 ὁ
1741 644 1863 697 θεο-

267 732 496 803 στεφὴς.
550 730 868 800 κράτιστος,
914 732 1012 786 καὶ
1065 734 1221 801 ἆγιος
1262 734 1419 804 ἡμῶν
1465 735 1723 804 βασιλεὺς
1767 737 1866 808 τὴν

269 824 489 896 μακρὰν
544 825 838 896 συνήθειαν
890 826 1232 897 κυρωθεῖσαν
1260 828 1336 891 ὡς
1372 828 1591 900 εἴρηται
1632 830 1757 883 ἀντὶ
1780 832 1866 885 νό-

269 933 373 982 μου
419 918 705 989 ἐγγράφου
754 917 995 986 ἐδέξατο,
1044 919 1140 972 καὶ
1181 919 1535 991 σημειὼματι
1579 922 1864 992 ἐστήριξεν

262 1009 406 1063 ὥστε
438 1010 559 1063 τότε
603 1010 854 1082 ἄγραφος
898 1011 1156 1081 συνήθεια
1205 1014 1606 1082 παραϐαίνεται
1662 1017 1751 1069 τοῦ
1780 1017 1864 1070 δι·

263 1100 427 1154 καίου
457 1101 851 1169 άπαντοῦντος,
885 1103 1055 1175 ἡγουν
1077 1104 1271 1157 αἱτιῶν
1300 1107 1679 1177 προκειμένων
1710 1108 1864 1161 εύλὸο

262 1210 378 1261 γων
405 1194 496 1247 ὅτε
529 1193 607 1265 μὴ
651 1195 956 1268 ἐϐεϐαιώθη
988 1196 1080 1266 διᾲ
1120 1199 1451 1269 δικαστικῆς
1492 1198 1861 1269 διαγνώσεως.

261 1282 421 1340 Εἶδον
454 1286 566 1359 γὰρ
590 1288 686 1341 καὶ
713 1288 965 1359 ἄγραφον
996 1290 1289 1361 συνήθειαν
1327 1292 1400 1362 μὴ
1432 1290 1575 1345 οὕτω
1591 1293 1861 1363 κυρωθεῖ-

265 1394 369 1431 σαν
407 1378 795 1451 άθετηθεῐσαν,
837 1382 1137 1453 Συνηθείας
1191 1385 1302 1453 γὰρ
1351 1381 1520 1455 οὔσης
1570 1386 1697 1449 τοὺς
1754 1386 1863 1439 ἀπὸ

261 1468 455 1540 ἱερέων
476 1471 701 1537 λαῖκοὺς
728 1474 1189 1543 μονάσαντας,καὶ
1214 1474 1376 1540 ὄντας
1396 1476 1661 1547 πρότερον
1686 1493 1860 1531 κατα-

257 1563 685 1634 γεγραμμένους
716 1605 734 1631 ,
789 1561 868 1630 είς
907 1567 1183 1632 διακονίας
1235 1569 1445 1639 ἱερέων,
1475 1568 1570 1621 καὶ
1600 1570 1740 1639 μετὰ
1772 1568 1861 1622 τὸν

261 1656 474 1725 μονάδα
537 1657 651 1727 βίον
700 1658 779 1729 τῷ
825 1658 937 1712 τῶν
992 1660 1282 1714 διακονιῶν
1344 1661 1855 1730 συγκαταλέγεσθαι

1972 476 2149 514 annos
2187 461 2411 515 haberet
2443 478 2456 515 :
2499 477 2565 516 ac
2597 477 2724 517 vero
2756 461 2905 515 nulla
2950 460 3034 515 lex
3067 459 3268 530 scripta
3290 460 3359 515 de
3387 461 3570 517 trime-

1970 552 2069 606 stri
2097 549 2248 624 [isto]
2289 561 2474 620 ageret
2508 569 2520 606 :
2550 568 2580 607 a
2628 554 2735 608 Deo
2766 564 3061 609 coronatus
3083 553 3325 623 optimus
3346 560 3401 607 et
3433 567 3567 608 san-

1970 646 2091 692 ctus
2144 648 2332 694 noster
2383 640 2682 709 imperator
2736 641 2953 712 longam
3005 642 3479 709 consuetudinem,
3510 644 3571 698 ut

1968 730 2174 785 dictum
2210 741 2316 796 est,
2347 731 2731 787 confirmatam
2765 749 2866 803 pro
2903 734 3106 805 scripta
3153 734 3270 805 lege
3297 736 3565 805 suscepit,

1970 834 2134 891 atque
2167 832 2300 880 tunc
2356 830 2612 894 tequitate
2656 826 2994 896 postulante,
3028 828 3146 883 sive
3182 828 3351 898 iustis
3378 828 3567 884 causis

1970 916 2289 986 propositis,
2323 934 2431 971 non
2458 918 2718 988 scriptam
2755 920 3211 975 consuetudinem
3247 919 3564 990 transgredi

1970 1008 2207 1081 [licere],
2241 1011 2463 1080 quando
2517 1010 2765 1081 iudiciali
2804 1013 3075 1068 sententia
3108 1028 3217 1067 non
3270 1022 3354 1068 est
3376 1027 3568 1069 corro-

1970 1104 2181 1167 borata,
2214 1105 2419 1173 scripto
2472 1105 2837 1160 confirmavit.
2878 1102 3013 1161 Novi
3059 1116 3241 1161 autem
3282 1122 3391 1161 non
3423 1106 3566 1162 scri-

1969 1204 2115 1268 ptam
2151 1197 2492 1271 [quamdam]
2524 1201 3006 1268 consuetudinem,
3031 1216 3154 1271 quae
3179 1200 3308 1270 quia
3345 1201 3421 1255 ita
3441 1216 3569 1255 cor-

1968 1289 2361 1359 roboratainon
2390 1298 2561 1352 esset,
2601 1290 2884 1360 reprobata
2913 1289 2989 1362 [et
3019 1289 3245 1362 rejecta]
3279 1298 3381 1345 est.
3434 1289 3578 1345 Cum

1966 1384 2111 1436 enim
2194 1382 2363 1438 moris
2435 1383 2679 1450 fuisset,
2758 1394 2817 1439 ut
2886 1384 2979 1455 qui
3038 1399 3103 1438 ex
3175 1383 3335 1438 laicis
3388 1396 3574 1439 sacer—

1965 1474 2183 1530 dotibus
2274 1476 2531 1530 monachi
2604 1476 2732 1531 facti
2799 1487 3007 1543 essent,
3072 1477 3336 1545 quoniam
3407 1475 3563 1545 prius

1968 1566 2274 1621 ministerio
2291 1568 2637 1623 sacerdotum
2662 1570 2885 1638 ascripti
2913 1569 3170 1635 fuissent,
3198 1580 3317 1638 post
3351 1569 3568 1641 [susce-

1965 1654 2139 1729 ptam]
2173 1659 2341 1712 vitam
2396 1660 2784 1715 monachicam
2841 1662 2894 1716 in
2931 1677 3164 1732 corpore
3197 1661 3275 1733 [et
3303 1658 3563 1732 collegio]

262 1747 502 1819 σώματι,
532 1750 628 1803 καὶ
662 1749 802 1821 μετὰ
829 1750 1035 1805 λαῖκῶν
1081 1754 1272 1822 ἱερέων
1314 1754 1854 1825 συναναστρέφεσθαι

1973 1747 2409 1803 ministeriorum
2456 1759 2899 1816 recenserentur,
2933 1763 3139 1807 etcum
3177 1751 3564 1807 sacerdotibus

255 1842 285 1893 ὁ
307 1841 728 1909 παναγιὼτατος
771 1844 929 1914 ἡμῶν
950 1845 1220 1917 δεσπότης
1259 1845 1451 1917 κύριος
1490 1830 1864 1917 Μιχαὴλξῗτὴν

258 1932 484 2002 μακράν
515 1931 772 2003 τοιαύτην
799 1936 1087 2007 συνήθειαν
1115 1936 1191 1999 ὼς
1232 1936 1384 1990 οὐδὲν
1414 1935 1728 2005 ἐλογίσατο,
1768 1937 1863 1991 καὶ

253 2024 552 2095 διωρίσατο
580 2026 688 2079 ἀπὸ
721 2026 899 2097 μόνων
940 2027 1147 2083 λαῖκῶν
1191 2028 1383 2101 ἱερέων
1437 2029 1536 2093 τάς
1587 2028 1864 2093 διακονίας

172 2182 176 2185 _
257 2118 637 2185 συνίστασθαι,
675 2120 770 2172 καὶ
806 2120 935 2184 τοὺς
988 2123 1257 2191 μοναχοὺς
1310 2121 1461 2191 παρὰ
1487 2122 1609 2183 ταῖς
1631 2119 1863 2185 οἰκείαις

256 2207 644 2278 προσεδρεύειν
678 2213 886 2280 μοναίς.
961 2210 1261 2281 Συνηθείας
1338 2208 1507 2279 οὔσης
1554 2211 1680 2272 τοὺς
1723 2207 1859 2263 Ἰου-

251 2299 437 2363 δαίους
476 2301 796 2365 δικάζεσθαι
831 2303 983 2373 παρὰ
1016 2307 1162 2375 μόνῳ
1185 2303 1264 2373 τῷ
1288 2301 1582 2373 στρατηγῷ
1609 2300 1703 2354 τοῦ
1734 2317 1858 2353 στε-

253 2394 372 2457 νοῦ,
405 2394 435 2446 ὀ
464 2395 726 2466 κραταιὸς
770 2396 865 2450 καὶ
895 2396 1050 2465 ἅγιος
1081 2396 1241 2468 ἡμῶν
1272 2395 1527 2466 βασιλεὺς
1563 2395 1859 2465 διωρίσατο

255 2485 413 2557 παρά
443 2487 647 2552 παντὸς
674 2488 1032 2562 δικαστηρίου
1063 2489 1207 2543 κατὰ
1226 2490 1426 2560 νόμους
1442 2488 1674 2551 τούτους
1698 2486 1854 2540 δικά-

255 2579 468 2644 ζεσθαι.
508 2580 617 2633 Καὶ
648 2583 679 2651 ἡ
714 2581 974 2653 συνήθεια
1004 2581 1264 2653 ἐλογίσθη
1293 2581 1425 2634 ὡσεὶ
1446 2581 1598 2635 οὐδὲν
1623 2581 1698 2652 μὴ
1729 2596 1859 2649 στη-

258 2672 512 2745 ριχθεῖσα
560 2676 828 2746 νομίμως.

328 2865 649 2937 Σημείωσαι
682 2865 782 2939 τὴν
815 2864 1101 2937 παροῦσαν
1154 2866 1453 2937 ἑρμηνείαν
1476 2864 1639 2937 χάριν
1683 2863 1865 2934 ἀγρά-

259 2976 362 3029 φου
413 2956 700 3030 συνηθείας
746 2959 823 3022 ὡς
868 2959 1313 3030 ἀναγκαιοτάτην
1361 2958 1639 3029 διαφόρων
1681 2957 1866 3026 νόμων

1964 1838 2120 1894 laicis
2182 1853 2647 1898 conversarentur
2701 1860 2714 1896 :
2773 1843 3323 1900 sacrosanctissimus
3377 1852 3567 1897 noster

1968 1931 2029 1985 Ι).
2065 1930 2296 1988 Michael
2327 1934 2470 1991 hanc
2492 1935 2718 2004 longam
2754 1937 3214 1991 consuetudinem
3247 1951 3350 2006 pro
3387 1936 3563 1990 nihilo

1962 2030 2260 2095 reputavit,
2312 2043 2378 2084 ac
2428 2028 2604 2102 [vero]
2664 2029 2926 2098 decrevit,
2968 2038 3028 2085 ut
3075 2046 3140 2085 ex
3204 2030 3358 2086 laicis
3384 2045 3565 2086 sacer-

1962 2116 2186 2172 d0tibus
2208 2118 2389 2174 solum
2429 2121 2736 2178 ministeria
2770 2124 3262 2189 constituerentur,
3304 2122 3564 2178 monachi

1963 2219 2146 2266 autem
2228 2212 2284 2267 in
2344 2217 2658 2272 recessibus
2712 2218 2828 2273 suis
2889 2217 3096 2274 assidui
3155 2227 3361 2272 essent.
3423 2215 3563 2273 Cum

1965 2298 2146 2377 [item]
2176 2306 2345 2360 moris
2375 2317 2540 2370 esset,
2584 2317 2646 2363 ut
2694 2307 2867 2363 Judati
2918 2324 3104 2363 coram
3156 2308 3273 2364 solo
3313 2308 3567 2378 angipor-

1966 2404 2055 2450 tus
2085 2396 2344 2467 praefecto
2375 2399 2655 2467 litigarent
2680 2419 2693 2454 :
2731 2400 2973 2470 optimus
3003 2410 3168 2469 atque
3192 2409 3419 2455 sanctus
3460 2414 3563 2453 no-

1967 2498 2078 2544 ster
2110 2492 2405 2560 imperator
2432 2494 2644 2555 statuit,
2676 2501 2736 2548 ut
2779 2507 2964 2548 coram
3010 2507 3341 2563 quocunque
3384 2492 3564 2546 tribu-

1968 2580 2077 2634 nali
2101 2584 2403 2637 secundum
2436 2584 2582 2655 leges
2609 2600 2806 2640 causas
2829 2596 3076 2655 agerent.
3112 2586 3190 2639 Ac
3220 2584 3562 2639 consuetudo

1968 2671 2237 2745 [quidem]
2263 2690 2364 2746 pro
2387 2678 2560 2733 nihilo
2590 2678 2772 2733 habita
2797 2684 2903 2746 est,
2930 2685 2989 2732 ut
3012 2691 3135 2747 qua:
3179 2675 3420 2746 legitime
3448 2690 3559 2730 non

1963 2767 2159 2826 fuisset
2186 2775 2539 2829 confirmata.

2046 2864 2210 2920 Aliud
2243 2869 2525 2924 scholium.
2573 2870 2738 2961 Cum,
2761 2872 2948 2927 multa:
2977 2871 3127 2943 leges
3148 2872 3214 2927 de
3235 2870 3399 2943 longa
3430 2887 3567 2927 con-

1974 2962 2272 3017 suetudine
2298 2964 2684 3031 praescribant,
2710 2975 2765 3019 et
2788 2966 2892 3021 sibi
2918 2966 3150 3021 invicem
3181 2965 3564 3031 adversentur,

259 3052 391 3123 περὶ
426 3053 647 3123 μακρᾶς
694 3051 983 3121 συνηθείας
1024 3052 1353 3124 νομοθετούν
1397 3069 1529 3120 των,
1576 3051 1673 3106 καὶ
1705 3053 1857 3105 ἐναν-

1973 3050 2118 3119 quod
2152 3052 2274 3107 alia:
2303 3053 2511 3118 dicant,
2547 3054 2764 3125 longam
2801 3055 3252 3110 consuetudinem
3292 3053 3563 3128 [tametsi]

257 3144 566 3213 τιουμένων
584 3142 839 3213 ἀλλήλοις
861 3145 938 3207 ὡς
958 3144 1067 3198 τῶν
1093 3144 1193 3215 μὲν
1212 3144 1481 3213 λεγόντων
1509 3144 1610 3214 τὴν
1640 3142 1860 3214 μακρὰν

259 3236 551 3307 συνήθειαν
585 3238 642 3289 ἐν
673 3235 1009 3308 δικαστηρίῳ
1045 3236 1432 3309 στηριχθεῖσαν
1464 3236 1673 3306 ἄκυρον
1719 3231 1857 3289 εἶναι

258 3329 347 3382 ὅτε
380 3329 533 3401 νόμῳ
561 3328 901 3383 ἐναντιοῦται
930 3330 1215 3401 ἐγγράφω,
1234 3329 1343 3384 τῶν
1381 3330 1438 3383 δέ
1478 3328 1857 3402 παρακελευο-

262 3422 440 3491 μένων
467 3422 674 3493 ταύτην
691 3426 914 3493 κρατεῖν
941 3424 1046 3478 κᾶν
1097 3424 1360 3495 ἐγγράφῳ
1416 3421 1756 3478 ἐναντιοῦται
1794 3423 1856 3475 τὸ

256 3515 436 3585 παρὸν
488 3516 646 3570 ἕκτον
678 3515 823 3587 θέμα
864 3518 959 3571 τοῦ
1006 3515 1097 3589 μη¹
1134 3536 1259 3588 κεφ.
1308 3516 1403 3571 τοῦ
1443 3515 1619 3572 α’τίτ.
1661 3515 1756 3571 τοῦ
1811 3515 1855 3587 β’

258 3608 469 3677 βιϐλίου
500 3608 607 3661 τῶν
630 3610 935 3664 Βασιλικῶν
956 3611 1074 3664 λύει
1100 3612 1197 3683 τὴν
1218 3612 1684 3682 ἐναντιοφάνειαν,
1718 3610 1853 3680 φησὶ

256 3700 367 3768 γάρ
392 3699 495 3771 τὴν
538 3700 688 3755 θέσιν
734 3701 829 3755 τοῦ
874 3703 1041 3772 νόμου
1069 3704 1317 3774 ἄγραφον
1346 3698 1488 3756 εἶναι
1521 3704 1613 3756 καὶ
1650 3704 1858 3773 ἐγγρα-

258 3809 379 3861 φον,
410 3791 677 3855 ὡσαύτως
710 3795 807 3847 καὶ
848 3793 948 3865 τὴν
981 3795 1262 3867 ἀναίρεσιν
1300 3796 1396 3847 καὶ
1428 3796 1527 3848 τὴν
1564 3795 1661 3864 μὲν
1692 3794 1856 3861 ¹θέσιν

256 3886 345 3937 διὰ
392 3886 496 3953 τῆς
552 3885 658 3937 ὑπὸ
740 3886 992 3957 ἀγράφου
1064 3886 1357 3957 συνηθείας
1418 3887 1720 3957 ἀχρηστίας
1779 3888 1856 3952 ὡς

259 3978 496 4049 ἐπιϐαρῆ
526 3980 639 4040 τοῖς
671 3980 934 4049 ὑπηκόοις
964 3982 1305 4053 ἀναιρεῖσθαι
1336 3980 1425 4034 διὰ
1455 3981 1516 4035 τὸ
1545 3981 1855 4053 φιλάνθρω-

260 4085 395 4135 πον,
420 4069 519 4141 τὴν
558 4070 614 4123 δὲ
648 4071 928 4141 ἀναίρεσιν
972 4072 1059 4125 διὰ
1100 4073 1388 4143 συνηθείας
1436 4073 1554 4145 ἦτοι
1600 4074 1852 4143 ἀγράφου

260 4163 423 4234 νᾶμου
465 4164 538 4233 μὴ
587 4164 916 4235 ἀπρακτεῖν,
963 4165 1052 4219 διὰ
1111 4166 1174 4219 τὸ
1240 4165 1616 4219 ἐναντιοῦσθαι
1664 4167 1851 4233 φιλαν-

263 4255 463 4327 θρώπῳ
512 4256 665 4326 νόμῳ
697 4255 849 4309 οὕτω
904 4256 1067 4311 λύσον
1112 4256 1212 4328 τὴν
1250 4258 1695 4325 ὲναντιοφάνειαν
1727 4259 1855 4311 άκο·

260 4346 463 4411 λοᾶθως
495 4348 574 4419 τῷ
616 4348 951 4418 διαλεχθέντι
996 4349 1299 4420 κεφαλαίῳ,
1346 4354 1412 4422 τῇ
1459 4351 1728 4423 ἑρμηνείᾳ.
1755 4351 1853 4405 τοῦ

262 4427 555 4507 Στεφάνου,
596 4442 689 4492 καὶ
711 4440 790 4510 τῷ
825 4442 977 4511 νόμῳ
1005 4442 1084 4513 τῷ
1124 4442 1357 4512 λέγοντι,
1399 4445 1537 4515 πρὸς
1576 4445 1638 4497 τὸ
1666 4444 1844 4514 φιλαν-

260 4529 604 4601 θρωπότερον
632 4530 758 4594 τοὺς
786 4533 985 4600 νόμους
1017 4532 1442 4602 ἑρμηνεύεσθαι.
1471 4535 1608 4606 Περὶ
1638 4536 1855 4608 ἐκείνης

264 4621 445 4691 μέντοι
476 4623 575 4693 τῆς
601 4622 890 4693 συνηθείας
921 4624 1150 4678 ἐκϐαλοῦ
1174 4625 1347 4680 ταῦτα
1376 4629 1474 4698 τῆς
1507 4630 1564 4680 ἐν
1594 4629 1849 4701 δικαττη-

262 4717 359 4788 ρίῳ
400 4716 815 4789 στηριχθείσης.

328 4811 561 4864 ΚΕΦΑΛ
606 4809 681 4865 A'.
730 4842 803 4854 —
832 4813 963 4866 ’Ὁτι
1013 4816 1127 4884 οὐχ
1182 4816 1284 4885 ὑφ’
1327 4816 1465 4883 ἐνιθς
1512 4817 1852 4871 ἐπισκόπου

262 4902 391 4957 ἀλλ’
420 4903 543 4957 ὑπὸ
586 4902 699 4974 τῆς
748 4905 1098 4974 κοινότητος
1131 4911 1185 4963 οἱ
1208 4911 1467 4977 κανόνες
1498 4910 1851 4964 ἐκτίθενται.

328 5019 611 5073 Βασιλείου
656 5022 839 5075 κανὼν
890 5022 1023 5094 περ).
1068 5022 1130 5074 τὺ
1185 5022 1338 5088 τέλος
1388 5021 1513 5093 pc"
1547 5023 1853 5096 Γρηγορίου

264 5110 479 5184 Νύσσης
509 5114 640 5184 περὶ
665 5113 736 5166 τὰ
767 5113 913 5184 μέσα
941 5112 1125 5168 κανὼν
1156 5112 1233 5179 ς’.

330 5226 580 5282 ΚΕΦΑΛ.
616 5224 780 5281 E'.-—
820 5228 959 5297 Περὶ
1000 5228 1384 5300 πατριᾶρχῶν
1420 5230 1520 5283 καὶ
1548 5244 1850 5300 μητροπο-

263 5321 455 5387 λιτῶν,
484 5322 585 5375 καί
612 5320 733 5375 τῶν
752 5323 821 5375 ἐν
867 5322 1106 5392 Ἀφρικῇ
1157 5322 1501 5393 ,λεγομένων
1522 5324 1847 5392 πριόάτων.

343 5413 686 5467 ’Δποοτὶλων
707 5412 885 5466 κανὼν
914 5413 987 5466 λδ¹
1006 5431 1018 5444 ο
1049 5414 1268 5467 συνόδου
1299 5414 1537 5477 Νικαίας
1580 5411 1765 5469 κανὼν
1785 5413 1850 5477 δ’,

269 5512 336 5569 ς’,
364 5505 405 5571 ζ’
425 5524 437 5537 ·
482 5506 706 5560 συνόδου
742 5506 1075 5577 Ἀντιοχείας
1106 5507 1290 5561 κανὼν
1321 5508 1366 5560 θ’
1392 5523 1405 5538 ·
1454 5507 1675 5561 συνόδου
1704 5507 1853 5560 Κων-

269 5598 754 5661 σταντινουπό).ε‹ι›ς
814 5600 992 5652 κανὼν
1062 5600 1127 5670 β’,
1207 5608 1254 5669 γ’
1278 5618 1291 5632 ι
1340 5601 1559 5654 συνόδου
1625 5600 1853 5669 Ἐφέσου

264 5692 438 5745 κανὼν
465 5692 547 5763 η¹⁰
587 5691 808 5747 συνόδου
863 5693 1202 5762 Χαλκηδόνος
1271 5692 1450 5748 κανὼν
1500 5693 1564 5759 0',
1599 5690 1682 5759 ιζ’,
1727 5699 1811 5764 κη’
1836 5711 1851 5725 '

1882 4754 1933 4815 D

1976 3142 2030 3194 in
2051 3141 2277 3208 judiciis
2298 3142 2704 3210 confirmatam,
2730 3161 2854 3201 esse
2887 3146 3120 3211 irritam,
3146 3146 3192 3200 si
3218 3148 3434 3215 scriptae
3454 3144 3562 3215 legi

1975 3240 2272 3300 repugnet;
2310 3234 2429 3286 alia:
2458 3248 2591 3288 vero
2623 3233 2794 3299 illam,
2822 3233 3040 3289 etiamsi
3091 3234 3309 3303 scriptae
3339 3234 3441 3302 legi
3471 3250 3561 3286 re-

1969 3331 2194 3392 pugnet,
2225 3322 2408 3376 valere
2433 3323 2702 3393 jubeant;
2737 3339 2979 3394 pra-scus
3006 3324 3039 3379 6
3076 3311 3279 3390 thema,
3313 3339 3434 3393 cap.
3467 3323 3560 3389 42,

1967 3414 2053 3469 tit.
2109 3414 2163 3480 1,
2198 3415 2297 3468 lib.
2335 3432 2370 3471 ιι
2414 3415 2581 3471 Basil.
2618 3418 2781 3472 solvit
2812 3432 2934 3487 quas
2987 3416 3073 3472 his
3131 3418 3311 3472 inesse
3352 3418 3564 3472 videtur

1968 3510 2415 3566 contrarietatem
2451 3530 2465 3566 :
2497 3514 2628 3567 latio
2654 3515 2812 3583 legis,
2837 3514 3115 3585 inquiens,
3142 3522 3234 3568 aut
3264 3514 3316 3567 in
3342 3513 3543 3584 scripta

1970 3601 2227 3669 refertur,
2251 3614 2345 3659 aut
2388 3620 2495 3660 non
2548 3604 2787 3660 refertur
2824 3622 2836 3658 :
2884 3604 3041 3678 [sic]
3088 3604 3559 3677 similiter[ejns]

1967 3695 2277 3767 abrogatio.
2308 3695 2371 3750 Et
2394 3696 2664 3769 lcgislatio
2712 3699 2961 3769 quidem,
2991 3700 3037 3754 si
3078 3699 3262 3770 gravis
3316 3698 3555 3755 subditis

1971 3785 2063 3851 sit,
2096 3785 2458 3843 humanitatis
2496 3787 2959 3859 contemplatione
3011 3802 3108 3859 per
3139 3791 3562 3846 desuetudinem

1967 3892 1995 3929 a
2035 3892 2143 3931 non
2184 3880 2386 3948 scripta
2448 3879 2848 3935 consuetudine
2880 3880 3209 3950 abrogatur;
3275 3883 3560 3951 ahrogatio

1968 3985 2099 4023 vero
2147 3985 2241 4039 per
2268 3973 2728 4027 consuetudinem
2762 3987 2860 4028 seu
2913 3973 3094 4043 legem
3132 3989 3241 4027 non
3291 3974 3556 4043 seriptam

1968 4063 2143 4117 otiosa
2174 4061 2248 4136 [et
2286 4063 2462 4137 irrita]
2492 4080 2598 4119 non
2632 4066 2711 4128 lit,
2767 4074 3053 4136 propterea
3106 4066 3253 4134 quod
3306 4066 3558 4135 benignae

1967 4154 2068 4225 legi
2106 4156 2445 4212 adversetur.
2503 4155 2727 4229 [Atque]
2759 4156 2840 4211 sic
2895 4155 3160 4229 [quidem]
3202 4166 3564 4227 apparentem

1970 4243 2047 4317 [in
2076 4244 2186 4318 his]
2221 4245 2667 4301 contrarietatem
2726 4246 2897 4310 solve,
2940 4262 3175 4316 sequens
3228 4246 3560 4317 explicatum

1966 4350 2149 4407 caput,
2205 4339 2705 4407 interpretationem
2771 4339 2804 4391 6
2845 4338 3014 4393 them.
3064 4348 3119 4394 et
3200 4339 3371 4409 legem
3437 4353 3563 4409 qua:

1964 4430 2254 4501 benignius
2304 4430 2447 4500 leges
2505 4430 2944 4499 interpretandas
2977 4446 3101 4486 esse
3157 4430 3426 4502 praecipit.
3485 4430 3561 4486 De

1961 4524 2235 4579 illaautem
2270 4524 2664 4580 consuetudine
2715 4524 2832 4579 haec
2866 4525 3127 4597 intellige,
3169 4541 3292 4598 qtae
3324 4527 3379 4598 in
3413 4524 3561 4596 judi-

1961 4617 2062 4673 ciis
2100 4617 2419 4673 confirmata
2452 4628 2555 4673 est.

2031 4802 2186 4859 CAP.
2230 4803 2319 4859 IV.
2355 4833 2427 4843 —
2456 4802 2612 4869 Quod
2650 4820 2754 4857 non
2789 4802 2852 4857 ab
2909 4820 3016 4858 uno
3074 4805 3354 4873 episcopo,
3395 4800 3484 4855 sed
3525 4817 3560 4855 α

1954 4899 2220 4952 communi
2246 4900 2606 4968 episcoporum
2646 4905 2779 4951 coetu
2804 4914 3031 4951 canones
3060 4894 3482 4965 promulgentur.

2027 5012 2207 5067 Basilii
2241 5028 2417 5069 canon
2464 5012 2554 5079 47,
2586 5012 2734 5069 circa
2784 5012 2969 5067 linem.
3011 5008 3261 5081 Gregorii
3317 5004 3551 5079 Nysseni

1955 5120 2133 5161 canon
2154 5104 2209 5171 6,
2239 5104 2388 5158 circa
2419 5102 2686 5159 medium.

2021 5218 2178 5275 CAP.
2206 5219 2273 5276 ν.
2308 5251 2379 5261 -
2399 5219 2478 5273 De
2505 5218 2854 5290 patriarclu's,
2885 5214 3327 5286 metrOpolitanis,
3362 5223 3411 5269 et
3443 5214 3556 5283 pri-

1961 5312 2094 5372 uatis
2124 5316 2344 5388 Africaz,
2378 5325 2437 5370 ut
2464 5330 2741 5372 vocantur.

2032 5410 2421 5479 Apostolorum
2467 5424 2645 5463 canon
2686 5408 2780 5475 54,
2845 5403 3060 5460 concilii
3118 5401 3325 5458 Nicaani
3372 5416 3552 5457 canon

1961 5503 2014 5568 4,
2045 5502 2099 5570 6,
2132 5503 2185 5568 7,
2215 5503 2429 5557 concilii
2458 5501 2786 5557 Antiocheni
2819 5516 2993 5555 canon
3034 5498 3125 5558 59,
3155 5496 3371 5551 concilii
3406 5495 3554 5549 Con-

1962 5591 2431 5661 stantiuopolitani
2457 5606 2631 5645 canon
2662 5591 2714 5648 2.
2745 5591 2809 5656 3;
2837 5587 3051 5642 concilii
3081 5584 3339 5657 Ephesini
3370 5597 3550 5636 canon

1964 5688 1995 5742 8
2017 5705 2030 5753 ;
2052 5686 2272 5741 concilii
2303 5685 2763 5741 Chalcctlmn-nsis
2796 5700 2973 5737 canon
3008 5683 3060 5747 9,
3103 5680 3272 5744 “.29
3294 5697 3307 5745 ;
3331 5678 3551 5739 concilii
