3916 6244
364 286 471 351 987

1533 277 1799 341 PHOTII
1836 272 2343 338 PATRIARCHBE
2377 274 2486 334 CP.

3543 263 3640 327 988

373 395 721 453 Sardiccnsis
768 410 945 455 canon
984 394 1041 460 '5,
1071 393 1125 457 ό,
1157 392 1189 446 5
1215 411 1227 453 ς
1263 390 1485 447 concilii
1516 388 1972 458 Carthaginiensis
2003 432 2006 441 ι

2119 385 2302 437 υνόδου
2332 381 2601 453 Σαρδικῆς
2654 379 2837 434 κανὼν
2869 385 2938 449 γ’,
2969 377 3030 436 δ’.
3070 376 3140 430 ε’·
3184 375 3404 431 συνόδου
3434 374 3641 445 Καρθα-

372 506 553 546 canon
591 492 678 555 17,
709 490 815 556 59;
844 489 1063 545 concilii
1097 486 1238 541 sexti
1275 501 1449 540 cauon
1493 484 1584 545 56,
1616 483 1706 538 59.

447 582 666 637 Tenus.
706 583 789 637 De.
821 582 1016 636 ordine
1050 578 1512 649 patriarcharum,
1546 585 1675 639 etc,
1712 590 1872 645 usque
1898 572 1967 626 ad

372 674 685 745 provincias
717 672 846 745 [sub
880 670 961 743 se]
998 672 1211 734 habeat,
1250 679 1304 722 ut
1332 686 1452 738 pag.
1483 667 1610 722 175.

445 763 739 819 Sclwlium.
765 765 955 820 Const.
983 762 1034 828 7,
1071 763 1153 818 tit.
1188 763 1241 825 1,
1271 762 1365 816 lib.
1394 778 1408 815 ι
1453 760 1588 816 Cod.
1625 776 1730 815 non
1763 770 1848 814 est
1873 774 1971 829 po-

376 857 483 912 sita
512 857 567 911 in
593 856 763 912 Basil.
798 856 988 913 Const.
1026 870 1155 910 vero
1179 855 1232 921 6,
1273 854 1355 909 tit.
1382 856 1441 917 9.,
1465 854 1710 924 ejusdem
1755 853 1850 906 lib.
1890 862 1973 907 est

376 966 498 1020 cap.
528 951 561 1006 6
594 952 678 1005 tit.
716 951 769 1015 1,
810 950 903 1005 lib.
945 966 1001 1013 ν,
1050 948 1220 1003 Basil.
1265 948 1510 1018 dicitque
1555 948 1608 1001 in
1651 947 1795 1000 hunc
1852 959 1973 999 mo-

377 1042 508 1096 dum
545 1060 557 1096 :
595 1046 820 1112 Oportet
848 1043 971 1096 illos
1001 1042 1089 1110 qui
1132 1042 1183 1094 in
1220 1040 1439 1112 Illyrico
1478 1039 1545 1093 de
1572 1037 1677 1110 [re]
1715 1036 1971 1107 quapiam

378 1135 645 1190 canonica
673 1136 1035 1205 quaestionem
1073 1143 1272 1198 movet,
1299 1133 1366 1188 dc
1396 1149 1460 1187 ea
1488 1132 1555 1187 ad
1590 1131 1973 1200 archiepisco-

379 1240 506 1294 pum
540 1225 1217 1296 Conslantinopolitanum
1263 1225 1498 1291 referre,
1537 1234 1595 1281 et
1640 1226 1709 1278 ah
1736 1225 1856 1294 ipso
1908 1223 1974 1277 ad

379 1320 774 1375 sacerdotalem
828 1331 1181 1385 conventum,
1248 1321 1342 1390 qui
1395 1328 1587 1375 sancto
1645 1318 1855 1384 judicio
1924 1325 1979 1370 et

381 1410 565 1463 divitia
628 1410 743 1481 lege
787 1408 985 1483 [illam]
1049 1411 1335 1481 dijudicet.
1367 1410 1563 1465 Const.
1595 1408 1689 1473 20,
1719 1409 1885 1463 etiam
1918 1415 1974 1461 et

378 1504 454 1559 24
501 1504 751 1575 ejusdem
789 1507 873 1560 tit.
905 1513 961 1560 et
994 1505 1089 1559 lib.
1124 1504 1301 1574 posita
1338 1518 1445 1557 non
1472 1512 1558 1558 est
1587 1504 1638 1556 in
1672 1502 1842 1557 Basil.
1877 1500 1980 1555 Ve-

380 1614 503 1652 rum
529 1598 749 1653 constit.
782 1599 835 1660 2,
871 1600 954 1653 tit.
987 1599 1012 1651 1
1046 1596 1393 1653 Novellarum
1427 1606 1508 1651 est
1548 1595 1844 1650 Iustiniani
1877 1610 1982 1648 no-

382 1690 521 1743 vella
558 1689 678 1754 l°23,
715 1689 827 1762 [ac]
861 1692 1035 1760 posita
1086 1689 1218 1763 [est]
1261 1692 1314 1744 in
1352 1691 1448 1744 lib.
1495 1705 1553 1744 ιιι
1589 1689 1754 1744 Basil.
1799 1690 1882 1743 tit.
1929 1690 1977 1755 1,

383 1798 505 1851 cap.
565 1782 618 1847 9,
671 1784 763 1852 qui
795 1784 876 1837 sic
930 1785 1092 1837 habet
1123 1802 1137 1837 :
1174 1782 1291 1837 Prae
1344 1783 1600 1836 omnibus
1627 1790 1811 1835 autem
1847 1781 1977 1835 illud

386 1875 652 1949 custodiri
680 1875 981 1940 sancimus,
1013 1885 1072 1930 ut
1102 1892 1265 1930 nemo
1295 1891 1393 1945 per
1440 1876 1788 1945 largitionem
1835 1876 1978 1938 auri,

389 1976 489 2020 aut
547 1968 781 2021 aliarum
820 1983 1003 2022 rerum
1056 1967 1337 2022 ordinetur
1378 1967 1699 2037 episcopus.
1760 1966 1816 2021 Si
1851 1967 1982 2035 quid

389 2060 498 2113 tale
545 2059 919 2129 delinquatur,
972 2071 1081 2114 tam
1135 2061 1226 2130 qui
1290 2060 1460 2123 dant,
1497 2075 1662 2129 quam
1711 2060 1804 2128 qui
1837 2060 1985 2114 acci-

389 2153 570 2222 piunt,
600 2160 653 2205 et
712 2153 1043 2207 mediatores
1072 2168 1290 2215 eorum,
1347 2153 1453 2221 ipsi
1478 2153 1691 2222 seipsos
1723 2153 1987 2206 condem-

395 2243 605 2297 uationi
662 2246 964 2298 secundum
1035 2244 1252 2298 divinas
1293 2244 1609 2313 Scripturas
1659 2253 1715 2298 et
1772 2244 1987 2298 divinos

394 2351 637 2392 canones
700 2337 1019 2404 subjiciunt.
1080 2337 1158 2391 Ac
1187 2348 1478 2406 propterea
1509 2346 1615 2390 tam
1646 2337 1692 2392 is
1724 2338 1819 2405 qui
1873 2338 1986 2403 dat,

396 2445 560 2499 quam
594 2429 687 2500 qui
720 2430 937 2497 accipit.
970 2439 1024 2483 et
1055 2430 1323 2483 mediator
1353 2431 1630 2484 exsistens
1658 2444 1687 2482 a
1715 2430 1978 2484 sacerdo-

397 2525 475 2577 tio
504 2532 600 2577 aut
647 2523 887 2578 clericali
936 2524 1149 2578 honore
1180 2532 1504 2578 removetor.
1536 2522 1692 2588 Quod
1739 2538 1867 2578 vero
1896 2538 1994 2591 per

398 2619 545 2670 hanc
582 2630 810 2671 causam
874 2617 1063 2670 datum
1111 2616 1301 2678 fuerit,
1336 2615 1410 2669 illi
1464 2615 1724 2670 ECt'lOSliB
1750 2616 1993 2669 vindica-

399 2718 508 2773 ιον,
542 2708 701 2776 cujus
738 2709 1107 2763 sacerdotium
1139 2709 1311 2763 voluit
1344 2709 1635 2764 redimere.
1667 2708 1724 2763 Si
1757 2710 1994 2762 munda-

404 2817 511 2855 nus
542 2801 613 2855 sit
641 2801 734 2870 qui
761 2816 856 2871 per
916 2801 1059 2855 hanc
1087 2816 1313 2856 causam
1344 2801 1566 2870 accipit,
1596 2809 1691 2855 aut
1730 2800 2000 2855 mediator

406 2893 462 2947 in
491 2896 707 2963 negotio
763 2894 943 2949 lactus
971 2904 1082 2958 est,
1136 2896 1293 2950 datas
1332 2910 1422 2950 res
1471 2895 1526 2949 in
1554 2896 1780 2965 duplum
1813 2894 1883 2948 ab
1934 2908 2001 2947 eo

408 2989 550 3058 exigi
574 2988 831 3057 jubemus
861 2990 1220 3045 vindicandas
1255 2987 1518 3061 [scilicet}
1571 2988 1853 3044 Ecclesiae.
1883 2987 2001 3041 Non

412 3081 593 3136 solum
630 3091 810 3136 autem
870 3097 990 3152 qua:
1048 3083 1150 3137 hoc
1183 3082 1347 3137 modo
1401 3082 1526 3137 data
1560 3090 1709 3147 sunt,
1745 3080 2005 3135 vindicari
2042 3113 2085 3173 ε

412 3172 766 3242 praecipimus
795 3191 808 3228 :
843 3174 938 3229 sed
973 3175 1138 3229 etiam
1168 3189 1390 3228 omnem
1419 3175 1735 3228 cautionem
1766 3188 1865 3242 pro
1901 3172 2005 3226 hoc

413 3280 745 3334 quocunque
772 3266 935 3320 modo
963 3266 1295 3335 expositam,
1334 3276 1430 3321 aut
1457 3267 1745 3335 pignorum
1778 3275 1843 3319 ac
1869 3264 2005 3320 [ide—

412 3356 651 3425 jussoris
726 3357 1168 3428 obligationein;
1241 3373 1459 3413 omnem
1538 3359 1775 3427 denique
1843 3358 2007 3413 aliam

418 3464 811 3518 quamcunque
868 3451 1141 3507 actionem
1224 3466 1423 3506 vacare
1479 3454 1781 3506 sancimus.
1835 3454 2010 3519 Atque

419 3540 647 3610 insuper
704 3544 798 3611 qui
829 3545 1254 3612 promissionem
1308 3546 1633 3613 acccptavit,
1666 3561 1774 3598 non
1830 3546 2009 3599 solum

422 3633 827 3689 confessionem
887 3636 1099 3689 reddito
1134 3654 1146 3689 :
1191 3637 1285 3690 sed
1320 3638 1482 3690 etiam
1516 3639 1747 3691 alterum
1776 3648 2011 3701 tantum,

423 3732 694 3791 quantum
758 3726 1111 3781 confessione
1165 3730 1500 3790 continetur,
1558 3730 1813 3800 exigitor,
1866 3731 2015 3800 quod

426 3815 609 3883 ipsum
646 3816 763 3871 dari
798 3818 959 3873 debet
988 3817 1266 3875 Ecclesiae.
1302 3822 1358 3875 Si
1400 3822 1526 3890 quis
1562 3832 1744 3877 tamen
1804 3838 1867 3877 ex
1903 3824 2017 3893 epi-

428 3908 633 3976 scopis,
660 3909 773 3963 sive
802 3918 928 3963 ante
952 3910 1357 3965 ordinationem
1392 3928 1574 3976 suam,
1615 3914 1732 3967 sive
1764 3922 1890 3982 post
1920 3930 2015 3969 or-

428 3998 786 4064 dinationem,
821 4001 1051 4055 voluerit
1083 4002 1337 4072 proprias
1362 4019 1450 4058 res
1510 4020 1665 4070 suas,
1720 4014 1815 4059 aut
1846 4021 1913 4059 ex
1953 4005 2021 4060 iis

430 4100 641 4159 partem
734 4092 1009 4160 Ecclesize,
1082 4094 1240 4163 cujus
1305 4096 1676 4151 sacerdotium
1757 4098 2021 4167 suscepit,

431 4181 627 4237 olIerre
664 4202 676 4237 :
711 4198 820 4238 non
872 4186 1051 4240 solum
1106 4188 1158 4242 id
1213 4204 1325 4242 non
1379 4190 1758 4258 prohibemus,
1788 4199 1842 4246 et
1872 4191 2023 4246 omni

432 4292 558 4331 eum
588 4279 1042 4336 condemnatione
1057 4296 1122 4337 ac
1152 4298 1314 4352 poena
1339 4284 1569 4337 liberum
1599 4300 1724 4339 esse
1755 4300 1850 4354 per
1883 4287 2025 4339 hanc

432 4368 604 4438 legem
638 4374 958 4428 sancimus:
994 4375 1087 4428 sed
1118 4375 1285 4430 etiam
1320 4377 1469 4429 omni
1494 4377 1653 4431 laude
1682 4376 1906 4447 dignum
1935 4377 2024 4445 ju-

2070 481 2236 547 γένης
2272 476 2454 530 κανὼν
2491 475 2578 539 ιζ’,
2613 474 2724 527 λθ¹⁶
2761 474 2980 528 συνόδου
3012 468 3063 537 ς’
3102 470 3279 525 κανὼν
3309 470 3417 535 λς’,
3443 468 3532 523 λθ’.

2138 570 2448 639 Κείμενον.
2505 568 2642 639 Περὶ
2704 567 2803 636 τῆς
2867 565 3075 630 τάξεως
3118 562 3227 617 τῶν
3280 560 3644 633 πατριαρχῶν,

2072 679 2130 717 κ.
2162 680 2211 715 τ.
2249 662 2299 714 λ.
2345 677 2520 729 usque
2545 662 2611 712 ad
2642 660 2737 712 καὶ
2754 657 2916 719 ποίας
2938 655 3210 727 ἐπαρχίας
3244 653 3382 724 ἔχει.

2141 757 2422 824 Σχόλιον.
2482 753 2548 805 Ἠ
2588 752 2652 817 ζ’,
2696 750 2940 814 διάταξις
2986 747 3083 802 τοῦ
3132 754 3180 801 α’
3230 746 3336 801 τίτ.
3376 744 3468 798 τοῦ
3502 750 3549 797 α’
3580 742 3652 812 βι-

2073 847 2221 901 ϐλίου
2254 847 2348 900 τοῦ
2378 846 2607 911 κώδικος
2637 845 2739 898 οὐκ
2764 844 2923 914 ἐτέθη
2964 843 3045 905 ei;
3088 840 3159 894 τά
3186 838 3459 911 βασιλικά.
3501 837 3564 890 Ἦ
3598 836 3649 889 δέ

2075 940 2129 1006 ς’
2191 939 2433 1004 διάταξις
2458 937 2554 992 τοῦ
2620 936 2665 1007 β’
2728 954 2836 990 τιτ.
2898 933 2995 987 τοῦ
3059 932 3222 986 αὐτοῦ
3286 929 3487 1000 βιϐλίου
3547 928 3654 981 ἐστι

2076 1053 2202 1104 κεφ.
2254 1042 2306 1089 ς’
2335 1034 2430 1087 τοῦ
2458 1040 2505 1086 α’
2546 1032 2652 1085 τίτ.
2688 1029 2789 1084 τοῦ
2829 1029 2892 1083 ε’.
2933 1026 3138 1099 βιϐλίου
3198 1026 3309 1079 τῶν
3339 1022 3655 1084 Βασιλικῶν,

2076 1128 2172 1183 καί
2224 1142 2390 1196 φησιν
2427 1122 2615 1178 οὕτω·
2676 1124 2769 1175 Δεῖ
2804 1122 2930 1184 τοὺς
2988 1121 3048 1173 ἐν
3099 1118 3179 1188 τῷ
3231 1115 3509 1187 Ἰλλυρικῷ
3540 1116 3660 1185 περὶ

2079 1217 2367 1275 κανονικοῦ
2384 1234 2530 1280 τινος
2555 1216 2780 1285 ζήτησιν
2807 1211 3169 1281 ποιουμένους
3195 1207 3493 1277 ἀναφέρειν
3512 1203 3660 1257 τοῦτο

2080 1311 2177 1367 ἐπὶ
2231 1310 2324 1363 τὸν
2391 1308 2823 1380 ἀρχιεπίσκοπον
2864 1299 3527 1362 Κωνσταντινουπόλεως,
3577 1297 3663 1349 καὶ

2082 1402 2214 1473 παρ’
2239 1398 2405 1454 αὑτοῦ
2441 1401 2506 1469 τῇ
2534 1399 2783 1468 ἱερατικῇ
2838 1395 3043 1464 συνόδῳ
3086 1393 3186 1446 καὶ
3216 1392 3349 1461 ἁγίᾳ
3377 1390 3556 1461 κρίσει
3580 1390 3665 1441 καὶ

2083 1494 2214 1564 θείῳ
2245 1490 2639 1562 διακρίνεσθαι.
2675 1489 2739 1543 Ἦ
2766 1488 2823 1542 δὲ
2838 1494 2885 1541 κ’
2909 1486 3003 1540 καὶ
3025 1485 3102 1539 κδ’
3126 1482 3367 1548 διάταξις
3392 1481 3488 1536 τοῦ
3514 1479 3667 1535 αὐτοῦ

2083 1586 2189 1640 τίτ,
2234 1586 2330 1639 καὶ
2362 1584 2569 1655 βιϐλίου
2608 1583 2710 1636 οὐκ
2760 1581 3029 1651 ἐτέθησαν
3074 1580 3154 1641 είς
3187 1577 3256 1631 τὰ
3282 1576 3567 1630 Βασιλικά.
3612 1574 3670 1627 Ἦ

2096 1677 2282 1748 μέντοι
2312 1675 2355 1746 β’
2377 1674 2622 1740 διάταξις
2654 1671 2749 1726 τοῦ
2775 1678 2821 1725 α’
2848 1672 2954 1724 τίτ.
2974 1671 3082 1723 τῶν
3108 1668 3339 1739 Νεαρῶν
3368 1669 3485 1720 ἐστι
3513 1666 3674 1738 νεαρὰ

2104 1771 2536 1833 Ἰουστινιάνειος
2582 1776 2702 1839 ρκγ¹
2734 1768 2964 1839 κειμένη
2994 1769 3051 1820 ἐν
3092 1765 3283 1836 βιϐλίῳ
3311 1771 3359 1832 γ’
3392 1763 3500 1817 τῶν
3524 1764 3677 1816 Βασι-

2092 1861 2260 1914 λικών
2285 1860 2391 1915 τίτ.
2417 1867 2488 1925 α’,
2537 1878 2663 1930 κεφ.
2700 1860 2767 1927 θ’,
2801 1860 2976 1924 οὕτως
2992 1859 3171 1929 ἔχοντι
3190 1874 3205 1889 ο
3247 1858 3364 1927 Πρὸ
3390 1857 3449 1909 δέ
3472 1858 3679 1909 πάντων

2096 1955 2274 2006 ἐκεῖνο
2308 1954 2638 2023 θεσπίςυμεν
2664 1952 3010 2022 φυλαχθῆναι
3046 1952 3133 2005 ἵνα
3162 1950 3352 2020 μηδεὶς
3371 1948 3459 2002 διὰ
3489 1947 3677 2009 δόσεως

2102 2046 2327 2116 χρυσίου
2356 2045 2390 2116 ἢ
2415 2044 2591 2098 ἄλλων
2616 2046 2961 2116 πραγμάτων
2987 2045 3286 2103 ἐπίσκοπος
3313 2039 3682 2113 χειροτονηθῇ.

2099 2139 2162 2193 Εἰ
2193 2140 2253 2193 δέ
2284 2156 2336 2191 τι
2368 2138 2606 2192 τοιοῦτον
2639 2137 2985 2209 ἁμαρτηθείη
3014 2136 3168 2190 αὐτοὶ
3199 2137 3427 2197 ἑαυτοὺς
3459 2134 3509 2186 oi.
3538 2133 3690 2185 διδόν-

2097 2248 2192 2295 τες
2215 2234 2307 2285 και
2344 2232 2394 2283 οἱ
2431 2229 2800 2300 λαμϐάνοντες
2836 2232 2930 2282 καὶ
2965 2230 3014 2283 οἱ
3026 2227 3404 2300 μέσοιαύτῶν
3430 2224 3573 2280 κατὰ.
3601 2224 3691 2285 τὰς

2104 2321 2255 2386 θείας
2294 2322 2518 2393 Γραφάς
2573 2323 2666 2375 καὶ
2712 2323 2840 2385 τοὺς
2884 2322 3063 2384 θείους
3100 2321 3334 2383 κανόνας
3367 2316 3691 2388 κατακρίσει

2108 2415 2496 2480 ὑποϐάλλουσι,
2530 2414 2627 2469 καὶ
2661 2413 2750 2467 διὰ
2798 2412 2957 2467 τοῦτο
3003 2415 3097 2467 καὶ
3133 2416 3162 2467 6
3190 2411 3367 2475 διδοὺς
3397 2411 3540 2464 καὶὸ
3565 2410 3695 2475 λαμ-

2108 2510 2289 2564 ϐάνων
2317 2510 2410 2563 καὶ
2439 2512 2468 2563 ό
2505 2508 2669 2579 μέσος
2715 2508 3003 2579 γινόμενος
3046 2507 3146 2576 τῆς
3187 2504 3516 2575 ἱερωσύνης,
3549 2502 3693 2572 ἦτῆς

2108 2599 2203 2652 τοῦ
2240 2598 2445 2671 κλήρου
2474 2601 2643 2669 τιμῆς
2689 2597 3083 2653 ἀποκινείσθω.
3123 2597 3198 2649 Τὸ
3227 2596 3284 2649 δὲ
3330 2595 3478 2666 ὑπὲρ
3508 2592 3698 2661 ταύτης

2111 2693 2212 2763 τῆς
2244 2694 2422 2755 αἰτίας
2453 2692 2604 2744 δοθὲν
2653 2693 2723 2762 τῇ
2771 2690 3043 2760 ἐκκλησίᾳ
3069 2689 3257 2760 ἐκείνη
3283 2686 3609 2741 ἐκδικείσθω
3636 2681 3699 2755 ἦς

2111 2786 2381 2857 ἐϐουλήθη
2431 2784 2535 2855 τὴν
2588 2782 2893 2853 ἱερωσύνην
2919 2780 3259 2851 ὠνήσασθαι.
3294 2780 3357 2833 Ei
3410 2778 3470 2833 δὲ
3502 2779 3700 2831 καὶκο-

2116 2877 2314 2948 σμικὸς
2349 2876 2436 2945 εἴη
2464 2877 2492 2927 6
2526 2874 2667 2941 ὑπὲρ
2693 2873 2898 2943 ταύτης
2933 2872 3033 2942 τῆς
3063 2872 3243 2935 αἰτίας
3288 2868 3702 2939 ἀντιλαμϐάνων

2114 2970 2150 3042 ἢ
2215 2970 2378 3040 μέσος
2425 2968 2504 3038 τῷ
2551 2966 2842 3037 πράγματι
2894 2967 3205 3036 γινόμενος,
3264 2964 3333 3017 τὰ.
3382 2962 3604 3016 δοθέντα
3638 2959 3702 3013 τὰ

2121 3063 2421 3134 πράγματα
2464 3063 2523 3114 ἐν
2573 3058 2746 3128 διπλῷ
2781 3058 2946 3111 αὐτὸν
2999 3057 3351 3111 ἀπαιτεῖσθαι
3402 3055 3706 3122 κελεύομεν,

2120 3157 2186 3225 τῇ
2232 3152 2529 3222 Ἐκκλησία
2574 3150 3082 3220 ἐκδικηθησόμενα,
3125 3149 3185 3202 οὐ
3220 3148 3359 3218 μόνα
3394 3147 3456 3201 δὲ.
3480 3147 3548 3200 τὰ
3580 3146 3710 3198 κατὰ

2120 3248 2211 3301 τὸν
2246 3245 2433 3299 τοῦτον
2465 3243 2728 3314 δεδομένα
2754 3243 2956 3313 τρόπον
3000 3239 3338 3295 ἐκδικεῖσθαι
3382 3238 3711 3308 προστάττο-

2129 3357 2248 3411 μεν,
2280 3337 2418 3393 ἀλλὰ
2448 3337 2543 3391 καὶ
2570 3336 2753 3389 πᾶσαν
2811 3333 3119 3403 ἀσφάλειαν
3183 3333 3323 3403 ὑπὲρ
3372 3331 3567 3384 τούτου
3598 3327 3711 3381 καθ’

2122 3430 2235 3487 οἷον
2263 3433 2463 3504 δήποτε
2495 3429 2699 3503 τρόπον
2723 3427 3060 3491 ὲκτεθείσαν,
3085 3425 3183 3480 καὶ
3202 3424 3301 3496 τὴν
3319 3424 3431 3476 τῶν
3454 3422 3713 3493 ἐνεχύρων

2126 3530 2160 3601 ἦ
2192 3530 2290 3599 τὴν
2346 3526 2440 3581 τοῦ
2491 3524 2760 3594 ἐγγυητοῦ
2786 3523 2980 3593 ἐνοχὴν
3022 3522 3117 3576 καὶ
3152 3522 3334 3574 πᾶσαν
3367 3518 3539 3589 ἄλλην
3571 3517 3714 3569 οίαν-

2126 3624 2327 3692 δήποτε
2362 3620 2586 3689 ἀγωγὴν
2627 3619 2817 3689 ἀργεῖν
2847 3615 3200 3685 θεσπίζομεν.
3222 3613 3332 3667 Καὶ
3352 3613 3493 3683 πρὸς
3521 3609 3717 3669 τούτοις

2127 3724 2156 3774 6
2180 3720 2276 3790 τὴν
2316 3717 2613 3786 ὑπόσχεσιν
2652 3695 2949 3783 λαμϐάνων
2993 3710 3067 3781 μὴ
3101 3709 3262 3778 μόνον
3307 3707 3409 3777 τὴν
3438 3702 3718 3775 ὁμολογίαν

2128 3810 2449 3872 ἀποδιδότω,
2478 3806 2617 3860 ἀλλὰ
2649 3806 2745 3860 καὶ
2770 3803 2899 3857 ἄλλο
2954 3800 3209 3855 τοσοῦτον
3245 3800 3374 3852 ὅσον
3408 3801 3439 3867 ἡ
3471 3794 3720 3865 ὁμολογία

2133 3903 2381 3974 περιέχει
2410 3897 2749 3954 άπαιτείσθω
2771 3895 2985 3964 όφείλον
3036 3896 3103 3963 τῇ
3153 3890 3459 3960 Ἐκκλησία
3491 3889 3718 3957 δοθῆναι.

2133 3997 2199 4050 Εἰ
2226 4012 2307 4057 τις
2342 3992 2527 4063 μέντοι
2559 3992 2624 4044 ἐκ
2651 3988 2757 4042 τῶν
2793 3985 3111 4040 ἐπισκόπων
3158 3982 3271 4037 εἴτε
3325 3982 3436 4053 πρὸ
3468 3980 3569 4049 τῆς
3599 3979 3722 4039 ἰδίας

2136 4087 2496 4161 χειροτονίας,
2531 4084 2564 4155 ἢ
2604 4082 2742 4153 μετὰ
2768 4081 2868 4150 τὴν
2897 4076 3235 4150 χειροτονίαν
3262 4074 3505 4146 βουληθῇ
3536 4073 3603 4126 τά
3628 4071 3722 4123 ἴδια

2138 4177 2502 4250 πράγματαῆ
2542 4175 2708 4247 μέρος
2764 4173 2824 4239 ἐξ
2874 4172 3055 4225 αὐτῶν
3090 4171 3473 4241 προσαγαγεῖν
3503 4169 3570 4237 τῇ
3612 4165 3724 4217 Ἐκ-

2136 4272 2341 4344 κλησίᾳ
2367 4266 2433 4343 ἦς
2458 4268 2557 4339 τὴν
2582 4266 2883 4340 ἱερωσύνην
2913 4263 3207 4335 λαμϐάνει,
3242 4264 3303 4316 οὐ
3336 4262 3503 4333 μόνον
3536 4260 3597 4313 οὐ
3627 4274 3726 4310 κω-

2137 4365 2360 4437 λύομεν,
2385 4363 2480 4416 καὶ
2513 4361 2695 4431 πάσης
2720 4358 3022 4427 καταδίκης
3060 4360 3157 4410 καὶ
3213 4356 3407 4423 ποινῆς
3452 4349 3725 4418 ἐλεύθερον

436 4463 726 4518 dicamus:
786 4467 1229 4535 quandoquidem
1264 4466 1316 4521 id
1345 4482 1449 4522 non
1488 4468 1713 4538 emptio.
1750 4469 1845 4523 sed
1878 4469 2003 4522 obla

2142 4459 2281 4517 εἶναι
2306 4459 2640 4529 θεσπίζομεν
2674 4457 2770 4512 τοῦ
2800 4456 3069 4527 παρόντος
3092 4454 3279 4524 νόμου,
3306 4450 3447 4503 ἀλλὰ
3475 4450 3571 4503 καὶ
3596 4463 3723 4538 παν-

437 4558 516 4609 ιίο
559 4566 661 4612 est.
697 4557 931 4613 Constit.
972 4559 1059 4623 16,
1106 4561 1186 4616 tit.
1217 4562 1273 4622 2,
1308 4562 1400 4615 lib.
1436 4576 1475 4625 ι,
1527 4577 1634 4616 ιιοιι
1659 4572 1737 4616 est
1767 4559 1941 4630 posita
1976 4563 2029 4615 in

440 4649 609 4703 Basil.
644 4666 822 4720 neque
856 4650 1066 4723 [etiam]
1102 4655 1322 4709 constit.
1360 4655 1426 4719 8,
1461 4654 1544 4710 tit.
1593 4655 1615 4706 1
1660 4653 2030 4719 Novellarum,

438 4760 561 4813 quae
599 4757 683 4801 est
713 4746 771 4801 11
811 4747 1101 4803 Justiuiaui
1133 4752 1370 4806 novella.
1420 4752 1657 4807 Constit.
1693 4767 1824 4805 vero
1856 4753 1908 4809 5.
1946 4750 2030 4803 tit.

437 4838 477 4890 2
507 4835 877 4904 Novellarum,
931 4852 1016 4896 est
1068 4838 1369 4897 Justiuiaui
1423 4844 1637 4898 novella
1672 4844 1791 4909 151,
1828 4858 1952 4911 ίμιιο
1982 4842 2035 4896 ἰιι

444 4931 539 4985 lib.
601 4947 657 4999 ν,
689 4934 773 4988 tit.
808 4933 865 4997 5,
918 4950 1041 5004 cap.
1076 4936 1130 4999 1,
1180 4937 1422 4991 themate
1458 4938 1514 4999 2,
1550 4940 1695 4992 hunc
1724 4939 1779 4990 in
1812 4936 2038 4990 modum

444 5023 623 5091 posita
670 5036 753 5081 est
783 5043 797 5080 :
833 5026 909 5081 Ac
975 5038 1263 5097 propterea
1294 5029 1604 5096 sancimus,
1645 5038 1706 5083 ul.
1732 5029 2037 5084 secundum

445 5133 638 5172 eorum
689 5119 1035 5174 deﬁnitiones
1082 5121 1342 5176 sanetiss.
1392 5122 1596 5176 veteris
1639 5121 1829 5176 Romae
1876 5134 2038 5190 papa,

452 5213 662 5281 primus
693 5215 937 5267 omnium
965 5213 1316 5270 sacerdotum
1362 5214 1434 5270 sit
1467 5234 1480 5269 :
1528 5214 1881 5270 beatissimus
1917 5227 2046 5267 vero

452 5305 1417 5376 archiepiscopusConstantinOpolis
1444 5322 1598 5362 novae
1630 5307 1835 5369 Ronne,
1855 5321 2049 5359 secun-

452 5398 582 5452 dum
608 5397 789 5452 locum
818 5408 939 5468 post
965 5408 1212 5455 sanctam
1244 5399 1602 5468 apostolicam
1638 5397 1840 5453 veteris
1865 5395 2050 5449 Romae

454 5487 642 5543 sedem
684 5488 975 5553 obtineat,
1022 5490 1345 5561 ueterisque
1395 5489 1650 5544 omnibus
1705 5486 2048 5559 praeferatur.

458 5579 820 5637 Beatissimus
886 5593 1068 5636 autem
1137 5597 1237 5653 pro
1300 5593 1546 5653 tempore
1602 5578 2052 5650 archiepiscopus

506 5674 827 5729 ustinianeae
846 5674 1033 5744 prima:
1054 5675 1244 5745 patria:
1268 5686 1493 5741 nostrae,
1522 5688 1736 5743 semper
1756 5672 1858 5727 sub
1878 5670 2053 5740 juris-

468 5764 705 5822 dictioue
742 5783 839 5822 sua
878 5769 1073 5823 habeat
1105 5768 1391 5839 episcopos
1418 5765 1848 5837 provinci-arium
1878 5763 2054 5820 Dacia;

2138 4555 2226 4617 τὸς
2255 4551 2480 4606 ἐπαίνου
2512 4548 2663 4614 ἀξιον
2723 4548 2985 4617 κρίνομεν
3024 4544 3215 4614 ἐπειδὴ
3259 4541 3422 4596 τοῦτο
3459 4540 3559 4593 ούκ
3593 4536 3727 4590 ἔστιν

2138 4645 2353 4715 ἀγορὰ,
2389 4642 2524 4696 ἀλλὰ
2590 4641 2897 4711 προσφορά.
2946 4639 3011 4691 'H
3064 4644 3139 4702 ις’
3188 4637 3329 4690 διατ.
3379 4634 3478 4688 τοῦ
3538 4632 3580 4704 β’
3632 4631 3727 4683 τίτ.

2143 4738 2238 4791 τοῦ
2287 4744 2335 4790 α’
2392 4735 2600 4807 βιϐλίου
2639 4736 2740 4786 οὐκ
2787 4732 2947 4802 ἐτέθη
2987 4733 3067 4795 είς
3099 4731 3168 4783 τὰ
3205 4729 3486 4800 βασιλικά.
3545 4724 3729 4789 Ούδέὴ

2142 4837 2192 4902 η’
2217 4830 2356 4883 διάτ.
2390 4828 2483 4881 τοῦ
2515 4833 2561 4881 α’
2595 4826 2700 4881 τίτ.
2744 4826 2850 4878 τῶν
2878 4823 3203 4895 Νεαρῶν....
3242 4819 3379 4876 οὖσα
3428 4817 3729 4873 Ἰουστινιαι

2144 4942 2285 4986 νειος
2315 4923 2504 4992 νεαρά.
2550 4921 2617 4975 Ἠ
2641 4919 2697 4973 δὲ
2738 4927 2785 4987 γ’
2822 4919 2965 4973 διάτ.
3013 4916 3110 4971 τοῦ
3152 4917 3195 4987 β’
3226 4916 3331 4970 τίτ,
3363 4915 3475 4967 τῶν
3514 4911 3729 4980 Νεαριῐιν

2146 5022 2261 5073 ἐστι
2293 5017 2464 5087 νεαρὰ⁷
2506 5006 2938 5076 Ἰουστινιάνειος
2989 5013 3218 5082 κειμένη
3259 5012 3315 5063 ὲν
3349 5008 3544 5079 βιϐλίῳ
3572 5013 3612 5058 ε’
3632 5004 3731 5055 τῶν

2149 5110 2475 5173 Βασιλικῶν,
2500 5108 2605 5163 τίτ.
2627 5107 2697 5176 γ’,
2729 5125 2855 5177 κεφ.
2887 5113 2956 5168 α’,
2994 5106 3192 5175 θέματι
3225 5104 3290 5174 β’,
3317 5102 3491 5163 οὕτως
3514 5100 3729 5169 ἔχουσα·

2149 5204 2261 5257 Καὶ
2292 5202 2382 5256 διὰ
2411 5200 2567 5255 τοῦτο
2620 5199 2956 5269 θεσπίζομεν
3014 5197 3157 5251 κατὰ
3188 5196 3311 5259 τοὺς
3361 5193 3547 5248 αὐτῶν
3587 5192 3733 5260 ὄρους

2151 5298 2241 5350 τὸν
2299 5296 2604 5365 ἁγιώτατον
2656 5293 2756 5364 τῆς
2822 5290 3203 5362 πρεσϐυτέρας
3269 5286 3492 5356 Ῥώμης
3534 5284 3730 5340 πάππαν,

2154 5387 2371 5458 πρῶτον
2406 5381 2546 5440 εἶναι
2575 5384 2793 5437 πάντων
2834 5381 2944 5436 τῶν
2986 5382 3200 5452 ἱερέων,
3248 5379 3339 5433 τὸν
3367 5376 3423 5430 δέ
3459 5369 3729 5447 μακαριώ-

2154 5499 2314 5535 τατον
2337 5479 2773 5551 άρχιεπίσκοπον
2825 5471 3452 5532 Κωνσταντινουπόλεως
3494 5467 3588 5537 τῆς
3617 5463 3728 5523 νέας

2169 5573 2386 5644 Ῥώμης
2410 5570 2667 5641 δευτέραν
2706 5564 2857 5633 τάξιν
2884 5567 3122 5636 ἐπέχειν,
3151 5565 3291 5634 μετὰ
3329 5561 3417 5614 τὸν
3440 5557 3727 5644 ἁγιώτατον

2159 5643 2514 5721 ἀποστολικὸν
2545 5662 2732 5733 θρόνον
2747 5661 2845 5732 τῆς
2890 5658 3273 5733 πρεσϐυτέρας
3307 5653 3542 5724 Ῥώμης,
3561 5649 3661 5702 τῶν
3680 5643 3728 5696 δὲ

2166 5759 2339 5816 ἄλλων
2404 5756 2622 5811 πάντων
2672 5752 3067 5826 προτιμᾶσθαι,
3110 5750 3199 5804 τὸν
3247 5749 3301 5802 δὲ
3340 5744 3481 5801 κατὰ
3524 5737 3732 5810 καιροῦς
