3916 6244
226 235 324 300 989

1230 242 1718 308 NOMOCANON.
1744 266 1813 283 —-
1837 245 1988 308 mn
2032 202 2082 324 ιξ
2122 250 2279 312 CAP.
2322 253 2421 316 v1.

3419 257 3527 320 990

229 344 641 417 μακαριώτατον
694 346 1128 420 ἀρχιεπίσκοπον
1176 353 1276 421 τῆς
1320 358 1369 406 α’
1424 352 1809 423 Ίουστινιανῆς

1924 359 2354 429 mediterranea},
2385 372 2438 417 et
2486 360 2664 418 Dacia:
2720 362 2999 435 Ripensis,
3042 365 3172 421 item
3223 364 3522 430 Prtevalim,

223 443 315 511 τῆς
349 442 627 515 ἡμετέρας
658 445 916 515 πατρίδος
972 445 1118 517 ἔχειν
1168 448 1258 501 ἀεὶ
1319 448 1425 502 ὑπὸ
1468 450 1568 519 τὴν
1608 449 1816 504 οἰκείαν

222 538 580 593 δικαιοδοσίαν
609 540 735 601 τοὺς
768 539 1106 603 ἐπισκόπους
1146 540 1254 595 τῶν
1281 542 1563 613 ἐπαρχιῶν
1586 542 1813 608 Δακίας,

222 630 639 703 Μεδιτερανίας,
685 632 778 683 καὶ
807 631 1013 695 Δακίας
1055 632 1389 698 Ῥιπενσίας,
1441 633 1813 705 Πραιϐαλέας,

221 724 309 778 καὶ
338 725 666 795 Δαρδανίας,
707 724 801 777 καὶ
858 724 1077 788 Μυσίας
1100 724 1199 794 τῆς
1225 725 1529 797 ἀνωτέρας,
1562 724 1658 779 καὶ
1686 726 1816 797 παρ’

220 815 381 870 αὐτοῦ
437 815 668 879 τούτους
722 817 1172 887 χειροτονεῖσθαι,
1233 817 1327 868 καὶ
1367 818 1425 869 ἐν
1472 817 1664 880 αὑταῖς
1694 818 1817 880 ταῖς

219 909 612 980 ὑποκειμέναις
666 908 815 979 αὐτῷ
870 908 1164 980 ἐπαρχίαις
1243 908 1336 961 τὸν
1384 908 1550 962 τόπον
1598 910 1816 980 ἐπέχειν

218 1003 377 1056 αὑτὸν
439 1002 536 1055 τοῦ
600 1001 959 1056 ἀποστολικοῦ
1030 1001 1254 1072 Ῥώμης
1298 1002 1515 1074 θρόνου,
1563 1004 1707 1057 κατὰ
1746 1005 1815 1058 τὰ

216 1094 505 1167 ὁρισθέντα
560 1095 667 1151 ὑπὸ
719 1095 816 1149 τοῦ
850 1096 1005 1163 ἁγίου
1047 1095 1205 1149 πάπα
1234 1094 1541 1150 Βασιλείου.
1588 1096 1698 1149 Καὶ
1720 1095 1814 1148 τὸν

216 1190 400 1259 ὅμοιον
426 1190 637 1260 τρόπον
685 1190 747 1243 τὸ
812 1189 1023 1243 δίκαιον
1082 1190 1180 1260 τῆς
1225 1188 1639 1261 ἀρχιερωσύνης
1674 1189 1815 1261 ὅπερ

214 1282 289 1354 τῷ
312 1282 608 1354 ἐπισκόπῳ
634 1283 1020 1354 Ἰουστινιανῆς
1049 1284 1399 1356 Καρχηδόνος
1412 1286 1512 1355 τῆς
1544 1284 1813 1355 Ἀφρικῆς

212 1376 538 1447 διοικήσεως
562 1375 878 1448 δεδώκαμεν
912 1376 971 1444 ἐξ
996 1373 1169 1449 οὗπερ
1196 1381 1224 1431 ό
1274 1377 1405 1441 Θεὸς
1429 1377 1638 1449 ταύτην
1675 1378 1809 1448 ἡμῖν

211 1468 633 1541 ἀποκατέστησε
687 1469 1056 1539 φυλάττεσθαι
1113 1469 1428 1540 κελεύομεν.
1494 1470 1812 1541 Σημείωσαι

211 1560 316 1613 ἀπὸ
374 1560 476 1631 τῆς
525 1558 811 1631 παρούσης
857 1560 1291 1614 Ἰουστινιανείου
1340 1562 1544 1631 νεαρᾶς
1569 1560 1638 1613 τὰ
1678 1576 1812 1630 προ-

1920 466 1984 508 ac
2030 452 2332 523 Dardania,
2378 465 2433 511 et
2490 455 2678 527 Mysia:
2729 457 3032 527 superioris
3074 476 3086 513 :
3125 466 3182 514 et
3220 458 3289 513 ab
3320 459 3440 529 ipso
3467 460 3523 514 hi

1919 545 2265 609 ordinentur,
2318 555 2371 601 et
2433 546 2488 600 in
2550 547 2849 616 provinciis
2906 548 3008 618 ipsi
3034 550 3300 621 subjectis
3336 552 3519 607 locum

1920 645 2104 693 teneat
2127 639 2442 708 apostolica:
2470 639 2615 694 sedis
2642 637 2925 705 Romana},
2959 642 3265 698 secundum
3290 658 3355 698 ea
3392 659 3515 714 qua:

1920 740 2145 785 sanctus
2172 746 2309 801 papa
2342 730 2573 799 Vigilius
2619 732 2928 788 constituit.
2956 734 3246 790 Consimili
3276 736 3439 791 modo
3463 749 3519 794 et

1919 823 2389 893 archiepiscopale
2418 839 2620 878 munus
2645 865 2661 889 ,
2693 825 2839 893 quod
2871 826 3130 897 episcOpo
3166 825 3525 883 Justinianeae

1916 912 2264 984 Carthaginis
2299 912 2572 969 Africanae
2621 915 2923 972 dimceseos
2968 917 3257 984 dedimus,
3293 935 3358 974 ex
3412 935 3526 989 quo

1919 1004 2064 1061 Deus
2114 1006 2278 1061 nobis
2325 1007 2467 1062 hanc
2539 1009 2802 1075 restituit,
2866 1012 3182 1065 conservari
3240 1012 3521 1082 jubemus.

1916 1097 2056 1152 Nota
2084 1114 2214 1153 vero
2248 1115 2312 1153 ex
2349 1100 2603 1168 praesenti
2651 1098 3005 1156 Justinianea
3036 1104 3269 1167 novella,
3302 1104 3527 1173 privile—

1916 1189 2003 1259 gia
2026 1188 2421 1265 archiepiscopi
2442 1188 2729 1259 Bulgaria}.
2762 1190 2863 1247 Hic
2891 1207 3131 1263 namque
3152 1204 3237 1249 est
3255 1195 3528 1267 archiepi-

1917 1297 2119 1351 sc0pus
2188 1285 2377 1352 prima:
2437 1281 2840 1348 Justinianeae,
2903 1287 3094 1355 patriae
3173 1287 3525 1358 imperatoris

1916 1371 2236 1428 Justiniani.
2277 1375 2453 1443 Atque
2487 1374 2742 1446 Bulgaria
2776 1376 2997 1446 quidem
3030 1390 3319 1449 propterea
3352 1378 3525 1436 Justi-

1918 1467 2110 1522 nianea
2180 1467 2403 1522 dicitur.
2466 1466 2737 1524 Ceterum
2825 1468 3170 1525 Justinianea
3249 1470 3527 1543 Carthago

1913 1558 2187 1615 Africana:
2239 1559 2540 1616 dimceseos
2574 1603 2590 1627 ,
2650 1571 2968 1633 nuncupata
3014 1562 3359 1619 Justinianea
3414 1574 3522 1630 est,

210 1653 375 1723 νόμια
425 1652 521 1706 τοῦ
588 1653 1023 1723 ἀρχιεπισκόπου
1085 1653 1445 1725 Βουλγαρίας,
1506 1646 1661 1717 οὗτος
1699 1653 1807 1723 γάρ

1924 1652 2059 1721 quod
2130 1653 2431 1723 imperator
2458 1652 2807 1711 Justinianus
2843 1656 3127 1726 regionem
3174 1656 3325 1710 illam
3357 1657 3522 1713 resti-

208 1713 355 1798 ἐστιν
377 1713 813 1815 ἀρχιεπίσκοττος
840 1744 942 1814 τῆς
970 1743 1019 1797 α’
1050 1713 1441 1816 Ἰουστινιανῆς
1468 1744 1571 1814 τῆς
1601 1713 1802 1816 πατρίλ

1924 1747 2079 1801 tuerit
2131 1750 2504 1803 Romanorum
2533 1748 2787 1818 imperio.
2820 1749 2897 1804 Ac
2925 1749 3131 1805 idcirco
3168 1752 3333 1805 etiam
3383 1766 3525 1821 pra:-

208 1836 290 1899 δος
317 1834 416 1889 τοῦ
446 1834 717 1905 βασιλέως
755 1835 1161 1890 Ἰουστινιανοῦ.
1216 1837 1325 1889 Καὶ
1362 1836 1394 1906 ἡ
1440 1836 1537 1906 μὲν
1562 1836 1807 1904 Βουλγα-

1924 1854 2036 1893 sons
2096 1848 2259 1908 caput
2324 1840 2381 1894 in
2436 1839 2796 1910 inscriptione
2852 1840 3104 1895 meminit
3185 1842 3524 1911 privatorum

212 1926 302 1995 ρία
333 1924 426 1978 διὰ
452 1925 613 1978 τοῦτο
634 1926 883 1980 καλεῖται
920 1927 1274 1996 ’1ουστινιανὴ
1304 1928 1394 1980 διὰ
1441 1927 1501 1980 τὸ
1524 1926 1616 1981 τὸν
1653 1926 1809 1997 βασι-

1924 1930 2182 1987 ὶῖιῆειιιιω
2212 1932 2588 2003 Carthaginis,
2642 1934 2784 2005 quod
2806 1945 2891 1989 est
2931 1934 3361 2005 privilegiormm
3382 1935 3525 2006 ejus.

207 2018 303 2071 λέα
348 2018 736 2072 Ἰουστινιανὸν
794 2019 1246 2091 ἀποκαταστῆσαι
1292 2021 1358 2090 τῇ
1407 2018 1659 2091 βασιλείᾳ
1703 2018 1809 2072 τῶν

1924 2022 2223 2079 Secundum
2273 2025 2497 2080 Latinos
2545 2027 2693 2081 enim
2742 2026 3022 2096 privatum
3070 2027 3273 2081 dicitur
3323 2026 3384 2079 τὸ
3422 2027 3522 2080 ἰδι·

214 2110 510 2181 Ῥωμαίων
554 2109 654 2181 τὴν
714 2112 971 2182 τοιαύτην
1006 2110 1211 2181 χώραν.
1253 2111 1352 2165 Διὰ
1392 2115 1501 2183 γὰρ
1526 2110 1685 2165 τοῦτο
1715 2112 1809 2182 μέ-

1924 2117 2026 2169 ιόν.
2054 2115 2197 2187 Lege
2230 2133 2360 2172 vero
2387 2118 2551 2173 etiam
2604 2118 2766 2173 linem
2801 2119 2999 2181 scholii
3047 2120 3334 2191 prmsentis
3372 2119 3524 2190 capi-

208 2224 413 2275 μνηται
440 2207 501 2259 τὸ
531 2206 706 2275 παρὸν
764 2224 889 2275 κεφ.
936 2207 1015 2269 είς
1060 2208 1161 2277 τὴν
1212 2207 1526 2278 ἐπιγραφὴν
1570 2204 1804 2260 καὶτῶν

1924 2209 2009 2273 Lis,
2043 2210 2137 2279 qui
2179 2226 2307 2279 pars
2356 2220 2441 2267 est
2497 2212 2591 2266 131
2624 2210 2984 2266 .Iustinianea:
3036 2210 3284 2278 novella},
3314 2219 3368 2266 et
3404 2221 3522 2266 sta-

206 2298 493 2370 πριϐάτων
521 2299 620 2368 τῆς
649 2300 707 2353 ἐν
740 2300 805 2370 τῇ
855 2300 1089 2370 Ἀφρικῇ
1143 2299 1514 2371 Καρχηδόνος,
1563 2297 1807 2370 δηλονότι

1924 2302 2042 2368 luit,
2081 2311 2141 2357 ut
2189 2302 2436 2358 Ecclesia
2494 2302 2951 2372 Carthaginiensis
3012 2304 3329 2374 apostolica)
3365 2303 3520 2360 sedis

204 2393 317 2446 τῶν
343 2392 661 2463 προνομίων
706 2393 896 2463 αὐτῆς.
948 2392 1220 2463 Πρίϐατον
1262 2394 1372 2465 γὰρ
1413 2394 1631 2458 λέγεται
1671 2394 1809 2447 κατά

1924 2394 2205 2465 privilegia
2236 2396 2456 2451 habeat.

210 2484 479 2546 Λατίνους
506 2483 569 2537 τὸ
599 2484 786 2539 ίδικόν.
824 2484 933 2539 Καὶ
991 2484 1275 2554 ἀνάγνωθι
1303 2485 1363 2538 τὸ
1394 2486 1547 2548 τέλος
1613 2484 1707 2538 τοῦ
1743 2485 1993 2557 σχολαίου
2026 2486 2119 2540 τοῦ
2175 2488 2445 2558 παρόντος
2521 2505 2646 2556 κεφ.
2718 2486 2884 2558 μέρος
2918 2486 2976 2542 ὃν
3007 2487 3106 2557 τῆς
3132 2486 3247 2559 ρλα’
3295 2487 3522 2544 Ἰουστι-

206 2582 444 2636 νιανείου
470 2582 698 2653 νεαρᾶς,
724 2583 818 2636 καὶ
847 2580 1214 2653 διοριζόμενον
1240 2580 1385 2652 ἔχειν
1413 2583 1507 2635 καλ⁸
1536 2582 1635 2652 τὴν
1665 2581 1995 2653 Ἐκκλησίαν
2056 2585 2157 2654 τῆς
2184 2583 2538 2655 Καρχηδόνος
2597 2582 2667 2637 τὰ
2716 2583 2991 2655 προνόμια
3045 2581 3139 2636 τοῦ
3162 2584 3523 2639 ἀποστολικοῦ

207 2675 233 2728 0
243 2675 405 2746 ρόνου
413 2714 428 2729 .

278 2767 538 2822 ΚΕΦΔΛ.
575 2768 667 2835 C,".
693 2798 758 2808 —
788 2766 926 2837 Περὶ
946 2766 1053 2821 τοῦ
1074 2766 1245 2833 τινας
1278 2765 1375 2820 καί
1404 2763 1522 2820 ποῦ
1553 2781 1816 2834 χειροτο-

205 2860 435 2915 νοῦσιν
486 2861 869 2928 ἐπισκόπους
933 2860 972 2928 ἦ
1027 2860 1394 2928 κληρικοὺς,
1452 2858 1553 2913 καὶ
1615 2858 1726 2913 ἐὰν
1780 2862 1814 2913 ό

207 2956 658 3024 χειροτονηθεὶς
683 2955 781 3010 διὰ
809 2954 1097 3011 λιϐἐλλου
1123 2954 1492 3024 παραιτεῖται
1531 2953 1648 3023 τὴν
1675 2953 1807 3008 ἐπι-

210 3048 485 3115 σκοπήν.

295 3142 639 3196 Ἀποστόλων
700 3141 881 3196 κανὼν
916 3140 987 3208 α’,
1040 3140 1106 3212 β’,
1154 3138 1228 3194 λε’
1253 3157 1265 3171 ο
1308 3138 1531 3193 συνόδου
1565 3137 1806 3201 Νικαίας

208 3236 392 3291 κανὼν
432 3236 500 3300 δ’,
558 3236 776 3291 συνόδου
811 3236 1141 3306 Ἀντιοχείας
1183 3233 1274 3304 ιγ’,
1310 3233 1394 3299 ιϐ’,
1423 3232 1506 3304 κβ⁹
1534 3252 1546 3265 ·
1584 3231 1804 3287 συνόδου

210 3329 539 3393 Λαοδικείας
599 3329 781 3383 κανὼν
834 3328 896 3395 ε’,
952 3327 1055 3399 ιβ’·
1091 3328 1311 3382 συνόδου
1361 3327 1589 3396 Ἐφέσου
1625 3325 1807 3381 κανὼν

209 3420 283 3491 η”
320 3422 418 3475 καὶ
460 3422 722 3493 ἐπιστολὴ
758 3422 892 3493 πρὸς
942 3425 1041 3494 τὴν
1078 3424 1137 3476 ἐν
1193 3422 1495 3493 Παμφυλίᾳ
1545 3420 1803 3474 σύνοδον’

214 3515 434 3567 συνόδου
484 3515 757 3586 Σαρδικῆς
816 3515 999 3569 κανὼν
1057 3521 1109 3580 ς’
1138 3531 1150 3545 ·
1205 3516 1425 3569 συνόδου
1459 3512 1806 3583 Χαλκηδόνος

211 3606 394 3661 κανὼν
419 3605 509 3677 κη’
539 3625 553 3638 °
585 3609 805 3662 συνόδου
840 3607 1432 3678 Καρθαγέννηςκινὼν
1451 3604 1540 3675 ιγ’,
1571 3604 1661 3676 ιη’,
1692 3602 1804 3674 μθ’,

213 3697 303 3762 νς’
328 3716 342 3727 °
391 3700 618 3753 συνόδου
677 3699 729 3765 ς’
801 3700 981 3756 κανὼν
1018 3700 1119 3771 λγ’,
1149 3699 1223 3764 λζ’
1253 3718 1266 3733 ο
1316 3701 1538 3755 συνόδου
1570 3699 1805 3763 Νικαίας

213 3793 274 3840 τὸ
303 3788 346 3859 β’
390 3790 576 3844 κανὼν
628 3789 706 3862 ﬂ"
749 3794 971 3847 συνόδου
1009 3792 1054 3847 α’
1090 3797 1183 3846 καὶ
1215 3791 1280 3863 β’,
1335 3792 1807 3862 συγκροτηθείσης

216 3880 272 3933 ἐν
302 3884 901 3955 Κωνσταντινουπόλει,
928 3887 985 3939 ἐν
1018 3885 1098 3957 τῷ
1128 3885 1243 3957 ναῷ
1280 3886 1388 3939 τῶν
1435 3886 1607 3953 ἁγίων
1638 3886 1805 3939 Ἀπο-

218 3976 419 4029 στόὶων
473 3977 656 4030 κανὼν
715 3986 827 4044 ις’*
885 3979 1166 4034 Βασιλείου
1214 3979 1473 4050 ἐπιστολὴ
1510 3978 1648 4051 πρὸς
1677 3981 1806 4043 τοὺς

215 4070 690 4140 χωρεπισκόπους·
756 4074 1025 4146 Κυρίλλου
1069 4076 1133 4127 ἐκ
1161 4075 1261 4145 τῆς
1298 4073 1433 4143 πρὸς
1465 4074 1668 4145 Δόμνον
1694 4075 1811 4127 ἐπι-

218 4163 407 4234 στολῆς
454 4162 637 4217 κανὼν
666 4162 736 4231 α’,
763 4163 811 4233 γ’
840 4183 853 4196 ·
891 4165 1164 4237 Κυρίλλου
1206 4168 1271 4220 ἐκ
1305 4166 1402 4236 τῆς
1428 4167 1564 4237 πρὸς
1598 4168 1723 4231 τοὺς
1748 4167 1807 4219 ἐν

217 4253 387 4324 Διῦύῃ
448 4256 545 4308 καὶ
602 4257 935 4312 Πενταπόλει
997 4259 1330 4322 ἐπισκόπους
1382 4258 1671 4330 ἐπιστολῆς
1705 4276 1807 4311 κα-

217 4345 320 4399 νὼν
370 4347 442 4410 α’,
514 4354 601 4418 γ’·
661 4350 922 4420 Θεοφίλου
993 4354 1057 4407 ἐκ
1113 4352 1210 4406 τοῦ
1253 4352 1662 4424 ὑπομνηστικοῦ
1709 4370 1809 4406 κα-

218 4439 319 4490 νὼν
355 4439 431 4505 ς’.
1408 4508 1417 4514 ν

284 4535 595 4604 Λείμενον.
648 4534 861 4590 Βιδλίον
908 4534 953 4589 α’
997 4536 1090 4590 τοῦ
1126 4537 1391 4602 Κώδικος,
1434 4556 1542 4593 τιτ.
1573 4536 1657 4606 γ’,
1694 4538 1809 4592 διά-

218 4626 363 4692 ταξις
421 4626 512 4699 ιβ’,
568 4627 631 4695 λ’,
672 4629 779 4700 μβ’,
825 4629 934 4701 μζ,
968 4629 1065 4701 νβ’,
1106 4633 1200 4685 καὶ
1238 4632 1341 4687 τίτ.
1367 4630 1415 4685 α’
1440 4632 1548 4686 τῶν
1576 4632 1808 4702 Νεαρῶν

217 4718 457 4786 διάταξις
482 4720 553 4787 α’,
581 4722 649 4793 β’,
693 4722 781 4790 ιζ’.

286 4818 569 4885 Σχόλιον.
608 4817 673 4870 Ἦ
724 4816 790 4888 ιβ’
821 4819 1066 4887 διάταξις
1114 4822 1209 4873 καὶ
1269 4820 1301 4891 ἡ
1341 4818 1405 4885 λ’,
1444 4818 1555 4889 μβν,
1588 4819 1674 4890 μζ¹
1713 4820 1806 4873 καὶ

222 4906 295 4977 νβ’
324 4909 418 4963 τοῦ
451 4907 698 4979 γ’τίτλου
756 4911 849 4964 τοῦ
912 4909 960 4965 α’
1017 4912 1224 4983 βιϐλίου
1264 4912 1360 4965 τοῦ
1419 4912 1664 4975 Κὼδικος
1706 4912 1809 4965 οὐκ

194 5000 481 5073 ἐτέθησαν
522 5005 605 5068 εἰς
636 5005 705 5059 τὰ
737 5004 1015 5075 βασιλικά.
1056 5008 1117 5059 'U
1140 5006 1198 5059 δὲ
1234 5004 1281 5059 α’
1311 5006 1488 5069 τίτλος
1520 5007 1629 5059 τῶν
1659 5007 1808 5060 Νεα-

224 5094 324 5159 ρῶν
354 5098 449 5149 καὶ
478 5098 512 5167 ἡ
547 5096 715 5151 αὑτοῦ
742 5096 789 5150 α’
811 5099 905 5151 καὶ
932 5096 975 5168 β’
1000 5099 1093 5152 καὶ
1134 5097 1218 5164 ιζ’,
1243 5097 1514 5163 διατάξεις
1544 5098 1809 5169 ἐτέθησαν

223 5186 298 5248 είς
324 5186 525 5258 νεαρὰς
549 5188 641 5241 τοῦ
674 5188 1058 5243 Ἰουστινιανοῦ
1094 5188 1169 5256 ς’,
1218 5188 1336 5261 ρκγ¹
1362 5190 1459 5244 καὶ
1495 5189 1630 5259 ρλζ’.
1661 5190 1809 5261 Πλὴν

224 5276 257 5343 ή
289 5276 382 5345 μὲν
414 5278 516 5331 οὐκ
572 5278 733 5351 ἐτέθη
788 5282 867 5344 είς
901 5281 970 5333 τὰ
1018 5281 1304 5335 Βασιλικά.
1354 5282 1418 5334 'H
1456 5281 1512 5334 δὲ
1546 5279 1663 5351 ρκγ¹
1690 5283 1808 5334 ἐστὶ

222 5383 339 5435 κεφ.
376 5368 441 5432 θ’,
474 5368 569 5423 τοῦ
588 5368 635 5423 α’
665 5370 796 5435 τίτ.,
843 5372 939 5426 τοῦ
978 5370 1022 5439 Υ
1068 5372 1278 5442 βιϐλίου
1324 5374 1464 5443 ὅπερ
1500 5375 1596 5426 καὶ
1644 5371 1808 5441 ἐτέθη

227 5462 345 5531 παρ’
370 5462 525 5531 ἡμῶν
562 5465 643 5528 είς
680 5481 804 5534 κεφ.
845 5471 884 5517 ε’
926 5464 1020 5519 τοῦ
1077 5466 1344 5536 παρόντος
1387 5465 1495 5520 τίτ.
1535 5466 1629 5518 καὶ
1656 5463 1807 5536 ζήτει

228 5552 368 5608 αὑτό.
412 5554 477 5609 Ἦ
502 5556 559 5610 δὲ
591 5554 726 5629 ρλξ,
756 5558 927 5629 νεαρά
954 5560 1070 5611 ἐστι
1101 5575 1227 5628 κεφ.
1255 5564 1305 5629 η’
1352 5556 1445 5611 τοῦ
1479 5554 1527 5611 α’
1566 5555 1807 5625 τιτ.,τοῦ

230 5644 273 5710 γ’
302 5647 499 5715 βιϐλίου
555 5652 696 5721 ὅπερ
757 5650 1025 5721 κατετέθη
1071 5656 1150 5714 εἰς
1194 5653 1405 5724 σκόλιον
1458 5651 1552 5705 τοῦ
1587 5657 1636 5723 η’
1678 5668 1804 5720 κεφ.

231 5737 315 5789 τοῦ
348 5745 605 5811 παρόντος
666 5742 775 5795 τίτ.
839 5745 963 5811 περῖ
990 5744 1048 5797 τὸ
1098 5744 1270 5807 τέλος,
1313 5745 1405 5798 καὶ
1444 5743 1593 5815 ζήτει
1626 5743 1803 5797 τοῦτο.

1839 4438 1888 4496 D

1998 2762 2154 2819 CAP.
2192 2762 2280 2818 VI.
2313 2794 2379 2805 —
2431 2763 2557 2832 Qui,
2602 2772 2651 2819 et
2684 2764 2776 2818 ubi
2807 2766 3118 2821 ordinentur
3148 2767 3398 2837 episcopi,
3430 2774 3525 2822 aut

1918 2858 2117 2923 clerici,
2176 2868 2223 2912 et
2271 2859 2318 2913 si
2368 2859 2651 2914 ordinatus
2708 2876 2801 2931 per
2864 2859 3102 2916 libellum
3155 2862 3524 2933 episcopatum

1916 2961 2144 3006 recuset.

1990 3139 2376 3211 Apostolorum
2402 3155 2580 3196 canon
2614 3144 2666 3205 1,
2698 3142 2754 3208 2,
2788 3142 2893 3209 35;
2927 3140 3146 3197 concilii
3195 3138 3401 3195 Niczeni
3430 3155 3525 3195 ca-

1919 3247 2031 3286 non
2060 3232 2115 3297 ι1,
2171 3232 2388 3287 concilii
2418 3233 2749 3289 Antiochcni
2781 3250 2963 3289 canon
3014 3234 3104 3294 15.
3142 3233 3231 3299 19,
3260 3232 3353 3299 22,
3383 3247 3521 3287 con-

1920 3326 2029 3381 cilii
2078 3325 2374 3382 Laodiceni
2403 3343 2581 3382 canon
2608 3328 2662 3391 5,
2688 3328 2788 3395 12;
2815 3328 3031 3383 concilii
3064 3327 3321 3397 Ephesini
3346 3342 3520 3381 canon

1917 3418 1972 3481 8,
2005 3430 2056 3475 et
2084 3421 2311 3489 epistola
2363 3420 2429 3474 ad
2461 3420 2867 3489 Pamphiliense
2898 3421 3193 3475 concilium
3242 3416 3458 3491 [missa]
3504 3434 3520 3482 ;

1919 3512 2139 3569 concilii
2174 3512 2520 3567 Sardicensis
2549 3528 2727 3567 canon
2756 3511 2823 3579 6;
2854 3513 3073 3567 concilii
3101 3511 3523 3566 Chalcedonen-

1921 3608 2000 3663 sis
2030 3623 2203 3662 canon
2240 3606 2341 3673 ‘28;
2372 3606 2593 3661 concilii
2625 3604 3080 3676 Carthagincnsis
3099 3617 3276 3659 canon
3311 3603 3397 3665 15,
3428 3601 3520 3687 is,

1920 3700 2010 3764 49,
2054 3699 2143 3766 56,
2190 3698 2297 3765 98;
2353 3698 2571 3753 concilii
2616 3698 2755 3753 sexti
2806 3712 2981 3752 canon
3029 3697 3119 3760 55,
3150 3695 3215 3750 57
3248 3712 3262 3761 ;
3296 3693 3520 3751 concili|

1920 3790 2127 3846 Nicaani
2155 3788 2381 3846 secundi
2420 3803 2596 3845 canon
2624 3790 2700 3856 2;
2751 3788 2967 3844 concilii
2997 3787 3161 3858 primi
3197 3796 3253 3841 et
3279 3785 3508 3841 secundi

1920 3882 2396 3952 Constantinopoli
2455 3882 2508 3935 in
2585 3880 2699 3935 aede
2737 3894 3057 3936 sanctorum
3115 3879 3505 3947 Apostolou'um

1922 3976 2098 4030 coacti
2152 3991 2329 4029 canon
2390 3974 2455 4030 16
2483 3992 2498 4041 ;
2531 3974 2719 4029 Basilii
2741 3974 2975 4043 epistola
3007 3972 3073 4026 ad
3115 3971 3345 4026 ditionis
3398 3986 3517 4026 sua:

1922 4070 2237 4139 episcopos,
2265 4069 2449 4140 Cyrilli
2482 4084 2549 4123 ex
2580 4066 2809 4138 epistola
2837 4065 2904 4119 ad
2937 4064 3202 4118 Domnum
3258 4079 3433 4118 canon
3469 4063 3518 4124 1,

1922 4164 1977 4231 5;
2004 4162 2190 4234 Cyrilli
2220 4179 2285 4218 ex
2305 4161 2533 4229 epistola
2563 4160 2629 4216 ad
2662 4160 2946 4230 episcopos
2973 4156 3157 4228 Libya:
3178 4165 3234 4211 et
3256 4157 3526 4225 Pentapo-

1918 4258 1989 4312 lis
2014 4274 2191 4313 canon
2242 4258 2292 4322 1,
2352 4258 2425 4323 '5;
2472 4253 2759 4324 Theophili
2810 4268 2879 4309 ex
2936 4249 3365 4307 commonitorio
3424 4264 3521 4303 ca-

1923 4364 2033 4405 non
2064 4352 2121 4406 5.

1988 4537 2205 4593 Tenus.
2249 4536 2370 4592 Lib.
2413 4534 2549 4591 Cod.
2584 4537 2634 4599 1,
2672 4537 2759 4591 tit.
2802 4536 2867 4602 5,
2898 4532 3121 4591 constit.
3164 4531 3254 4597 12,
3294 4530 3385 4598 30,
3426 4529 3518 4596 ι2,

1910 4631 2004 4697 47,
2036 4631 2122 4699 52,
2156 4640 2211 4687 et
2235 4632 2319 4685 tit.
2359 4633 2377 4685 l
2424 4628 2771 4685 Novellarum
2804 4627 3029 4683 Constit.
3060 4627 3115 4692 1,
3143 4623 3178 4681 2
3208 4633 3263 4681 et
3287 4623 3377 4680 17.

1983 4813 2276 4869 Scholium.
2313 4811 2550 4868 Constit.
2611 4810 2699 4875 12,
2736 4810 2827 4875 51),
2864 4808 2956 4871 42,
2988 4809 3078 4873 47,
3109 4808 3179 4862 52
3228 4807 3312 4860 tit.
3339 4805 3393 4869 1,
3420 4803 3513 4858 lib.

1915 4924 1926 4960 ι
1954 4951 1967 4969 ,
2003 4907 2143 4961 Cod.
2174 4907 2224 4959 in
2256 4904 2422 4962 Basil.
2457 4922 2563 4959 non
2598 4912 2728 4958 sunt
2768 4904 2976 4972 posita).
3008 4901 3227 4955 Primus
3258 4912 3390 4951 vero
3430 4897 3515 4951 tit.

1909 4999 2279 5061 Novellarum,
2343 4995 2780 5069 ejusdemquel,
2816 4996 2853 5049 2
2906 5004 2962 5049 ct
3015 4992 3083 5047 17
3134 4990 3356 5047 constit.
3386 4989 3517 5044 sunl

1912 5093 1967 5148 in
2005 5091 2248 5147 Novellis
2270 5088 2566 5146 Iustiniani
2594 5088 2658 5153 6,
2688 5088 2793 5143 125
2826 5096 2880 5143 et
2906 5086 3033 5144 157.
3061 5083 3284 5138 Interim
3321 5079 3376 5145 6,
3406 5092 3515 5134 non

1910 5187 2081 5243 estin
2132 5184 2298 5241 Basil.
2342 5184 2544 5257 posita.
2591 5182 2695 5237 125
2728 5196 2861 5236 vero
2914 5190 2999 5235 est
3056 5194 3178 5247 cap.
3214 5176 3268 5239 9,
3334 5173 3424 5229 tit.
3457 5173 3511 5235 1,

1912 5282 2006 5351 ξεί).
2042 5297 2125 5347 ιιι,
2173 5279 2317 5350 quod
2373 5294 2403 5332 α
2437 5278 2598 5332 nobis
2653 5274 2889 5346 positum
2942 5270 3116 5353 estin
3150 5283 3271 5338 cap.
3311 5266 3344 5320 5
3374 5280 3513 5335 pra:-

1911 5374 2082 5429 scntis
2142 5372 2225 5425 tit.
2282 5371 2426 5439 quod
2460 5383 2697 5439 qurcras.
2758 5362 2981 5420 Novella
3041 5369 3220 5415 autem
3282 5358 3381 5413 157
3429 5363 3515 5411 est

1912 5481 2032 5535 cap.
2070 5464 2122 5529 8,
2158 5463 2240 5518 tit.
2278 5463 2330 5524 1,
2367 5462 2460 5516 lib.
2497 5476 2579 5523 ιιι,
2604 5460 2746 5530 quod
2776 5469 3058 5525 aspersum
3090 5460 3177 5507 est
3204 5448 3426 5505 scholio
3453 5446 3506 5511 8,

1911 5574 2033 5629 cap.
2077 5556 2363 5629 praesentis
2422 5554 2504 5609 tit.
2539 5553 2682 5607 circa
2741 5552 2925 5613 linem,
2967 5545 3111 5617 quod
3144 5544 3307 5599 etiam
3353 5555 3506 5611 qua:-

1914 5665 2023 5706 ras.
