3916 6244
453 266 555 332 991

1595 271 1860 334 ΡΗΟΤΙΙ
1880 222 2396 335 ῬΑΤΗῘΑΗΟΗΕ
2435 273 2542 334 CP.

3610 276 3697 340 902

525 376 821 435 CAP.VII.
867 409 937 423 —
990 379 1311 435 Electionem
1364 383 1701 437 sacerdotum
1730 385 2046 453 promiscua:

2226 387 2474 439 ΚΕΦΑΛ.
2502 387 2573 439 Z'.
2618 415 2676 424 -—
2707 382 2845 453 Περὶ
2900 383 3009 438 τοῦ
3055 382 3141 454 μὴ
3176 383 3334 453 χρῆν
3373 382 3495 453 τοῖς
3526 385 3697 459 ὄχλοις

453 472 593 541 plebi
623 475 1033 543 permittendum
1070 494 1173 529 non
1201 494 1335 531 esse.

519 589 748 645 Concilii
803 589 1160 646 Laodicensis
1212 606 1389 646 canon
1421 592 1522 659 15;
1574 591 1793 647 concilii
1841 589 2048 646 Nicmni

454 681 682 737 secundi
705 697 889 749 canon
921 683 975 737 5.

525 798 680 853 CAP.
726 797 860 856 Vlll.
897 828 966 842 —-
999 798 1077 854 De
1124 802 1565 870 contradictione,
1597 819 1714 873 qua:
1740 804 1791 857 in
1820 803 2051 873 episcopi

447 891 793 947 ordinatione
818 895 901 963 ﬁt.

523 1009 757 1064 Coneilii
791 1011 1119 1066 Antiocheni
1160 1028 1335 1069 canon
1372 1012 1478 1080 l9;
1536 1013 1758 1070 concilii
1814 1013 2051 1071 Cartha-

456 1099 699 1171 ginensis
722 1117 898 1157 canon
931 1105 1021 1169 49,
1054 1106 1143 1161 55.

530 1213 749 1271 Toxlus.
781 1215 890 1271 Tit.
933 1219 958 1271 1
994 1216 1366 1286 Novellarum,
1402 1229 1582 1276 const.
1619 1222 1669 1286 1,
1703 1222 1758 1289 2,
1799 1222 1886 1284 l7,
1923 1231 2053 1285 etc.,

467 1325 632 1380 usque
671 1310 741 1364 ad
776 1321 830 1367 et
881 1312 1178 1382 praesulum
1208 1310 1780 1385 [monasteriorum],
1830 1322 1889 1368 ut
1931 1330 2056 1386 pag.

453 1405 582 1461 495.

525 1514 820 1570 Scltolium.
873 1516 1113 1572 Constit.
1154 1518 1202 1582 Ι,
1258 1518 1343 1573 tit.
1383 1517 1811 1583 iNovelhrum,
1843 1526 1926 1573 est
1964 1533 2063 1573 n0-

453 1607 591 1661 vella
646 1606 941 1663 Iustiniani
982 1610 1038 1672 6,
1080 1626 1203 1681 quae
1269 1611 1321 1664 in
1358 1610 1525 1665 Basil.
1588 1628 1693 1666 non
1726 1623 1808 1668 cst
1854 1615 2060 1685 posita.

455 1698 691 1752 Constit.
721 1698 757 1751 2
788 1700 1036 1769 ejusdem
1098 1702 1237 1756 itit.
1283 1698 1655 1767 Novellarum,
1704 1715 1789 1760 est
1840 1709 2055 1763 novella

2155 478 2498 549 ἐπιτρέπειν
2536 478 2650 544 τὴν
2673 476 2790 532 τῶν
2819 477 3022 545 ἱερέαηο
3047 477 3362 547 ἐπιλογήν.

2222 592 2449 645 Συνόδου
2501 589 2823 654 Λαοδικείας
2858 588 3039 643 κανὼν
3095 585 3203 658 ιγ’⁶
3256 587 3471 642 συνόδου
3506 586 3702 656 Νικαίας
3765 600 3768 603 “

2152 685 2213 739 τὸ
2249 682 2292 756 β’
2325 684 2505 738 κανὼν
2538 681 2609 751 γ’.

2187 802 2480 864 ΓΚΕΦΑΛ.
2510 804 2592 858 ιιι.
2630 832 2691 845 -
2719 802 2858 871 Περὶ
2886 800 2998 870 τῆς
3038 798 3372 870 γενομένης
3401 799 3706 871 ἀντιλογίας

2154 897 2254 950 ἐπὶ
2287 895 2359 964 τῇ
2381 894 2718 965 χειροτονίᾳ
2740 894 2847 949 τοῦ
2882 894 3249 949 ἐπισκόπου.

2228 1012 2456 1067 Συνόδου
2510 1013 2846 1083 Ἀντιοχείας
2897 1010 3080 1065 κανὼν
3122 1012 3187 1065 ιθ¹
3216 1028 3232 1042 ο
3284 1010 3499 1065 συνόδου
3525 1013 3712 1085 Καρθαο

2158 1103 2356 1175 γέννης
2395 1103 2575 1159 κανὼν
2630 1103 2739 1176 μθ’.

2230 1216 2537 1285 Κείμενον.
2570 1214 2760 1279 Τίτλος
2790 1233 2826 1269 α
2866 1213 2981 1267 τῶν
3003 1213 3259 1284 Νεαρῶν,
3310 1212 3543 1278 διάταξις
3562 1211 3625 1278 α’,
3657 1211 3715 1284 β’,

2166 1310 2255 1374 ιζ’,
2281 1328 2337 1366 κ.
2372 1327 2425 1365 τ.
2455 1310 2505 1364 λ.
2543 1325 2721 1382 usque
2748 1310 2838 1376 ad,
2871 1307 3261 1382 κληρικῶνκαὶ
3295 1306 3601 1361 ἐπισκόπων
3633 1308 3713 1361 καὶ

2163 1407 2298 1477 ήγου
2308 1404 2509 1474 μένων.

2236 1522 2516 1592 Σχόλιον.
2554 1519 2621 1574 Ἢ
2652 1519 2700 1575 α’
2727 1520 2871 1576 διάτ.
2910 1519 3006 1575 τοῦ
3029 1518 3078 1574 α’
3110 1537 3217 1575 τιτ.
3252 1519 3359 1573 τῶν
3385 1516 3603 1587 Νεαρῶν
3627 1520 3725 1572 ἐστι

2166 1615 2339 1686 νεαρᾶ
2369 1614 2804 1675 Ἰουστινιάνειος
2836 1620 2914 1679 ς’,
2945 1614 3066 1684 ἥτις
3120 1612 3222 1666 οὐκ
3262 1611 3425 1681 ἐτέθη
3456 1612 3529 1674 είς
3561 1610 3623 1664 τὰ
3640 1609 3727 1662 Βα-

2169 1710 2374 1765 σιλικὰ.
2429 1710 2494 1763 Ἠ
2555 1706 2599 1779 β’
2638 1706 2882 1771 διάταξις
2920 1706 3015 1760 τοῦ
3066 1704 3232 1760 αὑτοῦ
3266 1703 3505 1759 τίτ.τῶν
3529 1702 3729 1775 Νεαρῶν

453 1789 752 1848 Justiuiani
794 1794 918 1848 125.
947 1794 1083 1849 Illud
1114 1810 1243 1849 vero
1272 1796 1393 1865 ejus
1439 1806 1607 1867 caput
1640 1798 1803 1852 etiam
1838 1816 1944 1854 non
1976 1811 2064 1856 est

2189 1820 2284 1857 ;στι
2348 1802 2519 1875 νεαρὰ
2577 1800 3012 1864 ’1ουστινιάνειος
3060 1798 3200 1872 ρκγ⁹,
3224 1797 3384 1852 τοῦτο
3417 1798 3473 1851 δέ
3500 1795 3655 1867 αὐτῆς
3681 1796 3731 1847 τὸ

460 1882 699 1950 positum
757 1882 809 1937 in
866 1882 1025 1938 Basil.
1076 1886 1300 1941 constit.
1358 1887 1468 1952 l7,
1518 1899 1601 1943 est
1640 1889 1854 1943 novella
1885 1889 2061 1946 Justi-

456 1975 608 2029 niani
646 1975 766 2039 I25,
801 1978 976 2046 posita
1047 1977 1191 2050 [quze
1229 1978 1336 2051 est]
1373 1980 1425 2034 in
1465 1981 1560 2035 lib.
1597 1997 1657 2036 ιιι
1690 1980 1856 2037 Basil.
1889 1984 1971 2038 tit.
2007 1984 2059 2051 l,

458 2083 580 2137 cap.
622 2068 677 2133 8,
713 2070 857 2139 quod
890 2071 1037 2127 hunc
1076 2072 1128 2126 in
1165 2072 1387 2127 modum
1436 2074 1599 2128 habet
1634 2091 1648 2128 :
1690 2074 1965 2130 Caeterum
2011 2077 2060 2133 si

462 2162 588 2230 quis
621 2174 813 2219 contra
848 2181 972 2218 eum
1008 2166 1100 2234 qui
1133 2166 1448 2237 episcopus,
1483 2177 1578 2223 aut
1608 2170 1918 2240 presbyter,
1961 2180 2065 2225 aut

463 2254 752 2324 diaconus,
799 2266 894 2311 aut
931 2259 1079 2314 alius
1105 2258 1364 2321 clericus,
1395 2270 1491 2315 aut
1522 2260 1686 2315 etiam
1709 2262 1907 2332 praesul
1940 2276 2060 2315 mn-

461 2351 689 2405 nasterii
718 2352 1057 2406 ordinandus
1103 2363 1207 2419 est,
1264 2354 1673 2409 accusationem
1712 2356 1950 2427 aliquam
1982 2356 2066 2410 in-

461 2438 655 2493 stituat
688 2455 1019 2510 quacunque
1054 2443 1121 2498 de
1155 2458 1346 2510 causa,
1379 2461 1503 2514 quae
1556 2446 1730 2516 possit
1759 2447 2063 2501 secundum

464 2531 611 2601 leges
662 2545 759 2593 aut
806 2550 1048 2590 canones
1106 2537 1228 2606 ejus
1286 2538 1551 2607 impedire
1614 2540 2063 2595 ordinationem;

464 2622 713 2678 dill'ertor
785 2625 1100 2696 hujusmodi
1181 2628 1515 2697 ordinatio,
1572 2640 1626 2685 et
1709 2630 2072 2701 interponitor

464 2716 619 2785 prius
671 2719 1009 2772 examinatio
1090 2721 1517 2777 accusationis:
1581 2731 1851 2791 praesente
1900 2723 2066 2777 etiam

471 2819 815 2877 accusatore,
867 2820 921 2866 et
957 2828 1022 2868 ea
1079 2829 1201 2883 quae
1258 2815 1326 2869 ab
1386 2815 1508 2885 ipso
1557 2814 1610 2871 in
1641 2818 1850 2871 crimen
1882 2816 2064 2872 delata

468 2909 622 2969 sunt,
654 2902 721 2957 ad
762 2905 1057 2959 terminum
1086 2921 1262 2976 usque
1296 2917 1685 2977 persequente.
1716 2908 1831 2962 lmo
1866 2923 2062 2978 quam-

466 2994 549 3049 vis
582 3005 871 3051 accusator
906 3013 969 3053 se
998 2998 1268 3061 absentet,
1301 3007 1397 3052 aut
1424 3014 1606 3054 moras
1629 3008 1828 3066 nectat,
1866 3000 2066 3053 nihilo-

465 3085 649 3140 minus
674 3087 753 3141 sie
779 3102 999 3157 quoque
1037 3088 1082 3143 is
1111 3091 1206 3159 qui
1255 3090 1661 3145 ordinationem
1691 3090 1937 3147 facturus
1962 3099 2066 3157 est,

468 3177 613 3231 intra
643 3194 861 3234 menses
895 3188 1005 3234 tres
1056 3182 1471 3237 exactissimam
1519 3198 1581 3237 ea
1622 3183 1690 3238 de
1720 3199 1777 3240 re.
1805 3184 2075 3254 quiestio-
2103 3173 2147 3230 (ί

470 3286 594 3326 nem
626 3270 846 3326 habeto.
902 3272 969 3325 Et
994 3274 1039 3326 si
1073 3274 1295 3343 quidem
1330 3290 1457 3329 eum
1492 3276 1584 3345 qui
1621 3275 1983 3330 accusatione
2018 3275 2072 3329 in

469 3363 679 3418 crimen
739 3373 966 3419 vocatus
1002 3365 1127 3432 fuit,
1156 3367 1274 3422 sive
1324 3370 1630 3423 secundum
1670 3385 1861 3424 διατι-οε
1902 3384 2074 3422 cano»

469 3471 590 3519 nes,
626 3456 741 3511 sive
793 3459 1097 3513 secundum
1150 3469 1370 3515 nostras
1402 3461 1548 3530 leges
1596 3462 1893 3515 obnoxium
1926 3463 2077 3518 inve-

471 3548 637 3613 nerit,
688 3552 1012 3620 prohibetor
1067 3552 1361 3608 ordinatio.
1422 3556 1477 3608 Si
1535 3571 1663 3609 vero
1690 3556 1948 3611 innoxius
1977 3571 2075 3626 ap-

473 3642 737 3710 paruerit,
801 3644 1109 3699 celebrator
1153 3648 1450 3712 ordinatio,
1493 3649 1611 3703 sive
1664 3658 1931 3718 praesente
1958 3650 2076 3703 sive

473 3734 700 3789 absente
752 3746 1096 3793 accusatore.
1152 3739 1460 3795 Accusator
1506 3751 1713 3809 autem,
1747 3743 1791 3797 si
1829 3757 2071 3811 praesens

476 3841 587 3879 non
667 3828 1003 3897 probaverit,
1063 3834 1178 3888 sive
1232 3832 1571 3902 [institutam
1632 3833 2069 3907 accusationem]

473 3917 831 3975 deseruerit:
869 3923 915 3976 si
939 3923 1162 3992 quidem
1215 3925 1453 3980 clericus
1498 3928 1592 3990 sit,
1647 3926 1869 3996 proprio
1899 3927 2072 3996 gradu

474 4010 802 4080 depellitor;
859 4015 905 4068 si
953 4015 1170 4079 laicus,
1228 4028 1628 4087 competente-in
1684 4018 2075 4072 coercitionem

474 4103 765 4159 sustinete.
806 4105 876 4160 At
929 4108 976 4161 si
1031 4108 1157 4178 quis
1183 4120 1507 4165 accusatum
1560 4119 1688 4165 ante
1711 4110 2078 4166 examinatio-

477 4211 603 4250 nem
687 4198 1073 4256 ordinaverit:
1136 4212 1246 4257 tam
1303 4204 1397 4274 qui
1457 4204 1755 4268 ordinavit,
1784 4218 1947 4273 quam
1979 4203 2074 4273 qui

478 4289 762 4347 ordinatus
802 4303 903 4357 est,
952 4303 1181 4365 uterque
1216 4298 1523 4353 sacerdotio
1578 4297 1885 4368 depellitor.
1938 4294 2075 4350 Nota

483 4390 665 4436 autem
696 4396 1019 4452 praesentem
1046 4390 1341 4454 novellam,
1370 4392 1515 4460 quod
1546 4406 1671 4446 eum
1704 4391 1798 4461 qui
1838 4386 2079 4458 episcopi

481 4476 880 4533 ordinationem
922 4482 1291 4538 calumniandi
1336 4485 1520 4539 animo
1563 4482 1891 4554 impedierit,
1957 4496 2080 4550 per—

2172 1914 2298 1963 κεφ.
2344 1895 2445 1949 οὐκ
2485 1894 2644 1963 ἐτέθη
2690 1896 2771 1957 είς
2797 1894 2864 1948 τὰ
2885 1891 3176 1946 Βασιλικόι.
3226 1890 3295 1945 Ἦ
3341 1888 3407 1956 ιζ’
3444 1890 3574 1944 διάτ.
3608 1891 3734 1941 ἐστιν

2171 1987 2343 2057 νεαρὰ
2385 1986 2817 2049 Ἰουστινιάνειος
2883 1984 3027 2056 ρκγ“,
3090 1983 3320 2054 κειμένη
3361 1984 3422 2035 ἐν
3473 1980 3648 2052 βιϐλίῳ
3695 1978 3733 2047 γ’

2172 2080 2281 2134 τῶν
2311 2078 2640 2144 Βασιλικῶν,
2665 2079 2771 2133 τίτ.
2796 2076 2868 2142 α’,
2905 2094 3029 2145 κεφ.
3068 2074 3141 2146 η’,
3179 2074 3353 2139 οὕτως
3385 2074 3577 2144 ἔχοντιθ
3611 2073 3666 2126 Εἰ
3690 2071 3735 2124 δέ

2173 2188 2258 2236 τις
2283 2171 2625 2243 κατηγορίαν
2656 2171 2860 2241 ποιήσῃ
2888 2168 3017 2222 τινὰ
3049 2168 3194 2221 κατὰ
3227 2166 3320 2221 τοῦ
3342 2166 3617 2237 μέλλοντος
3640 2180 3737 2233 χει-

2178 2263 2517 2337 ροτονεῖσθαι
2556 2262 2880 2326 ἐπισκόπου,
2915 2260 2948 2331 ἢ
2986 2258 3450 2332 πρεσϐυτέρου,ἥ
3493 2256 3736 2318 διακόνου,

2175 2358 2209 2431 ἢ
2240 2358 2400 2413 ἄλλου
2430 2354 2721 2429 κληρικοῦ,
2758 2356 2857 2408 καὶ
2888 2352 3196 2424 ἡγουμένου
3244 2353 3329 2421 ἐφ’
3363 2350 3643 2423 οίᾳδήποτε
3663 2347 3738 2400 αί⁸

2173 2452 2289 2523 τίᾳ,
2322 2448 2712 2504 ἀναϐαλλέσθω
2744 2448 2777 2519 ἡ
2808 2447 3033 2517 τοιαύτη
3058 2444 3389 2517 χειροτονία,
3432 2444 3522 2497 καὶ
3538 2440 3745 2511 γινέσθω

2176 2543 2447 2614 πρότερον
2488 2539 2738 2605 ἐξέτασις
2806 2539 2907 2609 τῆς
2964 2536 3306 2610 κατηγορίας
3372 2534 3633 2605 παρόντος
3663 2529 3743 2582 τοῦ

2178 2634 2492 2704 κατηγόρου
2526 2632 2621 2686 καὶ
2648 2631 2962 2697 ἐπεξιόντος
3013 2630 3127 2693 τοῖς
3174 2627 3307 2698 παρ’
3335 2626 3505 2681 αὐτοῦ
3529 2640 3747 2695 προσαγ-

2177 2726 2474 2797 γελθεῖσιν.
2566 2726 2629 2779 Ei
2705 2724 2763 2778 δὲ
2822 2722 3290 2792 ἁπολιμπάνοιτο,
3331 2720 3368 2791 ἢ
3424 2715 3749 2773 ἀναϐάλλοιτο

2178 2821 2206 2874 ὀ
2232 2820 2562 2889 κατήγορος,
2595 2816 2690 2870 καὶ
2730 2814 2905 2878 οὕτως
2952 2816 2980 2867 ό
3012 2815 3114 2884 τὴν
3175 2811 3518 2883 χειροτονίαν
3567 2808 3751 2879 μέλλων

2180 2912 2354 2965 ποιεῖν
2400 2910 2628 2981 ζήτησιν
2688 2907 3096 2979 ἀκριὸεστὰτην
3145 2904 3389 2958 ποείσθω
3438 2902 3616 2975 μηνῶν
3641 2900 3753 2951 εἵσω

2177 3006 2369 3075 τριῶν,
2401 3004 2496 3057 καὶ
2536 3004 2585 3056 εί
2649 3002 2747 3072 μὲν
2782 3000 3086 3054 ὑπεύθυνον
3125 2997 3261 3069 εὕρῃ
3291 2996 3387 3049 τὸν
3416 2996 3513 3067 τὴν
3541 3009 3755 3061 κατηγο-

2184 3098 2305 3169 ρίαν
2342 3096 2716 3165 ὑπομείναντα
2787 3092 2898 3145 εἴτε
2953 3090 3096 3144 κατὰ
3146 3091 3273 3152 τοὺς
3309 3087 3493 3151 θείους
3523 3083 3753 3144 κανόνας,

2185 3190 2293 3243 εἴτε
2326 3188 2468 3241 κατὰ
2493 3185 2954 3257 τουςζήμετέρους
2986 3184 3186 3253 νόμους
3211 3180 3511 3235 κωλυέσθω
3534 3181 3566 3249 ή
3593 3193 3755 3247 χειροο

2184 3282 2358 3337 τονία.
2413 3282 2474 3335 Εί
2533 3279 2591 3333 δὲ
2647 3278 2943 3341 ἀνεύθυνος
2993 3276 3189 3347 φανείη
3234 3275 3349 3329 εἴτε
3381 3272 3647 3345 παρόντος
3678 3266 3756 3321 τοῦ

2184 3374 2496 3446 κατηγόρου
2524 3373 2557 3443 ἢ
2583 3372 2679 3425 καὶ
2698 3371 2930 3433 ἀπόντος
2984 3368 3220 3438 γινέσθω
3258 3368 3292 3438 ἡ
3344 3365 3668 3438 χειροτονία.
3706 3360 3758 3412 ’0

2184 3466 2243 3520 δὲ
2300 3466 2609 3536 κατήγορος
2670 3463 2781 3516 εἴτε
2836 3460 3029 3533 παρὼν
3082 3462 3155 3531 μὴ
3194 3458 3613 3529 ἀποδείξῃ,εἴτε
3637 3454 3759 3507 ἀπο-

2187 3560 2387 3634 φεύγῃ,
2418 3562 2465 3612 εἰ
2504 3558 2603 3628 μὲν
2628 3556 2890 3628 κληρικὸς
2946 3555 3033 3624 εἴη
3084 3552 3394 3618 ἐξωθείσθω
3441 3551 3535 3604 τοῦ
3580 3544 3761 3601 οἰκείου

2188 3650 2425 3721 βαθμοῦ,
2458 3650 2506 3703 εἰ
2545 3648 2603 3702 δὲ
2635 3646 2826 3710 λαῖκδς
2867 3644 2953 3716 εἴη
3022 3643 3116 3697 τὸν
3167 3642 3523 3712 προσήκοντα
3573 3649 3762 3703 σωφροε

2186 3744 2379 3813 νισμδν
2445 3739 2787 3811 ὑπομενέτω.
2839 3738 2901 3791 Εἰ
2954 3736 3013 3789 δέ
3068 3752 3153 3797 τις
3192 3734 3300 3804 πρὸ
3352 3732 3653 3799 ἐξετάσεως
3687 3727 3762 3779 τόν

2188 3834 2644 3906 κατηγορηθέντα
2675 3831 3054 3902 χειροτονήσῃ,
3100 3829 3187 3881 ὅτε
3220 3827 3618 3899 χειροτονήσας
3643 3819 3765 3876 καὶὸ

2191 3926 2593 4001 χειροτονηθεὶς
2615 3928 2713 3997 τῆς
2748 3922 3049 3996 ἱερωσύνης
3067 3919 3443 3976 ἐκόαλλέσθω.
3470 3915 3765 3990 Σημείωσαι

2188 4020 2289 4091 τὴν
2324 4018 2610 4090 παροῦσαν
2671 4018 2872 4087 νεαρὰν
2932 4014 3173 4085 διηνεκεῖ
3204 4011 3507 4084 ἀφορισμῷ
3545 4008 3768 4064 καθυπε-

2191 4112 2495 4166 6ἀλλουσαν
2548 4109 2639 4163 τὸν
2688 4110 3061 4179 συκοφαντικῇ
3128 4106 3272 4177 ψυχῇ
3327 4104 3656 4159 κωλύσαντα
3686 4096 3767 4167 τὴν

2190 4204 2285 4259 τοῦ
2317 4202 2618 4257 ἐπισκόπου
2650 4200 3008 4272 χειροτονίαν.
3056 4199 3241 4270 Ὅπερ
3285 4199 3411 4252 ἐστὶ
3469 4194 3655 4250 καινὸν
3692 4191 3771 4243 καὶ

2192 4298 2280 4352 διὰ
2330 4296 2489 4350 τοῦτο
2540 4296 2635 4348 καὶ¹
2693 4294 2959 4367 ἀνῃρέθη.
3002 4294 3123 4347 Ἔτι
3170 4292 3485 4363 σημείωσαι
3527 4290 3609 4344 ὅτι
3663 4284 3771 4339 οὔτε

2195 4394 2311 4466 ἧς’
2345 4393 2515 4466 νεαρὰ
2550 4392 2645 4446 τοῦ
2689 4387 3069 4445 Ίουστινιανοῦ
3122 4388 3156 4457 ή
3207 4385 3451 4453 διηνεκεῖ
3499 4375 3774 4452 ἀφορισμῷ

2193 4488 2285 4541 τὸν
2343 4488 2649 4556 κατήγορον
2714 4482 3202 4538 καθυποὸάλλουσα
3250 4478 3376 4531 οὔτε
3426 4476 3488 4529 τὸ
3538 4475 3633 4544 τῆς
3673 4473 3773 4542 ρκγ’

482 4580 657 4639 petum
709 4578 1264 4633 excommunicationi
1306 4579 1580 4647 subjiciat.
1614 4576 1770 4645 Quod
1811 4591 1943 4632 sane
1984 4590 2067 4627 no-

2191 4580 2391 4649 νεαρᾶς
2429 4595 2555 4645 κεφ.
2583 4573 2954 4645 διοριζόμενον
3000 4568 3357 4624 ἐκϐάλλεσθαι
3392 4565 3498 4635 τῆς
3527 4559 3777 4649 ἐπαρχεξς

482 4678 610 4716 vum
672 4674 777 4730 est,
838 4676 893 4723 et
950 4662 1232 4738 propterea
1304 4672 1465 4726 etiam
1517 4670 1857 4740 abmgatum.
1900 4667 2085 4737 Neque

482 4752 629 4808 enim
667 4757 880 4812 novella
908 4756 1204 4815 Iustiniani
1231 4761 1285 4823 6,
1319 4777 1493 4831 neque
1522 4762 1622 4814 125
1652 4760 1878 4814 novella:
1904 4755 2085 4831 [illud]

482 4858 666 4917 caput;
708 4851 855 4920 quod
890 4864 1267 4910 accusatorem
1311 4864 1466 4909 extra
1516 4855 1855 4924 provinciam
1893 4853 1943 4907 in
1975 4868 2083 4922 qua

485 4942 716 5009 habitat,
745 4945 867 5016 ejici
894 4947 1163 5017 praecipit,
1209 4948 1262 5001 in
1306 4947 1469 5001 Basil.
1509 4957 1728 5017 recepta
1768 4955 1916 5001 sunt.
1975 4946 2079 5001 Sed

2194 4660 2227 4739 ᾖ
2252 4648 2453 4719 ἐνοικεῖ
2478 4665 2570 4718 τοι
2599 4665 2925 4733 κατήγορον,
2951 4659 3248 4730 ἐδέχθησαν
3291 4659 3370 4720 είς
3409 4656 3483 4708 τὰ
3506 4648 3773 4707 Βασιλικᾶ.

2193 4759 2329 4813 ἀλλὰ
2362 4759 2422 4811 τὸ
2453 4756 2961 4828 φιλανθρωπότερον
3003 4770 3127 4820 κεφ.
3163 4750 3263 4821 τῆς
3302 4750 3476 4819 αὐτῆς
3514 4745 3705 4816 νεαρᾶ;
3730 4740 3778 4791 τὸ

2191 4853 2559 4925 διοριζόμενον
2619 4852 2712 4903 τὸν
2763 4848 3006 4903 τοιοῦτον
3045 4846 3392 4915 συκοφάντην
3453 4842 3642 4895 λαῖκὺν
3694 4836 3778 4906 μὲν

2190 4946 2319 4999 ὄντα
2346 4943 2798 5016 σωφρονίζεσθαι,
2824 4939 3089 5011 κληρικὸν
3113 4939 3169 4992 δὲ
3202 4935 3613 5007 καθαιρεῖσθαι.

482 5038 774 5110 benignius
819 5040 1066 5111 ejusdem
1116 5041 1339 5095 novella:
1395 5049 1600 5110 caput,
1658 5041 1803 5112 quod
1856 5040 2021 5095 talem
2067 5040 2541 5104 calumniatorcm,
2598 5039 2643 5093 si
2693 5038 2892 5105 laicus:
2922 5036 3013 5100 sit,
3051 5048 3176 5090 esse
3231 5030 3616 5103 castigandum
3659 5041 3671 5077 :
3709 5022 3781 5079 sin

483 5134 736 5200 clericus,
774 5134 1158 5206 deponendum
1182 5135 1365 5191 statuit
1409 5134 1708 5208 [receptum
1738 5134 1864 5210 est].
1936 5148 1954 5195 1

557 5243 724 5299 Aliud
754 5246 1034 5300 sclwlium.
1073 5245 1228 5313 Quod
1264 5247 1403 5301 intra
1441 5255 1553 5303 tres
1578 5263 1797 5303 menses
1826 5247 2082 5303 introdu-

492 5343 635 5391 ctam
688 5336 955 5395 adversus
1019 5339 1385 5395 ordinandum
1456 5341 1899 5405 accusationem,
1969 5342 2083 5397 sive

492 5438 758 5496 praesente
780 5430 895 5486 sive
927 5432 1155 5488 absente
1181 5442 1522 5498 accusatore,
1562 5432 1741 5489 decidi
1774 5432 2088 5506 [oporteat],

495 5522 733 5592 speciale
758 5533 862 5592 est,
893 5523 1104 5598 [atque]
1142 5539 1364 5597 propter
1394 5528 1681 5582 utilitatem
1729 5527 2092 5584 ordinationis

499 5615 932 5693 [constitutum].
1000 5621 1269 5679 Existimo
1304 5624 1489 5695 itaque
1555 5624 1895 5694 posteriores
1922 5624 2088 5697 leges,

500 5726 622 5779 qua:
648 5711 866 5783 triginta
897 5714 1091 5771 edictis
1116 5717 1319 5789 scripto
1365 5718 1781 5789 comprehensis
1808 5729 2093 5775 accusato-

2280 5247 2442 5303 Ἀλλὰ
2472 5247 2569 5302 καὶ
2615 5248 2675 5300 τὸ
2720 5245 2870 5310 ἐντὸς
2916 5245 3105 5316 μηνῶν
3131 5244 3300 5316 τριῶν
3356 5232 3658 5312 τέμνεσθαι
3694 5232 3784 5302 τὴν

2190 5344 2332 5396 κατὰ
2348 5341 2443 5395 τοῦ
2460 5339 2901 5412 χειροτονηθῆναι
2919 5339 3227 5408 ὀφείλοντος
3246 5334 3617 5405 εἰσαγομένην
3632 5346 3784 5394 κατῇ-

2191 5436 2382 5509 γορίαν
2404 5436 2436 5507 ἢ
2456 5434 2722 5506 παρόντος
2739 5433 2830 5488 τοῦ
2850 5432 3157 5504 κατηγόρου
3188 5432 3333 5502 ἦκα).
3352 5429 3595 5490 ἀπόντος
3630 5422 3781 5477 ἱδικόν

2191 5534 2307 5586 ἐστι
2331 5530 2418 5584 διὰ
2437 5530 2496 5583 τὸ
2518 5530 2791 5600 χρήσιμον
2812 5528 2912 5599 τῆς
2944 5526 3299 5597 χειροτονίας.
3332 5520 3569 5591 Νομίζω
3591 5517 3679 5572 οὖν
3708 5516 3784 5567 ὅτι

2193 5625 2242 5677 οἱ
2271 5622 2725 5694 μεταγενέστεροι
2749 5620 2906 5691 νόμοι
2955 5621 3006 5675 ot
3032 5618 3392 5690 διοριζόμενοι
3421 5612 3513 5668 διὰ
3537 5623 3777 5681 τριακον-

2195 5718 2454 5789 θημέρων
2515 5715 2961 5787 ἐπιφωνημάτων
3001 5709 3428 5785 μετακαλεῐσθαι
3469 5708 3597 5770 τοὺς
3626 5714 3784 5767 κατη-
