3916 6244
241 219 349 283 993

1266 223 1752 289 NOMOCANON.
1775 250 1844 264 --
1878 226 2029 289 ΤΙΤ.
2076 228 2127 304 Ι,
2160 230 2319 293 CAP.
2357 233 2577 297 VII-X.

3449 241 3554 305 994

246 331 447 403 γόρους
482 331 578 385 καὶ
607 331 679 385 τὰ
723 331 889 388 λοιπὰ
933 332 1003 388 τὰ
1034 335 1166 407 περὶ
1205 337 1532 408 κατηγόρων
1554 338 1850 411 νομοθετη-

1970 354 2043 396 'es
2098 344 2408 401 evocandos
2469 361 2592 401 esse
2620 354 2897 417 statuunt,
2942 363 3009 405 ac
3036 349 3308 424 [insuper]
3346 352 3557 424 reliqua

249 421 415 476 θέντα
444 422 547 476 οὐκ
586 422 771 494 έχουσι
811 422 996 495 χώραν
1023 426 1116 479 ἐπὶ
1152 426 1248 480 τοῦ
1280 429 1548 500 παρόντος
1584 430 1841 499 θέματος.

250 515 317 569 Εί
343 514 453 584 γὰρ
482 514 667 588 δοθείη
700 514 856 569 τοῦτο
883 516 1137 587 σχολάσει
1176 518 1238 572 τὸ
1260 518 1506 587 γίνεσθαι
1530 521 1627 593 τὴν
1655 520 1847 589 ἐξέτα-

252 624 337 661 σιν
395 606 551 672 ἐντὸς
597 609 921 679 τριμηναίου
968 610 1186 681 καιροῦ.
1233 611 1296 666 Ἡ
1354 614 1539 683 μέντοι
1593 612 1703 667 τῶν
1746 614 1843 682 ὲγ-

249 700 479 772 γράφων
532 700 679 765 δόσις
706 703 1086 775 ἀπαραίτητος
1124 706 1442 777 γενήσεται,
1476 706 1571 763 τοῦ
1600 709 1844 778 κατηγό-

252 808 349 860 ρου
381 788 451 844 δι’
481 791 860 865 ὀλιγοημέρων
897 794 1234 866 μηνυμάτων
1259 797 1554 869 ἐγγράφων
1611 816 1846 870 μετακα-

250 884 539 957 λουμένου.

322 1087 578 1145 ΚΕΦΑΛ.
616 1090 695 1146 8'.
720 1120 794 1132 —-
829 1094 972 1162 Περὶ
1016 1094 1125 1150 τοῦ
1177 1095 1406 1165 χρόνου
1434 1090 1508 1153 οὗ
1553 1094 1729 1163 ἐντὸς
1760 1095 1856 1151 δεῖ

247 1182 395 1249 τοὺς
424 1183 803 1252 ἐπισκόπους
839 1188 1328 1257 χειροτονεῖσθαι.

320 1276 552 1331 Συνόδου
604 1279 950 1353 Χαλκηδόνος
1001 1282 1183 1337 κανὼν
1234 1281 1336 1338 κε’·
1388 1285 1609 1339 συνόδου
1640 1285 1695 1353 ς’
1743 1304 1847 1342 κα-

247 1367 360 1422 νὼν
391 1368 477 1425 ιδ’.

324 1463 642 1533 Κείμενον.
705 1464 771 1519 Ἡ
806 1464 850 1537 β’
882 1467 1026 1523 διάτ.
1081 1468 1176 1522 τοῦ
1207 1467 1255 1524 α’
1312 1469 1417 1526 τίτ.
1455 1470 1565 1525 τῶν
1610 1470 1848 1545 Νεαρῶν

249 1571 443 1625 φησιν,
476 1573 532 1611 κ.
570 1575 621 1612 τ.
666 1557 754 1625 λ.,
791 1562 1057 1631 usquead
1088 1563 1691 1635 παραφυλαττομένων.

1951 447 2073 503 quae
2101 436 2169 490 de
2196 439 2613 494 accusatoribus
2647 440 2861 509 legibus
2888 443 3103 513 prodita
3138 444 3370 506 sunt..in
3408 460 3551 516 prae-

1948 524 2090 579 senti
2121 527 2302 596 specie
2333 544 2445 583 non
2487 529 2690 586 habere
2727 533 2930 589 locum.
2961 532 3095 589 Nam
3126 534 3171 590 si
3225 535 3327 590 hoc
3357 550 3559 593 conce-

1948 615 2130 683 datur,
2156 622 2494 688 supertluum
2513 622 2617 677 erit
2642 624 2785 693 quod
2810 625 2954 681 intra
2989 628 3269 684 trimestre
3313 630 3553 700 spatium

1948 711 2287 767 examinatio
2322 712 2438 768 ﬁeri
2475 715 2694 772 debeat.
2731 716 3237 787 Verumenimvero,
3268 737 3395 777 cum
3457 740 3553 779 ac-

1949 812 2175 857 cusator
2219 820 2518 874 paucorum
2569 808 2784 864 dierum
2855 812 3064 883 scripto
3132 816 3553 885 comprehensis

1950 893 2145 948 edictis
2198 896 2415 951 evocari
2448 897 2665 967 debeat,
2699 900 3084 959 iuevitabiliter
3109 901 3187 976 [et
3214 907 3553 980 necessario]

1950 984 2040 1041 illa
2072 986 2189 1042 dari
2223 991 2518 1059 oportebit.

2023 1101 2177 1159 CAP.
2202 1103 2299 1159 1X.
2330 1137 2394 1147 —
2422 1104 2580 1163 Intra
2611 1111 2753 1181 quod
2776 1122 2980 1185 tempus
3009 1116 3243 1187 episcopi
3265 1116 3555 1171 ordinandi

1951 1196 2079 1251 sint.

2024 1290 2255 1347 Concilii
2307 1291 2778 1355 Chalcedonensis
2843 1316 3021 1358 canon
3080 1303 3182 1374 25;
3228 1304 3451 1362 concilii
3500 1320 3553 1360 vr

1953 1398 2132 1439 canon
2174 1386 2279 1454 i4;

2030 1474 2252 1533 Tcxtus.
2326 1478 2519 1537 Const.
2570 1483 2628 1548 2,
2670 1483 2756 1539 tit.
2798 1485 2826 1541 l
2869 1485 3220 1545 Novellarum
3277 1490 3377 1559 ait,
3427 1501 3559 1563 etc.,

1954 1584 2118 1639 usque
2163 1571 2233 1623 ad
2275 1572 2379 1627 alia
2418 1575 2604 1630 omnia
2637 1588 2944 1647 servantor,
2978 1591 3035 1635 ut
3067 1599 3189 1655 pag.
3212 1584 3339 1641 498.

324 1672 610 1738 Σχόλιον.
659 1670 725 1725 Ἦ
760 1671 805 1744 β’
828 1673 967 1730 διάτ.
990 1674 1085 1728 τοῦ
1116 1674 1163 1729 α’
1195 1677 1302 1730 τίτ.
1334 1678 1443 1732 τῶν
1468 1678 1704 1749 Νεαρῶν
1729 1680 1847 1733 ἐστι

2029 1683 2328 1741 Sc/iolium.
2361 1688 2599 1746 Coustit.
2634 1692 2691 1759 2,
2724 1694 2809 1749 tit.
2839 1695 2865 1749 1
2916 1696 3262 1757 Novellarum
3291 1744 3307 1771 ,
3338 1714 3428 1760 est
3456 1722 3559 1761 no-

246 1764 428 1834 νεαρὰ
486 1764 917 1833 Ἰουστινιάνειος
971 1768 1109 1840 ρκγ’.
1135 1770 1383 1825 Τοῦτοδὲ
1429 1772 1601 1843 αὐτῆς
1630 1772 1690 1825 τὸ
1718 1790 1846 1843 κεφ.
1882 1848 1887 1853 ἦ

247 1857 356 1909 οὐκ
381 1857 541 1929 ἐτέθη
580 1859 663 1924 είς
703 1859 775 1914 τὰ
826 1861 1114 1931 Βασιλικὰ,
1143 1863 1235 1917 ἔσο
1273 1863 1331 1917 δὲ
1362 1863 1520 1928 εἰδὼς
1549 1864 1625 1929 ὡς
1657 1865 1735 1939 τῷ
1765 1884 1851 1920 νο-

250 1950 413 2020 μίμῳ
475 1949 762 2023 χρώμενος
816 1955 846 2006 ό
900 1954 1207 2024 ἀγιώτατος
1254 1956 1413 2029 ἡμῶν
1451 1957 1719 2030 δεσπότης
1753 1961 1850 2012 καὶ

244 2044 635 2115 οἰκουμενικδς
681 2047 1035 2120 πατριάρχης
1086 2050 1276 2120 κύριος
1318 2051 1542 2123 Μιχαὴλ
1566 2053 1853 2123 ἐπεφωνή-

250 2152 390 2188 σατο
448 2137 545 2190 τὸν
602 2140 1012 2213 μητροπολίτην
1072 2144 1281 2197 ἐκεῖνον
1323 2145 1621 2215 Ἀμασείας
1660 2144 1852 2218 κύριον

248 2227 465 2283 Λέοντα
499 2231 565 2284 ὲκ
596 2230 783 2303 τρίτου
814 2234 978 2306 χάριν
1004 2234 1100 2289 τοῦ
1129 2235 1204 2308 μὴ
1232 2235 1572 2307 ψηφίσασθαι
1598 2238 1701 2309 τὴν
1731 2241 1852 2292 ὲπι-

247 2321 584 2394 αοπὴνὲτὴν
602 2324 859 2395 Ἀμινσὺν
889 2326 995 2398 πρὸ
1008 2329 1202 2400 χρόνου
1220 2329 1339 2392 ἑνὸς
1355 2329 1457 2400 ἤδη
1476 2330 1845 2401 χηρεύσασαν.

248 2414 456 2482 Ἔλεγε
486 2416 596 2489 γὰρ
627 2417 702 2482 ὡς
736 2419 860 2473 ἐπεὶ
890 2422 1168 2492 χρονιαῖος
1200 2421 1447 2494 παρῆλθε
1477 2425 1668 2496 καιρὸς
1695 2426 1788 2477 καὶ
1814 2426 1847 2496 ὴ

250 2509 519 2579 Ἀμινσὺς
540 2513 640 2566 οὐκ
664 2512 940 2585 ἐψηφίσθη
971 2515 1122 2587 παρὰ
1146 2514 1241 2568 τοῦ
1271 2516 1689 2588 μητροπολίτου,
1715 2515 1852 2571 ἀλλὰ

245 2601 353 2655 καὶ
376 2602 507 2671 τρία
530 2604 791 2673 γεγόνασι
830 2607 968 2677 πρὸς
1014 2608 1175 2661 αὑτὸν
1200 2607 1606 2680 έπιφωνήματα
1637 2608 1698 2674 ἐξ
1735 2612 1853 2681 ὁριε-

249 2692 400 2762 σμοῦ
424 2693 636 2763 τούτου,
668 2698 745 2761 ὡς
775 2697 842 2751 ἂν
891 2698 1199 2770 ψηφίσηται
1244 2699 1344 2771 τὴν
1369 2702 1702 2773 ἐπισκοπὴν,
1734 2703 1763 2754 ὁ
1790 2702 1849 2755 δὲ

246 2784 358 2837 οὐκ
385 2786 543 2856 ὲποίη
555 2804 613 2839 σε
638 2787 798 2842 τοῦτο
837 2790 1021 2854 καλῶς
1047 2791 1208 2855 αὐτὸς
1236 2792 1378 2846 κατὰ
1403 2791 1502 2862 τὴν
1556 2793 1853 2865 περίληψιν

245 2875 502 2930 τοιούτου
533 2880 721 2949 νόμου,
755 2879 843 2935 ἵνα
863 2880 1172 2953 ψηφίσηται
1199 2883 1370 2958 αὐτὴν
1394 2886 1488 2938 καὶ
1518 2888 1721 2960 ποιήσῃ
1753 2885 1853 2958 τὴν

244 2970 597 3038 χειροτονίαν
622 2970 714 3024 τοῦ
749 2971 1260 3046 ψηφισθησομένου,
1291 2976 1380 3030 ὅτε
1436 2978 1528 3031 καί
1558 2995 1719 3034 τινων
1761 2980 1851 3034 λε-

244 3153 358 3218 τῆς
392 3153 594 3219 νεαρᾶς
612 3155 876 3223 διάστιξιν
906 3157 1202 3212 κάντεῦθεν
1221 3158 1503 3232 ἄπρακτον
1534 3158 1854 3227 εἶναιαὺτὸς

244 3245 493 3314 ἐπέμενε
524 3246 697 3316 λέγων
732 3249 808 3321 μὴ
854 3250 1064 3305 δίκαιον
1093 3247 1233 3306 εἶναι
1256 3253 1487 3324 κεραίαν
1516 3254 1850 3327 ἀθετηθῆναι

243 3338 319 3388 ὲκ
351 3336 462 3390 τῶν
490 3338 549 3394 ἐν
579 3339 655 3410 τῷ
696 3343 1045 3415 νομοκανόνῳ
1073 3346 1480 3417 γεγραμμένων
1520 3347 1600 3419 τῷ
1629 3347 1705 3412 ὡς
1737 3348 1853 3401 οεο-

244 3431 491 3500 τίράφοις
527 3432 742 3498 πλάκας
773 3437 840 3507 τῇ
871 3437 1140 3509 ἐκκλησίᾳ
1168 3437 1525 3511 λογιζομένῳ,
1554 3439 1668 3493 ἀλλ’
1687 3439 1852 3493 ὓστε-

238 3538 349 3592 ρον
382 3521 573 3592 μαθὼν
601 3526 667 3579 ὲκ
692 3542 754 3579 τε
785 3526 893 3580 τῶν
922 3526 1220 3598 βασιλικῶν
1245 3529 1492 3601 χειλέων,
1517 3532 1611 3585 καὶ
1639 3534 1706 3586 ὲκ
1739 3532 1850 3586 τῶν

247 3615 575 3685 προκρίτων
612 3618 710 3690 τῆς
742 3621 1050 3691 συγκλήτου
1113 3621 1331 3693 βουλῆς.
1368 3624 1547 3696 Ὅπερ
1597 3625 1691 3678 καὶ
1718 3624 1851 3696 πρό-

240 3722 412 3777 τερον
445 3708 647 3779 ἤκουεν
695 3713 775 3776 είς
818 3711 916 3783 τὴν
942 3713 1038 3767 τοῦ
1086 3713 1353 3785 παρόντος
1385 3716 1702 3787 πονήματος
1750 3717 1851 3769 ἐπ-

245 3798 491 3853 έσπευσε
529 3805 854 3875 συγγραφὴν
877 3805 1060 3871 καθὼς
1086 3807 1181 3860 καὶ
1201 3808 1259 3860 ἐν
1291 3807 1372 3880 τῷ
1408 3809 1681 3879 προοιμίῳ
1712 3827 1855 3881 παρ-

244 3892 631 3964 εδηλὼσαμεν.
683 3896 793 3967 Τῆς
818 3897 951 3966 γοῦν
975 3902 1235 3970 τοιαύτης
1257 3903 1462 3972 νεαρᾶς
1491 3902 1569 3974 μὴ
1594 3903 1851 3975 ἐνεργού-

246 4003 351 4055 σης
384 3990 581 4059 κρατεῖ
608 3992 637 4043 ὁ
663 3988 763 4056 κε’,
800 3994 981 4047 κανὼν
1018 3995 1115 4066 τῆς
1161 3996 1220 4048 ὲν
1259 3995 1564 4067 Χαλκηδόνι
1603 3999 1848 4053 συνόδου.

322 4316 573 4389 Σχόλιον.
592 4318 651 4373 '0
675 4320 837 4392 χάριν
855 4320 955 4391 τῆς
972 4324 1305 4394 χειροτονίας
1327 4322 1421 4377 τοῦ
1443 4324 1745 4380 ἐπισκόπου
1770 4326 1848 4398 τῷ

1964 1778 2100 1833 vella
2133 1777 2433 1835 Justiniaui
2476 1782 2601 1838 l2‘5.
2638 1784 2754 1840 Hoc
2807 1797 2989 1844 autem
3031 1790 3123 1860 jus
3152 1808 3272 1864 cap.
3299 1795 3353 1849 in
3385 1797 3555 1854 Basil.

1963 1870 2208 1940 positum
2251 1886 2361 1926 non
2413 1883 2515 1928 est.
2550 1874 2753 1932 Verum
2794 1880 2939 1935 scias
2968 1886 3225 1939 sauctiss.
3274 1887 3560 1945 dominum

1968 1971 2219 2016 nostrum
2270 1972 2326 2018 et
2383 1966 2751 2024 universalem
2835 1974 3208 2042 patriarcham
3275 1980 3559 2037 dominum

1966 2052 2294 2112 Michaclem
2337 2057 2443 2114 hoc
2467 2060 2595 2129 jure
2630 2078 2818 2129 usum,
2846 2082 2971 2120 cum
3006 2070 3181 2124 tribus
3208 2071 3420 2129 vicibus
3443 2090 3560 2131 me-

1967 2150 2363 2220 tropolitanum
2412 2154 2566 2210 illum
2596 2162 2933 2214 Amaseuum
2984 2162 3269 2220 dominum
3300 2165 3567 2238 Leonem,

1966 2245 2149 2302 edicto
2183 2248 2495 2319 impeteret,
2543 2253 2690 2322 quod
2724 2255 2937 2309 Aminsi
2981 2258 3363 2329 episcopatum
3414 2262 3558 2317 ultra

1967 2352 2177 2393 annum
2215 2338 2371 2413 [jam]
2405 2353 2693 2399 vacantem
2719 2347 2927 2401 nemini
2959 2348 3304 2408 decerneret.
3339 2351 3564 2411 Dicebat

1967 2433 2135 2499 enim,
2165 2436 2298 2504 quia
2334 2434 2492 2509 [jam]
2534 2437 2750 2493 diutino
2781 2450 3028 2511 tempore
3077 2441 3335 2501 Aminius
3378 2462 3410 2502 a
3447 2462 3566 2504 me-

1969 2526 2308 2596 tropolitano
2349 2528 2606 2604 [nemini]
2638 2532 2856 2588 decreta
2902 2544 3068 2602 esset,
3104 2551 3172 2591 ac
3208 2536 3432 2607 insuper
3463 2538 3563 2594 tri-

1964 2623 2072 2681 bus
2120 2626 2318 2683 edictis
2358 2638 2419 2682 ut
2470 2629 2851 2700 episcopatum
2906 2630 3206 2707 [cuiquam]
3241 2634 3565 2691 decerneret

1966 2718 2419 2789 praecipientibus
2453 2721 2519 2775 ad
2564 2721 2746 2791 ipsum
2779 2723 3021 2790 emissis,
3075 2726 3191 2796 ipse
3234 2736 3416 2784 tamen
3452 2729 3561 2786 hoc

1966 2827 2074 2867 nou
2136 2811 2396 2869 fecisset:
2455 2829 2515 2870 se
2568 2824 2723 2872 recte
2770 2831 2838 2873 ex
2871 2819 3191 2890 praescripto
3239 2821 3401 2878 istius
3428 2820 3567 2892 legis

1966 2906 2282 2975 episcopum
2334 2906 2717 2975 decreturum,
2750 2909 2831 2964 'ac
2879 2909 3037 2982 [jam]
3077 2912 3358 2968 decretum
3410 2913 3563 2968 ordi-

1970 3004 2252 3050 naturum.
2288 2996 2425 3051 Cum
2462 3008 2645 3054 autem
2679 2998 2846 3073 [tum]
2878 3003 3129 3057 nonnulli
3157 3002 3427 3070 dicereut,
3458 3019 3562 3060 no-

246 3058 467 3126 γόντων
520 3060 595 3132 μὴ
644 3062 903 3134 δεχθῆναι
942 3067 1024 3128 είς
1056 3063 1125 3119 τὰ
1170 3064 1432 3136 βασιλικὰ
1461 3071 1563 3140 τὴν
1596 3071 1850 3142 τοιαύτην

1970 3088 2165 3143 rellum
2215 3088 2349 3144 illud
2380 3094 2763 3162 prmscriptum
2804 3109 2913 3149 non
2944 3111 3067 3151 esse
3100 3096 3156 3151 in
3196 3095 3363 3155 Basil.
3409 3112 3562 3154 rece~

1968 3190 2145 3252 ptum,
2190 3181 2425 3253 ideoque
2475 3186 2752 3241 nullarum
2789 3187 2986 3243 virium
3026 3204 3187 3254 esse;
3250 3189 3558 3261 [nihilomio

1965 3273 2095 3346 nus]
2125 3277 2426 3342 permansit
2455 3276 2533 3350 [iu
2568 3278 2888 3352 sententia],
2916 3290 3080 3353 atque
3105 3281 3394 3354 indignum
3428 3299 3553 3340 esse

1963 3364 2123 3433 dixit,
2164 3366 2209 3422 si
2247 3365 2356 3439 [vel
2391 3367 2558 3441 unus]
2601 3385 2738 3439 apex
2771 3386 2964 3427 eorum
3006 3387 3127 3441 quae
3178 3375 3232 3427 in
3273 3371 3554 3431 Nomoca-

1963 3475 2127 3523 noue,
2174 3458 2252 3532 [id
2276 3469 2380 3527 est,
2416 3462 2469 3516 in
2502 3463 2642 3518 libro
2664 3478 2732 3518 ex
2757 3462 2972 3534 legibus
2997 3474 3051 3520 et
3078 3466 3388 3522 canonihus
3423 3483 3556 3523 con-

1966 3549 2291 3621 sarcinato],
2321 3553 2528 3622 scripta
2572 3563 2703 3609 sunt
2735 3568 2862 3609 cum
2914 3553 3053 3627 [ille]
3091 3566 3353 3627 tauquam
3381 3573 3412 3613 a
3444 3556 3558 3614 Deo

1963 3644 2183 3714 scriptae
2218 3645 2420 3701 tabulae
2471 3646 2525 3700 in
2578 3647 2829 3703 Ecclesia
2863 3650 3187 3715 aestimetur,
3230 3651 3558 3720 reprohare-

1964 3746 2077 3792 tur.
2108 3738 2312 3793 Verum
2357 3754 2482 3795 cum
2524 3740 2879 3810 postmodum
2918 3740 3085 3805 idem,
3122 3742 3268 3811 quod
3308 3752 3456 3809 ante,
3488 3759 3557 3799 ex

1966 3830 2318 3900 imperatoris
2349 3845 2463 3896 ore,
2492 3839 2548 3886 et
2570 3830 2866 3901 praecipuis
2896 3831 3251 3887 senatoribus
3267 3832 3514 3888 audisset
3537 3874 3551 3899 ,

1968 3937 2029 3979 se
2075 3922 2366 3978 confestim
2425 3923 2491 3977 ad
2526 3923 2815 3993 praesentis
2859 3922 3043 3992 operis
3090 3923 3550 3992 compositionem

1962 4016 2219 4081 contulit,
2271 4016 2741 4086 quemadmodum
2784 4014 3000 4087 [etiam]
3048 4015 3105 4069 in
3150 4016 3423 4085 prooemio
3482 4017 3558 4071 si-

1962 4111 2370 4181 gniﬁcavimus.
2401 4108 2584 4179 Atque
2615 4111 2687 4164 ita
2722 4124 2858 4164 sane
2898 4106 3159 4163 inefﬁcaci
3190 4108 3282 4165 isti
3312 4110 3548 4165 novellae.

1961 4201 2428 4259 Chalcedonensis
2449 4200 2670 4256 concilii
2690 4215 2868 4256 canon
2897 4200 3269 4273 25‘przevalet.

2032 4315 2328 4372 Scholium.
2357 4315 2434 4370 De
2463 4313 2816 4370 ordinatione
2865 4312 3254 4385 episcoporum
3301 4314 3355 4370 in
3404 4331 3553 4387 prae-

243 4412 483 4483 παρόντι
505 4412 694 4466 κανόνι
718 4413 1108 4484 περιεχόμενος
1132 4414 1321 4486 χρόνος
1346 4416 1534 4481 διττῶς
1555 4420 1850 4490 ἑρμηνεύε-

1970 4411 2103 4467 senti
2146 4426 2271 4481 cap.
2313 4418 2533 4481 tempus
2567 4407 3029 4478 comprehensum
3079 4407 3353 4479 duplicem
3386 4408 3554 4466 habet

240 4520 361 4557 ται.
393 4501 455 4555 '0
486 4501 587 4573 μὲν
618 4502 728 4572 γὰρ
749 4500 824 4555 κε’
858 4501 1061 4567 κανὼν,
1094 4503 1195 4574 τῆς
1228 4506 1285 4558 ὲν
1306 4504 1613 4578 Χαλκηδόνι
1637 4506 1853 4561 συνόδου

240 4596 747 4669 διορίζεται,ιέντὺς
777 4598 944 4669 τριῶν
972 4597 1155 4668 μηνῶν
1173 4598 1252 4661 είς
1270 4597 1369 4662 τὰς
1388 4617 1457 4669 χη
1469 4599 1732 4668 ρευούσας
1764 4602 1857 4654 ὲκ·

243 4692 489 4763 κλησίας
518 4690 858 4755 ἐπισκόπους
892 4690 1395 4761 ἀποκηρύττεσθαι.
1451 4693 1508 4745 Ὀ
1546 4692 1602 4744 δὲ
1642 4692 1722 4759 ιδ’,
1752 4710 1852 4747 κα-

240 4783 358 4837 νὼν
384 4782 491 4853 τῆς
522 4780 579 4846 ς’
602 4782 824 4836 συνόδου
859 4782 990 4853 περὶ
1034 4781 1130 4836 τοῦ
1161 4783 1358 4854 χρόνου
1389 4782 1486 4851 τῆς
1518 4782 1735 4852 ἡλικίας
1759 4782 1853 4836 τοῦ

240 4874 565 4929 ἐπισκόπου
624 4874 893 4929 διδάσκει.
938 4874 1005 4928 Ἠ
1056 4875 1114 4927 δὲ
1163 4874 1475 4945 παράϐασις
1509 4874 1720 4928 ἐκείνου
1753 4876 1854 4946 μὲν

239 4967 706 5040 ἐκκλησιαστικῷ
763 4967 1172 5023 καθυποϐάλλει
1218 4967 1479 5040 ἐπιτιμίῳ
1506 5007 1521 5032 ,
1577 4966 1754 5038 τούτῳ
1798 4967 1855 5020 δὲ

237 5060 600 5133 καθαιρέσει.

324 5178 585 5232 ΚΕΦΑΛ.
620 5179 679 5231 1'.
718 5208 787 5218 —
814 5176 959 5246 Περὶ
984 5175 1091 5230 τοῦ
1103 5174 1191 5245 μὴ
1222 5173 1691 5244 χειροτονεῖσθαι
1720 5175 1855 5229 τινὰ

238 5271 617 5338 ἐπίσκοπον,
649 5270 688 5340 ἢ
748 5270 1178 5338 πρεσϐύτερον,
1210 5268 1248 5338 ἢ
1280 5269 1566 5323 διάκονον
1624 5268 1767 5337 πρὶν
1812 5269 1851 5338 ἣ

238 5364 489 5431 πάντας
523 5365 670 5429 τοὺς
695 5364 765 5418 ἐν
793 5363 874 5430 τῷ
899 5364 1043 5428 οἴκῳ
1063 5363 1253 5432 αὐτοῦ
1273 5363 1671 5433 Χριστιανοὺς
1684 5365 1852 5433 ὀρθο-

234 5458 473 5524 δόξους
494 5455 784 5525 [ποιῆσαι.

330 5550 559 5603 Συνόδου
588 5547 984 5620 Καρθαγέννης
1006 5546 1185 5601 κανὼν
1214 5546 1327 5612 λς’.

326 5643 642 5712 Κείμενον.
673 5642 785 5694 Καὶ
805 5643 839 5712 ἡ
854 5639 925 5712 ιη’
941 5641 1084 5696 διὰτ.
1103 5639 1196 5695 τοῦ
1223 5640 1263 5695 ε’
1283 5641 1390 5697 τίτ.
1410 5639 1505 5694 τοῦ
1519 5638 1589 5706 α’,
1623 5656 1677 5696 κ.
1702 5657 1752 5697 τ.
1774 5639 1849 5708 λ.,

238 5752 430 5809 usque
457 5735 634 5810 λιι,τῷ
657 5734 797 5807 ἁγίῳ
834 5735 1199 5807 βαπτίσματι.

1964 4503 2496 4574 interpretationem.
2548 4502 2829 4573 Siquidem
2884 4501 2956 4556 25
2993 4516 3171 4557 canon
3229 4500 3543 4559 Chalcedo-

1958 4600 2147 4653 nensis
2179 4598 2400 4653 concilii
2434 4597 2648 4663 statuit,
2690 4609 2748 4651 ut
2777 4598 2922 4653 intra
2947 4606 3060 4654 tres
3092 4613 3312 4654 menses
3353 4598 3404 4653 in
3447 4614 3548 4653 va-

1957 4702 2144 4747 cautes
2178 4691 2443 4747 ecclesias
2463 4690 2706 4760 episcOpi
2752 4690 3030 4759 praeconio
3056 4690 3313 4746 declarati
3350 4690 3551 4763 [intro-

1957 4784 2279 4857 ducantur.]
2337 4784 2569 4840 Concilii
2625 4798 2756 4838 vero
2813 4784 2846 4838 6
2895 4799 3073 4839 canon
3125 4783 3193 4837 Η
3250 4784 3317 4839 de
3372 4784 3550 4839 aetatis

1957 4875 2352 4945 episcoporum
2402 4884 2651 4945 tempore
2688 4873 2871 4929 docet.
2906 4874 2987 4929 Ac
3028 4874 3393 4944 transgressio
3423 4874 3550 4944 qui-

1955 4969 2075 5023 dem
2128 4968 2298 5031 illius,
2349 4967 2743 5022 ecclesiasticae
2790 4982 2968 5038 paenae
3013 4964 3217 5039 [reum]
3287 4966 3546 5034 subjicit:

1958 5061 2123 5132 hujus
2148 5077 2298 5126 vero,
2332 5059 2351 5134 [
2378 5077 2407 5115 a
2440 5060 2778 5134 sacerdotio]
2809 5059 3127 5117 remotioni.

2028 5173 2183 5228 CAP.
2214 5171 2283 5228 Χ.
2321 5204 2391 5213 -
2418 5170 2503 5227 Ne
2526 5173 2811 5245 quisquam
2855 5182 2949 5227 aut
2974 5172 3270 5242 episcopus,
3309 5179 3399 5224 aut
3431 5186 3550 5239 pre-

1954 5268 2151 5339 sbyter,
2207 5278 2301 5321 aut
2340 5268 2601 5322 diaconus
2653 5267 2972 5333 ordinetur,
3025 5267 3333 5336 priusquam
3371 5280 3549 5322 omnes

1955 5363 2273 5417 domesticos
2308 5378 2433 5415 suos
2458 5361 2692 5429 eﬂ'ecerit
2722 5360 3057 5415 Christianas
3091 5358 3436 5412 orthodoxos.

2024 5548 2259 5604 Concilii
2285 5547 2740 5619 Carthaginensis
2764 5561 2941 5602 canon
2974 5544 3063 5601 ⁸56.

2031 5639 2253 5695 Textus.
2290 5640 2467 5694 Etiam
2495 5647 2674 5694 const.
2706 5637 2914 5705 18,1lit.
2939 5637 2994 5706 5,
3023 5635 3115 5693 lib.
3145 5635 3197 5704 i,
3224 5643 3354 5703 etc.,
3385 5650 3547 5705 usque

1860 5780 1875 5790 .
1956 5735 2027 5788 ad
2068 5749 2177 5790 non
2212 5732 2504 5800 adducant,
2539 5741 2596 5786 ut
2622 5747 2745 5803 pag.
2777 5729 2901 5785 498.
