3916 6244
432 322 539 387 995

1575 316 1840 377 PIIOTII
1882 313 2392 377 PATRIARCH/E
2422 312 2533 374 CP.

3608 314 3702 378 996

507 434 800 490 Scholium.
826 431 1016 489 Const.
1038 432 1126 499 18,
1161 432 1247 488 tit.
1282 432 1337 496 5,
1372 432 1469 485 lib.
1508 447 1561 494 t,
1591 430 1725 486 Cod.
1761 432 1815 485 in
1855 428 2021 484 Basil.

2199 429 2483 498 Σχόλιον.
2520 427 2587 481 Ἡ
2643 424 2713 498 ιη’
2756 425 2898 481 διάτ.
2940 424 3035 479 τοῦ
3065 423 3105 479 ε’
3152 424 3258 479 τίτ.
3301 424 3397 479 τοῦ
3428 422 3477 479 α’
3514 426 3700 498 βιϐλίου

439 539 547 579 non
594 525 923 594 estposita,
970 538 1147 594 neque
1197 533 1377 578 const.
1408 522 1498 586 10,
1536 522 1619 576 tit.
1668 522 1727 575 ll
1780 520 2028 592 ejusdem

436 614 532 671 lib.
560 614 780 681 Quaeret
805 613 1039 670 fortasse
1072 614 1296 684 aliquis,
1328 629 1454 668 cum
1485 614 1554 667 56
1580 628 1759 667 canon
1813 612 2029 667 concilii

436 707 888 778 Carthaginensis
921 714 1151 771 statuat,
1176 722 1244 760 ne
1274 706 1570 777 quisquam
1611 705 1664 759 in
1700 704 2030 759 clericorum

439 816 732 855 numerum
769 800 1089 869 recipiatur,
1146 799 1252 854 nisi
1299 813 1495 852 omnes
1527 797 1862 852 domesticos
1903 812 2034 850 suus

440 894 791 949 Christianos
842 893 1032 959 faciat,
1076 892 1361 963 quomodo
1409 899 1706 960 praesentes
1758 888 2033 943 constitu-

439 989 643 1051 tiones.
695 1004 821 1041 cum
854 988 1041 1042 dicant
1083 1001 1179 1041 eos
1227 986 1320 1054 qui
1348 1000 1414 1038 ex
1462 983 1693 1054 paganis
1732 980 2034 1036 Christiani

443 1079 575 1136 facti
629 1091 783 1145 sunt,
841 1080 1048 1152 puniri,
1107 1079 1216 1133 nisi
1260 1092 1461 1131 uxores
1519 1092 1651 1131 suas
1706 1084 1762 1129 et
1809 1074 2034 1139 liberos,

440 1186 745 1242 omnesque
778 1170 1117 1225 domesticos
1173 1168 1417 1229 suosad
1468 1173 1879 1221 sacrosanctum
1937 1162 2037 1216 ba-

446 1266 648 1335 ptisma
702 1262 1001 1325 adducant,
1051 1262 1241 1331 posita:
1267 1276 1373 1315 non
1436 1270 1564 1315 sunt
1594 1260 1647 1313 iu
1688 1258 1854 1313 Basil.
1912 1273 2037 1312 cum

453 1355 689 1429 [tamerﬂ
722 1356 781 1410 in
814 1358 899 1411 his
933 1371 1057 1410 cum
1092 1370 1301 1409 canone
1332 1356 1683 1409 conveniant.
1717 1352 1949 1408 Constit.
1984 1353 2038 1407 in

452 1448 623 1502 Basil.
680 1456 977 1518 assumptae
1049 1463 1155 1500 non
1204 1456 1353 1508 sunt,
1404 1457 1624 1517 propter
1672 1446 1847 1502 sancti
1885 1444 2040 1500 Pauli

448 1540 681 1609 apostoli
727 1550 1061 1609 praeceptum
1108 1540 1428 1603 statuentis,
1470 1554 1539 1591 ne
1576 1536 1877 1591 inﬁdelium
1925 1553 2042 1591 ma-

448 1632 769 1689 trimonium
799 1634 1063 1695 solvatur,
1102 1633 1147 1687 si
1174 1633 1311 1687 alter
1341 1632 1556 1686 illorum
1589 1632 1765 1687 ﬁdelis
1798 1632 1911 1686 liat.
1940 1631 2042 1698 Qui

448 1737 687 1791 namque
720 1722 852 1788 scis,
888 1720 1089 1790 inquit,
1131 1736 1198 1775 an
1236 1721 1411 1774 ﬁdelis
1441 1720 1714 1775 inﬁdelem
1754 1719 2040 1789 conjugem

2135 522 2230 576 τοῦ
2254 522 2497 586 Κώδικος
2520 522 2621 577 οὐκ
2656 522 2814 594 ἐτέθη
2846 523 2925 586 είς
2961 521 3029 576 τά
3060 520 3346 586 Βασιλικά,
3365 522 3538 595 esset;
3572 541 3588 575 t
3617 524 3702 578 τοῦ

2139 612 2205 665 ια’
2243 613 2329 666 τίτ
2357 614 2451 668 τοῦ
2484 612 2650 668 αὑτοῦ
2683 613 2911 686 βιϐλίου.
2940 613 3240 684 Ἐρωτήσει
3281 631 3364 677 τις
3395 614 3470 677 ὡς
3511 614 3598 687 τού
3627 616 3705 681 λς’

2137 704 2362 763 κανόνος
2382 706 2479 776 τῆς
2506 708 2562 759 ὲν
2582 706 2943 779 Καρθαγέννῃ
2984 706 3206 759 συνόδου
3243 706 3609 778 διοριζομένου
3643 710 3709 782 μὴ

2137 796 2475 869 κληροῦσθαί
2516 815 2640 851 τινα
2675 800 2724 852 εί
2761 799 2837 870 μὴ
2869 799 3069 868 ποιήσῃ
3112 796 3473 870 Χριστιανοὺς
3516 799 3709 863 πάντας

2140 892 2266 952 τοὺς
2306 890 2363 941 ὲν
2390 889 2469 959 τῷ
2492 892 2628 960 οἴκῳ
2655 892 2843 955 αὑτοῦ,
2894 892 3011 955 πῶς
3054 892 3109 945 αἱ
3152 890 3427 961 παρούσαι
3459 890 3711 957 διατάξεις

2140 983 2197 1038 αἱ
2247 983 2505 1052 λέγουσαι
2558 985 2687 1046 τοὺς
2738 983 2799 1047 ἐξ
2859 984 3133 1055 Ἐλλήνων
3169 983 3462 1052 γεγονότας
3506 984 3713 1047 πιστοὺς

2140 1077 2522 1148 τιμωρεῖσθαι,
2557 1078 2605 1130 εἰ
2637 1075 2711 1147 μὴ
2750 1075 3085 1147 προσάγουσι
3116 1074 3192 1146 τῷ
3224 1075 3363 1145 ἁγίῳ
3397 1074 3713 1145 βαπτίσματι

2140 1168 2388 1240 γαμετὰς
2414 1170 2616 1232 αὐτῶν,
2650 1169 2747 1222 καὶ
2773 1168 2970 1232 παῖδας
3000 1168 3096 1221 καὶ
3124 1168 3335 1231 πάντας
3375 1168 3502 1229 τοὺς
3538 1167 3593 1220 ὲν
3615 1169 3715 1229 τοῖς

2141 1262 2309 1325 οἴκοις
2326 1260 2526 1326 αὐτῶν,
2552 1262 2654 1315 οὐκ
2674 1261 2941 1332 ἐτέθησαν
2969 1261 3050 1325 εἰς
3066 1260 3135 1314 τὰ
3155 1258 3419 1313 Βασιλικά
3448 1257 3716 1327 σύνδεσμοι

2142 1355 2320 1417 οὖσαι,
2354 1356 2450 1409 καὶ
2485 1356 2660 1409 ταῦτα
2693 1354 2771 1425 τῷ
2794 1355 3002 1409 κανόνι.
3022 1355 3212 1418 Λύσις.
3249 1355 3316 1405 Al
3347 1354 3444 1423 μὲν
3465 1352 3719 1418 διατάξεις

2143 1449 2204 1502 ού
2236 1448 2673 1520 παρελήφθησαν
2703 1450 2784 1513 είς
2819 1448 2888 1502 τὰ
2919 1448 3185 1503 Βασιλικά
3212 1446 3299 1500 διὰ
3320 1445 3418 1517 τὴν
3446 1444 3541 1499 τοῦ
3577 1444 3719 1513 ἁγίου

2157 1541 2482 1595 Ἀποστόλου
2558 1540 2938 1611 παραγγελίαν
3027 1540 3126 1612 τὴν
3203 1537 3580 1610 διοριζομένην
3656 1536 3723 1606 μὴ

2144 1631 2370 1686 λύεσθαι
2426 1632 2527 1703 τὴν
2575 1633 2688 1686 τῶν
2725 1632 2972 1686 ἀπίστων
3012 1631 3347 1702 συνοίκησιν,
3383 1629 3480 1682 ὲάν
3508 1629 3537 1681 ὁ
3565 1620 3640 1689 εἷς
3672 1626 3726 1691 ἐξ

2147 1726 2327 1780 αὐτῶν
2392 1727 2583 1789 πιστὸς
2622 1728 2873 1797 γένηται.
2920 1725 2985 1778 Τί
3037 1725 3170 1795 γὰρ,
3201 1724 3388 1795 φησιν,
3422 1716 3569 1783 οἶδας
3592 1720 3678 1774 ἐὰν
3702 1720 3727 1772 ὁ

448 1833 604 1874 suam
654 1818 719 1871 ad
757 1817 917 1872 ﬁdem
971 1817 1042 1872 sit
1112 1817 1470 1877 deducturus,
1527 1823 1581 1869 et
1637 1829 1666 1867 e
1721 1812 2040 1867 contrario?

2164 1820 2338 1883 τιστδς
2374 1821 2662 1892 μεταγάγῃ
2690 1820 2824 1890 πρὸς
2864 1818 2962 1889 τὴν
3013 1819 3199 1872 πίστιν
3245 1816 3345 1888 τὴν
3377 1816 3608 1869 ἄπιστον
3640 1811 3726 1865 ού-

449 1908 641 1964 szon
671 1918 854 1962 autem
885 1909 1029 1973 vult,
1054 1923 1180 1962 eum
1212 1907 1305 1975 qui
1343 1920 1626 1976 nunquam
1659 1904 1916 1965 inﬁdelis,
1947 1904 2042 1958 sed

449 2000 713 2073 [semper]
743 2002 1063 2055 orthodoxa:
1094 2000 1214 2054 ﬁdei
1258 2000 1380 2064 fuit,
1425 1999 1746 2053 cohabitare
1793 1998 1995 2051 inﬁdeli
2027 2016 2040 2052 :

449 2090 549 2164 [et]
598 2093 774 2147 multo
821 2093 1042 2162 quidem
1119 2093 1326 2152 minus.
1376 2100 1663 2159 postquam
1722 2090 1775 2143 in
1830 2090 2038 2144 clerum

450 2182 703 2255 [allectus
734 2186 851 2255 sit):
878 2201 941 2239 ac
980 2185 1187 2239 idcirco
1214 2184 1266 2237 in
1298 2183 1508 2239 clerum
1542 2182 1748 2237 assumi
1778 2198 1884 2237 non
1920 2198 2043 2253 per—

454 2276 644 2331 mittit.
693 2275 838 2341 Quin
868 2277 978 2331 alii
1005 2292 1224 2347 quoque
1269 2291 1511 2331 canones
1558 2275 1769 2330 ﬁdelem
1813 2273 1890 2347 [in
1923 2291 2044 2329 ma-

452 2365 804 2439 trimonium]
834 2367 1094 2438 conjungi
1132 2368 1334 2423 iulideli
1370 2383 1478 2421 non
1532 2368 1741 2421 sinunt.
1777 2365 1872 2422 Est
1913 2383 2045 2437 ergo

451 2458 765 2515 ditl'erentia
816 2461 961 2516 inter
989 2476 1115 2516 eum
1163 2461 1255 2532 qui
1297 2475 1422 2515 cum
1466 2460 1702 2515 inﬁdelis
1730 2461 1940 2525 fuisset,
1974 2462 2041 2515 ad

455 2553 612 2608 tidem
646 2569 950 2611 conversus
978 2566 1084 2618 est,
1113 2563 1167 2609 et
1194 2570 1319 2609 eum
1348 2553 1445 2624 qui
1478 2570 1508 2609 a
1552 2555 1841 2611 nativitate
1867 2556 2043 2611 ﬁdelis

451 2646 575 2701 fuit.
606 2646 701 2701 Ille
747 2647 894 2702 enim
937 2648 1095 2703 venia
1125 2648 1326 2718 dignus
1367 2646 1635 2712 habetur,
1685 2647 1728 2700 si
1776 2658 2042 2716 cognatos

451 2738 529 2811 [et
553 2740 923 2812 necessarios]
956 2740 1206 2795 inﬁdeles
1242 2755 1352 2794 non
1394 2740 1602 2810 eiiciat,
1642 2740 1787 2811 quod
1824 2756 1883 2796 se
1923 2741 2046 2795 illos

450 2835 619 2887 etiam
665 2834 731 2888 ad
778 2834 1142 2889 orthodoxam
1187 2834 1345 2889 ﬁdem
1392 2850 1791 2889 conversurum
1826 2844 2045 2906 speret:

457 2924 546 2978 hic
577 2938 709 2979 vero
764 2925 1010 2995 punitur,
1055 2936 1316 2996 tanquam
1351 2941 1475 2980 cum
1533 2926 1848 2981 inﬁdelibus
1890 2942 2044 2981 com-

456 3017 724 3071 mercium
775 3018 996 3085 haheat,
1031 3026 1085 3073 et
1132 3027 1190 3073 ut
1243 3018 1297 3071 in
1327 3019 1534 3073 clcrum
1571 3028 1887 3074 assumatur
1933 3034 2043 3073 non

455 3107 812 3174 permittitur.

2108 1930 2113 1933 '
2155 1913 2317 1982 ζυγον
2349 1913 2605 1967 αὐτοὶ...
2652 1912 2710 1966 '0
2746 1912 2802 1965 δὲ
2842 1911 3024 1966 κανὼν
3080 1911 3141 1963 ού
3192 1909 3337 1963 θέλει
3363 1908 3632 1961 συνοικεῖν
3675 1905 3729 1959 ού

2159 2003 2432 2073 μηδέποτε
2459 2003 2724 2073 γεγονότα
2749 2003 3000 2066 ἄπιστον,
3034 2001 3148 2054 ἀλλ’
3191 1997 3582 2069 όρθοδοξοῦντα
3606 1995 3731 2067 μετὰ

2155 2095 2411 2160 ἀπίστου,
2440 2095 2620 2168 πολλῷ
2665 2096 2723 2150 δὲ
2765 2094 2927 2148 πλέον
2987 2093 3127 2165 μετά
3171 2093 3448 2164 κλήρωσιν
3481 2090 3567 2143 διά
3592 2088 3735 2142 τοῦτο

2153 2188 2215 2241 ού
2245 2190 2572 2260 παραχωρεῖ
2599 2189 2761 2243 αὑτὸν
2813 2186 3189 2258 κληρωθῆναι.
3218 2186 3330 2239 Καὶ
3362 2184 3543 2255 ’ἑτεροι
3563 2182 3617 2235 δὲ
3644 2199 3735 2234 κα·-

2154 2279 2304 2343 νόνες
2336 2281 2396 2333 ού
2433 2278 2829 2352 παραχωροῦσι
2882 2278 2961 2351 τῷ
3000 2277 3179 2349 πιστῷ
3229 2275 3573 2347 συναφθῆναι
3613 2272 3739 2345 μετά

2158 2362 2411 2429 ἀπίστου.
2444 2376 2687 2445 Διαφορά
2728 2374 2822 2429 οὖν
2865 2376 3015 2428 ἐστιν
3058 2373 3292 2427 ἀπίστου
3324 2372 3403 2434 εἰς
3440 2372 3543 2440 τὴν
3569 2368 3739 2421 πίστιν

2156 2467 2610 2538 ἐπιστρέψαντος,
2654 2467 2749 2520 καὶ
2800 2465 2893 2520 τοῦ
2949 2467 3015 2519 ὲκ
3054 2463 3281 2534 γενετῆς
3329 2462 3489 2524 ὄντος
3535 2457 3739 2513 πιστοῦ.

2166 2558 2228 2611 '0
2256 2558 2355 2629 μὲν
2384 2559 2492 2629 γὰρ
2524 2557 2859 2630 συγγνώμης
2906 2557 3152 2623 ἀξιοῦται
3202 2555 3278 2628 μὴ
3307 2552 3589 2608 ἐκϐάλλων
3624 2550 3739 2613 τοὺς

2157 2652 2480 2722 προσγενεῖς
2504 2650 2655 2722 αύτῷ
2718 2650 3002 2716 ἀπίστους,
3055 2648 3434 2722 μεταστρέψαι
3470 2645 3741 2706 κάκείνους

2156 2740 2514 2811 ὲλπιζόμενος
2546 2743 2627 2804 είς
2697 2741 2797 2810 τὴν
2852 2740 3137 2811 ὸρθόδοξον
3199 2739 3405 2803 πίστιν,
3441 2740 3471 2792 ὁ
3501 2736 3558 2791 δὲ
3586 2753 3744 2805 τιμω-

2158 2836 2330 2904 ρεῖται
2361 2832 2437 2895 ὡς
2470 2834 2611 2901 μετά
2637 2833 2885 2886 ἀπίστων
2919 2832 3322 2901 συγκοινωνῶν,
3356 2832 3456 2885 καὶ
3486 2830 3549 2883 ού
3578 2844 3742 2898 παρα·

2158 2928 2416 2998 χωρεῖται
2447 2926 2807 2998 κληροῦσθαι.
2857 2926 3159 2996 ’Λνάγνωθι
3190 2928 3284 2983 καὶ
3311 2929 3407 2980 τὸν
3439 2924 3518 2995 οβ’
3553 2922 3744 2977 κανόνα

2158 3019 2259 3090 τῆς
2294 3021 2351 3073 ὲν
2384 3021 2462 3091 τῷ
2501 3020 2755 3092 Τρούλλῳ
2815 3020 3036 3073 συνόδου
3094 3020 3237 3074 οὕτω
3285 3018 3605 3090 διαιροῦντα
3632 3015 3746 3077 τοὺς

2164 3113 2388 3176 πιστοὺς
2406 3113 2503 3166 καὶ
2529 3113 2666 3185 πρὸς
2692 3113 2769 3183 τῷ
2797 3113 2940 3166 τέλει
2968 3112 3141 3166 ταῦτα
3178 3111 3471 3177 διεξιόντα,
3500 3109 3747 3181 ἡγίασται

453 3197 567 3269 γὰρ
591 3201 619 3251 ὁ
673 3200 905 3265 ἄπιστος
956 3202 1096 3274 ἀνὴρ
1130 3203 1189 3254 ἐν
1216 3203 1284 3273 τῇ
1323 3202 1571 3269 γυναικὶ,
1599 3204 1696 3255 καὶ
1734 3203 2054 3275 ἡγίασταιή
2096 3205 2326 3270 ἄπιστος
2384 3204 2524 3277 γυνὴ
2551 3207 2611 3259 ὲν
2673 3205 2752 3277 τῷ
2782 3205 2957 3277 ἀνδρί.
3008 3205 3308 3274 ’Λνάγνωθι
3357 3206 3458 3258 καὶ
3516 3201 3622 3255 ἀπὸ
3658 3198 3748 3269 τῆς

454 3294 593 3391 πρὸς
639 3295 959 3365 Κορινθίους
984 3295 1309 3365 Ἐπιστολῆς
1365 3296 1459 3349 τοῦ
1512 3296 1670 3364 ἁγίου
1733 3299 2033 3352 ἀποστόλου
2110 3300 2321 3353 Παύλου
2372 3300 2436 3353 τὸ
2489 3301 2621 3371 περὶ
2683 3299 2877 3353 τούτου
2949 3301 3262 3371 πρόσφορον
3306 3297 3509 3367 χωρίον
3576 3293 3745 3361 λέγον.

470 3387 728 3457 Αδελφοὶ,
754 3388 903 3453 εῐτις
931 3388 1164 3457 ἀδελφὴν
1184 3391 1421 3457 γυναῖκα
1450 3389 1562 3460 ἔχει
1585 3392 1835 3459 ἄπιστον,
1870 3393 1965 3445 καὶ
2007 3393 2075 3445 τὰ
2115 3393 2263 3463 ἑξῆς,
2288 3396 2384 3446 καὶ
2410 3392 2533 3447 εἰπὲ
2562 3392 2671 3447 ἀπὸ
2715 3393 2933 3448 πάντων
2980 3392 3160 3456 καλῶς
3208 3389 3520 3463 ἱερωσύνης
3578 3386 3748 3451 ἀξιοῦ-

457 3480 582 3534 σθαι
613 3478 981 3550 βαπτισθέντα
1007 3482 1100 3534 καὶ
1129 3481 1428 3549 ἀγιάζοντα
1457 3482 1653 3546 ἀλλους
1678 3484 1773 3537 καὶ
1802 3482 1909 3552 πρὸ
1953 3482 2049 3537 τοῦ
2093 3482 2358 3553 βαπτίσαι
2384 3484 2512 3547 τοὺς
2547 3484 2642 3539 σὺν
2664 3483 2815 3554 αύτῷ
2838 3482 3147 3547 οἰκοῦντας.

529 3596 681 3653 CAP.
720 3595 815 3651 XI.
853 3627 918 3638 —
974 3596 1052 3653 De
1084 3599 1166 3654 his
1215 3601 1307 3671 qui
1331 3618 1396 3656 ea:
1444 3601 1701 3657 laicorum
1749 3613 1894 3658 statu
1943 3605 2046 3673 epi-

2212 3604 2483 3657 -ΚΕΦΑΛ.
2514 3602 2618 3657 lA’.
2641 3632 2715 3644 —
2750 3603 2894 3672 Περὶ
2943 3600 3065 3658 τῶν
3109 3602 3231 3659 ἀπὸ
3264 3599 3505 3657 λατκῶν
3540 3596 3754 3671 γινομέ-

458 3687 602 3749 scopi
629 3685 789 3755 ﬁunt.

532 3800 766 3856 Concilii
799 3800 1150 3859 Sardieensis
1182 3820 1361 3861 canon
1399 3800 1501 3875 10‘;
1530 3808 1752 3864 concilii
1794 3810 1957 3880 primi
1998 3819 2053 3864 et

463 3891 693 3945 secundi
764 3893 820 3946 in
874 3906 1193 3949 sanctorum
1247 3898 1639 3967 Apostolorum
1685 3901 1805 3956 aede
1851 3903 2052 3963 coacti,

461 4001 638 4037 canon
676 3984 763 4039 17.

539 4078 837 4136 Scholium.
888 4081 1081 4140 Const.
1136 4084 1172 4139 2
1200 4084 1504 4155 cjusdeml
1576 4089 1658 4145 tit.
1705 4090 2053 4147 Novellarum

466 4184 552 4229 cst
583 4174 666 4246 (ut
698 4177 952 4246 superius
973 4176 1182 4233 dictum
1209 4182 1315 4247 est)
1348 4181 1644 4238 Justiniani
1672 4186 1884 4240 novella
1929 4187 2050 4240 125.

470 4265 586 4321 lloc
624 4284 754 4323 vero
784 4270 905 4339 ejus
936 4281 1101 4339 caput
1143 4288 1251 4327 non
1289 4284 1373 4330 est
1399 4277 1642 4344 positum
1682 4279 1732 4332 in
1780 4278 1945 4335 llasil.
1997 4280 2059 4333 Et

470 4370 647 4414 const.
677 4361 727 4425 l,
758 4366 842 4415 tit.
878 4378 892 4415 ι
937 4364 1312 4431 Novellarum,
1337 4378 1419 4422 est
1441 4370 1656 4424 novella
1679 4368 1974 4426 Justiniani
2001 4374 2057 4429 6.

472 4452 535 4505 Iit
566 4470 744 4523 neque
781 4457 917 4520 haec,
954 4473 1078 4512 cum
1123 4458 1358 4534 [tamen]
1403 4462 1472 4517 de
1519 4464 1604 4519 his
1659 4467 1753 4534 qui
1784 4482 1849 4519 ex
1900 4468 2059 4522 laicis

467 4546 707 4616 episcopi
738 4548 895 4616 ﬁunt,
920 4559 1133 4615 tractet,
1155 4552 1354 4608 inserta
1379 4565 1460 4611 est
1483 4554 1675 4621 Basil.,
1701 4560 2059 4627 quemalmo-

470 4637 602 4692 dum
661 4656 841 4711 neque
896 4659 1239 4716 quaecunque
1286 4646 1628 4704 Justitiniani
1660 4650 1873 4704 novella
1930 4651 2058 4716 alia,

468 4744 593 4798 qute
623 4731 723 4786 hac
752 4734 819 4788 de
850 4751 907 4788 re.
940 4735 1180 4792 disserit.
1214 4740 1389 4810 Hujus
1422 4742 1585 4812 igitur
1612 4741 1737 4815 [rei]
1766 4760 1931 4799 causa
1965 4749 2057 4799 uni

473 4825 537 4877 Π
569 4829 764 4879 canoui
800 4828 822 4880 l
856 4842 907 4883 et
949 4831 985 4883 ἓ
1032 4836 1245 4890 concilii
1308 4836 1360 4889 iu
1411 4849 1726 4893 sanctorum
1770 4840 2062 4909 Apostolo-

2163 3714 2287 3751 νων
2312 3698 2686 3753 ἐπισκόπων.

2239 3812 2471 3865 Συνόδου
2531 3813 2806 3884 Σαρδικῆς
2852 3812 3035 3867 κανὼν
3097 3812 3167 3867 ι’·
3227 3812 3455 3867 συνόδου
3502 3810 3553 3866 α’
3582 3811 3674 3865 καὶ
3715 3806 3751 3878 β’

2170 3905 2641 3979 συγκροτηθείσης
2679 3908 2737 3960 ὲν
2778 3907 2859 3977 τῷ
2891 3905 3004 3977 ναῷ
3038 3905 3149 3960 τῶν
3198 3906 3372 3976 ἀγίων
3423 3902 3756 3959 Ἀποστόλων

2168 3999 2352 4054 κανὼν
2384 3997 2471 4062 ιζ’.

2243 4094 2524 4161 Σχόλιον.
2574 4095 2639 4147 Ἡ
2670 4091 2715 4164 β’
2738 4092 2878 4148 διάτ.
2907 4091 3001 4148 τοῦ
3026 4091 3197 4148 α’τίτ.
3216 4091 3328 4145 τῶν
3357 4090 3599 4162 Νεαρῶν
3620 4091 3757 4144 ἐστιν

2168 4182 2243 4246 ὼς
2276 4185 2484 4239 ἀνωθεν
2506 4188 2723 4257 εἴρηται
2748 4185 2918 4256 νεαρά
2958 4185 3395 4247 Ἰουστινιάνειος
3432 4181 3581 4255 ρκγ’,
3612 4181 3758 4235 τοῦτο

2171 4275 2229 4327 δὲ
2259 4276 2431 4345 αὐτῆς
2461 4276 2523 4330 τὸ
2556 4294 2683 4346 κεφ.
2717 4277 2818 4330 ούκ
2846 4276 3007 4346 ἐτέθη
3047 4278 3127 4340 είς
3175 4276 3245 4330 τὰ
3273 4276 3568 4341 Βασιλικὰ,
3607 4276 3699 4327 καὶ
3720 4270 3764 4324 α’

2168 4367 2309 4423 διάτ.
2333 4368 2425 4421 τοῦ
2458 4367 2506 4421 α’
2539 4370 2645 4425 τίτ.
2692 4368 2802 4424 τῶν
2831 4369 3062 4442 Νεαρῶν
3093 4372 3207 4423 ἐστι
3241 4370 3412 4440 νεαρά
3453 4368 3759 4423 Ἰουστινιά-

2172 4479 2314 4525 νειος
2338 4461 2414 4527 ς’.
2450 4464 2559 4516 Καὶ
2587 4462 2707 4516 οὐδὲ
2754 4463 2892 4533 αὐτὴ
2940 4464 3070 4533 περὶ
3107 4462 3213 4516 τῶν
3243 4462 3351 4515 ἀπὸ
3397 4462 3759 4529 λαῖκῶνγινο-

2177 4554 2355 4623 μένων
2385 4555 2700 4608 ἐπισκόπων
2734 4552 3196 4624 διαλαμϐάνουσα,
3228 4552 3590 4625 κατεστρώθη
3611 4552 3687 4613 είς
3702 4550 3761 4602 τά

2176 4648 2462 4711 Βασιλικά,
2488 4647 2681 4718 ὥσπερ
2712 4646 2847 4718 άλλη
2910 4647 3154 4718 οίαδήτις
3202 4647 3562 4715 ’1ουστινιανὴ
3606 4644 3763 4713 νεαρὰ

2176 4742 2306 4811 περὶ
2330 4742 2526 4794 τούτου
2562 4740 2709 4810 μόνῳ
2742 4739 2821 4811 τῷ
2877 4738 2940 4804 ιζ’
2974 4740 3159 4793 κανόνι
3187 4740 3286 4808 τῆς
3320 4740 3378 4791 ἑν
3410 4738 3494 4809 τῷ
3527 4736 3639 4808 ναῷ
3663 4736 3762 4788 τῶν

2176 4836 2349 4903 ἁγίων
2377 4835 2720 4889 ’Δποστόλων
2749 4834 3216 4905 συγκροτηθείσης
3256 4831 3305 4886 α’
3332 4833 3430 4885 καὶ
3460 4830 3506 4902 β’
3532 4831 3761 4885 συνόδου.

470 4933 591 4971 rum
624 4920 739 4973 aede
770 4924 965 4988 euacti,
991 4928 1237 4981 animum
1265 4929 1483 4983 adhibe.
1521 4928 1634 4984 lllic
1654 4932 1799 4985 enim
1833 4935 2046 4987 omnint

2188 4929 2396 4981 Ἐκεῖσε
2448 4927 2504 4980 δὲ
2558 4927 2777 4990 πάντως
2825 4926 3108 4997 είρήσεται
3144 4925 3292 4988 ὅπως
3315 4922 3383 4977 τὰ
3408 4922 3509 4975 τοῦ
3553 4921 3765 4982 κανόνος

472 5010 709 5078 dicetur,
777 5019 1059 5084 quomodo
1113 5036 1291 5076 canon
1353 5023 1800 5093 interpretandus
1871 5028 1962 5088 sit,
2013 5036 2068 5081 et

471 5101 603 5171 quid
642 5120 706 5157 ex
744 5102 1043 5163 Justiniaui
1074 5110 1425 5180 imperatoris
1459 5113 1691 5169 novellis
1721 5116 1991 5170 obtineat.

470 5212 483 5253 :
544 5194 701 5251 CAP.
726 5196 846 5253 ΧΠ.
887 5205 1259 5268 -ριιοηιοιιο
1284 5204 1517 5275 gentilis,
1557 5218 1647 5259 aut
1671 5220 1921 5277 wgroms,
1979 5221 2074 5265 aut

472 5302 649 5340 recens
690 5289 1015 5359 baptizatus,
1067 5305 1159 5347 aut
1203 5294 1522 5367 [quisqumu
1557 5300 1574 5369 j
1637 5315 1701 5352 ex
1744 5300 1891 5354 mula
1947 5319 2072 5357 con-

470 5383 767 5438 versatione
820 5382 1113 5459 [prodiens]
1159 5390 1436 5443 ordinetur
1463 5388 1605 5462 [aut]
1650 5393 1947 5464 episcopus,
1978 5407 2071 5451 aut

475 5471 720 5529 clericus.

544 5569 938 5635 Apostolorum
971 5588 1148 5627 cauoo
1177 5574 1277 5640 80;
1314 5574 1532 5628 Concilii
1560 5572 1765 5629 Niczeui
1795 5592 1968 5631 canon
1992 5578 2064 5644 2;

472 5660 691 5712 concilii
745 5660 1207 5721 Neocaesaricusis
1245 5682 1421 5721 canon
1465 5665 1564 5731 12;
1599 5667 1817 5722 concilzi
1866 5668 2065 5725 Laodi-

470 5753 651 5806 censis
685 5769 862 5812 canon
888 5759 942 5815 3.

2176 5023 2637 5094 ὲκλαμόάνονται,
2671 5022 2766 5075 καὶ
2796 5019 2907 5074 ἀπὸ
2933 5019 3038 5073 τῶν
3065 5018 3297 5090 Νεαρῶν
3330 5017 3427 5072 τοῦ
3461 5017 3767 5071 Ἰουστινια-

2179 5118 2273 5172 νοῦ
2296 5115 2392 5170 τοῦ
2422 5116 2694 5187 βασιλέως
2727 5132 2779 5168 τι
2808 5116 3023 5185 κρατεῖ.

2253 5211 2505 5264 ΚΕΦΑΛ.
2531 5209 2633 5263 lB'.
2657 5238 2727 5251 -——-
2748 5206 2881 5274 Πῶς
2910 5210 2942 5261 ὀ
2966 5207 3225 5273 ἐθνικὸς,
3258 5206 3295 5276 ἢ
3330 5208 3363 5260 ὀ
3406 5206 3481 5260 ἐν
3510 5207 3694 5269 νόσῳ,
3732 5200 3763 5267 ἦ

2181 5304 2213 5355 ὁ
2240 5301 2459 5356 νεωστὶ
2495 5300 2857 5365 βαπτισθεὶς
2922 5300 3019 5351 καὶ
3058 5301 3090 5353 ὁ
3122 5299 3189 5352 ἐκ
3212 5300 3454 5368 φαύλης
3478 5293 3765 5367 διαγωγῆς

2180 5393 2603 5465 χειροτονεῖται
2638 5393 2995 5458 ἐπίσκοπος,
3021 5390 3058 5461 ἢ
3088 5392 3395 5461 κληρικός.

2250 5575 2445 5629 Κανὼν
2485 5576 2799 5631 ἀποστόλων
2832 5575 2882 5629 π’
2902 5594 2912 5606 ·
2969 5576 3188 5628 συνόδου
3221 5577 3451 5637 Νικαίας
3480 5575 3660 5630 κανὼν
3686 5572 3726 5641 β’
3751 5589 3762 5601 ⁸

2180 5669 2398 5721 συνόδου
2423 5670 2853 5744 Νεοκαισαρείας
2878 5670 3054 5723 κανὼν
3076 5669 3140 5740 ιβ’
3164 5689 3174 5701 ·
3211 5671 3429 5724 συνόδου
3455 5666 3763 5725 Λαοδικείας

2177 5760 2358 5814 κανὼν
2388 5761 2457 5830 γ’.
