3916 6244
266 245 362 309 997

264 476 356 512 ται
380 460 468 526 είς
500 460 951 529 σχολάζουσιαν
980 464 1347 537 ἐπισκοπήν.

328 552 556 607 Συνόδου
594 555 927 627 Ἀντιοχείας
958 558 1140 614 κανὼν
1168 560 1267 626 ις’.
1370 600 1371 603 η

326 661 586 721 ΚΕΦΑΛ.
618 667 716 719 lA'.
741 696 812 707 —
840 669 993 723 Πότε
1020 671 1245 741 γίνεται
1282 674 1620 747 ἐπίσκοπος
1645 680 1684 751 ἢ
1713 682 1861 754 autﬁ-

254 756 421 823 ρυιὸς
456 756 773 828 ἐυνοῦχος,
796 761 836 830 ἢ
870 761 1074 831 ἄλλως
1102 764 1377 837 ἐμπαθὴς
1409 771 1476 823 τό
1520 772 1711 843 σῶμα.

321 939 666 996 Ἀποστόλων
694 943 877 1000 κανὼν
894 945 1002 1013 κα’,
1027 946 1136 1020 κβ’,
1166 948 1267 1019 οζν,
1298 958 1379 1025 οη⁹
1417 968 1432 985 '
1484 957 1703 1013 συνόδου
1754 961 1857 1016 Νι-

255 1028 417 1091 καίας
446 1030 629 1084 κανὼν
658 1039 729 1087 α’.

315 1123 626 1191 Κείμενον.
668 1124 726 1179 '0
755 1127 1031 1194 πολιτικὸς
1063 1134 1227 1204 νόμος
1264 1138 1390 1202 τοὺς
1413 1140 1638 1207 ἑαυτοὺς
1668 1145 1700 1217 ἦ
1744 1146 1859 1202 ἑτέ-

250 1229 377 1282 ρους
414 1216 851 1287 εὐνουχίζοντας,
893 1238 1018 1277 κ.τ.
1041 1224 1089 1278 λ.
1118 1241 1292 1297 usque
1335 1230 1403 1285 ad
1438 1232 1856 1305 εὐνουχιζόντων

248 1303 376 1375 ρμβν
408 1308 599 1379 νεαρᾷ.

314 1399 354 1450 Σ
362 1402 600 1467 χολιον.
639 1400 703 1454 Ἦ
731 1408 783 1455 α’
804 1404 898 1457 καὶ
926 1406 971 1476 β’
1003 1407 1143 1465 διάτ.
1173 1410 1269 1466 τοῦ
1306 1414 1397 1485 μβ’
1429 1416 1534 1473 τίτ.
1588 1420 1682 1474 τοῦ
1706 1421 1750 1474 δ’
1776 1422 1858 1492 βι-

243 1488 395 1542 ϐλίου
448 1489 547 1543 τοῦ
606 1490 854 1558 Κώδικος
903 1498 1169 1571 ἐτέθησαν
1217 1504 1275 1557 ὲν
1339 1505 1531 1579 βλιϐίῳ
1591 1511 1702 1566 τῶν
1753 1488 1859 1566 lia-

244 1581 469 1636 σιλικῶν
522 1586 610 1650 ιθ¹,
666 1587 771 1641 τίτ.
826 1596 874 1644 α’
911 1631 924 1654 ,
982 1611 1106 1664 κεφ.
1161 1595 1356 1663 πζ’,ὃ
1420 1603 1516 1656 καὶ
1576 1603 1689 1674 ἔχει
1764 1604 1855 1659 οῦ-

241 1694 371 1739 τως⁹
422 1677 489 1731 Ἠ
545 1678 787 1749 διάταξις
846 1685 1058 1741 κελεύει
1118 1688 1258 1744 ὥστε
1311 1693 1517 1765 μηδένα
1588 1695 1857 1769 Ῥωμαῖον

1246 258 1735 326 NOMOCANON.
1768 265 1991 330 —T1T.
2022 270 2074 344 Ι,
2108 271 2266 333 CAP.
2307 272 2579 340 XI-XIV.
2984 328 2987 331 ‹

331 367 586 421 ΚΕΦΔΛ.
616 365 715 423 ll".
757 368 892 435 Πῶς
925 374 958 424 ό
984 372 1301 457 σχολάζων
1328 378 1666 447 ἐπίσκοπος
1702 383 1839 451 γίνει

2032 386 2186 444 CAP.
2227 390 2370 445 XIII.
2402 423 2473 432 —
2538 394 2815 459 Quomodo
2864 397 3143 467 episcopus
3199 402 3563 470 episcopatum

3460 286 3566 351 998

1965 495 2066 533 non
2092 481 2309 546 habens,
2342 484 2412 537 ad
2438 496 2712 541 vacantem
2736 489 3100 559 episcopatum
3136 496 3429 563 perveniat.

2033 571 2266 629 Concilii
2302 576 2631 634 Antiocheni
2662 596 2841 637 canon
2874 582 2962 638 16.

2036 663 2186 718 CAP.
2219 663 2362 721 XIV.
2389 697 2460 707 —
2489 667 2715 734 Quando
2739 675 3033 741 eunuchus,
3078 687 3170 731 aut
3216 677 3309 747 qui
3356 678 3561 750 alioqui

1962 757 2101 811 male
2159 759 2351 829 affecto
2398 778 2616 833 corpore
2666 773 2767 832 est,
2810 768 3087 838 episcopus
3122 810 3137 837 ,
3190 779 3283 824 aut
3327 771 3553 827 clericus

1963 860 2185 907 creetur.

2034 924 2422 1012 Apostolorum
2462 960 2642 1001 canon
2669 945 2764 1014 τι,
2807 946 2903 1014 22,
2929 948 3017 1015 77,
3046 948 3113 1004 78
3151 966 3166 1017 ;
3200 950 3422 1007 concilii
3458 952 3556 1007 Ni-

1971 1037 2107 1091 caeni
2152 1053 2326 1092 canon
2358 1039 2408 1094 1.

2036 1126 2249 1183 Textus.
2292 1126 2481 1185 Civilis
2514 1130 2596 1185 lex
2624 1145 2718 1187 eos
2754 1132 2847 1202 qui
2890 1133 3103 1204 seipsos
3142 1143 3238 1188 aut
3289 1136 3425 1192 alios
3459 1153 3555 1193 ca-

1962 1224 2157 1282 strant,
2202 1227 2331 1282 etc.,
2385 1234 2550 1290 usque
2599 1220 2670 1275 ad
2714 1221 2809 1293 qui
2860 1223 3144 1278 eunuchos
3194 1222 3444 1293 faciunt,
3494 1236 3554 1280 ut

1958 1323 2085 1378 pag.
2119 1307 2245 1363 505.

2033 1398 2331 1455 Scholium.
2381 1400 2572 1458 Const.
2621 1403 2647 1457 1
2698 1411 2754 1459 et
2802 1403 2858 1470 2,
2896 1406 2980 1460 tit.
3035 1407 3125 1476 42,
3169 1408 3265 1464 lib.
3323 1425 3377 1464 tv
3428 1412 3553 1466 cod.

1959 1492 2153 1561 positae
2181 1506 2309 1548 sunt
2359 1496 2413 1548 in
2457 1496 2548 1550 lib.
2584 1496 2729 1551 Basil
2774 1514 2890 1564 tux,
2928 1499 3009 1554 tit.
3044 1500 3097 1566 1,
3132 1517 3252 1570 cap.
3287 1501 3375 1566 l7,
3408 1504 3555 1573 quod

1959 1587 2027 1639 ad
2057 1587 2200 1642 hunc
2231 1589 2453 1643 modmn
2492 1590 2689 1645 habet:
2744 1590 3081 1649 Constitutio
3116 1595 3293 1664 jubet,
3328 1612 3397 1654 ne
3429 1600 3555 1669 quis

1962 1675 2245 1735 Romanus
2298 1682 2589 1738 eunuchus
2625 1683 2739 1747 ﬁat,
2790 1700 2859 1739 ne
2886 1696 3042 1739 extra
3076 1684 3387 1743 Romanum
3433 1692 3557 1759 qui-

239 1772 673 1843 εὑνουχίζεσθαι,
703 1775 839 1848 μηδὲ
868 1777 971 1843 ἔξω
1001 1778 1094 1832 τοῦ
1126 1761 1436 1852 Ῥωμαῗκοῦ
1468 1761 1719 1857 ἐδάφους,
1742 1807 1839 1862 μη-

1960 1772 2081 1826 dem
2128 1772 2354 1841 solum;
2408 1784 2463 1828 et
2508 1790 2576 1829 ne
2633 1772 2805 1848 [quis]
2855 1776 3171 1834 Romanum
3236 1782 3553 1837 eunuchum

237 1861 290 1912 δὲ
334 1862 637 1934 ἀγοράζειν
701 1866 907 1938 μηδένα
945 1869 1036 1924 τὸν
1088 1872 1509 1944 εὐνουχισθέντα
1548 1861 1843 1953 Ῥωμαῖον,

234 1952 373 2006 ἀλλὰ
402 1955 498 2007 καὶ
526 1956 619 2009 τὸν
647 1958 1059 2030 εὐνουχίσαντα,
1080 1965 1174 2017 καὶ
1191 1967 1356 2021 αὐτὸν
1378 1969 1730 2040 ἀγοράσαντα
1752 1976 1847 2029 καὶ

234 2044 322 2098 τὸν
342 2046 865 2122 συμϐολαιογράφον
889 2053 980 2107 τὸν
1004 2057 1399 2128 συγγράψαντα
1425 2063 1592 2116 αὑτοῦ
1612 2065 1671 2116 τὸ
1708 2082 1847 2138 συμ-

234 2135 479 2203 ϐὀλαιον,
513 2139 724 2194 καὶτὸν
748 2142 986 2216 τελώνην
1032 2147 1123 2200 τὸν
1162 2150 1537 2222 κομισάμενον
1593 2154 1748 2221 τέλος
1781 2135 1843 2211 ’τι

233 2227 378 2301 ὑπὲρ
406 2230 602 2284 τούτου
628 2236 1006 2306 τιμωρεῖσθαι.
1042 2237 1123 2294 Τὰ
1155 2241 1213 2295 δὲ
1245 2242 1498 2317 βάρϐαρα
1535 2247 1845 2319 ἀνδράποδα

230 2324 297 2375 τὰ
328 2324 763 2399 εύνουχιζόμενα
786 2327 988 2395 ἔξωθεν
1014 2334 1107 2386 τοῦ
1138 2333 1448 2406 Ῥωμαϊκοῦ
1488 2339 1719 2410 ἐδάφους
1750 2340 1838 2407 ἐξ·

230 2413 374 2467 έστω
410 2416 546 2470 πᾶσι
573 2419 686 2480 τοῖς
710 2419 975 2491 ἐμπόροις
1004 2423 1100 2477 καὶ
1146 2425 1441 2497 ἀγοράζειν
1479 2430 1575 2483 καὶ
1630 2432 1842 2502 πιπρά-

231 2522 407 2561 σκειν.
425 2508 536 2562 Τοῦ
563 2510 620 2564 δὲ
656 2509 749 2583 μη¹
778 2513 981 2584 βιϐλίου
1005 2516 1099 2569 τοῦ
1123 2517 1372 2586 Κώδικος
1395 2523 1422 2575 ὁ
1443 2528 1494 2592 η’
1519 2523 1695 2588 τίτλος
1725 2529 1841 2579 κεῖ-

227 2616 313 2653 ται
350 2601 412 2653 ὲν
442 2600 636 2675 βιϐλίῳ
658 2604 699 2671 ξ’
720 2604 828 2659 τῶν
850 2604 1178 2674 Βασιλικῶν,
1215 2614 1320 2667 τίτ.
1356 2612 1457 2676 λθ¹,
1481 2615 1549 2669 τὰ
1578 2615 1635 2669 δὲ
1666 2620 1842 2687 κεφά-

232 2691 365 2745 λαια
392 2692 572 2747 ταῦτα
602 2695 1051 2769 παρελείφθησαν
1074 2702 1165 2753 καὶ
1219 2702 1321 2757 οὐκ
1351 2704 1639 2777 ἐτέθησαν.
1682 2707 1747 2761 Ἠ
1785 2707 1844 2762 δὲ

230 2790 367 2854 ρμα⁹
406 2786 583 2857 νεαρὰ
630 2787 723 2840 τοῦ
767 2788 1152 2845 ’Ῑουστινιανοῦ
1190 2794 1351 2867 ἐτέθη
1384 2798 1464 2861 είς
1501 2798 1702 2869 βιϐλίον
1730 2800 1839 2855 τῶν

227 2874 543 2930 Βασιλικῶν
576 2877 640 2942 ξ’,
680 2878 858 2933 τίτλον
886 2888 987 2946 να¹,
1022 2902 1148 2954 κεφ.
1181 2886 1221 2939 δ’
1248 2904 1260 2917 ·
1285 2887 1312 2939 ὃ
1349 2889 1442 2942 καὶ
1489 2891 1600 2960 ἔχει
1630 2892 1801 2957 οὕτως
1825 2910 1840 2926 ⁸

228 2967 586 3040 Θεσπίζομεν
613 2972 670 3023 ἐν
713 2973 1013 3044 οίῳδήποτε
1072 2978 1223 3049 τόπῳ
1244 2978 1343 3049 τῆς
1371 2982 1646 3055 ἡμετέρας
1683 2985 1839 3039 πολι-

225 3061 380 3125 τείας
428 3062 766 3133 εὐνουχίζειν
833 3066 1159 3139 τολμῶντας
1197 3072 1231 3142 ἢ
1293 3073 1664 3146 τολμήσοντας
1691 3079 1835 3132 οίον-

224 3151 434 3223 δήποτε
473 3157 789 3226 πρόσωπον,
825 3160 873 3212 εἰ
921 3160 1020 3231 μὲν
1051 3160 1244 3234 ἄνδρες
1274 3163 1384 3219 εἷεν
1420 3168 1470 3220 οἱ
1519 3168 1679 3223 τοῦτο
1718 3171 1838 3224 to).-

227 3248 531 3317 μήσαντες,
574 3250 757 3321 ῆκαὶ
789 3252 1099 3323 τολμῶντες
1127 3298 1143 3323 ,
1179 3258 1345 3312 ταὺτὸ
1380 3260 1537 3315 τοῦτο
1577 3263 1772 3318 παθεῖν
1812 3264 1840 3319 ὃ

226 3341 593 3409 πεποιήκασι,
617 3344 712 3396 καὶ
753 3345 802 3397 εί
860 3348 1214 3417 περισωθείεν
1235 3393 1249 3418 ,
1292 3351 1360 3405 τὰ
1390 3354 1700 3425 πράγματα
1732 3356 1831 3410 αὑ-

223 3431 339 3484 τῶν
363 3432 445 3502 τῷ
494 3433 742 3507 δημοσίῳ
780 3440 1252 3511 προσκυροῦσοαι,
1289 3444 1378 3498 διὰ
1416 3445 1511 3499 τοῦ
1543 3449 1684 3501 κατὰ
1716 3467 1837 3503 καισ

226 3525 320 3593 ρὸν
353 3525 458 3595 τὴν
489 3527 589 3595 τῆς
621 3527 721 3600 σῆς
750 3531 1095 3604 ὲνδοξότητος
1124 3534 1379 3600 ἀνύοντος
1412 3540 1610 3609 ἀρχὴν,
1643 3540 1836 3595 κάκεί-

222 3635 335 3679 νοις
375 3620 436 3670 tv
462 3617 622 3690 γύψῳ
650 3622 989 3693 πέμπεσθαι,
1021 3626 1338 3696 ὀφείλοντας
1369 3629 1462 3684 τὸν
1485 3632 1699 3687 ἅπαντα
1736 3634 1836 3705 τῆς

224 3709 377 3780 ζωῆς
407 3711 591 3765 αὐτῶν
619 3714 811 3785 χρόνον
844 3718 961 3771 ἐκεῖ
982 3714 1142 3774 εἶναι.
1174 3721 1236 3774 Εἰ
1256 3722 1313 3775 δὲ
1356 3727 1613 3792 γυναῖκες
1641 3720 1750 3779 ε’ίεν
1774 3726 1834 3780 αἱ

221 3799 389 3854 τοῦτο
408 3801 680 3871 ποιοῦσαι,
717 3806 809 3859 καὶ
831 3807 1034 3872 ταύτας
1056 3811 1441 3882 τιμωρεῖσθαι,
1465 3816 1558 3867 καὶ
1577 3815 1643 3869 τὰ
1681 3816 1826 3885 πρά-

224 3909 427 3961 γματα
458 3895 637 3949 αὐτῶν
656 3897 741 3951 διὰ
762 3898 857 3952 τοῦ
884 3902 1023 3955 κατὰ
1049 3903 1239 3973 καιρὸν
1258 3905 1355 3977 τὴν
1385 3907 1556 3978 αὐτὴν
1576 3908 1833 3974 ἀνύοντος

219 3985 405 4057 ἀρχὴν
435 3987 515 4059 τῷ
531 3987 774 4061 δημοσίῳ
792 3994 1259 4066 προσκυροῦσθαι,
1275 4001 1368 4052 καὶ
1387 4002 1467 4064 είς
1481 4000 1693 4075 ὲξορίαν
1719 4008 1783 4059 πέ
1792 4025 1832 4078 μ

221 4079 433 4133 πεσθαι
467 4120 482 4147 ,
533 4081 625 4136 ἶνα
679 4082 739 4149 ἐξ
778 4080 847 4157 ἧς
882 4087 1145 4155 ἐνόμισαν
1195 4091 1228 4163 ἢ
1269 4093 1499 4165 ἐνόησαν
1576 4098 1833 4166 ἀσεϐείας

220 4173 423 4244 κέρδος
458 4176 645 4241 αὐτοῖς
696 4183 1006 4250 περιποιεῖν
1030 4183 1091 4247 ἐξ
1122 4184 1296 4256 αὐτῆς
1322 4189 1594 4261 τιμωρίαν
1620 4193 1712 4247 καὶ
1742 4194 1835 4248 ἔκ-

218 4278 437 4318 πτωσιν
462 4266 575 4319 τῶν
600 4266 745 4323 ἰδίων
775 4273 1123 4341 πραγμάτων
1151 4275 1451 4335 ὑποσπῶσι.
1472 4280 1611 4344 Τοὺς
1650 4283 1831 4352 μέντοι

218 4357 620 4426 ἐπι-τάξαντας,
644 4361 739 4416 καὶ
752 4363 843 4415 ἐπὶ
858 4364 1031 4436 τούτῳ
1050 4367 1338 4437 πρόσωπον
1354 4388 1431 4424 πα
1440 4372 1829 4442 ραδεδωωτας,

1960 1864 2165 1920 laetum
2220 1874 2415 1921 emat:
2480 1867 2574 1922 sed
2649 1878 2707 1922 ιιι
2763 1871 2854 1937 qui
2909 1874 3231 1928 eunuchum
3287 1873 3438 1941 fecit,
3492 1890 3558 1929 ac

1959 1960 2073 2031 ipse
2103 1969 2338 2031 emptor,
2367 1960 2535 2034 [tum]
2565 1968 2619 2016 et
2642 1962 2863 2018 tabellio
2890 1967 2982 2035 qui
3017 1967 3083 2021 de
3112 1982 3174 2023 ea
3207 1965 3314 2041 [re]
3349 1969 3556 2025 instru-

1958 2064 2207 2110 mentum
2263 2058 2615 2129 conscripsit,
2669 2068 2724 2113 et
2755 2061 3083 2129 publicanus
3130 2061 3414 2136 [denique]
3458 2065 3553 2133 qui

1959 2146 2253 2216 vectigalis
2286 2149 2494 2219 aliquid
2529 2166 2628 2220 pro
2661 2166 2727 2206 eo
2756 2153 3021 2223 suscepit,
3054 2155 3383 2224 puniantur.
3420 2154 3554 2210 Bar-

1957 2240 2092 2295 bara
2149 2257 2279 2296 vero
2331 2244 2628 2314 mancipia,
2670 2254 2825 2300 extra
2849 2244 3182 2313 ,Romanum
3232 2247 3409 2303 solum
3448 2263 3546 2303 ca-

1957 2342 2151 2400 strata,
2180 2335 2602 2409 quibusrunque
2665 2339 3096 2409 negotiatoribus
3153 2354 3341 2397 emere
3390 2342 3551 2398 liceat

1955 2438 2013 2485 et
2063 2429 2323 2485 vendere.
2371 2429 2478 2485 Tit.
2530 2446 2695 2501 porro
2725 2431 2779 2498 8,
2829 2433 2925 2486 lib.
2983 2450 3150 2488 vaut
3192 2432 3313 2505 Dig.
3357 2444 3443 2492 est
3490 2438 3548 2491 in

1952 2521 2048 2577 lib.
2079 2538 2147 2575 ιχ
2182 2519 2349 2588 Basil,
2391 2524 2475 2577 tit.
2508 2524 2596 2579 58.
2637 2522 2765 2579 Hzec
2793 2540 2925 2579 vero
2956 2527 3132 2595 capita
3160 2527 3368 2584 omissa
3395 2537 3547 2592 sunt,

1953 2623 2133 2670 etnon
2168 2616 2367 2685 posita.
2401 2615 2623 2671 Novella
2656 2626 2843 2673 autem
2872 2616 3167 2674 .lustiniani
3198 2620 3323 2687 142,
3368 2622 3547 2692 posita

1952 2716 2036 2763 est
2061 2710 2112 2765 in
2138 2708 2233 2762 lib.
2264 2706 2430 2764 Basil.
2460 2709 2547 2775 i7,
2575 2711 2656 2765 tit.
2686 2710 2775 2775 51,
2802 2728 2926 2779 cap.
2955 2712 3026 2780 4;
3058 2714 3206 2783 quod
3238 2713 3319 2769 sic
3350 2714 3544 2770 habet:

1953 2800 2268 2867 Sancimns,
2317 2801 2497 2871 utqui
2545 2802 2600 2856 in
2640 2819 2982 2876 quocunque
3071 2806 3387 2876 reipublicm
3449 2822 3548 2862 no-

1951 2907 2080 2949 strm
2111 2894 2229 2951 loco
2283 2911 2674 2967 quamcunque
2702 2912 2995 2968 personam
3046 2907 3290 2953 castrare
3331 2914 3548 2970 praesum

1950 2995 2128 3051 munt,
2182 2997 2275 3043 aut
2320 2992 2485 3044 etiam
2526 2999 3018 3061 praesumpserunt,
3089 2992 3133 3047 si
3163 2992 3383 3062 quidem
3442 2990 3544 3045 viri

1949 3088 2081 3135 sunt
2107 3080 2201 3150 qui
2230 3081 2335 3137 hoc
2364 3082 2546 3137 facere
2579 3084 3054 3154 praesumpserint,
3087 3093 3178 3139 aut
3202 3086 3365 3138 etiam
3398 3098 3542 3154 prae-

1949 3181 2199 3236 sumunt,
2254 3174 2396 3229 idem
2431 3174 2536 3229 hoc
2579 3175 2726 3246 quod
2757 3177 2880 3233 aliis
2913 3176 3181 3241 fecerunt,
3225 3186 3278 3231 et
3308 3178 3410 3248 ipsi
3441 3192 3540 3247 pa-

1952 3265 2178 3321 tiantur.
2208 3266 2271 3321 Et
2298 3268 2341 3321 si
2377 3268 2682 3325 incolumes
2702 3278 3019 3333 evaserunt,
3044 3278 3156 3325 tam
3187 3269 3329 3331 bona
3348 3284 3538 3324 eorum

1948 3359 2270 3414 addicantur
2303 3361 2454 3428 fisco,
2486 3376 2583 3430 per
2622 3379 2745 3417 eum
2801 3364 2893 3435 qui
2926 3378 3028 3434 pro
3060 3372 3308 3433 tempore
3360 3362 3538 3433 magi-

1948 3462 2181 3509 stratum
2231 3456 2347 3511 obit
2395 3457 2583 3528 gloriae
2624 3467 2730 3513 tuae
2770 3477 2781 3512 :
2814 3471 2979 3529 quam
3014 3457 3119 3529 ipsi
3167 3458 3455 3513 mittantur
3483 3456 3537 3509 in

1948 3562 2199 3617 gypsum,
2236 3549 2327 3603 ubi
2370 3551 2618 3605 locorum
2671 3566 2768 3620 per
2817 3565 2983 3606 omne
3015 3551 3138 3606 vitre
3183 3566 3297 3607 suae
3320 3559 3539 3619 tempus

1945 3657 2069 3696 esse
2099 3641 2398 3698 debebunt.
2443 3642 2541 3699 Sin
2576 3659 2708 3699 vero
2731 3644 2994 3700 mulieres
3028 3652 3159 3700 sunt
3187 3658 3311 3715 qua:
3342 3644 3395 3697 id
3413 3657 3540 3712 ege-

1947 3742 2096 3802 runt,
2129 3733 2437 3791 alliciantur
2485 3746 2540 3792 et
2580 3737 2712 3808 ipsae
2748 3738 3043 3808 supplicio,
3082 3745 3137 3792 et
3166 3737 3311 3792 bona
3344 3750 3536 3791 earum

1946 3844 2044 3899 per
2075 3844 2199 3884 eum
2245 3830 2338 3901 qui
2373 3846 2474 3901 pro
2500 3840 2745 3902 tempore
2773 3831 2916 3902 gerit
2945 3831 3325 3900 magistratum
3361 3839 3537 3892 tuum,

1946 3922 2272 3976 addicuntur
2300 3923 2455 3991 fisco,
2502 3924 2902 3994 mittanturque
2943 3923 2995 3977 in
3031 3923 3327 3987 exsilium,
3364 3929 3423 3975 ut
3471 3935 3538 3974 ex

1945 4030 2058 4083 quo
2119 4014 2363 4082 putarint
2417 4022 2513 4067 aut
2557 4014 2858 4082 cogitat-int
2910 4013 3138 4083 impium
3206 4027 3265 4067 se
3319 4011 3533 4065 lucrum

1945 4113 2321 4171 assecuturas,
2360 4121 2429 4160 ex
2462 4122 2526 4160 eo
2551 4107 2785 4176 suplicia
2814 4105 2978 4161 simul
3009 4117 3066 4159 et
3100 4105 3370 4159 bonorum
3403 4119 3536 4157 suo-

1945 4211 2068 4250 rum
2115 4195 2471 4251 amissionem
2509 4196 2845 4251 sustineant.
2884 4193 3059 4250 Porro
3090 4204 3147 4250 et
3194 4209 3291 4250 eos
3338 4193 3433 4264 qui
3466 4193 3533 4247 ad

1944 4287 2051 4341 hoc
2097 4286 2417 4340 mandatum
2460 4286 2732 4349 dederint,
2797 4286 3165 4341 obtulerintve
3246 4300 3534 4355 personas,

1944 4388 2041 4433 aut
2067 4380 2231 4433 etiam
2285 4379 2483 4434 domos
2517 4379 2603 4433 vel
2636 4379 2814 4434 locum
2852 4379 3089 4447 aliquem
3136 4377 3203 4432 ad
3247 4377 3351 4431 hoc
3396 4392 3538 4446 pra:-

217 4449 251 4518 ἢ
292 4450 394 4503 καὶ
422 4451 617 4515 οῐκοις,
648 4452 681 4524 ἢ
714 4455 880 4509 τόπον
934 4458 1057 4510 τινὰ
1087 4460 1180 4513 ἐπὶ
1213 4461 1388 4533 τούτῳ
1421 4468 1831 4537 παρεχομένους

1954 4469 2189 4533 buerint,
2219 4478 2314 4523 aut
2341 4470 2612 4539 praebent,
2649 4470 2764 4525 sive
2807 4469 2909 4523 viri
2938 4469 3052 4523 sint
3083 4468 3200 4523 sive
3245 4467 3531 4532 mulieres,

218 4542 335 4594 εἴτε
373 4545 742 4614 παρέχοντας,
779 4549 888 4602 εἴτε
917 4550 1110 4621 ἄνδρες
1144 4548 1275 4620 εἷεν,
1295 4556 1407 4609 εἴτε
1437 4560 1699 4626 γυναῖκες
1729 4563 1828 4626 τὰς

216 4635 396 4699 αὐτὰς
428 4636 726 4709 κελεύομεν
777 4643 1080 4714 ὑποστῆναι
1134 4650 1404 4719 τιμωρίας
1459 4652 1534 4713 ὡς
1580 4654 1829 4708 συνίστο-

217 4744 326 4792 ρας
359 4729 674 4799 γινομένοις
708 4733 809 4803 τῆς
860 4735 1049 4790 ἀδίκου
1081 4739 1288 4811 ταύτης
1318 4744 1593 4813 πράξεως,
1634 4748 1829 4810 αὐτοὺς

214 4820 273 4873 δὲ
308 4822 445 4883 τοὺς
473 4821 923 4893 εὐνουχισθέντας
959 4829 1131 4900 ἐχρῆν
1169 4831 1268 4901 μὲν
1313 4834 1420 4886 άπὸ
1449 4836 1831 4908 παλαιοτέρων

216 4913 457 4985 χρόνων.
486 4914 636 4985 Πλὴν
660 4916 957 4989 κελεύομεν
1010 4925 1139 4988 τοὺς
1173 4926 1282 4979 ἀπὸ
1345 4929 1445 4999 τῆς
1509 4930 1541 4983 ι’
1565 4933 1831 5003 ἐπινεμή-

216 5021 363 5070 σεως
427 5008 523 5062 τοῦ
574 5010 673 5065 νῦν
716 5013 1042 5081 ἐπελθόντος
1078 5034 1094 5050 ’
1129 5018 1336 5074 κύκλου
1380 5023 1831 5094 εὐνουχισῦέντας

216 5099 360 5170 παρ’
406 5102 724 5158 οὑτινοσοῦν
765 5106 825 5160 ὲν
851 5109 1038 5175 τόποις
1068 5094 1169 5182 τῆς
1223 5115 1503 5186 ἡμετέρας
1555 5117 1830 5182 πολιτείας

211 5191 546 5265 ἐλευθέρους
575 5192 737 5266 εἶναι,
766 5201 862 5254 καὶ
891 5204 1035 5258 κατὰ
1060 5207 1267 5276 μηδένα
1304 5209 1505 5278 τρόπον
1541 5210 1574 5282 ἦ
1626 5212 1832 5284 οίονδήο

216 5299 358 5336 ποτε
400 5282 541 5350 εἶδος
572 5289 1023 5363 συναλλάγματος
1054 5298 1134 5360 εἰς
1159 5297 1405 5352 δουλείαν
1443 5301 1830 5369 καθέλκεσοαι,

215 5374 360 5446 μηδὲ
393 5378 721 5448 συμϐόλαιον
760 5384 847 5436 ἐπ’
887 5388 1072 5450 αὐτοῖς
1102 5390 1359 5459 ἀγοραῖον
1385 5432 1400 5457 ,
1459 5393 1491 5457 ἢ
1549 5393 1832 5465 ἱδιόχειρον

213 5467 352 5521 καθ’
388 5470 707 5543 οῑονδήποτε
736 5475 997 5549 τρόπονῆ
1036 5482 1178 5534 κατὰ
1214 5482 1499 5553 περίνοιαν
1538 5485 1828 5556 γινόμενον

210 5556 248 5627 ἢ
288 5561 656 5631 γενησόμενον
691 5569 953 5633 κρατεῖν,
1008 5570 1146 5623 ἀλλὰ
1202 5574 1333 5646 μηδὲ
1382 5575 1479 5638 τὰς
1536 5574 1833 5646 λεγομένας

211 5650 542 5720 ἀνακρίσεις
560 5656 653 5709 ἐπὶ
673 5658 937 5723 τοιούτοις
964 5663 1212 5730 γίνεσθαι
1232 5666 1548 5739 προσώποις
1565 5669 1597 5741 ἢ
1619 5669 1834 5741 γινομέ-

214 5758 325 5805 νας
354 5750 591 5815 κρατεῖν.
632 5750 792 5807 Ἀλλὰ
825 5753 920 5806 καὶ
943 5756 1303 5827 πάνταςζτοὺς
1330 5760 1607 5827 τοιούτους
1640 5763 1835 5819 συναλ-

1938 4563 2125 4617 eadem
2153 4562 2343 4617 subire
2370 4562 2638 4633 supplicia
2662 4562 2922 4633 iubemus
2945 4579 2957 4615 :
2984 4570 3174 4631 utpote
3197 4559 3293 4631 qui
3316 4560 3534 4628 injustre

1937 4656 2101 4726 hujus
2132 4656 2367 4711 actionis
2407 4666 2575 4712 testes
2605 4657 2731 4712 facti
2785 4664 2933 4712 sunt.
2991 4652 3193 4711 Verum
3231 4655 3382 4725 ipsos
3436 4668 3529 4707 ca-

1933 4760 2136 4803 stratos
2165 4751 2381 4804 tametsi
2416 4765 2443 4802 a
2477 4749 2874 4805 vetustioribus
2919 4749 3260 4818 temporibus
3326 4746 3529 4825 liberos

1932 4857 2053 4896 esse
2082 4842 2409 4911 oportebat:
2442 4841 2704 4908 iubemus
2738 4852 2943 4906 tamen,
2982 4849 3041 4894 ut
3071 4840 3164 4910 qui
3194 4839 3307 4908 jam
3338 4837 3465 4890 imle
3493 4851 3523 4888 a

1932 4934 2143 4988 decima
2180 4934 2480 4989 indictione
2508 4934 2757 4990 ineuntis
2783 4934 2973 4989 circuli
3010 4947 3104 5000 per
3140 4942 3528 5000 quemcunque

1934 5026 1987 5078 in
2016 5027 2021 5039 '
2047 5026 2183 5080 locis
2226 5035 2426 5080 nostra!
2464 5028 2777 5096 reipublica:
2827 5026 3050 5081 castrati
3082 5024 3324 5089 fuerunt,
3369 5021 3525 5075 liberi

1933 5118 2081 5172 sint:
2113 5133 2294 5187 neque
2324 5119 2434 5173 ullo
2463 5118 2644 5182 modo,
2675 5129 2770 5173 aut
2811 5118 3011 5188 quovis
3036 5129 3235 5187 genere
3299 5122 3526 5167 contra-

1934 5219 2056 5265 ctus
2092 5211 2146 5265 in
2184 5212 2508 5266 servitutem
2543 5213 2923 5266 retrahantur:
2950 5225 3130 5280 neque
3155 5209 3286 5262 item
3322 5207 3528 5261 instru-

1937 5312 2177 5357 mentum
2216 5306 2281 5357 de
2315 5304 2449 5374 ipsis
2493 5305 2578 5359 vel
2635 5304 2940 5373 publicum,
2987 5304 3071 5356 vel
3118 5301 3329 5370 privata
3363 5313 3526 5352 manu

1935 5397 2329 5467 conscriptum,
2382 5412 2714 5467 quocunque
2765 5396 2981 5451 tandem
3042 5394 3229 5455 modo,
3283 5401 3378 5446 aut
3430 5406 3527 5461 per

1935 5485 2185 5542 fraudem
2239 5486 2468 5554 factum,
2500 5497 2596 5542 aut
2641 5487 2905 5552 tiendum,
2940 5486 3138 5540 valeat.
3189 5481 3295 5538 Sed
3348 5496 3527 5551 neque

1938 5579 2250 5647 inquirendi
2289 5582 2504 5636 illorum
2532 5591 2711 5637 status
2758 5596 2926 5636 causa
2962 5579 3303 5649 cognitiones
3334 5619 3348 5641 ,
3402 5590 3525 5644 qua:

1937 5673 2259 5746 ἀνακρίσεις
2287 5675 2565 5740 dicuntur,
2597 5674 2665 5728 de
2708 5671 3022 5727 istiusmodi
3057 5670 3309 5743 personis
3352 5668 3524 5722 inter-

1944 5780 2241 5840 ponantur,
2292 5776 2387 5824 aut
2427 5766 2763 5839 interposita:
2800 5766 3033 5823 valeant.
3079 5765 3184 5823 Sed
3239 5771 3291 5820 ct
3331 5775 3527 5818 omnes
