  <div class='ocr_page' id='page_1' title='image "/cluster/home/n/w/nwhite01/storage/ocr_20150623/104 pt.4/mdp.39015061931229/509.png"; bbox 0 0 3916 6244; ppageno 0'>
   <div class='ocr_carea' id='block_1_1' title="bbox 389 270 496 335">
    <p class='ocr_par' dir='ltr' id='par_1_1' title="bbox 389 270 496 335">
     <span class='ocr_line' id='line_1_1' title="bbox 389 270 496 335; baseline -0.028 0"><span class='ocrx_word' id='word_1_1' title='bbox 389 270 496 335; x_wconf 82' lang='lat'><strong>999</strong></span> 
     </span>
    </p>
   </div>
   <div class='ocr_carea' id='block_1_2' title="bbox 1551 260 2510 326">
    <p class='ocr_par' dir='ltr' id='par_1_2' title="bbox 1551 260 2510 326">
     <span class='ocr_line' id='line_1_2' title="bbox 1551 260 2510 326; baseline -0.003 0"><span class='ocrx_word' id='word_1_2' title='bbox 1551 263 1817 326; x_wconf 84' lang='lat' dir='ltr'><strong>PHOTII</strong></span> <span class='ocrx_word' id='word_1_3' title='bbox 1850 260 2360 324; x_wconf 62' lang='lat' dir='ltr'><strong>PATRIARCHIE</strong></span> <span class='ocrx_word' id='word_1_4' title='bbox 2396 262 2510 324; x_wconf 90' lang='lat' dir='ltr'><strong>CP.</strong></span> 
     </span>
    </p>
   </div>
   <div class='ocr_carea' id='block_1_3' title="bbox 3542 260 3656 331">
    <p class='ocr_par' dir='ltr' id='par_1_3' title="bbox 3542 260 3656 331">
     <span class='ocr_line' id='line_1_3' title="bbox 3542 260 3656 331; baseline 0.044 -5"><span class='ocrx_word' id='word_1_5' title='bbox 3542 260 3656 331; x_wconf 82' lang='lat'><strong>1000</strong></span> 
     </span>
    </p>
   </div>
   <div class='ocr_carea' id='block_1_4' title="bbox 388 367 1993 451">
    <p class='ocr_par' dir='ltr' id='par_1_4' title="bbox 388 376 1973 451">
     <span class='ocr_line' id='line_1_4' title="bbox 388 376 1973 451; baseline -0.005 -13"><span class='ocrx_word' id='word_1_6' title='bbox 388 397 484 438; x_wconf 91' lang='lat' dir='ltr'><strong>eos</strong></span> <span class='ocrx_word' id='word_1_7' title='bbox 521 380 617 451; x_wconf 85' lang='lat' dir='ltr'><strong>qui</strong></span> <span class='ocrx_word' id='word_1_8' title='bbox 676 379 771 435; x_wconf 89' lang='lat' dir='ltr'><strong>tali</strong></span> <span class='ocrx_word' id='word_1_9' title='bbox 811 376 1119 434; x_wconf 82' lang='lat' dir='ltr'><strong>contractui</strong></span> <span class='ocrx_word' id='word_1_10' title='bbox 1167 376 1222 431; x_wconf 90' lang='lat' dir='ltr'><strong>in</strong></span> <span class='ocrx_word' id='word_1_11' title='bbox 1274 385 1553 447; x_wconf 90' lang='lat' dir='ltr'><strong>posterum</strong></span> <span class='ocrx_word' id='word_1_12' title='bbox 1605 378 1973 433; x_wconf 76' lang='lat' dir='ltr'><strong>ministerium</strong></span> 
     </span>
    </p>
   </div>
   <div class='ocr_carea' id='block_1_5' title="bbox 2116 367 3652 451">
    <p class='ocr_par' dir='ltr' id='par_1_5' title="bbox 2116 367 3652 445">
     <span class='ocr_line' id='line_1_5' title="bbox 2116 367 3652 445; baseline -0.007 -16"><span class='ocrx_word' id='word_1_13' title='bbox 2116 375 2323 445; x_wconf 80' lang='grc' dir='ltr'>άγμασι</span> <span class='ocrx_word' id='word_1_14' title='bbox 2345 376 2406 427; x_wconf 87' lang='grc' dir='ltr'><strong>τὸ</strong></span> <span class='ocrx_word' id='word_1_15' title='bbox 2434 372 2622 427; x_wconf 81' lang='grc' dir='ltr'>λοιπὸν</span> <span class='ocrx_word' id='word_1_16' title='bbox 2639 367 3187 442; x_wconf 76' lang='grc' dir='ltr'>ὑπουργοῦντας,τὰς</span> <span class='ocrx_word' id='word_1_17' title='bbox 3206 369 3460 442; x_wconf 81' lang='grc' dir='ltr'><strong>ἀνωτέρω</strong></span> <span class='ocrx_word' id='word_1_18' title='bbox 3492 374 3652 429; x_wconf 72' lang='grc' dir='ltr'>κελεύ.</span> 
     </span>
    </p>
   </div>
   <div class='ocr_carea' id='block_1_6' title="bbox 388 469 1987 543">
    <p class='ocr_par' dir='ltr' id='par_1_6' title="bbox 388 469 1987 543">
     <span class='ocr_line' id='line_1_6' title="bbox 388 469 1987 543; baseline 0 -17"><span class='ocrx_word' id='word_1_19' title='bbox 388 473 654 543; x_wconf 82' lang='lat' dir='ltr'><strong>praebent,</strong></span> <span class='ocrx_word' id='word_1_20' title='bbox 700 471 954 542; x_wconf 83' lang='lat' dir='ltr'><strong>superius</strong></span> <span class='ocrx_word' id='word_1_21' title='bbox 985 470 1218 526; x_wconf 86' lang='lat' dir='ltr'><strong>traditas</strong></span> <span class='ocrx_word' id='word_1_22' title='bbox 1261 469 1450 525; x_wconf 89' lang='lat' dir='ltr'><strong>subire</strong></span> <span class='ocrx_word' id='word_1_23' title='bbox 1477 484 1671 540; x_wconf 78' lang='lat' dir='ltr'><strong>poenas</strong></span> <span class='ocrx_word' id='word_1_24' title='bbox 1704 469 1987 541; x_wconf 86' lang='lat' dir='ltr'><strong>jubemus.</strong></span> 
     </span>
    </p>
   </div>
   <div class='ocr_carea' id='block_1_7' title="bbox 394 564 1987 633">
    <p class='ocr_par' dir='ltr' id='par_1_7' title="bbox 394 564 1987 633">
     <span class='ocr_line' id='line_1_7' title="bbox 394 564 1987 633; baseline -0.004 -10"><span class='ocrx_word' id='word_1_25' title='bbox 394 566 668 623; x_wconf 65' lang='lat' dir='ltr'><strong>Prmterea</strong></span> <span class='ocrx_word' id='word_1_26' title='bbox 717 566 763 621; x_wconf 92' lang='lat' dir='ltr'><strong>si</strong></span> <span class='ocrx_word' id='word_1_27' title='bbox 804 564 1119 629; x_wconf 87' lang='lat' dir='ltr'><strong>usuveniat,</strong></span> <span class='ocrx_word' id='word_1_28' title='bbox 1153 571 1213 618; x_wconf 93' lang='lat' dir='ltr'><strong>ut</strong></span> <span class='ocrx_word' id='word_1_29' title='bbox 1240 576 1435 617; x_wconf 88' lang='lat' dir='ltr'><strong>servus</strong></span> <span class='ocrx_word' id='word_1_30' title='bbox 1478 572 1704 633; x_wconf 93' lang='lat' dir='ltr'><strong>propter</strong></span> <span class='ocrx_word' id='word_1_31' title='bbox 1732 564 1987 618; x_wconf 87' lang='lat' dir='ltr'><strong>morbum</strong></span> 
     </span>
    </p>
   </div>
   <div class='ocr_carea' id='block_1_8' title="bbox 394 654 1989 727">
    <p class='ocr_par' dir='ltr' id='par_1_8' title="bbox 394 654 1989 727">
     <span class='ocr_line' id='line_1_8' title="bbox 394 654 1989 727; baseline -0.004 -12"><span class='ocrx_word' id='word_1_32' title='bbox 394 667 666 716; x_wconf 86' lang='lat' dir='ltr'><strong>castretur</strong></span> <span class='ocrx_word' id='word_1_33' title='bbox 691 698 706 723; x_wconf 94' lang='lat'><strong>,</strong></span> <span class='ocrx_word' id='word_1_34' title='bbox 749 656 1033 727; x_wconf 86' lang='lat' dir='ltr'><strong>jubemus,</strong></span> <span class='ocrx_word' id='word_1_35' title='bbox 1061 663 1119 709; x_wconf 94' lang='lat' dir='ltr'><strong>ut</strong></span> <span class='ocrx_word' id='word_1_36' title='bbox 1144 663 1198 709; x_wconf 92' lang='lat' dir='ltr'><strong>et</strong></span> <span class='ocrx_word' id='word_1_37' title='bbox 1228 654 1317 708; x_wconf 91' lang='lat' dir='ltr'><strong>ille</strong></span> <span class='ocrx_word' id='word_1_38' title='bbox 1354 654 1660 709; x_wconf 89' lang='lat' dir='ltr'><strong>libertatem</strong></span> <span class='ocrx_word' id='word_1_39' title='bbox 1696 656 1989 711; x_wconf 89' lang='lat' dir='ltr'><strong>nancisca-</strong></span> 
     </span>
    </p>
   </div>
   <div class='ocr_carea' id='block_1_9' title="bbox 394 745 1992 816">
    <p class='ocr_par' dir='ltr' id='par_1_9' title="bbox 394 745 1992 816">
     <span class='ocr_line' id='line_1_9' title="bbox 394 745 1992 816; baseline -0.002 -11"><span class='ocrx_word' id='word_1_40' title='bbox 394 761 504 806; x_wconf 90' lang='lat' dir='ltr'><strong>tur.</strong></span> <span class='ocrx_word' id='word_1_41' title='bbox 529 749 634 816; x_wconf 85' lang='lat' dir='ltr'><strong>Qui</strong></span> <span class='ocrx_word' id='word_1_42' title='bbox 687 749 835 804; x_wconf 91' lang='lat' dir='ltr'><strong>enim</strong></span> <span class='ocrx_word' id='word_1_43' title='bbox 872 748 941 802; x_wconf 85' lang='lat' dir='ltr'><strong>ab</strong></span> <span class='ocrx_word' id='word_1_44' title='bbox 979 747 1133 803; x_wconf 88' lang='lat' dir='ltr'><strong>initio</strong></span> <span class='ocrx_word' id='word_1_45' title='bbox 1158 746 1313 800; x_wconf 87' lang='lat' dir='ltr'><strong>liberi</strong></span> <span class='ocrx_word' id='word_1_46' title='bbox 1345 755 1495 812; x_wconf 86' lang='lat' dir='ltr'><strong>sunt,</strong></span> <span class='ocrx_word' id='word_1_47' title='bbox 1523 747 1568 801; x_wconf 92' lang='lat' dir='ltr'><strong>si</strong></span> <span class='ocrx_word' id='word_1_48' title='bbox 1613 745 1754 801; x_wconf 83' lang='lat' dir='ltr'><strong>forte</strong></span> <span class='ocrx_word' id='word_1_49' title='bbox 1801 748 1852 801; x_wconf 88' lang='lat' dir='ltr'><strong>in</strong></span> <span class='ocrx_word' id='word_1_50' title='bbox 1888 748 1992 803; x_wconf 84' lang='lat' dir='ltr'><strong>huc</strong></span> 
     </span>
    </p>
   </div>
   <div class='ocr_carea' id='block_1_10' title="bbox 392 840 1993 915">
    <p class='ocr_par' dir='ltr' id='par_1_10' title="bbox 392 840 1993 915">
     <span class='ocr_line' id='line_1_10' title="bbox 392 840 1993 915; baseline -0.002 -16"><span class='ocrx_word' id='word_1_51' title='bbox 392 859 569 915; x_wconf 78' lang='lat' dir='ltr'><strong>genus</strong></span> <span class='ocrx_word' id='word_1_52' title='bbox 605 842 784 897; x_wconf 87' lang='lat' dir='ltr'><strong>morbi</strong></span> <span class='ocrx_word' id='word_1_53' title='bbox 839 841 1112 906; x_wconf 88' lang='lat' dir='ltr'><strong>incidunt,</strong></span> <span class='ocrx_word' id='word_1_54' title='bbox 1155 840 1239 893; x_wconf 89' lang='lat' dir='ltr'><strong>sui</strong></span> <span class='ocrx_word' id='word_1_55' title='bbox 1276 848 1605 909; x_wconf 82' lang='lat' dir='ltr'><strong>potestatem</strong></span> <span class='ocrx_word' id='word_1_56' title='bbox 1656 840 1885 907; x_wconf 82' lang='lat' dir='ltr'><strong>habent,</strong></span> <span class='ocrx_word' id='word_1_57' title='bbox 1933 850 1993 895; x_wconf 89' lang='lat' dir='ltr'><strong>ut</strong></span> 
     </span>
    </p>
   </div>
   <div class='ocr_carea' id='block_1_11' title="bbox 392 930 1991 1006">
    <p class='ocr_par' dir='ltr' id='par_1_11' title="bbox 392 930 1991 1006">
     <span class='ocr_line' id='line_1_11' title="bbox 392 930 1991 1006; baseline -0.001 -17"><span class='ocrx_word' id='word_1_58' title='bbox 392 934 542 1006; x_wconf 88' lang='lat' dir='ltr'><strong>quod</strong></span> <span class='ocrx_word' id='word_1_59' title='bbox 595 935 788 998; x_wconf 88' lang='lat' dir='ltr'><strong>velint,</strong></span> <span class='ocrx_word' id='word_1_60' title='bbox 843 933 946 988; x_wconf 86' lang='lat' dir='ltr'><strong>sibi</strong></span> <span class='ocrx_word' id='word_1_61' title='bbox 992 932 1296 987; x_wconf 82' lang='lat' dir='ltr'><strong>remedium</strong></span> <span class='ocrx_word' id='word_1_62' title='bbox 1343 931 1662 986; x_wconf 89' lang='lat' dir='ltr'><strong>adhibeant.</strong></span> <span class='ocrx_word' id='word_1_63' title='bbox 1724 930 1991 988; x_wconf 80' lang='lat' dir='ltr'><strong>anemns</strong></span> 
     </span>
    </p>
   </div>
   <div class='ocr_carea' id='block_1_12' title="bbox 397 1019 1988 1095">
    <p class='ocr_par' dir='ltr' id='par_1_12' title="bbox 397 1019 1988 1095">
     <span class='ocr_line' id='line_1_12' title="bbox 397 1019 1988 1095; baseline -0.002 -17"><span class='ocrx_word' id='word_1_64' title='bbox 397 1024 585 1095; x_wconf 82' lang='lat' dir='ltr'><strong>igitur,</strong></span> <span class='ocrx_word' id='word_1_65' title='bbox 643 1032 704 1076; x_wconf 87' lang='lat' dir='ltr'><strong>ut</strong></span> <span class='ocrx_word' id='word_1_66' title='bbox 757 1023 811 1075; x_wconf 91' lang='lat' dir='ltr'><strong>in</strong></span> <span class='ocrx_word' id='word_1_67' title='bbox 857 1030 1048 1077; x_wconf 86' lang='lat' dir='ltr'><strong>nostra</strong></span> <span class='ocrx_word' id='word_1_68' title='bbox 1094 1020 1372 1089; x_wconf 83' lang='lat' dir='ltr'><strong>republica</strong></span> <span class='ocrx_word' id='word_1_69' title='bbox 1410 1019 1635 1074; x_wconf 82' lang='lat' dir='ltr'><strong>castrati</strong></span> <span class='ocrx_word' id='word_1_70' title='bbox 1661 1020 1774 1090; x_wconf 84' lang='lat' dir='ltr'><strong>jam</strong></span> <span class='ocrx_word' id='word_1_71' title='bbox 1807 1020 1931 1075; x_wconf 91' lang='lat' dir='ltr'><strong>inde</strong></span> <span class='ocrx_word' id='word_1_72' title='bbox 1959 1036 1988 1075; x_wconf 90' lang='lat' dir='ltr'><strong>a</strong></span> 
     </span>
    </p>
   </div>
   <div class='ocr_carea' id='block_1_13' title="bbox 394 1115 1989 1186">
    <p class='ocr_par' dir='ltr' id='par_1_13' title="bbox 394 1115 1989 1186">
     <span class='ocr_line' id='line_1_13' title="bbox 394 1115 1989 1186; baseline -0.003 -14"><span class='ocrx_word' id='word_1_73' title='bbox 394 1125 705 1173; x_wconf 87' lang='lat' dir='ltr'><strong>memorato</strong></span> <span class='ocrx_word' id='word_1_74' title='bbox 758 1126 1024 1184; x_wconf 89' lang='lat' dir='ltr'><strong>tempore,</strong></span> <span class='ocrx_word' id='word_1_75' title='bbox 1068 1115 1211 1186; x_wconf 86' lang='lat' dir='ltr'><strong>apud</strong></span> <span class='ocrx_word' id='word_1_76' title='bbox 1263 1129 1653 1184; x_wconf 86' lang='lat' dir='ltr'><strong>quamcunque</strong></span> <span class='ocrx_word' id='word_1_77' title='bbox 1696 1128 1989 1184; x_wconf 85' lang='lat' dir='ltr'><strong>personam</strong></span> 
     </span>
    </p>
   </div>
   <div class='ocr_carea' id='block_1_14' title="bbox 397 1206 1991 1280">
    <p class='ocr_par' dir='ltr' id='par_1_14' title="bbox 397 1206 1991 1280">
     <span class='ocr_line' id='line_1_14' title="bbox 397 1206 1991 1280; baseline -0.003 -15"><span class='ocrx_word' id='word_1_78' title='bbox 397 1210 533 1277; x_wconf 86' lang='lat' dir='ltr'><strong>sint,</strong></span> <span class='ocrx_word' id='word_1_79' title='bbox 576 1209 990 1280; x_wconf 87' lang='lat' dir='ltr'><strong>perquirantur,</strong></span> <span class='ocrx_word' id='word_1_80' title='bbox 1041 1218 1095 1262; x_wconf 92' lang='lat' dir='ltr'><strong>et</strong></span> <span class='ocrx_word' id='word_1_81' title='bbox 1134 1207 1290 1263; x_wconf 83' lang='lat' dir='ltr'><strong>liberi</strong></span> <span class='ocrx_word' id='word_1_82' title='bbox 1346 1206 1478 1273; x_wconf 88' lang='lat' dir='ltr'><strong>sint,</strong></span> <span class='ocrx_word' id='word_1_83' title='bbox 1520 1222 1697 1277; x_wconf 89' lang='lat' dir='ltr'><strong>neque</strong></span> <span class='ocrx_word' id='word_1_84' title='bbox 1746 1222 1991 1278; x_wconf 89' lang='lat' dir='ltr'><strong>unquam</strong></span> 
     </span>
    </p>
   </div>
   <div class='ocr_carea' id='block_1_15' title="bbox 395 1301 1992 1373">
    <p class='ocr_par' dir='ltr' id='par_1_15' title="bbox 395 1301 1992 1373">
     <span class='ocr_line' id='line_1_15' title="bbox 395 1301 1992 1373; baseline -0.002 -14"><span class='ocrx_word' id='word_1_85' title='bbox 395 1304 451 1359; x_wconf 91' lang='lat' dir='ltr'><strong>in</strong></span> <span class='ocrx_word' id='word_1_86' title='bbox 485 1306 804 1360; x_wconf 80' lang='lat' dir='ltr'><strong>servitutem</strong></span> <span class='ocrx_word' id='word_1_87' title='bbox 856 1304 1231 1358; x_wconf 74' lang='lat' dir='ltr'><strong>retrahuntur.</strong></span> <span class='ocrx_word' id='word_1_88' title='bbox 1278 1301 1549 1357; x_wconf 65' lang='lat' dir='ltr'><strong>Caeterum</strong></span> <span class='ocrx_word' id='word_1_89' title='bbox 1580 1304 1624 1357; x_wconf 91' lang='lat' dir='ltr'><strong>si</strong></span> <span class='ocrx_word' id='word_1_90' title='bbox 1655 1303 1750 1373; x_wconf 91' lang='lat' dir='ltr'><strong>qui</strong></span> <span class='ocrx_word' id='word_1_91' title='bbox 1801 1318 1992 1357; x_wconf 91' lang='lat' dir='ltr'><strong>eorum</strong></span> 
     </span>
    </p>
   </div>
   <div class='ocr_carea' id='block_1_16' title="bbox 394 1394 1992 1468">
    <p class='ocr_par' dir='ltr' id='par_1_16' title="bbox 394 1394 1992 1468">
     <span class='ocr_line' id='line_1_16' title="bbox 394 1394 1992 1468; baseline -0.003 -16"><span class='ocrx_word' id='word_1_92' title='bbox 394 1406 523 1468; x_wconf 89' lang='lat' dir='ltr'><strong>post</strong></span> <span class='ocrx_word' id='word_1_93' title='bbox 553 1407 877 1467; x_wconf 61' lang='lat' dir='ltr'><strong>praesentem</strong></span> <span class='ocrx_word' id='word_1_94' title='bbox 929 1405 1173 1451; x_wconf 88' lang='lat' dir='ltr'><strong>nostram</strong></span> <span class='ocrx_word' id='word_1_95' title='bbox 1235 1396 1411 1467; x_wconf 78' lang='lat' dir='ltr'><strong>legem</strong></span> <span class='ocrx_word' id='word_1_96' title='bbox 1457 1394 1669 1465; x_wconf 87' lang='lat' dir='ltr'><strong>aliquos</strong></span> <span class='ocrx_word' id='word_1_97' title='bbox 1715 1394 1992 1449; x_wconf 87' lang='lat' dir='ltr'><strong>destinere</strong></span> 
     </span>
    </p>
   </div>
   <div class='ocr_carea' id='block_1_17' title="bbox 397 1487 1992 1561">
    <p class='ocr_par' dir='ltr' id='par_1_17' title="bbox 397 1487 1992 1561">
     <span class='ocr_line' id='line_1_17' title="bbox 397 1487 1992 1561; baseline -0.001 -17"><span class='ocrx_word' id='word_1_98' title='bbox 397 1490 540 1561; x_wconf 89' lang='lat' dir='ltr'><strong>apud</strong></span> <span class='ocrx_word' id='word_1_99' title='bbox 564 1505 623 1546; x_wconf 83' lang='lat' dir='ltr'><strong>se</strong></span> <span class='ocrx_word' id='word_1_100' title='bbox 644 1499 917 1545; x_wconf 81' lang='lat' dir='ltr'><strong>castratos</strong></span> <span class='ocrx_word' id='word_1_101' title='bbox 939 1488 1391 1560; x_wconf 62' lang='lat' dir='ltr'><strong>prasumpserint</strong></span> <span class='ocrx_word' id='word_1_102' title='bbox 1412 1529 1428 1554; x_wconf 88' lang='lat'><strong>,</strong></span> <span class='ocrx_word' id='word_1_103' title='bbox 1453 1488 1650 1543; x_wconf 89' lang='lat' dir='ltr'><strong>damus</strong></span> <span class='ocrx_word' id='word_1_104' title='bbox 1670 1488 1836 1543; x_wconf 86' lang='lat' dir='ltr'><strong>etiam</strong></span> <span class='ocrx_word' id='word_1_105' title='bbox 1858 1487 1992 1557; x_wconf 88' lang='lat' dir='ltr'><strong>ipsis</strong></span> 
     </span>
    </p>
   </div>
   <div class='ocr_carea' id='block_1_18' title="bbox 395 1582 1993 1652">
    <p class='ocr_par' dir='ltr' id='par_1_18' title="bbox 395 1582 1993 1652">
     <span class='ocr_line' id='line_1_18' title="bbox 395 1582 1993 1652; baseline -0.004 -12"><span class='ocrx_word' id='word_1_106' title='bbox 395 1585 652 1640; x_wconf 73' lang='lat' dir='ltr'><strong>cnstratis</strong></span> <span class='ocrx_word' id='word_1_107' title='bbox 685 1584 991 1649; x_wconf 82' lang='lat' dir='ltr'><strong>licentiam,</strong></span> <span class='ocrx_word' id='word_1_108' title='bbox 1022 1583 1285 1637; x_wconf 91' lang='lat' dir='ltr'><strong>nimirum</strong></span> <span class='ocrx_word' id='word_1_109' title='bbox 1310 1582 1403 1652; x_wconf 93' lang='lat' dir='ltr'><strong>qui</strong></span> <span class='ocrx_word' id='word_1_110' title='bbox 1433 1583 1603 1637; x_wconf 89' lang='lat' dir='ltr'><strong>semel</strong></span> <span class='ocrx_word' id='word_1_111' title='bbox 1622 1597 1689 1637; x_wconf 78' lang='lat' dir='ltr'><strong>ex</strong></span> <span class='ocrx_word' id='word_1_112' title='bbox 1725 1589 1993 1651; x_wconf 72' lang='lat' dir='ltr'><strong>praesente</strong></span> 
     </span>
    </p>
   </div>
   <div class='ocr_carea' id='block_1_19' title="bbox 397 1675 1992 1748">
    <p class='ocr_par' dir='ltr' id='par_1_19' title="bbox 397 1675 1992 1748">
     <span class='ocr_line' id='line_1_19' title="bbox 397 1675 1992 1748; baseline -0.002 -15"><span class='ocrx_word' id='word_1_113' title='bbox 397 1685 590 1733; x_wconf 83' lang='lat' dir='ltr'><strong>nostra</strong></span> <span class='ocrx_word' id='word_1_114' title='bbox 614 1677 731 1748; x_wconf 80' lang='lat' dir='ltr'><strong>lege</strong></span> <span class='ocrx_word' id='word_1_115' title='bbox 767 1677 1073 1732; x_wconf 78' lang='lat' dir='ltr'><strong>libertatem</strong></span> <span class='ocrx_word' id='word_1_116' title='bbox 1105 1676 1535 1747; x_wconf 89' lang='lat' dir='ltr'><strong>promeruerint,</strong></span> <span class='ocrx_word' id='word_1_117' title='bbox 1568 1684 1628 1730; x_wconf 89' lang='lat' dir='ltr'><strong>ut</strong></span> <span class='ocrx_word' id='word_1_118' title='bbox 1652 1675 1742 1731; x_wconf 87' lang='lat' dir='ltr'><strong>hic</strong></span> <span class='ocrx_word' id='word_1_119' title='bbox 1772 1676 1992 1747; x_wconf 88' lang='lat' dir='ltr'><strong>quidem</strong></span> 
     </span>
    </p>
   </div>
   <div class='ocr_carea' id='block_1_20' title="bbox 396 1769 1991 1840">
    <p class='ocr_par' dir='ltr' id='par_1_20' title="bbox 396 1769 1991 1840">
     <span class='ocr_line' id='line_1_20' title="bbox 396 1769 1991 1840; baseline 0.001 -17"><span class='ocrx_word' id='word_1_120' title='bbox 396 1770 741 1839; x_wconf 87' lang='lat' dir='ltr'><strong>majestatem</strong></span> <span class='ocrx_word' id='word_1_121' title='bbox 800 1770 1235 1840; x_wconf 82' lang='lat' dir='ltr'><strong>imperatoriam,</strong></span> <span class='ocrx_word' id='word_1_122' title='bbox 1296 1778 1350 1825; x_wconf 93' lang='lat' dir='ltr'><strong>et</strong></span> <span class='ocrx_word' id='word_1_123' title='bbox 1411 1769 1823 1824; x_wconf 85' lang='lat' dir='ltr'><strong>sanetissimum</strong></span> <span class='ocrx_word' id='word_1_124' title='bbox 1886 1785 1991 1840; x_wconf 88' lang='lat' dir='ltr'><strong>pro</strong></span> 
     </span>
    </p>
   </div>
   <div class='ocr_carea' id='block_1_21' title="bbox 399 1860 1990 1932">
    <p class='ocr_par' dir='ltr' id='par_1_21' title="bbox 399 1860 1990 1932">
     <span class='ocr_line' id='line_1_21' title="bbox 399 1860 1990 1932; baseline -0.001 -15"><span class='ocrx_word' id='word_1_125' title='bbox 399 1873 651 1932; x_wconf 84' lang='lat' dir='ltr'><strong>tempore</strong></span> <span class='ocrx_word' id='word_1_126' title='bbox 680 1862 1054 1931; x_wconf 76' lang='lat' dir='ltr'><strong>pulriarchum</strong></span> <span class='ocrx_word' id='word_1_127' title='bbox 1086 1863 1304 1929; x_wconf 82' lang='lat' dir='ltr'><strong>adeant,</strong></span> <span class='ocrx_word' id='word_1_128' title='bbox 1344 1876 1519 1931; x_wconf 82' lang='lat' dir='ltr'><strong>neque</strong></span> <span class='ocrx_word' id='word_1_129' title='bbox 1555 1876 1664 1916; x_wconf 91' lang='lat' dir='ltr'><strong>non</strong></span> <span class='ocrx_word' id='word_1_130' title='bbox 1690 1860 1833 1930; x_wconf 87' lang='lat' dir='ltr'><strong>apud</strong></span> <span class='ocrx_word' id='word_1_131' title='bbox 1874 1861 1990 1931; x_wconf 76' lang='lat' dir='ltr'><strong>glo-</strong></span> 
     </span>
    </p>
   </div>
   <div class='ocr_carea' id='block_1_22' title="bbox 400 1953 1992 2025">
    <p class='ocr_par' dir='ltr' id='par_1_22' title="bbox 400 1953 1992 2025">
     <span class='ocr_line' id='line_1_22' title="bbox 400 1953 1992 2025; baseline -0.002 -15"><span class='ocrx_word' id='word_1_132' title='bbox 400 1956 737 2011; x_wconf 89' lang='lat' dir='ltr'><strong>riosissimos</strong></span> <span class='ocrx_word' id='word_1_133' title='bbox 784 1955 1001 2025; x_wconf 90' lang='lat' dir='ltr'><strong>imperii</strong></span> <span class='ocrx_word' id='word_1_134' title='bbox 1053 1954 1225 2009; x_wconf 79' lang='lat' dir='ltr'><strong>nostri</strong></span> <span class='ocrx_word' id='word_1_135' title='bbox 1263 1968 1518 2025; x_wconf 87' lang='lat' dir='ltr'><strong>proceres</strong></span> <span class='ocrx_word' id='word_1_136' title='bbox 1572 1953 1893 2007; x_wconf 82' lang='lat' dir='ltr'><strong>relationem</strong></span> <span class='ocrx_word' id='word_1_137' title='bbox 1930 1968 1992 2009; x_wconf 84' lang='lat' dir='ltr'><strong>ea</strong></span> 
     </span>
    </p>
   </div>
   <div class='ocr_carea' id='block_1_23' title="bbox 399 2045 1998 2117">
    <p class='ocr_par' dir='ltr' id='par_1_23' title="bbox 399 2045 1998 2117">
     <span class='ocr_line' id='line_1_23' title="bbox 399 2045 1998 2117; baseline -0.001 -16"><span class='ocrx_word' id='word_1_138' title='bbox 399 2046 470 2102; x_wconf 88' lang='lat' dir='ltr'><strong>de</strong></span> <span class='ocrx_word' id='word_1_139' title='bbox 512 2063 569 2101; x_wconf 90' lang='lat' dir='ltr'><strong>rc</strong></span> <span class='ocrx_word' id='word_1_140' title='bbox 597 2048 922 2103; x_wconf 86' lang='lat' dir='ltr'><strong>instituant:</strong></span> <span class='ocrx_word' id='word_1_141' title='bbox 957 2047 1011 2101; x_wconf 92' lang='lat' dir='ltr'><strong>in</strong></span> <span class='ocrx_word' id='word_1_142' title='bbox 1046 2046 1347 2117; x_wconf 90' lang='lat' dir='ltr'><strong>provinciis</strong></span> <span class='ocrx_word' id='word_1_143' title='bbox 1394 2060 1547 2112; x_wconf 89' lang='lat' dir='ltr'><strong>vero,</strong></span> <span class='ocrx_word' id='word_1_144' title='bbox 1589 2045 1734 2115; x_wconf 88' lang='lat' dir='ltr'><strong>apud</strong></span> <span class='ocrx_word' id='word_1_145' title='bbox 1779 2045 1998 2117; x_wconf 82' lang='lat' dir='ltr'><strong>religio-</strong></span> 
     </span>
    </p>
   </div>
   <div class='ocr_carea' id='block_1_24' title="bbox 400 2136 1991 2207">
    <p class='ocr_par' dir='ltr' id='par_1_24' title="bbox 400 2136 1991 2207">
     <span class='ocr_line' id='line_1_24' title="bbox 400 2136 1991 2207; baseline -0.001 -15"><span class='ocrx_word' id='word_1_146' title='bbox 400 2139 658 2193; x_wconf 89' lang='lat' dir='ltr'><strong>sissimos</strong></span> <span class='ocrx_word' id='word_1_147' title='bbox 704 2139 949 2191; x_wconf 88' lang='lat' dir='ltr'><strong>locorum</strong></span> <span class='ocrx_word' id='word_1_148' title='bbox 981 2139 1296 2207; x_wconf 85' lang='lat' dir='ltr'><strong>episcopos,</strong></span> <span class='ocrx_word' id='word_1_149' title='bbox 1347 2147 1401 2192; x_wconf 90' lang='lat' dir='ltr'><strong>et</strong></span> <span class='ocrx_word' id='word_1_150' title='bbox 1440 2136 1639 2192; x_wconf 89' lang='lat' dir='ltr'><strong>borum</strong></span> <span class='ocrx_word' id='word_1_151' title='bbox 1693 2137 1991 2207; x_wconf 79' lang='lat' dir='ltr'><strong>praesides:</strong></span> 
     </span>
    </p>
   </div>
   <div class='ocr_carea' id='block_1_25' title="bbox 400 2228 1994 2300">
    <p class='ocr_par' dir='ltr' id='par_1_25' title="bbox 400 2228 1994 2300">
     <span class='ocr_line' id='line_1_25' title="bbox 400 2228 1994 2300; baseline -0.001 -16"><span class='ocrx_word' id='word_1_152' title='bbox 400 2245 510 2299; x_wconf 90' lang='lat' dir='ltr'><strong>quo</strong></span> <span class='ocrx_word' id='word_1_153' title='bbox 544 2230 772 2284; x_wconf 81' lang='lat' dir='ltr'><strong>omnino</strong></span> <span class='ocrx_word' id='word_1_154' title='bbox 825 2228 1166 2300; x_wconf 84' lang='lat' dir='ltr'><strong>providentia</strong></span> <span class='ocrx_word' id='word_1_155' title='bbox 1202 2239 1516 2285; x_wconf 90' lang='lat' dir='ltr'><strong>nostrorum</strong></span> <span class='ocrx_word' id='word_1_156' title='bbox 1553 2229 1994 2297; x_wconf 82' lang='lat' dir='ltr'><strong>magistratuum,</strong></span> 
     </span>
    </p>
   </div>
   <div class='ocr_carea' id='block_1_26' title="bbox 398 2322 1995 2394">
    <p class='ocr_par' dir='ltr' id='par_1_26' title="bbox 398 2322 1995 2394">
     <span class='ocr_line' id='line_1_26' title="bbox 398 2322 1995 2394; baseline 0.001 -16"><span class='ocrx_word' id='word_1_157' title='bbox 398 2333 453 2378; x_wconf 90' lang='lat' dir='ltr'><strong>ct</strong></span> <span class='ocrx_word' id='word_1_158' title='bbox 480 2323 726 2394; x_wconf 86' lang='lat' dir='ltr'><strong>periculo</strong></span> <span class='ocrx_word' id='word_1_159' title='bbox 776 2323 1272 2393; x_wconf 82' lang='lat' dir='ltr'><strong>obtemperantium</strong></span> <span class='ocrx_word' id='word_1_160' title='bbox 1321 2322 1457 2392; x_wconf 83' lang='lat' dir='ltr'><strong>ipsis</strong></span> <span class='ocrx_word' id='word_1_161' title='bbox 1488 2322 1801 2378; x_wconf 85' lang='lat' dir='ltr'><strong>cohortium</strong></span> <span class='ocrx_word' id='word_1_162' title='bbox 1855 2322 1995 2393; x_wconf 88' lang='lat' dir='ltr'><strong>(sive</strong></span> 
     </span>
    </p>
   </div>
   <div class='ocr_carea' id='block_1_27' title="bbox 397 2412 1995 2485">
    <p class='ocr_par' dir='ltr' id='par_1_27' title="bbox 397 2412 1995 2485">
     <span class='ocr_line' id='line_1_27' title="bbox 397 2412 1995 2485; baseline 0.001 -15"><span class='ocrx_word' id='word_1_163' title='bbox 397 2412 897 2484; x_wconf 86' lang='lat' dir='ltr'><strong>Censtantinopoli,</strong></span> <span class='ocrx_word' id='word_1_164' title='bbox 935 2415 1051 2470; x_wconf 86' lang='lat' dir='ltr'><strong>sive</strong></span> <span class='ocrx_word' id='word_1_165' title='bbox 1094 2414 1451 2485; x_wconf 86' lang='lat' dir='ltr'><strong>alibicunque</strong></span> <span class='ocrx_word' id='word_1_166' title='bbox 1488 2414 1736 2470; x_wconf 88' lang='lat' dir='ltr'><strong>locorum</strong></span> <span class='ocrx_word' id='word_1_167' title='bbox 1790 2425 1995 2471; x_wconf 66' lang='lat' dir='ltr'><strong>nostra:</strong></span> 
     </span>
    </p>
   </div>
   <div class='ocr_carea' id='block_1_28' title="bbox 396 2505 1992 2577">
    <p class='ocr_par' dir='ltr' id='par_1_28' title="bbox 396 2505 1992 2577">
     <span class='ocr_line' id='line_1_28' title="bbox 396 2505 1992 2577; baseline 0.001 -17"><span class='ocrx_word' id='word_1_168' title='bbox 396 2505 737 2577; x_wconf 64' lang='lat' dir='ltr'><strong>reipublicae)</strong></span> <span class='ocrx_word' id='word_1_169' title='bbox 790 2507 876 2562; x_wconf 91' lang='lat' dir='ltr'><strong>his</strong></span> <span class='ocrx_word' id='word_1_170' title='bbox 909 2507 1214 2563; x_wconf 88' lang='lat' dir='ltr'><strong>secundum</strong></span> <span class='ocrx_word' id='word_1_171' title='bbox 1257 2508 1565 2563; x_wconf 80' lang='lat' dir='ltr'><strong>libertatem</strong></span> <span class='ocrx_word' id='word_1_172' title='bbox 1615 2507 1818 2563; x_wconf 85' lang='lat' dir='ltr'><strong>dentur</strong></span> <span class='ocrx_word' id='word_1_173' title='bbox 1871 2508 1992 2562; x_wconf 87' lang='lat' dir='ltr'><strong>vin-</strong></span> 
     </span>
    </p>
   </div>
   <div class='ocr_carea' id='block_1_29' title="bbox 398 2599 1994 2673">
    <p class='ocr_par' dir='ltr' id='par_1_29' title="bbox 398 2599 1994 2673">
     <span class='ocr_line' id='line_1_29' title="bbox 398 2599 1994 2673; baseline 0.002 -20"><span class='ocrx_word' id='word_1_174' title='bbox 398 2599 578 2664; x_wconf 71' lang='lat' dir='ltr'><strong>diciae,</strong></span> <span class='ocrx_word' id='word_1_175' title='bbox 609 2599 940 2670; x_wconf 86' lang='lat' dir='ltr'><strong>libertasque</strong></span> <span class='ocrx_word' id='word_1_176' title='bbox 966 2616 1033 2656; x_wconf 81' lang='lat' dir='ltr'><strong>ex</strong></span> <span class='ocrx_word' id='word_1_177' title='bbox 1056 2613 1327 2672; x_wconf 69' lang='lat' dir='ltr'><strong>praesente</strong></span> <span class='ocrx_word' id='word_1_178' title='bbox 1352 2612 1542 2658; x_wconf 88' lang='lat' dir='ltr'><strong>nostra</strong></span> <span class='ocrx_word' id='word_1_179' title='bbox 1566 2602 1687 2673; x_wconf 79' lang='lat' dir='ltr'><strong>lege</strong></span> <span class='ocrx_word' id='word_1_180' title='bbox 1715 2602 1851 2673; x_wconf 77' lang='lat' dir='ltr'><strong>ipsis</strong></span> <span class='ocrx_word' id='word_1_181' title='bbox 1879 2602 1994 2657; x_wconf 87' lang='lat' dir='ltr'><strong>lar-</strong></span> 
     </span>
    </p>
   </div>
   <div class='ocr_carea' id='block_1_30' title="bbox 402 2691 1993 2763">
    <p class='ocr_par' dir='ltr' id='par_1_30' title="bbox 402 2691 1993 2763">
     <span class='ocr_line' id='line_1_30' title="bbox 402 2691 1993 2763; baseline 0 -19"><span class='ocrx_word' id='word_1_182' title='bbox 402 2692 512 2763; x_wconf 80' lang='lat' dir='ltr'><strong>gita</strong></span> <span class='ocrx_word' id='word_1_183' title='bbox 570 2703 952 2750; x_wconf 83' lang='lat' dir='ltr'><strong>conservetur.</strong></span> <span class='ocrx_word' id='word_1_184' title='bbox 1006 2691 1143 2748; x_wconf 84' lang='lat' dir='ltr'><strong>Nam</strong></span> <span class='ocrx_word' id='word_1_185' title='bbox 1204 2702 1285 2749; x_wconf 89' lang='lat' dir='ltr'><strong>tot</strong></span> <span class='ocrx_word' id='word_1_186' title='bbox 1342 2697 1518 2750; x_wconf 77' lang='lat' dir='ltr'><strong>caedes</strong></span> <span class='ocrx_word' id='word_1_187' title='bbox 1565 2694 1993 2750; x_wconf 61' lang='lat' dir='ltr'><strong>conniventibus</strong></span> 
     </span>
    </p>
   </div>
   <div class='ocr_carea' id='block_1_31' title="bbox 399 2786 1995 2859">
    <p class='ocr_par' dir='ltr' id='par_1_31' title="bbox 399 2786 1995 2859">
     <span class='ocr_line' id='line_1_31' title="bbox 399 2786 1995 2859; baseline 0.001 -20"><span class='ocrx_word' id='word_1_188' title='bbox 399 2786 576 2842; x_wconf 90' lang='lat' dir='ltr'><strong>oculis</strong></span> <span class='ocrx_word' id='word_1_189' title='bbox 609 2786 860 2857; x_wconf 87' lang='lat' dir='ltr'><strong>accipere</strong></span> <span class='ocrx_word' id='word_1_190' title='bbox 890 2801 984 2856; x_wconf 90' lang='lat' dir='ltr'><strong>per</strong></span> <span class='ocrx_word' id='word_1_191' title='bbox 1013 2802 1241 2843; x_wconf 88' lang='lat' dir='ltr'><strong>causam</strong></span> <span class='ocrx_word' id='word_1_192' title='bbox 1273 2802 1463 2843; x_wconf 89' lang='lat' dir='ltr'><strong>eorum</strong></span> <span class='ocrx_word' id='word_1_193' title='bbox 1494 2787 1588 2858; x_wconf 90' lang='lat' dir='ltr'><strong>qni</strong></span> <span class='ocrx_word' id='word_1_194' title='bbox 1621 2787 1751 2843; x_wconf 87' lang='lat' dir='ltr'><strong>talia</strong></span> <span class='ocrx_word' id='word_1_195' title='bbox 1781 2802 1995 2859; x_wconf 79' lang='lat' dir='ltr'><strong>praesu-</strong></span> 
     </span>
    </p>
   </div>
   <div class='ocr_carea' id='block_1_32' title="bbox 398 2880 1996 2952">
    <p class='ocr_par' dir='ltr' id='par_1_32' title="bbox 398 2880 1996 2952">
     <span class='ocr_line' id='line_1_32' title="bbox 398 2880 1996 2952; baseline 0.002 -21"><span class='ocrx_word' id='word_1_196' title='bbox 398 2888 578 2945; x_wconf 87' lang='lat' dir='ltr'><strong>munt,</strong></span> <span class='ocrx_word' id='word_1_197' title='bbox 616 2880 670 2934; x_wconf 91' lang='lat' dir='ltr'><strong>in</strong></span> <span class='ocrx_word' id='word_1_198' title='bbox 728 2890 917 2936; x_wconf 84' lang='lat' dir='ltr'><strong>nostra</strong></span> <span class='ocrx_word' id='word_1_199' title='bbox 960 2882 1263 2952; x_wconf 82' lang='lat' dir='ltr'><strong>republica.</strong></span> <span class='ocrx_word' id='word_1_200' title='bbox 1310 2882 1635 2952; x_wconf 85' lang='lat' dir='ltr'><strong>neutiquam</strong></span> <span class='ocrx_word' id='word_1_201' title='bbox 1670 2881 1996 2938; x_wconf 87' lang='lat' dir='ltr'><strong>sustinueri-</strong></span> 
     </span>
    </p>
   </div>
   <div class='ocr_carea' id='block_1_33' title="bbox 2092 461 3655 539">
    <p class='ocr_par' dir='ltr' id='par_1_33' title="bbox 2092 461 3655 539">
     <span class='ocr_line' id='line_1_33' title="bbox 2092 461 3655 539; baseline 0.001 -18"><span class='ocrx_word' id='word_1_202' title='bbox 2092 484 2225 537; x_wconf 88' lang='grc' dir='ltr'>ομεν</span> <span class='ocrx_word' id='word_1_203' title='bbox 2258 466 2561 539; x_wconf 79' lang='grc' dir='ltr'><strong>εἰρημένας</strong></span> <span class='ocrx_word' id='word_1_204' title='bbox 2577 463 3127 534; x_wconf 62' lang='grc' dir='ltr'>ὑποστῆναιῐποινάς.ξ</span> <span class='ocrx_word' id='word_1_205' title='bbox 3153 461 3217 517; x_wconf 74' lang='lat' dir='ltr'><strong>Ei</strong></span> <span class='ocrx_word' id='word_1_206' title='bbox 3249 462 3433 533; x_wconf 82' lang='grc' dir='ltr'>μέντοι</span> <span class='ocrx_word' id='word_1_207' title='bbox 3464 463 3543 519; x_wconf 77' lang='grc' dir='ltr'><strong>διά</strong></span> <span class='ocrx_word' id='word_1_208' title='bbox 3568 470 3655 522; x_wconf 83' lang='grc' dir='ltr'>πά·</span> 
     </span>
    </p>
   </div>
   <div class='ocr_carea' id='block_1_34' title="bbox 2095 558 3659 634">
    <p class='ocr_par' dir='ltr' id='par_1_34' title="bbox 2095 558 3659 634">
     <span class='ocr_line' id='line_1_34' title="bbox 2095 558 3659 634; baseline 0 -18"><span class='ocrx_word' id='word_1_209' title='bbox 2095 562 2189 626; x_wconf 88' lang='grc' dir='ltr'><strong>θος</strong></span> <span class='ocrx_word' id='word_1_210' title='bbox 2225 562 2411 634; x_wconf 77' lang='grc' dir='ltr'>συμϐῇ</span> <span class='ocrx_word' id='word_1_211' title='bbox 2438 560 2625 615; x_wconf 83' lang='grc' dir='ltr'>δοῦλον</span> <span class='ocrx_word' id='word_1_212' title='bbox 2679 558 3096 630; x_wconf 82' lang='grc' dir='ltr'>εὐνουχισθῆναι</span> <span class='ocrx_word' id='word_1_213' title='bbox 3118 599 3132 622; x_wconf 88' lang='grc'><strong>,</strong></span> <span class='ocrx_word' id='word_1_214' title='bbox 3166 559 3421 614; x_wconf 84' lang='grc' dir='ltr'>κάκεῖνον</span> <span class='ocrx_word' id='word_1_215' title='bbox 3466 559 3659 617; x_wconf 82' lang='grc' dir='ltr'>κελεύο-</span> 
     </span>
    </p>
   </div>
   <div class='ocr_carea' id='block_1_35' title="bbox 2098 650 3662 727">
    <p class='ocr_par' dir='ltr' id='par_1_35' title="bbox 2098 650 3662 727">
     <span class='ocr_line' id='line_1_35' title="bbox 2098 650 3662 727; baseline -0.002 -16"><span class='ocrx_word' id='word_1_216' title='bbox 2098 674 2198 726; x_wconf 89' lang='grc' dir='ltr'>μεν</span> <span class='ocrx_word' id='word_1_217' title='bbox 2221 659 2320 727; x_wconf 80' lang='grc' dir='ltr'>τῆς</span> <span class='ocrx_word' id='word_1_218' title='bbox 2353 654 2671 726; x_wconf 75' lang='grc' dir='ltr'><strong>ἐλευθερίας</strong></span> <span class='ocrx_word' id='word_1_219' title='bbox 2693 652 3003 724; x_wconf 82' lang='grc' dir='ltr'>τυγχάνειν.</span> <span class='ocrx_word' id='word_1_220' title='bbox 3034 653 3098 705; x_wconf 81' lang='lat' dir='ltr'><strong>Ol</strong></span> <span class='ocrx_word' id='word_1_221' title='bbox 3123 650 3231 721; x_wconf 80' lang='grc' dir='ltr'>γὰρ</span> <span class='ocrx_word' id='word_1_222' title='bbox 3258 651 3509 722; x_wconf 67' lang='grc' dir='ltr'>ἐξξάρχῆς</span> <span class='ocrx_word' id='word_1_223' title='bbox 3533 654 3662 721; x_wconf 78' lang='grc' dir='ltr'>ὅντες</span> 
     </span>
    </p>
   </div>
   <div class='ocr_carea' id='block_1_36' title="bbox 2092 745 3663 821">
    <p class='ocr_par' dir='ltr' id='par_1_36' title="bbox 2092 745 3663 821">
     <span class='ocr_line' id='line_1_36' title="bbox 2092 745 3663 821; baseline 0.001 -19"><span class='ocrx_word' id='word_1_224' title='bbox 2092 749 2367 821; x_wconf 77' lang='grc' dir='ltr'>ἐλεύθεροι</span> <span class='ocrx_word' id='word_1_225' title='bbox 2395 748 2557 802; x_wconf 90' lang='grc' dir='ltr'>πάθει</span> <span class='ocrx_word' id='word_1_226' title='bbox 2581 748 2657 811; x_wconf 85' lang='grc' dir='ltr'>ὡς</span> <span class='ocrx_word' id='word_1_227' title='bbox 2682 746 2830 810; x_wconf 74' lang='grc' dir='ltr'>εἰκὸς</span> <span class='ocrx_word' id='word_1_228' title='bbox 2859 745 3087 817; x_wconf 79' lang='grc' dir='ltr'><strong>τοιούτῳ</strong></span> <span class='ocrx_word' id='word_1_229' title='bbox 3120 746 3532 816; x_wconf 69' lang='grc' dir='ltr'>περιπίπτοντες</span> <span class='ocrx_word' id='word_1_230' title='bbox 3556 750 3663 803; x_wconf 87' lang='grc' dir='ltr'>ἐαυ-</span> 
     </span>
    </p>
   </div>
   <div class='ocr_carea' id='block_1_37' title="bbox 2093 835 3663 910">
    <p class='ocr_par' dir='ltr' id='par_1_37' title="bbox 2093 835 3663 910">
     <span class='ocr_line' id='line_1_37' title="bbox 2093 835 3663 910; baseline 0 -17"><span class='ocrx_word' id='word_1_231' title='bbox 2093 841 2200 893; x_wconf 82' lang='grc' dir='ltr'><strong>τῶν</strong></span> <span class='ocrx_word' id='word_1_232' title='bbox 2225 840 2441 910; x_wconf 77' lang='grc' dir='ltr'>ἔχουσιν</span> <span class='ocrx_word' id='word_1_233' title='bbox 2473 838 2721 906; x_wconf 77' lang='grc' dir='ltr'><strong>ἐξουσίαν</strong></span> <span class='ocrx_word' id='word_1_234' title='bbox 2748 836 2816 909; x_wconf 79' lang='grc' dir='ltr'><strong>ἡν</strong></span> <span class='ocrx_word' id='word_1_235' title='bbox 2850 836 2918 890; x_wconf 87' lang='grc' dir='ltr'>ἂν</span> <span class='ocrx_word' id='word_1_236' title='bbox 2953 835 3150 889; x_wconf 77' lang='grc' dir='ltr'><strong>θέλωσι</strong></span> <span class='ocrx_word' id='word_1_237' title='bbox 3208 836 3501 908; x_wconf 80' lang='grc' dir='ltr'>θεραπείαν</span> <span class='ocrx_word' id='word_1_238' title='bbox 3551 840 3663 893; x_wconf 83' lang='grc' dir='ltr'>ἐαυ-</span> 
     </span>
    </p>
   </div>
   <div class='ocr_carea' id='block_1_38' title="bbox 2093 929 3664 1005">
    <p class='ocr_par' dir='ltr' id='par_1_38' title="bbox 2093 929 3664 1005">
     <span class='ocr_line' id='line_1_38' title="bbox 2093 929 3664 1005; baseline -0.001 -18"><span class='ocrx_word' id='word_1_239' title='bbox 2093 936 2206 997; x_wconf 82' lang='grc' dir='ltr'>τοῖς</span> <span class='ocrx_word' id='word_1_240' title='bbox 2260 933 2596 1005; x_wconf 80' lang='grc' dir='ltr'>προσάγειν.</span> <span class='ocrx_word' id='word_1_241' title='bbox 2636 931 2777 994; x_wconf 75' lang='grc' dir='ltr'>Τοὺς</span> <span class='ocrx_word' id='word_1_242' title='bbox 2843 929 3293 1000; x_wconf 83' lang='grc' dir='ltr'>εὐνουχισθέντας</span> <span class='ocrx_word' id='word_1_243' title='bbox 3346 930 3518 1003; x_wconf 78' lang='grc' dir='ltr'>τοίνυν</span> <span class='ocrx_word' id='word_1_244' title='bbox 3569 933 3664 986; x_wconf 74' lang='grc' dir='ltr'>ἀπὸ</span> 
     </span>
    </p>
   </div>
   <div class='ocr_carea' id='block_1_39' title="bbox 2095 1020 3665 1094">
    <p class='ocr_par' dir='ltr' id='par_1_39' title="bbox 2095 1020 3665 1094">
     <span class='ocr_line' id='line_1_39' title="bbox 2095 1020 3665 1094; baseline -0.001 -17"><span class='ocrx_word' id='word_1_245' title='bbox 2095 1023 2191 1077; x_wconf 81' lang='grc' dir='ltr'>τοῦ</span> <span class='ocrx_word' id='word_1_246' title='bbox 2223 1021 2692 1094; x_wconf 82' lang='grc' dir='ltr'>μνημονευθέντος</span> <span class='ocrx_word' id='word_1_247' title='bbox 2714 1020 2909 1091; x_wconf 88' lang='grc' dir='ltr'>χρόνου</span> <span class='ocrx_word' id='word_1_248' title='bbox 2941 1021 3001 1073; x_wconf 85' lang='grc' dir='ltr'><strong>ἐν</strong></span> <span class='ocrx_word' id='word_1_249' title='bbox 3034 1023 3100 1092; x_wconf 84' lang='grc' dir='ltr'>τῇ</span> <span class='ocrx_word' id='word_1_250' title='bbox 3135 1021 3165 1090; x_wconf 94' lang='grc' dir='ltr'><strong>ἡ</strong></span> <span class='ocrx_word' id='word_1_251' title='bbox 3177 1020 3384 1091; x_wconf 73' lang='grc' dir='ltr'>μετέρᾳ</span> <span class='ocrx_word' id='word_1_252' title='bbox 3440 1020 3665 1094; x_wconf 73' lang='grc' dir='ltr'>πολιτείᾳ</span> 
     </span>
    </p>
   </div>
   <div class='ocr_carea' id='block_1_40' title="bbox 2097 1112 3670 1188">
    <p class='ocr_par' dir='ltr' id='par_1_40' title="bbox 2097 1112 3670 1188">
     <span class='ocr_line' id='line_1_40' title="bbox 2097 1112 3670 1188; baseline 0.022 -26"><span class='ocrx_word' id='word_1_253' title='bbox 2097 1116 2231 1188; x_wconf 79' lang='grc' dir='ltr'>παρ’</span> <span class='ocrx_word' id='word_1_254' title='bbox 2257 1115 2559 1187; x_wconf 81' lang='grc' dir='ltr'>οίῳδὴποτε</span> <span class='ocrx_word' id='word_1_255' title='bbox 2584 1114 2864 1187; x_wconf 77' lang='grc' dir='ltr'>προσώπῳ</span> <span class='ocrx_word' id='word_1_256' title='bbox 2898 1112 3059 1177; x_wconf 71' lang='grc' dir='ltr'>ὄντας</span> <span class='ocrx_word' id='word_1_257' title='bbox 3090 1113 3389 1185; x_wconf 69' lang='grc' dir='ltr'>κελεύομεν</span> <span class='ocrx_word' id='word_1_258' title='bbox 3416 1112 3670 1186; x_wconf 64' lang='grc' dir='ltr'><strong>ἀναζητη”</strong></span> 
     </span>
    </p>
   </div>
   <div class='ocr_carea' id='block_1_41' title="bbox 2095 1202 3672 1281">
    <p class='ocr_par' dir='ltr' id='par_1_41' title="bbox 2095 1202 3672 1281">
     <span class='ocr_line' id='line_1_41' title="bbox 2095 1202 3672 1281; baseline -0.003 -17"><span class='ocrx_word' id='word_1_259' title='bbox 2095 1209 2386 1281; x_wconf 74' lang='grc' dir='ltr'>θῆναι,καὶ</span> <span class='ocrx_word' id='word_1_260' title='bbox 2411 1208 2736 1280; x_wconf 86' lang='grc' dir='ltr'>ἐλευθέρους</span> <span class='ocrx_word' id='word_1_261' title='bbox 2763 1202 2902 1261; x_wconf 76' lang='grc' dir='ltr'>εἷναι</span> <span class='ocrx_word' id='word_1_262' title='bbox 2926 1208 3020 1261; x_wconf 78' lang='grc' dir='ltr'>καὶ</span> <span class='ocrx_word' id='word_1_263' title='bbox 3052 1206 3326 1279; x_wconf 87' lang='grc' dir='ltr'>μηδέποτε</span> <span class='ocrx_word' id='word_1_264' title='bbox 3347 1207 3428 1270; x_wconf 86' lang='grc' dir='ltr'><strong>είς</strong></span> <span class='ocrx_word' id='word_1_265' title='bbox 3450 1206 3672 1260; x_wconf 79' lang='grc' dir='ltr'>δουλείαν</span> 
     </span>
    </p>
   </div>
   <div class='ocr_carea' id='block_1_42' title="bbox 2094 1298 3675 1372">
    <p class='ocr_par' dir='ltr' id='par_1_42' title="bbox 2094 1298 3675 1372">
     <span class='ocr_line' id='line_1_42' title="bbox 2094 1298 3675 1372; baseline -0.002 -16"><span class='ocrx_word' id='word_1_266' title='bbox 2094 1303 2319 1368; x_wconf 87' lang='grc' dir='ltr'>τούτους</span> <span class='ocrx_word' id='word_1_267' title='bbox 2362 1301 2745 1357; x_wconf 87' lang='grc' dir='ltr'>καθέλκεσθαι.</span> <span class='ocrx_word' id='word_1_268' title='bbox 2786 1300 2849 1354; x_wconf 84' lang='grc' dir='ltr'>Εἰ</span> <span class='ocrx_word' id='word_1_269' title='bbox 2882 1300 3067 1372; x_wconf 90' lang='grc' dir='ltr'>μέντοι</span> <span class='ocrx_word' id='word_1_270' title='bbox 3094 1298 3433 1372; x_wconf 69' lang='grc' dir='ltr'>θαρρήσουσι</span> <span class='ocrx_word' id='word_1_271' title='bbox 3458 1316 3593 1363; x_wconf 89' lang='grc' dir='ltr'>τινες</span> <span class='ocrx_word' id='word_1_272' title='bbox 3623 1299 3675 1366; x_wconf 81' lang='grc' dir='ltr'>ἐξ</span> 
     </span>
    </p>
   </div>
   <div class='ocr_carea' id='block_1_43' title="bbox 2095 1392 3674 1467">
    <p class='ocr_par' dir='ltr' id='par_1_43' title="bbox 2095 1392 3674 1467">
     <span class='ocr_line' id='line_1_43' title="bbox 2095 1392 3674 1467; baseline -0.002 -16"><span class='ocrx_word' id='word_1_273' title='bbox 2095 1397 2278 1452; x_wconf 83' lang='grc' dir='ltr'>αὐτῶν</span> <span class='ocrx_word' id='word_1_274' title='bbox 2326 1397 2437 1450; x_wconf 79' lang='grc' dir='ltr'>τῶν</span> <span class='ocrx_word' id='word_1_275' title='bbox 2462 1395 2945 1467; x_wconf 87' lang='grc' dir='ltr'>εύνουχισθέντων,</span> <span class='ocrx_word' id='word_1_276' title='bbox 2980 1396 3135 1459; x_wconf 85' lang='grc' dir='ltr'>τινὰς</span> <span class='ocrx_word' id='word_1_277' title='bbox 3166 1395 3305 1464; x_wconf 75' lang='grc' dir='ltr'>μετὰ</span> <span class='ocrx_word' id='word_1_278' title='bbox 3324 1392 3416 1447; x_wconf 79' lang='grc' dir='ltr'>τὸν</span> <span class='ocrx_word' id='word_1_279' title='bbox 3450 1394 3674 1465; x_wconf 84' lang='grc' dir='ltr'>παρόντα</span> 
     </span>
    </p>
   </div>
   <div class='ocr_carea' id='block_1_44' title="bbox 2094 1487 3678 1562">
    <p class='ocr_par' dir='ltr' id='par_1_44' title="bbox 2094 1487 3678 1562">
     <span class='ocr_line' id='line_1_44' title="bbox 2094 1487 3678 1562; baseline -0.004 -17"><span class='ocrx_word' id='word_1_280' title='bbox 2094 1491 2252 1562; x_wconf 83' lang='grc' dir='ltr'>ἡμῶν</span> <span class='ocrx_word' id='word_1_281' title='bbox 2274 1491 2524 1560; x_wconf 86' lang='grc' dir='ltr'>ἐπισχεῖν</span> <span class='ocrx_word' id='word_1_282' title='bbox 2550 1489 2736 1560; x_wconf 83' lang='grc' dir='ltr'>νόμον,</span> <span class='ocrx_word' id='word_1_283' title='bbox 2763 1489 3019 1559; x_wconf 81' lang='grc' dir='ltr'>διδόαμεν</span> <span class='ocrx_word' id='word_1_284' title='bbox 3047 1488 3231 1543; x_wconf 78' lang='grc' dir='ltr'>ἄδειαν</span> <span class='ocrx_word' id='word_1_285' title='bbox 3258 1489 3488 1551; x_wconf 76' lang='grc' dir='ltr'>καὶτοῖς</span> <span class='ocrx_word' id='word_1_286' title='bbox 3515 1487 3678 1541; x_wconf 74' lang='grc' dir='ltr'>εὐνου-</span> 
     </span>
    </p>
   </div>
   <div class='ocr_carea' id='block_1_45' title="bbox 2096 1579 3674 1657">
    <p class='ocr_par' dir='ltr' id='par_1_45' title="bbox 2096 1579 3674 1657">
     <span class='ocr_line' id='line_1_45' title="bbox 2096 1579 3674 1657; baseline -0.005 -18"><span class='ocrx_word' id='word_1_287' title='bbox 2096 1585 2331 1657; x_wconf 87' lang='grc' dir='ltr'>χισθεῖσι</span> <span class='ocrx_word' id='word_1_288' title='bbox 2377 1585 2563 1648; x_wconf 82' lang='grc' dir='ltr'>αὐτοῖς</span> <span class='ocrx_word' id='word_1_289' title='bbox 2609 1585 2685 1648; x_wconf 83' lang='grc' dir='ltr'><strong>ὡς</strong></span> <span class='ocrx_word' id='word_1_290' title='bbox 2728 1582 2879 1648; x_wconf 80' lang='grc' dir='ltr'>ἅπαξ</span> <span class='ocrx_word' id='word_1_291' title='bbox 2911 1581 3228 1655; x_wconf 79' lang='grc' dir='ltr'>ἐλευθερίας</span> <span class='ocrx_word' id='word_1_292' title='bbox 3253 1582 3318 1634; x_wconf 85' lang='grc' dir='ltr'><strong>ἐκ</strong></span> <span class='ocrx_word' id='word_1_293' title='bbox 3348 1579 3447 1635; x_wconf 80' lang='grc' dir='ltr'>τοῦ</span> <span class='ocrx_word' id='word_1_294' title='bbox 3481 1581 3674 1650; x_wconf 81' lang='grc' dir='ltr'>παρόν-</span> 
     </span>
    </p>
   </div>
   <div class='ocr_carea' id='block_1_46' title="bbox 2102 1672 3679 1749">
    <p class='ocr_par' dir='ltr' id='par_1_46' title="bbox 2102 1672 3679 1749">
     <span class='ocr_line' id='line_1_46' title="bbox 2102 1672 3679 1749; baseline -0.004 -18"><span class='ocrx_word' id='word_1_295' title='bbox 2102 1695 2193 1741; x_wconf 89' lang='grc' dir='ltr'><strong>τος</strong></span> <span class='ocrx_word' id='word_1_296' title='bbox 2224 1676 2384 1749; x_wconf 84' lang='grc' dir='ltr'>ἡμῶν</span> <span class='ocrx_word' id='word_1_297' title='bbox 2414 1674 2642 1748; x_wconf 83' lang='grc' dir='ltr'>τυχοῦσι</span> <span class='ocrx_word' id='word_1_298' title='bbox 2675 1676 2866 1748; x_wconf 85' lang='grc' dir='ltr'>νόμου,</span> <span class='ocrx_word' id='word_1_299' title='bbox 2916 1673 3154 1729; x_wconf 82' lang='grc' dir='ltr'>ἐνταῦθα</span> <span class='ocrx_word' id='word_1_300' title='bbox 3191 1673 3293 1745; x_wconf 85' lang='grc' dir='ltr'><strong>μὲν</strong></span> <span class='ocrx_word' id='word_1_301' title='bbox 3320 1675 3389 1745; x_wconf 82' lang='grc' dir='ltr'>τῇ</span> <span class='ocrx_word' id='word_1_302' title='bbox 3443 1689 3502 1726; x_wconf 83' lang='grc' dir='ltr'><strong>τε</strong></span> <span class='ocrx_word' id='word_1_303' title='bbox 3536 1672 3679 1743; x_wconf 83' lang='grc' dir='ltr'>βασι-</span> 
     </span>
    </p>
   </div>
   <div class='ocr_carea' id='block_1_47' title="bbox 2103 1764 3676 1841">
    <p class='ocr_par' dir='ltr' id='par_1_47' title="bbox 2103 1764 3676 1841">
     <span class='ocr_line' id='line_1_47' title="bbox 2103 1764 3676 1841; baseline -0.004 -18"><span class='ocrx_word' id='word_1_304' title='bbox 2103 1769 2226 1841; x_wconf 89' lang='grc' dir='ltr'>λείᾳ</span> <span class='ocrx_word' id='word_1_305' title='bbox 2255 1769 2566 1839; x_wconf 82' lang='grc' dir='ltr'>προσιέναι,</span> <span class='ocrx_word' id='word_1_306' title='bbox 2616 1768 2695 1840; x_wconf 82' lang='grc' dir='ltr'><strong>τῷ</strong></span> <span class='ocrx_word' id='word_1_307' title='bbox 2734 1786 2795 1821; x_wconf 87' lang='grc' dir='ltr'><strong>τε</strong></span> <span class='ocrx_word' id='word_1_308' title='bbox 2827 1767 2969 1821; x_wconf 83' lang='grc' dir='ltr'>κατὰ</span> <span class='ocrx_word' id='word_1_309' title='bbox 3022 1766 3213 1837; x_wconf 77' lang='grc' dir='ltr'>καιρὸν</span> <span class='ocrx_word' id='word_1_310' title='bbox 3243 1764 3536 1836; x_wconf 76' lang='grc' dir='ltr'>ἁγιωτάτῳ</span> <span class='ocrx_word' id='word_1_311' title='bbox 3581 1782 3676 1818; x_wconf 79' lang='grc' dir='ltr'>πα-</span> 
     </span>
    </p>
   </div>
   <div class='ocr_carea' id='block_1_48' title="bbox 2103 1860 3686 1935">
    <p class='ocr_par' dir='ltr' id='par_1_48' title="bbox 2103 1860 3686 1935">
     <span class='ocr_line' id='line_1_48' title="bbox 2103 1860 3686 1935; baseline -0.003 -19"><span class='ocrx_word' id='word_1_312' title='bbox 2103 1863 2474 1935; x_wconf 83' lang='grc' dir='ltr'>τριάρχῃ,κα“ι</span> <span class='ocrx_word' id='word_1_313' title='bbox 2498 1864 2611 1924; x_wconf 84' lang='grc' dir='ltr'>τοῖς</span> <span class='ocrx_word' id='word_1_314' title='bbox 2636 1861 3000 1927; x_wconf 79' lang='grc' dir='ltr'>ἐνδοξοτάτοις</span> <span class='ocrx_word' id='word_1_315' title='bbox 3021 1860 3175 1932; x_wconf 84' lang='grc' dir='ltr'>ἡμῶν</span> <span class='ocrx_word' id='word_1_316' title='bbox 3198 1860 3430 1930; x_wconf 80' lang='grc' dir='ltr'>ἄρχουσι</span> <span class='ocrx_word' id='word_1_317' title='bbox 3458 1876 3686 1929; x_wconf 77' lang='grc' dir='ltr'>προσαγ-</span> 
     </span>
    </p>
   </div>
   <div class='ocr_carea' id='block_1_49' title="bbox 2103 1952 3681 2027">
    <p class='ocr_par' dir='ltr' id='par_1_49' title="bbox 2103 1952 3681 2027">
     <span class='ocr_line' id='line_1_49' title="bbox 2103 1952 3681 2027; baseline -0.004 -16"><span class='ocrx_word' id='word_1_318' title='bbox 2103 1958 2338 2027; x_wconf 86' lang='grc' dir='ltr'>γέλλειν.</span> <span class='ocrx_word' id='word_1_319' title='bbox 2405 1956 2497 2011; x_wconf 89' lang='grc' dir='ltr'>Ἐν</span> <span class='ocrx_word' id='word_1_320' title='bbox 2538 1957 2597 2011; x_wconf 81' lang='grc' dir='ltr'>δὲ</span> <span class='ocrx_word' id='word_1_321' title='bbox 2650 1958 2771 2019; x_wconf 81' lang='grc' dir='ltr'>ταῖς</span> <span class='ocrx_word' id='word_1_322' title='bbox 2818 1955 3111 2027; x_wconf 81' lang='grc' dir='ltr'>ἐπαρχίαις</span> <span class='ocrx_word' id='word_1_323' title='bbox 3158 1956 3277 2017; x_wconf 83' lang='grc' dir='ltr'>τοῖς</span> <span class='ocrx_word' id='word_1_324' title='bbox 3331 1953 3478 2007; x_wconf 76' lang='grc' dir='ltr'>κατὰ</span> <span class='ocrx_word' id='word_1_325' title='bbox 3529 1952 3681 2007; x_wconf 83' lang='grc' dir='ltr'>τόπον</span> 
     </span>
    </p>
   </div>
   <div class='ocr_carea' id='block_1_50' title="bbox 2103 2045 3685 2117">
    <p class='ocr_par' dir='ltr' id='par_1_50' title="bbox 2103 2045 3685 2117">
     <span class='ocr_line' id='line_1_50' title="bbox 2103 2045 3685 2117; baseline -0.004 -13"><span class='ocrx_word' id='word_1_326' title='bbox 2103 2050 2423 2114; x_wconf 83' lang='grc' dir='ltr'>ὁσιωτάτοις</span> <span class='ocrx_word' id='word_1_327' title='bbox 2452 2049 2775 2111; x_wconf 84' lang='grc' dir='ltr'>ἐπισκόποις</span> <span class='ocrx_word' id='word_1_328' title='bbox 2808 2049 2901 2101; x_wconf 78' lang='grc' dir='ltr'>καὶ</span> <span class='ocrx_word' id='word_1_329' title='bbox 2939 2050 3054 2110; x_wconf 86' lang='grc' dir='ltr'>τοῖς</span> <span class='ocrx_word' id='word_1_330' title='bbox 3082 2045 3292 2100; x_wconf 89' lang='grc' dir='ltr'>τούτων</span> <span class='ocrx_word' id='word_1_331' title='bbox 3319 2046 3580 2117; x_wconf 80' lang='grc' dir='ltr'>ἄρχουσιν</span> <span class='ocrx_word' id='word_1_332' title='bbox 3610 2045 3685 2113; x_wconf 77' lang='grc' dir='ltr'><strong>ἐφ’</strong></span> 
     </span>
    </p>
   </div>
   <div class='ocr_carea' id='block_1_51' title="bbox 2102 2138 3690 2216">
    <p class='ocr_par' dir='ltr' id='par_1_51' title="bbox 2102 2138 3690 2216">
     <span class='ocr_line' id='line_1_51' title="bbox 2102 2138 3690 2216; baseline -0.004 -18"><span class='ocrx_word' id='word_1_333' title='bbox 2102 2138 2148 2213; x_wconf 81' lang='grc' dir='ltr'>ᾧ</span> <span class='ocrx_word' id='word_1_334' title='bbox 2199 2144 2430 2216; x_wconf 79' lang='grc' dir='ltr'>προνοίᾳ</span> <span class='ocrx_word' id='word_1_335' title='bbox 2493 2143 2712 2205; x_wconf 86' lang='grc' dir='ltr'>πάντως</span> <span class='ocrx_word' id='word_1_336' title='bbox 2759 2141 2870 2196; x_wconf 82' lang='grc' dir='ltr'><strong>τῶν</strong></span> <span class='ocrx_word' id='word_1_337' title='bbox 2920 2140 3207 2213; x_wconf 81' lang='grc' dir='ltr'>ἡμετέρων</span> <span class='ocrx_word' id='word_1_338' title='bbox 3256 2140 3557 2211; x_wconf 83' lang='grc' dir='ltr'>ἀρχόντων,</span> <span class='ocrx_word' id='word_1_339' title='bbox 3604 2138 3690 2191; x_wconf 72' lang='grc' dir='ltr'><strong>καὶ</strong></span> 
     </span>
    </p>
   </div>
   <div class='ocr_carea' id='block_1_52' title="bbox 2102 2230 3689 2308">
    <p class='ocr_par' dir='ltr' id='par_1_52' title="bbox 2102 2230 3689 2308">
     <span class='ocr_line' id='line_1_52' title="bbox 2102 2230 3689 2308; baseline -0.008 -15"><span class='ocrx_word' id='word_1_340' title='bbox 2102 2237 2336 2308; x_wconf 77' lang='grc' dir='ltr'>κινδύνῳ</span> <span class='ocrx_word' id='word_1_341' title='bbox 2374 2236 2482 2291; x_wconf 84' lang='grc' dir='ltr'><strong>τῶν</strong></span> <span class='ocrx_word' id='word_1_342' title='bbox 2540 2234 2877 2306; x_wconf 82' lang='grc' dir='ltr'>πειθομένων</span> <span class='ocrx_word' id='word_1_343' title='bbox 2921 2234 3108 2298; x_wconf 80' lang='grc' dir='ltr'>αὐτοῖς</span> <span class='ocrx_word' id='word_1_344' title='bbox 3179 2232 3416 2300; x_wconf 80' lang='grc' dir='ltr'>τάξεων,</span> <span class='ocrx_word' id='word_1_345' title='bbox 3471 2231 3581 2285; x_wconf 73' lang='grc' dir='ltr'>εἴτε</span> <span class='ocrx_word' id='word_1_346' title='bbox 3635 2230 3689 2282; x_wconf 84' lang='grc' dir='ltr'><strong>ἐν</strong></span> 
     </span>
    </p>
   </div>
   <div class='ocr_carea' id='block_1_53' title="bbox 2102 2324 3693 2400">
    <p class='ocr_par' dir='ltr' id='par_1_53' title="bbox 2102 2324 3693 2400">
     <span class='ocr_line' id='line_1_53' title="bbox 2102 2324 3693 2400; baseline -0.004 -17"><span class='ocrx_word' id='word_1_347' title='bbox 2102 2327 2699 2391; x_wconf 80' lang='grc' dir='ltr'>Κωνσταντινουπόλει,</span> <span class='ocrx_word' id='word_1_348' title='bbox 2733 2327 2851 2381; x_wconf 79' lang='grc' dir='ltr'>εἴτε</span> <span class='ocrx_word' id='word_1_349' title='bbox 2893 2328 2952 2382; x_wconf 89' lang='grc' dir='ltr'><strong>ἐν</strong></span> <span class='ocrx_word' id='word_1_350' title='bbox 3000 2326 3171 2400; x_wconf 81' lang='grc' dir='ltr'>ἑτέρῳ</span> <span class='ocrx_word' id='word_1_351' title='bbox 3202 2325 3505 2397; x_wconf 79' lang='grc' dir='ltr'>οίῳδὴποτε</span> <span class='ocrx_word' id='word_1_352' title='bbox 3554 2324 3693 2394; x_wconf 82' lang='grc' dir='ltr'>τόπῳ</span> 
     </span>
    </p>
   </div>
   <div class='ocr_carea' id='block_1_54' title="bbox 2100 2418 3694 2494">
    <p class='ocr_par' dir='ltr' id='par_1_54' title="bbox 2100 2418 3694 2494">
     <span class='ocr_line' id='line_1_54' title="bbox 2100 2418 3694 2494; baseline -0.004 -19"><span class='ocrx_word' id='word_1_353' title='bbox 2100 2422 2202 2493; x_wconf 86' lang='grc' dir='ltr'>τῆς</span> <span class='ocrx_word' id='word_1_354' title='bbox 2232 2422 2511 2494; x_wconf 81' lang='grc' dir='ltr'>ἡμετέρας</span> <span class='ocrx_word' id='word_1_355' title='bbox 2536 2420 2814 2485; x_wconf 82' lang='grc' dir='ltr'>πολιτείας</span> <span class='ocrx_word' id='word_1_356' title='bbox 2854 2418 3079 2485; x_wconf 83' lang='grc' dir='ltr'>τούτους</span> <span class='ocrx_word' id='word_1_357' title='bbox 3101 2418 3444 2475; x_wconf 86' lang='grc' dir='ltr'>ἐκδικεῖσθαι</span> <span class='ocrx_word' id='word_1_358' title='bbox 3475 2421 3570 2473; x_wconf 73' lang='grc' dir='ltr'><strong>καὶ</strong></span> <span class='ocrx_word' id='word_1_359' title='bbox 3595 2435 3694 2487; x_wconf 68' lang='lat' dir='ltr'><strong>qau-</strong></span> 
     </span>
    </p>
   </div>
   <div class='ocr_carea' id='block_1_55' title="bbox 2103 2508 3697 2585">
    <p class='ocr_par' dir='ltr' id='par_1_55' title="bbox 2103 2508 3697 2585">
     <span class='ocr_line' id='line_1_55' title="bbox 2103 2508 3697 2585; baseline -0.002 -17"><span class='ocrx_word' id='word_1_360' title='bbox 2103 2514 2399 2569; x_wconf 87' lang='grc' dir='ltr'>λάττεσθαι</span> <span class='ocrx_word' id='word_1_361' title='bbox 2430 2514 2530 2585; x_wconf 85' lang='grc' dir='ltr'><strong>τὴν</strong></span> <span class='ocrx_word' id='word_1_362' title='bbox 2559 2515 2624 2569; x_wconf 85' lang='grc' dir='ltr'><strong>ἐκ</strong></span> <span class='ocrx_word' id='word_1_363' title='bbox 2671 2512 2765 2567; x_wconf 82' lang='grc' dir='ltr'>τοῦ</span> <span class='ocrx_word' id='word_1_364' title='bbox 2792 2513 3063 2585; x_wconf 75' lang='grc' dir='ltr'>παρόντος</span> <span class='ocrx_word' id='word_1_365' title='bbox 3092 2512 3251 2584; x_wconf 84' lang='grc' dir='ltr'>ἡμῶν</span> <span class='ocrx_word' id='word_1_366' title='bbox 3279 2511 3453 2584; x_wconf 87' lang='grc' dir='ltr'>νόμου</span> <span class='ocrx_word' id='word_1_367' title='bbox 3492 2508 3697 2580; x_wconf 84' lang='grc' dir='ltr'>δεδομέ-</span> 
     </span>
    </p>
   </div>
   <div class='ocr_carea' id='block_1_56' title="bbox 2105 2602 3695 2679">
    <p class='ocr_par' dir='ltr' id='par_1_56' title="bbox 2105 2602 3695 2679">
     <span class='ocr_line' id='line_1_56' title="bbox 2105 2602 3695 2679; baseline -0.004 -16"><span class='ocrx_word' id='word_1_368' title='bbox 2105 2625 2204 2679; x_wconf 87' lang='grc' dir='ltr'>νην</span> <span class='ocrx_word' id='word_1_369' title='bbox 2235 2608 2423 2673; x_wconf 87' lang='grc' dir='ltr'>αύτοίς</span> <span class='ocrx_word' id='word_1_370' title='bbox 2474 2606 2813 2679; x_wconf 88' lang='grc' dir='ltr'>ἐλευθερίαν.</span> <span class='ocrx_word' id='word_1_371' title='bbox 2851 2607 3108 2679; x_wconf 87' lang='grc' dir='ltr'>Παριδείν</span> <span class='ocrx_word' id='word_1_372' title='bbox 3138 2605 3247 2677; x_wconf 83' lang='grc' dir='ltr'>γὰρ</span> <span class='ocrx_word' id='word_1_373' title='bbox 3278 2606 3484 2673; x_wconf 79' lang='grc' dir='ltr'>φόνους</span> <span class='ocrx_word' id='word_1_374' title='bbox 3512 2602 3695 2659; x_wconf 69' lang='grc' dir='ltr'>τοσούυ</span> 
     </span>
    </p>
   </div>
   <div class='ocr_carea' id='block_1_57' title="bbox 2102 2696 3701 2772">
    <p class='ocr_par' dir='ltr' id='par_1_57' title="bbox 2102 2696 3701 2772">
     <span class='ocr_line' id='line_1_57' title="bbox 2102 2696 3701 2772; baseline -0.004 -18"><span class='ocrx_word' id='word_1_375' title='bbox 2102 2718 2227 2765; x_wconf 89' lang='grc' dir='ltr'>τους</span> <span class='ocrx_word' id='word_1_376' title='bbox 2249 2700 2569 2772; x_wconf 85' lang='grc' dir='ltr'>γινομένους</span> <span class='ocrx_word' id='word_1_377' title='bbox 2588 2699 2731 2754; x_wconf 82' lang='grc' dir='ltr'>κατὰ</span> <span class='ocrx_word' id='word_1_378' title='bbox 2774 2699 3051 2772; x_wconf 81' lang='grc' dir='ltr'>πρόφασιν</span> <span class='ocrx_word' id='word_1_379' title='bbox 3079 2698 3189 2753; x_wconf 86' lang='grc' dir='ltr'><strong>τῶν</strong></span> <span class='ocrx_word' id='word_1_380' title='bbox 3208 2699 3445 2753; x_wconf 82' lang='grc' dir='ltr'>τοιαῦτα</span> <span class='ocrx_word' id='word_1_381' title='bbox 3465 2696 3701 2768; x_wconf 83' lang='grc' dir='ltr'>τολμών-</span> 
     </span>
    </p>
   </div>
   <div class='ocr_carea' id='block_1_58' title="bbox 2100 2786 3701 2865">
    <p class='ocr_par' dir='ltr' id='par_1_58' title="bbox 2100 2786 3701 2865">
     <span class='ocr_line' id='line_1_58' title="bbox 2100 2786 3701 2865; baseline -0.005 -19"><span class='ocrx_word' id='word_1_382' title='bbox 2100 2811 2211 2846; x_wconf 89' lang='grc' dir='ltr'><strong>των</strong></span> <span class='ocrx_word' id='word_1_383' title='bbox 2242 2794 2300 2845; x_wconf 84' lang='grc' dir='ltr'><strong>ἐν</strong></span> <span class='ocrx_word' id='word_1_384' title='bbox 2329 2795 2396 2865; x_wconf 82' lang='grc' dir='ltr'>τῇ</span> <span class='ocrx_word' id='word_1_385' title='bbox 2431 2790 2678 2863; x_wconf 77' lang='grc' dir='ltr'>ἡμετέρᾳ</span> <span class='ocrx_word' id='word_1_386' title='bbox 2704 2790 2952 2862; x_wconf 75' lang='grc' dir='ltr'>πολιτείᾳ</span> <span class='ocrx_word' id='word_1_387' title='bbox 2993 2789 3248 2860; x_wconf 76' lang='grc' dir='ltr'>οὐδαμῶς</span> <span class='ocrx_word' id='word_1_388' title='bbox 3272 2787 3608 2860; x_wconf 82' lang='grc' dir='ltr'>ἀνεχόμεθα.</span> <span class='ocrx_word' id='word_1_389' title='bbox 3642 2786 3701 2840; x_wconf 78' lang='lat' dir='ltr'><strong>El.</strong></span> 
     </span>
    </p>
   </div>
   <div class='ocr_carea' id='block_1_59' title="bbox 2102 2877 3701 2959">
    <p class='ocr_par' dir='ltr' id='par_1_59' title="bbox 2102 2877 3701 2959">
     <span class='ocr_line' id='line_1_59' title="bbox 2102 2877 3701 2959; baseline -0.006 -18"><span class='ocrx_word' id='word_1_390' title='bbox 2102 2887 2213 2959; x_wconf 79' lang='grc' dir='ltr'>γὰρ</span> <span class='ocrx_word' id='word_1_391' title='bbox 2242 2885 2522 2958; x_wconf 78' lang='grc' dir='ltr'>Βάρϐαροι</span> <span class='ocrx_word' id='word_1_392' title='bbox 2551 2884 2886 2947; x_wconf 80' lang='grc' dir='ltr'>ἀκούσαντες</span> <span class='ocrx_word' id='word_1_393' title='bbox 2914 2882 3024 2936; x_wconf 84' lang='grc' dir='ltr'><strong>τῶν</strong></span> <span class='ocrx_word' id='word_1_394' title='bbox 3048 2882 3336 2955; x_wconf 81' lang='grc' dir='ltr'>ἡμετέρων</span> <span class='ocrx_word' id='word_1_395' title='bbox 3362 2883 3499 2953; x_wconf 75' lang='grc' dir='ltr'>περὶ</span> <span class='ocrx_word' id='word_1_396' title='bbox 3516 2877 3701 2935; x_wconf 87' lang='grc' dir='ltr'>τούτου</span> 
     </span>
    </p>
   </div>
   <div class='ocr_carea' id='block_1_60' title="bbox 401 2969 1993 3064">
    <p class='ocr_par' dir='ltr' id='par_1_60' title="bbox 401 2969 1989 3045">
     <span class='ocr_line' id='line_1_60' title="bbox 401 2969 1989 3045; baseline 0.003 -20"><span class='ocrx_word' id='word_1_397' title='bbox 401 2987 547 3027; x_wconf 85' lang='lat' dir='ltr'><strong>lllllS.</strong></span> <span class='ocrx_word' id='word_1_398' title='bbox 584 2969 642 3025; x_wconf 91' lang='lat' dir='ltr'><strong>Si</strong></span> <span class='ocrx_word' id='word_1_399' title='bbox 673 2971 821 3028; x_wconf 89' lang='lat' dir='ltr'><strong>enim</strong></span> <span class='ocrx_word' id='word_1_400' title='bbox 878 2972 1129 3042; x_wconf 89' lang='lat' dir='ltr'><strong>Barbari,</strong></span> <span class='ocrx_word' id='word_1_401' title='bbox 1173 2975 1509 3045; x_wconf 86' lang='lat' dir='ltr'><strong>simulatque</strong></span> <span class='ocrx_word' id='word_1_402' title='bbox 1538 2985 1729 3030; x_wconf 88' lang='lat' dir='ltr'><strong>nostra</strong></span> <span class='ocrx_word' id='word_1_403' title='bbox 1768 2973 1838 3031; x_wconf 88' lang='lat' dir='ltr'><strong>de</strong></span> <span class='ocrx_word' id='word_1_404' title='bbox 1884 2975 1989 3030; x_wconf 83' lang='lat' dir='ltr'><strong>hoc</strong></span> 
     </span>
    </p>
   </div>
   <div class='ocr_carea' id='block_1_61' title="bbox 2116 2969 3704 3064">
    <p class='ocr_par' dir='ltr' id='par_1_61' title="bbox 2116 2974 3704 3052">
     <span class='ocr_line' id='line_1_61' title="bbox 2116 2974 3704 3052; baseline -0.006 -18"><span class='ocrx_word' id='word_1_405' title='bbox 2116 2980 2579 3052; x_wconf 86' lang='grc' dir='ltr'>ταραγγελμάτων</span> <span class='ocrx_word' id='word_1_406' title='bbox 2609 2977 2784 3033; x_wconf 86' lang='grc' dir='ltr'>ταῦτα</span> <span class='ocrx_word' id='word_1_407' title='bbox 2812 2974 3107 3046; x_wconf 81' lang='grc' dir='ltr'>ἐφύλαξαν,</span> <span class='ocrx_word' id='word_1_408' title='bbox 3135 2976 3253 3039; x_wconf 85' lang='grc' dir='ltr'><strong>πῶς</strong></span> <span class='ocrx_word' id='word_1_409' title='bbox 3285 2974 3355 3029; x_wconf 82' lang='grc' dir='ltr'><strong>ἂν</strong></span> <span class='ocrx_word' id='word_1_410' title='bbox 3389 2975 3560 3047; x_wconf 88' lang='grc' dir='ltr'>ἡμεῖς</span> <span class='ocrx_word' id='word_1_411' title='bbox 3579 2988 3704 3041; x_wconf 86' lang='grc' dir='ltr'>συγ-</span> 
     </span>
    </p>
   </div>
   <div class='ocr_carea' id='block_1_62' title="bbox 400 3063 1991 3139">
    <p class='ocr_par' dir='ltr' id='par_1_62' title="bbox 400 3063 1991 3139">
     <span class='ocr_line' id='line_1_62' title="bbox 400 3063 1991 3139; baseline 0.004 -23"><span class='ocrx_word' id='word_1_412' title='bbox 400 3063 696 3119; x_wconf 88' lang='lat' dir='ltr'><strong>audierunt</strong></span> <span class='ocrx_word' id='word_1_413' title='bbox 744 3066 1021 3134; x_wconf 87' lang='lat' dir='ltr'><strong>mandata,</strong></span> <span class='ocrx_word' id='word_1_414' title='bbox 1084 3068 1200 3122; x_wconf 57' lang='lat' dir='ltr'><strong>haec</strong></span> <span class='ocrx_word' id='word_1_415' title='bbox 1230 3069 1654 3125; x_wconf 86' lang='lat' dir='ltr'><strong>custodierunt:</strong></span> <span class='ocrx_word' id='word_1_416' title='bbox 1715 3071 1991 3139; x_wconf 86' lang='lat' dir='ltr'><strong>quomodo</strong></span> 
     </span>
    </p>
   </div>
   <div class='ocr_carea' id='block_1_63' title="bbox 397 3153 1990 3231">
    <p class='ocr_par' dir='ltr' id='par_1_63' title="bbox 397 3153 1990 3231">
     <span class='ocr_line' id='line_1_63' title="bbox 397 3153 1990 3231; baseline 0.006 -27"><span class='ocrx_word' id='word_1_417' title='bbox 397 3153 617 3206; x_wconf 77' lang='lat' dir='ltr'><strong>tandem</strong></span> <span class='ocrx_word' id='word_1_418' title='bbox 665 3156 1069 3224; x_wconf 88' lang='lat' dir='ltr'><strong>permittemus,</strong></span> <span class='ocrx_word' id='word_1_419' title='bbox 1117 3168 1175 3213; x_wconf 88' lang='lat' dir='ltr'><strong>ut</strong></span> <span class='ocrx_word' id='word_1_420' title='bbox 1219 3169 1346 3228; x_wconf 82' lang='lat' dir='ltr'><strong>post</strong></span> <span class='ocrx_word' id='word_1_421' title='bbox 1378 3167 1459 3214; x_wconf 87' lang='lat' dir='ltr'><strong>tot</strong></span> <span class='ocrx_word' id='word_1_422' title='bbox 1504 3168 1652 3214; x_wconf 89' lang='lat' dir='ltr'><strong>retro</strong></span> <span class='ocrx_word' id='word_1_423' title='bbox 1682 3159 1990 3231; x_wconf 89' lang='lat' dir='ltr'><strong>principum</strong></span> 
     </span>
    </p>
   </div>
   <div class='ocr_carea' id='block_1_64' title="bbox 398 3246 1990 3320">
    <p class='ocr_par' dir='ltr' id='par_1_64' title="bbox 398 3246 1990 3320">
     <span class='ocr_line' id='line_1_64' title="bbox 398 3246 1990 3320; baseline 0.008 -24"><span class='ocrx_word' id='word_1_424' title='bbox 398 3246 716 3300; x_wconf 64' lang='lat' dir='ltr'><strong>sanctiones</strong></span> <span class='ocrx_word' id='word_1_425' title='bbox 751 3247 858 3301; x_wconf 82' lang='lat' dir='ltr'><strong>tale</strong></span> <span class='ocrx_word' id='word_1_426' title='bbox 892 3250 1020 3317; x_wconf 87' lang='lat' dir='ltr'><strong>quid</strong></span> <span class='ocrx_word' id='word_1_427' title='bbox 1059 3249 1241 3304; x_wconf 85' lang='lat' dir='ltr'><strong>denuo</strong></span> <span class='ocrx_word' id='word_1_428' title='bbox 1277 3250 1652 3320; x_wconf 84' lang='lat' dir='ltr'><strong>delinquatnr,</strong></span> <span class='ocrx_word' id='word_1_429' title='bbox 1680 3260 1776 3306; x_wconf 89' lang='lat' dir='ltr'><strong>aut</strong></span> <span class='ocrx_word' id='word_1_430' title='bbox 1822 3252 1990 3308; x_wconf 86' lang='lat' dir='ltr'><strong>etiam</strong></span> 
     </span>
    </p>
   </div>
   <div class='ocr_carea' id='block_1_65' title="bbox 398 3334 1685 3412">
    <p class='ocr_par' dir='ltr' id='par_1_65' title="bbox 398 3334 1685 3412">
     <span class='ocr_line' id='line_1_65' title="bbox 398 3334 1685 3412; baseline 0.008 -25"><span class='ocrx_word' id='word_1_431' title='bbox 398 3334 637 3390; x_wconf 88' lang='lat' dir='ltr'><strong>inultum</strong></span> <span class='ocrx_word' id='word_1_432' title='bbox 673 3338 1018 3410; x_wconf 89' lang='lat' dir='ltr'><strong>relinquatur</strong></span> <span class='ocrx_word' id='word_1_433' title='bbox 1044 3341 1098 3395; x_wconf 92' lang='lat' dir='ltr'><strong>in</strong></span> <span class='ocrx_word' id='word_1_434' title='bbox 1132 3351 1323 3397; x_wconf 88' lang='lat' dir='ltr'><strong>nostra</strong></span> <span class='ocrx_word' id='word_1_435' title='bbox 1356 3342 1685 3412; x_wconf 82' lang='lat' dir='ltr'><strong>republica?</strong></span> 
     </span>
    </p>
   </div>
   <div class='ocr_carea' id='block_1_66' title="bbox 464 3472 1993 3547">
    <p class='ocr_par' dir='ltr' id='par_1_66' title="bbox 464 3472 1993 3547">
     <span class='ocr_line' id='line_1_66' title="bbox 464 3472 1993 3547; baseline 0.006 -20"><span class='ocrx_word' id='word_1_436' title='bbox 464 3472 618 3528; x_wconf 84' lang='lat' dir='ltr'><strong>CAP.</strong></span> <span class='ocrx_word' id='word_1_437' title='bbox 654 3472 774 3529; x_wconf 77' lang='lat' dir='ltr'><strong>XV.</strong></span> <span class='ocrx_word' id='word_1_438' title='bbox 828 3504 898 3516; x_wconf 89' lang='lat'><strong>-</strong></span> <span class='ocrx_word' id='word_1_439' title='bbox 935 3474 1003 3530; x_wconf 91' lang='lat' dir='ltr'><strong>Ut</strong></span> <span class='ocrx_word' id='word_1_440' title='bbox 1041 3477 1133 3547; x_wconf 85' lang='lat' dir='ltr'><strong>qui</strong></span> <span class='ocrx_word' id='word_1_441' title='bbox 1188 3477 1482 3532; x_wconf 77' lang='lat' dir='ltr'><strong>dwmouem</strong></span> <span class='ocrx_word' id='word_1_442' title='bbox 1537 3477 1719 3545; x_wconf 75' lang='lat' dir='ltr'><strong>habet,</strong></span> <span class='ocrx_word' id='word_1_443' title='bbox 1770 3480 1993 3537; x_wconf 78' lang='lat' dir='ltr'><strong>clericus</strong></span> 
     </span>
    </p>
   </div>
   <div class='ocr_carea' id='block_1_67' title="bbox 395 3565 647 3632">
    <p class='ocr_par' dir='ltr' id='par_1_67' title="bbox 395 3565 647 3632">
     <span class='ocr_line' id='line_1_67' title="bbox 395 3565 647 3632; baseline 0 -15"><span class='ocrx_word' id='word_1_444' title='bbox 395 3579 499 3617; x_wconf 83' lang='lat' dir='ltr'><strong>non</strong></span> <span class='ocrx_word' id='word_1_445' title='bbox 526 3565 647 3632; x_wconf 78' lang='lat' dir='ltr'><strong>ﬁat.</strong></span> 
     </span>
    </p>
   </div>
   <div class='ocr_carea' id='block_1_68' title="bbox 466 3656 1188 3724">
    <p class='ocr_par' dir='ltr' id='par_1_68' title="bbox 466 3656 1188 3724">
     <span class='ocr_line' id='line_1_68' title="bbox 466 3656 1188 3724; baseline 0.008 -15"><span class='ocrx_word' id='word_1_446' title='bbox 466 3656 861 3724; x_wconf 84' lang='lat' dir='ltr'><strong>Apostolorum</strong></span> <span class='ocrx_word' id='word_1_447' title='bbox 885 3673 1062 3714; x_wconf 85' lang='lat' dir='ltr'><strong>canon</strong></span> <span class='ocrx_word' id='word_1_448' title='bbox 1097 3659 1188 3715; x_wconf 79' lang='lat'><strong>78.</strong></span> 
     </span>
    </p>
   </div>
   <div class='ocr_carea' id='block_1_69' title="bbox 468 3787 1993 3871">
    <p class='ocr_par' dir='ltr' id='par_1_69' title="bbox 468 3787 1993 3871">
     <span class='ocr_line' id='line_1_69' title="bbox 468 3787 1993 3871; baseline 0.01 -30"><span class='ocrx_word' id='word_1_449' title='bbox 468 3787 623 3843; x_wconf 84' lang='lat' dir='ltr'><strong>CAP.</strong></span> <span class='ocrx_word' id='word_1_450' title='bbox 658 3788 797 3844; x_wconf 80' lang='lat' dir='ltr'><strong>XVI.</strong></span> <span class='ocrx_word' id='word_1_451' title='bbox 828 3820 897 3830; x_wconf 93' lang='lat'>—</span> <span class='ocrx_word' id='word_1_452' title='bbox 944 3791 1022 3846; x_wconf 87' lang='lat' dir='ltr'><strong>De</strong></span> <span class='ocrx_word' id='word_1_453' title='bbox 1050 3810 1110 3847; x_wconf 86' lang='lat' dir='ltr'><strong>eo</strong></span> <span class='ocrx_word' id='word_1_454' title='bbox 1159 3796 1364 3865; x_wconf 85' lang='lat' dir='ltr'><strong>quisue</strong></span> <span class='ocrx_word' id='word_1_455' title='bbox 1402 3800 1645 3871; x_wconf 83' lang='lat' dir='ltr'><strong>episcopo</strong></span> <span class='ocrx_word' id='word_1_456' title='bbox 1678 3818 1783 3856; x_wconf 83' lang='lat' dir='ltr'><strong>non</strong></span> <span class='ocrx_word' id='word_1_457' title='bbox 1818 3801 1993 3858; x_wconf 84' lang='lat' dir='ltr'><strong>obedit</strong></span> 
     </span>
    </p>
   </div>
   <div class='ocr_carea' id='block_1_70' title="bbox 396 3880 1731 3961">
    <p class='ocr_par' dir='ltr' id='par_1_70' title="bbox 396 3880 1731 3961">
     <span class='ocr_line' id='line_1_70' title="bbox 396 3880 1731 3961; baseline 0.011 -28"><span class='ocrx_word' id='word_1_458' title='bbox 396 3880 592 3935; x_wconf 80' lang='lat' dir='ltr'><strong>volenti</strong></span> <span class='ocrx_word' id='word_1_459' title='bbox 629 3881 804 3951; x_wconf 73' lang='lat' dir='ltr'><strong>ipsum</strong></span> <span class='ocrx_word' id='word_1_460' title='bbox 838 3882 1090 3939; x_wconf 83' lang='lat' dir='ltr'><strong>ordinare</strong></span> <span class='ocrx_word' id='word_1_461' title='bbox 1117 3886 1173 3940; x_wconf 85' lang='lat' dir='ltr'><strong>in</strong></span> <span class='ocrx_word' id='word_1_462' title='bbox 1204 3887 1449 3945; x_wconf 83' lang='lat' dir='ltr'><strong>altiorem</strong></span> <span class='ocrx_word' id='word_1_463' title='bbox 1479 3896 1731 3961; x_wconf 80' lang='lat' dir='ltr'><strong>gradum.</strong></span> 
     </span>
    </p>
   </div>
   <div class='ocr_carea' id='block_1_71' title="bbox 466 4049 1989 4127">
    <p class='ocr_par' dir='ltr' id='par_1_71' title="bbox 466 4049 1989 4127">
     <span class='ocr_line' id='line_1_71' title="bbox 466 4049 1989 4127; baseline 0.013 -23"><span class='ocrx_word' id='word_1_464' title='bbox 466 4049 695 4106; x_wconf 88' lang='lat' dir='ltr'><strong>Concilii</strong></span> <span class='ocrx_word' id='word_1_465' title='bbox 716 4050 1165 4124; x_wconf 83' lang='lat' dir='ltr'><strong>Carthaginensis</strong></span> <span class='ocrx_word' id='word_1_466' title='bbox 1182 4074 1359 4115; x_wconf 90' lang='lat' dir='ltr'><strong>canon</strong></span> <span class='ocrx_word' id='word_1_467' title='bbox 1376 4061 1466 4127; x_wconf 73' lang='grc'><strong>54,</strong></span> <span class='ocrx_word' id='word_1_468' title='bbox 1493 4060 1679 4119; x_wconf 87' lang='lat' dir='ltr'><strong>Basilii</strong></span> <span class='ocrx_word' id='word_1_469' title='bbox 1699 4081 1876 4122; x_wconf 89' lang='lat' dir='ltr'><strong>canon</strong></span> <span class='ocrx_word' id='word_1_470' title='bbox 1902 4069 1989 4124; x_wconf 86' lang='lat' dir='ltr'><strong>I0.</strong></span> 
     </span>
    </p>
   </div>
   <div class='ocr_carea' id='block_1_72' title="bbox 465 4237 1994 4325">
    <p class='ocr_par' dir='ltr' id='par_1_72' title="bbox 465 4237 1994 4325">
     <span class='ocr_line' id='line_1_72' title="bbox 465 4237 1994 4325; baseline 0.014 -33"><span class='ocrx_word' id='word_1_471' title='bbox 465 4237 622 4295; x_wconf 71' lang='lat' dir='ltr'><strong>CAP.</strong></span> <span class='ocrx_word' id='word_1_472' title='bbox 658 4239 827 4297; x_wconf 75' lang='grc' dir='ltr'>λνιι.</span> <span class='ocrx_word' id='word_1_473' title='bbox 864 4273 934 4283; x_wconf 89' lang='grc'><strong>-</strong></span> <span class='ocrx_word' id='word_1_474' title='bbox 966 4243 1042 4299; x_wconf 88' lang='lat' dir='ltr'><strong>De</strong></span> <span class='ocrx_word' id='word_1_475' title='bbox 1082 4247 1353 4319; x_wconf 77' lang='lat' dir='ltr'><strong>episwpo,</strong></span> <span class='ocrx_word' id='word_1_476' title='bbox 1379 4258 1472 4303; x_wconf 83' lang='lat' dir='ltr'><strong>aut</strong></span> <span class='ocrx_word' id='word_1_477' title='bbox 1503 4251 1695 4307; x_wconf 79' lang='lat' dir='ltr'><strong>clerico</strong></span> <span class='ocrx_word' id='word_1_478' title='bbox 1720 4256 1994 4325; x_wconf 84' lang='lat' dir='ltr'><strong>ordinato,</strong></span> 
     </span>
    </p>
   </div>
   <div class='ocr_carea' id='block_1_73' title="bbox 2103 3066 3706 3146">
    <p class='ocr_par' dir='ltr' id='par_1_73' title="bbox 2103 3066 3706 3146">
     <span class='ocr_line' id='line_1_73' title="bbox 2103 3066 3706 3146; baseline -0.006 -18"><span class='ocrx_word' id='word_1_479' title='bbox 2103 3074 2449 3146; x_wconf 86' lang='grc' dir='ltr'>χωρήσωμεν</span> <span class='ocrx_word' id='word_1_480' title='bbox 2488 3071 2628 3145; x_wconf 80' lang='grc' dir='ltr'>μετὰ</span> <span class='ocrx_word' id='word_1_481' title='bbox 2678 3071 2950 3135; x_wconf 73' lang='grc' dir='ltr'>τοσαύτας</span> <span class='ocrx_word' id='word_1_482' title='bbox 3000 3071 3109 3125; x_wconf 84' lang='grc' dir='ltr'><strong>τῶν</strong></span> <span class='ocrx_word' id='word_1_483' title='bbox 3142 3070 3250 3142; x_wconf 72' lang='grc' dir='ltr'><strong>πρὸ</strong></span> <span class='ocrx_word' id='word_1_484' title='bbox 3286 3069 3453 3140; x_wconf 85' lang='grc' dir='ltr'>ἡμῶν</span> <span class='ocrx_word' id='word_1_485' title='bbox 3487 3066 3706 3138; x_wconf 78' lang='grc' dir='ltr'>βεϐασι-</span> 
     </span>
    </p>
   </div>
   <div class='ocr_carea' id='block_1_74' title="bbox 2106 3158 3707 3240">
    <p class='ocr_par' dir='ltr' id='par_1_74' title="bbox 2106 3158 3707 3240">
     <span class='ocr_line' id='line_1_74' title="bbox 2106 3158 3707 3240; baseline -0.006 -16"><span class='ocrx_word' id='word_1_486' title='bbox 2106 3169 2381 3224; x_wconf 86' lang='grc' dir='ltr'>λευκότων</span> <span class='ocrx_word' id='word_1_487' title='bbox 2441 3167 2767 3240; x_wconf 84' lang='grc' dir='ltr'>νομοθεσίας</span> <span class='ocrx_word' id='word_1_488' title='bbox 2814 3166 3057 3221; x_wconf 74' lang='grc' dir='ltr'>τοιοῦτόν</span> <span class='ocrx_word' id='word_1_489' title='bbox 3117 3183 3171 3218; x_wconf 92' lang='grc' dir='ltr'><strong>τι</strong></span> <span class='ocrx_word' id='word_1_490' title='bbox 3205 3158 3707 3236; x_wconf 71' lang='grc' dir='ltr'>άμαρτάνεσθαι,ἢ</span> 
     </span>
    </p>
   </div>
   <div class='ocr_carea' id='block_1_75' title="bbox 2107 3254 3709 3333">
    <p class='ocr_par' dir='ltr' id='par_1_75' title="bbox 2107 3254 3709 3333">
     <span class='ocr_line' id='line_1_75' title="bbox 2107 3254 3709 3333; baseline -0.006 -16"><span class='ocrx_word' id='word_1_491' title='bbox 2107 3263 2205 3317; x_wconf 73' lang='grc' dir='ltr'><strong>καὶ</strong></span> <span class='ocrx_word' id='word_1_492' title='bbox 2251 3262 2608 3333; x_wconf 80' lang='grc' dir='ltr'>ἀνεκδίκητον</span> <span class='ocrx_word' id='word_1_493' title='bbox 2659 3263 2727 3333; x_wconf 77' lang='grc' dir='ltr'>τῇ</span> <span class='ocrx_word' id='word_1_494' title='bbox 2778 3259 3028 3333; x_wconf 82' lang='grc' dir='ltr'>ἡμετέρᾳ</span> <span class='ocrx_word' id='word_1_495' title='bbox 3076 3257 3329 3329; x_wconf 86' lang='grc' dir='ltr'>πολιτείᾳ</span> <span class='ocrx_word' id='word_1_496' title='bbox 3352 3254 3709 3326; x_wconf 74' lang='grc' dir='ltr'>καταλιμπά-</span> 
     </span>
    </p>
   </div>
   <div class='ocr_carea' id='block_1_76' title="bbox 2107 3355 2316 3409">
    <p class='ocr_par' dir='ltr' id='par_1_76' title="bbox 2107 3355 2316 3409">
     <span class='ocr_line' id='line_1_76' title="bbox 2107 3355 2316 3409; baseline 0.01 -2"><span class='ocrx_word' id='word_1_497' title='bbox 2107 3355 2316 3409; x_wconf 84' lang='grc' dir='ltr'>νεσθαι.</span> 
     </span>
    </p>
   </div>
   <div class='ocr_carea' id='block_1_77' title="bbox 2176 3481 3708 3557">
    <p class='ocr_par' dir='ltr' id='par_1_77' title="bbox 2176 3481 3708 3557">
     <span class='ocr_line' id='line_1_77' title="bbox 2176 3481 3708 3557; baseline -0.005 -15"><span class='ocrx_word' id='word_1_498' title='bbox 2176 3489 2432 3543; x_wconf 80' lang='grc' dir='ltr'><strong>ΚΕΦΑΔ.</strong></span> <span class='ocrx_word' id='word_1_499' title='bbox 2460 3487 2563 3542; x_wconf 89' lang='lat' dir='ltr'><strong>IE&#39;.</strong></span> <span class='ocrx_word' id='word_1_500' title='bbox 2598 3518 2669 3528; x_wconf 96' lang='lat'><strong>—</strong></span> <span class='ocrx_word' id='word_1_501' title='bbox 2713 3487 2855 3557; x_wconf 77' lang='grc' dir='ltr'>Περὶ</span> <span class='ocrx_word' id='word_1_502' title='bbox 2893 3487 3004 3542; x_wconf 86' lang='grc' dir='ltr'>τοῦ</span> <span class='ocrx_word' id='word_1_503' title='bbox 3054 3485 3164 3542; x_wconf 87' lang='grc' dir='ltr'>τὸν</span> <span class='ocrx_word' id='word_1_504' title='bbox 3203 3481 3708 3555; x_wconf 73' lang='grc' dir='ltr'>δαιμονιζόμενον</span> 
     </span>
    </p>
   </div>
   <div class='ocr_carea' id='block_1_78' title="bbox 2103 3580 2630 3651">
    <p class='ocr_par' dir='ltr' id='par_1_78' title="bbox 2103 3580 2630 3651">
     <span class='ocr_line' id='line_1_78' title="bbox 2103 3580 2630 3651; baseline 0.002 -16"><span class='ocrx_word' id='word_1_505' title='bbox 2103 3580 2190 3651; x_wconf 79' lang='grc' dir='ltr'>μὴ</span> <span class='ocrx_word' id='word_1_506' title='bbox 2233 3580 2630 3651; x_wconf 80' lang='grc' dir='ltr'>κληροῦσθαι.</span> 
     </span>
    </p>
   </div>
   <div class='ocr_carea' id='block_1_79' title="bbox 2195 3671 2879 3742">
    <p class='ocr_par' dir='ltr' id='par_1_79' title="bbox 2195 3671 2879 3742">
     <span class='ocr_line' id='line_1_79' title="bbox 2195 3671 2879 3742; baseline -0.003 -15"><span class='ocrx_word' id='word_1_507' title='bbox 2195 3674 2538 3727; x_wconf 82' lang='grc' dir='ltr'>Ἀποστόλων</span> <span class='ocrx_word' id='word_1_508' title='bbox 2568 3673 2750 3728; x_wconf 86' lang='grc' dir='ltr'>κανὼν</span> <span class='ocrx_word' id='word_1_509' title='bbox 2776 3671 2879 3742; x_wconf 86' lang='grc' dir='ltr'>οη’.</span> 
     </span>
    </p>
   </div>
   <div class='ocr_carea' id='block_1_80' title="bbox 2075 3804 3722 3879">
    <p class='ocr_par' dir='ltr' id='par_1_80' title="bbox 2075 3804 3722 3879">
     <span class='ocr_line' id='line_1_80' title="bbox 2075 3804 3722 3879; baseline -0.002 -16"><span class='ocrx_word' id='word_1_510' title='bbox 2075 3848 2081 3854; x_wconf 77' lang='grc'><strong>.</strong></span> <span class='ocrx_word' id='word_1_511' title='bbox 2180 3809 2438 3864; x_wconf 80' lang='grc' dir='ltr'>ΚΕΦΔΛ.</span> <span class='ocrx_word' id='word_1_512' title='bbox 2467 3807 2587 3876; x_wconf 72' lang='grc' dir='ltr'>ις’.</span> <span class='ocrx_word' id='word_1_513' title='bbox 2612 3836 2682 3847; x_wconf 93' lang='lat'><strong>——</strong></span> <span class='ocrx_word' id='word_1_514' title='bbox 2707 3806 2852 3876; x_wconf 76' lang='grc' dir='ltr'>Περὶ</span> <span class='ocrx_word' id='word_1_515' title='bbox 2891 3807 2999 3863; x_wconf 83' lang='grc' dir='ltr'>τοῦ</span> <span class='ocrx_word' id='word_1_516' title='bbox 3020 3808 3107 3878; x_wconf 75' lang='grc' dir='ltr'>μὴ</span> <span class='ocrx_word' id='word_1_517' title='bbox 3154 3807 3604 3879; x_wconf 77' lang='grc' dir='ltr'>πειθαρχοῦντι</span> <span class='ocrx_word' id='word_1_518' title='bbox 3645 3804 3722 3871; x_wconf 80' lang='grc' dir='ltr'>τῷ</span> 
     </span>
    </p>
   </div>
   <div class='ocr_carea' id='block_1_81' title="bbox 2103 3900 3721 3974">
    <p class='ocr_par' dir='ltr' id='par_1_81' title="bbox 2103 3900 3721 3974">
     <span class='ocr_line' id='line_1_81' title="bbox 2103 3900 3721 3974; baseline -0.002 -19"><span class='ocrx_word' id='word_1_519' title='bbox 2103 3901 2238 3970; x_wconf 82' lang='grc' dir='ltr'>ὶδίῳ</span> <span class='ocrx_word' id='word_1_520' title='bbox 2258 3902 2596 3967; x_wconf 82' lang='grc' dir='ltr'>ἐπισκόπφ,</span> <span class='ocrx_word' id='word_1_521' title='bbox 2623 3900 2984 3974; x_wconf 80' lang='grc' dir='ltr'>,βουλομένῳ</span> <span class='ocrx_word' id='word_1_522' title='bbox 3013 3902 3390 3973; x_wconf 78' lang='grc' dir='ltr'>χειροτονεῖν</span> <span class='ocrx_word' id='word_1_523' title='bbox 3413 3901 3613 3957; x_wconf 82' lang='grc' dir='ltr'>αὐτὸν</span> <span class='ocrx_word' id='word_1_524' title='bbox 3638 3900 3721 3964; x_wconf 82' lang='grc' dir='ltr'><strong>είς</strong></span> 
     </span>
    </p>
   </div>
   <div class='ocr_carea' id='block_1_82' title="bbox 2103 3993 2631 4064">
    <p class='ocr_par' dir='ltr' id='par_1_82' title="bbox 2103 3993 2631 4064">
     <span class='ocr_line' id='line_1_82' title="bbox 2103 3993 2631 4064; baseline -0.002 -15"><span class='ocrx_word' id='word_1_525' title='bbox 2103 3993 2348 4064; x_wconf 81' lang='grc' dir='ltr'>μείζονα</span> <span class='ocrx_word' id='word_1_526' title='bbox 2368 3994 2631 4064; x_wconf 78' lang='grc' dir='ltr'>βαθμόν.</span> 
     </span>
    </p>
   </div>
   <div class='ocr_carea' id='block_1_83' title="bbox 2181 4087 3725 4161">
    <p class='ocr_par' dir='ltr' id='par_1_83' title="bbox 2181 4087 3725 4161">
     <span class='ocr_line' id='line_1_83' title="bbox 2181 4087 3725 4161; baseline -0.001 -20"><span class='ocrx_word' id='word_1_527' title='bbox 2181 4087 2410 4142; x_wconf 88' lang='grc' dir='ltr'>Συνόδου</span> <span class='ocrx_word' id='word_1_528' title='bbox 2460 4087 2861 4161; x_wconf 81' lang='grc' dir='ltr'>Καρθαγέννης</span> <span class='ocrx_word' id='word_1_529' title='bbox 2908 4088 3090 4144; x_wconf 85' lang='grc' dir='ltr'>κανὼν</span> <span class='ocrx_word' id='word_1_530' title='bbox 3109 4087 3227 4144; x_wconf 86' lang='grc' dir='ltr'>λα’·</span> <span class='ocrx_word' id='word_1_531' title='bbox 3274 4088 3585 4144; x_wconf 86' lang='grc' dir='ltr'>Βασιλείου</span> <span class='ocrx_word' id='word_1_532' title='bbox 3633 4102 3725 4139; x_wconf 82' lang='grc' dir='ltr'>κα-</span> 
     </span>
    </p>
   </div>
   <div class='ocr_carea' id='block_1_84' title="bbox 2110 4178 2299 4233">
    <p class='ocr_par' dir='ltr' id='par_1_84' title="bbox 2110 4178 2299 4233">
     <span class='ocr_line' id='line_1_84' title="bbox 2110 4178 2299 4233; baseline 0 0"><span class='ocrx_word' id='word_1_533' title='bbox 2110 4180 2215 4233; x_wconf 82' lang='grc' dir='ltr'><strong>νὼν</strong></span> <span class='ocrx_word' id='word_1_534' title='bbox 2249 4178 2299 4233; x_wconf 84' lang='grc' dir='ltr'>ι’.</span> 
     </span>
    </p>
   </div>
   <div class='ocr_carea' id='block_1_85' title="bbox 2186 4269 3727 4342">
    <p class='ocr_par' dir='ltr' id='par_1_85' title="bbox 2186 4269 3727 4342">
     <span class='ocr_line' id='line_1_85' title="bbox 2186 4269 3727 4342; baseline -0.001 -17"><span class='ocrx_word' id='word_1_535' title='bbox 2186 4272 2438 4325; x_wconf 81' lang='grc' dir='ltr'><strong>ΚΕΦΑΔ.</strong></span> <span class='ocrx_word' id='word_1_536' title='bbox 2490 4270 2588 4326; x_wconf 85' lang='lat' dir='ltr'><strong>IZ&#39;.</strong></span> <span class='ocrx_word' id='word_1_537' title='bbox 2613 4301 2683 4310; x_wconf 89' lang='lat'><em>—</em></span> <span class='ocrx_word' id='word_1_538' title='bbox 2732 4272 2873 4341; x_wconf 79' lang='grc' dir='ltr'>Περὶ</span> <span class='ocrx_word' id='word_1_539' title='bbox 2908 4273 3286 4336; x_wconf 80' lang='grc' dir='ltr'>ἐπισκόπου,</span> <span class='ocrx_word' id='word_1_540' title='bbox 3328 4274 3372 4342; x_wconf 79' lang='grc' dir='ltr'>ἦ</span> <span class='ocrx_word' id='word_1_541' title='bbox 3430 4269 3727 4342; x_wconf 73' lang='grc' dir='ltr'>κληρικοῦ</span> 
     </span>
    </p>
   </div>
   <div class='ocr_carea' id='block_1_86' title="bbox 395 4335 1993 4442">
    <p class='ocr_par' dir='ltr' id='par_1_86' title="bbox 395 4335 1993 4420">
     <span class='ocr_line' id='line_1_86' title="bbox 395 4335 1993 4420; baseline 0.013 -35"><span class='ocrx_word' id='word_1_542' title='bbox 395 4335 487 4403; x_wconf 83' lang='lat' dir='ltr'><strong>qui</strong></span> <span class='ocrx_word' id='word_1_543' title='bbox 513 4335 576 4387; x_wconf 88' lang='lat' dir='ltr'><strong>ab</strong></span> <span class='ocrx_word' id='word_1_544' title='bbox 607 4336 797 4390; x_wconf 81' lang='lat' dir='ltr'><strong>incolis</strong></span> <span class='ocrx_word' id='word_1_545' title='bbox 826 4354 935 4392; x_wconf 86' lang='lat' dir='ltr'><strong>non</strong></span> <span class='ocrx_word' id='word_1_546' title='bbox 961 4341 1278 4411; x_wconf 76' lang='lat' dir='ltr'><strong>suscipitur,</strong></span> <span class='ocrx_word' id='word_1_547' title='bbox 1322 4353 1417 4398; x_wconf 82' lang='lat' dir='ltr'><strong>aut</strong></span> <span class='ocrx_word' id='word_1_548' title='bbox 1464 4361 1571 4400; x_wconf 84' lang='lat' dir='ltr'><strong>non</strong></span> <span class='ocrx_word' id='word_1_549' title='bbox 1615 4349 1859 4420; x_wconf 75' lang='lat' dir='ltr'><strong>suscipit,</strong></span> <span class='ocrx_word' id='word_1_550' title='bbox 1905 4361 1993 4405; x_wconf 81' lang='lat' dir='ltr'><strong>aut</strong></span> 
     </span>
    </p>
   </div>
   <div class='ocr_carea' id='block_1_87' title="bbox 2116 4335 3731 4442">
    <p class='ocr_par' dir='ltr' id='par_1_87' title="bbox 2116 4335 3731 4438">
     <span class='ocr_line' id='line_1_87' title="bbox 2116 4335 3731 4438; baseline 0 -18"><span class='ocrx_word' id='word_1_551' title='bbox 2116 4366 2659 4437; x_wconf 75' lang='grc' dir='ltr'>χειροτονηθέντος,</span> <span class='ocrx_word' id='word_1_552' title='bbox 2682 4367 2783 4422; x_wconf 77' lang='grc' dir='ltr'>καὶ</span> <span class='ocrx_word' id='word_1_553' title='bbox 2810 4335 2899 4436; x_wconf 51' lang='grc' dir='ltr'><strong>μὴ</strong></span> <span class='ocrx_word' id='word_1_554' title='bbox 2938 4367 3259 4438; x_wconf 66' lang='grc' dir='ltr'>δοχθέν-τος</span> <span class='ocrx_word' id='word_1_555' title='bbox 3281 4335 3415 4423; x_wconf 57' lang='grc' dir='ltr'><strong>ὑπὸ</strong></span> <span class='ocrx_word' id='word_1_556' title='bbox 3444 4335 3572 4437; x_wconf 62' lang='grc' dir='ltr'><strong>τῆξ</strong></span> <span class='ocrx_word' id='word_1_557' title='bbox 3588 4380 3731 4435; x_wconf 80' lang='grc' dir='ltr'>παρ-</span> 
     </span>
    </p>
   </div>
   <div class='ocr_carea' id='block_1_88' title="bbox 399 4427 918 4498">
    <p class='ocr_par' dir='ltr' id='par_1_88' title="bbox 399 4427 918 4498">
     <span class='ocr_line' id='line_1_88' title="bbox 399 4427 918 4498; baseline 0.015 -21"><span class='ocrx_word' id='word_1_558' title='bbox 399 4427 548 4479; x_wconf 82' lang='lat' dir='ltr'><strong>abire</strong></span> <span class='ocrx_word' id='word_1_559' title='bbox 590 4444 694 4482; x_wconf 83' lang='lat' dir='ltr'><strong>non</strong></span> <span class='ocrx_word' id='word_1_560' title='bbox 726 4439 918 4498; x_wconf 76' lang='lat' dir='ltr'><strong>potest.</strong></span> 
     </span>
    </p>
   </div>
   <div class='ocr_carea' id='block_1_89' title="bbox 474 4615 1990 4704">
    <p class='ocr_par' dir='ltr' id='par_1_89' title="bbox 474 4615 1990 4704">
     <span class='ocr_line' id='line_1_89' title="bbox 474 4615 1990 4704; baseline 0.015 -37"><span class='ocrx_word' id='word_1_561' title='bbox 474 4615 860 4686; x_wconf 85' lang='lat' dir='ltr'><strong>Apostolorum</strong></span> <span class='ocrx_word' id='word_1_562' title='bbox 922 4637 1099 4678; x_wconf 90' lang='lat' dir='ltr'><strong>canon</strong></span> <span class='ocrx_word' id='word_1_563' title='bbox 1134 4624 1238 4690; x_wconf 75' lang='lat'><strong>56;</strong></span> <span class='ocrx_word' id='word_1_564' title='bbox 1300 4628 1523 4684; x_wconf 88' lang='lat' dir='ltr'><strong>concilii</strong></span> <span class='ocrx_word' id='word_1_565' title='bbox 1561 4630 1839 4704; x_wconf 83' lang='lat' dir='ltr'><strong>Ancyrani</strong></span> <span class='ocrx_word' id='word_1_566' title='bbox 1904 4651 1990 4690; x_wconf 51' lang='lat' dir='ltr'><strong>ca.</strong></span> 
     </span>
    </p>
   </div>
   <div class='ocr_carea' id='block_1_90' title="bbox 402 4710 1999 4793">
    <p class='ocr_par' dir='ltr' id='par_1_90' title="bbox 402 4710 1999 4793">
     <span class='ocr_line' id='line_1_90' title="bbox 402 4710 1999 4793; baseline 0.013 -31"><span class='ocrx_word' id='word_1_567' title='bbox 402 4726 509 4763; x_wconf 86' lang='lat' dir='ltr'><strong>non</strong></span> <span class='ocrx_word' id='word_1_568' title='bbox 542 4710 638 4777; x_wconf 83' lang='lat' dir='ltr'><strong>l8;</strong></span> <span class='ocrx_word' id='word_1_569' title='bbox 677 4715 895 4769; x_wconf 85' lang='lat' dir='ltr'><strong>concilii</strong></span> <span class='ocrx_word' id='word_1_570' title='bbox 927 4718 1255 4775; x_wconf 83' lang='lat' dir='ltr'><strong>Antiocheni</strong></span> <span class='ocrx_word' id='word_1_571' title='bbox 1288 4736 1465 4776; x_wconf 86' lang='lat' dir='ltr'><strong>canon</strong></span> <span class='ocrx_word' id='word_1_572' title='bbox 1501 4724 1590 4788; x_wconf 83' lang='lat' dir='ltr'><strong>I7,</strong></span> <span class='ocrx_word' id='word_1_573' title='bbox 1634 4726 1740 4793; x_wconf 70' lang='lat'><strong>18;</strong></span> <span class='ocrx_word' id='word_1_574' title='bbox 1778 4729 1999 4783; x_wconf 86' lang='lat' dir='ltr'><strong>concilii</strong></span> 
     </span>
    </p>
   </div>
   <div class='ocr_carea' id='block_1_91' title="bbox 402 4807 789 4861">
    <p class='ocr_par' dir='ltr' id='par_1_91' title="bbox 402 4807 789 4861">
     <span class='ocr_line' id='line_1_91' title="bbox 402 4807 789 4861; baseline 0.01 -5"><span class='ocrx_word' id='word_1_575' title='bbox 402 4820 453 4857; x_wconf 80' lang='lat' dir='ltr'><strong>v1</strong></span> <span class='ocrx_word' id='word_1_576' title='bbox 491 4820 666 4859; x_wconf 88' lang='lat' dir='ltr'><strong>canon</strong></span> <span class='ocrx_word' id='word_1_577' title='bbox 704 4807 789 4861; x_wconf 86' lang='lat' dir='ltr'><strong>I7.</strong></span> 
     </span>
    </p>
   </div>
   <div class='ocr_carea' id='block_1_92' title="bbox 475 4938 2004 5029">
    <p class='ocr_par' dir='ltr' id='par_1_92' title="bbox 475 4938 2004 5029">
     <span class='ocr_line' id='line_1_92' title="bbox 475 4938 2004 5029; baseline 0.011 -33"><span class='ocrx_word' id='word_1_578' title='bbox 475 4938 629 4996; x_wconf 86' lang='lat' dir='ltr'><strong>CAP.</strong></span> <span class='ocrx_word' id='word_1_579' title='bbox 664 4942 853 4998; x_wconf 75' lang='lat' dir='ltr'><strong>XVIII.</strong></span> <span class='ocrx_word' id='word_1_580' title='bbox 872 4978 942 4988; x_wconf 92' lang='lat'><strong>—</strong></span> <span class='ocrx_word' id='word_1_581' title='bbox 963 4946 1117 5013; x_wconf 86' lang='lat' dir='ltr'><strong>Quod</strong></span> <span class='ocrx_word' id='word_1_582' title='bbox 1149 4953 1422 5022; x_wconf 81' lang='lat' dir='ltr'><strong>episcopus</strong></span> <span class='ocrx_word' id='word_1_583' title='bbox 1450 4956 1679 5011; x_wconf 84' lang='lat' dir='ltr'><strong>moriens</strong></span> <span class='ocrx_word' id='word_1_584' title='bbox 1704 4974 1805 5012; x_wconf 84' lang='lat' dir='ltr'><strong>non</strong></span> <span class='ocrx_word' id='word_1_585' title='bbox 1838 4962 2004 5029; x_wconf 72' lang='lat' dir='ltr'><strong>possit</strong></span> 
     </span>
    </p>
   </div>
   <div class='ocr_carea' id='block_1_93' title="bbox 402 5034 1083 5107">
    <p class='ocr_par' dir='ltr' id='par_1_93' title="bbox 402 5034 1083 5107">
     <span class='ocr_line' id='line_1_93' title="bbox 402 5034 1083 5107; baseline 0.013 -20"><span class='ocrx_word' id='word_1_586' title='bbox 402 5034 572 5089; x_wconf 87' lang='lat' dir='ltr'><strong>alium</strong></span> <span class='ocrx_word' id='word_1_587' title='bbox 601 5053 698 5107; x_wconf 82' lang='lat' dir='ltr'><strong>pro</strong></span> <span class='ocrx_word' id='word_1_588' title='bbox 727 5056 781 5093; x_wconf 79' lang='lat' dir='ltr'><strong>se</strong></span> <span class='ocrx_word' id='word_1_589' title='bbox 814 5042 1083 5096; x_wconf 85' lang='lat' dir='ltr'><strong>ordinare.</strong></span> 
     </span>
    </p>
   </div>
   <div class='ocr_carea' id='block_1_94' title="bbox 474 5220 2009 5295">
    <p class='ocr_par' dir='ltr' id='par_1_94' title="bbox 474 5220 2009 5295">
     <span class='ocr_line' id='line_1_94' title="bbox 474 5220 2009 5295; baseline 0.014 -24"><span class='ocrx_word' id='word_1_590' title='bbox 474 5220 867 5290; x_wconf 83' lang='lat' dir='ltr'><strong>Apostolorum</strong></span> <span class='ocrx_word' id='word_1_591' title='bbox 902 5241 1079 5282; x_wconf 91' lang='lat' dir='ltr'><strong>canon</strong></span> <span class='ocrx_word' id='word_1_592' title='bbox 1128 5227 1225 5295; x_wconf 81' lang='lat'><strong>76;</strong></span> <span class='ocrx_word' id='word_1_593' title='bbox 1273 5232 1490 5287; x_wconf 91' lang='lat' dir='ltr'><strong>concilii</strong></span> <span class='ocrx_word' id='word_1_594' title='bbox 1537 5234 1863 5291; x_wconf 85' lang='lat' dir='ltr'><strong>Antiochcni</strong></span> <span class='ocrx_word' id='word_1_595' title='bbox 1916 5252 2009 5292; x_wconf 59' lang='lat' dir='ltr'><strong>cae</strong></span> 
     </span>
    </p>
   </div>
   <div class='ocr_carea' id='block_1_95' title="bbox 407 5313 634 5369">
    <p class='ocr_par' dir='ltr' id='par_1_95' title="bbox 407 5313 634 5369">
     <span class='ocr_line' id='line_1_95' title="bbox 407 5313 634 5369; baseline 0.018 -4"><span class='ocrx_word' id='word_1_596' title='bbox 407 5326 515 5366; x_wconf 90' lang='lat' dir='ltr'><strong>non</strong></span> <span class='ocrx_word' id='word_1_597' title='bbox 542 5313 634 5369; x_wconf 68' lang='grc'><strong>25.</strong></span> 
     </span>
    </p>
   </div>
   <div class='ocr_carea' id='block_1_96' title="bbox 473 5445 2009 5531">
    <p class='ocr_par' dir='ltr' id='par_1_96' title="bbox 473 5445 2009 5531">
     <span class='ocr_line' id='line_1_96' title="bbox 473 5445 2009 5531; baseline 0.014 -33"><span class='ocrx_word' id='word_1_598' title='bbox 473 5445 628 5503; x_wconf 81' lang='lat' dir='ltr'><strong>CAP.</strong></span> <span class='ocrx_word' id='word_1_599' title='bbox 663 5448 808 5505; x_wconf 79' lang='lat' dir='ltr'><strong>XIX.</strong></span> <span class='ocrx_word' id='word_1_600' title='bbox 843 5483 910 5495; x_wconf 87' lang='lat'><strong>-—</strong></span> <span class='ocrx_word' id='word_1_601' title='bbox 943 5451 1025 5509; x_wconf 90' lang='lat' dir='ltr'><strong>Ne</strong></span> <span class='ocrx_word' id='word_1_602' title='bbox 1076 5464 1266 5513; x_wconf 84' lang='lat' dir='ltr'><strong>temere</strong></span> <span class='ocrx_word' id='word_1_603' title='bbox 1321 5461 1373 5513; x_wconf 87' lang='lat' dir='ltr'><strong>in</strong></span> <span class='ocrx_word' id='word_1_604' title='bbox 1430 5478 1595 5531; x_wconf 81' lang='lat' dir='ltr'><strong>parra</strong></span> <span class='ocrx_word' id='word_1_605' title='bbox 1648 5465 1860 5519; x_wconf 69' lang='lat' dir='ltr'><strong>civitate</strong></span> <span class='ocrx_word' id='word_1_606' title='bbox 1915 5476 2009 5521; x_wconf 82' lang='lat' dir='ltr'><strong>aut</strong></span> 
     </span>
    </p>
   </div>
   <div class='ocr_carea' id='block_1_97' title="bbox 404 5541 983 5615">
    <p class='ocr_par' dir='ltr' id='par_1_97' title="bbox 404 5541 983 5615">
     <span class='ocr_line' id='line_1_97' title="bbox 404 5541 983 5615; baseline 0.017 -26"><span class='ocrx_word' id='word_1_607' title='bbox 404 5553 540 5607; x_wconf 85' lang='lat' dir='ltr'><strong>pago</strong></span> <span class='ocrx_word' id='word_1_608' title='bbox 565 5541 842 5612; x_wconf 82' lang='lat' dir='ltr'><strong>episcopus</strong></span> <span class='ocrx_word' id='word_1_609' title='bbox 866 5546 983 5615; x_wconf 81' lang='lat' dir='ltr'><strong>ﬁat.</strong></span> 
     </span>
    </p>
   </div>
   <div class='ocr_carea' id='block_1_98' title="bbox 472 5625 2014 5712">
    <p class='ocr_par' dir='ltr' id='par_1_98' title="bbox 472 5625 2014 5712">
     <span class='ocr_line' id='line_1_98' title="bbox 472 5625 2014 5712; baseline 0.017 -32"><span class='ocrx_word' id='word_1_610' title='bbox 472 5625 703 5685; x_wconf 86' lang='lat' dir='ltr'><strong>Concilii</strong></span> <span class='ocrx_word' id='word_1_611' title='bbox 738 5631 1093 5696; x_wconf 85' lang='lat' dir='ltr'><strong>Laodicensis</strong></span> <span class='ocrx_word' id='word_1_612' title='bbox 1119 5656 1297 5699; x_wconf 86' lang='lat' dir='ltr'><strong>canon</strong></span> <span class='ocrx_word' id='word_1_613' title='bbox 1321 5642 1427 5712; x_wconf 83' lang='lat'><strong>57;</strong></span> <span class='ocrx_word' id='word_1_614' title='bbox 1462 5646 1681 5702; x_wconf 79' lang='lat' dir='ltr'><strong>concilii</strong></span> <span class='ocrx_word' id='word_1_615' title='bbox 1723 5644 2014 5705; x_wconf 79' lang='lat' dir='ltr'><strong>Sardicen-</strong></span> 
     </span>
    </p>
   </div>
   <div class='ocr_carea' id='block_1_99' title="bbox 403 5713 2052 5815">
    <p class='ocr_par' dir='ltr' id='par_1_99' title="bbox 403 5713 2052 5815">
     <span class='ocr_line' id='line_1_99' title="bbox 403 5713 2052 5815; baseline 0.003 -47"><span class='ocrx_word' id='word_1_616' title='bbox 403 5713 482 5769; x_wconf 82' lang='lat' dir='ltr'><strong>sis</strong></span> <span class='ocrx_word' id='word_1_617' title='bbox 510 5729 687 5773; x_wconf 84' lang='lat' dir='ltr'><strong>canon</strong></span> <span class='ocrx_word' id='word_1_618' title='bbox 719 5718 769 5775; x_wconf 84' lang='grc'>6.</span> <span class='ocrx_word' id='word_1_619' title='bbox 2016 5780 2052 5815; x_wconf 37' lang='lat' dir='ltr'><strong>ri</strong></span> 
     </span>
    </p>
   </div>
   <div class='ocr_carea' id='block_1_100' title="bbox 2109 4454 3729 4528">
    <p class='ocr_par' dir='ltr' id='par_1_100' title="bbox 2109 4454 3729 4528">
     <span class='ocr_line' id='line_1_100' title="bbox 2109 4454 3729 4528; baseline -0.002 -19"><span class='ocrx_word' id='word_1_620' title='bbox 2109 4457 2324 4522; x_wconf 75' lang='grc' dir='ltr'>οικίας,</span> <span class='ocrx_word' id='word_1_621' title='bbox 2361 4457 2400 4524; x_wconf 77' lang='grc' dir='ltr'><strong>ἢ</strong></span> <span class='ocrx_word' id='word_1_622' title='bbox 2453 4457 2540 4526; x_wconf 81' lang='grc' dir='ltr'>μὴ</span> <span class='ocrx_word' id='word_1_623' title='bbox 2602 4456 3116 4527; x_wconf 81' lang='grc' dir='ltr'>καταδεξαμένου,</span> <span class='ocrx_word' id='word_1_624' title='bbox 3158 4459 3197 4528; x_wconf 81' lang='grc' dir='ltr'><em>ἢ</em></span> <span class='ocrx_word' id='word_1_625' title='bbox 3236 4456 3328 4527; x_wconf 85' lang='grc' dir='ltr'>μὴ</span> <span class='ocrx_word' id='word_1_626' title='bbox 3372 4454 3729 4527; x_wconf 75' lang='grc' dir='ltr'>δυναμένου</span> 
     </span>
    </p>
   </div>
   <div class='ocr_carea' id='block_1_101' title="bbox 2105 4547 2414 4603">
    <p class='ocr_par' dir='ltr' id='par_1_101' title="bbox 2105 4547 2414 4603">
     <span class='ocr_line' id='line_1_101' title="bbox 2105 4547 2414 4603; baseline 0.003 -1"><span class='ocrx_word' id='word_1_627' title='bbox 2105 4547 2414 4603; x_wconf 76' lang='grc' dir='ltr'>ἀπελθεῖν.</span> 
     </span>
    </p>
   </div>
   <div class='ocr_carea' id='block_1_102' title="bbox 2194 4640 3731 4717">
    <p class='ocr_par' dir='ltr' id='par_1_102' title="bbox 2194 4640 3731 4717">
     <span class='ocr_line' id='line_1_102' title="bbox 2194 4640 3731 4717; baseline 0.001 -23"><span class='ocrx_word' id='word_1_628' title='bbox 2194 4641 2537 4696; x_wconf 82' lang='grc' dir='ltr'>Ἀποστόλων</span> <span class='ocrx_word' id='word_1_629' title='bbox 2592 4640 2773 4696; x_wconf 86' lang='grc' dir='ltr'>κανὼν</span> <span class='ocrx_word' id='word_1_630' title='bbox 2817 4642 2906 4708; x_wconf 85' lang='grc' dir='ltr'>λς’</span> <span class='ocrx_word' id='word_1_631' title='bbox 2930 4660 2944 4673; x_wconf 86' lang='grc'><strong>·</strong></span> <span class='ocrx_word' id='word_1_632' title='bbox 2988 4644 3210 4698; x_wconf 88' lang='grc' dir='ltr'>συνόδου</span> <span class='ocrx_word' id='word_1_633' title='bbox 3275 4644 3582 4717; x_wconf 81' lang='grc' dir='ltr'>Ἀγκύρας</span> <span class='ocrx_word' id='word_1_634' title='bbox 3632 4660 3731 4696; x_wconf 85' lang='grc' dir='ltr'>κα-</span> 
     </span>
    </p>
   </div>
   <div class='ocr_carea' id='block_1_103' title="bbox 2105 4730 3734 4805">
    <p class='ocr_par' dir='ltr' id='par_1_103' title="bbox 2105 4730 3734 4805">
     <span class='ocr_line' id='line_1_103' title="bbox 2105 4730 3734 4805; baseline 0 -20"><span class='ocrx_word' id='word_1_635' title='bbox 2105 4730 2214 4785; x_wconf 87' lang='grc' dir='ltr'><strong>νὼν</strong></span> <span class='ocrx_word' id='word_1_636' title='bbox 2250 4730 2355 4803; x_wconf 86' lang='grc' dir='ltr'>ιη”</span> <span class='ocrx_word' id='word_1_637' title='bbox 2404 4732 2625 4787; x_wconf 87' lang='grc' dir='ltr'>συνόδου</span> <span class='ocrx_word' id='word_1_638' title='bbox 2684 4733 3016 4804; x_wconf 81' lang='grc' dir='ltr'>Ἀντιοχείας</span> <span class='ocrx_word' id='word_1_639' title='bbox 3062 4733 3244 4788; x_wconf 82' lang='grc' dir='ltr'>κανὼν</span> <span class='ocrx_word' id='word_1_640' title='bbox 3280 4733 3378 4800; x_wconf 78' lang='grc' dir='ltr'>ιζ’,</span> <span class='ocrx_word' id='word_1_641' title='bbox 3444 4740 3556 4805; x_wconf 84' lang='grc' dir='ltr'><strong>ιη’·</strong></span> <span class='ocrx_word' id='word_1_642' title='bbox 3608 4750 3734 4786; x_wconf 88' lang='grc' dir='ltr'>συν-</span> 
     </span>
    </p>
   </div>
   <div class='ocr_carea' id='block_1_104' title="bbox 2107 4822 2639 4890">
    <p class='ocr_par' dir='ltr' id='par_1_104' title="bbox 2107 4822 2639 4890">
     <span class='ocr_line' id='line_1_104' title="bbox 2107 4822 2639 4890; baseline 0.006 -14"><span class='ocrx_word' id='word_1_643' title='bbox 2107 4824 2230 4877; x_wconf 77' lang='grc' dir='ltr'>όδου</span> <span class='ocrx_word' id='word_1_644' title='bbox 2265 4822 2318 4888; x_wconf 83' lang='grc' dir='ltr'>ς’</span> <span class='ocrx_word' id='word_1_645' title='bbox 2340 4824 2522 4878; x_wconf 85' lang='grc' dir='ltr'>κανὼν</span> <span class='ocrx_word' id='word_1_646' title='bbox 2555 4823 2639 4890; x_wconf 79' lang='grc' dir='ltr'>ις’.</span> 
     </span>
    </p>
   </div>
   <div class='ocr_carea' id='block_1_105' title="bbox 2179 4956 3737 5029">
    <p class='ocr_par' dir='ltr' id='par_1_105' title="bbox 2179 4956 3737 5029">
     <span class='ocr_line' id='line_1_105' title="bbox 2179 4956 3737 5029; baseline 0.001 -18"><span class='ocrx_word' id='word_1_647' title='bbox 2179 4956 2433 5011; x_wconf 81' lang='grc' dir='ltr'><strong>ΚΕΦΔΛ.</strong></span> <span class='ocrx_word' id='word_1_648' title='bbox 2494 4956 2602 5011; x_wconf 81' lang='lat' dir='ltr'><strong>III&#39;.</strong></span> <span class='ocrx_word' id='word_1_649' title='bbox 2648 4987 2719 4997; x_wconf 90' lang='lat'><strong>——</strong></span> <span class='ocrx_word' id='word_1_650' title='bbox 2768 4959 2911 5028; x_wconf 80' lang='grc' dir='ltr'>Περὶ</span> <span class='ocrx_word' id='word_1_651' title='bbox 2957 4958 3067 5013; x_wconf 77' lang='grc' dir='ltr'><strong>τοῦ</strong></span> <span class='ocrx_word' id='word_1_652' title='bbox 3117 4959 3205 5029; x_wconf 66' lang='grc' dir='ltr'>μὴ</span> <span class='ocrx_word' id='word_1_653' title='bbox 3257 4958 3587 5016; x_wconf 79' lang='grc' dir='ltr'>δύνασθαι</span> <span class='ocrx_word' id='word_1_654' title='bbox 3632 4960 3737 5014; x_wconf 81' lang='grc' dir='ltr'>τὸν</span> 
     </span>
    </p>
   </div>
   <div class='ocr_carea' id='block_1_106' title="bbox 2108 5048 3734 5124">
    <p class='ocr_par' dir='ltr' id='par_1_106' title="bbox 2108 5048 3734 5124">
     <span class='ocr_line' id='line_1_106' title="bbox 2108 5048 3734 5124; baseline 0.004 -23"><span class='ocrx_word' id='word_1_655' title='bbox 2108 5048 2491 5104; x_wconf 73' lang='grc' dir='ltr'>τελευτῶντα</span> <span class='ocrx_word' id='word_1_656' title='bbox 2519 5049 2867 5107; x_wconf 77' lang='grc' dir='ltr'>ἐπίσκοπον</span> <span class='ocrx_word' id='word_1_657' title='bbox 2895 5051 3104 5123; x_wconf 77' lang='grc' dir='ltr'>ἕτερον</span> <span class='ocrx_word' id='word_1_658' title='bbox 3127 5052 3259 5107; x_wconf 77' lang='grc' dir='ltr'>ἀντ’</span> <span class='ocrx_word' id='word_1_659' title='bbox 3296 5053 3512 5108; x_wconf 81' lang='grc' dir='ltr'>αὑτοῦ</span> <span class='ocrx_word' id='word_1_660' title='bbox 3540 5069 3734 5124; x_wconf 81' lang='grc' dir='ltr'>χειρο-</span> 
     </span>
    </p>
   </div>
   <div class='ocr_carea' id='block_1_107' title="bbox 2108 5155 2329 5195">
    <p class='ocr_par' dir='ltr' id='par_1_107' title="bbox 2108 5155 2329 5195">
     <span class='ocr_line' id='line_1_107' title="bbox 2108 5155 2329 5195; baseline 0.018 -4"><span class='ocrx_word' id='word_1_661' title='bbox 2108 5155 2329 5195; x_wconf 78' lang='grc' dir='ltr'>τονειν.</span> 
     </span>
    </p>
   </div>
   <div class='ocr_carea' id='block_1_108' title="bbox 2184 5231 3738 5300">
    <p class='ocr_par' dir='ltr' id='par_1_108' title="bbox 2184 5231 3738 5300">
     <span class='ocr_line' id='line_1_108' title="bbox 2184 5231 3738 5300; baseline 0.005 -18"><span class='ocrx_word' id='word_1_662' title='bbox 2184 5231 2308 5283; x_wconf 79' lang='grc' dir='ltr'>Τῶν</span> <span class='ocrx_word' id='word_1_663' title='bbox 2340 5232 2514 5300; x_wconf 88' lang='grc' dir='ltr'>ἁγίων</span> <span class='ocrx_word' id='word_1_664' title='bbox 2533 5235 2851 5289; x_wconf 87' lang='grc' dir='ltr'>ἀποστόλων</span> <span class='ocrx_word' id='word_1_665' title='bbox 2878 5234 3062 5289; x_wconf 85' lang='grc' dir='ltr'>κανὼν</span> <span class='ocrx_word' id='word_1_666' title='bbox 3091 5232 3180 5299; x_wconf 82' lang='grc' dir='ltr'>ος¹</span> <span class='ocrx_word' id='word_1_667' title='bbox 3200 5249 3215 5264; x_wconf 83' lang='grc'><em>’</em></span> <span class='ocrx_word' id='word_1_668' title='bbox 3245 5237 3492 5291; x_wconf 86' lang='grc' dir='ltr'>συνόδου</span> <span class='ocrx_word' id='word_1_669' title='bbox 3534 5237 3738 5292; x_wconf 70' lang='grc' dir='ltr'>Ἀντιοκ</span> 
     </span>
    </p>
   </div>
   <div class='ocr_carea' id='block_1_109' title="bbox 2110 5323 2619 5395">
    <p class='ocr_par' dir='ltr' id='par_1_109' title="bbox 2110 5323 2619 5395">
     <span class='ocr_line' id='line_1_109' title="bbox 2110 5323 2619 5395; baseline 0.01 -19"><span class='ocrx_word' id='word_1_670' title='bbox 2110 5323 2265 5393; x_wconf 86' lang='grc' dir='ltr'>χείας</span> <span class='ocrx_word' id='word_1_671' title='bbox 2294 5324 2478 5377; x_wconf 87' lang='grc' dir='ltr'>κανὼν</span> <span class='ocrx_word' id='word_1_672' title='bbox 2512 5324 2619 5395; x_wconf 81' lang='grc' dir='ltr'>κγ’.</span> 
     </span>
    </p>
   </div>
   <div class='ocr_carea' id='block_1_110' title="bbox 2187 5460 3736 5536">
    <p class='ocr_par' dir='ltr' id='par_1_110' title="bbox 2187 5460 3736 5536">
     <span class='ocr_line' id='line_1_110' title="bbox 2187 5460 3736 5536; baseline 0.005 -24"><span class='ocrx_word' id='word_1_673' title='bbox 2187 5460 2436 5515; x_wconf 79' lang='grc' dir='ltr'><strong>ΚΕΦΛΛ.</strong></span> <span class='ocrx_word' id='word_1_674' title='bbox 2476 5460 2580 5516; x_wconf 83' lang='grc' dir='ltr'><strong>ῙΘ’.</strong></span> <span class='ocrx_word' id='word_1_675' title='bbox 2610 5493 2677 5505; x_wconf 91' lang='lat'><strong>——</strong></span> <span class='ocrx_word' id='word_1_676' title='bbox 2711 5464 2851 5532; x_wconf 75' lang='grc' dir='ltr'>Περὶ</span> <span class='ocrx_word' id='word_1_677' title='bbox 2882 5465 2987 5520; x_wconf 82' lang='grc' dir='ltr'>τοῦ</span> <span class='ocrx_word' id='word_1_678' title='bbox 3033 5467 3120 5536; x_wconf 77' lang='grc' dir='ltr'>μὴ</span> <span class='ocrx_word' id='word_1_679' title='bbox 3165 5466 3384 5535; x_wconf 78' lang='grc' dir='ltr'>ἁπλῶς</span> <span class='ocrx_word' id='word_1_680' title='bbox 3435 5470 3512 5522; x_wconf 81' lang='grc' dir='ltr'><strong>ἐν</strong></span> <span class='ocrx_word' id='word_1_681' title='bbox 3563 5469 3736 5522; x_wconf 70' lang='grc' dir='ltr'>πόλει</span> 
     </span>
    </p>
   </div>
   <div class='ocr_carea' id='block_1_111' title="bbox 2111 5553 3374 5625">
    <p class='ocr_par' dir='ltr' id='par_1_111' title="bbox 2111 5553 3374 5625">
     <span class='ocr_line' id='line_1_111' title="bbox 2111 5553 3374 5625; baseline 0.01 -22"><span class='ocrx_word' id='word_1_682' title='bbox 2111 5553 2391 5622; x_wconf 77' lang='grc' dir='ltr'>βραχείᾳ,</span> <span class='ocrx_word' id='word_1_683' title='bbox 2425 5553 2462 5623; x_wconf 82' lang='grc' dir='ltr'>ἢ</span> <span class='ocrx_word' id='word_1_684' title='bbox 2499 5554 2665 5625; x_wconf 78' lang='grc' dir='ltr'>κώμῃ</span> <span class='ocrx_word' id='word_1_685' title='bbox 2695 5556 2967 5624; x_wconf 77' lang='grc' dir='ltr'>γίνεσθαι</span> <span class='ocrx_word' id='word_1_686' title='bbox 3003 5561 3374 5615; x_wconf 74' lang='grc' dir='ltr'>ἐπίσκοπον.</span> 
     </span>
    </p>
   </div>
   <div class='ocr_carea' id='block_1_112' title="bbox 2190 5646 3736 5731">
    <p class='ocr_par' dir='ltr' id='par_1_112' title="bbox 2190 5646 3736 5731">
     <span class='ocr_line' id='line_1_112' title="bbox 2190 5646 3736 5731; baseline 0.009 -33"><span class='ocrx_word' id='word_1_687' title='bbox 2190 5646 2417 5700; x_wconf 87' lang='grc' dir='ltr'>Συνόδου</span> <span class='ocrx_word' id='word_1_688' title='bbox 2454 5649 2776 5715; x_wconf 83' lang='grc' dir='ltr'>Λαοδικείας</span> <span class='ocrx_word' id='word_1_689' title='bbox 2806 5650 2987 5705; x_wconf 69' lang='grc' dir='ltr'>κανὼν</span> <span class='ocrx_word' id='word_1_690' title='bbox 3016 5650 3092 5718; x_wconf 74' lang='grc' dir='ltr'><strong>νζ¹</strong></span> <span class='ocrx_word' id='word_1_691' title='bbox 3120 5671 3131 5683; x_wconf 76' lang='grc'><em>’</em></span> <span class='ocrx_word' id='word_1_692' title='bbox 3164 5654 3414 5725; x_wconf 69' lang='grc' dir='ltr'><strong>¹συνόδου</strong></span> <span class='ocrx_word' id='word_1_693' title='bbox 3459 5657 3736 5731; x_wconf 59' lang='grc' dir='ltr'>Σαρδικῖκ</span> 
     </span>
    </p>
   </div>
   <div class='ocr_carea' id='block_1_113' title="bbox 2121 5736 3531 5813">
    <p class='ocr_par' dir='ltr' id='par_1_113' title="bbox 2121 5736 3531 5813">
     <span class='ocr_line' id='line_1_113' title="bbox 2121 5736 3531 5813; baseline 0.001 -22"><span class='ocrx_word' id='word_1_694' title='bbox 2121 5736 2298 5794; x_wconf 84' lang='grc' dir='ltr'>κανὼν</span> <span class='ocrx_word' id='word_1_695' title='bbox 2325 5755 2363 5803; x_wconf 79' lang='grc' dir='ltr'>ς-</span> <span class='ocrx_word' id='word_1_696' title='bbox 2385 5780 2398 5793; x_wconf 89' lang='grc'><strong>.</strong></span> <span class='ocrx_word' id='word_1_697' title='bbox 2696 5778 2699 5782; x_wconf 54' lang='grc' dir='ltr'><strong>ι</strong></span> <span class='ocrx_word' id='word_1_698' title='bbox 3440 5773 3531 5813; x_wconf 42' lang='grc'>⁸..--</span> 
     </span>
    </p>
   </div>
  </div>
