3916 6244
274 224 397 290 1001

1155 228 1643 291 NOMOCANON.
1682 255 1755 267 -
1791 232 1941 295 TIT.
1984 232 2034 307 I,
2078 234 2235 296 CAP.
2293 237 2651 299 XV-XXIII.

3418 237 3553 304 1002

328 342 584 397 ΚΕΦΑΛ.
618 340 793 397 Κ’.--
824 341 964 410 Περὶ
996 341 1105 397 τοῦ
1124 342 1210 412 μὴ
1244 340 1403 399 εἶναι
1438 345 1508 398 ἐν
1522 344 1634 415 μιᾷ
1671 346 1851 416 exap-

2027 348 2181 404 CAP.
2212 349 2331 405 XX.
2360 382 2431 392 —
2462 352 2545 407 Ne
2588 355 2642 407 in
2665 369 2771 407 una
2804 354 3078 424 provincia
3115 356 3218 409 duo
3246 357 3551 424 metropoli-

270 434 366 503 χίᾳ
395 432 508 487 δύο
547 433 1017 504 μητροπολίτας,
1050 433 1089 501 ἢ
1116 434 1185 486 ἐν
1206 432 1317 503 μιᾷ
1358 436 1534 490 πόλει
1574 435 1684 491 δύο
1730 437 1859 491 ἐπι-

269 527 565 591 σκόπους,
609 526 648 593 ἢ
673 526 743 579 ἐν
781 524 927 579 δυσί
968 525 1231 579 πόλεσιν
1262 525 1371 579 ἕνα
1398 527 1713 595 κληρικίν.

345 616 575 671 Συνόδου
613 617 853 681 Νικαίας
909 615 1092 671 κανὼν
1132 615 1182 686 η’
1207 634 1220 650 ·
1263 618 1485 673 συνόδου
1514 619 1860 690 Χαλκηδόνος

266 709 446 763 κανὼν
478 708 531 773 ι’,
568 708 635 779 ιβ’
662 727 676 741 ⁸
708 710 930 763 συνόδου
965 708 1199 774 Νικαίας
1241 711 1302 763 τὸ
1335 709 1402 781 β’,
1443 711 1626 766 κανὼν
1667 711 1751 766 ιε’.

334 802 644 873 Κείμενον.
695 802 752 857 '0
806 800 1183 865 Ἐλενότιοντος
1226 802 1320 856 δύο
1362 804 1477 873 ἔχει
1528 806 1861 879 μητροπολί-

265 912 465 960 τας,κ.
520 913 576 949 τ.
637 896 713 963 λ.,
751 911 929 966 usque
966 896 1036 951 ad
1094 896 1235 953 διάτ.
1278 896 1356 951 λθ’
1407 898 1503 952 τοῦ
1558 899 1725 952 αὐτοῦ
1783 900 1863 954 τί-

260 988 405 1045 τλου.

330 1082 617 1151 Σχόλιον.
660 1082 725 1138 Ἠ
749 1088 835 1153 κη’
864 1084 1034 1155 νεαρὰ
1063 1085 1237 1139 κεῖται
1264 1084 1345 1147 εἰς
1378 1083 1583 1155 βιϐλίον
1612 1085 1722 1139 τῶν
1748 1087 1855 1140 Βα-

269 1175 490 1229 σιλικῶν
516 1172 593 1241 ς’,
621 1176 729 1231 τίτ.
769 1174 856 1245 ιβ’,
899 1193 1026 1245 κεφ.
1052 1174 1122 1241 α’,
1161 1177 1285 1245 ἥτις
1318 1176 1553 1231 ἐνταῦθα
1580 1178 1680 1231 οὐκ
1702 1180 1860 1251 ἐτέθη

267 1267 395 1339 παρ’
442 1267 602 1339 ἡμῶν
636 1268 725 1321 διὰ
754 1268 817 1321 τὸ
852 1269 1109 1339 μεγάλως
1150 1268 1509 1341 ἀλλοιωθῆναι
1539 1271 1639 1342 τὴν
1671 1272 1779 1325 τῶν
1805 1276 1863 1327 ἐν

262 1359 431 1431 ταύτῃ
455 1359 806 1430 δηλουμένων
831 1360 1027 1431 χωρῶν
1053 1362 1391 1415 κατάστασιν
1419 1362 1527 1415 ὑπὸ
1552 1363 1660 1417 τῶν
1687 1364 1863 1418 ἀθέων

263 1452 589 1524 Βαρϐάρων,
610 1453 705 1506 καὶ
728 1453 817 1507 διὰ
836 1454 996 1508 τοῦτο
1021 1454 1375 1526 ἁπρακτῆσαι
1402 1458 1588 1510 καὶτὰ
1611 1457 1713 1527 τῆς
1742 1474 1865 1512 νεα-

260 1548 380 1615 ρᾶς.
416 1547 587 1616 Καὶδή
619 1544 704 1599 κθ’
737 1547 908 1618 νεαρὰ
976 1549 1191 1619 ἐγράφη
1220 1552 1299 1611 εἰς
1328 1549 1533 1619 βιϐλίον
1561 1551 1672 1604 τῶν
1701 1552 1863 1605 Βασιο

258 1645 425 1699 λικῶν
460 1644 536 1710 ς’,
564 1646 676 1701 τίτ.
709 1644 800 1715 ιγ’,
830 1663 957 1715 κεφ.
988 1643 1059 1709 α’,
1095 1644 1329 1699 ἐνταῦθα
1360 1645 1414 1699 δὲ
1448 1646 1547 1699 οὐκ
1584 1646 1743 1715 ἐτέθη
1776 1645 1862 1697 διὰ

255 1739 350 1809 τὴν
392 1740 567 1809 αὐτὴν
612 1741 814 1794 αἰτίαν.
867 1740 931 1793 Ἡ
972 1739 1045 1791 λε’
1103 1739 1245 1792 suae.
1296 1739 1390 1792 τοῦ
1442 1736 1491 1806 γ’
1536 1738 1642 1792 τίτ.
1680 1739 1772 1790 τοῦ
1805 1737 1853 1791 α’

259 1832 466 1902 βιϐλίου
489 1832 586 1887 τοῦ
621 1832 854 1898 κώδικός
879 1836 994 1887 ἐστι
1024 1850 1154 1900 κεφ.
1206 1830 1277 1899 γ’,
1318 1831 1414 1885 τοῦ
1450 1829 1498 1884 α’
1531 1832 1636 1885 τίτ.
1676 1831 1772 1884 τοῦ
1806 1829 1853 1899 γ’

257 1926 466 1997 βιϐλίου
519 1926 630 1980 τῶν
678 1925 1177 1988 Βασιλικῶν,οῢτω
1209 1925 1402 1993 λέγονο
1444 1924 1549 1979 Τὸν
1590 1923 1858 1994 ἀφαιρού-

260 2035 421 2087 μενον
448 2018 659 2082 πόλεως
710 2018 1036 2088 οίασδήποτέ
1070 2035 1214 2081 τινος
1261 2018 1430 2071 πάλαι
1458 2016 1646 2088 οὔσης,
1692 2017 1725 2088 ἢ
1757 2016 1853 2071 νῦν

260 2110 610 2183 πολισθείσης
631 2113 694 2165 τὸ
712 2112 810 2181 τῆς
842 2110 1017 2179 ίδικῆς
1048 2111 1356 2180 ἐπισκοπῆς
1388 2109 1644 2181 δίκαιονῆ
1667 2108 1754 2162 ἐτε
1764 2127 1856 2178 ρον

260 2204 557 2273 προνόμιον
616 2204 721 2259 κᾶν
776 2204 886 2257 ἀπὸ
938 2202 1229 2273 βασιλικῆς
1277 2202 1603 2273 ἐπιτροπῆς,
1671 2203 1860 2271 ἀτιμοῖ

262 2297 353 2349 καὶ
387 2295 623 2366 δημεύει
657 2300 691 2365 ὴ
722 2296 986 2361 διάταξις,
1020 2296 1304 2367 ἀκυροῦσα
1340 2297 1564 2366 κα“ι’τὴν
1601 2293 1857 2364 ἐγχείρη-

264 2402 365 2450 σιν,
398 2385 689 2458 ὐπεξαιρεῖ
719 2387 778 2439 δὲ
809 2388 910 2450 τὰς
939 2388 997 2440 ἐν
1026 2386 1235 2457 Σκυθίᾳ
1268 2386 1540 2456 ἐπαρχίας
1573 2386 1665 2439 καὶ
1691 2387 1854 2439 Λεον-

262 2479 481 2534 τόπολιν
512 2480 612 2548 τῆς
653 2480 951 2551 Ἰσαυρίας.
993 2480 1055 2532 Ἡ
1092 2479 1148 2532 δὲ
1182 2478 1257 2530 λθ¹
1288 2478 1530 2545 διάταξις
1562 2477 1660 2530 τοῦ
1690 2476 1857 2532 αὑτοῦ

261 2574 365 2625 τὶτ.
399 2575 497 2626 καὶ
527 2571 735 2643 βιϐλίου
761 2573 862 2625 οὐκ
891 2572 1051 2642 ἐτέθη
1086 2572 1166 2635 είς
1186 2571 1256 2625 τὰ
1281 2570 1569 2624 Βασιλικά.
1602 2570 1855 2640 Σημείω·

263 2681 350 2718 σαι
396 2664 477 2736 τῷ
518 2664 758 2717 ἐνταῦθα
809 2663 1256 2734 καταστρωθέντι
1290 2663 1439 2733 νόμῳ
1484 2664 1652 2734 ἤγουν
1702 2662 1780 2732 τῷ
1808 2679 1857 2732 γ’

264 2772 385 2825 κεφ.
414 2755 512 2810 τοῦ
540 2754 588 2810 α’
614 2756 720 2810 τίτ.
741 2756 835 2809 τοῦ
869 2754 916 2824 γ’
934 2755 1145 2826 βιϐλίου
1183 2756 1258 2827 μὴ
1280 2756 1548 2828 πρόσχης.
1583 2755 1852 2827 Ἀνῃρέθη
1908 2834 1911 2839 Α

267 2855 374 2926 γὰρ
405 2856 515 2909 ὑπὸ
556 2856 650 2909 τοῦ
704 2853 769 2919 ιζ’
805 2855 1031 2917 κανόνος
1056 2855 1154 2923 τῆς
1182 2854 1241 2906 ὲν
1276 2852 1581 2923 Χαλκηδόνι
1614 2852 1855 2918 συνόδου,

263 2947 479 3001 καὶτοῦ
522 2948 604 3019 λη’
666 2950 890 3012 κανόνος
935 2949 1035 3018 τῆς
1092 2949 1151 2998 ἐν
1195 2945 1273 3017 τῷ
1310 2946 1567 3018 Τρούλλῳ
1614 2946 1854 2999 συνόδου.

267 3043 369 3097 Καὶ
389 3042 668 3111 ἀνάγνωθι
695 3044 787 3095 τὸν
842 3043 1084 3095 τοιοῦτον
1104 3038 1186 3112 λη’
1218 3040 1419 3095 κανόνα
1441 3041 1535 3093 καὶ
1560 3039 1659 3110 τὴν
1683 3040 1857 3110 ἐρμη-
1888 3080 1930 3138 C

263 3134 407 3188 νείαν
464 3134 632 3188 αὑτοῦ
656 3150 671 3165 ·
705 3132 1169 3205 κατεστρώθησαν
1204 3134 1314 3202 γὰρ
1366 3133 1423 3184 ἐν
1460 3132 1601 3202 αὐτῇ
1640 3132 1853 3201 σημείῳ

268 3226 400 3297 μετὰ
427 3228 686 3298 βασιλικὰ
708 3231 932 3299 ῥήματα
952 3225 1396 3297 διαλαμϐάνοντα
1418 3224 1534 3288 πῶς
1554 3227 1668 3289 τοῖς
1698 3224 1852 3293 βασι-

263 3321 409 3374 λεῦσι
446 3323 658 3388 ἐφεῖται
704 3320 1141 3390 ἐκκλησιαστικὰ
1193 3318 1623 3389 μετασκευάζειν
1666 3318 1851 3370 δίκαια

263 3414 354 3465 καὶ
404 3413 701 3484 προνόμια.
746 3414 1062 3484 Σημείωσαι
1090 3412 1191 3465 ’Ἦ
1230 3409 1309 3464 λθ¹
1347 3410 1489 3465 διάτ.
1531 3409 1629 3464 τοῦ
1659 3407 1709 3478 γ’
1740 3410 1847 3465 τίτ.

261 3501 348 3555 τοῦ
378 3501 425 3556 α’
458 3502 669 3573 βιϐλίου
692 3504 787 3557 τοῦ
814 3504 1047 3567 κώδικος
1071 3504 1105 3574 ἡ
1128 3502 1470 3573 διοριζομένη
1504 3502 1579 3572 μὴ
1605 3500 1852 3569 γίνεσθαί

262 3612 377 3649 τινα
406 3596 503 3649 δύο
553 3598 956 3667 μοναστηρίων,
992 3597 1067 3667 μὴ
1099 3596 1392 3665 ὀφείλουσα
1414 3597 1662 3667 ἐνεργεῖν
1685 3594 1773 3648 διὰ
1791 3595 1852 3647 τὸ

264 3692 334 3760 μὴ
366 3689 594 3760 τεθῆναι
639 3691 718 3752 εἰς
754 3690 825 3743 τὰ
858 3690 1137 3759 βασιλικὰ,
1171 3691 1388 3758 ἐνεργεῖ
1436 3686 1743 3751 ἀκολούθως
1773 3687 1853 3758 τῷ

264 3780 321 3835 ιε’
367 3782 557 3835 κανόνι
578 3782 682 3850 τῆς
705 3779 748 3847 ς’
776 3782 999 3837 συνόδου
1031 3783 1109 3854 τῷ
1132 3781 1492 3852 διοριζομὲνῳ
1513 3781 1586 3852 μὴ
1606 3781 1853 3849 γίνεσθαί

261 3889 378 3926 τινα
401 3871 670 3944 κληρικὸν
702 3875 783 3936 είς
810 3873 903 3926 δύο
924 3872 1222 3942 ἐκκλησίας
1254 3874 1382 3943 μιᾶς
1410 3873 1638 3937 πόλεως.
1658 3874 1723 3927 Εἰ
1743 3873 1853 3941 γὰρ

263 3966 357 4019 οὐκ
378 3968 592 4035 ἐφεῖται
614 3966 716 4037 κλη
728 3965 952 4036 ροῦσθαί
975 3984 1095 4020 τινα
1118 3969 1197 4029 εἰς
1214 3966 1307 4019 δύο
1333 3966 1648 4038 ἐκκλησίας,
1671 3964 1853 4030 πολλῷ

266 4059 420 4113 πλέον
458 4059 582 4112 οὐδὲ
617 4059 918 4130 ἡγούμενος
932 4059 1025 4112 δύο
1045 4058 1425 4130 μοναστηρίων
1457 4059 1847 4129 προστήσεται,

264 4152 449 4223 ὥσπερ
465 4152 592 4205 οὐδὲ
614 4151 824 4222 κεφαλὴ
851 4153 949 4221 μία
976 4152 1070 4205 δύο
1093 4154 1384 4223 σωμάτων.
1410 4152 1484 4204 Τὸ
1504 4151 1561 4203 δὲ
1585 4152 1852 4219 προΐστα-

265 4244 384 4296 σθαι
421 4244 517 4296 τὸν
546 4244 1063 4315 Παντοκρατορηνὸν
1088 4244 1391 4314 ἡγούμενον
1440 4241 1651 4296 πολλῶν
1683 4260 1850 4313 μονα-

268 4333 503 4404 στηρίων
554 4334 657 4387 οὐκ
697 4334 1034 4388 ἐναντιοῦται
1071 4336 1150 4405 τῷ
1191 4336 1410 4389 κανόνιο
1440 4336 1502 4388 τὸ
1539 4335 1648 4405 γὰρ
1680 4334 1851 4388 πολλὰ

270 4427 607 4497 μοναστήρια
643 4426 718 4489 ὼς
763 4426 820 4479 ἓν
855 4426 1188 4496 λογίζονται,
1214 4427 1304 4482 διὰ
1347 4429 1409 4481 τὸ
1458 4428 1579 4482 κατ’
1616 4428 1856 4481 ἐπίδοσιν
1894 4446 1935 4501 ι)

267 4520 575 4589 περιελθεῖν
606 4522 686 4581 εἰς
716 4520 809 4572 τὸν
837 4521 1279 4591 παντοκράτορα.

334 4614 592 4667 ΚΕΦΔΛ.
640 4611 771 4666 KA'.
796 4645 866 4655 —
914 4616 1053 4683 Περὶ
1088 4615 1208 4669 τῶν
1240 4616 1749 4684 χειροτονούντων
1792 4616 1861 4668 ἐν

270 4708 393 4774 ταῖς
444 4709 529 4779 μὶι
584 4707 802 4772 οὔσαις
858 4709 961 4765 ὑπ’
1008 4709 1233 4776 αὐτοὺς
1285 4710 1547 4764 πόλεσιν
1590 4709 1628 4777 ἣ
1676 4710 1860 4777 sua!»

270 4803 447 4870 χίαις.

351 4896 697 4951 ’Λποστόλων
747 4898 927 4953 κανὼν
958 4897 1069 4951 λε’·
1116 4898 1339 4950 συνόδου
1380 4896 1719 4967 Ἀντιοχείας
1763 4912 1863 4947 καο

270 4987 373 5041 νὼν
401 4989 492 5058 ιγ’,
523 4989 608 5061 κβ’
630 5010 642 5023 ·
675 4992 895 5046 συνόδου
942 4992 1171 5059 Ἐφέσου
1202 4991 1383 5044 κανὼν
1414 4989 1485 5060 η’.

340 5082 593 5137 ΚΕΦΑΛ.
654 5082 778 5138 KB'.
826 5116 896 5124 ——
946 5084 1089 5153 Περὶ
1138 5082 1259 5137 τῶν
1312 5084 1409 5140 διὰ
1476 5084 1858 5153 προστασίας

271 5175 581 5245 ἀρχόντων
607 5179 941 5248 γινομένων
974 5177 1283 5248 ἑγκρατῶν
1312 5176 1681 5243 ἐκκλησιῶν.

353 5271 695 5325 ’Δποστόλων
781 5271 963 5326 κανὼν
1014 5270 1059 5325 λ’
1090 5286 1102 5300 ⁸
1162 5272 1383 5326 συνόδου
1432 5272 1671 5335 Νικαίας
1718 5270 1780 5324 τὸ
1818 5270 1862 5341 β’

278 5363 453 5419 κανὼν
473 5363 521 5434 γ’
530 5407 543 5420 .

356 5458 658 5527 Ἀνὰγνωθι
688 5461 747 5512 τὸ
780 5467 826 5513 α’
873 5479 999 5530 κεφ.
1046 5460 1140 5514 τοῦ
1195 5460 1245 5531 η’
1296 5462 1405 5516 τίτ.
1439 5460 1533 5514 τοῦ
1569 5478 1681 5531 παρ
1713 5460 1865 5523 όντος

288 5552 681 5622 συντάγματος,
712 5555 806 5608 καὶ
843 5556 915 5610 τὰ
946 5557 1005 5608 ἐν
1035 5556 1186 5625 αὐτῷ
1222 5555 1767 5626 παραγεγραμμένα.

349 5645 600 5701 ΚΕΦΑΛ.
642 5648 765 5702 Kl".
793 5680 863 5689 —
896 5650 1036 5719 Περὶ
1070 5648 1190 5704 τῶν
1218 5650 1318 5706 διὰ
1345 5649 1537 5721 γάμον
1564 5648 1602 5720 ἣ
1629 5651 1865 5704 παλλα-

285 5737 499 5807 κισμὸν
522 5739 609 5811 μὴ
631 5741 1181 5812 χειροτονουμένων
1209 5742 1579 5797 ἐπισκόπων.

604 5841 874 5903 ΡΑτιιοι.
908 5841 1023 5902 Gn.
1061 5838 1219 5901 CIV.

1969 442 2084 495 tani
2112 443 2239 508 sint,
2272 455 2366 499 aut
2404 448 2460 499 in
2510 464 2617 502 una
2679 450 2897 503 civitate
2954 449 3062 503 duo
3094 449 3346 519 episcopi,
3374 459 3467 504 aut
3497 452 3551 503 in

1965 534 2173 589 duabus
2207 537 2511 592 civitatibus
2551 556 2689 593 unus
2724 542 2973 596 clericus.

2038 628 2270 684 Concilii
2319 629 2524 686 Nieaeni
2576 647 2753 689 canon
2792 633 2857 701 7;
2892 635 3113 690 concilii
3139 633 3553 693 Chalcedonen-

1965 718 2043 774 sis
2074 734 2251 774 canon
2279 720 2369 786 10,
2403 722 2500 788 12;
2531 724 2749 777 concilii
2774 723 2977 779 Νιρεεηὶ
3011 726 3237 781 secundi
3262 742 3435 784 canon
3460 726 3551 780 15.

2040 809 2260 865 Textus.
2285 810 2694 885 Helenopontus
2720 815 2859 870 duos
2887 818 3340 886 metropolitanos
3372 817 3555 882 liabct,

1964 907 2095 968 etc.,
2124 918 2289 972 usque
2307 902 2377 957 ad
2400 913 2651 973 ut;const.
2679 906 2770 973 59,
2790 906 3036 977 ejusdem
3070 909 3177 975 tit.,
3209 921 3264 963 ut
3292 908 3557 981 pag.5lt).

2038 1088 2333 1146 Scholium.
2400 1092 2623 1148 Novella
2649 1094 2719 1149 28
2748 1095 2925 1165 posita
2957 1104 3039 1150 est
3072 1096 3125 1150 in
3160 1096 3256 1151 lib.
3292 1112 3361 1150 vr.
3393 1095 3557 1153 Basil.
3656 1140 3657 1143 η

1967 1183 2051 1237 tit.
2070 1182 2174 1247 42,
2204 1198 2327 1255 cap.
2366 1185 2417 1250 I,
2452 1200 2575 1255 qua:
2604 1186 2693 1241 hic
2721 1202 2750 1241 a
2783 1187 2943 1243 nobis
2989 1186 3159 1261 [ideo]
3194 1205 3301 1242 non
3334 1199 3418 1244 cst
3456 1205 3553 1259 po-

1967 1276 2093 1341 sita,
2134 1280 2281 1347 quod
2305 1294 2542 1348 quarum
2581 1280 2865 1350 regionum
2892 1280 3224 1335 mentionem
3260 1282 3409 1345 facit,
3440 1282 3560 1336 illa-

1966 1383 2091 1423 rum
2147 1371 2382 1426 multum
2446 1374 2515 1427 ab
2576 1373 2760 1442 impiis
2809 1372 3069 1428 Barbaris
3122 1374 3445 1431 immutatus
3487 1375 3561 1429 sit

1968 1471 2165 1527 status,
2201 1479 2377 1534 eaque
2412 1466 2623 1520 ratione
2647 1465 2818 1519 irrita:
2840 1464 2998 1521 facta:
3030 1466 3411 1522 sintnovcllaz.
3447 1466 3560 1520 No-

1968 1553 2105 1608 vella
2152 1570 2283 1609 vero
2337 1555 2409 1610 29
2454 1557 2659 1627 scripta
2701 1557 2863 1613 estin
2907 1558 3005 1612 lib.
3042 1557 3209 1612 Basil.
3258 1559 3309 1624 6,
3345 1560 3429 1614 tit.
3464 1560 3557 1621 15,

1968 1661 2090 1716 cap.
2127 1648 2176 1714 l;
2205 1648 2293 1702 hic
2322 1658 2506 1702 autem
2540 1655 2766 1719 pmpter
2795 1650 3044 1705 eamdem
3075 1665 3300 1706 causam
3333 1667 3441 1706 non
3477 1661 3563 1707 est

1969 1738 2168 1807 posita.
2200 1739 2371 1793 Porro
2396 1739 2467 1794 55
2513 1750 2690 1795 conSt.
2741 1740 2823 1794 tit.
2853 1741 2887 1795 5
2915 1740 3007 1794 Ιίὶ).
3032 1758 3069 1807 ι,
3100 1741 3221 1795 cod.
3249 1750 3333 1796 est
3359 1757 3478 1811 cap.
3503 1743 3559 1805 5,

1968 1831 2054 1885 tit.
2092 1832 2116 1884 I
2180 1831 2272 1887 lib.
2311 1832 2365 1894 5,
2400 1832 2592 1896 Basil.,
2625 1833 2771 1901 quod
2800 1832 2879 1887 sic
2905 1832 3013 1886 ait:
3044 1831 3206 1897 Eunt,
3240 1834 3332 1903 qui
3366 1850 3563 1903 quatu-

1970 1940 2188 1994 cunque
2242 1938 2483 1980 veterem
2541 1936 2637 1980 aut
2694 1941 2888 1981 recens
2943 1926 3224 1980 conditam
3280 1927 3562 1981 civitatem

1968 2015 2181 2086 proprii
2213 2018 2567 2086 episcopatus
2589 2016 2735 2087 jure,
2802 2016 2982 2071 aliove
3021 2016 3309 2089 privilegio
3361 2018 3561 2088 privat,

1968 2109 2191 2165 tametsi
2224 2109 2491 2179 principis
2524 2109 2800 2180 permissu
2834 2108 2911 2182 [id
2950 2107 3134 2182 faciat]
3164 2128 3176 2163 :
3212 2108 3435 2164 infamia
3466 2126 3564 2164 no-

1971 2210 2047 2255 tat
2077 2201 2379 2272 multatque
2434 2202 2591 2256 bonis
2614 2202 2955 2267 constitutio,
2982 2217 3046 2255 ac
3090 2202 3252 2256 simul
3284 2204 3563 2272 inceptum

1967 2293 2102 2349 facit
2132 2294 2373 2349 irritum.
2407 2294 2625 2365 Excipit
2653 2305 2833 2350 autem
2869 2294 3105 2365 Scythiae
3142 2296 3480 2365 provincias,
3509 2308 3566 2351 ct

1970 2385 2353 2457 Leontopolim
2383 2388 2437 2442 in
2483 2389 2718 2443 Isauria.
2763 2386 3077 2460 [Deinceps]
3119 2403 3250 2442 vero
3276 2389 3407 2443 huic
3441 2388 3562 2443 loco

1973 2481 2194 2535 insertae
2237 2481 2340 2551 legi
2388 2484 2536 2551 (cap.
2589 2481 2840 2537 videlicet
2869 2482 2924 2547 5,
2967 2482 3052 2535 tit.
3117 2497 3155 2545 ι,
3220 2480 3314 2535 lib.
3340 2481 3393 2550 5)
3435 2482 3557 2535 ani-

1983 2586 2135 2625 mum
2188 2586 2257 2627 ne
2313 2571 2591 2628 advertas.
2637 2572 2923 2643 Siquidem
2978 2587 3009 2626 a
3064 2587 3276 2627 canone
3314 2572 3343 2623 7
3394 2572 3558 2627 Chal-

1970 2666 2299 2722 cedonensis
2351 2668 2593 2734 concilii,
2643 2676 2698 2722 et
2729 2682 2942 2723 canone
3006 2664 3077 2721 58
3127 2667 3181 2720 in
3220 2665 3411 2721 Trullo
3441 2666 3561 2739 [ha-

1972 2758 2094 2833 biti]
2126 2760 2368 2826 concilii,
2415 2768 2497 2815 est
2531 2760 2815 2831 abrogata.
2855 2758 3030 2830 Legas
3064 2767 3249 2814 autem
3281 2756 3350 2811 58
3404 2757 3557 2812 illum

1971 2870 2262 2919 canonem,
2322 2856 2555 2929 ejusque
2642 2855 3072 2921 expositionem.
3162 2854 3373 2908 Inserta
3432 2863 3561 2908 sunt

1971 2953 2115 3007 enim
2150 2954 2227 3007 illi
2265 2952 2457 3022 scripti
2490 2950 2830 3020 imperatorii
2881 2948 3069 3010 verba,
3105 2964 3249 3019 quat,
3284 2947 3563 3018 quomodo

1971 3047 2396 3117 imperatoribus
2422 3044 2539 3115 jura
2560 3042 2952 3114 privilegiaque
2972 3040 3347 3096 ecclesiastica
3374 3048 3561 3094 trans-

1972 3147 2187 3193 mutare
2240 3136 2592 3198 concedatur,
2623 3134 2919 3203 explicant.
2975 3131 3211 3187 Constit.
3250 3132 3341 3197 59,
3376 3131 3463 3185 tit.
3503 3131 3558 3195 5,

1969 3232 2060 3285 lib.
2094 3229 2414 3299 t,cod.qum
2433 3229 2621 3283 statuit
2648 3246 2715 3283 ne
2738 3230 2861 3298 quis
2883 3230 3076 3299 praesul
3107 3228 3342 3285 duorum
3368 3244 3532 3285 mona
3560 3262 3563 3267 -

1968 3323 2260 3378 stcriorum
2282 3325 2394 3389 ﬁat,
2423 3321 2783 3395 [quanquam]
2814 3323 3018 3377 nullius
3048 3320 3301 3378 cﬂicacize
3323 3337 3446 3379 esse
3463 3323 3565 3378 de"

1970 3418 2116 3480 beat,
2166 3416 2313 3487 quod
2352 3417 2405 3469 in
2436 3414 2691 3471 Basilicis
2723 3416 2904 3486 posita
2962 3432 3073 3471 non
3122 3415 3229 3471 sit:
3261 3415 3557 3471 clIicaciam

1970 3507 2203 3581 [tamen]
2232 3508 2393 3562 habet
2417 3524 2482 3562 ex
2515 3507 2967 3577 interpretatione
3002 3508 3069 3562 Η
3087 3508 3316 3563 canonis
3332 3508 3555 3563 concilii

1969 3600 2189 3668 septimi
2214 3600 2624 3664 constituentis,
2675 3615 2743 3653 ne
2776 3599 2901 3670 quis
2952 3600 3005 3653 in
3038 3599 3255 3655 duabus
3300 3599 3555 3655 ecclesiis

1972 3695 2134 3748 unius
2176 3694 2329 3748 urbis
2359 3692 2595 3748 clericus
2640 3691 2752 3747 ﬁat.
2785 3692 2841 3746 Si
2873 3708 3113 3763 namque
3140 3706 3247 3747 non
3278 3691 3556 3762 permitti-

1970 3793 2059 3839 tur
2112 3786 2368 3854 cuiquam
2427 3784 2480 3837 in
2523 3784 2734 3837 duabus
2795 3783 3046 3839 ccclesiis
3094 3782 3359 3838 clericum
3412 3781 3553 3844 ﬁeri,

1972 3878 2141 3931 multo
2192 3878 2364 3945 magis
2397 3876 2595 3944 praesul
2639 3875 2749 3927 duo
2781 3874 3113 3928 monasteria
3159 3890 3270 3927 non
3299 3871 3554 3927 modera-

1968 3969 2144 4023 bitur:
2178 3967 2642 4037 qucmadmodnm
2678 3981 2853 4035 neque
2885 3980 3055 4017 unum
3088 3973 3256 4034 caput
3281 3963 3392 4017 duo
3424 3978 3550 4017 cor-

1966 4079 2119 4134 pora.
2177 4062 2333 4127 Quod
2369 4069 2550 4114 autem
2585 4057 3086 4112 Pantocratorcnns
3133 4055 3331 4126 praesul
3366 4054 3557 4108 multis

1969 4152 2321 4207 monasteriis
2375 4160 2597 4220 praeest,
2657 4164 2766 4202 non
2798 4147 3120 4201 adversatur
3154 4146 3373 4201 canoni.
3411 4144 3550 4198 Nam

1967 4243 2137 4296 multa
2175 4242 2263 4295 illa
2301 4237 2631 4292 monasteria
2686 4248 2743 4290 ut
2789 4251 2956 4289 unum
3014 4243 3360 4305 reputantur,
3397 4234 3547 4303 quod

1966 4334 2195 4389 auctarii
2220 4334 2395 4387 instar
2410 4332 2478 4386 ad
2503 4333 2655 4386 illum
2682 4330 3048 4384 devenerunt.

2038 4618 2192 4673 CAP.
2221 4616 2359 4671 XXI.
2392 4648 2461 4658 —
2494 4615 2567 4669 De
2593 4616 2672 4669 his
2698 4618 2787 4687 qui
2824 4615 3075 4669 ordinant
3126 4614 3181 4668 in
3224 4615 3550 4681 civitatibus,

1970 4716 2062 4760 aut
2091 4706 2395 4777 provinciis,
2437 4722 2555 4776 qua:
2592 4706 2688 4760 sub
2732 4707 2861 4776 ipsis
2892 4724 2994 4761 non
3027 4713 3174 4759 sunt.

2041 4900 2429 4971 Apostolorum
2466 4913 2641 4952 canon
2675 4896 2773 4961 '55;
2804 4895 3022 4950 concilii
3056 4893 3394 4948 Antiochent
3450 4908 3548 4949 ca-

1970 5011 2078 5049 non
2121 4995 2209 5059 15,
2245 4994 2353 5059 22;
2380 4992 2595 5046 concilii
2626 4989 2885 5060 Ephesini
2929 5004 3104 5044 canon
3142 4989 3196 5043 8.

2041 5088 2192 5141 CAP.
2235 5076 2663 5140 XXIl.—De‘his
2693 5084 2781 5155 qui
2802 5083 3109 5155 :patrocinio
3142 5084 3559 5153 magistratuum

1970 5177 2219 5233 ecclesias
2247 5183 2527 5243 occupant.
2910 5215 2916 5221 .

2044 5270 2426 5339 Apostolorum
2473 5280 2648 5321 canon
2687 5265 2784 5333 50;
2818 5262 3037 5318 concilii
3075 5261 3281 5317 Nicaeni
3329 5264 3561 5318 secundi

1973 5380 2148 5421 canon
2187 5364 2242 5416 5.

2047 5459 2345 5513 Scholium.
2384 5456 2525 5525 Lege
2554 5471 2682 5525 cap.
2722 5454 2772 5520 -Ι,
2813 5452 2900 5506 tit.
2932 5452 2985 5515 8,
3033 5450 3318 5522 prtcsentis
3350 5450 3560 5522 operis,

1974 5562 2027 5608 et
2056 5566 2178 5622 qua:
2210 5552 2263 5604 in
2296 5549 2389 5602 illo
2418 5556 2782 5602 annotantur.

2042 5644 2195 5700 CAP.
2239 5641 2430 5697 XXIII.
2462 5672 2531 5683 -—
2564 5639 2641 5693 De
2662 5640 2745 5693 Itis
2792 5638 2882 5709 qui
2911 5648 3123 5709 propter
3164 5637 3565 5692 matrimonium

1978 5749 2067 5792 aut
2099 5736 2509 5797 concubinatum
2533 5751 2635 5789 non
2659 5732 3219 5802 ordinanturepiscopi
3246 5741 3336 5785 aut
3361 5731 3561 5785 clerici.

3033 5826 3109 5886 32
