3916 6244
338 263 475 327 1003
1504 254 1787 317 ⁷Ρ11ΟΤΙΙ
1823 256 1884 315 ΡΑ

2040 257 2331 323 [ARCH/E
2369 262 2479 323 CP.
2541 272 2545 275 ’
3468 265 3586 330 1001

399 374 787 445 Apostolorum
850 389 1029 431 canon
1094 373 1181 438 17,
1231 369 1334 437 18,
1377 368 1476 435 19;
1528 365 1746 422 concilii
1787 366 1926 421 sexti

2118 371 2460 427 Ἀποστόλων
2504 373 2685 427 κανὼν
2718 373 2805 444 ιβ’,
2861 374 2949 447 ιη’,
3004 373 3103 428 ιϐ’·
3149 371 3362 427 συνόδου
3394 381 3464 442 ς’,
3500 393 3587 430 κα-

339 482 520 524 canon
559 469 615 533 5,
658 466 761 536 12;
799 467 987 523 Basilii
1014 482 1191 522 canon
1224 464 1311 519 12.

819 467 987 523 3³811ἱί
1014 482 1191 522 canon
1224 464 1311 519 12.
2031 462 2140 517 νὼν
2171 481 2205 532 γ
2226 503 2241 529 ,
2276 464 2365 535 ιβ’.

420 555 642 612 Textus.
676 554 819 628 Lege
851 556 933 610 tit.
972 557 1024 611 1.
1061 553 1418 609 Novellarum
1450 557 1629 606 const.
1654 548 1711 611 1,
1740 546 1797 611 2,
1840 545 1929 610 17,

2099 559 2411 629 Κείμενον.
2449 559 2638 624 Τίτλος
2662 568 2711 614 α’
2742 559 2852 614 τῶν
2884 560 3133 634 Νεαρῶν,
3170 580 3224 616 κ.
3254 579 3303 619 τ.
3333 563 3407 629 λ..
3439 576 3598 633 usque

342 651 400 706 iu
433 650 634 720 quibus
667 649 893 719 dicitur,
924 656 1056 717 ete.,
1088 663 1252 719 usque
1274 647 1343 701 ad
1389 644 1655 716 virginem
1685 639 1888 696 duxisse

1297 647 1343 701 td
1389 644 1655 716 virginem
1685 639 1931 705 duxisse,
2034 650 2103 706 ad
2137 652 2525 723 μονογαμήσας
2556 651 2843 724 παρθένον,

342 752 402 798 ut
433 758 555 814 pag.
584 742 710 798 515.

414 834 713 892 Scholium.
747 832 941 891 Const.
977 833 1031 900 1,
1059 832 1095 887 2
1125 842 1181 888 et
1211 832 1301 898 17,
1348 831 1430 885 tit.
1482 830 1507 884 1
1550 825 1896 883 Novellarum
1917 860 1937 889 ,

2110 832 2392 901 Σχόλιον.
2433 832 2499 886 Ἢ
2532 838 2603 899 α’,
2638 830 2681 903 β’
2728 832 2825 887 καὶ
2869 831 2933 898 ιζ’
2967 832 3110 888 διάτ.
3147 832 3243 887 τοῦ
3285 830 3334 888 α’
3372 832 3474 887 τίτ.
3508 833 3607 890 τῶν

350 934 483 982 sunt
509 925 688 996 posita
739 924 796 980 in
839 924 1085 980 Novellis
1110 921 1409 979 Iustiniani
1463 919 1518 983 6,
1563 918 1668 974 125
1714 914 1777 972 ει
1814 915 1896 970 15ῗ

2064 922 2270 994 θεαρῶν
2298 922 2560 994 ἐτέθησαν
2590 924 2669 987 είς
2694 923 2912 996 Νεαρὰς
2938 923 3397 987 Ἰουστινιανείους
3422 922 3492 988 ς’,
3514 940 3610 995 ρκγ

349 1016 745 1072 Verumtamen
773 1032 895 1089 quae
926 1016 994 1071 ad
1024 1014 1297 1070 novellam
1334 1011 1366 1066 6
1402 1007 1723 1083 [pertinent]
1764 1008 1895 1079 posit

2067 1016 2139 1068 tati.
2171 1013 2301 1085 ρλξ,
2334 1015 2473 1087 πλὴν
2500 1015 2571 1070 τὰ
2601 1016 2701 1086 τῆς
2760 1022 2815 1081 ς’
2865 1017 3067 1087 νεαρᾶς
3116 1017 3217 1069 οὐκ
3246 1015 3501 1085 ἐτέθησαν
3542 1017 3613 1079 είς

352 1123 463 1165 non
498 1117 627 1165 sunt
661 1109 715 1163 in
764 1109 934 1165 Basil.
982 1107 1113 1175 Quae
1152 1115 1336 1162 autem
1388 1106 1455 1160 ad
1512 1103 1782 1159 novellam
1842 1101 1898 1155 12

2068 1107 2116 1161 ῖά
2153 1107 2441 1163 Βασιλικά.
2482 1107 2565 1161 Τὰ
2615 1108 2673 1161 δὲ
2729 1108 2829 1179 τῆς
2876 1115 2997 1179 ρκγ⁸
3047 1109 3251 1180 νεαρᾶς
3283 1107 3538 1172 ἐτέθησαν
3563 1108 3614 1162 ἐν

355 1198 674 1272 [pertinent]
699 1202 875 1271 posita
911 1209 1040 1256 sunt
1063 1200 1119 1255 iu
1140 1200 1236 1254 lib.
1252 1198 1416 1254 Basil.
1441 1212 1522 1263 ιιι,
1542 1196 1631 1251 tit.
1648 1211 1687 1260 ι,
1707 1209 1827 1265 cap.
1852 1193 1901 1247 21

2072 1200 2242 1272 ιιϐλίῳ
2273 1200 2382 1254 τῶν
2416 1200 2723 1255 ΒασιλικιῖΝ
2750 1199 2801 1269 γ’
2845 1201 2952 1256 τίτ.
2996 1206 3048 1255 α’
3094 1218 3219 1269 κεφ.
3256 1198 3339 1265 κζ*
3379 1200 3515 1254 οὕτω
3536 1198 3618 1253 λέ-

354 1292 500 1362 quod
532 1291 614 1347 sic
645 1291 826 1361 inquit
859 1308 873 1345 :
899 1289 1146 1346 Clericos
1173 1297 1354 1343 autem
1381 1302 1490 1342 non
1516 1285 1673 1340 aliter
1702 1281 1895 1338 ordina

2077 1309 2202 1345 ὀντι
2224 1307 2237 1321 °
2268 1291 2583 1363 Κληρικοὺς
2606 1291 2661 1344 δὲ
2691 1292 2793 1345 οὐκ
2832 1292 3009 1355 ἄλλως
3034 1292 3456 1364 χειροτονεῖσθαι
3507 1306 3623 1359 συγ-

356 1383 733 1450 concedimus,
765 1383 873 1439 nisi
903 1383 1116 1437 litteras
1152 1381 1371 1446 sciant,
1423 1387 1478 1433 et
1528 1386 1676 1433 recta
1733 1374 1839 1430 (ide
1887 1388 1902 1427 ε

2078 1381 2339 1454 εωροῦμεν
2372 1382 2423 1434 εί
2460 1380 2536 1453 μὴ
2565 1383 2873 1453 γράμματα
2914 1382 3083 1447 ἴσασι,
3112 1384 3209 1437 καὶ
3238 1384 3407 1454 ὀρθὴν
3454 1384 3624 1436 πίστιν

360 1478 590 1531 honesta
622 1476 733 1530 vita
764 1476 895 1540 sint,
931 1484 987 1530 et
1018 1489 1193 1545 neque
1224 1471 1587 1529 concubinam
1607 1512 1621 1536 ,
1652 1482 1831 1539 neque
1857 1482 1906 1521 n:

2083 1474 2150 1526 :a‘t
2173 1472 2288 1544 βίον
2316 1475 2513 1544 σεμνὸν
2548 1473 2754 1545 έχουσι,
2781 1475 2877 1529 καὶ
2915 1474 3036 1528 οὐδὲ
3056 1474 3364 1546 παλλακὴν,
3387 1475 3447 1529 οὐ
3481 1492 3629 1545 φυσι-

362 1568 566 1623 turales
592 1568 885 1622 habuerint
925 1576 1023 1622 aut
1052 1567 1293 1622 habeant
1327 1566 1528 1620 liberos
1562 1581 1576 1617 :
1624 1562 1716 1617 sed
1739 1559 1833 1631 qui
1870 1576 1908 1613 vi

2085 1566 2154 1621 :dv
2184 1565 2402 1638 ἐσχονῆ
2440 1566 2626 1638 έχουσι
2660 1567 2848 1633 παῖδα,
2888 1568 3026 1622 ἀλλὰ
3056 1568 3089 1640 ἦ
3130 1568 3426 1640 σωφρόνως
3464 1567 3631 1638 βιοῦν-

358 1666 511 1713 caste
534 1657 730 1711 vivunt
754 1657 840 1712 vel
872 1672 1101 1712 uxorem
1146 1656 1438 1711 habuerint
1469 1663 1564 1707 aut
1594 1652 1797 1706 habent
1819 1648 1902 1720 leg

2096 1675 2179 1724 ας,
2223 1656 2257 1727 ἢ
2304 1658 2555 1729 γαμετὴν
2581 1657 2834 1728 νόμιμον,
2866 1656 2962 1711 καὶ
3001 1655 3173 1728 αὐτὴν
3198 1656 3351 1727 μίαν,
3382 1656 3476 1709 καὶ
3500 1654 3635 1724 πρώ-

366 1752 577 1815 timam,
606 1760 669 1805 et
699 1766 818 1805 eam
872 1765 1041 1805 uuam
1096 1758 1149 1805 et
1168 1750 1413 1819 primam
1439 1790 1453 1815 ,
1500 1761 1679 1817 neque
1707 1743 1912 1799 viduau

2091 1766 2166 1819 :er
2205 1724 2532 1820 ἐσχηκότας,
2577 1748 2612 1820 ἢ
2648 1724 2879 1820 ⁷ἔχοντας
2920 1750 3016 1803 καὶ
3064 1724 3210 1821 μηδὲ*
3241 1748 3637 1819 διαζευχθεϊσαν

364 1856 544 1912 neque
580 1840 863 1913 [divortio]
895 1848 1206 1911 separatam
1251 1857 1283 1895 a
1321 1841 1479 1906 viro,
1536 1852 1715 1908 neque
1752 1837 1910 1905 alioqt

2094 1836 2286 1912 ινδρὸς,
2309 1840 2445 1912 μηδὲ
2467 1840 2643 1904 ἄλλως
2670 1841 2785 1902 τοῖς
2808 1839 3015 1911 νόμοις,
3048 1840 3081 1911 ἢ
3106 1842 3219 1903 τοῖς
3240 1838 3410 1903 θείοις
3433 1838 3640 1893 κανόσιν

363 1933 577 2003 legibus
606 1941 701 1986 aut
731 1932 904 1987 sacris
936 1932 1288 1988 interdictam
1310 1929 1639 1986 eanouibus.
1674 1926 1808 1992 Qua:
1830 1941 1909 1980 ιρι

2097 1934 2553 2005 ιπηγορευμένην.
2586 1932 2667 1985 Τὰ
2696 1931 2754 1985 δέ
2782 1931 2884 2002 τῆς
2920 1929 3033 2005 ρλζ¹
3067 1932 3267 2004 νεαρᾶς
3300 1930 3562 2003 ἐτέθησαν
3590 1931 3643 1983 ἐν

365 2024 471 2080 15⁸7
497 2031 677 2079 const.
713 2032 862 2086 sunt,
896 2025 1075 2093 posita
1111 2034 1238 2078 sunt
1263 2023 1317 2077 iu
1351 2037 1472 2091 cap.
1518 2021 1547 2073 7
1581 2020 1826 2089 ejusdem
1863 2018 1911 2071 lii

2096 2044 2197 2096 ιεφ.
2236 2024 2280 2091 ζ’
2316 2025 2411 2079 τοῦ
2439 2025 2605 2079 αὑτοῦ
2657 2024 2865 2097 βιϐλίου
2916 2025 3011 2079 καὶ
3033 2024 3140 2081 τίτ,
3190 2024 3368 2089 οὕτως
3410 2024 3642 2095 ἔχοντας’

367 2128 423 2172 et
451 2117 535 2171 tit.
566 2116 715 2186 quod
760 2115 841 2171 sic
875 2115 1041 2171 habet
1077 2135 1088 2169 :
1122 2115 1440 2182 Saucimus,
1471 2112 1794 2184 utquoties
1821 2127 1913 2179 Upl

2103 2118 2422 2190 leaniCopev
2468 2118 2660 2181 ὁσάκις
2695 2118 2855 2188 χρεία
2889 2117 3112 2189 γίνηται
3145 2117 3446 2171 ἐπίσκοπον
3484 2132 3649 2187 χειρο-

367 2209 535 2264 fuerit
564 2208 823 2263 ordinare
874 2208 1222 2279 episcopum,
1250 2215 1447 2263 coeant
1479 2207 1534 2261 in
1580 2220 1749 2260 unum
1778 2204 1909 2258 eleri

2111 2211 2369 2281 ονηθῆναι
2402 2211 2642 2264 συνιέναι
2672 2212 2799 2274 τοὺς
2823 2209 3118 2281 κληρικοὺς
3140 2210 3237 2263 καὶ
3262 2210 3393 2272 τοὺς
3419 2206 3652 2278 πρώτους

369 2311 424 2358 et
452 2303 717 2374 primates
752 2300 995 2357 civitatis
1041 2302 1131 2357 cui
1164 2302 1457 2371 episcopus
1479 2299 1830 2355 ordinandus
1859 2314 1915 2352 es

2108 2307 2181 2376 ἧς
2213 2303 2423 2366 πόλεως
2452 2300 2521 2376 ἦς
2553 2303 2737 2373 μέλλει
2764 2304 3063 2358 ἐπίσκοπον
3090 2299 3535 2374 χειροτονεῖσθαι,
3568 2299 3654 2352 καὶ

369 2406 425 2453 et
456 2395 751 2467 propositis
781 2396 1158 2451 sacrosanctis
1189 2394 1502 2465 Evangeliis
1536 2393 1602 2448 de
1635 2391 1811 2447 tribus
1842 2406 1915 2460 pe;

2109 2396 2463 2469 προκειμένων
2492 2396 2603 2449 τῶν
2637 2395 2812 2464 ἁγίων
2834 2394 3184 2464 Εὑαγγελίων
3206 2395 3301 2448 ἐπὶ
3327 2393 3473 2465 τρισὶ
3499 2407 3655 2462 προσ-

371 2490 525 2546 sonis
554 2488 773 2544 decreta
806 2487 1034 2554 faciant,
1080 2497 1135 2542 et
1177 2488 1413 2560 quisque
1462 2500 1655 2541 eorum
1700 2485 1850 2551 juret
1876 2499 1917 2554 pi

2111 2508 2273 2554 ιποις.
2307 2489 2568 2560 ψήφισμα
2592 2490 2770 2541 ποιεῖν
2805 2488 2901 2541 καὶ
2957 2487 3191 2540 ἕκαστον
3223 2486 3407 2539 αὐτῶν
3440 2483 3657 2555 ὀμνύναι

372 2598 529 2640 sacra
554 2581 807 2652 Eloquia,
842 2580 1008 2652 idque
1036 2581 1173 2651 ipsis
1200 2580 1438 2636 decretis
1471 2579 1766 2644 inserant,
1823 2592 1918 2648 qut

2113 2581 2229 2635 ιατὰ
2254 2580 2362 2633 τῶν
2394 2580 2554 2633 θείων
2582 2580 2817 2647 Λογίων,
2842 2579 2937 2631 καὶ
2957 2579 3260 2649 ἐγγράφειν
3284 2579 3344 2630 ἐν
3376 2577 3555 2640 αὐτοῖς
3584 2576 3659 2629 ὅτι

376 2692 555 2746 neque
586 2691 685 2744 per
722 2674 1092 2743 largitionem,
1119 2688 1295 2743 neque
1318 2672 1765 2743 promissionem,
1798 2684 1922 2739 neqt

2119 2691 2142 2727 ε
2175 2674 2237 2727 οὐ
2294 2674 2381 2728 διὰ
2422 2672 2590 2737 δόσιν,
2622 2672 2747 2725 οὕτε
2791 2672 2878 2725 διὰ
2912 2673 3235 2743 ὑπόσχεσιν,
3288 2670 3417 2724 οὔτε
3472 2670 3557 2723 διὰ
3585 2685 3663 2739 φι-

376 2768 677 2824 amicitiam
706 2806 722 2831 ,
772 2775 873 2821 aut
921 2766 1193 2838 gratiam,
1243 2774 1339 2820 aut
1370 2779 1760 2835 quamcunque
1809 2762 1913 2816 alia

2120 2769 2226 2834 ίαν,
2260 2768 2295 2838 ἢ
2333 2767 2517 2839 χάριν,
2552 2766 2586 2837 ἢ
2632 2766 2805 2837 ἄλλην
2853 2759 2972 2819 οἷαν
3000 2765 3063 2835 δή
3116 2782 3239 2818 τινα
3268 2762 3661 2835 προσπάθειαν,

379 2861 747 2925 aﬂectionem,
774 2860 867 2914 sed
899 2860 1045 2930 quod
1086 2859 1267 2914 sciant
1295 2860 1445 2929 ipsos
1471 2866 1633 2911 rectae
1659 2864 1713 2911 et
1747 2854 1925 2911 eathol

2119 2862 2202 2914 .λλ’
2234 2860 2440 2924 εἰδότες
2482 2861 2679 2924 αὐτοὺς
2720 2860 2817 2931 τῆς
2871 2860 3060 2930 ὀρθῆς,
3091 2859 3189 2911 καὶ
3240 2856 3539 2926 καθολικῆς
3582 2855 3665 2908 πί-

380 2971 459 3012 cae
489 2954 615 3009 lidei
647 2968 713 3009 ac
745 2953 993 3007 honestae
1033 2952 1159 3006 vitae
1216 2966 1375 3017 esse,
1418 2959 1475 3006 et
1528 2964 1694 3020 supra
1764 2948 1926 3003 trices

2121 2972 2284 3019 τεως,
2332 2954 2428 3007 καὶ
2477 2952 2679 3023 σεμνοῦ
2713 2952 2852 3022 βίου,
2880 2951 2977 3006 καὶ
3007 2952 3147 3022 ὑπὲρ
3195 2950 3257 3003 τὸ
3297 2948 3344 3002 λ’
3390 2950 3508 3012 έτος
3538 2943 3667 3001 εἶναι

383 3064 536 3103 mum
565 3047 746 3102 aetatis
782 3061 987 3100 annum
1025 3044 1127 3111 hos
1171 3046 1455 3115 elegerunt
1495 3061 1507 3097 :
1544 3053 1597 3098 et
1623 3042 1768 3113 quod
1802 3058 1929 3112 neqt

2122 3049 2313 3112 ούτους
2343 3046 2691 3114 ἐπελέξαντο,
2751 3046 2846 3100 καὶ⁵
2876 3046 2961 3100 ὅτι
2995 3045 3117 3101 οὑδέ
3167 3044 3423 3116 γαμετὴν
3453 3038 3667 3113 έχειν,ἢ

383 3155 612 3196 uxorem
648 3148 741 3193 aut
770 3137 1158 3201 concubinam,
1188 3147 1289 3192 aut
1339 3136 1619 3191 naturales
1649 3136 1851 3191 liberos
1882 3151 1929 3189 nt

2125 3140 2401 3212 ξαλλακὴν,
2430 3139 2465 3210 ἢ
2494 3141 2693 3204 παῖδας
2731 3141 2996 3207 φυσικοὺς
3029 3138 3233 3201 αὐτοὺς
3281 3136 3671 3208 γιγνώσκουσιν

386 3238 593 3287 verunt
641 3231 790 3300 ipsos
826 3229 1110 3293 habuisse,
1140 3241 1235 3283 aut
1280 3229 1482 3283 habere
1510 3247 1523 3283 :
1550 3228 1643 3283 sed
1674 3237 1730 3282 et
1776 3227 1823 3282 si
1857 3243 1927 3295 qu

2128 3235 2445 3305 σχηκέναιῆ
2482 3233 2651 3304 ἐχειν,
2679 3232 2794 3287 ἀλλ’
2827 3235 2877 3286 εί
2902 3234 2996 3286 καὶ
3025 3232 3291 3305 πρότερόν
3320 3249 3407 3296 τις
3427 3229 3488 3296 ἐξ
3507 3229 3674 3283 αὐτῶν

392 3323 634 3394 ipsorum
661 3320 815 3392 prius
846 3336 1073 3376 uxorem
1103 3321 1377 3385 habuerit,
1420 3331 1599 3376 tamen
1630 3338 1751 3377 eam
1786 3322 1938 3378 solan

2128 3327 2348 3399 ἀμετὴν
2382 3323 2521 3397 εἷχε,
2553 3327 2649 3380 καὶ
2677 3326 2849 3397 αὐτὴν
2882 3326 3012 3397 μίαν
3043 3325 3138 3379 καὶ
3166 3324 3287 3379 οὐδὲ
3334 3326 3533 3397 χήραν,
3564 3320 3674 3374 οὐδὲ

391 3425 447 3470 ct
473 3429 649 3484 neque
679 3412 925 3479 viduam,
978 3428 1153 3482 neque
1202 3412 1509 3482 sejunctant
1560 3429 1587 3467 a
1629 3414 1768 3479 viro,
1812 3428 1937 3483 ueqt

2137 3421 2293 3493 νὸρὸς
2341 3420 2809 3492 ἁποζευχθεῖσαν,
2859 3420 2983 3473 οὐδὲ
3018 3421 3131 3483 τοῖς
3183 3418 3396 3487 νόμοις,
3430 3415 3549 3469 οὐδὲ
3576 3415 3678 3475 τοῖς

392 3505 607 3576 legibus
645 3504 887 3559 sacrisve
919 3503 1258 3573 [canonibus
1307 3504 1653 3559 interdictam
1704 3505 1932 3559 habueri

2135 3515 2273 3584 εροῖς
2308 3512 2533 3566 κανόσιν
2567 3512 3051 3583 άπηγορευμένην,
3094 3509 3210 3564 ἀλλ’
3250 3509 3376 3562 οὐδὲ
3421 3504 3681 3561 πολιτευό-

398 3597 506 3655 Sed
539 3613 722 3668 neque
757 3598 925 3653 curiae
956 3597 1279 3652 muneribus
1326 3598 1639 3664 addictum,
1690 3613 1866 3668 neque
1895 3613 1944 3655 et

2136 3621 2268 3657 ιενον
2293 3604 2325 3672 ἢ
2347 3602 2630 3673 ταξεώτην
2658 3603 2781 3657 τινὰ
2807 3602 2914 3657 τῶν
2943 3600 3335 3673 ψηφιζομένων
3360 3596 3503 3654 εἶναι
3531 3597 3682 3667 γινιῐι⁶

398 3694 671 3750 hortalem
712 3692 950 3762 aliquem
974 3707 1040 3746 ex
1078 3691 1164 3746 his
1198 3694 1471 3761 noverint,
1498 3694 1592 3764 qui
1621 3694 1857 3750 decretis
1884 3694 1944 3749 ch

2142 3713 2318 3750 κουσι.
2344 3696 2492 3767 Πλὴν
2526 3697 2575 3749 εί
2610 3696 2685 3766 μὴ
2722 3697 2779 3749 ἐν
2810 3695 3162 3766 μοναστηρίῳ
3187 3695 3284 3766 οὐχ
3330 3690 3496 3767 ἦττον
3538 3689 3684 3743 δεκά-

401 3796 525 3841 ctus
558 3793 643 3839 est
670 3801 684 3838 :
712 3793 1081 3855 prmterquam
1114 3784 1159 3839 si
1186 3785 1351 3839 curia“.
1373 3787 1695 3841 muneribus
1722 3788 1938 3841 addictu

2140 3804 2272 3839 ;εντε
2304 3787 2464 3853 ἐτῶν,
2496 3786 2787 3857 μοναχικὺν
2810 3786 2838 3837 ὁ
2861 3784 3279 3855 πολιτευόμενος
3302 3782 3336 3854 ἢ
3363 3786 3392 3836 ό
3421 3777 3686 3846 ταξεώτης

405 3888 499 3933 aut
524 3878 847 3943 cohortalis,
889 3895 999 3932 non
1046 3879 1230 3933 minus
1262 3880 1420 3934 annis
1449 3880 1762 3951 quindecim
1807 3896 1951 3933 mon:

2150 3881 2225 3932 ίον
2257 3878 2599 3945 ἁδιαὸλήτως
2639 3876 2937 3943 ἐξετέλεσε,
2987 3876 3191 3946 δηλαδὴ
3234 3874 3337 3943 τῆς
3386 3869 3687 3943 ἔμπροσθεν

406 3972 620 4027 chicam
642 3971 694 4024 in
717 3972 1054 4026 monasterio
1071 3971 1236 4025 vitam
1258 3982 1410 4027 extra
1430 3987 1647 4033 omnem
1666 3973 1952 4028 calumniat

2143 3976 2241 4044 μίν
2270 3972 2573 4043 εἰρημένης
2607 3971 3070 4042 παρατηρήσεως.
3099 3970 3209 4022 Καὶ
3239 3968 3332 4020 ἐπὶ
3361 3966 3567 4020 τούτων
3590 3960 3689 4014 τῶν

410 4064 745 4135 transegerit
781 4081 793 4117 :
830 4064 1081 4120 videlicet
1139 4066 1523 4121 observatione
1547 4108 1562 4133 ,
1598 4082 1719 4137 quae
1763 4068 1914 4136 prius

2144 4067 2426 4139 τροσώπων
2452 4068 2510 4119 ἐν
2539 4066 2653 4128 τοῖς
2682 4064 2999 4133 γενομένοις
3033 4062 3161 4133 περὶ
3187 4059 3367 4113 αὐτῶν
3386 4057 3690 4129 ψηφίσμασι

410 4158 570 4213 nobis
602 4158 749 4213 dicta
780 4166 885 4224 est,
916 4173 1013 4229 per
1045 4157 1295 4214 facientia
1318 4161 1384 4215 de
1414 4160 1549 4230 ipsis
1580 4162 1817 4226 decreta,
1858 4170 1912 4213 et
1943 4162 1956 4215 i

2145 4159 2531 4230 ›υλαττομένης
2566 4157 2654 4211 ἵνα
2676 4158 2741 4210 ἐκ
2780 4156 2889 4210 τῶν
2934 4155 3078 4208 οὓτω
3115 4152 3509 4225 ψηφιζομένων
3536 4145 3691 4217 τριῶν

412 4254 496 4307 his
525 4252 781 4322 personis
817 4252 1176 4307 custodienda
1210 4272 1223 4306 :
1266 4262 1318 4306 ut
1354 4269 1417 4307 ex
1454 4254 1626 4309 tribus
1668 4254 1774 4307 illis
1812 4269 1958 4322 persr

2148 4253 2427 4325 τροσώπων
2457 4256 2485 4306 ὁ
2510 4252 2735 4323 βελτίων
2764 4248 3117 4321 χειροτονηθῇ
3149 4250 3215 4317 τῇ
3243 4246 3471 4315 ἐπιλογῇ
3501 4243 3593 4296 καὶ
3622 4237 3694 4307 τῷ

414 4347 521 4409 nis,
552 4360 675 4414 qua:
702 4345 939 4399 decretis
971 4345 1076 4400 hoc
1106 4347 1273 4401 modo
1303 4347 1604 4416 eliguntur,
1631 4348 1822 4401 melior
1854 4348 1960 4401 ordl

2158 4349 2347 4421 ρίματι
2380 4346 2476 4399 τοῦ
2521 4345 2982 4418 χειροτονοῦντος.
3010 4342 3327 4413 Σημείωσαι
3359 4342 3408 4394 εί
3457 4338 3553 4391 καὶ
3596 4332 3696 4387 ἀπὸ

416 4442 597 4495 netur,
652 4432 919 4488 electione
961 4442 1016 4487 et
1064 4434 1274 4504 judicio
1322 4436 1440 4505 ejus
1470 4439 1563 4507 qui
1595 4438 1881 4491 ordinandi
1910 4439 1962 4506 ju

2149 4442 2216 4511 ἧς
2262 4439 2547 4511 παρούσης
2586 4436 2695 4509 ρλζ
2744 4436 3181 4491 Ἰουστινιανείου
3221 4434 3422 4504 νεαρᾶς
3462 4430 3582 4501 ἦτοι
3608 4423 3695 4479 τοῦ

407 4524 603 4577 habet.
654 4522 875 4590 Quaeret
936 4522 1220 4599 [fortasse]
1278 4529 1573 4599 quispiam,
1607 4546 1730 4583 eum
1766 4546 1953 4600 ρικυδει

2152 4532 2316 4602 ’κεφ.
2362 4532 2457 4586 τοῦ
2492 4530 2538 4585 α’
2568 4533 2674 4585 τίτ.
2711 4530 2804 4584 τοῦ
2880 4529 2927 4599 γ’
2977 4529 3183 4601 βιϐλίου
3241 4529 3349 4581 τῶν
3404 4520 3698 4579 Βασιλικῶν

422 4616 722 4671 Justiniani
770 4618 982 4673 novella
1028 4620 1081 4674 iu
1116 4620 1510 4693 Busil.recepta
1557 4624 1646 4691 sit,
1683 4639 1748 4678 ac
1783 4632 1960 4678 statua

2156 4624 2392 4677 ωλύεται
2422 4623 2483 4677 τὸ
2520 4622 2859 4693 ψηφίζεσθαί
2885 4640 3004 4676 τινα
3056 4624 3135 4685 εἰς
3174 4619 3482 4690 ἐπισκοπὴν
3518 4616 3698 4686 ἔχοντα

424 4725 496 4764 ne
521 4709 679 4763 aliter
713 4713 1006 4780 quisquam
1042 4716 1332 4784 episcopus
1362 4718 1665 4781 ordinetur,
1705 4733 1869 4786 quam
1902 4718 1948 4772 si

2158 4718 2366 4788 αμετὴν
2397 4718 2652 4787 νόμιμον,
2698 4717 2837 4771 ἀλλὰ
2866 4719 2931 4769 σὺ
2985 4716 3059 4785 μὴ
3088 4714 3333 4785 πρόσχης
3360 4711 3554 4781 ταύτῃ,
3576 4706 3700 4777 πρό-

425 4804 637 4859 clericis
669 4812 723 4857 et
757 4804 1093 4874 primoribus
1127 4809 1364 4864 civitatis
1417 4811 1485 4863 de
1536 4810 1713 4864 tribus
1764 4824 1963 4880 person

2158 4830 2250 4881 χες
2284 4812 2340 4864 δὲ
2377 4812 2577 4880 μᾶλλον
2624 4809 2702 4879 τῷ
2755 4808 2843 4880 μη¹
2865 4808 3051 4863 κανόνι
3096 4810 3196 4877 τῆς
3236 4810 3294 4858 ἐν
3338 4804 3417 4874 τῷ
3458 4798 3703 4872 Τρούλλῳ

430 4898 710 4951 decretum
745 4896 860 4964 ﬁat,
915 4909 970 4953 et
1005 4902 1242 4971 quisque
1272 4903 1488 4956 illorum
1520 4903 1883 4973 jurejurando
1924 4919 1976 4973 pr

2151 4904 2370 4967 ·υνόδου,
2401 4902 2460 4954 ὃν
2500 4902 2593 4955 καὶ
2621 4900 2900 4967 ἀνάγνωθι
2932 4900 3024 4953 καὶ
3052 4899 3177 4966 λέγε
3222 4898 3315 4951 καὶ
3376 4894 3485 4949 ἀπὸ
3515 4890 3697 4944 τούτου

430 5004 587 5045 sacra
646 4990 938 5062 Evangelia
982 5004 1246 5064 concepto
1293 4995 1361 5049 de
1396 4997 1461 5049 iis
1500 5010 1563 5049 ea
1597 5006 1806 5051 asserat
1834 5038 1849 5061 ,
1899 5013 1969 5065 qu

2158 4996 2499 5068 ;ροτιμᾶσθαι
2540 4995 2651 5050 τῶν
2693 4994 2875 5065 νόμων
2937 4994 3061 5056 τοὺς
3105 4992 3357 5055 κανόνας.
3418 4982 3704 5054 Ἀνάγνωθι

432 5084 486 5136 iu
515 5084 729 5138 novella
764 5086 1305 5155 comprehenduntur
1333 5089 1646 5158 :quomodo
1668 5090 1800 5143 nihil
1822 5092 1978 5144 llOl‘Ul

2159 5090 2183 5140 ἐ
2213 5092 2308 5142 καὶ
2338 5089 2406 5142 τὰ
2438 5086 2727 5157 γραφέντα
2760 5085 2890 5157 παρ’
2918 5086 3077 5156 ἡμῶν
3112 5087 3191 5147 εἰς
3228 5084 3320 5137 τὸν
3350 5078 3703 5149 διαληφθέντα

430 5173 591 5229 hodie
629 5172 705 5245 [in
747 5174 877 5246 usu]
911 5176 1189 5230 obtineat?
1238 5175 1343 5232 Per
1373 5194 1640 5233 eanonem
1702 5181 1736 5235 4
1794 5184 1969 5235 concil

2159 5184 2354 5237 ιανόνα,
2393 5184 2733 5251 Σημείωσαι·
2774 5181 3073 5251 Ἐρωτήσει
3102 5178 3159 5232 δέ
3212 5195 3296 5240 τις
3328 5176 3403 5240 ὼς
3437 5175 3535 5245 τῆς
3572 5187 3705 5240 παρ-

434 5252 671 5333 Niczeni;
711 5280 977 5322 cauonem
1000 5269 1065 5323 l9
1088 5270 1307 5324 concilii
1348 5272 1697 5337 Autiocheni,
1718 5284 1771 5329 et
1799 5275 1867 5329 12
1888 5274 1980 5328 Lat

2164 5276 2297 5345 ύσης
2330 5272 2768 5327 Ἰουστινιανείου
2801 5272 2997 5340 νεαρᾶς
3032 5268 3315 5339 δεχθείσης
3341 5267 3421 5327 είς
3450 5268 3518 5317 τὰ
3552 5262 3706 5314 Βασι-

439 5358 651 5425 dieeni,
676 5368 1005 5425 statuentes,
1033 5362 1353 5431 episcopum
1392 5366 1459 5418 ab
1487 5367 1759 5437 episcopis
1784 5369 1985 5436 ipsorur

2159 5364 2259 5415 ,ικὰ
2291 5361 2389 5428 τῆς
2419 5361 2820 5430 διοριζομένης,
2851 5361 2923 5429 μὴ
2952 5358 3125 5421 ἄλλως
3152 5353 3570 5427 χειροτονεῖσθαί
3595 5365 3705 5402 τινα

436 5451 644 5519 judicio
674 5452 896 5507 decerni
927 5461 1093 5524 atque
1111 5456 1351 5510 ordinari
1388 5458 1585 5512 debere
1615 5476 1628 5511 :
1660 5460 1875 5514 irritum
1911 5478 1982 5515 ιο(

2160 5458 2437 5509 ,πίσκοπον
2469 5456 2515 5506 εἰ
2543 5455 2617 5524 μὴ
2649 5454 2739 5504 ἐπὶ
2791 5452 2936 5523 τρισὶ
2973 5448 3287 5523 προσώποις
3334 5448 3588 5517 ψήφισμα
3620 5441 3706 5510 γέ-

434 5543 626 5605 ditur,
686 5544 831 5613 quod
862 5547 1161 5616 prepositis
1214 5551 1585 5605 sacresauctis
1638 5550 1947 5623 Evangeliis

2161 5566 2281 5601 ιοιτο
2316 5548 2469 5616 παρά
2497 5564 2555 5599 τε
2599 5545 2708 5598 τῶν
2761 5543 3037 5614 κληρικῶν
3066 5544 3158 5595 καὶ
3196 5541 3307 5594 τῶν
3342 5538 3573 5610 πρώτων
3616 5533 3707 5601 τῆς

448 5635 663 5690 clericis
681 5646 735 5690 et
751 5638 965 5693 civibus
986 5640 1051 5694 de
1072 5641 1348 5712 episcopis
1366 5643 1579 5697 decreta
1602 5644 1712 5700 ﬁeri
1732 5646 1986 5719 [debeant

2160 5644 2371 5706 πόλεως,
2404 5642 2497 5695 καὶ
2545 5641 2774 5704 ἕκαστος
2826 5639 3004 5693 αὐτῶν
3037 5637 3368 5708 ἐπομόσεται
3425 5633 3565 5687 κατὰ
3608 5626 3706 5681 τῶν

453 5727 664 5784 Idcirco
693 5729 838 5784 enim
878 5733 961 5803 (ut
991 5732 1222 5805 videtur)
1255 5736 1421 5791 etiam
1458 5737 1550 5793 illa
1601 5740 1653 5793 iu
1689 5754 1760 5793 vn
1804 5741 1899 5795 lib.
1934 5756 1999 5812 po

2159 5739 2305 5792 leiow
2342 5734 2691 5804 Εὖαγγελίων
2732 5739 2862 5804 περὶ
2914 5731 3078 5787 αὑτοῦ
3118 5733 3218 5786 ὅσα
3255 5733 3319 5802 τῇ
3364 5728 3532 5797 νεαρᾷ
3562 5738 3705 5793 περι-
