3916 6244
290 237 410 304 1005
1235 217 1721 289 NOMOCANON.
1758 242 1827 254 —
1863 216 2014 281 TIT.
2050 216 2102 293 Ι,
2145 218 2304 281 CAP.
2342 217 2554 284 XXIV.
3420 216 3556 281 1006

283 349 496 419 ἐχονται,
545 345 667 413 πῶς
697 346 850 403 οὐδέν
905 363 959 401 τι
999 316 1071 399 ἐκ
1105 340 1312 395 τούτων
1367 338 1611 409 σήμερον
1652 336 1829 403 ἐνεργε

2010 334 2073 385 ita
2106 333 2187 387 lex
2213 374 2227 398 ,
2282 349 2406 405 quae
2457 334 2650 390 statuit
2682 343 2741 391 ut
2764 333 2978 405 judices
3032 331 3328 405 propositis
3365 346 3556 388 sacro-

282 438 375 492 ἀπὸ
415 436 511 491 τοῦ
544 436 586 491 δ’
617 438 843 500 κανόνος
891 434 994 504 τῆς
1051 434 1110 485 ἐν
1155 426 1362 499 Νικαίᾳ
1396 425 1638 490 συνόδου,
1674 423 1769 475 τοῦ
1801 426 1828 476 tl

2011 427 2182 481 tinctis
2224 426 2534 498 Evangeliis
2565 429 2828 500 judicent,
2862 428 3064 483 nullam
3089 427 3202 481 vim
3232 434 3287 481 et
3320 425 3557 481 auctori-

282 527 366 597 τῆς
419 528 480 582 ἐν
541 528 868 599 Ἀντιοχείᾳ,
908 525 1006 580 καὶ
1055 521 1152 576 τοῦ
1202 518 1271 592 ιη’
1323 520 1425 589 τῆς
1457 520 1516 570 ἐν
1571 515 1827 570 Δαοδικεί

2012 528 2131 573 item
2162 519 2342 575 liabet.
2373 520 2531 587 Quod
2582 538 2713 578 vero
2762 524 2829 578 de
2858 524 3036 577 tribus
3059 520 3311 591 personis
3345 520 3414 575 ab
3444 518 3558 589 epi-

279 618 653 691 διοριζομένων
704 621 805 684 τὰς
852 617 1071 689 ψήφους
1099 613 1209 668 τῶν
1257 609 1583 683 ἀρχιερέων,
1623 606 1719 662 καὶ
1766 607 1825 660 τό

2009 610 2151 679 :opis
2179 609 2394 685 [etiam]
2427 614 2589 670 hodie
2619 614 2838 672 decreta
2866 614 3006 671 ﬁunt
3035 631 3051 669 :
3083 613 3151 670 ad
3190 614 3268 681 id,
3293 613 3350 667 ni
3371 610 3555 675 fallor,

279 712 605 782 χειροτονίας
636 712 791 784 παρὰ
824 708 1147 764 ἐπισκόπων
1181 705 1276 761 ἐπὶ
1301 703 1379 774 τῷ
1403 703 1632 775 κρίματι
1656 700 1825 754 τούτω

1363 703 1632 775 ὂκρίματι
1656 700 1865 754 τούτων
1964 716 2207 772 pra-scus
2240 705 2455 759 novella
2491 704 2688 779 [ipsos]
2720 707 2909 778 adigit.

289 800 547 868 γίνεσθαι,
582 804 909 875 ὴπράκτησε
939 800 1021 866 τὸ,
1054 795 1434 869 προκειμένων
1462 794 1571 848 τῶν
1603 793 1774 864 ἁγίων
1796 793 2143 862 Εὐαγγελίων
2168 796 2415 863 γίνεσθαι
2433 798 2533 862 τὰς
2553 799 2769 871 ψήφους
2797 799 2906 855 τῶν
2930 799 3247 854 ἐπισκόπων
3271 798 3424 870 παρὰ
3451 796 3562 851 τῶν

274 895 363 965 κλη
373 894 564 966 ρικιῖΝ,
584 895 682 948 καὶ
705 895 815 949 τῶν
833 892 1086 948 πολιτῶν.
1104 891 1200 945 Διὰ
1217 891 1326 961 γὰρ
1342 888 1524 957 τοῦτο,
1544 888 1621 953 ὡς
1641 888 1839 952 ἔοικεν,
1863 886 1963 941 οὐκ
1992 889 2209 960 ἐνεργεῖ
2227 890 2323 944 καὶ
2346 891 2445 945 όέν
2470 893 2548 964 τῷ
2573 890 2618 957 ζ’
2639 893 2831 966 βιϐλίῳ
2852 893 3103 965 κείμενος
3126 893 3310 963 νόμος,
3335 893 3431 946 καὶ
3451 892 3563 947 διο-

273 984 547 1056 ριζόμενος
567 984 812 1051 δικάζειν
831 987 959 1049 τοὺς
978 984 1241 1047 δικαστάς
1261 983 1639 1053 προκειμένων
1657 981 1765 1035 τῶν
1787 978 1958 1049 ἁγίων
1980 979 2353 1051 Εὑαγγελίων.
2380 985 2455 1038 Τὸ
2471 986 2623 1040 δὲέπὶ
2661 987 2809 1056 τρισὶ
2839 986 3158 1058 προσώποις
3186 984 3437 1054 γίνεσθαι
3460 985 3563 1052 τὰς

269 1078 472 1151 ψήφους
501 1079 651 1149 παρὰ
671 1078 781 1133 τῶν
797 1079 1115 1134 ἐπισκόπων
1147 1077 1247 1151 τὴν
1267 1078 1529 1149 σήμερον,
1559 1075 1636 1138 ὡς
1663 1071 1892 1144 νομίζω,
1918 1073 2028 1127 ἀπὸ
2056 1073 2160 1142 τῆς
2189 1075 2677 1151 παρούσηςνεαρᾶς
2705 1078 3122 1149 ἠναγκασμένον
3155 1078 3294 1134 ἐστί.

328 1174 585 1227 ΚΕΦΔΛ.
623 1173 751 1228 ΚΔ’.
784 1201 855 1214 —
881 1174 1023 1244 Περὶ
1062 1172 1184 1229 τῶν
1222 1172 1321 1227 ἐπὶ
1366 1169 1633 1242 χρήμασι
1658 1183 1852 1239 χειρο-

2029 1165 2185 1223 CAP.
2218 1167 2410 1225 XXIV.
2439 1202 2510 1214 —-
2535 1170 2615 1226 De
2635 1173 2716 1227 his
2753 1172 2843 1242 qui
2864 1172 3008 1226 datis
3032 1171 3271 1241 pecuniis
3305 1172 3564 1227 ordinan-

270 1265 645 1334 τονουμένων
672 1266 945 1336 ὀφφίκια.

1960 1268 2066 1326 tur,
2100 1270 2193 1317 aut
2221 1264 2512 1334 suscipiunt
2547 1266 2735 1336 ofﬁcia.

330 1358 566 1411 Συνόδου
606 1359 955 1430 Χαλκηδόνος
994 1358 1175 1413 κανὼν
1209 1358 1253 1429 β’
1273 1376 1288 1391 ο
1314 1357 1630 1412 ἀποστόλων
1667 1354 1851 1410 κανὼν

2030 1355 2261 1412 Concilii
2311 1356 2783 1415 Chalcedonensis
2821 1372 2999 1415 canon
3051 1358 3122 1426 ‘2;
3182 1357 3563 1429 apostolorum

268 1449 340 1502 κθ⁹
363 1467 378 1483 ο
416 1450 642 1504 συνόδου
688 1457 765 1516 ς’,
814 1450 996 1506 κανὼν
1017 1450 1126 1522 κβ’,
1156 1458 1262 1521 κγ’.
1290 1450 1565 1523 Ταρασίου
1598 1451 1814 1520 ἀρχιεπι

2020 1465 2143 1504 ιηοιι
2179 1450 2291 1516 29;
2324 1451 2543 1507 concilii
2568 1452 2713 1507 sexti
2740 1467 2919 1508 canon
2949 1452 3042 1520 22,
3077 1454 3150 1507 23
3177 1470 3192 1519 ;
3226 1450 3442 1507 Tarasii
3474 1466 3566 1506 ar-

266 1542 466 1596 σκόπου
491 1543 631 1614 πρὸς
662 1543 944 1615 Ἀδριανὸν
970 1544 1160 1599 πάπαν
1184 1543 1405 1613 Ῥώμης
1427 1542 1707 1612 ἐπιστολὴ,
1738 1558 1812 1594 συτ

2012 1532 2307 1614 biepisctipi
2369 1545 2435 1599 ad
2497 1544 2799 1599 Adrianum
2843 1560 3040 1616 papam
3074 1545 3237 1600 Rom.
3280 1545 3558 1615 epistola;

266 1634 383 1688 όδου
404 1635 646 1699 Νικαίας
666 1637 728 1691 τὸ
751 1637 817 1707 β’,
847 1636 1031 1693 κανὼν
1056 1639 1119 1705 δ’,
1147 1643 1210 1703 ε’,
1241 1637 1326 1701 ιθ’,
1352 1636 1636 1689 Βασιλείου
1666 1637 1730 1689 ἐκ
1759 1637 1812 1687 τί

2010 1637 2181 1691 )ncilii
2214 1634 2424 1691 Nicmni
2459 1638 2687 1692 secundi
2720 1653 2897 1693 canon
2929 1639 2985 1703 4,
3025 1637 3077 1706 5,
3117 1638 3223 1703 i9;
3272 1637 3457 1693 Basilii
3488 1652 3556 1691 ex

263 1724 396 1793 πρὸς
417 1727 548 1791 τοὺς
594 1727 931 1792 ἐπισκόπους
983 1728 1296 1799 ἐπιστολῆς·
1324 1726 1609 1781 Γενναδίου
1634 1727 1727 1779 καὶ
1756 1725 1809 1778 τί

2014 1727 2130 1795 pist.
2163 1726 2229 1780 ad
2266 1741 2399 1782 suos
2432 1727 2758 1797 episcopos;
2790 1725 3060 1783 Gennadii
3092 1736 3146 1782 et
3174 1726 3399 1800 [coacti]
3434 1742 3560 1784 cum

265 1823 364 1875 σὺν
390 1823 543 1893 αὐτῷ
572 1824 792 1878 συνόδου
824 1827 889 1879 ἐκ
912 1824 1012 1896 τῆς
1043 1824 1336 1893 ἐγκυκλίου
1371 1824 1511 1895 πρὸς
1539 1823 1667 1887 τοὺς
1695 1823 1811 1875 datu

2018 1833 2088 1872 tso
2116 1818 2357 1885 concilii,
2379 1834 2446 1873 ex
2467 1819 2745 1890 encyclica
2778 1819 2845 1874 ad
2877 1820 3260 1876 sanctissimos
3285 1830 3564 1890 metropo—

264 1914 461 1977 τάτους
501 1916 908 1987 μητροπολίτας
937 1904 1277 1987 ἐπιστολῆς(
1968 1911 2166 1967 Ιίιόηοε
2196 1912 2445 1981 ερίεῑοιει.

334 2005 649 2074 Κείμενον.
680 2006 896 2060 Βιϐλίον
922 2005 993 2074 α’,
1024 2008 1131 2062 τίτ.
1154 2006 1227 2077 γ,
1251 2006 1494 2072 διάταξις
1521 2004 1589 2071 λ’,
1622 2001 1734 2076 μα’,
1766 2005 1861 2058 καὶ

2046 2001 2267 2057 Τεπιιιε.
2304 2002 2447 2075 Lege
2475 2004 2569 2060 lib.
2605 2005 2657 2072 1,
2692 2004 2781 2059 tit.
2801 2003 2858 2069 5,
2881 2013 3062 2060 const.
3092 2003 3185 2072 50,
3218 2005 3283 2060 41
3314 2013 3370 2060 et
3398 2004 3483 2060 tit.
3513 2003 3565 2057 1.

264 2095 374 2150 τίτ.
396 2094 468 2161 α’,
500 2097 610 2151 τῶν
646 2098 877 2169 Νεαρῶν
909 2099 1153 2167 διάταξις
1175 2097 1245 2165 α’,
1278 2096 1345 2169 β’,
1374 2097 1463 2166 ια’,
1497 2099 1555 2151 ἐν
1582 2093 1674 2161 αἷς
1708 2098 1810 2169 είρι

2026 2097 2258 2151 ovellaru
2270 2113 2343 2162 ιιι,
2368 2106 2499 2163 etc.,
2529 2115 2695 2169 usque
2718 2097 2789 2154 ad
2812 2096 3074 2154 Ecclesiis
3093 2094 3406 2170 [quidlibet]
3438 2095 3572 2154 offe-

258 2208 369 2253 ται,
406 2208 463 2256 κ,
495 2208 548 2246 τ.
579 2191 850 2263 )t.,usque
876 2194 940 2249 ad
968 2197 1087 2259 ταῖς
1121 2193 1471 2264 Ἐκκλησίαις
1504 2193 1803 2263 προσφέρει

971 2197 1087 2259 ταῖς
1121 2193 1471 2264 Ἐκκλησίαις
1504 2193 1858 2263 προσφέρειν.
1975 2198 2117 2253 rant,
2148 2199 2204 2242 ut
2237 2206 2357 2260 pag.
2391 2189 2517 2246 539.

333 2284 617 2352 Σχόλιον.
662 2285 725 2338 Ἦ
759 2283 803 2338 λ’
840 2287 939 2339 καὶ
970 2284 1082 2357 μα’.
1144 2286 1288 2343 διάτ.
1320 2285 1416 2339 τοῦ
1445 2292 1493 2354 γ’
1534 2285 1641 2339 τίτ.
1700 2283 1794 2336 τοῦ
1818 2287 1865 2336 α’

2053 2279 2350 2337 Scholium.
2392 2282 2586 2341 Const.
2625 2285 2695 2339 '50
2718 2295 2773 2341 et
2800 2285 2893 2352 4|,
2932 2287 3017 2341 tit.
3050 2287 3104 2352 5,
3131 2285 3224 2340 lib.
3261 2300 3277 2339 ι
3316 2284 3438 2340 cod.
3468 2299 3570 2354 p0-

266 2374 472 2444 βιϐλίου
506 2374 604 2429 τοῦ
636 2375 867 2440 κώδικος
894 2376 996 2429 οὐκ
1032 2375 1300 2447 ἐτέθησαν
1343 2378 1425 2439 είς
1469 2376 1539 2430 τὰ
1576 2375 1812 2428 Βασιλικι

2022 2374 2103 2429 itae
2125 2390 2231 2428 non
2259 2385 2387 2431 sunt
2414 2377 2467 2431 in
2503 2376 2673 2433 Basil.
2711 2387 2877 2449 atque
2903 2380 3027 2433 ideo
3046 2377 3215 2433 irrita:
3243 2375 3400 2432 facta:
3418 2384 3568 2431 sunt.

266 2465 363 2520 καὶ
405 2464 496 2519 διὰ
528 2465 689 2521 τοῦτο
739 2469 1129 2541 ηπράκτησαν.
1170 2469 1236 2522 'H
1275 2470 1461 2539 μέντοι
1484 2465 1552 2531 α’,
1589 2465 1634 2538 β’
1665 2469 1759 2520 καὶ
1801 2487 1812 2518 ι

2026 2478 2170 2522 onst.
2199 2479 2380 2524 autem
2411 2472 2464 2534 1,
2501 2471 2557 2538 2,
2592 2472 2681 2534 Η,
2721 2472 2804 2526 tit.
2847 2473 2871 2525 1
2903 2471 3275 2536 Novellarum,
3304 2477 3431 2525 sunt
3455 2465 3570 2521 No-

264 2558 406 2612 διάτ.
438 2558 535 2611 τοῦ
587 2556 637 2611 α’
678 2559 785 2613 τίτ.
811 2559 921 2612 τῶν
972 2559 1201 2631 Νεαρῶν
1226 2563 1363 2614 εἰσιν
1386 2560 1598 2631 Νεαραὶ
1643 2559 1810 2612 Ἰουστ

2021 2561 2131 2616 clla:
2148 2559 2447 2617 Iustiniani
2471 2563 2525 2630 6,
2549 2548 2656 2619 las
2685 2573 2741 2619 et
2771 2563 3046 2635 56.Atque
3086 2562 3119 2617 ο
3142 2562 3364 2633 quidem
3390 2570 3567 2615 const.

267 2652 496 2704 νιάνειοι
530 2648 607 2715 ς’,
640 2649 760 2722 ρκγ’
814 2653 912 2705 καὶ
940 2649 1061 2715 νς”
1099 2652 1196 2705 καὶ
1229 2653 1326 2721 τῆς
1376 2652 1473 2722 μὲν
1512 2649 1565 2714 ς’
1600 2650 1661 2704 τὸ
1696 2668 1809 2721 παρ

2024 2671 2227 2712 rzesens
2250 2665 2416 2726 caput
2446 2672 2553 2711 non
2577 2667 2659 2713 est
2678 2658 2914 2729 positum
2952 2658 3006 2712 in
3033 2656 3199 2712 Basil.
3236 2670 3418 2726 neque
3441 2654 3570 2709 item

268 2760 394 2812 κεφ.
432 2744 537 2797 οὐκ
567 2743 727 2814 ἐτέθη
767 2744 848 2807 εἰς
895 2744 963 2797 τὰ
1009 2745 1297 2811 Βασιλικὰ,
1346 2744 1605 2808 ὡσαύτως
1659 2743 1779 2797 οὐδέ

2027 2751 2199 2805 ovella
2229 2749 2318 2817 56,
2352 2766 2476 2820 qua:
2502 2751 2569 2806 de
2594 2751 2946 2807 insinuativis
2971 2766 3095 2821 qua:
3125 2749 3371 2821 Byzantii
3400 2764 3430 2803 a
3463 2748 3573 2803 cle—

271 2834 359 2901 νς¹
383 2837 557 2908 νεαρὰ
592 2837 923 2892 διδάσκουσα
958 2840 1089 2910 περὶ
1133 2840 1243 2893 τῶν
1278 2843 1336 2893 ὲν
1368 2839 1448 2911 τῷ
1485 2838 1765 2909 Βυζαντίῳ
1793 2838 1817 2891 δ

2028 2845 2117 2899 eis
2156 2843 2268 2898 illic
2327 2843 2651 2899 ordinandis
2698 2843 2925 2909 dantur,
2965 2843 3145 2898 docet.
3182 2840 3408 2897 Novella
3441 2854 3574 2894 vero

270 2930 519 2999 δομένων
539 2930 955 3002 ἐμφανιστικῶν
992 2933 1137 3003 παρὰ
1158 2933 1269 2987 τῶν
1294 2935 1351 2987 ἐν
1375 2932 1549 3004 τούτῳ
1571 2934 1816 3003 γινομένι

2026 2937 2110 3004 25,
2141 2946 2202 2991 ut
2234 2952 2380 3006 sazpe
2409 2938 2618 2992 dictum
2647 2946 2763 3002 est,
2795 2937 2973 3007 posita
2997 2935 3158 2991 estin
3198 2951 3255 2989 ιιι
3284 2933 3379 2988 lib.
3404 2931 3572 2986 Basil.

274 3023 577 3095 κληρικῶν.
617 3023 682 3077 Ἦ
720 3023 781 3077 δὲ
811 3022 929 3095 ρκγ¹
966 3027 1139 3098 νεαρὰ
1166 3025 1351 3098 ἐτέθη,
1385 3026 1463 3090 ὡς
1497 3025 1760 3088 πολλάκις
1791 3041 1813 3076 ε

2033 3042 2071 3084 t.
2106 3031 2157 3096 1,
2190 3046 2311 3100 cap.
2344 3032 2399 3096 9,
2422 3040 2476 3085 et
2505 3031 2784 3100 deinceps.
2822 3028 2978 3097 Quod
3031 3025 3332 3101 [quidem]
3379 3025 3413 3082 9
3450 3042 3571 3096 cap.

278 3133 437 3187 ρηται
478 3119 538 3172 ἐν
578 3119 768 3192 βιϐλίῳ
797 3118 845 3190 γ’
891 3120 1000 3174 τῶν
1032 3119 1339 3173 Βασιλικῶν
1386 3121 1491 3172 τίτ.
1525 3115 1597 3183 α’,
1629 3135 1756 3188 κεφ.
1800 3119 1824 3171 0

2027 3124 2274 3179 raasentis
2292 3125 2378 3178 tit.
2408 3138 2531 3194 cap.
2553 3123 2588 3178 5
2614 3123 2961 3178 extrinsecus
2992 3120 3070 3193 [in
3098 3120 3323 3175 Scliulio
3353 3116 3572 3189 nempe]

275 3212 367 3264 καὶ
388 3214 477 3281 ἐφ’
521 3213 671 3284 ἐξῆς,
709 3216 846 3285 ὅπερ
898 3212 944 3268 θ’
975 3231 1101 3283 κεφ.
1133 3211 1493 3283 κατεστρώθη
1523 3212 1725 3279 ἔξωθεν
1769 3229 1821 3265 τε

2028 3224 2253 3269 isertum
2286 3222 2369 3268 est
2406 3233 2421 3269 :
2469 3214 2613 3284 quod
2651 3214 2823 3286 legas,
2860 3209 3094 3285 [utpote]
3123 3211 3267 3281 quod
3292 3209 3360 3264 de
3393 3209 3459 3263 iis
3479 3209 3574 3279 qui

274 3299 315 3354 t-:'
343 3320 473 3373 κεφ.
513 3304 611 3358 τοῦ
645 3307 914 3378 παρόντος
943 3307 1076 3371 τίτ.,
1111 3307 1139 3359 ὃ
1183 3306 1277 3359 καὶ
1306 3306 1579 3376 ἀνάγνωθι
1615 3306 1820 3360 διδάσκι

2029 3308 2131 3362 atis
2160 3308 2411 3377 pecuniis
2434 3306 2786 3371 ordinantur,
2815 3306 3031 3360 doceat.
3066 3305 3239 3358 Porro
3278 3302 3345 3357 de
3380 3299 3575 3355 diariis

277 3397 404 3468 περὶ
430 3398 542 3451 τῶν
568 3400 662 3452 ἐπὶ
695 3402 940 3472 χρήμασι
969 3400 1483 3473 χειροτονουμένων.
1514 3401 1647 3472 Περὶ
1675 3399 1731 3453 δὲ
1758 3400 1823 3452 τιῖ

2032 3416 2107 3455 ηαξ
2136 3403 2373 3467 dantur,
2426 3417 2610 3471 qnmre
2637 3401 2881 3470 ejusdem
2928 3399 3024 3453 lib.
3061 3407 3116 3452 et
3147 3398 3229 3451 tit.
3262 3410 3385 3465 cap.
3417 3393 3489 3450 55
3522 3401 3578 3447 et

276 3489 569 3560 διδομένων
592 3491 820 3564 διαρίων
843 3492 998 3564 ζήτει
1032 3493 1126 3547 τοῦ
1156 3492 1323 3547 αὑτοῦ
1381 3492 1587 3562 βιϐλίου
1618 3493 1713 3546 καὶ
1759 3491 1822 3544 τίν

2029 3490 2090 3555 θ,
2142 3506 2265 3561 qua:
2323 3491 2404 3547 sic
2456 3489 3017 3545 habent:Ceeterum
3080 3501 3259 3555 neque
3311 3484 3575 3540 clericum

279 3598 403 3648 κεφ.
434 3580 509 3635 λε’
554 3584 650 3637 καὶ
702 3584 811 3650 λς’,
844 3585 1020 3651 οὔτως
1071 3587 1212 3658 ἔχον
1259 3586 1399 3639 Ἀλλ’
1452 3585 1575 3639 οὐδὲ
1608 3586 1825 3656 κληρικέ

2034 3585 2372 3654 Jjuscunque
2403 3583 2609 3654 gradus
2648 3583 2783 3637 dare
2831 3580 3112 3650 quippiam
3151 3578 3228 3632 illi
3280 3593 3311 3631 a
3343 3591 3453 3647 quo
3487 3591 3580 3630 or-

277 3674 593 3746 οἰουδήποτε
625 3676 837 3748 βαθμοῦ
870 3679 1070 3732 διδόναι
1107 3695 1161 3731 τι
1199 3680 1395 3749 ἐκείνῳ
1426 3678 1516 3748 ὑφ’
1542 3670 1602 3731 οὗ
1628 3695 1823 3749 χειροτι

2066 3687 2209 3732 tatur
2237 3719 2252 3742 ,
2298 3677 2383 3732 vel
2429 3677 2741 3745 cuicunque
2782 3675 2872 3728 alii
2904 3688 3153 3744 personae
3184 3662 3608 3741 permittimus.'

278 3772 448 3823 νεῖται
477 3769 513 3839 ἢ
552 3770 700 3839 ἄλλῳ
725 3772 1001 3843 οἱῳδήτινι
1042 3773 1321 3843 προσώπῳ
1351 3774 1412 3826 οὐ
1451 3773 1824 3844 συγχωροῦμετ

2035 3772 2393 3825 antumtnodo
2423 3771 2543 3840 ejus
2569 3771 2661 3840 qui
2722 3769 2962 3830 ordinat,
2988 3766 3275 3821 ministris.
3304 3771 3359 3818 et
3383 3762 3479 3833 qui
3512 3776 3576 3816 ex

284 3862 445 3930 μόνας
470 3863 528 3915 δέ
559 3864 825 3935 παρέχειν
853 3866 1017 3920 αὑτὸν
1040 3866 1139 3929 τὰς
1173 3866 1460 3937 συνηθείας
1502 3869 1618 3930 τοῖς
1647 3866 1725 3937 τῷ
1754 3883 1830 3937 χει

2034 3882 2142 3921 tore
2169 3865 2420 3934 accipere
2460 3860 2709 3935 [solent],
2756 3859 3187 3915 consuetudines
3220 3856 3390 3920 dabit,
3455 3867 3580 3924 quae

283 3952 589 4021 ροτονοῦντι
645 3956 1117 4026 ὑπηρετουμένοις
1144 3997 1158 4023 ,
1218 3958 1315 4011 καὶ
1344 3957 1403 4023 ἐξ
1446 3956 1602 4022 ἔθους
1649 3957 1829 4029 κομιζι

2036 3975 2168 4013 tmen
2201 3958 2367 4011 unius
2410 3956 2540 4009 anui
2569 3956 2741 4010 diaria
2792 3968 2902 4007 non
2950 3960 3305 4021 exsuperent.
3350 3949 3405 4002 In
3448 3962 3582 4002 san—

284 4044 464 4113 μένοις
493 4047 615 4110 ἐνὸς
646 4049 899 4103 ἐνιαυτοῦ
943 4050 1128 4121 διάρια
1162 4050 1237 4121 μὴ
1270 4049 1727 4121 ὑπερϐαινούσας.
1783 4051 1830 4102 Ἐ

2033 4053 2238 4104 Lissitna
2269 4047 2513 4103 Ecclesia
2539 4047 2593 4100 in
2624 4061 2790 4115 quam
2817 4044 3091 4113 allegitur,
3120 4056 3339 4095 sacrum
3374 4052 3579 4093 munus

281 4136 335 4188 δὲ
356 4139 422 4207 τῇ
454 4138 739 4211 ἁγιωτάτῃ
769 4140 1072 4212 Ἐκκλησία
1174 4141 1571 4194 κατατάττεται
1599 4140 1697 4212 τὴν
1722 4140 1827 4193 θείο

2035 4141 2225 4210 ιριθὺίι
2254 4182 2268 4205 ,
2319 4150 2371 4194 ct
2405 4140 2539 4193 ttiltil
2572 4138 2801 4190 omnino
2832 4135 3056 4204 collegis
3087 4135 3201 4188 suis
3229 4148 3330 4203 pro
3360 4145 3461 4187 sua
3496 4130 3581 4183 in-

284 4230 525 4300 πληροῦν
556 4231 923 4302 λειτουργίαν,
948 4234 1040 4286 καὶ
1071 4234 1237 4305 μηδὲν
1268 4232 1549 4297 παντελῶς
1578 4235 1689 4295 τοῖς
1725 4232 1830 4285 ίδίοι

2045 4234 2310 4289 nuationc
2336 4232 2510 4291 dabit.
2539 4245 2719 4300 neque
2748 4244 2846 4298 per
2876 4229 3019 4282 hanc
3053 4242 3303 4289 causam,
3329 4234 3425 4278 aut
3456 4222 3583 4279 soli-

288 4325 673 4394 συγκληρικοίς
701 4324 904 4378 διδόναι
931 4326 1071 4396 ὑπὲρ
1102 4327 1201 4396 τῆς
1228 4326 1364 4389 ἰδίας
1386 4325 1710 4395 ἐμφανείας,
1739 4326 1834 4395 μηξ

2036 4343 2058 4379 a
2092 4343 2189 4380 sua
2226 4327 2498 4389 mercede,
2535 4331 2631 4377 aut
2661 4322 2783 4375 aliis
2830 4336 2952 4390 (IlliB
2981 4319 3356 4390 particulatim
3414 4316 3582 4371 obve-

331 4375 418 4392 ν.-
463 4375 670 4394 ,τίη-γι,
939 4375 1064 4396 -ρ--.-
1114 4375 1198 4396 -..ν
1390 4375 1594 4395 TV.--
1739 4375 1831 4395 ,κέ-.-

285 4420 369 4473 διά
391 4420 601 4492 ταύτην
629 4422 728 4493 τὴν
754 4423 933 4476 αἰτίαν
963 4423 1072 4477 τῶν
1112 4424 1259 4478 ἰδίων
1285 4424 1676 4495 παραμυθιῶν,
1704 4423 1738 4494 ἢ
1766 4422 1831 4475 τᾶ

2038 4430 2182 4483 υιιι,
2238 4417 2621 4471 l'rustrabitur.
2688 4416 2794 4469 Sed
2853 4430 3030 4485 neque
3070 4412 3433 4479 xenodoclto,
3489 4418 3584 4464 aut

284 4511 461 4567 ἄλλων
512 4513 811 4583 μεριτικῶν
862 4514 1025 4568 αὐτὸν
1071 4515 1520 4586 ἀποστερεῖσθαι,
1556 4515 1692 4568 ἀλλὰ
1747 4519 1830 4586 μηέ

2037 4511 2409 4580 .ocltotmplto,
2442 4516 2537 4561 aut
2562 4521 2885 4573 nosocomo,
2910 4514 3005 4560 aut
3030 4505 3172 4559 alius
3199 4504 3583 4574 cujuscunque

292 4602 572 4675 ξενοδόχον
601 4605 634 4677 ἢ
670 4608 1081 4679 πτωχοτρόφον,
1118 4609 1152 4679 ἢ
1177 4609 1554 4681 νοσοκόμον,ἧ
1585 4609 1746 4662 ἄλλου
1786 4609 1838 4661 εἰ

2036 4617 2159 4657 tcrae
2208 4602 2405 4656 domus
2446 4600 2847 4669 dispensatori,
2907 4607 3000 4653 aut
3039 4595 3351 4670 [denique]
3403 4594 3455 4650 ei
3485 4593 3582 4665 qui

287 4697 451 4766 αγοῦς
475 4698 792 4769 οίουδήποτε
837 4702 988 4754 οῐκου
1029 4700 1329 4773 διοικητὴν,
1366 4701 1399 4771 ἢ
1432 4701 1747 4765 οἱονδήποτε
1792 4704 1833 4753 ἐι

2035 4696 2431 4760 ualetncunque
2483 4693 2924 4747 ecclesiasticam
2962 4708 3153 4747 curam
3195 4691 3445 4759 suscipit,
3483 4701 3581 4755 pro

288 4791 678 4862 κλησιαστικὸν
706 4793 1015 4863 φρόντισμα
1048 4796 1353 4865 χειρίξοντα
1379 4795 1577 4847 διδόναι
1607 4812 1657 4848 τι
1689 4794 1833 4847 ἐκεὶν

2034 4789 2306 4844 ιιιοι-ειίὶιιι
2336 4788 2434 4858 ipsi
2464 4786 3265 4857 administrationequidquam
3300 4784 3374 4836 illi
3409 4798 3439 4835 a
3472 4795 3580 4851 quo

290 4883 376 4953 ὑφ’
430 4878 494 4938 οὗ
552 4885 943 4955 προϐάλλεται,
988 4887 1021 4959 ἢ
1063 4888 1208 4958 ἄλλῳ
1257 4888 1562 4959 οίῳδήποτε
1604 4887 1833 4959 προσώπ

2037 4885 2305 4949 raeticitur,
2358 4884 2519 4937 aliive
2551 4883 2922 4951 qualicunque
2965 4896 3233 4951 persona;
3268 4880 3397 4933 dare
3426 4876 3583 4948 [con-

290 4977 429 5048 ὑπὲρ
454 4977 555 5048 τῆς
586 4979 1047 5050 ἐμπιστευθείσης
1068 4981 1216 5049 αὐτῷ
1232 4980 1574 5052 διοικήσεως,
1598 4984 1625 5033 ὁ
1647 4982 1704 5033 δὲ
1731 4999 1836 5052 παρ

2030 4978 2287 5050 edimus].
2318 4976 2421 5043 Qui
2462 4994 2592 5031 vero
2631 4988 2828 5046 praeter
2854 4978 2967 5028 haec
2998 4989 3121 5042 qua:
3160 4970 3576 5035 constituimus,

291 5068 460 5123 ταῦτα
518 5071 663 5143 άπερ
718 5070 1197 5143 διετυπώσαμενῆ
1241 5071 1475 5142 διδοὺςῆ
1528 5071 1820 5142 λαμϐάνων

2033 5085 2085 5127 ut
2108 5072 2343 5137 dederit,
2380 5083 2473 5124 aut
2502 5073 2731 5140 ceperit,
2764 5079 2861 5123 aut
2883 5069 3152 5121 mediator
3182 5064 3362 5118 factus
3392 5064 3579 5127 fuerit,

298 5164 523 5234 μεσίτης
552 5164 847 5234 γενόμενος
888 5164 987 5235 τῆς
1026 5165 1328 5235 ἱερωσύνης
1382 5165 1501 5236 ἦτοι
1551 5165 1645 5217 τοῦ
1676 5165 1844 5235 κλήρο

2036 5165 2302 5220 teerdotio
2343 5166 2464 5219 sive
2496 5165 2757 5218 clericatu
2781 5203 2795 5228 ,
2825 5172 2920 5216 aut
2953 5159 3266 5215 concredita
3302 5159 3407 5228 ipsi
3441 5172 3582 5229 qua-

295 5255 325 5324 ῆ
380 5254 481 5325 τῆς
536 5256 1005 5328 ἐμπιστευθείσης
1067 5256 1219 5326 αὐτῷ
1298 5257 1623 5329 οἱασδήποτε
1673 5258 1841 5326 διοική

2033 5276 2249 5330 cunque
2302 5258 2783 5313 administratione
2841 5255 3142 5310 nudabitur
3173 5271 3186 5307 :
3222 5269 3343 5323 qua:
3393 5260 3578 5307 autem

297 5366 451 5415 σεως,
494 5352 920 5423 γυμνωθήσεται
953 5352 1064 5407 τῶν
1109 5354 1428 5425 διδομένων,
1478 5354 1843 5425 ἐκδικουμένω

2039 5366 2120 5409 ata
2163 5363 2347 5417 erunt,
2380 5353 2805 5407 vindicabuntur
2836 5364 2997 5404 sacro
3032 5349 3150 5402 loco
3172 5386 3186 5410 ,
3239 5346 3401 5415 cujus
3455 5346 3585 5401 talis

295 5443 369 5511 τῷ
402 5443 591 5513 εὐαγεῖ
620 5446 774 5516 τόπῳ
799 5438 1010 5510 οὗτινος
1053 5447 1115 5500 τὸ
1154 5447 1396 5501 τοιοῦτον
1448 5448 1741 5518 πρόσωπον
1785 5447 1841 5501 τὶ

2037 5461 2230 5501 ersona
2265 5454 2359 5500 aut
2388 5445 2816 5508 ordinationem,
2845 5451 2938 5496 aut
2972 5456 3185 5505 curam,
3217 5448 3313 5493 aut
3344 5437 3583 5492 admini-

297 5540 627 5606 χειροτονίαν
658 5540 690 5611 ἢ
720 5542 1032 5613 φρόντισμα
1084 5541 1117 5613 ἢ
1170 5541 1436 5612 διοίκησιν
1474 5542 1685 5596 έλαὸεν.
1732 5543 1794 5595 Εἰ
1827 5544 1843 5597 ί

2040 5541 2317 5595 .rationetn
2351 5539 2611 5609 suscepit.
2658 5537 2764 5592 Sed
2808 5536 2851 5591 si
2886 5536 3195 5590 mundanus
3230 5534 3321 5597 sit,
3358 5534 3450 5601 qui
3493 5546 3586 5585 ca-

299 5628 559 5699 κοσμικὺς
584 5631 674 5702 εῐη
708 5632 737 5685 ὁ
769 5630 1089 5702 λαμϐάνων,
1118 5632 1153 5703 ἢ
1188 5633 1417 5704 μεσίτης
1467 5632 1775 5703 γινόμενος,
1825 5652 1845 5686 Ἰ

2040 5639 2094 5699 it,
2110 5647 2203 5688 aut
2222 5631 2492 5688 mediator
2516 5629 2785 5703 [negotio]
2817 5626 3203 5684 intervenerit:
3224 5624 3369 5696 quod
3397 5626 3586 5681 datum

298 5717 445 5776 δοθὲν
481 5721 707 5779 διπλοῦν
753 5723 1222 5798 ἀπαιτηθήσεται,
1271 5727 1366 5781 καὶ
1414 5724 1492 5797 τῷ
1523 5727 1714 5797 εὐαγεί
1740 5727 1844 5781 τόπ

2043 5735 2115 5795 st,
2144 5730 2263 5797 ejus
2293 5727 2521 5798 duplum
2572 5725 2825 5796 exigetur
2848 5765 2864 5792 ,
2898 5737 3169 5793 sacroque
3200 5722 3323 5779 loco
3373 5721 3430 5776 in
3479 5736 3588 5792 quo
