3916 6244
309 284 441 348 1007
1460 277 1725 339 ΡΠΟΤΠ
1764 276 1952 337 ΡΑΤΗ

2080 274 2273 336 {CIL‘E
2310 274 2423 336 (ΣΡ.
3451 272 3583 338 10θὸ

309 398 400 451 illa
425 409 657 466 persona
681 391 764 448 vel
791 390 1346 456 administrationem,
1365 391 1449 445 vel
1467 389 1895 452 ordinationem,
1928 391 1952 450 λέ

2097 381 2142 454 ᾧ
2170 388 2231 440 τὸ
2266 385 2508 439 τοιοῦτον
2551 384 2844 456 πρόσωπον
2875 387 2972 456 τὴν
3002 387 3269 456 διοίκησιν
3298 388 3328 458 ἦ
3360 391 3459 460 τὴν
3485 408 3588 459 χει-

309 488 398 542 vel
452 500 642 540 curam
697 481 975 553 suscepit,
1030 480 1381 551 prrebebitur.
1434 479 1490 534 Si
1542 480 1666 549 quis
1721 487 1902 530 tamen

2080 477 2256 533 τονίαν
2291 477 2446 549 ἢτὴν
2476 478 2734 549 φροντίδα
2764 478 2926 532 ἔλαϐε
2959 478 3304 551 παρεχέσθω.
3332 480 3391 533 Εἰ
3425 481 3480 533 δέ
3511 499 3590 546 τις

311 581 550 638 clericus
574 577 955 648 cujuscunque
979 573 1204 646 gradus,
1233 581 1327 628 aut
1347 572 1698 642 dispensator
1720 569 1906 640 cujus-

2080 571 2269 642 ηρικὺς
2291 571 2613 642 οἱουδήποτε
2643 570 2880 642 βαθμοῦ,
2920 571 3254 642 ἣδιοικητὴς
3283 573 3593 644 οίουδήποτε

314 687 534 743 cunque
565 683 735 727 sacra:
778 666 999 731 domus,
1053 675 1147 721 aut
1194 663 1776 726 anteordinationem,
1813 668 1908 715 aut

2080 662 2241 730 κγοῦς
2294 662 2469 730 οἴκου,
2499 662 2533 731 ἢ
2593 661 2700 732 πρὸ
2723 662 2820 732 τῆς
2861 662 3222 733 χοιροτονίας,
3255 662 3407 734 ἢτῆς
3438 665 3594 734 ἐμπι-

313 746 440 819 ante
473 760 846 818 concreditam
873 758 975 829 ipsi
1009 758 1453 828 qualemcunque
1476 751 1909 809 administratio-

2080 753 2332 825 ευθείσης
2363 753 2514 825 αὐτῷ
2541 753 2866 824 οίασδήποτε
2895 752 3218 823 διοικήσεως
3247 753 3288 823 ,ἢ
3323 754 3596 824 φροντίδος

316 868 443 909 nem
478 851 562 906 vel
585 864 776 905 curam
804 833 1137 920 [autetiam]
1167 845 1520 916 postmodum
1551 839 1910 896 volueritali-

2080 843 2154 898 ιτὰ
2179 843 2353 897 ταῦτα
2393 842 2630 913 βουληθῇ
2661 859 2715 894 τι
2745 840 2850 894 τῶν
2878 841 3024 895 ίδίων
3052 840 3395 912 πραγμάτων
3429 857 3596 912 προσ-

314 947 444 1018 quid
478 960 660 1000 rerum
694 958 920 999 suarum
950 938 1432 1010 oll'erresecclesim
1464 936 1519 990 in
1548 951 1712 1006 quam
1757 933 1907 988 ordi-

2080 938 2243 1005 ἀγεῖν
2282 938 2349 1008 τῇ
2381 934 2650 1006 ἐκκλησίᾳ
2677 935 2735 987 ὲν
2833 937 3245 1006 χειροτονεῖται,
3289 933 3323 1005 ἢ
3356 933 3436 1004 τῷ
3457 936 3601 1002 τόπῳ

315 1046 501 1102 natur,
551 1036 638 1092 vel
690 1034 812 1090 loco
842 1032 1002 1103 cujus
1057 1029 1604 1106 administrationem
1646 1041 1909 1082 curamve

2084 1045 2228 1093 τινος
2262 1028 2359 1100 τὴν
2407 1026 2698 1098 διοίκησιν,
2737 1027 2771 1098 ἢ
2805 1027 2902 1098 τὴν
2957 1025 3214 1100 φροντίδα
3261 1026 3599 1097 ἀναδέχεται,

317 1128 549 1199 soscipit
569 1145 582 1182 :
604 1144 714 1183 non
747 1128 924 1183 solum
957 1125 1010 1180 id
1030 1124 1145 1180 ﬁeri
1168 1139 1276 1178 non
1305 1121 1686 1193 prohibemus,
1714 1133 1909 1174 verum

2109 1121 2270 1192 μόνον
2301 1121 2362 1174 οὐ
2393 1118 2678 1190 κωλύομεν
2705 1118 2863 1172 τοῦτο
2885 1118 3156 1187 γίνεσθαι,
3177 1116 3313 1171 ἀλλὰ
3347 1118 3441 1172 καὶ
3473 1118 3604 1188 μᾶλ-

320 1221 488 1278 etiam
527 1233 585 1275 ut
622 1210 676 1275 id
722 1235 825 1291 pro
872 1219 1049 1275 salute
1105 1216 1303 1271 anima:
1337 1229 1453 1270 suae
1480 1212 1705 1278 faciant,
1750 1211 1914 1268 etiam

2080 1231 2107 1267 ν
2144 1212 2528 1285 προτρέπομεν
2561 1211 2758 1275 αὐτοὺς
2787 1210 2855 1265 τὰ
2884 1210 3110 1265 τοιαῦτα
3161 1209 3299 1281 ὑπὲρ
3332 1209 3601 1280 σωτηρίας

317 1325 492 1385 atque
520 1313 686 1368 etiam
731 1313 885 1384 ipsos
927 1313 1236 1366 hortamur.
1271 1307 1368 1362 Illa
1404 1307 1550 1363 enim
1579 1306 1696 1361 dari
1726 1304 1919 1376 prohi-

2080 1324 2117 1376 ις
2146 1305 2285 1369 ἰδίας
2328 1304 2509 1374 ψυχῆς
2545 1305 2741 1357 ποιεῖν.
2784 1303 2975 1372 Ἡμεῖς
3007 1301 3118 1373 γὰρ
3149 1303 3333 1356 ἐκεῖνα
3365 1301 3504 1373 μόνα
3529 1302 3608 1356 δίο

325 1409 542 1471 hemus,
579 1421 702 1475 qua:
759 1404 989 1473 privatis
1018 1401 1369 1473 quibuspiam
1411 1398 1732 1454 hominibus
1775 1411 1917 1467 prac-

2080 1396 2214 1449 ισθαι
2251 1395 2536 1467 κωλύομεν
2576 1394 2740 1448 ἆτινα
2770 1394 2956 1458 ἱδικοῖς
2984 1411 3094 1448 τισι
3124 1393 3440 1465 προσώποις
3478 1409 3612 1464 παρ-

323 1501 541 1565 hcntur,
568 1497 862 1552 nonetiam
888 1512 1009 1568 quae
1027 1495 1398 1551 sanctissimis
1420 1492 1668 1548 ccclesiis
1690 1491 1921 1560 aliisque

2080 1508 2265 1562 εονται,
2308 1491 2370 1544 οὺ
2416 1491 2518 1562 μὲν
2552 1492 2670 1553 ταῖς
2728 1490 3063 1559 ἁγιωτάταις
3120 1487 3466 1560 ἐκκλησίαις,
3514 1488 3602 1541 καὶ

325 1591 501 1647 sacris
533 1590 668 1645 locis
700 1589 1023 1644 oﬂ'eruntur.
1059 1587 1202 1658 Lege
1255 1586 1420 1640 etiam
1455 1586 1616 1639 linem
1680 1598 1802 1654 cap.
1863 1579 1918 1645 9,

2080 1585 2142 1647 ιῖς
2161 1583 2342 1648 ἄλλοις
2374 1582 2628 1653 εὐαγέσιν
2649 1582 2818 1646 οἴκοις
2847 1581 3290 1654 προσφερόμενα.
3323 1578 3615 1647 Ἀνάγνωθι

336 1682 418 1735 tit.
455 1684 508 1747 1,
545 1681 644 1735 lib.
684 1695 765 1744 ιιι,
804 1679 857 1733 in
890 1694 1013 1749 cap.
1047 1678 1080 1733 5'
1130 1678 1419 1749 praesentis
1477 1677 1559 1731 tit.
1614 1675 1762 1744 quod
1817 1672 1926 1727 illis

2080 1679 2125 1730 πὶ
2151 1677 2211 1731 τὸ
2231 1677 2384 1741 τέλος
2400 1676 2492 1731 τοῦ
2541 1674 2586 1730 θ’
2638 1693 2766 1746 κεφ.
2798 1674 2891 1728 τοῦ
2917 1673 3084 1729 α’τίτ.
3112 1673 3206 1727 τοῦ
3233 1671 3281 1743 γ’
3317 1671 3521 1744 βιϐλίου
3543 1672 3618 1733 είς

327 1788 566 1844 υνωεεηε
597 1772 683 1828 lex
712 1773 915 1827 inserta
945 1770 1035 1826 sit.

2080 1783 2162 1835 εφ.
2185 1763 2225 1818 ε’
2241 1765 2333 1820 τοῦ
2367 1764 2633 1836 παρόντος
2657 1762 2789 1832 τίτ.,
2819 1761 2908 1816 διὰ
2934 1761 2996 1816 τὸ
3025 1763 3143 1816 ἐκεῖ
3170 1761 3620 1832 καταστρωθῆναι

2039 1860 2132 1912 τὸν
2157 1857 2406 1928 παρόντα
2427 1857 2612 1928 νόμον.

401 1953 562 2007 Aliud
595 1952 876 2006 scholium.
930 1952 1180 2008 Praesens
1213 1949 1428 2006 novella
1459 1946 1757 2003 remotioni
1794 1943 1925 2000 sub-

329 2046 454 2116 jicit
506 2045 850 2109 canonicos,
909 2045 1004 2114 qui
1061 2042 1204 2098 datis
1265 2041 1514 2113 pecuniis
1575 2039 1926 2102 ordinantur,

337 2136 571 2192 aliamve
588 2135 902 2206 quampiam
924 2134 1356 2190 ecclesiasticam
1377 2131 1690 2202 suscipiunt
1707 2144 1924 2186 curam:

338 2243 502 2302 atque
534 2231 707 2286 laicos
769 2229 864 2300 qui
895 2229 950 2282 in
998 2230 1082 2284 his
1138 2225 1382 2300 [rebus]
1443 2226 1772 2281 mediatores
1804 2223 1931 2279 facti

340 2332 492 2389 sunt,
513 2325 635 2390 ejus
651 2323 798 2394 quod
820 2323 956 2393 ipsis
979 2321 1168 2377 datum
1197 2330 1303 2388 est,
1333 2320 1386 2374 in
1410 2319 1637 2390 duplum
1659 2318 1931 2373 exactioni

339 2416 472 2471 facit
513 2415 808 2470 obnoxios.
857 2413 1046 2468 Canon
1091 2411 1581 2468 aulemﬂconcilii
1633 2409 1934 2466 Chalcedo-

342 2508 554 2575 nensis,
582 2507 761 2563 laicos
792 2507 886 2577 qui
934 2507 990 2561 in
1040 2507 1125 2560 his
1175 2505 1508 2560 mediatores
1540 2503 1933 2566 interveniunt,

341 2600 674 2655 anathemati
727 2599 971 2669 subjicit.
1015 2597 1213 2654 Verum
1271 2597 1420 2668 quod
1468 2595 1596 2651 laici
1643 2595 1737 2665 qui
1794 2594 1938 2649 datis

339 2692 591 2763 pecuniis
627 2706 915 2747 sacrorum
950 2690 1201 2746 locorum
1238 2686 1750 2744 administrationes
1805 2701 1934 2740 sus-

343 2786 576 2854 cipiunt,
635 2784 964 2854 puniantur,
1021 2799 1090 2838 ex
1137 2781 1394 2853 praesenti
1445 2779 1660 2834 novella
1695 2787 1935 2834 constat.

348 2874 494 2948 [At]
542 2877 799 2949 quisnam
843 2873 1110 2948 [tandem]
1160 2875 1334 2930 laicus
1366 2873 1506 2928 citra
1534 2873 1814 2927 dationem
1846 2880 1944 2925 aut

344 2972 793 3040 procurationem
818 2969 960 3025 sacri
985 2969 1116 3036 loci,
1141 2970 1578 3024 ministeriumve
1607 2968 1942 3023 ecclesiasti-

2114 1950 2208 2023 [ιιι.
2246 1951 2500 2020 ’Ἑτερον
2554 1945 2860 2020 cxiiier
2908 1947 3242 2018 Σημείωσαι·
3283 1945 3351 2000 Ἦ
3368 1946 3467 2018 μὲν
3525 1963 3626 2000 πα-

2049 2043 2223 2113 ροῦσα
2267 2043 2440 2114 νεαρὰ
2497 2041 2817 2113 καθαιρέσει
2865 2037 3266 2094 καθυποϐάλλει
3315 2037 3445 2102 τοὺς
3475 2055 3629 2092 κανο-

2043 2135 2224 2199 νικοὺς
2255 2135 2781 2207 χειροτονουμένους,
2815 2133 2848 2206 ἢ
2876 2130 3063 2203 ἕτερόν
3117 2149 3172 2184 τι
3198 2132 3510 2203 φρόντισμα
3541 2132 3627 2185 ὲκ-

2044 2226 2426 2299 κλησιαστικδν
2477 2227 2569 2280 ἐπὶ
2628 2227 2874 2297 χρήμασι
2916 2223 3325 2296 λαμϐάνοντας,
3363 2224 3460 2278 καὶ
3512 2223 3632 2286 τοὺς

2051 2321 2396 2390 μεσάσαντας
2421 2319 2515 2372 ἐπὶ
2546 2319 2758 2382 τούτοις
2785 2316 3028 2381 λαῖκοὺς,
3062 2319 3129 2387 τῇ
3162 2318 3240 2379 είς
3274 2315 3336 2368 τὸ
3357 2314 3632 2369 διπλάσιον

2049 2413 2344 2482 ἀπαιτήσει
2387 2411 2480 2465 τοῦ
2520 2410 2764 2476 δοθέντος
2808 2413 2992 2473 αὐτοῖς
3025 2409 3348 2482 ένοχοποιεῖ.
3386 2408 3444 2464 '0
3486 2409 3542 2463 δὲ
3569 2405 3634 2478 β’,

2051 2502 2231 2558 κανὼν
2257 2503 2355 2574 τῆς
2388 2504 2447 2557 έν
2469 2504 2774 2574 Χαλκηδόνι
2803 2505 3021 2558 συνόδου
3045 2504 3352 2576 ἀναθέματι
3403 2504 3635 2560 καθυπο-

2052 2597 2238 2651 ϐάλλει
2273 2595 2401 2662 τοὺς
2439 2597 2510 2650 τά
2534 2598 2761 2651 τοιαῦτα
2790 2598 3129 2669 μεσάζοντας
3161 2598 3410 2662 λαῖκούς.
3443 2597 3515 2651 Τὸ
3541 2597 3636 2668 μέν

2051 2707 2133 2743 τοι
2183 2689 2546 2760 τιμωρεῖσθαι
2575 2690 2702 2754 τοὺς
2737 2690 2959 2756 λαῖκοὺς
3002 2692 3096 2744 ἐπὶ
3131 2692 3415 2762 χρήμασιν
3458 2691 3640 2745 ἀναδεσ

2053 2781 2317 2852 χομένους
2348 2781 2646 2853 διοικήσεις
2673 2782 2889 2851 εύαγῶν
2909 2782 3074 2836 οἴκων
3101 2782 3211 2837 ἀπὸ
3231 2783 3334 2854 τῆς
3366 2782 3640 2854 παρούσης

2055 2875 2255 2946 νεαρᾶς
2291 2876 2670 2943 ἀναφαίνεται.
2699 2877 2860 2939 Ποίος
2893 2875 2986 2930 οὖν
3016 2878 3164 2931 ἐστιν
3194 2877 3222 2930 ὁ
3252 2876 3642 2950 ἀναδεχόμενος

2056 2968 2244 3032 λαῖκὸς
2283 2967 2550 3041 διοίκησιν
2600 2968 2834 3039 εὐαγοῦς
2881 2970 3055 3037 οἴκου,
3091 2969 3124 3040 ἢ
3167 2968 3418 3024 δουλείαν
3451 2970 3641 3040 ἐκκλη-

348 3078 472 3117 cum
507 3064 796 3134 suscipiat,
830 3073 923 3118 aut
954 3062 1190 3118 clericus
1221 3062 1336 3127 ﬁat,
1388 3072 1485 3117 aut
1515 3061 1571 3116 in
1601 3061 1794 3116 cellam
1827 3074 1944 3115 mo-

2080 3059 2373 3133 ςιαστικὴν,
2413 3061 2447 3133 ἢ
2491 3061 2751 3134 κληρικὸς
2791 3063 3096 3132 γινόμενος,
3148 3063 3182 3135 ἢ
3217 3063 3276 3116 ἐν
3321 3063 3642 3133 κελλιωτικῇ

351 3152 620 3207 nasticam
660 3153 985 3206 admittatur
1011 3191 1026 3216 ,
1070 3148 1395 3223 [equidem]
1440 3151 1676 3222 ignoro;
1724 3165 1788 3204 ac
1820 3162 1948 3219 pro-

352 3251 540 3311 pterea
573 3241 730 3298 ﬂexis
761 3244 994 3313 genibus
1027 3244 1194 3300 Deum
1247 3259 1347 3298 oro
1383 3252 1442 3297 ut
1494 3259 1592 3298 nos
1639 3243 1708 3297 ab
1755 3242 1948 3297 istius-

353 3339 500 3394 modi
539 3339 708 3394 minis
741 3339 976 3394 liberare
1008 3339 1138 3394 velit
1169 3337 1466 3410 [clamans]
1501 3357 1514 3392 :
1552 3335 1612 3393 Si
1642 3336 1950 3408 iniquitates

355 3430 742 3497 observaveris,
763 3430 1005 3497 Domine,
1026 3432 1141 3501 quis
1166 3431 1444 3485 sustinebit
1467 3431 1525 3483 1?

424 3521 580 3579 CAP.
605 3521 779 3577 XXV.
807 3553 878 3564 —
915 3523 1000 3578 Ne
1031 3524 1396 3578 ordinationes
1428 3527 1705 3578 iterantur.

429 3703 823 3775 Apostolorum
856 3719 1034 3760 canon
1075 3705 1145 3762 68
1180 3723 1194 3774 ;
1238 3707 1459 3763 concilii
1495 3705 1952 3778 Carthaginiensis

359 3806 537 3849 canon
565 3792 655 3848 53.

439 3884 594 3941 CAP.
626 3882 819 3939 XXVI.
845 3917 915 3927 -—
954 3885 1034 3941 Ne
1064 3888 1340 3958 episcopus
1375 3898 1468 3942 aut
1497 3889 1720 3945 clericus
1754 3906 1818 3944 ea:
1848 3908 1953 3945 una

363 3978 581 4032 civitate
608 3977 662 4030 in
703 3977 872 4031 aliam
902 3986 1164 4035 transeat.

435 4070 892 4126 ConciliiNicazni
922 4088 1102 4128 canon
1139 4074 1226 4141 15,
1261 4073 1359 4140 16;
1387 4075 1611 4131 concilii
1630 4077 1954 4131 Antiocheni

366 4178 544 4220 canon
573 4163 638 4217 21
665 4182 679 4232 ;
721 4165 1423 4224 conciliiChalcedonensis
1451 4183 1624 4223 canon
1652 4168 1705 4236 5,
1732 4168 1818 4234 12,
1853 4169 1959 4236 20;

369 4259 588 4314 concilii
627 4259 974 4316 Sardiccnsis
996 4276 1174 4315 canon
1200 4265 1252 4324 1,
1273 4261 1454 4328 2,15;
1487 4263 1710 4318 concilii
1733 4262 1962 4318 Cartha-

371 4350 802 4417 ginensiscanon
826 4351 919 4415 5i,
935 4351 1005 4406 90
1027 4370 1040 4418 ;
1062 4354 1435 4408 conciliisexti
1458 4370 1635 4409 canon
1653 4353 1741 4422 17,
1769 4354 1955 4418 18,20.

447 4441 661 4497 Textus.
700 4443 845 4514 Lege
897 4445 1090 4501 Const.
1131 4447 1164 4502 9
1193 4455 1246 4501 et
1294 4447 1382 4514 10,
1417 4449 1498 4503 tit.
1536 4448 1561 4500 1
1615 4447 1964 4503 Novollarutn

371 4545 505 4600 ctc.,
539 4553 701 4606 usque
729 4537 797 4590 ad
819 4538 1008 4595 clerici
1045 4542 1615 4610 transl‘erantur,etc.,
1645 4552 1703 4596 ut
1733 4559 1786 4612 ρ.
1808 4543 1934 4598 5Π.

448 4627 954 4686 Scholium.Const.
985 4632 1040 4697 9,
1079 4633 1160 4687 tit.
1195 4632 1613 4699 iNovellai-um,
1647 4646 1732 4691 est
1759 4635 1970 4690 novella

377 4719 674 4775 Justiniani
702 4723 757 4787 ’5,
797 4726 1195 4797 propositaque
1225 4737 1312 4783 est
1351 4730 1404 4781 in
1454 4727 1550 4782 lib.
1583 4727 1752 4784 Basil.
1793 4730 1846 4795 5,
1885 4729 1966 4783 tit.

378 4816 432 4879 ‘2’
451 4828 572 4884 cap.
601 4817 653 4882 1,
679 4831 799 4884 qua
822 4817 911 4871 ubi
941 4820 1310 4884 enumeravit,
1339 4829 1476 4891 quot
1495 4821 1679 4876 clerici
1700 4822 1753 4876 in
1778 4821 1973 4892 Magna

382 4905 618 4962 ecclesia
671 4908 907 4980 aliisque
962 4912 1137 4966 sacris
1185 4912 1397 4968 rudibus
1447 4929 1569 4968 esse
1609 4912 1865 4979 debeant,
1919 4923 1976 4968 et

382 4997 765 5054 transitionem
801 5001 1130 5057 clericorum
1177 5018 1243 5057 ex
1279 5019 1388 5059 una
1434 5005 1667 5060 ecclesia
1717 5007 1768 5058 in
1811 5005 1974 5058 aliam

383 5090 666 5161 prohibuit
691 5109 704 5146 :
731 5091 785 5145 in
812 5096 926 5148 hac
956 5095 1122 5149 verba
1151 5095 1394 5166 loquitur
1430 5115 1443 5150 :
1471 5095 1607 5152 Nam
1639 5099 1682 5154 si
1720 5098 1773 5152 in
1803 5099 1973 5155 sacris

383 5181 736 5237 monasteriis
769 5183 1152 5254 prohibemus,
1195 5201 1264 5242 ne
1298 5186 1423 5256 quis
1451 5187 1518 5243 dc
1551 5203 1660 5242 uno
1705 5189 1774 5244 ad
1827 5190 1976 5245 aliud

383 5282 668 5330 transeat:
705 5276 879 5331 multo
911 5278 1095 5334 minus
1137 5278 1193 5333 id
1235 5281 1716 5337 reverendissimis
1758 5283 1974 5340 clericis

382 5365 786 5434 permittemus,
820 5369 922 5422 rati
957 5369 1277 5442 bujusmodi
1326 5373 1682 5443 cupiditatem
1733 5376 1972 5446 speciem

383 5472 493 5526 pra:
517 5473 577 5514 se
603 5459 749 5516 ferre
778 5472 1026 5531 quaastus
1067 5474 1121 5520 ct
1143 5467 1584 5524 uundinationis.
1621 5468 1896 5525 Caeterum
1927 5472 1973 5527 si

383 5553 603 5620 quando
654 5563 709 5609 et
766 5554 874 5611 hoc
927 5558 1275 5617 transitionis
1323 5569 1496 5631 genus
1529 5562 1612 5618 vel
1652 5563 1973 5622 beatitudini

458 5712 475 5742 ³
511 5712 650 5768 Psal.
683 5729 869 5785 cxxux,
901 5718 953 5773 5.

1993 4400 2047 4460 D

2063 3157 2199 3226 μονῇ
2235 3157 2710 3226 καταταττόμενος
2762 3156 2932 3220 ἀδοτὶ,
2967 3156 3166 3226 ἀγνοῶ.
3211 3158 3322 3211 Καὶ
3359 3158 3448 3211 διὰ
3496 3155 3646 3210 τοῦτο

2058 3247 2345 3314 γονυπετῶ
2393 3247 2528 3316 πρὸς
2569 3247 2701 3301 Θεὸν
2737 3247 2943 3311 πάντας
2986 3249 3133 3318 ἡμᾶς
3164 3249 3229 3301 ἐκ
3262 3247 3368 3318 τῆς
3399 3245 3646 3316 τοιαύτης

2062 3340 2328 3410 ρυσθῆναι
2361 3338 2616 3409 ἀπειλῆς,
2657 3338 2799 3394 Ἐὰν
2823 3339 2933 3410 γὰρ
2964 3339 3218 3410 ἀνομίας
3251 3337 3646 3408 παρατηρήση

2062 3433 2299 3502 Κύριος,
2327 3433 2421 3498 τίς
2446 3430 2864 3496 ὑποστήσεται
2887 3447 2906 3497 ;

2135 3523 2387 3575 ΚΕΦΑΛ.
2422 3522 2550 3576 ΚΕ’.
2579 3551 2645 3560 -
2675 3522 2814 3590 Περὶ
2855 3520 2964 3577 τοῦ
2988 3521 3076 3593 μὴ
3111 3521 3390 3590 γίνεσθαι
3421 3521 3652 3588 ἀνακει-

2056 3615 2440 3684 ροτονήσεις.

2151 3709 2490 3763 Ἀποστόλων
2522 3708 2702 3763 κανὼν
2737 3706 2851 3780 aq"
2892 3706 3111 3762 συνόδου
3156 3706 3522 3778 Καρθαγένης
3553 3723 3650 3760 κα-

2064 3801 2169 3857 νὼν
2209 3799 2320 3873 pq’.

2137 3895 2391 3951 ΚΕΦΑΛ.
2431 3895 2669 3962 Κτῖκ-
2692 3894 2834 3964 Περὶ
2867 3895 2974 3951 τοῦ
2999 3894 3086 3965 μὴ
3111 3898 3386 3965 μετιέναι
3416 3908 3654 3948 amaxo-

2068 4003 2186 4045 πον
2209 3988 2245 4058 ἢ
2271 3991 2565 4059 κληρικὸν
2595 3990 2715 4043 ἀπὸ
2750 3991 2984 4056 πόλεως
3017 3991 3107 4056 εἰς
3135 3989 3342 4042 πόλιν.

2141 4083 2371 4136 Συνόδου
2421 4081 2660 4145 Νικαίας
2690 4080 2874 4135 κανὼν
2911 4079 2995 4145 ιε’,
3034 4079 3144 4147 ις’·
3197 4079 3420 4134 συνόδου
3460 4079 3653 4131 Ἀντιο-

2071 4173 2224 4244 χείας
2255 4170 2437 4226 κανὼν
2471 4170 2585 4226 κα”
2621 4171 2842 4226 συνόδου
2882 4171 3226 4242 Χαλκηδόνος
3263 4169 3447 4224 κανὼν
3472 4166 3532 4232 ε’,
3573 4167 3662 4240 ιβ’,

2075 4262 2121 4318 κ’
2143 4281 2156 4294 ·
2194 4264 2414 4319 συνόδου
2445 4264 2719 4334 Σαρδικῆς
2746 4262 2926 4319 κανὼν
2953 4260 3023 4331 α’,
3049 4261 3114 4334 β’,
3138 4260 3233 4318 ιε’·
3267 4261 3491 4314 συνόδου
3516 4261 3657 4328 Καρ·

2076 4355 2343 4427 θαγέννης
2358 4353 2635 4421 κανὼννδ’,
2653 4352 2722 4423 ιιό
2751 4353 3066 4426 συνόδουξςδ,
3087 4354 3269 4409 κανὼν
3288 4351 3376 4418 ιζ’,
3401 4350 3469 4422 ιη’
3487 4351 3578 4405 καὶ
3593 4347 3658 4402 κ’.

2147 4448 2460 4518 Κείμενον.
2511 4446 2575 4500 Ἦ
2628 4447 2672 4500 θ’
2708 4448 2802 4501 καὶ
2840 4444 2870 4500 ι’
2907 4446 3150 4511 διάταξις
3190 4446 3284 4500 τοῦ
3325 4443 3375 4500 α’
3402 4445 3506 4498 τίτ.
3556 4440 3658 4495 τῶν

2070 4538 2322 4610 Νεαρῶν,
2355 4556 2466 4593 κ.τ.
2486 4538 2561 4605 λ.,
2583 4554 2757 4609 usque
2777 4541 2844 4593 ad
2873 4539 3272 4609 μετατίθενται.

2145 4633 2426 4714 Σχόλιςν.
2477 4632 2541 4686 'Il
2582 4631 2624 4686 θ’
2666 4633 2807 4687 διάτ.
2859 4633 2955 4686 τοῦ
3023 4631 3072 4686 α’
3119 4633 3224 4686 τίτ.
3276 4631 3384 4686 τῶν
3442 4627 3661 4702 Νεαρῶν

2075 4729 2191 4780 ἐστι
2246 4729 2416 4798 νεαρὰ
2442 4727 2875 4792 Ἰουστινιάνειος
2910 4734 2979 4796 γ’,
3013 4729 3106 4780 καὶ
3148 4725 3306 4797 ἐτέθη
3360 4727 3440 4789 είς
3469 4721 3660 4795 βιϐλίον

2076 4823 2184 4873 τῶν
2220 4819 2526 4874 Βασιλικῶν
2552 4818 2624 4889 γ’,
2659 4821 2765 4874 τίτ.
2791 4819 2856 4892 β’,
2891 4838 3018 4890 κεφ.
3062 4818 3132 4886 α’,
3156 4821 3280 4890 ἥτις
3318 4816 3457 4888 μετὰ
3477 4815 3534 4868 τὺ
3566 4815 3664 4867 ἀπ-

2079 4913 2389 4985 αριθμῆσαι
2432 4914 2561 4977 τοὺς
2600 4913 2918 4982 ὀφείλοντας
2962 4908 3102 4966 εἶναι
3148 4911 3445 4983 κληρικοὺς
3483 4906 3560 4969 εἶς
3609 4918 3664 4955 τε

2079 5009 2179 5077 τὴν
2244 5008 2507 5080 Μεγάλην
2561 5007 2881 5079 ἐκκλησίαν,
2947 5007 3041 5059 καὶ
3086 5007 3166 5068 εἰς
3217 5004 3398 5066 θείους
3452 4999 3662 5070 ἐτέρους

2081 5100 2267 5166 ναοὺς,
2319 5101 2414 5154 καὶ
2464 5097 2709 5152 κωλῦσαι
2764 5099 2862 5168 τὴν
2911 5097 2970 5164 ἐξ
3021 5098 3216 5170 ἐτέρας
3257 5091 3554 5164 ἐκκλησίας
3590 5088 3663 5150 εἰς

2086 5194 2281 5265 έτέραν
2323 5193 2625 5265 μετάϐασιν
2671 5192 2778 5246 τῶν
2813 5191 3136 5263 κληρικῶν,
3183 5189 3318 5261 φησὶ
3371 5181 3663 5242 καὶταῦτα

2085 5285 2285 5358 ῥητῶς
2315 5287 2363 5338 εἰ
2390 5288 2498 5358 γὰρ
2529 5286 2622 5339 ἐπὶ
2651 5285 2759 5339 τῶν
2794 5285 3008 5353 εὐαγῶν
3046 5281 3429 5356 μοναστηρίων
3469 5274 3663 5332 κωλύο-

2089 5396 2188 5450 μεν
2217 5377 2276 5444 ὲξ
2299 5379 2490 5450 έτέρου
2517 5377 2883 5450 μοναστηρίου
2919 5377 3055 5448 πρὸς
3081 5379 3270 5448 ἕτερον
3303 5369 3658 5446 μεταϐαίνειν,

2085 5470 2267 5544 πολλῴ
2324 5472 2525 5541 μᾶλλον
2581 5472 2703 5525 οὐδὲ
2763 5473 2876 5536 τοῖς
2920 5468 3337 5530 εύλαϐεστάτοις
3388 5461 3656 5538 κληρικοῖς

2087 5565 2245 5619 τοῦτο
2272 5567 2550 5638 ὲφήσομεν
2586 5563 2811 5636 κέρδους
2862 5581 2919 5616 τε
2959 5564 3051 5617 καὶ
3091 5562 3362 5634 ἐμπορίας
3405 5550 3658 5614 ἀπόδειξιν
