3916 6244
333 251 470 317 1009

1074 263 1077 266 ’
1152 255 1640 319 NOMOCANON.
1683 285 1755 294 -
1783 260 1928 321 TlT.
1973 261 2022 333 Ι,
2064 261 2222 321 CAP.
2262 262 2724 325 XXV-XXVIII.

3494 270 3647 332 101οτ

339 368 482 440 ἔχειν
520 369 621 440 τὴν
650 367 907 440 τοιαύτην
939 368 1240 441 ἐπιθυμίαν
1277 373 1592 443 ἡγούμενοι.
1631 375 1695 429 Et
1739 375 1796 428 δὲ
1831 374 1925 429 καί

2055 392 2159 439 uae,
2196 376 2278 430 vel
2307 392 2406 446 pro
2435 365 2681 448 tempore
2713 378 2987 448 majestati
3014 379 3388 450 imperatoriae
3430 385 3629 454 proba-

335 477 466 514 ποτε
498 460 757 532 τοιαύτην
786 461 1120 531 μετάστασιν
1142 464 1176 533 ἡ
1199 463 1266 534 σὴ
1295 465 1633 536 μακαριότης
1661 466 1695 538 ἢ
1726 469 1759 536 ἡ
1782 467 1926 522 κατὰ

335 551 526 620 καιρὸν
581 550 829 619 βασιλεία
881 551 1137 620 γενέσθαι
1180 553 1366 626 συνίδῃ
1413 556 1488 626 μὴ
1551 555 1726 620 ἄλλως
1763 555 1926 611 τοῦτο

333 641 670 712 πράττεσθαι
701 681 716 706 ,
775 643 903 713 πρὶν
974 643 1041 697 ἂν
1117 645 1198 710 είς
1264 646 1356 700 τὸν
1431 648 1726 718 εἰρημένον
1791 650 1926 719 ἡμῖν

333 730 571 802 ἀριθμὸν
619 732 940 804 περισταίη,
983 731 1126 787 ῶστε
1156 733 1259 805 τὴν
1310 735 1404 789 τοῦ
1439 737 1722 802 λείποντος
1769 738 1926 802 τάξιν

329 823 600 892 γίνεσθαι.
631 825 773 878 Ἀλλ’
811 825 908 897 οὐχ
933 826 1073 898 ὑπὲρ
1107 826 1200 882 τὸν
1223 828 1459 901 ἀριθμόν
1489 848 1610 884 τινα
1647 831 1927 894 παντελῶς

330 915 684 986 ὲμϐαίνοντα·
708 918 869 972 τοῦτο
903 917 1012 990 γὰρ
1043 918 1104 984 ἐξ
1127 920 1389 991 οὐδεμιᾶς
1417 924 1690 993 μηχανῆς,
1713 923 1835 978 οὐδὲ
1863 923 1928 977 ἐκ

330 1025 475 1071 τινος
509 1009 712 1079 τρόπου
743 1010 996 1077 γίνεσθαι
1047 1012 1462 1083 συγχωροῦμεν.
1507 1016 1570 1069 Ἦ
1598 1015 1655 1069 δὲ
1704 1023 1734 1070 ι’
1779 1015 1923 1071 διὰτ.

328 1095 422 1148 τοῦ
443 1095 492 1150 α’
511 1098 618 1152 τίτ.
645 1097 756 1151 τῶν
772 1099 1024 1171 Νεαρῶν,
1042 1099 1156 1154 ἐστι
1183 1104 1352 1174 νεαρὰ
1371 1103 1801 1168 Ἰουστινιὰνειος
1823 1105 1924 1172 ις’,

331 1188 424 1242 καὶ
445 1189 608 1260 ἐτέθη
633 1193 690 1244 ἐν
715 1191 905 1262 βιϐλίῳ
929 1191 975 1260 γ’
1001 1193 1110 1247 τῶν
1129 1193 1458 1262 Βασιλικῶν,
1481 1197 1588 1251 τίτ.
1609 1196 1680 1265 γ’,
1706 1215 1833 1268 κεφ.
1856 1197 1926 1264 α’,

329 1282 357 1335 ὃ
380 1283 472 1335 καὶ
494 1283 794 1352 ἀνάγνωθι,
815 1285 1067 1340 διδάσκον
1090 1289 1158 1340 τὰ
1189 1288 1330 1343 αὐτὰ
1364 1289 1552 1359 σχεδὸν
1583 1295 1678 1344 καὶ
1706 1292 1764 1344 τὺ
1802 1295 1929 1356 τοὺς

332 1373 620 1438 λείποντας
665 1376 982 1448 κληρικοὺς,
1011 1379 1119 1432 ἀπὸ
1167 1381 1278 1435 τῶν
1323 1384 1600 1453 περισσῶν
1629 1384 1929 1439 δουλευτῶν

330 1467 600 1534 γίνεσθαι.
636 1469 951 1539 Σημείωσαι
979 1471 1062 1524 ὅτι
1102 1472 1210 1526 ἀπὸ
1251 1473 1355 1544 τῆς
1404 1475 1690 1548 παρούσης
1729 1481 1929 1550 νεαρᾶς

327 1555 549 1628 ἐνεδόθη
581 1557 658 1628 τῷ
691 1560 1318 1627 Κωνσταντινουπόλεως
1358 1565 1674 1638 πατριάρχῃ
1699 1568 1793 1621 καὶ
1835 1572 1930 1623 καὶ

332 1647 480 1719 μόνῳ
515 1650 715 1722 ἐτέρας
752 1653 970 1725 ἐνορίας
997 1654 1094 1706 καὶ
1124 1654 1250 1725 δίχα
1278 1656 1508 1729 γνώμης
1548 1657 1643 1712 τοῦ
1693 1661 1919 1714 ἐπισκό-

2029 466 2177 521 hitur
2210 484 2224 521 :
2260 481 2328 522 ne
2363 467 2520 523 aliter
2546 469 2602 523 id
2633 468 2746 534 ﬁat,
2794 469 2899 526 nisi
2925 472 3081 540 prius
3113 471 3224 544 [res
3250 473 3390 546 ipsa]
3423 475 3489 529 ad
3522 491 3627 528 nu-

2031 573 2248 613 merum
2287 574 2452 629 quem
2487 560 2868 630 praediximus.
2905 563 3206 634 redigatur,
3231 574 3292 620 ut
3319 580 3382 619 ea
3417 567 3624 620 transi-

2029 652 2106 706 tio
2140 652 2196 706 in
2227 653 2530 710 deﬁcientis
2560 654 2740 709 locum
2795 654 2888 710 ﬁat
2916 695 2932 720 ,
2975 672 3156 727 neque
3201 673 3629 729 supernumera-

2031 744 2148 800 rius
2175 745 2402 801 omnino
2433 747 2637 818 aliquis
2667 747 2894 819 irrepat.
2937 747 3095 805 Nulla
3129 752 3275 805 enim
3317 751 3370 806 id
3419 753 3628 807 machi-

2030 839 2276 904 natione,
2309 854 2488 910 neque
2516 840 2629 894 ullo
2675 842 2838 896 modo
2867 842 2982 897 ﬁeri
3034 844 3424 913 permittimus.
3457 845 3630 899 Porro

2036 930 2104 986 IO
2143 943 2321 988 const.
2358 934 2383 987 I
2424 933 2508 988 tit.
2551 930 2921 998 Novellarum,
2964 944 3048 991 est
3074 934 3369 991 Justiniani
3412 936 3627 992 novella

2038 1022 2125 1089 16,
2164 1026 2456 1096 positaque
2485 1036 2569 1082 est
2600 1027 2654 1081 in
2686 1026 2782 1081 lib.
2826 1026 2997 1083 Basil.
3044 1045 3144 1094 ιιι,
3192 1031 3276 1084 tit.
3321 1030 3384 1095 5,
3418 1045 3540 1099 cap.
3576 1030 3628 1094 l,

2033 1117 2181 1186 quod
2219 1117 2354 1188 lege,
2385 1120 2512 1189 quia
2546 1121 2735 1174 eadem
2763 1118 2934 1174 ferme
2960 1138 2975 1184 ;
3005 1129 3140 1176 etut
3170 1120 3306 1193 [quo
3338 1120 3482 1194 loco]
3517 1121 3629 1176 cle—

2031 1208 2131 1261 rici
2177 1207 2417 1270 desunt,
2482 1224 2550 1263 ex
2601 1209 2894 1280 superﬂuis
2935 1210 3259 1266 ministeriis
3313 1208 3626 1283 [defectus]

2033 1298 2353 1367 suppleatur
2379 1299 2557 1354 docet.
2583 1298 2719 1353 Nota
2757 1316 2909 1361 vero,
2946 1302 3092 1371 quod
3141 1317 3171 1356 a
3218 1303 3472 1372 praesenti
3531 1317 3632 1356 no-

2031 1389 2176 1445 vella
2227 1390 2710 1464 [archiepiscopo]
2757 1393 3373 1464 Constantinopolitano
3409 1408 3476 1448 ex
3510 1393 3633 1447 aliis

2032 1482 2280 1538 ecclesiis
2313 1483 2544 1539 clericos
2572 1485 2876 1553 suscipere,
2897 1500 3109 1555 suoque.
3133 1485 3283 1540 clero
3311 1500 3630 1553 accensere,

2033 1585 2127 1629 aut
2156 1575 2320 1630 etiam
2347 1576 2636 1647 episcopos
2662 1575 2876 1632 edicere
2897 1579 3242 1634 conceditur.
3281 1578 3436 1644 Quod
3467 1581 3630 1635 etiam

2035 1679 2063 1718 a
2103 1679 2314 1720 canone
2347 1668 2673 1722 conceditur
2695 1668 2957 1738 episcopo
2982 1667 3426 1738 Carthaginensi.

325 1761 427 1797 που
453 1745 660 1802 αὐτῶν.
700 1749 855 1820 Ἔχει
885 1749 943 1803 δὲ
971 1749 1133 1804 τοῦτο
1175 1753 1471 1824 προνόμιον
1502 1757 1598 1808 καὶ
1640 1757 1668 1809 ό
1727 1758 2118 1831 Καρθαγὲννης
2147 1761 2449 1826 ἐπίσκοπος
2510 1763 2606 1815 καὶ
2658 1757 2811 1833 ζήτει
2867 1763 2976 1816 ἀπὸ
3031 1765 3232 1834 ἐτέρων
3290 1764 3635 1834 Ἐκκλησιῶν

321 1839 574 1912 δέκεσθαι
641 1844 959 1916 κληρικοὺς,
1007 1847 1105 1900 καὶ
1155 1847 1232 1920 τῷ
1283 1849 1397 1920 ἰδίῳ
1469 1851 1656 1924 κλήρῳ
1693 1855 2111 1926 ἐγκαταλέγειν,
2177 1857 2210 1928 ἢ
2260 1858 2357 1912 καὶ
2407 1857 2746 1921 ἐπισκόπους
2833 1860 3027 1911 ποιεῖν.
3067 1857 3240 1912 Τοῦτο
3277 1859 3336 1912 δέ
3408 1858 3629 1928 ἐνεδόθη

323 1933 528 2006 καὶτῷ
577 1937 865 2006 ἐπισκόπῳ
911 1940 1283 2012 Καρχηδόνος.
1344 1943 1646 2012 Ἀνάγνωθι
1687 1947 1783 2000 καὶ
1819 1949 1919 2019 τῆς
1955 1952 2014 2003 ἐν
2083 1948 2444 2023 Καρθαγέννῃ
2514 1950 2734 2004 συνόδου
2759 1951 2961 2004 κανόνα
2996 1949 3089 2013 νε’,
3145 1950 3243 2002 καὶ
3294 1949 3396 2020 τῆς
3447 1952 3634 2005 οἰκου-

327 2029 560 2098 μενικῆς
589 2027 635 2095 ζ’
677 2031 900 2084 συνόδου
926 2033 1130 2088 κανόνα
1160 2033 1211 2102 ι’,
1246 2035 1431 2090 καὶτὰ
1461 2040 1519 2090 ἐν
1559 2039 1742 2104 αὐτοῖς
1782 2042 2084 2110 γραφέντα,
2147 2045 2268 2096 τότε
2294 2042 2351 2095 δὲ
2414 2042 2672 2111 λέγεσθαι
2734 2042 2998 2096 δύνασθαι
3062 2043 3153 2095 τὸν
3182 2045 3635 2097 Κωνσταντινου-

328 2119 542 2184 πόλεως
596 2122 692 2176 καὶ
726 2124 817 2178 τὸν
867 2126 1216 2196 Καρχηδόνος
1247 2129 1354 2182 ἀπὸ
1381 2129 1585 2200 ἐτέρων
1615 2132 1842 2204 ἐνοριῶν
1909 2135 2207 2207 κληρικοὺς
2249 2136 2665 2207 σφετερίζεσθαι
2707 2139 2857 2208 παρὰ
2885 2137 3111 2207 γνώμην
3169 2134 3278 2188 τῶν
3320 2153 3637 2206 χειροτονη-

329 2211 546 2267 σάντων
578 2214 774 2280 αὐτοὺς
808 2219 897 2271 ὅτε
949 2219 1008 2271 ἐν
1038 2217 1218 2290 ἐνδείᾳ
1269 2221 1376 2273 εἰσὶ
1451 2221 1743 2292 κληρικοῦ.
1785 2223 1964 2297 Ὅπερ
2003 2225 2142 2289 τέως
2188 2228 2269 2290 είς
2297 2226 2395 2298 τὴν
2446 2227 3081 2290 Κωνσταντινουπόλεως
3130 2225 3316 2297 χώραν
3383 2228 3484 2281 οὐκ
3521 2226 3636 2297 ἔχει

326 2304 413 2358 διὰ
450 2307 513 2358 τὸ
550 2306 756 2376 πλῆθος
785 2309 878 2362 τοῦ
912 2309 1116 2382 κλήρου
1139 2311 1330 2376 αὑτοῦ,
1367 2313 1464 2367 καὶ
1488 2314 1547 2367 τὸ
1585 2317 1804 2378 πάντως
1835 2318 1930 2371 ἐπὶ
1968 2320 2140 2372 πᾶσιν
2163 2319 2410 2383 ἁνενδεὲς
2471 2321 2568 2373 καὶ
2594 2321 2722 2374 ὅταν
2774 2320 2832 2374 δὲ
2872 2321 3087 2390 ἀνάγκη
3157 2319 3370 2390 συνωθῇ
3411 2319 3638 2384 τούτους

330 2397 618 2472 ἀλλότριον
637 2401 826 2455 λαϐεῖν
856 2404 1119 2477 κληρικὸν
1143 2407 1317 2470 ἄλλως
1345 2409 1404 2460 ού
1429 2410 1750 2481 δυνήσονται
1775 2410 1935 2465 τοῦτο
1974 2412 2203 2481 ποιῆσαι
2240 2416 2288 2466 εἰ
2325 2414 2400 2485 μὴ
2432 2413 2660 2482 ἐλλιπής
2726 2415 2874 2466 ἐστιν
2913 2411 3146 2484 ἀριθμὸς
3205 2412 3314 2465 τῶν
3356 2413 3641 2482 κληρικῶν

333 2493 536 2549 αὐτῶν.
570 2494 762 2559 Ὅπως
796 2495 854 2548 δὲ
883 2498 1122 2569 σήμερον
1147 2498 1240 2553 τοῦ
1271 2499 1510 2571 ἀριθμοῦ
1543 2502 1656 2556 τῶν
1691 2503 1972 2577 κληρικῶν
2010 2509 2044 2577 ή
2075 2505 2356 2576 ἀθέτησις,
2384 2504 2685 2569 ἀκινδύνως
2715 2504 2946 2572 γίνεται,
2980 2505 3180 2572 ἀγνοῶ.

402 2586 660 2642 ΚΕΦΑΛ.
691 2591 818 2644 KZ'.
853 2620 924 2630 —
956 2592 1096 2661 Περὶ
1125 2591 1524 2664 ὑποκειμένου
1559 2595 1930 2667 ἁμαρτήματι

2105 2597 2259 2654 CAP.
2290 2596 2502 2652 XXVII.
2530 2627 2599 2636 ——
2629 2596 2705 2653 De
2724 2613 2814 2662 eo,
2847 2599 2937 2665 qui
2969 2598 3092 2650 dum
3120 2597 3377 2650 obnoxius
3417 2607 3638 2667 peccato

334 2677 434 2731 καὶ
469 2682 1029 2750 χειροτονηθέντος.
1413 2746 1421 2756 ,
1840 2756 1846 2760 _

405 2773 640 2828 Συνόδου
671 2775 909 2840 Νικαίας
938 2777 1123 2832 κανὼν
1154 2777 1220 2846 θ’,
1248 2778 1278 2833 ι’
1299 2797 1312 2812 ’
1356 2781 1577 2835 συνόδου
1626 2783 1932 2838 Νεοκαισα-

337 2866 488 2935 ρείας
547 2868 730 2923 κανὼν
759 2869 824 2936 θ’,
852 2869 882 2923 ι’
904 2887 916 2900 ·
967 2871 1256 2925 Βασιλείου
1311 2872 1490 2927 κανὼν
1521 2876 1604 2941 κζ’
1625 2892 1638 2908 ·
1669 2876 1932 2946 Θεοφίλου

331 2959 396 3011 ἐκ
423 2959 523 3014 τοῦ
555 2960 965 3033 ὑπομνηστικοῢ
992 2960 1173 3016 κανὼν
1201 2961 1264 3023 δ’,
1298 2962 1362 3026 ε’,
1394 2963 1465 3036 η’.

403 3052 667 3108 ΚΕΦΑΛ.
697 3054 832 3108 KH’.
861 3085 933 3094 —
959 3056 1100 3123 Περὶ
1145 3054 1255 3123 τῆς
1300 3056 1546 3124 ἡλικίας
1591 3057 1710 3112 τῶν
1736 3075 1932 3128 χειρο-

333 3147 723 3216 τονουμένων
750 3147 1022 3217 ἀρῤἐνων
1051 3150 1155 3204 καὶ
1184 3151 1462 3221 θηλειῶν.

404 3239 639 3292 Συνόδου
656 3242 1053 3312 Καρθαγέννης
1086 3243 1265 3298 κανὼν
1286 3243 1384 3310 ις¹σ
1407 3244 1631 3298 συνόδου
1655 3244 1729 3312 ς’,
1750 3243 1933 3300 κανὼν

336 3329 559 3396 ια⁹,·ιε’·
592 3333 814 3386 συνόδου
849 3335 1288 3407 Νεοκαισαρείας
1333 3336 1514 3392 κανὼν
1571 3335 1638 3391 ια’
1661 3353 1673 3365 ⁸
1712 3338 1931 3392 συνόδου

334 3425 686 3496 Χαλκηδόνος
711 3427 890 3481 κανὼν
925 3427 1005 3481 ιε’.

405 3520 724 3588 κτίμενον.
768 3521 831 3574 Ἦ
863 3519 906 3573 θ’
940 3521 1185 3586 διάταξις
1226 3522 1323 3577 τοῦ
1346 3522 1394 3593 γ’
1448 3525 1552 3579 τίτ.
1586 3524 1679 3578 τοῦ
1729 3523 1778 3579 α’
1820 3525 1929 3596 βιϐ.

334 3614 428 3668 τοῦ
467 3613 700 3678 κιίιδικος
725 3615 787 3668 ού
836 3618 1134 3687 συγχωρεῖ,
1175 3634 1228 3670 κ.
1254 3635 1306 3672 τ.
1337 3618 1412 3683 λ.,
1450 3635 1626 3689 usque
1659 3619 1722 3674 ad
1765 3620 1935 3690 ὑπερ-

339 3707 638 3779 ϐεϐηκέναι
669 3708 738 3761 τὰ
762 3706 804 3761 λ’
835 3709 954 3781 ἔτη.

408 3801 692 3869 Σχόλιον.
741 3802 808 3855 Ἡ
847 3801 890 3854 θ’
938 3803 1080 3857 διάτ.
1147 3801 1242 3856 τοῦ
1288 3802 1336 3857 α’
1389 3804 1499 3875 βιὸ.
1562 3805 1654 3859 τοῦ
1703 3805 1936 3869 κώδικος

335 3894 436 3946 οὐκ
463 3895 632 3964 ἐτέθη
663 3897 743 3958 είς
781 3896 850 3949 τὰ
876 3896 1162 3960 Βασιλικὰ,
1221 3897 1344 3951 οὐδὲ
1390 3900 1422 3966 ἡ
1465 3897 1512 3952 α’
1554 3899 1799 3965 διάταξις
1838 3898 1934 3952 τοῦ

2047 2702 2202 2757 esset,
2245 2692 2525 2746 ordinatus
2562 2702 2660 2746 est.

2123 2782 2352 2839 Concilii
2373 2781 2576 2838 Niceeni
2601 2797 2778 2836 canon
2798 2782 2972 2847 9,10;
2999 2782 3214 2837 concilii
3236 2781 3642 2836 Neocaesarien-

2048 2875 2128 2930 sis
2153 2890 2329 2930 canon
2358 2874 2426 2940 9;
2473 2874 2661 2929 Basilii
2705 2891 2884 2930 canon
2920 2875 3022 2942 2i;
3057 2874 3344 2944 Theophili
3391 2891 3462 2956 ex.
3487 2892 3637 2931 com—

2050 2967 2350 3022 monitorio
2380 2982 2559 3021 canon
2585 2966 2640 3031 4,
2671 2966 2724 3030 5,
2749 2969 2801 3021 8.
3455 2967 3462 2976 ’

2119 3058 2272 3116 CAP.
2319 3057 2558 3114 XXVIII.
2597 3089 2667 3099 —
2709 3058 2784 3113 De
2848 3068 3004 3114 (etate
3061 3059 3484 3113 ordinant/orum
3535 3060 3640 3114 sive

2049 3167 2221 3206 mares
2256 3152 2362 3205 sive
2393 3151 2604 3220 femina:
2629 3152 2758 3204 sint.

2123 3241 2830 3311 ConciliiCarthaginensis
2864 3254 3043 3295 canon
3093 3240 3197 3307 16;
3235 3240 3454 3295 cuneilii
3502 3240 3641 3294 sexti

2047 3351 2224 3390 canon
2259 3335 2348 3397 14,
2388 3334 2483 3400 l5;
2539 3333 2756 3388 concilii
2790 3332 3251 3388 Neocaesariensis
3296 3343 3472 3387 canuit
3531 3334 3589 3387 II
3623 3351 3637 3399 ;

2047 3424 2268 3480 concilii
2305 3423 2773 3480 Chalcedonensis
2805 3438 2983 3478 canon
3015 3423 3102 3478 15.

2125 3522 2335 3573 Τεαιιιε.
2398 3515 2540 3588 Lege
2588 3525 2767 3571 const.
2809 3515 2863 3582 9,
2913 3517 2997 3571 tit.
3053 3519 3104 3580 I,
3149 3517 3242 3571 lib.
3282 3518 3332 3572 I.
3367 3519 3488 3572 eod.
3519 3515 3638 3573 Non

2047 3609 2318 3675 concedit,
2373 3619 2502 3674 ete.,
2557 3625 2717 3678 usque
2780 3608 2850 3662 ad
2912 3623 3122 3662 annum
3185 3610 3504 3665 excesserit.
3584 3619 3640 3662 ut

2047 3719 2170 3772 pag.
2201 3701 2328 3757 555.

2122 3792 2415 3847 Scholium.
2441 3792 2628 3848 Const.
2666 3792 2720 3855 9,
2757 3792 2840 3846 tit.
2877 3791 2929 3855 I,
2957 3792 3052 3846 Iil).
3084 3807 3122 3857 ι,
3153 3793 3278 3847 cod.
3317 3791 3497 3863 posita
3535 3807 3639 3845 non

2048 3899 2131 3941 est
2161 3887 2214 3940 in
2247 3885 2412 3940 Basil.
2445 3901 2621 3956 neque
2666 3900 2797 3940 vero
2827 3896 3004 3940 const.
3043 3887 3088 3949 ι,
3124 3885 3205 3938 tit.
3237 3886 3256 3938 1
3291 3883 3642 3940 Novellarnm

338 3984 384 4039 a.’
413 3987 522 4042 τίτ.
554 3987 666 4042 τῶν
713 3989 942 4059 Νεαρῶν
969 3987 1044 4054 ς’,
1070 3986 1205 4043 οὖσα
1233 3991 1404 4061 νεαρὰ
1419 3991 1845 4056 Ἰουστινάνειος,
1871 3989 1930 4054 ὼς

2053 3994 2172 4049 quae
2201 3979 2416 4034 novella
2444 3987 2596 4034 sexta
2619 3976 2917 4032 Iustiniani
2949 3986 3054 4041 est,
3090 3987 3148 4031 ιιι
3178 3977 3505 4047 explicatum
3534 3987 3639 4031 est.

337 4078 674 4150 διείληπται.
709 4081 775 4134 Ἦ
799 4080 841 4152 β’
867 4080 1112 4146 διάταξις
1150 4080 1244 4134 τοῦ
1276 4080 1320 4135 α’
1348 4081 1531 4136 τίτλου
1558 4083 1670 4136 τῶν
1704 4081 1935 4152 Νεαρῶν

337 4174 455 4226 ἐστι
484 4174 660 4246 νεαρὰ
695 4176 1125 4237 Ἰουστινιὰνειος
1158 4174 1302 4247 ρκγ’,
1337 4178 1515 4231 κεῖται
1549 4178 1606 4231 δὲ
1654 4180 1710 4230 ἐν
1743 4176 1935 4248 βιϐλίῳ

337 4266 447 4318 τῶν
470 4266 779 4320 Βασιλικῶν
812 4267 883 4337 γ’,
932 4268 1036 4323 τίτ.
1073 4277 1146 4332 α’,
1181 4288 1308 4340 κεφ.
1352 4269 1456 4336 κθ’,
1512 4269 1688 4338 ἔχοντι
1742 4267 1934 4330 οὕτως’

339 4357 703 4411 Διακόνισσαν
724 4359 780 4412 δὲ
807 4361 865 4412 ἐν
895 4362 1026 4433 ἁγίᾳ
1051 4362 1350 4434 Ἐκκλησία
1381 4361 1455 4432 μὴ
1489 4359 1936 4431 χειροτονεῖσθαι,

339 4448 466 4518 ἥτις
526 4450 769 4504 ἐλάττων
828 4454 975 4506 ἐστὶν
1033 4455 1298 4519 ἐνιαυτῶν
1333 4453 1404 4525 μ’,
1459 4453 1492 4523 ἣ
1547 4455 1628 4516 εἰς
1681 4453 1935 4523 δεύτερον

340 4534 475 4609 ἦλθε
507 4541 707 4610 γάμον.
737 4543 1034 4610 Ὡσαύτως,
1059 4546 1213 4615 φησὶ,
1235 4545 1330 4598 τοῦ
1355 4545 1519 4598 αὐτοῦ
1542 4545 1650 4598 τίτ.
1680 4561 1799 4614 κεφ.
1826 4543 1934 4615 κη’,

345 4631 511 4702 μέρος
538 4632 600 4685 ὃν
627 4633 728 4702 τῆς
765 4633 936 4704 αὐτῆς
977 4636 1199 4704 νεαρᾶς,
1225 4633 1419 4688 ταῦτα·
1460 4635 1843 4706 ΙΙρεσ-ϐύτερον
1876 4635 1934 4688 δὲ

342 4723 606 4777 ἐλάττονα
637 4722 746 4778 τῶν
785 4724 828 4778 λ’
891 4725 1156 4779 ἐνιαυτῶν
1186 4725 1464 4793 γενέσθαι,
1503 4726 1604 4778 οὐκ
1644 4726 1936 4795 ἐπιτρέπο-

348 4831 467 4882 μεν,
489 4815 607 4868 ἀλλ⁹
629 4815 752 4869 οὐδὲ
783 4816 1030 4871 διάκονον
1061 4817 1094 4889 ἢ
1131 4806 1482 4870 ὑποδιάκονον
1505 4817 1704 4887 ἥττονα
1725 4815 1832 4866 τῶν
1861 4813 1937 4867 κε’

344 4912 630 4978 ἐνιαυτῶν,
673 4913 798 4966 οὔτε
828 4913 1184 4985 ἀναγνώστην
1236 4913 1496 4966 ἐλάττονα
1526 4911 1630 4964 τῶν
1658 4909 1724 4980 ιη’
1759 4912 1938 4962 ἐνιαυ-

345 5005 476 5059 τῶν.
505 5004 652 5077 Πλὴν
687 5007 920 5075 γίνωσκε
948 5009 1030 5060 ὅτι
1056 5009 1091 5077 ή
1117 5008 1215 5076 μὲν
1243 5004 1414 5076 νεαρᾶ
1446 5004 1538 5058 τοῦ
1557 5002 1936 5057 ’ῐουστινιανοῦ

348 5097 425 5160 εἰς
457 5098 661 5162 πλάτος
693 5099 1081 5171 εύρισκομένη,
1121 5099 1268 5168 λέγει
1304 5098 1551 5168 γίνεσθαι
1581 5097 1936 5166 ἀναγνώστην

349 5191 435 5242 τὸν
464 5190 594 5244 ὅντα
628 5192 839 5263 χρόνων
868 5197 943 5263 η’,
981 5195 1076 5248 καὶ
1103 5194 1402 5247 ἐπίσκοπον
1449 5192 1539 5245 τὸν
1573 5191 1701 5245 ὄντα
1728 5191 1937 5263 χρόνων

350 5279 436 5334 λε’.
468 5282 672 5348 Καθὼς
701 5283 860 5339 τοῦτό
902 5303 1056 5356 φησι,
1086 5287 1182 5339 καὶ
1210 5286 1271 5340 τὸ
1305 5286 1481 5358 παρὸν
1525 5285 1750 5356 βιϐλίον,
1782 5287 1842 5340 ἐν
1881 5285 1938 5339 δὲ

2050 4073 2242 4128 Const.
2275 4082 2460 4126 autem
2491 4071 2547 4135 2,
2587 4071 2669 4124 tit.
2708 4071 2733 4123 1
2757 4069 3104 4124 Novellarum
3128 4079 3211 4124 est
3234 4069 3442 4122 novella
3469 4067 3643 4122 Justi-

2050 4166 2199 4221 niani
2233 4165 2360 4230 I23,
2395 4163 2737 4232 habeturque
2766 4162 2861 4216 lib.
2895 4161 3062 4216 Basil.
3091 4162 3144 4224 ὅ,
3182 4161 3262 4218 tit.
3304 4161 3357 4224 I,
3391 4175 3512 4230 cap.
3546 4159 3638 4223 21),

2050 4258 2195 4329 quod
2222 4259 2302 4313 sic
2328 4257 2494 4312 habet
2525 4273 2539 4311 :
2578 4254 2895 4310 Diaconissa
2923 4261 3106 4308 autem
3137 4254 3192 4307 in
3222 4263 3414 4308 sancta
3453 4253 3643 4308 Eccle-

2052 4350 2131 4406 sia
2165 4363 2274 4403 non
2331 4347 2637 4412 ordinator,
2687 4360 2818 4415 qua;
2857 4345 3037 4398 minor
3081 4343 3445 4415 quadraginta
3477 4344 3639 4397 annis

2053 4444 2146 4509 sit,
2203 4450 2300 4496 aut
2349 4439 2417 4495 ad
2469 4439 2742 4496 secundas
2785 4439 3032 4508 pervenit
3080 4438 3319 4508 nuptias.
3378 4436 3643 4492 Similiter

2051 4536 2298 4608 ejusdem
2333 4536 2418 4589 tit.
2453 4549 2576 4604 cap.
2611 4531 2702 4594 28,
2751 4531 2899 4602 quod
2934 4530 3180 4602 ejusdem
3231 4529 3460 4585 novellze
3513 4545 3641 4598 pars

2051 4639 2157 4691 est,
2211 4628 2326 4682 haec
2355 4626 2527 4681 dicit:
2563 4623 2954 4694 Presbyterum
2990 4638 3121 4677 vero
3164 4624 3428 4678 minorem
3479 4619 3642 4673 annis

2055 4721 2277 4792 triginta
2306 4720 2421 4774 ﬁeri
2453 4734 2562 4774 non
2588 4718 2966 4774 concedimus.
3001 4714 3106 4771 Sed
3134 4731 3312 4785 neque
3345 4713 3638 4768 diaconum

2049 4825 2146 4868 aut
2178 4813 2577 4869 subdiaconum
2613 4811 2883 4865 minorem
2925 4808 3114 4878 viginti
3142 4808 3387 4878 quinque
3423 4821 3638 4874 :neqne

2051 4906 2180 4961 item
2223 4906 2483 4960 lectorem
2518 4903 2784 4957 minorem
2827 4900 2989 4956 annis
3033 4901 3221 4954 decem
3256 4907 3310 4950 et
3345 4907 3490 4952 octo.
3535 4897 3638 4949 Ve-

2054 5010 2368 5054 rumtamen
2419 4996 2584 5060 scias,
2626 4995 2773 5066 quod
2807 4992 3120 5061 ,Jnstiniani
3169 4991 3406 5054 novella,
3464 5000 3522 5044 ut
3568 4991 3638 5043 ad

2051 5093 2276 5164 longum
2310 5091 2607 5152 invenitur,
2638 5089 2899 5143 lectorem
2930 5086 3045 5140 ﬁeri
3092 5086 3246 5147 dicit,
3283 5082 3378 5152 qui
3419 5091 3505 5136 est;
3538 5096 3639 5135 an-

2054 5202 2247 5240 norum
2280 5193 2403 5239 octo
2433 5201 2447 5237 :
2481 5193 2534 5238 ct
2567 5171 2906 5253 episcopum,
2941 5178 3031 5248 qui
3087 5187 3172 5232 est
3225 5175 3447 5246 triginta
3478 5175 3639 5245 quin-

2053 5296 2160 5350 que
2185 5297 2198 5334 :
2226 5277 2689 5348 quemadmodum
2717 5274 2820 5328 hoc
2849 5273 3013 5327 etiam
3055 5284 3296 5340 praesens
3324 5267 3462 5321 liber
3481 5267 3634 5321 dicit.

354 5380 414 5448 τῇ
443 5378 822 5445 ἁνακαθάρσει
855 5381 883 5432 ό
920 5380 1019 5450 μὲν
1058 5381 1254 5452 χρόνος
1293 5381 1386 5434 τοῦ
1417 5381 1744 5445 ἐπισκόπου,
1795 5397 1930 5451 παρη

2053 5339 2349 5427 Enimvero
2377 5372 2428 5424 in
2465 5366 2697 5441 [legum]
2723 5364 3110 5436 repurgatione
3145 5361 3386 5432 episcopi
3418 5369 3633 5429 tempus

356 5470 571 5543 ελείφθη
599 5473 845 5539 τελείως,
875 5475 902 5527 ὁ
939 5475 994 5528 δὲ
1026 5476 1218 5544 χρόνος
1254 5474 1346 5528 τοῦ
1374 5471 1726 5542 ἀναγνώστου
1756 5472 1944 5526 ἐπλεόσ

359 5579 534 5616 νασενο
568 5567 691 5619 ἀντὶ
718 5566 828 5637 γὰρ
860 5566 906 5638 η’
955 5568 1182 5638 χρόνων,
1237 5567 1304 5638 ιη’
1345 5569 1554 5639 χρόνων
1616 5565 1755 5620 εἷναί
1807 5583 1939 5635 φησι

359 5655 441 5710 τὸν
468 5658 848 5733 ἀναγνώστην.
900 5661 1166 5731 Ὀφείλεις
1204 5661 1294 5716 ιῦν
1323 5661 1608 5733 προσέχειν
1641 5657 1802 5713 πλέον
1834 5660 1945 5723 τοῖς

2048 5463 2289 5536 perfecte
2353 5471 2433 5517 est
2484 5469 2770 5529 nceptnm
2824 5455 2841 5527 [
2872 5471 2935 5511 ac
2964 5451 3336 5525 descriptum]
3367 5471 3379 5506 :
3415 5449 3637 5505 lectoris

2051 5567 2233 5614 autem
2272 5565 2508 5624 tempus,
2544 5550 3076 5622 supcralmndanter.
3110 5547 3216 5602 Pro
3242 5556 3364 5602 octo
3403 5557 3637 5612 namque

2050 5651 2231 5720 annis,
2262 5647 2566 5706 octodecim
2596 5645 2776 5718 [habet
2817 5659 2879 5699 ac
2923 5642 3022 5713 tot]
3059 5655 3329 5696 annorum
3375 5638 3638 5694 lectorem
