3916 6244
365 306 495 373 1011

1528 305 1796 368 PHOTII
1834 300 2341 365 PATRIARCH/E
2371 304 2481 365 CP.

3508 305 3631 368 1012

365 398 613 490 [debere]
642 433 765 475 esse
792 419 944 476 dicit.
970 419 1147 477 Debes
1168 419 1356 490 itaque
1391 421 1566 492 magis
1589 421 1782 476 audire
1833 432 1955 489 quae

2069 416 2473 487 γεγραμμένοις
2501 418 2559 467 ἐν
2592 415 2706 477 τοῖς
2733 412 3043 478 Βασιλικοῖς
3069 410 3222 483 παρὰ
3253 412 3363 477 τοῖς
3402 430 3632 487 περιεχο-

363 514 420 568 in
456 512 626 569 Basil.
658 514 862 585 scripta
886 523 1036 581 sunt,
1064 529 1227 584 quam
1255 530 1379 585 quae
1403 513 1953 585 comprehenduntur

364 605 421 659 in
450 605 607 660 libris
636 606 728 675 qui
766 614 892 661 ante
925 606 1370 678 repurgationem
1414 607 1799 661 auctoritatem
1847 605 1951 660 ob—

365 695 668 763 tinuerunt,
696 696 889 771 [nunc]
916 708 1097 753 autem
1132 699 1269 753 irriti
1302 709 1453 755 sunt.

384 806 394 835 ς
434 788 597 841 Aliud
625 788 905 842 scliolium.
926 789 1119 844 Const.
1154 790 1237 853 17,
1272 792 1354 846 tit.
1386 793 1437 853 1,
1470 790 1844 859 Novellarum,
1869 804 1955 849 est

362 880 581 935 novella
612 879 911 937 Iustiniani
952 882 1076 945 157,
1114 897 1238 952 quae
1268 883 1441 951 posita
1469 895 1553 940 est
1582 885 1635 939 in
1661 885 1755 940 lib.
1783 884 1949 941 Basil.

362 990 426 1038 ll,
460 974 545 1028 tit.
578 975 633 1043 1,
664 990 786 1045 cap.
817 976 872 1037 8,
906 976 1048 1045 quod
1098 974 1326 1048 [ipsum]
1357 985 1521 1047 caput
1555 993 1840 1047 aspersum
1870 988 1955 1033 est

362 1065 458 1133 9.5,
494 1082 615 1137 cap.
650 1069 946 1138 praesentis
978 1068 1063 1122 tit.
1094 1069 1162 1123 ad
1192 1071 1337 1123 hunc
1383 1069 1604 1124 modum
1638 1070 1902 1141 incipiens
1937 1091 1950 1127 :

369 1158 685 1223 Sancimns,
720 1171 781 1214 ut
813 1162 1033 1230 quoties
1066 1178 1205 1231 opus
1233 1161 1398 1215 fuerit
1430 1164 1688 1217 ordinare
1739 1165 1955 1231 episco-

362 1265 516 1321 pum.
550 1251 626 1307 De
655 1268 721 1309 eo
756 1263 971 1318 autem,
1022 1257 1115 1324 qui
1149 1255 1442 1324 episcopus
1472 1254 1813 1313 ordinandus
1848 1266 1951 1322 est,

361 1344 495 1399 illud
538 1355 704 1415 caput
740 1362 805 1401 ex
858 1356 1012 1415 parte
1048 1348 1163 1402 haec
1208 1349 1413 1403 diserte
1460 1349 1593 1404 dicit
1628 1368 1640 1405 :
1675 1348 1778 1403 Sed
1807 1351 1951 1420 quod

360 1438 544 1493 sciant
591 1440 743 1511 ipsos
798 1451 962 1496 rectae
1007 1452 1060 1496 et
1107 1443 1391 1498 catholica:
1424 1445 1582 1509 tidei,
1616 1460 1679 1499 ac
1711 1446 1952 1501 honestae

360 1531 490 1587 vitae
519 1548 661 1598 esse,
688 1543 742 1588 et
768 1550 931 1603 supra
959 1534 1300 1605 trigesimum
1335 1536 1513 1590 aetatis
1547 1552 1751 1590 annum
1780 1576 1794 1601 ,
1849 1537 1951 1593 hos

360 1629 644 1700 elegerint.
674 1631 916 1698 Abrogat
971 1632 1140 1703 igitur
1184 1634 1299 1687 haec
1329 1634 1564 1698 novella,
1592 1642 1854 1704 quantum
1882 1634 1949 1690 ad

361 1730 574 1777 aetatem
608 1723 849 1793 episc0pi
889 1721 1129 1796 [attinet]
1160 1725 1425 1779 novellam
1460 1725 1583 1779 125.

429 1813 596 1869 Aliud
645 1814 924 1871 asc/iulium.
978 1816 1059 1871 Ex
1111 1818 1368 1888 prmsenti
1412 1817 1484 1873 28
1536 1834 1658 1889 cap.
1696 1834 1761 1874 ac
1792 1821 1846 1873 in
1887 1834 1953 1875 eo

365 1907 611 1977 scriptis,
643 1908 883 1963 didicisti
924 1918 1114 1965 aetates
1145 1911 1605 1965 ordinandorum.
1644 1910 1719 1967 De
1752 1912 1822 1968 iis
1849 1928 1948 1966 au-

365 2006 473 2051 tem
518 1998 613 2067 qui
658 1999 712 2054 in
744 1998 1059 2070 imperfecta
1109 2010 1269 2057 aetate
1319 2002 1493 2059 ollicia
1528 2014 1620 2057 aut
1660 2005 1953 2075 dignitates

364 2091 692 2162 suscipiunt,
711 2094 1008 2164 repositum
1028 2104 1113 2149 est
1131 2094 1182 2148 in
1207 2094 1437 2163 publicis
1458 2096 1689 2152 secretis
1713 2098 1953 2153 edictum

366 2198 461 2238 nn.
485 2185 945 2242 AlexiiComneni
978 2202 1196 2256 semper
1212 2188 1524 2243 celebrandi
1576 2190 1951 2260 imperatoris.

369 2273 477 2347 [Tn
512 2276 665 2350 vero]
709 2277 840 2332 illud
863 2278 1027 2332 etiam
1060 2292 1356 2349 cognosce.
1396 2277 1570 2335 Habet
1605 2279 1838 2354 [autem]
1879 2282 1955 2337 ita

366 2368 437 2423 ad
467 2370 690 2425 verbum
722 2389 735 2426 :
767 2370 921 2425 Multi
952 2371 1066 2437 ubi,
1104 2372 1176 2426 ob
1221 2371 1600 2429 denuntiatam
1641 2375 1957 2445 reipublicze

367 2460 606 2531 aliquam
637 2463 925 2517 utilitatem
947 2503 960 2529 ,
992 2472 1086 2518 aut
1125 2478 1223 2533 per
1269 2464 1650 2530 ambitionem,
1701 2466 1958 2537 qualem-

368 2568 587 2625 cunque
619 2554 939 2625 dignitatem
966 2558 1050 2611 vel
1074 2555 1307 2612 olIiciuin
1341 2567 1434 2612 aut
1463 2574 1678 2628 capere,
1714 2569 1954 2630 autper-

369 2656 606 2713 mutare,
644 2658 741 2702 aut
757 2649 994 2704 vendere
1025 2650 1298 2719 petierunt
1321 2666 1417 2705 :ea
1451 2652 1502 2705 in
1528 2668 1725 2720 parvos
1752 2670 1956 2723 pueros

370 2739 733 2794 transferunt.
789 2740 867 2795 Ne
898 2740 1062 2812 igitur
1100 2743 1202 2796 hoc
1235 2743 1358 2807 tiat,
1398 2758 1577 2813 neque
1608 2746 1745 2800 tales
1776 2746 1957 2816 impo-

369 2846 499 2885 nere
550 2829 782 2904 [nobis]
823 2844 919 2888 aut
969 2834 1220 2905 decipere
1267 2837 1682 2905 conspiciantur
1717 2855 1731 2892 :
1766 2840 1959 2894 statuit

369 2922 723 2992 imperatoria
765 2940 887 2980 mea
922 2926 1187 2997 majestas
1214 2937 1271 2982 ut
1294 2931 1610 3000 quicunque
1631 2931 1954 3000 dignitatem

367 3016 453 3069 vel
482 3015 718 3072 ofﬁcium
753 3016 873 3072 sive
911 3027 1133 3088 prepter
1163 3020 1659 3087 denuntiationem,
1682 3023 1796 3078 sive
1828 3042 1956 3095 pro-

366 3113 487 3175 pter
525 3104 960 3160 benevolentiam
1006 3107 1268 3178 aliquam,
1295 3110 1410 3165 sive
1439 3126 1536 3181 per
1565 3117 1955 3172 commutatio-

366 3214 514 3265 nem,
562 3199 678 3255 sive
728 3205 783 3253 in
841 3216 1039 3255 munus
1066 3209 1120 3254 ct
1161 3219 1253 3271 per
1293 3203 1661 3273 largitionem,
1705 3218 1799 3263 aut
1827 3209 1959 3267 dum

365 3289 609 3343 animum
651 3297 899 3344 nostrum
928 3291 1294 3357 oblectanms,
1341 3294 1408 3347 ab
1458 3296 1810 3365 imperatoria
1840 3316 1958 3356 ma-

361 3380 559 3450 jestate
607 3383 882 3452 acceperit
915 3400 928 3436 :
960 3398 1028 3437 ne
1058 3382 1154 3455 [is]
1172 3386 1483 3454 quempiam
1512 3389 1603 3458 qui
1639 3391 1957 3462 honoretur,

365 3473 559 3544 viginti
587 3475 746 3531 annis
783 3476 1055 3530 minorem
1118 3476 1197 3547 [in
1246 3477 1426 3533 locum
1465 3482 1652 3555 suum]
1683 3486 1954 3543 admittat.

365 3563 509 3630 Quin
569 3580 762 3621 omnes
805 3568 1125 3638 quicunque
1174 3584 1272 3639 per
1336 3571 1559 3627 easdem
1612 3590 1810 3632 causas
1862 3588 1959 3636 aut

366 3657 682 3727 dignitatem
712 3667 807 3713 aut
833 3658 1069 3714 ollirium
1104 3662 1427 3733 accipiunt,
1487 3667 1725 3737 majores
1763 3672 1955 3743 viginti

366 3750 529 3805 annis
561 3758 745 3805 sunto.
764 3750 998 3816 Quando
1023 3768 1152 3806 vero
1169 3754 1528 3823 imperatoria
1553 3774 1673 3813 mea
1697 3762 1959 3832 majestas

368 3861 478 3900 non
514 3853 736 3915 prepter
775 3847 936 3901 talem
979 3862 1228 3911 causam,
1267 3850 1360 3905 sed
1404 3852 1553 3907 nulla
1583 3869 1749 3912 causa
1788 3858 1959 3914 inter-

367 3940 620 3994 veniente
672 3940 1028 3997 lionoraverit
1065 3944 1402 4021 quempiam,
1436 3958 1532 4001 aut
1567 3948 1744 4005 oﬂicio
1787 3952 1961 4009 dona-

254 4093 262 4100 .
366 4028 509 4082 verit
542 4046 555 4083 :
584 4031 800 4086 tametsi
834 4031 1137 4088 honoratus
1162 4033 1350 4103 viginti
1372 4036 1533 4091 annis
1558 4038 1742 4093 minor
1774 4041 1957 4109 fuerit,

368 4120 507 4176 citra
524 4121 921 4179 dubitationem
949 4132 1128 4181 tamen
1149 4126 1223 4180 illi
1245 4125 1531 4202 [insignia]
1557 4134 1957 4190 insternuntor.

368 4212 691 4284 Reponatur
715 4217 881 4286 igitur
905 4233 1150 4288 praesens
1177 4220 1291 4275 hzec
1326 4222 1522 4278 tabella
1558 4223 1700 4280 inter
1733 4228 1957 4283 chartas

368 4317 709 4363 secretorum
743 4320 1080 4378 nostrorum,
1123 4312 1190 4366 ad
1220 4314 1614 4371 ostendendam
1648 4317 1954 4389 imperandi

368 4399 1213 4474 gnhernandiqueimperatoriae
1265 4423 1398 4461 mea:
1452 4410 1758 4479 majestatis
1788 4414 1957 4469 ratio-

2058 513 2243 582 μένοις
2272 511 2331 561 ὲν
2362 511 2474 571 τοῖς
2516 506 2742 578 βιϐλίοις
2768 508 2881 570 τοῖς
2916 504 3205 578 ἐνεργοῦσι
3236 506 3344 576 πρὸ
3375 506 3471 577 τῆς
3506 507 3630 562 ἀνα.

2055 603 2375 675 καθάρσεως
2409 603 2503 657 καὶ
2545 598 2887 671 σχολάσασιν.

2116 795 2361 863 ’Ἕτερον
2375 794 2656 864 σκόλιον.
2674 793 2738 845 Ἡ
2755 789 2819 855 ιζ’
2839 791 2978 845 διάτ.
2998 788 3091 843 τοῦ
3115 788 3161 843 α’
3178 789 3283 844 τίτ.
3305 788 3413 842 τῶν
3426 788 3641 861 Νεαρῶν

2052 890 2172 943 ἐστι
2198 887 2370 960 νεαρά
2403 886 2828 948 Ἰουστινιάνειος
2854 881 2985 955 ρλζ’,
3008 883 3132 954 ἥτις
3176 881 3332 953 ἐτέθη
3360 885 3418 937 ὲν
3465 882 3644 953 βιϐλίῳ

2052 980 2162 1033 τῶν
2183 978 2485 1033 Βασιλικῶν
2512 975 2584 1045 γ’,
2617 976 2722 1029 τίτ.
2751 973 2800 1029 α’
2819 1014 2835 1040 ,
2879 991 3006 1043 κεφ.
3037 972 3088 1045 η’
3139 1015 3154 1037 ,
3198 974 3334 1045 ὅπερ
3363 972 3642 1041 κεφάλαιον

2056 1070 2413 1142 κατεστρώθη
2447 1071 2505 1121 ἐν
2534 1068 2612 1139 τῷ
2642 1065 2726 1135 κγ’
2758 1083 2884 1136 κεφ.
2928 1064 3020 1118 τοῦ
3063 1065 3331 1133 παρόντος
3358 1063 3490 1128 τίτ.,
3529 1063 3645 1133 ἕχον

2054 1165 2200 1217 κατὰ
2265 1162 2366 1225 τὰς
2412 1161 2585 1231 ἀρχάς
2621 1158 2828 1221 οὕτως’
2858 1156 3202 1227 Θεσπίζομεν
3262 1155 3452 1218 ὁσάκις
3496 1154 3642 1225 χρεία

2052 1260 2279 1329 γένηται
2346 1252 2790 1326 χειροτονηθῆναι
2840 1251 3173 1313 ἐπίσκοπον,
3233 1248 3408 1302 ταῦτα.
3467 1246 3636 1317 ῥητῶς

2052 1354 2110 1405 ὲν
2160 1351 2337 1422 μέρει.
2378 1346 2519 1401 Ἀλλ’
2548 1346 2749 1406 εἰδότες
2775 1343 2972 1403 αὐτοὺς
3025 1342 3123 1411 τῆς
3158 1340 3327 1411 ὀρθῆς
3382 1338 3475 1392 καὶ
3518 1338 3647 1391 καθ-

2050 1443 2240 1512 ολικῆς
2274 1441 2531 1502 πίστεως,
2558 1438 2652 1490 καὶ
2692 1433 2891 1506 σεμνοῦ
2925 1433 3041 1504 βίου
3074 1432 3170 1485 καὶ
3195 1429 3337 1501 ὑπὲρ
3370 1429 3431 1482 τὸ
3460 1427 3501 1481 λ’
3528 1428 3643 1493 ἔτος

2051 1533 2195 1591 εἶναι
2219 1534 2447 1597 τούτους
2485 1531 2830 1597 ἐπελέξαντο.
2853 1529 3097 1599 Ἀναιρεῖ
3120 1527 3251 1595 γοῦν
3269 1528 3496 1598 τοιαύτη
3526 1532 3647 1594 νεαῖ

2053 1630 2122 1703 ρὰ
2168 1630 2292 1683 ὅσον
2358 1627 2439 1691 εἰς
2482 1626 2609 1689 τοὺς
2647 1623 2877 1694 χρόνους
2913 1621 3007 1676 τοῦ
3036 1620 3341 1674 ἐπισκόπου
3371 1620 3469 1692 τὴν
3538 1636 3635 1691 ρκγ

2064 1742 2157 1778 νεα
2168 1723 2289 1793 ράν.

2142 1818 2391 1885 “Ετερον
2425 1815 2704 1885 σκόλιον.
2734 1808 3050 1880 Σημείωσαι
3093 1807 3176 1861 ὅτι
3218 1806 3329 1860 ἀπὸ
3372 1805 3467 1859 τοῦ
3508 1822 3646 1876 παρ’

2070 1912 2223 1974 όντος
2249 1908 2335 1979 κη’
2363 1925 2490 1977 κεφ.
2526 1907 2622 1960 καὶ
2658 1904 2767 1959 τῶν
2797 1905 2855 1957 ὲν
2891 1900 3040 1971 αὑτῷ
3080 1898 3428 1971 γραφέντων,
3460 1896 3651 1967 ἔμαθες

2069 2007 2198 2067 τοὺς
2224 2002 2448 2074 χρόνους
2476 2000 2586 2053 τῶν
2628 1996 2957 2068 ὀφειλόντων
3009 1990 3461 2064 χειροτονεῖσθαι·
3483 1991 3561 2043 ὅτι
3598 1989 3652 2041 δὲ

2072 2098 2235 2169 χάριν
2257 2094 2368 2148 τῶν
2398 2091 2787 2163 λαμϐανόντων
2817 2087 3049 2155 ὀφφίκια
3076 2085 3108 2155 ἦ
3145 2082 3439 2153 ἀξιώματα
3457 2080 3652 2135 ἀτελῶν

2070 2189 2449 2257 κατέστρωται
2477 2184 2556 2247 είς
2589 2184 2650 2235 τὸ
2681 2180 3017 2252 δημοσίακον
3050 2176 3307 2246 σέκρετον
3331 2175 3652 2244 πρόσταγμα

2070 2280 2166 2335 τοῦ
2198 2277 2445 2349 ἀοιδίμου
2492 2273 2758 2346 βασιλέως
2802 2271 2997 2343 κυρίου
3027 2268 3271 2333 Ἀλεξίου
3310 2265 3406 2320 τοῦ
3445 2266 3654 2334 Κομνη-

2069 2374 2185 2427 νοῦ.
2240 2372 2482 2424 Γίνωσκε
2526 2366 2620 2421 καὶ
2669 2364 2826 2419 τοῦτο
2860 2362 2983 2433 ἔχον
3031 2360 3174 2414 κατὰ
3224 2358 3381 2430 ῥῆμα
3413 2372 3429 2389 ο
3466 2354 3651 2408 Πολλοὶ

2072 2462 2569 2537 προσαγγείλαντες
2607 2457 2877 2526 ὠφέλειαν
2908 2453 3003 2507 τοῦ
3052 2450 3318 2522 δημοσίου
3366 2446 3489 2500 τινὰ
3515 2445 3547 2516 ἢ
3576 2446 3654 2499 αἱ·

2069 2558 2322 2628 τούμενοι
2372 2554 2514 2609 κατὰ
2571 2550 2884 2621 φιλοτιμίαν
2916 2547 3121 2611 λαϐεῖν,
3167 2544 3201 2615 ἢ
3243 2537 3649 2607 ἁνταλλάξαι,ἦ

2072 2650 2326 2719 πωλῆσαι
2361 2645 2581 2716 ἀξίωμα
2624 2639 3000 2713 οἰονδήποτεῆ
3034 2636 3313 2707 ὁφφίκιον,
3360 2629 3653 2704 μεταϐιϐά-

2074 2744 2226 2810 ζουσι
2260 2743 2439 2796 ταῦτα
2464 2742 2544 2803 εἰς
2579 2738 2775 2800 παῖδας
2801 2731 3051 2806 μικρούς.
3094 2731 3214 2783 Ἵνα
3239 2724 3335 2781 οῦν
3378 2728 3454 2796 μὴ
3501 2722 3650 2777 τοῦτο

2073 2840 2301 2908 γένηται
2325 2834 2461 2906 μηδὲ
2484 2830 2684 2886 δοκῶσι
2703 2824 3066 2899 φενακίζεινῆ
3097 2823 3318 2893 ἀπατᾷν
3339 2822 3388 2874 οἱ
3408 2816 3653 2908 τοιοῦτοι,

2072 2906 2369 3001 διορίζεται
2400 2927 2433 2997 ὴ
2468 2922 2717 2996 βασιλεία
2754 2938 2858 2992 μου
2893 2918 2984 2972 ἵνα
3010 2918 3160 2978 ὅστις
3193 2913 3335 2986 λάϐῃ
3379 2910 3593 3001 ἀξίωμα
3610 2906 3653 3001 -ἢ

2072 2999 2329 3092 ὀφφίκιον
2387 3019 2498 3072 εἴτε
2557 3016 2647 3069 διὰ
2695 3009 3139 3085 προσαγγελίαν,
3182 3007 3293 3060 εἴτε
3326 3003 3399 3058 δι’
3452 2999 3656 3092 εὔνοιάν

2080 3090 2223 3179 τινα,
2251 3115 2360 3166 εἴτε
2415 3109 2558 3164 κατά
2604 3105 2930 3176 ἐναλλαγὴν,
2987 3102 3098 3155 εἴτε
3151 3100 3299 3153 κατὰ
3335 3095 3546 3168 δωρεὰν
3568 3090 3656 3147 καὶ

2080 3206 2392 3276 φιλοτιμίαν
2418 3202 2519 3273 τῆς
2550 3200 2829 3273 βασιλείας
2871 3215 2995 3270 μου,
3026 3196 3060 3268 ἢ
3109 3192 3342 3265 ψυχικὸν
3382 3190 3553 3260 αὐτῆς
3586 3186 3656 3259 μὴ

2065 3299 2319 3368 δέχεσθαι
2349 3297 2641 3368 πρόσωπον
2665 3294 2726 3347 τὸ
2755 3292 3069 3363 τιμώμενον
3091 3290 3316 3343 ἔλαττον
3337 3286 3446 3341 τῶν
3464 3282 3516 3355 η’
3536 3281 3655 3353 χρό-

2072 3409 2199 3446 νων.
2239 3390 2400 3443 Ἀλλὰ
2432 3388 2635 3451 πάντες
2670 3388 2719 3440 οἱ
2744 3385 2834 3439 διὰ
2857 3384 2955 3448 τὰς
2978 3382 3150 3445 αὑτάς
3172 3381 3355 3444 αἰτίας
3386 3379 3420 3449 ἢ
3446 3377 3654 3447 ἀξίωμα

2068 3490 2102 3560 ἣ
2156 3488 2409 3558 όφφίκιον
2459 3485 2863 3557 λαμϐάνοντες,
2919 3480 3167 3534 εστωσαν
3216 3477 3440 3549 μείζους
3471 3473 3582 3527 τῶν
3610 3468 3656 3524 κ’

2068 3583 2299 3654 χρόνων.
2324 3581 2453 3635 Ὅτε
2489 3580 2546 3632 δὲ
2596 3580 2629 3648 ή
2689 3576 2935 3648 βασιλεία
2988 3591 3114 3645 μου,
3152 3573 3212 3625 οὐ
3262 3571 3352 3625 διὰ
3405 3567 3656 3635 τοιαύτην

2070 3676 2271 3738 αἰτίαν,
2306 3673 2443 3729 ἀλλὰ
2478 3673 2699 3743 ἀμέσως
2729 3670 2938 3741 τιμήσῃ
2962 3667 3139 3738 τιναῆ
3170 3665 3480 3737 δωρήσεται
3506 3658 3657 3731 όφφί-

2069 3769 2186 3823 κιόν
2210 3785 2338 3831 τινι,
2359 3766 2465 3820 κᾶν
2496 3765 2734 3818 ἐλάττων
2822 3762 2929 3815 τῶν
2952 3766 3003 3813 κ’
3031 3758 3241 3830 χρόνων
3265 3760 3294 3810 ὁ
3328 3754 3654 3826 τιμώμενος,

2070 3856 2612 3927 καταστρωννυέσθω
2640 3855 2815 3918 οὕτως
2860 3850 3272 3923 ἀναμφιϐόλως.
3319 3850 3656 3915 Καταστρω-

2072 3952 2221 4021 θήτω
2251 3947 2345 4005 οὖν
2394 3950 2454 4004 τὸ
2488 3948 2663 4018 παρὸν
2696 3946 2985 3999 πιττάκιον
3015 3947 3072 3997 ὲν
3106 3944 3220 4007 τοῖς
3244 3942 3356 3995 τῶν
3392 3939 3483 4009 ὑφ’
3512 3936 3651 4008 ἡμᾶς

2068 4045 2341 4114 δεκρέτων
2370 4042 2638 4115 χαρτίοις,
2670 4043 2748 4105 είς
2781 4040 3014 4112 δήλωσιν
3046 4038 3145 4107 τῆς
3187 4032 3541 4107 προστάξεως
3565 4028 3655 4083 καὶ

2069 4135 2384 4206 οἰκονομίας
2415 4139 2514 4207 τῆς
2550 4133 2829 4205 βασιλείας
2865 4150 2988 4202 μου,
3037 4131 3113 4194 ὡς
3166 4128 3234 4184 ἂν
3278 4127 3456 4190 οὕτως
3503 4126 3653 4194 ἐνερ-

2068 4235 2248 4297 γεῖται
2272 4229 2381 4283 ἀπὸ
2411 4228 2505 4281 τοῦ
2534 4227 2629 4279 νῦν
2655 4228 2751 4280 καὶ
2786 4225 2880 4279 ἐπὶ
2913 4225 2982 4278 τὰ
3022 4221 3359 4294 ἔμπροσθεν.
3424 4215 3654 4287 Ὀφείλει

2068 4324 2125 4377 δὲ
2174 4320 2497 4394 προκεῖσθαι
2549 4322 2628 4383 εἰς
2664 4319 2722 4372 τὸ
2764 4317 3051 4373 πιττάκιον
3083 4314 3178 4368 τοῦ
3212 4313 3438 4384 ἀμέσως
3488 4325 3655 4380 τιμωο

2071 4417 2255 4486 μένου,
2287 4415 2349 4467 το
2408 4411 2871 4482 καταστρωθήτω,
2916 4410 2991 4481 μὴ
3030 4408 3383 4479 κωλυόμενον
3407 4406 3517 4460 ἀπὸ
3561 4404 3656 4471 τῆς

370 4503 519 4555 nem,
551 4491 652 4565 |et]
701 4504 759 4548 ut
793 4494 899 4549 hoc
929 4496 1094 4551 modo
1124 4497 1383 4568 deinceps
1413 4500 1467 4553 in
1509 4516 1673 4556 omne
1708 4502 1954 4559 futurum

2069 4509 2355 4578 γεγονυίας
2391 4506 2745 4578 προστάξεως
2774 4503 2928 4577 παρὰ
2956 4506 3055 4574 τῆς
3088 4503 3372 4578 βασιλείας
3399 4517 3502 4571 μου
3528 4494 3653 4566 περὶ

369 4593 587 4652 tempus
614 4583 911 4641 ellicaciam
948 4587 1166 4642 habeat.
1200 4587 1372 4645 Debet
1396 4599 1577 4646 autem
1610 4593 1664 4646 in
1694 4593 1815 4665 ejus
1867 4598 1960 4666 qui

368 4677 507 4732 citra
536 4676 810 4753 [causam]
850 4682 1086 4737 mediam
1122 4681 1429 4739 honoratur
1455 4726 1470 4750 ,
1530 4686 1716 4742 tabula
1750 4689 1911 4758 adjici
1943 4707 1958 4746 :

369 4770 716 4828 lnsternitor.
752 4772 956 4846 [Atque
990 4774 1088 4849 ita]
1121 4791 1227 4831 non
1249 4778 1577 4848 impedietur
1595 4796 1692 4850 per
1714 4782 1959 4839 edictum

367 4865 437 4919 ile
490 4866 557 4921 iis
610 4867 704 4937 qui
759 4867 1003 4924 minores
1042 4869 1235 4941 viginti
1271 4870 1433 4926 annis
1464 4872 1845 4943 honorantur,
1888 4876 1960 4932 ab

2068 4605 2178 4656 τῶν
2204 4602 2537 4673 τιμωμένων
2579 4600 2884 4653 ἐλαττόνων
2924 4597 3032 4650 τῶν
3060 4595 3108 4648 κ’
3155 4596 3317 4648 ἐτῶν.
3364 4594 3476 4647 Καὶ
3520 4590 3657 4643 ἔστω

2070 4695 2363 4768 γνώρισμα
2391 4694 2549 4749 τοῦτο
2575 4694 2682 4746 τῶν
2701 4693 2945 4763 ἀμέσως,
2978 4692 3053 4755 ὡς
3069 4692 3307 4763 εἴρηται,
3326 4687 3652 4758 τιμωμένων

2070 4789 2146 4851 ὡς
2181 4789 2239 4841 ὲν
2273 4787 2477 4858 εἰδήσει
2503 4785 2696 4839 τούτου
2728 4784 3027 4855 γινομένης
3072 4782 3171 4851 τῆς
3222 4777 3507 4850 βασιλείας
3552 4792 3649 4846 μου

2070 4879 2151 4950 τῷ
2178 4880 2309 4950 μηνὶ
2338 4876 3004 4949 ἸανουαρίῳῚνδικτιῶνος
3024 4882 3105 4941 ιε’,
3132 4874 3222 4929 διὰ
3245 4872 3338 4926 τοῦ
3368 4871 3650 4943 βασιλέως.

370 4958 727 5026 imperatoria
761 4973 883 5014 mea
923 4959 1211 5030 majestate
1253 4961 1481 5017 factum.
1532 4964 1611 5019 Ac
1662 4983 1792 5022 vero
1835 4978 1959 5024 esto
1993 4970 2099 5025 hoc
2158 4972 2374 5041 signum
2394 4970 2720 5040 eorum,qni
2755 4969 2838 5040 (ut
2898 4968 3105 5024 dictum
3132 4966 3239 5036 est)
3270 4966 3409 5022 citra
3433 4978 3648 5019 causam

366 5051 603 5105 mediam
659 5052 1002 5108 honorantur
1042 5072 1055 5107 :
1095 5066 1358 5125 tanquam
1420 5056 1775 5128 imperatoria
1829 5077 1951 5118 mea
1993 5064 2294 5134 majestas,
2336 5063 2441 5118 hoc
2508 5061 2750 5118 sciverit.
2806 5059 2994 5117 Mense
3036 5057 3301 5115 Januario
3356 5055 3651 5111 indictione

365 5146 579 5212 qu’nta,
606 5159 701 5215 per
731 5145 1140 5215 imperatorem.

437 5238 600 5292 Aliud
640 5240 925 5295 scholium.
949 5242 1070 5297 Alia
1098 5242 1319 5313 quidem
1345 5243 1537 5321 [certe]
1569 5249 1749 5321 legum
1780 5250 1870 5306 hic
1891 5250 1960 5307 de

365 5333 776 5404 episcoporum,
810 5336 1185 5401 sacerdotum,
1210 5338 1593 5408 diaconorum,
1632 5352 1799 5414 atque
1821 5346 1957 5401 Stib-

363 5425 729 5482 diaconorum
758 5429 936 5485 mtatis
959 5429 1119 5484 annis
1142 5445 1490 5499 aspersarum
1525 5433 1770 5508 [capita],
1809 5437 1955 5507 quod

363 5518 553 5572 eadem
578 5527 633 5573 et
657 5521 969 5575 canonibus
1002 5522 1344 5591 placuerunt,
1378 5524 1454 5597 [in
1487 5528 1789 5601 republica]
1823 5530 1959 5584 oliti-

364 5620 496 5665 nent
533 5620 697 5681 atque
729 5625 845 5668 rata
878 5624 1008 5669 sunt
1043 5633 1056 5669 :
1104 5615 1237 5669 illud
1277 5626 1458 5673 autem
1488 5620 1556 5674 de
1592 5631 1752 5675 aetate
1788 5624 1959 5676 lecto-

365 5717 487 5755 rum
526 5718 634 5772 qna
674 5704 744 5759 de
798 5720 965 5761 causa
1016 5723 1125 5759 non
1161 5709 1427 5776 obtineat,
1472 5726 1580 5767 non
1618 5714 1797 5768 video.
1845 5714 1956 5768 Ta-

365 5796 526 5853 metsi
550 5798 697 5855 enim
733 5798 819 5856 lex
852 5801 1024 5871 dicat,
1064 5803 1365 5863 octodecim
1400 5822 1672 5864 annorum
1698 5808 1958 5867 lectorem

2116 5254 2369 5323 ’Ἕτερον
2382 5255 2661 5323 σκόλιον.
2680 5252 2760 5306 Τὰ
2780 5251 2877 5321 μὲν
2889 5251 3025 5306 ἄλλα
3037 5248 3143 5305 τῶν
3163 5244 3650 5318 καταπρωθέντων

2068 5347 2300 5401 ἐνταῦθα
2314 5347 2495 5417 νόμων
2512 5347 2669 5417 χάριν
2690 5346 2798 5399 τῶν
2821 5345 3159 5409 ἐπισκόπων,
3179 5342 3284 5395 τῶν
3299 5340 3513 5411 ίερέων,
3544 5336 3647 5391 τῶν

2064 5442 2351 5507 διακόνων,
2385 5442 2478 5495 καὶ
2507 5441 2616 5493 τῶν
2645 5438 3014 5494 ὑποδιακόνων
3042 5434 3296 5507 περὶτῶν
3328 5433 3535 5505 χρόνων
3555 5428 3647 5496 τῆς

2068 5535 2283 5606 ἡλικίας
2314 5535 2513 5599 αὐτῶν,
2552 5532 2813 5605 κρατοῦσι
2834 5532 2929 5586 καὶ
2956 5529 3290 5600 ἐνεργοῦσιν,
3313 5528 3396 5580 ὅτι
3432 5526 3523 5580 καὶ
3542 5523 3645 5585 τοῖς

2069 5628 2257 5680 κανόσι
2271 5628 2442 5681 ταῦτα
2458 5627 2663 5691 ἔδοξαν.
2687 5625 2758 5679 Τδ
2778 5626 2833 5679 δὲ
2851 5623 3094 5696 περὶτῆς
3115 5621 3331 5695 ήλικίας
3351 5620 3445 5673 τοῦ
3463 5618 3644 5689 χρόνου

2067 5716 2176 5769 τῶν
2197 5717 2561 5787 ἀναγνωστῶν
2585 5717 2734 5780 ὅπως
2761 5716 2863 5769 οὐκ
2896 5716 3133 5785 ἐνεργεῖ,
3164 5711 3346 5781 ἀγνοῶ
3370 5728 3385 5742 ”
3418 5708 3511 5763 τοῦ
3544 5706 3642 5775 γὰρ

2068 5810 2233 5883 νόμου
2255 5810 2505 5881 λέγοντος
2539 5807 2608 5883 ιη’
2633 5809 2841 5881 χρόνων
2861 5805 3098 5877 ὀφείλειν
3134 5802 3270 5863 εἶναι
3299 5804 3393 5859 τὸν
3416 5795 3639 5869 ἀναγνώ-
