  <div class='ocr_page' id='page_1' title='image "/cluster/home/n/w/nwhite01/storage/ocr_20150623/104 pt.4/mdp.39015061931229/516.png"; bbox 0 0 3916 6244; ppageno 0'>
   <div class='ocr_carea' id='block_1_1' title="bbox 272 213 397 278">
    <p class='ocr_par' dir='ltr' id='par_1_1' title="bbox 272 213 397 278">
     <span class='ocr_line' id='line_1_1' title="bbox 272 213 397 278; baseline 0 0"><span class='ocrx_word' id='word_1_1' title='bbox 272 213 397 278; x_wconf 73' lang='grc'>1013</span> 
     </span>
    </p>
   </div>
   <div class='ocr_carea' id='block_1_2' title="bbox 1089 223 2648 311">
    <p class='ocr_par' dir='ltr' id='par_1_2' title="bbox 1089 223 2648 311">
     <span class='ocr_line' id='line_1_2' title="bbox 1089 223 2648 311; baseline 0.012 -28"><span class='ocrx_word' id='word_1_2' title='bbox 1089 223 1575 285; x_wconf 84' lang='lat' dir='ltr'><strong>NOMOCANON.</strong></span> <span class='ocrx_word' id='word_1_3' title='bbox 1616 250 1688 260; x_wconf 87' lang='lat'><strong>-</strong></span> <span class='ocrx_word' id='word_1_4' title='bbox 1722 223 1880 284; x_wconf 89' lang='grc' dir='ltr'>ΤΙΤ..</span> <span class='ocrx_word' id='word_1_5' title='bbox 1914 223 1963 298; x_wconf 89' lang='grc' dir='ltr'><strong>Ι,</strong></span> <span class='ocrx_word' id='word_1_6' title='bbox 2004 226 2165 290; x_wconf 87' lang='lat' dir='ltr'><strong>CAP.</strong></span> <span class='ocrx_word' id='word_1_7' title='bbox 2205 232 2419 311; x_wconf 83' lang='lat' dir='ltr'><strong>XXIX,</strong></span> <span class='ocrx_word' id='word_1_8' title='bbox 2463 240 2648 306; x_wconf 83' lang='lat' dir='ltr'><strong>XXX.</strong></span> 
     </span>
    </p>
   </div>
   <div class='ocr_carea' id='block_1_3' title="bbox 3348 253 3541 319">
    <p class='ocr_par' dir='ltr' id='par_1_3' title="bbox 3348 253 3541 319">
     <span class='ocr_line' id='line_1_3' title="bbox 3348 253 3541 319; baseline -0.01 -2"><span class='ocrx_word' id='word_1_9' title='bbox 3348 295 3353 299; x_wconf 98' lang='lat'><strong><em>-</em></strong></span> <span class='ocrx_word' id='word_1_10' title='bbox 3405 253 3541 319; x_wconf 77' lang='lat'><strong>101“.</strong></span> 
     </span>
    </p>
   </div>
   <div class='ocr_carea' id='block_1_4' title="bbox 273 334 1860 429">
    <p class='ocr_par' dir='ltr' id='par_1_4' title="bbox 273 334 1844 411">
     <span class='ocr_line' id='line_1_4' title="bbox 273 334 1844 411; baseline 0.003 -24"><span class='ocrx_word' id='word_1_11' title='bbox 273 352 415 405; x_wconf 87' lang='grc' dir='ltr'>στην,</span> <span class='ocrx_word' id='word_1_12' title='bbox 464 334 701 405; x_wconf 85' lang='grc' dir='ltr'><strong>σήμερον</strong></span> <span class='ocrx_word' id='word_1_13' title='bbox 736 336 1134 409; x_wconf 79' lang='grc' dir='ltr'>σφραγίζονται</span> <span class='ocrx_word' id='word_1_14' title='bbox 1192 338 1541 409; x_wconf 83' lang='grc' dir='ltr'>ἀναγνῶσται</span> <span class='ocrx_word' id='word_1_15' title='bbox 1590 340 1844 411; x_wconf 76' lang='grc' dir='ltr'>κληρικοὶ</span> 
     </span>
    </p>
   </div>
   <div class='ocr_carea' id='block_1_5' title="bbox 1962 334 3541 429">
    <p class='ocr_par' dir='ltr' id='par_1_5' title="bbox 1962 347 3541 429">
     <span class='ocr_line' id='line_1_5' title="bbox 1962 347 3541 429; baseline 0.02 -32"><span class='ocrx_word' id='word_1_16' title='bbox 1962 359 2074 399; x_wconf 79' lang='lat' dir='ltr'><strong>esse</strong></span> <span class='ocrx_word' id='word_1_17' title='bbox 2104 347 2300 406; x_wconf 84' lang='lat' dir='ltr'><strong>debere</strong></span> <span class='ocrx_word' id='word_1_18' title='bbox 2334 371 2348 406; x_wconf 89' lang='lat'><strong>:</strong></span> <span class='ocrx_word' id='word_1_19' title='bbox 2384 353 2757 427; x_wconf 89' lang='lat' dir='ltr'><strong>insigniuntur</strong></span> <span class='ocrx_word' id='word_1_20' title='bbox 2807 370 2989 420; x_wconf 90' lang='lat' dir='ltr'><strong>tamen</strong></span> <span class='ocrx_word' id='word_1_21' title='bbox 3052 368 3214 425; x_wconf 83' lang='lat' dir='ltr'><strong>hodie</strong></span> <span class='ocrx_word' id='word_1_22' title='bbox 3266 370 3541 429; x_wconf 88' lang='lat' dir='ltr'><strong>lectorum</strong></span> 
     </span>
    </p>
   </div>
   <div class='ocr_carea' id='block_1_6' title="bbox 270 426 1848 502">
    <p class='ocr_par' dir='ltr' id='par_1_6' title="bbox 270 426 1848 502">
     <span class='ocr_line' id='line_1_6' title="bbox 270 426 1848 502; baseline 0.005 -23"><span class='ocrx_word' id='word_1_23' title='bbox 270 426 517 492; x_wconf 79' lang='grc' dir='ltr'><strong>ἑξαετεῖς,</strong></span> <span class='ocrx_word' id='word_1_24' title='bbox 550 426 666 481; x_wconf 78' lang='grc' dir='ltr'>ἐστι</span> <span class='ocrx_word' id='word_1_25' title='bbox 698 428 742 482; x_wconf 80' lang='grc' dir='ltr'>δ’</span> <span class='ocrx_word' id='word_1_26' title='bbox 769 430 858 483; x_wconf 84' lang='grc' dir='ltr'>ὅτε</span> <span class='ocrx_word' id='word_1_27' title='bbox 876 430 972 483; x_wconf 75' lang='grc' dir='ltr'>καὶ</span> <span class='ocrx_word' id='word_1_28' title='bbox 1006 434 1263 501; x_wconf 81' lang='grc' dir='ltr'>τριετεῖς.</span> <span class='ocrx_word' id='word_1_29' title='bbox 1307 432 1608 502; x_wconf 80' lang='grc' dir='ltr'>’Δνάγνωθι</span> <span class='ocrx_word' id='word_1_30' title='bbox 1633 429 1727 487; x_wconf 87' lang='grc' dir='ltr'><strong>οῦν</strong></span> <span class='ocrx_word' id='word_1_31' title='bbox 1756 432 1848 487; x_wconf 78' lang='grc' dir='ltr'><strong>τὸν</strong></span> 
     </span>
    </p>
   </div>
   <div class='ocr_carea' id='block_1_7' title="bbox 274 519 1852 597">
    <p class='ocr_par' dir='ltr' id='par_1_7' title="bbox 274 519 1852 597">
     <span class='ocr_line' id='line_1_7' title="bbox 274 519 1852 597; baseline 0.005 -25"><span class='ocrx_word' id='word_1_32' title='bbox 274 520 331 573; x_wconf 82' lang='grc' dir='ltr'>ιδ’</span> <span class='ocrx_word' id='word_1_33' title='bbox 357 519 449 572; x_wconf 74' lang='grc' dir='ltr'><strong>καὶ</strong></span> <span class='ocrx_word' id='word_1_34' title='bbox 500 526 560 572; x_wconf 80' lang='grc' dir='ltr'>ιε’</span> <span class='ocrx_word' id='word_1_35' title='bbox 614 521 818 575; x_wconf 83' lang='grc' dir='ltr'><strong>κανόνα</strong></span> <span class='ocrx_word' id='word_1_36' title='bbox 846 522 949 591; x_wconf 86' lang='grc' dir='ltr'>τῆς</span> <span class='ocrx_word' id='word_1_37' title='bbox 988 522 1042 588; x_wconf 81' lang='grc' dir='ltr'>ς’</span> <span class='ocrx_word' id='word_1_38' title='bbox 1079 524 1299 579; x_wconf 82' lang='grc' dir='ltr'><strong>συνόδου</strong></span> <span class='ocrx_word' id='word_1_39' title='bbox 1350 525 1670 597; x_wconf 78' lang='grc' dir='ltr'><strong>καθαιρέσει</strong></span> <span class='ocrx_word' id='word_1_40' title='bbox 1713 525 1852 580; x_wconf 88' lang='grc' dir='ltr'>καθ-</span> 
     </span>
    </p>
   </div>
   <div class='ocr_carea' id='block_1_8' title="bbox 272 612 1841 689">
    <p class='ocr_par' dir='ltr' id='par_1_8' title="bbox 272 612 1841 689">
     <span class='ocr_line' id='line_1_8' title="bbox 272 612 1841 689; baseline 0.004 -23"><span class='ocrx_word' id='word_1_41' title='bbox 272 612 631 670; x_wconf 79' lang='grc' dir='ltr'>υποὸάλλοντα</span> <span class='ocrx_word' id='word_1_42' title='bbox 660 617 786 679; x_wconf 82' lang='grc' dir='ltr'>τοὺς</span> <span class='ocrx_word' id='word_1_43' title='bbox 803 618 1247 689; x_wconf 78' lang='grc' dir='ltr'><strong>χειροτονοῦντας</strong></span> <span class='ocrx_word' id='word_1_44' title='bbox 1274 619 1555 684; x_wconf 82' lang='grc' dir='ltr'>διακόνους</span> <span class='ocrx_word' id='word_1_45' title='bbox 1585 619 1682 673; x_wconf 75' lang='grc' dir='ltr'><strong>καὶ</strong></span> <span class='ocrx_word' id='word_1_46' title='bbox 1708 620 1841 673; x_wconf 82' lang='grc' dir='ltr'>ὑπο-</span> 
     </span>
    </p>
   </div>
   <div class='ocr_carea' id='block_1_9' title="bbox 271 707 1845 783">
    <p class='ocr_par' dir='ltr' id='par_1_9' title="bbox 271 707 1845 783">
     <span class='ocr_line' id='line_1_9' title="bbox 271 707 1845 783; baseline 0.004 -24"><span class='ocrx_word' id='word_1_47' title='bbox 271 707 538 772; x_wconf 85' lang='grc' dir='ltr'>διακόνους</span> <span class='ocrx_word' id='word_1_48' title='bbox 565 710 672 778; x_wconf 82' lang='grc' dir='ltr'><strong>πρὸ</strong></span> <span class='ocrx_word' id='word_1_49' title='bbox 704 709 1158 781; x_wconf 84' lang='grc' dir='ltr'>συμπληρώσεως</span> <span class='ocrx_word' id='word_1_50' title='bbox 1185 711 1279 766; x_wconf 88' lang='grc' dir='ltr'><strong>τοῦ</strong></span> <span class='ocrx_word' id='word_1_51' title='bbox 1311 710 1389 765; x_wconf 81' lang='grc' dir='ltr'>κε’</span> <span class='ocrx_word' id='word_1_52' title='bbox 1414 712 1608 783; x_wconf 87' lang='grc' dir='ltr'>χρόνου</span> <span class='ocrx_word' id='word_1_53' title='bbox 1641 712 1845 777; x_wconf 86' lang='grc' dir='ltr'>αὐτῶν,</span> 
     </span>
    </p>
   </div>
   <div class='ocr_carea' id='block_1_10' title="bbox 272 798 1847 877">
    <p class='ocr_par' dir='ltr' id='par_1_10' title="bbox 272 798 1847 877">
     <span class='ocr_line' id='line_1_10' title="bbox 272 798 1847 877; baseline 0.004 -26"><span class='ocrx_word' id='word_1_54' title='bbox 272 798 519 864; x_wconf 80' lang='grc' dir='ltr'>ὡσαύτως</span> <span class='ocrx_word' id='word_1_55' title='bbox 566 802 662 854; x_wconf 74' lang='grc' dir='ltr'><strong>καὶ</strong></span> <span class='ocrx_word' id='word_1_56' title='bbox 698 804 825 865; x_wconf 86' lang='grc' dir='ltr'>τοὺς</span> <span class='ocrx_word' id='word_1_57' title='bbox 874 804 1039 873; x_wconf 83' lang='grc' dir='ltr'>ίερεῖς</span> <span class='ocrx_word' id='word_1_58' title='bbox 1078 804 1185 875; x_wconf 85' lang='grc' dir='ltr'><strong>πρὸ</strong></span> <span class='ocrx_word' id='word_1_59' title='bbox 1209 803 1303 857; x_wconf 92' lang='grc' dir='ltr'><strong>τοῦ</strong></span> <span class='ocrx_word' id='word_1_60' title='bbox 1331 804 1374 856; x_wconf 84' lang='grc' dir='ltr'>λ’</span> <span class='ocrx_word' id='word_1_61' title='bbox 1431 805 1649 877; x_wconf 83' lang='grc' dir='ltr'>χρόνου.</span> <span class='ocrx_word' id='word_1_62' title='bbox 1691 806 1756 858; x_wconf 89' lang='grc' dir='ltr'>Οἱ</span> <span class='ocrx_word' id='word_1_63' title='bbox 1791 804 1847 857; x_wconf 86' lang='grc' dir='ltr'>δὲ</span> 
     </span>
    </p>
   </div>
   <div class='ocr_carea' id='block_1_11' title="bbox 272 891 1846 968">
    <p class='ocr_par' dir='ltr' id='par_1_11' title="bbox 272 891 1846 968">
     <span class='ocr_line' id='line_1_11' title="bbox 272 891 1846 968; baseline 0.004 -24"><span class='ocrx_word' id='word_1_64' title='bbox 272 891 508 960; x_wconf 88' lang='grc' dir='ltr'>λέγοντες</span> <span class='ocrx_word' id='word_1_65' title='bbox 539 894 615 965; x_wconf 85' lang='grc' dir='ltr'>μὴ</span> <span class='ocrx_word' id='word_1_66' title='bbox 652 893 987 962; x_wconf 82' lang='grc' dir='ltr'>βλάπτεσθαι</span> <span class='ocrx_word' id='word_1_67' title='bbox 1034 897 1162 959; x_wconf 80' lang='grc' dir='ltr'>τοὺς</span> <span class='ocrx_word' id='word_1_68' title='bbox 1200 897 1676 968; x_wconf 76' lang='grc' dir='ltr'>σφραγιζομένους</span> <span class='ocrx_word' id='word_1_69' title='bbox 1710 898 1846 951; x_wconf 81' lang='grc' dir='ltr'>ἁνα-</span> 
     </span>
    </p>
   </div>
   <div class='ocr_carea' id='block_1_12' title="bbox 272 984 1846 1061">
    <p class='ocr_par' dir='ltr' id='par_1_12' title="bbox 272 984 1846 1061">
     <span class='ocr_line' id='line_1_12' title="bbox 272 984 1846 1061; baseline 0.004 -24"><span class='ocrx_word' id='word_1_70' title='bbox 272 984 506 1052; x_wconf 87' lang='grc' dir='ltr'>γνώστας</span> <span class='ocrx_word' id='word_1_71' title='bbox 538 987 643 1058; x_wconf 86' lang='grc' dir='ltr'><strong>πρὸ</strong></span> <span class='ocrx_word' id='word_1_72' title='bbox 666 1005 728 1039; x_wconf 94' lang='grc' dir='ltr'><strong>συ</strong></span> <span class='ocrx_word' id='word_1_73' title='bbox 738 987 1117 1059; x_wconf 86' lang='grc' dir='ltr'>μπληρώσεως</span> <span class='ocrx_word' id='word_1_74' title='bbox 1139 989 1233 1042; x_wconf 86' lang='grc' dir='ltr'><strong>τοῦ</strong></span> <span class='ocrx_word' id='word_1_75' title='bbox 1273 989 1341 1061; x_wconf 87' lang='grc' dir='ltr'>ιη’</span> <span class='ocrx_word' id='word_1_76' title='bbox 1364 991 1561 1061; x_wconf 86' lang='grc' dir='ltr'>χρόνου</span> <span class='ocrx_word' id='word_1_77' title='bbox 1598 991 1701 1061; x_wconf 81' lang='grc' dir='ltr'>τῆς</span> <span class='ocrx_word' id='word_1_78' title='bbox 1724 990 1846 1059; x_wconf 83' lang='grc' dir='ltr'>ἡλι-</span> 
     </span>
    </p>
   </div>
   <div class='ocr_carea' id='block_1_13' title="bbox 272 1077 1849 1152">
    <p class='ocr_par' dir='ltr' id='par_1_13' title="bbox 272 1077 1849 1152">
     <span class='ocr_line' id='line_1_13' title="bbox 272 1077 1849 1152; baseline 0.003 -21"><span class='ocrx_word' id='word_1_79' title='bbox 272 1077 386 1140; x_wconf 85' lang='grc' dir='ltr'>κίας</span> <span class='ocrx_word' id='word_1_80' title='bbox 416 1078 598 1131; x_wconf 82' lang='grc' dir='ltr'>αὐτῶν</span> <span class='ocrx_word' id='word_1_81' title='bbox 635 1079 721 1132; x_wconf 86' lang='grc' dir='ltr'>διὰ</span> <span class='ocrx_word' id='word_1_82' title='bbox 743 1079 803 1132; x_wconf 83' lang='grc' dir='ltr'><strong>τὸ</strong></span> <span class='ocrx_word' id='word_1_83' title='bbox 838 1080 913 1151; x_wconf 83' lang='grc' dir='ltr'>μὴ</span> <span class='ocrx_word' id='word_1_84' title='bbox 965 1081 1278 1152; x_wconf 85' lang='grc' dir='ltr'>μεμνῆσθαι</span> <span class='ocrx_word' id='word_1_85' title='bbox 1322 1083 1418 1136; x_wconf 75' lang='grc' dir='ltr'>καὶ</span> <span class='ocrx_word' id='word_1_86' title='bbox 1465 1082 1670 1136; x_wconf 80' lang='grc' dir='ltr'>τούτων</span> <span class='ocrx_word' id='word_1_87' title='bbox 1720 1083 1849 1147; x_wconf 85' lang='grc' dir='ltr'>τοὺς</span> 
     </span>
    </p>
   </div>
   <div class='ocr_carea' id='block_1_14' title="bbox 273 1173 1847 1249">
    <p class='ocr_par' dir='ltr' id='par_1_14' title="bbox 273 1173 1847 1249">
     <span class='ocr_line' id='line_1_14' title="bbox 273 1173 1847 1249; baseline 0.004 -25"><span class='ocrx_word' id='word_1_88' title='bbox 273 1173 495 1236; x_wconf 79' lang='grc' dir='ltr'>κανόνας</span> <span class='ocrx_word' id='word_1_89' title='bbox 548 1174 737 1236; x_wconf 77' lang='grc' dir='ltr'>κακῶς</span> <span class='ocrx_word' id='word_1_90' title='bbox 778 1174 1052 1244; x_wconf 89' lang='grc' dir='ltr'>λέγουσιν.</span> <span class='ocrx_word' id='word_1_91' title='bbox 1095 1175 1265 1229; x_wconf 83' lang='grc' dir='ltr'>Ἔνθα</span> <span class='ocrx_word' id='word_1_92' title='bbox 1307 1176 1407 1245; x_wconf 83' lang='grc' dir='ltr'>μὲν</span> <span class='ocrx_word' id='word_1_93' title='bbox 1451 1178 1560 1249; x_wconf 86' lang='grc' dir='ltr'>γὰρ</span> <span class='ocrx_word' id='word_1_94' title='bbox 1611 1178 1766 1232; x_wconf 87' lang='grc' dir='ltr'>οὐδέν</span> <span class='ocrx_word' id='word_1_95' title='bbox 1794 1195 1847 1231; x_wconf 83' lang='grc' dir='ltr'><strong>τι</strong></span> 
     </span>
    </p>
   </div>
   <div class='ocr_carea' id='block_1_15' title="bbox 270 1266 1848 1340">
    <p class='ocr_par' dir='ltr' id='par_1_15' title="bbox 270 1266 1848 1340">
     <span class='ocr_line' id='line_1_15' title="bbox 270 1266 1848 1340; baseline 0.004 -23"><span class='ocrx_word' id='word_1_96' title='bbox 270 1266 315 1317; x_wconf 79' lang='lat' dir='ltr'><strong>oi</strong></span> <span class='ocrx_word' id='word_1_97' title='bbox 342 1266 563 1331; x_wconf 82' lang='grc' dir='ltr'>κανόνες</span> <span class='ocrx_word' id='word_1_98' title='bbox 584 1266 936 1336; x_wconf 79' lang='grc' dir='ltr'>διορίζονται,</span> <span class='ocrx_word' id='word_1_99' title='bbox 960 1268 1254 1337; x_wconf 84' lang='grc' dir='ltr'>ὀφείλομεν</span> <span class='ocrx_word' id='word_1_100' title='bbox 1277 1271 1392 1333; x_wconf 81' lang='grc' dir='ltr'>τοῖς</span> <span class='ocrx_word' id='word_1_101' title='bbox 1415 1269 1601 1340; x_wconf 88' lang='grc' dir='ltr'>νόμοις</span> <span class='ocrx_word' id='word_1_102' title='bbox 1624 1270 1848 1325; x_wconf 84' lang='grc' dir='ltr'>ἀκολου-</span> 
     </span>
    </p>
   </div>
   <div class='ocr_carea' id='block_1_16' title="bbox 271 1357 1497 1432">
    <p class='ocr_par' dir='ltr' id='par_1_16' title="bbox 271 1357 1497 1432">
     <span class='ocr_line' id='line_1_16' title="bbox 271 1357 1497 1432; baseline 0.003 -21"><span class='ocrx_word' id='word_1_103' title='bbox 271 1357 394 1421; x_wconf 82' lang='grc' dir='ltr'>θεῖν,</span> <span class='ocrx_word' id='word_1_104' title='bbox 430 1357 464 1429; x_wconf 79' lang='grc' dir='ltr'>ἢ</span> <span class='ocrx_word' id='word_1_105' title='bbox 498 1360 566 1412; x_wconf 85' lang='grc' dir='ltr'>ὲκ</span> <span class='ocrx_word' id='word_1_106' title='bbox 598 1359 707 1413; x_wconf 85' lang='grc' dir='ltr'>τῶν</span> <span class='ocrx_word' id='word_1_107' title='bbox 740 1360 945 1430; x_wconf 84' lang='grc' dir='ltr'>ὁμοίων</span> <span class='ocrx_word' id='word_1_108' title='bbox 974 1360 1194 1432; x_wconf 81' lang='grc' dir='ltr'>τέμνειν</span> <span class='ocrx_word' id='word_1_109' title='bbox 1217 1360 1288 1415; x_wconf 84' lang='grc' dir='ltr'>τὰ</span> <span class='ocrx_word' id='word_1_110' title='bbox 1314 1361 1497 1431; x_wconf 84' lang='grc' dir='ltr'>ὃμοια.</span> 
     </span>
    </p>
   </div>
   <div class='ocr_carea' id='block_1_17' title="bbox 330 1562 1844 1633">
    <p class='ocr_par' dir='ltr' id='par_1_17' title="bbox 330 1562 1844 1633">
     <span class='ocr_line' id='line_1_17' title="bbox 330 1562 1844 1633; baseline 0.002 -19"><span class='ocrx_word' id='word_1_111' title='bbox 330 1562 579 1615; x_wconf 79' lang='grc' dir='ltr'><strong>ΚΕΦΔΛ.</strong></span> <span class='ocrx_word' id='word_1_112' title='bbox 611 1562 740 1617; x_wconf 75' lang='lat' dir='ltr'><strong>KG’.</strong></span> <span class='ocrx_word' id='word_1_113' title='bbox 759 1590 830 1601; x_wconf 89' lang='lat'><strong><em>—</em></strong></span> <span class='ocrx_word' id='word_1_114' title='bbox 847 1562 987 1631; x_wconf 79' lang='grc' dir='ltr'>Περὶ</span> <span class='ocrx_word' id='word_1_115' title='bbox 1022 1562 1324 1632; x_wconf 81' lang='grc' dir='ltr'>ποιήσεως</span> <span class='ocrx_word' id='word_1_116' title='bbox 1348 1566 1844 1633; x_wconf 81' lang='grc' dir='ltr'>χωρεπισκόπων,</span> 
     </span>
    </p>
   </div>
   <div class='ocr_carea' id='block_1_18' title="bbox 1952 436 3537 524">
    <p class='ocr_par' dir='ltr' id='par_1_18' title="bbox 1952 436 3537 524">
     <span class='ocr_line' id='line_1_18' title="bbox 1952 436 3537 524; baseline 0.019 -35"><span class='ocrx_word' id='word_1_117' title='bbox 1952 436 2275 495; x_wconf 89' lang='lat' dir='ltr'><strong>clericorum</strong></span> <span class='ocrx_word' id='word_1_118' title='bbox 2309 442 2543 521; x_wconf 92' lang='lat' dir='ltr'><strong>[titulo],</strong></span> <span class='ocrx_word' id='word_1_119' title='bbox 2580 452 2674 521; x_wconf 90' lang='lat' dir='ltr'><strong>qui</strong></span> <span class='ocrx_word' id='word_1_120' title='bbox 2706 468 2800 508; x_wconf 73' lang='lat' dir='ltr'><strong>sex</strong></span> <span class='ocrx_word' id='word_1_121' title='bbox 2830 469 3126 524; x_wconf 91' lang='lat' dir='ltr'><strong>annorum,</strong></span> <span class='ocrx_word' id='word_1_122' title='bbox 3162 468 3217 515; x_wconf 89' lang='lat' dir='ltr'><strong>et</strong></span> <span class='ocrx_word' id='word_1_123' title='bbox 3261 461 3537 519; x_wconf 74' lang='lat' dir='ltr'><strong>interdum</strong></span> 
     </span>
    </p>
   </div>
   <div class='ocr_carea' id='block_1_19' title="bbox 1951 528 3542 624">
    <p class='ocr_par' dir='ltr' id='par_1_19' title="bbox 1951 528 3542 624">
     <span class='ocr_line' id='line_1_19' title="bbox 1951 528 3542 624; baseline 0.019 -42"><span class='ocrx_word' id='word_1_124' title='bbox 1951 528 2116 624; x_wconf 81' lang='lat' dir='ltr'><strong>etiam</strong></span> <span class='ocrx_word' id='word_1_125' title='bbox 2145 533 2308 589; x_wconf 86' lang='lat' dir='ltr'><strong>trium</strong></span> <span class='ocrx_word' id='word_1_126' title='bbox 2340 536 2768 619; x_wconf 85' lang='lat' dir='ltr'><strong>[tantummodo]</strong></span> <span class='ocrx_word' id='word_1_127' title='bbox 2809 557 2958 603; x_wconf 88' lang='lat' dir='ltr'><strong>sunt.</strong></span> <span class='ocrx_word' id='word_1_128' title='bbox 3010 550 3152 622; x_wconf 85' lang='lat' dir='ltr'><strong>Lege</strong></span> <span class='ocrx_word' id='word_1_129' title='bbox 3178 553 3345 624; x_wconf 82' lang='lat' dir='ltr'><strong>igitur</strong></span> <span class='ocrx_word' id='word_1_130' title='bbox 3380 556 3449 611; x_wconf 81' lang='grc'>14</span> <span class='ocrx_word' id='word_1_131' title='bbox 3487 566 3542 613; x_wconf 90' lang='lat' dir='ltr'><strong>et</strong></span> 
     </span>
    </p>
   </div>
   <div class='ocr_carea' id='block_1_20' title="bbox 1953 621 3541 717">
    <p class='ocr_par' dir='ltr' id='par_1_20' title="bbox 1953 621 3541 717">
     <span class='ocr_line' id='line_1_20' title="bbox 1953 621 3541 717; baseline 0.019 -42"><span class='ocrx_word' id='word_1_132' title='bbox 1953 621 2021 675; x_wconf 84' lang='grc'>15</span> <span class='ocrx_word' id='word_1_133' title='bbox 2042 637 2284 681; x_wconf 84' lang='lat' dir='ltr'><strong>canones</strong></span> <span class='ocrx_word' id='word_1_134' title='bbox 2337 632 2558 687; x_wconf 90' lang='lat' dir='ltr'><strong>concilii</strong></span> <span class='ocrx_word' id='word_1_135' title='bbox 2593 638 2755 703; x_wconf 81' lang='lat' dir='ltr'><strong>sexti,</strong></span> <span class='ocrx_word' id='word_1_136' title='bbox 2784 640 2879 708; x_wconf 94' lang='lat' dir='ltr'><strong>qui</strong></span> <span class='ocrx_word' id='word_1_137' title='bbox 2907 621 3541 717; x_wconf 31' lang='lat' dir='ltr'><strong>remotionivsubjiciunt</strong></span> 
     </span>
    </p>
   </div>
   <div class='ocr_carea' id='block_1_21' title="bbox 1949 717 3552 798">
    <p class='ocr_par' dir='ltr' id='par_1_21' title="bbox 1949 717 3552 798">
     <span class='ocr_line' id='line_1_21' title="bbox 1949 717 3552 798; baseline 0.019 -32"><span class='ocrx_word' id='word_1_138' title='bbox 1949 728 2065 781; x_wconf 91' lang='lat' dir='ltr'><strong>eos,</strong></span> <span class='ocrx_word' id='word_1_139' title='bbox 2100 717 2205 784; x_wconf 85' lang='lat' dir='ltr'><strong>qui</strong></span> <span class='ocrx_word' id='word_1_140' title='bbox 2233 718 2499 779; x_wconf 85' lang='lat' dir='ltr'><strong>diaconos</strong></span> <span class='ocrx_word' id='word_1_141' title='bbox 2532 735 2626 782; x_wconf 90' lang='lat' dir='ltr'><strong>aut</strong></span> <span class='ocrx_word' id='word_1_142' title='bbox 2678 730 3051 790; x_wconf 90' lang='lat' dir='ltr'><strong>subdiaconos</strong></span> <span class='ocrx_word' id='word_1_143' title='bbox 3098 737 3358 793; x_wconf 86' lang='lat' dir='ltr'><strong>ordinant</strong></span> <span class='ocrx_word' id='word_1_144' title='bbox 3413 750 3552 798; x_wconf 82' lang='lat' dir='ltr'><strong>ante</strong></span> 
     </span>
    </p>
   </div>
   <div class='ocr_carea' id='block_1_22' title="bbox 1950 808 3541 903">
    <p class='ocr_par' dir='ltr' id='par_1_22' title="bbox 1950 808 3541 903">
     <span class='ocr_line' id='line_1_22' title="bbox 1950 808 3541 903; baseline 0.017 -40"><span class='ocrx_word' id='word_1_145' title='bbox 1950 808 2279 877; x_wconf 86' lang='lat' dir='ltr'><strong>completum</strong></span> <span class='ocrx_word' id='word_1_146' title='bbox 2312 815 2637 885; x_wconf 81' lang='lat' dir='ltr'><strong>vigesimum</strong></span> <span class='ocrx_word' id='word_1_147' title='bbox 2667 823 2921 892; x_wconf 89' lang='lat' dir='ltr'><strong>quintum</strong></span> <span class='ocrx_word' id='word_1_148' title='bbox 2982 826 3240 903; x_wconf 76' lang='lat' dir='ltr'><strong>[:etatis]</strong></span> <span class='ocrx_word' id='word_1_149' title='bbox 3294 834 3541 902; x_wconf 88' lang='lat' dir='ltr'><strong>ipsorum</strong></span> 
     </span>
    </p>
   </div>
   <div class='ocr_carea' id='block_1_23' title="bbox 1950 913 3539 992">
    <p class='ocr_par' dir='ltr' id='par_1_23' title="bbox 1950 913 3539 992">
     <span class='ocr_line' id='line_1_23' title="bbox 1950 913 3539 992; baseline 0.018 -37"><span class='ocrx_word' id='word_1_150' title='bbox 1950 916 2156 959; x_wconf 91' lang='lat' dir='ltr'><strong>annum</strong></span> <span class='ocrx_word' id='word_1_151' title='bbox 2196 917 2338 963; x_wconf 87' lang='lat' dir='ltr'><strong>:aut</strong></span> <span class='ocrx_word' id='word_1_152' title='bbox 2378 913 2694 972; x_wconf 89' lang='lat' dir='ltr'><strong>sacerdotes</strong></span> <span class='ocrx_word' id='word_1_153' title='bbox 2738 929 2866 975; x_wconf 87' lang='lat' dir='ltr'><strong>ante</strong></span> <span class='ocrx_word' id='word_1_154' title='bbox 2922 921 3265 992; x_wconf 83' lang='lat' dir='ltr'><strong>trigesimum</strong></span> <span class='ocrx_word' id='word_1_155' title='bbox 3309 942 3539 983; x_wconf 90' lang='lat' dir='ltr'><strong>annum.</strong></span> 
     </span>
    </p>
   </div>
   <div class='ocr_carea' id='block_1_24' title="bbox 1950 993 3543 1077">
    <p class='ocr_par' dir='ltr' id='par_1_24' title="bbox 1950 993 3543 1077">
     <span class='ocr_line' id='line_1_24' title="bbox 1950 993 3543 1077; baseline 0.019 -30"><span class='ocrx_word' id='word_1_156' title='bbox 1950 993 2055 1061; x_wconf 85' lang='lat' dir='ltr'><strong>Qui</strong></span> <span class='ocrx_word' id='word_1_157' title='bbox 2091 1012 2220 1053; x_wconf 88' lang='lat' dir='ltr'><strong>vero</strong></span> <span class='ocrx_word' id='word_1_158' title='bbox 2250 999 2443 1057; x_wconf 85' lang='lat' dir='ltr'><strong>dicunt</strong></span> <span class='ocrx_word' id='word_1_159' title='bbox 2472 1020 2579 1060; x_wconf 88' lang='lat' dir='ltr'><strong>non</strong></span> <span class='ocrx_word' id='word_1_160' title='bbox 2620 1012 2862 1077; x_wconf 90' lang='lat' dir='ltr'><strong>peccari,</strong></span> <span class='ocrx_word' id='word_1_161' title='bbox 2884 1012 2927 1067; x_wconf 90' lang='lat' dir='ltr'><strong>si</strong></span> <span class='ocrx_word' id='word_1_162' title='bbox 2963 1014 3196 1072; x_wconf 90' lang='lat' dir='ltr'><strong>lectores</strong></span> <span class='ocrx_word' id='word_1_163' title='bbox 3241 1027 3368 1075; x_wconf 86' lang='lat' dir='ltr'><strong>ante</strong></span> <span class='ocrx_word' id='word_1_164' title='bbox 3390 1035 3543 1075; x_wconf 91' lang='lat' dir='ltr'><strong>com-</strong></span> 
     </span>
    </p>
   </div>
   <div class='ocr_carea' id='block_1_25' title="bbox 1948 1087 3547 1168">
    <p class='ocr_par' dir='ltr' id='par_1_25' title="bbox 1948 1087 3547 1168">
     <span class='ocr_line' id='line_1_25' title="bbox 1948 1087 3547 1168; baseline 0.018 -29"><span class='ocrx_word' id='word_1_165' title='bbox 1948 1087 2153 1156; x_wconf 85' lang='lat' dir='ltr'><strong>pletum</strong></span> <span class='ocrx_word' id='word_1_166' title='bbox 2185 1090 2692 1164; x_wconf 82' lang='lat' dir='ltr'><strong>duodevigesimum</strong></span> <span class='ocrx_word' id='word_1_167' title='bbox 2728 1104 2904 1158; x_wconf 62' lang='lat' dir='ltr'><strong>atatis</strong></span> <span class='ocrx_word' id='word_1_168' title='bbox 2963 1121 3077 1161; x_wconf 64' lang='lat' dir='ltr'><strong>sua:</strong></span> <span class='ocrx_word' id='word_1_169' title='bbox 3142 1124 3347 1165; x_wconf 91' lang='lat' dir='ltr'><strong>annum</strong></span> <span class='ocrx_word' id='word_1_170' title='bbox 3404 1112 3547 1168; x_wconf 82' lang='lat' dir='ltr'><strong>insi—</strong></span> 
     </span>
    </p>
   </div>
   <div class='ocr_carea' id='block_1_26' title="bbox 1949 1181 3544 1259">
    <p class='ocr_par' dir='ltr' id='par_1_26' title="bbox 1949 1181 3544 1259">
     <span class='ocr_line' id='line_1_26' title="bbox 1949 1181 3544 1259; baseline 0.016 -26"><span class='ocrx_word' id='word_1_171' title='bbox 1949 1181 2231 1251; x_wconf 88' lang='lat' dir='ltr'><strong>gniantur,</strong></span> <span class='ocrx_word' id='word_1_172' title='bbox 2269 1186 2415 1254; x_wconf 88' lang='lat' dir='ltr'><strong>quod</strong></span> <span class='ocrx_word' id='word_1_173' title='bbox 2457 1187 2702 1257; x_wconf 89' lang='lat' dir='ltr'><strong>ipsorum</strong></span> <span class='ocrx_word' id='word_1_174' title='bbox 2741 1183 2985 1251; x_wconf 83' lang='lat' dir='ltr'><strong>canones</strong></span> <span class='ocrx_word' id='word_1_175' title='bbox 3041 1200 3375 1257; x_wconf 88' lang='lat' dir='ltr'><strong>mentionem</strong></span> <span class='ocrx_word' id='word_1_176' title='bbox 3434 1219 3544 1259; x_wconf 88' lang='lat' dir='ltr'><strong>non</strong></span> 
     </span>
    </p>
   </div>
   <div class='ocr_carea' id='block_1_27' title="bbox 1951 1273 3545 1351">
    <p class='ocr_par' dir='ltr' id='par_1_27' title="bbox 1951 1273 3545 1351">
     <span class='ocr_line' id='line_1_27' title="bbox 1951 1273 3545 1351; baseline 0.013 -22"><span class='ocrx_word' id='word_1_177' title='bbox 1951 1273 2175 1343; x_wconf 85' lang='lat' dir='ltr'><strong>faciant,</strong></span> <span class='ocrx_word' id='word_1_178' title='bbox 2202 1280 2345 1336; x_wconf 87' lang='lat' dir='ltr'><strong>male</strong></span> <span class='ocrx_word' id='word_1_179' title='bbox 2376 1280 2586 1336; x_wconf 89' lang='lat' dir='ltr'><strong>dicunt.</strong></span> <span class='ocrx_word' id='word_1_180' title='bbox 2621 1282 2725 1338; x_wconf 88' lang='lat' dir='ltr'><strong>Ubi</strong></span> <span class='ocrx_word' id='word_1_181' title='bbox 2751 1287 2897 1341; x_wconf 90' lang='lat' dir='ltr'><strong>enim</strong></span> <span class='ocrx_word' id='word_1_182' title='bbox 2930 1304 3177 1347; x_wconf 79' lang='lat' dir='ltr'><strong>canones</strong></span> <span class='ocrx_word' id='word_1_183' title='bbox 3200 1293 3338 1348; x_wconf 86' lang='lat' dir='ltr'><strong>nihil</strong></span> <span class='ocrx_word' id='word_1_184' title='bbox 3361 1295 3545 1351; x_wconf 88' lang='lat' dir='ltr'><strong>deter-</strong></span> 
     </span>
    </p>
   </div>
   <div class='ocr_carea' id='block_1_28' title="bbox 1952 1370 3540 1449">
    <p class='ocr_par' dir='ltr' id='par_1_28' title="bbox 1952 1370 3540 1449">
     <span class='ocr_line' id='line_1_28' title="bbox 1952 1370 3540 1449; baseline 0.013 -26"><span class='ocrx_word' id='word_1_185' title='bbox 1952 1370 2187 1437; x_wconf 88' lang='lat' dir='ltr'><strong>minant,</strong></span> <span class='ocrx_word' id='word_1_186' title='bbox 2229 1374 2386 1440; x_wconf 85' lang='lat' dir='ltr'><strong>sequi</strong></span> <span class='ocrx_word' id='word_1_187' title='bbox 2419 1375 2685 1431; x_wconf 85' lang='lat' dir='ltr'><strong>debemus</strong></span> <span class='ocrx_word' id='word_1_188' title='bbox 2720 1378 2889 1449; x_wconf 81' lang='lat' dir='ltr'><strong>leges,</strong></span> <span class='ocrx_word' id='word_1_189' title='bbox 2918 1391 2971 1437; x_wconf 91' lang='lat' dir='ltr'><strong>et</strong></span> <span class='ocrx_word' id='word_1_190' title='bbox 2996 1382 3199 1439; x_wconf 87' lang='lat' dir='ltr'><strong>similia</strong></span> <span class='ocrx_word' id='word_1_191' title='bbox 3233 1400 3299 1440; x_wconf 82' lang='lat' dir='ltr'><strong>ex</strong></span> <span class='ocrx_word' id='word_1_192' title='bbox 3340 1387 3540 1443; x_wconf 88' lang='lat' dir='ltr'><strong>simili-</strong></span> 
     </span>
    </p>
   </div>
   <div class='ocr_carea' id='block_1_29' title="bbox 1950 1460 2365 1519">
    <p class='ocr_par' dir='ltr' id='par_1_29' title="bbox 1950 1460 2365 1519">
     <span class='ocr_line' id='line_1_29' title="bbox 1950 1460 2365 1519; baseline 0.012 -5"><span class='ocrx_word' id='word_1_193' title='bbox 1950 1460 2057 1515; x_wconf 92' lang='lat' dir='ltr'><strong>bus</strong></span> <span class='ocrx_word' id='word_1_194' title='bbox 2092 1464 2365 1519; x_wconf 89' lang='lat' dir='ltr'><strong>dedicere.</strong></span> 
     </span>
    </p>
   </div>
   <div class='ocr_carea' id='block_1_30' title="bbox 2019 1573 3543 1665">
    <p class='ocr_par' dir='ltr' id='par_1_30' title="bbox 2019 1573 3543 1665">
     <span class='ocr_line' id='line_1_30' title="bbox 2019 1573 3543 1665; baseline 0.012 -36"><span class='ocrx_word' id='word_1_195' title='bbox 2019 1573 2172 1630; x_wconf 83' lang='lat' dir='ltr'><strong>CAP.</strong></span> <span class='ocrx_word' id='word_1_196' title='bbox 2227 1576 2421 1631; x_wconf 76' lang='lat' dir='ltr'><strong>XXIX.</strong></span> <span class='ocrx_word' id='word_1_197' title='bbox 2476 1610 2546 1619; x_wconf 93' lang='lat'><strong>-—</strong></span> <span class='ocrx_word' id='word_1_198' title='bbox 2612 1581 2685 1637; x_wconf 91' lang='lat' dir='ltr'><strong>De</strong></span> <span class='ocrx_word' id='word_1_199' title='bbox 2786 1587 3054 1642; x_wconf 76' lang='lat' dir='ltr'><strong>creatione</strong></span> <span class='ocrx_word' id='word_1_200' title='bbox 3134 1590 3543 1665; x_wconf 76' lang='lat' dir='ltr'><strong>episcoporum,</strong></span> 
     </span>
    </p>
   </div>
   <div class='ocr_carea' id='block_1_31' title="bbox 264 1653 1860 1761">
    <p class='ocr_par' dir='ltr' id='par_1_31' title="bbox 264 1653 1841 1726">
     <span class='ocr_line' id='line_1_31' title="bbox 264 1653 1841 1726; baseline 0 -17"><span class='ocrx_word' id='word_1_201' title='bbox 264 1654 358 1709; x_wconf 81' lang='grc' dir='ltr'><strong>καί</strong></span> <span class='ocrx_word' id='word_1_202' title='bbox 381 1657 548 1721; x_wconf 82' lang='grc' dir='ltr'>πότε,</span> <span class='ocrx_word' id='word_1_203' title='bbox 581 1654 679 1708; x_wconf 77' lang='grc' dir='ltr'><strong>καί</strong></span> <span class='ocrx_word' id='word_1_204' title='bbox 711 1653 839 1721; x_wconf 78' lang='grc' dir='ltr'>πῶς</span> <span class='ocrx_word' id='word_1_205' title='bbox 874 1655 1333 1725; x_wconf 55' lang='grc' dir='ltr'>προσφέρουσιν</span> <span class='ocrx_word' id='word_1_206' title='bbox 1370 1655 1408 1723; x_wconf 81' lang='grc' dir='ltr'>ἢ</span> <span class='ocrx_word' id='word_1_207' title='bbox 1426 1655 1841 1726; x_wconf 84' lang='grc' dir='ltr'>μεταδιδόασι,</span> 
     </span>
    </p>
   </div>
   <div class='ocr_carea' id='block_1_32' title="bbox 1962 1653 3551 1761">
    <p class='ocr_par' dir='ltr' id='par_1_32' title="bbox 1962 1653 3551 1754">
     <span class='ocr_line' id='line_1_32' title="bbox 1962 1653 3551 1754; baseline 0.013 -35"><span class='ocrx_word' id='word_1_208' title='bbox 1962 1666 2037 1736; x_wconf 70' lang='grc' dir='ltr'>μιὶ</span> <span class='ocrx_word' id='word_1_209' title='bbox 2076 1668 2335 1737; x_wconf 78' lang='lat' dir='ltr'><strong>episcopis</strong></span> <span class='ocrx_word' id='word_1_210' title='bbox 2364 1670 2622 1739; x_wconf 79' lang='lat' dir='ltr'><strong>subsunt,</strong></span> <span class='ocrx_word' id='word_1_211' title='bbox 2662 1684 2710 1728; x_wconf 88' lang='lat' dir='ltr'><strong>et</strong></span> <span class='ocrx_word' id='word_1_212' title='bbox 2748 1678 2986 1743; x_wconf 74' lang='lat' dir='ltr'><strong>quando,</strong></span> <span class='ocrx_word' id='word_1_213' title='bbox 3029 1688 3079 1733; x_wconf 87' lang='lat' dir='ltr'><strong>et</strong></span> <span class='ocrx_word' id='word_1_214' title='bbox 3122 1653 3384 1751; x_wconf 63' lang='lat' dir='ltr'><strong>quomodo</strong></span> <span class='ocrx_word' id='word_1_215' title='bbox 3416 1653 3551 1754; x_wconf 49' lang='lat' dir='ltr'><strong>oﬂ&#39;e;</strong></span> 
     </span>
    </p>
   </div>
   <div class='ocr_carea' id='block_1_33' title="bbox 263 1748 1232 1817">
    <p class='ocr_par' dir='ltr' id='par_1_33' title="bbox 263 1748 1232 1817">
     <span class='ocr_line' id='line_1_33' title="bbox 263 1748 1232 1817; baseline 0.003 -17"><span class='ocrx_word' id='word_1_216' title='bbox 263 1748 353 1803; x_wconf 78' lang='grc' dir='ltr'>καὶ</span> <span class='ocrx_word' id='word_1_217' title='bbox 382 1748 553 1813; x_wconf 83' lang='grc' dir='ltr'>τίνας</span> <span class='ocrx_word' id='word_1_218' title='bbox 578 1748 1031 1816; x_wconf 78' lang='grc' dir='ltr'>χειροτονοῦσιν</span> <span class='ocrx_word' id='word_1_219' title='bbox 1062 1748 1100 1817; x_wconf 75' lang='grc' dir='ltr'>ἢ</span> <span class='ocrx_word' id='word_1_220' title='bbox 1137 1749 1232 1803; x_wconf 83' lang='grc' dir='ltr'>οὔ.</span> 
     </span>
    </p>
   </div>
   <div class='ocr_carea' id='block_1_34' title="bbox 326 1839 1837 1910">
    <p class='ocr_par' dir='ltr' id='par_1_34' title="bbox 326 1839 1837 1910">
     <span class='ocr_line' id='line_1_34' title="bbox 326 1839 1837 1910; baseline 0.003 -19"><span class='ocrx_word' id='word_1_221' title='bbox 326 1839 549 1892; x_wconf 89' lang='grc' dir='ltr'>Συνόδου</span> <span class='ocrx_word' id='word_1_222' title='bbox 592 1839 866 1910; x_wconf 81' lang='grc' dir='ltr'>Ἀγκύρας</span> <span class='ocrx_word' id='word_1_223' title='bbox 901 1841 1087 1893; x_wconf 86' lang='grc' dir='ltr'>κανὼν</span> <span class='ocrx_word' id='word_1_224' title='bbox 1130 1840 1197 1910; x_wconf 88' lang='grc' dir='ltr'>ιγ’</span> <span class='ocrx_word' id='word_1_225' title='bbox 1224 1857 1238 1871; x_wconf 66' lang='grc' dir='ltr'><strong>θ</strong></span> <span class='ocrx_word' id='word_1_226' title='bbox 1281 1841 1498 1896; x_wconf 85' lang='grc' dir='ltr'>συνόδου</span> <span class='ocrx_word' id='word_1_227' title='bbox 1528 1842 1837 1897; x_wconf 86' lang='grc' dir='ltr'>Νεοκαισα-</span> 
     </span>
    </p>
   </div>
   <div class='ocr_carea' id='block_1_35' title="bbox 263 1932 1843 2005">
    <p class='ocr_par' dir='ltr' id='par_1_35' title="bbox 263 1932 1843 2005">
     <span class='ocr_line' id='line_1_35' title="bbox 263 1932 1843 2005; baseline 0.003 -20"><span class='ocrx_word' id='word_1_228' title='bbox 263 1932 402 2001; x_wconf 85' lang='grc' dir='ltr'>ρείας</span> <span class='ocrx_word' id='word_1_229' title='bbox 419 1933 711 2002; x_wconf 55' lang='grc' dir='ltr'>κανὼντιγθ</span> <span class='ocrx_word' id='word_1_230' title='bbox 730 1951 743 1964; x_wconf 92' lang='grc'>·</span> <span class='ocrx_word' id='word_1_231' title='bbox 779 1935 997 1988; x_wconf 85' lang='grc' dir='ltr'>συνόδου</span> <span class='ocrx_word' id='word_1_232' title='bbox 1022 1936 1353 2005; x_wconf 81' lang='grc' dir='ltr'>Ἀντιοχείας</span> <span class='ocrx_word' id='word_1_233' title='bbox 1375 1935 1557 1991; x_wconf 87' lang='grc' dir='ltr'>κανὼν</span> <span class='ocrx_word' id='word_1_234' title='bbox 1586 1943 1615 1991; x_wconf 82' lang='grc' dir='ltr'>ι’</span> <span class='ocrx_word' id='word_1_235' title='bbox 1636 1954 1649 1968; x_wconf 87' lang='grc'><strong>·</strong></span> <span class='ocrx_word' id='word_1_236' title='bbox 1678 1938 1843 1992; x_wconf 86' lang='grc' dir='ltr'>Βασι-</span> 
     </span>
    </p>
   </div>
   <div class='ocr_carea' id='block_1_36' title="bbox 260 2022 1767 2101">
    <p class='ocr_par' dir='ltr' id='par_1_36' title="bbox 260 2022 1767 2101">
     <span class='ocr_line' id='line_1_36' title="bbox 260 2022 1767 2101; baseline 0.005 -24"><span class='ocrx_word' id='word_1_237' title='bbox 260 2022 391 2078; x_wconf 83' lang='grc' dir='ltr'>λείου</span> <span class='ocrx_word' id='word_1_238' title='bbox 419 2026 483 2078; x_wconf 88' lang='grc' dir='ltr'>ὲκ</span> <span class='ocrx_word' id='word_1_239' title='bbox 513 2025 619 2096; x_wconf 83' lang='grc' dir='ltr'><strong>τῆς</strong></span> <span class='ocrx_word' id='word_1_240' title='bbox 649 2026 785 2097; x_wconf 79' lang='grc' dir='ltr'>πρὸς</span> <span class='ocrx_word' id='word_1_241' title='bbox 813 2027 941 2091; x_wconf 83' lang='grc' dir='ltr'>τοὺς</span> <span class='ocrx_word' id='word_1_242' title='bbox 974 2030 1426 2100; x_wconf 83' lang='grc' dir='ltr'>χωρεπισκόπους</span> <span class='ocrx_word' id='word_1_243' title='bbox 1455 2029 1767 2101; x_wconf 81' lang='grc' dir='ltr'>ἐπιστολῆς.</span> 
     </span>
    </p>
   </div>
   <div class='ocr_carea' id='block_1_37' title="bbox 320 2227 1842 2303">
    <p class='ocr_par' dir='ltr' id='par_1_37' title="bbox 320 2227 1842 2303">
     <span class='ocr_line' id='line_1_37' title="bbox 320 2227 1842 2303; baseline 0.005 -22"><span class='ocrx_word' id='word_1_244' title='bbox 320 2227 573 2283; x_wconf 75' lang='grc' dir='ltr'><strong>ΚΕΦᾹΛ.</strong></span> <span class='ocrx_word' id='word_1_245' title='bbox 633 2231 712 2284; x_wconf 87' lang='lat' dir='ltr'><strong>A&#39;.</strong></span> <span class='ocrx_word' id='word_1_246' title='bbox 742 2261 813 2270; x_wconf 71' lang='grc' dir='ltr'><strong>-ο</strong></span> <span class='ocrx_word' id='word_1_247' title='bbox 838 2231 989 2300; x_wconf 76' lang='grc' dir='ltr'>Περὶ·</span> <span class='ocrx_word' id='word_1_248' title='bbox 1022 2231 1130 2285; x_wconf 86' lang='grc' dir='ltr'><strong>τοῦ</strong></span> <span class='ocrx_word' id='word_1_249' title='bbox 1174 2230 1222 2292; x_wconf 69' lang='grc' dir='ltr'><strong>ζ’</strong></span> <span class='ocrx_word' id='word_1_250' title='bbox 1260 2232 1359 2287; x_wconf 76' lang='grc' dir='ltr'>καὶ</span> <span class='ocrx_word' id='word_1_251' title='bbox 1406 2234 1639 2303; x_wconf 82' lang='grc' dir='ltr'>μόνους</span> <span class='ocrx_word' id='word_1_252' title='bbox 1687 2229 1842 2289; x_wconf 80' lang='grc' dir='ltr'>εἶναι</span> 
     </span>
    </p>
   </div>
   <div class='ocr_carea' id='block_1_38' title="bbox 258 2318 1383 2397">
    <p class='ocr_par' dir='ltr' id='par_1_38' title="bbox 258 2318 1383 2397">
     <span class='ocr_line' id='line_1_38' title="bbox 258 2318 1383 2397; baseline 0.003 -23"><span class='ocrx_word' id='word_1_253' title='bbox 258 2319 597 2389; x_wconf 69' lang='grc' dir='ltr'>διακόνους,</span> <span class='ocrx_word' id='word_1_254' title='bbox 632 2322 749 2377; x_wconf 79' lang='grc' dir='ltr'><strong>κᾶν</strong></span> <span class='ocrx_word' id='word_1_255' title='bbox 777 2323 816 2391; x_wconf 71' lang='grc' dir='ltr'><strong><em>ἡ</em></strong></span> <span class='ocrx_word' id='word_1_256' title='bbox 846 2324 1026 2390; x_wconf 75' lang='grc' dir='ltr'>πόλις</span> <span class='ocrx_word' id='word_1_257' title='bbox 1054 2322 1292 2394; x_wconf 75' lang='grc' dir='ltr'>μεγάλη</span> <span class='ocrx_word' id='word_1_258' title='bbox 1322 2318 1383 2397; x_wconf 79' lang='grc' dir='ltr'>ᾖ.</span> 
     </span>
    </p>
   </div>
   <div class='ocr_carea' id='block_1_39' title="bbox 321 2437 1840 2510">
    <p class='ocr_par' dir='ltr' id='par_1_39' title="bbox 321 2437 1840 2510">
     <span class='ocr_line' id='line_1_39' title="bbox 321 2437 1840 2510; baseline 0.006 -21"><span class='ocrx_word' id='word_1_259' title='bbox 321 2437 549 2491; x_wconf 79' lang='grc' dir='ltr'>Συνόδου</span> <span class='ocrx_word' id='word_1_260' title='bbox 598 2437 1035 2510; x_wconf 84' lang='grc' dir='ltr'>Νεοκαισαρείας</span> <span class='ocrx_word' id='word_1_261' title='bbox 1086 2438 1269 2494; x_wconf 84' lang='grc' dir='ltr'>κανὼν</span> <span class='ocrx_word' id='word_1_262' title='bbox 1337 2441 1429 2496; x_wconf 86' lang='grc' dir='ltr'>ιδ”</span> <span class='ocrx_word' id='word_1_263' title='bbox 1485 2443 1704 2497; x_wconf 87' lang='grc' dir='ltr'>συνόδου</span> <span class='ocrx_word' id='word_1_264' title='bbox 1762 2443 1840 2509; x_wconf 83' lang='grc' dir='ltr'>ς’,</span> 
     </span>
    </p>
   </div>
   <div class='ocr_carea' id='block_1_40' title="bbox 258 2529 556 2599">
    <p class='ocr_par' dir='ltr' id='par_1_40' title="bbox 258 2529 556 2599">
     <span class='ocr_line' id='line_1_40' title="bbox 258 2529 556 2599; baseline 0.013 -17"><span class='ocrx_word' id='word_1_265' title='bbox 258 2529 429 2582; x_wconf 86' lang='grc' dir='ltr'>κανὼν</span> <span class='ocrx_word' id='word_1_266' title='bbox 466 2529 556 2599; x_wconf 87' lang='grc' dir='ltr'><strong>ιβ’.</strong></span> 
     </span>
    </p>
   </div>
   <div class='ocr_carea' id='block_1_41' title="bbox 319 2622 1839 2701">
    <p class='ocr_par' dir='ltr' id='par_1_41' title="bbox 319 2622 1839 2701">
     <span class='ocr_line' id='line_1_41' title="bbox 319 2622 1839 2701; baseline 0.004 -24"><span class='ocrx_word' id='word_1_267' title='bbox 319 2623 633 2693; x_wconf 78' lang='grc' dir='ltr'>Κείμενον.</span> <span class='ocrx_word' id='word_1_268' title='bbox 677 2625 743 2678; x_wconf 88' lang='grc' dir='ltr'><strong>Ἦ</strong></span> <span class='ocrx_word' id='word_1_269' title='bbox 787 2622 835 2679; x_wconf 88' lang='grc' dir='ltr'>α’</span> <span class='ocrx_word' id='word_1_270' title='bbox 868 2624 1009 2679; x_wconf 84' lang='grc' dir='ltr'>διάτ.</span> <span class='ocrx_word' id='word_1_271' title='bbox 1052 2624 1148 2679; x_wconf 90' lang='grc' dir='ltr'><strong>τοῦ</strong></span> <span class='ocrx_word' id='word_1_272' title='bbox 1182 2624 1230 2679; x_wconf 90' lang='grc' dir='ltr'>α’</span> <span class='ocrx_word' id='word_1_273' title='bbox 1269 2626 1375 2681; x_wconf 88' lang='grc' dir='ltr'>τίτ.</span> <span class='ocrx_word' id='word_1_274' title='bbox 1435 2627 1546 2681; x_wconf 84' lang='grc' dir='ltr'>τῶν</span> <span class='ocrx_word' id='word_1_275' title='bbox 1588 2628 1839 2701; x_wconf 86' lang='grc' dir='ltr'>Νεαρῶν,</span> 
     </span>
    </p>
   </div>
   <div class='ocr_carea' id='block_1_42' title="bbox 256 2716 1597 2792">
    <p class='ocr_par' dir='ltr' id='par_1_42' title="bbox 256 2716 1597 2792">
     <span class='ocr_line' id='line_1_42' title="bbox 256 2716 1597 2792; baseline 0.003 -23"><span class='ocrx_word' id='word_1_276' title='bbox 256 2732 305 2770; x_wconf 86' lang='grc' dir='ltr'><strong>κ.</strong></span> <span class='ocrx_word' id='word_1_277' title='bbox 335 2734 383 2770; x_wconf 87' lang='grc' dir='ltr'>τ.</span> <span class='ocrx_word' id='word_1_278' title='bbox 412 2716 488 2783; x_wconf 87' lang='grc' dir='ltr'><strong>λ.,</strong></span> <span class='ocrx_word' id='word_1_279' title='bbox 531 2734 711 2791; x_wconf 87' lang='lat' dir='ltr'><strong>usque</strong></span> <span class='ocrx_word' id='word_1_280' title='bbox 751 2718 817 2773; x_wconf 84' lang='lat' dir='ltr'><strong>ad</strong></span> <span class='ocrx_word' id='word_1_281' title='bbox 850 2718 1052 2789; x_wconf 72' lang='grc' dir='ltr'>ψάλται</span> <span class='ocrx_word' id='word_1_282' title='bbox 1086 2718 1185 2783; x_wconf 86' lang='grc' dir='ltr'>κε’,</span> <span class='ocrx_word' id='word_1_283' title='bbox 1220 2718 1461 2792; x_wconf 75' lang='grc' dir='ltr'>θυρωροὶ</span> <span class='ocrx_word' id='word_1_284' title='bbox 1504 2719 1597 2774; x_wconf 83' lang='grc' dir='ltr'>σε’.</span> 
     </span>
    </p>
   </div>
   <div class='ocr_carea' id='block_1_43' title="bbox 318 2832 1844 2906">
    <p class='ocr_par' dir='ltr' id='par_1_43' title="bbox 318 2832 1844 2906">
     <span class='ocr_line' id='line_1_43' title="bbox 318 2832 1844 2906; baseline 0.002 -20"><span class='ocrx_word' id='word_1_285' title='bbox 318 2834 600 2903; x_wconf 81' lang='grc' dir='ltr'>Σχόλιον.</span> <span class='ocrx_word' id='word_1_286' title='bbox 656 2834 720 2887; x_wconf 88' lang='grc' dir='ltr'><strong>Ἡ</strong></span> <span class='ocrx_word' id='word_1_287' title='bbox 772 2832 820 2887; x_wconf 87' lang='grc' dir='ltr'>α’</span> <span class='ocrx_word' id='word_1_288' title='bbox 888 2834 1026 2890; x_wconf 87' lang='grc' dir='ltr'>διάτ.</span> <span class='ocrx_word' id='word_1_289' title='bbox 1070 2834 1165 2888; x_wconf 89' lang='grc' dir='ltr'><strong>τοῦ</strong></span> <span class='ocrx_word' id='word_1_290' title='bbox 1197 2832 1243 2888; x_wconf 93' lang='grc' dir='ltr'>α’</span> <span class='ocrx_word' id='word_1_291' title='bbox 1296 2834 1403 2890; x_wconf 86' lang='grc' dir='ltr'>τίτ.</span> <span class='ocrx_word' id='word_1_292' title='bbox 1453 2835 1564 2889; x_wconf 83' lang='grc' dir='ltr'>τῶν</span> <span class='ocrx_word' id='word_1_293' title='bbox 1613 2834 1844 2906; x_wconf 87' lang='grc' dir='ltr'>Νεαρῶν</span> 
     </span>
    </p>
   </div>
   <div class='ocr_carea' id='block_1_44' title="bbox 254 2924 1844 3001">
    <p class='ocr_par' dir='ltr' id='par_1_44' title="bbox 254 2924 1844 3001">
     <span class='ocr_line' id='line_1_44' title="bbox 254 2924 1844 3001; baseline 0.003 -25"><span class='ocrx_word' id='word_1_294' title='bbox 254 2924 364 2978; x_wconf 81' lang='grc' dir='ltr'>ἐστι</span> <span class='ocrx_word' id='word_1_295' title='bbox 394 2927 567 2997; x_wconf 87' lang='grc' dir='ltr'>νεαρὰ</span> <span class='ocrx_word' id='word_1_296' title='bbox 600 2927 1035 2991; x_wconf 88' lang='grc' dir='ltr'>Ἰουστινιάνειος</span> <span class='ocrx_word' id='word_1_297' title='bbox 1064 2926 1141 2994; x_wconf 85' lang='grc' dir='ltr'>ς’,</span> <span class='ocrx_word' id='word_1_298' title='bbox 1181 2926 1339 2981; x_wconf 89' lang='grc' dir='ltr'>τοῦτο</span> <span class='ocrx_word' id='word_1_299' title='bbox 1361 2928 1496 2983; x_wconf 85' lang='grc' dir='ltr'>δὲτὸ</span> <span class='ocrx_word' id='word_1_300' title='bbox 1517 2946 1642 2999; x_wconf 81' lang='grc' dir='ltr'>κεφ.</span> <span class='ocrx_word' id='word_1_301' title='bbox 1672 2930 1844 3001; x_wconf 81' lang='grc' dir='ltr'>αὐτῆς</span> 
     </span>
    </p>
   </div>
   <div class='ocr_carea' id='block_1_45' title="bbox 1953 1766 3447 1839">
    <p class='ocr_par' dir='ltr' id='par_1_45' title="bbox 1953 1766 3447 1839">
     <span class='ocr_line' id='line_1_45' title="bbox 1953 1766 3447 1839; baseline 0.011 -25"><span class='ocrx_word' id='word_1_302' title='bbox 1953 1769 2203 1826; x_wconf 87' lang='lat' dir='ltr'><strong>rant,aut</strong></span> <span class='ocrx_word' id='word_1_303' title='bbox 2225 1766 2631 1828; x_wconf 82' lang='lat' dir='ltr'><strong>communicent,</strong></span> <span class='ocrx_word' id='word_1_304' title='bbox 2677 1777 2725 1821; x_wconf 90' lang='lat' dir='ltr'><strong>et</strong></span> <span class='ocrx_word' id='word_1_305' title='bbox 2752 1785 2881 1839; x_wconf 80' lang='lat' dir='ltr'><strong>quos</strong></span> <span class='ocrx_word' id='word_1_306' title='bbox 2908 1771 3169 1838; x_wconf 83' lang='lat' dir='ltr'><strong>ordinent,</strong></span> <span class='ocrx_word' id='word_1_307' title='bbox 3202 1785 3298 1827; x_wconf 89' lang='lat' dir='ltr'><strong>aut</strong></span> <span class='ocrx_word' id='word_1_308' title='bbox 3321 1791 3447 1829; x_wconf 86' lang='lat' dir='ltr'><strong>non.</strong></span> 
     </span>
    </p>
   </div>
   <div class='ocr_carea' id='block_1_46' title="bbox 2024 1854 3548 1929">
    <p class='ocr_par' dir='ltr' id='par_1_46' title="bbox 2024 1854 3548 1929">
     <span class='ocr_line' id='line_1_46' title="bbox 2024 1854 3548 1929; baseline 0.01 -20"><span class='ocrx_word' id='word_1_309' title='bbox 2024 1854 2253 1910; x_wconf 87' lang='lat' dir='ltr'><strong>Concilii</strong></span> <span class='ocrx_word' id='word_1_310' title='bbox 2294 1856 2571 1929; x_wconf 81' lang='lat' dir='ltr'><strong>Ancyram</strong></span> <span class='ocrx_word' id='word_1_311' title='bbox 2622 1862 2931 1927; x_wconf 79' lang='lat' dir='ltr'><strong>canonl5,</strong></span> <span class='ocrx_word' id='word_1_312' title='bbox 2985 1867 3204 1921; x_wconf 90' lang='lat' dir='ltr'><strong>concilii</strong></span> <span class='ocrx_word' id='word_1_313' title='bbox 3258 1866 3548 1923; x_wconf 62' lang='lat' dir='ltr'><strong>Neocaesa-</strong></span> 
     </span>
    </p>
   </div>
   <div class='ocr_carea' id='block_1_47' title="bbox 1952 1946 3547 2017">
    <p class='ocr_par' dir='ltr' id='par_1_47' title="bbox 1952 1946 3547 2017">
     <span class='ocr_line' id='line_1_47' title="bbox 1952 1946 3547 2017; baseline 0.007 -17"><span class='ocrx_word' id='word_1_314' title='bbox 1952 1946 2155 2002; x_wconf 89' lang='lat' dir='ltr'><strong>riensis</strong></span> <span class='ocrx_word' id='word_1_315' title='bbox 2199 1963 2377 2003; x_wconf 81' lang='lat' dir='ltr'><strong>canon</strong></span> <span class='ocrx_word' id='word_1_316' title='bbox 2436 1950 2523 2013; x_wconf 80' lang='grc'>15,</span> <span class='ocrx_word' id='word_1_317' title='bbox 2564 1950 2667 2017; x_wconf 74' lang='lat'><strong>11;</strong></span> <span class='ocrx_word' id='word_1_318' title='bbox 2710 1953 2930 2007; x_wconf 89' lang='lat' dir='ltr'><strong>concilii</strong></span> <span class='ocrx_word' id='word_1_319' title='bbox 2979 1954 3309 2011; x_wconf 76' lang='lat' dir='ltr'><strong>Antioclieni</strong></span> <span class='ocrx_word' id='word_1_320' title='bbox 3366 1973 3547 2013; x_wconf 88' lang='lat' dir='ltr'><strong>canon</strong></span> 
     </span>
    </p>
   </div>
   <div class='ocr_carea' id='block_1_48' title="bbox 1958 2037 3552 2118">
    <p class='ocr_par' dir='ltr' id='par_1_48' title="bbox 1958 2037 3552 2118">
     <span class='ocr_line' id='line_1_48' title="bbox 1958 2037 3552 2118; baseline 0.008 -27"><span class='ocrx_word' id='word_1_321' title='bbox 1958 2038 2056 2107; x_wconf 88' lang='lat'><strong>10;</strong></span> <span class='ocrx_word' id='word_1_322' title='bbox 2104 2037 2341 2097; x_wconf 86' lang='lat' dir='ltr'><strong>Basilius</strong></span> <span class='ocrx_word' id='word_1_323' title='bbox 2385 2056 2451 2096; x_wconf 85' lang='lat' dir='ltr'><strong>ex</strong></span> <span class='ocrx_word' id='word_1_324' title='bbox 2496 2041 2726 2112; x_wconf 88' lang='lat' dir='ltr'><strong>epistola</strong></span> <span class='ocrx_word' id='word_1_325' title='bbox 2797 2042 2864 2097; x_wconf 87' lang='lat' dir='ltr'><strong>ad</strong></span> <span class='ocrx_word' id='word_1_326' title='bbox 2903 2044 3194 2117; x_wconf 83' lang='lat' dir='ltr'><strong>episcopos</strong></span> <span class='ocrx_word' id='word_1_327' title='bbox 3259 2047 3367 2118; x_wconf 83' lang='lat' dir='ltr'><strong>ipsi</strong></span> <span class='ocrx_word' id='word_1_328' title='bbox 3416 2049 3552 2105; x_wconf 80' lang='lat' dir='ltr'><strong>sub-</strong></span> 
     </span>
    </p>
   </div>
   <div class='ocr_carea' id='block_1_49' title="bbox 1956 2126 2146 2196">
    <p class='ocr_par' dir='ltr' id='par_1_49' title="bbox 1956 2126 2146 2196">
     <span class='ocr_line' id='line_1_49' title="bbox 1956 2126 2146 2196; baseline 0.016 -16"><span class='ocrx_word' id='word_1_329' title='bbox 1956 2126 2146 2196; x_wconf 81' lang='lat' dir='ltr'><strong>iectos.</strong></span> 
     </span>
    </p>
   </div>
   <div class='ocr_carea' id='block_1_50' title="bbox 2024 2239 3549 2318">
    <p class='ocr_par' dir='ltr' id='par_1_50' title="bbox 2024 2239 3549 2318">
     <span class='ocr_line' id='line_1_50' title="bbox 2024 2239 3549 2318; baseline 0.006 -21"><span class='ocrx_word' id='word_1_330' title='bbox 2024 2239 2178 2297; x_wconf 81' lang='lat' dir='ltr'><strong>CAP.</strong></span> <span class='ocrx_word' id='word_1_331' title='bbox 2206 2242 2471 2299; x_wconf 80' lang='grc' dir='ltr'>ΧΧΧ.--</span> <span class='ocrx_word' id='word_1_332' title='bbox 2506 2242 2573 2298; x_wconf 90' lang='lat' dir='ltr'><strong>Ut</strong></span> <span class='ocrx_word' id='word_1_333' title='bbox 2615 2254 2808 2309; x_wconf 84' lang='lat' dir='ltr'><strong>septem</strong></span> <span class='ocrx_word' id='word_1_334' title='bbox 2850 2248 3117 2301; x_wconf 75' lang='lat' dir='ltr'><strong>duntaxat</strong></span> <span class='ocrx_word' id='word_1_335' title='bbox 3163 2248 3379 2304; x_wconf 88' lang='lat' dir='ltr'><strong>diaconi</strong></span> <span class='ocrx_word' id='word_1_336' title='bbox 3421 2252 3549 2318; x_wconf 74' lang='lat' dir='ltr'><strong>sint,</strong></span> 
     </span>
    </p>
   </div>
   <div class='ocr_carea' id='block_1_51' title="bbox 1954 2334 2746 2408">
    <p class='ocr_par' dir='ltr' id='par_1_51' title="bbox 1954 2334 2746 2408">
     <span class='ocr_line' id='line_1_51' title="bbox 1954 2334 2746 2408; baseline 0.005 -21"><span class='ocrx_word' id='word_1_337' title='bbox 1954 2334 2166 2388; x_wconf 84' lang='lat' dir='ltr'><strong>etiamsi</strong></span> <span class='ocrx_word' id='word_1_338' title='bbox 2210 2336 2398 2391; x_wconf 81' lang='lat' dir='ltr'><strong>civitas</strong></span> <span class='ocrx_word' id='word_1_339' title='bbox 2430 2353 2624 2408; x_wconf 79' lang='lat' dir='ltr'><strong>magna</strong></span> <span class='ocrx_word' id='word_1_340' title='bbox 2655 2338 2746 2391; x_wconf 85' lang='lat' dir='ltr'><strong>sit.</strong></span> 
     </span>
    </p>
   </div>
   <div class='ocr_carea' id='block_1_52' title="bbox 2032 2448 3555 2523">
    <p class='ocr_par' dir='ltr' id='par_1_52' title="bbox 2032 2448 3555 2523">
     <span class='ocr_line' id='line_1_52' title="bbox 2032 2448 3555 2523; baseline 0.005 -20"><span class='ocrx_word' id='word_1_341' title='bbox 2032 2448 2264 2505; x_wconf 78' lang='lat' dir='ltr'><strong>Concilii</strong></span> <span class='ocrx_word' id='word_1_342' title='bbox 2294 2450 2753 2508; x_wconf 67' lang='lat' dir='ltr'><strong>Neocmsariensis</strong></span> <span class='ocrx_word' id='word_1_343' title='bbox 2792 2467 2969 2509; x_wconf 85' lang='lat' dir='ltr'><strong>canon</strong></span> <span class='ocrx_word' id='word_1_344' title='bbox 3022 2454 3129 2523; x_wconf 83' lang='lat'><strong>15;</strong></span> <span class='ocrx_word' id='word_1_345' title='bbox 3157 2456 3374 2511; x_wconf 90' lang='lat' dir='ltr'><strong>concilii</strong></span> <span class='ocrx_word' id='word_1_346' title='bbox 3408 2459 3555 2512; x_wconf 82' lang='lat' dir='ltr'><strong>sexti</strong></span> 
     </span>
    </p>
   </div>
   <div class='ocr_carea' id='block_1_53' title="bbox 1957 2540 2385 2602">
    <p class='ocr_par' dir='ltr' id='par_1_53' title="bbox 1957 2540 2385 2602">
     <span class='ocr_line' id='line_1_53' title="bbox 1957 2540 2385 2602; baseline 0.005 -9"><span class='ocrx_word' id='word_1_347' title='bbox 1957 2553 2135 2593; x_wconf 88' lang='lat' dir='ltr'><strong>canon</strong></span> <span class='ocrx_word' id='word_1_348' title='bbox 2166 2540 2254 2602; x_wconf 76' lang='grc'>12,</span> <span class='ocrx_word' id='word_1_349' title='bbox 2294 2540 2385 2595; x_wconf 86' lang='grc'>16.</span> 
     </span>
    </p>
   </div>
   <div class='ocr_carea' id='block_1_54' title="bbox 2032 2630 3559 2709">
    <p class='ocr_par' dir='ltr' id='par_1_54' title="bbox 2032 2630 3559 2709">
     <span class='ocr_line' id='line_1_54' title="bbox 2032 2630 3559 2709; baseline 0.005 -24"><span class='ocrx_word' id='word_1_350' title='bbox 2032 2630 2247 2687; x_wconf 74' lang='lat' dir='ltr'><strong>Textus.</strong></span> <span class='ocrx_word' id='word_1_351' title='bbox 2271 2632 2463 2690; x_wconf 91' lang='lat' dir='ltr'><strong>Const.</strong></span> <span class='ocrx_word' id='word_1_352' title='bbox 2491 2636 2545 2698; x_wconf 91' lang='lat'><strong>1,</strong></span> <span class='ocrx_word' id='word_1_353' title='bbox 2579 2636 2663 2692; x_wconf 88' lang='lat' dir='ltr'><strong>tit.</strong></span> <span class='ocrx_word' id='word_1_354' title='bbox 2693 2637 2717 2692; x_wconf 90' lang='lat'><strong>1</strong></span> <span class='ocrx_word' id='word_1_355' title='bbox 2748 2637 3117 2703; x_wconf 80' lang='lat' dir='ltr'><strong>Novellarum,</strong></span> <span class='ocrx_word' id='word_1_356' title='bbox 3148 2646 3257 2695; x_wconf 91' lang='lat' dir='ltr'><strong>etc.</strong></span> <span class='ocrx_word' id='word_1_357' title='bbox 3287 2654 3451 2709; x_wconf 80' lang='lat' dir='ltr'><strong>usque</strong></span> <span class='ocrx_word' id='word_1_358' title='bbox 3481 2638 3559 2692; x_wconf 76' lang='lat' dir='ltr'><strong>ad</strong></span> 
     </span>
    </p>
   </div>
   <div class='ocr_carea' id='block_1_55' title="bbox 1958 2724 3254 2803">
    <p class='ocr_par' dir='ltr' id='par_1_55' title="bbox 1958 2724 3254 2803">
     <span class='ocr_line' id='line_1_55' title="bbox 1958 2724 3254 2803; baseline 0.008 -26"><span class='ocrx_word' id='word_1_359' title='bbox 1958 2724 2173 2779; x_wconf 87' lang='lat' dir='ltr'><strong>ostiarii</strong></span> <span class='ocrx_word' id='word_1_360' title='bbox 2209 2727 2555 2799; x_wconf 86' lang='lat' dir='ltr'><strong>septuaginta</strong></span> <span class='ocrx_word' id='word_1_361' title='bbox 2589 2731 2851 2802; x_wconf 90' lang='lat' dir='ltr'><strong>quinque,</strong></span> <span class='ocrx_word' id='word_1_362' title='bbox 2882 2743 2941 2786; x_wconf 89' lang='lat' dir='ltr'><strong>ut</strong></span> <span class='ocrx_word' id='word_1_363' title='bbox 2968 2748 3091 2803; x_wconf 86' lang='lat' dir='ltr'><strong>pag.</strong></span> <span class='ocrx_word' id='word_1_364' title='bbox 3124 2730 3254 2787; x_wconf 83' lang='lat'><strong>555.</strong></span> 
     </span>
    </p>
   </div>
   <div class='ocr_carea' id='block_1_56' title="bbox 2031 2838 3551 2911">
    <p class='ocr_par' dir='ltr' id='par_1_56' title="bbox 2031 2838 3551 2911">
     <span class='ocr_line' id='line_1_56' title="bbox 2031 2838 3551 2911; baseline 0.006 -19"><span class='ocrx_word' id='word_1_365' title='bbox 2031 2838 2325 2894; x_wconf 84' lang='lat' dir='ltr'><strong>Scholium.</strong></span> <span class='ocrx_word' id='word_1_366' title='bbox 2346 2840 2539 2899; x_wconf 91' lang='lat' dir='ltr'><strong>Const.</strong></span> <span class='ocrx_word' id='word_1_367' title='bbox 2569 2843 2623 2911; x_wconf 90' lang='lat'><strong>1,</strong></span> <span class='ocrx_word' id='word_1_368' title='bbox 2646 2844 2731 2900; x_wconf 91' lang='lat' dir='ltr'><strong>tit.</strong></span> <span class='ocrx_word' id='word_1_369' title='bbox 2759 2846 2806 2899; x_wconf 89' lang='grc' dir='ltr'><strong>ι.</strong></span> <span class='ocrx_word' id='word_1_370' title='bbox 2836 2844 3209 2905; x_wconf 82' lang='lat' dir='ltr'><strong>Novellarum.</strong></span> <span class='ocrx_word' id='word_1_371' title='bbox 3234 2846 3551 2901; x_wconf 88' lang='lat' dir='ltr'><strong>estnovclla</strong></span> 
     </span>
    </p>
   </div>
   <div class='ocr_carea' id='block_1_57' title="bbox 1956 2927 3552 3010">
    <p class='ocr_par' dir='ltr' id='par_1_57' title="bbox 1956 2927 3552 3010">
     <span class='ocr_line' id='line_1_57' title="bbox 1956 2927 3552 3010; baseline 0.006 -26"><span class='ocrx_word' id='word_1_372' title='bbox 1956 2927 2253 2987; x_wconf 87' lang='lat' dir='ltr'><strong>Justiniani</strong></span> <span class='ocrx_word' id='word_1_373' title='bbox 2290 2931 2343 2987; x_wconf 90' lang='lat'><strong>6.</strong></span> <span class='ocrx_word' id='word_1_374' title='bbox 2389 2932 2505 2989; x_wconf 87' lang='lat' dir='ltr'><strong>Hoc</strong></span> <span class='ocrx_word' id='word_1_375' title='bbox 2551 2945 2732 2992; x_wconf 90' lang='lat' dir='ltr'><strong>autem</strong></span> <span class='ocrx_word' id='word_1_376' title='bbox 2761 2937 2884 3007; x_wconf 89' lang='lat' dir='ltr'><strong>ejus</strong></span> <span class='ocrx_word' id='word_1_377' title='bbox 2916 2948 3080 3009; x_wconf 88' lang='lat' dir='ltr'><strong>caput</strong></span> <span class='ocrx_word' id='word_1_378' title='bbox 3118 2954 3224 2995; x_wconf 90' lang='lat' dir='ltr'><strong>non</strong></span> <span class='ocrx_word' id='word_1_379' title='bbox 3271 2949 3357 2995; x_wconf 90' lang='lat' dir='ltr'><strong>est</strong></span> <span class='ocrx_word' id='word_1_380' title='bbox 3401 2942 3552 3010; x_wconf 88' lang='lat' dir='ltr'><strong>posi-</strong></span> 
     </span>
    </p>
   </div>
   <div class='ocr_carea' id='block_1_58' title="bbox 252 3018 1860 3097">
    <p class='ocr_par' dir='ltr' id='par_1_58' title="bbox 252 3018 1838 3093">
     <span class='ocr_line' id='line_1_58' title="bbox 252 3018 1838 3093; baseline 0.004 -24"><span class='ocrx_word' id='word_1_381' title='bbox 252 3018 346 3070; x_wconf 77' lang='grc' dir='ltr'><strong>οὑκ</strong></span> <span class='ocrx_word' id='word_1_382' title='bbox 384 3018 543 3090; x_wconf 80' lang='grc' dir='ltr'>ἐτέθη</span> <span class='ocrx_word' id='word_1_383' title='bbox 587 3020 669 3083; x_wconf 83' lang='grc' dir='ltr'><strong>είς</strong></span> <span class='ocrx_word' id='word_1_384' title='bbox 714 3020 785 3073; x_wconf 75' lang='grc' dir='ltr'>τὰ</span> <span class='ocrx_word' id='word_1_385' title='bbox 816 3020 1102 3087; x_wconf 78' lang='grc' dir='ltr'>Βασιλικὰ,</span> <span class='ocrx_word' id='word_1_386' title='bbox 1138 3020 1232 3074; x_wconf 88' lang='grc' dir='ltr'><strong>τοῦ</strong></span> <span class='ocrx_word' id='word_1_387' title='bbox 1284 3022 1451 3075; x_wconf 84' lang='grc' dir='ltr'>αὐτοῦ</span> <span class='ocrx_word' id='word_1_388' title='bbox 1493 3022 1551 3076; x_wconf 84' lang='grc' dir='ltr'>δὲ</span> <span class='ocrx_word' id='word_1_389' title='bbox 1586 3022 1694 3076; x_wconf 88' lang='grc' dir='ltr'>τίτ.</span> <span class='ocrx_word' id='word_1_390' title='bbox 1724 3024 1758 3093; x_wconf 82' lang='grc' dir='ltr'>ἡ</span> <span class='ocrx_word' id='word_1_391' title='bbox 1796 3021 1838 3076; x_wconf 84' lang='grc' dir='ltr'>θ’</span> 
     </span>
    </p>
   </div>
   <div class='ocr_carea' id='block_1_59' title="bbox 1962 3018 3567 3097">
    <p class='ocr_par' dir='ltr' id='par_1_59' title="bbox 1962 3025 3567 3097">
     <span class='ocr_line' id='line_1_59' title="bbox 1962 3025 3567 3097; baseline 0.006 -18"><span class='ocrx_word' id='word_1_392' title='bbox 1962 3034 2064 3079; x_wconf 79' lang='lat' dir='ltr'><strong>:um</strong></span> <span class='ocrx_word' id='word_1_393' title='bbox 2100 3025 2153 3078; x_wconf 91' lang='lat' dir='ltr'><strong>in</strong></span> <span class='ocrx_word' id='word_1_394' title='bbox 2184 3025 2348 3081; x_wconf 90' lang='lat' dir='ltr'><strong>Basil.</strong></span> <span class='ocrx_word' id='word_1_395' title='bbox 2374 3025 2632 3097; x_wconf 85' lang='lat' dir='ltr'><strong>Ejusdem</strong></span> <span class='ocrx_word' id='word_1_396' title='bbox 2668 3044 2796 3085; x_wconf 86' lang='lat' dir='ltr'><strong>vero</strong></span> <span class='ocrx_word' id='word_1_397' title='bbox 2822 3030 2907 3086; x_wconf 92' lang='lat' dir='ltr'><strong>tit.</strong></span> <span class='ocrx_word' id='word_1_398' title='bbox 2938 3041 3117 3087; x_wconf 90' lang='lat' dir='ltr'><strong>const.</strong></span> <span class='ocrx_word' id='word_1_399' title='bbox 3150 3032 3204 3095; x_wconf 91' lang='lat'><strong>9,</strong></span> <span class='ocrx_word' id='word_1_400' title='bbox 3228 3042 3311 3088; x_wconf 87' lang='lat' dir='ltr'><strong>cst</strong></span> <span class='ocrx_word' id='word_1_401' title='bbox 3336 3033 3567 3087; x_wconf 84' lang='lat' dir='ltr'><strong>novella-</strong></span> 
     </span>
    </p>
   </div>
   <div class='ocr_carea' id='block_1_60' title="bbox 254 3109 1842 3187">
    <p class='ocr_par' dir='ltr' id='par_1_60' title="bbox 254 3109 1842 3187">
     <span class='ocr_line' id='line_1_60' title="bbox 254 3109 1842 3187; baseline 0.005 -26"><span class='ocrx_word' id='word_1_402' title='bbox 254 3109 533 3165; x_wconf 73' lang='grc' dir='ltr'>διάτ.ὲστὶ</span> <span class='ocrx_word' id='word_1_403' title='bbox 600 3113 771 3183; x_wconf 79' lang='grc' dir='ltr'>νεαρὰ</span> <span class='ocrx_word' id='word_1_404' title='bbox 825 3113 1327 3185; x_wconf 71' lang='grc' dir='ltr'>Ἰουστινιάνειοςγ*</span> <span class='ocrx_word' id='word_1_405' title='bbox 1359 3115 1589 3187; x_wconf 80' lang='grc' dir='ltr'>κειμένη</span> <span class='ocrx_word' id='word_1_406' title='bbox 1644 3116 1701 3169; x_wconf 81' lang='grc' dir='ltr'>ὲν</span> <span class='ocrx_word' id='word_1_407' title='bbox 1760 3115 1842 3185; x_wconf 89' lang='grc' dir='ltr'><strong>βι-</strong></span> 
     </span>
    </p>
   </div>
   <div class='ocr_carea' id='block_1_61' title="bbox 255 3199 1840 3281">
    <p class='ocr_par' dir='ltr' id='par_1_61' title="bbox 255 3199 1840 3281">
     <span class='ocr_line' id='line_1_61' title="bbox 255 3199 1840 3281; baseline 0.006 -29"><span class='ocrx_word' id='word_1_408' title='bbox 255 3199 379 3272; x_wconf 79' lang='grc' dir='ltr'>ϐλίῳ</span> <span class='ocrx_word' id='word_1_409' title='bbox 403 3203 512 3255; x_wconf 83' lang='grc' dir='ltr'>τῶν</span> <span class='ocrx_word' id='word_1_410' title='bbox 533 3204 842 3259; x_wconf 85' lang='grc' dir='ltr'>Βασιλικῶν</span> <span class='ocrx_word' id='word_1_411' title='bbox 865 3204 935 3275; x_wconf 86' lang='grc' dir='ltr'>γ’,</span> <span class='ocrx_word' id='word_1_412' title='bbox 966 3208 1070 3260; x_wconf 86' lang='grc' dir='ltr'>τίτ.</span> <span class='ocrx_word' id='word_1_413' title='bbox 1108 3205 1172 3276; x_wconf 85' lang='grc' dir='ltr'><strong>β’,</strong></span> <span class='ocrx_word' id='word_1_414' title='bbox 1219 3226 1345 3277; x_wconf 81' lang='grc' dir='ltr'>κεφ.</span> <span class='ocrx_word' id='word_1_415' title='bbox 1373 3215 1442 3275; x_wconf 83' lang='grc' dir='ltr'>α’,</span> <span class='ocrx_word' id='word_1_416' title='bbox 1473 3209 1670 3281; x_wconf 81' lang='grc' dir='ltr'>θέματι</span> <span class='ocrx_word' id='word_1_417' title='bbox 1700 3226 1840 3280; x_wconf 88' lang='grc' dir='ltr'>προ-</span> 
     </span>
    </p>
   </div>
   <div class='ocr_carea' id='block_1_62' title="bbox 254 3294 1842 3374">
    <p class='ocr_par' dir='ltr' id='par_1_62' title="bbox 254 3294 1842 3374">
     <span class='ocr_line' id='line_1_62' title="bbox 254 3294 1842 3374; baseline 0.007 -29"><span class='ocrx_word' id='word_1_418' title='bbox 254 3294 561 3368; x_wconf 84' lang='grc' dir='ltr'>τελευταίῳ,</span> <span class='ocrx_word' id='word_1_419' title='bbox 594 3298 770 3362; x_wconf 73' lang='grc' dir='ltr'>οὕτως</span> <span class='ocrx_word' id='word_1_420' title='bbox 795 3298 971 3370; x_wconf 72' lang='grc' dir='ltr'>ἔχοντι</span> <span class='ocrx_word' id='word_1_421' title='bbox 994 3319 1007 3333; x_wconf 72' lang='grc'><strong><em>⁸</em></strong></span> <span class='ocrx_word' id='word_1_422' title='bbox 1045 3303 1209 3357; x_wconf 87' lang='grc' dir='ltr'>Ὥστε</span> <span class='ocrx_word' id='word_1_423' title='bbox 1234 3303 1562 3373; x_wconf 76' lang='grc' dir='ltr'>θεσπίςομεν</span> <span class='ocrx_word' id='word_1_424' title='bbox 1597 3302 1671 3373; x_wconf 85' lang='grc' dir='ltr'>μὴ</span> <span class='ocrx_word' id='word_1_425' title='bbox 1702 3319 1842 3374; x_wconf 79' lang='grc' dir='ltr'>περ-</span> 
     </span>
    </p>
   </div>
   <div class='ocr_carea' id='block_1_63' title="bbox 253 3390 1842 3468">
    <p class='ocr_par' dir='ltr' id='par_1_63' title="bbox 253 3390 1842 3468">
     <span class='ocr_line' id='line_1_63' title="bbox 253 3390 1842 3468; baseline 0.003 -25"><span class='ocrx_word' id='word_1_426' title='bbox 253 3390 444 3462; x_wconf 84' lang='grc' dir='ltr'>αιτέρω</span> <span class='ocrx_word' id='word_1_427' title='bbox 474 3392 581 3463; x_wconf 83' lang='grc' dir='ltr'>μὲν</span> <span class='ocrx_word' id='word_1_428' title='bbox 609 3391 651 3459; x_wconf 77' lang='grc' dir='ltr'><strong>ξ’</strong></span> <span class='ocrx_word' id='word_1_429' title='bbox 686 3394 1079 3468; x_wconf 79' lang='grc' dir='ltr'>πρεσϐυτέρων</span> <span class='ocrx_word' id='word_1_430' title='bbox 1124 3396 1267 3450; x_wconf 71' lang='grc' dir='ltr'>κατὰ</span> <span class='ocrx_word' id='word_1_431' title='bbox 1300 3395 1399 3467; x_wconf 84' lang='grc' dir='ltr'>τὴν</span> <span class='ocrx_word' id='word_1_432' title='bbox 1443 3395 1707 3466; x_wconf 84' lang='grc' dir='ltr'>Μεγάλην</span> <span class='ocrx_word' id='word_1_433' title='bbox 1748 3395 1842 3448; x_wconf 84' lang='grc' dir='ltr'><strong>ὲκ-</strong></span> 
     </span>
    </p>
   </div>
   <div class='ocr_carea' id='block_1_64' title="bbox 255 3482 1841 3564">
    <p class='ocr_par' dir='ltr' id='par_1_64' title="bbox 255 3482 1841 3564">
     <span class='ocr_line' id='line_1_64' title="bbox 255 3482 1841 3564; baseline 0.016 -30"><span class='ocrx_word' id='word_1_434' title='bbox 255 3482 475 3554; x_wconf 85' lang='grc' dir='ltr'>κλησίαν</span> <span class='ocrx_word' id='word_1_435' title='bbox 501 3484 670 3553; x_wconf 73' lang='grc' dir='ltr'>εἶναι,</span> <span class='ocrx_word' id='word_1_436' title='bbox 708 3489 991 3553; x_wconf 81' lang='grc' dir='ltr'>διακόνους</span> <span class='ocrx_word' id='word_1_437' title='bbox 1036 3491 1091 3544; x_wconf 82' lang='grc' dir='ltr'>δὲ</span> <span class='ocrx_word' id='word_1_438' title='bbox 1136 3492 1374 3564; x_wconf 71' lang='grc' dir='ltr'>ἄρρενας</span> <span class='ocrx_word' id='word_1_439' title='bbox 1409 3496 1478 3561; x_wconf 84' lang='grc' dir='ltr'>ρ’,</span> <span class='ocrx_word' id='word_1_440' title='bbox 1541 3492 1635 3545; x_wconf 77' lang='grc' dir='ltr'><strong>καὶ</strong></span> <span class='ocrx_word' id='word_1_441' title='bbox 1665 3496 1715 3561; x_wconf 84' lang='grc' dir='ltr'>μ’</span> <span class='ocrx_word' id='word_1_442' title='bbox 1742 3489 1841 3558; x_wconf 87' lang='grc' dir='ltr'>θη·</span> 
     </span>
    </p>
   </div>
   <div class='ocr_carea' id='block_1_65' title="bbox 253 3569 1843 3651">
    <p class='ocr_par' dir='ltr' id='par_1_65' title="bbox 253 3569 1843 3651">
     <span class='ocr_line' id='line_1_65' title="bbox 253 3569 1843 3651; baseline 0.006 -29"><span class='ocrx_word' id='word_1_443' title='bbox 253 3569 415 3639; x_wconf 83' lang='grc' dir='ltr'>λείας,</span> <span class='ocrx_word' id='word_1_444' title='bbox 470 3578 568 3630; x_wconf 78' lang='grc' dir='ltr'><strong>καὶ</strong></span> <span class='ocrx_word' id='word_1_445' title='bbox 608 3578 997 3643; x_wconf 87' lang='grc' dir='ltr'>ὑποδιακόνους</span> <span class='ocrx_word' id='word_1_446' title='bbox 1020 3578 1089 3647; x_wconf 56' lang='grc' dir='ltr'><strong>ιζ,</strong></span> <span class='ocrx_word' id='word_1_447' title='bbox 1122 3580 1479 3649; x_wconf 84' lang='grc' dir='ltr'>ἀναγνώστας</span> <span class='ocrx_word' id='word_1_448' title='bbox 1504 3580 1563 3634; x_wconf 83' lang='grc' dir='ltr'>δὲ</span> <span class='ocrx_word' id='word_1_449' title='bbox 1610 3585 1697 3651; x_wconf 81' lang='grc' dir='ltr'>ρι’.</span> <span class='ocrx_word' id='word_1_450' title='bbox 1746 3580 1843 3633; x_wconf 80' lang='grc' dir='ltr'><strong>καὶ</strong></span> 
     </span>
    </p>
   </div>
   <div class='ocr_carea' id='block_1_66' title="bbox 254 3662 1844 3741">
    <p class='ocr_par' dir='ltr' id='par_1_66' title="bbox 254 3662 1844 3741">
     <span class='ocr_line' id='line_1_66' title="bbox 254 3662 1844 3741; baseline 0.004 -24"><span class='ocrx_word' id='word_1_451' title='bbox 254 3662 455 3731; x_wconf 71' lang='grc' dir='ltr'>ψάλτας</span> <span class='ocrx_word' id='word_1_452' title='bbox 486 3674 592 3731; x_wconf 82' lang='grc' dir='ltr'>κε’,</span> <span class='ocrx_word' id='word_1_453' title='bbox 626 3667 703 3730; x_wconf 90' lang='grc' dir='ltr'><strong>ώς</strong></span> <span class='ocrx_word' id='word_1_454' title='bbox 728 3662 869 3722; x_wconf 81' lang='grc' dir='ltr'>εἶναι</span> <span class='ocrx_word' id='word_1_455' title='bbox 908 3669 1001 3722; x_wconf 78' lang='grc' dir='ltr'><strong>τὸν</strong></span> <span class='ocrx_word' id='word_1_456' title='bbox 1029 3669 1245 3724; x_wconf 78' lang='grc' dir='ltr'>ἅπαντα</span> <span class='ocrx_word' id='word_1_457' title='bbox 1276 3671 1511 3741; x_wconf 84' lang='grc' dir='ltr'>ἀριθμὸν</span> <span class='ocrx_word' id='word_1_458' title='bbox 1542 3670 1652 3723; x_wconf 83' lang='grc' dir='ltr'><strong>τῶν</strong></span> <span class='ocrx_word' id='word_1_459' title='bbox 1682 3671 1844 3723; x_wconf 81' lang='grc' dir='ltr'>εὐλα-</span> 
     </span>
    </p>
   </div>
   <div class='ocr_carea' id='block_1_67' title="bbox 255 3757 1845 3834">
    <p class='ocr_par' dir='ltr' id='par_1_67' title="bbox 255 3757 1845 3834">
     <span class='ocr_line' id='line_1_67' title="bbox 255 3757 1845 3834; baseline 0.004 -25"><span class='ocrx_word' id='word_1_460' title='bbox 255 3757 523 3814; x_wconf 83' lang='grc' dir='ltr'>6εστάτων</span> <span class='ocrx_word' id='word_1_461' title='bbox 572 3758 854 3831; x_wconf 85' lang='grc' dir='ltr'>κληρικῶν</span> <span class='ocrx_word' id='word_1_462' title='bbox 885 3762 984 3833; x_wconf 80' lang='grc' dir='ltr'><strong>τῆς</strong></span> <span class='ocrx_word' id='word_1_463' title='bbox 1014 3762 1270 3834; x_wconf 83' lang='grc' dir='ltr'>Μεγάλης</span> <span class='ocrx_word' id='word_1_464' title='bbox 1307 3762 1607 3832; x_wconf 81' lang='grc' dir='ltr'>ἐκκλησίας</span> <span class='ocrx_word' id='word_1_465' title='bbox 1638 3763 1695 3815; x_wconf 84' lang='grc' dir='ltr'>ὲν</span> <span class='ocrx_word' id='word_1_466' title='bbox 1730 3768 1845 3815; x_wconf 85' lang='grc' dir='ltr'>υκε¹</span> 
     </span>
    </p>
   </div>
   <div class='ocr_carea' id='block_1_68' title="bbox 255 3849 1843 3923">
    <p class='ocr_par' dir='ltr' id='par_1_68' title="bbox 255 3849 1843 3923">
     <span class='ocr_line' id='line_1_68' title="bbox 255 3849 1843 3923; baseline 0.005 -24"><span class='ocrx_word' id='word_1_467' title='bbox 255 3849 585 3918; x_wconf 81' lang='grc' dir='ltr'>προσώποις,</span> <span class='ocrx_word' id='word_1_468' title='bbox 622 3852 716 3905; x_wconf 71' lang='grc' dir='ltr'><strong>καὶ</strong></span> <span class='ocrx_word' id='word_1_469' title='bbox 746 3850 787 3922; x_wconf 81' lang='grc' dir='ltr'>ρ’</span> <span class='ocrx_word' id='word_1_470' title='bbox 816 3852 950 3923; x_wconf 74' lang='grc' dir='ltr'>πρὸς</span> <span class='ocrx_word' id='word_1_471' title='bbox 980 3852 1192 3918; x_wconf 80' lang='grc' dir='ltr'>τούτοις</span> <span class='ocrx_word' id='word_1_472' title='bbox 1216 3855 1326 3908; x_wconf 82' lang='grc' dir='ltr'><strong>τῶν</strong></span> <span class='ocrx_word' id='word_1_473' title='bbox 1358 3853 1709 3923; x_wconf 83' lang='grc' dir='ltr'>καλουμένων</span> <span class='ocrx_word' id='word_1_474' title='bbox 1735 3871 1843 3907; x_wconf 85' lang='grc' dir='ltr'>πυ-</span> 
     </span>
    </p>
   </div>
   <div class='ocr_carea' id='block_1_69' title="bbox 254 3937 1845 4014">
    <p class='ocr_par' dir='ltr' id='par_1_69' title="bbox 254 3937 1845 4014">
     <span class='ocr_line' id='line_1_69' title="bbox 254 3937 1845 4014; baseline 0.001 -19"><span class='ocrx_word' id='word_1_475' title='bbox 254 3937 456 4007; x_wconf 78' lang='grc' dir='ltr'>λωρῶν,</span> <span class='ocrx_word' id='word_1_476' title='bbox 484 3943 584 3994; x_wconf 69' lang='grc' dir='ltr'><strong>καὶ</strong></span> <span class='ocrx_word' id='word_1_477' title='bbox 616 3943 648 4011; x_wconf 85' lang='grc' dir='ltr'>ἡ</span> <span class='ocrx_word' id='word_1_478' title='bbox 689 3949 719 3995; x_wconf 84' lang='grc' dir='ltr'>ι’</span> <span class='ocrx_word' id='word_1_479' title='bbox 751 3944 892 3999; x_wconf 86' lang='grc' dir='ltr'>διάτ.</span> <span class='ocrx_word' id='word_1_480' title='bbox 941 3944 1035 3998; x_wconf 88' lang='grc' dir='ltr'><strong>τοῦ</strong></span> <span class='ocrx_word' id='word_1_481' title='bbox 1099 3951 1147 3998; x_wconf 82' lang='grc' dir='ltr'>α’</span> <span class='ocrx_word' id='word_1_482' title='bbox 1181 3944 1285 3999; x_wconf 89' lang='grc' dir='ltr'>τίτ.</span> <span class='ocrx_word' id='word_1_483' title='bbox 1328 3944 1435 3997; x_wconf 82' lang='grc' dir='ltr'>τῶν</span> <span class='ocrx_word' id='word_1_484' title='bbox 1468 3944 1699 4014; x_wconf 84' lang='grc' dir='ltr'>Νεαρῶν</span> <span class='ocrx_word' id='word_1_485' title='bbox 1726 3946 1845 3997; x_wconf 75' lang='grc' dir='ltr'>ἐστι</span> 
     </span>
    </p>
   </div>
   <div class='ocr_carea' id='block_1_70' title="bbox 256 4029 1836 4105">
    <p class='ocr_par' dir='ltr' id='par_1_70' title="bbox 256 4029 1836 4105">
     <span class='ocr_line' id='line_1_70' title="bbox 256 4029 1836 4105; baseline 0.005 -27"><span class='ocrx_word' id='word_1_486' title='bbox 256 4029 411 4097; x_wconf 65' lang='grc' dir='ltr'>νεαρὰ</span> <span class='ocrx_word' id='word_1_487' title='bbox 450 4030 886 4097; x_wconf 76' lang='grc' dir='ltr'>Ἰουστινιάνειος</span> <span class='ocrx_word' id='word_1_488' title='bbox 923 4032 998 4098; x_wconf 82' lang='grc' dir='ltr'>ις’</span> <span class='ocrx_word' id='word_1_489' title='bbox 1044 4035 1275 4105; x_wconf 85' lang='grc' dir='ltr'>κειμένη</span> <span class='ocrx_word' id='word_1_490' title='bbox 1316 4036 1372 4088; x_wconf 85' lang='grc' dir='ltr'>ὲν</span> <span class='ocrx_word' id='word_1_491' title='bbox 1425 4034 1616 4105; x_wconf 76' lang='grc' dir='ltr'>βιϐλίῳ</span> <span class='ocrx_word' id='word_1_492' title='bbox 1642 4033 1692 4102; x_wconf 90' lang='grc' dir='ltr'>γ’</span> <span class='ocrx_word' id='word_1_493' title='bbox 1726 4033 1836 4087; x_wconf 86' lang='grc' dir='ltr'>τῶν</span> 
     </span>
    </p>
   </div>
   <div class='ocr_carea' id='block_1_71' title="bbox 256 4119 1844 4195">
    <p class='ocr_par' dir='ltr' id='par_1_71' title="bbox 256 4119 1844 4195">
     <span class='ocr_line' id='line_1_71' title="bbox 256 4119 1844 4195; baseline 0.005 -24"><span class='ocrx_word' id='word_1_494' title='bbox 256 4119 555 4176; x_wconf 72' lang='grc' dir='ltr'>Βισιλικῶν</span> <span class='ocrx_word' id='word_1_495' title='bbox 619 4124 723 4179; x_wconf 88' lang='grc' dir='ltr'>τίτ.</span> <span class='ocrx_word' id='word_1_496' title='bbox 758 4124 829 4193; x_wconf 85' lang='grc' dir='ltr'>γ’,</span> <span class='ocrx_word' id='word_1_497' title='bbox 878 4143 1001 4195; x_wconf 74' lang='grc' dir='ltr'>κεφ.</span> <span class='ocrx_word' id='word_1_498' title='bbox 1029 4125 1098 4191; x_wconf 87' lang='grc' dir='ltr'>α’,</span> <span class='ocrx_word' id='word_1_499' title='bbox 1138 4127 1167 4180; x_wconf 83' lang='grc' dir='ltr'><strong>ὃ</strong></span> <span class='ocrx_word' id='word_1_500' title='bbox 1227 4127 1322 4180; x_wconf 73' lang='grc' dir='ltr'><strong>καὶ</strong></span> <span class='ocrx_word' id='word_1_501' title='bbox 1353 4126 1625 4195; x_wconf 83' lang='grc' dir='ltr'>ἀνάγνωθι</span> <span class='ocrx_word' id='word_1_502' title='bbox 1659 4128 1707 4179; x_wconf 81' lang='grc' dir='ltr'><strong>εί</strong></span> <span class='ocrx_word' id='word_1_503' title='bbox 1756 4124 1844 4180; x_wconf 86' lang='grc' dir='ltr'>θέ-</span> 
     </span>
    </p>
   </div>
   <div class='ocr_carea' id='block_1_72' title="bbox 254 4213 1842 4292">
    <p class='ocr_par' dir='ltr' id='par_1_72' title="bbox 254 4213 1842 4292">
     <span class='ocr_line' id='line_1_72' title="bbox 254 4213 1842 4292; baseline 0.005 -28"><span class='ocrx_word' id='word_1_504' title='bbox 254 4213 357 4279; x_wconf 86' lang='grc' dir='ltr'>λεις</span> <span class='ocrx_word' id='word_1_505' title='bbox 405 4217 467 4269; x_wconf 78' lang='grc' dir='ltr'><strong>οὐ</strong></span> <span class='ocrx_word' id='word_1_506' title='bbox 526 4219 888 4291; x_wconf 84' lang='grc' dir='ltr'>κατεστρώθη</span> <span class='ocrx_word' id='word_1_507' title='bbox 944 4220 1051 4292; x_wconf 84' lang='grc' dir='ltr'><strong>γὰρ</strong></span> <span class='ocrx_word' id='word_1_508' title='bbox 1106 4220 1341 4274; x_wconf 77' lang='grc' dir='ltr'>ἐνταῦθα</span> <span class='ocrx_word' id='word_1_509' title='bbox 1397 4221 1486 4275; x_wconf 71' lang='grc' dir='ltr'><strong>διὰ</strong></span> <span class='ocrx_word' id='word_1_510' title='bbox 1540 4222 1602 4273; x_wconf 78' lang='grc' dir='ltr'><strong>τδ</strong></span> <span class='ocrx_word' id='word_1_511' title='bbox 1640 4236 1842 4273; x_wconf 88' lang='grc' dir='ltr'>παντε-</span> 
     </span>
    </p>
   </div>
   <div class='ocr_carea' id='block_1_73' title="bbox 252 4304 1843 4383">
    <p class='ocr_par' dir='ltr' id='par_1_73' title="bbox 252 4304 1843 4383">
     <span class='ocr_line' id='line_1_73' title="bbox 252 4304 1843 4383; baseline 0.005 -26"><span class='ocrx_word' id='word_1_512' title='bbox 252 4304 352 4370; x_wconf 82' lang='grc' dir='ltr'><strong>λῶς</strong></span> <span class='ocrx_word' id='word_1_513' title='bbox 412 4310 788 4383; x_wconf 76' lang='grc' dir='ltr'>ἀχρηστῆσαι.</span> <span class='ocrx_word' id='word_1_514' title='bbox 846 4313 921 4365; x_wconf 78' lang='grc' dir='ltr'><strong>Οὐ</strong></span> <span class='ocrx_word' id='word_1_515' title='bbox 973 4314 1109 4383; x_wconf 88' lang='grc' dir='ltr'>μόνα</span> <span class='ocrx_word' id='word_1_516' title='bbox 1176 4313 1233 4366; x_wconf 86' lang='grc' dir='ltr'>δὲ</span> <span class='ocrx_word' id='word_1_517' title='bbox 1290 4312 1358 4367; x_wconf 78' lang='grc' dir='ltr'>τὰ</span> <span class='ocrx_word' id='word_1_518' title='bbox 1426 4311 1519 4366; x_wconf 89' lang='grc' dir='ltr'><strong>τοῦ</strong></span> <span class='ocrx_word' id='word_1_519' title='bbox 1598 4311 1843 4365; x_wconf 86' lang='grc' dir='ltr'>τοιούτου</span> 
     </span>
    </p>
   </div>
   <div class='ocr_carea' id='block_1_74' title="bbox 1954 3118 3552 3195">
    <p class='ocr_par' dir='ltr' id='par_1_74' title="bbox 1954 3118 3552 3195">
     <span class='ocr_line' id='line_1_74' title="bbox 1954 3118 3552 3195; baseline 0.004 -23"><span class='ocrx_word' id='word_1_520' title='bbox 1954 3118 1990 3172; x_wconf 83' lang='grc'><strong>’5</strong></span> <span class='ocrx_word' id='word_1_521' title='bbox 2051 3118 2349 3174; x_wconf 86' lang='lat' dir='ltr'><strong>Justiniani</strong></span> <span class='ocrx_word' id='word_1_522' title='bbox 2404 3121 2582 3191; x_wconf 79' lang='lat' dir='ltr'><strong>posita</strong></span> <span class='ocrx_word' id='word_1_523' title='bbox 2645 3120 2790 3193; x_wconf 87' lang='lat' dir='ltr'><strong>[que</strong></span> <span class='ocrx_word' id='word_1_524' title='bbox 2819 3123 2942 3195; x_wconf 89' lang='lat' dir='ltr'><strong>est]</strong></span> <span class='ocrx_word' id='word_1_525' title='bbox 3020 3126 3075 3180; x_wconf 91' lang='lat' dir='ltr'><strong>in</strong></span> <span class='ocrx_word' id='word_1_526' title='bbox 3133 3124 3230 3179; x_wconf 92' lang='lat' dir='ltr'><strong>lib.</strong></span> <span class='ocrx_word' id='word_1_527' title='bbox 3288 3123 3459 3182; x_wconf 78' lang='lat' dir='ltr'><strong>Basil.</strong></span> <span class='ocrx_word' id='word_1_528' title='bbox 3516 3126 3552 3179; x_wconf 80' lang='grc'><strong>5</strong></span> 
     </span>
    </p>
   </div>
   <div class='ocr_carea' id='block_1_75' title="bbox 1954 3207 3547 3283">
    <p class='ocr_par' dir='ltr' id='par_1_75' title="bbox 1954 3207 3547 3283">
     <span class='ocr_line' id='line_1_75' title="bbox 1954 3207 3547 3283; baseline 0.003 -22"><span class='ocrx_word' id='word_1_529' title='bbox 1954 3207 2040 3262; x_wconf 89' lang='lat' dir='ltr'><strong>tit.</strong></span> <span class='ocrx_word' id='word_1_530' title='bbox 2081 3208 2137 3271; x_wconf 78' lang='grc'>2,</span> <span class='ocrx_word' id='word_1_531' title='bbox 2167 3224 2288 3278; x_wconf 86' lang='lat' dir='ltr'><strong>cap.</strong></span> <span class='ocrx_word' id='word_1_532' title='bbox 2322 3210 2371 3275; x_wconf 93' lang='lat'><strong>1,</strong></span> <span class='ocrx_word' id='word_1_533' title='bbox 2411 3211 2652 3266; x_wconf 88' lang='lat' dir='ltr'><strong>themate</strong></span> <span class='ocrx_word' id='word_1_534' title='bbox 2684 3213 3011 3281; x_wconf 89' lang='lat' dir='ltr'><strong>penultimo,</strong></span> <span class='ocrx_word' id='word_1_535' title='bbox 3044 3214 3189 3283; x_wconf 86' lang='lat' dir='ltr'><strong>quod</strong></span> <span class='ocrx_word' id='word_1_536' title='bbox 3222 3213 3313 3269; x_wconf 72' lang='lat' dir='ltr'><strong>sic</strong></span> <span class='ocrx_word' id='word_1_537' title='bbox 3348 3214 3547 3269; x_wconf 89' lang='lat' dir='ltr'><strong>habet:</strong></span> 
     </span>
    </p>
   </div>
   <div class='ocr_carea' id='block_1_76' title="bbox 1955 3298 3551 3371">
    <p class='ocr_par' dir='ltr' id='par_1_76' title="bbox 1955 3298 3551 3371">
     <span class='ocr_line' id='line_1_76' title="bbox 1955 3298 3551 3371; baseline 0.006 -23"><span class='ocrx_word' id='word_1_538' title='bbox 1955 3298 2303 3365; x_wconf 87' lang='lat' dir='ltr'><strong>Quapropter</strong></span> <span class='ocrx_word' id='word_1_539' title='bbox 2351 3298 2677 3364; x_wconf 88' lang='lat' dir='ltr'><strong>sancimus,</strong></span> <span class='ocrx_word' id='word_1_540' title='bbox 2717 3315 2785 3354; x_wconf 92' lang='lat' dir='ltr'><strong>ne</strong></span> <span class='ocrx_word' id='word_1_541' title='bbox 2835 3302 3057 3371; x_wconf 89' lang='lat' dir='ltr'><strong>quando</strong></span> <span class='ocrx_word' id='word_1_542' title='bbox 3115 3302 3173 3356; x_wconf 85' lang='lat' dir='ltr'><strong>in</strong></span> <span class='ocrx_word' id='word_1_543' title='bbox 3226 3299 3419 3371; x_wconf 86' lang='lat' dir='ltr'><strong>Magna</strong></span> <span class='ocrx_word' id='word_1_544' title='bbox 3457 3316 3551 3356; x_wconf 90' lang='lat' dir='ltr'><strong>ec-</strong></span> 
     </span>
    </p>
   </div>
   <div class='ocr_carea' id='block_1_77' title="bbox 1954 3388 3551 3463">
    <p class='ocr_par' dir='ltr' id='par_1_77' title="bbox 1954 3388 3551 3463">
     <span class='ocr_line' id='line_1_77' title="bbox 1954 3388 3551 3463; baseline 0.002 -21"><span class='ocrx_word' id='word_1_545' title='bbox 1954 3388 2121 3442; x_wconf 90' lang='lat' dir='ltr'><strong>clesia</strong></span> <span class='ocrx_word' id='word_1_546' title='bbox 2159 3388 2305 3443; x_wconf 87' lang='lat' dir='ltr'><strong>ultra</strong></span> <span class='ocrx_word' id='word_1_547' title='bbox 2370 3390 2655 3459; x_wconf 78' lang='lat' dir='ltr'><strong>sexaginta</strong></span> <span class='ocrx_word' id='word_1_548' title='bbox 2712 3392 3084 3463; x_wconf 82' lang='lat' dir='ltr'><strong>presbyteros,</strong></span> <span class='ocrx_word' id='word_1_549' title='bbox 3126 3391 3391 3447; x_wconf 89' lang='lat' dir='ltr'><strong>diaconos</strong></span> <span class='ocrx_word' id='word_1_550' title='bbox 3419 3407 3551 3446; x_wconf 92' lang='lat' dir='ltr'><strong>vero</strong></span> 
     </span>
    </p>
   </div>
   <div class='ocr_carea' id='block_1_78' title="bbox 1955 3481 3550 3555">
    <p class='ocr_par' dir='ltr' id='par_1_78' title="bbox 1955 3481 3550 3555">
     <span class='ocr_line' id='line_1_78' title="bbox 1955 3481 3550 3555; baseline 0.003 -20"><span class='ocrx_word' id='word_1_551' title='bbox 1955 3496 2139 3536; x_wconf 70' lang='lat' dir='ltr'><strong>mares</strong></span> <span class='ocrx_word' id='word_1_552' title='bbox 2188 3490 2428 3546; x_wconf 87' lang='lat' dir='ltr'><strong>centum,</strong></span> <span class='ocrx_word' id='word_1_553' title='bbox 2487 3481 2723 3539; x_wconf 84' lang='lat' dir='ltr'><strong>feminas</strong></span> <span class='ocrx_word' id='word_1_554' title='bbox 2780 3485 3146 3555; x_wconf 83' lang='lat' dir='ltr'><strong>quadraginta</strong></span> <span class='ocrx_word' id='word_1_555' title='bbox 3174 3522 3188 3549; x_wconf 89' lang='lat'><strong>,</strong></span> <span class='ocrx_word' id='word_1_556' title='bbox 3234 3492 3290 3539; x_wconf 90' lang='lat' dir='ltr'><strong>et</strong></span> <span class='ocrx_word' id='word_1_557' title='bbox 3328 3484 3550 3541; x_wconf 85' lang='lat' dir='ltr'><strong>subdia-</strong></span> 
     </span>
    </p>
   </div>
   <div class='ocr_carea' id='block_1_79' title="bbox 1955 3574 3568 3639">
    <p class='ocr_par' dir='ltr' id='par_1_79' title="bbox 1955 3574 3568 3639">
     <span class='ocr_line' id='line_1_79' title="bbox 1955 3574 3568 3639; baseline 0.002 -13"><span class='ocrx_word' id='word_1_558' title='bbox 1955 3586 2129 3627; x_wconf 89' lang='lat' dir='ltr'><strong>conos</strong></span> <span class='ocrx_word' id='word_1_559' title='bbox 2173 3574 2495 3639; x_wconf 79' lang='lat' dir='ltr'><strong>nonaginta,</strong></span> <span class='ocrx_word' id='word_1_560' title='bbox 2542 3575 2779 3631; x_wconf 87' lang='lat' dir='ltr'><strong>lectores</strong></span> <span class='ocrx_word' id='word_1_561' title='bbox 2833 3584 3015 3631; x_wconf 89' lang='lat' dir='ltr'><strong>autem</strong></span> <span class='ocrx_word' id='word_1_562' title='bbox 3053 3576 3195 3630; x_wconf 89' lang='lat' dir='ltr'><strong>ultra</strong></span> <span class='ocrx_word' id='word_1_563' title='bbox 3241 3585 3459 3632; x_wconf 89' lang='lat' dir='ltr'><strong>centum</strong></span> <span class='ocrx_word' id='word_1_564' title='bbox 3499 3582 3568 3630; x_wconf 64' lang='grc' dir='ltr'>ειν</span> 
     </span>
    </p>
   </div>
   <div class='ocr_carea' id='block_1_80' title="bbox 1957 3665 3557 3739">
    <p class='ocr_par' dir='ltr' id='par_1_80' title="bbox 1957 3665 3557 3739">
     <span class='ocr_line' id='line_1_80' title="bbox 1957 3665 3557 3739; baseline 0.003 -20"><span class='ocrx_word' id='word_1_565' title='bbox 1957 3665 2171 3728; x_wconf 88' lang='lat' dir='ltr'><strong>decem,</strong></span> <span class='ocrx_word' id='word_1_566' title='bbox 2199 3674 2459 3721; x_wconf 87' lang='lat' dir='ltr'><strong>cantores</strong></span> <span class='ocrx_word' id='word_1_567' title='bbox 2495 3667 2638 3722; x_wconf 90' lang='lat' dir='ltr'><strong>ultra</strong></span> <span class='ocrx_word' id='word_1_568' title='bbox 2662 3668 2854 3739; x_wconf 83' lang='lat' dir='ltr'><strong>viginti</strong></span> <span class='ocrx_word' id='word_1_569' title='bbox 2877 3669 3122 3739; x_wconf 89' lang='lat' dir='ltr'><strong>quinque</strong></span> <span class='ocrx_word' id='word_1_570' title='bbox 3151 3668 3458 3725; x_wconf 76' lang='lat' dir='ltr'><strong>exsistant:</strong></span> <span class='ocrx_word' id='word_1_571' title='bbox 3496 3678 3557 3724; x_wconf 92' lang='lat' dir='ltr'><strong>ut</strong></span> 
     </span>
    </p>
   </div>
   <div class='ocr_carea' id='block_1_81' title="bbox 1957 3755 3557 3831">
    <p class='ocr_par' dir='ltr' id='par_1_81' title="bbox 1957 3755 3557 3831">
     <span class='ocr_line' id='line_1_81' title="bbox 1957 3755 3557 3831; baseline 0.003 -23"><span class='ocrx_word' id='word_1_572' title='bbox 1957 3755 2251 3811; x_wconf 89' lang='lat' dir='ltr'><strong>universus</strong></span> <span class='ocrx_word' id='word_1_573' title='bbox 2312 3758 2902 3814; x_wconf 86' lang='lat' dir='ltr'><strong>reverendissimorum</strong></span> <span class='ocrx_word' id='word_1_574' title='bbox 2956 3760 3287 3815; x_wconf 90' lang='lat' dir='ltr'><strong>clericorum</strong></span> <span class='ocrx_word' id='word_1_575' title='bbox 3334 3758 3557 3831; x_wconf 71' lang='lat' dir='ltr'><strong>Maioris</strong></span> 
     </span>
    </p>
   </div>
   <div class='ocr_carea' id='block_1_82' title="bbox 1956 3847 3556 3922">
    <p class='ocr_par' dir='ltr' id='par_1_82' title="bbox 1956 3847 3556 3922">
     <span class='ocr_line' id='line_1_82' title="bbox 1956 3847 3556 3922; baseline 0.002 -21"><span class='ocrx_word' id='word_1_576' title='bbox 1956 3847 2204 3901; x_wconf 80' lang='lat' dir='ltr'><strong>eCclesiae</strong></span> <span class='ocrx_word' id='word_1_577' title='bbox 2238 3863 2505 3905; x_wconf 89' lang='lat' dir='ltr'><strong>numerus</strong></span> <span class='ocrx_word' id='word_1_578' title='bbox 2540 3851 2594 3904; x_wconf 89' lang='lat' dir='ltr'><strong>in</strong></span> <span class='ocrx_word' id='word_1_579' title='bbox 2626 3850 3047 3921; x_wconf 85' lang='lat' dir='ltr'><strong>quadringentis</strong></span> <span class='ocrx_word' id='word_1_580' title='bbox 3080 3852 3273 3922; x_wconf 87' lang='lat' dir='ltr'><strong>viginti</strong></span> <span class='ocrx_word' id='word_1_581' title='bbox 3310 3850 3556 3922; x_wconf 84' lang='lat' dir='ltr'><strong>quinque</strong></span> 
     </span>
    </p>
   </div>
   <div class='ocr_carea' id='block_1_83' title="bbox 1954 3938 3555 4015">
    <p class='ocr_par' dir='ltr' id='par_1_83' title="bbox 1954 3938 3555 4015">
     <span class='ocr_line' id='line_1_83' title="bbox 1954 3938 3555 4015; baseline 0.003 -24"><span class='ocrx_word' id='word_1_582' title='bbox 1954 3938 2230 4008; x_wconf 87' lang='lat' dir='ltr'><strong>personis,</strong></span> <span class='ocrx_word' id='word_1_583' title='bbox 2261 3948 2318 3994; x_wconf 87' lang='lat' dir='ltr'><strong>et</strong></span> <span class='ocrx_word' id='word_1_584' title='bbox 2356 3951 2577 3996; x_wconf 89' lang='lat' dir='ltr'><strong>centum</strong></span> <span class='ocrx_word' id='word_1_585' title='bbox 2620 3952 2884 4011; x_wconf 84' lang='lat' dir='ltr'><strong>praeterea</strong></span> <span class='ocrx_word' id='word_1_586' title='bbox 2927 3944 3175 3999; x_wconf 90' lang='lat' dir='ltr'><strong>ostiariis</strong></span> <span class='ocrx_word' id='word_1_587' title='bbox 3213 3944 3296 4015; x_wconf 93' lang='lat' dir='ltr'><strong>(ut</strong></span> <span class='ocrx_word' id='word_1_588' title='bbox 3329 3944 3555 4013; x_wconf 87' lang='lat' dir='ltr'><strong>vocant)</strong></span> 
     </span>
    </p>
   </div>
   <div class='ocr_carea' id='block_1_84' title="bbox 1956 4029 3559 4099">
    <p class='ocr_par' dir='ltr' id='par_1_84' title="bbox 1956 4029 3559 4099">
     <span class='ocr_line' id='line_1_84' title="bbox 1956 4029 3559 4099; baseline 0.002 -15"><span class='ocrx_word' id='word_1_589' title='bbox 1956 4030 2243 4085; x_wconf 88' lang='lat' dir='ltr'><strong>consistat.</strong></span> <span class='ocrx_word' id='word_1_590' title='bbox 2298 4029 2366 4085; x_wconf 88' lang='lat' dir='ltr'><strong>Et</strong></span> <span class='ocrx_word' id='word_1_591' title='bbox 2423 4040 2604 4088; x_wconf 90' lang='lat' dir='ltr'><strong>const.</strong></span> <span class='ocrx_word' id='word_1_592' title='bbox 2649 4033 2737 4099; x_wconf 88' lang='lat'><strong>10,</strong></span> <span class='ocrx_word' id='word_1_593' title='bbox 2803 4033 2890 4088; x_wconf 88' lang='lat' dir='ltr'><strong>tit.</strong></span> <span class='ocrx_word' id='word_1_594' title='bbox 2953 4034 2972 4086; x_wconf 88' lang='lat'><strong>1</strong></span> <span class='ocrx_word' id='word_1_595' title='bbox 3037 4032 3411 4099; x_wconf 88' lang='lat' dir='ltr'><strong>Novellarum,</strong></span> <span class='ocrx_word' id='word_1_596' title='bbox 3470 4043 3559 4087; x_wconf 81' lang='lat' dir='ltr'><strong>est</strong></span> 
     </span>
    </p>
   </div>
   <div class='ocr_carea' id='block_1_85' title="bbox 1958 4117 3554 4197">
    <p class='ocr_par' dir='ltr' id='par_1_85' title="bbox 1958 4117 3554 4197">
     <span class='ocr_line' id='line_1_85' title="bbox 1958 4117 3554 4197; baseline 0.001 -21"><span class='ocrx_word' id='word_1_597' title='bbox 1958 4122 2173 4178; x_wconf 87' lang='lat' dir='ltr'><strong>novella</strong></span> <span class='ocrx_word' id='word_1_598' title='bbox 2223 4121 2523 4179; x_wconf 84' lang='lat' dir='ltr'><strong>Justiniani</strong></span> <span class='ocrx_word' id='word_1_599' title='bbox 2568 4124 2674 4190; x_wconf 85' lang='lat'><strong>16,</strong></span> <span class='ocrx_word' id='word_1_600' title='bbox 2708 4124 2890 4195; x_wconf 88' lang='lat' dir='ltr'><strong>posita</strong></span> <span class='ocrx_word' id='word_1_601' title='bbox 2939 4123 3070 4197; x_wconf 90' lang='lat' dir='ltr'><strong>[que</strong></span> <span class='ocrx_word' id='word_1_602' title='bbox 3102 4125 3217 4197; x_wconf 90' lang='lat' dir='ltr'><strong>est]</strong></span> <span class='ocrx_word' id='word_1_603' title='bbox 3279 4117 3345 4179; x_wconf 47' lang='lat' dir='ltr'><strong>in&#39;</strong></span> <span class='ocrx_word' id='word_1_604' title='bbox 3385 4124 3554 4179; x_wconf 81' lang='lat' dir='ltr'><strong>Basil.</strong></span> 
     </span>
    </p>
   </div>
   <div class='ocr_carea' id='block_1_86' title="bbox 1958 4214 3547 4287">
    <p class='ocr_par' dir='ltr' id='par_1_86' title="bbox 1958 4214 3547 4287">
     <span class='ocr_line' id='line_1_86' title="bbox 1958 4214 3547 4287; baseline 0.001 -17"><span class='ocrx_word' id='word_1_605' title='bbox 1958 4228 2043 4281; x_wconf 84' lang='lat' dir='ltr'><strong>Ill,</strong></span> <span class='ocrx_word' id='word_1_606' title='bbox 2074 4215 2158 4269; x_wconf 89' lang='lat' dir='ltr'><strong>tit.</strong></span> <span class='ocrx_word' id='word_1_607' title='bbox 2197 4214 2252 4280; x_wconf 81' lang='lat'><strong>&#39;5,</strong></span> <span class='ocrx_word' id='word_1_608' title='bbox 2294 4230 2416 4285; x_wconf 90' lang='lat' dir='ltr'><strong>cap.</strong></span> <span class='ocrx_word' id='word_1_609' title='bbox 2445 4216 2500 4279; x_wconf 90' lang='lat'><strong>1,</strong></span> <span class='ocrx_word' id='word_1_610' title='bbox 2533 4217 2679 4285; x_wconf 87' lang='lat' dir='ltr'><strong>quod</strong></span> <span class='ocrx_word' id='word_1_611' title='bbox 2726 4216 2894 4270; x_wconf 91' lang='lat' dir='ltr'><strong>etiam</strong></span> <span class='ocrx_word' id='word_1_612' title='bbox 2948 4214 3123 4287; x_wconf 87' lang='lat' dir='ltr'><strong>legas,</strong></span> <span class='ocrx_word' id='word_1_613' title='bbox 3156 4217 3201 4271; x_wconf 93' lang='lat' dir='ltr'><strong>si</strong></span> <span class='ocrx_word' id='word_1_614' title='bbox 3232 4216 3409 4272; x_wconf 87' lang='lat' dir='ltr'><strong>visum</strong></span> <span class='ocrx_word' id='word_1_615' title='bbox 3453 4218 3547 4273; x_wconf 83' lang='lat' dir='ltr'><strong>sit.</strong></span> 
     </span>
    </p>
   </div>
   <div class='ocr_carea' id='block_1_87' title="bbox 1960 4303 3554 4373">
    <p class='ocr_par' dir='ltr' id='par_1_87' title="bbox 1960 4303 3554 4373">
     <span class='ocr_line' id='line_1_87' title="bbox 1960 4303 3554 4373; baseline 0.002 -14"><span class='ocrx_word' id='word_1_616' title='bbox 1960 4305 2110 4373; x_wconf 83' lang='lat' dir='ltr'><strong>Quia.</strong></span> <span class='ocrx_word' id='word_1_617' title='bbox 2149 4306 2297 4361; x_wconf 88' lang='lat' dir='ltr'><strong>enim</strong></span> <span class='ocrx_word' id='word_1_618' title='bbox 2366 4306 2592 4362; x_wconf 89' lang='lat' dir='ltr'><strong>omnino</strong></span> <span class='ocrx_word' id='word_1_619' title='bbox 2656 4307 2711 4362; x_wconf 92' lang='lat' dir='ltr'><strong>in</strong></span> <span class='ocrx_word' id='word_1_620' title='bbox 2764 4323 2869 4363; x_wconf 92' lang='lat' dir='ltr'><strong>usu</strong></span> <span class='ocrx_word' id='word_1_621' title='bbox 2922 4323 3048 4363; x_wconf 84' lang='lat' dir='ltr'><strong>esse</strong></span> <span class='ocrx_word' id='word_1_622' title='bbox 3086 4308 3267 4373; x_wconf 89' lang='lat' dir='ltr'><strong>desiit,</strong></span> <span class='ocrx_word' id='word_1_623' title='bbox 3324 4303 3413 4365; x_wconf 83' lang='lat' dir='ltr'><strong>hic</strong></span> <span class='ocrx_word' id='word_1_624' title='bbox 3444 4324 3554 4363; x_wconf 88' lang='lat' dir='ltr'><strong>non</strong></span> 
     </span>
    </p>
   </div>
   <div class='ocr_carea' id='block_1_88' title="bbox 255 4395 1860 4477">
    <p class='ocr_par' dir='ltr' id='par_1_88' title="bbox 255 4401 1844 4477">
     <span class='ocr_line' id='line_1_88' title="bbox 255 4401 1844 4477; baseline 0.004 -25"><span class='ocrx_word' id='word_1_625' title='bbox 255 4401 409 4471; x_wconf 79' lang='grc' dir='ltr'>νόμου</span> <span class='ocrx_word' id='word_1_626' title='bbox 462 4405 848 4474; x_wconf 75' lang='grc' dir='ltr'>ὴχρήστησαν,</span> <span class='ocrx_word' id='word_1_627' title='bbox 906 4405 1044 4459; x_wconf 85' lang='grc' dir='ltr'>ἀλλὰ</span> <span class='ocrx_word' id='word_1_628' title='bbox 1100 4406 1195 4459; x_wconf 73' lang='grc' dir='ltr'><strong>καὶ</strong></span> <span class='ocrx_word' id='word_1_629' title='bbox 1245 4406 1314 4459; x_wconf 82' lang='grc' dir='ltr'>τὰ</span> <span class='ocrx_word' id='word_1_630' title='bbox 1358 4406 1456 4476; x_wconf 77' lang='grc' dir='ltr'>τῆς</span> <span class='ocrx_word' id='word_1_631' title='bbox 1518 4405 1844 4477; x_wconf 81' lang='grc' dir='ltr'>Ἡρακλείου</span> 
     </span>
    </p>
   </div>
   <div class='ocr_carea' id='block_1_89' title="bbox 1962 4395 3555 4477">
    <p class='ocr_par' dir='ltr' id='par_1_89' title="bbox 1962 4395 3555 4469">
     <span class='ocr_line' id='line_1_89' title="bbox 1962 4395 3555 4469; baseline 0.004 -18"><span class='ocrx_word' id='word_1_632' title='bbox 1962 4397 2239 4453; x_wconf 89' lang='lat' dir='ltr'><strong>inseritur.</strong></span> <span class='ocrx_word' id='word_1_633' title='bbox 2280 4395 2471 4469; x_wconf 88' lang='lat' dir='ltr'><strong>Neque</strong></span> <span class='ocrx_word' id='word_1_634' title='bbox 2518 4413 2650 4453; x_wconf 85' lang='lat' dir='ltr'><strong>vero</strong></span> <span class='ocrx_word' id='word_1_635' title='bbox 2714 4398 2831 4453; x_wconf 67' lang='lat' dir='ltr'><strong>haec</strong></span> <span class='ocrx_word' id='word_1_636' title='bbox 2876 4398 2961 4453; x_wconf 84' lang='lat' dir='ltr'><strong>lex</strong></span> <span class='ocrx_word' id='word_1_637' title='bbox 2995 4400 3111 4453; x_wconf 88' lang='lat' dir='ltr'><strong>sola</strong></span> <span class='ocrx_word' id='word_1_638' title='bbox 3170 4400 3223 4454; x_wconf 89' lang='lat' dir='ltr'><strong>in</strong></span> <span class='ocrx_word' id='word_1_639' title='bbox 3273 4416 3379 4456; x_wconf 91' lang='lat' dir='ltr'><strong>usu</strong></span> <span class='ocrx_word' id='word_1_640' title='bbox 3431 4417 3555 4456; x_wconf 82' lang='lat' dir='ltr'><strong>esse</strong></span> 
     </span>
    </p>
   </div>
   <div class='ocr_carea' id='block_1_90' title="bbox 254 4499 1849 4572">
    <p class='ocr_par' dir='ltr' id='par_1_90' title="bbox 254 4499 1849 4572">
     <span class='ocr_line' id='line_1_90' title="bbox 254 4499 1849 4572; baseline 0.003 -24"><span class='ocrx_word' id='word_1_641' title='bbox 254 4499 446 4568; x_wconf 71' lang='grc' dir='ltr'>νεαρᾶς</span> <span class='ocrx_word' id='word_1_642' title='bbox 498 4500 605 4569; x_wconf 83' lang='grc' dir='ltr'>τῆς</span> <span class='ocrx_word' id='word_1_643' title='bbox 652 4500 1135 4571; x_wconf 83' lang='grc' dir='ltr'>μνημονευομένης</span> <span class='ocrx_word' id='word_1_644' title='bbox 1190 4499 1248 4552; x_wconf 80' lang='grc' dir='ltr'>ἐν</span> <span class='ocrx_word' id='word_1_645' title='bbox 1310 4500 1388 4571; x_wconf 82' lang='grc' dir='ltr'>τῷ</span> <span class='ocrx_word' id='word_1_646' title='bbox 1433 4502 1663 4572; x_wconf 87' lang='grc' dir='ltr'>παρόντι</span> <span class='ocrx_word' id='word_1_647' title='bbox 1723 4518 1849 4555; x_wconf 86' lang='grc' dir='ltr'>συν-</span> 
     </span>
    </p>
   </div>
   <div class='ocr_carea' id='block_1_91' title="bbox 252 4590 1848 4666">
    <p class='ocr_par' dir='ltr' id='par_1_91' title="bbox 252 4590 1848 4666">
     <span class='ocr_line' id='line_1_91' title="bbox 252 4590 1848 4666; baseline 0.003 -24"><span class='ocrx_word' id='word_1_648' title='bbox 252 4590 486 4661; x_wconf 83' lang='grc' dir='ltr'>τάγματι</span> <span class='ocrx_word' id='word_1_649' title='bbox 539 4594 637 4645; x_wconf 70' lang='grc' dir='ltr'><strong>καὶ</strong></span> <span class='ocrx_word' id='word_1_650' title='bbox 680 4592 899 4658; x_wconf 73' lang='grc' dir='ltr'>ἐδέξατο</span> <span class='ocrx_word' id='word_1_651' title='bbox 947 4592 1056 4647; x_wconf 85' lang='grc' dir='ltr'>ἀπὸ</span> <span class='ocrx_word' id='word_1_652' title='bbox 1100 4594 1387 4664; x_wconf 84' lang='grc' dir='ltr'>συνηθείας</span> <span class='ocrx_word' id='word_1_653' title='bbox 1434 4594 1668 4666; x_wconf 80' lang='grc' dir='ltr'>ἀριθμὸν</span> <span class='ocrx_word' id='word_1_654' title='bbox 1717 4595 1848 4666; x_wconf 84' lang='grc' dir='ltr'>κλη-</span> 
     </span>
    </p>
   </div>
   <div class='ocr_carea' id='block_1_92' title="bbox 256 4685 1847 4759">
    <p class='ocr_par' dir='ltr' id='par_1_92' title="bbox 256 4685 1847 4759">
     <span class='ocr_line' id='line_1_92' title="bbox 256 4685 1847 4759; baseline 0.003 -24"><span class='ocrx_word' id='word_1_655' title='bbox 256 4685 417 4753; x_wconf 81' lang='grc' dir='ltr'>ρικῶν</span> <span class='ocrx_word' id='word_1_656' title='bbox 466 4688 502 4757; x_wconf 79' lang='grc' dir='ltr'><strong>ἠ</strong></span> <span class='ocrx_word' id='word_1_657' title='bbox 557 4686 858 4758; x_wconf 86' lang='grc' dir='ltr'>Ἐκκλησία</span> <span class='ocrx_word' id='word_1_658' title='bbox 907 4686 1094 4758; x_wconf 78' lang='grc' dir='ltr'>ἓτερον</span> <span class='ocrx_word' id='word_1_659' title='bbox 1144 4687 1231 4741; x_wconf 82' lang='grc' dir='ltr'>διὰ</span> <span class='ocrx_word' id='word_1_660' title='bbox 1271 4688 1371 4757; x_wconf 77' lang='grc' dir='ltr'><strong>τὴν</strong></span> <span class='ocrx_word' id='word_1_661' title='bbox 1427 4687 1539 4741; x_wconf 88' lang='grc' dir='ltr'>τῶν</span> <span class='ocrx_word' id='word_1_662' title='bbox 1584 4688 1847 4759; x_wconf 84' lang='grc' dir='ltr'>πραγμά-</span> 
     </span>
    </p>
   </div>
   <div class='ocr_carea' id='block_1_93' title="bbox 254 4779 1849 4852">
    <p class='ocr_par' dir='ltr' id='par_1_93' title="bbox 254 4779 1849 4852">
     <span class='ocr_line' id='line_1_93' title="bbox 254 4779 1849 4852; baseline 0.003 -24"><span class='ocrx_word' id='word_1_663' title='bbox 254 4793 355 4830; x_wconf 88' lang='grc' dir='ltr'><strong>των</strong></span> <span class='ocrx_word' id='word_1_664' title='bbox 398 4779 743 4850; x_wconf 83' lang='grc' dir='ltr'>ἀνωμαλίαν.</span> <span class='ocrx_word' id='word_1_665' title='bbox 798 4779 990 4834; x_wconf 75' lang='grc' dir='ltr'>Οὐδενὶ</span> <span class='ocrx_word' id='word_1_666' title='bbox 1039 4780 1153 4850; x_wconf 83' lang='grc' dir='ltr'>γὰρ</span> <span class='ocrx_word' id='word_1_667' title='bbox 1198 4781 1465 4851; x_wconf 77' lang='grc' dir='ltr'>ἠγνόηται</span> <span class='ocrx_word' id='word_1_668' title='bbox 1490 4780 1566 4845; x_wconf 90' lang='grc' dir='ltr'><strong>ώς</strong></span> <span class='ocrx_word' id='word_1_669' title='bbox 1597 4782 1645 4835; x_wconf 84' lang='grc' dir='ltr'><strong>εί</strong></span> <span class='ocrx_word' id='word_1_670' title='bbox 1683 4783 1756 4852; x_wconf 82' lang='grc' dir='ltr'>μὴ</span> <span class='ocrx_word' id='word_1_671' title='bbox 1786 4782 1849 4834; x_wconf 84' lang='grc' dir='ltr'>τὸ</span> 
     </span>
    </p>
   </div>
   <div class='ocr_carea' id='block_1_94' title="bbox 256 4868 1848 4944">
    <p class='ocr_par' dir='ltr' id='par_1_94' title="bbox 256 4868 1848 4944">
     <span class='ocr_line' id='line_1_94' title="bbox 256 4868 1848 4944; baseline 0.006 -26"><span class='ocrx_word' id='word_1_672' title='bbox 256 4868 398 4935; x_wconf 78' lang='grc' dir='ltr'>ἔλεος</span> <span class='ocrx_word' id='word_1_673' title='bbox 429 4872 526 4926; x_wconf 86' lang='grc' dir='ltr'><strong>τοῦ</strong></span> <span class='ocrx_word' id='word_1_674' title='bbox 568 4869 835 4943; x_wconf 85' lang='grc' dir='ltr'>κραταιοῦ</span> <span class='ocrx_word' id='word_1_675' title='bbox 892 4873 989 4927; x_wconf 79' lang='grc' dir='ltr'><strong>καὶ</strong></span> <span class='ocrx_word' id='word_1_676' title='bbox 1034 4873 1191 4941; x_wconf 86' lang='grc' dir='ltr'>ἁγίου</span> <span class='ocrx_word' id='word_1_677' title='bbox 1230 4873 1389 4943; x_wconf 85' lang='grc' dir='ltr'>ἡμῶν</span> <span class='ocrx_word' id='word_1_678' title='bbox 1426 4874 1714 4944; x_wconf 82' lang='grc' dir='ltr'>βασιλέως,</span> <span class='ocrx_word' id='word_1_679' title='bbox 1750 4877 1848 4929; x_wconf 77' lang='grc' dir='ltr'><strong>καὶ</strong></span> 
     </span>
    </p>
   </div>
   <div class='ocr_carea' id='block_1_95' title="bbox 252 4963 1849 5039">
    <p class='ocr_par' dir='ltr' id='par_1_95' title="bbox 252 4963 1849 5039">
     <span class='ocr_line' id='line_1_95' title="bbox 252 4963 1849 5039; baseline 0.004 -26"><span class='ocrx_word' id='word_1_680' title='bbox 252 4963 343 5016; x_wconf 85' lang='grc' dir='ltr'><strong>τοῦ</strong></span> <span class='ocrx_word' id='word_1_681' title='bbox 375 4964 537 5033; x_wconf 83' lang='grc' dir='ltr'>ἁγίου</span> <span class='ocrx_word' id='word_1_682' title='bbox 569 4964 834 5035; x_wconf 85' lang='grc' dir='ltr'>βασιλέως</span> <span class='ocrx_word' id='word_1_683' title='bbox 878 4964 1035 5037; x_wconf 77' lang='grc' dir='ltr'>ἡμῶν</span> <span class='ocrx_word' id='word_1_684' title='bbox 1089 4968 1184 5020; x_wconf 75' lang='grc' dir='ltr'><strong>καὶ</strong></span> <span class='ocrx_word' id='word_1_685' title='bbox 1226 4966 1435 5037; x_wconf 80' lang='grc' dir='ltr'>πατρὸς</span> <span class='ocrx_word' id='word_1_686' title='bbox 1491 4968 1657 5022; x_wconf 86' lang='grc' dir='ltr'>αὑτοῦ</span> <span class='ocrx_word' id='word_1_687' title='bbox 1714 4984 1849 5039; x_wconf 87' lang='grc' dir='ltr'>προ-</span> 
     </span>
    </p>
   </div>
   <div class='ocr_carea' id='block_1_96' title="bbox 256 5054 1850 5131">
    <p class='ocr_par' dir='ltr' id='par_1_96' title="bbox 256 5054 1850 5131">
     <span class='ocr_line' id='line_1_96' title="bbox 256 5054 1850 5131; baseline 0.004 -24"><span class='ocrx_word' id='word_1_688' title='bbox 256 5054 485 5123; x_wconf 67' lang='grc' dir='ltr'>έφθασεν</span> <span class='ocrx_word' id='word_1_689' title='bbox 510 5059 593 5122; x_wconf 78' lang='grc' dir='ltr'>εἰς</span> <span class='ocrx_word' id='word_1_690' title='bbox 622 5058 722 5131; x_wconf 80' lang='grc' dir='ltr'><strong>τὴν</strong></span> <span class='ocrx_word' id='word_1_691' title='bbox 750 5059 1011 5129; x_wconf 86' lang='grc' dir='ltr'>Μεγάλην</span> <span class='ocrx_word' id='word_1_692' title='bbox 1041 5059 1340 5130; x_wconf 78' lang='grc' dir='ltr'>ἐκκλησίαν</span> <span class='ocrx_word' id='word_1_693' title='bbox 1388 5060 1465 5124; x_wconf 88' lang='grc' dir='ltr'>ὡς</span> <span class='ocrx_word' id='word_1_694' title='bbox 1512 5062 1607 5114; x_wconf 77' lang='grc' dir='ltr'><strong>καὶ</strong></span> <span class='ocrx_word' id='word_1_695' title='bbox 1640 5078 1850 5115; x_wconf 89' lang='grc' dir='ltr'>παντα-</span> 
     </span>
    </p>
   </div>
   <div class='ocr_carea' id='block_1_97' title="bbox 256 5149 1848 5224">
    <p class='ocr_par' dir='ltr' id='par_1_97' title="bbox 256 5149 1848 5224">
     <span class='ocr_line' id='line_1_97' title="bbox 256 5149 1848 5224; baseline 0.003 -23"><span class='ocrx_word' id='word_1_696' title='bbox 256 5149 347 5216; x_wconf 85' lang='grc' dir='ltr'><strong>χοῦ</strong></span> <span class='ocrx_word' id='word_1_697' title='bbox 375 5152 455 5213; x_wconf 82' lang='grc' dir='ltr'>εἰς</span> <span class='ocrx_word' id='word_1_698' title='bbox 477 5150 661 5218; x_wconf 85' lang='grc' dir='ltr'>ὀλίγον</span> <span class='ocrx_word' id='word_1_699' title='bbox 693 5152 1043 5205; x_wconf 83' lang='grc' dir='ltr'>παντάποσον</span> <span class='ocrx_word' id='word_1_700' title='bbox 1075 5152 1161 5206; x_wconf 79' lang='grc' dir='ltr'><strong>ἵνα</strong></span> <span class='ocrx_word' id='word_1_701' title='bbox 1203 5153 1466 5224; x_wconf 82' lang='grc' dir='ltr'>περιέστη</span> <span class='ocrx_word' id='word_1_702' title='bbox 1510 5152 1538 5205; x_wconf 82' lang='grc' dir='ltr'>ὀ</span> <span class='ocrx_word' id='word_1_703' title='bbox 1571 5151 1682 5205; x_wconf 82' lang='grc' dir='ltr'>τῶν</span> <span class='ocrx_word' id='word_1_704' title='bbox 1713 5152 1848 5223; x_wconf 88' lang='grc' dir='ltr'>κλη-</span> 
     </span>
    </p>
   </div>
   <div class='ocr_carea' id='block_1_98' title="bbox 260 5243 1844 5317">
    <p class='ocr_par' dir='ltr' id='par_1_98' title="bbox 260 5243 1844 5317">
     <span class='ocr_line' id='line_1_98' title="bbox 260 5243 1844 5317; baseline 0.004 -24"><span class='ocrx_word' id='word_1_705' title='bbox 260 5243 425 5311; x_wconf 83' lang='grc' dir='ltr'>ρικῶν</span> <span class='ocrx_word' id='word_1_706' title='bbox 450 5244 687 5315; x_wconf 77' lang='grc' dir='ltr'>ἀριθμὸς</span> <span class='ocrx_word' id='word_1_707' title='bbox 717 5244 804 5298; x_wconf 84' lang='grc' dir='ltr'>διὰ</span> <span class='ocrx_word' id='word_1_708' title='bbox 823 5245 921 5315; x_wconf 84' lang='grc' dir='ltr'><strong>τὴν</strong></span> <span class='ocrx_word' id='word_1_709' title='bbox 948 5245 1059 5298; x_wconf 82' lang='grc' dir='ltr'><strong>τῶν</strong></span> <span class='ocrx_word' id='word_1_710' title='bbox 1086 5245 1432 5317; x_wconf 86' lang='grc' dir='ltr'>πραγμάτων</span> <span class='ocrx_word' id='word_1_711' title='bbox 1458 5245 1844 5316; x_wconf 87' lang='grc' dir='ltr'>στενοχωρίαν.</span> 
     </span>
    </p>
   </div>
   <div class='ocr_carea' id='block_1_99' title="bbox 259 5334 1847 5409">
    <p class='ocr_par' dir='ltr' id='par_1_99' title="bbox 259 5334 1847 5409">
     <span class='ocr_line' id='line_1_99' title="bbox 259 5334 1847 5409; baseline 0.004 -24"><span class='ocrx_word' id='word_1_712' title='bbox 259 5334 345 5386; x_wconf 73' lang='grc' dir='ltr'>Διὸ</span> <span class='ocrx_word' id='word_1_713' title='bbox 378 5336 475 5390; x_wconf 70' lang='grc' dir='ltr'><strong>καὶ</strong></span> <span class='ocrx_word' id='word_1_714' title='bbox 533 5337 712 5391; x_wconf 82' lang='grc' dir='ltr'>αὐτῶν</span> <span class='ocrx_word' id='word_1_715' title='bbox 765 5337 865 5408; x_wconf 80' lang='grc' dir='ltr'>μὲν</span> <span class='ocrx_word' id='word_1_716' title='bbox 904 5337 1307 5408; x_wconf 84' lang='grc' dir='ltr'>ὑπερεύχεσθαι</span> <span class='ocrx_word' id='word_1_717' title='bbox 1360 5336 1561 5409; x_wconf 86' lang='grc' dir='ltr'>χρεὼν,</span> <span class='ocrx_word' id='word_1_718' title='bbox 1617 5339 1739 5401; x_wconf 90' lang='grc' dir='ltr'>ταῖς</span> <span class='ocrx_word' id='word_1_719' title='bbox 1790 5338 1847 5391; x_wconf 86' lang='grc' dir='ltr'><strong>δὲ</strong></span> 
     </span>
    </p>
   </div>
   <div class='ocr_carea' id='block_1_100' title="bbox 260 5422 1851 5500">
    <p class='ocr_par' dir='ltr' id='par_1_100' title="bbox 260 5422 1851 5500">
     <span class='ocr_line' id='line_1_100' title="bbox 260 5422 1851 5500; baseline 0.005 -27"><span class='ocrx_word' id='word_1_720' title='bbox 260 5423 385 5492; x_wconf 75' lang='grc' dir='ltr'>περὶ</span> <span class='ocrx_word' id='word_1_721' title='bbox 413 5422 513 5477; x_wconf 87' lang='grc' dir='ltr'><strong>τοῦ</strong></span> <span class='ocrx_word' id='word_1_722' title='bbox 545 5425 780 5495; x_wconf 85' lang='grc' dir='ltr'>ἀριθμοῦ</span> <span class='ocrx_word' id='word_1_723' title='bbox 816 5427 926 5481; x_wconf 84' lang='grc' dir='ltr'>τῶν</span> <span class='ocrx_word' id='word_1_724' title='bbox 957 5428 1238 5499; x_wconf 78' lang='grc' dir='ltr'>κληρικῶν</span> <span class='ocrx_word' id='word_1_725' title='bbox 1266 5428 1659 5500; x_wconf 85' lang='grc' dir='ltr'>παλαιοτέραις</span> <span class='ocrx_word' id='word_1_726' title='bbox 1689 5445 1851 5499; x_wconf 87' lang='grc' dir='ltr'>νομο-</span> 
     </span>
    </p>
   </div>
   <div class='ocr_carea' id='block_1_101' title="bbox 261 5512 1852 5593">
    <p class='ocr_par' dir='ltr' id='par_1_101' title="bbox 261 5512 1852 5593">
     <span class='ocr_line' id='line_1_101' title="bbox 261 5512 1852 5593; baseline 0.004 -28"><span class='ocrx_word' id='word_1_727' title='bbox 261 5512 465 5580; x_wconf 79' lang='grc' dir='ltr'>θεσίαις</span> <span class='ocrx_word' id='word_1_728' title='bbox 527 5516 602 5587; x_wconf 77' lang='grc' dir='ltr'><strong>μὴ</strong></span> <span class='ocrx_word' id='word_1_729' title='bbox 663 5519 975 5589; x_wconf 83' lang='grc' dir='ltr'>προσέχειν,</span> <span class='ocrx_word' id='word_1_730' title='bbox 1020 5519 1252 5590; x_wconf 83' lang='grc' dir='ltr'>ἀρκετὸν</span> <span class='ocrx_word' id='word_1_731' title='bbox 1306 5520 1415 5591; x_wconf 82' lang='grc' dir='ltr'>γὰρ</span> <span class='ocrx_word' id='word_1_732' title='bbox 1452 5522 1501 5573; x_wconf 84' lang='grc' dir='ltr'><strong>εί</strong></span> <span class='ocrx_word' id='word_1_733' title='bbox 1550 5524 1617 5591; x_wconf 80' lang='grc' dir='ltr'>τῇ</span> <span class='ocrx_word' id='word_1_734' title='bbox 1664 5522 1852 5593; x_wconf 78' lang='grc' dir='ltr'>μακρᾷ</span> 
     </span>
    </p>
   </div>
   <div class='ocr_carea' id='block_1_102' title="bbox 267 5606 1664 5682">
    <p class='ocr_par' dir='ltr' id='par_1_102' title="bbox 267 5606 1664 5682">
     <span class='ocr_line' id='line_1_102' title="bbox 267 5606 1664 5682; baseline 0.008 -27"><span class='ocrx_word' id='word_1_735' title='bbox 267 5606 523 5677; x_wconf 74' lang='grc' dir='ltr'>συνηθείᾳ</span> <span class='ocrx_word' id='word_1_736' title='bbox 556 5608 816 5679; x_wconf 78' lang='grc' dir='ltr'>ἑπόμεθα,</span> <span class='ocrx_word' id='word_1_737' title='bbox 852 5611 945 5664; x_wconf 71' lang='grc' dir='ltr'>καὶ</span> <span class='ocrx_word' id='word_1_738' title='bbox 972 5611 1113 5665; x_wconf 68' lang='grc' dir='ltr'>κατὰ</span> <span class='ocrx_word' id='word_1_739' title='bbox 1139 5611 1345 5682; x_wconf 81' lang='grc' dir='ltr'>ταύτην</span> <span class='ocrx_word' id='word_1_740' title='bbox 1379 5610 1664 5682; x_wconf 82' lang='grc' dir='ltr'>ποιοῦμεν.</span> 
     </span>
    </p>
   </div>
   <div class='ocr_carea' id='block_1_103' title="bbox 1954 4480 3553 4563">
    <p class='ocr_par' dir='ltr' id='par_1_103' title="bbox 1954 4480 3553 4563">
     <span class='ocr_line' id='line_1_103' title="bbox 1954 4480 3553 4563; baseline 0.001 -17"><span class='ocrx_word' id='word_1_741' title='bbox 1954 4480 2134 4557; x_wconf 87' lang='lat' dir='ltr'><strong>desiit,</strong></span> <span class='ocrx_word' id='word_1_742' title='bbox 2186 4506 2377 4546; x_wconf 85' lang='lat' dir='ltr'><strong>verum</strong></span> <span class='ocrx_word' id='word_1_743' title='bbox 2438 4491 2603 4546; x_wconf 90' lang='lat' dir='ltr'><strong>etiam</strong></span> <span class='ocrx_word' id='word_1_744' title='bbox 2674 4489 2919 4546; x_wconf 85' lang='lat' dir='ltr'><strong>Heraclii</strong></span> <span class='ocrx_word' id='word_1_745' title='bbox 2968 4492 3208 4559; x_wconf 89' lang='lat' dir='ltr'><strong>novella,</strong></span> <span class='ocrx_word' id='word_1_746' title='bbox 3274 4492 3436 4563; x_wconf 86' lang='lat' dir='ltr'><strong>cujus</strong></span> <span class='ocrx_word' id='word_1_747' title='bbox 3496 4492 3553 4548; x_wconf 87' lang='lat' dir='ltr'><strong>in</strong></span> 
     </span>
    </p>
   </div>
   <div class='ocr_carea' id='block_1_104' title="bbox 1953 4583 3555 4655">
    <p class='ocr_par' dir='ltr' id='par_1_104' title="bbox 1953 4583 3555 4655">
     <span class='ocr_line' id='line_1_104' title="bbox 1953 4583 3555 4655; baseline 0.002 -17"><span class='ocrx_word' id='word_1_748' title='bbox 1953 4586 2209 4655; x_wconf 63' lang='lat' dir='ltr'><strong>praesenti</strong></span> <span class='ocrx_word' id='word_1_749' title='bbox 2249 4584 2427 4655; x_wconf 85' lang='lat' dir='ltr'><strong>capite</strong></span> <span class='ocrx_word' id='word_1_750' title='bbox 2452 4585 2657 4640; x_wconf 90' lang='lat' dir='ltr'><strong>mentio</strong></span> <span class='ocrx_word' id='word_1_751' title='bbox 2713 4587 2793 4641; x_wconf 87' lang='lat' dir='ltr'><strong>lit.</strong></span> <span class='ocrx_word' id='word_1_752' title='bbox 2828 4583 3059 4654; x_wconf 86' lang='lat' dir='ltr'><strong>Propter</strong></span> <span class='ocrx_word' id='word_1_753' title='bbox 3096 4601 3281 4641; x_wconf 84' lang='lat' dir='ltr'><strong>rerum</strong></span> <span class='ocrx_word' id='word_1_754' title='bbox 3313 4601 3555 4655; x_wconf 85' lang='lat' dir='ltr'><strong>namque</strong></span> 
     </span>
    </p>
   </div>
   <div class='ocr_carea' id='block_1_105' title="bbox 1952 4671 3551 4744">
    <p class='ocr_par' dir='ltr' id='par_1_105' title="bbox 1952 4671 3551 4744">
     <span class='ocr_line' id='line_1_105' title="bbox 1952 4671 3551 4744; baseline -0.001 -15"><span class='ocrx_word' id='word_1_755' title='bbox 1952 4674 2378 4744; x_wconf 60' lang='lat' dir='ltr'><strong>inaequalitatem</strong></span> <span class='ocrx_word' id='word_1_756' title='bbox 2415 4671 2657 4728; x_wconf 86' lang='lat' dir='ltr'><strong>Ecclesia</strong></span> <span class='ocrx_word' id='word_1_757' title='bbox 2692 4687 2759 4727; x_wconf 81' lang='lat' dir='ltr'><strong>ex</strong></span> <span class='ocrx_word' id='word_1_758' title='bbox 2800 4673 3207 4728; x_wconf 86' lang='lat' dir='ltr'><strong>consuetudine</strong></span> <span class='ocrx_word' id='word_1_759' title='bbox 3255 4690 3551 4729; x_wconf 87' lang='lat' dir='ltr'><strong>numerum</strong></span> 
     </span>
    </p>
   </div>
   <div class='ocr_carea' id='block_1_106' title="bbox 1952 4763 3550 4836">
    <p class='ocr_par' dir='ltr' id='par_1_106' title="bbox 1952 4763 3550 4836">
     <span class='ocr_line' id='line_1_106' title="bbox 1952 4763 3550 4836; baseline -0.001 -12"><span class='ocrx_word' id='word_1_760' title='bbox 1952 4767 2283 4824; x_wconf 87' lang='lat' dir='ltr'><strong>clericorum</strong></span> <span class='ocrx_word' id='word_1_761' title='bbox 2336 4766 2502 4821; x_wconf 91' lang='lat' dir='ltr'><strong>alium</strong></span> <span class='ocrx_word' id='word_1_762' title='bbox 2531 4766 2795 4836; x_wconf 78' lang='lat' dir='ltr'><strong>suscepit.</strong></span> <span class='ocrx_word' id='word_1_763' title='bbox 2837 4763 3030 4821; x_wconf 74' lang='lat' dir='ltr'><strong>Nemo</strong></span> <span class='ocrx_word' id='word_1_764' title='bbox 3055 4768 3205 4821; x_wconf 87' lang='lat' dir='ltr'><strong>enim</strong></span> <span class='ocrx_word' id='word_1_765' title='bbox 3239 4782 3344 4821; x_wconf 85' lang='lat' dir='ltr'><strong>non</strong></span> <span class='ocrx_word' id='word_1_766' title='bbox 3379 4767 3550 4831; x_wconf 87' lang='lat' dir='ltr'><strong>novit,</strong></span> 
     </span>
    </p>
   </div>
   <div class='ocr_carea' id='block_1_107' title="bbox 1950 4860 3554 4932">
    <p class='ocr_par' dir='ltr' id='par_1_107' title="bbox 1950 4860 3554 4932">
     <span class='ocr_line' id='line_1_107' title="bbox 1950 4860 3554 4932; baseline 0.002 -17"><span class='ocrx_word' id='word_1_767' title='bbox 1950 4863 2095 4931; x_wconf 91' lang='lat' dir='ltr'><strong>quod</strong></span> <span class='ocrx_word' id='word_1_768' title='bbox 2111 4861 2215 4917; x_wconf 91' lang='lat' dir='ltr'><strong>nisi</strong></span> <span class='ocrx_word' id='word_1_769' title='bbox 2231 4860 2607 4916; x_wconf 86' lang='lat' dir='ltr'><strong>misericordia</strong></span> <span class='ocrx_word' id='word_1_770' title='bbox 2625 4860 2817 4930; x_wconf 90' lang='lat' dir='ltr'><strong>optimi</strong></span> <span class='ocrx_word' id='word_1_771' title='bbox 2833 4872 2995 4932; x_wconf 88' lang='lat' dir='ltr'><strong>atque</strong></span> <span class='ocrx_word' id='word_1_772' title='bbox 3018 4863 3192 4918; x_wconf 87' lang='lat' dir='ltr'><strong>sancti</strong></span> <span class='ocrx_word' id='word_1_773' title='bbox 3208 4862 3554 4931; x_wconf 85' lang='lat' dir='ltr'><strong>imperatoris</strong></span> 
     </span>
    </p>
   </div>
   <div class='ocr_carea' id='block_1_108' title="bbox 1952 4954 3554 5026">
    <p class='ocr_par' dir='ltr' id='par_1_108' title="bbox 1952 4954 3554 5026">
     <span class='ocr_line' id='line_1_108' title="bbox 1952 4954 3554 5026; baseline -0.001 -17"><span class='ocrx_word' id='word_1_774' title='bbox 1952 4954 2403 5025; x_wconf 86' lang='lat' dir='ltr'><strong>nostri,ejusque</strong></span> <span class='ocrx_word' id='word_1_775' title='bbox 2434 4954 2611 5025; x_wconf 90' lang='lat' dir='ltr'><strong>patris</strong></span> <span class='ocrx_word' id='word_1_776' title='bbox 2637 4954 2941 5026; x_wconf 87' lang='lat' dir='ltr'><strong>[similiter]</strong></span> <span class='ocrx_word' id='word_1_777' title='bbox 2975 4955 3152 5010; x_wconf 86' lang='lat' dir='ltr'><strong>sancti</strong></span> <span class='ocrx_word' id='word_1_778' title='bbox 3179 4956 3351 5009; x_wconf 89' lang='lat' dir='ltr'><strong>nostri</strong></span> <span class='ocrx_word' id='word_1_779' title='bbox 3382 4955 3554 5023; x_wconf 87' lang='lat' dir='ltr'><strong>impe-</strong></span> 
     </span>
    </p>
   </div>
   <div class='ocr_carea' id='block_1_109' title="bbox 1952 5046 3551 5115">
    <p class='ocr_par' dir='ltr' id='par_1_109' title="bbox 1952 5046 3551 5115">
     <span class='ocr_line' id='line_1_109' title="bbox 1952 5046 3551 5115; baseline -0.001 -13"><span class='ocrx_word' id='word_1_780' title='bbox 1952 5046 2171 5111; x_wconf 88' lang='lat' dir='ltr'><strong>ratoris,</strong></span> <span class='ocrx_word' id='word_1_781' title='bbox 2225 5046 2433 5115; x_wconf 67' lang='lat' dir='ltr'><strong>Magnae</strong></span> <span class='ocrx_word' id='word_1_782' title='bbox 2474 5046 2720 5102; x_wconf 85' lang='lat' dir='ltr'><strong>ecclesiae</strong></span> <span class='ocrx_word' id='word_1_783' title='bbox 2764 5047 3176 5113; x_wconf 87' lang='lat' dir='ltr'><strong>succurrisset,</strong></span> <span class='ocrx_word' id='word_1_784' title='bbox 3217 5046 3551 5101; x_wconf 83' lang='lat' dir='ltr'><strong>clericorum</strong></span> 
     </span>
    </p>
   </div>
   <div class='ocr_carea' id='block_1_110' title="bbox 1953 5137 3549 5210">
    <p class='ocr_par' dir='ltr' id='par_1_110' title="bbox 1953 5137 3549 5210">
     <span class='ocr_line' id='line_1_110' title="bbox 1953 5137 3549 5210; baseline -0.001 -16"><span class='ocrx_word' id='word_1_785' title='bbox 1953 5155 2220 5195; x_wconf 88' lang='lat' dir='ltr'><strong>numerus</strong></span> <span class='ocrx_word' id='word_1_786' title='bbox 2283 5148 2507 5210; x_wconf 84' lang='lat' dir='ltr'><strong>propter</strong></span> <span class='ocrx_word' id='word_1_787' title='bbox 2566 5154 2749 5194; x_wconf 88' lang='lat' dir='ltr'><strong>rerum</strong></span> <span class='ocrx_word' id='word_1_788' title='bbox 2824 5138 3111 5209; x_wconf 87' lang='lat' dir='ltr'><strong>angustias</strong></span> <span class='ocrx_word' id='word_1_789' title='bbox 3179 5138 3235 5191; x_wconf 92' lang='lat' dir='ltr'><strong>in</strong></span> <span class='ocrx_word' id='word_1_790' title='bbox 3295 5137 3549 5208; x_wconf 80' lang='lat' dir='ltr'><strong>exiguam</strong></span> 
     </span>
    </p>
   </div>
   <div class='ocr_carea' id='block_1_111' title="bbox 1955 5227 3552 5303">
    <p class='ocr_par' dir='ltr' id='par_1_111' title="bbox 1955 5227 3552 5303">
     <span class='ocr_line' id='line_1_111' title="bbox 1955 5227 3552 5303; baseline -0.003 -14"><span class='ocrx_word' id='word_1_791' title='bbox 1955 5235 2184 5289; x_wconf 90' lang='lat' dir='ltr'><strong>omnino</strong></span> <span class='ocrx_word' id='word_1_792' title='bbox 2218 5233 2581 5303; x_wconf 86' lang='lat' dir='ltr'><strong>quantitatem</strong></span> <span class='ocrx_word' id='word_1_793' title='bbox 2606 5271 2621 5297; x_wconf 94' lang='lat'><strong>,</strong></span> <span class='ocrx_word' id='word_1_794' title='bbox 2672 5238 2732 5285; x_wconf 89' lang='lat' dir='ltr'><strong>ut</strong></span> <span class='ocrx_word' id='word_1_795' title='bbox 2806 5229 3009 5298; x_wconf 88' lang='lat' dir='ltr'><strong>ubique</strong></span> <span class='ocrx_word' id='word_1_796' title='bbox 3042 5227 3366 5301; x_wconf 87' lang='lat' dir='ltr'><strong>[locorum]</strong></span> <span class='ocrx_word' id='word_1_797' title='bbox 3396 5230 3552 5285; x_wconf 90' lang='lat' dir='ltr'><strong>reda-</strong></span> 
     </span>
    </p>
   </div>
   <div class='ocr_carea' id='block_1_112' title="bbox 1956 5320 3553 5393">
    <p class='ocr_par' dir='ltr' id='par_1_112' title="bbox 1956 5320 3553 5393">
     <span class='ocr_line' id='line_1_112' title="bbox 1956 5320 3553 5393; baseline -0.004 -11"><span class='ocrx_word' id='word_1_798' title='bbox 1956 5337 2077 5382; x_wconf 90' lang='lat' dir='ltr'><strong>ctus</strong></span> <span class='ocrx_word' id='word_1_799' title='bbox 2112 5324 2329 5381; x_wconf 84' lang='lat' dir='ltr'><strong>fuisset.</strong></span> <span class='ocrx_word' id='word_1_800' title='bbox 2357 5324 2727 5391; x_wconf 89' lang='lat' dir='ltr'><strong>Quamobrem</strong></span> <span class='ocrx_word' id='word_1_801' title='bbox 2769 5337 2869 5393; x_wconf 91' lang='lat' dir='ltr'><strong>pro</strong></span> <span class='ocrx_word' id='word_1_802' title='bbox 2899 5321 3010 5375; x_wconf 89' lang='lat' dir='ltr'><strong>illis</strong></span> <span class='ocrx_word' id='word_1_803' title='bbox 3050 5320 3274 5393; x_wconf 91' lang='lat' dir='ltr'><strong>[Deus]</strong></span> <span class='ocrx_word' id='word_1_804' title='bbox 3321 5337 3553 5392; x_wconf 83' lang='lat' dir='ltr'><strong>precan-</strong></span> 
     </span>
    </p>
   </div>
   <div class='ocr_carea' id='block_1_113' title="bbox 1956 5415 3551 5487">
    <p class='ocr_par' dir='ltr' id='par_1_113' title="bbox 1956 5415 3551 5487">
     <span class='ocr_line' id='line_1_113' title="bbox 1956 5415 3551 5487; baseline -0.005 -11"><span class='ocrx_word' id='word_1_805' title='bbox 1956 5422 2060 5477; x_wconf 93' lang='lat' dir='ltr'><strong>dus</strong></span> <span class='ocrx_word' id='word_1_806' title='bbox 2090 5429 2195 5487; x_wconf 90' lang='lat' dir='ltr'><strong>est,</strong></span> <span class='ocrx_word' id='word_1_807' title='bbox 2229 5418 2615 5487; x_wconf 84' lang='lat' dir='ltr'><strong>veteribusque</strong></span> <span class='ocrx_word' id='word_1_808' title='bbox 2651 5416 2719 5471; x_wconf 89' lang='lat' dir='ltr'><strong>de</strong></span> <span class='ocrx_word' id='word_1_809' title='bbox 2747 5415 3080 5470; x_wconf 86' lang='lat' dir='ltr'><strong>clericorum</strong></span> <span class='ocrx_word' id='word_1_810' title='bbox 3124 5431 3354 5469; x_wconf 88' lang='lat' dir='ltr'><strong>numero</strong></span> <span class='ocrx_word' id='word_1_811' title='bbox 3386 5416 3551 5487; x_wconf 79' lang='lat' dir='ltr'><strong>legis-</strong></span> 
     </span>
    </p>
   </div>
   <div class='ocr_carea' id='block_1_114' title="bbox 1958 5506 3551 5571">
    <p class='ocr_par' dir='ltr' id='par_1_114' title="bbox 1958 5506 3551 5571">
     <span class='ocr_line' id='line_1_114' title="bbox 1958 5506 3551 5571; baseline -0.004 -3"><span class='ocrx_word' id='word_1_812' title='bbox 1958 5514 2257 5569; x_wconf 88' lang='lat' dir='ltr'><strong>lationibus</strong></span> <span class='ocrx_word' id='word_1_813' title='bbox 2314 5526 2425 5565; x_wconf 90' lang='lat' dir='ltr'><strong>non</strong></span> <span class='ocrx_word' id='word_1_814' title='bbox 2491 5508 2938 5565; x_wconf 87' lang='lat' dir='ltr'><strong>auscultandum.</strong></span> <span class='ocrx_word' id='word_1_815' title='bbox 2999 5506 3208 5562; x_wconf 75' lang='lat' dir='ltr'><strong>Sufﬁcit</strong></span> <span class='ocrx_word' id='word_1_816' title='bbox 3270 5509 3453 5571; x_wconf 90' lang='lat' dir='ltr'><strong>enim,</strong></span> <span class='ocrx_word' id='word_1_817' title='bbox 3504 5509 3551 5562; x_wconf 88' lang='lat' dir='ltr'><strong>si</strong></span> 
     </span>
    </p>
   </div>
   <div class='ocr_carea' id='block_1_115' title="bbox 1957 5600 3548 5679">
    <p class='ocr_par' dir='ltr' id='par_1_115' title="bbox 1957 5600 3548 5679">
     <span class='ocr_line' id='line_1_115' title="bbox 1957 5600 3548 5679; baseline -0.005 -15"><span class='ocrx_word' id='word_1_818' title='bbox 1957 5611 2173 5679; x_wconf 88' lang='lat' dir='ltr'><strong>longam</strong></span> <span class='ocrx_word' id='word_1_819' title='bbox 2192 5605 2645 5663; x_wconf 82' lang='lat' dir='ltr'><strong>consuetudinem</strong></span> <span class='ocrx_word' id='word_1_820' title='bbox 2663 5618 2978 5672; x_wconf 84' lang='lat' dir='ltr'><strong>sequamur,</strong></span> <span class='ocrx_word' id='word_1_821' title='bbox 2998 5618 3059 5657; x_wconf 87' lang='lat' dir='ltr'><strong>ac</strong></span> <span class='ocrx_word' id='word_1_822' title='bbox 3079 5600 3380 5657; x_wconf 83' lang='lat' dir='ltr'><strong>secundum</strong></span> <span class='ocrx_word' id='word_1_823' title='bbox 3403 5600 3548 5657; x_wconf 85' lang='lat' dir='ltr'><strong>illam</strong></span> 
     </span>
    </p>
   </div>
   <div class='ocr_carea' id='block_1_116' title="bbox 1957 5703 2244 5759">
    <p class='ocr_par' dir='ltr' id='par_1_116' title="bbox 1957 5703 2244 5759">
     <span class='ocr_line' id='line_1_116' title="bbox 1957 5703 2244 5759; baseline -0.01 0"><span class='ocrx_word' id='word_1_824' title='bbox 1957 5703 2244 5759; x_wconf 83' lang='lat' dir='ltr'><strong>faciamus.</strong></span> 
     </span>
    </p>
   </div>
  </div>
