3916 6244
411 277 549 345 1015

1540 277 1831 340 ῬΗΟΤΙΙ
1868 277 2374 342 ΡΑΤΒΙΑΗΟΗίΕ
2403 283 2513 343 CP.

3537 287 3655 354 1016

488 387 639 442 LAP.
682 386 874 443 XXXI.
911 415 980 427 -
1017 388 1246 452 Quinam
1282 387 1458 442 clerici
1487 389 1889 444 ecclesiasticivc
1913 405 2003 443 or-

2185 391 2436 446 ΚΕΦΑΛ.
2464 393 2589 447 AA'.
2624 423 2692 432 —
2728 394 2892 460 Τίνες
2917 394 3036 449 εἰσὶ
3071 397 3345 466 summa!
3387 398 3425 469 ἢ
3454 399 3553 471 τῆς
3575 407 3659 460 ἐλι-

409 481 549 539 diuis
579 483 708 539 sint.

489 575 720 631 Concilii
750 575 1044 632 Laodiceni
1083 589 1263 630 canon
1296 574 1388 630 ΞΑ.

486 665 706 721 Toxlus.
733 665 922 721 Const.
942 667 977 719 2
1000 667 1082 720 tit.
1112 667 1195 721 14.
1219 664 1589 732 Novellarum,
1621 665 1997 736 presbyteros,

409 760 708 823 diaconos,
752 758 1020 823 lectores,
1064 768 1336 824 cantores,
1371 759 1600 814 clericos
1627 757 1798 830 [esse]
1837 759 1994 814 dicit.

410 851 552 918 Quin
592 851 992 906 exorcistarum
1026 851 1190 906 etiam
1222 861 1278 906 et
1320 851 1673 907 ostiariorum
1718 860 1900 906 const.
1939 851 1996 918 6,

412 944 498 999 tit.
539 943 596 1011 5,
623 943 716 999 lib.
755 944 779 998 1
813 944 932 999 cod.
970 944 1241 998 meminit.

494 1133 788 1188 Scholium.
860 1134 1051 1188 Const.
1113 1132 1185 1196 2,
1243 1133 1326 1187 tit.
1384 1132 1408 1186 l
1476 1131 1867 1198 Novellarum,
1917 1143 2001 1188 est

409 1228 619 1282 novella
663 1227 959 1282 Justiniani
1019 1226 1145 1289 ΗΖ),
1201 1225 1381 1295 posita
1447 1225 1592 1298 [que
1623 1225 1744 1298 est]
1789 1227 1843 1280 in
1899 1227 1994 1281 lib.

407 1319 577 1374 Basil.
639 1320 694 1386 5,
751 1320 833 1374 tit.
903 1319 956 1383 l,
1013 1334 1136 1388 cap.
1190 1317 1281 1374 42.
1333 1319 1481 1387 quod
1536 1321 1642 1375 tale
1698 1319 1998 1390 quiddam,

405 1411 569 1479 quale
623 1427 744 1481 cap.
784 1412 847 1465 51
905 1411 958 1464 in
1013 1421 1162 1465 textu
1219 1411 1372 1478 dicit,
1430 1428 1542 1466 non
1593 1412 1998 1482 complectitur.

407 1501 598 1557 Tradit
659 1515 840 1558 autem
909 1504 1054 1570 haec,
1117 1504 1171 1557 in
1238 1504 1354 1558 haec
1411 1505 1628 1560 verba:
1688 1504 1999 1578 Presbyteri

409 1601 593 1646 autem
660 1602 714 1647 et
775 1593 1043 1655 diaconi,
1111 1608 1212 1647 nec
1281 1609 1388 1647 non
1473 1594 1852 1660 subdiaconi,
1945 1605 2000 1650 et

403 1682 663 1748 lectores,
691 1699 754 1738 ac
777 1693 1058 1751 cantores,
1092 1701 1230 1754 quos
1263 1700 1460 1741 omnes
1492 1687 1726 1743 clericos
1761 1687 1996 1758 appella-

2107 483 2552 552 κλησιαστικῆς
2584 483 2830 551 τάξεως.

2180 577 2404 631 Συνόδου
2437 577 2763 641 Λαοδικείας
2801 577 2982 632 κανὼν
3017 577 3096 632 κδ’
3105 621 3118 634 .

2175 670 2487 739 Κείμενον.
2559 671 2623 722 Ἠ
2651 669 2707 738 β’
2752 671 2891 725 διάτ.
2938 671 3033 724 τοῦ
3074 671 3122 725 α’
3155 671 3258 729 τίτ.
3305 673 3412 728 τῶν
3455 676 3665 749 Νεαρῶν

2104 761 2403 832 κληρικοὺς
2445 761 2616 828 λέγει,
2648 762 3088 834 πρεσϐυτέρους,
3123 763 3424 829 διακόνους,
3464 767 3668 822 ὑποδια-

2104 855 2318 919 κόνους,
2349 853 2729 924 ἀναγνώστας,
2777 855 3010 925 ψάλτας,
3047 857 3080 926 ἡ
3116 857 3297 927 μέντοι
3335 855 3387 921 ς’
3417 857 3551 912 διάτ.
3580 859 3666 913 τοῦ

2101 946 2152 1017 γ’
2185 949 2290 1002 τίτ.
2320 949 2415 1002 τοῦ
2444 947 2492 1004 α’
2539 949 2746 1019 βιϐλίου
2776 948 2874 1004 τοῦ
2921 949 3173 1017 κώδικος,
3216 950 3312 1005 καὶ
3360 947 3668 1022 ἐξορκιστῶν

2104 1039 2200 1092 καὶ
2221 1038 2489 1111 πυλωρῶν
2522 1041 2589 1110 μέ
2597 1057 2819 1112 μνηται.

2175 1129 2456 1198 Σχόλιον.
2500 1129 2563 1182 Ἦ
2594 1129 2639 1199 β’
2665 1130 2809 1185 διάτ.
2836 1130 2933 1183 τοῦ
2961 1127 3011 1184 α’
3043 1131 3149 1185 τίτ.
3178 1132 3289 1185 τῶν
3317 1135 3539 1206 Νεαρῶν
3561 1137 3666 1190 ἐστι

2102 1221 2272 1292 νεαρὰ
2313 1221 2746 1286 Ἰουστινιάνειος
2795 1220 2936 1294 ρκγ’,
2971 1224 3206 1295 κειμένη
3249 1228 3306 1278 ἐν
3367 1227 3550 1300 βιϐλίῳ
3571 1230 3671 1282 τῶν

2099 1313 2408 1370 Βασιλικῶν
2440 1315 2509 1385 γ’,
2543 1316 2652 1371 τίτ.
2686 1323 2758 1381 α’,
2814 1334 2941 1386 κεφ.
2987 1316 3103 1388 μβ’,
3128 1321 3372 1375 τοιοῦτον
3429 1321 3522 1392 μὲν
3571 1317 3672 1375 οἷον

2103 1407 2255 1472 ἐντός
2292 1425 2448 1477 φησι,
2481 1408 2542 1461 τὸ
2591 1409 2674 1463 λα’
2705 1426 2860 1480 κεφ.,
2892 1410 2967 1481 μὴ
3019 1411 3351 1483 περιέχοντι,
3394 1413 3676 1486 διαλαμϐά-

2103 1518 2249 1553 νοντι
2281 1500 2338 1552 δὲ
2375 1499 2550 1553 ταῦτα
2597 1501 2777 1572 ῥητῶς
2808 1518 2822 1530 ·
2861 1503 3000 1566 Τοὺς
3045 1503 3100 1555 δὲ
3129 1505 3548 1577 πρεσϐυτέρους,
3592 1509 3675 1562 καὶ

2102 1593 2407 1656 διακόνους,
2465 1595 2561 1646 καὶ
2609 1595 3018 1660 ὑποδιακόνους,
3047 1597 3141 1649 καὶ
3179 1597 3549 1666 ἀναγνώστας,
3592 1605 3675 1654 καὶ

2102 1685 2312 1756 ψάλτας
2329 1685 2425 1750 οὓς
2448 1687 2655 1750 πάντας
2676 1687 2972 1758 κληρικοὺς
2993 1688 3290 1759 καλοῦμεν,
3308 1693 3376 1744 τὰ
3398 1692 3680 1763 πράγματα

410 1790 554 1838 mus,
598 1785 654 1830 ut
698 1790 784 1830 res
818 1791 1151 1845 quocunque
1196 1779 1359 1832 modo
1412 1777 1480 1831 ad
1536 1777 1782 1848 ipsorum
1817 1781 1996 1835 domi-

2120 1777 2193 1844 tp’
2213 1777 2532 1848 οἱουδήποτε
2557 1779 2760 1848 τρόπου
2780 1781 2859 1842 εἰς
2884 1780 2984 1850 τὴν
3010 1780 3188 1833 αὐτῶν
3203 1780 3519 1836 δεσποτείαν
3539 1801 3678 1855 περι·

408 1869 560 1922 nium
618 1868 911 1924 devolutas
965 1869 1070 1924 sub
1124 1878 1396 1939 potestate
1461 1886 1560 1926 sua
1625 1873 1863 1928 habeant
1931 1875 1998 1930 ad

411 1959 588 2012 instar
615 1958 981 2014 castrensium
1017 1959 1389 2028 peculiorum,
1423 1959 1809 2029 praecipimus:
1852 1969 1910 2014 ut
1948 1969 2002 2016 et

413 2049 623 2105 donare
668 2065 764 2105 eas
812 2050 1047 2121 possint,
1079 2061 1133 2104 et
1177 2052 1243 2104 de
1292 2050 1379 2106 his
1422 2052 1611 2106 testari
1647 2053 1866 2108 tametsi
1898 2053 2002 2108 sub

414 2149 692 2212 potestate
717 2152 1007 2213 parentum
1039 2143 1167 2198 sint.
1221 2143 1298 2198 Ita
1326 2153 1531 2209 tamen,
1563 2152 1620 2198 ut
1647 2144 1842 2200 horum
1880 2144 1998 2212 lilii,

408 2243 504 2289 aut
535 2234 622 2289 his
647 2249 754 2289 non
791 2235 1242 2300 subsistentibus,
1275 2243 1536 2306 parentes
1577 2250 1769 2291 eorum
1822 2237 2002 2310 legiti-

407 2344 551 2384 mam
586 2329 896 2399 portionem
932 2328 1133 2385 lerant.

496 2510 692 2567 Const.
752 2510 812 2578 6,
849 2511 936 2566 tit.
988 2512 1043 2576 '5,
1111 2511 1186 2567 lib
1240 2529 1259 2566 ι
1302 2513 1424 2568 cod.
1463 2512 1637 2582 posita
1693 2521 1780 2570 est
1822 2512 1880 2568 in
1901 2512 1999 2568 lib.

408 2601 683 2666 Basil.m,
717 2618 838 2672 cap.
872 2602 934 2669 5-,
970 2619 1161 2657 verum
1206 2604 1492 2660 exorcista:
1532 2603 1723 2659 omissi
1764 2614 1894 2660 sunt
1947 2604 2004 2658 in

413 2697 830 2767 repurgatione;
882 2695 1046 2750 habet
1081 2695 1225 2750 enim
1268 2697 1396 2750 illud
1428 2707 1593 2767 caput
1627 2697 1770 2752 hunc
1799 2697 1853 2751 in
1887 2711 2005 2751 mo-

412 2786 583 2840 dum:
625 2786 821 2842 Omnis
866 2789 1103 2844 clericus
1129 2805 1307 2858 usque
1335 2791 1404 2843 ad
1441 2791 1699 2845 ostiarios
1735 2805 1766 2845 a
1809 2804 2001 2860 perso-

413 2881 631 2934 nalibus
666 2891 960 2935 excusator
1010 2881 1352 2937 muneribus.
1390 2884 1569 2953 Atque
1609 2885 1723 2938 haec
1782 2885 2005 2955 quidem

419 2973 520 3027 hoc
551 2973 732 3028 modo.
763 2974 985 3028 Interim
1015 2973 1178 3028 etiam
1205 2976 1369 3039 scias,
1401 2975 1550 3045 quod
1577 2975 1740 3031 hodie
1760 2974 2005 3031 Ecclesia

2104 1871 2366 1934 ελθόντας
2395 1872 2501 1924 ὑπὸ
2533 1870 2630 1944 τὴν
2659 1871 2796 1924 ίδίαν
2824 1872 2970 1942 ἔχειν
3005 1873 3257 1938 ἐξουσίαν
3289 1876 3680 1950 προστάττομεν

2103 1964 2227 2018 καθ’
2255 1963 2554 2034 ὁμοιότητα
2608 1965 2718 2018 τῶν
2765 1965 3176 2035 στρατιωτικῶν
3213 1967 3515 2022 πεκουλίων
3555 1969 3679 2022 ὥστε

2104 2055 2368 2108 δύνασθαι
2422 2055 2622 2118 αὐτοὺς
2676 2057 2771 2109 καὶ
2824 2055 3116 2126 δωρεῖσθαι
3166 2055 3308 2110 κατὰ
3361 2057 3552 2127 νόμους
3599 2059 3682 2112 καὶ

2104 2151 2191 2204 ἐπ’
2219 2151 2405 2212 αὐτοῖς
2434 2148 2789 2203 διατίθεσθαι.
2823 2149 2884 2201 Et
2911 2148 2967 2201 δὲ
2995 2149 3089 2201 καὶ
3115 2149 3219 2201 ὑπὸ
3247 2149 3348 2221 τὴν
3372 2150 3477 2203 τῶν
3498 2150 3682 2218 γονέων

2104 2242 2242 2296 εἰσιν
2274 2240 2546 2308 ἐξουσίαν,
2591 2241 2734 2296 οὕτω
2781 2243 2964 2312 μέντοι
3015 2259 3079 2310 γε
3129 2241 3272 2296 ὥστε
3325 2242 3452 2307 τοὺς
3495 2243 3684 2298 τούτων

2105 2333 2323 2398 παῖδας,
2364 2335 2397 2404 ἢ
2435 2333 2644 2388 τούτων
2687 2333 2764 2406 μὴ
2797 2336 3043 2388 ὑπόντων
3071 2334 3196 2399 τοὺς
3223 2337 3405 2404 γονεῖς
3430 2324 3602 2391 αὐτῶν
3627 2335 3680 2388 τὺ

2106 2427 2339 2497 νόμιμον
2368 2428 2533 2499 μέρος
2559 2427 2903 2498 κομίζεσθαι.

2188 2520 2251 2573 Ἦ
2293 2526 2347 2585 ς’
2375 2520 2523 2574 διάτ·
2554 2520 2648 2575 τοῦ
2677 2518 2725 2590 γ’
2752 2521 2858 2576 τίτ.
2891 2519 2983 2576 τοῦ
3014 2519 3062 2573 α’
3094 2519 3300 2591 βιϐλίου
3341 2523 3436 2576 τοῦ
3467 2522 3678 2584 κώδικος

2107 2611 2268 2681 ἐτέθη
2294 2613 2351 2665 ὲν
2375 2611 2564 2684 βιϐλίῳ
2584 2619 2634 2683 γ’
2647 2614 2753 2666 τῶν
2770 2614 3200 2671 Βασιλικῶντίτ.
3226 2612 3437 2685 γ’,κεφ.
3465 2622 3525 2669 ε’.
3554 2615 3684 2685 Πλὴν

2106 2706 2167 2759 τὸ
2185 2706 2434 2776 περὶτῶν
2452 2706 2783 2779 ἐξορκιστῶν
2802 2707 3137 2780 παρελείφθη
3153 2709 3210 2761 ἐν
3226 2712 3291 2781 τῇ
3309 2709 3686 2781 ἀνακαθὰρσει.

2112 2796 2265 2866 Ἔχει
2295 2797 2403 2866 γὰρ
2438 2795 2581 2850 οὕτω
2613 2796 2674 2850 τὸ
2696 2814 2821 2865 κεφ.
2855 2799 2971 2861 Πᾶς
3015 2797 3278 2869 κληρικδς
3321 2800 3449 2869 ἄχρι
3477 2799 3566 2852 καὶ
3592 2797 3688 2850 τῶν

2106 2885 2794 2956 ὀστιαρίων,προσωπικῶν
2809 2887 3201 2954 ὲξκουσσατευέ
3211 2886 3322 2940 σθω
3334 2887 3686 2958 λειτουργιῶν.

2109 2978 2407 3032 Καὶταῦτα
2427 2978 2525 3048 μὲν
2551 2978 2715 3034 οὕτω.
2736 2981 2808 3033 Σὺ
2830 2979 2887 3032 δὲ
2901 2981 3136 3047 γίνωσκε
3158 2979 3446 3044 ὅτιᾰλλους
3469 2982 3692 3051 σήμερον

415 3065 554 3119 alios
574 3074 836 3134 agnoscat
865 3066 1142 3121 ostiarios.
1171 3065 1518 3137 Quapropter
1549 3082 1655 3121 non
1686 3067 1756 3122 iis
1787 3081 1909 3137 quae
1939 3067 2006 3122 de

2120 3071 2471 3139 ἐπιγινώσκει
2512 3075 2546 3144 ή
2593 3072 2892 3145 Ἐκκλησία
2922 3075 3233 3146 ὀστιαρίους
3266 3075 3364 3130 καὶ
3401 3073 3688 3143 πυλωροὺς,

417 3157 503 3212 his
537 3157 739 3226 scripta
791 3165 941 3221 sunt,
985 3158 1078 3212 sed
1122 3153 1436 3212 inveteratae
1463 3157 1849 3213 consuetudini
1897 3167 1980 3213 est

417 3251 927 3321 obtemperantium.
962 3250 1158 3306 Clerici
1179 3263 1361 3306 autem
1397 3253 1696 3306 etiamnum
1740 3252 1902 3306 hodie
1933 3250 2008 3305 illi

420 3353 685 3398 vocantur
706 3385 722 3410 ,
753 3358 892 3412 quos
930 3342 1002 3397 42
1035 3359 1158 3412 cap.
1201 3342 1281 3410 tit,
1310 3344 1333 3398 Ι
1361 3385 1376 3409 ,
1420 3344 1513 3398 lib.
1558 3343 1612 3408 5,
1641 3344 2004 3409 euumeravit,

329 3511 332 3516 ι
419 3436 564 3507 quod
594 3444 649 3492 et
689 3436 946 3506 superius
969 3436 1168 3506 partim
1193 3438 1463 3491 insertum
1494 3445 1598 3492 est.

496 3627 575 3681 Ex
606 3638 873 3697 praesente
895 3626 1019 3691 hac,
1043 3641 1219 3696 eaque
1237 3627 1352 3684 sola
1377 3628 1494 3699 lege
1518 3637 1738 3685 constat
1765 3669 1782 3693 ,
1816 3644 1922 3686 non
1946 3629 2014 3685 li-

427 3720 606 3774 hei-ari
626 3733 959 3788 quemquam
988 3733 1019 3772 a
1044 3717 1217 3787 patria
1236 3727 1525 3788 potestate,
1545 3735 1611 3774 eo
1645 3719 1791 3790 quod
1817 3720 1871 3774 in
1897 3720 2010 3776 cle-

425 3827 549 3864 rum
578 3810 889 3865 aseiscitur.
911 3810 1068 3876 Quod
1099 3825 1229 3865 vero
1262 3810 1505 3883 [dicitur]
1533 3812 1794 3867 clericum
1826 3812 2017 3882 patriae

426 3904 681 3975 potestati
699 3903 1024 3969 obnoxium,
1045 3903 1204 3973 pleno
1226 3903 1454 3959 dominii
1478 3912 1645 3975 atque
1663 3904 2017 3960 ususfructus

420 3999 545 4066 jure
571 3997 636 4052 ad
672 3996 848 4051 instar
882 3997 1245 4052 castrensium
1276 3996 1617 4066 peeuliorum
1669 3996 1870 4052 habere
1927 4011 2016 4053 res

424 4105 758 4160 quocunque
795 4091 959 4146 modo
998 4091 1103 4160 ipsi
1139 4091 1471 4162 acquisitas;
1510 4089 1611 4164 [id]
1643 4106 1712 4147 ne
1742 4091 2015 4161 intelligas

422 4185 491 4239 de
519 4184 586 4238 iis
615 4200 738 4254 qua:
766 4184 869 4254 ipsi
898 4200 960 4239 ex
1007 4183 1221 4254 legatis,
1253 4184 1681 4249 haereditatibus,
1723 4184 1807 4238 vel
1844 4185 2016 4239 dona-

423 4277 666 4331 tionihus
730 4276 1037 4342 obvenere,
1081 4292 1206 4347 quas
1274 4277 1486 4347 peculia
1546 4275 1859 4346 prolectitia
1929 4277 2011 4332 vel

423 4367 723 4422 adventitia
761 4369 1141 4437 appellantur:
1192 4369 1286 4424 sed
1332 4369 1400 4423 de
1429 4370 1497 4424 iis
1540 4371 1723 4437 modo,
1749 4386 1874 4441 qtue
1910 4370 2015 4440 ipsi

2110 3165 2193 3220 διὸ
2222 3165 2323 3218 οὐκ
2384 3154 2672 3236 ὀφείλομεν
2711 3167 3002 3237 προσέχειν
3043 3170 3158 3230 τοῖς
3193 3169 3326 3237 περὶ
3371 3165 3574 3218 τούτων
3611 3180 3691 3230 γε·

2112 3261 2479 3332 γραμμένοις,
2525 3259 2661 3313 ἀλλὰ
2690 3262 2757 3332 τῇ
2815 3261 3097 3332 κρατούσῃ
3128 3260 3413 3331 συνηθείᾳ.
3443 3257 3693 3328 Κληρικοὶ

2110 3352 2169 3406 δὲ
2193 3353 2392 3405 ἐκεῖνοι
2434 3351 2724 3405 καλοῦνται
2759 3353 2858 3405 καὶ
2908 3353 3151 3425 σήμερον
3193 3350 3290 3416 οὒς
3338 3353 3397 3404 τὸ
3439 3349 3524 3422 μβ⁹
3577 3366 3691 3417 κεφ.

2065 3454 2069 3456 ’
2113 3443 2208 3497 τοῦ
2239 3440 2285 3497 α’
2325 3444 2434 3498 τίτ.
2480 3443 2578 3497 ’τοῦ
2608 3443 2657 3514 γ’
2703 3444 2909 3515 βιϐλίου
2953 3445 3408 3517 ἀπηριθμήσατο,
3447 3445 3580 3516 amp
3611 3441 3695 3495 καὶ

2127 3536 2488 3608 κατεστρώθη
2519 3539 2577 3590 ὲν
2605 3537 2762 3608 μέρει
2787 3536 3014 3592 ἀνωθεν.

2188 3627 2525 3698 Σημείωσαι.
2563 3626 2695 3680 Ἀπὸ
2736 3626 2830 3680 τοῦ
2875 3627 3144 3699 παρόντος
3185 3627 3354 3698 νόμου
3410 3626 3504 3681 καὶ
3546 3624 3694 3695 μόνον

2113 3718 2516 3787 ἀναφαίνεσθαι
2540 3718 2602 3772 τὸ
2630 3719 2706 3790 μὴ
2727 3718 3062 3773 ἀπολύεσθαι
3088 3721 3153 3772 ἐκ
3183 3720 3284 3790 τῆς
3319 3718 3696 3783 ὑπεξουσιότη-

2117 3830 2208 3877 ’τος
2238 3812 2328 3866 διὰ
2356 3813 2418 3867 τὸ
2454 3813 2821 3884 κληρωθῆναι.
2853 3811 2928 3866 Τὸ
2956 3813 3012 3866 δὲ
3037 3813 3183 3885 ἔχειν
3215 3810 3540 3878 ὑ-πεξούσιον
3576 3808 3696 3879 κλη-

2121 3907 2272 3978 ρικὺν
2313 3904 2382 3958 τὰ
2416 3906 2508 3976 ἀφ’
2555 3906 2871 3976 οίουδήποτε
2912 3906 3115 3977 τρόπου
3161 3905 3530 3976 ὲπικτηθέντα
3565 3897 3701 3970 αὐτῷ

2120 3998 2424 4070 πράγματα
2446 3997 2587 4051 κατὰ
2612 3999 2931 4052 δεσποτείαν
2966 3998 3276 4069 καὶχρῆσιν
3300 3996 3699 4068 καθ’ὁμοιότητα

2117 4091 2228 4144 τῶν
2246 4091 2654 4162 στρατιωτικῶν
2683 4091 2988 4145 πεκουλίων
3021 4093 3096 4160 μὴ
3127 4091 3384 4154 ἐκλαϐοὗ,
3431 4091 3522 4142 καὶ
3546 4089 3620 4149 είς
3642 4084 3700 4137 τὰ

2118 4182 2227 4238 ἀπὸ
2275 4183 2527 4252 ληγάτων
2556 4182 2590 4252 ἥ
2636 4182 2992 4254 κληρονομῶν
3033 4181 3066 4253 ἦ
3115 4181 3336 4251 δωρεῶν
3361 4178 3699 4251 περιελθόντα

2117 4279 2301 4342 αὐτοῖς
2355 4277 2425 4330 τὰ
2477 4278 2572 4330 καὶ
2620 4276 2890 4347 λεγόμενα
2962 4273 3228 4328 πεκούλια
3277 4271 3699 4345 ἀπροσπόριστα.

2118 4371 2263 4424 Αλλὰ
2294 4373 2374 4434 εἰς
2408 4371 2545 4441 μόνα
2567 4371 2637 4424 τὰ
2661 4369 2937 4442 προφάσει
2984 4368 3077 4423 τοῦ
3108 4369 3314 4439 κλήρου
3352 4363 3702 4436 ἐπικτηθὲν-ια

423 4461 720 4516 occasione
768 4462 1063 4517 clericatus
1117 4477 1420 4517 accessere.
1487 4463 1563 4518 Ita
1633 4466 1782 4519 enim
1845 4465 2008 4529 illud,

2122 4464 2326 4526 αὐτοῖς.
2360 4461 2520 4516 Οὕτω
2547 4465 2654 4533 γὰρ
2688 4461 2988 4533 ὲκληπτέον
3019 4460 3081 4513 τὸ
3114 4460 3206 4530 ἀφ’
3240 4459 3567 4527 οἱουδήτινος
3590 4453 3703 4523 τρό-

423 4551 767 4624 Quocunque
803 4555 990 4619 modo,
1021 4555 1444 4626 :intelligcndum
1491 4565 1592 4611 est.
1629 4556 1764 4611 Nam
1817 4573 1846 4611 a
1876 4573 2017 4628 prae-

429 4656 587 4701 sente
626 4647 743 4716 lege
771 4646 918 4716 leges
950 4645 1019 4703 de
1045 4648 1274 4718 peculiis
1304 4665 1412 4702 non
1444 4656 1792 4704 evertuntur.
1816 4649 2014 4716 Quaere

424 4755 557 4794 vero
580 4739 742 4794 etiam
785 4739 856 4794 '55
880 4755 1146 4795 canonem
1177 4742 1391 4797 ceneilii
1421 4740 2014 4812 Carthaginensis,’qui

422 4835 489 4888 de
510 4834 677 4888 rebus
694 4847 814 4902 quae
843 4833 1138 4889 clericatus
1161 4835 1449 4890 occasione
1475 4835 1541 4889 ad
1571 4835 1800 4890 clericos
1834 4835 2020 4889 devol-

421 4936 658 4992 vuntur,
693 4934 896 4994 etquae
922 4927 991 4981 ab
1031 4926 1166 4996 ipsis
1205 4926 1257 4980 in
1285 4928 1628 4982 testamentis
1669 4927 1902 4996 relinqui
1929 4926 2023 4982 dc-

428 5020 595 5086 hent,
628 5020 908 5075 diversum
964 5020 1224 5090 quiddam
1277 5019 1346 5074 ab
1390 5020 1491 5073 hac
1528 5029 1796 5088 praesente
1838 5020 2018 5074 docet.

423 5111 694 5168 Existimo
713 5114 859 5168 enim
887 5113 1116 5168 canonis
1148 5111 1579 5184 [praescriptum]
1612 5114 1895 5182 praelatum
1930 5113 2020 5180 iri,

421 5221 741 5277 quanquam
761 5207 814 5262 id
841 5221 950 5261 non
979 5207 1140 5262 faciat
1162 5206 1303 5260 mala
1323 5207 1683 5262 consuetudo.
1707 5207 1884 5278 Atque
1907 5209 2023 5263 hac

423 5300 644 5370 quidem
673 5303 739 5356 de
761 5302 920 5357 bonis
951 5301 1298 5365 clericorum,
1333 5309 1498 5371 atque
1545 5301 1718 5370 patria
1755 5309 2024 5371 potestate

421 5397 479 5451 in
533 5397 705 5466 ipsos.
775 5395 946 5450 Porro
1027 5396 1356 5466 patriarcha:
1399 5394 2022 5464 Constantinopolitani,

429 5489 596 5564 [ejus]
625 5503 733 5560 que
777 5489 948 5545 solius
977 5487 1396 5560 magistratuum
1423 5489 1684 5561 insignia,
1712 5490 1888 5560 patria
1923 5506 2023 5561 po-

422 5581 621 5635 lestale
641 5579 875 5635 clericos
895 5581 1150 5636 liberant.
1180 5579 1300 5647 Qua
1329 5581 1396 5636 de
1431 5596 1489 5634 re
1526 5580 1644 5650 lege
1673 5596 1796 5650 qua:
1823 5582 1874 5634 in
1897 5596 2020 5652 cap.

424 5673 496 5727 56
552 5674 841 5743 prmsentis
865 5674 950 5728 tit.
1001 5689 1033 5728 a
1063 5673 1219 5730 nobis
1251 5673 1453 5744 scripta
1480 5682 1628 5729 sunt.
1660 5671 2024 5744 Episcopatus

429 5781 563 5822 vero
589 5766 824 5837 dignitas
851 5767 906 5822 in
935 5766 1053 5839 ipsa
1082 5767 1370 5825 confestim
1405 5767 1751 5825 ordinatione
1790 5782 1820 5822 a
1846 5769 2022 5839 patria

2128 4574 2256 4620 που,
2290 4557 2372 4609 ὅτι
2402 4556 2524 4608 οὐδὲ
2555 4555 2944 4624 ἀνετράπησαν
2974 4552 3082 4606 ὑπὸ
3117 4551 3388 4623 παρόντος
3427 4551 3611 4620 νόμον,
3657 4543 3704 4597 οἱ

2126 4651 2256 4720 περὶ
2283 4649 2390 4702 τῶν
2415 4649 2718 4701 πεκουλίων
2744 4648 2921 4718 νόμοι.
2953 4648 3117 4717 Ζήτει
3162 4645 3221 4697 δὲ
3254 4644 3351 4697 καὶ
3386 4643 3478 4695 τὸν
3504 4638 3580 4710 λβ¹
3610 4637 3700 4691 κα-

2127 4741 2254 4794 ν-ῧνα
2279 4742 2378 4810 τῆς
2407 4741 2464 4793 ὲν
2490 4741 2850 4811 Καρθαγέννῃ
2882 4739 3102 4792 συνόδου
3127 4735 3312 4808 ἕτερόν
3333 4753 3387 4788 τι
3405 4733 3704 4787 διδάσκοντα

2129 4829 2280 4899 παρὰ
2304 4828 2394 4882 τὸν
2422 4829 2667 4898 παρόντα
2693 4827 2860 4898 νόμον
2878 4827 3036 4898 χάριν
3053 4826 3162 4878 τῶν
3183 4825 3455 4895 προφάσει
3477 4821 3567 4876 τοῦ
3587 4819 3705 4890 κλή-

2131 4937 2225 4991 ρου
2257 4919 2650 4990 περιελθόντων
2673 4918 3019 4990 πραγμάτων
3044 4920 3125 4982 εἰς
3150 4917 3278 4980 τοὺς
3299 4915 3595 4987 κληρικοὺς
3619 4909 3705 4964 καὶ

2129 5017 2289 5085 χάριν
2319 5013 2428 5066 τῶν
2472 5013 2815 5082 ὲνδιαθήκοις
2852 5010 3364 5082 καταλιμπάνεσθαι
3397 5005 3704 5078 ὀφειλόντων

2131 5108 2236 5161 ὑπὸ
2281 5105 2487 5160 τούτων
2521 5105 2862 5176 πραγμάτων
2888 5119 2902 5133 ο
2927 5101 3136 5173 νομίζω
3175 5102 3284 5174 γὰρ
3331 5101 3408 5164 ὠς
3448 5110 3704 5170 προτιμη-

2131 5201 2388 5270 θήσονται
2417 5200 2487 5252 τὰ
2513 5197 2607 5252 τοῦ
2637 5198 2861 5260 κανόνος
2889 5197 2993 5250 κᾶν
3017 5196 3127 5249 ἀπὸ
3159 5193 3451 5265 συνηθείας
3469 5185 3703 5267 τοῦτοού

2130 5297 2360 5364 γίνεται.
2395 5294 2506 5348 Καὶ
2550 5291 2727 5346 ταῦτα
2779 5291 2877 5360 μὲν
2907 5290 3068 5362 χάριν
3105 5289 3215 5343 τῶν
3245 5287 3584 5357 πραγμάτων
3607 5279 3704 5333 τῶν

2133 5388 2432 5462 κληρικῶν,
2479 5387 2573 5441 καὶ
2607 5386 2707 5456 τῆς
2740 5384 3190 5451 ὑπεξουσιότητος
3233 5380 3414 5436 αὐτῶν
3437 5377 3507 5430 τὰ
3538 5376 3599 5428 δὲ.
3621 5369 3703 5426 τοῦ

2132 5477 2759 5540 Κωνσταντινουπόλεως
2781 5477 2875 5530 καὶ
2900 5475 3063 5546 μόνον
3081 5470 3399 5544 ἀρχοντίκια
3427 5464 3702 5522 ἀπολύουσι

2130 5584 2229 5650 τῆς
2265 5574 2720 5644 ὑπεξουσιότητος
2749 5572 2875 5634 τοὺς
2905 5570 3221 5641 κληρικους,
3242 5564 3336 5619 καὶ
3353 5558 3617 5630 ἀνάγνωθι
3642 5552 3703 5607 τὰ

2132 5667 2263 5739 περὶ
2321 5664 2512 5720 τούτου
2562 5661 2692 5733 παρ’
2721 5659 2878 5732 ἡμῶν
2915 5656 3197 5730 γραφέντα
3245 5655 3324 5717 είς
3367 5651 3429 5705 τὸ
3474 5650 3557 5711 λς’
3587 5657 3698 5739 κειρ.

2132 5761 2226 5816 τοῦ
2259 5759 2524 5830 παρόντος
2547 5756 2652 5810 τίτ.
2688 5756 2759 5809 Τὸ
2783 5753 2839 5806 δὲ
2873 5752 3090 5822 ἀξίωμα
3119 5749 3221 5820 τῆς
3251 5741 3552 5812 ἐπισκοπῆς
3581 5732 3698 5790 ἀπὲο
