3744 6218
36 233 200 297 1017

903 236 1395 300 NOMOCANON.
1437 265 1506 276 -
1541 240 1689 302 ΤΙΤ.
1734 241 1782 318 Ι,
1826 241 1984 306 CAP.
2024 241 2522 306 XXXI-XXXIV.

3247 248 3386 312 1018

35 349 224 402 ναθεν
245 346 597 404 ἀπαλλάττει
623 349 748 414 τοὺς
768 365 1076 420 χειροτονου
1086 350 1283 421 μένους
1306 353 1370 405 ὲκ
1411 352 1509 422 τῆς
1550 354 1668 406 ὑπε‹

1857 361 2049 409 testate
2081 355 2294 420 liberat,
2331 358 2790 427 quemadmodum
2833 361 2937 416 hoc
2990 359 3153 417 etiam
3193 361 3245 417 in
3281 380 3378 418 eo-

38 437 457 511 ξουσιότητος,
501 438 689 504 καθὼς
721 441 816 493 καὶ
860 439 929 493 τὰ
957 442 1086 512 περὶ
1115 441 1308 496 τούτου
1351 442 1410 496 έν
1434 442 1512 514 τῷ
1537 444 1687 516 αὐτῷ

38 549 186 602 κεφ.
227 532 589 604 πλατύτερον
613 532 1104 605 παρεδηλώσαμεν.

137 643 714 713 Ἕτερονσχόλιον.
756 643 1094 716 Σημείωσαι.
1135 645 1192 698 '0
1218 646 1316 715 μὲν
1355 647 1686 717 συνθέμενος

41 735 111 789 τὺ
145 737 543 806 νομοκάνονον
566 736 912 808 πατριάρχου
941 736 1149 808 μέλλων
1167 737 1378 804 διδάξαι
1402 739 1547 803 τίνες
1581 741 1688 793 εἰσὶ

46 829 348 900 κληρικολ⁸
392 829 757 902 παρέπεμψεν
789 831 921 883 αὐτὸ
961 831 1041 892 είς
1085 831 1177 883 τὸν
1215 828 1291 884 κδ’
1350 833 1557 886 κανόνα
1586 835 1684 905 τῆς

48 924 114 975 ὲν
141 921 468 995 Λαοδικείᾳ
504 921 725 976 συνόδου
772 921 1209 993 συναριθμοῦνται
1240 925 1352 986 τοῖς
1402 924 1690 996 κληρικοῖς

48 1014 150 1066 καὶ
182 1015 332 1076 τοὺς
359 1009 650 1084 μοναχούς.
668 1012 811 1082 Ἐγὼ
834 1014 890 1067 δὲ
912 1015 1015 1068 οὐκ
1042 1015 1347 1086 ἀφίσταμαι
1374 1008 1448 1069 ὧν
1476 1016 1691 1087 ἔγραψα

51 1107 135 1168 εἰς
173 1105 280 1159 τὸν
322 1103 387 1157 ιδ’
410 1105 612 1159 κανόνα
665 1105 768 1175 τῆς
824 1104 867 1171 ζ’
925 1108 1166 1169 συνόδου,
1201 1108 1293 1160 καὶ
1345 1109 1448 1161 ἁνὰ
1489 1109 1687 1164 ταῦτα.

59 1198 440 1269 Προστίθημι
467 1197 523 1252 δὲ
554 1200 665 1263 τοῖς
697 1202 991 1271 γραφεῖσιν
1021 1207 1114 1255 καὶ
1141 1200 1335 1269 ταῦτα,
1365 1204 1448 1256 ὅτι
1475 1204 1524 1255 εἰ
1554 1203 1683 1274 δοθῇ

53 1291 174 1344 ἀπὸ
209 1290 401 1361 μόνης
430 1291 530 1362 τῆς
574 1293 938 1364 ἀποκάρσεως
989 1293 1348 1362 ἀναγνώστας
1385 1292 1526 1350 εἶναι
1559 1298 1687 1362 τοὺς

59 1382 364 1453 μοναχοὺς
399 1383 762 1448 ἀδιαστίκτως
798 1385 865 1438 τὰ
894 1385 1005 1439 τῶν
1049 1387 1417 1455 ἀναγνωστῶν
1451 1389 1682 1458 ἐνεργή-

61 1492 223 1528 σουσι
285 1476 506 1541 πάντες
565 1479 791 1548 μοναχοὶ
847 1477 1296 1550 ἀποκεκαρμένοι
1363 1479 1466 1534 κᾶν
1528 1480 1684 1551 παρὰ

58 1569 340 1638 μοναχῶν
408 1569 599 1640 ἱερέων
677 1571 1039 1641 ἀπεκάρησαν
1143 1573 1279 1642 μήτε
1354 1573 1682 1644 ἡγουμένων

55 1661 237 1714 ὄντων
261 1703 276 1727 ,

22 1814 24 1822 Ι
59 1770 264 1821 σιμον,
312 1753 461 1824 ὅπερ
489 1753 691 1807 ἄτοπον
747 1754 842 1806 καὶ
883 1753 1098 1822 γυναιξὶ
1128 1754 1183 1807 δὲ
1226 1759 1489 1826 μοναχαῖς
1519 1754 1679 1808 τοῦτο

56 1845 117 1898 τδ
172 1845 408 1898 δίκαιον
475 1845 1061 1916 ἐπιφιλοτιμηθήσεται
1129 1846 1218 1900 διὰ
1273 1845 1373 1917 τὴν
1430 1847 1678 1918 ἀπόκαρ-

60 1956 171 2002 σιν,
214 1938 372 2008 ὅπερ
418 1937 567 1990 ἐστὶν
619 1939 713 1990 ἐπὶ
773 1938 935 1993 πλέον
983 1939 1352 1994 ἀτοπώτατον.
1393 1941 1484 2010 Μὴ
1549 1939 1682 2008 γοῦν

56 2031 323 2100 πρόσχῃς
389 2030 459 2098 τῇ
508 2031 652 2098 κακῇ
704 2029 985 2100 συνηθείᾳ,
1017 2031 1168 2101 ζήτει
1196 2029 1253 2082 δὲ
1286 2030 1384 2102 τὴν
1411 2030 1675 2085 διάλυσιν.

133 2117 407 2169 ΚΕΦΑΛ.
451 2116 572 2170 AB’.
611 2147 683 2157 -——
728 2118 868 2184 Περὶ
911 2117 1020 2172 τοῦ
1065 2117 1146 2187 μὴ
1207 2118 1680 2188 χειροτονεῖσθαι

57 2205 313 2276 οὗτινος
341 2209 384 2277 ’ἠ
421 2209 578 2278 γυνὴ
613 2210 954 2280 ἐμοιχεύθη,
1001 2211 1100 2265 καὶ
1131 2210 1244 2266 ἐὰν
1269 2210 1427 2282 γυνὴ
1464 2214 1678 2281 24.1an-

65 2307 178 2357 κοῦ
215 2320 327 2372 μοι
333 2301 533 2372 χευθῇ
541 2343 556 2356 .

131 2411 380 2466 Συνόδου
409 2411 851 2482 Νεοκαισαρείας
880 2411 1063 2466 κανὼν
1089 2412 1164 2483 η’.

137 2504 465 2568 Kstner-or.
488 2505 597 2558 Καὶ
625 2506 654 2558 ὁ
680 2506 956 2571 πολιτικὸς
972 2509 1136 2579 νόμος
1167 2527 1219 2564 κ.
1238 2528 1289 2568 τ.
1315 2510 1391 2577 λ.,
1421 2528 1594 2583 usque
1610 2512 1678 2568 ad

69 2593 368 2661 ῥεπουδίου
414 2594 521 2664 ρλδ¹
548 2599 770 2669 νεαρᾶς.

135 2707 436 2774 Σχόλιον.
458 2704 515 2758 '0
533 2705 578 2759 θ’
599 2707 704 2760 τίτ.
729 2706 825 2760 τοῦ
853 2706 897 2761 θ’
923 2708 1130 2779 βιϐλίου
1152 2709 1245 2764 τοῦ
1269 2711 1500 2779 κὼδικος
1519 2716 1680 2788 ἐτέθη

68 2796 125 2846 ἐν
163 2795 366 2867 βιϐλίῳ
394 2793 440 2863 ξ’
465 2796 576 2850 τῶν
604 2797 915 2850 Βασιλικῶν
953 2797 1059 2853 τίτ.
1083 2797 1181 2864 λζ’,
1213 2817 1341 2868 κεφ,
1382 2799 1489 2871 μβ’,
1522 2802 1679 2856 τοῦτο

69 2888 126 2939 δὲ
154 2887 218 2940 τὸ
248 2905 385 2958 κεφ.
429 2888 811 2960 παρελείφθηο
857 2891 889 2960 ἠ
951 2890 1058 2960 ρλδ⁹
1091 2892 1262 2962 νεαρὰ
1309 2893 1404 2946 τοῦ
1448 2895 1679 2948 ’1ουστι-

71 2979 256 3034 νιανοῦ
313 2981 482 3053 ἐτέθη
520 2985 580 3037 ὲν
611 2982 804 3054 βιϐλίῳ
851 2982 939 3054 κη’
985 2984 1093 3038 τῶν
1125 2986 1431 3041 Βασιλικῶν
1473 2989 1581 3042 τίτ.
1609 2987 1677 3053 ζ’,

65 3089 199 3140 ¹κειρ.
227 3071 300 3139 α’,
333 3073 409 3138 θ’,
440 3081 543 3140 να’,
588 3075 694 3129 τίτ.
719 3073 788 3140 ζ’,
816 3079 874 3129 ὲν
917 3077 1073 3147 μέρει
1107 3077 1281 3143 οὕτως
1321 3079 1524 3150 ἔχοντι·
1566 3081 1678 3151 Τὴν

79 3165 477 3236 μοιχευθεῖσαν
510 3170 749 3236 γυναῖκα
779 3173 900 3232 ταῖς
940 3170 1348 3242 προσηκούσαις
1373 3172 1680 3227 ὑποϐαλλοο

83 3253 246 3324 μένην
272 3258 498 3321 ποιναῖς
521 3260 579 3310 ἐν
602 3260 952 3332 μονασνηρίῳ
976 3261 1366 3330 ἐμϐάλλεσθαι,
1393 3265 1486 3317 καὶ
1509 3266 1559 3317 εἰ
1584 3265 1683 3336 μὲν

78 3347 208 3420 εἴσω
232 3347 452 3412 διετίας
479 3351 510 3403 6
559 3351 702 3422 ἀνὴρ
726 3351 896 3423 αὐτὴν
925 3353 1220 3408 ἀναλαϐεῖν
1268 3354 1560 3427 βουληθείη
1597 3355 1684 3420 ἐξ·-

82 3441 269 3494 ουσίαν
314 3440 477 3508 αὐτῷ
513 3442 768 3515 διδόαμεν
823 3445 985 3500 τοῦτο
1031 3450 1229 3515 ποιεῖν,
1272 3452 1367 3502 καὶ¹
1411 3451 1683 3504 συνοικεῖν

83 3532 218 3604 αὐτῇ
261 3535 481 3606 μηδένα
538 3536 786 3590 κίνδυνον
812 3538 1064 3594 ἐντεῦθεν
1101 3540 1508 3612 εὐλαϐουμένῳ,
1545 3546 1682 3612 μήτε

86 3621 171 3676 διὰ
220 3625 332 3678 τῶν
379 3627 441 3679 ὲν
485 3629 637 3698 μέσῳ
675 3629 979 3699 γινομένων
1019 3631 1544 3702 καταϐλαπτομένου
1587 3631 1682 3685 τοῦ

86 3715 282 3786 γάμου,
316 3720 416 3773 καὶ
439 3718 613 3789 ταῦτα
644 3721 746 3791 μέν
794 3740 963 3793 φησιν
997 3725 1027 3777 6
1061 3725 1342 3788 πολιτικὸς
1364 3725 1550 3795 νόμος.
1576 3727 1683 3779 Καὶ

89 3806 176 3877 ἔχε
205 3810 276 3864 τὰ
317 3812 422 3882 τῆς
461 3816 664 3884 νεαρᾶς
701 3814 910 3886 ταύτης
958 3817 1050 3870 ἐπὶ
1100 3817 1208 3871 τῶν
1243 3817 1470 3882 λαῖκῶν,
1504 3820 1533 3871 6
1573 3820 1684 3890 γὰρ

90 3898 547 3970 ἐκκλησιαστικὸς
569 3905 730 3975 νόμος
757 3907 876 3978 ἦτοι
906 3910 934 3960 6
953 3905 1002 3979 η’
1035 3907 1214 3962 κανὼν
1235 3909 1337 3980 τῆς
1363 3911 1420 3962 ὲν
1446 3911 1683 3963 Νεοκαι-

95 3994 285 4067 σαρείᾳ
331 3997 556 4052 συνόδου
612 3998 736 4053 οὔτε
785 4000 876 4054 τὸν
930 4001 1102 4071 ἄνδρα
1148 4003 1246 4072 τῆς
1301 4003 1686 4074 μοιχευθείσης

94 4091 345 4156 γυναικὸς
381 4094 464 4155 εἰς
503 4093 812 4162 ὑπηρεσίαν
845 4095 1128 4166 ἱερατικὴν
1167 4099 1496 4168 παραχωρεῖ
1529 4097 1686 4170 ἔρχε-

95 4181 234 4248 σθαι,
263 4183 390 4238 οὔτε
425 4185 519 4239 τὸν
555 4187 708 4256 ἱερέα
754 4187 846 4242 τὸν
875 4188 1107 4257 σύζυγον
1135 4189 1234 4258 τῆς
1264 4190 1404 4258 μετὰ
1435 4190 1535 4262 τὴν
1565 4207 1682 4259 χει-

101 4275 337 4341 ροτονίαν
398 4277 784 4350 μοιχευθείσης
832 4284 1160 4350 παραχωρεῖ
1201 4281 1296 4334 καὶ
1353 4278 1511 4344 αὖθις
1543 4277 1684 4334 εἷναι

101 4361 264 4433 ἱερέα,
293 4367 432 4422 ἀλλὰ
463 4367 766 4436 ἀναγκάζει
806 4370 996 4424 τοῦτον
1029 4372 1300 4425 ἀπολῦσαι
1332 4373 1434 4443 τὴν
1464 4389 1684 4442 μοιχευ-
1714 4397 1760 4452 D

102 4453 276 4513 θεῖσαν
311 4463 548 4529 γυναῖκα
590 4462 780 4530 αὐτοῦ,
813 4464 864 4516 εἰ
901 4463 1044 4517 θέλει
1077 4464 1216 4528 τέως
1246 4465 1569 4536 ἱερατεύειν.

115 4595 122 4601 σ
167 4571 419 4632 ΚΕΦΑΛ.
455 4576 579 4632 AI".
620 4607 692 4618 —
739 4578 883 4647 Περὶ
921 4578 1028 4633 τοῦ
1067 4579 1152 4649 μὴ
1204 4581 1682 4650 χειροτονεῖσθαι

105 4667 383 4735 κληρικὸγ
421 4671 914 4742 ἁπολελυμένως,
962 4671 1124 4729 ἀλλὰ
1177 4673 1422 4740 πάντως
1461 4676 1551 4740 εὶς
1588 4673 1682 4726 ἐκ·

105 4759 380 4829 πλησίας,
410 4763 450 4832 ἢ
469 4765 873 4834 μοναστήρια.

172 4851 392 4910 Συνόδου
418 4857 763 4928 Χαλκηδόνος
789 4855 974 4913 κανὼν
999 4857 1114 4924 κς’.

171 4957 416 5018 ΚΕΦΑΛ.
452 4966 672 5020 ΛΔ⁹.--
699 4965 840 5033 Περὶ
895 4967 1356 5036 περιοδούντων,
1412 4966 1512 5021 καὶ
1563 4966 1685 5021 τῶν

114 5048 176 5099 ἑν
198 5053 322 5121 ταῖς
351 5056 574 5129 κώμαις
605 5059 972 5128 ἐκκλησιῶν.

177 5144 393 5203 Συνόδου
417 5151 742 5217 Λαοδικείας
781 5151 962 5206 κανὼν
989 5151 1088 5216 νζν.

178 5238 476 5310 Κείμενοον.
517 5243 583 5298 Ἦ
611 5245 678 5298 ια’
705 5244 873 5310 διάτ.,
910 5246 1004 5299 τοῦ
1035 5243 1084 5312 γ’
1107 5243 1212 5299 τίτ.
1244 5244 1338 5297 τοῦ
1371 5243 1416 5296 α’
1451 5241 1680 5313 βιϐλίου,

116 5323 273 5398 λέγει,
311 5352 365 5391 κ.
403 5352 458 5392 τ.
484 5339 562 5407 λ.,
599 5354 774 5409 usque
809 5340 877 5394 ad
931 5337 1396 5392 ὑποκαταστάτων
1434 5335 1684 5406 λειτουρ-

120 5418 244 5482 γεῖν.

186 5511 450 5581 Σχόλιον.
499 5520 564 5575 Ἦ
621 5521 690 5575 ια’
727 5520 866 5576 διάτ.
926 5519 1024 5574 τοῦ
1064 5527 1113 5590 γ’
1153 5519 1262 5574 τίτ.
1310 5516 1404 5572 τοῦ
1452 5519 1686 5582 κώδικος

127 5598 272 5676 ἐτέθη
312 5614 389 5677 εἰς
423 5614 534 5685 pte.
580 5615 629 5686 γ’
677 5617 786 5671 τῶν
818 5615 1148 5683 Βασιλικῶν,
1189 5615 1294 5669 τίτ.
1334 5620 1406 5684 γ’,
1447 5631 1573 5682 κεφ.
1610 5611 1686 5678 ς’.

129 5689 282 5761 οὕτως
310 5700 425 5774 ἕχον
443 5707 535 5774 Ἐξ
556 5709 726 5781 αὐτῆς
752 5708 852 5780 τῆς
879 5706 1073 5781 κώμης
1103 5709 1160 5763 έν
1251 5709 1399 5762 ἐστιν
1425 5707 1458 5777 ἡ
1490 5704 1688 5776 tam-

1791 442 1914 496 dem
1970 443 2148 512 capite
2210 445 2371 501 latius
2410 447 2931 506 demonstravimus.

1863 653 2028 706 Aliud
2076 653 2358 709 scholium.
2415 656 2757 722 Patriarcha,
2797 657 2891 728 qui
2943 673 3381 716 nomocanonem

1790 751 2120 820 composuit,
2142 752 2406 806 docturus
2431 753 2656 822 quinam
2686 754 2794 810 sint
2814 755 3022 819 clerici,
3057 756 3375 829 [lectoreml

1789 858 1916 896 mox
1951 842 2166 896 remisit
2188 843 2256 896 ad
2281 858 2550 899 canonem
2581 845 2654 898 Ἦ
2685 846 2903 901 concilii
2930 845 3254 914 Laodiceui,
3284 854 3377 921 qui

1791 935 2004 990 clericis
2027 934 2191 988 etiam
2221 936 2526 991 monachos
2555 947 2941 994 connumerat.
2966 941 3080 1011 Ego
3114 957 3241 996 vero
3272 959 3378 997 non

1791 1027 1988 1081 recedo
2020 1028 2090 1080 ab
2126 1026 2192 1081 iis
2229 1042 2353 1097 qua:
2405 1028 2460 1081 in
2515 1043 2782 1084 canonem
2815 1029 2883 1084 Μ
2914 1031 3133 1086 concilii
3162 1033 3381 1102 septimi

1793 1117 2010 1185 scripsi,
2063 1132 2184 1185 quae
2235 1117 2370 1186 lege.
2410 1116 2556 1184 Quin
2601 1120 2823 1188 scriptis
2870 1120 3094 1189 adjicio,
3150 1122 3297 1192 quod
3337 1123 3384 1177 si

1793 1209 2128 1264 concedatur
2181 1225 2277 1278 per
2328 1211 2505 1266 solam
2549 1212 2859 1266 tonsionem
2923 1216 3224 1270 monachos
3267 1215 3384 1268 ﬁeri

1792 1302 2047 1365 lectores,
2107 1302 2247 1357 citra
2302 1303 2713 1359 distinctionem
2764 1305 3080 1375 quicunque
3129 1309 3384 1363 monachi

1795 1396 1977 1462 tonsi,
2033 1411 2156 1466 qua:
2226 1395 2494 1451 lectorum
2563 1396 2870 1470 [propria]
2936 1406 3085 1465 sunt,
3138 1397 3386 1453 facient:

1793 1484 2063 1540 tametsia
2103 1486 2389 1540 monachis
2424 1486 2828 1548 sacerdotibus,
2864 1487 2956 1556 qui
2989 1485 3388 1559 [monasterio-

1795 1569 1957 1644 rum]
1996 1573 2255 1643 praesules
2300 1588 2406 1627 non
2447 1583 2595 1639 sunt,
2641 1590 2821 1644 neque
2853 1574 2919 1628 ab
2950 1575 3210 1644 episcopo
3239 1574 3392 1648 [ιοιισ

370 1663 512 1732 μήτε
553 1661 661 1714 ἀπὸ
721 1664 1026 1716 ἐπισκόπου
1079 1663 1354 1718 λαϐόντων
1409 1665 1468 1718 τὸ
1529 1665 1668 1718 ἐνδό-

1855 1663 1982 1735 τηόί]
2021 1663 2334 1719 facultatem
2367 1673 2734 1734 acceperunt,
2771 1664 2918 1719 tonsi
2953 1664 3065 1719 sint
3090 1685 3103 1720 :
3133 1666 3280 1735 quod
3319 1667 3388 1721 ab

1791 1756 2018 1812 surdum
2057 1765 2161 1812 est.
2219 1757 2335 1812 Imo
2369 1772 2499 1811 vero
2556 1756 2885 1811 mulieribus
2940 1757 3231 1813 monachis
3281 1759 3386 1816 hoc

1783 1849 1879 1920 jus
1945 1860 2165 1920 propter
2209 1851 2521 1904 tonsionem
2585 1849 2750 1903 etiam
2798 1848 3070 1919 indulgeri
3132 1849 3384 1915 debebit,

1790 1941 1936 2012 quod
1969 1943 2130 2012 longe
2160 1941 2620 1996 absurdissimum
2661 1949 2766 1995 est.
2798 1937 2879 1993 Ne
2911 1940 3078 2009 igitur
3107 1942 3385 1997 auscultes

1792 2033 1948 2087 malae
1983 2030 2392 2092 consuetudini,
2427 2030 2521 2085 sed
2553 2031 2956 2085 correctionem
2995 2046 3231 2100 qumras.

1861 2118 2019 2175 CAP.
2050 2117 2269 2174 XXXII.
2301 2145 2347 2158 -ν
2392 2115 2475 2171 Ne
2497 2118 2797 2184 ordinetur,
2832 2116 2986 2183 cuius
3042 2134 3179 2172 uxor
3231 2119 3390 2172 adul-

1791 2214 1983 2267 terium
2046 2212 2331 2277 commisit,
2402 2219 2453 2264 et
2511 2210 2558 2265 si
2623 2209 2805 2264 clerici
2876 2226 3013 2264 uxor
3065 2211 3390 2267 adulterium

1793 2301 2144 2356 commiserit.

1865 2412 2095 2466 Com-iiii
2130 2409 2593 2465 Neocaesariensis
2620 2425 2800 2466 canon
2839 2411 2894 2468 8.

1865 2499 2076 2554 Tcxtus.
2117 2496 2294 2552 Etiam
2337 2499 2420 2552 lex
2467 2497 2644 2554 civilis
2683 2509 2815 2566 etc.,
2850 2516 3012 2570 usque
3045 2501 3114 2553 ad
3160 2499 3390 2555 novella:

1792 2590 1992 2646 151‘de
2025 2590 2290 2659 repudiis.
2324 2599 2380 2644 ut
2413 2607 2536 2661 pag.
2572 2589 2701 2646 555.

1866 2701 2164 2757 Scholium.
2233 2699 2344 2756 Tit.
2387 2700 2420 2754 9
2488 2702 2582 2756 lib.
2626 2719 2682 2758 1x
2729 2703 2855 2758 cod.
2910 2703 3124 2773 positus
3187 2711 3272 2758 est
3332 2701 3385 2756 in
3450 2742 3454 2746 .

1786 2796 1885 2851 lib.
1917 2795 2084 2851 Basil.
2138 2811 2230 2860 LX,
2278 2795 2365 2850 tit.
2417 2795 2512 2860 57,
2569 2795 2818 2866 θυμω.
2872 2795 2990 2851 Hoc
3043 2811 3176 2850 vero
3221 2805 3389 2865 caput

1791 2890 2061 2944 omissum
2119 2897 2222 2943 est.
2290 2887 2513 2943 Novella
2593 2887 2865 2960 [autem]
2922 2887 3221 2943 Justiniani
3282 2888 3386 2943 154

1791 2985 1971 3053 posita
2005 2993 2090 3038 est
2123 2983 2177 3038 in
2212 2981 2306 3038 lib.
2339 2981 2510 3037 Basil.
2553 2998 2753 3048 xxvm,
2785 2983 2873 3037 tit.
2913 2981 2964 3046 7,
3000 2996 3126 3050 cap.
3177 2983 3228 3047 I,
3266 2983 3388 3038 the-

1787 3089 1936 3134 mate
1970 3078 2021 3140 7.
2055 3078 2204 3148 quod
2229 3093 2328 3148 pro
2351 3085 2506 3147 parte
2535 3077 2612 3130 ita
2642 3077 2846 3131 habet:
2883 3075 3079 3130 Mulier
3113 3091 3246 3130 vero
3267 3091 3389 3144 qua:

1787 3169 2116 3224 adulterium
2142 3168 2440 3231 commisit,
2466 3168 2910 3238 competentibus
2939 3168 3157 3223 subdita
3185 3167 3385 3237 pcenis,

1786 3265 1840 3317 in
1867 3265 2260 3318 monasterium
2297 3262 2628 3331 conjiciatur
2663 3277 2676 3325 ;
2706 3270 2871 3329 atque
2900 3262 2945 3316 si
2977 3260 3209 3314 maritus
3245 3259 3388 3312 intra

1785 3357 2068 3412 biennium
2119 3371 2241 3411 eam
2278 3356 2524 3425 recipere
2573 3356 2829 3420 voluerit,
2873 3353 3072 3408 damus
3119 3353 3168 3407 ei
3221 3351 3389 3422 hujus

1789 3451 1984 3522 agendi
2016 3449 2322 3516 licentiam,
2353 3457 2414 3502 ut
2443 3456 2498 3502 et
2531 3448 2584 3502 in
2615 3445 2971 3501 matrimonio
3005 3461 3128 3501 eam
3166 3445 3387 3510 habeat,

1787 3559 1966 3614 neque
2001 3542 2173 3596 ullum
2217 3556 2282 3596 ex
2321 3541 2425 3595 hoc
2460 3549 2780 3594 revereatur
2823 3538 3162 3608 periculum:
3199 3536 3389 3590 matri-

1785 3635 1974 3689 monio
2011 3649 2236 3704 quoque
2296 3649 2394 3703 per
2445 3648 2509 3687 ea
2548 3647 2673 3702 qua:
2726 3631 2910 3685 medio
2971 3641 3214 3699 tempore
3246 3627 3390 3683 facta

1783 3737 1936 3791 sunt,
1967 3742 2077 3782 non
2132 3726 2400 3781 laedendo.
2435 3726 2615 3796 Atque
2657 3726 2772 3779 Ι]ωο
2803 3724 3025 3794 quidem
3055 3722 3235 3778 civilis
3280 3721 3388 3775 lex.

1784 3821 2037 3892 Intellige
2087 3835 2218 3875 vero
2253 3821 2396 3874 hanc
2450 3820 2721 3874 novellam
2771 3819 2840 3873 de
2881 3817 3058 3872 laicis.
3113 3814 3387 3870 Ecclesia—

1787 3913 1924 3968 stica
1955 3926 2194 3981 namque
2231 3910 2312 3964 lex
2340 3950 2353 3974 ,
2386 3913 2501 3965 sive
2535 3925 2712 3963 canon
2761 3909 2794 3961 8
2839 3908 3062 3962 concilii
3103 3905 3389 3960 Neocaesa-

1791 3997 2012 4062 riensis,
2041 4012 2221 4066 neque
2242 3997 2502 4050 maritum
2532 3997 2782 4050 mulieris
2807 3994 3070 4048 adulterae
3093 3995 3159 4047 ad
3191 4008 3383 4048 sacer-

1787 4088 1970 4144 dotale
2031 4087 2405 4142 ministerium
2467 4086 2766 4149 devenire,
2801 4101 2981 4154 neque
3033 4084 3381 4138 sacerdotem

1788 4180 2045 4234 maritum
2075 4178 2345 4245 mulieris,
2386 4193 2507 4247 qua
2563 4187 2683 4246 post
2721 4175 2944 4247 |ipsius]
2981 4176 3386 4230 ordinationem

1789 4273 2117 4328 adulterium
2195 4270 2475 4324 commisit
2541 4269 3202 4338 deincepslsacerdotem
3265 4281 3390 4321 esse

1790 4366 1958 4420 sinit:
1997 4365 2089 4418 sed
2134 4364 2284 4417 hunc
2342 4375 2569 4416 uxorem
2623 4362 2926 4415 adulteram
2955 4401 2970 4425 ,
3009 4361 3056 4415 si
3109 4360 3271 4414 modo
3297 4374 3389 4414 sa-

1791 4457 2037 4515 cerdotio
2072 4456 2226 4525 fungi
2278 4454 2427 4520 velit,
2471 4452 2764 4523 repudiare
2785 4453 2955 4524 cogit.

1859 4571 2016 4626 CAP.
2049 4567 2290 4627 XXXIII.
2319 4596 2390 4608 -ν
2422 4565 2506 4622 Ne
2526 4566 2750 4621 clericus
2789 4568 2844 4622 in
2885 4566 3109 4621 liberum
3149 4567 3392 4620 ministe-

1794 4667 1956 4729 rium,
1997 4665 2089 4720 sed
2125 4665 2339 4718 omnino
2397 4665 2452 4716 in
2492 4660 2772 4735 [certam]
2804 4661 3082 4716 ecclesiam
3132 4670 3226 4714 aut
3273 4674 3389 4712 mo-

1795 4759 1994 4815 κακιετὶ
2001 4776 2087 4812 um
2121 4758 2419 4812 ordinetur.

1871 4850 2103 4907 Concilii
2131 4848 2596 4906 Chalcedonensis
2625 4863 2802 4902 canon
2839 4847 2894 4903 6.

1866 4957 2019 5015 CAP.
2050 4957 2295 5015 XXXIV.
2318 4988 2391 5000 -—-
2420 4956 2499 5012 De
2525 4956 2928 5022 circuitoribus,
2963 4964 3011 5010 et
3044 4953 3277 5008 vicorum
3304 4965 3391 5004 cc-

1794 5055 1972 5109 clesiis
1986 5095 1998 5108 .

1861 5144 2090 5200 Cuncilii
2117 5141 2417 5198 Laodiceni
2449 5155 2626 5197 canon
2654 5141 2746 5194 57.

1871 5234 2086 5289 Textus.
2114 5233 2304 5288 Const.
2340 5232 2427 5296 Il,
2469 5233 2552 5285 tit.
2591 5232 2643 5297 5,
2687 5230 2782 5283 lib.
2817 5242 2856 5292 t,
2886 5227 3036 5290 dicit,
3072 5234 3203 5288 etc.,
3226 5236 3389 5292 usque

1794 5330 1862 5384 ad
1899 5345 1992 5401 pcr
2025 5327 2282 5384 dominos
2307 5325 2730 5396 compellantur,
2753 5331 2810 5376 ut
2837 5337 2963 5391 pag.
2999 5319 3125 5374 558.

1867 5511 2160 5567 Scholium.
2190 5507 2426 5563 Constit.
2463 5507 2547 5573 ll,
2584 5505 2666 5560 tit.
2699 5504 2754 5570 '5,
2786 5503 2882 5557 lib.
2912 5518 2929 5556 ι
2955 5499 3080 5557 cod.
3107 5498 3283 5568 posita
3307 5506 3390 5551 est

1795 5607 1850 5661 in
1894 5607 1990 5661 lib.
2032 5603 2200 5659 Basil.
2231 5601 2284 5667 '5,
2319 5616 2439 5670 cap.
2473 5598 2526 5665 6,
2559 5597 2703 5669 quod
2739 5596 2820 5652 sic
2849 5595 3047 5650 habet:
3082 5593 3158 5647 Ex
3188 5591 3379 5646 eodem

1795 5701 1938 5770 vico,
1973 5700 2028 5756 in
2066 5713 2177 5770 quo
2195 5703 2280 5754 cst
2323 5694 2579 5764 ecclesia,
2624 5690 2926 5750 secundum
2968 5688 3380 5762 preportioncm
