3916 6244
317 226 455 294 1019

1411 226 1677 287 ΡΗΟΤΙΙ
1718 225 2238 287 ΡΑΤΒΙΑΒΟΗίΕ
2278 226 2387 286 CP.

3478 224 3618 291 1020

315 344 443 408 loci,
459 343 666 414 judicio
679 343 921 418 episcopi
944 340 1131 400 clerici
1159 339 1517 395 ordinantor:
1548 356 1611 395 ac
1633 340 1907 411 propriam

2029 339 2116 393 σία
2148 340 2293 392 κατά
2327 338 2629 407 ἀναλογίαν
2654 338 2761 392 τῶν
2802 338 3275 411 τόπων-κληρικοὶ
3310 339 3492 411 κρίσει
3526 332 3623 393 τιῦ

318 433 704 501 capitationcm
738 441 1102 504 agnoscunto.
1127 429 1365 485 Constit.
1394 428 1462 484 16
1482 429 1726 498 ejusdem
1758 430 1840 483 tit.
1860 439 1911 484 et

318 524 417 577 lib.
453 525 507 578 in
539 522 706 580 Basil.
730 540 840 578 non
864 533 943 578 est
970 522 1170 593 posita.
1205 520 1441 575 Constit.
1469 527 1652 574 autem
1687 521 1751 585 2,
1772 520 1857 574 ιίι.
1885 521 1911 573 1

320 613 693 677 Novellarum,
756 629 839 670 est
877 614 1091 670 novella
1134 613 1431 668 Justiniani
1478 613 1601 678 125,
1631 612 1921 683 positaque

319 719 407 764 est
446 711 497 763 in
532 711 628 764 lib.
650 709 817 765 Basil.
845 726 928 772 ιιι,
955 710 1037 765 tit.
1066 711 1118 774 1,
1158 725 1277 779 cap.
1310 709 1399 774 58,
1430 708 1575 778 quod
1602 708 1682 763 sic
1715 708 1915 763 habet:

322 801 674 869 Ascriptitios
704 819 831 856 vero
862 802 915 855 in
949 802 1035 875 hi_s_
1052 801 1184 878 solis
1209 801 1660 871 possessionibus
1683 816 1917 871 quarum

321 892 607 961 ascriptitii
642 902 813 956 sunt,
844 878 1083 951 clericos
1110 895 1246 950 citra
1292 895 1621 949 voluntatem
1663 892 1919 949 domino-

323 1000 446 1039 rum
503 987 617 1041 lieri
663 989 1061 1044 concedimus:
1104 1004 1167 1043 ea
1221 997 1405 1042 tamen
1472 987 1810 1056 conditione,
1859 996 1920 1043 ut

324 1079 513 1133 clerici
565 1080 693 1135 facti
738 1082 1103 1137 nihilominus
1148 1082 1460 1152 impositam
1507 1080 1611 1135 sibi
1648 1081 1918 1149 agricola-

324 1170 527 1224 tionem
555 1172 909 1242 adimpleant.
938 1174 1093 1229 Scias
1124 1183 1329 1237 autem,
1356 1173 1502 1244 quod
1527 1175 1643 1228 haec
1676 1175 1914 1241 novella,

324 1276 447 1330 quae
479 1264 545 1317 de
602 1264 921 1334 ascriptitiis
957 1264 1230 1339 [tractat]
1266 1266 1429 1321 aliter
1478 1264 1686 1333 habuit,
1733 1265 1919 1334 prius-

324 1368 492 1421 quam
537 1367 963 1426 componeretur
1013 1374 1217 1428 corpus
1250 1357 1623 1422 Novellarum,
1680 1364 1735 1411 et
1762 1357 1920 1411 aliter

325 1445 381 1497 iu
441 1461 674 1517 corpore
728 1449 1055 1518 scripta,et
1109 1450 1161 1503 in
1206 1448 1373 1503 Basil.
1416 1448 1757 1519 transposita
1812 1457 1915 1503 est.

322 1536 501 1593 Antea
555 1542 701 1594 enim
758 1553 812 1596 et
848 1541 1199 1612 capitationis
1249 1542 1436 1613 (quod
1501 1542 1669 1597 etiam
1741 1544 1920 1611 capita

324 1631 539 1688 Latinis
568 1632 809 1704 dicitur)
844 1636 1049 1690 mentio
1092 1636 1232 1690 facta
1261 1674 1277 1700 ,
1325 1644 1378 1689 ct
1426 1634 1762 1704 ascriptitios
1824 1650 1920 1704 per

324 1725 657 1781 substitutos
702 1727 909 1782 ruralia
947 1726 1120 1782 cilicia
1175 1728 1401 1798 exsequi
1433 1726 1919 1799 [tlebere]statu-

322 1828 438 1873 tum
466 1817 665 1875 fuerat.
694 1821 753 1875 In
783 1828 1015 1892 corpOre
1043 1838 1174 1877 vero
1212 1821 1609 1895 [Novellarum
1634 1823 1655 1895 ]
1680 1824 1917 1879 alterum

322 1909 569 1978 ipsorum
601 1913 689 1982 (de
726 1914 1059 1983 capitatione
1101 1915 1325 1985 nempe)
1374 1930 1484 1970 non
1534 1928 1618 1971 est
1652 1916 1915 1986 positum.

324 2002 669 2074 Quapropter
718 2007 882 2061 etiam
927 2016 1195 2078 quantum
1245 2010 1310 2063 ad
1362 2009 1752 2080 capitationem
1803 2014 1919 2068 sive

324 2098 683 2153 canonarium
735 2100 1073 2173 [tributum]
1107 2101 1323 2167 attinet,
1362 2103 1428 2157 ad
1454 2085 1626 2172 legem
1665 2106 1918 2174 superius

325 2188 614 2258 insertam,
641 2201 806 2263 atque
851 2194 907 2248 in
962 2194 1057 2249 lib.
1088 2212 1172 2259 ιιι,
1204 2210 1326 2265 cap.
1358 2195 1412 2259 6,
1439 2196 1671 2266 positam
1700 2215 1713 2251 :
1750 2213 1915 2266 quan-

324 2289 441 2335 tum
474 2298 605 2338 vero
631 2285 697 2339 ad
728 2285 1169 2355 ascriptitios,ad
1203 2303 1468 2343 canonem
1511 2289 1576 2343 57
1620 2288 1917 2347 Laodiceni

324 2374 565 2439 concilii,
597 2383 651 2430 et
682 2378 951 2432 novellam
978 2376 1274 2436 Justiniani
1325 2381 1452 2447 125,
1481 2382 1596 2438 sive
1624 2392 1789 2452 caput
1826 2384 1916 2449 58,

324 2466 409 2520 tit.
445 2467 500 2534 1,
525 2468 622 2523 lib.
664 2485 722 2523 ιιι
755 2469 922 2526 Basil.
954 2473 1103 2542 quod
1132 2474 1322 2530 itidem
1356 2478 1613 2547 superius
1648 2479 1913 2535 insertum

326 2565 431 2622 est,
462 2567 516 2613 te
550 2560 757 2617 referre
789 2563 975 2620 debes.
1008 2566 1081 2621 De
1107 2569 1406 2623 canonario
1427 2578 1607 2625 autem
1640 2570 1918 2647 [tributo],

324 2657 380 2702 et
426 2653 925 2710 consuetudinilms
974 2672 1097 2719 quae
1144 2673 1243 2727 pro
1291 2662 1642 2717 ordinatione
1692 2664 1918 2732 dantur,

324 2738 435 2793 huc
470 2755 644 2809 usque
673 2741 767 2814 [in
811 2746 1130 2821 republica]
1181 2750 1290 2805 vim
1344 2752 1506 2807 habet
1546 2768 1712 2809 aurea
1770 2756 1918 2813 bulla

325 2831 559 2887 celebris
613 2835 777 2892 istius
816 2836 1165 2909 imperatoris
1209 2843 1381 2899 Isaaei
1432 2844 1738 2913 Comneni,
1792 2865 1917 2920 quae

324 2924 524 2992 partim
568 2927 642 2982 ita
690 2928 892 2986 habet:
953 2931 1158 2989 Statuit
1214 2951 1343 2991 vero
1396 2938 1747 3008 imperatoria
1796 2959 1916 2998 mea

2025 433 2331 485 ἐπισκόπου
2372 432 2915 503 χειροτονείσθωσαν,
2969 432 3063 486 καὶ
3104 432 3205 501 τὴν
3238 431 3449 486 οἰκείαν
3498 432 3623 485 ἐπι-

2022 526 2445 594 γινωσκέτωσαν
2479 526 2868 596 κεφαλιτιῶνα.
2912 526 2976 580 Ἦ
3017 524 3090 591 ις’
3124 526 3266 580 διάτ.
3329 524 3424 579 106
3456 525 3624 578 αὑτοῦ

2024 617 2133 671 τίτ.
2164 617 2261 670 καὶ
2299 616 2505 687 βιϐλίου
2539 618 2639 671 οὐκ
2686 616 2846 687 ἐτέθη
2897 619 2978 681 είς
3018 618 3088 671 τά
3135 616 3423 672 Βασιλικά.
3473 617 3541 669 Ἡ
3569 616 3625 668 δὲ

2024 708 2069 778 β’
2098 708 2241 763 διάτ.
2291 708 2383 762 τοῦ
2413 716 2461 762 α’
2490 708 2595 763 τίτ.
2649 709 2759 763 τῶν
2792 708 3026 780 Νεαρῶν
3058 712 3174 763 ἐστι
3208 709 3626 781 νεαράἹουστι-

2022 796 2254 861 νιάνειος
2276 804 2416 868 ρκγ¹,
2453 799 2548 852 καὶ
2600 798 2757 868 ἐτέθη
2792 800 2872 863 είς
2908 798 3111 869 βιϐλίον
3158 799 3269 853 τῶν
3315 798 3629 853 Βασιλικῶν

2021 896 2091 959 γ’,
2122 891 2227 945 τίτ.
2255 891 2325 959 α’,
2356 910 2484 961 κεφ.
2514 892 2617 964 λη’,
2651 893 2821 957 οὕτως
2850 892 2974 963 ἔχον
2998 910 3012 925 ’
3042 893 3182 957 Τοὺς
3203 894 3629 963 ἐναπογράερους

2022 984 2081 1036 ἐν
2107 982 2299 1047 αὐταῖς
2334 984 2498 1054 μόνον
2551 988 2673 1049 ταῖς
2696 987 2957 1057 κτήσεσιν
3008 988 3067 1039 ἐν
3118 983 3208 1049 αἶς
3235 988 3373 1040 εἰσιν
3423 986 3627 1039 ἐναπό-

2028 1092 2255 1145 γραφοι,
2299 1075 2595 1147 κληρικοὺς
2633 1078 2727 1132 καὶ
2774 1079 2925 1148 παρὰ
2948 1078 3173 1149 γνώμην
3203 1077 3313 1131 τῶν
3347 1078 3630 1131 δεσποτῶν

2022 1168 2269 1234 γίνεσθαι
2306 1169 2719 1241 συγχωροῦμεν,
2754 1172 2839 1238 ἐφ’
2867 1162 2911 1239 ᾧ
2945 1170 3125 1240 μέντοι
3151 1169 3292 1223 ὥστε
3327 1170 3631 1240 κληρικοὺς

2027 1260 2227 1321 αὐτοὺς
2258 1262 2576 1332 γινομένους
2606 1264 2704 1332 τὴν
2739 1264 3100 1334 ἐπικειμένην
3130 1263 3311 1327 αὐτοῖς
3343 1250 3627 1333 γεωργίαν

2023 1351 2129 1423 πλη
2142 1352 2288 1424 ροῦν.
2314 1354 2461 1426 Πλὴν
2482 1355 2720 1425 γίνωσκε
2750 1356 2832 1410 ὃτι
2865 1356 3002 1428 αὕτη
3032 1359 3065 1427 ἡ
3094 1355 3264 1429 νεαρά
3293 1357 3326 1427 ἠ
3353 1356 3485 1425 περὶ
3518 1355 3631 1409 τῶν

2024 1446 2431 1519 ἐναπογράφων
2480 1449 2656 1513 ἄλλως
2721 1446 2835 1521 εἶχε
2882 1449 2987 1521 πρὸ
3043 1449 3138 1503 106
3196 1448 3527 1517 συντεθῆναι
3567 1450 3631 1501 τὺ

2024 1539 2228 1602 πλάτος
2252 1540 2359 1595 τῶν
2392 1540 2642 1609 Νεαρῶν,
2677 1542 2770 1594 καὶ
2801 1540 2976 1604 ἄλλως
3015 1541 3232 1613 ἐγράφη
3274 1542 3353 1603 είς
3387 1540 3449 1593 τὸ
3485 1540 3626 1594 πλά-

2025 1646 2137 1695 τος,
2171 1629 2266 1683 καὶ
2313 1630 2577 1701 μετετέθη
2643 1632 2725 1694 είς
2766 1631 2833 1684 τά
2872 1630 3138 1685 Βασιλικά
3166 1648 3180 1663 ο
3225 1632 3494 1702 πρότερον
3532 1631 3635 1701 μὲν

2036 1724 2145 1794 γάρ
2172 1724 2509 1787 καπιτιῶνός
2541 1742 2602 1777 τε
2636 1725 2917 1796 ἐμέμνητο
2947 1726 3067 1797 ἤτοι
3093 1724 3507 1794 κεφαλιτιῶνος,
3543 1725 3629 1777 ὅτι

2030 1821 2126 1874 καὶ
2152 1820 2421 1883 καπίτους
2454 1823 2487 1891 ἡ
2525 1819 2737 1891 κεφαλὴ
2768 1822 2909 1875 κατά
2949 1821 3215 1884 Λατίνους
3255 1820 3501 1888 λέγεται,
3538 1820 3635 1871 καὶ

2034 1913 2102 1967 δι’
2149 1915 2614 1967 ύποκαταστάτων
2663 1912 2998 1984 λειτουργεῖν
3033 1917 3157 1976 τοὺς
3207 1912 3635 1982 ἐναπογράφους

2031 2007 2338 2076 διωρίζετο.
2375 2007 2468 2070 Ei;
2496 2007 2551 2060 δὲ
2577 2006 2638 2060 τὸ
2670 2006 2872 2070 πλάτος
2904 2007 2999 2059 καὶ
3034 2008 3115 2070 είς
3162 2006 3233 2059 τὰ
3265 2005 3536 2059 Βασιλικά
3568 2005 3633 2058 τὸ

2028 2099 2086 2154 ἓν
2118 2099 2177 2163 ἐξ
2209 2100 2390 2155 αὐτῶν
2420 2101 2538 2173 ἤτοι
2591 2101 2692 2171 τῆς
2738 2100 3133 2169 κεφαλιτιῶνος
3160 2100 3260 2153 οὐκ
3296 2098 3482 2168 ἐτέθη.
3535 2098 3632 2149 Διὸ

2030 2198 2124 2250 καὶ
2144 2196 2382 2265 ὀφείλεις
2418 2195 2708 2267 προσέχειν
2742 2195 2904 2265 χάριν
2943 2194 3042 2265 μὲν
3082 2194 3185 2264 τῆς
3231 2191 3627 2262 κεφαλιτιώνος

2027 2289 2146 2359 ἦτοι
2177 2287 2269 2340 106
2302 2288 2584 2341 κανονικοῦ
2616 2287 2693 2358 τῷ
2718 2286 2930 2342 ἄνωθεν
2978 2284 3433 2356 καταστρωθέντι
3478 2285 3633 2354 νόμῳ

2028 2378 2125 2432 καὶ
2181 2378 2419 2449 κειμένῳ
2467 2379 2524 2430 ἐν
2565 2376 2754 2448 βιϐλίῳ
2805 2383 2875 2445 γ’,
2914 2376 3022 2429 τίτ.
3081 2381 3152 2442 γ’,
3186 2392 3311 2444 κεφ.
3354 2381 3429 2440 ς’,
3464 2375 3630 2445 χάριν

2028 2467 2086 2521 δὲ
2141 2468 2251 2520 τῶν
2318 2467 2720 2538 ἐναπογράφων
2792 2466 2873 2538 τῷ
2923 2465 3022 2531 νζ,
3058 2465 3245 2520 κανόνι
3278 2466 3373 2535 τῆς
3398 2467 3456 2518 ἐν
3481 2468 3630 2520 Λαο-

2027 2559 2206 2630 δικείᾳ
2255 2560 2495 2625 συνόδου,
2548 2562 2643 2614 καὶ
2676 2563 2741 2631 τῇ
2804 2567 2946 2632 ρκγ’.
2987 2559 3404 2630 Ἰουστινιανείῳ
3434 2560 3625 2631 νεαρᾷ,

2028 2654 2197 2726 ἤγουν
2264 2653 2343 2724 τῷ
2409 2654 2492 2725 λη’
2545 2670 2669 2722 κεφ.
2737 2654 2832 2706 106
2908 2659 2957 2706 α’
3021 2653 3129 2707 τίτ.
3184 2652 3278 2705 τοῦ
3324 2657 3375 2721 γ’
3418 2651 3627 2722 βιϐλίου

2033 2745 2143 2799 τῶν
2206 2746 2553 2811 Βασιλικῶν,
2621 2744 2699 2817 τῷ
2752 2748 2847 2800 καὶ
2901 2744 3111 2800 ἀνωθεν
3157 2744 3623 2816 καταστρωθέντι.

2032 2838 2219 2909 Χάριν
2247 2837 2304 2891 δὲ
2340 2837 2437 2891 τοῦ
2482 2837 2791 2899 κανονικοῢ,
2820 2836 2916 2890 καὶ
2955 2835 3065 2889 τῶν
3109 2836 3250 2907 ὑπὲρ
3290 2835 3629 2907 χειροτονίας

2031 2928 2331 2999 διδομένων
2362 2928 2683 3000 συνηθειῶν,
2726 2931 2942 3000 ἐνεργεῖ
2984 2927 3147 3000 μέχρι
3175 2927 3271 2981 106
3306 2928 3399 2981 v6v
3429 2929 3629 2998 χρυσό-

326 3015 609 3086 majestas,
648 3032 706 3075 ut
753 3025 918 3078 etiam
972 3025 1029 3080 in
1082 3027 1434 3085 ordinatione
1482 3032 1834 3089 sacerdotum
1868 3044 1920 3091 et

2029 3022 2252 3077 ϐουλλον
2279 3021 2375 3076 τοῦ
2404 3022 2653 3093 ἀοιδίμου
2684 3022 2953 3093 βασιλέως
2984 3022 3193 3092 Κυρίου
3224 3020 3496 3076 Ἰσαακίου
3524 3022 3624 3074 τοῦ

326 3111 639 3167 canonariis
670 3113 970 3189 [tributis]
1007 3126 1163 3174 vetus
1200 3118 1375 3176 forma
1411 3124 1795 3179 auctoritatem
1827 3127 1917 3181 ob-

326 3200 534 3257 tineat:
574 3215 629 3258 et
658 3206 794 3260 nihil
826 3208 881 3263 in
916 3210 1267 3268 ordinatione
1304 3214 1599 3284 episcopus
1631 3218 1723 3287 qui
1748 3219 1917 3279 ,ordi-

326 3303 441 3359 nat,
474 3298 711 3366 amplius
742 3301 998 3371 accipiat,
1038 3320 1204 3373 quam
1236 3309 1636 3377 przeaestimatw
1685 3322 1921 3368 moneta:

328 3384 701 3455 imperatoriae
749 3408 891 3448 mea:
926 3396 1238 3465 majestatis
1286 3409 1493 3469 septem
1527 3417 1727 3458 aureos
1757 3420 1921 3459 num-

325 3492 450 3533 mos
474 3480 775 3536 duntaxat:
804 3500 974 3540 unum
1006 3488 1279 3555 videlicet,
1310 3493 1530 3561 quando
1552 3494 1920 3551 ordinandum

326 3568 493 3626 faciat
571 3573 881 3644 simplicem
966 3595 1161 3649 papam
1235 3584 1351 3638 sive
1429 3586 1729 3655 lectorem;
1789 3598 1920 3654 tres,

326 3666 549 3733 quando
608 3667 829 3722 ordinat
880 3670 1214 3738 diaconum;
1270 3674 1472 3731 alteros
1519 3685 1652 3743 tres,
1700 3680 1921 3748 quando

326 3757 665 3811 sacerdotem
704 3760 820 3814 sive
857 3764 1240 3834 presbyterum
1278 3767 1514 3836 perlicit,
1554 3771 1635 3824 sic
1662 3772 1921 3829 similiter

325 3861 427 3916 pro
458 3853 759 3905 canonario
787 3850 1068 3927 [tributo]
1119 3871 1150 3910 a
1188 3858 1311 3913 vico
1339 3860 1558 3929 triginta
1590 3860 1920 3919 infumibula

325 3938 582 4005 habente,
632 3943 867 4001 similem
913 3961 1141 4003 aureum
1197 3966 1364 4005 unum
1393 3994 1406 4019 ,
1452 3964 1741 4023 argenteos
1763 3956 1923 4023 duos,

327 4033 555 4090 arietem
620 4054 830 4103 unum,
863 4041 1049 4096 hordei
1118 4042 1330 4098 modios
1391 4060 1506 4111 sex,
1559 4047 1667 4100 viui
1700 4064 1923 4105 mensu-

324 4140 418 4181 ras
447 4142 563 4193 sex,
597 4128 787 4186 farinae
810 4133 1023 4188 modios
1055 4150 1170 4199 sex,
1193 4136 1424 4205 gallinas
1461 4137 1716 4206 triginta:
1745 4156 1775 4195 a
1802 4141 1925 4197 vico

325 4232 460 4272 vero
502 4220 595 4289 qui
638 4223 830 4292 viginti
876 4224 1204 4281 iufumibula
1254 4228 1439 4297 habet,
1469 4232 1620 4286 aurei
1679 4232 1922 4299 bessem,

324 4324 426 4380 pro
454 4312 667 4369 duobus
702 4318 975 4386 argenteis
1020 4329 1343 4389 argenteum
1382 4320 1672 4395 [unum],
1719 4340 1922 4394 agnum

2026 3117 2317 3190 Κομνηνοῦ
2346 3116 2521 3182 οὕτως
2556 3117 2679 3188 ἔχον
2708 3120 2766 3171 ἐν
2803 3117 2979 3189 μέρειο
3021 3117 3198 3170 Τυποί
3228 3117 3285 3171 δὲ
3314 3119 3346 3187 ἡ
3380 3115 3631 3187 βασιλεία

2030 3229 2153 3284 μου,
2182 3212 2278 3265 καὶ
2300 3211 2394 3265 ἐπὶ
2430 3213 2497 3283 τῇ
2525 3210 2834 3282 χειροτονίᾳ
2873 3210 2983 3262 τῶν
3017 3210 3229 3281 ίερέων,
3288 3209 3383 3262 καὶ
3418 3209 3515 3261 ἐπὶ
3544 3207 3627 3275 τῷ

2027 3303 2299 3375 κανονικῷ
2324 3305 2415 3356 τὸν
2448 3303 2676 3356 παλαιὸν
2701 3304 2945 3376 ἐνεργεῖν
2967 3302 3157 3366 τύπον,
3192 3301 3287 3353 καὶ
3323 3300 3493 3371 μηδὲν
3521 3302 3620 3352 ἐπὶ

2028 3401 2095 3472 τῇ
2149 3397 2456 3470 χειροτονίᾳ
2510 3396 2813 3468 λαμϐάνειν
2853 3395 3017 3449 πλέον
3070 3395 3161 3449 τὸν
3206 3393 3627 3464 χειροτονοῦν-ιι]¹

2026 3490 2218 3545 τοῦτον
2257 3490 2577 3554 ἐπίσκοπον,
2621 3488 2802 3559 ἀλλ’ἢ
2851 3487 2988 3559 μόνα
3021 3486 3094 3539 τά
3135 3487 3178 3551 ζ’
3231 3485 3412 3556 χρυσᾶ
3470 3483 3629 3552 νομί-

2035 3602 2221 3655 σματα
2271 3586 2372 3651 τῆς
2414 3582 2844 3653 προτιμωμένης
2893 3580 3146 3652 χαραγῆς
3189 3578 3291 3649 τῆς
3346 3577 3632 3647 βασιλείας

2036 3694 2161 3747 μου,
2194 3676 2365 3748 ἤγουν
2397 3675 2454 3729 ἓν
2492 3675 2591 3745 μὲν
2620 3675 2712 3728 ὅτε
2749 3676 2895 3727 ποιεῖ
2922 3673 3086 3727 αὑτὸν
3112 3672 3255 3724 λιτὸν
3291 3671 3478 3724 παπᾶν
3506 3671 3633 3740 ἦτοι

2036 3769 2421 3840 ἀναγνώστην,
2456 3768 2584 3840 τρία
2613 3769 2670 3821 δὲ
2696 3768 2783 3820 ὅτε
2823 3767 3124 3838 χειροτονεῖ
3160 3764 3324 3817 αὑτὸν
3354 3764 3629 3825 διάκονον,

2032 3863 2127 3916 καὶ
2160 3861 2325 3933 ἕτερα
2352 3861 2478 3933 τρία
2497 3861 2585 3914 ὅτε
2617 3860 2819 3931 πληροῖ
2848 3858 3009 3912 αὐτὸν
3034 3857 3205 3929 ίερέα,
3232 3858 3351 3928 ἦτοι
3384 3857 3633 3927 πρεσϐύ-

2031 3970 2212 4025 τερον.
2256 3952 2536 4016 Ὡσαύτως
2596 3952 2691 4005 καὶ
2734 3950 2877 4021 ὑπὲρ
2907 3949 3003 4003 106
3047 3946 3333 4003 κανονικοῦ
3381 3948 3493 4003 ἀπὸ
3536 3948 3633 4002 τοῦ

2032 4047 2247 4118 ἔχοντος
2267 4046 2472 4117 χωρίου
2495 4042 2539 4096 λ’
2566 4043 2830 4106 καπνοὺς,
2850 4042 3097 4113 νόμισμα
3115 4040 3171 4093 ἓν
3193 4040 3397 4111 χρυσοῦ
3419 4041 3631 4111 ὅμοιον,

2033 4140 2253 4210 ἀργυρᾶ
2303 4137 2417 4199 δύο,
2461 4135 2616 4208 κριὸν
2661 4136 2779 4201 ἕνα,
2824 4135 3038 4206 καρπὸν
3082 4133 3298 4205 μοδίους
3342 4132 3426 4197 ἓξ,
3480 4132 3631 4187 οῐνου

2035 4232 2213 4303 μέτρα
2246 4229 2326 4295 ἐξ,
2361 4230 2593 4300 ἀλεύρου
2631 4230 2788 4299 μόδια
2832 4227 2916 4292 ἒξ,
2952 4225 3049 4281 καὶ
3098 4225 3308 4297 ὀρνίθια
3338 4224 3406 4291 λ’,
3438 4225 3549 4278 ἀπὸ
3576 4224 3634 4277 δὲ

2028 4325 2124 4378 τοῦ
2161 4325 2376 4395 ἔχοντος
2404 4321 2450 4377 κ’
2480 4322 2740 4388 καπνοὺς,
2781 4322 2842 4374 τὸ
2864 4320 3110 4391 δίμοιρον
3138 4318 3231 4372 τοῦ
3266 4318 3632 4389 νομίσματος,

326 4401 698 4470 dimidiatum,
752 4409 942 4463 hordei
1006 4412 1223 4468 modios
1281 4422 1543 4483 quatuor,
1593 4415 1709 4469 vini
1763 4433 1920 4472 men-

2030 4420 2127 4472 καὶ
2153 4418 2274 4471 ἀντὶ
2302 4416 2413 4470 τῶν
2443 4416 2537 4471 δύο
2559 4414 2820 4486 ἀργυρῶν
2850 4413 3125 4485 ἀργυροῦν
3161 4418 3209 4465 α’
3250 4412 3525 4483 μέσαρνον
3550 4411 3632 4476 ἓν,

328 4506 489 4548 suras
528 4506 786 4565 quatuor,
826 4498 1021 4555 farina:
1053 4505 1268 4560 modios
1303 4516 1562 4576 quatuor,
1593 4515 1649 4561 et
1688 4509 1920 4578 gallinas

2029 4512 2240 4582 καρπὸν
2272 4510 2429 4581 μόδια
2475 4508 2539 4577 δ’,
2568 4509 2713 4562 οἴνου
2763 4508 2940 4580 μέτρα
2987 4505 3049 4570 δ’,
3084 4504 3314 4577 ἀλεύρου
3361 4506 3522 4577 μόδια
3555 4505 3631 4573 δ’,

327 4588 552 4653 viginti:
610 4602 642 4641 a
690 4588 810 4645 vico
870 4590 1109 4663 denique
1165 4595 1262 4665 qui
1327 4598 1516 4653 decem
1591 4598 1920 4655 infumibula

2029 4602 2120 4656 καὶ
2147 4601 2358 4673 ὀρνίθια
2382 4600 2453 4654 κ’*
2495 4601 2605 4655 ἀπὸ
2648 4602 2706 4654 δὲ
2739 4599 2835 4653 106
2872 4599 3089 4671 ἔχοντος
3136 4597 3195 4662 ι’,
3226 4601 3474 4663 καπνοὺς
3507 4619 3623 4671 χω-

327 4676 515 4746 habet,
544 4693 837 4753 argenteos
868 4688 1142 4758 quinque,
1183 4693 1459 4762 agnellum
1499 4710 1700 4761 unum,
1732 4696 1923 4751 hordei

337 4771 559 4828 modios
597 4776 761 4837 duos,
799 4778 909 4833 vini
950 4796 1242 4839 mensuras
1278 4786 1437 4853 duas,
1479 4785 1675 4844 farina:
1710 4790 1926 4847 modios

328 4863 493 4931 duos,
524 4874 579 4921 et
611 4869 847 4938 gallinas
878 4870 1104 4929 decem:
1132 4877 1601 4945 quemadmodum
1632 4879 1838 4953 [hzee]
1871 4882 1926 4935 in

330 4966 579 5012 veterum
644 4962 1034 5019 Actuariorum
1111 4967 1310 5037 sigillis
1380 4970 1547 5026 etiam
1616 4974 1925 5043 perscripta

331 5059 482 5107 sunt.
510 5052 692 5123 Atque
741 5054 896 5128 [haec
934 5059 1155 5128 quidem
1211 5062 1559 5137 dandarum]
1619 5067 1925 5138 specierum

333 5145 674 5202 conveniens
715 5149 997 5206 ordinatio
1038 5152 1408 5223 imperatoriae
1456 5172 1595 5212 mea:
1653 5158 1926 5228 majestati

332 5236 565 5305 placuit.
599 5241 735 5296 Cum
776 5242 880 5298 hac
910 5260 1041 5300 vero
1075 5261 1244 5301 aurea
1278 5248 1504 5303 formali
1564 5249 1713 5305 bulla
1744 5252 1928 5308 confe-

331 5338 455 5384 ctus
484 5340 566 5385 est
610 5334 775 5389 etiam
810 5335 880 5389 15
906 5338 1114 5394 mensis
1151 5338 1398 5394 Januarii
1428 5341 1747 5399 indictionis
1779 5346 1867 5411 10,
1900 5361 1931 5401 a

333 5423 692 5481 sanctissimo
710 5428 802 5483 illo
824 5432 1140 5499 patriarcha
1159 5433 1385 5487 domino
1405 5431 1634 5489 Nicolao
1656 5436 1933 5507 synodalis

334 5519 787 5586 Commentarius,
810 5523 901 5591 qui
928 5524 1104 5593 jubet,
1141 5526 1525 5581 utsccundum
1546 5527 1687 5582 hanc
1704 5544 1928 5585 auream

344 5606 551 5663 bullam
591 5616 887 5670 canonaria
928 5616 958 5687 ΙῘ
978 5617 1253 5691 tributa],
1307 5634 1372 5675 ac
1431 5635 1531 5689 pro
1590 5620 1938 5677 ordinatione

339 5699 481 5768 [dari
511 5705 695 5779 solita]
728 5706 945 5765 dentur.

2029 4694 2168 4764 ρίου,
2214 4694 2431 4766 ἀργυρᾶ
2464 4691 2526 4757 ε’,
2575 4694 2716 4764 ἄρνα
2770 4692 2851 4757 ἓν,
2888 4691 3103 4763 καρπὸν
3150 4692 3308 4763 μόδια
3370 4691 3443 4762 β’,
3478 4693 3633 4746 οἴνου

2030 4786 2206 4858 μέτρα
2242 4785 2308 4857 β’,
2358 4785 2590 4857 ἀλεύρου
2625 4786 2787 4857 μόδια
2844 4783 2913 4854 β’,
2965 4786 3061 4841 καὶ
3084 4786 3298 4857 ὀρνίθια
3344 4783 3395 4840 ι’.
3436 4785 3636 4848 Καθὼς

2027 4883 2123 4934 καὶ
2151 4883 2209 4934 ἐν
2238 4882 2352 4945 τοῖς
2403 4880 2660 4950 σιχίλλοις
2692 4879 2804 4934 τῶν
2836 4879 3088 4933 παλαιῶν
3135 4878 3453 4951 πραιτόρων
3496 4880 3635 4933 ἀνα-

2030 4974 2358 5045 γράφονται,
2413 4973 2511 5027 καὶ
2541 4974 2575 5044 ἡ
2634 4972 2927 5044 σύμφωνος
2982 4971 3279 5035 κατάθεσις
3326 4971 3439 5025 τῶν
3492 4971 3635 5028 ὅλων

2033 5062 2346 5133 θεματικῶν
2377 5062 2692 5135 παρέστησε
2717 5065 2782 5133 τῇ
2817 5061 3070 5134 βασιλείᾳ
3116 5078 3239 5132 μου.
3272 5062 3380 5115 Σὺν
3405 5062 3488 5132 τῷ
3516 5080 3632 5117 τοι-

2034 5158 2175 5229 ούτῳ
2209 5159 2265 5213 δέ
2306 5158 2688 5231 χρυσοϐούλλῳ
2722 5158 2939 5213 τυπικῶ
2966 5158 3157 5227 γέγονε
3182 5158 3278 5212 καὶ
3332 5159 3635 5229 σημείωμα

2037 5252 2315 5306 συνοδικὸν
2344 5252 2489 5306 κατὰ
2526 5252 2627 5322 τὴν
2668 5249 2727 5304 ιε’
2753 5250 2849 5305 τοῦ
2874 5250 3188 5321 Νοεμϐρίου
3224 5249 3394 5320 μηνὸς
3440 5252 3542 5319 τῆς
3576 5248 3631 5314 ι’,

2041 5345 2355 5408 ίνδικτιόνος
2378 5344 2532 5415 παρὰ
2564 5344 2659 5397 τοῦ
2700 5344 3009 5413 ἀγιωτάτου
3039 5343 3253 5397 ἐκείνου
3284 5343 3631 5413 πατριάρχου

2040 5438 2228 5510 κυρίου
2255 5437 2525 5492 Νικολάου
2565 5436 3081 5508 παρακελευόμενον
3111 5434 3254 5489 κατά
3292 5435 3355 5488 τὸ
3384 5435 3631 5488 τοιοῦτον

2038 5529 2433 5601 χρυσὸϐουλλον
2485 5529 2727 5584 δίδοσθαι
2780 5530 2851 5583 τὰ
2897 5527 3178 5594 κανονικά,
3217 5527 3312 5581 καὶ
3366 5526 3437 5579 τά
3488 5526 3630 5597 ύπέρ

2043 5623 2399 5694 χειροτονίας.

2426 5792 2505 5809 --.ν
