3744 6218
23 273 149 344 1021

789 278 1276 341 NOMOCANON.
1315 303 1388 315 —
1423 279 1573 340 TIT.
1616 279 1665 354 Ι,
1709 279 1870 341 CAP.
1908 280 2145 359 XXXV,
2184 284 2452 347 XXXVI.

3182 285 3318 350 1022

83 396 425 469 Σημείωσαι.
465 396 792 465 Ἀναγκαῖον
828 394 920 448 διά
940 394 1008 449 τὰ
1041 392 1356 464 ζητούμενα
1384 394 1650 448 κανονικά
1672 396 1824 466 παρά
1853 395 1962 449 τῶν
1988 397 2313 469 ἀρχιερέων,
2338 397 2529 469 καὶμὴ
2546 373 2801 469 διδόμενα
2832 400 2983 465 ἴσως,
3018 402 3068 455 οἱ
3100 401 3318 463 πλείους

18 490 122 561 γὰρ
156 487 272 542 τῶν
321 487 527 543 λαῖκῶν
549 488 611 542 ού
655 487 863 542 διδόασι
901 485 1213 550 καλοθελῶς
1262 486 1400 556 πρὸς
1430 488 1558 550 τοὺς
1600 488 1879 557 ἀρχιερεῖς
1910 488 2093 542 αὐτῶν
2140 491 2209 544 τὰ
2255 491 2517 544 κανονικὰ
2545 490 2818 560 ςλέγοντες
2852 493 2913 547 τὸ
2960 494 3318 565 εὐαγγελικὸν

20 584 185 653 ῥῆμα,
217 583 456 652 Δωρεὰν
480 580 749 646 ἐλάϐετε,
781 580 1012 649 δωρεὰν
1048 579 1205 645 δότε,
1252 580 1392 650 ὅπερ
1433 581 1582 633 ἐστὶν
1636 580 1929 652 ἀμέτοχον,
1958 581 2079 635 οὐδὲ
2109 582 2219 654 γάρ
2251 584 2367 637 ἐστι
2416 586 2609 655 μισθὸς
2640 586 2701 640 τὸ
2730 586 2891 659 χάριν
2942 589 3050 642 ἀπὸ
3110 591 3319 660 τροφῆς

16 674 291 745 διδόμενον
329 673 409 745 τῷ
437 674 707 746 ἀρχιερεῖ.

80 791 338 846 ΚΕΦΑΛ.
367 796 386 849 ι
411 788 539 844 ΛΕ’.
581 787 724 857 Περὶ
782 786 891 841 τοῦ
944 785 1065 841 ὑπὸ
1104 785 1212 839 τὸν
1256 784 1586 839 ἐπίσκοποι

1785 783 1935 840 CAP.
1982 785 2295 842 XXXV.—
2329 787 2397 843 Ut
2436 792 2789 859 plochiorum,
2845 752 3313 851 monasteriorum.

16 882 123 954 τῆς
146 884 388 949 πόλεως
415 878 571 936 εἶναι
598 879 743 943 τοὺς
762 878 1091 948 κληρικοὺς
1119 876 1240 931 τῶν
1269 877 1603 947 πτωχειων,

16 977 108 1031 καί
140 973 595 1045 μοναστηριων,
637 971 737 1026 καὶ
760 972 1124 1041 μαρτυρίων.

18 1095 30 1132 ς
84 1066 316 1121 Συνόδου
350 1064 698 1137 Χαλκηδόνος
733 1063 917 1118 κανὼν
950 1069 1023 1132 η’.

81 1160 339 1215 ΚΕΦΑΛ.
383 1160 526 1226 Δεῖν.
558 1187 626 1199 -ι
657 1158 798 1225 Περὶ
828 1155 1069 1211 δούλων
1102 1156 1556 1227 κληρουμένων.

94 1249 443 1304 Ἀποστόλων
472 1247 654 1303 κανὼν
678 1246 789 1316 πβ’.

81 1341 395 1409 Κείμενον.
446 1338 513 1390 Ἡ
537 1337 629 1402 λς’
656 1336 921 1401 διάταξις,
951 1334 1046 1390 τοῦ
1081 1341 1132 1406 γ’
1155 1337 1287 1403 τίτ.,
1314 1337 1409 1392 τοῦ
1439 1339 1490 1393 α’
1523 1339 1608 1409 βι-

18 1432 159 1487 ϐλίου
177 1432 273 1486 τοῦ
292 1429 532 1495 κώδικος
556 1432 742 1502 φησιν,
779 1448 835 1507 κ,
869 1448 922 1485 τ.
958 1430 1035 1497 λ.,
1064 1447 1240 1502 usque
1268 1432 1335 1487 ad
1369 1432 1607 1500 ὑπεξου-

20 1528 278 1597 σιότητος.

84 1618 365 1685 Σχόλιον.
416 1617 476 1670 '0
507 1623 553 1685 γ’
588 1617 697 1674 τίτ.
751 1620 847 1673 τοῦ
883 1619 932 1673 α’
989 1620 1199 1693 βιϐλίου
1249 1620 1345 1675 τοῦ
1376 1622 1608 1687 κὼδικος

20 1712 166 1781 ἐτέθη
197 1712 256 1763 ὲν
291 1709 485 1781 βιϐλίῳ
514 1710 564 1779 γ’
591 1711 699 1765 τῶν
750 1700 1058 1767 Βασιλικῶν
1115 1732 1243 1782 κεφ.
1281 1714 1349 1785 β’.
1375 1716 1524 1787 Πλὴν
1549 1716 1610 1769 τὸ

20 1822 137 1871 κεφ.
187 1803 352 1857 τοῦτο
419 1804 759 1875 παρελείφθη
808 1806 889 1869 είς
927 1805 1029 1875 τὴν
1078 1806 1480 1877 ἀνακάθαρσιν,
1514 1808 1609 1860 καὶ

20 1897 110 1951 οὐκ
143 1897 327 1967 ἐτέθη.
386 1896 452 1950 Ἢ
480 1896 523 1968 β’
546 1897 688 1951 διόιτ.
738 1897 833 1950 τοῦ
860 1904 911 1951 α’
936 1898 1043 1953 τίτ.
1076 1898 1187 1952 τῶν
1242 1900 1472 1968 Νεαρῶν
1492 1901 1610 1952 ἐστι

20 1992 180 2062 νεαρὰ
221 1991 663 2054 Ἰουστινιάνειος
704 1999 847 2063 ρκγ’.
897 1993 1009 2045 Καὶ
1063 1992 1224 2062 ἐτέθη
1273 1994 1356 2057 είς
1405 1993 1610 2063 βιϐλίον

20 2082 119 2135 τῶν
156 2082 471 2135 Βασιλικῶν
511 2089 583 2151 γ’,
626 2082 735 2136 τίτ.
778 2089 848 2148 α’,
877 2101 1004 2151 κεφ.
1037 2084 1122 2148 λζ,
1151 2082 1326 2147 οὕτως
1367 2084 1509 2155 ἕχον,
1534 2083 1610 2146 ὡς

1707 888 1757 932 ει
1793 880 2180 948 martyriorum
2212 880 2392 935 clerici
2421 882 2517 935 sub
2554 886 2798 956 episcopo
2829 888 3066 942 civitatis
3100 889 3230 943 sint.
3299 942 3308 957 ,

1777 1061 2009 1119 Concilii
2040 1062 2504 1122 Chalcedonensis
2533 1082 2655 1136 cap.
2686 1067 2742 1123 8.

1778 1155 1930 1211 CAP.
1966 1155 2207 1211 XXXVI.
2239 1187 2309 1196 —
2342 1157 2416 1211 De
2445 1159 2609 1214 servis
2638 1161 2730 1230 qui
2761 1159 2944 1215 clerici
2969 1163 3132 1231 ﬁunt.

1781 1249 2172 1317 Apostolorum
2208 1264 2388 1305 canon
2429 1249 2520 1304 82.

1784 1339 2002 1395 Tenus.
2025 1340 2213 1397 Const.
2241 1342 2329 1405 56,
2366 1342 2449 1395 tit.
2480 1342 2654 1407 3,1ih.
2698 1360 2714 1398 ι
2743 1344 2864 1402 cod.
2906 1344 3005 1412 ait,
3072 1360 3314 1414 servum,

1708 1440 1838 1499 etc.,
1864 1449 2028 1503 usque
2056 1434 2124 1487 ad
2155 1432 2280 1503 quis
2311 1433 2591 1500 liberetur,
2618 1444 2675 1488 ut
2701 1452 2826 1508 pag.
2867 1435 2994 1493 559.

1786 1624 2080 1681 Scholium.
2110 1624 2219 1681 Tit.
2248 1627 2302 1692 5,
2328 1626 2425 1682 lib.
2460 1642 2477 1681 ι
2508 1628 2629 1683 cod.
2661 1628 2877 1698 positus
2919 1637 3003 1684 est
3038 1630 3093 1685 in
3133 1630 3227 1686 hb.
3257 1634 3315 1685 ιιι

1713 1712 1878 1770 Basil.
1923 1729 2043 1783 cap.
2097 1713 2154 1768 2.
2193 1715 2587 1771 Verumtamen
2633 1718 2736 1773 hoc
2770 1732 2894 1789 cap.
2951 1719 3007 1773 in
3057 1734 3321 1790 repurga-

1713 1806 1861 1860 tione
1890 1806 2181 1869 omissum,
2217 1818 2273 1861 et
2298 1823 2408 1861 non
2452 1808 2693 1877 positum
2722 1815 2827 1863 est.
2860 1809 3052 1863 Const.
3085 1809 3121 1863 2
3168 1811 3252 1863 tit.
3286 1812 3312 1863 1

1712 1896 2087 1961 Novellarum,
2122 1907 2209 1954 est
2258 1900 2469 1953 novella
2512 1897 2810 1954 Justiniani
2855 1900 2983 1965 125,
3027 1902 3319 1971 positaque

1714 1998 1796 2044 est
1830 1989 1883 2042 in
1920 1990 2017 2044 lib.
2060 1988 2226 2045 Basil.
2265 2005 2351 2052 ιιι,
2390 1990 2471 2044 tit.
2531 1992 2581 2054 1,
2625 2005 2747 2060 cap.
2786 1990 2876 2058 57,
2917 1993 3063 2062 quod
3106 1992 3188 2046 sic
3215 1992 3319 2046 ha-

1715 2082 1825 2149 bet,
1866 2082 1944 2136 uti
1989 2082 2043 2136 in
2092 2083 2420 2153 compendio
2464 2083 2803 2153 propositum
2850 2092 2957 2137 est.
3004 2081 3162 2149 Quod
3188 2098 3321 2139 vero

24 2172 350 2242 συνωψίσθη.
382 2174 458 2226 Τὸ
491 2149 546 2227 δὲ
573 2149 1001 2244 ἒλευθεροῦσθάι
1032 2175 1161 2239 τοὺς
1185 2149 1586 2246 ἐναπογράφουι

1785 2173 2006 2241 criptitii
2074 2149 2419 2240 liberentur,
2464 2149 2600 2244 pars
2661 2183 2746 2230 est
2797 2174 3042 2244 ejusdem
3094 2175 3323 2229 novellae

28 2260 182 2332 μέρος
236 2264 358 2315 ἐστὶ¹
414 2264 513 2333 τῆς
565 2265 737 2332 αὐτῆς
786 2272 906 2337 ρκγ¹
947 2266 1171 2335 νεαρᾶς,
1226 2266 1325 2321 καὶ
1355 2268 1517 2337 ἐτέθη
1549 2267 1608 2320 ὲν

25 2349 412 2421 βιϐλίιργ¹τῶν
465 2352 772 2407 Βασιλικῶν
824 2354 930 2408 τίτ.
971 2354 1045 2421 α’,
1080 2373 1210 2425 κεφ.
1274 2355 1367 2421 ια’,
1428 2357 1609 2429 ἔχοντι

23 2444 182 2509 οὕτως
206 2460 222 2476 ·
247 2445 413 2499 Μετά
437 2446 493 2499 δὲ
513 2446 614 2517 τὴν
634 2448 973 2519 χειροτονίαν
999 2450 1094 2504 καὶ
1134 2449 1383 2516 δουλικῆς
1417 2454 1614 2505 ἐναπο-

24 2534 226 2606 γράφου
273 2533 452 2605 τύχης
516 2539 645 2598 τοὺς
701 2535 1037 2599 ἐπισκόπους
1084 2533 1229 2591 εἶναι
1282 2538 1609 2608 ἐλευθέρους

23 2626 329 2695 κελεύομεν,
361 2626 417 2679 εί
450 2625 525 2698 μὴ
556 2625 837 2697 ταξεώτης
863 2628 1016 2697 παρὰ
1053 2627 1153 2699 τὴν
1186 2628 1604 2700 προειρημένην

25 2718 425 2791 χειροτονηθείη
452 2721 864 2791 παρατήρησιν.
893 2721 1033 2782 Τοὺς
1062 2721 1172 2791 γὰρ
1199 2720 1477 2786 τοιούτους
1512 2722 1611 2794 τῆς

24 2812 319 2883 ἐπισκοπῆς
350 2813 620 2867 ἀποκινου
631 2812 826 2882 μένους
853 2816 920 2885 τῇ
945 2812 1097 2875 τάξει
1128 2814 1607 2870 ἀποκαθίστασθαι

26 2905 330 2977 κελεύομεν,
368 2907 462 2962 ἵνα
504 2909 581 2979 μὴ
626 2910 693 2961 ὲκ
731 2909 830 2979 τῆς
859 2908 1115 2981 τοιαύτης
1146 2909 1320 2982 τύχης
1357 2914 1423 2981 τῇ
1454 2912 1611 2982 ἱερω-

26 2998 150 3071 σύνῃ
181 3000 339 3073 ὕϐρις
388 3000 638 3072 γένηται.
691 3000 755 3054 Ἦ
801 3001 985 3072 μέντοι
1036 3000 1131 3057 πα¹
1172 3003 1609 3067 ἰουστινιάνειος

26 3092 179 3162 νεαρά
210 3094 395 3146 κεῖται
431 3094 511 3157 είς
544 3092 747 3164 βιϐλίον
772 3092 854 3146 λα’
894 3094 1006 3148 τῶν
1068 3094 1379 3150 Βασιλικῶν
1411 3096 1519 3151 τίτ.
1543 3095 1607 3162 ε’,

27 3206 138 3257 κεφ.
167 3188 234 3255 α’,
291 3189 475 3252 οὕτως
523 3189 647 3262 ἔχον
688 3192 817 3261 περὶ
863 3190 961 3262 τὴν
1010 3192 1208 3263 ἀρχήνο
1263 3191 1610 3262 Θεσπίζομεν

25 3282 136 3345 τούς
168 3300 225 3336 τε
252 3283 578 3355 ὲμϐἀθμους
616 3285 880 3347 ύπάτους.
911 3285 1023 3339 Καὶ
1070 3286 1157 3355 ἐφ’
1198 3284 1327 3355 ἑξῆς
1364 3302 1610 3357 παρακε-

26 3374 225 3428 λεύεται
256 3377 291 3447 ὴ
320 3374 465 3446 αὐτὴ
489 3375 656 3445 νεαρά
688 3375 776 3428 ἵνα
804 3375 1005 3439 πάντες
1034 3378 1085 3429 oi
1116 3375 1482 3445 ἀξιωματικοί
1510 3376 1606 3429 καὶ

1723 2266 1847 2328 125,
1881 2266 2233 2336 positumque
2266 2275 2352 2322 est
2386 2269 2439 2319 in
2483 2267 2578 2322 lib.
2620 2266 2790 2321 Basil.
2849 2282 2931 2333 ιιι,
2984 2266 3069 2321 tit.
3102 2266 3157 2332 1,
3193 2281 3315 2337 cap.

1722 2359 1809 2422 11,
1844 2358 1987 2428 quod
2020 2359 2100 2413 sic
2131 2358 2295 2412 habet
2332 2376 2345 2413 :
2397 2356 2528 2413 Post
2577 2357 2983 2412 ordinationem
3030 2372 3159 2413 vero
3203 2373 3320 2413 ser-

1722 2450 1817 2503 vili
1876 2448 2312 2515 ascriptitiorutn
2368 2448 2587 2502 fortuna
2635 2450 2926 2517 episcopos
2958 2448 3164 2503 liberos
3197 2463 3321 2502 esse

1717 2544 1979 2613 juhemus
2012 2561 2025 2597 :
2060 2542 2163 2596 nisi
2202 2543 2506 2597 cohortalis
2542 2553 2740 2610 praeter
2777 2540 3091 2609 prmdictam
3129 2540 3319 2595 obser-

1720 2638 1995 2691 vationem
2043 2636 2334 2690 ordinatus
2391 2635 2483 2690 sit.
2542 2634 2823 2703 Ejusmodi
2878 2633 3025 2687 enim
3076 2640 3318 2687 remotos

1719 2732 1789 2785 ah
1822 2731 2143 2799 episcopatu
2193 2726 2409 2782 cohorti
2468 2742 2583 2782 sua:
2641 2724 2857 2781 restitui
2908 2725 3195 2796 jubemus.
3246 2741 3317 2779 ne

1717 2836 1827 2892 qua
1861 2836 1927 2876 ex
1954 2821 2045 2874 tali
2081 2818 2304 2875 fortuna
2338 2818 2650 2874 sacerdotio
2689 2818 2977 2874 oboriatur
3029 2827 3317 2873 contume-

1716 2916 1811 2972 lia.
1864 2916 2133 2970 Caeterum
2164 2911 2459 2969 Iustiniani
2512 2912 2577 2968 81
2618 2912 2835 2967 novella
2898 2912 3073 2982 posita
3124 2920 3210 2967 est
3259 2914 3311 2967 In

1715 3009 1816 3065 lib.
1845 3024 1973 3063 xm
2000 3006 2165 3063 Basil.
2202 3006 2286 3061 tit.
2312 3005 2366 3071 5,
2397 3021 2518 3076 cap.
2555 3006 2606 3070 1,
2643 3006 2791 3076 quod
2823 3007 2903 3062 sic
2936 3008 2991 3061 in
3029 3006 3184 3062 initio
3216 3007 3320 3062 ha-

1716 3101 1808 3156 bet
1841 3119 1854 3155 :
1900 3100 2218 3163 Sancitnus,
2249 3106 2308 3153 ut
2346 3097 2612 3152 ordinarii
2642 3098 2919 3153 consules.
2952 3098 3032 3152 Ac
3061 3097 3319 3168 deinceps

1706 3192 1867 3264 jubet
1914 3192 2101 3248 eadem
2144 3191 2386 3257 novella,
2449 3198 2510 3244 ut
2570 3190 2888 3261 quicunque
2943 3190 3320 3261 magistratus,

1711 3286 2004 3355 dignitates
2050 3294 2104 3339 et
2153 3281 2335 3337 ofﬁcia
2373 3282 2555 3347 habet,
2585 3282 2669 3337 sui
2701 3282 2843 3352 juris
2898 3283 2991 3347 sit,
3038 3283 3257 3337 tametsi
3286 3299 3317 3337 a

1710 3389 1863 3450 patre
1902 3377 2282 3446 emancipatus
2334 3391 2441 3431 non
2501 3375 2686 3429 fuerit.
2742 3376 2906 3445 Atqui
2964 3375 3017 3438 9,
3077 3374 3181 3437 10,
3226 3376 3317 3439 11.

28 3469 71 3519 oi
98 3466 302 3539 ἔχοντες
350 3468 586 3537 όιριρίκια
642 3467 905 3539 ἄρχοντες
945 3467 1283 3533 αὑτεξούσιοι
1319 3463 1444 3535 ὦσι,
1497 3467 1586 3522 xit

1789 3470 2060 3541 peratoris
2095 3470 2304 3525 domini
2351 3466 2552 3523 Leonis
2602 3468 2924 3537 Philosophi
2956 3466 3193 3522 Novella:
3224 3467 3317 3537 ju-

27 3558 115 3626 τῆς
170 3559 448 3629 πατρικῆς
493 3559 677 3629 χειρὸς
709 3559 810 3612 οὐκ
836 3558 1078 3627 ἔφθασαν
1127 3559 1489 3629 ἀπολυθῆναι.
1540 3560 1603 3612 Ἡ

32 3649 198 3720 μέντοι
249 3650 316 3719 θ’,
349 3650 381 3706 ι’
442 3651 539 3704 καὶ
593 3650 662 3705 ια’
715 3654 883 3722 νεαρά
936 3651 1030 3705 τοῦ
1091 3652 1355 3723 βασιλέως
1410 3653 1602 3722 κυρίου

29 3742 241 3808 Λέοντος
271 3744 367 3798 τοῦ
398 3743 700 3813 Φιλοσόφου
751 3745 1223 3815 παρακελεύονται
1266 3746 1359 3799 τὸν
1389 3747 1606 3817 κληρω-

30 3830 173 3886 θέντα
195 3833 378 3887 δοῦλον
416 3835 475 3887 ἐν
505 3834 701 3905 ἀγνοίᾳ
747 3832 841 3887 τοῦ
874 3834 1158 3902 δεσπότου,
1193 3836 1332 3889 ἀλλά
1366 3835 1475 3907 μὴν
1504 3836 1600 3890 καὶ

28 3922 108 3977 τὸν
135 3926 444 3994 μονάσαντα
472 3926 569 3979 καὶ
605 3926 697 3978 τὸν
728 3927 990 3995 γεγονότα
1020 3928 1319 3982 ἐπίσκοπον
1348 3929 1603 3983 ἀποκαθ-

32 4012 264 4068 ίστασθαι
296 4015 374 4087 τῷ
405 4015 658 4086 προτέρῳ
687 4014 946 4088 δεσπότῃ.
984 4017 1055 4070 Σὺ
1088 4017 1218 4085 γοῦν
1267 4017 1457 4087 μαθὼν
1493 4015 1605 4070 ἀπὸ

30 4105 112 4158 τοῦ
136 4114 199 4159 ια’
221 4125 347 4179 κεφ.
373 4109 471 4161 τοῦ
493 4106 541 4160 α’
590 4106 771 4160 τίτλου
803 4108 899 4161 τοῦ
931 4106 979 4177 γ’
1006 4108 1217 4177 βιϐλίου
1247 4108 1355 4162 τῶν
1386 4109 1604 4163 Βασιλι-

30 4197 148 4263 κῶν,
182 4200 262 4254 ὅτι
284 4202 382 4254 καὶ
415 4201 666 4272 δουλικῆς
689 4200 1074 4273 ὲναπογράφου
1094 4201 1267 4272 τύχης
1291 4204 1339 4255 ot
1369 4204 1601 4257 ἐπισκο-

32 4289 162 4360 πικῷ
183 4293 542 4363 τετιμημένοι
561 4292 832 4364 ἀξιώματι
850 4293 1311 4365 ὲλευθεριάζουσι,
1342 4294 1416 4366 μὴ
1442 4296 1603 4349 ὲναν-

31 4382 213 4454 τιωθῇς
240 4385 318 4455 τῷ
334 4384 414 4451 λζ’
445 4404 572 4457 κεφ.
599 4387 695 4440 τοῦ
716 4386 882 4441 αὐτοῦ
906 4386 1012 4441 τίτ.
1043 4388 1136 4440 καὶ
1154 4386 1386 4457 βιϐλίου,
1412 4386 1601 4456 λέγον-

30 4487 96 4539 τι,
131 4476 201 4546 μὴ
218 4476 393 4541 ἄλλως
413 4478 504 4531 τὸν
524 4477 710 4532 δοῦλον
745 4477 1167 4550 ὲλευθεροῦσθαι
1188 4478 1294 4533 κᾶν
1313 4479 1413 4549 κλη
1424 4480 1597 4551 ρωθῇ,

32 4563 75 4614 εἰ
128 4567 200 4639 μὴ
246 4570 717 4642 παρακολουθήσει
760 4571 858 4626 καὶ
906 4569 1003 4623 τοῦ
1058 4571 1326 4625 δεσπότου
1364 4573 1598 4643 εἷδησις,

32 4658 156 4713 ἀλλά
183 4663 324 4716 κατά
347 4662 506 4717 τοῦτο
527 4663 638 4717 νόει
672 4664 769 4719 καὶ
811 4666 988 4717 έκεῖνο
1040 4663 1101 4717 τὸ
1134 4682 1262 4734 κεφ.
1290 4666 1340 4718 οἱ
1371 4664 1481 4736 γὰρ
1510 4665 1595 4717 λέο

32 4770 224 4822 γοντες,
250 4756 331 4810 ὅτι
362 4756 450 4810 διὰ
496 4756 559 4810 τὸ
610 4756 712 4827 τῆς
766 4758 1073 4829 ἐπισκοπῆς
1114 4758 1336 4827 ἀξίωμα
1380 4758 1601 4811 ἐλευθε-

1727 3566 1893 3630 bent,
1926 3572 1987 3617 ut
2026 3564 2119 3633 qtti
2143 3578 2336 3617 servus
2372 3561 2656 3631 ignorante
2685 3560 2909 3615 domino
2942 3568 3036 3613 aut
3063 3558 3317 3617 clericus,

1720 3666 1816 3712 aut
1846 3656 2172 3719 monachus,
2207 3664 2303 3708 aut
2348 3652 2640 3722 episcopus
2692 3648 2873 3705 factus
2909 3649 3098 3716 fuerit,
3129 3650 3175 3705 is
3204 3650 3317 3719 pris

1721 3750 1866 3806 stino
1917 3748 2142 3803 domino
2208 3745 2554 3801 restituatur.
2608 3744 2689 3797 Tu
2740 3743 2909 3813 igitur
2966 3742 3057 3797 ubi
3115 3757 3181 3795 ex
3248 3740 3311 3794 11

1717 3855 1839 3908 cap.
1872 3838 1957 3893 tit.
1994 3838 2016 3891 1
2048 3837 2143 3891 lib.
2189 3850 2252 3888 ιιι
2306 3832 2473 3888 Basil.
2507 3832 2770 3894 didicisti,
2826 3830 3010 3886 servili
3059 3828 3317 3898 ascripti-

1720 3929 1921 3983 tiornm
2004 3926 2239 3981 fortuna:
2291 3923 2558 3978 obnoxios
2588 3964 2602 3987 ,
2650 3930 2952 3991 posteaque
3020 3918 3317 3990 episcopali

1718 4022 1985 4092 dignitate
2019 4018 2223 4074 fuerint
2258 4015 2537 4079 honorati,
2584 4014 2788 4068 liberos
2820 4029 2943 4067 esse
2976 4030 2989 4066 :
3023 4028 3089 4065 ne
3119 4011 3317 4065 adver-

1717 4115 1855 4171 seris
1889 4112 1960 4168 '59
1986 4128 2105 4183 cap.
2135 4109 2379 4180 ejusdem
2407 4109 2492 4161 tit.
2516 4114 2569 4161 et
2594 4104 2849 4175 lih.quod
2880 4119 2990 4158 non
3022 4104 3180 4157 aliter
3201 4118 3318 4158 ser-

1714 4219 1869 4265 vum,
1900 4200 2121 4257 tametsi
2149 4199 2386 4254 clericus
2417 4197 2601 4252 factus
2629 4197 2721 4261 sit,
2749 4196 2983 4250 liberum
3017 4194 3130 4250 lieri
3159 4194 3315 4261 dicit,

1715 4295 1947 4368 qnam'si
1969 4293 2177 4349 domini
2196 4291 2437 4361 cognitio
2460 4289 2552 4362 [ad
2574 4305 2694 4343 eam
2721 4286 2863 4360 rem]
2879 4287 3202 4343 accesserit:
3219 4288 3318 4343 sed

1716 4388 2020 4447 secundum
2048 4385 2151 4440 hoc
2183 4384 2316 4439 illud
2340 4383 2503 4437 etiam
2525 4390 2688 4452 caput
2719 4381 3009 4452 intelligas.
3033 4378 3315 4450 Siquidem

1716 4484 1809 4555 qui
1840 4494 2082 4543 servum,
2102 4478 2224 4532 licet
2254 4486 2452 4547 praeter
2476 4474 2813 4530 voluntatem
2859 4472 3066 4528 domini
3088 4473 3317 4542 episco-

1716 4590 1844 4646 pum
1870 4571 2097 4635 factum,
2117 4568 2415 4624 etliberum
2428 4581 2551 4622 esse
2574 4565 2762 4621 dicunt
2783 4581 2797 4618 :
2821 4582 2928 4619 non
2945 4572 3088 4620 recte
3102 4565 3313 4620 dicunt.

1719 4665 1836 4721 Hoc
1870 4676 2111 4732 namque
2143 4667 2309 4729 caput
2340 4674 2406 4712 ex
2442 4660 2746 4729 posteriore
2776 4658 2954 4727 capite
2989 4656 3317 4726 interpreta-

1717 4764 1919 4817 tionem
1961 4757 2181 4828 accipit.
2218 4756 2431 4810 Etenim
2487 4751 2847 4825 [quanquam]
2878 4751 3037 4807 ambo
3065 4749 3312 4821 ejusdem

36 4846 206 4914 ροῦται
256 4851 285 4904 δ
334 4849 520 4914 δοῦλος
573 4848 677 4903 κᾶν
732 4851 886 4920 παρά
922 4848 1150 4920 γνώμην
1184 4848 1280 4903 τοῦ
1331 4849 1586 4903 δεσπότοι

1785 4852 1934 4906 vellse
1955 4850 2092 4912 sint,
2118 4847 2345 4901 omnino
2371 4842 2604 4917 [tamen]
2630 4860 2656 4898 a
2682 4845 3006 4914 posteriore,
3029 4856 3224 4908 nempe
3242 4838 3312 4892 57

33 4938 315 5004 ἐπίσκοπος
344 4943 595 5013 γένηται,
622 4942 685 4996 οὐ
732 4941 919 5005 καλῶς
942 4942 1213 5011 λέγουσιν.
1260 4942 1596 5014 Ἑρμηνεύε-

34 5043 113 5079 ται
140 5028 316 5100 γὰρτὸ
348 5032 589 5085 τοιοῦτον
616 5049 740 5101 κεφ.
768 5031 878 5085 ἀπὸ
907 5030 1003 5084 τοῦ
1023 5034 1108 5101 ἐφ’
1138 5031 1265 5103 ἑξῆς
1311 5050 1441 5101 κεφ.
1470 5034 1603 5103 μιᾶς

36 5118 133 5190 γάρ
162 5124 264 5175 εἰσι
292 5125 488 5195 νεαρᾶς
517 5124 614 5178 καὶ
646 5125 958 5195 ἀμφότερα,
993 5125 1090 5178 καὶ
1116 5126 1337 5187 πάντως
1365 5124 1475 5178 ἀπὸ
1502 5123 1599 5177 τοῦ

42 5215 487 5287 μεταγενεστέρου
523 5217 645 5287 ἦτοι
672 5216 769 5270 τοῦ
806 5215 884 5282 λζ’
920 5234 1045 5285 κεφ.
1073 5216 1133 5269 τὸ
1162 5218 1597 5287 προγενέστερον

40 5322 151 5371 κεφ.
187 5307 301 5378 ἢτοι
334 5309 395 5363 τὸ
437 5308 505 5364 ια’
536 5309 1031 5382 ἑρμηνευθήσεται.
1080 5310 1144 5363 Ai
1174 5309 1387 5379 Νεαραὶ
1420 5309 1475 5362 δὲ
1508 5309 1600 5363 τοῦ

44 5394 289 5464 βασιλέως
318 5402 507 5473 κυρίου
537 5402 766 5466 Λέοντος
788 5401 881 5454 τοῦ
900 5401 1100 5471 Σοφοῧ,
1137 5401 1202 5466 ἃς
1232 5404 1325 5455 καὶ
1353 5402 1604 5471 ἀνάγνω-

43 5489 89 5539 Οι
120 5494 582 5560 μετ’ἐπιμελείας,
612 5498 706 5549 καὶ
732 5496 824 5549 τὸν
848 5495 1219 5567 κληρωθέντα,
1258 5497 1350 5549 καὶ
1376 5497 1468 5550 τὸν
1501 5515 1603 5567 μο-

43 5581 387 5652 νὰσαντα,κα“ι
415 5589 506 5642 τὸν
530 5589 828 5642 ἐπίσκοπον
861 5590 1123 5659 γεγονότα
1145 5591 1332 5645 δοῦλον
1359 5591 1573 5645 ἀποκαθ

46 5675 216 5731 ιστῶσι
263 5680 399 5749 πρὸς
449 5680 548 5754 τὴν
602 5682 873 5756 προτέραν
910 5683 1165 5755 δουλικὴν
1214 5683 1414 5754 τύχην,
1445 5682 1513 5737 ἂν
1549 5686 1608 5737 ὲν

48 5765 222 5840 ἀγνοίᾳ
257 5771 350 5827 τοῦ
377 5773 637 5831 δεσπότου
662 5775 907 5832 τοιούτου
926 5776 1069 5842 τινὸς
1098 5778 1126 5832 ό
1158 5775 1344 5843 δοῦλος
1374 5775 1601 5850 ἀξιωθῇ.

1702 4946 1914 5015 capite,
1961 4942 2158 5013 prius,
2197 4955 2393 5009 nempe
2450 4938 2511 4991 11
2564 4945 2749 5008 caput,
2805 4933 3309 5005 interpretationem

1703 5036 1954 5106 accipiet.
2010 5032 2247 5088 Novella:
2293 5046 2456 5100 porro
2488 5027 2836 5098 imperatoris
2864 5024 3072 5081 domini
3110 5022 3311 5077 Leonis

1709 5126 1982 5199 Sapientis
2012 5141 2148 5196 quas
2169 5124 2276 5197 [ιιι]
2304 5123 2595 5193 diligenter
2616 5122 2752 5192 lege,
2771 5134 2989 5175 servum
3019 5117 3308 5182 clericum,

1709 5220 2035 5275 monachum
2057 5258 2072 5282 ,
2109 5216 2231 5271 aut‘
2258 5215 2579 5285 episcopum
2622 5212 2827 5266 factum
2856 5252 2871 5277 ,
2906 5210 2954 5265 si
3020 5211 3310 5280 ignorante

1710 5313 1954 5377 domino,
1981 5311 2165 5379 aliquo
2194 5309 2387 5362 horum
2423 5306 2622 5377 dignus
2658 5304 2877 5359 habitus
2905 5309 3010 5365 est,
3035 5302 3088 5355 in
3116 5301 3307 5371 pristi-

1707 5422 1829 5461 nam
1859 5404 2109 5460 servilem
2136 5403 2436 5457 rcstituunt
2469 5398 2867 5454 conditionem.
2912 5394 3114 5449 Verum
3151 5395 3303 5449 enim

1705 5514 1835 5552 τινι-ο
1882 5506 2167 5565 postquam
2227 5493 2502 5549 novellam
2546 5489 2612 5543 10
2662 5488 2910 5558 ejusdem
2955 5486 3304 5556 imperatoris

1706 5589 1913 5645 demitti
1943 5587 2141 5642 Leonis
2189 5584 2465 5655 Sapientis
2505 5580 2689 5635 inveni
2749 5578 2893 5651 (qua:
2946 5578 3078 5632 olim
3124 5578 3306 5633 domi-

1707 5699 1839 5740 num
1876 5682 1940 5736 ad
1978 5690 2087 5737 tres
2121 5694 2297 5749 usque
2327 5691 2500 5732 annos
2528 5673 2815 5745 fugitivum
2863 5686 3082 5729 servum
3113 5684 3306 5725 mona-

1711 5777 1879 5836 chum
1912 5774 2119 5833 factum
2166 5783 2424 5830 revocare
2451 5768 2741 5840 potuisse;
2794 5766 2900 5824 hoc
2936 5772 3117 5821 autem
3161 5772 3299 5820 tem-
