3916 6244
482 241 624 310 1023
1623 247 1888 310 PHOTII
1929 242 2088 305 PATl

2200 244 2440 310 tRCILE
2481 253 2589 315 (ΣΡ.

3609 269 3730 334 102‘.

481 377 612 431 pore
650 369 865 427 exacto,
906 361 1194 417 exclusum
1229 359 1400 418 fuisse
1426 362 1558 417 dicit
1604 379 1618 416 :
1653 374 1819 432 atque
1861 370 1920 416 ut
1951 375 2068 415 ser-

2200 365 2328 438 Ἱλὴν
2371 367 2645 437 εὑρίσκων
2699 371 2797 443 τὴν
2830 371 2862 425 ι’

2830 373 2862 425 ι’
2914 373 3117 444 νεαρὰν
3150 375 3245 428 τοῦ
3299 375 3460 432 αύτοῦ
3495 380 3737 450 βασιλέως

482 471 585 509 vus
626 455 719 508 tali
745 453 975 509 consilio
1008 455 1312 509 monachus
1341 453 1542 523 factus,
1587 470 1918 525 quocunque
1950 461 2073 507 tan-

2200 455 2402 524 Κυρίου
2435 458 2667 523 Λέοντος
2705 461 2801 515 τοῦ
2829 461 3005 532 Σοφοῦ
3038 463 3302 533 λέγουσαν
3337 467 3418 521 ὅτι
3445 468 3502 521 τὸ
3535 472 3740 528 παλαιὸν

483 547 605 604 dem
641 557 888 618 tempore
912 548 1244 614 inveniatur,
1277 549 1328 602 in
1377 549 1594 619 pristini
1644 549 1856 605 domini
1923 558 2082 619 pote-

2195 547 2357 619 μέχρι
2387 549 2555 624 τριῶν
2603 551 2812 621 χρόνων
2842 553 3123 621 ὴδύνατοό
3167 556 3434 628 δεσπότης
3466 561 3552 614 τὸν
3593 567 3741 633 μονά-

497 653 693 698 statem
764 642 1097 712 subigatur:
1147 644 1494 714 nequequod
1532 659 1725 699 servus
1765 642 1962 706 lateat,
2015 657 2083 696 ex

2200 659 2362 695 σαντα
2385 642 2602 712 φυγάδα
2639 643 2826 698 δοῦλον
2849 645 3016 699 αὑτοῦ
3048 648 3456 717 ἀνακαλεῖσθαι,
3478 654 3659 708 τούτου
3694 657 3743 711 δὲ

485 734 709 789 triennii
741 735 977 788 decursu
1024 733 1282 790 dominus
1331 735 1582 799 lzedatur,
1630 732 1842 801 statuit)
1871 748 2082 789 summa

2191 732 2286 787 τοῦ
2316 735 2511 806 χρόνου
2559 737 2924 809 παρελθόντος
2964 740 3304 806 ἀπεκλείετο,
3338 745 3431 797 καὶ
3460 743 3743 816 διοριζομέ-

483 827 763 897 diligentia
793 828 965 897 legem
999 827 1067 882 de
1099 827 1336 882 triennio
1364 828 1654 883 docentem
1688 824 1938 895 quaesivi,
1987 824 2082 880 sed

2200 842 2291 896 νην
2324 826 2414 878 τὸν
2456 826 2654 900 γνώμη
2703 826 2928 900 τοιαύτῃ
2985 829 3296 898 μονάσαντα
3355 834 3569 904 οἰκέτην
3620 841 3742 893 κατὰ

496 936 604 975 non
643 920 864 975 inveni:
903 928 1054 974 extra
1082 935 1248 990 quam
1288 920 1341 975 id
1391 921 1593 986 solum,
1624 919 1770 988 quod
1823 917 2080 988 superius

2191 916 2373 970 πάντα
2405 917 2527 971 καθ’
2558 918 2616 971 δν
2648 919 2713 973 ἂν
2746 919 3070 989 εὑρίσκηται
3104 920 3298 992 καιρὸν
3329 924 3432 976 ὑπὸ
3461 925 3551 980 τὸν
3573 929 3746 1000 πρότε-

485 1015 774 1081 insertum,
805 1016 1088 1070 dominum
1122 1016 1267 1070 intra
1287 1031 1491 1071 annum
1517 1031 1736 1071 servum
1760 1030 1920 1070 suum
1948 1015 2084 1070 citra

2200 1027 2286 1082 ρον
2317 1009 2588 1082 δεσπότην
2615 1013 2927 1081 τάττεσθαι,
2959 1014 3055 1068 καὶ
3080 1014 3167 1068 διὰ
3204 1015 3264 1069 τὸ
3292 1013 3433 1070 εἶναι
3465 1019 3552 1071 τὸν
3584 1020 3746 1075 δοῦλον

485 1108 822 1163 voluntatem
848 1123 1001 1162 suam
1038 1108 1296 1164 clericum
1317 1107 1519 1163 factum
1543 1107 1873 1178 investigare
1925 1122 2087 1178 posse

2200 1102 2372 1174 ἀφανῆ
2425 1103 2502 1174 μὴ
2558 1104 2895 1176 βλάπτεσθαι
2927 1106 3020 1160 τὸν
3051 1106 3320 1178 δεσπότην
3361 1109 3426 1161 ἐκ
3458 1111 3556 1180 τῆς
3589 1129 3746 1183 παρα-

485 1200 636 1255 dicit.
685 1200 953 1267 Quocirca
986 1201 1150 1256 etiam
1183 1201 1338 1272 sequi
1375 1216 1564 1272 cogor,
1612 1215 1734 1270 quae
1765 1215 1797 1254 a
1831 1199 2088 1270 Sapiente

2190 1193 2400 1266 δρομῆς
2447 1195 2549 1266 τῆς
2584 1198 2863 1268 τριετίας·
2903 1199 3214 1254 ἐσπούδασα
3265 1201 3448 1272 εὑρεῖν
3491 1204 3579 1255 τὸν
3640 1205 3749 1273 περὶ

488 1302 616 1348 ειιιιι
654 1293 971 1348 constituta.
1017 1291 1291 1349 Existimo
1341 1308 1495 1358 vero,
1527 1293 1673 1362 quod
1731 1293 1776 1349 si
1808 1293 1934 1364 quis
1989 1309 2088 1347 no-

2200 1286 2290 1357 τῆς
2317 1288 2556 1358 τριετίας
2586 1288 2909 1345 διδάσκοντα
2946 1293 3132 1363 νόμον,
3168 1292 3262 1347 καὶ
3295 1295 3394 1364 οὐχ
3425 1289 3578 1366 εὗρον
3606 1297 3749 1350 αὐτὸν

486 1384 683 1439 vellam
716 1386 863 1439 illam
899 1395 1197 1440 extenuare
1233 1386 1386 1448 velit,
1430 1384 1590 1459 [non]
1649 1401 1905 1457 magnam
1963 1402 2087 1440 om-

2190 1379 2319 1433 ἄνευ
2410 1381 2574 1451 μόνου
2626 1380 2721 1434 τοῦ
2793 1383 3280 1451 καταστρωθέντος
3345 1385 3578 1449 ἄνωθεν,
3669 1391 3746 1441 καὶ

487 1475 622 1530 nino
672 1476 1094 1547 ambiguitatem
1150 1477 1480 1531 inventurus
1518 1477 1609 1532 sit.
1661 1475 1876 1532 Etenim
1924 1477 1992 1541 si,
2027 1489 2088 1532 ut

2200 1473 2442 1542 λέγοντος
2469 1475 2620 1538 ἐντὸς
2648 1473 2898 1529 ἐνιαυτοῦ
2929 1475 3192 1530 δύνασθαι
3216 1477 3310 1530 τὸν
3342 1477 3603 1549 δεσπότην
3631 1480 3745 1533 ἀνα-

489 1568 605 1623 haec
643 1569 793 1634 dicit,
835 1570 1090 1623 dominus
1140 1569 1433 1640 fugitivum
1482 1585 1704 1624 servum
1751 1571 2087 1625 monachum

2191 1563 2374 1635 ζητεῖν
2405 1565 2496 1618 τὸν
2548 1567 2904 1636 κληρωθέντα
2959 1567 3147 1623 δοῦλον
3179 1569 3304 1639 δίχα
3333 1569 3556 1640 γνώμης
3585 1573 3750 1626 αὐτοῦ.

488 1656 714 1722 factum,
743 1659 918 1714 donec
969 1658 1066 1732 [is]
1101 1669 1440 1731 compareat,
1474 1661 1768 1731 investigat
1804 1681 1816 1716 :
1856 1663 2085 1717 omnino

2200 1659 2282 1712 Διὸ
2311 1659 2406 1712 καὶ
2435 1660 2820 1732 ἀναγκάζομαι
2871 1660 3187 1716 ἀκολουθεῖν
3225 1666 3339 1727 τοῖς
3370 1663 3520 1734 παρά
3549 1664 3635 1717 τοῦ
3667 1666 3748 1719 Σο-

487 1767 552 1804 ex
588 1751 864 1804 contraria
893 1753 1240 1821 oppositione
1269 1767 1488 1806 servum
1524 1752 1853 1806 monachum
1885 1767 1992 1808 non
2026 1752 2081 1807 in

488 1839 617 1909 fuga
649 1840 1028 1906 exsistentem,
1056 1843 1150 1897 sed
1195 1842 1573 1906 manifestum,
1617 1843 1758 1898 intra
1783 1843 2082 1899 triennium

493 1934 877 1988 tantummodo
901 1933 1162 1989 dominus
1197 1935 1478 1989 revocabit
1514 1955 1526 1989 :
1559 1945 1724 2005 atque
1784 1935 1829 1990 si
1865 1935 1936 1990 ita
1974 1952 2083 1990 non

488 2023 703 2091 fecerit,
740 2024 809 2080 ab
873 2026 978 2079 hoc
1031 2027 1351 2081 excludetur
1389 2045 1402 2080 :

494 2209 612 2265 haec
655 2209 728 2264 ita
761 2211 969 2266 dixeris
1001 2223 1167 2283 atque
1204 2213 1605 2282 interpreteris,
1638 2214 2086 2270 conciliabuntur

490 2299 886 2370 imperatorum
912 2303 1162 2366 novellae,
1193 2309 1563 2372 praeterquam
1591 2301 1643 2355 in
1671 2301 1790 2356 solo
1820 2313 2085 2372 tempore,

490 2393 636 2463 quod
677 2393 999 2450 consolandi
1051 2395 1258 2450 domini
1313 2409 1480 2450 causa
1531 2395 1583 2448 in
1623 2395 1918 2449 triennium
1957 2411 2085 2465 pro-

489 2486 756 2542 tenditur.
782 2487 861 2541 Ex
891 2485 1193 2542 Justiniani
1261 2487 1478 2542 novella
1536 2487 1641 2540 125
1687 2485 1858 2559 [quae]
1894 2490 1977 2558 (ut
2006 2488 2088 2542 di-

490 2587 639 2634 ctum
693 2578 808 2648 est)
851 2579 1028 2649 posita
1086 2578 1218 2652 [est]
1257 2579 1308 2633 in
1359 2579 1456 2634 lib.
1513 2595 1571 2633 ιιι
1630 2577 1796 2633 Basil.
1833 2579 1915 2634 tit.
1945 2580 1992 2644 Ι,
2023 2594 2088 2634 ac

490 2670 704 2733 statuit,
759 2679 816 2724 nt
842 2677 967 2740 post
1006 2671 1407 2726 ordinationem
1467 2687 1497 2726 a
1532 2671 1717 2727 servili
1752 2671 2090 2740 ascriptitio-

492 2776 616 2816 rum
650 2761 869 2816 fortuna
915 2763 1158 2833 episcopi
1214 2763 1372 2818 liberi
1406 2763 1516 2818 sint
1551 2783 1562 2818 :
1611 2764 1848 2834 itemque
1886 2778 1948 2818 ex
1991 2779 2090 2817 no-

491 2854 630 2909 vella
657 2855 719 2909 8|
756 2853 924 2927 [qum]
951 2857 1129 2926 posita
1161 2855 1292 2929 [est]
1322 2856 1376 2911 in
1406 2857 1504 2912 lib.
1532 2856 1695 2911 Basil.
1727 2873 1880 2922 xxxi,
1917 2856 2002 2912 tit.
2030 2857 2083 2922 5,

493 2960 618 3016 cap.
653 2947 707 3012 l,
749 2963 980 3017 quaeque
1009 2949 1166 3019 jubet
1207 2957 1264 3003 ut
1297 2950 1617 3020 quicunque
1670 2950 1738 3004 ab
1791 2950 2089 3018 imperato-

1445 2028 1495 2081 id
1529 2027 1675 2097 quod
1730 2026 1873 2082 dicta
1922 2026 2090 2083 Justi-

493 2115 639 2172 niani
674 2118 884 2173 novella
919 2119 1063 2174 intra
1092 2135 1298 2174 annum
1334 2119 1450 2174 ﬁeri
1490 2119 1735 2192 [debere]
1778 2121 1992 2176 statuit.
2027 2123 2088 2177 Si

2192 1749 2294 1820 φοῦ
2315 1750 2743 1823 νομοθετηθεῖσι.
2772 1751 3002 1821 Νομίζω
3020 1752 3076 1804 δὲ
3109 1753 3191 1806 ὅτι
3243 1756 3340 1807 καὶ¹
3365 1754 3433 1807 τὰ
3464 1758 3558 1824 τῆς
3588 1759 3752 1809 τοιαύ-

2195 1859 2296 1910 της
2327 1844 2530 1913 νεαρᾶς
2553 1843 2714 1913 εἴπερ
2744 1843 2963 1916 θελήσει
2992 1861 3078 1907 τις
3106 1844 3504 1915 ἀπολειφθῆναι
3540 1849 3753 1917 μεγάλας

2196 1932 2284 1987 ἵνα
2323 1934 2534 2007 εὑρήσῃ
2562 1934 2914 2005 ἀμφιϐολίας.
2949 1937 3032 2001 Εἰ,
3064 1935 3171 2007 γὰρ
3196 1936 3273 2000 ὡς
3298 1935 3437 2008 αὕτη
3473 1938 3648 2008 φησιν,
3681 1939 3754 1991 τὸν

2195 2025 2254 2078 ἐν
2299 2027 2444 2096 φυγῇ
2501 2025 2631 2079 ὄντα
2696 2023 2885 2078 δοῦλον
2935 2026 3032 2077 καὶ
3095 2025 3411 2096 μονάσαντα
3480 2027 3636 2098 μέχρι
3674 2029 3754 2098 τῆς

2197 2119 2502 2190 ἐμφανείας
2545 2117 2714 2171 αὐτοῦ
2765 2120 2794 2172 6
2844 2119 3112 2189 δεσπότης
3158 2119 3444 2189 ἀναζητεῖ,
3479 2120 3752 2184 πάντως

2195 2209 2601 2277 ἁντιδιαστολῆς
2639 2211 2731 2262 τὸν
2763 2209 2839 2281 μὴ
2883 2211 2941 2262 ὲν
2973 2212 3118 2279 φυγῇ
3153 2209 3391 2280 μοναχὸν
3422 2209 3546 2264 ὄντα
3573 2211 3752 2274 δοῦλον,

2197 2303 2313 2358 ἀλλ’
2345 2304 2786 2374 ὲμφανιζόμενον
2809 2303 2961 2366 ἐντὸς
2993 2303 3163 2374 μόνης
3192 2303 3440 2372 τριετίας
3470 2305 3498 2356 6
3518 2305 3753 2373 δεσπότης

2197 2395 2634 2459 ἀνακαλέσεται,
2690 2393 2852 2448 τοῦτο
2902 2394 2960 2448 δὲ
3025 2394 3099 2466 μὴ
3143 2396 3386 2465 ποιήσας
3425 2395 3753 2464 ἀποκλεισθῇ-

2197 2504 2373 2541 σεται.
2403 2485 2573 2540 Τοῦτο
2611 2485 2748 2557 ὅπερ
2795 2485 3095 2557 διορίζεται
3135 2486 3392 2554 γίνεσθαι
3424 2487 3570 2550 ἐντὸς
3598 2488 3751 2540 ἐνιαυ-

2194 2578 2290 2633 τοῦ
2317 2581 2349 2650 ἡ
2376 2579 2603 2651 ρηθεῖσα
2641 2579 3021 2643 ’Ῑουστιάνειος
3045 2577 3219 2651 νεαρὰ.
3250 2578 3306 2644 ι’,
3339 2581 3388 2632 εί
3411 2581 3578 2634 ταῦτα
3611 2578 3755 2643 οὕτως

2198 2668 2358 2742 εἴπῃς
2416 2669 2511 2722 καὶ
2574 2669 2928 2740 ὲρμηνεύσῃς
2985 2669 3526 2741 συμϐιϐασθήσονται
3572 2672 3752 2725 αἰτῶν

2200 2761 2466 2834 βασιλέων
2519 2763 2712 2834 νεαραὶ
2760 2761 2888 2815 ἄνευ
2924 2762 3086 2832 μόνου
3133 2761 3226 2815 τοῦ
3265 2763 3462 2832 χρόνου
3495 2762 3585 2816 ἐπὶ
3630 2780 3754 2834 τριε-

2198 2855 2322 2910 τίαν
2351 2856 2730 2926 διικνούμενον
2766 2855 2862 2918 διὰ,
2883 2855 3211 2928 περίθαλψιν
3241 2854 3339 2922 τοῦ
3390 2855 3640 2910 δεσπότου
3668 2859 3757 2910 ἀπὸ

2200 2946 2300 3016 τῆς
2359 2944 2476 3016 ρκγ¹
2540 2947 2923 3001 Ἰουστιανείου
2965 2948 3165 3020 νεαρᾶς
3213 2951 3318 3019 τῆς
3366 2949 3649 3020 κειμένης,
3697 2948 3759 3010 ὡς

491 3037 666 3103 ribus,
719 3039 1074 3112 dignitatibus
1104 3041 1371 3098 ol‘ticiisve
1419 3041 1779 3113 praefectoriis
1835 3043 2088 3098 honorati

2200 3037 2414 3110 εἴρηται
2441 3041 2498 3092 ὲν
2521 3039 2711 3108 βιϐλίῳ
2729 3037 2777 3109 γ’
2799 3038 2906 3094 τῶν
2925 3039 3252 3100 Βασιλικῶν,
3280 3039 3390 3094 τίτ.
3413 3039 3483 3104 α’,
3509 3042 3597 3095 καὶ
3614 3041 3756 3108 6:09:-

493 3130 723 3199 fuerint,
764 3134 940 3203 patria
973 3143 1244 3205 potestate
1276 3135 1442 3191 etiam
1495 3137 1636 3191 citra
1681 3135 1854 3206 patris
1888 3136 2086 3191 volun-

494 3234 661 3281 tatem
694 3226 994 3282 liberentnr
1029 3228 1181 3302 [hinc
1210 3227 1484 3301 inquam,]
1520 3229 1775 3284 dixerunt
1809 3229 2085 3294 nonnulli,

493 3317 902 3374 ecclesiasticos
949 3321 1114 3376 etiam
1168 3323 1546 3392 magistratus,
1603 3321 1933 3391 simulatque
1981 3319 2091 3394 [di-

496 3412 723 3485 gnitatej
753 3413 996 3484 insigniti
1032 3414 1257 3481 fuerint,
1296 3415 1538 3472 illustres
1568 3424 1623 3471 et
1645 3431 1768 3471 esse
1801 3424 1855 3471 et
1877 3415 2084 3482 vocari,

497 3521 561 3562 ac
584 3507 670 3561 sui
713 3507 856 3576 juris
913 3506 1031 3561 ﬁeri
1070 3524 1084 3561 :
1125 3516 1344 3564 utentes
1395 3508 1560 3563 etiam
1596 3508 1811 3564 novello
1863 3507 2089 3562 oraculo

496 3597 830 3667 percelebris
904 3597 1257 3667 imperatoris
1325 3608 1380 3654 et
1450 3599 1826 3669 apostolorum
1897 3599 2093 3655 similis

500 3688 681 3742 sancti
726 3687 1082 3744 Constantini
1137 3690 1204 3745 ad
1268 3701 1519 3745 sanctum
1571 3690 1936 3761 Sylvestrnm,
1994 3691 2088 3760 qui

495 3787 630 3834 tunc
655 3785 937 3836 hornanns
969 3796 1106 3851 papa
1157 3790 1296 3847 erat,
1340 3783 1532 3847 misso,
1589 3782 1735 3852 quod
1768 3798 1797 3836 a
1825 3781 1985 3836 nobis
2034 3781 2090 3837 in

495 3871 728 3936 scltolio,
757 3887 878 3942 cap.
907 3873 958 3938 l,
997 3874 1079 3929 tit.
1105 3874 1137 3929 8
1165 3875 1451 3944 praesentis
1481 3875 1661 3944 operis
1691 3874 1955 3938 inscrtum
1980 3885 2084 3941 est,

499 3963 646 4033 quod
679 3965 890 4031 statuit,
928 3973 988 4020 ut
1029 3981 1168 4036 papa
1198 3965 1481 4023 Romanus
1524 3967 1840 4022 facultatem
1893 3968 2092 4022 habeat

497 4055 806 4110 honorandi
852 4057 1212 4128 dignitatibus
1256 4060 1487 4114 clericos
1525 4059 1619 4130 qui
1644 4060 1746 4116 sub
1785 4061 1901 4130 ipso
1937 4071 2085 4126 sunt,

497 4145 758 4214 qualibus
794 4139 1219 4218 imperator‘sub
1243 4166 1301 4205 se
1326 4151 1659 4206 constitutos
1695 4154 1929 4207 honorat
1963 4169 1976 4205 :
2012 4162 2088 4216 et,

497 4245 559 4292 ut
591 4249 776 4294 sancta
809 4243 1052 4312 synodus
1094 4252 1242 4297 esset
1299 4242 1480 4312 qualis
1533 4242 1962 4314 imperatoribus
2003 4257 2090 4299 se-

508 4337 676 4384 natus
703 4346 715 4382 :
753 4331 1051 4400 itidemque
1081 4333 1288 4402 legibus
1320 4333 1621 4390 similitera
1651 4335 1810 4390 nobis
1841 4335 2088 4400 insertis,

2201 3129 2437 3203 ζομένης
2479 3131 2619 3200 μετά
2648 3131 2746 3203 τὴν
2778 3133 3139 3204 χειροτονίαν,
3174 3133 3268 3186 καὶ
3300 3131 3556 3201 δουλικῆς
3587 3135 3755 3185 ἐναπο-

2200 3224 2416 3294 γράφου
2463 3223 2634 3296 τύχης
2699 3225 2826 3287 τοὺς
2880 3226 3214 3289 ἐπισκόπους
3266 3225 3586 3294 ἐλευθέρους
3619 3220 3752 3277 εἶναι.

2215 3317 2490 3380 Ὡσαύτως
2515 3321 2609 3370 καὶ
2652 3317 2759 3371 ἀπὸ
2795 3318 2897 3386 τῆς
2933 3317 3024 3372 πα⁹
3059 3321 3260 3391 νεαρᾶς
3291 3323 3395 3391 τῆς
3445 3319 3686 3389 κειμένης
3712 3319 3756 3368 ἐν

2203 3408 2395 3481 βιϐλίῳ
2425 3410 2532 3464 τῶν
2564 3409 2872 3464 Βασιλικῶν
2912 3409 3013 3474 λα’,
3052 3410 3156 3465 τίτ.
3191 3418 3256 3474 ε’,
3285 3429 3419 3481 κεφ.
3456 3410 3526 3475 α’,
3558 3411 3643 3463 καὶ
3671 3426 3757 3462 πα-

2206 3501 2650 3572 ρακελευομένης
2679 3505 2890 3565 πάντας
2913 3504 3037 3566 τοὺς
3065 3502 3136 3573 μὴ
3167 3503 3427 3568 τεθέντας
3453 3497 3598 3574 παρά
3629 3501 3758 3572 βασιο

2201 3592 2342 3646 λέων
2379 3593 2687 3665 ἀξιώμασιν
2738 3594 2772 3665 ἦ
2815 3594 3094 3664 ὀφιρικίοις
3130 3596 3481 3665 ἀρχοντικοῖς
3513 3593 3756 3649 ἀπαλλάτ-

2201 3684 2393 3737 τεσθαι
2434 3685 2533 3755 τῆς
2586 3685 3068 3756 ὑπεξουσιότητος,
3106 3687 3204 3740 καὶ
3253 3687 3385 3759 δίχα
3439 3687 3651 3758 γνώμης
3680 3685 3754 3738 τοῦ

2205 3775 2434 3847 πατρὸς,
2467 3772 2624 3830 εἶπόν
2651 3795 2797 3842 τινες
2821 3780 2914 3831 καὶ
2937 3779 3064 3841 τοὺς
3086 3779 3577 3850 ἐκκλησιαστικοὺς
3594 3778 3756 3849 ἄρχον-

2211 3883 2310 3931 τας
2343 3867 2461 3936 ἅμα
2495 3867 2571 3938 τῷ
2613 3869 3018 3940 σφραγισθῆναι
3039 3910 3052 3931 ,
3078 3869 3487 3941 ἀξιωματικοὺς
3515 3866 3644 3923 εἶναι
3684 3869 3758 3920 καὶ

2203 3961 2572 4032 ὀνομάζεσθαι
2625 3967 2719 4018 καὶ
2754 3965 3138 4030 αύτεξουσίους
3193 3967 3468 4034 γίνεσθαι.
3503 3965 3756 4038 Χρώμενοι

2203 4054 2262 4108 δὲ
2296 4058 2390 4109 καὶ
2419 4057 2496 4127 τῷ
2538 4058 2692 4128 παρά
2733 4059 2825 4112 τοῦ
2857 4059 3111 4130 ἀοιδίμου
3145 4059 3416 4130 βασιλέως
3467 4060 3559 4114 καὶ
3598 4062 3758 4112 ίσαπο·

2207 4147 2396 4201 στόλου
2419 4149 2577 4217 ἁγίου
2599 4151 3013 4204 Κωνσταντίνου
3041 4151 3368 4206 ἀπολυθέντι
3387 4145 3581 4222 νεαρᾶς
3600 4148 3758 4204 θεσπί·

2207 4258 2372 4312 σματι
2393 4242 2528 4313 πρὸς
2560 4243 2652 4297 τόν
2679 4261 2738 4296 τε
2780 4245 2964 4298 πάπαν
2999 4245 3221 4316 Ῥώμης
3258 4244 3417 4315 ἅγιον
3448 4245 3755 4313 Σίλὸεστρον,

2203 4332 2280 4402 τῷ
2307 4333 2402 4386 καὶ
2427 4335 2869 4402 καταστρωθέντι
2887 4335 3016 4408 παρ’
3040 4336 3197 4407 ἡμῶν
3226 4337 3428 4402 ἔξωθεν
3453 4337 3546 4390 τοῦ
3563 4335 3626 4402 α’,
3650 4350 3753 4403 κεφ.

499 4433 623 4489 qua:
648 4427 918 4488 statuunt,
963 4433 1023 4477 ut
1051 4422 1294 4479 Ecclesia
1343 4424 1954 4496 Constantinopolitana
1997 4441 2088 4482 ve-

2201 4423 2293 4477 τοῦ
2320 4422 2370 4492 η’
2410 4425 2515 4479 τίτ.
2551 4425 2645 4478 τοῦ
2686 4427 2955 4497 παρόντος
2997 4427 3402 4498 συντάγματος,
3431 4427 3526 4481 καὶ
3555 4425 3754 4496 διοριζο-

498 4512 632 4568 teris
671 4511 859 4570 Romae
911 4515 1192 4587 privilegia
1241 4518 1460 4573 habeat.
1502 4519 1606 4573 Alii
1652 4534 1782 4574 vero
1828 4518 2092 4593 [contra],

499 4605 610 4661 line
645 4609 872 4663 novellae
905 4609 966 4664 8|
1023 4610 1127 4673 usi,
1183 4627 1306 4681 qua:
1334 4613 1512 4681 posita
1560 4621 1646 4668 est
1690 4613 1745 4666 in
1801 4613 1886 4667 tit.
1939 4613 1972 4667 5
2000 4612 2096 4666 lib.

502 4715 634 4758 xxxx
672 4712 835 4772 atque
891 4703 1006 4758 haec
1036 4704 1102 4759 ad
1142 4705 1370 4760 verbum
1407 4707 1538 4762 dicit
1575 4725 1588 4760 :
1618 4704 1802 4760 Palam
1832 4722 1962 4760 vero
1990 4714 2096 4769 est,

500 4798 777 4854 neminem
822 4801 1088 4856 exsistere
1119 4803 1213 4872 qui
1267 4803 1500 4874 ignoret,
1534 4820 1646 4872 pra:
1695 4803 1954 4858 omnibus
1987 4802 2098 4856 uti-

501 4905 609 4961 que
640 4893 1074 4962 religiosissimis
1095 4895 1260 4950 etiam
1301 4895 1575 4965 episc0pis
1599 4911 1702 4949 una
1731 4910 1857 4949 cum
1883 4894 2099 4949 ordina-

505 4983 656 5039 tione
699 4999 811 5039 sua:
855 4986 1146 5056 potestatis
1189 4985 1281 5056 jus
1314 4988 1574 5041 accedere
1620 4986 1784 5057 (nam
1829 4985 1921 5056 qui
1975 5001 2098 5040 om-

504 5074 655 5130 nium
681 5078 997 5149 spirituales
1025 5077 1216 5134 Patres
1250 5089 1400 5146 sunt,
1425 5080 1704 5151 quomodo
1741 5079 2100 5143 aliorumtad-

503 5168 613 5223 huc
635 5171 891 5237 potestati
923 5172 1125 5226 subditi
1160 5171 1350 5244 sint?),
1385 5187 1631 5228 asserere
1657 5171 1836 5227 conati
1857 5180 2006 5238 sunt,
2026 5187 2090 5227 ex

504 5260 619 5314 sola
651 5261 950 5331 epiSCOpali
1011 5262 1280 5332 dignitate
1317 5264 1605 5334 episcopos
1635 5279 1665 5317 a
1715 5263 1889 5333 patria
1929 5272 2081 5333 pole-

504 5359 644 5407 state
697 5353 900 5409 liberos
936 5369 1057 5409 esse
1094 5373 1107 5408 :
1140 5369 1247 5409 non
1276 5371 1403 5409 vero
1457 5356 1624 5410 etiam
1688 5355 2095 5411 ecclesiasticos

506 5439 857 5510 magistratus
895 5457 963 5496 ex
1010 5442 1379 5512 patriarcbico
1427 5443 1606 5514 sigillo
1648 5442 1732 5497 sui
1774 5443 1918 5513 juris
1954 5442 2093 5498 licri.

507 5532 639 5588 Nam
672 5533 940 5604 profecto,
977 5538 1254 5606 inquiunt,
1284 5539 1387 5594 hoc
1403 5539 1568 5593 etiam
1601 5537 1825 5592 novellae
1849 5538 2096 5594 additum

509 5637 677 5684 esset.
715 5626 916 5684 Verum
975 5631 1111 5684 mihi
1145 5629 1363 5687 videtur
1415 5632 1518 5686 bos
1568 5645 1674 5685 non
1718 5641 1860 5686 recte
1892 5629 2094 5688 dicere.

521 5720 637 5778 Non
671 5721 816 5779 cnim
864 5722 1158 5801 novellum
1193 5724 1366 5784 sancti
1409 5724 1755 5785 Constantini
1789 5724 2094 5798 oraculum,

2206 4516 2355 4588 μένῳ
2384 4516 2527 4587 ἔχειν
2561 4517 2646 4570 ἐπ’
2677 4519 2863 4581 ἀδείας
2892 4519 2983 4570 τὸν
3031 4519 3222 4572 πάπαν
3264 4519 3487 4591 Ῥώμης
3514 4517 3754 4587 ἀξιώμασι

2198 4609 2366 4679 τιμᾷν
2394 4610 2523 4672 τοὺς
2547 4611 2636 4662 ὑπ’
2674 4610 2840 4663 αὑτὸν
2869 4611 3194 4681 κληρικοὺς,
3230 4611 3437 4675 ὁποίοις
3467 4614 3557 4664 καὶ
3579 4612 3605 4662 6
3635 4611 3756 4681 βασι-

2200 4699 2327 4764 λεὺς
2359 4701 2494 4772 τιμᾷ
2517 4703 2642 4765 τοὺς
2672 4702 2765 4755 ὑπ’
2802 4701 2986 4768 αὑτὸν,
3020 4705 3116 4756 καὶ
3143 4702 3282 4757 εἶναι
3311 4705 3412 4775 τὴν
3466 4703 3611 4772 ἱερὰν
3650 4699 3754 4753 σύν-

2215 4793 2333 4846 οδον
2363 4794 2482 4848 οἵαν
2523 4795 2618 4848 καί¹
2648 4794 2746 4868 τὴν
2802 4795 3091 4869 βασιλικὴν
3139 4797 3466 4869 σύγκλητον.
3511 4795 3754 4854 Ὡσαύτως

2203 4887 2299 4939 καὶ
2348 4888 2462 4950 τοῖς
2505 4885 2691 4957 νόμοις
2743 4889 2857 4951 τοῖς
2920 4889 3361 4960 καταστρωθείσι
3419 4887 3549 4959 παρ’
3601 4883 3753 4956 ἡμῶν,

2202 4979 2402 5047 ὁμοίιος
2429 4982 2522 5033 καὶ
2567 4979 2967 5052 διοριζομένοις
2998 4980 3144 5052 ἔχειν
3194 4981 3292 5051 τὴν
3335 4981 3650 5051 Ἐκκλησίαν
3677 4975 3753 5044 τῆς

2204 5072 2834 5138 Κωνσταντινουπόλεως
2864 5072 2931 5126 τά
2959 5073 3232 5143 προνόμια
3255 5074 3353 5144 τῆς
3384 5072 3615 5133 παλαιᾶς
3651 5066 3757 5120 Ῥώ-

2208 5180 2335 5235 μης.
2373 5163 2593 5235 ’Έτεροι
2627 5164 2684 5217 δὲ
2714 5162 2792 5236 τῷ
2819 5163 2962 5217 τέλει
2997 5165 3094 5235 τῆς
3141 5163 3234 5218 πα¹
3282 5165 3481 5235 νεαρᾶς
3510 5159 3755 5234 χρησάμε-

2201 5271 2283 5309 νοι
2317 5256 2417 5326 τῆς
2469 5255 2730 5326 κειμένης
2773 5257 2830 5309 ἐν
2863 5255 2942 5327 τῷ
2974 5253 3013 5308 ε’
3051 5255 3246 5328 βιϐλίῳ
3277 5254 3368 5309 τοῦ
3417 5251 3495 5306 λα’
3529 5252 3648 5312 τίτ.,
3677 5246 3754 5300 καὶ

2205 5348 2476 5418 λεγούσης
2503 5348 2678 5403 ταῦτα
2704 5348 2922 5422 ῥητῶς,
2965 5349 3243 5421 Πρόδηλον
3293 5348 3347 5402 δὲ
3379 5347 3455 5410 ώς
3488 5344 3582 5398 οὐκ
3629 5340 3751 5395 ἔστιν

2203 5440 2261 5505 ὃς
2283 5442 2486 5510 ἀγνοεῖ,
2514 5441 2653 5513 πρός
2696 5459 2760 5512 γε
2794 5442 3052 5496 ἁπάντων
3080 5443 3194 5506 τοῖς
3232 5441 3540 5498 ὁσιωτάτοις
3568 5430 3751 5488 ἐπισκό-

2205 5552 2330 5597 ποις
2387 5534 2507 5605 ἆμα
2559 5537 2625 5606 τῇ
2675 5536 2980 5606 χειροτονία
3038 5535 3132 5587 καὶ
3177 5534 3276 5600 τὴν
3328 5528 3745 5595 αὐτεξουσιότητα

2205 5625 2620 5698 προσγίνεσθαι.
2665 5629 2726 5681 οξ
2781 5627 2889 5697 γὰρ
2932 5627 3150 5682 πάντων
3212 5626 3362 5686 ὄντες
3419 5613 3741 5690 πνευματικοὶ

2203 5720 2469 5795 Πατέρες,
2493 5719 2625 5792 πῶς⁴
2651 5720 2717 5776 ἂν
2754 5720 2859 5776 ὑπὸ
2878 5719 2975 5793 τὴν
3021 5721 3223 5793 ἐτέρων
3264 5716 3504 5785 ἐξουσίαν
3537 5709 3740 5770 τελοῖενὶ
