3916 6244
451 280 586 347 1027

1585 284 1849 347 ΡΠΟΤῙΙ
1880 280 2389 345 PATRIARCHfE
2427 282 2539 345 CP.

3587 281 3714 349 1023

1813 611 2221 701 ΤΙΤΛοΣ
2314 613 2420 697 B'-

455 845 617 899 ΠΕΡΙ
664 844 1009 899 ΠΟΙΗΣΕΩΣ
1046 842 1478 908 ΕΚΚΑΗΣΙΩΝ,
1519 841 1638 895 ΚΑΙ
1674 842 1837 895 ΠΕΡΙ
1888 840 2094 895 ΙΕΡΩΝ
2137 839 2439 903 ΣΚΕΥΩΝ,
2489 838 2610 893 ΚΑΙ
2654 838 3161 911 ΑΝΑΘΕΜΑΤΩΝ,
3204 841 3326 895 ΚΑΙ
3375 842 3721 901 ΚΛΗΡΙΚΩΝ
3782 828 3785 831 ί

638 912 639 915 “
1152 915 1341 967 IIAPA
1383 915 1679 969 ΓΝΩΜΗΝ
1712 912 2116 968 ΕΠΙΣΚΟΠΩΝ
2158 911 2501 966 ΙΣΤΩΝΤΩΝ
2552 910 3067 983 ΘΥΣΙΑΣΤΗΡΙΑηΙ

1527 1259 1995 1342 TITULUS
2076 1261 2643 1342 SECUNDUS.

454 1469 562 1529 DE
603 1466 1157 1530 EXSTRUENDIS
1211 1466 1636 1530 ECCI.ESIIS.
1684 1468 1791 1527 DE
1849 1468 2127 1529 SACRIS
2170 1467 2434 1540 VASIS,
2491 1465 2761 1539 ATQUE
2806 1465 3203 1537 DONARIIS,
3250 1464 3352 1524 ET
3408 1464 3514 1526 DE
3554 1464 3720 1530 CLE-

735 1548 942 1609 IUCIS
985 1546 1223 1625 Cl'l‘RA
1271 1548 1828 1609 VOLUNTATEM
1880 1547 2448 1610 EPISCOPORUM
2498 1546 2856 1606 ALTARIA
2894 1544 3457 1608 ERIGENTIBUS.

522 1729 754 1787 CAPUT
802 1730 1098 1788 PRIMUM.
1120 1762 1191 1771 —
1219 1731 1296 1786 De
1328 1732 1660 1787 exstruendis
1689 1732 1923 1788 ecclesiis
1944 1773 1960 1801 ,
1989 1740 2041 1786 et

2215 1730 2611 1785 ΚΕΦΑΛΛΙΟΝ
2632 1727 2930 1785 ΠΡΩΤΟΝ.
2963 1761 3032 1771 -
3047 1730 3185 1799 Περὶ
3208 1730 3509 1799 ποιήσεως
3530 1731 3729 1801 sxw}.

454 1824 789 1879 dedicatione
819 1827 1201 1897 martyriorum
1231 1825 1409 1880 nullas
1450 1837 1757 1880 sanctorum
1794 1827 2049 1898 reliquias

454 1916 783 1972 habentium.

534 2026 746 2081 Concili
804 2024 1262 2096 Carthaginensis
1315 2040 1494 2080 canon
1543 2024 1609 2093 6,
1664 2025 1762 2092 8'5;
1829 2026 2051 2083 concilii

457 2120 661 2177 Nicaeni
696 2120 921 2173 secundi
954 2133 1134 2173 canon
1166 2118 1223 2184 7,
1247 2117 1337 2185 i7.

529 2214 751 2269 Textus.
798 2212 855 2267 In
891 2228 1015 2282 cap.
1039 2212 1128 2280 14,
1168 2212 1253 2267 tit.
1294 2212 1348 2275 5,
1382 2212 1668 2282 praesentis
1702 2213 2051 2283 operis,etc.,

456 2323 620 2379 usque
654 2304 723 2359 ad
750 2304 1108 2375 magistratus
1137 2319 1336 2375 cogere
1387 2303 1654 2376 [debere],
1690 2315 1748 2358 ut
1780 2321 1901 2377 pag.
1930 2306 2057 2361 665-

531 2489 828 2546 Scltolium.
855 2487 1048 2544 Const.
1079 2487 1148 2542 15
1171 2528 1185 2553 ,
1213 2488 1299 2542 tit.
1325 2487 1379 2553 2,
1406 2488 1504 2544 lib.
1537 2504 1578 2556 ι,
1609 2490 1732 2545 cod.
1752 2491 1929 2561 posita
1972 2503 2058 2551 est

458 2586 511 2637 iu
541 2583 639 2638 lib.
670 2597 703 2636 v
733 2581 898 2636 Basil.
930 2582 1014 2636 tit.
1051 2582 1101 2636 1.
1140 2596 1263 2651 cap.
1303 2582 1333 2634 7
1359 2620 1375 2647 ,
1418 2583 1483 2637 ad
1517 2598 1643 2637 eum
1693 2585 1915 2639 modum
1959 2585 2058 2640 ha-

462 2678 617 2738 bens,
650 2674 711 2728 ut
740 2675 793 2728 in
822 2683 974 2729 textu
1006 2674 1399 2743 compendiose
1432 2677 1712 2745 proposita
1738 2686 1840 2731 est.
1880 2675 2056 2747 Legas

463 2784 590 2823 vero
618 2767 652 2821 9
695 2782 817 2836 cap.
866 2766 952 2820 tit.
986 2766 1041 2832 5,
1094 2766 1189 2820 lib.
1236 2782 1266 2820 ν
1300 2765 1464 2822 Basil.
1506 2767 1655 2838 quod
1705 2778 1792 2824 est
1844 2770 2059 2824 novella

461 2860 759 2915 Justiniani
794 2858 921 2922 151,
948 2857 1253 2927 eademque
1297 2857 1414 2914 fere
1442 2862 1669 2926 statuit,
1712 2874 1778 2915 ac
1813 2861 2061 2931 proxime

466 2952 719 3022 sequenti
764 2949 980 3004 scholio
1012 2950 1282 3006 insertum
1331 2957 1437 3005 est.
1488 2950 1681 3007 Const.
1729 2951 1822 3017 45,
1876 2952 1961 3008 tit.
2000 2952 2058 3020 5,

471 3043 565 3097 lib.
597 3042 764 3096 lCOd.
798 3042 853 3095 in
886 3038 1054 3095 Basil.
1101 3056 1211 3097 non
1243 3047 1329 3096 est
1372 3041 1575 3112 posita,
1628 3058 1807 3113 neque
1842 3057 1973 3098 vero
2002 3052 2056 3097 tu

474 3134 550 3187 illi
580 3133 871 3189 inhaereas.
904 3132 1093 3188 Mense
1121 3144 1306 3188 autem
1336 3104 1540 3189 hiartio
1562 3104 1766 3190 'indict.
1792 3135 1882 3202 14,
1915 3135 2055 3190 facta
2092 3104 2134 3161 Β

464 3234 550 3278 est
576 3221 877 3295 [quaedam]
914 3223 1125 3278 novella
1157 3223 1335 3279 sancti
1360 3224 1540 3278 nostri
1580 3224 1932 3294 imperatoris
1955 3223 2058 3277 do-

478 3318 611 3371 mini
640 3316 907 3371 Manuelis
932 3316 1225 3384 Comneni,
1259 3332 1384 3387 qua:
1428 3316 1626 3387 partim
1662 3318 1778 3371 hac
1824 3317 2055 3372 statuit:

471 3410 608 3462 (lum
638 3408 726 3463 his
754 3408 860 3462 hoc
888 3408 1078 3473 etiam,
1113 3408 1181 3463 iis
1202 3424 1327 3477 quae
1357 3419 1484 3463 ante
1514 3410 1719 3480 scripta
1751 3419 1903 3473 sunt,
1931 3424 2060 3463 san-

467 3501 664 3556 i-iendo
719 3501 1130 3571 conjungimus.
1184 3501 1336 3556 Multi
1391 3503 1645 3558 homines
1690 3504 1743 3557 in
1795 3503 2062 3558 extremis

474 3594 594 3647 suis
637 3594 1101 3663 dispositionibus
1125 3602 1514 3663 procuratores
1550 3598 1665 3650 sive
1710 3606 2065 3651 exsecuturos

470 3694 663 3733 eorum
719 3696 843 3749 qua:
930 3684 1392 3752 prasscripserunt
1475 3684 1833 3754 relinquunt,
1889 3687 2065 3757 iisque

474 3772 723 3836 Clu-isto,
758 3773 906 3827 dulci
943 3773 1049 3828 isto
1077 3789 1143 3829 ac
1169 3776 1375 3831 mundo
1413 3778 1640 3832 salutari
1668 3779 1911 3848 nomine,
1948 3781 2061 3834 hrc-

481 3866 611 3919 rede
649 3867 878 3936 scripto,
904 3882 1089 3921 rerum
1125 3883 1350 3924 suarum
1394 3872 1861 3941 dispensationem
1899 3886 2067 3944 atque
2102 3896 2111 3906 ε

477 3957 1020 4015 administrationem
1074 3961 1390 4031 injungunt.
1426 3962 1542 4018 Hoc
1588 3975 1771 4019 autem
1812 3967 2067 4022 videntur

489 4054 693 4114 tacere,
746 4067 871 4105 eum
930 4054 1269 4124 pauperibus
1325 4055 1665 4113 substantias
1719 4074 1850 4114 suas
1895 4060 2065 4115 dividi

490 4138 843 4208 praecipiunt.
893 4140 1030 4194 Cum
1084 4143 1231 4197 enim
1285 4144 1603 4199 mendicans
1654 4147 1873 4216 accipit,
1923 4158 2069 4202 astat

470 4230 747 4295 Christus,
783 4246 848 4285 ac
880 4247 988 4285 una
1029 4248 1153 4287 cum
1193 4234 1285 4289 illo
1326 4234 1557 4306 [dantis]
1586 4252 1807 4291 manum
1845 4249 2064 4293 vacuat.

474 4323 750 4384 Quatenus
791 4338 1039 4393 namque,
1090 4324 1287 4394 inquit,
1350 4326 1510 4399 [ipse]
1562 4331 1650 4382 uni
1714 4345 1779 4383 ea:
1828 4332 2063 4385 minimis

472 4416 610 4467 hisce
648 4413 908 4482 fratribus
946 4416 1169 4485 fecistis,
1207 4418 1333 4471 mihi
1365 4420 1564 4489 fecistis
1601 4423 1641 4476 ².
1674 4420 1939 4479 Jubemus
1962 4425 2067 4495 igi-

486 4514 600 4571 tur,
629 4518 689 4562 ut
727 4510 949 4575 quando
979 4510 1294 4579 hujusmodi
1351 4516 1741 4583 procuratorire
1784 4518 2070 4587 dispensa-

480 4603 679 4666 tiones,
728 4612 783 4656 et
833 4603 886 4656 in
941 4604 1060 4673 pias
1104 4620 1303 4662 causas
1339 4609 1779 4676 distributiones,
1826 4627 1948 4682 quae
2000 4610 2069 4666 ad

479 4693 675 4748 animae
700 4705 910 4750 rectum
938 4696 1189 4766 dnctum,
1216 4715 1281 4754 ac
1308 4702 1661 4772 pupillorum,
1684 4719 1877 4758 senum
1902 4714 2069 4775 atque

484 4800 783 4853 pauperum
820 4788 1228 4858 educationem,
1260 4804 1316 4847 et
1345 4796 1765 4863 exhibitionem,
1810 4798 2063 4865 tendunt,

480 4887 871 4945 proponuntur
924 4898 937 4933 :
996 4880 1052 4934 in
1133 4882 1218 4937 his
1282 4883 1620 4953 judiciorum
1694 4889 2069 4957 prolationes,

486 4978 652 5049 atque
669 4972 764 5039 qui
790 4971 916 5026 hinc
933 4974 1213 5051 exsistunt
1235 4981 1429 5036 inanes
1455 4991 1760 5051 temporum
1780 4983 2071 5050 decursus,

471 5062 663 5116 locum
702 5080 815 5117 non
850 5065 1110 5124 habeant.
1146 5068 1431 5143 Contingit
1482 5077 1611 5129 hinc
1642 5077 1811 5143 enim,
1864 5092 1924 5130 ut
1972 5077 2071 5132 de-

486 5156 803 5212 functorum
839 5161 1038 5217 anima:
1073 5164 1335 5219 damnum
1370 5169 1627 5235 subeant,
1661 5178 1715 5224 et
1756 5173 2070 5228 communis

482 5249 729 5303 omnium
769 5251 898 5305 boni
936 5254 1302 5327 utilitatisque
1342 5274 1512 5313 causa
1559 5262 1683 5315 latae
1736 5263 1880 5333 leges
1924 5279 2075 5317 com-

488 5352 773 5398 mutentur
808 5345 861 5399 in
890 5350 1254 5406 contrarium.
1286 5351 1426 5408 Tum
1456 5372 1633 5426 neque
1665 5356 1875 5426 justum
1906 5357 2071 5431 [esse]

489 5437 842 5505 imperatoria
877 5457 998 5497 mea
1026 5444 1547 5516 majestasjudicat,
1589 5460 1642 5504 ut
1678 5452 1773 5521 qui
1825 5452 1964 5506 ordo
2018 5456 2072 5508 in

486 5530 960 5601 reliquisjudiciis
998 5538 1229 5604 obtinet,
1284 5539 1378 5613 [is]
1429 5544 1597 5598 etiam
1649 5546 1703 5599 in
1758 5546 2075 5604 istiusmodi

487 5624 744 5692 usurpari
784 5624 1025 5699 [debeat]
1058 5648 1071 5683 :
1105 5633 1200 5687 sed
1231 5643 1290 5690 ut
1327 5636 1515 5692 talium
1557 5639 1862 5709 specierum
1896 5641 2073 5698 ambi-

568 5779 589 5807 ¹
621 5781 811 5835 Matth.
842 5798 970 5854 xxv,
1001 5785 1091 5841 40.

2154 1821 2327 1890 σιῶν,
2348 1823 2443 1877 καὶ
2470 1821 2604 1891 περὶ
2622 1821 3021 1890 καθιερώσεως
3044 1821 3395 1890 ἐκκλησιῶν
3416 1823 3515 1878 καὶ
3526 1840 3729 1895 μαρτυ-

2145 1918 2295 1986 ρίων
2310 1914 2396 1986 μὴ
2421 1915 2687 1984 ἐχόντων
2721 1915 2988 1984 λείψανα
3014 1914 3218 1984 ἁγίων.

2227 2026 2455 2080 Συνόδου
2493 2025 2857 2097 Καρθαγένης
2899 2023 3081 2079 κανὼν
3110 2023 3185 2093 ς’,
3227 2025 3343 2097 πγ’·
3377 2027 3592 2083 συνόδου
3642 2027 3727 2081 Νι-

2156 2120 2320 2183 καίας
2346 2119 2409 2172 τὸ
2434 2116 2501 2189 β’,
2539 2117 2724 2172 κανὼν
2752 2115 2818 2183 ζ’,
2846 2114 2933 2181 ιζ’.

2227 2211 2538 2279 Κείμενον.
2584 2209 2675 2261 Ἐν
2723 2206 2805 2279 τῷ
2855 2207 2897 2260 δ’
2950 2208 3236 2281 κεφαλαίῳ
3274 2207 3375 2263 τοῦ
3406 2207 3455 2279 Υ
3502 2209 3604 2264 τίτ.
3644 2207 3726 2263 τοῦ

2156 2302 2426 2374 παρόντος
2450 2302 2847 2370 συντάγματος,
2869 2317 2923 2354 κ.
2948 2317 2997 2353 τ.
3016 2299 3093 2368 λ.,
3121 2317 3297 2371 usque
3317 2302 3387 2357 ad
3408 2300 3724 2371 ἀναγκάζου-

2158 2415 2211 2451 σι
2243 2395 2422 2450 ταῦτα
2455 2393 2815 2466 πληροῦσθαι.

2228 2489 2507 2557 Σχόλιον.
2578 2486 2640 2540 Ἦ
2674 2482 2737 2538 ιε’
2780 2484 3027 2552 διάταξις
3065 2484 3158 2539 τοῦ
3214 2483 3258 2555 β’
3284 2486 3396 2539 τίτ.
3450 2485 3543 2539 τοῦ
3568 2482 3612 2540 α’
3662 2484 3731 2555 βι-

2159 2582 2313 2637 ϐλίου
2343 2581 2438 2635 τοῦ
2475 2579 2728 2644 κώδικος,
2769 2577 2932 2648 ἐτέθη
2968 2581 3026 2632 ὲν
3087 2577 3280 2649 βιϐλίῳ
3310 2578 3355 2633 ε’
3387 2580 3497 2633 τῶν
3534 2578 3728 2634 Βασιλι-

2158 2676 2280 2730 κῶκ
2321 2676 2430 2729 τὶτ.
2482 2672 2554 2739 α’,
2592 2671 2876 2743 κεφαλαίῳ
2907 2669 2975 2737 ζ’,
3009 2671 3184 2737 οὕτως
3234 2672 3462 2744 ἔχουσα,
3497 2674 3571 2737 ὡς
3596 2670 3728 2734 ἐντὸς

2163 2765 2500 2837 συνωψίσθη.
2550 2766 2615 2819 Ἡ
2658 2763 2741 2835 με’
2784 2764 3028 2829 διάταξις
3066 2764 3162 2818 τοῦ
3208 2771 3259 2834 γ’
3320 2766 3501 2819 τίτλου
3555 2764 3644 2819 τοῦ
3688 2761 3727 2817 α’

2165 2861 2375 2932 βιόλίου
2404 2860 2500 2913 τοῦ
2531 2858 2783 2924 κώδικος,
2824 2859 2927 2911 οὐκ
2958 2857 3120 2928 ἐτέθη
3141 2859 3220 2921 εἰς
3244 2858 3319 2912 τὰ
3352 2858 3625 2923 Βασιλικά,
3649 2855 3731 2911 καὶ

2167 2954 2305 3025 μηδὲ
2342 2953 2407 3006 σὺ
2449 2951 2625 3024 ταύτῃ
2679 2951 2948 3023 πρόσχῃς,
2984 2949 3260 3018 ἀνάγνωθι
3289 2951 3351 3005 δὲ
3396 2952 3458 3004 τὸ
3501 2949 3541 3002 θ’
3577 2948 3727 3019 κεφά-

2169 3048 2344 3114 λαιον,
2374 3044 2470 3100 τοῦ
2501 3044 2550 3115 γ’
2580 3044 2687 3099 τίτ.
2719 3042 2813 3100 τοῦ
2870 3041 2912 3096 ε’
2942 3043 3151 3113 βιϐλίου
3181 3045 3292 3097 τῶν
3330 3043 3623 3098 Βασιλικῶν
3652 3042 3731 3113 μέ-

2170 3158 2261 3213 ρος
2280 3139 2340 3193 ὃν
2389 3140 2491 3210 τῆς
2527 3135 2639 3209 ρλα¹
2674 3137 3105 3192 Ἰούστινιανείου
3137 3140 3343 3209 νεαρᾶς
3371 3138 3441 3192 τὰ
3473 3138 3607 3190 αὐτὰ
3628 3153 3732 3205 σχε-

2168 3235 2259 3287 δὸν
2282 3231 2609 3304 νομοθετοῦν
2641 3232 2735 3285 καὶ
2764 3231 3156 3300 καταστρωθὲν
3202 3232 3283 3295 είς
3310 3230 3375 3285 τὸ
3407 3232 3557 3285 ἐπιὸν
3578 3246 3729 3283 κατα·

2169 3325 2357 3381 ϐατόν.
2399 3325 2559 3379 Κατὰ
2604 3326 2696 3378 τὸν
2739 3324 2988 3395 Μάρτιον
3016 3326 3161 3395 μῆνα
3206 3324 3310 3394 τῆς
3352 3321 3412 3377 ιδ’
3449 3322 3731 3380 ίνδικτιόνος

2170 3420 2365 3488 γέγονε
2394 3418 2566 3490 νεαρὰ
2598 3417 2692 3471 τοῦ
2718 3417 2878 3486 ἁγίου
2907 3418 3070 3489 ἡμῶν
3109 3418 3518 3488 αὐτοκράτορος
3561 3412 3731 3482 κυρίου

2174 3509 2434 3582 Μανουὴλ
2464 3509 2559 3563 τοῦ
2586 3509 2876 3580 Κομνηνοῦ
2907 3511 2966 3562 ὲν
2991 3510 3150 3580 μέρει
3177 3510 3308 3564 τάδε
3336 3507 3617 3575 διεξιοῦσα·
3645 3505 3731 3557 Σὺν

2174 3604 2387 3666 τούτοις
2442 3603 2537 3655 καὶ
2592 3600 2751 3655 τοῦτο
2807 3601 3164 3665 θεσπίζοντες
3219 3603 3339 3665 τοῖς
3393 3598 3731 3671 προγραφείσι

2178 3693 2571 3764 προστίθεμεν’
2606 3692 2799 3745 Πολλοὶ⁵
2840 3692 2950 3747 τῶν
2994 3690 3298 3763 ἀνθρώπων
3346 3695 3404 3746 ὲν
3443 3694 3552 3752 τοῖς
3579 3692 3733 3742 ἐπιτε-

2176 3785 2409 3849 λευτίοις
2436 3785 2618 3838 αὐτῶν
2638 3785 3031 3855 διατάγμασιν,
3061 3785 3402 3857 ἐπιτρόπους
3426 3786 3588 3857 ἤγουν
3615 3782 3729 3833 διοι-

2178 3878 2375 3949 κητὰς,
2401 3878 2512 3931 τῶν
2562 3877 2694 3948 παρ’
2728 3877 2912 3931 αὐτῶν
2972 3878 3356 3949 διορισθέντων
3410 3871 3730 3944 καταλιμπά-

2176 3988 2350 4033 νουσι,
2404 3971 2497 4024 καὶ
2542 3970 2757 4033 τούτοις
2791 3970 3109 4024 ἀνατιθέασι
3142 3970 3242 4041 τὴν
3272 3971 3385 4023 τῶν
3424 3966 3731 4041 πραγμάτων

2182 4064 2364 4118 αὐτῶν
2398 4064 2715 4132 οίκονομίαν
2733 4080 2792 4116 τε
2812 4062 2909 4115 καὶ
2936 4063 3225 4134 διοίκησιν,
3257 4063 3350 4116 τὸν
3377 4061 3602 4134 Χριστὸν
3626 4058 3733 4127 κλη-

2184 4157 2414 4229 ρονόμον
2436 4157 2764 4227 γράφοντες,
2798 4156 2859 4209 τὸ
2892 4157 3065 4225 γλυκὺ
3089 4155 3248 4209 τοῦτο
3272 4158 3369 4210 καί¹
3399 4151 3731 4223 κοσμοτήριον

2180 4250 2371 4320 ὄνομα.
2432 4250 2606 4303 Τοῦτο
2651 4250 2709 4303 δὲ
2762 4248 2982 4303 δοκοῦσι
3016 4253 3193 4303 ποιεῖν
3225 4249 3292 4302 δι’
3322 4243 3397 4303 ὧν
3426 4250 3535 4311 τοῖς
3562 4246 3731 4311 πένησι

2179 4344 2280 4408 τὰς
2316 4343 2640 4415 περιουσίας
2673 4343 2854 4396 αὐτῶν
2878 4343 3359 4415 καταμερισθῆναι
3398 4338 3731 4412 προστάττου-

2183 4452 2259 4500 σι,
2298 4435 2392 4488 τοῦ
2417 4436 2523 4508 γὰρ
2555 4436 2832 4499 αἰτοῦντος
2856 4436 3227 4508 λαμϐάνοντος
3254 4437 3508 4490 ἴσταταιό
3530 4428 3731 4502 Χριστὸς

2180 4528 2578 4596 συγκοιλαῐνων
2609 4528 2783 4596 τούτῳ
2804 4529 2903 4600 τὴν
2925 4532 3103 4601 χεῖρα.
3122 4529 3379 4598 Ἑφόσον
3399 4527 3525 4597 γὰρ,
3571 4520 3728 4591 φησὶν,

2176 4620 2267 4673 ἐνι
2301 4622 2530 4674 τούτων
2566 4620 2688 4674 τῶν
2732 4621 3079 4689 ἐλαχίστων
3106 4620 3388 4690 ἀδελφῶν
3417 4615 3727 4681 ἐποιήσατε.

2177 4712 2305 4784 ἐμοὶ
2333 4713 2683 4777 ἐποιήσατε.
2728 4713 3231 4787 Παρακελευόμεθα
3252 4710 3346 4767 οὗν
3371 4713 3495 4765 ὅταν
3525 4710 3719 4774 ἐπιτροσ

2177 4808 2339 4860 πικαὶ
2357 4808 2605 4861 τοιαῦται
2623 4808 2916 4879 διοικήσεις
2945 4808 3286 4877 πρόκεινται,
3307 4806 3399 4859 καὶ
3425 4807 3501 4867 εἰς
3518 4797 3727 4855 εὐσεϐεῖς

2179 4900 2358 4963 αἰτίας
2403 4900 2676 4970 διανομαὶ,
2707 4900 2963 4971 καὶπρὸς
2993 4900 3231 4970 ψυχικὰς
3281 4896 3602 4967 οἰκονομίας,
3653 4885 3729 4942 καὶ

2179 4990 2434 5062 ὀρφανῶν
2465 4990 2751 5062 ἀφηλίκων
2801 5008 2861 5043 τε
2914 4992 3010 5043 καὶ
3057 4992 3306 5061 πενήτων
3351 4985 3627 5056 ἀναγωγᾶς
3650 4976 3728 5031 καὶ

2177 5083 2484 5153 διατροφὰς
2528 5082 2773 5147 τείνωσι,
2808 5085 2882 5152 μὴ
2918 5083 3103 5153 χώραν
3128 5083 3272 5153 ἔχειν
3300 5085 3357 5136 ἐν
3389 5079 3597 5138 ταύταις
3621 5070 3726 5129 τοὺς

2174 5177 2285 5231 τῶν
2320 5177 2692 5247 δικαστηρίων
2721 5176 3195 5245 ὑπερϐιὸασμοὺς,
3240 5177 3333 5230 καὶ
3376 5174 3472 5237 τὰς
3504 5164 3725 5224 ἐντεῦθεν

2176 5269 2654 5340 χρονοτριόήσεις.
2710 5268 3008 5339 Συμϐαίνει
3060 5271 3171 5342 γὰρ
3210 5266 3452 5322 ἐντεῦθεν
3500 5262 3591 5324 τὰς
3634 5252 3725 5309 τῶν

2176 5360 2557 5414 τελευτώντων
2586 5361 2919 5432 ζημιοῦσθαι
2959 5363 3162 5435 ψυχὰς,
3186 5366 3280 5418 καὶ
3303 5364 3425 5425 τοὺς
3454 5360 3535 5413 ἐπ’
3558 5350 3720 5423 ἀγαθῷ

2181 5454 2276 5507 καὶ
2320 5456 2475 5525 κοινῇ
2527 5454 2836 5526 λυσιτελείᾳ
2890 5455 2982 5507 τοῦ
3029 5458 3230 5520 παντὶς
3277 5455 3521 5513 τεθέντας
3553 5448 3720 5517 νόμους

2179 5550 2258 5612 εἰς
2301 5550 2616 5602 τούναντίον
2645 5550 3051 5619 περιίστασθαι.
3088 5550 3163 5603 Ού
3208 5550 3315 5623 γὰρ
3350 5548 3543 5600 δίκαιον
3570 5538 3716 5610 κρίνει

2176 5644 2209 5713 ἠ
2268 5642 2519 5713 βασιλεία
2557 5660 2659 5715 μου
2716 5643 2814 5715 τὴν
2854 5643 2950 5697 ἐπὶ
2984 5644 3095 5706 τοῖς
3147 5643 3352 5706 λοιποῖς
3394 5629 3718 5705 δικαστηρίοις
