3916 6244
226 267 345 333 1029

1190 256 1681 319 ΝΟΜΟΟΛΝΟΝ·
1724 280 1796 292 -
1832 257 1981 319 TlT.
2022 258 2106 332 II,
2148 260 2306 321 CAP.
2350 262 2400 323 Ι.

3350 260 3486 325 1030

230 374 516 452 κρατοῦσαν
547 371 896 439 ἀκολουθίαν,
937 370 1031 425 καὶ
1065 370 1159 424 ἐπὶ
1188 372 1306 432 τοῖς
1341 367 1609 432 τοιούτοις
1639 368 1793 421 πολι-

1913 370 2133 440 gnitates
2160 370 2447 427 confestim
2486 371 2791 441 solvantur,
2830 370 2925 445 [ita
2952 371 3034 445 ut]
3068 386 3245 443 neque
3270 372 3487 431 libellus

225 469 481 531 τεύεσθαι,
546 466 685 521 ἀλλὰ
716 466 816 525 τάς
841 463 937 518 ἐπὶ
990 464 1113 526 ταῖς
1155 461 1437 525 τοιαύταις
1466 460 1791 515 ὑποθέσεσιν

229 560 557 634 ἀμφιϐολίας,
585 556 923 613 ἀπεντεῦθεν
964 554 1210 619 λύεσθαι,
1247 555 1323 626 μὴ
1368 552 1620 607 λιϐἐλλου
1655 553 1794 606 διδο-

226 653 394 723 μένου,
455 648 716 720 είδήσεως
746 648 804 700 δὲ
835 646 1142 718 τριημέρου
1171 644 1205 716 ἢ
1239 646 1334 698 καὶ
1381 645 1476 697 ἐπὶ
1518 644 1784 715 τέταρτον

226 742 750 816 παρεκτεινομένης,
810 742 1033 811 μήτινος
1084 740 1195 810 γὰρ
1226 737 1553 807 δικαστικῆς
1605 735 1797 790 ὑποθέ-

225 854 349 900 σεως
392 833 853 905 ὲπεισαγομένης,
879 834 913 904 ἡ
965 832 1075 887 τῶν
1104 832 1418 902 προσόντων
1473 830 1689 900 ἑκάστῳ
1719 830 1798 882 δι·

224 929 379 983 καίων
406 927 701 997 γενήσεται
732 924 1112 990 κατεξέτασις,
1142 925 1240 978 καὶ
1282 922 1791 994 μετακληθήσονται

226 1020 307 1073 καὶ
348 1018 515 1089 ἄμφω
572 1016 644 1070 τὰ
700 1016 842 1087 μέρη
883 1015 1007 1087 δίχα
1060 1016 1206 1079 τινὸς
1245 1013 1650 1086 ὑπερημερίας,
1700 1014 1795 1066 καὶ

226 1111 685 1183 ἀπαιτηθήσονται
728 1111 970 1182 ἑκάτερα
998 1111 1068 1164 τά
1100 1110 1243 1181 μέρη
1278 1109 1403 1180 δίχα
1430 1108 1577 1172 τινὸς
1612 1108 1681 1162 τὰ
1705 1107 1795 1160 δο-

233 1202 416 1256 κοῦντα
451 1202 755 1257 συντείνειν
778 1203 964 1266 αὐτοῖς
993 1200 1389 1273 προϐαλέσθαι,
1422 1200 1521 1256 καλ⁸
1544 1198 1689 1254 οὕτω
1727 1200 1794 1254 δι’

222 1294 387 1363 ὀλίγου
415 1293 615 1364 καιροῦ
671 1294 924 1365 μηνιαίου
951 1292 1141 1364 τυχὸν,
1205 1293 1238 1363 ἢ
1296 1294 1389 1346 καὶ
1431 1294 1510 1356 είς
1542 1292 1796 1365 δεύτερον

223 1385 702 1457 παρεκτεινομένου
740 1388 886 1441 κατὰ
917 1387 977 1440 τὸ
1015 1386 1171 1452 δόξαν
1207 1385 1286 1457 τῷ
1314 1387 1545 1457 δικαστῇ
1566 1428 1581 1453 ,
1618 1403 1795 1457 προσ-

221 1480 440 1550 ήκουσαν
491 1478 699 1546 δέξοιτο
777 1480 932 1534 λύσιν
985 1479 1047 1533 τὸ
1106 1478 1392 1549 ἀνακύψαν
1446 1479 1747 1551 ἀμφίϐολον
1778 1520 1794 1546 ,

222 1571 563 1643 τηρουμένων
621 1572 869 1643 δηλονότι
918 1572 1029 1627 τῶν
1060 1571 1241 1643 νόμων
1292 1572 1388 1625 ἐπὶ
1420 1573 1520 1643 τῆς
1580 1573 1793 1637 οἰκείας

220 1664 367 1736 ἕδρας
390 1665 484 1717 καὶ
512 1665 868 1737 παγιότητος.
897 1666 1052 1719 Ὅσοι
1083 1664 1161 1736 μὴ
1184 1664 1331 1733 μετὰ
1358 1664 1451 1718 τὸν
1484 1664 1579 1718 τοῦ
1607 1665 1796 1717 τελευ-

1896 462 2081 528 detur,
2138 474 2193 517 et
2223 464 2465 533 cognitio
2506 463 2560 519 in
2609 472 2719 519 tres
2754 476 2850 519 aut
2896 463 3218 537 [summum]
3250 475 3490 535 quatuor

1896 554 2013 608 dies
2047 552 2330 610 differatur
2365 573 2379 609 :
2410 556 2558 610 nulla
2581 556 2879 626 judiciaria
2913 558 3180 613 dilatione
3238 558 3490 614 introdu—
3542 602 3543 605 η

1898 645 2092 711 cenda,
2149 647 2279 715 quid
2329 646 2533 714 cuique
2578 647 2712 717 jure
2766 657 3068 719 competat,
3094 648 3485 719 disquiratur:

1898 741 2036 793 citra
2068 754 2288 795 omnem
2325 741 2646 796 dilationem
2703 750 2942 813 utraque
2983 759 3110 813 pars
3144 752 3489 809 accersatur,

1897 840 2059 899 atque
2084 840 2143 885 ut
2169 832 2299 901 quid
2332 832 2477 903 juris
2512 848 2569 887 se
2596 833 2801 888 habere
2832 844 3006 905 putet,
3036 843 3342 905 proponat,
3367 833 3489 889 exi--

1899 932 2060 993 gatur
2087 939 2101 977 :
2129 932 2353 991 tumque
2376 925 2596 978 demum
2618 940 2716 996 per
2741 925 2904 981 breve
2928 935 3142 997 tempus
3167 928 3221 980 in
3242 940 3490 981 mensem

1899 1015 2045 1070 forte
2074 1013 2293 1087 [unum]
2323 1025 2417 1070 aut
2446 1017 2611 1070 etiam
2649 1017 2882 1071 alterum
2925 1019 3346 1085 extendendum,
3403 1031 3492 1073 res

1896 1107 1950 1161 in
1977 1108 2409 1162 controversiam
2437 1109 2693 1175 deducta,
2715 1117 2881 1179 prout
2899 1110 3071 1180 judici
3093 1111 3273 1166 visum
3301 1109 3490 1173 fuerit,

1896 1200 2294 1256 convenienter
2325 1202 2618 1256 dirimatur
2650 1220 2663 1256 :
2697 1201 2782 1273 [ut
2817 1201 3026 1275 tamen]
3060 1203 3114 1258 in
3149 1219 3248 1259 sua
3283 1201 3491 1278 [quasi]

1897 1294 2026 1347 sede
2061 1306 2125 1346 ac
2159 1292 2436 1348 soliditate
2462 1292 2697 1348 firmiter
2722 1302 2984 1349 maneant
3011 1293 3133 1367 [eae]
3170 1296 3339 1365 leges,
3369 1314 3495 1369 quae

1903 1401 2013 1440 non
2042 1402 2169 1440 mox
2200 1402 2228 1438 a
2253 1384 2500 1440 defuncti
2536 1396 2735 1453 morte,
2771 1388 2866 1443 sed
2894 1399 3021 1458 post
3044 1388 3256 1455 aliquot
3278 1391 3493 1448 dierum

1895 1477 2190 1532 decursum
2252 1492 2613 1533 successores
2664 1478 2841 1548 ipsius
2901 1478 2956 1532 in
3013 1479 3287 1550 judicium
3350 1483 3497 1539 trahi

1898 1576 2164 1635 Statuunt,
2194 1570 2668 1639 quemadmodum
2700 1585 2821 1639 quae
2858 1570 2966 1625 huc
2996 1572 3277 1641 pertinent
3309 1571 3491 1631 fusius

1898 1657 1952 1711 in
1998 1657 2247 1713 Basilicis
2288 1668 2518 1713 tractata
2554 1666 2702 1713 sunt.
2752 1661 2810 1714 Si
2861 1675 2989 1714 vero
3040 1670 3366 1731 procurator
3420 1663 3493 1719 ad

216 1759 479 1827 τήσαντος
512 1757 769 1825 θάνατον,
808 1760 976 1823 εὐθὺς
1011 1761 1137 1823 τοὺς
1170 1761 1384 1812 ἐκείνου
1413 1757 1689 1830 διαδόχους
1727 1761 1805 1822 είς

1913 1750 2228 1806 dilationem
2263 1766 2491 1821 vergere
2524 1751 2773 1805 videatur
2796 1790 2812 1818 ,
2861 1767 3035 1823 eaque
3086 1754 3213 1809 dolo
3249 1765 3497 1813 evertere

216 1848 561 1921 δικαστήριον
624 1850 883 1903 ἕλκεσθαι
943 1850 1371 1916 διακελεύονται,
1456 1851 1594 1904 ἀλλὰ
1659 1851 1800 1921 μετά

223 1941 573 2013 παραδρομὴν
608 1944 834 2014 ἡμερῶν
862 1959 1047 2008 τινων,
1080 1942 1267 2007 καθὼς
1318 1944 1386 1999 τά
1433 1946 1562 2015 περὶ
1593 1944 1801 1998 τούτων

223 2034 554 2105 πλατύτερον
609 2039 723 2099 τοῖς
769 2036 1074 2107 βασιλικοῖς
1132 2036 1511 2107 διηγόρευται.
1550 2036 1613 2088 El
1649 2036 1705 2089 δέ
1736 2052 1801 2105 γε

224 2125 507 2197 ἐπίτροπος
525 2127 609 2191 είς
628 2128 955 2198 ὑπερθέσεις
979 2128 1174 2200 φανείη
1199 2128 1417 2198 χωρῶν,
1450 2127 1546 2180 καὶ
1574 2126 1802 2180 τοιαῦτα

223 2219 505 2290 σκαιωρῶν
542 2220 847 2291 φωραθείη,
886 2222 980 2273 καὶ
1034 2221 1166 2291 πρὸς
1219 2219 1670 2292 ὑπερϐιϐασμοὺς
1696 2236 1805 2290 χω-

228 2311 378 2382 ρήσῃ,
415 2312 494 2383 μὴ
524 2312 696 2367 ποιῶν
732 2312 921 2376 καθὼς
954 2315 981 2366 6
1015 2313 1335 2384 διαθέμενος
1365 2313 1667 2379 διετάξατο,
1710 2312 1810 2382 τῆς

221 2403 519 2473 ἐπιτροπῆς
544 2403 639 2457 καὶ
701 2403 1016 2475 οἰκονομίας
1062 2405 1170 2458 τῶν
1221 2404 1314 2457 τοῦ
1367 2404 1796 2475 τελευτήσαντος

224 2494 562 2563 πραγμάτων
589 2493 1116 2565 μετακινηθήσεται,
1140 2491 1610 2565 ἀνατεθήσεταιδὲ
1642 2492 1806 2563 αὕτη,

222 2577 301 2648 οἷς
329 2584 393 2638 ἂν
418 2587 445 2639 6
480 2586 743 2656 βασιλεὺς
775 2586 1103 2658 διορίσηται,
1136 2587 1170 2658 ἢ
1206 2586 1399 2640 τούτου
1438 2586 1565 2648 ἴσως
1597 2586 1804 2654 ἀποδη-

226 2676 467 2745 μοῦντος,
513 2679 542 2730 6
571 2679 669 2749 τῆς
704 2678 914 2743 πόλεως
948 2680 1192 2752 ἔπαρχος
1246 2680 1363 2748 ἅμα
1394 2679 1472 2751 τῷ
1500 2681 1599 2750 τῆς
1639 2680 1806 2748 ἁγιω-

224 2770 378 2840 τάτης
417 2771 755 2844 Ἐκκλησίας
793 2772 1086 2844 οἰκονόμῳ,
1142 2772 1240 2843 τὴν
1272 2771 1467 2825 τούτου
1511 2772 1804 2842 ποιήσεται

1907 1845 2375 1915 deprehendatur,
2424 1860 2524 1899 nec
2555 1847 3023 1914 quemadmodum
3084 1857 3317 1904 testator
3359 1865 3499 1920 pra)-

1907 1938 2074 2006 cepit,
2110 1938 2636 2007 procrastinationes
2680 1941 2951 1993 nectendo
2999 1937 3206 1994 faciat:
3240 1957 3271 1994 a
3312 1957 3500 1997 rerum

1908 2029 2148 2084 defuncti
2178 2030 2567 2099 procuratione
2586 2045 2651 2084 ac
2675 2031 3096 2101 dispensatione
3124 2044 3501 2101 removeatur,

1910 2134 2084 2189 eaque
2111 2119 2314 2190 quibus
2340 2120 2641 2189 imperator
2674 2122 2949 2189 statuerit,
2999 2122 3324 2194 injungatur
3358 2144 3371 2180 :
3407 2136 3504 2180 aut

1914 2212 1960 2265 si
2003 2212 2050 2266 is
2096 2210 2242 2266 forte
2290 2226 2521 2281 peregre
2572 2211 2662 2279 sit,
2712 2211 3004 2282 prmfectus
3042 2215 3195 2271 urbis
3232 2232 3339 2271 una
3372 2233 3502 2272 cum

1911 2304 2265 2359 sanctissimo
2316 2303 2577 2358 Ecclesiae
2622 2319 2911 2359 (economo
2953 2321 3042 2361 res
3083 2307 3206 2363 illas
3241 2319 3505 2379 procuret

1912 2411 1978 2450 ac
2025 2396 2334 2464 dispenset,
2386 2395 2479 2464 qui
2512 2398 2579 2449 de
2624 2396 2713 2451 his
2760 2412 2882 2467 qua:
2921 2397 2975 2451 in
3024 2399 3338 2469 hnjusmodi
3377 2418 3505 2472 Spe.

1912 2488 2103 2543 ciebus
2130 2487 2619 2555 administraruot,
2660 2488 3002 2559 imperatori,
3031 2501 3126 2546 aut
3151 2494 3198 2548 si
3245 2491 3500 2551 fortassis

1915 2576 2006 2631 hic
2052 2592 2278 2648 peregre
2335 2578 2458 2643 erit,
2508 2580 2862 2635 sanctissimo
2913 2576 3506 2651 patriarchae'reddere

1914 2673 2186 2727 rationem
2244 2672 2545 2728 debebunt.
2597 2674 2713 2730 Non
2764 2685 2945 2731 tamen
2995 2687 3163 2748 prout
3202 2680 3505 2749 imperator

1907 2768 2163 2838 jusserit,
2204 2764 2457 2822 defuncti
2482 2768 2738 2823 voluntas
2770 2770 3179 2841 adimplehitur.

221 2862 533 2934 οἰκονομίαν
565 2881 627 2917 τε
656 2866 753 2919 καὶ
780 2864 1049 2936 διοίκησιν
1082 2865 1394 2934 ὀφείλοντες
1449 2864 1655 2933 εἴδησιν
1724 2861 1928 2917 διδόναι
1982 2858 2091 2913 τῶν
2128 2859 2220 2912 ἐπὶ
2280 2861 2401 2923 ταῖς
2427 2860 2709 2925 τοιαύταις
2762 2862 3087 2917 ὑποθέσεσιν
3116 2867 3508 2940 οἰκονομουμέ-

224 2973 321 3011 νων
346 2958 423 3027 τῴ
457 2957 678 3028 βασιλεῖ
704 2959 802 3012 καὶ
832 2958 912 3030 τῷ
952 2958 1101 3013 κατά
1130 2958 1231 3029 τὴν
1271 2960 1486 3031 ἡμέραν
1521 2959 1814 3029 ἁγιωτάτῳ
1870 2953 2213 3027 πατριάρχῃ,
2272 2955 2320 3006 εί
2350 2956 2492 3026 τύχῃ
2544 2955 2637 3011 τὸν
2706 2956 2936 3028 βασιλέα
2995 2961 3280 3034 ἀπόδημον
3343 2959 3505 3031 εἷναι,

224 3047 309 3099 καὶ
336 3047 412 3119 μὴ
442 3047 594 3101 κατά
617 3048 918 3121 πρόσταξιν
949 3049 1117 3103 αὐτοῦ
1147 3049 1217 3102 τὰ
1248 3049 1345 3103 τοῦ
1377 3049 1807 3122 τελευτήσαντος
1842 3046 2095 3120 πληρῶσι
2128 3046 2435 3116 θελήματα.

286 3140 602 3208 Κείμενον.
648 3140 714 3192 Ἡ
746 3137 792 3208 γ’
847 3139 990 3193 διάτ.
1040 3138 1135 3192 τοῦ
1177 3136 1222 3210 β’
1256 3140 1364 3194 τίτ.
1419 3138 1529 3195 τῶν
1580 3138 1805 3211 Νεαρῶν

1989 3134 2207 3189 Textus.
2232 3134 2423 3191 Const.
2450 3137 2505 3203 5,
2538 3136 2620 3192 tit.
2644 3137 2679 3191 2
2700 3136 3073 3209 Novellarum,
3099 3151 3231 3207 etc.,
3252 3157 3416 3213 usque
3436 3142 3507 3198 ad

223 3250 273 3286 κ.
299 3250 348 3286 τ.
378 3232 454 3297 λ.,
484 3249 665 3303 usque
680 3235 745 3288 ad
764 3233 1007 3299 διατάξει
1030 3234 1302 3288 διατυποῖ.

284 3326 569 3393 Σχόλιον.
612 3324 677 3377 Ἢ
710 3322 756 3393 γ’
784 3325 1050 3391 διάταξις,
1080 3325 1175 3378 τοῦ
1214 3322 1258 3396 β’
1284 3324 1467 3378 τίτλου
1507 3324 1617 3377 τῶν
1670 3323 1811 3377 Νεα-

220 3416 325 3486 ρῶν
371 3420 489 3470 ἐστι
556 3417 727 3489 νεαρὰ
798 3418 1229 3481 Ίουστινιάνειος
1299 3416 1412 3489 ρλα¹
1453 3416 1683 3488 κειμένη
1752 3417 1811 3469 ὲν

221 3506 400 3578 βιϐλίῳ
430 3515 495 3577 ε’,
531 3507 696 3580 τίτλῳ
720 3507 789 3577 γ’.
824 3510 904 3564 Τὰ
929 3510 988 3562 δὲ
1012 3511 1421 3581 συνοψισθέντα,
1454 3512 1562 3563 εἰσὶ
1591 3510 1685 3563 τοῦ
1717 3510 1812 3563 αύ-

220 3600 306 3653 τοῧ
354 3602 566 3666 τίτλου,
630 3602 1014 3671 κεφάλαιονιίν
1045 3603 1221 3668 οὕτως
1269 3602 1411 3673 ἔχον·
1472 3604 1540 3656 Εί
1573 3603 1630 3655 δὲ
1666 3603 1807 3675 ὑπὲρ

223 3692 583 3764 ἁναρρύσεως
617 3693 988 3762 αἰχμαλώτων
1026 3712 1078 3747 τι
1124 3694 1573 3759 καταλέλειπται,
1605 3697 1699 3749 καὶ
1737 3700 1811 3765 μὴ

222 3784 441 3856 ὀνόματι
498 3789 528 3839 6
560 3786 883 3857 διαθέμενος
918 3787 1070 3858 εἴπῃ,
1125 3788 1215 3841 διά
1258 3804 1404 3849 τινος
1428 3786 1534 3859 χρὴ
1559 3788 1813 3856 γενεσθαι

224 3876 314 3948 τὴν
344 3880 676 3952 ἀνάρρυσιν,
719 3881 815 3932 καὶ
856 3878 1031 3942 οὕτως
1087 3880 1383 3951 κελεύομεν
1412 3882 1482 3934 τὰ
1513 3880 1815 3951 πράγματα

221 3971 285 4023 τά
312 3972 403 4023 ἐπὶ
426 3972 631 4025 τούτου
663 3973 1122 4043 καταλειφθέντα,
1145 3974 1351 4027 τούτων
1371 3975 1555 4027 τόπων
1589 3976 1814 4027 ἐπίσκο-

224 4077 338 4127 πον,
375 4065 471 4117 καὶ
505 4065 603 4117 τὸν
626 4064 820 4118 τούτου
852 4066 1140 4135 οἰκονόμον
1173 4065 1358 4119 λαϐεῖν
1402 4066 1497 4119 καὶ
1554 4066 1614 4117 τὸ
1642 4065 1817 4119 τοιοῦ-

223 4165 308 4204 τον
358 4154 590 4217 εὐσεϐὲς
624 4153 788 4224 ἔργον
829 4154 1097 4225 πληροῦν.
1144 4156 1234 4209 Ἐν
1282 4154 1483 4217 πάσαις
1514 4156 1627 4225 γὰρ
1689 4158 1811 4219 ταῖς

226 4248 503 4312 τοιαύταις
545 4249 802 4301 εὐσεϐέσι
832 4249 1145 4319 βουλήσεσι,
1178 4251 1306 4312 τοὺς
1333 4250 1664 4311 ὁσιωτάτους
1704 4250 1814 4300 τῶν

228 4337 404 4392 τόπων
448 4340 792 4402 ἐπισκόπους
822 4340 1126 4410 βουλόμεθα
1154 4343 1426 4410 προνοεῖν,
1460 4340 1600 4392 ὥστε
1638 4338 1814 4391 πάντα

224 4431 496 4503 κατάντὴν
525 4431 624 4484 τοῦ
646 4432 1072 4504 τελευτήσαντος
1099 4432 1352 4503 βούλησιν
1384 4433 1724 4502 προϐαίνειν,
1759 4435 1807 4483 εί

1914 3228 1985 3284 45
2014 3237 2196 3284 const.
2231 3229 2494 3297 instituit,
2532 3240 2589 3284 ut
2623 3246 2749 3301 pag.
2786 3231 2915 3287 566.

1991 3321 2289 3379 δεΙιοιίιιηι.
2341 3323 2527 3378 Const.
2581 3325 2638 3391 5,
2691 3327 2772 3380 tit.
2805 3326 2840 3379 2
2870 3324 3246 3393 Novellarum,
3289 3340 3375 3386 est
3405 3346 3512 3387 no‘

1920 3412 2060 3467 vella
2087 3410 2389 3467 Justiniani
2422 3414 2519 3468 151
2560 3413 2637 3487 [et
2670 3416 2778 3488 est]
2807 3418 2981 3486 posita
3014 3419 3069 3473 in
3106 3420 3203 3475 lib.
3243 3436 3295 3489 v,
3332 3422 3414 3487 tit,
3450 3423 3503 3477 5.

1920 3507 2052 3573 Qute
2088 3523 2217 3563 vero
2260 3508 2316 3561 in
2346 3508 2689 3578 compendio
2740 3512 3019 3581 proposita
3076 3524 3224 3581 sunt,
3260 3516 3509 3585 ejusdem

1921 3601 2005 3655 tit.
2042 3610 2173 3655 sunt
2202 3616 2323 3671 cap.
2356 3602 2409 3667 9,
2444 3604 2587 3671 quod
2650 3604 2731 3659 sic
2779 3604 2984 3659 habet:
3012 3603 3143 3661 Item
3177 3608 3222 3663 si
3272 3624 3372 3679 pro
3420 3625 3480 3665 re

1921 3694 2236 3763 demptionc
2288 3694 2628 3764 captivorum
2665 3696 2873 3766 aliquid
2919 3699 3164 3754 relictum
3203 3702 3295 3766 sit,
3334 3717 3513 3772 neque

1921 3791 2154 3838 testator
2186 3784 2513 3837 nominatim
2554 3785 2777 3849 dixerit,
2830 3801 2928 3855 per
2976 3802 3140 3856 quem
3179 3787 3515 3858 redemptio-

1919 3892 2045 3931 nem
2078 3876 2192 3930 fieri
2239 3887 2491 3946 oporteat
2519 3896 2531 3930 :
2569 3876 2753 3932 itidem
2792 3879 3074 3948 jubemus,
3112 3890 3171 3934 ut
3204 3896 3290 3935 res
3324 3882 3376 3935 in
3407 3881 3512 3938 hoc

1921 3970 2158 4035 relictas,
2192 3969 2440 4024 locorum
2478 3971 2774 4039 episcopus
2799 3980 2854 4025 et
2880 3971 3046 4041 hujus
3074 3987 3395 4028 (economns
3420 3989 3512 4029 ca—

1920 4065 2057 4133 piat,
2087 4074 2140 4118 et
2182 4064 2498 4133 hujusmodi
2537 4064 2683 4134 pium
2714 4080 2850 4134 opus
2877 4067 3134 4133 ,impleat.
3164 4064 3221 4119 ln
3254 4067 3513 4125 omnibus

1923 4157 2072 4210 enim
2125 4156 2247 4211 istis
2281 4158 2386 4226 piis
2418 4156 2791 4211 voluntatibus
2839 4158 3092 4213 volumus
3140 4159 3305 4213 etiam
3365 4160 3512 4229 ipsos

1925 4248 2369 4318 religiosissimos
2429 4248 2681 4302 locorum
2753 4248 3043 4318 episcopos
3107 4251 3511 4319 providentiam

1927 4339 2368 4402 accommodare,
2395 4340 2653 4393 utonmia
2682 4341 2985 4393 secundum
3014 4344 3292 4397 testatoris
3315 4344 3513 4398 volun-

1925 4440 2086 4484 tatem
2112 4433 2413 4500 procedant
2438 4450 2451 4485 :
2474 4432 2576 4486 etsi
2598 4434 2833 4487 maxime
2857 4449 2885 4487 a
2920 4435 3272 4490 testatoribus
3300 4446 3394 4491 aut
3415 4442 3516 4494 d0-

225 4525 312 4576 καὶ
342 4526 411 4579 τά
437 4525 687 4596 μάλιστα
703 4528 857 4597 παρά
876 4528 984 4578 τῶν
1005 4526 1391 4597 διαθεμένωνῆ
1423 4525 1530 4580 τῶν
1558 4526 1805 4597 δωρησα-

1923 4524 2214 4577 natoribus
2252 4524 2605 4578 interdictum
2632 4525 2765 4594 ipsis
2798 4526 2889 4591 sit,
2928 4542 2998 4581 ne
3051 4529 3182 4597 quid
3222 4529 3277 4583 in
3309 4531 3377 4585 iis
3417 4532 3515 4586 ha-

226 4616 424 4682 μένων,
479 4617 843 4688 ἁπαγορευθῇ
892 4618 1077 4680 αὐτοῖς
1117 4617 1260 4686 ἔχειν
1302 4618 1437 4687 πρὸς
1498 4619 1638 4669 αὑτά
1697 4634 1821 4670 τινα

224 4709 544 4776 μετουσίαν.
594 4710 658 4761 Εί
707 4708 764 4760 δὲ
806 4711 854 4761 οί
887 4708 1063 4762 ταῦτα
1122 4709 1352 4778 ποιῆσαι
1408 4709 1816 4775 κελευσθέντες,

225 4800 369 4865 ἅπαξ
403 4802 505 4854 καὶ
552 4801 635 4863 δὶς
672 4802 824 4871 παρὰ
858 4802 951 4853 τοῦ
1007 4802 1431 4871 μακαριωτάτου
1470 4802 1579 4853 τῶν
1636 4801 1817 4853 τόπων

221 4892 529 4947 ἐπισκόπου
582 4895 677 4945 καὶ
740 4893 848 4946 τῶν
885 4894 1089 4946 τούτων
1146 4893 1449 4963 οἰκονόμων
1496 4893 1582 4946 διὰ
1643 4894 1814 4963 δημο-

225 4984 351 5039 σίων
405 4985 726 5057 προσώπων
784 4985 1269 5057 ὑπομνησθέντες,
1339 4985 1686 5055 ύπερθῶνται
1745 4986 1813 5038 τὰ

221 5079 634 5136 διατυπωθέντα
680 5082 1014 5152 πληρῶσαι,
1048 5080 1344 5151 κελεύομεν
1393 5080 1615 5143 τούτους
1665 5078 1810 5133 ἅπαν

224 5176 413 5244 κέρδος
448 5176 817 5245 καταλειφθὲν
850 5177 1034 5238 αὐτοῖς
1086 5176 1241 5245 παρά
1280 5172 1376 5226 τοῦ
1410 5174 1583 5227 ταῦτα
1633 5173 1814 5227 κελεύ-

226 5285 419 5332 σαντος
470 5268 801 5334 ἀπολλῦναι,
855 5269 985 5332 τοὺς
1039 5268 1095 5320 δὲ
1124 5267 1457 5329 ὁσιωτάτους
1488 5267 1596 5319 τῶν
1631 5266 1813 5320 τόπων

224 5364 583 5426 ἐπισκόπους,
608 5363 788 5416 πάντα
802 5362 871 5415 τὰ
889 5362 1192 5433 πράγματα
1214 5360 1282 5414 τὰ
1302 5360 1530 5423 πάσαις,
1564 5360 1638 5424 ὡς
1663 5359 1815 5430 εἴρη-

222 5471 330 5521 ται,
362 5458 488 5518 ταῖς
525 5454 807 5508 εύσεϐέσιν
840 5455 1039 5518 αἰτίαις
1070 5453 1458 5525 ἀφορισθέντα,
1494 5452 1634 5524 μετά
1672 5470 1813 5523 καρ-

225 5550 338 5600 πῶν
371 5549 472 5602 καὶ
527 5549 880 5620 ἐπαυξὴσεων
934 5548 1029 5602 τοῦ
1082 5547 1249 5619 μέσου
1298 5548 1514 5619 χρόνου,
1566 5546 1664 5600 καὶ
1718 5547 1811 5601 τοῦ

226 5639 696 5712 μνημονευθέντος
717 5642 910 5713 χρόνου
935 5641 1186 5713 κέρδους,
1242 5642 1502 5706 ἐκδικεῖν,
1542 5642 1637 5694 καὶ
1668 5640 1812 5713 ἆπερ

220 5734 605 5804 ὀριαθέμενος
653 5732 976 5803 διετύπωσε,
1042 5731 1307 5806 πληροῦν,
1363 5732 1572 5797 εἰδότας
1626 5732 1702 5798 ὼς
1761 5734 1809 5787 εί

1921 4616 2085 4669 beant
2116 4618 2455 4671 commercii.
2479 4617 2639 4671 Certe
2682 4618 2725 4672 si
2754 4618 2829 4671 illi
2853 4620 2946 4688 qui
2975 4620 3090 4675 haec
3122 4622 3346 4692 exsequi
3371 4622 3514 4692 jussi

1920 4716 2069 4771 sunt,
2129 4709 2297 4760 semel
2349 4717 2516 4777 atque
2566 4709 2766 4762 iterum
2820 4724 2851 4763 a
2892 4710 3214 4767 beatissimo
3263 4713 3509 4768 locorum

1919 4801 2198 4871 episcopo,
2242 4811 2297 4856 et
2344 4802 2469 4872 cjus
2515 4806 2819 4859 meonomis
2851 4820 2948 4874 per
2970 4807 3219 4875 publicas
3247 4822 3512 4877 personas

1917 4892 2203 4961 admoniti,
2226 4910 2287 4948 ea
2310 4911 2432 4964 qua:
2454 4896 2719 4966 disposita
2744 4905 2868 4950 sunt
2907 4897 3131 4966 implere
3160 4898 3510 4954 distulerint:

1915 4985 2173 5056 juhcmns
2207 4997 2262 5040 nt
2296 4988 2331 5040 ii
2364 5004 2539 5058 omne.
2567 4989 2778 5042 lucrum
2802 5027 2815 5052 ,
2865 4991 3012 5058 quod
3045 4990 3113 5043 ab
3157 5006 3222 5043 eo
3267 4992 3359 5059 qui
3408 4992 3510 5047 ista

1916 5080 2086 5152 jussit
2140 5081 2389 5133 relictum
2429 5091 2545 5148 est,
2597 5083 2894 5134 amittant:
2929 5081 3329 5150 religiosissimi
3383 5099 3511 5139 vero

1922 5173 2170 5227 locorum
2196 5174 2438 5243 episcopi
2471 5190 2665 5229 omnes
2691 5190 2801 5239 res,
2824 5190 2946 5242 quae
2976 5176 3399 5245 quibuscunque
3429 5178 3512 5249 (ut

1922 5267 2123 5321 dictum
2157 5273 2261 5337 est)
2292 5268 2395 5337 piis
2432 5268 2617 5322 causis
2653 5269 2924 5336 deputata:
2968 5274 3117 5331 sunt,
3150 5282 3276 5321 cum
3321 5268 3512 5324 fructi-

1912 5359 2015 5413 bus
2062 5368 2116 5413 et
2152 5360 2316 5414 medii
2360 5361 2623 5430 temporis
2675 5358 3109 5423 accessionibus,
3159 5366 3323 5428 atque
3374 5361 3507 5416 item

1912 5464 2216 5507 memorato
2252 5454 2534 5523 temporali
2560 5454 2727 5520 ‘lucro
2752 5453 3025 5506 vindicent
3065 5472 3076 5506 :
3107 5463 3163 5507 et
3197 5470 3319 5524 qua:
3347 5465 3513 5512 testa-

1914 5553 1999 5599 tor
2039 5545 2332 5614 disposuit,
2378 5545 2713 5615 adimpleant
2759 5545 2975 5607 scituri,
3028 5546 3171 5615 quod
3225 5549 3269 5603 si
3311 5559 3364 5602 ct
3403 5550 3507 5620 ipsi

1913 5637 2276 5708 negligentius
2335 5639 2578 5710 egerint,
2632 5654 2732 5707 pro
2787 5640 3042 5695 omnibus
3094 5638 3179 5694 his
3239 5643 3504 5699 rationem

1915 5729 2028 5787 Deo
2064 5731 2331 5789 reddituri
2358 5732 2487 5789 sint.
2519 5729 2663 5787 Sane
2699 5733 2744 5789 si
2778 5732 3230 5803 religiosissimus
3258 5734 3506 5794 locorum
