3916 6244
430 246 562 314 1031
1041 307 1044 310 .
1598 251 1862 313 PHOTII
1895 251 2055 311 PAT]

2166 251 2402 314 .RCH/E
2439 252 2550 316 (ΖΡ.
3564 272 3679 337 1032

434 365 729 434 episcopus
769 361 974 434 aliquid
1021 378 1212 418 eorum
1258 379 1381 434 quae
1435 380 1464 418 a
1501 366 1662 421 nobis
1701 368 1844 421 dicta
1887 374 2033 432 sunt,

2166 367 2546 441 δᾳθυμήσαιεν,
2587 368 2730 442 ὐπέρ
2759 371 2979 428 πάντων
3018 373 3228 431 τούτων
3280 376 3430 448 λόγον
3473 382 3544 453 τῷ
3577 386 3680 458 Θεῴ

435 457 849 528 praetermiserit
882 475 897 512 :
935 456 1149 511 licitum
1174 464 1297 511 esto
1319 457 1743 528 religiosissime
1769 458 1888 528 ejus
1916 473 2032 512 me-

2166 460 2499 530 ταρέξουσιν.
2552 463 2617 516 Εἰ
2675 464 2897 535 μέντοι,
2955 467 2984 519 ὁ
3035 468 3332 534 ὁσιώτατος
3380 473 3480 526 τῶν
3529 456 3687 533 τόπών

435 547 788 618 tropolitano,
823 548 939 602 lucc
972 547 1190 618 exigere
1221 560 1384 619 alque
1410 548 1657 618 implere.
1690 547 1796 602 Sed
1827 556 1883 602 et
1914 547 2034 602 cui-

2166 552 2462 619 ηπίσκοπος,
2488 555 2805 628 παραλείπῃ
2829 575 2880 611 τι
2901 558 3012 612 τῶν
3033 561 3167 630 ἡμῖν
3191 563 3485 633 εἰρημένων
3512 567 3688 632 ἐξέστω

435 641 518 695 vis
544 640 636 693 alii
666 639 889 694 licentia
925 640 1053 699 erit.
1082 654 1148 694 ea
1190 640 1258 695 de
1299 655 1358 694 rc
1391 640 1752 710 quzestionem
1789 654 2032 705 movere,

2166 646 2236 699 εαὶ
2276 643 2358 718 τῷ
2387 647 2671 720 ὁσιωτάτῳ
2700 649 2867 703 αὐτοῦ
2919 652 3317 724 μητροπολίτῃ,
3351 654 3514 710 ταῦτα
3543 660 3689 712 άπαι-

434 734 675 803 darcque
719 747 943 803 operam
1012 745 1070 789 ut
1105 734 1362 789 omnibus
1408 734 1583 789 niodis
1611 734 1662 787 id
1710 748 1881 805 genus
1933 733 2035 802 pia:

2166 741 2261 794 πεῖν
2291 739 2389 794 καὶ⁸
2429 740 2693 813 πληροῦν,
2732 743 2830 797 καὶ
2872 745 3038 797 παντὶ
3091 745 3147 798 δέ
3179 746 3350 818 ἐτέρῳ
3381 749 3524 803 ἄδεια
3550 749 3690 814 ἔστω,

439 845 620 886 causae
665 837 1060 899 exsequantur.
1099 830 1155 884 Si
1195 846 1327 886 vero
1362 830 1538 886 haeres
1571 845 1633 884 ea
1665 846 1786 898 quae
1830 827 1882 882 in
1911 830 2034 898 pias

2166 829 2241 901 τὴν
2288 829 2548 901 τοιαύτην
2590 831 2820 902 ζήτησιν
2869 835 3060 899 κινεῖν,
3113 835 3208 888 καὶ
3266 837 3574 903 σπουδάζειν
3617 841 3694 894 ἵνα

438 936 637 976 causas
672 920 863 975 relicta
893 931 1045 986 sunt,
1081 937 1188 976 non
1238 922 1479 991 impleat,
1511 921 1698 975 dicens
1735 934 1842 972 non
1889 918 2038 974 suill-

2166 925 2279 976 τᾶσι
2302 921 2528 993 τρόποις
2558 923 2614 976 αί
2646 923 2896 978 τοιαῦται
2923 925 3168 990 εὐσεϐεῖς
3201 928 3371 982 αἰτίαι
3424 930 3696 1002 πληρωθῶ-

440 1029 563 1070 ccre
587 1015 654 1068 ad
688 1013 788 1068 has
816 1014 1067 1068 relictum
1095 1015 1198 1068 sibi
1224 1014 1644 1085 patrimonium,
1671 1012 1952 1082 jubemus,
1977 1018 2037 1066 ut

2166 1033 2250 1069 rw.
2284 1016 2346 1068 Εί
2371 1016 2428 1069 δὲ
2461 1017 2488 1070 ό
2511 1015 2848 1088 κληρονόμος
2876 1019 2945 1073 τὰ
2967 1019 3046 1084 είς
3079 1019 3324 1082 εὐσεϐεῖς
3351 1022 3522 1087 αἰτίας
3548 1041 3694 1081 κατασ

439 1108 586 1161 omni
610 1106 765 1162 lucro
784 1107 929 1178 quod
955 1124 1018 1161 ex
1051 1105 1289 1162 Falcidia
1311 1107 1578 1178 provenit,
1606 1114 1855 1170 vacante,
1878 1105 2040 1174 quid-

2166 1105 2480 1178 telerppéva.
2509 1107 2586 1178 μὴ
2616 1108 2906 1182 πληρώσῃ,
2931 1111 3106 1180 λέγων
3143 1112 3242 1184 τὴν
3274 1115 3699 1186 καταλειφθεῖσαν

441 1195 574 1266 quid
623 1196 680 1251 in
726 1196 1064 1267 ejuscemodi
1103 1197 1458 1252 facultatibus
1508 1197 1790 1250 inventum
1850 1194 2036 1261 fuerit,

2166 1199 2297 1272 ιύτῷ
2327 1201 2808 1273 κληρονομίανμὴ
2840 1205 3032 1275 ἀρκεῖν
3062 1207 3143 1268 είς
3168 1205 3397 1273 ταύτας,
3431 1203 3699 1281 κελεύομεν

441 1285 778 1356 providentia
812 1286 1146 1341 sanctissimi
1194 1286 1441 1341 locorum
1477 1285 1721 1356 episcopi
1769 1295 1940 1339 totum
1984 1284 2038 1338 in

2166 1293 2352 1354 παντὸς
2367 1293 2463 1347 τοῦ
2487 1295 2552 1346 ἐκ
2567 1293 2661 1348 τοῦ
2677 1296 2957 1364 φαλκιδίου
2973 1296 3196 1367 κέρδους
3213 1297 3552 1368 σχολάζοντος
3572 1303 3702 1355 ὀσον-

443 1391 643 1431 causas
673 1377 726 1429 in
751 1391 892 1446 quas
927 1377 1178 1432 relictum
1214 1385 1318 1440 est,
1353 1377 1644 1446 procedat.
1678 1376 1837 1442 Quod
1882 1375 1928 1429 si
1965 1376 2042 1430 le-

2166 1386 2357 1455 Ξήποτε
2385 1385 2584 1458 εὑρεθῇ
2618 1389 2676 1439 ἐν
2696 1390 2764 1456 τῇ
2784 1387 3011 1460 τοιαύτῃ
3050 1387 3208 1459 οὐσίᾳ
3245 1391 3544 1460 προχωρεῖν
3573 1392 3625 1444 ἐν
3646 1394 3700 1463 τῇ

442 1478 626 1539 gatum
657 1467 726 1520 ab
755 1467 943 1537 aliquo
984 1468 1051 1524 ad
1088 1469 1207 1538 pias
1258 1483 1457 1522 causas
1516 1468 1768 1521 relictum
1815 1466 1982 1521 fuerit
2024 1485 2038 1522 :

2166 1475 2388 1547 προνοίᾳ
2407 1476 2500 1530 τοῦ
2527 1477 2832 1545 ἀγιωτὰτου
2861 1478 2970 1530 τῶν
2991 1478 3173 1533 τόπων
3203 1480 3503 1535 ἐπισκόπου
3527 1484 3600 1545 εἰς
3621 1483 3705 1546 τὰς

437 1559 720 1632 jubemus,
755 1568 815 1614 ut
841 1560 986 1615 intra
1018 1576 1112 1616 sex
1137 1576 1356 1616 menses
1386 1561 1454 1614 ab
1474 1561 1850 1615 insinuatione
1875 1569 2044 1615 testa-

2166 1569 2336 1632 ιίτίας
2370 1567 2436 1630 ἃς
2465 1569 2911 1624 καταλέλειπται.
2948 1573 3011 1624 Εἰ
3040 1571 3098 1626 δέ
3121 1571 3356 1642 ληγάτον
3387 1572 3535 1643 παρά
3562 1591 3704 1638 τινος,

446 1652 614 1708 menti
650 1654 1051 1718 numerandos,
1093 1654 1352 1709 omnibus
1387 1655 1491 1709 hoc
1543 1653 1725 1709 modis
1756 1663 2046 1724 praestetur

2166 1664 2234 1727 εἰς
2263 1663 2509 1727 εὐσεϐεῖς
2533 1665 2712 1728 αἰτίας
2731 1664 3146 1737 καταλειφθείη,
3174 1666 3467 1738 κελεύομεν
3483 1669 3605 1721 είσω
3623 1686 3708 1738 μη·

441 1746 529 1801 his
567 1745 768 1816 quibus
797 1746 1048 1801 relictum
1071 1756 1174 1802 est.
1212 1746 1306 1801 Sin
1338 1761 1518 1802 autem
1540 1786 1556 1812 ,
1589 1748 1682 1817 qui
1712 1749 1817 1803 hoc
1841 1748 2050 1819 gravati

2166 1754 2268 1808 νῶν
2288 1752 2349 1819 ἓξ
2371 1755 2480 1808 ἀπὸ
2497 1754 2592 1825 τῆς
2611 1756 2961 1826 ἐμφανίσεως
2985 1759 3085 1828 τῆς
3110 1758 3377 1830 διαθήκης
3404 1760 3709 1832 ἀριθμουμέ-

446 1849 574 1896 sunt
623 1839 942 1908 huiusmodi
981 1841 1221 1910 legatum
1282 1851 1543 1911 praestare
1589 1840 1909 1895 distulerint
1940 1857 1953 1895 :
1986 1847 2043 1894 et

2166 1862 2287 1910 νων,
2313 1846 2472 1898 τοῦτο
2499 1851 2636 1900 πᾶσι
2657 1849 2882 1918 τρόποις
2933 1851 3274 1921 παρέχεσθαι
3310 1845 3394 1916 οἷς
3426 1851 3710 1906 καταλέλει-

444 1933 656 1988 l'ructus
705 1940 760 1987 et
801 1947 1022 1996 usurae,
1054 1943 1107 1986 et
1139 1934 1321 1988 omnis
1366 1933 1606 2004 legitima
1659 1934 1925 1998 accessio,
1974 1932 2044 1988 ab

2166 1954 2316 1990 πται.
2371 1936 2437 1991 Εἰ
2485 1937 2543 1992 δὲ
2593 1939 2944 2009 ὐπερθῶνται
2977 1945 3027 1996 οί
3074 1943 3248 2012 τούτῳ
3284 1943 3634 2016 βεϐαρημένοι
3660 1944 3710 1996 τὸ

443 2026 579 2096 ipsis
617 2025 730 2095 jam
767 2025 893 2080 inde
940 2040 969 2078 a
1001 2033 1248 2094 tempore
1279 2027 1472 2082 mortis
1510 2027 1630 2094 ejus
1667 2027 1756 2098 qui
1800 2026 2042 2098 reliquit,

2166 2029 2401 2081 τοιοῦτον
2429 2030 2666 2102 ληγὰτον
2702 2033 2987 2105 παρέχειν,
3018 2034 3114 2087 καὶ
3143 2035 3396 2106 καρποὺς
3424 2035 3516 2089 καὶ
3542 2035 3711 2097 τόκους

443 2117 749 2188 cxigcntur.
800 2116 858 2171 Si
902 2117 1142 2188 legatum
1180 2134 1426 2173 annuum
1473 2123 1784 2191 cuicunque
1815 2134 2043 2174 venera-

2166 2124 2255 2177 καὶ
2287 2125 2471 2180 πᾶσαν
2504 2126 2736 2197 νόμιμον
2760 2128 3064 2201 ἐπαύξησιν
3117 2130 3581 2199 άπαιτηθήσονται
3615 2129 3707 2182 ἀπὸ

446 2208 543 2263 bili
579 2209 767 2263 domui
800 2209 1053 2264 relictum
1104 2207 1294 2276 fuerit,
1344 2210 1636 2281 siquidem
1687 2211 1766 2276 hi,
1809 2211 1902 2281 qui
1940 2213 2044 2265 hoc

2166 2216 2248 2270 τοῦ
2289 2218 2482 2290 καιροῦ
2517 2220 2617 2290 τῆς
2653 2221 2911 2291 τελευτῆς
2939 2223 3112 2276 ταῦτα
3144 2224 3551 2286 καταλιπόντος.
3579 2223 3636 2276 Εἰ
3658 2219 3709 2274 δέ

445 2298 577 2352 dare
601 2298 744 2368 jussi
774 2308 942 2363 sunt,
979 2308 1076 2352 aut
1118 2300 1270 2354 locus
1305 2314 1370 2354 ex
1398 2315 1510 2370 quo
1558 2301 1610 2354 id
1644 2300 1892 2369 praestari
1923 2299 2046 2370 jus-

2166 2310 2390 2380 ληγάτον
2421 2313 2636 2384 ἐτήσιον
2671 2313 2971 2386 οίῳδήποτε
3004 2316 3291 2386 σεϐασμίῳ
3319 2316 3451 2383 οἴκῳ
3475 2313 3712 2369 καταλει-

443 2404 564 2442 sum
603 2397 708 2455 est,
738 2389 789 2442 in
820 2391 1008 2444 eadem
1045 2397 1143 2443 aut
1176 2390 1349 2443 vicina
1394 2389 1682 2460 provincia
1711 2399 1796 2446 est
1831 2407 1846 2444 :
1877 2390 2042 2461 jube-

2166 2403 2344 2475 εθείη,
2382 2405 2432 2459 εί
2491 2405 2590 2476 μὲν
2619 2406 2670 2459 οἱ
2707 2406 2945 2462 τοιοῦτοι
2992 2408 3176 2464 δοῦναι
3208 2408 3604 2472 κελευσθέντες,
3633 2406 3713 2480 ἦό

444 2491 587 2544 mus,
618 2492 800 2547 neque
841 2478 1006 2533 modo
1041 2479 1147 2533 tale
1179 2479 1417 2549 legatum
1451 2481 1743 2535 alienetur.
1772 2480 1870 2536 Sin
1901 2480 2040 2546 loca,

2166 2497 2327 2574 τόπος
2357 2495 2418 2564 ἐξ
2443 2492 2505 2552 οῦ
2542 2499 2841 2572 ἐκελεύσθη
2864 2500 3027 2555 τοῦτο
3057 2502 3425 2574 παρέχεσθαι,
3453 2504 3510 2556 ἐν
3538 2505 3599 2572 τῇ
3627 2478 3712 2555 αὖ·

445 2574 536 2621 aut
565 2582 813 2638 personae
834 2608 850 2630 ,
887 2583 954 2625 ex
980 2569 1205 2640 quibus,
1243 2580 1389 2625 attt’a
1421 2573 1626 2642 quibus
1651 2573 1756 2628 hoc
1781 2572 1899 2628 dari
1920 2573 2042 2643 jus—

2166 2566 2250 2640 τοῦ
2277 2587 2310 2657 ἢ
2348 2591 2413 2660 τῇ
2445 2590 2650 2658 γείτονι
2679 2566 2922 2662 ἐπαρχίᾳ
2947 2590 3056 2662 εἴη,
3089 2566 3390 2661 κελεύομεν
3414 2593 3489 2665 μὴ
3519 2566 3712 2662 ιςέὶτρι.

445 2676 567 2714 sum
601 2671 680 2716 est
701 2701 718 2728 ,
766 2663 822 2717 in
856 2663 1246 2720 remotioribus
1273 2667 1384 2720 sint
1415 2667 1661 2736 partibus
1693 2681 1707 2719 :
1742 2674 1873 2721 tunc
1904 2666 2046 2721 inte-

2166 2696 2246 2751 πῳ
2284 2680 2344 2733 τὸ
2381 2681 2622 2736 τοιοῦτον
2645 2683 2882 2753 ληγάτον
2909 2685 3273 2739 ἐκποιεῖσθαι.
3304 2687 3368 2742 Εἰ
3408 2686 3462 2740 δὲ
3489 2687 3536 2739 οί
3579 2686 3714 2738 τόποι

446 2769 601 2823 grum
631 2754 739 2810 illis
767 2765 885 2810 esto
908 2797 923 2823 ,
960 2756 1166 2826 quibus
1223 2758 1276 2812 id
1313 2758 1563 2812 relictum
1596 2769 1697 2826 est,
1727 2767 1785 2813 ut
1829 2760 1875 2814 si
1903 2758 2045 2813 obli-

2166 2771 2192 2843 ἢ
2232 2772 2302 2826 τὰ
2356 2775 2626 2845 πρόσωπα
2678 2774 2740 2840 ἐξ
2782 2768 2857 2829 ὧν
2905 2776 3065 2832 τοῦτο
3093 2776 3318 2848 δοθῆναι
3374 2776 3712 2848 προσετάχθη,

445 2855 566 2914 gata
605 2857 768 2901 etiam
814 2863 944 2917 pars
977 2849 1283 2917 consentit,
1327 2852 1562 2922 legatum
1607 2861 1956 2922 permutent,
1990 2859 2045 2908 et

2166 2865 2496 2935 πορρωτέρω
2535 2865 2751 2936 εἴησαν,
2796 2868 3102 2936 τηνικαῦτα
3149 2869 3357 2934 ἐξέστω
3407 2869 3625 2934 ἐκείνοις
3646 2863 3716 2931 οἷς

445 2941 684 2996 vicinum
733 2944 971 3015 aliquem
1001 2961 1102 3016 pro
1129 2946 1237 3002 hoc
1283 2949 1518 3001 reditum
1549 2947 1769 3017 capiant
1799 2947 2045 3011 uberem,

2166 2955 2322 3010 τοῦτο
2357 2958 2803 3027 καταλέλειπται,
2855 2963 2904 3014 εἰ
2961 2963 3150 3016 καὶτὸ
3193 2963 3518 3036 ἐνεχόμενον
3569 2964 3716 3033 μέρος

446 3044 502 3090 et
538 3051 662 3090 cum
696 3039 1012 3093 accessione
1034 3079 1049 3104 ,
1085 3055 1209 3109 quae
1262 3055 1374 3094 non
1405 3039 1588 3094 minus
1622 3049 1822 3110 quarta
1849 3039 2050 3094 relictae

2166 3051 2427 3116 συναινεῖ,
2463 3051 2719 3122 ἀμείϐειν
2755 3052 2815 3106 τὸ
2858 3053 3118 3123 ληγάτον,
3150 3055 3247 3109 καὶ
3274 3056 3504 3126 πλησίον
3526 3053 3718 3125 λαμϐα-

449 3129 776 3197 quantitatis
811 3140 970 3201 parte
1000 3103 1268 3200 con—tinet,
1298 3141 1352 3187 et
1384 3148 1561 3206 neque
1584 3103 1774 3189 multis
1809 3133 2046 3205 publicis

2415 3103 2427 3116 ι
2505 3103 2518 3122 .
2767 3103 2807 3106 -κ
2860 3103 3118 3123 νην-ψ,
3151 3103 3246 3109 ν-κ-
3280 3103 3690 3126 ""':""""r""

2166 3159 2272 3196 νειν
2303 3142 2442 3214 ὑπὲρ
2471 3143 2664 3197 τούτου
2702 3146 2964 3218 πρόσοδον
3002 3145 3256 3218 εὐπορον,
3291 3149 3389 3202 καὶ
3420 3149 3553 3220 μετὰ
3574 3161 3719 3217 προσ·

453 3224 906 3291 przestationibus
937 3231 1224 3281 onustum.
1265 3224 1369 3281 Sed
1397 3228 1524 3282 etsi
1559 3229 1796 3282 vendere
1824 3227 1932 3282 tale
1969 3227 2045 3281 le-

450 3326 636 3383 gatum
673 3317 966 3384 voluerim,
1005 3335 1112 3374 non
1146 3320 1330 3376 minus
1354 3322 1514 3390 pretii
1553 3322 1775 3376 nomine
1804 3322 2045 3391 capiant,

451 3424 616 3478 quam
647 3424 712 3464 ex
752 3411 847 3465 tali
880 3412 1056 3482 legato
1077 3429 1172 3483 per
1203 3414 1426 3484 triginta
1451 3415 1709 3484 quinque
1736 3430 1908 3469 annos
1934 3415 2047 3469 col-

451 3504 697 3572 ligatur:
746 3504 820 3557 ita
873 3515 1092 3572 tamen,
1139 3515 1200 3560 ut
1240 3508 1512 3579 ejusmodi
1562 3509 1795 3578 pretium
1842 3509 1909 3564 ad
1944 3509 2047 3562 uti-

450 3595 657 3648 litatem
699 3595 974 3664 praedictae
1019 3599 1348 3654 venerabilis
1375 3600 1573 3655 domus
1623 3601 1907 3670 procedat,
1956 3601 2047 3656 cui

458 3682 710 3738 relictum
757 3693 859 3739 est.
921 3683 1235 3760 [Similiter]
1267 3695 1428 3744 etiam
1463 3706 1584 3762 cap.
1620 3691 1651 3744 7
1685 3691 1928 3761 ejusdem
1956 3693 2047 3748 lib.

453 3783 509 3828 et
528 3774 634 3838 tit.,
669 3775 814 3844 quod
841 3777 921 3831 sic
949 3777 1113 3832 habet
1146 3798 1159 3833 :
1185 3780 1240 3833 Si
1263 3782 1389 3852 quis
1415 3785 1745 3853 oratorium,
1768 3787 2050 3856 templum,

458 3873 552 3919 aut
580 3880 874 3930 xenonem,
917 3879 1012 3924 aut
1039 3873 1342 3942 ptochium,
1370 3887 1465 3930 aut
1496 3876 2053 3950 orphanotrophium,

455 3964 552 4010 aut
601 3960 1020 4028 nosocomium,
1059 3975 1155 4018 aut
1199 3967 1360 4020 aliam
1413 3969 1775 4024 venerabilem
1826 3973 2050 4025 domum

457 4050 666 4105 exstrui
699 4051 753 4104 in
801 4053 991 4110 ultima
1041 4058 1323 4115 voluntate
1353 4060 1709 4132 disposuerit,
1745 4065 2004 4134 jubemus
2033 4107 2048 4132 ,

459 4149 516 4195 ut
539 4145 842 4199 oratorium
896 4148 1034 4202 intra
1068 4153 1315 4223 quinque
1355 4171 1531 4210 annos
1566 4158 1900 4227 perliciatur,
1927 4173 2057 4227 pro-

459 4233 696 4290 videntia
743 4237 992 4295 locorum
1049 4245 1292 4316 episcOpi
1327 4257 1382 4301 et
1430 4249 1606 4304 civilis
1651 4252 2054 4320 magistratus:

461 4342 639 4381 xenon
670 4345 823 4398 vero,
857 4343 954 4388 aut
984 4338 1289 4405 ptochium,
1315 4349 1408 4396 aut
1451 4343 1559 4397 alia
1601 4344 1926 4400 venerabilis
1957 4346 2054 4400 do-

461 4433 584 4475 mus
621 4421 763 4477 intra
822 4441 990 4480 unum
1027 4445 1233 4485 annum
1287 4443 1624 4494 exstruatur.
1677 4440 1732 4493 Si
1779 4440 1922 4494 intra
1957 4454 2056 4492 an-

462 4527 591 4564 num
611 4513 855 4572 haercdcs
877 4535 1170 4591 xenonem,
1185 4537 1681 4602 autquamcunque
1694 4535 2059 4591 venerabilem

463 4605 684 4658 domum
717 4645 732 4672 ,
769 4623 935 4678 quam
973 4622 1199 4671 testator
1224 4622 1436 4675 chtrui
1457 4623 1749 4695 disposuit,
1782 4642 1889 4680 non
1921 4626 2064 4684 fece-

461 4695 592 4762 rint,
629 4697 909 4771 jubemus,
943 4716 1003 4762 ut
1023 4708 1246 4766 domum
1299 4713 1336 4768 ii
1372 4716 1456 4770 vel
1479 4727 1665 4773 emant
1692 4759 1708 4785 ,
1741 4721 1825 4776 vel
1854 4723 2061 4777 condu-

461 4797 608 4883 cant,
641 4790 733 4846 ubi
766 4793 920 4864 jussa
940 4810 1143 4868 queant
1177 4808 1424 4876 exsequi,
1459 4811 1722 4880 tantisper
1751 4811 1880 4866 dum
1916 4813 2064 4883 ejus—

466 4882 610 4975 modi
641 4891 967 4948 venerabilis
1014 4895 1210 4953 domus
1241 4898 1579 4957 absolvatur.
1616 4903 1697 4958 Ac
1741 4904 1788 4959 si
1840 4882 2060 4975 quidem

469 4972 585 5042 ipse
615 4983 841 5034 testator
871 4983 1164 5054 deﬁnierit,
1201 4991 1426 5059 quinam
1457 4996 1784 5063 xenodocbi,
1817 4972 1912 5053 aut
1941 5009 2061 5069 pto-

466 5070 776 5142 chotrophi,
815 5084 910 5130 aut
957 5075 1012 5130 id
1061 5095 1232 5147 genus
1258 5083 1350 5137 alii
1391 5085 1801 5155 dispensatores
1827 5091 1939 5146 lieri
1970 5093 2063 5147 de-

2159 3236 2334 3307 θὴκης
2353 3237 2454 3290 οὐκ
2482 3237 2768 3304 ἐλάττονος
2801 3237 2896 3293 τοῦ
2919 3240 3182 3311 τετάρτου
3221 3241 3428 3313 μέρους
3456 3239 3552 3309 τῆς
3581 3255 3721 3291 κατα·

2157 3332 2476 3405 λειφθείσης
2521 3335 2844 3408 ποσότητος,
2873 3338 2969 3391 καὶ
3010 3337 3150 3407 μηδὲ
3201 3337 3422 3402 πολλοῖς
3469 3334 3719 3407 δημοσίοις

2159 3426 2460 3498 τελέσμασι
2487 3427 2894 3501 βεϐαρημένης.
2927 3431 3071 3485 Εἱδέ
3100 3432 3195 3485 καὶ
3219 3432 3473 3502 πωλῆσαι
3499 3430 3720 3502 βούλεται

2159 3519 2423 3587 τοιοῦτον,
2479 3524 2553 3594 μὴ
2601 3523 2823 3578 ἔλαττον
2881 3525 2964 3588 είς
3021 3524 3085 3578 τὸ
3128 3527 3353 3597 τίμημα
3409 3525 3608 3589 λαϐεῖν,
3640 3520 3719 3574 τοῦ

2163 3615 2287 3668 ὅσον
2319 3614 2464 3687 ὑπὲρ
2519 3617 2763 3672 τοιούτου
2811 3616 2908 3670 τοῦ
2960 3618 3222 3688 ληγάτου,
3257 3621 3351 3673 ἐπὶ
3386 3619 3458 3672 λε’
3487 3617 3725 3676 ἐνιαυτοῖς

2166 3705 2484 3782 συνάγεται,
2515 3706 2658 3762 οὕτω
2692 3709 2875 3779 μέντοι
2905 3709 3047 3763 ὥστε
3075 3711 3138 3763 τὸ
3152 3710 3400 3764 τοιοῦτον
3432 3710 3638 3781 τίμημα
3656 3707 3722 3768 εἰς

2163 3798 2224 3851 τὸ
2245 3800 2525 3870 συμφέρον
2553 3801 2647 3855 τοῦ
2672 3804 3074 3874 προειρημένου
3097 3803 3403 3875 σεϐασμίου
3424 3805 3590 3864 οἴκου,
3607 3803 3721 3854 ὃπου

2168 3893 2501 3964 κατελείφθη
2534 3899 2866 3967 προχωρεῖν,
2895 3899 2993 3950 καὶ
3035 3897 3336 3966 κεφάλαιον
3367 3895 3411 3961 ζ’
3453 3896 3543 3950 τοῦ
3579 3891 3721 3947 αὐτοῦ

2170 3983 2376 4055 βιϐλίου
2413 3988 2506 4040 καὶ
2561 3987 2743 4040 τίτλου
2794 3986 2968 4052 οὓτως
2988 3988 3110 4059 ἕχον
3133 4003 3146 4018 ⁸
3185 3987 3256 4041 El'
3293 4006 3377 4052 τις
3407 3984 3726 4052 κατασκευὴν

2167 4078 2491 4150 εὐκτηρίου,
2521 4079 2672 4145 ναοῦ,
2707 4080 2739 4151 ἢ
2769 4081 3019 4148 ξενῶνος,
3057 4081 3091 4152 ἢ
3125 4085 3424 4152 πτωχείου,
3459 4082 3491 4152 ἢ
3523 4081 3728 4150 ὀρφανο-

2169 4173 2449 4242 τροφείου,
2484 4173 2517 4244 ἣ
2563 4173 2933 4244 νοσοκομείου,
2986 4175 3018 4244 ἢ
3056 4174 3220 4229 ἄλλου
3249 4175 3548 4245 σεϐασμίου
3577 4175 3727 4231 οῖκσυ,

2171 4267 2228 4319 ἐν
2250 4265 2542 4336 τελευταίᾳ
2589 4266 2840 4338 βουλήσει
2881 4268 3139 4336 γενέσθαι
3185 4268 3540 4331 διατυπώσει,
3568 4265 3626 4318 τὸ
3653 4263 3728 4315 εὐ-

2173 4361 2397 4430 κτήριον
2416 4361 2512 4429 μὲν
2537 4361 2701 4413 πέντε
2717 4362 2846 4415 εἵσω
2876 4363 3142 4416 ἐνιαυτῶν
3174 4363 3516 4436 πληροῦσθαι
3537 4360 3728 4416 κελεύο-

2093 4473 2142 4534 D
2178 4470 2277 4522 μεν
2313 4455 2543 4525 προνοίᾳ
2587 4453 2697 4507 τῶν
2736 4455 2918 4509 τόπων
2950 4457 3271 4519 ἐπισκόπου,
3307 4456 3526 4511 καὶτοῦ
3551 4457 3729 4509 πολιτι-

2171 4543 2267 4599 κοῦ
2324 4543 2608 4615 ἄρχοντος,
2649 4546 2744 4599 τὸν
2778 4546 2836 4599 δέ
2885 4546 3086 4611 ξενῶνα
3129 4552 3222 4600 καὶ
3274 4549 3338 4601 τὸ
3385 4551 3663 4618 πτωχεῖον,
3701 4545 3727 4614 ἦ

2165 4636 2329 4690 ἄλλον
2366 4637 2666 4708 σεϐάσμιον
2689 4633 2860 4706 οἶκον,
2889 4641 3020 4694 εἵσω
3041 4643 3159 4705 ἐνὸς
3195 4643 3445 4696 ἐνιαυτοῦ
3483 4641 3728 4711 γίνεσθαι.

2166 4728 2231 4782 Εἰ
2282 4730 2339 4782 δὲ
2394 4731 2546 4794 ἐντὸς
2582 4731 2836 4785 ἐνιαυτοῦ
2880 4732 2956 4803 μὴ
2996 4736 3298 4805 ποιήσωσιν
3329 4737 3379 4788 oi
3427 4734 3730 4806 κληρονόμοι

2166 4822 2259 4874 τὸν
2299 4820 2526 4889 ξενῶνα,
2557 4824 2590 4894 ἢ
2627 4825 2945 4896 οίονδήποτε
2998 4829 3296 4898 σεϐάσμιον
3322 4826 3494 4894 οἶκον,
3523 4827 3620 4881 ὑπὸ
3650 4822 3729 4876 τοῦ

2172 4913 2500 4985 διαθεμένου
2546 4916 2956 4973 διατυπωθέντα
2991 4921 3268 4988 γενέσθαι,
3304 4919 3599 4990 κελεύομεν
3625 4913 3730 4969 τού·

2166 5024 2292 5070 τους
2317 5003 2524 5079 οἷκονῆ
2563 5009 2890 5081 ἀγοράζειν,
2934 5013 2967 5084 ἢ
3026 5013 3375 5084 μισθοῦσθαι,
3402 5015 3534 5067 ὅπου
3564 5009 3730 5063 δύναν-

2167 5116 2258 5151 ται
2309 5100 2378 5154 τὰ
2406 5099 2772 5156 κελευσθέντα
2824 5102 3135 5174 πληρῶσαι,
3198 5105 3303 5168 ἕως
3339 5105 3406 5158 ἂν
3450 5107 3478 5158 ό
3512 5099 3730 5159 τοιοῦτος

472 5166 676 5236 beant,‘;
699 5180 789 5223 aut
829 5170 1135 5230 ha-redibus
1169 5178 1283 5233 suis
1315 5179 1481 5251 hujus
1513 5183 1589 5236 rei
1625 5184 1900 5254 optionem
1927 5203 2063 5256 prte—

471 5257 650 5313 buerit
689 5279 701 5314 :
731 5261 1015 5332 jubemus,
1046 5277 1104 5322 ut
1135 5272 1395 5328 omnibus
1417 5275 1594 5333 modis
1622 5277 1866 5336 haeredes
1891 5281 2063 5352 ipsius

473 5354 558 5410 his
588 5372 710 5424 qua:
745 5358 814 5413 ab
861 5361 980 5432 ipso
1011 5365 1279 5435 disposita
1325 5382 1478 5435 sunt,
1507 5373 1848 5431 satisfaciant
1881 5396 1893 5432 :
1929 5380 2060 5436 bea-

474 5446 705 5504 tissimis
741 5452 992 5512 locorum
1044 5460 1318 5533 episcopis
1362 5464 1694 5537 inspecturis
1742 5486 1810 5526 an
1843 5472 2061 5544 dispen-

473 5541 615 5640 satio
639 5545 865 5612 pulchre
886 5552 1144 5619 procedat
1174 5571 1186 5608 :
1220 5564 1274 5612 et
1300 5558 1345 5612 si
1369 5541 1952 5640 deprehenderint_eos
1969 5567 2062 5636 qui

473 5631 941 5702 dispensationem
969 5642 1172 5700 habent
1231 5664 1468 5720 nequam
1499 5653 1751 5716 homines
1773 5631 2062 5716 et'nttllius

476 5723 632 5782 bonae
669 5730 745 5784 rei
779 5748 934 5800 esse,
972 5735 1246 5797 licentiam
1281 5743 1577 5816 habituris,
1607 5757 1660 5805 ut
1697 5750 1817 5807 sine
1858 5751 2062 5812 damno

2168 5191 2464 5264 σεϐάσμιος
2489 5190 2641 5258 οἶκος
2676 5194 2962 5268 πληρωθῇ,
2997 5198 3094 5251 καὶ
3127 5199 3175 5251 εί
3200 5199 3298 5269 μὲν
3321 5198 3484 5260 αὐτὸς
3509 5198 3537 5249 ὁ
3568 5191 3730 5248 διαθέ-

2170 5301 2331 5354 μενος
2365 5284 2524 5357 ὁρίσῃ
2559 5288 2687 5351 τοὺς
2719 5289 3037 5357 ὀφείλοντας
3070 5290 3381 5361 ξενοδόχους
3411 5289 3672 5360 γενέσθαι,
3699 5283 3727 5352 ἦ

2167 5377 2592 5448 πτωχοτρόφους
2629 5380 2887 5450 ἧάλλους
2937 5383 3213 5448 τοιούτους
3262 5382 3571 5453 διοικητὰς,
3632 5380 3726 5432 εἴτε

2165 5470 2277 5531 τοῖς
2306 5467 2458 5531 ἰδίοις
2493 5468 2854 5541 κληρονόμοις
2879 5472 2979 5545 τὴν
3005 5475 3264 5546 τοιαύτην
3281 5472 3541 5545 ἐπιλογην
3571 5470 3726 5539 παρὶυ

2170 5581 2294 5635 σχῃ,
2331 5566 2630 5637 κελεύομεν
2652 5569 2877 5640 τρόποις
2900 5571 3072 5625 ἅπασι
3101 5573 3228 5636 τοὺς
3260 5571 3620 5644 κληρονόμους
3640 5563 3726 5616 αὖ·

2165 5658 2283 5722 τοῦ,
2333 5660 2403 5714 τὰ
2450 5660 2578 5731 παρ’
2621 5661 2786 5714 αὐτοῦ
2845 5663 3260 5719 διατυπωθέντα
3320 5662 3578 5735 πληροῦν,
3632 5655 3724 5709 τῶν

2169 5753 2310 5808 κατὰ
2338 5754 2503 5808 τόπον
2533 5759 2972 5826 μακαριωτάτων
3003 5757 3322 5813 ἐπισκόπων
3343 5752 3723 5810 ἐποπτευόντων
