3916 6244
287 296 417 364 1033

1366 305 1854 373 NOMOCANON.
1898 337 1964 346 ~—
1992 310 2140 375 TIT.
2165 310 2248 391 II,
2289 311 2449 380 CAP.
2478 315 2527 376 ι.

3437 319 3575 387 1034

283 416 330 468 εἰ
362 412 546 478 καλῶς
579 415 615 487 ἡ
681 412 946 487 διοίκησις
980 412 1285 486 προϐαίνει,
1325 415 1421 467 καὶ
1478 416 1526 468 εί
1556 414 1760 488 εὕρωσι
1806 416 1880 488 μὴ

2011 417 2126 473 ιιίοε
2151 417 2206 472 in
2246 418 2462 474 illorum
2486 421 2666 478 locum
2691 423 2866 497 magis
2890 425 3120 485 idoneos
3149 428 3442 490 suﬂiciant.
3464 432 3577 491 No-

287 509 598 581 χρησίμους
646 509 809 573 ὄντας
857 508 986 571 τοὺς
1034 507 1336 579 διοικητὰς,
1391 506 1577 562 ἄδειαν
1639 509 1875 579 ἐχόντων

286 604 411 657 ἄνευ
482 601 714 674 ζημίας,
779 600 974 664 ἄλλους
1024 601 1145 653 ἀντὶ
1201 599 1463 653 τοιούτων
1530 600 1875 673 ἐπιτηδείους

285 696 480 749 ποιεῖν.
512 694 852 765 Σημείωσαι,
886 692 995 748 ἀπὸ
1049 691 1160 748 τῶν
1193 691 1434 747 ἐνταῦθα
1463 694 1874 765 καταστρωθει-

285 786 392 840 σῶν
440 787 656 857 νεαρῶν
706 787 788 840 ὅτι
844 787 914 840 τὰ
955 785 1108 856 παρὰ
1156 785 1265 840 τῶν
1294 786 1579 859 κτητόρων
1607 787 1873 859 γινόμενα

284 878 492 932 τυπικὰ
518 880 567 932 εἰ
599 877 675 950 μὴ
718 878 832 942 τοῖς
858 877 1085 932 κανόσιν
1134 876 1527 945 ἐναντιοῦνται,
1577 880 1879 950 κρατοῦσιν

284 970 365 1023 ὅτι
394 970 423 1023 ὁ
454 969 601 1023 κατὰ
647 967 833 1040 χώραν
865 968 1190 1037 ἐπίσκοπος,
1229 970 1327 1024 καὶ
1362 970 1649 1042 οἰκονόμος
1683 972 1877 1037 αὐτοῦ,

286 1062 770 1132 καταναγκάζουσι
795 1062 891 1116 καὶ
924 1063 999 1135 μὴ
1032 1062 1394 1134 βουλομένους
1422 1065 1497 1135 μὴ
1529 1063 1727 1136 μόνους
1749 1068 1881 1131 τοὺς

283 1154 564 1226 διαδόχους
590 1154 698 1209 τῶν
734 1155 1144 1227 δωρησαμένων
1177 1156 1485 1228 πράγματά
1548 1174 1674 1211 τινα
1718 1155 1881 1227 χάριν

286 1245 549 1308 εὐσεϐοῦς
578 1245 783 1311 αἰτίας,
813 1244 950 1299 ἀλλά
1000 1245 1096 1300 καὶ
1135 1246 1335 1310 αὐτοὺς
1376 1247 1506 1311 τοὺς
1558 1246 1883 1319 δωρησαμέ-

291 1355 437 1402 νους,
467 1337 653 1392 δοῦναι
688 1338 760 1393 τὰ
802 1337 1142 1410 δωρηθέντα,
1183 1337 1286 1394 κᾶν
1344 1341 1420 1411 μὴ
1465 1340 1685 1412 ἐνεδόθη
1720 1339 1881 1393 τοῦτο

285 1431 439 1504 παρὰ
463 1430 563 1485 τοῦ
613 1431 963 1504 διαθεμένου,
997 1433 1031 1505 ἢ
1066 1433 1173 1488 κᾶν
1199 1433 1297 1489 καὶ
1354 1433 1628 1505 ἐκωλύθη,
1668 1435 1752 1487 ὅτι
1803 1433 1873 1487 τά

286 1526 363 1590 είς
380 1523 633 1589 εὐσεϐεῖς
665 1526 851 1590 αἰτίας
888 1525 1447 1598 καταλιμπανόμενα,
1482 1527 1542 1581 οὐ
1569 1526 1877 1597 φεικιδοῦνη

283 1634 397 1682 ται,
429 1617 524 1671 ὅτι
572 1616 755 1685 ἔξεστι
778 1619 891 1681 τοῖς
926 1618 1252 1683 ἐπισκόποις
1288 1621 1603 1690 μετακινεῖν
1636 1619 1746 1673 ἀπὸ
1783 1618 1885 1688 τῆς

283 1708 610 1781 διοικήσεως
631 1709 738 1764 τῶν
766 1711 953 1777 οῑκων,
974 1712 1102 1777 τοὺς
1124 1712 1713 1784 καταλιμπανομένους
1738 1714 1887 1783 παρὰ

1985 518 2039 565 ta
2069 525 2134 565 ex
2168 512 2401 569 novellis
2435 513 2525 569 hic
2563 516 2805 585 insertis,
2839 521 3020 578 valere
3044 521 3251 581 formas
3290 542 3320 583 a
3355 545 3580 600 posses-

1986 599 2205 656 soribus
2247 602 2313 656 de
2353 600 2744 683 [exstruendis]
2784 615 3134 672 monasteriis
3174 599 3372 686 factas,
3422 634 3576 680 extra

1986 708 2151 764 quant
2178 694 2223 750 si
2259 699 2565 754 canonibus
2588 701 2966 773 adversentur,
3008 716 3063 763 et
3108 709 3211 765 loci
3256 713 3575 786 episcopmu

1987 783 2215 861 ejusque
2243 802 2566 848 (nconomos
2598 810 2793 866 cogere
2830 797 3037 855 invitos
3074 818 3184 858 non
3236 806 3414 863 solum
3446 826 3578 865 suc-

1988 893 2237 935 cessores
2280 895 2493 947 eorum,
2541 886 2636 954 qui
2663 903 2748 942 res
2784 889 2995 959 aliquas
3029 892 3082 946 in
3119 895 3240 965 pias
3263 913 3460 956 causas
3490 902 3585 957 do-

1989 983 2212 1038 narunt,
2246 988 2440 1029 verum
2474 977 2639 1033 etiam
2674 979 2822 1050 ipsos
2851 984 3173 1055 donatores,
3204 999 3263 1046 ut
3300 992 3433 1049 dent
3458 1010 3582 1066 quae

1991 1066 2189 1122 donata
2221 1077 2373 1135 sunt,
2407 1074 2623 1129 tametsi
2672 1074 2775 1131 hoc
2820 1077 2956 1146 ipsis
2984 1096 3014 1136 a
3064 1090 3323 1141 testatore
3355 1102 3583 1147 conces-

1990 1173 2112 1215 sum
2145 1175 2253 1215 non
2306 1163 2415 1218 sit:
2445 1163 2557 1219 imo
2598 1171 2815 1224 tametsi
2847 1174 3075 1230 vetitum
3125 1177 3217 1241 sit,
3248 1188 3323 1248 et,
3371 1198 3494 1254 quae
3526 1184 3581 1240 in

1990 1252 2110 1323 pias
2130 1269 2327 1311 causas
2351 1257 2758 1328 relinquuntur,
2791 1262 3091 1324 Falcidiam
3121 1285 3232 1326 non
3264 1252 3580 1342 admittere,

1990 1355 2067 1411 et,
2107 1345 2273 1401 licere
2328 1349 2621 1422 episcopos
2673 1369 2956 1414 removere
2987 1361 3058 1417 ab
3108 1363 3587 1426 administratione

1991 1440 2384 1495 venerabilium
2418 1443 2708 1501 domorum
2729 1449 2947 1508 relictos
2975 1469 3004 1508 a
3025 1460 3443 1526 possessoribus
3469 1462 3588 1520 dis-

1994 1544 2342 1600 pensatores,
2374 1536 2419 1591 si
2456 1553 2689 1608 nequam
2730 1541 2872 1617 [eos]
2910 1561 3033 1603 esse
3083 1560 3321 1621 constet,
3367 1566 3420 1610 et
3449 1556 3589 1612 alios

1994 1623 2268 1682 sufﬁcere.
2310 1627 2408 1686 His
2430 1646 2558 1687 vero
2590 1636 2793 1692 notatis
2820 1637 2928 1706 dic,
2959 1654 3068 1696 non
3087 1643 3411 1714 subsistere,
3440 1651 3589 1721 quod

1994 1731 2024 1770 a
2054 1722 2476 1787 possessoribus
2508 1726 2561 1779 in
2597 1726 2791 1785 formis
2824 1733 3110 1802 scribitur,
3145 1752 3215 1794 ne
3253 1740 3484 1797 omnino
3511 1742 3590 1797 lo-

284 1798 396 1854 τῶν
450 1799 736 1871 κτητόρων
790 1800 1076 1873 διοικητὰς
1125 1801 1333 1866 κακοὺς
1386 1802 1887 1872 ἀναφαινομένους,

2011 1822 2185 1864 :orum
2214 1812 2457 1884 episcopi
2487 1830 2546 1872 se
2578 1818 2930 1878 immisceant
2964 1828 3196 1897 negotiis
3217 1832 3591 1888 monasterio-

283 1892 375 1946 καὶ
402 1890 604 1956 ἄλλους
629 1895 827 1950 ποιεῖν.
879 1894 994 1950 Καὶ
1022 1892 1200 1949 ταῦτα
1232 1893 1686 1966 σημειωσάμενος
1719 1893 1870 1963 λέγε,

282 1984 642 2038 ἀνυπόστατα
680 1978 821 2037 εἶναι
860 1984 929 2038 τά
981 1984 1041 2037 ἐν
1095 1986 1208 2048 τοῖς
1245 1984 1499 2047 τυπικοῖς
1548 1982 1880 2055 γραφόμενα

285 2074 445 2147 παρὰ
497 2074 609 2129 τῶν
653 2076 938 2148 κτητόρων
974 2076 1136 2150 χάριν
1182 2075 1278 2130 τοῦ
1323 2074 1401 2146 μὴ
1453 2076 1705 2147 μετέχειν
1743 2076 1884 2140 ὅλως

284 2166 416 2227 τοὺς
443 2166 748 2236 ἐγχωρίους
789 2168 1071 2239 ἀρχιερεῖς
1108 2168 1187 2233 είς
1213 2167 1283 2221 τὰ
1307 2166 1440 2239 παρ’
1482 2167 1664 2222 αὐτῶν
1703 2168 1883 2234 κτιζό-

289 2276 435 2331 μενα
465 2261 828 2333 μοναστήρια.
875 2261 1151 2327 Ὡσαύτως
1198 2262 1295 2317 καὶ
1324 2261 1394 2316 τὰ
1417 2261 1529 2316 τῶν
1566 2263 1876 2337 ἀρχιερέων

295 2352 680 2425 ὑπομνήματα
713 2354 784 2409 τὰ
811 2353 1254 2427 διαλαμϐάνοντα
1301 2355 1378 2428 μὴ
1428 2354 1680 2427 μετέχειν
1713 2358 1793 2418 είς
1815 2356 1884 2410 τά

293 2447 639 2519 μοναστήρια
667 2446 797 2513 τοὺς
849 2447 966 2520 μετ’
999 2449 1198 2514 αὐτοὺς
1244 2448 1582 2513 ἐπισκόπους
1625 2450 1720 2504 καὶ
1754 2451 1880 2514 τοὺς
1910 2454 2062 2525 παρὰ
2077 2456 2237 2512 τοῦτο
2256 2460 2670 2536 ἐπισειομένους

1992 1916 2115 1956 rum
2145 1918 2175 1958 a
2204 1919 2264 1960 se
2289 1915 2725 1967 exstructorum.
2760 1911 2914 1982 ltem,
2953 1918 3274 1987 pontiﬁcum
3307 1938 3593 1981 commen-

1998 1994 2167 2051 tarios
2184 1999 2637 2069 complectenlcs,
2665 2020 2731 2061 ne
2754 2010 2847 2077 qui
2876 2008 3011 2079 ipsis
3035 2014 3334 2071 succedent
3350 2016 3593 2090 episcopi

1998 2091 2469 2148 monasteriorum
2493 2097 2724 2165 negotiis
2750 2115 2809 2155 se
2833 2100 3181 2161 immisceant
3214 2124 3227 2161 :
3258 2117 3591 2182 propterque

1997 2175 2052 2230 id
2085 2193 2151 2233 ex
2191 2184 2629 2252 transgressione
2662 2188 2913 2248 incussas
2962 2200 3594 2265 excommunicationes,

1996 2276 2257 2340 tanquam
2283 2274 2498 2331 ratione
2528 2275 2788 2337 destituta
2831 2285 3079 2341 converti
3100 2288 3154 2342 in
3186 2291 3362 2359 capita
3397 2306 3591 2349 eorum

1994 2363 2085 2431 qui
2119 2368 2697 2427 excommunicarunt.
3480 2376 3495 2387 ”

2725 2467 2791 2522 ἐκ
2836 2471 3189 2543 παραϐασὶας
3226 2476 3580 2552 άφορισμοὺς

288 2540 629 2612 στρέφεσθαι
666 2541 743 2606 ὡς
790 2542 1118 2612 άνευλόγους
1164 2543 1245 2609 εἱς
1301 2543 1401 2609 τὰς
1466 2543 1712 2614 κεφαλὰς
1765 2543 1875 2601 τῶν
1915 2549 2317 2621 ἁφορισάντων.

360 2633 683 2703 Κείμενον.
701 2626 866 2703 Λέγει
883 2635 942 2689 δὲ
955 2634 1163 2707 βιϐλίον
1180 2635 1229 2690 α’
1259 2637 1371 2692 τῶν
1386 2637 1697 2704 Διατάξεων
1716 2637 1821 2693 τίτ.
1842 2645 1891 2711 η’

290 2740 347 2779 κ.
387 2740 446 2779 τ.
479 2723 532 2779 λ.
580 2739 756 2796 usque
780 2726 848 2782 ad
874 2726 999 2781 οὐδὲ
1036 2727 1318 2785 πωλεῖται.

290 2841 315 2905 ζ
361 2839 652 2910 Σχόλιον.
706 2840 780 2894 Τὸ
827 2847 877 2894 α’
907 2841 1195 2915 Διάταγμα
1241 2843 1338 2898 τοῦ
1389 2843 1441 2919 η’
1471 2844 1655 2901 τίτλου
1700 2844 1797 2901 τοῦ
1842 2845 1891 2902 α’

295 2932 511 3004 βιϐλίου
537 2933 650 2988 τῶν
703 2934 1035 3003 Διατάξεων,
1068 2936 1185 2991 ἐστι
1216 2937 1419 3009 βιϐλίον
1452 2945 1552 3010 μς¹
1579 2939 1688 2994 τῶν
1722 2941 1892 2994 Βασι-

293 3026 495 3096 λικῶν,
514 3026 693 3093 τίτλος
714 3034 786 3098 γ’,
808 3028 1106 3100 κεφάλαιον
1128 3037 1198 3098 α’,
1222 3030 1394 3097 οὕτως
1414 3032 1537 3103 ἔχον
1564 3032 1641 3101 ᾡς
1662 3035 1900 3106 ἐγράφη.

2082 2643 2301 2703 Τεωιιω.
2332 2648 2454 2707 Lib.
2488 2667 2619 2709 vero
2649 2653 2833 2724 tDig.,
2863 2656 2947 2713 tit.
2976 2659 3011 2716 8
3040 2668 3173 2732 etc.,
3229 2679 3391 2739 usque
3411 2669 3483 2725 ad
3497 2686 3599 2729 ne-

2005 2752 2114 2809 que
2147 2742 2335 2798 venire
2399 2754 2603 2815 potest,
2633 2756 2693 2802 ut
2760 2764 2885 2822 pag.
2916 2751 3175 2813 566-567.

2078 2831 2375 2894 Scholium.
2412 2838 2695 2912 Digestum
2724 2843 2749 2899 1
2786 2847 2870 2903 tit.
2899 2847 2953 2912 8,
3009 2848 3140 2906 lilt.t
3172 2832 3487 2923 Digestfest
3505 2858 3601 2916 lib.

2010 2942 2137 2983 XLVI
2164 2927 2363 2997 Basil.,
2404 2932 2489 2989 tit.
2516 2936 2571 3001 3,
2607 2951 2731 3009 cap.
2768 2939 2821 3008 1,
2853 2942 3001 3012 quod
3046 2944 3129 3000 sic
3161 2946 3348 3015 habet,
3382 2961 3440 3005 ut
3462 2954 3604 3009 scri—

2011 3027 2166 3090 ptum
2192 3029 2296 3078 εει.
2328 3022 2607 3097 Digestum
2635 3028 2782 3100 6,est
2801 3047 2923 3104 cap.
2954 3033 2989 3091 8
3013 3036 3258 3108 ejusdem
3283 3039 3379 3097 lib.
3410 3050 3466 3098 et
3495 3042 3607 3111 titl,

294 3120 371 3174 Τδ
401 3125 459 3185 ς’
481 3118 766 3191 διάταγμά
786 3120 903 3175 ἐστι
939 3120 1237 3190 κεφάλαιον
1268 3127 1318 3188 η’
1348 3121 1443 3175 τοῦ
1485 3121 1653 3176 αὑτοῦ
1687 3121 1895 3194 βιϐλίου

2012 3111 2160 3182 quod
2193 3113 2390 3185 digest.
2421 3131 2519 3188 per
2551 3121 2737 3178 omnia
2766 3122 2947 3182 simile
2968 3136 3069 3184 εει.
3112 3127 3380 3188 Similiter
3414 3143 3471 3190 et
3498 3134 3601 3209 [di-

294 3215 393 3268 xa‘t
432 3211 643 3280 τίτλου,
689 3213 878 3285 ὅμοιον
911 3214 1055 3267 κατά
1083 3214 1265 3269 πάντα
1294 3214 1371 3285 τῷ
1390 3214 1745 3287 διατάγματι.
1782 3215 1904 3269 Ὠσ-

298 3305 486 3370 αύτως
522 3304 620 3360 καὶ
645 3303 706 3359 τδ
733 3300 809 3377 η’,
840 3304 884 3359 θ’
903 3307 999 3360 καὶ
1039 3305 1093 3371 ι’,
1120 3306 1187 3360 τὰ
1205 3307 1360 3379 παρὰ
1394 3306 1491 3362 τοῦ
1524 3306 1573 3361 α’
1599 3307 1695 3363 καὶ
1720 3314 1773 3375 ς’
1804 3308 1891 3362 τί·

299 3398 463 3465 τλου,
490 3399 593 3469 τῆς
629 3398 674 3470 β’
736 3400 1191 3469 ίνστιτουτιῶνος,
1227 3400 1400 3466 οὕτως
1437 3400 1676 3473 ἔχουσιν,
1707 3401 1784 3465 ὡς
1840 3404 1901 3456 ἐν

298 3497 420 3558 τοῖς
485 3492 864 3558 Ἰνστιτούτοις
909 3494 1152 3566 ἐγράφη.
1208 3495 1369 3567 Ζήτει
1420 3491 1513 3550 οὖν
1539 3496 1649 3550 ἀπὸ
1696 3496 1905 3551 τούτων

303 3587 506 3657 μαθεῖν
548 3587 889 3660 τελειότερον
917 3587 989 3641 τὰ
1035 3590 1101 3641 ἐκ
1147 3587 1354 3642 τούτων
1396 3591 1682 3663 γραφέντα
1720 3592 1778 3645 ἐν
1823 3588 1903 3661 τῷ

300 3683 541 3752 παρόντι
574 3682 934 3752 συντάγματι.
956 3680 1029 3735 Τὸ
1060 3680 1118 3734 δέ
1150 3681 1303 3754 παρὰ
1326 3681 1556 3755 γνώμην
1575 3683 1685 3736 τῶν
1708 3684 1903 3754 ἱερέων

301 3776 535 3844 γεγονὸς
574 3774 719 3846 ἱερὸν
770 3774 923 3846 παρά
946 3791 1113 3840 τινος,
1132 3775 1234 3829 οὐκ
1257 3776 1406 3829 ἔστιν
1426 3776 1591 3847 ἱερὸν,
1619 3776 1693 3840 ὡς
1718 3771 1898 3847 οἶμαι,

299 3869 513 3921 νοεῖται
560 3867 620 3921 δὲ
651 3866 775 3921 ὅσον
832 3868 910 3931 είς
940 3866 1001 3921 τὸ
1038 3866 1350 3937 λογίζεσθαι
1394 3868 1775 3935 ἐπισκοπικδν,
1811 3869 1909 3923 καὶ

304 3960 455 4032 ἔχειν
490 3958 765 4031 προνόμια
795 3960 1095 4033 καθολικῆς
1138 3961 1488 4034 Ἐκκλησίας,
1515 3962 1611 4017 καὶ
1645 3962 1722 4033 μὴ
1753 3962 1905 4051 λογί-

307 4052 503 4118 ζεσθαι
557 4052 853 4119 ἰδιωτικὸν,
881 4053 1158 4124 ἐπείτοιγε
1190 4056 1271 4119 είς
1317 4053 1377 4107 τὸ
1428 4052 1505 4126 μὴ
1550 4055 1904 4125 κοινωθῆναι,

304 4146 417 4201 κᾶν
468 4145 545 4218 μὴ
594 4146 741 4214 ἱερὸν
771 4146 1139 4218 ὀνομάζηται,
1174 4146 1310 4199 ἀλλὰ
1348 4147 1504 4215 ἆγιόν
1537 4148 1674 4202 ἐστι.
1712 4149 1820 4200 Καὶ
1846 4148 1907 4201 τὸ

306 4236 673 4309 οἰκοδομηθὲν
714 4237 840 4310 δίχα
884 4239 1052 4309 εὐχῆς
1099 4238 1311 4310 ἱερέως,
1345 4239 1450 4292 κᾶν
1501 4238 1788 4313 καταπέσῃ
1828 4239 1904 4302 ὡς

306 4332 489 4403 ἅγιον,
529 4331 639 4385 οὐκ
697 4330 779 4385 ἔτι
842 4332 1255 4403 κοινωθήσεται.
1304 4331 1377 4384 Τὸ
1414 4332 1457 4397 ξ’
1497 4332 1774 4402 διάταγμα
1807 4330 1904 4385 τοῦ

309 4430 388 4488 ις’
416 4422 602 4476 τίτλου
626 4422 722 4477 τοῦ
750 4427 797 4476 α’
829 4422 1035 4494 βιϐλίου
1064 4422 1172 4476 τῶν
1189 4423 1516 4487 Διατάξεων,
1540 4422 1657 4477 ἔστι
1697 4423 1904 4494 βιϐλίον

2014 3202 2181 3277 gest.]
2216 3204 2273 3271 8,
2302 3206 2336 3263 9
2366 3216 2421 3263 et
2444 3209 2548 3275 ΑΟ.
2586 3209 2721 3279 Quae
2755 3228 2887 3271 vero
2914 3232 2981 3274 ex
3014 3219 3099 3275 tit.
3131 3221 3157 3275 1
3203 3212 3264 3278 ἐι
3312 3221 3348 3281 6
3375 3202 3604 3282 εεειῖιιιίί

2017 3291 2166 3368 [lib.]
2204 3294 2378 3354 lnstit.
2414 3296 2723 3374 [desumpta
2763 3306 2918 3381 sunt]
2953 3309 3035 3367 sic
3062 3311 3287 3385 habent,
3341 3327 3403 3374 ut
3431 3318 3487 3375 in
3520 3318 3609 3375 iu-

2015 3388 2132 3443 stit.
2160 3389 2427 3462 scriptum
2470 3403 2573 3451 est.
2612 3395 2689 3453 Da
2724 3398 2890 3470 igitur
2922 3416 3149 3474 operam
3200 3418 3259 3464 ut
3302 3410 3605 3482 perfectius

2014 3490 2081 3532 ex
2133 3478 2217 3536 his
2268 3496 2333 3537 ea
2379 3497 2505 3553 qum
2557 3486 2684 3542 inde
2722 3488 2776 3543 iu
2824 3504 3066 3561 praesens
3092 3503 3230 3568 opus
3273 3478 3606 3576 transcripta

2016 3577 2167 3638 sunt,
2208 3571 2413 3630 discas.
2453 3574 2658 3653 [Quod]
2683 3595 2814 3636 vero
2846 3581 2984 3658 [res]
3004 3602 3184 3655 sacra,
3233 3607 3357 3661 quae
3407 3592 3478 3650 ab
3505 3571 3602 3650 ali-

2016 3679 2126 3734 quo
2155 3665 2294 3720 citra
2330 3672 2678 3726 sacerdotum
2707 3674 3031 3747 suffragium
3085 3679 3289 3757 [sacra]
3333 3685 3473 3743 facta
3505 3700 3608 3753 εει,

2017 3769 2175 3812 sacra
2204 3774 2316 3814 non
2368 3771 2475 3828 est,
2521 3764 2846 3836 intelligitur
2892 3769 2991 3840 (uti
3040 3772 3301 3846 arbitror)
3340 3788 3607 3849 quantum

2018 3851 2084 3905 ad
2121 3849 2199 3924 [id
2236 3852 2453 3920 attinet,
2506 3856 2587 3930 ut]
2638 3859 2966 3932 episcopalis
3002 3876 3284 3935 reputetur
3329 3886 3394 3926 ac
3422 3875 3612 3928 catho-

2018 3941 2140 3998 licae
2196 3942 2454 4002 Ecclesia:
2506 3950 2852 4021 privilegium
2900 3952 3123 4023 habeat,
3165 3972 3344 4028 neque
3400 3964 3609 4033 privata

2021 4046 2331 4092 censeatur.
2378 4038 2833 4111 Quandoquidem
2870 4061 2980 4116 quo
3012 4062 3079 4100 ne
3102 4049 3169 4103 ad
3196 4051 3445 4121 vulgares
3477 4069 3612 4111 usus

2019 4139 2336 4198 revocetur,
2371 4132 2671 4188 licetsacra
2705 4150 2813 4190 non
2838 4138 3175 4206 nominetur,
3211 4152 3453 4199 attamen
3477 4162 3609 4203 san-

2017 4231 2101 4277 cta
2132 4232 2237 4278 est.
2294 4222 2374 4279 Ac
2410 4223 2592 4298 [εειιεῖ
2627 4229 2771 4297 quod
2824 4246 2933 4284 non
2973 4231 3463 4295 intervenientibus
3525 4257 3613 4296 sa-

2024 4314 2266 4368 cerdotis
2293 4317 2551 4384 precibus
2576 4318 2903 4374 :rdﬂicatum
2934 4333 3038 4389 est,
3065 4326 3109 4380 si
3133 4326 3457 4397 collabatur,
3494 4343 3613 4388 tau-

2021 4423 2186 4477 quam
2220 4418 2496 4475 sanctum,
2527 4426 2634 4465 non
2668 4413 2863 4468 iterum
2893 4416 2963 4473 ad.
2991 4420 3247 4491 vulgares
3276 4439 3410 4481 usus
3438 4425 3615 4483 dedu-

308 4515 420 4568 τῶν
446 4513 754 4569 Βασιλικῶν
778 4520 856 4579 ς’,
885 4514 1062 4578 τίτλος
1087 4513 1151 4586 β’,
1178 4516 1477 4585 κεφάλαιον
1503 4515 1567 4583 θ’,
1596 4513 1769 4578 οὕτως
1787 4516 1897 4587 ἔχοι

2018 4512 2192 4557 cetur.
2228 4501 2504 4573 lligestum
2529 4504 2560 4558 7
2601 4508 2682 4561 tit.
2714 4508 2778 4563 16
2803 4510 2898 4565 lib.
2924 4527 2940 4565 t
2971 4512 3089 4584 Dig.
3113 4525 3199 4571 est
3220 4517 3313 4572 lib.
3344 4518 3511 4577 Basil.
3536 4539 3611 4585 τι.

310 4608 389 4670 ὼς
423 4608 662 4679 ἐγράφη.
696 4607 770 4659 Τὸ
801 4606 1137 4679 ξ’διάταγμα
1161 4607 1257 4661 τοῦ
1291 4607 1351 4660 ιδ’
1392 4607 1574 4661 τίτ.-λου
1605 4608 1701 4661 τοῦ
1734 4608 1778 4679 β’
1829 4607 1915 4679 βι-

312 4701 467 4755 ϐλίου
502 4702 619 4755 ἔστι
685 4701 890 4773 βιϐλίον
954 4708 1057 4769 ια’,
1090 4719 1214 4772 κεφ.
1255 4704 1317 4769 ξ’,
1352 4702 1511 4771 λέγον
1541 4704 1609 4757 τά
1654 4704 1814 4759 αὑτά.
1844 4703 1918 4758 Τὸ

317 4794 403 4863 κγ’
461 4794 742 4866 διάταγμα
797 4794 892 4849 τοῦ
944 4794 989 4867 β’
1038 4796 1222 4849 τίτλου
1270 4794 1365 4849 τοῦ
1426 4801 1479 4861 ς’
1533 4795 1741 4867 βιϐλίου
1803 4796 1918 4850 ἔστι

323 4887 532 4959 βιϐλίον
559 4894 641 4953 ιε’,
679 4888 856 4953 τίτλος
887 4895 957 4953 α’,
994 4889 1290 4958 κεφάλαιον
1335 4888 1444 4959 κγ’,
1474 4888 1615 4959 θέμα
1651 4892 1718 4960 β’,
1747 4888 1919 4950 οὕτως

316 4978 443 5048 ἕχον
485 4976 563 5042 ὡς
605 4978 847 5050 ἐγράφη.
881 4979 955 5032 Τὸ
988 4978 1051 5033 ιδ’
1087 4979 1365 5051 διάταγμα
1393 4980 1486 5033 τοῦ
1533 4986 1583 5034 α’
1614 4980 1798 5035 τίτλου
1823 4982 1917 5035 τοῦ

321 5070 373 5144 η’
405 5071 613 5141 βιϐλίου
648 5073 767 5125 ἐστὶ
805 5070 1010 5141 βιϐλίον
1059 5078 1161 5143 νη’,
1190 5071 1372 5136 τίτλος
1396 5079 1472 5138 α’,
1502 5073 1798 5142 κεφάλαιον
1833 5072 1915 5137 ιδ’,

323 5165 466 5237 θέμα
510 5164 823 5219 τελευταῖον
854 5165 1057 5235 ὁμοίως
1106 5165 1249 5238 ἔχον.
1285 5168 1359 5221 Τὸ
1394 5166 1479 5233 λς’
1508 5169 1787 5241 διάταγμα
1824 5168 1917 5223 τοῦ

322 5254 371 5320 ζ’
418 5255 526 5309 τίτ.
562 5254 658 5309 τοῦ
715 5262 782 5310 ια’
822 5255 1029 5327 βιϐλίου
1074 5257 1184 5310 τῶν
1217 5258 1529 5327 Διατέιξεων
1558 5258 1675 5313 ἔστι
1717 5259 1922 5330 βιϐλίον

325 5349 436 5404 τῶν
470 5348 780 5404 Βασιλικῶν
808 5349 908 5416 νϐ’,
938 5349 1046 5404 τίτ.
1070 5358 1142 5418 α’,
1169 5352 1469 5422 κεφάλαιον
1500 5350 1602 5422 ξγ’,
1630 5353 1774 5425 θέμα
1801 5354 1923 5407 τελ-

324 5442 559 5508 ευταῖον,
593 5439 771 5511 λέγον.
805 5439 1068 5513 Λύεταιή
1104 5442 1360 5497 κοινωνία
1394 5442 1766 5515 φθειρομένων
1816 5446 1926 5499 τῶν

330 5532 669 5605 προσώπων,
702 5532 736 5606 ἢ
765 5533 859 5587 τοῦ
897 5534 1244 5606 πράγματος,
1272 5535 1304 5606 ἢ
1339 5534 1441 5606 τῆς
1472 5536 1720 5607 ἀγωγῆς,
1761 5537 1794 5608 ἢ
1827 5540 1925 5610 τῆς

334 5626 580 5701 γνώμης.
615 5626 917 5699 Προσὼπου
945 5629 1045 5699 μὲν
1080 5628 1175 5682 ἐπὶ
1235 5628 1337 5699 τῆς
1395 5629 1638 5700 μεγάλης
1683 5630 1717 5701 ἢ
1756 5631 1927 5702 μέσης

340 5719 753 5784 καταστάσεως,
818 5718 1122 5789 ἐναλλαγῆς
1179 5720 1273 5772 καὶ
1323 5719 1578 5774 θανάτου.
1641 5720 1928 5793 Φθείρεται

334 5811 393 5865 δὲ
436 5813 496 5868 τὸ
548 5814 803 5885 πρᾶγμα,
838 5811 966 5864 ὅταν
1005 5812 1037 5881 ἦ
1093 5811 1373 5877 παντελῶς
1424 5814 1540 5888 οὐχ’
1596 5814 1927 5890 ὕπεστιν-,ἣ

712 5909 988 5969 ΡΑτιιοι..
1024 5905 1339 5991 Ga._ClV.

2018 4597 2102 4651 tit.
2123 4597 2178 4662 2,
2208 4612 2330 4668 cap.
2355 4598 2408 4664 9,
2433 4601 2580 4670 quod
2604 4601 2789 4671 habet,
2821 4612 2881 4659 ut
2901 4607 3165 4677 scriptum
3190 4621 3292 4668 est.
3324 4612 3608 4686 Digestunt

2019 4687 2108 4754 60,
2132 4689 2219 4743 tit.
2241 4689 2329 4754 i4,
2351 4690 2444 4746 lib.
2464 4694 2811 4759 llesl'l‘ib.Xl,
2840 4697 2991 4760 tit.l.
3017 4716 3139 4773 cap.
3157 4702 3250 4771 60,
3271 4706 3409 4776 quod
3425 4709 3612 4763 eadem

2019 4780 2175 4837 dicit.
2218 4780 2500 4854 Digestum
2530 4785 2603 4841 25
2648 4789 2734 4845 tlt.
2762 4788 2797 4842 2
2829 4792 2925 4847 lib.
2953 4808 3002 4847 v1
3036 4804 3122 4851 εει
3173 4797 3275 4853 lib.
3317 4814 3407 4868 xv,
3457 4803 3541 4858 tit.
3582 4805 3603 4857 ι

2018 4892 2141 4948 cap.
2161 4877 2252 4945 25,
2271 4881 2455 4935 thema
2490 4882 2547 4947 9.,
2568 4884 2714 4952 quod
2746 4884 2929 4952 habet,
2969 4890 3431 4959 quemadmodum
3475 4896 3613 4951 scri-

2018 4978 2171 5039 ptum
2201 4979 2305 5027 est.
2346 4972 2629 5045 Digestum
2673 4976 2741 5032 M
2770 4978 2853 5032 tit.
2885 4978 2909 5032 l
2945 4979 3039 5035 lib.
3070 4998 3164 5037 vm
3195 4994 3278 5040 est
3309 4984 3611 5054 liberum,

2021 5061 2104 5117 tit.
2121 5062 2139 5116 1
2155 5103 2170 5129 ,
2188 5078 2308 5135 cap.
2333 5064 2426 5133 M,
2447 5067 2625 5121 thema
2642 5068 2745 5122 ult.
2766 5071 2911 5141 quod
2939 5073 3106 5128 simili
3130 5076 3293 5130 modo
3324 5076 3509 5134 habet.
3530 5078 3620 5133 Di-

2021 5164 2229 5223 gestutn
2252 5156 2321 5211 56
2342 5158 2424 5212 tit.
2445 5157 2499 5222 7,
2521 5159 2616 5214 lib.
2650 5176 2700 5213 xi
2725 5159 2843 5233 Dig.
2867 5174 2951 5217 est
2981 5164 3120 5220 liber
3143 5166 3434 5239 Basil.t.tx,
3458 5172 3541 5227 tit.
3566 5172 3618 5237 ί,

2022 5259 2143 5315 cap.
2185 5246 2287 5314 56,
2319 5251 2463 5319 quod
2507 5251 2668 5309 habet
2724 5258 3003 5323 quomodo
3048 5259 3312 5329 scriptum
3357 5272 3463 5320 est.
3527 5265 3620 5319 Di-

2025 5354 2163 5410 gest.
2194 5343 2263 5398 63
2301 5346 2383 5400 tit.
2443 5349 2479 5401 2
2524 5349 2620 5403 lib.
2669 5364 2781 5404 xvn
2831 5349 3037 5422 Digest.
3079 5356 3279 5410 estlib.
3309 5356 3479 5416 Basil.
3523 5377 3621 5427 xu,

2027 5437 2111 5496 tit.
2129 5440 2148 5493 ί
2166 5479 2180 5504 ,
2200 5455 2318 5511 cap.
2341 5440 2430 5509 65,
2459 5442 2638 5498 thema
2665 5444 2784 5509 ult.,
2804 5446 2947 5516 quod
2969 5448 3103 5503 dicit
3131 5468 3143 5503 :
3169 5451 3412 5507 Solvitur
3433 5457 3613 5511 socie-

2030 5540 2660 5602 tas,cumautpersouas,
2678 5545 2771 5590 aut
2802 5552 2907 5602 res,
2934 5547 3025 5593 aut
3058 5540 3220 5606 actio,
3250 5545 3619 5601 autvoluntas

2029 5627 2237 5681 interit.
2263 5624 2570 5697 [lntereuut
2585 5628 2790 5701 autem]
2810 5646 3056 5700 personae
3075 5638 3314 5691 maxima
3333 5648 3426 5692 attt
3445 5644 3625 5695 media

2030 5719 2230 5791 capitis
2264 5719 2640 5774 deminutione
2668 5732 2719 5777 et
2754 5731 2947 5779 utortc.
2971 5725 3073 5782 Res
3108 5730 3270 5799 perit,
3296 5733 3628 5801 quandoatit

2034 5812 2259 5869 omnino
2279 5826 2386 5869 non
2410 5814 2678 5886 subsistit,
2701 5829 2791 5875 aut
2815 5823 3184 5881 conditionem
3204 5828 3626 5902 mutavit,[qqu

3112 5920 3191 5980 33
