3916 6244
384 271 526 338 1035

1535 276 1802 341 ΡΗΟΤΙῙ
1844 278 2355 344 PATRIARCH/E
2396 283 2509 349 (ΖΡ.

3527 296 3651 366 1038

375 390 491 464 vel]
513 364 835 447 consecrata
856 387 942 445 vel
960 389 1239 461 publicata
1261 390 1353 449 sit.
1378 390 1662 465 Digestum
1694 392 1755 460 5,
1775 394 1810 449 6
1834 403 1890 451 et
1920 394 1956 449 6‘

2093 396 2192 470 τὴν
2218 398 2557 453 κατάστασιν
2617 397 2908 470 ἐνήλλαξεν
2962 400 3261 476 ἀνιερωθὲν
3286 405 3319 477 ἢ
3352 405 3445 462 καὶ
3465 364 3653 481 δημευ-

378 483 464 540 tit.
487 484 537 551 1,
568 483 664 539 lib.
687 498 841 550 xvm,
878 482 999 553 Dig.
1023 493 1105 540 est
1122 484 1216 543 lib.
1244 501 1361 555 xu,
1390 486 1476 542 tit.
1500 487 1553 555 1,
1599 503 1724 559 cap.
1747 487 1803 555 4,
1833 490 1980 559 quod

2090 490 2206 545 θέν.
2248 492 2490 546 Ἀκούων
2518 492 2573 547 δὲ
2598 491 2695 546 τοῦ
2717 493 2883 565 νόμου
2910 498 3263 568 μεμνημένου
3294 498 3653 573 βεβηλότητος,

381 576 575 632 eadem
620 574 774 631 dicit.
817 573 1099 647 Digestnm
1125 576 1192 632 ’15
1220 577 1468 647 ejusdem
1527 579 1611 635 tit.
1657 592 1713 636 et
1765 578 1864 635 lib.
1892 595 1955 636 es

2090 584 2167 657 μὴ
2201 585 2434 640 ὲκλαϐοῦ
2478 584 2651 659 αὐτὴν
2679 587 2761 651 είς
2822 587 3193 663 ἀκαθαρσίαν,
3240 591 3377 646 ἀλλά
3402 594 3478 659 είς
3527 595 3657 649 ἰδίω-ι

378 668 626 741 ejusdem
656 682 753 723 nx
781 667 877 724 lib.
905 667 988 723 tit.
1016 667 1069 738 1,
1095 683 1217 740 cap.
1254 668 1347 739 75,
1377 669 1523 741 quod
1558 669 1640 727 sic
1697 670 1885 740 habet,
1914 679 1978 727 ut

377 762 645 833 scriptum
674 769 779 818 est.

2082 678 2259 735 τείαν.
2310 678 2385 733 Τὸ
2416 676 2483 743 ε’,
2540 684 2594 744 ς’
2634 679 2731 734 καὶ
2778 677 2856 751 ξβ⁸
2925 680 3277 753 διατάγματα
3323 683 3415 738 τοῦ
3461 691 3506 739 a'
3551 687 3651 744 τίτ.

2077 765 2172 820 τοῦ
2208 766 2276 839 ιη’
2300 766 2412 838 βιϐ.
2437 768 2548 822 τῶν
2578 769 2908 838 Διατάξεων,
2938 772 3058 826 ἔστι
3102 772 3305 844 βιϐλίον
3329 773 3415 842 ιϐ’,
3440 776 3541 832 τίτ.
3588 784 3657 846 α’,

376 856 673 928 κεφάλαιον
706 857 770 925 δ,
802 856 873 913 τὰ
922 855 1065 912 αὐτά
1108 856 1289 927 λέγον.
1320 857 1434 913 Καὶ
1475 858 1537 912 τὸ
1558 856 1646 941 ,ογ’
1668 858 1951 931 διάταγμα
1978 860 2074 915 τοῦ
2098 862 2268 917 αὐτοῦ
2298 862 2481 918 τίτλου
2520 863 2617 918 καὶ
2667 863 2879 937 βιϐλίου
2919 866 3041 921 ἐστὶ
3086 867 3182 922 τοῦ
3246 866 3436 923 αὑτοῦ,
3462 868 3522 924 ιϐ’
3556 869 3655 941 βιϐ·

373 951 481 1007 τίτ.
524 958 594 1019 α’,
635 951 931 1020 κεφάλαιον
971 958 1081 1021 ογ’,
1113 950 1293 1016 οὕτως
1332 951 1457 1023 ἔχον
1527 952 1603 1017 ὡς
1640 954 1981 1024 γέγραπται.

452 1044 608 1104 Scias
621 1061 751 1101 vero
781 1046 925 1118 quod
960 1044 1094 1119 [res]
1125 1054 1327 1101 sanctae
1357 1062 1466 1101 non
1514 1058 1847 1103 consecratae
1883 1063 1978 1103 vc-

2157 1045 2400 1103 Γίνωσκε
2453 1046 2511 1105 δὲ
2548 1049 2632 1105 ὅτι
2684 1050 2747 1106 τὰ
2786 1051 2885 1123 μὲν
2922 1050 2999 1125 μὴ
3048 1050 3342 1125 ίερωθὲντα
3390 1052 3539 1122 am,
3569 1052 3657 1108 καὶ

387 1146 575 1207 neant,
598 1137 893 1205 donantur,
933 1146 987 1193 ct
1016 1139 1431 1209 usucapiantur,
1457 1139 1571 1195 sive
1587 1156 1683 1210 per
1707 1138 1951 1212 [longum

2090 1140 2400 1197 πωλοῦνται
2442 1142 2540 1197 καὶ
2599 1142 2901 1215 δωροῦνται
2964 1145 3058 1199 καὶ
3095 1145 3655 1213 οὑσουκαπιτεύονται,

380 1239 597 1302 tempus
609 1229 853 1286 dominio
865 1230 1255 1301 subjiciantur:
1275 1246 1446 1287 sacra:
1457 1240 1636 1286 autem
1655 1232 1803 1288 nullo
1816 1232 1956 1288 modi

2088 1233 2185 1288 καὶ
2212 1234 2333 1296 rata:
2386 1234 2582 1306 χρόνου
2638 1237 3008 1307 κυριεύονται,
3048 1236 3120 1291 τά
3160 1236 3219 1291 δὲ
3251 1236 3392 1308 ίερά,
3421 1239 3657 1311 ὁπωσδή-

385 1326 442 1382 in
460 1324 839 1399 [cujusquam]
851 1324 1152 1381 dominium
1168 1328 1491 1395 concedant;
1507 1336 1581 1392 et,
1594 1327 1741 1397 quod
1754 1327 1848 1398 qui
1863 1342 1956 1383 reu

2090 1341 2222 1379 ποτε
2261 1326 2322 1379 οὐ
2362 1325 2744 1393 δεσπόζονται,
2772 1326 2869 1381 καὶ
2907 1328 2990 1381 ὅτι
3036 1328 3067 1382 ό
3130 1326 3230 1398 μὲν
3264 1325 3467 1397 κλέψας
3504 1328 3658 1400 ἱερὸν,

375 1434 594 1477 sacram
620 1417 744 1474 fura
774 1426 882 1485 tur,
907 1426 1170 1489 tanquam
1213 1418 1515 1491 sacrilegus
1551 1420 1813 1491 puniatur
1845 1437 1860 1475 :
1886 1436 1956 1491 qu

2087 1416 2164 1481 ὡς
2227 1416 2503 1490 ἱερόσυλος
2563 1418 2898 1486 κολάζεται,
2945 1419 2976 1473 ό
3028 1419 3084 1474 δὲ
3138 1418 3345 1491 κλέψας
3402 1420 3660 1494 ἰδιωτικὴν

377 1527 512 1569 vero
542 1522 787 1568 sanctam
805 1511 997 1582 privati
1012 1510 1252 1567 hominis
1276 1510 1597 1581 imaginem,
1622 1520 1880 1583 tanquam
1895 1509 1952 1567 fu

2090 1510 2254 1580 ἁγίαν
2309 1510 2624 1576 είκόνα,ὼς
2680 1510 2923 1583 κλέπτης
2968 1512 3237 1581 ἐνέχεται.
3291 1512 3415 1567 Είσὶ
3471 1513 3527 1567 δὲ
3573 1515 3661 1568 καὶ

380 1614 656 1662 teneatur.
683 1604 791 1661 Sed
822 1612 951 1660 sunt
992 1604 1157 1659 etiam
1196 1602 1317 1659 alia:
1340 1604 1525 1659 multa:
1556 1604 1752 1660 harum
1786 1618 1972 1659 rerum

382 1696 725 1753 ditl'erentim.
744 1695 899 1763 Quod
923 1695 969 1752 si
994 1694 1119 1766 quis
1135 1694 1431 1767 interroget
1446 1694 1723 1765 quomodo
1738 1702 1972 1750 veneant

385 1790 718 1847 monasteria
733 1798 784 1845 et
809 1803 1097 1845 sacrorum
1113 1801 1370 1843 vasorum
1385 1787 1596 1859 capsae?
1609 1788 1815 1854 audiat,
1833 1786 1970 1845 nihil

377 1885 695 1943 istiusmodi
729 1896 909 1954 neque
934 1882 1044 1937 emi
1075 1896 1252 1951 neque
1278 1880 1478 1936 vendi:
1510 1896 1824 1952 quanquam
1853 1881 1969 1953 jus,

376 1977 525 2050 quod
543 1974 784 2048 cuipiam
808 1973 865 2028 in
894 1973 983 2029 his
1008 1974 1291 2043 competit,
1315 1979 1369 2027 et
1384 1972 1650 2027 vendatur
1670 1982 1720 2027 et
1734 1982 1970 2027 ematur.

373 2072 480 2140 Qui
507 2070 655 2128 enim
684 2068 865 2126 sciens
897 2067 1082 2124 locum
1109 2074 1208 2121 aut
1233 2080 1331 2121 vas
1352 2081 1570 2122 sacrum
1602 2066 1822 2132 emerit,
1852 2080 1973 2137 per-

372 2167 455 2223 dit
481 2164 741 2237 pretium,
792 2172 847 2220 et
891 2161 1138 2234 punitur.
1182 2157 1462 2215 Interdum
1513 2170 1697 2216 tamen
1747 2168 1971 2231 propter

375 2258 556 2331 justas
579 2257 794 2327 aliquas
810 2268 1009 2310 causas
1035 2267 1125 2309 res
1141 2266 1311 2307 sacra:
1332 2250 1496 2307 etiam
1514 2261 1773 2307 veneunt.
1798 2250 1977 2320 Quor-

370 2367 495 2407 sum
527 2364 744 2422 quaeras
774 2348 800 2403 1
838 2355 893 2403 et
940 2345 977 2402 2
1023 2346 1107 2401 tit.
1144 2344 1180 2400 5
1223 2344 1319 2400 lib.
1357 2344 1563 2401 Docent
1597 2344 1746 2400 enim
1775 2343 1844 2401 de
1879 2360 1973 2401 ec-

369 2444 577 2510 clesiis,
601 2440 976 2507 monasteriis,
994 2447 1051 2495 et
1069 2437 1476 2496 venerabilibus
1492 2438 1747 2494 domibus
1769 2456 1781 2493 :
1804 2437 1968 2513 [tum]

375 2538 543 2593 etiam
569 2536 637 2592 de
662 2534 829 2590 rebus
856 2541 911 2589 et
964 2532 1091 2604 jure
1125 2532 1371 2603 ipsarum
1403 2549 1418 2587 :
1444 2545 1509 2587 ac
1549 2529 1874 2604 [postremo]
1902 2533 1969 2589 de

328 2694 345 2701 ς
370 2627 726 2695 alienatione,
765 2637 820 2683 et
849 2625 1194 2697 empliyteusi
1228 2639 1413 2679 rerum
1439 2623 1965 2681 ecclesiasticarum.

2079 1604 2241 1660 ἀλλαι
2299 1602 2497 1657 πολλαὶ¹
2546 1602 2756 1657 τούτων
2785 1602 3064 1675 διαφοραίο
3093 1605 3142 1658 εί
3175 1604 3234 1658 δέ
3262 1622 3345 1668 τις
3385 1605 3519 1678 ἐρεῖ,
3558 1606 3662 1661 Καὶ

2075 1696 2195 1761 πῶς
2222 1695 2531 1751 πωλοῦνται
2560 1696 2902 1768 μοναστήρια
2932 1697 3027 1751 καὶ
3057 1698 3487 1769 σκευοφυλάκιας
3511 1701 3663 1757 ἀκου-

2079 1791 2228 1846 σάτω
2257 1791 2340 1845 ὅτι
2367 1788 2611 1844 τοιοῦτόν
2632 1806 2686 1843 τι
2719 1788 2845 1843 οὔτε
2875 1790 3210 1862 ἀγοράζεται
3241 1789 3367 1845 οὔτε
3388 1790 3659 1847 πωλεῖται.

2078 1883 2154 1938 Τὸ
2195 1882 2254 1937 δὲ
2299 1882 2510 1936 δίκαιον
2549 1882 2610 1935 τὺ
2632 1882 2733 1959 ἐπὶ
2777 1882 2989 1946 τούτοις
3020 1885 3409 1956 προσαρμόζον
3429 1886 3536 1939 τινὶ
3574 1888 3662 1942 καὶ

2070 1975 2333 2030 πωλεῖται
2380 1977 2477 2029 καὶ
2515 1975 2871 2046 άγοράζεται.
2918 1975 2976 2029 Ὀ
3025 1979 3136 2049 γάρ
3184 1978 3477 2050 ἀγοράζων
3524 1979 3661 2051 ἱερὸν

2068 2068 2232 2123 τόπον
2261 2067 2295 2140 ἢ
2329 2067 2522 2131 σκεῦος
2549 2069 2608 2121 ὲν
2649 2068 2855 2140 είδήσει
2895 2069 3159 2124 ἀπόλλυσι
3215 2071 3274 2124 τὸ
3314 2071 3551 2143 τίμημα,
3574 2073 3664 2126 καὶ

2069 2160 2383 2226 κολάζεται.
2419 2160 2529 2215 Kal
2554 2158 2709 2232 ζήτει
2740 2160 2967 2232 βιϐλίον,
2997 2161 3200 2227 τίτλον,
3245 2161 3664 2232 κεφάλαιον.“Εξ

2073 2254 2314 2324 εὐλόγων
2342 2253 2401 2308 δέ
2427 2270 2590 2308 τινων
2626 2254 2818 2308 αἰτιῶν
2860 2252 3144 2321 πωλεῖται,
3177 2253 3332 2308 ἔστιν
3360 2256 3450 2311 ὅτε
3481 2255 3572 2310 καὶ
3596 2257 3661 2310 τά

2074 2348 2216 2419 ίερά.
2250 2349 2360 2401 Καὶ
2399 2348 2553 2418 ζήτει
2578 2345 2671 2401 τὸν
2700 2354 2749 2401 α’
2776 2349 2870 2402 καὶ
2910 2346 2954 2418 β’
2985 2347 3166 2403 τίτλον
3194 2347 3294 2403 τοῦ
3344 2356 3387 2403 ε’
3438 2348 3656 2421 βιϐλίου.

2070 2440 2524 2511 Διδάσκουσιγάρ
2579 2440 2711 2511 περὶ
2746 2439 3079 2512 ἐκκλησιῶν,
3135 2441 3658 2514 καὶ”μοναστηρίων,

2070 2533 2165 2591 καὶ
2209 2531 2429 2602 εὐαγῶν
2487 2533 2655 2588 οῐκων
2713 2532 2811 2588 καὶ
2864 2532 3128 2605 περὶτῶν
3172 2536 3523 2608 πραγμάτων
3571 2536 3660 2591 καὶ

2065 2622 2453 2695 δικαιωμάτων
2475 2623 2680 2691 αὐτῶν,
2706 2624 2804 2679 καὶ
2833 2625 2965 2698 περὶ
3010 2625 3382 2699 ὲκποιήσεως,
3423 2629 3518 2685 καὶ
3556 2630 3654 2701 ἑμ-

367 2718 681 2791 φυτεύσεως
724 2715 1202 2788 ὲκκλησιαστικῶν
1232 2716 1601 2789 πραγμάτων,
1640 2715 1737 2770 καὶ
1780 2714 1954 2771 ταῦτα
1985 2716 2087 2789 μὲν
2115 2715 2387 2789 περὶτῶν
2438 2715 2621 2787 ιερῶν.
2688 2717 2771 2771 Τὰ
2808 2716 2867 2772 δὲ
2930 2718 3024 2773 ἐπὶ
3044 2720 3403 2795 καρποφορίᾳ
3465 2738 3659 2794 προσα-

376 2816 590 2887 γόμενα
636 2812 738 2867 οὐκ
809 2811 949 2866 είσὶν
996 2809 1159 2883 ἱερὰ,
1199 2812 1296 2865 καὶ
1336 2808 1491 2883 ζήτει
1547 2808 1752 2882 βιϐλίον
1816 2809 1913 2877 νϐ’,
1948 2810 2127 2866 τίτλον
2156 2816 2206 2881 γ’
2234 2809 2532 2881 κεφάλαιον
2561 2816 2634 2865 α’.
2726 2858 2729 2861 .

445 2913 668 2970 Textus.
695 2909 765 2965 Et
803 2907 901 2963 lib.
937 2922 1105 2973 xxrv,
1142 2905 1227 2961 tit.
1256 2906 1452 2979 digest.
1470 2906 1527 2962 5.
1575 2904 1763 2975 Recte,
1795 2914 1904 2964 etc.
1937 2944 1955 2974 ,

364 3023 528 3077 usque
559 3004 627 3060 ad
654 3002 747 3058 illo
775 2999 1095 3073 potentiori,
1127 3008 1185 3053 ιιι
1210 3015 1335 3071 pag.
1368 2998 1493 3055 567.

436 3095 731 3155 Scholium.
762 3092 1049 3164 Digestum
1080 3091 1112 3147 5
1146 3091 1230 3147 tit.
1264 3107 1281 3146 I
1320 3091 1416 3147 lib.
1468 3107 1595 3147 Inv
1635 3091 1842 3165 Digest.
1870 3098 1957 3148 est

2135 2907 2448 2977 Κείμενον.
2467 2906 2579 2962 Καὶ
2597 2905 2803 2978 βιϐλίον
2822 2904 2921 2977 κδ’,
2950 2908 3056 2967 τίτ.
3086 2907 3157 2978 α’,
3191 2909 3339 2968 διάτ.
3357 2909 3421 2966 ε’⁶
3444 2910 3652 2979 Καλῶς,

2065 3017 2124 3057 κ.
2145 3017 2197 3055 τ.
2224 2999 2299 3065 λ.,
2329 3015 2505 3071 usque
2537 3000 2605 3056 ad
2638 3002 2898 3075 ἀντιδίκῳ
2933 3004 3101 3059 αὑτοῦ
3132 3005 3434 3079 παρεδόθη.

2137 3093 2420 3162 Σχόλιον.
2463 3091 2536 3145 Τὸ
2566 3090 2607 3145 ε’
2660 3091 2940 3167 διάταγμα
2984 3094 3079 3150 τοῦ
3121 3093 3170 3150 α’
3205 3097 3395 3151 τίτλον
3443 3095 3537 3152 τοῦ
3583 3095 3655 3151 κδ’

363 3194 459 3249 lib.
485 3206 615 3258 xxx,
640 3190 723 3244 tit.
757 3203 798 3253 ι,
832 3200 952 3256 cap.
978 3184 1034 3251 5,
1058 3183 1244 3240 thema
1266 3182 1320 3239 8.
1354 3184 1411 3241 Si
1433 3184 1616 3257 magni
1646 3186 1806 3257 pretii
1837 3202 1946 3245 mo-

2071 3184 2278 3256 βιϐλίου
2330 3183 2441 3239 τῶν
2492 3184 2789 3252 διατάξεων
2856 3187 2975 3241 ἐστι
3021 3187 3228 3258 βιϐλίον
3259 3188 3328 3260 λ’,
3359 3189 3537 3254 τίτλος
3563 3186 3609 3243 α’
3637 3226 3654 3253 ,

359 3293 688 3344 nomentum
714 3294 916 3354 purum
956 3276 1117 3334 uxori
1154 3293 1289 3334 meae
1315 3278 1596 3334 donavero
1654 3279 1799 3335 valet
1832 3278 1955 3353 [do-

360 3377 561 3451 natio].
580 3358 953 3449 posteaquam
992 3372 1049 3427 in
1078 3385 1145 3427 eo
1192 3370 1489 3443 sepelierit.
1528 3371 1634 3428 Sed
1667 3372 1714 3429 si
1746 3372 1865 3444 ipsa
1890 3372 1946 3429 in

361 3486 430 3527 eo
458 3468 672 3541 sepulta
701 3466 888 3532 fuerit,
912 3463 1009 3519 liet
1035 3463 1331 3534 sepultura:
1355 3463 1579 3519 nomine
1605 3463 1949 3534 religiosum;

362 3560 646 3636 [proinde]
678 3568 734 3615 et
760 3559 827 3614 ad
853 3554 1192 3612 oblationem
1234 3552 1331 3610 Dei
1398 3567 1546 3612 recte
1593 3555 1741 3612 dono
1795 3556 1953 3612 uxori

360 3673 499 3715 mere
530 3671 546 3711 :
578 3655 663 3710 vel
685 3654 889 3720 locum,
919 3652 976 3707 in
1002 3664 1115 3721 quo
1149 3664 1289 3720 opus
1318 3651 1621 3720 publicum,
1649 3653 1795 3724 quod
1823 3668 1953 3725 pro-

360 3748 601 3814 miserit,
644 3745 843 3812 faciat,
899 3752 996 3800 aut
1032 3759 1252 3820 sacram
1311 3743 1481 3799 aedem
1529 3761 1544 3799 :
1582 3760 1648 3800 ac
1702 3744 1763 3800 fit
1806 3746 1961 3801 locus

358 3855 540 3901 sacer.
569 3838 771 3910 Digest.
805 3835 875 3891 12
902 3835 985 3892 tit.
1029 3835 1097 3891 10
1131 3836 1225 3891 lib.
1253 3851 1401 3891 χχιιι
1449 3846 1532 3893 at
1573 3837 1669 3893 lib.
1718 3854 1950 3908 xxxviii,

358 3937 447 3992 tit.
486 3933 575 3999 10,
605 3933 777 3988 them.
799 3931 859 3996 2,
890 3945 1013 4002 cap.
1038 3928 1138 4003 [et]
1160 3931 1221 3986 11
1244 3938 1299 3986 et
1329 3931 1417 3996 li,
1453 3947 1577 4003 quae
1605 3932 1687 3987 sic
1709 3932 1949 3989 habent:

358 4028 599 4085 Curator
636 4024 832 4081 furiosi
873 4034 1025 4080 recte
1060 4040 1176 4079 rem
1208 4040 1369 4081 suam
1396 4026 1558 4096 quasi
1579 4024 1793 4093 furiosi,
1818 4026 1956 4082 alie-

357 4132 455 4178 nat
479 4139 494 4176 :
517 4134 627 4177 nou
667 4127 852 4175 autem
881 4115 1098 4184 furiosi,
1128 4119 1291 4189 quasi
1313 4133 1492 4175 Suam.
1523 4117 1709 4175 Potest
1766 4130 1950 4176 tamen

359 4216 416 4270 in
449 4212 643 4268 furiosi
677 4210 971 4267 utilitatem
1009 4211 1398 4281 oppignorare,
1459 4211 1717 4268 dedicare
1765 4224 1950 4269 autem

362 4302 541 4373 ipsius
567 4316 682 4356 rem
708 4315 817 4355 non
852 4308 1052 4371 potest.
1084 4299 1289 4371 Digest.
1344 4301 1414 4357 59
1467 4301 1563 4357 lib.
1589 4318 1700 4356 xxx
1749 4313 1832 4359 cst
1855 4303 1952 4359 lib.

350 4410 501 4461 xuv,
533 4402 618 4449 tit.
666 4409 707 4461 ι,
758 4407 880 4463 cap,
910 4392 1003 4461 59,
1051 4394 1235 4450 thema
1282 4393 1381 4449 ult.
1417 4392 1515 4450 :Si
1560 4396 1688 4466 quis
1727 4395 1948 4466 publica

355 4500 538 4551 sacra,
562 4483 647 4539 vel
670 4483 879 4555 privata
902 4482 1166 4554 principis
1182 4485 1462 4554 legaverit,
1486 4484 1671 4541 furere
1690 4486 1909 4545 videtur
1934 4504 1950 4543 :

2066 3277 2362 3348 κεφάλαιον
2395 3285 2457 3346 ε’,
2491 3277 2635 3351 θέμα
2663 3276 2734 3350 η’.
2764 3279 2827 3334 El
2860 3280 2954 3334 καὶ
2991 3280 3298 3354 πολύτιμον
3344 3284 3657 3354 κενοτάφιον

2067 3371 2406 3444 δωρήσωμαι
2451 3373 2519 3444 τῇ
2574 3374 2791 3445 γαμετῇ
2831 3390 2957 3444 μου,
2988 3374 3229 3448 ἔρρωται
3256 3417 3273 3441 ,
3311 3376 3447 3448 μεθὸ
3481 3376 3657 3447 μέντοι

2066 3459 2228 3531 θάψει
2266 3461 2325 3514 ὲν
2356 3460 2523 3532 αὐτῷ.
2550 3460 2611 3515 El
2645 3460 2702 3516 δὲ
2731 3462 2826 3516 καὶ
2864 3462 3005 3536 αὕτη
3035 3466 3094 3518 ἐν
3132 3465 3287 3538 αὐτῷ
3320 3470 3492 3540 ταφῇ,
3518 3466 3657 3535 γίνε-

2064 3568 2157 3607 ται
2204 3553 2285 3617 είς
2313 3552 2493 3624 ταφὴν
2523 3554 2907 3626 ἐνιερωμένον,
2935 3556 3032 3611 καὶ
3055 3557 3149 3611 ἐπὶ
3173 3556 3254 3629 τῷ
3286 3560 3654 3630 προσαγαγεῖν

2063 3642 2144 3716 τῷ
2176 3642 2317 3716 Θεῷ,
2350 3644 2536 3708 καλῶς
2583 3644 2867 3717 δωροῦμαι
2896 3648 2965 3719 τῇ
2995 3650 3213 3720 γαμετῇ
3266 3667 3372 3721 μου
3400 3650 3434 3723 ἢ
3472 3650 3651 3713 τόπον.

2065 3737 2151 3809 ἐφ’
2186 3732 2232 3808 ᾧ
2262 3737 2491 3808 ποιῆσαι
2521 3737 2579 3791 ὲν
2611 3738 2765 3812 αὐτῷ
2810 3739 3071 3812 δημόσιον
3104 3741 3268 3813 ἔργον
3298 3743 3440 3816 ὅπερ
3482 3744 3652 3814 ἐπηγ-

2062 3828 2364 3901 γείλατο,ἢ
2406 3829 2553 3892 ναὸν,
2584 3829 2679 3883 καὶ
2735 3830 2945 3899 γίνεται
2972 3833 3000 3885 ό
3046 3832 3209 3896 τόπος
3258 3833 3429 3905 ἱερός,
3464 3833 3537 3886 Τὸ
3590 3829 3653 3903 ιβ’

2061 3922 2339 3993 διάταγμα
2398 3922 2491 3977 τοῦ
2523 3920 2553 3978 ι’
2623 3922 2807 3978 τίτλου
2858 3922 2954 3979 τοῦ
3006 3923 3089 3990 κζ’
3138 3924 3374 3998 βιϐλίου,
3410 3927 3526 3981 ἐστι
3569 3925 3649 3997 βι·

2064 4015 2213 4070 ϐλίον
2260 4013 2367 4088 λη’,
2424 4016 2605 4081 τίτλος
2654 4014 2707 4082 ι’,
2748 4018 3046 4087 κεφάλαιον
3092 4025 3147 4085 ι’,
3185 4018 3334 4092 θέμα
3386 4019 3456 4087 β’,
3488 4020 3653 4091 κεφά-

2060 4107 2214 4162 λαιον
2269 4105 2339 4161 ια’
2388 4109 2484 4162 καὶ
2526 4106 2614 4180 ιβ’,
2644 4108 2824 4175 οὕτως
2880 4110 3003 4183 ἔχον
3038 4124 3054 4141 ⁸
3104 4111 3164 4165 '0
3213 4112 3513 4186 κουράτωρ
3558 4110 3648 4168 τοῦ

2062 4201 2413 4272 μαινομένου,
2444 4201 2628 4257 καλῶν
2656 4202 2786 4257 ἴδιον
2816 4204 3050 4275 πρᾶγμα
3081 4204 3159 4270 ὡς
3195 4205 3293 4259 τοῦ
3325 4206 3649 4278 μαινομένου

2059 4295 2294 4361 ἐκποιεῖ,
2325 4294 2387 4348 οὐ
2426 4295 2525 4367 μὲν
2554 4293 2614 4349 τὸ
2644 4295 2741 4349 τοῦ
2772 4297 3103 4367 μαινομένου
3129 4296 3206 4360 ὡς
3237 4298 3392 4353 ἴδιον.
3421 4299 3650 4352 Δύναται

2058 4385 2116 4441 δὲ
2153 4386 2246 4441 ἐπὶ
2296 4388 2631 4458 συμφέροντι
2694 4388 2791 4442 τοῦ
2859 4391 3194 4460 μαινομένου
3254 4392 3647 4463 ἐνεχυριάζειν.

2061 4476 2367 4553 Καθιεροῦν
2425 4478 2481 4532 δὲ
2538 4477 2705 4532 αὑτοῦ
2762 4481 2999 4551 πρᾶγμα
3048 4479 3111 4532 οὐ
3164 4478 3421 4549 δύναται.
3453 4480 3527 4533 Τὸ
3571 4476 3645 4531 λϐ¹

358 4593 464 4635 nec
480 4576 775 4633 aestimatio
798 4590 990 4630 eorum
1012 4584 1325 4644 praestatur,
1340 4574 1603 4646 quoniam
1639 4577 1745 4633 alia
1769 4577 1953 4633 neuti-

2071 4573 2335 4644 Βιάταγμα
2376 4571 2471 4626 τοῦ
2504 4569 2548 4625 λ’
2580 4571 2789 4643 βιϐλίου
2836 4572 2953 4626 ἐστι
2988 4571 3193 4644 βιϐλίον
3228 4572 3336 4645 μδ’,
3366 4572 3549 4636 τίτλος
3578 4569 3646 4634 α’,

354 4685 521 4743 quam
538 4668 944 4724 distrahuntur.
979 4665 1250 4739 Principis
1290 4683 1419 4724 vero
1438 4668 1697 4743 [privata]
1714 4687 1819 4727 non
1841 4671 1950 4729 nisi

2071 4666 2353 4735 κεφάλαιον
2393 4662 2497 4732 λο’,
2527 4664 2672 4736 θέμα
2700 4665 3033 4719 τελευταῖον·
3067 4666 3130 4719 El
3160 4666 3217 4720 δέ
3242 4684 3330 4732 τις
3381 4666 3453 4720 τὰ
3479 4665 3644 4736 δημό⁴

353 4765 532 4836 ipsius
546 4760 947 4834 jussu.Digest.
968 4762 1020 4829 1,
1044 4762 1128 4819 tit.
1153 4762 1202 4828 l,
1224 4763 1319 4819 lib.
1338 4780 1505 4820 xxxx:
1523 4764 1728 4836 Digest.
1759 4765 1950 4822 estlib.

2071 4774 2151 4813 ιια
2193 4757 2227 4828 ἦ
2258 4757 2325 4810 τὰ
2358 4758 2501 4828 ἱερά,
2535 4757 2567 4827 ἢ
2603 4757 2671 4811 τά
2699 4758 2843 4812 tam
2873 4757 2969 4812 τοῦ
2999 4757 3266 4829 βασιλέως
3292 4759 3641 4831 ληγατεύσει,

350 4872 505 4921 LVIII,
551 4855 636 4913 tit.
657 4854 746 4922 10,
768 4870 891 4927 cap.
925 4871 967 4921 ι,
990 4856 1171 4911 thema
1191 4856 1248 4911 2.
1273 4855 1409 4913 Novi
1426 4858 1608 4928 operis
1638 4858 1870 4914 mutatio
1896 4859 1952 4914 in

2071 4850 2347 4906 ιαίνεσθαι
2375 4850 2542 4916 δοκεῖ,
2580 4850 2676 4904 καὶ
2714 4849 2837 4904 οὔτε
2861 4851 2923 4904 τὸ
2964 4852 3183 4922 τίμημα
3206 4852 3379 4906 αὐτοῦ
3421 4853 3641 4915 δῗδ-.ται,

348 4948 555 5005 futuris
587 4948 844 5019 operibus
898 4948 1184 5020 competit.
1221 4946 1358 5003 Nam
1386 4948 1432 5003 si
1450 4948 1564 5018 jam
1604 4948 1856 5023 [aliquid]
1874 4950 1954 5006 la-

2071 4944 2243 5017 ιπειδὴ
2280 4943 2350 4998 τὰ
2404 4943 2505 5015 μὲν
2534 4942 2645 4998 οὐδ’
2675 4942 2814 5007 ὅλως
2850 4943 3132 5009 πωλεῖται,
3165 4943 3233 4998 τά
3269 4944 3331 4999 δὲ
3382 4944 3644 5001 Βασιλικά

350 5052 500 5099 ctum
519 5042 613 5105 sit,
634 5037 1033 5113 [interdictum]
1047 5038 1187 5110 quod
1208 5040 1258 5094 vi
1273 5050 1371 5095 aut
1388 5039 1555 5107 clain,
1575 5045 1721 5111 quod
1743 5041 1951 5097 factum

2071 5039 2114 5093 ιύ
2146 5037 2297 5109 παρὰ
2332 5036 2561 5109 γνώμην
2588 5035 2684 5091 τοῦ
2715 5036 3005 5108 βασιλέως.
3030 5037 3103 5090 Τὸ
3134 5036 3180 5090 α’
3209 5037 3492 5109 διάταγμα
3550 5036 3641 5090 τοῦ

349 5135 455 5191 erit
471 5130 555 5207 [ut
574 5129 947 5204 restituatur,]
960 5128 1239 5204 aut[illud]
1258 5131 1325 5186 de
1338 5129 1461 5201 loco
1474 5131 1754 5203 religioso,
1772 5143 1869 5188 aut
1884 5133 1952 5188 de

2071 5138 2101 5186 t'
2131 5131 2312 5186 τίτλον
2340 5130 2436 5186 τοῦ
2458 5127 2534 5185 λθ¹
2559 5130 2768 5201 βιϐλίου
2792 5130 2901 5185 τῶν
2924 5130 3255 5199 Διατάξεων,
3287 5132 3409 5186 ἐστι
3441 5130 3641 5203 βιϐλίον

346 5241 477 5307 loco
500 5240 683 5291 sacro,
701 5232 793 5278 aut
816 5225 881 5279 de
899 5223 1122 5279 flumine
1136 5223 1381 5296 publico,
1398 5232 1494 5279 aut
1520 5224 1586 5279 de
1604 5225 1716 5297 ripa
1737 5227 1948 5297 publica

2071 5221 2155 5294 ιη’,
2184 5222 2363 5287 τίτλος
2394 5219 2446 5289 ι’,
2482 5220 2780 5292 κεφάλαιον
2828 5219 2897 5287 α’,
2925 5222 3071 5294 Θέμα
3097 5219 3165 5293 β’,
3197 5222 3256 5275 τὸ
3287 5221 3347 5278 δὲ
3381 5220 3629 5294 περὶτῆς

358 5329 543 5377 locum
565 5321 752 5376 habet.
795 5320 1009 5391 Digest.
1049 5319 1398 5385 l7,tit.3,est
1452 5320 1547 5375 lib.
1567 5337 1736 5387 Lvm,
1761 5324 1948 5389 tit.l5,

2071 5316 2403 5388 ιαινοτομίας
2443 5314 2834 5388 παράγγελμα,
2866 5315 2962 5369 ἐπὶ
2992 5318 3103 5380 τοῖς
3143 5314 3437 5387 μέλλουσιν
3462 5314 3639 5385 ἔργοις

354 5415 559 5487 cap.”
579 5414 795 5479 ,tliema
831 5413 914 5478 t4,
933 5412 1083 5469 circa
1113 5412 1388 5469 linem:Si
1408 5421 1529 5469 nter
1561 5431 1663 5471 nos
1683 5416 1837 5472 locus
1853 5432 1945 5472 sa-

349 5523 464 5574 cer,
479 5505 845 5576 autsepulcri,
860 5491 1219 5574 amsanctus,
1238 5506 1378 5562 situs
1389 5515 1494 5573 est,
1520 5507 1757 5564 servitus
1773 5510 1947 5564 conisi.

350 5608 499 5655 stere
518 5614 627 5651 non
647 5606 848 5668 potest.
871 5594 986 5667 Dig.
1021 5596 1083 5651 51
1108 5596 1193 5663 tit,
1219 5598 1254 5650 ‘2
1282 5595 1378 5650 lib.
1413 5611 1500 5651 xu
1525 5606 1610 5652 est
1635 5597 1718 5653 tit.
1737 5597 1794 5663 2,
1822 5614 1945 5668 cap.

342 5693 435 5756 50,
477 5691 663 5745 thema
696 5689 751 5754 ‘2,
807 5690 900 5743 lib.
923 5705 973 5744 L.
1012 5689 1211 5744 Desino
1259 5688 1562 5759 possidere,
1618 5690 1765 5760 quod
1806 5691 1948 5746 alius

359 5779 494 5832 mihi
525 5777 729 5832 ademit
751 5788 802 5833 et
828 5774 971 5849 [ubi]
994 5784 1412 5832 monumentum
1444 5774 1705 5849 [positum
1738 5777 1868 5850 est],
1895 5789 1945 5836 ct

334 5872 479 5942 quod
542 5875 751 5934 Sicrum
806 5870 1012 5925 factum
1056 5880 1158 5919 ρει.
1216 5870 1594 5927 ιυτννειιιιητνοξ
1642 5882 1818 5926 ante"!

2051 5408 2305 5483 ἁρμόζει.
2339 5409 2404 5463 Ei
2450 5407 2559 5481 γὰρ
2598 5408 2705 5479 ἤδη
2757 5408 2950 5477 γέγονε
2987 5408 3049 5461 τὸ
3084 5409 3223 5479 ὅπερ
3256 5406 3353 5481 βίᾳ
3385 5407 3420 5480 ἢ
3469 5406 3637 5476 λάϐρα

2050 5501 2383 5575 πριχίιὲν,ἢ
2430 5500 2493 5555 τὸ
2550 5502 2683 5573 περὶ⁸
2723 5500 2894 5555 τόπου
2956 5500 3276 5573 σεϐασμίου,
3314 5501 3349 5572 ἢ
3404 5499 3466 5554 τὸ
3512 5498 3634 5569 περὶ

2048 5600 2216 5654 τόπου
2252 5596 2423 5670 ἱεροῦ,
2457 5594 2491 5668 ἦ
2516 5595 2577 5650 τὸ
2608 5595 2737 5668 περὶ
2776 5596 3023 5668 ποταμοῦ
3047 5595 3333 5666 δημοσίου,
3358 5594 3392 5666 ἢ
3422 5594 3483 5647 τὸ
3509 5592 3632 5661 περὶ

2032 5690 2217 5762 ,ὄχθης
2253 5687 2545 5759 δημοσίας,
2584 5686 2770 5758 χώραν
2814 5687 2946 5759 ἔχει.
2985 5687 3058 5740 Τὸ
3096 5685 3160 5751 ις’
3212 5685 3491 5757 διάταγμα
3542 5679 3629 5735 τοῦ

2048 5779 2096 5851 γ’
2131 5780 2312 5835 τίτλον
2342 5778 2460 5833 ἐστὶ
2502 5778 2704 5849 βιϐλίον
2738 5777 2840 5852 νη’,
2871 5779 3048 5845 τίτλος
3100 5778 3189 5850 ιγ’,
3225 5778 3518 5849 κεφάλαιον
3545 5771 3624 5838 ιζ’,

2050 5873 2193 5926 θέεια
2214 5871 2276 5933 δ’,
2319 5871 2451 5937 περὶ
2510 5870 2571 5923 τὸ
2614 5870 2786 5937 τέλος·
2829 5870 2973 5927 Εὶδὶ
3019 5872 3195 5927 κεῖται
3240 5868 3446 5942 μεταξῦ
3478 5863 3629 5939 ἡμῶν
