3744 6218
107 299 233 367 1037

1123 290 1609 355 NOMOCANON.
1649 313 1712 330 *-
1738 290 1888 352 ΤΙΤ.
1930 288 2013 365 II,
2054 290 2214 352 CAP.
2258 291 2309 351 Ι.

3255 285 3393 355 1038

102 417 255 478 τόπος
284 408 447 483 ἱερὸς,
478 409 511 481 ἦ
546 409 627 473 είς
671 405 928 479 ταφὴν,ἢ
990 405 1169 475 ἆγιος,
1213 407 1275 459 οὑ
1304 404 1529 459 δύναται
1589 421 1601 457 ι

1808 400 2176 473 epurgatione
2219 400 2456 471 positam
2499 415 2606 455 non
2645 415 2766 457 esse
2814 414 2934 456 cam
2975 398 3029 454 in
3056 401 3217 472 jtextu
3242 402 3390 470 posi-

106 508 284 577 στῆναι
310 504 545 576 δουλείᾳ.
576 502 649 555 Τὸ
681 500 763 555 λα’
792 501 1069 570 διάταγμα
1104 498 1198 552 τοῦ
1255 497 1300 569 β’
1351 497 1532 551 τίτλον
1582 495 1676 549 τοῦ

109 597 190 672 μα’
221 596 422 669 βιϐλίον
451 597 567 649 ἐστὶ
584 593 762 656 τίτλος
799 592 865 662 β’,
897 588 1195 661 κεφάλαιον
1226 591 1295 655 λ’,
1329 588 1472 660 θέμα
1494 586 1558 660 β’,
1583 586 1677 641 τοῦ

103 691 141 746 ν’
176 690 376 761 βιϐλίον
406 706 421 722 ’
454 686 708 758 Παύομαι
761 683 1023 755 νέμεσθαι
1079 684 1217 753 ὅπερ
1247 683 1406 746 ἄλλος
1432 682 1683 752 ἀφείλετό

108 799 224 851 μου,
289 780 381 833 καὶ
434 779 495 832 τὸ
544 779 809 849 μνημεῖον
875 776 1020 847 ἱερὸν
1082 777 1396 847 γένομενον.
1436 776 1683 847 Πρόσχες

104 875 189 929 οὖν
213 875 294 929 ὅτι
327 875 385 926 ὲν
418 875 486 945 τῇ
518 871 914 943 ἁνακαθάρσει,
947 870 1047 923 οὐκ
1084 869 1245 938 ἐτέθη
1275 868 1336 921 τὸ
1364 867 1514 931 ἐντὸς
1566 867 1674 921 κεί-

104 980 251 1035 μενον
285 963 446 1035 μέρος
477 962 573 1016 τοῦ
599 962 763 1033 νόμον
782 962 843 1015 τὸ
861 960 1039 1029 λέγον.
1068 958 1186 1013 Κᾶν
1213 958 1289 1031 μὴ
1314 959 1387 1021 ὡς
1416 958 1680 1026 τοιοῦτον,

99 1056 205 1111 ἀλλ’
268 1056 344 1120 ὼς
400 1055 672 1109 ἰδιωτικὸν
720 1054 883 1108 αὐτὸν
938 1055 1174 1124 ἔχωμεν.
1206 1054 1316 1105 Καὶ
1365 1052 1457 1106 διὰ
1512 1052 1677 1106 τοῦτο

98 1150 322 1221 ὀφείλεις
343 1148 636 1220 προσέχειν
662 1147 823 1201 πλέον
852 1149 964 1209 τοῖς
992 1149 1050 1198 ὲν
1074 1144 1154 1217 τῷ
1180 1142 1450 1215 βασιλικῷ
1515 1159 1679 1213 περι-

98 1239 424 1313 ερχομένοις.
453 1238 529 1293 Τὸ
558 1235 603 1289 θ’
643 1235 919 1305 διάταγμα
945 1232 1041 1287 τοῦ
1063 1230 1110 1302 γ’
1130 1230 1311 1285 τίτλον
1342 1230 1456 1283 ἔστι
1476 1227 1680 1299 βιϐλίον

98 1333 156 1398 ν’,
182 1332 353 1395 τίτλος
380 1328 451 1400 γ’,
481 1329 776 1399 κεφάλαιον
810 1325 853 1380 θ’
874 1345 889 1360 ο
925 1327 1025 1381 Διὰ
1054 1325 1276 1396 χρονίας
1296 1325 1464 1394 νομῆς
1484 1320 1679 1375 δεσπό-

98 1427 266 1492 ζονται
300 1424 370 1478 τὰ
394 1422 704 1494 σωματικὰ,
738 1420 908 1491 χωρὶς
940 1418 1103 1490 ίερῶν
1136 1417 1171 1488 ἢ
1203 1416 1395 1485 ἁγίων,
1435 1414 1467 1485 ἢ
1506 1414 1679 1484 δημο-

100 1519 239 1584 σίων,
274 1518 307 1588 ἢ
362 1516 541 1587 δήμου
579 1513 869 1585 Ῥωμαίων
895 1553 910 1579 ,
943 1511 977 1583 ἢ
1032 1510 1263 1577 πόλεως,
1297 1510 1331 1579 ἦ
1376 1507 1678 1577 ἐλευθέρων

96 1609 407 1681 ἀνθρώπων.
445 1607 521 1661 Τὸ
573 1605 642 1673 α’,
684 1606 784 1660 καὶ
835 1602 880 1675 β’
911 1603 1189 1673 διάταγμα
1246 1600 1342 1655 τοῦ
1390 1597 1436 1655 α’
1491 1600 1674 1653 τίτλον

93 1702 181 1757 τοῦ
212 1700 299 1774 μγ¹
327 1700 538 1773 βιϐλίον
575 1700 687 1754 τῶν
712 1698 1044 1765 Διατὰξεων,
1069 1698 1183 1750 ἐστι
1225 1694 1430 1767 βιϐλιον
1458 1692 1559 1765 νη’,
1584 1692 1679 1745 τί-

91 1796 202 1860 τλος
232 1794 310 1863 ιδ’,
352 1794 650 1865 κεφάλαιον
678 1792 745 1864 β’,
773 1792 916 1864 θέμα
937 1790 1367 1862 παρατέλεντον·
1403 1788 1484 1840 Τὰ
1513 1786 1670 1856 νόμι-

1789 503 1896 552 tam
1928 494 2065 566 legis
2088 504 2322 564 partem,
2346 509 2469 565 quae
2504 494 2636 550 dicit
2669 512 2682 548 :
2718 492 2958 549 Tametsi
2989 509 3095 549 non
3124 495 3383 560 uttalem,

1788 588 1882 644 sed
1908 589 2182 658 privatum
2217 602 2343 641 eum
2374 587 2695 642 habeamus.
2746 587 2826 642 Ac
2855 587 3063 647 idcirco
3108 588 3389 643 adhaerere

1788 679 1898 734 illis
1927 678 2116 746 debes,
2142 694 2265 750 quae
2293 679 2349 733 in
2394 679 2559 734 Basil.
2612 679 2984 734 continentur.
3030 678 3306 751 Digestum
3326 680 3384 745 9,

1789 774 1870 829 tit.
1894 775 1948 841 5,
1982 781 2063 828 est
2093 774 2186 828 lib.
2218 791 2269 839 ι,
2336 773 2416 827 tit.
2458 773 2600 827 tertii
2649 788 2768 843 cap.
2809 774 2883 828 9:
2941 772 3046 827 Per
3070 774 3386 827 diuturnam

1785 870 2191 942 possessionem
2255 868 2654 936 usucapiuntur
2705 865 2840 940 [res]
2904 867 3239 937 corporales,
3292 882 3390 922 ex-

1784 964 1957 1034 ceptis
2005 959 2214 1036 [rebus]
2248 962 2443 1027 sacris,
2494 961 2723 1025 sanctis,
2759 960 3012 1031 publicis,
3054 961 3237 1031 populi
3271 958 3385 1015 Ro-

1783 1057 1953 1120 mani,
2030 1053 2337 1120 civitatum,
2394 1053 2521 1109 item
2582 1053 2769 1109 liberis
2830 1053 3169 1109 hominibus.
3228 1053 3387 1124 Dige-

1782 1162 1930 1207 stum
1964 1152 1984 1205 l
2018 1158 2075 1205 et
2122 1151 2159 1205 2
2211 1151 2293 1205 tit.
2345 1151 2371 1204 1
2434 1149 2527 1205 lib.
2588 1165 2719 1203 xuii
2760 1148 3105 1220 Digestorum
3154 1160 3240 1206 est
3288 1151 3383 1206 lib.

1783 1259 1939 1308 Lvm,
1976 1244 2060 1309 tit,
2098 1243 2183 1310 14,
2217 1258 2319 1314 cap
2358 1243 2414 1307 2,
2453 1244 2634 1297 thema
2661 1243 2886 1312 penult:
2920 1242 3187 1313 Legitima
3217 1247 3390 1300 inter-

1787 1338 1937 1393 dicta
1979 1348 2301 1408 competunt
2344 1337 2513 1391 divini
2559 1337 2703 1408 juris
2742 1352 2947 1402 causa,
2990 1339 3136 1394 sicut
3180 1338 3325 1412 [est]
3367 1357 3382 1393 :

1784 1428 1867 1485 Ne
1898 1430 2023 1501 quid
2046 1435 2099 1483 in
2126 1430 2239 1485 loco
2278 1447 2433 1484 sacro
2452 1430 2551 1500 ﬁat
2582 1445 2601 1483 :
2638 1429 2745 1494 vel,
2780 1430 2932 1497 Quod
2953 1430 3156 1500 factum
3187 1443 3286 1499 est,
3322 1444 3380 1486 ut

1781 1527 2127 1579 restituatur:
2145 1535 2197 1579 et
2215 1524 2279 1578 de
2302 1536 2510 1578 mortuo
2531 1524 2824 1593 inferendo,
2847 1526 2928 1579 vel
2950 1526 3188 1596 sepulcro
3211 1528 3382 1598 (ediﬁ-

1781 1617 2267 1689 cando.Digestum
2291 1618 2340 1679 1,
2365 1618 2449 1672 tit.
2480 1616 2514 1672 6
2539 1626 2623 1673 est
2653 1619 2737 1671 tit.
2767 1618 2973 1673 l5libri
3004 1634 3159 1686 qu,
3183 1635 3302 1690 cap.
3326 1621 3381 1684 1,

1780 1709 1927 1781 quod
1967 1711 2047 1764 sic
2087 1710 2250 1765 habet
2283 1728 2295 1765 :
2328 1709 2418 1764 Ait
2448 1719 2683 1781 praetor:
2715 1710 2781 1764 In
2834 1712 2951 1767 loco
2993 1729 3147 1767 sacro
3182 1712 3378 1782 facere,

1779 1804 1895 1859 inve
1926 1820 2045 1857 eum
2086 1804 2371 1857 immittere
2391 1804 2519 1874 quid
2538 1813 2669 1858 veto.
2704 1802 2898 1860 Hocde
2930 1805 3053 1860 loco
3071 1820 3249 1871 sacro,
3269 1820 3380 1861 non

94 1908 163 1961 μα
215 1889 659 1961 παραγγέλματα
699 1885 1034 1958 ἀρμόζονσιν
1068 1884 1102 1956 ἢ
1138 1884 1227 1937 διὰ
1252 1883 1396 1936 θεῖον
1425 1881 1601 1934 δίκαιο

1814 1912 1843 1951 e
1857 1894 2091 1966 profano
2110 1895 2394 1966 competit.
2420 1893 2631 1968 [Neque
2660 1896 2769 1951 huc
2791 1896 3024 1969 spectat]
3042 1913 3107 1951 ne
3124 1913 3282 1953 sacer
3302 1899 3385 1952 lo-

88 1977 264 2050 ὦσπερ
296 1975 519 2045 ’Ἰναμὴ
540 1975 783 2047 γένηται
799 1976 870 2029 ἐν
909 1977 1043 2042 ίερῳ
1064 1971 1242 2043 τόμῷ,
1279 1971 1313 2043 ἢ
1359 1968 1475 2025 κᾶν
1494 1971 1671 2039 γένη-

88 2086 193 2135 ται,
210 2070 308 2123 ἵνα
329 2066 753 2135 ἁποκαταστῇ.
785 2068 897 2119 Καὶ
922 2066 1183 2136 περὶτοῦ
1199 2065 1547 2134 είσκομίσαι
1572 2082 1671 2118 νε-

88 2166 241 2235 κρὸν,
280 2165 312 2235 ἢ
348 2166 557 2219 κτίσαι
586 2164 803 2233 τάφον.
852 2163 925 2215 Τὸ
968 2160 1016 2216 α’
1046 2162 1324 2231 διάταγμα
1375 2160 1470 2214 τοῦ
1508 2158 1561 2225 ς’
1591 2160 1670 2213 τί⁸

87 2260 203 2312 τλου
222 2256 535 2321 ὲστὶτίτλος
559 2256 641 2324 ιε’,
673 2257 967 2326 κεφάλαιον
1002 2253 1073 2319 α’,
1101 2255 1197 2308 τοῦ
1216 2253 1295 2325 νη¹
1321 2253 1549 2324 βιϐλίον,
1581 2253 1669 2307 οὔ·

86 2367 184 2413 τως
199 2351 336 2420 ἔχον·
365 2349 424 2403 Ὀ
456 2349 730 2420 πραίτωρ·
762 2349 859 2401 Ἐν
879 2346 1013 2415 ἱερῷ
1032 2346 1195 2412 τόπῳ
1210 2346 1247 2415 ἢ
1270 2344 1465 2399 ποιεῖν
1485 2346 1522 2413 ἢ
1542 2346 1670 2398 είσ-

89 2443 335 2513 πέμπειν
354 2460 408 2497 τι
426 2443 661 2497 κωλύω.
694 2440 864 2495 Τοῦτο
891 2441 1019 2513 περὶ
1046 2439 1192 2511 ἱεροῦ
1214 2440 1409 2504 τόπου,
1442 2439 1504 2491 οὐ
1541 2436 1671 2508 περὶ

94 2536 309 2608 βεϐήλου
356 2537 618 2609 ἁρμόζει,
645 2538 707 2589 οὐ
737 2535 827 2589 διὰ
858 2535 920 2589 τὸ
943 2533 1274 2606 κοσμεῖσθαι
1316 2531 1501 2600 αὐτὸν,
1531 2532 1670 2585 ἀλλὰ

88 2630 168 2685 διὰ
184 2631 242 2685 τὸ
267 2630 341 2703 μὴ
367 2631 727 2698 βλάπτεσθαι.
745 2629 812 2684 ’11
833 2629 891 2684 δὲ
926 2628 1149 2701 φροντὶς
1170 2626 1279 2682 τῶν
1304 2625 1467 2697 ἱερῶν
1484 2626 1669 2680 τόπων

88 2725 187 2788 τοῖς
210 2724 588 2795 φροντίζουσιν
626 2723 808 2778 αὐτῶν
850 2723 1063 2795 ἀνήκει.
1093 2721 1167 2775 Τὸ
1199 2718 1245 2793 β’
1265 2721 1548 2791 διάταγμα
1574 2718 1667 2774 τοῦ

89 2815 135 2890 η’
169 2819 343 2873 τίτλον
375 2815 476 2873 106
511 2815 599 2888 μγ¹
633 2817 841 2889 βιϐλίον
880 2818 997 2870 ἐστι
1034 2814 1239 2888 βιϐλίον
1274 2811 1357 2888 νη¹
1389 2814 1566 2880 τίτλος
1594 2810 1667 2883 η’,

89 2913 371 2983 κεφάλαιον
404 2910 472 2979 ε’,
501 2912 645 2983 θέμα
675 2909 768 2977 ια’,
809 2909 983 2975 οὕτως
1035 2909 1159 2981 ἔχον
1210 2907 1287 2974 ὡς
1335 2908 1429 2962 καὶ
1481 2909 1539 2960 ὲν
1588 2905 1670 2979 τῷ

89 3008 315 3082 κειμένῳ
347 3008 591 3079 ἐγράφη.
633 3006 709 3060 Τὸ
737 3004 785 3077 γ’
813 3005 1094 3077 διάταγμα
1123 3002 1218 3059 τοῦ
1262 2998 1316 3069 ς’
1349 3002 1529 3057 τίτλον
1573 3002 1668 3055 τοῦ

93 3099 166 3168 μδ¹
194 3099 421 3171 βιϐλίον,
447 3099 565 3153 ἔστι
593 3098 798 3170 βιϐλίον
825 3095 938 3165 κζ’,
970 3096 1270 3167 κεφάλαιον
1302 3094 1543 3164 θ’,λέγον
1575 3094 1670 3148 οὖ-

89 3206 187 3255 τως
209 3192 281 3257 ὡς
309 3192 534 3264 ἐγράφη
559 3193 638 3256 είς
668 3192 728 3245 τὸ
762 3190 1038 3262 κείμενον.
1091 3189 1392 3262 Ἐρωτήσει
1421 3204 1526 3253 τιςο
1562 3188 1673 3242 Καὶ

1784 2004 1883 2046 cus
1898 1989 2220 2053 adornetur,
2240 1988 2333 2044 sed
2354 2004 2421 2042 ne
2436 1986 2565 2060 [illi]
2590 1998 2872 2044 noceatur.
2903 1987 3201 2045 Sacrorum
3230 1991 3383 2046 loco-

1782 2097 1907 2137 rum
1919 2096 2051 2137 cura
2075 2080 2142 2134 ad
2163 2095 2255 2137 eos
2274 2080 2525 2150 pertinet,
2543 2082 2637 2151 qui
2678 2081 2768 2137 illa
2804 2092 3022 2138 curant.
3050 2081 3329 2153 Digestnm
3348 2084 3383 2137 2

1784 2174 1866 2228 tit.
1886 2172 1941 2240 8,
1962 2173 2057 2229 lib.
2078 2189 2232 2239 mn,
2251 2174 2439 2229 estlib.
2472 2176 2725 2238 LVIll,l.il.
2755 2176 2810 2241 8,
2830 2191 2952 2248 cap.
2976 2175 3219 2236 5,thema
3243 2178 3305 2232 11
3330 2189 3384 2234 ct

1786 2264 1873 2331 η,
1889 2279 2011 2335 qua:
2027 2263 2108 2320 sic
2126 2265 2345 2330 habent,
2360 2274 2420 2319 ut
2447 2266 2503 2321 in
2531 2274 2683 2321 textu
2709 2266 2909 2336 scripta
2928 2275 3073 2323 sunt.
3098 2269 3379 2340 Digestuzn

1782 2358 1957 2429 5ξιίι.6
1989 2359 2112 2414 libri
2126 2368 2344 2413 xuvest
2368 2359 2641 2425 lib.xxvn,
2660 2361 3383 2431 cap.9,quoddicit,fquem-

1783 2453 2079 2510 admodum
2121 2452 2177 2507 in
2211 2460 2361 2508 textu
2399 2452 2663 2524 scriptum
2693 2460 2797 2509 est.
2849 2451 2955 2509 Sed
2998 2454 3213 2524 rogabit
3246 2454 3385 2527 [for-

1782 2544 1955 2618 tasse]
1994 2545 2291 2616 quispiam,
2331 2545 2690 2615 quamobrem
2740 2545 2857 2601 hac
2918 2545 3055 2618 legis
3080 2562 3209 2618 pars
3258 2564 3381 2618 qua:

1785 2638 1996 2694 habet:
2038 2636 2283 2694 Tametsi
2318 2654 2425 2693 non
2454 2646 2516 2694 ut
2548 2638 2734 2705 talem,
2780 2637 2875 2694 sed
2923 2640 3200 2710 priVatum
3254 2654 3381 2696 eum

1786 2732 2186 2799 habeamus,in
2218 2732 2385 2788 Basil.
2416 2746 2527 2787 non
2559 2732 2631 2787 sit
2666 2731 2917 2803 apposita
2943 2732 2967 2786 ?
2989 2730 3133 2804 Lege
3160 2743 3383 2789 cautum

1780 2834 1864 2882 est
1894 2826 1948 2880 in
1980 2838 2100 2895 cap.
2134 2826 2202 2881 15
2232 2828 2312 2881 tit.
2364 2825 2398 2880 4
2437 2826 2531 2882 lib.
2590 2842 2677 2888 XL,
2721 2840 2831 2880 non
2868 2827 3048 2898 rumpi
3088 2827 3382 2898 usucapio-

1782 2934 1907 2974 nem
1950 2917 2097 2984 inde,
2133 2917 2278 2989 quod
2310 2918 2467 2974 bona:
2498 2918 2620 2974 fidei
2648 2934 2935 2990 possessor
2959 2935 3058 2990 per
3090 2920 3383 2975 denuntia-

1784 3012 1987 3067 tionem
2030 3028 2089 3069 se
2120 3014 2295 3067 aliena
2335 3012 2616 3083 possidere
2659 3012 2949 3085 intelligat.
2992 3012 3225 3084 Propter
3280 3014 3386 3068 huc

1787 3104 1953 3176 igitur
1979 3105 2388 3177 repurgationis
2431 3105 2645 3161 auctori
2703 3106 2955 3177 iniquum
3020 3122 3143 3162 esse
3201 3107 3381 3162 visum

1781 3208 1885 3264 est,
1920 3196 1965 3252 si
2002 3198 2161 3253 bona:
2206 3198 2331 3254 ﬁdei
2362 3199 2701 3270 possessoris
2750 3200 3031 3270 possessio
3072 3209 3386 3272 rumpatur.

90 3284 222 3349 τίνος
244 3286 405 3359 χάριν
440 3286 503 3340 οὐ
531 3285 803 3357 προετέθη
834 3285 892 3337 ὲν
922 3285 1038 3347 τοῖς
1066 3282 1378 3346 Βασιλικοῖς
1409 3282 1469 3336 τὸ
1506 3282 1601 3353 μέρ

1812 3305 1844 3343 ο
1866 3290 2014 3361 quod
2045 3288 2159 3346 Deo
2186 3302 2569 3347 consecratum
2601 3292 2694 3358 sit,
2726 3292 2871 3363 quod
2902 3292 3042 3347 bona
3072 3291 3177 3348 ﬁde
3205 3294 3389 3364 possi-

88 3378 264 3434 τούτου
323 3380 421 3433 τοῦ
472 3379 661 3450 νόμον,
692 3381 752 3431 τὸ
779 3379 937 3447 λέγον
968 3393 983 3409 ο
1022 3376 1141 3431 Κᾶν
1179 3376 1257 3449 μὴ
1297 3375 1373 3437 ὡς
1401 3376 1668 3443 τοιοῦτον,

88 3471 283 3536 ἀλλ’ὡς
338 3471 612 3527 ἰδιωτικὸν
660 3471 794 3527 αὐτὸ
856 3471 1109 3543 ἕχωμεν;
1158 3468 1564 3541 Ἐνομοθετήθη
1611 3470 1670 3523 ὲν

90 3568 352 3639 κεφαλαίῳ
384 3566 462 3638 ιγ’
495 3566 591 3620 106
626 3563 667 3619 δ’
718 3564 902 3619 τίτλον
932 3563 1024 3617 106
1058 3560 1111 3635 μ’
1139 3561 1372 3634 βιϐλίον,
1410 3563 1485 3633 μὴ
1512 3578 1669 3634 περιο

88 3659 371 3714 κόπτεσθαι
421 3658 525 3729 τὴν
558 3654 1027 3728 οὐσουκαπητίαν,
1064 3657 1129 3708 ἐκ
1176 3651 1269 3708 τοῦ
1326 3653 1513 3707 λαϐεῖν
1571 3652 1661 3707 διὰ

86 3752 455 3822 παραγγελίας
510 3750 739 3822 εἴδησιν,
770 3748 855 3801 τὸν
900 3749 1042 3820 καλῇ
1103 3748 1285 3800 πίστει
1340 3746 1551 3817 νομέα,
1583 3748 1664 3800 ὅτι

86 3844 349 3916 ἀλλότριον
377 3842 631 3914 νέμεται,
672 3842 891 3908 Ἔδοξεν
924 3836 1020 3894 οὖν
1074 3838 1161 3892 διὰ
1217 3836 1379 3892 τοῦτο
1429 3838 1671 3893 ποιοῦντι

86 3938 174 4009 τὴν
202 3938 533 4009 ἀκάθαρσιν,
568 3937 751 3990 ἄδικον
791 3930 933 3988 εἶναι
981 3932 1042 3987 τὸ
1082 3932 1520 4004 περικόπτεσθαι
1572 3932 1670 4006 τὴν

87 4034 265 4102 νομὴν,
298 4032 393 4086 τοῦ
460 4031 598 4102 καλῇ
643 4029 825 4082 πίστει
870 4028 1086 4098 νομέως
1111 4028 1176 4081 ἐκ
1202 4026 1299 4081 106
1333 4027 1668 4099 ἀνατεθῆναι

1779 3383 1890 3438 det.
1942 3382 2203 3454 Atque(id
2249 3383 2470 3455 quidem
2497 3385 2697 3457 multo)
2741 3385 2919 3453 magis
2973 3383 3246 3457 [iniquum
3305 3387 3390 3441 vi-

1779 3489 1901 3529 sum
1925 3473 2053 3547 est].
2073 3474 2120 3530 si
2149 3490 2214 3530 ex
2238 3475 2424 3545 judice
2452 3476 2554 3530 hoc
2584 3491 2692 3529 non
2724 3476 3075 3542 intellexerit,
3122 3485 3177 3532 et
3220 3479 3379 3547 quasi

1780 3568 2055 3637 privatum
2081 3566 2211 3622 illud
2240 3568 2568 3638 possederit,
2601 3566 2952 3641 [Ac]propter
2982 3568 3087 3624 hoc
3107 3566 3378 3643 [quidem]

1778 3657 1916 3728 legis
1936 3655 2051 3730 [03)
2092 3672 2222 3727 pars
2251 3673 2373 3728 quae
2407 3658 2569 3712 habet
2598 3675 2611 3712 :
2643 3656 2889 3713 Tametsi
2913 3669 3023 3711 non
3050 3666 3110 3712 ut
3136 3671 3381 3722 sacrum,

1776 3749 1871 3803 sed
1905 3757 1962 3803 ut
1992 3751 2266 3819 privatum
2301 3764 2426 3803 eum
2447 3750 2830 3820 possiileainus
2853 3767 2865 3803 :
2888 3765 2994 3803 non
3021 3759 3104 3804 est
3126 3757 3369 3818 recepta.

1771 3845 1971 3900 Sancta
1990 3861 2119 3900 vero
2153 3844 2322 3900 hicne
2348 3846 2555 3917 privata
2582 3854 2771 3899 sancta
2795 3846 2999 3900 dixeris
3026 3846 3339 3912 :sed;monu
3359 3870 3385 3885 ο

1772 3948 1973 4003 menta,
2004 3954 2127 4009 quae
2152 3938 2317 3991 etiam
2356 3938 2605 4008 religiosa
2645 3938 2923 3991 dicuntur.
2965 3934 3182 3990 Privata
3220 3936 3368 3989 enim

1771 4040 1980 4097 sani-ta,
2001 4034 2116 4087 sive
2154 4047 2259 4085 non
2284 4030 2880 4093 cunsecrata,dominio
2900 4029 3284 4097 subjiciuntur.

85 4128 155 4199 τῷ
178 4129 290 4199 Θεῷ
314 4131 375 4183 τὸ
415 4131 571 4200 παρὰ
598 4128 693 4181 τοῦ
743 4125 882 4194 καλῇ
933 4123 1118 4176 πίστει
1185 4120 1398 4193 νομέως
1480 4122 1797 4194 νεμόμενον,
1868 4127 1966 4179 καὶ
2026 4125 2230 4196 μᾶλλον
2295 4127 2343 4178 εἰ
2397 4123 2534 4196 μηδὲ
2597 4123 2697 4194 τὴν
2738 4124 2868 4194 περὶ
2936 4122 3129 4176 τούτου
3170 4121 3387 4190 εἴδησιν

86 4208 263 4275 ἕλαϐεν
321 4219 436 4277 ἀπὸ
489 4222 583 4275 τοῦ
628 4217 1009 4291 δικαστηρίου,
1062 4214 1239 4278 ἄλλως
1286 4214 1551 4270 ἰδιωτικὸν
1582 4217 1716 4271 αὐτὸ
1753 4219 1978 4291 ἐνέμετό
2005 4235 2020 4249 ο
2054 4220 2144 4274 διά
2158 4236 2241 4272 τοι
2278 4218 2435 4272 τοῦτο
2465 4220 2525 4272 τὸ
2556 4219 2722 4290 μέρος
2754 4217 2849 4271 τοῦ
2870 4217 3039 4287 νόμον
3066 4216 3128 4270 τὸ
3192 4216 3377 4284 λέγον,

88 4311 195 4366 Κᾶν
228 4314 300 4386 μὴ
328 4316 402 4379 ὡς
439 4314 605 4386 ἱερδν,
638 4312 814 4375 ἄλλως
864 4308 1136 4364 ἰδιωτικὸν
1166 4307 1330 4361 αὑτὸν
1367 4307 1671 4379 νεμόμεθα,
1723 4313 1823 4365 οὑκ
1864 4312 2058 4384 ἐδέχθη
2091 4313 2260 4382 Ἀγια
2285 4311 2521 4367 ἐνταῦθα
2543 4311 2619 4383 μὴ
2639 4312 2709 4365 τὰ
2736 4311 2985 4365 ἰδιωτικὰ
3024 4310 3156 4380 ἅγια
3188 4310 3378 4382 εῐπης,

86 4406 212 4461 ἀλλὰ
250 4410 319 4462 τὰ
350 4409 621 4480 μνημεῖα,
657 4405 723 4459 τὰ
753 4405 849 4458 καὶ
892 4402 1215 4475 ρελεγιόσσα
1259 4401 1553 4473 λεγόμενα,
1596 4407 1665 4459 τὰ
1703 4406 1813 4479 γὰρ
1846 4406 2094 4461 ἰδιωτικὰ
2138 4408 2291 4478 ἅγια,
2320 4408 2395 4471 ὡς
2425 4407 2494 4461 τὰ
2529 4407 2604 4478 μὴ
2656 4406 2952 4477 ἱερωθέντα
2998 4404 3381 4470 δεσπόζονται.

151 4501 458 4570 Κείμενον.
502 4496 716 4552 Βιϐλίον
757 4492 861 4568 με’,
894 4494 1002 4549 τίτ.
1054 4493 1124 4563 α’,
1171 4494 1314 4550 διὰτ.
1351 4494 1601 4569 λη’,Καλ‹

1849 4499 2069 4555 Τεεειιιδ.
2104 4500 2225 4557 Lib.
2244 4518 2368 4565 XLV,
2404 4501 2485 4555 tit.
2511 4501 2562 4569 1,
2590 4500 2783 4571 digest.
2812 4500 2881 4555 58
2920 4522 2930 4555 :
2966 4498 3134 4556 Recte
3166 4500 3265 4558 abs
3297 4510 3377 4570 te,

85 4594 333 4665 ἐπερωτῶ
361 4610 423 4647 σε
455 4609 514 4645 κ.
551 4608 603 4645 τ.
642 4589 696 4644 λ.
730 4603 905 4659 usque
936 4587 1006 4643 ad
1033 4588 1092 4641 τδ
1119 4587 1327 4642 δίκαιον
1344 4588 1533 4645 αὑτοῦ.

148 4687 427 4756 Σχόλιον.
464 4686 539 4740 Τὸ
565 4684 648 4756 λη’
679 4687 962 4758 διάταγμα
999 4685 1096 4740 τοῦ
1133 4683 1181 4740 α’
1212 4685 1395 4740 τίτλον
1433 4685 1528 4742 τοῦ
1586 4684 1669 4760 με’

88 4778 305 4848 βιϐλίον,
335 4781 455 4834 ἐστι
495 4778 703 4851 βιϐλίον
738 4777 859 4850 μγ’,
890 4779 996 4834 τίτ.
1027 4777 1109 4847 α’,
1144 4798 1271 4849 κεφ.
1300 4777 1388 4845 ιζ’,
1426 4778 1571 4853 θέμα
1602 4778 1666 4847 ε’,

85 4870 244 4937 οὕτως
262 4873 405 4945 ἔχον,
425 4872 624 4937 Καλῶς
655 4872 917 4944 ἐπερωτῶ
941 4889 999 4925 σε
1027 4874 1301 4944 παριστᾷν
1329 4872 1472 4937 τόδε,
1497 4873 1530 4945 ἢ
1557 4872 1671 4927 κτί-

87 4961 193 5028 ζειν
223 4966 417 5039 ίερδνῆ
446 4966 713 5039 μνημείου
736 4966 920 5020 τόπον.
949 4966 1061 5019 Καὶ
1087 4968 1119 5037 ὴ
1154 4966 1246 5019 ἐπὶ
1270 4965 1379 5018 τῶν
1409 4965 1668 5020 τοιούτων

87 5057 192 5129 γὰρ
221 5061 405 5114 τόπων
434 5058 705 5131 μίσθωσις
737 5059 1003 5131 ἔρρωται.
1045 5059 1157 5113 Καὶ
1182 5060 1244 5114 τὸ
1269 5057 1362 5128 πγ⁸
1388 5060 1668 5130 διάταγμα

86 5149 263 5203 τούτου
309 5153 430 5205 ἐστὶ
482 5150 687 5222 βιϐλίον
734 5148 845 5222 μγ’,
882 5149 1061 5214 τίτλος
1093 5148 1161 5218 α’,
1228 5150 1521 5220 κεφάλαιον
1553 5148 1667 5219 πγ’,

90 5241 224 5313 θέμα
253 5242 316 5297 δ’·
344 5242 485 5299 Οὔτε
509 5244 677 5316 ἱερὸν,
710 5243 833 5297 οὗτε
864 5243 1136 5314 μνημείου
1168 5245 1425 5315 πρᾶγμα,
1456 5243 1582 5297 οὔτε
1611 5244 1669 5298 τὸ

87 5336 339 5409 διηνεκῶς
386 5341 453 5412 τῇ
508 5337 749 5410 δημοσίᾳ
787 5339 983 5409 χρήσει
1038 5336 1357 5409 ἀφορισθέν,
1382 5339 1669 5409 ἐπερωτᾷν

87 5428 347 5501 δύναμαιο
379 5430 502 5486 οὔτε
532 5432 624 5486 τὸν
656 5430 944 5502 ἐλεύθερον
980 5430 1291 5501 ἄνθρωπον,
1348 5429 1453 5483 κᾶν
1485 5431 1530 5482 εί
1576 5429 1667 5483 δύ-

88 5538 238 5577 ναται
286 5523 472 5591 δοῦλος
498 5528 527 5579 ὀ
566 5524 853 5597 ἐλεύθερος
886 5524 1166 5592 γενέσθαι,
1199 5523 1297 5577 καὶ
1328 5525 1357 5577 ό
1398 5524 1541 5595 ἱερὸς
1580 5524 1613 5594 ἦ
1642 5525 1670 5577 ὁ

87 5613 335 5685 δημόσιος
364 5618 651 5682 ἰδιωτικός.
678 5620 742 5672 Εἰ
773 5618 882 5688 γὰρ
908 5617 1002 5671 καὶ
1036 5617 1303 5673 ἰδιωτικὸν
1332 5615 1670 5689 ἐπερωτηθῶ

92 5706 324 5779 τόπον,ἢ
356 5710 545 5765 δοῦλον
589 5712 686 5764 καὶ
724 5710 907 5781 συμϐῇ
938 5709 1028 5763 τὸν
1064 5710 1230 5763 τόπον
1261 5707 1669 5780 καθιερωθῆναι

96 5797 237 5868 ῆτὺν
294 5802 475 5859 δοῦλον
528 5804 968 5877 ἐλευθερωθῇναι
998 5804 1165 5876 χωρὶς
1205 5802 1359 5857 δόλον
1388 5821 1489 5875 μον
1517 5802 1668 5859 ἐλευ-

1774 4603 1907 4657 elc.,
1928 4609 2090 4664 usque
2109 4595 2179 4647 ad
2210 4594 2303 4664 jus
2326 4602 2589 4660 mutetur,
2621 4604 2678 4647 ut
2707 4611 2831 4665 pag.
2855 4592 2982 4650 567.

1846 4683 2138 4741 Scliolium.
2181 4686 2300 4757 Dig.
2339 4688 2408 4743 58
2462 4688 2545 4743 tit.
2607 4689 2630 4742 1
2664 4689 2757 4744 lib.
2793 4703 2920 4752 XLV,
2964 4695 3049 4743 est
3080 4687 3180 4743 lib.
3217 4702 3375 4753 XLIII,

1774 4782 1838 4837 tit
1868 4783 2064 4853 i,cap.
2087 4783 2176 4849 17,
2196 4783 2374 4836 thema
2397 4782 2449 4849 5,
2480 4782 2625 4853 quod
2663 4780 2742 4837 sic
2770 4779 2937 4835 habet
2964 4799 2978 4835 :
3010 4780 3177 4836 Recte
3200 4780 3374 4850 stipu-

1772 4872 1857 4928 lor
1885 4873 1983 4929 ahs
2014 4882 2087 4940 te,
2127 4881 2184 4927 ut
2220 4872 2371 4927 illum
2414 4872 2600 4937 sistas,
2649 4880 2743 4926 aut
2780 4869 2998 4944 laedem]
3042 4884 3254 4925 sacram
3288 4870 3370 4923 vel

1773 4963 1954 5019 locum
2025 4964 2341 5034 religiosum
2402 4964 2658 5019 :edilices.
2716 4962 2852 5017 Nam
2917 4970 2973 5017 et
3040 4961 3097 5017 in
3164 4960 3371 5016 istius-

1773 5059 1920 5114 modi
1960 5058 2094 5114 locis
2137 5059 2335 5115 locatio
2356 5059 2516 5113 valet.
2592 5056 2658 5113 Et
2696 5056 2767 5112 85
2816 5056 3011 5127 digest.
3060 5054 3083 5109 1
3136 5054 3219 5111 tit.
3264 5070 3367 5109 xcv

1770 5150 1867 5209 lib.
1898 5159 1982 5207 est
2032 5151 2129 5207 lib.
2168 5168 2324 5215 mu,
2363 5152 2448 5207 tit.
2484 5152 2539 5219 1,
2567 5166 2688 5221 cap.
2719 5151 2808 5213 83,
2855 5151 3039 5205 thema
3076 5150 3111 5205 4
3140 5147 3371 5221 :Neque

1772 5260 1887 5302 rem
1917 5262 2153 5313 sacram,
2185 5262 2364 5318 neque
2402 5246 2735 5317 religiosmu,
2766 5259 2946 5313 neque
2989 5243 3227 5314 publicis
3254 5245 3369 5298 usi-

1772 5339 1876 5394 bus
1920 5341 1973 5395 in
2029 5348 2354 5408 perpetuum
2410 5348 2749 5409 segregatam
2813 5336 3067 5405 stipulari
3115 5351 3367 5407 possum.

1770 5431 1960 5503 Neque
2000 5430 2157 5504 [vero
2192 5431 2383 5504 etiam]
2417 5431 2693 5485 hominem
2730 5428 2985 5496 liberum,
3036 5429 3256 5486 tametsi
3299 5447 3367 5484 ex

1772 5523 1947 5579 libero
1979 5541 2198 5591 servus,
2235 5536 2291 5581 et
2332 5540 2421 5579 res
2469 5537 2625 5579 sacra
2669 5522 2974 5594 publicave,
3015 5523 3228 5593 privata
3253 5522 3368 5577 ﬁeri

1774 5617 1971 5688 possit.
1998 5614 2135 5671 Nam
2172 5618 2298 5672 licet
2318 5617 2500 5671 locum
2539 5614 2829 5685 profanum
2859 5625 2953 5670 aut
2998 5631 3216 5670 servum
3253 5632 3373 5686 pro-

1773 5712 1998 5774 misero,
2038 5726 2100 5766 ac
2130 5710 2309 5767 locum
2340 5713 2458 5765 sine
2488 5724 2610 5764 meo
2636 5710 2762 5765 dolo
2802 5710 3115 5764 consecrari
3144 5710 3366 5763 contin-

1774 5814 1885 5879 gat,
1923 5804 2156 5872 liber-or;
2186 5820 2284 5861 nec
2314 5804 2365 5857 in
2400 5803 2790 5874 obligationem
2820 5818 3070 5874 revocor,
3097 5804 3141 5859 si
3178 5817 3370 5861 rursus
