3916 6244
405 345 548 413 1039

1562 332 1828 396 ΡΗΟΤΙΙ
1865 327 2375 393 ΡΑΤΗΙΑΗΟΗᾸΞ
2410 327 2522 390 CP.

3538 318 3679 394 ηιοιο

417 462 539 531 lege
569 454 753 527 aliqua
784 451 941 509 locus
968 448 1258 524 profanus,
1286 453 1382 503 aut
1418 443 1637 519 [homo]
1662 444 1800 499 liber
1823 456 2015 497 servus

2131 437 2405 512 lepoiuat,
2464 436 2563 492 καὶ
2606 436 2657 492 εί
2710 434 2897 509 συμϐῇ
2930 431 2995 486 ἔκ
3024 446 3173 496 τινος
3221 427 3386 502 νόμου
3434 429 3586 486 πάλιν
3624 449 3652 487 τ

425 566 551 610 esse
567 547 815 619 coeperit.
835 545 901 601 Et
924 543 1105 600 thema
1124 544 1155 598 7
1175 540 1419 612 ejusdem
1439 536 1655 609 capitis,
1677 534 1822 607 quod
1846 533 1979 589 dicit
2000 551 2013 589 :

429 638 768 718 [Hominem]
798 638 1032 694 liberum
1060 633 1313 707 stipulari
1347 646 1455 687 non
1491 644 1715 701 possum
1748 627 1850 684 sub
1886 634 2018 681 con‘

418 738 653 801 ditione,
701 731 924 805 quando
958 743 1149 787 servus
1178 725 1405 783 effectus
1426 723 1531 780 erit
1566 740 1580 778 :
1608 736 1787 789 neque
1825 721 2010 785 locum

415 843 664 892 sacrum,
697 822 1117 894 religiosumve,
1168 817 1387 889 quando
1428 812 1693 885 profanus
1724 808 1895 883 [erit].
1928 807 2019 862 Illa

416 923 564 981 enim
593 913 913 993 [duntaxat]
937 913 1186 984 stipulari
1237 922 1557 982 possumus,
1597 896 1721 977 quae
1773 914 2020 974 tempore

417 1012 787 1087 stipulationis
821 1007 1019 1079 subjici
1058 1005 1249 1062 usibus
1284 1002 1639 1071 dominioque
1676 1005 1867 1053 nostro
1892 1009 2021 1067 pos-

413 1120 561 1168 sunt.
615 1106 892 1176 Digestum
928 1101 993 1157 91
1020 1113 1106 1157 cst
1159 1099 1253 1153 lib.
1292 1111 1448 1163 XLIII,
1501 1094 1586 1149 tit.
1643 1093 1695 1158 l,
1753 1106 1873 1157 cap.
1928 1087 2018 1172 9i,

412 1204 599 1260 thema
649 1203 705 1267 2,
749 1197 894 1269 quod
961 1195 1151 1251 eadem
1197 1193 1367 1247 l‘crme
1410 1185 1844 1259 comprehendit,
1899 1196 2022 1252 quae

414 1294 727 1365 patriarcha
779 1290 953 1344 fusius
987 1283 1225 1355 scripsit.
1283 1280 1556 1351 Digestum
1592 1276 1691 1333 157
1730 1283 1816 1330 est
1866 1273 2020 1343 ejus-

416 1364 540 1443 dem
571 1399 669 1440 LIII
734 1382 830 1437 lib.
863 1388 917 1435 et
941 1379 1024 1434 tit.
1059 1392 1178 1447 cap.
1219 1373 1342 1439 157,
1406 1372 1587 1427 thema
1618 1368 1673 1432 4,
1710 1367 1858 1438 quod
1899 1364 2015 1421 ait:

423 1477 667 1535 lnvalide
721 1472 954 1545 stipulor
1003 1470 1106 1527 sub
1175 1465 1507 1530 conditione,
1546 1477 1670 1533 quae
1735 1460 1852 1529 lege
1894 1472 2021 1529 pro-

417 1572 591 1628 hibita
634 1576 718 1625 est
752 1585 767 1623 :
814 1563 1019 1623 veluti:
1051 1561 1218 1616 Dabis
1255 1560 1302 1615 si
1332 1557 1519 1612 Petrus
1543 1571 1653 1610 rem
1673 1568 1904 1617 sacram,
1940 1554 2019 1606 uel

426 1665 755 1737 religiosam,
803 1659 882 1715 vel
919 1656 1145 1728 publicis
1184 1652 1367 1708 usibus
1398 1651 1455 1704 in
1496 1656 1804 1721 perpetuum
1840 1660 2021 1715 segre-

420 1770 604 1834 gatam
659 1753 991 1812 vendiderit?
1021 1748 1264 1806 Tametsi
1315 1745 1432 1801 lieri
1482 1750 1678 1815 potest,
1718 1749 1779 1796 ut
1830 1754 2019 1795 earum

2124 532 2290 586 τόπον
2337 529 2631 597 ἰδιωτικὸν,
2667 530 2703 602 ἢ
2738 528 2831 584 τὸν
2876 524 3165 595 ἐλεύθερον
3221 522 3404 577 δοῦλον
3449 522 3680 592 γενέσθαι

2123 626 2225 681 οὐκ
2285 625 2570 697 ὲνέχομαι.
2598 623 2713 679 Καὶ
2775 621 2921 692 θέμα
2969 614 3015 684 ζ’
3068 614 3165 672 τοῦ
3212 615 3377 671 αὐτοῦ
3412 615 3682 686 κεφαλαίου

2121 718 2281 789 λέγον
2302 735 2316 750 ⁸
2360 718 2464 772 Τὸν
2491 716 2777 786 ἐλεύθερον
2800 713 2861 767 ού
2891 710 3127 783 δύναμαι
3154 709 3432 780 ἐπερωτᾷν
3470 708 3568 763 ὑπὸ
3611 708 3688 762 αι’-

2127 829 2276 885 ρεσιν
2331 811 2432 884 τὴν
2486 810 2577 865 ὅτε
2616 807 2805 871 δοῦλος
2833 804 3065 876 γένηται
3096 799 3224 855 ούτε
3245 800 3306 853 τὸ
3341 797 3537 871 ίερδνή
3568 816 3688 869 μνη-

2125 908 2277 978 μεῖον
2331 905 2422 960 ὅτε
2501 901 2772 972 γένωνται
2835 896 3103 953 ἰδιωτικά.
3170 893 3385 948 Ἐκεῖνα
3444 889 3545 962 γὰρ
3598 890 3689 943 ἑπ-

2123 998 2337 1070 ερωτᾷν
2406 991 2709 1067 δυνάμεθα,
2742 993 2867 1046 ὅσον
2931 988 3074 1043 κατὰ
3100 986 3196 1040 τὸν
3239 983 3425 1056 καιρὸν
3469 986 3563 1056 τῆς
3599 985 3689 1037 trt-

2121 1090 2468 1162 ερωτήσεως,
2499 1086 2602 1156 τῆς
2621 1084 2894 1158 χρήσεως,
2921 1082 3019 1137 καὶ
3046 1080 3150 1151 τῆς
3196 1074 3513 1140 δεσποτείας
3545 1075 3690 1146 ἡμῶν

2122 1182 2379 1255 γενέσθαι
2408 1180 2655 1236 δύναται.
2694 1177 2770 1233 Τὸ
2799 1174 2887 1245 ιμ’
2913 1172 3195 1245 διάταγμά
3222 1174 3340 1227 ἐστι
3369 1168 3564 1241 βιϐλίον
3589 1163 3688 1237 μγ’,

2122 1279 2229 1333 τίτ.
2278 1275 2349 1343 α’,
2388 1274 2690 1345 κεφάλαιον
2743 1269 2855 1340 ιμ’,
2898 1269 3046 1340 θέμα
3103 1265 3173 1339 β’,
3232 1264 3302 1319 τά
3351 1261 3488 1318 αὐτὰ
3526 1259 3692 1331 σχεδὸν

2120 1369 2490 1442 διαλαμϐάνον
2545 1368 2647 1422 ὅσα
2700 1366 2805 1420 και
2860 1365 2890 1418 ὁ
2953 1360 3305 1433 πατριάρχης
3351 1369 3693 1428 περιφραστι-

2124 1463 2239 1527 κῶς
2292 1460 2523 1534 ἔγραψε.
2576 1458 2650 1513 Τὸ
2715 1454 2825 1531 ρλζ⁹
2872 1455 3172 1526 διάταγμα,
3232 1450 3349 1505 ἐστι
3390 1446 3481 1502 τοῦ
3512 1442 3593 1519 μγ’
3620 1444 3694 1515 βι-

2132 1555 2285 1610 ϐλίου
2311 1554 2408 1609 καὶ
2435 1551 2641 1619 τίτλου,
2667 1549 2969 1621 κεφαλαίου
2999 1545 3133 1621 ρλζ’,
3169 1543 3405 1615 θέματος
3428 1537 3500 1609 δ’,
3532 1540 3693 1607 λέγον·

2142 1647 2479 1719 ’Λνισχύρως
2503 1637 2871 1716 ὲπερωτῶμαι
2898 1641 3028 1711 περὶ
3053 1640 3266 1711 αἵρεσιν
3303 1634 3407 1689 ύπὺ
3428 1631 3519 1688 τοῦ
3547 1631 3694 1702 νόμου

2126 1738 2548 1811 κεκωλυμένην,
2579 1730 2692 1790 οἷον
2725 1733 2912 1800 Δι’ὃως
2945 1732 3057 1787 ἐὰν
3084 1729 3312 1799 Πέτρος
3338 1724 3608 1793 πωλήσῃ,
3638 1723 3696 1777 τὸ

424 1819 608 1909 rerum
639 1850 731 1921 jus
785 1854 1050 1903 mutetur.
1070 1841 1219 1898 Idem
1262 1835 1415 1912 [est,]
1447 1834 1493 1891 si
1516 1832 1759 1890 conditio
1814 1838 2014 1886 natura

2131 1832 2307 1903 ἱερὸν,
2329 1832 2369 1899 ἢ
2392 1831 2459 1885 τὸ
2475 1828 2773 1902 μνημεῖον
2793 1825 2832 1897 ἢ
2855 1827 2923 1882 τὸ
2939 1825 3014 1895 τῇ
3036 1824 3301 1895 δημοσίᾳ
3321 1820 3530 1892 χρήσει
3546 1819 3689 1887 ἀφω-

423 1942 783 2016 impossibilis
812 1939 903 1996 sit.
939 1934 1164 1991 Locatio
1182 1942 1364 1988 autem
1388 1931 1457 1985 de
1487 1942 1643 1984 sacra
1688 1923 1851 1998 [aede]
1878 1922 2023 1979 valet

424 2054 547 2111 qua:
575 2036 642 2092 de
673 2049 738 2089 ea
772 2029 1109 2094 aediﬁcanda,
1147 2041 1257 2081 non
1296 2033 1474 2078 autem
1504 2016 1582 2093 [in
1615 2015 1878 2089 locatum]
1905 2025 2017 2071 tra-

433 2108 633 2195 denda,
667 2134 753 2183 est
781 2125 938 2181 inita.
969 2120 1029 2177 Si
1061 2118 1183 2192 quis
1208 2117 1354 2173 enim
1382 2112 1779 2169 monasterium
1805 2108 2012 2165 condu-

418 2224 580 2289 xerit,
614 2236 729 2277 non
764 2218 930 2276 modo
968 2230 1080 2271 non
1118 2227 1187 2269 ex
1219 2208 1603 2272 condnctione,
1629 2213 1742 2259 tum
1764 2203 1890 2274 jure
1915 2203 2011 2258 de-

2126 1923 2448 1995 ρισμένον,
2482 1922 2531 1976 εί
2562 1922 2659 1976 καὶ
2685 1919 2913 1975 δυνατόν
2933 1919 3050 1972 ἐστι
3073 1917 3136 1970 τὸ
3164 1915 3375 1969 δίκαιον
3404 1910 3508 1965 τῶν
3527 1907 3690 1963 τοιού·

2122 2034 2231 2072 των
2262 2016 2626 2087 ἐναλλαγῆναι
2657 2012 3027 2086 πραγμάτων·
3063 2010 3139 2063 Τὸ
3167 2006 3305 2062 αὐτὸ
3335 2003 3441 2060 κᾶν
3466 2005 3531 2075 τῇ
3558 2000 3699 2072 φύσει

2119 2108 2381 2173 ἀδύνατός
2412 2111 2561 2164 ἐστιν
2588 2109 2623 2179 ή
2683 2107 2916 2177 αἵρεσις.
2942 2103 3284 2176 Σημείωσαι⁶
3315 2097 3571 2171 μίσθωσις
3593 2094 3644 2148 δὲ
3666 2095 3697 2164 ή

2118 2204 2213 2258 ἐπὶ
2242 2201 2320 2272 τῷ
2346 2200 2477 2273 ἱερῷ
2502 2200 2763 2273 ερρωται,
2793 2198 2828 2270 ἦ
2860 2198 3104 2251 συστᾶσα
3128 2194 3292 2267 χάριν
3316 2190 3413 2246 τοῦ
3439 2187 3700 2259 κτισθῆναι

415 2319 611 2376 stituta
642 2356 658 2381 ,
705 2320 823 2370 tum
866 2307 1139 2373 invalida‘,
1189 2304 1480 2360 utilitatem
1535 2297 1778 2363 sentiet,
1819 2310 2009 2351 verum

2131 2295 2178 2351 ιδ
2200 2294 2363 2368 ἱερὸν,
2382 2293 2445 2348 ού
2473 2294 2580 2366 μὴν
2611 2294 2647 2365 ή
2680 2291 2775 2347 ἐπὶ
2795 2291 3006 2346 ἐκδόσει
3027 2287 3124 2342 τοῦ
3161 2283 3334 2359 ἱεροῦ·
3374 2283 3471 2337 ἐὰν
3490 2281 3594 2353 γάρ
3617 2295 3690 2342 τις

411 2410 579 2468 etiam
622 2405 903 2479 punietur.
937 2400 1043 2469 Qui
1081 2397 1230 2456 enim
1270 2394 1603 2458 conducunt,
1658 2405 1724 2446 ac
1769 2388 2011 2445 interve-

413 2500 695 2561 nientibus
723 2496 900 2569 pactis
932 2490 1246 2564 suscipiunt
1277 2484 1636 2549 monasteria,
1667 2490 1730 2537 ut
1764 2481 1857 2552 qui
1887 2480 2013 2552 jure

416 2595 789 2668 improbatum
826 2595 1173 2646 contractum
1208 2580 1454 2647 inierint,
1489 2576 1585 2633 Dei
1608 2574 1854 2647 legisque
1879 2587 2011 2630 con-

415 2685 827 2746 demnationem
881 2685 1190 2737 metuunto.

2118 2388 2418 2459 ὲκλάϐηται
2448 2386 2795 2460 μισθωτικῶς
2855 2383 3244 2457 μοναστήριον,
3285 2378 3349 2434 ού
3408 2375 3561 2447 μόνον
3608 2371 3699 2426 οὐκ

2123 2481 2552 2554 ὠφεληθήσεται
2582 2478 2694 2534 ἀπὸ
2712 2482 2814 2551 τῆς
2841 2477 3158 2550 μισθώσεως
3182 2473 3262 2537 ὡς
3283 2468 3453 2541 οὔσης
3483 2464 3703 2540 παρανό-

2120 2593 2227 2649 μου
2282 2574 2381 2629 καὶ
2411 2573 2732 2645 άνισχύρου,
2759 2572 2897 2627 ἀλλὰ
2916 2571 3010 2625 καὶ
3032 2566 3454 2638 κολασθήσεται.
3514 2562 3574 2616 Ol
3603 2557 3699 2630 γὰρ

2123 2667 2475 2739 μισθούμενοι
2499 2667 2595 2721 καὶ
2620 2666 2673 2721 οἱ
2708 2662 3064 2735 πακτωτικῆς
3090 2656 3560 2732 ὲκλαμϐανόμενοι
3612 2667 3675 2722 [to

413 2781 703 2853 ναστήρια,
755 2776 832 2842 ὡς
888 2772 1206 2847 παράνομον
1228 2766 1587 2839 συνάλλαγμα
1632 2763 2021 2834 πεποιηκότες,
2059 2763 2462 2837 ὑφοράσθωσαν
2499 2762 2601 2837 τὴν
2639 2761 2752 2817 ἀπὸ
2828 2759 2923 2816 τοῦ
2960 2758 3097 2814 Θεοῦ
3128 2755 3224 2812 καὶ
3270 2753 3369 2811 τοῦ
3411 2753 3571 2825 νόμου
3615 2763 3701 2813 κα,

414 2880 693 2950 τάκρισιν.

494 2997 717 3054 Textus.
744 2992 866 3051 Lib.
884 3005 1057 3059 ιινιι,
1098 2986 1186 3044 tit.
1214 2986 1307 3052 22,
1337 2984 1496 3042 etlib.
1525 3000 1656 3052 ινιι,
1688 2984 1775 3042 tit.
1798 2984 1856 3051 4,
1893 2982 2014 3057 Dig.

422 3093 529 3163 Qui
558 3106 683 3149 cum
718 3087 890 3145 armis
923 3092 1058 3153 etc.,
1090 3098 1252 3154 usque
1277 3081 1347 3135 ad
1379 3096 1487 3137 non
1520 3088 1651 3136 sunt
1684 3078 1926 3152 publica,
1959 3087 2018 3133 ut

419 3203 543 3259 pag.
577 3182 703 3239 570.

497 3274 794 3333 Scholium.
852 3268 1137 3343 Digestum
1181 3264 1218 3320 2
1271 3265 1358 3322 ιιι.
1433 3263 1508 3319 22
1574 3262 1671 3320 lib.
1740 3277 1889 3319 XLVII
1934 3270 2019 3319 est
2047 3260 2091 3286 υ

424 3372 524 3429 lib.
556 3386 650 3438 ωε,
683 3368 770 3422 ιιι.
798 3366 892 3432 ⁸52,
922 3378 1046 3434 cap.
1068 3361 1107 3417 2
1134 3380 1149 3418 :
1179 3360 1444 3431 Quisquis
1467 3369 1664 3416 contra
1691 3359 1864 3430 legem
1903 3358 2019 3415 col-

426 3461 633 3533 legium
662 3456 876 3522 fecerit,
912 3461 1130 3509 tenetur
1158 3466 1222 3509 ea
1274 3465 1456 3521 paena,
1488 3465 1596 3521 qua
1629 3448 1908 3523 [tenentur
1935 3446 2016 3521 hi]

426 3555 524 3628 qui
550 3567 677 3609 cum
716 3548 889 3605 armis
917 3546 1100 3601 locum
1134 3544 1415 3616 publicum
1455 3542 1537 3599 vel
1587 3558 1808 3599 sacrum
1850 3557 2020 3599 occu-

418 3656 586 3718 pant.
642 3642 923 3714 Digestum
981 3637 1038 3703 1,
1096 3636 1180 3691 ιιι.
1223 3635 1283 3702 ι,
1342 3635 1436 3691 lib.
1483 3650 1653 3691 XLVIII
1684 3633 1893 3705 Digest.
1936 3642 2024 3709 est

424 3740 528 3795 lib.
561 3752 655 3800 ιι,
689 3735 774 3789 ιιι.
807 3730 898 3795 56,
928 3745 1052 3800 cap.
1083 3728 1109 3782 1
1148 3746 1163 3783 :
1217 3726 1328 3783 Lex
1358 3726 1426 3782 de
1483 3724 1837 3799 [majestatis]
1884 3727 2020 3783 insi-

428 3826 736 3884 diatoribus
766 3821 966 3878 similis
996 3828 1080 3875 est
1110 3816 1246 3889 legis
1277 3819 1344 3873 de
1367 3816 1673 3887 sacrilegio.
1709 3816 1775 3872 Et
1804 3825 2021 3872 tenetur

427 3921 545 3988 illa,
596 3916 693 3985 qui
757 3915 1028 3971 adversus
1073 3910 1338 3983 populum
1395 3907 1705 3965 Romanum
1757 3906 2015 3982 [aliquid]

425 4009 725 4071 commisit.
752 4004 818 4061 Et
842 4004 936 4077 qui
968 4002 1094 4059 dolo
1118 3998 1313 4075 [malo]
1345 3999 1544 4066 ell‘ecit,
1574 4010 1636 4057 ut
1682 4001 1901 4058 obsides
1934 4002 2020 4057 in-

422 4108 583 4179 jussu
633 4100 898 4174 principis
943 4094 1370 4153 interciderint:
1410 4106 1468 4151 ut
1512 4096 1713 4151 armati
1766 4095 2018 4153 homines

429 4200 483 4255 in
519 4196 655 4252 urbe
680 4195 947 4249 adversus
972 4189 1166 4245 urbem
1195 4187 1327 4254 sint,
1358 4194 1418 4242 ut
1445 4186 1599 4242 locus
1632 4185 1883 4261 [aliquis]
1920 4197 2016 4244 aut

425 4289 630 4360 templa
680 4294 971 4355 occupata,
1018 4282 1105 4338 vel
1155 4281 1449 4338 seditiosus
1494 4292 1802 4337 conventus
1836 4280 2016 4338 factus

428 4385 503 4439 sit
534 4402 548 4439 :
581 4391 640 4435 ut
684 4381 1041 4451 magistratus
1081 4377 1460 4447 occideretur.
1511 4375 1576 4430 Et
1623 4376 1715 4448 qui
1763 4376 2016 4434 hostibus

429 4481 686 4529 nuntium
734 4481 831 4526 aut
886 4471 1098 4524 litteras
1132 4468 1305 4533 misit,
1358 4467 1646 4540 signumve
1695 4465 1864 4533 dedit,
1921 4475 2017 4523 aut

2195 2981 2508 3053 ΚεΙμενον.
2564 2978 2687 3036 Βιϐ.
2720 2974 2831 3053 μζ,
2896 2976 3001 3036 τῐτ.
3040 2971 3150 3047 κβθ,
3206 2970 3356 3029 διάτ.
3389 2967 3458 3042 β’,
3491 2984 3545 3024 κ.
3575 2981 3624 3020 τ.
3649 2964 3698 3021 λο

2126 3091 2301 3149 usque
2331 3075 2402 3132 ad
2435 3074 2538 3128 οὐκ
2564 3072 2674 3128 εἰσὶ
2708 3070 2966 3145 δημόσια.

2200 3268 2485 3337 Σχόλιον.
2534 3265 2612 3322 Τὸ
2678 3261 2724 3336 β’
2778 3261 3060 3334 διάταγμα
3107 3259 3203 3316 τοῦ
3258 3257 3350 3334 κβ⁹
3406 3257 3582 3315 τίτλου
3620 3254 3703 3312 τοῦ

2131 3358 2217 3433 μζ¹
2248 3358 2459 3432 βιϐλίου
2489 3358 2606 3413 ἐστὶ
2634 3356 2836 3430 βιβλίον
2886 3352 2949 3422 ξ’,
2981 3352 3161 3419 τίτλος
3186 3351 3291 3425 λβ’,
3327 3351 3613 3426 κεφάλαιον
3642 3348 3701 3423 β’⁶

2140 3453 2200 3508 '0
2233 3453 2555 3525 παράνομον
2606 3449 2781 3505 ποιῶν
2837 3447 3115 3519 σύστημα,
3148 3448 3217 3519 τῇ
3279 3447 3425 3503 κατὰ
3455 3445 3564 3501 τῶν
3618 3444 3703 3498 σὺν

2128 3549 2315 3614 ὅπλοις
2342 3550 2508 3603 τόπον
2540 3546 2826 3618 δημόσιον,
2860 3543 2895 3616 ἢ
2923 3543 3068 3615 ἱερὸν
3108 3542 3479 3614 κατεχόντων,
3503 3540 3705 3594 ὑπόκει-

2130 3658 2223 3698 ται
2277 3642 2462 3713 ποινῇ.
2492 3639 2566 3694 Τὸ
2595 3637 2646 3693 α’
2688 3636 2989 3707 διάταγμα,
3019 3632 3117 3688 τοῦ
3172 3630 3215 3687 δ’
3244 3633 3453 3702 τίτλου,
3477 3630 3568 3686 τοῦ
3625 3625 3706 3701 μη¹

2130 3732 2339 3805 βιϐλίου
2402 3729 2512 3785 τῶν
2546 3726 2878 3794 Διατάξεων,
2913 3725 3029 3780 ἔστι
3080 3722 3286 3796 βιϐλίον
3320 3720 3364 3790 ξ’
3387 3721 3561 3786 τίτλος
3602 3714 3701 3784 λς’,

2133 3826 2427 3898 κεφάλαιον
2468 3822 2542 3879 α’·
2589 3824 2649 3878 ’0
2674 3823 2804 3895 περὶ
2828 3819 2939 3875 τῶν
2981 3817 3290 3874 ἐπιϐούλων
3316 3816 3505 3889 νόμος,
3535 3811 3703 3887 ὅμοιός

2129 3922 2250 3975 ἐστι
2277 3918 2358 3991 τῷ
2396 3917 2529 3990 περὶ
2578 3913 2910 3990 ἱεροσυλίας,
2939 3913 3034 3967 καὶ
3059 3911 3312 3983 ἐνέχεται
3338 3909 3490 3982 αὐτῷ
3516 3908 3546 3962 ό
3580 3902 3704 3960 κατᾶ

2129 4011 2555 4084 τοῦῬωμαῖκοῦ
2577 4010 2751 4083 δήμου
2779 4005 3208 4079 πλημμελήσας,
3239 4004 3337 4059 καὶ
3362 4004 3391 4058 ὁ
3418 4000 3707 4060 σπουδάσας

2131 4105 2275 4161 κατὰ
2330 4104 2482 4159 δόλον
2509 4101 2690 4174 ξπαρὰ
2740 4099 2993 4154 κέλευσιν
3052 4094 3325 4168 βασιλέως
3373 4089 3706 4162 ἀναιρεθῆναι

2130 4199 2259 4264 τοὺς
2292 4200 2555 4273 ὁμήρους,
2586 4194 2619 4267 ἢ
2647 4194 2734 4249 ἵνα
2756 4190 2971 4248 ἔνοπλοι
3006 4188 3106 4246 ἄνθ
3117 4204 3293 4260 ρωποι
3315 4188 3376 4241 ἐν
3401 4183 3553 4239 πόλει
3580 4178 3707 4235 κατὰ

2130 4290 2231 4361 τῆς
2260 4289 2472 4353 πόλεως
2498 4280 2654 4352 ὦσιν,
2692 4285 2727 4357 ἡ
2754 4283 2842 4338 ἶνα
2869 4281 3036 4346 τόπος
3062 4279 3096 4353 ἢ
3129 4277 3259 4353 ίερά
3291 4272 3705 4346 κατασχεθῶσιν,

2134 4384 2170 4456 ἢ
2201 4381 2505 4452 στασιώδης
2555 4379 2787 4448 γένηται
2820 4374 3062 4441 σύνοδος,
3094 4369 3553 4456 ήζνανφονευθῇ,
3576 4364 3708 4436 ὀάρ-

2132 4442 2267 4549 χων,
2294 4474 2389 4529 καὶ
2419 4442 2620 4545 ὁιπρδς
2675 4442 2801 4534 τοὺς
2842 4442 3490 4539 πολεμίουξάγῇλόῖᾟ
3518 4444 3707 4531 Epip-

429 4565 637 4636 alioqui
668 4563 1002 4633 ipsosjurit,
1025 4573 1191 4632 atque
1218 4561 1472 4616 adulatus
1500 4569 1604 4615 est.
1627 4558 1732 4626 Qui
1784 4561 2016 4633 denique

2135 4588 2283 4643 ματα
2318 4567 2566 4641 πέμψας,
2593 4564 2688 4620 καὶ
2715 4564 2945 4634 σημεῖον
2976 4561 3161 4625 αὐτοῖς
3190 4553 3464 4623 δεδωκὼς,
3488 4554 3521 4626 ἢ
3551 4551 3709 4611 ἄλλως

430 4662 638 4718 milites
674 4658 944 4713 adversus
984 4654 1380 4727 rempublicam
1427 4652 1495 4708 ad
1550 4655 1881 4710 seditionem
1933 4664 2022 4711 tu-

430 4757 734 4814 multumve
765 4752 1149 4811 concitaverit.
1184 4751 1391 4823 Digest.
1425 4750 1491 4805 17
1538 4751 1620 4807 ιιι.
1663 4750 1731 4806 16
1778 4751 1875 4808 lib.
1910 4767 2022 4809 xxx

432 4864 519 4910 est
551 4852 650 4907 lib.
688 4866 750 4913 ιι,
777 4848 864 4904 ιιι.
895 4846 954 4914 2,
986 4860 1109 4918 cap.
1136 4844 1228 4911 17,
1260 4844 1405 4916 quod
1456 4844 1533 4900 sic
1577 4843 1676 4912 ait,
1719 4846 1867 4901 circa
1918 4844 2022 4901 ini-

431 4947 570 5004 tium
608 4963 621 5001 :
660 4945 805 4999 inter
831 4939 1056 5014 publica
1080 4953 1190 4995 non
1224 4936 1599 5004 continentur,
1628 4952 1809 5009 neque
1836 4953 2016 5005 sacra,

426 5056 609 5113 neque
654 5039 940 5110 religiosa,
989 5050 1166 5107 neque
1196 5049 1318 5106 qua:
1366 5033 1604 5105 publicis
1654 5033 1851 5089 usibus
1891 5044 2023 5089 sunt

425 5133 700 5192 destinata
726 5151 741 5187 :
772 5131 868 5189 sed
900 5130 948 5188 si
983 5143 1091 5201 qua
1116 5125 1568 5194 suntcititatum,
1600 5127 1749 5183 velut
1779 5125 2018 5200 [earum]

424 5226 592 5282 bona.

422 5372 435 5382 _
497 5316 541 5373 Τ
543 5327 719 5373 cxtus.
762 5314 884 5371 Lib.
922 5315 1012 5384 55,
1048 5314 1131 5369 ιιι.
1164 5315 1217 5382 1,
1255 5314 1451 5387 digest.
1491 5312 1562 5369 20
1596 5330 1608 5367 :
1649 5311 1705 5366 Si
1742 5311 2016 5383 legavero,

424 5423 557 5483 ctc.,
587 5427 750 5483 usque
776 5410 844 5465 ad
868 5410 1049 5467 facere
1073 5411 1247 5466 haeres
1267 5419 1515 5480 cogetur,
1538 5419 1592 5463 ut
1614 5424 1737 5479 pag.
1768 5406 1894 5463 570.

496 5601 796 5659 Scholium.
844 5599 1054 5673 Digest.
1103 5599 1196 5666 20,
1242 5599 1326 5656 ιιι.
1379 5598 1431 5668 1,
1466 5598 1559 5654 lib.
1598 5612 1775 5652 xum
1810 5594 2013 5668 Digest.

425 5704 509 5750 est
562 5694 745 5750 thema
795 5693 899 5749 ult.
949 5709 1072 5765 cap.
1123 5694 1195 5749 20
1237 5694 1318 5748 ιιι.
1364 5696 1396 5757 4
1432 5692 1527 5748 lib.
1570 5708 1715 5756 XLIV,
1757 5691 1902 5761 quod
1935 5689 2015 5744 sic

429 5786 615 5853 habet,
652 5786 791 5841 utin
826 5788 1149 5856 compendio
1197 5787 1539 5858 propositum
1572 5794 1676 5842 est.
1709 5783 1913 5855 Digest.
1946 5782 2012 5835 17

421 5875 520 5932 ιιι.
550 5878 575 5934 1
608 5878 702 5934 lib.
735 5894 899 5932 χχχιι*
946 5889 1029 5933 cst
1074 5868 1237 5939 Basil.
1279 5881 1372 5936 lib.
1417 5894 1560 5948 λων,
1618 5878 1701 5934 ιιι.
1748 5876 1836 5946 11,
1890 5891 2013 5946 cap.

2132 4662 2416 4736 βοηθήσας
2484 4658 2705 4725 αὐτοῖς,
2766 4656 2864 4710 καὶ
2923 4652 3319 4717 ύπονοθεύσας,
3376 4649 3410 4720 ἢ
3472 4644 3707 4719 ἐρεθίσας

2130 4753 2474 4829 στρατιώτας
2504 4752 2642 4825 πρὸς
2695 4750 2888 4805 στάσιν
2924 4748 2957 4821 ἢ
2991 4745 3225 4821 θόρυϐον
3254 4742 3404 4799 κατὰ
3432 4740 3534 4812 τῆς
3568 4736 3708 4792 πολι-

2123 4828 2299 4913 τείας.
2321 4847 2396 4902 Τὸ
2422 4848 2487 4913 ιζ’
2510 4845 2653 4901 διάτ.
2707 4842 2804 4899 τοῦ
2851 4839 3043 4910 ις’τίτ.
3063 4838 3158 4893 τοῦ
3175 4836 3218 4892 λ’
3244 4835 3455 4910 βιϐλίου
3486 4832 3599 4889 ἐστὶ
3632 4828 3705 4901 pt-

2122 4938 2270 4993 ϐλίον
2295 4936 2361 5009 β’,
2392 4937 2497 4992 τίτ.
2533 4936 2599 5008 β’,
2622 4952 2750 5006 κεφ.
2778 4932 2862 5001 ιζ’,
2881 4933 3025 4987 οὓτω
3053 4930 3212 5001 λέγον
3242 4928 3373 4998 περὶ
3400 4924 3500 4989 τὰς
3523 4921 3702 4996 ἀρχάς·

2120 5033 2212 5088 Ἐν
2227 5032 2285 5087 δὲ
2308 5033 2420 5096 τοῖς
2441 5030 2719 5103 δημοσίοις
2741 5028 2803 5083 ού
2833 5025 3170 5099 περιέχεται,
3196 5019 3320 5075 οὔτε
3345 5019 3413 5074 τά
3432 5016 3570 5089 ἱερά,
3594 5013 3704 5068 οὔτε

2120 5126 2188 5181 τά
2220 5128 2482 5198 μνημεῖα,
2511 5122 2637 5178 οὔτε
2670 5121 2740 5177 τὰ
2795 5123 2913 5184 ταῖς
2956 5116 3246 5190 δημοσίαις
3284 5114 3544 5185 χρήσεσιν
3567 5109 3703 5179 ἀσω-

2125 5217 2378 5292 ρισμένα,
2410 5216 2528 5271 ἀλλ’
2587 5216 2641 5269 εἴ
2666 5231 2790 5269 τινα
2829 5212 2946 5267 ἔστι
3009 5210 3238 5275 πόλεων,
3264 5202 3380 5262 οἷον
3416 5206 3472 5259 αἱ
3517 5201 3699 5257 οὐσίαι.

2193 5288 2505 5379 Κείμενον.
2538 5306 2662 5361 Βιϐ.
2697 5302 2802 5375 λγ’,
2834 5305 2941 5359 τΞτ.
2969 5301 3201 5370 α’,διάτ.
3226 5297 3298 5366 κ’,
3331 5297 3426 5351 ἐάν
3467 5288 3701 5364 λεγατεύ-

2123 5423 2223 5473 σω,
2249 5422 2305 5459 κ.
2330 5421 2383 5459 τ.
2421 5402 2473 5458 λ.
2506 5418 2684 5475 usque
2725 5400 2795 5458 ad
2819 5398 3159 5471 κληρονόμος
3190 5391 3578 5462 ἀναγκάζεται.

2196 5596 2481 5666 Σχόλιον.
2514 5590 2588 5644 Τὸ
2625 5586 2671 5645 κ’
2718 5587 2863 5644 διάτ.
2908 5582 3005 5640 τοῦ
3033 5580 3079 5637 α’
3111 5581 3221 5636 τίτ.
3270 5575 3366 5632 τοῦ
3395 5570 3475 5644 λγ¹
3505 5564 3692 5665 βιϐλίου

2122 5688 2231 5742 τῶν
2264 5684 2596 5753 Διατάξεων,
2618 5682 2736 5737 ἔστι
2764 5681 2909 5753 θέμα
2930 5676 3239 5731 τελευταῖον
3270 5668 3366 5725 τοῦ
3404 5665 3453 5721 κ’
3471 5678 3587 5731 κεφ.
3610 5653 3693 5711 τοῦ

2122 5780 2164 5836 δ’
2185 5782 2290 5836 τίτ.
2323 5781 2418 5834 τοῦ
2449 5744 2540 5851 μδ¹
2574 5744 2685 5848 βιϐ.
2714 5744 2888 5836 οὕτως
2915 5772 3037 5843 ἕχον
3067 5768 3143 5832 ὡς
3168 5760 3497 5851 συνωψίσθη.
3535 5753 3601 5851 ἰδ
3632 5744 3692 5845 ιζ’

2121 5874 2261 5930 διάτ.
2284 5871 2379 5927 τοῦ
2440 5867 2614 5925 α’τίτ.
2665 5863 2739 5921 λδ⁹
2798 5862 3031 5936 βιϐλίου,
3083 5859 3198 5913 ἔστι
3250 5852 3357 5908 τῶν
3412 5836 3690 5903 Βασιλικῶν
