3916 6244
286 235 429 303 1041

1375 233 1863 305 NOMOCANON.
1898 257 1968 273 -·
2002 234 2152 298 TIT.
2191 229 2301 313 ΙΙΙ,
2337 233 2497 301 CAP.
2533 235 2586 299 I.

3484 232 3621 298 1042

284 351 501 423 βιϐλίον
528 347 635 425 με,
660 348 774 408 τίτ.
796 348 886 420 ιδ’,
908 366 1039 423 κεφ.
1067 346 1157 417 ιζ’,
1181 348 1361 417 οὕτως
1396 349 1522 424 ἕχον
1550 350 1628 415 ὡς
1650 349 1879 421 συνωψίε

1998 349 2088 418 17,
2134 350 2283 419 quod
2336 350 2412 405 ita
2461 350 2648 417 habet,
2682 349 3162 421 quemadmodum
3205 349 3601 423 compendiose

282 444 419 518 σθη.
444 443 519 498 Τδ
568 442 645 499 λε’
677 443 822 499 διάτ.
860 444 960 500 τοῦ
1014 441 1082 515 ιβ’
1110 444 1248 509 τίτ.,
1279 441 1376 499 τοῦ
1403 440 1461 515 μ’
1494 442 1731 515 βιϐλίου,
1768 442 1889 498 ἔστι

283 537 498 611 βιϐλίον
531 535 643 609 μη’,
673 536 781 592 τίτ.
813 534 888 609 η’,
913 554 1041 607 κεφ.
1068 534 1176 591 λεό
1214 536 1433 602 κτίζων
1461 552 1548 601 τις
1595 536 1890 609 εὐκτήριον

281 628 577 704 ἀφώρισεν
633 628 784 700 αὐτῷ
817 628 1063 694 δούλους,
1117 626 1215 683 τοῦ
1262 627 1612 700 κληρονόμου
1666 628 1886 684 ἔσονται

279 718 461 779 οὗτοι.
487 722 563 777 Τὸ
590 720 631 777 ε’
657 722 804 779 διάτ.
860 721 957 777 τοῦ
990 720 1037 777 α’
1081 722 1190 779 τίτ.
1248 721 1344 777 τοῦ
1376 720 1454 777 κδ’
1498 721 1610 795 βιϐ.
1642 722 1763 778 ἐστὶ
1794 722 1885 794 βι-

279 812 437 871 ϐλίον
482 816 597 872 τῶν
659 814 967 871 Βασιλικῶν
1014 814 1088 881 λ’,
1115 815 1220 871 τίτ.
1253 813 1301 871 α’
1329 856 1348 883 ,
1382 833 1513 887 κεφ.
1545 814 1610 881 ε’,
1641 815 1787 888 θέμα
1813 814 1887 890 η’,

280 910 413 983 ἔχον
444 912 507 965 ἐν
559 910 716 984 μέρει
768 909 956 977 καθὼς
1007 910 1090 975 εἰς
1117 910 1179 965 τδ
1210 910 1465 983 κείμενον
1492 910 1676 983 ἐτέθη.
1702 912 1777 966 Τὸ
1806 910 1886 978 λζ’

280 1004 431 1060 διάτ.
462 1003 560 1060 τοῦ
610 1002 655 1076 β’
685 1002 793 1059 τίτ.
822 1002 919 1058 τοῦ
964 1001 1037 1057 λδ¹
1091 1002 1233 1075 βιϐ.,
1264 1003 1382 1058 ἔστι
1426 1002 1633 1076 βιϐλίον
1667 1002 1749 1077 μδ¹
1777 1005 1887 1060 τῶν

282 1094 628 1163 Βασιλικῶν,
652 1094 761 1151 τίτ.
797 1094 880 1161 ιε’,
908 1112 1038 1167 κεφ.
1070 1094 1171 1163 λζ’,
1204 1095 1348 1167 θέμα
1377 1095 1694 1152 τελευταῖον
1713 1096 1887 1163 οὕτως

283 1186 451 1259 ἔχον·
488 1186 620 1242 Ἐἀν
668 1188 810 1242 εἴπω
833 1187 1092 1257 γενέσθαι
1142 1188 1414 1261 σταυροὺς
1465 1188 1575 1244 ἀπὸ
1604 1187 1652 1261 ρ’
1683 1189 1887 1262 λιτρῶν

279 1279 379 1333 καὶ
415 1278 755 1351 ἀνατεθῆναι
783 1280 843 1334 ὲν
867 1280 1006 1351 τῷδε
1032 1280 1112 1353 τῷ
1148 1280 1301 1354 ἱερῷ,
1339 1280 1544 1347 πάντες
1588 1282 1646 1338 δὲ
1698 1285 1757 1339 ὲν
1805 1283 1886 1356 τῷ

280 1372 440 1445 αὐτῷ
478 1372 615 1446 ίερῷ
669 1373 849 1442 ὄντες,
884 1376 1121 1448 ἀργυροῖ
1156 1376 1254 1432 καὶ
1283 1376 1478 1449 χαλκοί
1515 1378 1678 1447 εἰσιν,
1708 1378 1885 1451 ἀργυ-

283 1467 417 1538 ροῦς
447 1467 478 1521 6
507 1467 849 1540 κληρονόμος
875 1468 1257 1539 ἀναγκάζεται
1292 1471 1495 1542 ποιεῖν,
1522 1471 1586 1527 οὐ
1617 1471 1722 1546 μὲν
1751 1472 1884 1545 χαλ-

280 1559 417 1623 κοὺς
449 1559 693 1629 δίδωσιν,
722 1559 848 1615 οὔτε
870 1561 1130 1633 χρυσούς.

349 1652 672 1723 Κείμενον.
695 1652 851 1709 Βιϐλ.
868 1651 969 1721 λε’,
992 1654 1098 1710 τίτ.
1127 1653 1197 1727 β’,
1228 1655 1372 1713 διάτ.
1405 1654 1478 1712 at"
1507 1658 1621 1714 Καὶ
1646 1656 1741 1713 ἐπὶ
1767 1660 1884 1724 τοῖς

1998 445 2344 513 propositum
2388 454 2492 501 εει.
2546 443 2753 517 Digest.
2801 446 2873 501 55
2942 447 3030 502 tit.
3099 447 3169 501 12
3236 446 3335 500 lib.
3397 460 3465 500 ιι.
3517 452 3602 501 εει

2000 535 2095 591 lib.
2124 552 2314 598 xum,
2348 537 2436 592 tit.
2467 536 2522 605 8,
2555 552 2677 606 cap.
2715 538 2784 594 55
2813 556 2827 593 :
2864 538 3001 594 Cum
3030 538 3259 610 quidam
3298 537 3601 594 :ediﬁcarct

1998 631 2330 694 oratorium,
2358 631 2659 688 destinavit
2693 632 2770 687 illi
2800 646 3013 697 servos,
3038 633 3095 688 hi
3117 632 3357 689 hteredis
3402 641 3597 687 erunt.

1997 721 2207 794 Digest.
2243 722 2277 777 5
2307 722 2394 778 tit.
2432 724 2457 779 1
2490 724 2585 780 lib.
2640 740 2771 780 mv
2821 735 2907 782 est
2947 725 3045 781 lib.
3074 724 3241 782 Basil.
3268 740 3399 791 xxx,
3430 724 3515 781 tit.
3540 725 3597 789 1,

1997 832 2123 887 cap.
2156 817 2209 886 5,
2242 817 2427 874 thema
2461 816 2515 880 8.
2543 819 2691 889 quod
2726 818 2923 887 partim
2956 818 3032 873 ita
3063 818 3249 880 habet.
3279 826 3341 874 ut
3364 819 3415 872 in
3442 826 3597 874 textu

1997 912 2239 982 positum
2314 920 2421 968 est.
2474 909 2686 983 Digest.
2743 911 2812 967 57
2880 910 2967 968 ιίι.
3041 910 3078 965 2
3112 900 3232 967 Ἰίὶ).
3293 927 3458 967 nam
3507 919 3595 966 est

1995 1001 2093 1057 lib.
2128 1017 2254 1058 xuv
2290 1000 2486 1069 Basil.,
2534 1001 2620 1057 tit.
2650 1000 2741 1068 l5,
2773 1015 2897 1072 cap.
2942 1001 3032 1067 57,
3065 1002 3246 1057 thema
3290 1002 3416 1066 ult.,
3445 1001 3595 1073 quod

1995 1094 2079 1150 sic
2110 1094 2273 1149 habet
2302 1112 2314 1149 :
2360 1092 2419 1149 Si
2449 1093 2711 1160 dixerim,
2754 1103 2815 1149 ut
2851 1093 2983 1148 ﬁant
3024 1108 3222 1150 cruces
3273 1108 3341 1149 ex
3374 1106 3594 1169 centum

1994 1187 2173 1251 libris,
2208 1196 2264 1243 et
2293 1187 2349 1242 in
2388 1187 2481 1241 illa
2512 1201 2670 1243 sacra
2708 1186 2824 1243 aede
2852 1194 3189 1252 statuantur,
3231 1200 3294 1241 ac
3319 1201 3450 1241 vero
3472 1200 3595 1256 qua:

1994 1281 2050 1336 in
2083 1295 2145 1336 ea
2176 1278 2418 1354 [cruces]
2450 1288 2602 1345 sunt,
2634 1295 2829 1335 omnes
2866 1288 3147 1352 argenteae
3175 1289 3229 1334 et
3255 1294 3409 1334 aereae
3426 1287 3579 1341 sunt,

1994 1377 2282 1443 argenteas
2313 1369 2495 1426 facere
2534 1369 2711 1426 haeres
2739 1378 2966 1442 cogetur
3000 1387 3015 1424 :
3051 1382 3164 1424 non
3193 1375 3379 1423 autem
3407 1381 3583 1423 aereas

1998 1476 2095 1521 aut
2122 1478 2321 1520 aureas
2344 1464 2479 1519 dare
2502 1460 2776 1537 [poterit].

2067 1649 2285 1706 Τελείας.
2317 1649 2436 1705 Lib.
2470 1667 2634 1716 xxxv,
2668 1650 2754 1706 tit.
2787 1650 2845 1715 2,
2871 1650 3072 1722 digest.
3114 1650 3140 1706 1
3169 1670 3183 1707 :
3215 1648 3273 1704 In
3320 1648 3409 1714 iis,
3443 1657 3551 1704 etc.
3580 1688 3596 1715 ,

278 1743 361 1816 τῷ
390 1744 518 1818 Θεῷ
542 1745 1032 1819 ληγατευομὲνοις,
1056 1766 1114 1806 κ.
1144 1766 1198 1806 τ.
1233 1748 1287 1805 λ.
1323 1765 1501 1824 usque
1523 1751 1596 1809 ad
1632 1754 1730 1810 ml.
1752 1753 1879 1810 καθ’

1997 1762 2149 1817 usque
2172 1746 2241 1800 ad
2278 1748 2584 1815 monachis,
2617 1757 2714 1804 aut
2742 1748 3100 1820 pauperibus,
3126 1756 3187 1803 ιιι
3223 1763 3349 1820 pag.
3380 1746 3512 1804 570.

274 1838 484 1895 δμάδα.

392 1838 484 1895 δα.

308 1836 643 2002 “illatam
674 1931 753 1989 T6
789 1931 838 1988 α’
867 1932 1012 1990 διάτ.
1067 1931 1163 1989 τοῦ
1191 1933 1237 2009 β’
1272 1934 1383 1995 τίτ.
1417 1935 1519 1992 τοῦ
1558 1936 1634 1992 λε’
1680 1936 1893 2011 βιϐλίου

275 2021 394 2076 τῶν
444 2024 628 2093 Διάτ.,
657 2024 777 2081 ἐστι
825 2024 1033 2098 βιϐλίον
1062 2024 1152 2098 μα’
1204 2026 1315 2083 τῶν
1347 2029 1657 2085 Βασιλικῶν
1684 2030 1795 2087 τίτ.
1823 2028 1898 2096 α’,

276 2133 411 2187 κεφ.
439 2116 514 2185 α’,
549 2118 693 2191 θέμα
728 2116 800 2187 γ’,
828 2118 988 2191 λέγον
1039 2121 1100 2178 ὲν
1139 2121 1299 2194 μέρει
1336 2123 1755 2193 φαλκιδιοῦσθαι
1794 2125 1891 2181 καὶ

274 2208 349 2263 τά
372 2208 461 2281 τῷ
485 2208 609 2282 Θεῷ
630 2209 1060 2284 λεγατευόμενα·
1088 2212 1334 2281 Ἔξωθεν
1365 2214 1424 2269 δὲ
1446 2214 1542 2270 τοῦ
1564 2214 1732 2271 αὐτοῦ
1757 2234 1887 2288 κεφ.

277 2302 454 2371 φησιν
473 2302 504 2356 6
533 2299 771 2367 Παλαιὸς
800 2301 975 2357 ταῦτα
996 2302 1196 2375 ῥητῶς.
1246 2302 1313 2357 Ἦ
1339 2303 1469 2375 περὶ
1490 2303 1766 2379 διαφόρων
1797 2324 1889 2361 κε-

276 2392 535 2462 φαλαίων
576 2394 1053 2466 ὲκκλησιαστικῶν
1112 2394 1227 2468 ρλα⁹
1286 2396 1460 2469 νεαρά
1512 2398 1578 2452 οὐ
1610 2401 1891 2473 συγχωρεῖ

272 2485 357 2559 τῷ
393 2485 695 2561 φαλικιδίῳ
735 2485 1172 2561 περικόπτεσθαι
1209 2487 1281 2544 τὰ
1309 2491 1391 2555 εἰς
1427 2489 1675 2556 εὐσεϐεῖς
1704 2492 1887 2557 αίτίας

272 2578 718 2651 ληγατευόμενα.
738 2578 797 2634 '0
823 2579 881 2635 δὲ
909 2580 1237 2652 σχολιαστής
1268 2598 1428 2653 φησιο
1455 2582 1669 2650 Ταῦτα,
1698 2579 1879 2657 οἶμαι,

273 2673 353 2737 ὡς
392 2671 459 2727 τὸ
490 2673 670 2744 παρὸν
723 2672 889 2728 διάτ.-
916 2674 1164 2749 ἀνῃρέθη
1204 2677 1359 2749 παρά
1411 2677 1508 2749 τῆς
1546 2676 1659 2749 ρλα’
1682 2680 1884 2752 νεαρᾶς

274 2764 377 2836 τῆς
413 2764 682 2837 κειμένης
710 2764 772 2819 ὲν
799 2764 880 2838 τῷ
907 2763 957 2836 γ’
979 2766 1089 2823 τίτ.
1140 2766 1236 2821 τοῦ
1257 2767 1298 2821 ε’
1324 2768 1534 2840 βιϐλίου
1562 2772 1657 2826 καὶ
1684 2772 1885 2828 αὐτίκα

274 2856 531 2912 διδάσκει
584 2857 930 2931 πλατύτερον
973 2859 1092 2925 πῶς
1137 2860 1384 2934 ἀνῃρέθη
1423 2864 1452 2917 6
1500 2863 1666 2935 νόμος
1706 2858 1883 2931 οὗτος.

274 2952 394 3005 Καὶ
445 2950 623 3006 ταῦτα
663 2953 765 3025 μὲν
800 2949 958 3007 εἷπον
999 2954 1029 3008 6
1064 2952 1393 3026 σχολιαστὴς
1419 2956 1516 3011 καὶ
1559 2960 1589 3012 6
1618 2959 1878 3024 Παλαιόςο

275 3044 410 3115 ἐμοὶ
456 3042 517 3099 δὲ
556 3044 711 3100 δοκεῖ
764 3045 850 3100 ὅτι
876 3046 936 3100 οὐ
969 3045 1154 3111 καλῶς
1195 3046 1381 3114 αὐτοῖς
1413 3048 1795 3124 ὲξελήφθησαν
1815 3054 1884 3110 τὰ

2072 1930 2367 1988 Sclwlium.
2401 1931 2607 2004 Digest.
2641 1932 2669 1987 1
2715 1932 2800 1988 tit.
2851 1932 2889 1988 Ξ
2945 1932 3044 1989 lib.
3079 1946 3226 1989 xxxv
3258 1932 3467 2004 Digest.
3509 1940 3596 1988 est

1998 2025 2094 2082 lib.
2131 2042 2221 2081 xu
2256 2025 2451 2092 Basil.,
2481 2026 2565 2082 tit.
2607 2026 2663 2091 1,
2688 2041 2812 2097 cap.
2850 2026 2904 2092 1,
2936 2026 3121 2083 thema
3147 2028 3203 2092 5,
3227 2026 3373 2097 quod
3394 2024 3594 2095 partim

2001 2123 2156 2190 dicit,
2193 2122 2359 2177 etiam
2388 2137 2512 2192 qua
2558 2121 2671 2177 Deo
2718 2120 2997 2193 legantur,
3046 2119 3307 2177 Falcidia:
3351 2119 3591 2176 obnoxia

1996 2231 2143 2273 esse.
2177 2214 2380 2272 Verum
2406 2214 2461 2270 in
2480 2214 2694 2271 scholio
2719 2214 2792 2271 ad
2830 2214 2976 2271 idem
3009 2230 3134 2286 cap.
3172 2214 3309 2271 dicit
3342 2215 3459 2271 haec
3488 2228 3591 2270 ex-

1995 2324 2184 2382 presse
2216 2309 2468 2366 Palteus:
2512 2309 2590 2365 De
2621 2308 2857 2366 diversis
2894 2308 3285 2366 ecclesiasticis
3335 2306 3594 2380 capitulis

1996 2402 2207 2458 novella
2244 2403 2339 2459 151
2380 2417 2491 2457 non
2519 2401 2787 2473 permittit
2846 2400 3089 2457 Falcidia
3130 2399 3326 2467 accidi,
3365 2414 3489 2469 quae.
3530 2396 3588 2453 in

1995 2494 2119 2567 pias
2145 2508 2346 2551 causas
2373 2494 2549 2567 legata
2576 2504 2728 2551 sunt.
2753 2492 3093 2551 Scholiastes
3122 2508 3253 2549 vero
3282 2493 3398 2548 haec
3418 2490 3587 2547 dicit:

1996 2586 2267 2642 Existimo
2294 2601 2536 2658 prmeens
2571 2584 2725 2659 [hoc]
2757 2585 3029 2657 digestum
3060 2585 3384 2655 abrogatum
3410 2597 3533 2639 esse
3557 2598 3589 2637 a

1996 2679 2211 2734 novella
2243 2680 2369 2746 151,
2404 2694 2526 2749 quae
2547 2677 2724 2749 posita
2753 2688 2834 2733 est
2867 2678 2919 2733 in
2948 2676 3031 2733 tit.
3070 2676 3124 2733 5.
3157 2676 3251 2732 lib.
3289 2691 3342 2741 ν,
3374 2686 3428 2730 ει
3457 2689 3589 2729 mox

1995 2770 2164 2826 latius
2203 2770 2383 2837 docet,
2416 2769 2695 2842 quomodo
2724 2769 2840 2826 haec
2868 2769 2955 2825 lex
2986 2770 3249 2840 abrogata
3282 2768 3373 2824 sit.
3406 2767 3588 2837 Atque

1996 2865 2116 2921 haec
2158 2865 2379 2935 quidem
2432 2864 2691 2918 dixerunt
2737 2862 3064 2919 scholiastes
3108 2870 3163 2918 et
3191 2860 3423 2917 Palmus.
3451 2858 3582 2914 Mihi

1994 2967 2176 3013 autem
2200 2957 2432 3022 videtur,
2468 2957 2591 3012 illos
2623 2972 2731 3012 non
2754 2965 2901 3012 recte
2924 2954 3195 3011 novellam
3223 2952 3560 3009 intellexisse

1998 3051 2117 3107 Non
2147 3052 2294 3108 enim
2324 3050 2642 3107 indistincte
2673 3059 2886 3105 retenta
2917 3047 3160 3103 Falcidia
3189 3046 3413 3112 dantur,
3452 3058 3571 3115 quae

274 3138 379 3209 τῆς
438 3139 667 3211 νεαρᾶς.
726 3138 863 3194 Οὐδὲ
920 3139 1030 3213 γὰρ
1084 3140 1449 3208 ἀδιαστίκτως
1500 3143 1879 3215 ἀφαλκιδίωτα

1997 3147 2051 3202 in
2079 3147 2197 3218 pias
2232 3161 2431 3201 causas
2452 3145 2642 3201 relicta
2676 3154 2826 3202 sunt.
2867 3144 2972 3199 Sed
3004 3143 3050 3199 si
3095 3142 3271 3198 haeres
3298 3139 3485 3195 dolum
3524 3138 3577 3191 in

274 3229 516 3285 δίδονται
537 3229 609 3285 τά
633 3230 714 3296 είς
740 3230 955 3294 ἀσεϐεῖς
986 3230 1166 3296 αίτίας
1194 3231 1653 3305 καταλειφθέντα·
1683 3237 1801 3293 ἀλλ’
1826 3241 1876 3294 εί

278 3323 383 3394 μὲν
415 3323 965 3396 καιροπραγμονήσει
993 3324 1022 3379 6
1049 3323 1393 3397 κληρονόμος
1419 3327 1550 3399 περὶ
1589 3328 1689 3403 τὴν
1728 3330 1877 3387 δόσιν

273 3413 373 3469 τοῦ
426 3415 881 3486 ληγατευθέντος,
946 3414 1215 3471 ἀπόλλυσι
1260 3416 1354 3472 τὸν
1404 3419 1678 3492 ἀνήκοντα
1700 3422 1877 3497 τούτῳ

275 3505 586 3574 φαλκίδιον,
618 3507 715 3561 καὶ
730 3506 917 3562 δίδωτι
945 3507 1018 3563 τά
1045 3507 1480 3581 ληγατευθέντα,
1517 3513 1595 3579 ὡς
1626 3515 1660 3587 ή
1702 3518 1877 3589 νεαρά

276 3614 469 3668 φησιν’
504 3600 554 3654 εί
588 3600 645 3656 δὲ
677 3602 1090 3676 εὐγνωμονήσει
1117 3606 1265 3680 ,περὶ
1304 3607 1405 3680 τὴν
1449 3609 1600 3664 δόσιν
1643 3613 1875 3683 τούτων,

274 3690 554 3763 λαμϐάνει
583 3692 675 3748 τὸν
700 3695 979 3768 ἀνήκοντα
1006 3696 1160 3771 αὐτῷ
1189 3699 1496 3769 φαλκίδιον.
1523 3704 1666 3775 Φησὶ
1694 3709 1802 3780 γὰρ
1835 3709 1869 3780 ἡ

276 3782 420 3856 αὑτὴ
465 3785 639 3858 νεαρά
674 3787 905 3861 κειμένη
960 3790 1021 3844 έν
1068 3789 1261 3864 βιϐλίῳ
1305 3792 1369 3860 ε’,
1395 3794 1504 3850 τίτ.
1541 3793 1613 3863 γ’,
1646 3814 1771 3868 κεφ.
1805 3798 1872 3869 θ’,

274 3874 421 3929 οὓτω
451 3876 657 3948 ρητῶςο
688 3878 752 3932 Ei
776 3877 835 3932 δὲ
861 3880 890 3934 6
916 3878 1255 3955 κληρονόμος
1284 3883 1353 3937 τὰ
1382 3884 1463 3949 είς
1491 3884 1741 3953 εὐσεϐεῖς
1785 3892 1873 3945 αί-

273 3966 402 4030 τίας
437 3967 920 4041 καταλελειμμένα
952 3972 1030 4044 μὴ
1064 3971 1342 4045 πληρώσει
1362 3972 1537 4044 λέγων
1574 3976 1672 4050 τὴν
1699 3995 1874 4035 κατα-

274 4056 597 4128 λειφθεῖσαν
648 4060 799 4133 αὐτῷ
829 4063 1151 4136 περιουσίαν
1181 4066 1257 4139 μὴ
1290 4067 1481 4138 ἀρκεῖν
1528 4069 1610 4133 είς
1641 4070 1868 4143 ταύτας,

276 4150 484 4216 παντὸς
526 4150 621 4206 τοῦ
670 4154 737 4207 ἐκ
790 4155 887 4210 τοῦ
926 4156 1211 4227 φαλκιδίου
1256 4159 1481 4231 κέρδους
1514 4163 1871 4233 σχολάζονται

274 4237 608 4309 ὁποιδήποτε
640 4241 836 4317 εὑρεθῇ
861 4244 919 4298 ὲν
964 4248 1031 4318 τῇ
1065 4246 1294 4323 τοιαύτῃ
1330 4250 1512 4322 οὐσίᾳ,
1559 4258 1871 4329 προχωρεῖν

277 4332 510 4405 προνοίᾳ
533 4332 630 4387 τοῦ
662 4336 970 4404 ἀγιωτάτου
996 4337 1107 4393 τῶν
1126 4342 1310 4396 τόπων
1344 4344 1647 4402 ἐπισκόπου
1671 4349 1870 4416 εἰςτὰς

276 4425 460 4491 αἰτίας
512 4428 595 4490 είς
631 4426 697 4493 ἀς
733 4430 1179 4489 καταλέλειπται.
1210 4436 1375 4507 Ζήτει
1421 4439 1519 4493 καὶ
1567 4440 1630 4493 τὸ
1674 4442 1797 4497 ὅλον
1827 4441 1870 4498 θ’

277 4534 429 4589 κεφ.,
492 4519 591 4574 καὶ
631 4520 911 4592 ἀνάγνωθι
941 4525 1075 4580 αὐτὸ
1096 4527 1400 4596 ἀναγκαῖον
1432 4530 1513 4585 ὅν.
1544 4533 1618 4588 Τὸ
1650 4532 1697 4606 β’
1720 4536 1865 4593 διάτ.

275 4614 369 4667 τοῦ
402 4612 472 4682 ιβ’
505 4614 638 4679 τίτ.,
662 4614 756 4670 τοῦ
788 4614 830 4670 ν’
853 4616 1061 4689 βιϐλίου
1100 4618 1211 4674 τῶν
1268 4621 1421 4676 Διάτ.
1484 4624 1604 4679 ἐστὶ
1668 4625 1876 4697 βιϐλίον

276 4707 385 4760 τῶν
401 4708 713 4763 Βασιλικῶν
730 4710 820 4776 νδ’,
848 4711 956 4767 τίτ.
983 4710 1066 4779 ιδ’,
1095 4729 1223 4783 κεφ.
1248 4712 1315 4785 β’,
1347 4713 1521 4780 οὕτως
1547 4716 1672 4789 ἔχον
1699 4720 1775 4785 ὡς
1793 4722 1875 4786 είς

276 4800 338 4854 τὸ
384 4800 643 4874 κείμενον
686 4804 927 4877 ἐγράφη.
965 4806 1033 4859 Ἦ
1062 4813 1112 4862 α’
1138 4807 1307 4875 διάτ.,
1336 4808 1433 4862 τοῦ
1489 4808 1538 4880 β’
1561 4811 1670 4866 τίτ.
1695 4812 1790 4868 τοῦ
1826 4812 1874 4868 α’

280 4892 510 4964 βιϐλίου,
537 4893 634 4950 τοῦ
664 4894 914 4961 Κώδικός
949 4897 1210 4967 έστικειρ.
1244 4904 1315 4966 α’,
1338 4898 1431 4954 τοῦ
1467 4897 1517 4954 α’
1564 4901 1671 4958 τίτ.
1694 4904 1794 4958 τοῦ
1835 4900 1875 4958 ε’

281 4985 510 5056 βιϐλίου,
543 4989 718 5053 οὕτως
739 4987 859 5060 ἔχον
879 4988 956 5054 ὡς
977 4990 1059 5057 είς
1081 4990 1142 5045 τὸ
1169 4991 1425 5063 κείμενον
1448 4994 1789 5068 συνωψίσθη.
1806 4997 1875 5051 ’11

284 5078 349 5149 ιγ’
379 5080 521 5137 διάτ.
570 5081 667 5137 τοῦ
721 5081 889 5137 αὐτοῦ
924 5082 1034 5141 τίτ.
1064 5083 1163 5138 καὶ
1194 5083 1405 5157 βιϐλίου
1437 5086 1540 5143 οὐκ
1587 5088 1750 5161 ἐτέθη
1793 5089 1877 5153 είς

279 5175 346 5228 τά
381 5173 670 5233 Βασιλικά.

346 5268 662 5339 Κείμενον.
712 5270 864 5327 Διάτ.
900 5268 988 5325 ιθ’·
1014 5271 1083 5326 Al
1112 5271 1400 5345 γινόμεναι
1452 5274 1644 5347 μέχριῖ
1673 5273 1727 5347 φ’
1783 5291 1876 5331 νο-

285 5362 595 5434 μισμάτων,
631 5379 687 5418 κ.
715 5380 770 5420 τ.
793 5363 870 5435 λ.,
890 5380 1071 5437 usque
1098 5365 1168 5422 ad
1199 5368 1366 5423 οίκων
1394 5367 1665 5441 λαμϐάνει
1692 5368 1875 5441 τδζκα-

281 5453 589 5527 ταλειερθέν.
1476 5488 1483 5491 ·

348 5549 632 5617 Σχόλιον.
672 5548 743 5605 Ἦ
776 5548 840 5605 ιϐ’
876 5551 1020 5608 διάτ.
1050 5552 1145 5608 τοῦ
1196 5551 1239 5627 β’
1268 5553 1400 5622 τίτ.,
1436 5554 1533 5609 τοῦ
1561 5562 1610 5609 α’
1664 5555 1873 5628 βιϐλίου

283 5639 372 5694 τοῦ
407 5640 658 5706 Κώδικός
686 5644 803 5698 ἐστι
838 5663 965 5718 κεφ,
995 5644 1046 5718 η’
1096 5646 1190 5702 τοῦ
1234 5654 1283 5702 α’
1333 5647 1438 5703 τίτ.
1470 5648 1565 5703 τοῦ
1590 5647 1629 5701 ε’
1664 5648 1873 5719 βιϐλίου

284 5732 388 5789 τῶν
420 5734 746 5808 Βασιλικῶν,
795 5738 971 5807 οὕτως
1026 5740 1150 5813 ἔχον
1206 5741 1500 5809 ὲπιλέξεων
1556 5743 1631 5810 ὡς
1676 5745 1756 5810 είς
1812 5743 1872 5799 τὸ

1996 3237 2193 3295 dandis
2228 3237 2423 3308 legatis
2458 3236 2784 3303 committat,
2813 3233 2992 3306 perdit
3031 3239 3429 3301 compctcntem
3475 3225 3576 3280 sibi

1994 3332 2417 3405 Falcidiam,"et
2463 3331 2555 3386 dat
2608 3331 2808 3402 legata,
2859 3324 3324 3399 quemadmodum
3366 3320 3582 3377 novella

1995 3427 2170 3484 dicit:
2204 3426 2252 3483 si
2287 3441 2416 3482 vero
2450 3426 2621 3497 probe
2674 3425 2727 3478 in
2769 3422 2878 3479 illis
2907 3420 3104 3479 dandis
3134 3425 3412 3484 versetur,
3456 3430 3581 3485 per-

1993 3522 2129 3593 cipit
2174 3526 2574 3591 competentem
2612 3517 2717 3573 sibi
2762 3515 3085 3572 Falcidiam.
3119 3504 3391 3582 Loquitur
3432 3508 3581 3564 enim

1995 3616 2113 3686 ipsa
2153 3613 2388 3678 novella,
2424 3612 2521 3668 lib.
2555 3627 2611 3677 ν,
2648 3611 2732 3666 tit.
2761 3610 2817 3677 5,
2848 3624 2978 3679 cap.
3010 3608 3064 3675 9,
3090 3604 3294 3677 posita,
3321 3604 3466 3658 hunc
3511 3602 3580 3656 ad
3660 3610 3667 3617 ’

1994 3709 2216 3764 modum
2244 3704 2522 3778 expressis
2550 3703 2768 3760 verbis:
2802 3701 2860 3758 Si
2904 3716 3036 3757 vero
3067 3700 3243 3756 haeres
3272 3713 3335 3754 ea
3377 3710 3500 3767 quae
3527 3694 3582 3750 in

1992 3804 2112 3876 pias
2159 3817 2355 3858 causas
2410 3800 2602 3855 relicta
2649 3806 2805 3862 sunt,
2862 3812 2973 3852 non
3029 3794 3299 3866 impleat,
3364 3791 3576 3851 dicens.

1992 3912 2101 3952 non
2155 3893 2403 3953 sufﬁcere
2441 3894 2508 3949 ad
2548 3893 2651 3949 has
2687 3890 2937 3947 relictum
2989 3889 3095 3947 sibi
3140 3886 3577 3959 patrimonium:

1980 3988 2239 4060 jubemus
2318 3994 2380 4041 ut
2426 3984 2577 4041 omni
2628 3984 2783 4038 lucro
2840 3982 2988 4053 quod
3039 3996 3106 4037 ex
3152 3978 3395 4035 Falcidia
3450 3992 3579 4048 pro-

1988 4080 2425 4145 venitvacante,
2479 4076 2707 4148 quiquid
2757 4075 2810 4129 in
2864 4072 3178 4143 hujusmodi
3222 4070 3580 4126 facultatibus

1988 4174 2269 4229 inventum
2323 4168 2508 4231 fuerit.
2566 4166 2905 4239 providentia
2948 4163 3283 4221 sanctissimi
3328 4162 3575 4218 locorum

1981 4264 2224 4337 episcopi
2279 4271 2457 4319 totum
2494 4261 2548 4316 in
2597 4275 2833 4326 causas,
2881 4258 2949 4313 ad
2998 4273 3138 4329 quas
3188 4257 3438 4312 relictum
3469 4266 3573 4322 est,

1983 4359 2263 4431 procedat.
2304 4355 2534 4425 Quaaras
2566 4369 2699 4411 vero
2733 4361 2910 4409 totum
2960 4353 2994 4408 9
3038 4367 3157 4422 cap.
3205 4360 3369 4421 atque
3403 4350 3572 4423 legas,

1900 4470 1954 4531 Β
1982 4464 2106 4504 cum
2156 4442 2425 4520 [cognitu]
2486 4442 2863 4499 necessarium
2907 4440 2996 4497 sit.
3039 4439 3245 4511 Digest.
3298 4440 3334 4495 ‘2
3392 4441 3474 4494 tit.
3510 4439 3577 4491 1?.

1980 4543 2077 4599 lib.
2117 4558 2147 4597 ι.
2194 4540 2401 4611 Digest.
2446 4545 2529 4593 est
2560 4537 2655 4593 lib.
2716 4535 2881 4590 Basil.
2916 4551 3034 4602 uv,
3078 4534 3165 4589 tit.
3205 4535 3273 4590 14
3299 4574 3313 4598 ,
3359 4549 3480 4604 cap.
3518 4533 3574 4596 2.

1980 4636 2125 4710 quod
2175 4635 2255 4691 sic
2296 4633 2492 4699 habet,
2544 4640 2604 4687 ut
2653 4630 2708 4686 in
2762 4638 2913 4686 textu
2966 4628 3230 4699 scriptum
3283 4636 3386 4683 cst.
3430 4627 3575 4682 Con.

1980 4732 2098 4788 stit.
2164 4730 2189 4786 1
2241 4727 2356 4782 .ιίι.
2407 4726 2445 4781 2
2508 4725 2605 4781 lib.
2676 4740 2692 4781 ι
2762 4723 2896 4779 Cod.
2970 4730 3055 4778 est
3137 4736 3256 4791 cap.
3321 4720 3344 4774 1
3418 4720 3565 4774 ιίι.1

1982 4824 2079 4880 lib.
2113 4839 2168 4889 ν,
2205 4820 2350 4893 quod
2383 4819 2458 4875 ita
2494 4818 2681 4882 habet,
2729 4826 2786 4873 ut
2817 4817 2871 4871 in
2908 4823 3058 4870 textu
3094 4815 3198 4870 sub
3243 4811 3570 4881 compendio

1985 4919 2071 4966 est
2122 4907 2489 4980 propositum.
2526 4905 2719 4963 Const.
2758 4904 2828 4962 15
2878 4903 3126 4974 ejusdem
3166 4901 3247 4957 tit.
3293 4908 3343 4956 et
3386 4899 3481 4954 lib.
3517 4900 3570 4954 in

1982 5003 2148 5060 Basil.
2185 5019 2294 5057 non
2322 5010 2404 5057 est
2428 4999 2631 5073 posita.

2038 5274 2257 5330 Textus.
2288 5272 2482 5330 Const.
2510 5273 2577 5330 l9
2599 5290 2613 5329 :
2635 5270 2769 5340 Qum
2795 5268 3144 5338 donationes,
3169 5277 3299 5335 etc.,
3322 5284 3487 5340 usque
3505 5270 3576 5324 ad

1979 5371 2191 5440 accepit
2216 5368 2491 5437 relictum,
2520 5378 2578 5424 ut
2616 5383 2741 5439 pag.
2770 5365 3027 5423 570-571.

2051 5558 2347 5615 Scholium.
2373 5557 2566 5615 Const.
2615 5558 2682 5615 19
2723 5556 2866 5619 tit.2
2918 5556 3016 5612 lib.
3072 5570 3089 5611 ι
3130 5554 3373 5612 Cod.est
3393 5569 3512 5624 cap.
3540 5553 3574 5610 8

1981 5654 2061 5709 tit.
2085 5654 2109 5708 1
2132 5654 2228 5709 lib.
2247 5672 2277 5708 v
2309 5654 2500 5721 Basil.,
2523 5653 2667 5723 quod
2698 5652 2778 5709 sic
2811 5652 2878 5708 ad
2904 5651 3129 5709 verbum
3157 5650 3344 5713 habet,
3367 5665 3568 5721 quem-

1980 5748 2277 5804 admodum
2314 5748 2368 5804 in
2428 5755 2573 5805 textu
2636 5748 2902 5818 scriptum
2957 5743 3570 5813 est.Notavero,;quod
