3916 6244
384 201 519 268 1043

1555 206 1823 271 ΡΗΟΤῙΙ
1862 206 2372 273 ΡᾹΤΒΙΑΠΟΗΑΞ
2406 212 2515 275 CP.
2582 211 2598 225 '

3522 217 3642 290 1044

377 326 557 375 const.
585 317 678 387 22,
707 318 764 375 in
795 319 894 375 lib.
942 334 996 385 τ,
1029 318 1116 375 tit.
1156 319 1207 388 l,
1237 334 1361 393 cap.
1390 320 1481 391 10,
1528 320 1706 393 posita
1736 331 1843 389 est,
1875 339 1949 378 ve

2074 324 2330 397 κείμενον
2391 328 2629 402 ἐγράφη.
2687 330 3006 403 Σημείωσαι
3048 334 3109 390 δὲ
3154 334 3239 390 δτι
3290 335 3326 409 ἢ
3378 332 3459 408 κβ¹
3516 339 3644 403 διάτ,

381 417 691 463 rumtamen
724 423 831 464 non
864 418 920 464 ut
952 409 1007 463 in
1033 418 1183 465 textu
1212 410 1468 477 habetur,
1500 411 1595 467 sed
1618 410 1799 465 aliter.
1825 411 1970 467 Dicit

376 496 524 550 enim
561 515 574 550 :
610 494 689 552 Ne
718 498 1059 553 describatur
1090 498 1347 565 ecclesia,
1379 508 1468 554 aut
1500 499 1837 555 venerabilis
1861 500 1963 555 do-

378 604 526 654 mus,
569 597 664 643 aut
690 591 1088 644 monasterium
1121 593 1173 644 in
1222 591 1459 645 lucrum.
1494 592 1736 647 Observa
1795 593 1964 663 igitur

379 678 503 742 hoc,
530 678 675 748 quod
707 679 934 734 multum
971 680 1222 735 utilitatis
1245 681 1427 746 atl‘ert,
1457 684 1721 737 adversus
1750 698 1847 738 eos
1869 683 1965 754 qui

381 773 723 828 monaSIeria
757 773 986 838 donant,
1020 784 1073 828 ct
1102 774 1342 829 vendunt
1370 784 1465 830 aut
1508 786 1702 831 emunt
1732 793 1965 833 venera-

378 868 517 923 biles
566 870 784 923 domus.
827 845 1021 924 Const.
1059 870 1127 924 Εὶὲ
1176 881 1232 925 et
1263 870 1334 923 25
1385 871 1437 923 in
1471 870 1638 926 Basil.
1677 886 1786 925 non
1816 875 1969 936 fsunt

373 960 587 1029 positae.
637 957 719 1014 Tu
772 973 901 1015 vero
957 962 1103 1016 scias
1138 962 1308 1032 quod,
1369 962 1585 1016 tametsi
1639 962 1729 1017 illa
1779 970 1962 1018 const.

374 1056 605 1116 statuat,
657 1048 774 1104 solo
823 1059 1042 1105 centum
1087 1065 1362 1105 annorum
1411 1051 1697 1106 curriculo
1730 1067 1961 1106 venera-

378 1142 513 1197 biles
541 1143 739 1197 domus
770 1142 961 1213 rejici:
993 1142 1232 1216 [contra]
1275 1152 1456 1199 tamen
1505 1144 1528 1198 1
1578 1159 1701 1215 cap.
1734 1144 1964 1201 novellae

376 1226 481 1285 111
532 1228 855 1296 Justiniani,
894 1232 1009 1287 sive
1057 1232 1159 1287 ult.
1212 1246 1335 1302 cap.
1381 1232 1464 1288 tit.
1491 1234 1546 1299 2,
1578 1232 1674 1288 lib.
1709 1249 1740 1287 v
1793 1232 1961 1288 Basil.

378 1324 558 1379 haeein
578 1326 692 1379 haec
714 1325 876 1379 verba
896 1325 1109 1381 sanciat
1129 1323 1315 1380 :Nulla
1339 1326 1503 1392 actio,
1520 1341 1642 1396 quae
1664 1326 1965 1382 venerabili

371 1418 610 1488 cuipiam
643 1418 832 1473 domui
876 1418 1158 1488 competit,
1208 1418 1325 1475 sive
1367 1419 1675 1489 personalis
1706 1420 1821 1475 sive
1860 1420 1963 1490 hy-

372 1511 687 1581 pothecaria
726 1512 818 1578 sit,
846 1512 1190 1567 transcendit
1225 1512 1594 1584 quadraginta
1618 1528 1800 1569 annos
1824 1521 1966 1568 tem-

369 1604 641 1675 poralium
663 1605 1161 1675 praeseriptiouum,
1180 1619 1302 1672 quae
1326 1603 1624 1675 unicuique
1646 1604 1960 1660 istiusmodi

370 1715 543 1755 sacrae
582 1698 771 1755 domui
810 1707 1149 1771 competunt,
1192 1711 1247 1755 et
1294 1698 1515 1770 quidem
1560 1714 1662 1755 sua
1710 1706 1955 1770 tempora
1987 1716 2030 1771 Β

398 1802 613 1848 errant.

368 1808 613 1849 servant.

438 1887 654 1942 Teztus.
688 1886 756 1942 Et
788 1886 1181 1957 tlt.5ejusdem
1204 1882 1632 1955 lib.,‘éonst.24,
1652 1885 1727 1941 ait
1757 1894 1958 1952 ratum,

357 1989 489 2043 etc.,
550 1998 713 2052 usq'te
770 1979 837 2034 ad
887 1979 1079 2035 Const.
1124 1979 1197 2034 5’5
1260 1978 1503 2053 [tradit],
1554 1991 1610 2033 ut
1667 1996 1794 2051 pag.
1851 1977 1959 2034 572

369 2070 497 2126 574.

436 2184 725 2242 Sclwlium.
744 2186 936 2244 Const.
950 2188 1041 2255 24,
1059 2188 1144 2244 tit.
1162 2186 1301 2243 5lib.
1320 2203 1335 2242 ι
1352 2186 1487 2243 Cod.
1506 2197 1588 2242 est
1606 2185 1853 2249 Iib..\‘LlV,
1874 2184 1957 2240 tit.

365 2277 588 2349 18,cap.
615 2278 706 2334 54.
737 2279 851 2334 Non
880 2289 1059 2335 autem
1084 2279 1577 2350 inBasil.positum
1604 2288 1708 2343 est,
1741 2277 1953 2333 utCod.

367 2371 552 2438 tradit,
581 2373 673 2427 sed
710 2372 842 2427 dicit
880 2373 1008 2427 illud
1048 2374 1119 2426 ita
1157 2390 1170 2427 :
1203 2372 1360 2438 Quod
1411 2372 1743 2443 pauperibus
1776 2371 1948 2425 relin-

360 2459 568 2530 quitur,
593 2476 660 2514 ne
682 2461 949 2517 incertum
971 2462 1333 2517 existimator.
1360 2460 1551 2516 Const.
1580 2459 1651 2515 ΞΒ
1705 2460 1760 2515 in
1784 2457 1953 2515 Basil.

361 2564 473 2603 non
528 2560 611 2604 est
664 2550 860 2619 posita.
916 2549 1106 2605 Const.
1154 2550 1208 2615 5,
1250 2549 1333 2604 tit.
1384 2548 1420 2603 2
1451 2547 1831 2615 Novellarum,
1867 2557 1954 2603 est

364 2641 576 2697 novella
606 2640 907 2699 Justiniani
940 2642 1035 2697 151
1072 2640 1182 2715 [ac]
1228 2643 1405 2714 posita
1439 2641 1572 2715 [εει]
1604 2642 1656 2696 in
1709 2641 1808 2697 lib.
1850 2640 1951 2696 Ba-

359 2732 454 2790 sil.
485 2748 541 2797 v,
575 2733 656 2788 tit.
693 2734 748 2799 5,
800 2748 926 2805 cap.
972 2732 1026 2800 8,
1079 2738 1225 2805 quod
1262 2734 1343 2791 sic
1395 2735 1555 2792 habet
1590 2754 1604 2790 :
1643 2733 1752 2791 Sed
1803 2744 1855 2790 et
1903 2734 1950 2788 si

358 2826 486 2895 quis
539 2842 638 2897 pro
687 2826 1068 2896 redemptione
1130 2827 1497 2898 captivorum,
1550 2835 1646 2882 aut
1687 2827 1950 2882 alimonia

361 2923 689 2991 pauperum,
722 2918 1095 2976 luereditatem
1128 2921 1211 2975 vel
1242 2921 1506 2992 legatum,
1538 2921 1590 2974 in
1626 2920 1793 2975 rebus
1820 2935 1942 2975 mo-

359 3014 583 3081 bilibus,
648 3024 743 3069 aut
792 3029 914 3070 sese
963 3015 1333 3082 moventibus,
1394 3023 1488 3069 aut
1541 3013 1943 3074 immobilibus,

357 3106 475 3161 sive
506 3105 675 3161 semel
719 3108 833 3161 sive
872 3122 1118 3162 annuum
1155 3108 1483 3179 reliquerit:
1516 3116 1571 3163 et
1620 3108 1723 3161 hoc
1767 3107 1948 3162 modis

355 3201 618 3255 omnibus
665 3200 969 3255 secundum
1018 3202 1300 3256 lestatoris
1330 3201 1665 3256 voluntatem
1714 3213 1811 3268 per
1843 3213 1940 3253 eos

353 3289 446 3358 qui
480 3290 531 3342 id
563 3290 789 3359 exsequi
826 3290 966 3359 jussi
998 3300 1126 3345 sunt
1174 3300 1483 3359 preestator.
1528 3289 1585 3344 Si
1628 3289 1946 3360 specialiter

355 3396 462 3435 noa
496 3381 718 3447 dixerit,
755 3382 915 3454 cujus
958 3384 1061 3438 loci
1106 3384 1438 3453 pauperibus
1472 3384 1585 3439 hac
1634 3382 1939 3453 reliquerit,

348 3471 627 3540 jubemus,
668 3482 728 3528 ut
761 3474 1211 3543 religiosissimus
1242 3476 1480 3531 civitatis
1523 3475 1839 3546 episcopus,
1884 3477 1937 3530 in

351 3579 461 3633 qua
494 3572 725 3620 testator
751 3566 1092 3622 domicilium
1129 3568 1342 3631 habuit,
1367 3584 1463 3624 eas
1494 3585 1582 3625 res
1615 3569 1683 3624 ad
1713 3585 1773 3625 se
1796 3570 1940 3625 reci-

352 3658 490 3726 piat,
532 3665 587 3712 et
639 3658 782 3713 inter
839 3675 1109 3730 pauperes
1163 3676 1277 3715 suae
1324 3661 1564 3717 civitatis
1622 3662 1940 3718 distribuat.

349 3748 622 3804 Caeterum
675 3760 855 3807 const.
912 3753 1002 3816 45,
1056 3754 1203 3808 tit.2
1249 3751 1600 3810 Novellarum
1661 3756 1717 3808 in
1764 3753 1935 3809 Basil.

350 3858 461 3896 non
491 3852 574 3899 est
607 3845 805 3913 posita,
863 3845 1114 3902 similiter
1145 3862 1322 3918 neque
1361 3855 1540 3904 const.
1574 3847 1645 3904 55
1682 3847 1932 3917 ejusdem

354 3936 437 3993 lit.
468 3946 523 3992 et
546 3936 639 3992 lib.

423 4150 639 4208 Textus.
668 4153 859 4211 Const.
889 4171 1020 4211 vero
1044 4156 1098 4222 5,
1123 4156 1207 4237 tit.
1238 4155 1274 4210 2
1325 4154 1671 4211 Novellarum
1706 4157 1774 4214 de
1794 4155 1940 4227 ejus-

347 4246 494 4301 modi
516 4246 692 4315 legato
719 4249 869 4303 dicit.
898 4248 956 4303 Si
988 4250 1104 4318 qui,
1130 4263 1259 4317 etc.,
1286 4266 1450 4321 usque
1473 4251 1543 4304 ad
1562 4250 1811 4307 relictum
1837 4258 1941 4317 est,

348 4341 627 4407 procedat,
658 4350 715 4394 ut
747 4358 869 4413 pag.
904 4343 1031 4399 574.

2076 415 2235 486 ἐτέθη
2261 418 2342 482 είς
2366 417 2571 489 βιϐλίον
2602 418 2664 487 ε’,
2695 422 2801 479 τίτ.
2841 422 2913 491 α’,
2941 443 3068 496 κεφ.
3109 422 3165 493 ι’,
3190 425 3330 497 πλὴν
3356 428 3449 500 οὐχ
3479 430 3549 494 ώς
3575 433 3646 498 είς

2074 509 2134 561 τὸ
2166 509 2422 581 κείμενον
2456 515 2657 579 κεῖται,
2707 514 2844 571 ἀλλὰ
2873 518 3087 584 ἄλλωςε
3119 520 3254 591 φησὶ
3279 520 3408 592 γάρ’
3430 523 3518 594 Μὴ
3540 523 3648 580 δια-

2076 602 2373 674 γραφέσθω
2403 605 2690 679 ἐκκλησία,
2724 608 2757 680 ἢ
2789 610 3024 678 εὐσεϐὴς
3052 607 3202 676 οἶκος
3242 612 3275 684 ἢ
3308 616 3647 687 μοναστήριον

2076 697 2171 751 ἐπὶ
2195 699 2398 772 κέρδει.
2430 702 2744 773 Σημείωσαι
2779 700 2874 758 οὖν
2914 704 3073 759 τοῦτο
3103 704 3278 759 πολλὰ
3330 707 3647 778 χρησιμεῦον

2076 789 2157 855 είς
2180 792 2306 855 τοὺς
2333 795 2785 864 ἐκπροικίζοντας
2814 800 3177 871 μοναστήρια,
3224 800 3318 853 καὶ
3354 800 3648 867 πωλοῦντας

2073 883 2170 937 καὶ
2204 883 2584 956 ἀγοράζοντας
2618 888 2834 959 εὐαγεῖς
2872 890 3076 955 οῐκους.
3119 891 3188 946 Ἠ
3208 890 3293 961 κγ
3319 892 3458 948 διάτ.
3502 893 3588 947 καὶ
3615 896 3646 967 ή

2071 974 2171 1042 κε’,
2226 977 2328 1032 οὐκ
2382 978 2651 1051 ἐτέθησαν
2693 982 2775 1047 είς
2817 984 2887 1037 τὰ
2922 982 3207 1040 Βασιλικά.
3244 986 3316 1039 Σὺ
3345 984 3401 1039 δὲ
3425 984 3647 1055 γίνωσκε

2068 1070 2151 1122 ὅτι
2172 1068 2275 1124 κᾶν
2298 1071 2331 1142 ή
2365 1070 2590 1144 τοιαύτη
2608 1073 2750 1129 διάτ.
2770 1074 3077 1147 διορίζηται
3103 1076 3241 1148 μόνῃ
3274 1076 3646 1149 ἐκατονταετίᾳ

2068 1161 2196 1225 τοὺς
2222 1163 2443 1234 εὐαγεῖς
2487 1166 2670 1231 οἴκους
2715 1167 3101 1233 ἐκϐάλλεσθαι,
3153 1169 3294 1223 ἀλλὰ
3324 1172 3386 1224 τδ
3413 1168 3461 1225 α’
3492 1187 3638 1242 κεφ..

2066 1258 2167 1329 τῆς
2203 1256 2308 1331 ρια¹
2351 1260 2785 1317 ’1ουστινιανείου
2828 1265 3032 1335 νεαρᾶς
3083 1264 3207 1335 ἦτοι
3242 1263 3303 1319 τὸ
3351 1263 3649 1320 τελευταῖον

2068 1368 2193 1420 κεφ.
2216 1352 2310 1407 τοῦ
2332 1352 2376 1425 β’
2426 1354 2532 1409 τίτ.
2584 1355 2680 1410 τοῦ
2707 1355 2746 1411 ε’
2778 1357 2987 1428 βιϐλίου
3032 1358 3143 1412 τῶν
3163 1356 3467 1412 Βασιλικῶν
3488 1357 3651 1413 ταῦτα

2069 1444 2250 1514 ῥητῶς
2310 1446 2557 1512 θεσπίζει
2582 1465 2596 1480 ⁸
2629 1450 2789 1504 Πᾶσα
2831 1451 3024 1522 ἀγωγὴ
3066 1452 3425 1522 προσήκουτα
3478 1450 3650 1522 σεπτῷ

2066 1537 2222 1608 οἴκῳ,
2260 1537 2371 1592 εἴτε
2420 1541 2751 1614 προσωπικὴ
2800 1543 2913 1597 εἴτε
2942 1541 3314 1614 ὗποθηκάριός
3360 1543 3528 1608 ἐστιν,
3555 1542 3649 1613 οὐχ

2068 1631 2386 1702 ὑπερϐαίνει
2428 1635 2498 1689 τά
2539 1632 2591 1705 μ’
2625 1635 2721 1706 ἔτη
2741 1634 2851 1688 τῶν
2884 1634 3240 1707 ἁρμοζουσῶν
3280 1634 3493 1706 ἑκάστῳ
3526 1636 3650 1707 οἴκῳ

2062 1724 2289 1798 τοιούτῳ
2314 1728 2509 1796 εὐαγεῖ
2532 1728 2889 1801 προσκαίρων
2910 1729 3321 1801 παραγραφῶν,
3358 1729 3650 1801 φυλαττου-

2074 1818 2181 1873 σῶν
2219 1820 2469 1891 μέντοιγε
2497 1823 2626 1887 τοὺς
2652 1822 2889 1887 οἰκείους
2942 1824 3195 1895 χρόνους.

2137 1914 2451 1984 -Κείμενον,
2481 1915 2595 1969 Καὶ
2632 1916 2741 1970 τίτ.
2771 1914 2823 1986 γ’
2873 1916 2969 1971 τοῦ
3022 1917 3188 1971 αὐτοῦ
3238 1916 3466 1987 βιϐλίου,
3516 1916 3646 1973 διάτ.

2068 2005 2165 2072 κδ’,
2205 2007 2372 2081 φησιν
2418 2008 2716 2082 ἐρρῶσθαι,
2776 2027 2831 2066 κ.
2862 2027 2914 2068 τ.
2950 2008 3028 2079 λ.,
3062 2026 3238 2083 usque
3272 2012 3341 2067 ad
3378 2010 3515 2067 διάτ.
3559 2010 3648 2065 τοῦ

2065 2100 2231 2155 αὐτοῦ
2264 2099 2465 2157 τίτλου.

2136 2217 2417 2286 Σχόλιον.
2455 2217 2521 2274 Ἥ
2560 2215 2636 2273 κδ’
2668 2218 2810 2275 διάτ.
2843 2217 2940 2274 τοῦ
2968 2216 3017 2289 γ’
3059 2218 3164 2275 τίτ.
3205 2219 3303 2274 τοῦ
3348 2215 3398 2274 α’
3456 2216 3649 2290 βιϐλίου

2062 2307 2157 2361 τοῦ
2192 2305 2437 2372 Κώδικός
2468 2308 2587 2362 ἐστι
2617 2308 2822 2379 βιϐλίον
2849 2308 2954 2378 μδ’,
2986 2309 3093 2364 τίτ.
3126 2308 3217 2381 ιη’,
3249 2327 3381 2379 κεφ.
3436 2306 3529 2363 λδ’⁶
3556 2308 3649 2362 ούκ

2067 2402 2232 2474 ἐτέθη
2268 2404 2327 2457 δὲ
2359 2403 2417 2458 ἐν
2438 2406 2551 2468 τοῖς
2576 2404 2887 2468 Βασιλικοῖς
2910 2404 2987 2470 ὡς
3009 2406 3037 2459 ὁ
3064 2403 3248 2469 Κώδιξ
3276 2403 3648 2476 διελάμϐανεν,

2063 2496 2176 2551 ἀλλ’
2208 2495 2352 2551 οὕτω
2382 2498 2546 2568 φησὶν
2570 2499 2600 2552 ὁ
2627 2498 2939 2560 Βασιλικόςο
2964 2499 3038 2552 Τὸ
3068 2501 3182 2563 τοῖς
3218 2500 3459 2570 πτωχοῖς
3487 2513 3649 2552 κατα-

2060 2586 2469 2659 λιμπανόμενον
2502 2589 2577 2661 μὴ
2619 2588 2925 2661 νομιζέσθω
2981 2589 3198 2659 άδηλον.
3241 2589 3312 2643 Ἥ
3371 2586 3461 2661 κη’
3514 2587 3647 2643 διάτ.

2060 2682 2161 2735 οὐκ
2192 2680 2352 2753 ἐτέθη
2386 2682 2466 2745 είς
2494 2680 2563 2735 τὰ
2597 2682 2884 2737 Βασιλικά.
2923 2681 2988 2736 Ἦ
3030 2679 3079 2752 γ’
3134 2681 3279 2737 διάτ.
3337 2681 3434 2735 τοῦ
3462 2679 3507 2753 β’
3549 2681 3647 2734 τίτ.

2057 2775 2168 2829 τῶν
2197 2774 2431 2846 Νεαρῶν
2460 2775 2576 2830 ἐστι
2594 2775 2766 2847 νεαρὰ
2794 2775 3225 2839 Ἰουστινιάνειος
3261 2773 3397 2846 ρλα’,
3431 2774 3647 2846 κειμένη

2057 2864 2116 2918 ἐν
2149 2863 2340 2937 βιϐλίῳ
2372 2862 2412 2917 ε’
2444 2864 2554 2919 τῶν
2586 2864 2914 2932 Βασιλικῶν,
2943 2864 3052 2921 τίτ.
3087 2863 3161 2934 γ’,
3192 2883 3322 2936 κεφ.
3368 2863 3418 2938 η’
3439 2906 3453 2929 ,
3486 2864 3649 2926 οὕτως

2057 2954 2236 3027 ἔχοντι
2267 2971 2280 2984 ·
2322 2956 2385 3010 El
2414 2956 2470 3009 δὲ
2499 2956 2593 3010 καί
2622 2974 2706 3021 τις
2723 2956 2865 3028 ὑπὲρ
2882 2957 3241 3030 άναρρύσεως
3268 2955 3647 3029 αἰχμαλώτων,

2057 3049 2089 3121 ἢ
2131 3050 2449 3121 ἀποτροφῆς
2485 3052 2735 3123 πενήτων
2789 3052 3159 3124 κληρονομίαν
3201 3053 3233 3125 ἢ
3287 3052 3524 3124 ληγάτον
3553 3069 3647 3106 κα-

2058 3142 2294 3217 ταλείπῃ
2343 3145 2400 3197 ἐν
2443 3142 2734 3214 πράγμασι
2780 3147 3044 3215 κινητοῖς,
3086 3144 3120 3218 ἢ
3181 3142 3640 3216 αὐτοκινήτοις,ῆ

2062 3236 2363 3304 ἀκινήτοις,
2399 3236 2509 3289 εἴτε
2536 3237 2705 3302 ἆπαξ,
2725 3236 2836 3291 εῖτε
2872 3238 3088 3309 ἐτήσιον
3120 3236 3215 3291 καὶ
3245 3236 3409 3291 τοῦτο
3437 3237 3650 3308 τρόποις

2059 3329 2232 3384 ἆπασι
2255 3328 2398 3384 κατὰ
2433 3331 2531 3400 τὴν
2553 3330 2645 3384 τοῦ
2670 3330 2992 3402 διαθεμένου
3022 3331 3251 3404 γνώμην
3280 3333 3390 3387 ἀπὸ
3424 3332 3531 3386 τῶν
3559 3348 3647 3383 κε-

2058 3420 2395 3476 λευσθέντων
2439 3421 2596 3476 τοῦτο
2659 3422 2907 3494 ποιῆσαι,
2964 3422 3318 3495 πληρούσθω.
3367 3424 3432 3478 El
3483 3424 3539 3478 δὲ
3579 3422 3649 3495 μή

2063 3513 2249 3577 ίδικῶς
2289 3516 2419 3587 εἴπῃ
2458 3515 2612 3569 ποίου
2654 3515 2822 3569 τόπου
2861 3515 3059 3586 πένησι
3098 3515 3273 3570 ταῦτα
3336 3516 3646 3578 κατέλιπεν,

2060 3599 2353 3671 κελεύομεν
2379 3601 2468 3655 τὸν
2494 3601 2793 3657 ὁσιώτατον
2831 3604 2934 3674 τῆς
2963 3605 3170 3668 πόλεως
3201 3606 3512 3661 ἐπίσκοπον
3541 3598 3649 3677 ἐνῇ

2056 3694 2233 3747 οἰκίαν
2285 3695 2313 3747 ὁ
2344 3694 2663 3766 διαθέμενος
2710 3690 2827 3768 εἶχε
2883 3696 3348 3767 παραλαμϐάνειν
3399 3698 3471 3753 τὰ
3521 3696 3650 3751 αὐτὰ

2058 3784 2387 3856 πράγματα,
2428 3788 2661 3852 καὶτοῖς
2700 3788 2800 3857 τῆς
2840 3789 3013 3859 αὐτῆς
3046 3789 3262 3853 πόλεως
3304 3791 3505 3858 πένησι
3534 3788 3649 3842 δια-

2058 3877 2264 3946 νέμειν.
2305 3878 2368 3931 ’Π
2396 3878 2453 3931 δὲ
2486 3877 2569 3949 με’
2593 3878 2738 3933 διάτ.
2773 3879 2868 3933 τοῦ
2895 3876 2938 3951 β’
2960 3878 3067 3935 τίτ.
3112 3880 3222 3934 τῶν
3282 3879 3518 3953 Νεαρῶν
3555 3880 3649 3932 οὐκ

2058 3967 2215 4038 ἐτέθη
2253 3969 2334 4033 είς
2378 3969 2447 4025 τὰ
2492 3971 2783 4027 Βασιλικά.
2823 3972 3101 4038 Ὡσαύτως
3158 3973 3282 4029 οὐδὲ
3343 3975 3378 4047 ή
3415 3981 3487 4029 νε¹
3514 3973 3646 4028 διάτ.

2058 4060 2151 4115 τοῦ
2174 4060 2339 4115 αὑτοῦ
2382 4062 2589 4134 βιϐλίου
2614 4065 2708 4119 καὶ
2731 4065 2841 4123 τίτ.
3480 4091 3493 4106 ·

2129 4174 2442 4247 Κείμενον.
2478 4174 2544 4230 Ἢ
2584 4176 2640 4229 δέ
2677 4184 2726 4242 γ’
2766 4177 2907 4232 διάτ.
2937 4177 3032 4234 τοῦ
3056 4178 3102 4252 β’
3128 4177 3235 4236 τίτ.
3263 4178 3379 4235 τῶν
3398 4178 3646 4252 Νεαρῶν,

2059 4285 2111 4322 κ.
2144 4285 2194 4323 τ.
2234 4269 2283 4325 λ.
2316 4284 2492 4340 usque
2545 4270 2611 4326 ad
2663 4272 2998 4346 κατελείφθη
3050 4274 3438 4350 προχωρῆσαι.

419 4453 716 4511 Scholium.
781 4457 971 4515 Const.
1039 4458 1096 4522 5,
1153 4459 1237 4514 tit.
1305 4460 1342 4515 2
1417 4459 1766 4517 Novellarum
1856 4473 1939 4515 est

2119 4479 2399 4547 Σχόλιον.
2435 4480 2499 4535 Ἦ
2516 4487 2564 4550 γ’
2595 4482 2736 4538 διάτ.
2771 4482 2863 4538 τοῦ
2920 4484 3086 4555 βτίτ.
3120 4486 3230 4542 τῶν
3253 4486 3493 4559 Νεαρῶν
3532 4486 3645 4540 ἐστι

352 4546 567 4601 novella
608 4546 902 4603 Iustiniani
960 4551 1054 4605 151
1098 4550 1208 4625 [ac]
1262 4553 1437 4623 posita
1472 4551 1599 4627 [cst)
1652 4554 1708 4608 in
1759 4554 1853 4607 lib.
1912 4569 1944 4606 v

346 4634 545 4704 Basil.,
584 4640 667 4695 tit.
715 4640 769 4706 5,
804 4656 924 4711 cap.
986 4644 1044 4705 9,
1093 4644 1238 4715 quod
1272 4657 1325 4700 et
1374 4645 1647 4714 integrum
1679 4645 1733 4699 in
1783 4646 1940 4701 initio

346 4730 636 4797 praesentis
667 4748 788 4803 cap.
825 4733 1094 4789 insertum
1128 4745 1233 4802 est,
1286 4738 1358 4791 ita
1410 4737 1679 4807 incipiens
1708 4754 1721 4791 :
1754 4735 1859 4791 Sed
1890 4744 1943 4791 et

347 4823 395 4877 si
429 4823 554 4890 quis
584 4840 684 4893 pro
722 4827 1098 4899 redemptione
1124 4830 1495 4897 captivorum.

423 4915 641 4973 Textus.
683 4920 877 4976 Const.
934 4923 1003 4978 48
1065 4923 1149 4977 lit.
1200 4925 1234 4980 5
1263 4926 1355 4979 lib.
1386 4940 1401 4978 ι
1434 4925 1549 4979 ait:
1585 4925 1739 4993 Quod
1791 4925 1937 4996 quis,

340 5014 472 5074 etc.,
498 5026 661 5081 usque
684 5012 754 5065 ad
778 5012 1066 5069 modorum
1097 5013 1289 5087 [hanc]
1313 5016 1556 5085 excludi,
1581 5028 1636 5071 ut
1657 5034 1781 5090 pag.
1809 5019 1939 5073 571-

344 5102 470 5157 575.

412 5213 707 5273 Scltolt'um.
741 5219 932 5276 Const.
965 5222 1141 5278 48111.
1190 5225 1245 5290 5,
1278 5224 1373 5280 lib.
1418 5241 1499 5290 ιιι,
1532 5224 1694 5283 Cod.‘
1720 5244 1828 5283 non
1857 5240 1942 5285 est

339 5309 517 5376 posita
546 5310 598 5363 in
632 5310 823 5381 Basil.;
855 5324 1032 5371 const-
1087 5332 1215 5372 vero
1245 5319 1300 5384 5,
1346 5318 1438 5374 lib.
1475 5336 1514 5374 ll
1564 5318 1936 5388 Novellarum,

342 5408 427 5454 est
476 5404 690 5458 novella
741 5404 1038 5463 Justiuiani
1108 5412 1241 5477 151,
1287 5412 1463 5482 posita
1520 5413 1666 5485 [quae
1723 5415 1830 5488 est]
1882 5418 1935 5471 in

341 5494 435 5548 lib.
466 5492 633 5550 Basil.
666 5513 719 5563 v,
752 5500 835 5553 tit.
859 5502 913 5565 ἦ,
939 5517 1059 5572 cap.
1089 5502 1142 5569 8,
1196 5505 1343 5575 quod
1373 5516 1428 5561 et
1459 5508 1704 5563 secundo
1735 5510 1937 5566 abhinc

342 5589 615 5655 superiori
669 5592 878 5648 scbolio
938 5594 1205 5651 incertum
1259 5606 1362 5653 est.
1397 5599 1586 5655 Const.
1646 5602 1715 5656 52
1774 5603 1857 5657 tit.
1901 5605 1937 5659 2

344 5679 440 5734 lib.
475 5700 488 5737 t
522 5681 658 5754 Cod.
697 5685 751 5740 in
802 5685 968 5744 Basil.
1024 5705 1133 5746 non
1174 5702 1255 5749 est
1289 5696 1488 5768 posita.
1522 5694 1723 5755 Verum
1755 5711 1931 5758 const.

2046 4571 2217 4641 νεαρὰ
2263 4574 2695 4641 Ἰουστινιάνειος
2721 4576 2857 4649 ρλα’,
2887 4578 3120 4650 κειμένη
3153 4581 3212 4633 ἐν
3232 4580 3429 4651 βιϐλίῳ
3459 4592 3495 4633 ε’
3530 4579 3636 4633 Βα-

2049 4661 2271 4717 σιλικῶν
2295 4703 2310 4727 ,
2344 4665 2450 4720 τίτ.
2505 4664 2578 4735 γ’,
2624 4684 2752 4737 κεφ.
2798 4667 2866 4735 θ’,
2903 4669 2932 4722 ὃ
2959 4669 3026 4742 δὴ
3053 4670 3150 4724 καὶ
3190 4669 3549 4741 κατεστρώθη
3587 4666 3644 4732 ἐξ

2044 4756 2341 4829 ὁλοκλήρου
2376 4761 2432 4812 ἐν
2466 4762 2532 4832 τῇ
2574 4764 2824 4833 καταρχῇ
2864 4761 2959 4815 τοῦ
2995 4762 3268 4834 παρόντος
3311 4781 3443 4833 κεφ.
3477 4761 3642 4834 ἀρχό·-

2050 4868 2211 4921 μενον
2239 4851 2433 4915 οὕτως·
2468 4854 2531 4907 El
2561 4854 2617 4907 δὲ
2648 4854 2789 4925 ὑπὲρ
2804 4854 3162 4928 ἁναρῤύσεως
3182 4855 3570 4927 αἰχμαλώτων.

2114 4944 2423 5015 Κείμενον.
2468 4946 2534 5001 Ἦ
2578 4947 2638 5000 δὲ
2692 4945 2782 5019 μη¹
2824 4947 2966 5002 διὰτ.
3017 4947 3114 5002 τοῦ
3147 4946 3195 5019 γ’
3248 4948 3385 5015 τίτ.,
3438 4949 3534 5004 τοῦ
3590 4944 3637 5001 α’

2046 5037 2253 5109 βιϐλίου
2276 5038 2460 5109 φησιν,
2488 5057 2543 5093 κ.
2564 5057 2617 5094 τ.
2646 5039 2697 5095 λ.
2723 5054 2901 5110 usque
2924 5040 2993 5095 ad
3018 5039 3372 5095 ἀποκλείεται
3398 5041 3633 5113 τρόπων.

2112 5247 2396 5316 Σχόλιον.
2441 5248 2505 5302 Ἠ
2542 5247 2634 5320 μη⁹
2683 5248 2827 5305 διάτ.
2873 5253 2970 5307 τοῦ
2996 5251 3169 5324 γ’τίτ.
3200 5250 3298 5307 τοῦ
3351 5258 3402 5307 α’
3428 5248 3631 5324 βιϐλίου

2042 5336 2143 5391 οὐκ
2199 5339 2361 5411 ἐτέθη
2408 5341 2491 5404 εἰς
2539 5340 2606 5395 τὰ
2664 5342 2940 5413 βασιλικά.
2997 5346 3062 5399 Ἦ
3112 5346 3171 5400 δὲ
3208 5345 3418 5417 γ’διάτ.
3462 5342 3619 5413 τοῦβ

2041 5428 2148 5485 τίτ.
2204 5430 2315 5485 τῶν
2370 5430 2599 5503 Νεαρῶν
2640 5434 2756 5487 ἐστι
2798 5436 2971 5508 νεαρᾶ
3023 5437 3461 5500 ἰουστινιάνειος
3496 5436 3627 5508 ρλα’,

2042 5522 2269 5595 κειμένη
2298 5524 2356 5579 ἐν
2374 5525 2564 5598 βιϐλίῳ
2589 5528 2698 5581 τῶν
2722 5528 3027 5585 Βασιλικῶν
3051 5528 3114 5595 ε’,
3153 5531 3259 5585 τίτ.
3288 5529 3361 5601 γ’,
3403 5547 3528 5599 κεφ.
3558 5525 3625 5600 η’.

2041 5615 2070 5669 ὃ
2105 5618 2197 5670 καὶ
2243 5618 2596 5690 κατεστρώθη
2650 5622 2729 5685 είς
2780 5621 2843 5675 τὸ
2896 5624 3169 5692 παρελθὸν
3196 5622 3521 5679 καταϐατὸν.
3564 5619 3625 5673 Ἥ

2045 5707 2119 5761 νϐ’
2147 5708 2286 5766 διάτ.
2342 5709 2437 5763 τοῦ
2460 5710 2504 5782 β’
2538 5712 2641 5766 τίτ.
2676 5714 2768 5766 τοῦ
2800 5712 2849 5768 α’
2882 5714 3092 5786 βιϐλίου
3118 5716 3214 5771 τοῦ
3244 5714 3487 5777 meum;
3527 5712 3620 5766 οὐκ
