3744 6218
109 206 248 276 1045

1118 185 1701 256 ΝΟΜΟΕΑΝΟΝ.-·
1754 182 1907 246 ΤΙΤ.
1934 182 2021 245 ΙΙ.
2074 178 2235 243 CAP-
2282 176 2370 239 ΙΙ.

3260 162 3403 228 1016

105 322 261 394 ἐτέθη
297 318 376 386 είς
425 316 498 373 τὰ
540 310 833 371 Βασιλικὰ.
872 309 943 368 Ἦ
996 307 1183 384 μέντοι
1218 304 1262 379 β’
1294 304 1439 362 διατ.
1485 298 1583 358 τοῦ
1633 299 1719 361 α’,

1903 304 1935 352 t.
1969 296 1995 352 1
2025 292 2378 353 Novellarum
2437 303 2526 355 est
2561 288 2779 352 novella
2844 276 3148 343 Iustiniani
3178 276 3302 346 125,
3330 293 3397 336 ac

104 416 207 470 τὶτ,
248 370 372 468 ἓῶᾶ
408 407 642 483 Νεαρῶν
677 408 792 462 ἐστι
844 370 1021 477 νεαρά
1092 370 1527 462 Ἰουστινιάνειος
1575 399 1693 468 ρκγ⁹

1903 391 1985 446 .ita
2013 398 2096 447 est
2120 389 2174 445 in
2208 389 2306 446 lib.
2361 389 2530 447 Basil.
2576 403 2653 455 nr,
2680 385 2767 443 tit.
2802 381 2857 450 1,
2896 390 3022 449 cap.
3056 373 3092 430 5
3137 376 3195 430 et
3239 370 3296 438 6,
3328 371 3397 426 ad

105 508 199 564 καὶ
232 503 394 577 ἐτέθη
424 500 485 559 ἐν
517 498 710 575 βιϐλίῳ
724 497 834 554 τῶν
860 495 1174 553 Βασιλικῶν
1207 492 1272 557 δ’,
1307 492 1415 547 τίτ.
1447 495 1521 556 α’,
1570 505 1702 559 κεφ.

105 600 146 655 ε’
177 600 274 655 καὶ
304 594 382 664 ς’,
418 594 564 651 οὕτω
585 592 775 665 σχεδὸν
800 591 880 657 ὡς
906 588 1148 647 ἐνταῦθα
1176 587 1381 643 κεῖται.

174 710 476 781 Κείμενον.
515 706 684 776 Λέγει
714 703 772 759 δέ
802 704 837 776 ἡ
879 701 929 757 α’
987 700 1083 756 καὶ
1107 698 1246 772 μόνη
1271 697 1414 755 διάτ.
1466 696 1562 751 τοῦ
1617 694 1706 768 μη⁹

1808 484 2062 541 eumdem
2096 498 2264 556 prope
2296 481 2545 550 modum,
2570 495 2683 554 quo
2704 477 2819 535 hic.
2860 522 2865 535 .

1884 696 2105 754 Τεωιιιε.
2140 693 2283 751 Dicit
2311 708 2479 766 porro
2500 691 2552 757 l,
2572 702 2750 761 eaque
2781 680 2969 747 unica,
3001 679 3184 732 const.
3217 670 3303 729 tit.
3332 669 3405 726 48

111 803 213 859 τίτ.
246 764 341 857 τοῦ
374 797 433 866 ς’
494 764 703 872 βιϐλίου
733 764 837 852 τοέ
866 764 1137 860 Κὼδικος,
1172 764 1245 848 κ..
1269 808 1320 846 τ.
1352 790 1403 845 λ.
1433 764 1709 862 usquead

1903 834 1906 845 .
1937 807 1991 845 v1
2019 788 2158 847 Cod.
2189 764 2583 852 :Vaiere,etc.,
2602 796 2765 855 usque
2781 777 2849 835 ad
2876 764 3183 835 obvenerit,
3225 780 3406 823 resar-

109 895 392 969 συμϐᾶσαν
423 891 647 966 ζημίαν.

175 1008 449 1077 Σχὸλιον.
487 1004 552 1058 Ἦ
584 1000 633 1058 α’
657 1002 795 1057 διάτ.
859 999 955 1055 τοῦ
1010 996 1103 1073 μη¹
1132 997 1239 1054 τίτ.
1273 995 1369 1052 τοῦ
1401 1003 1457 1063 ς’
1503 995 1709 1070 βιϐλίου

108 1099 197 1155 τοῦ
228 1098 474 1161 Κὼδικος
528 1098 706 1151 κεῖται
758 1095 816 1149 ἐν
845 1092 1035 1166 βιϐλίῳ
1071 1089 1176 1165 μδ’,
1215 1091 1324 1147 τίτ.
1366 1086 1459 1162 ιη’,
1491 1107 1616 1158 κεφ.
1644 1086 1709 1157 λ’,

109 1192 201 1248 καὶ
228 1190 383 1262 ζήτει
413 1187 576 1244 τοῦτο
606 1185 767 1259 περὶ,
806 1186 874 1241 τὰ
917 1185 1063 1257 μέσα
1089 1182 1461 1254 διαλαμϐάνον
1487 1180 1589 1235 ὅσα
1631 1181 1713 1245 εἰς

109 1285 167 1339 τδ
203 1284 457 1354 κείμενον
487 1280 829 1353 ἐγράφησαν.
868 1277 950 1331 Τὰ
976 1276 1033 1330 δὲ
1061 1274 1332 1345 λεγόμενα
1358 1269 1712 1344 περιέχεσθαι

110 1379 167 1433 ἐν
200 1376 278 1448 τῷ
328 1374 411 1441 κζ’
448 1375 557 1429 τίτ.
598 1375 699 1445 τῆς
724 1369 772 1442 γ’
826 1368 1255 1432 ίνστιτουτιῶνος
1313 1366 1415 1422 οὐκ
1446 1366 1714 1439 ἐτέθησαν

113 1471 277 1537 είςτά
314 1468 608 1526 Βασιλικά.
649 1469 715 1523 Ἦ
751 1467 935 1541 μέντοι
989 1463 1035 1536 β’
1064 1463 1206 1520 διάτ.
1243 1460 1338 1517 τοῦ
1369 1460 1414 1534 β’
1444 1462 1553 1518 τίτ.
1604 1461 1716 1516 τῶν

112 1564 335 1638 Νεαρῶν
360 1565 481 1618 ἐστι
531 1569 600 1633 ιη’
634 1579 763 1632 κεφ.
813 1558 909 1613 τοῦ
959 1555 1005 1630 β’
1030 1558 1139 1613 τίτ.
1172 1554 1269 1611 τοῦ
1310 1554 1350 1609 ε’
1382 1555 1589 1628 βιϐλίου
1620 1555 1717 1610 καί

113 1673 241 1728 φησι
272 1654 461 1728 σχεδὸν
493 1652 562 1707 τὰ
591 1650 752 1707 αὐτά.
796 1651 865 1705 Ἠ
915 1649 972 1703 δέ
1010 1646 1059 1703 α’
1107 1646 1248 1703 διάτ.
1290 1644 1387 1700 τοῦ
1432 1644 1596 1702 αὑτοῦ
1629 1644 1717 1718 βι-

112 1748 258 1805 ϐλίου
286 1746 400 1803 τῶν
428 1745 661 1818 Νεαρῶν
686 1744 792 1801 οὐκ
818 1742 978 1815 ἐτέθη
1007 1742 1089 1807 είς
1126 1740 1197 1796 τὰ
1226 1739 1507 1814 βασιλικά.

113 1888 437 2056 μάιξΕΦΔΑ.
471 1885 550 1942 Β’.
588 1915 661 1928 -
692 1882 833 1955 Περὶ
865 1880 1041 1953 ιερῶν
1060 1878 1308 1937 σκευῶν
1347 1879 1449 1935 καὶ
1478 1879 1705 1951 ἀναθη-

226 1999 332 2038 ων.

226 1999 332 2038 ων.

196 2077 255 2131 Ἀ
265 2073 550 2130 ποστόλων
593 2072 776 2128 κανὼν
823 2067 902 2139 ογ¹
934 2084 953 2102 ο
1005 2066 1227 2123 συνόδου
1264 2072 1315 2123 α’
1358 2064 1455 2121 καὶ
1499 2066 1546 2139 β’
1581 2083 1713 2137 συγ-

119 2166 483 2240 κροτηθείσης
502 2166 562 2219 ἐν
580 2164 660 2236 τῷ
682 2162 798 2235 ναῷ
818 2162 929 2216 τῶν
942 2159 1143 2231 ’Λγίων
1156 2159 1502 2215 Ἀποστόλων
1528 2159 1714 2213 κανὼν

120 2269 189 2330 α’,
235 2269 288 2317 ι’⁹
337 2260 620 2334 Κυρίλλου
685 2259 753 2313 ἐκ
804 2258 908 2331 τῆς
958 2255 1098 2328 πρὸς
1145 2253 1355 2327 Δόμνον
1416 2254 1713 2325 ἐπιστολῆς

121 2372 242 2428 κεφ.
267 2353 334 2428 β’.

189 2470 502 2541 Κειμενον.
583 2468 653 2525 Ἦ
702 2465 771 2534 ιζ’
802 2466 945 2523 διάτ.
980 2461 1077 2519 τοῦ
1148 2459 1194 2534 β’
1244 2460 1354 2518 τίτ.
1399 2458 1495 2515 τοῦ
1526 2459 1577 2518 α’
1634 2459 1718 2533 βι-

128 2560 275 2616 ϐλίου
299 2561 401 2615 τοῦ
432 2560 683 2625 Κώδικὺς
706 2575 895 2632 φησιν,
920 2574 977 2612 κ.
1012 2573 1067 2613 τ.
1100 2554 1178 2622 λ.,
1218 2568 1394 2625 usque
1426 2552 1497 2610 ad
1538 2554 1589 2608 et
1644 2552 1720 2627 μὴ

126 2655 210 2710 διὰ
230 2654 386 2709 λύσιν
420 2651 803 2727 αἰχμαλώτων.

195 2769 478 2840 Σχόλιον.
518 2768 585 2821 Ἦ
616 2763 680 2832 ιζ’
710 2766 851 2822 διάτ.
884 2765 983 2821 τοῦ
1040 2764 1086 2838 β’
1134 2765 1243 2821 τίτ.
1292 2762 1387 2819 τοῦ
1425 2758 1475 2817 α’
1512 2758 1722 2834 βιϐλίου

131 2861 222 2917 τοῦ
250 2862 502 2927 Κώδικος
544 2862 647 2916 οὐκ
670 2860 831 2932 ἐτέθη
862 2862 943 2926 είς
969 2860 1039 2915 τὰ
1083 2856 1363 2931 βασιλικὰ,
1395 2854 1517 2910 οὐδὲ
1548 2856 1582 2925 ἡ
1614 2858 1724 2908 κα’.

133 2954 205 3009 Τδ
254 2955 437 3027 μέντοι
501 2952 580 3026 ξβ¹
635 2953 778 3009 διάτ.
845 2952 941 3008 τοῦ
1000 2950 1046 3007 α’
1092 2951 1199 3006 τίτ.
1245 2949 1342 3005 τοῦ
1411 2954 1481 3019 ιη’
1514 2945 1725 3019 βιϐλίου

136 3049 247 3103 ἐστὶ
290 3048 497 3121 βιϐλίον
556 3048 623 3103 ιθ⁹
665 3048 777 3102 τῶν
807 3044 1136 3112 Βασιλικῶν,
1198 3044 1307 3100 τίτ.
1353 3048 1425 3109 α’,
1459 3058 1586 3111 κεφ.
1624 3037 1726 3107 ξδ’,

1813 884 1940 952 ciet,
1968 894 2028 937 ut
2057 898 2182 954 pag.
2208 881 2335 937 574.

1883 999 2180 1057 Scholium.
2236 997 2426 1054 Const.
2465 995 2491 1050 1
2546 993 2632 1051 tit.
2691 990 2760 1048 48
2793 988 2889 1045 lib.
2930 1002 2982 1043 vr
3026 984 3166 1043 Cod.
3225 977 3407 1051 posita

1814 1103 1895 1152 est
1928 1096 1982 1148 in
2027 1094 2122 1148 lib.
2159 1108 2305 1159 κων,
2330 1091 2413 1147 tit.
2442 1088 2535 1153 18,
2574 1101 2695 1157 cap.
2720 1082 2812 1149 '50,
2841 1079 2987 1152 quod
3021 1091 3226 1149 quaere.
3249 1072 3408 1129 Circa

1814 1188 2056 1245 medium
2090 1188 2238 1243 enim
2271 1191 2491 1251 tractat,
2522 1192 2869 1252 quaecunque
2903 1176 2957 1230 in
3004 1178 3155 1228 textu
3205 1166 3412 1236 scripta

1814 1291 1964 1338 ευιιι.
1993 1280 2128 1349 Quae
2176 1295 2307 1337 vero
2338 1279 2596 1335 dicuntur
2649 1268 3039 1343 comprehendi
3088 1266 3140 1320 in
3192 1262 3265 1317 27
3325 1258 3413 1313 tit.

1816 1372 2073 1449 [lib.]m,
2133 1383 2189 1431 et
2246 1372 2312 1428 16
2358 1373 2445 1428 tit.
2480 1367 2628 1444 [lib.]
2675 1383 2730 1423 Iv
2764 1363 2944 1421 Instit.
2985 1361 3041 1417 in
3080 1354 3249 1412 Basil.
3301 1366 3415 1407 non

1815 1447 2165 1543 sunt-posita.
2202 1468 2347 1524 Sane
2380 1480 2512 1521 vero
2541 1467 2724 1520 const.
2777 1459 2816 1514 2
2864 1456 2953 1513 tit.
2989 1455 3028 1509 2
3061 1447 3415 1507 Novellarum

1816 1571 1900 1619 est
1927 1532 2047 1633 cap.
2097 1560 2164 1615 l8
2214 1559 2293 1614 tit.
2354 1558 2393 1612 2
2434 1556 2530 1612 lib.
2576 1569 2629 1621 ν,
2684 1548 2833 1623 quod
2879 1546 2993 1603 fere
3038 1541 3230 1598 eadem
3259 1532 3416 1591 dicit.

1820 1625 2009 1712 Const:
2041 1662 2225 1709 autem
2258 1653 2285 1709 1
2331 1650 2576 1723 ejusdem
2605 1646 2704 1703 lib.
2751 1639 3105 1699 Noveliarum
3154 1631 3215 1689 in
3247 1625 3416 1683 Basil.

1756 1742 1798 1799 Β
1828 1764 1938 1805 non
1966 1758 2051 1805 est
2076 1747 2276 1819 posita.

1902 1882 2057 1939 me.
2099 1881 2163 1937 ll.
2190 1912 2261 1922 —
2285 1879 2361 1936 De
2394 1844 2565 1935 sacris
2598 1874 2765 1941 vasis,
2796 1881 2846 1927 et
2886 1865 3148 1925 donariis.

1901 2065 2294 2140 Apostolorum
2317 2058 2611 2125 canon75;
2638 2052 2861 2113 concilii
2886 2052 2910 2107 l
2938 2048 3046 2107 et2
3067 2047 3122 2103 in
3146 2043 3263 2102 azde
3286 2041 3426 2097 Sane

1832 2137 2046 2220 ctorum
2072 2157 2461 2231 Apostolorum
2493 2150 2691 2214 coacti,
2716 2162 2894 2205 canon
2924 2146 2978 2215 l,
2997 2143 3103 2212 l0;
3131 2156 3197 2199 ex
3219 2137 3426 2211 episto-

1824 2257 1877 2314 la
1907 2254 2094 2329 Cyrilli
2124 2251 2193 2308 ad
2224 2250 2495 2306 Domuum
2520 2252 2685 2317 caput
2712 2241 2768 2299 2.

1904 2470 2123 2527 Textus.
2166 2465 2359 2523 Const.
2400 2460 2470 2516 17
2509 2459 2596 2515 ιίι.
2642 2457 2680 2511 2
2712 2455 2809 2511 lib.
2847 2468 2866 2509 ι
2906 2448 3041 2506 Cod.
3083 2445 3162 2503 ait
3206 2461 3221 2499 :
3258 2440 3416 2509 Quod

1831 2565 1961 2622 dum
1985 2571 2162 2625 extra,
2180 2567 2312 2624 etc.,
2326 2569 2492 2628 usque
2515 2551 2583 2607 ad
2601 2545 3038 2618 redemptionem
3058 2538 3429 2611 captivorum,

1834 2666 1894 2713 ut
1923 2672 2048 2727 pag.
2078 2652 2205 2709 579.

1907 2769 2203 2827 Scholium.
2234 2764 2426 2822 Const.
2458 2761 2552 2825 l7,
2608 2756 2693 2813 tit.
2725 2753 2784 2817 2,
2821 2752 2920 2808 lib.
2961 2766 2980 2805 ι
3019 2746 3157 2805 Cod.
3200 2758 3311 2799 non
3351 2746 3435 2797 cst

1838 2864 2018 2938 posita
2051 2862 2107 2917 in
2136 2858 2301 2915 Basil.
2325 2900 2340 2925 ,
2373 2867 2552 2925 neque
2576 2850 2668 2906 2i.
2698 2846 2903 2903 Verum
2932 2842 3127 2914 digest.
3161 2836 3231 2892 62
3288 2833 3376 2890 tit.
3405 2833 3433 2887 1

1841 2927 1937 3015 iib.
1965 2971 2121 3021 xvnt,
2143 2962 2222 3010 est
2257 2951 2355 3005 lib.
2382 2943 2699 3009 x1xyBasil.,
2720 2941 2788 2997 tit
2806 2939 2861 3003 1,
2887 2951 3010 3007 cap.
3042 2934 3135 2995 62,
3169 2932 3354 2986 thema
3376 2927 3437 2991 2,

1842 3051 1986 3123 quod
2022 3017 2203 3112 habet,
2236 3053 2296 3101 ut
2321 3042 2376 3099 in
2412 3047 2563 3097 textu
2602 3036 2870 3107 scriptum
2902 3038 3006 3087 est.
3029 3025 3139 3082 Tit.
3197 3024 3223 3078 l
3293 3017 3439 3094 [lib.]

138 3113 366 3216 Mtte-3',
399 3141 580 3207 οὕτως
618 3140 746 3214 ἔχον
779 3140 855 3206 ὡς
875 3140 956 3206 είς
979 3138 1043 3194 τὸ
1073 3138 1330 3208 κείμενον
1377 3134 1618 3209 ἐγράφη.
1666 3133 1719 3187 ’0

1903 3142 2078 3199 lnstit.
2124 3141 2181 3195 in
2236 3136 2403 3193 Basil.
2451 3136 2562 3189 nOn
2594 3138 2680 3187 est
2729 3126 2969 3198 positus.
3025 3121 3216 3176 Const.
3250 3116 3278 3171 1
3314 3113 3439 3169 tit.2

139 3232 184 3289 α’
237 3235 341 3291 τίτ.
392 3235 498 3307 τῆς
527 3232 571 3306 β’
620 3229 1055 3296 ίνστιτουτιῶνος
1092 3229 1195 3285 οὐκ
1221 3228 1385 3300 ἐτέθη
1420 3228 1499 3293 εἰς
1523 3227 1592 3282 τὰ
1620 3227 1730 3281 Bac

147 3328 341 3385 σιλικά.
384 3329 457 3384 Ἠ
489 3326 539 3384 α’
590 3327 735 3383 διάτ.
783 3327 879 3381 τοῦ
934 3323 980 3397 β’
1016 3324 1124 3379 τίτ.
1178 3321 1288 3377 τῶν
1334 3318 1567 3393 Νεαρῶν
1616 3319 1734 3373 ἐστι

141 3423 302 3497 νεαρὰ
340 3422 778 3486 ἰουστινιάνειος
823 3417 906 3494 ρκ’
934 3437 950 3453 ο
996 3417 1159 3473 τοῦτο
1184 3416 1242 3471 δὲ
1279 3414 1449 3488 αὐτῆς
1487 3413 1551 3470 τὸ
1604 3429 1730 3483 κεφ.

142 3517 236 3572 οὔκ
266 3517 426 3588 ἐτέθη
458 3518 539 3583 εἷς
566 3515 636 3571 τὰ
661 3514 950 3571 Βασιλιιὶά.

202 3610 513 3681 Κείμενον.
549 3606 617 3662 Ἦ
666 3607 724 3662 δέ
768 3606 812 3679 β’
864 3605 1005 3662 διάτ.
1036 3603 1134 3660 τοῦ
1176 3601 1343 3658 αὑτοῦ
1396 3600 1504 3657 τίτ.
1539 3600 1730 3674 φησιν,

144 3699 277 3756 ὥστε
299 3702 369 3757 τΞι
399 3702 528 3775 ἱερὰ
560 3700 753 3773 σκεύη,
792 3719 851 3757 κ.
871 3718 925 3756 τ.
951 3699 1030 3768 λ.,
1064 3712 1242 3770 usque
1273 3698 1342 3754 ad
1375 3695 1474 3753 καὶ
1499 3695 1600 3768 οὐχ
1631 3695 1735 3768 ἁρ-

148 3793 293 3866 μόζει
324 3797 391 3851 ἐκ
439 3794 634 3849 τούτου
682 3793 896 3867 ἀγωγή.

210 3908 492 3979 Σχόλιον.
550 3908 618 3963 Ἡ
665 3907 710 3980 β’
747 3908 891 3965 διάτ.
956 3906 1052 3963 τοῦ
1110 3904 1156 3979 β’
1200 3905 1306 3961 τίτ.
1354 3903 1466 3959 τῶν
1502 3901 1738 3973 Νεαρῶν

150 4000 260 4056 ἐστι
288 4002 465 4078 νεαρὰ
501 4002 931 4066 Ἰουστινιάνειος
951 3999 1058 4074 ρκ’,
1102 3999 1334 4071 κειμένη
1388 3999 1448 4053 ἐν
1475 3996 1667 4070 βιϐλίῳ
1697 3994 1739 4050 ε’

146 4093 249 4149 τῶν
275 4095 609 4164 Βασιλικῶν,
627 4096 736 4150 τίτ.
761 4093 830 4168 β’,
859 4112 987 4165 κεφ.
1018 4092 1129 4160 κα’,
1157 4092 1333 4157 οὕτως
1360 4091 1539 4163 ἔχοντι
1559 4089 1742 4153 καθὼς

148 4187 224 4253 είς
250 4188 311 4244 τὸ
331 4189 591 4261 κείμενον
622 4188 910 4262 διελήφθη.
950 4189 1027 4244 Τὸ
1080 4186 1149 4259 ιγ’
1178 4187 1322 4243 διάτ.
1372 4184 1467 4240 τοῦ
1519 4182 1591 4258 ιη’
1631 4184 1738 4241 τίτ.

150 4281 240 4335 τοῦ
301 4281 348 4339 α’
384 4282 601 4354 βιϐλίου
646 4284 764 4337 ἐστὶ
804 4282 1012 4355 βιϐλίον
1054 4280 1131 4349 ς’,
1166 4280 1298 4344 τίτ..
1330 4277 1400 4346 α’,
1441 4296 1571 4349 κεφ.
1629 4276 1741 4350 μβ¹υ

150 4370 313 4439 οὕτως
340 4373 486 4445 ἔχονσ
524 4373 586 4428 Ὀ
614 4374 801 4446 ἄρχων
828 4373 1164 4445 φροπιζέτω
1192 4372 1292 4444 τῆς
1317 4371 1544 4443 εἰρήνης
1564 4367 1744 4441 ζητῶν

1845 3236 2194 3294 Novellarum
2226 3240 2312 3288 est
2344 3227 2560 3285 novella
2617 3218 2919 3280 Iustiniani
2954 3215 3076 3271 l20.
3113 3210 3227 3268 Hoc
3252 3215 3439 3265 autem

1845 3326 1967 3400 ejus
1998 3330 2163 3397 caput
2191 3336 2302 3378 non
2348 3326 2435 3375 est
2473 3314 2715 3389 positum
2766 3310 2824 3365 in
2862 3304 3031 3363 Basil.

1917 3610 2139 3668 Toxlus.
2168 3605 2359 3662 Const.
2390 3597 2692 3671 2ejusdem
2729 3593 2811 3650 tit.
2845 3591 3017 3648 dicit:
3052 3587 3117 3646 Ut
3151 3600 3219 3642 ne
3252 3597 3434 3646 sacra,

1846 3716 1976 3771 etc.,
2008 3718 2172 3776 usque
2196 3698 2265 3755 ad
2296 3696 2424 3753 inde
2443 3693 2585 3750 actio
2614 3704 2723 3747 non
2751 3691 3048 3758 competat,
3074 3690 3134 3737 ut
3154 3695 3280 3753 pag.
3311 3677 3448 3732 579-

1851 3799 1981 3860 582.

1925 3909 2222 3967 Scholium.
2250 3902 2488 3960 Constit.
2543 3898 2579 3954 2
2607 3897 2692 3953 tit.
2724 3894 2765 3949 2
2804 3888 3153 3948 Novellarum
3221 3890 3307 3939 est
3359 3896 3453 3936 no-

1852 4002 1992 4058 vella
2014 3994 2310 4054 Iustiniani
2339 3991 2473 4056 l20,
2504 3987 2681 4060 posita
2705 3982 2837 4056 [quc
2860 3978 2968 4050 est]
2997 3978 3052 4031 in
3079 3974 3175 4029 lib.
3199 3988 3232 4024 ν
3255 3971 3448 4033 Basil.,

1855 4097 1940 4151 tit.
1977 4093 2035 4161 2,
2073 4105 2197 4160 cap.
2223 4088 2317 4152 2i,
2343 4083 2487 4156 quod
2521 4079 2704 4142 habet,
2736 4082 2796 4130 ut
2821 4073 2874 4128 in
2906 4076 3058 4125 textu
3092 4063 3453 4135 comprehen-

1856 4203 1977 4245 sum
2006 4156 2109 4241 est.
2146 4156 2357 4252 Digest.
2419 4176 2485 4233 ιδ
2538 4174 2622 4228 tit.
2666 4169 2733 4224 ιε
2768 4167 2865 4222 lib.
2902 4180 2916 4220 l
2950 4170 3034 4218 est
3062 4161 3158 4215 lib.
3185 4173 3261 4223 Vl,
3295 4156 3379 4212 tit.
3413 4172 3453 4217 1,

1856 4296 1979 4350 cap.
2014 4277 2104 4342 42,
2142 4248 2287 4345 quod
2316 4270 2395 4327 sic
2428 4266 2592 4322 habet
2627 4260 2880 4318 :Praeses
2916 4254 3070 4329 pacis
3117 4264 3306 4307 curam
3348 4248 3453 4302 lia-

1860 4342 2010 4435 beto.
2042 4342 2362 4436 sacrilegos,
2396 4356 2714 4433 plagiarios,
2759 4352 2927 4414 fures,
2961 4363 3024 4403 ac
3063 4342 3303 4421 [eorum]
3362 4357 3451 4397 re-

153 4464 270 4529 τοὺς
307 4432 622 4538 ἱεροσύλους
655 4432 750 4521 ἐςῖιι
768 4432 1221 4539 ἀνδραποδιστὰς,
1248 4432 1355 4519 ’καὶ
1652 4477 1719 4516 κα

1903 4472 2119 4533 eptorcs
2140 4432 2493 4525 conquirens,
2511 4458 2816 4515 eorumque
2844 4439 3104 4496 delictum
3132 4432 3453 4509 [supplicio]

156 4524 430 4629 ὑποδοχεϊς
455 4558 554 4615 καὶ
584 4558 724 4631 πρὸς
745 4558 808 4613 τὺ
857 4524 1243 4631 ττλημμέληιια
1278 4554 1515 4621 ἐπεξιὼν
1535 4524 1719 4619 αὐτοῖς

1903 4524 2218 4624 ersequens.
2252 4524 2462 4617 Digest.
2519 4540 2555 4595 4
2610 4539 2698 4594 tit.
2740 4535 2777 4589 2
2828 4533 2927 4589 lib.
2966 4548 2997 4587 x
3024 4538 3111 4586 est
3150 4526 3318 4582 Basil.
3355 4524 3452 4578 lib.

155 4648 226 4704 Τὸ
283 4649 324 4706 δ’
369 4652 511 4708 διάτ.
572 4649 669 4705 τοῦ
717 4649 761 4722 β’
810 4649 915 4704 τίτ.
965 4648 1060 4704 τοῦ
1101 4646 1134 4704 ι’
1173 4645 1403 4720 βιϐλίου,
1469 4644 1586 4699 ἔστι
1638 4644 1748 4698 τῶν

158 4740 454 4799 Βασιλικῶν
521 4742 726 4815 βιϐλίον
772 4741 882 4816 μβ¹,
938 4742 1043 4797 τίτ.
1095 4742 1166 4811 γ’,
1215 4758 1342 4811 κεφ.
1374 4737 1438 4807 δ’,
1491 4738 1637 4810 θέμα
1680 4736 1746 4810 β’ν

156 4832 326 4903 λέγονο
379 4837 768 4910 Ἐξῃρημένων
795 4836 906 4892 τῶν
931 4834 1111 4909 χρεῶν
1139 4834 1211 4888 τὰ
1245 4832 1412 4889 λοιπὰ
1447 4832 1749 4905 πράγματα

159 4929 484 4999 κατάγονται
526 4932 610 4995 εἰς
657 4931 720 4985 τὸ
747 4928 997 5001 διαιροῦν
1021 4930 1091 5000 τῇ
1116 4926 1353 4999 φαμιλίᾳ
1396 4924 1490 4980 τὸν
1541 4925 1747 4996 κλῆρον

161 5018 528 5094 δικαστήριον,
556 5022 750 5078 καὶτὰ
780 5021 931 5076 κακὰ
961 5020 1252 5092 φάρμακα,
1285 5018 1382 5072 καὶ
1410 5017 1481 5072 τὰ
1533 5014 1749 5087 μαγικὰ

165 5112 360 5185 βιϐλία,
386 5118 483 5172 καὶ
509 5116 581 5171 τὰ
624 5117 809 5188 ὃμοια.
862 5114 1151 5185 Ὀφφίκιον
1195 5112 1255 5167 δὲ
1284 5109 1544 5167 δικαστοῦ
1568 5121 1754 5181 παρα-

163 5208 351 5280 χρῆμα
379 5212 449 5266 τὰ
478 5210 708 5266 τοιαῦτα
746 5208 1105 5281 διαφθείρειν.
1152 5206 1229 5260 οὐ
1259 5206 1555 5277 διαιρεῖται
1594 5203 1653 5257 δέ
1687 5202 1756 5256 τὰ

166 5299 269 5356 ἀπὸ
304 5303 605 5375 ἱεροσυλίας
640 5304 932 5376 κτηθέντα,
953 5303 988 5375 ἢ
1018 5300 1090 5357 τὰ
1119 5299 1230 5355 ἀπὸ
1253 5300 1431 5371 δήμου
1471 5297 1755 5353 κλαπέντα

169 5392 203 5464 ἢ
232 5395 336 5450 ἀπὸ
370 5397 488 5469 βίας
542 5396 834 5471 κτηθέντα,
868 5396 903 5469 ἢ
944 5394 1163 5466 ἐφόδου.
1190 5392 1266 5449 Σὺ
1295 5392 1353 5447 δὲ
1385 5391 1625 5462 γίνωσκε
1669 5390 1752 5444 ὅτι

170 5484 342 5541 πάντα
384 5489 498 5574 ⁷ὃσα
552 5492 699 5563 κακῇ
750 5490 934 5543 πίστει
963 5487 1190 5560 νέμεται
1245 5486 1277 5541 δ
1304 5484 1636 5556 τελευτήσας
1686 5481 1749 5537 οὐ

1848 4616 1977 4713 ritu,
2018 4616 2100 4701 tit.
2131 4616 2416 4709 ἵκωμι,
2446 4634 2628 4690 thema
2656 4629 2713 4696 2,
2769 4625 2915 4697 quod
2961 4623 3097 4679 dicit
3136 4639 3149 4675 :
3202 4616 3458 4685 Exceptis

1845 4741 1991 4796 enim
2032 4731 2371 4796 nominibus,
2421 4725 2645 4793 reliquae
2691 4734 2782 4776 res
2818 4718 2873 4772 in
2900 4713 3171 4787 judicium
3206 4707 3451 4768 familiae,

1846 4822 2187 4885 erciscundm
2223 4818 2591 4875 deducuntur,
2647 4808 2816 4865 etiam
2870 4803 3017 4859 mala
3054 4799 3454 4855 medicamenta

1846 4932 1901 4979 et
1965 4916 2090 4973 libri
2114 4910 2338 4984 imagini
2394 4922 2459 4962 ac
2516 4901 2726 4961 similes
2777 4917 2792 4955 :
2849 4895 2945 4953 sed
3013 4890 3254 4949 officium
3294 4886 3451 4957 judi-

1858 5013 1937 5069 cis
1997 5018 2105 5075 est,
2147 5014 2208 5062 ut
2263 5002 2516 5074 protinus
2558 4997 2678 5052 haec
2732 4993 3071 5057 corrumpat.
3104 4985 3279 5040 Porro
3335 4995 3459 5049 quae

1858 5102 2171 5175 sacrilegio,
2199 5097 2479 5171 peculatu,
2502 5091 2555 5147 vi
2581 5097 2677 5146 aut
2696 5095 3024 5158 aggressum
3047 5075 3279 5149 quaesita
3303 5080 3456 5135 sunt,

1856 5216 1970 5259 non
2022 5172 2368 5255 dividuntur.
2423 5187 2507 5244 Tu
2551 5198 2687 5241 vero
2736 5179 2881 5237 scias
2915 5172 3064 5247 quod
3108 5180 3452 5241 quaecunque

1854 5292 1999 5349 mala
2031 5289 2137 5344 ﬁde
2178 5287 2475 5341 defunctus
2519 5273 2788 5349 possedit,
2822 5284 2934 5324 non
2989 5262 3339 5320 deducantur
3399 5258 3454 5311 in

1851 5385 2076 5443 familiae
2094 5377 2437 5439 erciscundae
2473 5369 2769 5446 judicium,
2811 5360 2908 5419 sed
2948 5356 3333 5415 custodiantur
3356 5350 3458 5407 do-

1851 5480 2023 5536 mino.

174 5569 463 5686 καξάῖιίβι
493 5537 1468 5686 είς-τὺ,ὶιαιρετικὸνΓδικαστήριονν,
1517 5537 1658 5635 and
1719 5576 2052 5649 φυλάττεται
2111 5570 2193 5642 τῷ
2248 5568 2367 5641 ἰδίῳ
2410 5559 2652 5630 δεσπότῃ
2700 5550 2976 5624 ἀμείωτα.
3033 5545 3110 5600 Τὸ
3177 5538 3273 5608 κς⁹
3315 5537 3437 5593 διάτ

706 5680 716 5686 ’
775 5679 799 5686 ⁸
837 5677 917 5686 ””
1034 5678 1048 5686 ⁸
1126 5676 1141 5686 ·
1409 5672 1447 5686 ’δ’
1547 5672 1574 5683 υ
1644 5679 1656 5686 -
1727 5673 1741 5686 -
1891 5671 1919 5685 -
2041 5662 2296 5686 ιηρςρ--.
2345 5652 2591 5686 u..-....A.
2623 5647 2768 5686 ...σιφάῄ

174 5674 265 5730 τοῦ
288 5678 333 5732 α’
368 5678 471 5736 τίτ.
504 5679 598 5737 τοῦ
635 5680 716 5752 με’
772 5647 981 5751 βιϐλίου
1032 5676 1152 5732 ἐστὶ
1207 5647 1334 5747 κεφί
1368 5672 1447 5728 κδ’
1477 5672 1576 5728 τοῦ
1608 5679 1656 5727 α’
1687 5647 1795 5727 τίτ.
1826 5671 1925 5725 τοῦ
1964 5668 2051 5741 μγ*
2089 5662 2301 5739 βιϐλίου
2345 5659 2504 5728 λέγον
2524 5652 2593 5708 τὰ
2623 5647 2782 5706 αὐτὰ.
