3744 6218
310 194 335 260 1
347 189 453 257 047

1394 190 1661 254 ΡΗΟΤΙΙ
1680 189 2195 255 PATRIARCIIIE
2225 195 2336 259 ΟΡ.

3451 201 3556 271 1018

348 286 349 289 ‘
382 304 604 363 remus.
637 303 708 363 Et
731 304 830 364 lib.
861 302 954 372 ιε,
976 302 1064 360 ιίι.
1095 301 1153 371 ι,
1181 302 1384 375 digest.
1417 303 1443 358 ι
1474 302 1665 372 :Quod
1692 303 1901 360 crimen

2076 304 2392 377 Κειμενον.
2420 307 2534 364 Καὶ
2577 308 2789 383 βιϐλίον
2825 310 2941 386 mf,
2978 312 3088 370 τίτ.
3124 309 3172 369 δ’
3180 355 3197 380 ,
3238 312 3377 371 διάτ.
3410 316 3472 373 α’·
3506 324 3568 377 ὃτι

306 401 451 457 laesae
472 399 801 473 majestatis,
823 407 954 469 etc.,
984 411 1148 469 usque
1170 396 1239 451 ad
1262 395 1446 453 delicti
1484 396 1815 469 puniuntur,
1842 406 1902 452 ut

305 494 589 569 pag.582.

381 588 684 645 Scholium.
709 585 989 659 Digestum
1005 584 1098 652 9.6,
1128 585 1215 641 tit.
1251 585 1302 653 1,
1335 583 1557 641 lib.va
1587 582 1790 656 Digest.
1822 590 1907 639 est

307 684 403 741 lib.
428 683 597 740 Basil.
622 700 779 746 mn,
807 683 890 737 tit.
921 683 974 750 1,
998 696 1119 752 cap.
1139 680 1231 745 25,
1260 682 1407 752 quod
1424 681 1500 737 ait
1533 698 1546 734 :
1574 678 1788 751 Turpes
1809 678 1909 735 sli-

307 777 617 850 pulationes
646 777 853 833 nullius
883 785 1011 831 sunt
1040 775 1303 831 momenti
1338 794 1351 830 :
1388 775 1552 831 veluti
1578 775 1623 831 si
1649 774 1776 845 quis
1811 774 1909 828 ho-

310 871 594 927 micidium
626 872 713 926 vel
745 868 1096 940 sacrilegium
1144 868 1430 940 prOmittat
1487 883 1549 924 se
1600 866 1899 923 facturum.

308 964 500 1037 Neque
540 965 688 1020 enim
743 978 810 1019 ex
862 962 1179 1033 hujusmodi
1223 958 1704 1034 [obligationibus]
1761 958 1907 1014 actio

315 1059 602 1129 competit.

389 1151 556 1206 Aliud
582 1150 867 1205 scholium.
900 1146 1109 1218 Digest.
1135 1147 1162 1202 1
1196 1147 1277 1204 tit.
1309 1148 1344 1203 4
1372 1147 1468 1204 lib.
1504 1160 1674 1202 nvm
1700 1144 1906 1215 Digest.

310 1253 395 1301 est
417 1242 587 1300 Basil.
610 1243 708 1299 lib.
736 1257 826 1307 ιχ,
854 1241 939 1297 tit.
967 1240 1057 1307 56,
1088 1256 1210 1311 cap.
1246 1241 1299 1307 1,
1321 1240 1467 1311 quod
1498 1238 1635 1294 dicit
1662 1256 1676 1292 :
1699 1236 1811 1293 Lex
1843 1236 1911 1293 de

315 1328 669 1406 [majestatis]
694 1328 1108 1386 insidiatoribus
1137 1327 1333 1385 similis
1370 1335 1455 1382 est
1489 1327 1622 1399 legis
1643 1324 1713 1381 de
1753 1323 1913 1380 adul-

313 1424 474 1492 terio,
510 1433 568 1479 et
596 1430 815 1480 tenetur
836 1422 952 1489 illa,
995 1420 1090 1492 qui
1127 1421 1391 1476 adversus
1414 1418 1675 1489 populum
1707 1417 1911 1472 Roma-

314 1531 448 1572 num
483 1513 736 1589 [aliquid]
767 1513 1047 1570 commisit
1069 1529 1085 1579 ;
1105 1521 1161 1568 et
1206 1513 1301 1584 qui
1332 1511 1461 1568 dolo
1492 1509 1687 1585 [malo]
1709 1509 1910 1576 ell‘ecit,

312 1618 375 1666 ut
416 1608 639 1665 obsides
690 1606 905 1677 iujussu
949 1605 1218 1678 principis
1268 1603 1670 1672 intercideriut,
1718 1611 1783 1658 ut
1819 1617 1913 1658 ar-

314 1700 448 1756 mati
486 1699 739 1755 homines
764 1698 820 1755 in
848 1696 985 1754 urbe
1014 1696 1279 1753 adversus
1329 1695 1518 1751 urbem
1556 1695 1690 1761 sint,
1740 1701 1802 1749 ut
1833 1694 1914 1748 lo-

315 1810 417 1852 cus
462 1792 713 1867 [aliquis]
755 1801 851 1848 aut
899 1791 1102 1862 templa
1150 1798 1442 1862 occupata,
1478 1788 1564 1845 vel
1616 1786 1913 1845 seditiosus

317 1896 625 1945 conventus
673 1884 854 1942 factus
886 1886 978 1951 sit,
1026 1895 1089 1941 ut
1121 1884 1475 1954 magistratus
1523 1881 1911 1946 occideretur;

318 1988 374 2036 et
403 1979 497 2051 qui
534 1978 789 2033 hostibus
820 1977 1073 2032 nuntium
1105 1974 1433 2031 autlitteras
1460 1973 1630 2041 misit,
1663 1973 1914 2045 signum-

319 2088 384 2127 ve
421 2070 593 2137 dedit,
638 2079 733 2125 aut
780 2068 985 2139 alioqui
1041 2068 1192 2140 ipsos
1220 2067 1380 2139 juvit,
1413 2075 1466 2122 et
1518 2066 1771 2121 adulatus
1797 2073 1912 2130 est;

318 2163 413 2236 qui
452 2160 736 2236 [denique]
802 2160 1007 2217 milites
1069 2160 1335 2216 adversus
1392 2158 1784 2225 rempdblicam
1842 2156 1908 2210 ad

320 2256 647 2315 seditionem
676 2255 1041 2311 tumultumve
1070 2251 1453 2309 concitaverit.
1489 2251 1612 2324 Dig.
1646 2250 1698 2313 1,
1727 2250 1815 2305 tit.
1844 2250 1913 2304 15

319 2348 566 2421 ejusdem
597 2348 694 2403 lib.
722 2346 949 2419 Digest.,
979 2354 1065 2402 est
1092 2344 1190 2400 lib.
1221 2360 1311 2413 ιτ,
1339 2343 1423 2399 tit.
1442 2342 1532 2411 45,
1558 2343 1734 2414 cap.2
1763 2361 1776 2398 :
1808 2342 1914 2398 Pc-

320 2440 538 2495 culatus
587 2436 778 2511 [actio]
827 2448 1083 2494 movetur
1134 2435 1405 2492 adversus
1465 2435 1645 2501 illum,
1703 2434 1796 2505 qui
1844 2449 1910 2488 ex

320 2534 551 2607 pecunia
586 2548 769 2598 sacra,
802 2532 1060 2602 religiosa
1112 2528 1401 2602 publicave
1443 2526 1625 2601 [quid]
1666 2524 1909 2593 abstulit,

319 2626 406 2683 vel
444 2625 498 2682 in
548 2641 664 2681 rem
708 2639 866 2681 suam
907 2622 1199 2689 convertit,
1237 2622 1404 2693 quive
1441 2620 1569 2676 dolo
1621 2619 1823 2684 eﬂ'eeit,
1855 2627 1915 2673 ut

324 2722 519 2776 horum
557 2717 843 2791 quidpiam
871 2716 1028 2773 ﬁeret
1065 2715 1216 2770 :nisi
1244 2715 1291 2771 si
1334 2715 1421 2770 cui
1455 2729 1485 2769 a
1510 2714 1628 2784 lege
1664 2710 1766 2784 [id]
1800 2726 1916 2781 per-

322 2815 557 2870 missum
585 2812 676 2869 sit.
727 2807 1120 2883 [Denique]qui
1154 2821 1292 2863 auro
1346 2816 1645 2878 argemove
1695 2802 1915 2874 publico

321 2923 399 2965 aes
427 2906 513 2963 vel
559 2906 705 2962 aliud
758 2901 1089 2979 [quidpiam]
1132 2916 1242 2973 quo
1272 2915 1336 2957 ea
1372 2899 1556 2971 pejora
1611 2898 1763 2964 ﬁant,
1814 2896 1913 2951 im-

323 3000 564 3057 miscuit.
600 2998 808 3072 Digest.
840 3006 1026 3055 autem
1065 2998 1098 3052 4
1138 2995 1193 3050 in
1253 2992 1419 3050 Basil.
1472 3006 1585 3048 non
1639 2999 1725 3047 est
1767 2990 1917 3062 posi-

322 3105 461 3150 tum.

392 3186 495 3242 Jus
526 3187 833 3258 positivum.
862 3184 1066 3257 Digest.
1097 3183 1130 3241 6
1166 3201 1179 3239 :
1212 3181 1290 3238 Ex
1318 3196 1473 3239 sacra
1513 3180 1628 3237 aede
1653 3178 1919 3252 privatas,

321 3290 453 3348 etc.,
480 3296 644 3352 usque
674 3280 744 3335 ad
774 3278 852 3352 [in
876 3276 1105 3350 judicio]
1136 3276 1435 3343 conveniri,
1472 3275 1596 3331 182.

397 3373 694 3430 Scholium.
742 3371 950 3442 Digest.
1008 3371 1041 3426 6
1097 3373 1181 3426 tit.
1235 3370 1270 3425 4
1323 3369 1417 3424 lib.
1491 3382 1659 3423 xum
1711 3365 1918 3438 Digest.

325 3476 411 3525 est
437 3467 603 3523 Basil.
658 3466 752 3522 lib.
796 3482 892 3530 ιι,
928 3466 1016 3521 tit.
1053 3465 1145 3529 45,
1196 3480 1318 3534 cap.
1378 3463 1433 3531 6,
1470 3472 1523 3519 et
1565 3464 1643 3518 ait
1677 3480 1691 3518 :
1729 3461 1922 3517 Subri-

327 3575 456 3631 pere
484 3574 550 3614 ex
589 3573 747 3614 sacra
776 3557 892 3613 inde
947 3558 1209 3629 pecunias
1246 3556 1510 3626 privatas,
1551 3570 1659 3611 non
1695 3552 1922 3609 sacrile—

327 3653 501 3725 gium.
546 3652 642 3709 sed
675 3652 884 3708 furtum
924 3658 1029 3708 est.
1065 3649 1183 3723 Dig.
1233 3650 1298 3706 16
1359 3652 1443 3706 tit.
1491 3650 1558 3707 59
1604 3648 1700 3705 lib.
1749 3664 1918 3704 xum

332 3746 532 3817 Digest.
563 3753 648 3800 est
674 3743 770 3799 lib.
805 3744 967 3800 Basil.
1003 3743 1181 3811 1.x,lit
1208 3743 1298 3806 51,
1333 3757 1455 3813 cap.
1496 3741 1580 3810 16,
1616 3741 1762 3812 quod
1796 3743 1872 3797 ait
1905 3760 1918 3796 :

328 3835 534 3890 Locum
560 3833 742 3890 facere
774 3831 858 3907 [ut
886 3834 1027 3890 idem
1044 3831 1152 3906 vel]
1176 3833 1379 3889 furtum
1410 3833 1758 3904 sacrilegium
1780 3831 1923 3907 [sit].

332 3930 398 3986 Et
429 3928 685 3985 videntur
730 3927 951 4000 quidem
997 3929 1272 3985 contraria
1323 3943 1447 3986 esse
1495 3927 1661 4002 [haec]
1717 3929 1920 3999 capita,

326 4037 437 4087 non
469 4030 599 4079 sunt
621 4022 919 4079 tamen.Ac
935 4019 1128 4094 [certe]
1150 4021 1367 4093 quidem
1397 4021 1635 4092 privatas
1661 4021 1923 4091 pecunias

328 4116 425 4187 qui
458 4117 692 4185 furatur,
716 4118 934 4172 tametsi
977 4131 1041 4171 ex
1075 4115 1196 4171 loco
1226 4130 1384 4171 sacro
1404 4114 1637 4183 furctur,
1668 4115 1757 4170 fur
1793 4124 1918 4171 est:

332 4209 430 4280 qui
487 4219 671 4266 autem
714 4209 825 4265 Deo
856 4208 1108 4266 dedicata
1160 4207 1395 4275 furatur,
1428 4208 1645 4265 tametsi
1692 4223 1761 4264 ex
1800 4208 1923 4264 loco

330 4303 544 4371 privato
592 4301 828 4368 furetur,
859 4313 1123 4373 tanquam
1181 4302 1484 4373 sacrilegus
1529 4310 1768 4357 tenetur.
1819 4299 1925 4356 Vc-

2005 400 2193 471 ὅμοιόν
2223 401 2364 473 ἐστι,
2407 419 2467 459 κ.
2495 420 2545 458 τ.
2576 402 2653 472 λ.,
2688 420 2869 477 usque
2901 407 2969 463 ad
3001 409 3411 482 ἁμαρτήματος
3436 428 3573 485 τιμωη

2008 490 2254 566 ροῦνται.

2078 590 2360 659 Σχόλιον.
2401 592 2478 647 Τὸ
2510 599 2606 660 κς¹
2628 593 2774 650 διάτ.
2829 594 2926 649 τοῦ
2982 595 3030 651 α’
3085 596 3205 651 τίτ.
3264 595 3359 651 τοῦ
3407 596 3477 669 με’
3516 599 3578 671 βι-

2010 682 2160 737 ϐλίου
2191 684 2299 739 τῶν
2324 685 2546 753 Διατάξ.
2582 688 2703 743 ἔστι
2754 688 2959 760 βιϐλίον
3010 690 3124 746 τῶν
3169 691 3465 746 Βασιλικῶν
3494 695 3578 763 μγ,

2008 776 2115 831 τίτ.
2166 775 2237 843 α’,
2294 795 2422 848 κεφ.
2476 777 2577 845 κε’,
2617 781 2798 851 λέγον·
2829 783 2897 836 Δί
2951 784 3185 854 αἰσχραὶ
3253 784 3583 856 ἐπερωτήσας

2009 870 2292 944 ἁνίσχυροί
2321 874 2481 941 εἰσιν,
2533 873 2610 939 ὡς
2652 876 2784 931 ὅταν
2812 893 2898 941 τις
2932 877 3180 949 ὁμολογῇ
3219 875 3383 948 φόνον
3444 885 3583 935 ποιεῖν

2010 962 2041 1034 ἢ
2095 964 2438 1034 ἱεροσυλίαν,
2503 966 2629 1023 οὔτε
2668 970 2780 1041 γὰρ
2842 969 3037 1042 ἀγωγὴ
3087 972 3161 1025 ὲκ
3198 970 3325 1037 ,τῶν
3371 972 3587 1029 τοιούτων

2013 1056 2265 1130 ἁρμόζει.

2086 1152 2336 1221 Ἕτερον
2398 1155 2680 1224 σκόλιον.
2743 1154 2820 1211 Τὸ
2879 1153 2930 1212 α’
2963 1156 3109 1213 διάτ.
3148 1155 3251 1212 τοῦ
3286 1157 3353 1221 ,δ’
3382 1157 3482 1214 τίτ.
3518 1160 3590 1214 τοῦ

2016 1243 2106 1316 μη¹
2164 1244 2373 1316 βιϐλίου
2399 1247 2509 1301 τῶν
2538 1248 2764 1315 Διάταξ.
2798 1249 2915 1305 ἐστι
2941 1250 3051 1305 τῶν
3078 1249 3401 1306 Βασιλικῶν
3421 1250 3589 1321 βιϐλίον

2015 1335 2077 1401 ξ’,
2106 1337 2215 1392 τίτ.
2241 1336 2354 1405 λς’,
2388 1357 2514 1409 κεφ.
2556 1346 2627 1407 α’,
2661 1340 2844 1411 λέγοψ
2894 1342 2953 1397 ’0
2981 1343 3118 1415 περὶ
3161 1342 3279 1396 τῶν
3332 1343 3591 1398 ἐπιϐούλων

2012 1430 2178 1501 νόμος
2203 1430 2388 1502 ὅμοιός
2427 1434 2547 1488 ἐστι
2588 1433 2667 1506 τῷ
2701 1434 2834 1508 περὶ
2864 1435 3208 1508 ἱεροσυλίας,
3246 1436 3344 1491 καί⁵
3387 1437 3589 1508 ἐνέχεται

2016 1521 2166 1592 αὐτῷ
2195 1523 2223 1577 6
2262 1523 2409 1578 κατὰ
2466 1523 2564 1579 τοῦ
2637 1526 2948 1597 Ῥωμαῖκοῦ
2976 1528 3161 1600 δήμου
3200 1527 3585 1600 πλημμελήσας·

2020 1615 2115 1669 καὶ
2141 1616 2169 1669 ὁ
2205 1618 2516 1684 σπουδάσας
2546 1620 2691 1674 κατὰ
2720 1620 2872 1676 δόλον
2893 1623 3047 1693 παρὰ
3078 1622 3345 1677 κέλευσεν
3374 1622 3593 1693 βασιλέως

2021 1710 2377 1783 ἀναιρεθῆναι
2411 1713 2537 1777 τοὺς
2559 1714 2887 1789 ὀμήρους,ἢ
2936 1716 3024 1770 ἵνα
3073 1716 3304 1771 ἔνοπλοι
3364 1716 3595 1788 ἅνθρωποι

2022 1803 2167 1857 κατὰ
2193 1803 2291 1875 τῆς
2329 1804 2538 1869 πόλεως
2580 1805 2638 1861 ὲν
2668 1806 2824 1862 πόλει
2853 1800 3010 1875 ὦσιν,
3046 1808 3082 1880 ἢ
3127 1808 3224 1861 ἵνα
3260 1807 3474 1880 τόποςῆ
3505 1807 3595 1880 ἱερὰ

2023 1896 2457 1967 καταηεθῶσιν,
2490 1896 2524 1968 ἢ
2572 1896 2879 1971 στασιώδης
2911 1900 3149 1972 γένηται
3180 1898 3425 1966 σύνοδος,
3458 1901 3489 1972 ἢ
3529 1902 3595 1955 ἵνα

2020 1986 2252 2059 φονευθῇ
2278 1990 2306 2042 6
2324 1988 2530 2061 ἄρχωνο
2563 1991 2658 2044 καὶ
2686 1990 2716 2042 6
2738 1990 2877 2062 πρὸς
2904 1994 3035 2056 τοὺς
3066 1992 3375 2063 πολεμίους
3400 1992 3589 2062 ἄγγελον

2022 2076 2056 2149 ἦ
2093 2078 2400 2151 γράμματα
2451 2081 2679 2153 πέμψας
2721 2082 2755 2156 ἥ
2793 2086 3020 2155 σημεῖον
3079 2086 3279 2150 αὐτοῖς
3312 2086 3595 2157 δεδωκὼς,ῆ

2021 2171 2196 2237 ἄλλως
2229 2172 2504 2246 βοηθήσας
2530 2176 2735 2241 αὐτοῖς·
2770 2178 2865 2234 καὶ
2894 2179 3283 2245 ὑπονοθεύσας
3313 2180 3345 2253 ἢ
3388 2179 3597 2253 ἐρεθίσας

2026 2266 2370 2337 στρατιώτας
2404 2269 2544 2341 πρὸς
2582 2271 2831 2345 στάσινῆ
2869 2272 3103 2346 θόρυϐον
3145 2274 3298 2328 κατὰ
3338 2274 3433 2345 τῆς
3479 2275 3595 2328 πολι-

2020 2359 2193 2424 τείας.
2248 2360 2323 2415 Τὸ
2384 2358 2435 2417 α’
2465 2362 2607 2418 διάτ.
2656 2364 2751 2418 τοῦ
2813 2363 2883 2434 ιγ’
2911 2366 3019 2421 τίτ.
3053 2365 3155 2421 τοῦ
3219 2366 3388 2421 αὑτοῦ
3432 2368 3593 2440 βιϐλίον

2021 2451 2131 2506 τῶν
2168 2452 2322 2507 Διάτ.
2381 2456 2497 2510 ἐστι
2552 2455 2757 2528 βιϐλίον
2815 2456 2881 2527 ξ’,
2910 2458 3016 2515 τίτ.
3055 2456 3168 2531 με’,
3205 2478 3337 2531 κεφ.
3382 2460 3444 2531 β’·
3484 2461 3594 2516 ’(1δέ

2024 2547 2395 2612 πεκουλάτους
2424 2551 2656 2605 κινεῖται
2687 2552 2832 2607 κατὰ
2874 2552 2971 2609 τοῦ
3016 2554 3368 2625 ὑφελομένου
3417 2556 3475 2609 ἐκ
3512 2556 3593 2609 τῶν

2026 2639 2213 2712 ἱερῶν,
2245 2640 2278 2711 ἢ
2304 2639 2416 2694 τῶν
2441 2641 2725 2713 μνημείων
2754 2643 2787 2716 ἢ
2818 2644 3102 2716 δημοσίων
3129 2687 3145 2712 ,
3174 2645 3210 2718 ἦ
3248 2645 3591 2718 χρημάτων,ῆ

2028 2731 2363 2804 στρέψαντος
2394 2735 2473 2799 είς
2502 2734 2640 2799 ίδίας
2675 2737 2922 2808 χρήσεις.
2962 2739 3116 2809 Πλὴν
3167 2738 3285 2793 τῶν
3335 2739 3438 2794 ἀπὸ
3467 2740 3592 2810 νόμον

2025 2822 2540 2895 ὲπιτετραμμένων,
2595 2826 2691 2880 καὶ
2732 2827 2844 2880 τῶν
2888 2828 3441 2901 παρασκευασάντων
3487 2830 3591 2883 κατᾶ

2024 2913 2179 2970 δόλον
2229 2914 2480 2984 γίνεσθαί
2515 2933 2569 2970 τι
2627 2916 2874 2988 τούτων,
2934 2921 3029 2975 καὶ
3092 2920 3194 2975 τοῦ
3263 2920 3501 2992 μίξαντος
3539 2920 3593 2988 τῷ

2025 3003 2275 3078 δημοσίῳ
2308 3007 2499 3080 χρυσῷ
2528 3007 2561 3078 ἢ
2612 3008 2838 3083 ἀργύρῳ
2861 3009 3085 3083 χαλκὸν,
3119 3011 3153 3082 ἦ
3186 3012 3376 3084 ἕτερον
3403 3012 3592 3083 βλάπτον

2031 3097 2188 3152 αὐτα.
2222 3098 2295 3152 Τὸ
2324 3097 2365 3153 δ’
2398 3099 2647 3155 διάτ.οὐκ
2681 3101 2843 3169 ἐτέθη
2875 3103 2956 3168 εἰς
2980 3105 3045 3159 τὰ
3070 3103 3369 3159 Βασιλικά.

2099 3193 2410 3263 Κείμενον.
2439 3193 2592 3249 Διὰτ.
2632 3190 2707 3261 ς’,
2730 3194 2805 3249 Τὸ
2825 3195 2883 3262 ἐξ
2912 3195 3059 3268 ίεροῦ
3089 3195 3343 3250 ἰδιωτικὰ
3361 3197 3588 3269 χρήματα,

2031 3302 2083 3339 κ.
2117 3302 2168 3338 τ.
2199 3286 2248 3338 λ.
2274 3300 2448 3357 usque
2471 3285 2538 3341 ad
2570 3286 2811 3359 κλέπτης
2842 3287 3121 3358 ἐνάγεται.

2102 3378 2381 3448 Σχόλιον.
2414 3378 2488 3432 Τὸ
2519 3376 2574 3444 ς’
2600 3378 2741 3433 διάτ.
2765 3379 2859 3433 τοῦ
2910 3378 2951 3434 δ’
2978 3380 3084 3436 τίτ.
3153 3380 3258 3435 τοῦ
3314 3377 3402 3454 μη⁹
3431 3378 3589 3451 βιϐλῖον

2031 3470 2143 3526 τῶν
2195 3472 2349 3527 Διάτ.
2391 3471 2509 3526 ἔστι
2534 3472 2642 3526 τῶν
2681 3472 2993 3528 Βασιλικῶν
3029 3474 3246 3545 βιϐλίον
3291 3475 3352 3543 ξ’,
3395 3476 3485 3528 τίτ.
3515 3478 3588 3541 με’,

2032 3582 2159 3633 κεφ.
2197 3570 2274 3629 ς’,
2304 3564 2399 3619 καί
2434 3582 2567 3637 φησι
2589 3582 2604 3597 ο
2647 3565 2720 3619 Τὸ
2743 3566 3039 3636 ὑφελέσθαι
3068 3567 3186 3621 ἀπὸ
3218 3566 3366 3639 ἱεροῦ
3382 3568 3589 3639 χρήματα

2034 3655 2278 3709 ἰδιωτικὰ
2325 3656 2427 3709 οὐκ
2466 3655 2615 3709 ἔστιν
2670 3654 2983 3728 ἱεροσυλία,
3039 3656 3180 3711 ἀλλὰ
3212 3657 3408 3728 κλοπή.
3437 3655 3499 3707 Τὸ
3537 3651 3589 3716 ις’

2029 3745 2171 3798 διὰτ.
2201 3743 2297 3799 τοῦ
2353 3744 2428 3800 v0‘
2478 3744 2583 3800 τίτ.
2616 3744 2708 3799 τοῦ
2770 3744 2864 3817 μη¹
2899 3745 3106 3817 βιϐλίου
3151 3747 3271 3801 τῶν
3310 3742 3587 3808 Διατὰξεων,

2034 3840 2150 3892 ἔστι
2211 3839 2322 3891 τῶν
2371 3838 2676 3893 Βασιλικῶν
2703 3839 2910 3911 βιϐλίον
2957 3838 3021 3908 ξ’,
3056 3841 3165 3894 τίτ.
3209 3839 3311 3904 να’,
3359 3856 3472 3908 κεφ.
3516 3836 3584 3898 ις’,

2033 3929 2194 4000 λέγον
2223 3946 2237 3959 ·
2276 3930 2381 3984 Τὸν
2409 3931 2572 3983 τόπον
2623 3931 2801 3983 ποιεῖν
2850 3930 2952 4001 τὴν
2998 3930 3233 4001 κλοπὴν,
3272 3930 3305 4000 ἢ
3341 3928 3433 3997 τὴν
3481 3926 3585 3993 155/:-

2036 4023 2245 4078 συλίαν.
2268 4023 2380 4078 Καὶ
2408 4020 2693 4092 φαίνονται
2740 4020 2840 4092 μὲν
2870 4020 3089 4075 ἐναντία
3117 4021 3192 4075 τὰ
3223 4037 3373 4089 κεφ.,
3394 4016 3481 4070 οὒκ
3509 4015 3585 4067 εἱσι

2033 4116 2128 4183 δὲ,
2153 4115 2270 4171 ἀλλ’
2311 4117 2341 4170 ὀ
2383 4114 2485 4185 μὲν
2532 4114 2780 4169 ἰδιωτικὰ
2819 4116 3080 4186 χρήματα
3124 4113 3402 4177 κλέπτων,
3431 4105 3584 4170 κίνὲξ

2039 4208 2190 4281 ίεροῦ
2216 4208 2407 4272 τόπου,
2431 4207 2675 4279 κλέπτης
2698 4207 2869 4262 ἐστίν.
2888 4206 2946 4261 '0
2970 4207 3027 4260 δὲ
3048 4205 3118 4260 τὰ
3139 4202 3510 4273 ἁνατεθειμὲνα
3528 4197 3583 4267 τῷ

2034 4302 2154 4375 Θεῷ
2176 4302 2450 4368 κλέπτων,
2478 4300 2580 4355 κᾶν
2610 4302 2672 4368 ἐξ
2695 4300 2963 4355 ἰδιωτικοῦ
2982 4301 3148 4355 τόπου
3181 4299 3374 4371 κλέψῃ,
3393 4297 3461 4359 ὡς
3486 4291 3585 4363 ἱερό-

335 4405 645 4451 rumtamen
677 4396 809 4468 quia
844 4405 975 4452 sunt
1024 4410 1111 4451 res
1143 4396 1393 4467 quaedam
1433 4410 1603 4453 sacrae
1656 4393 1768 4451 Deo
1816 4408 1901 4449 uel

2045 4397 2196 4460 συλος
2224 4397 2495 4468 ἐνέχεται.
2532 4395 2682 4467 Πλὴν
2724 4396 2851 4450 ἐπεὶ
2879 4395 2986 4449 εἰσί
3016 4414 3139 4450 τινα
3164 4396 3287 4467 ίερὰ
3318 4393 3388 4464 μὴ
3433 4391 3580 4444 ἀνατί·

332 4488 619 4554 ιίειίίουιιιι,
651 4489 821 4544 veluti
871 4487 1170 4545 simulacra
1222 4504 1347 4560 quae
1387 4488 1644 4559 privatim
1700 4487 1769 4543 ad
1822 4502 1927 4543 nos

335 4580 630 4649 pertinent.
660 4589 715 4635 et
744 4580 952 4651 reliqua
983 4580 1218 4635 necdum
1262 4580 1480 4650 templis
1532 4588 1628 4634 aut
1652 4586 1928 4634 monaste-

333 4672 431 4729 riis
461 4671 709 4728 dedicata
745 4689 759 4726 :
789 4672 1091 4728 secundum
1127 4674 1231 4729 hoc
1263 4672 1396 4729 dicit
1430 4672 1498 4728 16
1548 4687 1669 4743 cap.
1719 4671 1801 4726 tit.
1837 4670 1924 4735 5-1,

334 4764 431 4822 lib.
467 4779 560 4830 ιιι,
596 4766 779 4821 locum
814 4764 994 4821 facere
1037 4764 1241 4821 furtum
1274 4776 1369 4821 aut
1413 4765 1786 4837 sacrilegium.
1824 4764 1927 4831 Qui

332 4859 480 4915 enim
517 4873 733 4915 sacram
797 4858 1096 4929 imaginem
1156 4860 1209 4915 in
1269 4860 1404 4916 cella
1457 4870 1647 4916 nostra
1693 4858 1928 4925 furatur,

335 4969 443 5008 non
477 4954 782 5025 sacrilegus
830 4962 932 5019 est,
966 4954 1058 5009 sed
1108 4952 1215 5009 fur.
1253 4952 1589 5027 [Siquidem]
1621 4953 1667 5009 si
1722 4955 1825 5010 hoc
1858 4954 1932 5007 ita

336 5063 445 5102 non
503 5046 1032 5117 interpretabunlur,
1062 5061 1186 5102 eum
1217 5048 1313 5117 qui
1360 5048 1695 5103 numismata
1733 5046 1930 5118 imagi-

338 5155 460 5196 nem
509 5138 713 5196 Christi
757 5149 853 5195 aut
901 5139 994 5195 Dei
1037 5139 1339 5195 Geuitricis
1377 5141 1637 5195 habentia
1696 5139 1931 5206 furatur,

336 5243 600 5305 tanquam
632 5236 961 5307 sacrilegum
982 5236 1035 5290 in
1062 5237 1157 5307 jus
1186 5236 1392 5299 vocari,
1427 5236 1654 5291 omnino
1686 5235 1936 5308 [necesse

336 5335 442 5393 est,
483 5326 839 5400 ut]dicamus
870 5328 1018 5398 quod
1054 5327 1213 5401 [sane
1242 5326 1322 5400 et]
1374 5328 1676 5383 absurdum
1718 5327 1848 5401 [est]
1881 5339 1937 5385 et

337 5420 561 5475 falsum.
595 5418 791 5495 Const.
821 5421 877 5485 '5,
906 5422 970 5476 tit
1001 5422 1057 5487 2,
1104 5422 1197 5476 lib.
1225 5437 1277 5477 v1
1340 5422 1463 5477 cod.
1494 5431 1579 5477 est
1624 5421 1792 5477 Basil.
1837 5423 1935 5477 lib.

336 5530 427 5578 ωε,
460 5514 543 5567 tit.
571 5511 626 5578 6,
659 5528 782 5584 cap.
822 5515 919 5579 20,
953 5514 1101 5585 quod
1138 5516 1269 5569 dicit
1303 5531 1316 5567 :
1354 5515 1457 5582 Qui
1495 5531 1609 5570 rem
1655 5515 1934 5571 hauddum

336 5602 645 5657 dedicatam
685 5603 921 5667 furatur,
969 5602 1097 5659 furti
1146 5613 1375 5661 tenetur.
1409 5604 1527 5661 Non
1561 5607 1703 5661 enim
1762 5608 1935 5663 sacri-

338 5692 489 5760 lcgus
530 5705 636 5762 est,
668 5696 761 5768 qui
810 5712 923 5753 rem
986 5699 1225 5756 nondum
1276 5710 1653 5760 consecratam
1698 5701 1932 5760 furatur.

2032 4491 2258 4562 θειμένα
2288 4489 2366 4561 τῷ
2396 4489 2515 4562 Θεῷ
2545 4489 2620 4554 ὼς
2646 4491 2713 4544 τὰ
2742 4490 2927 4553 ἰδικῶς
2963 4490 3095 4560 ἡμῖν
3131 4487 3448 4557 διαφέροντα
3474 4480 3581 4534 eira-

2031 4585 2294 4655 νίσματα,
2353 4583 2451 4638 καὶ
2506 4579 2685 4637 λοιπᾶ
2719 4584 2888 4653 μήπω
2953 4583 3104 4645 ναοῖς
3173 4580 3209 4653 ἢ
3255 4572 3577 4663 μοναστηρεοις

2032 4673 2386 4741 ἀνατεθέντα,
2421 4674 2564 4728 κατὰ
2615 4673 2778 4728 τοῦτο
2816 4673 2967 4742 λέγει
3036 4676 3099 4727 τὸ
3150 4672 3232 4737 ις’
3270 4688 3389 4741 κεφ.
3423 4666 3568 4722 τοῦνα

2032 4770 2140 4824 τίτ.
2168 4767 2264 4822 τοῦ
2292 4766 2334 4835 ξ’
2363 4767 2598 4839 βιϐλίου,
2633 4767 2726 4820 τὸν
2771 4767 2942 4821 τόπον
2995 4767 3173 4821 ποιεῖν
3202 4765 3300 4837 τὴν
3336 4754 3573 4830 κλοπὴν,ἢ

2033 4862 2133 4935 τὴν
2170 4862 2495 4933 ἱεροσυλίαν.
2542 4860 2602 4917 Ὀ
2617 4861 2729 4931 γὰρ
2744 4861 2845 4934 τὴν
2869 4864 2925 4916 ὲν
2950 4860 3028 4931 τῷ
3055 4861 3255 4933 κελλίῳ
3284 4861 3315 4929 ή
3324 4857 3427 4929 μῶν
3451 4850 3575 4907 οὖσαν

2036 4955 2201 5025 ἁγίαν
2229 4953 2419 5009 εἰκόνα
2469 4953 2729 5009 κλέπτων
2779 4954 2880 5008 οὐκ
2942 4953 3092 5007 ἔστιν
3144 4952 3439 5024 ἱερόσυλος,
3474 4940 3571 4999 ἀλλὰ

2037 5047 2298 5118 κλέπτης.
2332 5047 2396 5099 El
2438 5046 2497 5101 δὲ
2540 5045 2617 5117 μὴ
2655 5044 2819 5099 τοῦτο
2866 5043 3042 5109 οὕτως
3073 5042 3488 5116 ὲρμηνεύσομεν,
3520 5032 3573 5086 εἴ·

2040 5156 2233 5211 πωμεν
2272 5137 2495 5202 πάντως
2520 5138 2614 5192 καὶ
2645 5138 2741 5193 τὸν
2769 5137 3077 5192 κλέπτοντα
3102 5137 3405 5209 νομίσματα
3425 5130 3567 5199 ἔχοντα

2039 5233 2225 5287 εἰκόνα
2274 5230 2586 5304 Χριστοῦ,ῆ
2611 5232 2903 5299 Θεοτόκου,
2924 5231 2999 5295 ὡς
3022 5231 3297 5304 ἱερόσυλον
3316 5220 3565 5294 ὲνάγεσθαι·

2037 5328 2179 5399 ὅπερ
2215 5326 2417 5381 ἄτοπον
2469 5326 2565 5379 καὶ
2626 5325 2845 5396 ψευδές.
2891 5326 2957 5379 Ἠ
2989 5323 3061 5394 γ’,
3098 5325 3264 5391 διάτ.,
3310 5319 3395 5375 τοῦ
3421 5313 3459 5389 β’
3488 5312 3561 5366 τίτο

2039 5419 2134 5473 τοῦ
2170 5417 2223 5485 ς’
2273 5418 2480 5490 βιϐλίου
2515 5416 2611 5473 τοῦ
2648 5417 2900 5482 Κὼδικός
2926 5420 3041 5472 ἐστι
3061 5418 3173 5474 τῶν
3200 5409 3473 5472 Βασιλικῶν
3504 5403 3562 5475 βι·

2041 5516 2188 5569 ϐλίον
2217 5513 2282 5583 ξ’,
2307 5513 2410 5569 τίτ.
2461 5511 2538 5579 ς’,
2567 5530 2693 5582 κεφ.
2729 5509 2800 5579 κ’,
2840 5511 3018 5583 λέγον·
3062 5513 3120 5567 ’0
3152 5512 3215 5566 τὸ
3250 5514 3398 5582 μήπω
3425 5498 3559 5557 καθιε-

2044 5607 2216 5680 ρωθὲν
2267 5606 2475 5677 κλέψας
2531 5605 2823 5676 κατέχεται
2870 5607 2936 5676 τῇ
3006 5602 3259 5675 φούρτῳσ
3311 5596 3439 5653 οὔπω
3483 5586 3559 5680 ἵξί)

2047 5678 2318 5771 ίερόσυλὸς
2348 5701 2496 5752 ἐστιν
2516 5698 2545 5750 ὀ
2574 5694 2775 5767 κλέψας
2807 5696 2864 5749 τὸ
2893 5695 3117 5767 μηδέπω
3142 5687 3457 5763 καθιερωθὲν.
3494 5678 3557 5731 Ἐκ
