3916 6244
292 325 430 391 1059

1455 324 1730 388 PHOTII
1757 324 2270 389 PATRIARCIUE
2304 325 2417 387 (ΞΡ.
2506 324 2507 327 “

3466 319 3606 388 1060

297 448 388 505 illa
425 445 758 515 illuminari,
817 443 942 503 ideo
976 442 1125 519 quod
1166 442 1412 501 nondum
1460 444 1515 501 in
1544 446 1724 501 lucem
1758 460 1885 516 pro-

1998 446 2165 518 μέρος
2205 444 2400 517 αὐτῆς,
2446 444 2545 499 καὶ
2579 441 2644 499 οὐ
2690 441 2919 499 δύναται
2971 442 3074 499 σὺν
3111 444 3179 514 τῇ
3229 442 3404 515 μητρὶ
3435 460 3608 514 φωτι-

298 541 482 607 dierit,
518 556 697 611 neque
724 539 793 595 ad
819 538 1234 596 assentiendum
1291 546 1653 594 sacrosancto
1704 537 1887 609 bapti-

298 633 465 688 smati
490 634 829 688 voluntatem
859 632 1059 688 habeat
1082 647 1096 685 :
1117 647 1217 686 nec
1251 629 1477 705 [ipsam]
1517 640 1891 701 praegnantem

296 725 495 780 debere
551 725 842 795 baptizari,
884 725 981 782 sed
1010 732 1331 794 exspectare
1396 720 1698 794 [oportere]
1747 720 1892 778 fetus

297 817 351 873 in
387 818 569 873 lucem
605 816 928 884 editionem,
965 825 1024 871 ut
1070 830 1141 870 ne
1185 815 1333 870 aliud
1376 814 1552 885 ipsius
1580 814 1892 868 membrum

296 912 631 982 baptizetur,
694 912 846 967 aliud
908 927 1019 966 non
1064 911 1433 966 illumiuatum
1510 917 1751 964 maneat.
1801 906 1888 975 Et,

297 1004 447 1075 quod
506 1004 551 1059 si
594 1002 740 1060 fetus
810 1003 969 1076 (una]
1016 1019 1144 1059 cum
1199 1008 1514 1073 praegnante
1560 999 1887 1071 baptizatus,

294 1107 594 1167 postquam
629 1096 683 1151 in
716 1097 899 1152 lucem
931 1094 1219 1167 prodierit,
1269 1094 1599 1165 baptizetur,
1640 1090 1891 1146 invenia-

294 1198 387 1244 tur
434 1190 517 1245 bis
550 1188 719 1264 [esse]
754 1190 1085 1261 baptizatus,
1141 1188 1289 1259 quod
1341 1184 1473 1260 [est]
1510 1185 1778 1241 insolens.
1812 1185 1891 1240 Ac

293 1278 502 1333 idcirco
531 1277 984 1335 Neocaesariense
1030 1275 1331 1333 concilium
1367 1280 1421 1329 in
1456 1276 1500 1341 6,
1530 1287 1743 1328 canone
1771 1270 1887 1327 sol-

291 1372 369 1425 vit
401 1370 840 1442 ambiguitatem,
872 1372 947 1425 ita
973 1370 1041 1425 de
1066 1378 1381 1439 praegnante
1430 1366 1804 1430 constituens,
1828 1372 1890 1417 ut

293 1462 518 1535 quando
567 1464 718 1529 velit,
774 1462 975 1536 [illam]
1038 1461 1339 1517 illuminari
1384 1467 1655 1530 oporteat.
1702 1459 1889 1528 Neque

289 1555 437 1609 enim
481 1555 672 1609 hacin
711 1571 768 1610 re
817 1567 1107 1626 praegnans
1155 1568 1283 1609 cum
1330 1562 1489 1622 partu
1536 1551 1885 1607 communio-

290 1664 418 1703 nem
465 1648 649 1713 habet,
694 1665 761 1702 co
800 1650 949 1719 quod
998 1646 1223 1718 propria
1273 1646 1561 1715 utriusque
1592 1643 1660 1699 ad
1690 1657 1886 1698 asseu-

2003 537 2198 609 σθῆναι
2225 536 2315 593 διὰ
2347 536 2411 592 τὸ
2447 536 2651 609 μηκέτι
2682 536 2765 599 είς
2793 535 2911 605 φῶς
2943 534 3140 598 ἐλθεῖν,
3178 535 3314 608 μηδὲ
3340 534 3608 607 προαίρε-

2000 646 2087 684 σιν
2126 628 2272 700 ἔχειν
2299 631 2401 700 τῆς
2426 627 2720 701 ὁμολογίας
2740 626 2837 681 τοῦ
2866 626 3012 681 θείου
3050 610 3454 698 βαπτίσματος,
3481 626 3605 681 οὐδὲ

2000 722 2034 793 ὴ
2071 720 2485 793 έγκυομονοῦσα
2524 720 2730 791 ὀφείλει
2776 717 3159 791 βαπτίζεσθαι,
3192 716 3331 771 ἀλλά
3368 720 3605 789 περιμέ-

1995 832 2111 869 νειν
2142 814 2243 888 τὴν
2286 817 2367 880 είς
2408 814 2471 869 τὸ
2518 815 2635 885 φῶς
2672 812 2767 867 τοῦ
2812 812 3254 885 κυοφορουμένου
3300 811 3603 877 ἐξέλευσιν,

1995 909 2081 963 ἵνα
2106 908 2183 982 μὴ
2206 908 2270 963 τὸ
2296 908 2396 980 μὲν
2416 910 2482 963 ἐκ
2515 907 2698 981 μερῶν
2729 908 2899 978 αὐτῆς
2929 906 3226 980 βαπτισθῇ,
3257 905 3319 961 τὸ
3343 905 3401 960 δὲ
3437 905 3604 977 μείνῃ

1992 1000 2323 1071 ἀφώτιστον,
2353 1001 2449 1055 καὶ
2475 1001 2559 1054 ὅτι
2594 1000 2663 1054 ἂν
2702 1000 2801 1053 σὺν
2828 1003 2895 1070 τῇ
2935 998 3351 1070 ὲγκυομονούσῃ
3379 997 3444 1051 τὸ
3469 1014 3604 1051 κυο-

1993 1095 2337 1167 φορούμενον
2370 1093 2645 1167 βαπτισθῇ
2689 1093 2829 1164 μετά
2858 1093 2921 1147 τὸ
2943 1095 3024 1157 είς
3048 1093 3165 1162 φῶς
3199 1091 3464 1157 ἐξελθεῖν,
3506 1092 3604 1145 ἐὰν

1993 1188 2344 1261 βαπτισθείη,
2385 1187 2637 1260 εὑρεθείη
2662 1185 2719 1240 δὲ
2748 1186 3168 1257 βαπτιζόμενον·
3199 1186 3338 1255 ὅπερ
3368 1184 3603 1251 ἄτοπον,

1991 1282 2087 1337 καὶ
2120 1284 2154 1352 ἡ
2181 1283 2238 1335 ὲν
2269 1280 2684 1353 Νεοκαισαρείᾳ
2715 1278 2931 1344 σύνοδος
2963 1279 3119 1332 ἔλυσε
3151 1279 3210 1330 ὲν
3242 1276 3295 1342 ς’
3327 1277 3518 1331 κανόνι
3545 1277 3607 1329 τὸ

1989 1373 2315 1445 ἀμφίϐολον,
2344 1372 2489 1428 οὕτω
2520 1374 2876 1445 διορισαμένη
2901 1372 3031 1445 περὶ⁵
3065 1370 3468 1443 κυοφορούσης,
3518 1371 3605 1423 ὅτι

1986 1469 2071 1523 δεῖ
2104 1466 2437 1538 φωτίζεσθαι
2483 1466 2647 1521 ὁπότε
2676 1465 2953 1537 βούλεται,
2989 1465 3141 1519 οὐδὲν
3176 1464 3285 1537 γὰρ
3322 1465 3379 1516 ὲν
3420 1464 3603 1531 τούτῳ

1991 1562 2247 1615 κοινωνεῖ
2278 1561 2313 1631 ἡ
2358 1560 2626 1614 τίκτουσα
2663 1559 2745 1630 τῷ
2791 1558 3102 1630 τικτομένῳ
3143 1557 3233 1611 διὰ
3272 1556 3332 1610 τὸ
3364 1555 3603 1609 ἑκάστου

1994 1652 2131 1707 ίδίαν
2184 1653 2286 1723 τὴν
2325 1651 2652 1723 προαίρεσιν
2697 1652 2799 1724 τὴν
2842 1651 2937 1704 ἐπὶ
2963 1654 3031 1723 τῇ
3071 1649 3336 1722 ὁμολογίᾳ
3378 1649 3600 1702 δείκνυ-

291 1742 537 1796 tiendutn
586 1738 965 1815 [baptismati]
1037 1739 1292 1795 voluntas
1347 1736 1688 1793 ostendatur.
1742 1734 1884 1790 Cum

1998 1742 2139 1797 σθαι.
2175 1740 2285 1796 ’1ὀῦ
2315 1742 2450 1811 γοῦν
2501 1740 2649 1796 θείου
2686 1742 2881 1796 τούτου
2927 1742 3153 1805 κανόνος
3203 1739 3460 1810 λέγοντος
3521 1740 3599 1811 μὴ

290 1829 457 1901 igitur
492 1813 649 1886 sacer
669 1831 758 1886 hic
777 1844 956 1885 canon
980 1827 1148 1892 dicat,
1174 1837 1392 1897 partum
1413 1840 1541 1881 cum
1568 1832 1885 1896 praegnante

1998 1835 2365 1889 ἐπικοινωνεῖν
2388 1836 2456 1906 τῇ
2501 1833 2763 1907 τικτούσῃ
2803 1835 2864 1889 τὸ
2893 1835 3234 1907 τικτόμενον,
3267 1837 3296 1889 ὁ
3322 1834 3383 1888 τὸ
3416 1834 3601 1905 παρὸν

296 1922 851 1979 communicationem
904 1935 1016 1975 non
1075 1920 1323 1984 habere,
1374 1917 1711 1989 patriarcha,
1790 1916 1888 1986 qui

294 2032 543 2089 praesens
602 2030 742 2085 opus
804 2015 1140 2085 composuit,
1195 2024 1534 2067 memoratas
1574 2012 1686 2083 jam
1733 2013 1885 2083 leges

295 2111 436 2165 alias
473 2116 674 2179 printer
717 2108 824 2162 vim
856 2108 1089 2163 canonis
1144 2116 1360 2177 partum
1404 2105 1714 2176 portionem
1748 2122 1886 2176 prte-

295 2208 514 2276 gnantis
546 2217 695 2267 esse,
725 2202 865 2258 alias
894 2215 1003 2255 non
1042 2215 1190 2266 esse,
1224 2201 1407 2254 dicere
1448 2198 1757 2264 inveniens,
1787 2214 1886 2269 po-

294 2294 407 2348 suit
440 2292 494 2347 itt
524 2300 675 2347 textu
711 2291 767 2346 in
802 2291 1043 2362 speciem
1087 2290 1390 2357 contraria,
1441 2289 1775 2344 solutionem
1805 2290 1889 2361 (ut

294 2387 572 2456 conjicere
598 2385 706 2457 est)
744 2385 800 2439 iit
855 2395 1097 2439 uestram
1135 2375 1479 2453 imperitiam
1514 2383 1883 2453 suspendens.

291 2478 545 2535 Dicimus
572 2480 757 2550 itaque
791 2479 939 2532 dicta
971 2478 1096 2547 jura
1138 2479 1242 2533 sibi
1279 2478 1513 2532 invicem
1553 2494 1659 2531 non
1693 2477 1889 2533 adver-

292 2576 427 2629 sari.
463 2572 603 2627 Nam
639 2582 856 2643 partus,
897 2574 1220 2644 priusquam
1270 2573 1491 2640 edatur,
1521 2570 1712 2627 matris
1744 2585 1889 2625 sem-

293 2678 390 2733 per
425 2663 607 2733 portio
634 2671 739 2725 est,
777 2671 837 2715 ut
885 2661 981 2715 lib.
1035 2675 1167 2713 xm
1213 2673 1338 2728 cap.
1380 2661 1563 2728 Atque
1593 2666 1889 2728 eapropter

297 2767 405 2808 non
432 2761 614 2823 potest
653 2761 807 2824 pater
838 2752 991 2807 illum
1039 2752 1340 2821 deposcere
1386 2759 1446 2804 ut
1506 2765 1690 2804 suum.
1719 2748 1887 2819 Atqui

290 2857 655 2917 posteaquam
689 2846 871 2901 editus
900 2853 1006 2913 est,
1039 2841 1231 2917 [recte]
1274 2844 1451 2914 ipsum
1487 2844 1758 2913 deposcit,
1795 2851 1885 2897 ut-

293 2947 420 3007 pote
465 2938 558 3008 qui
609 2954 718 2993 non
767 2936 1057 3010 [amplius]
1100 2939 1290 2991 matris
1338 2922 1516 3007 portio
1547 2936 1639 2990 sit.
1695 2935 1761 2990 Et
1791 2935 1887 3006 qui

297 3030 441 3085 bona
502 3030 609 3085 [ide
648 3040 868 3101 partutn
916 3028 1131 3082 ancilla:
1172 3027 1387 3081 furtiue
1418 3027 1684 3096 possidet,
1728 3025 1884 3081 illutn

296 3128 575 3195 usucaptt,
613 3124 695 3177 uti
747 3124 840 3192 qui
891 3119 1135 3177 furtivus
1183 3136 1293 3175 non
1339 3119 1432 3174 sit.
1471 3118 1671 3173 Verum
1702 3134 1880 3174 canon

293 3231 402 3272 non
427 3225 719 3287 propterea
747 3214 894 3286 quod
941 3213 1092 3270 fetus
1140 3229 1248 3268 non
1274 3213 1344 3267 sit
1371 3226 1499 3282 pars
1531 3211 1882 3283 praegnantis,

292 3308 549 3380 permisit
575 3307 1041 3364 illuminationem
1074 3306 1240 3377 hujus
1285 3305 1392 3377 (est
1422 3304 1568 3359 enim
1607 3302 1883 3380 [omnino]

295 3401 471 3467 ipsius
498 3416 631 3471 pars
654 3412 786 3457 ante
819 3408 1088 3473 partum),
1120 3400 1215 3455 sed
1250 3400 1379 3469 quia
1422 3412 1711 3469 praegnans
1754 3413 1881 3453 cum

284 3494 399 3549 {ctu
450 3495 906 3550 communionem
950 3507 1061 3548 non
1099 3492 1277 3557 Labct,
1322 3490 1436 3546 sive
1463 3508 1573 3545 non
1601 3491 1886 3547 existima-

289 3595 382 3641 tur
412 3602 522 3641 non
559 3587 892 3652 illuminata,
945 3598 1012 3640 eo
1056 3585 1203 3656 quod
1264 3584 1405 3639 fetus
1455 3583 1711 3655 baptismi
1754 3601 1886 3656 pro-

288 3675 589 3732 fessionem
636 3676 937 3746 isnscipere
1006 3682 1262 3744 nequeat.
1330 3672 1602 3728 Caeterum
1661 3675 1884 3745 quando

292 3767 505 3823 ancilla:
538 3765 759 3820 furtivae
791 3774 983 3835 partus
1008 3764 1384 3833 usucapiatur,
1420 3773 1477 3817 et
1507 3764 1729 3832 quando
1748 3777 1881 3827 non,

290 3859 525 3915 diversae
558 3866 802 3913 tractant
830 3857 997 3929 leges.
1036 3857 1264 3923 Quaaras
1292 3864 1497 3921 autem,
1534 3872 1657 3925 qua:
1680 3858 1884 3926 scripta

285 3960 418 4008 sunt
468 3966 539 4008 ex
575 3949 647 4007 9.6
690 3966 815 4023 cap.
851 3952 935 4007 tit.
970 3950 1031 4017 2,
1068 3950 1164 4006 lib.
1203 3965 1244 4006 ll
1293 3949 1463 4005 Basil.
1511 3951 1766 4021 superius
1796 3953 1882 4006 itt-

286 4053 457 4100 ερτιυ.
966 4080 979 4101 .-

362 4135 517 4193 CAP.
580 4136 768 4195 XL—
803 4135 959 4208 Quod
1010 4143 1554 4209 posteacrosanctum
1612 4135 1883 4207 baptisma

294 4233 421 4301 ungi
447 4232 755 4291 debeamus.
1134 4268 1174 4293 ς.
1190 4268 1193 4273 -
1266 4261 1276 4275 ε

369 4326 602 4383 Concilii
633 4327 929 4385 Laodiceni
962 4342 1142 4384 canon
1180 4326 1272 4384 £8.

380 4421 537 4477 CAP.
570 4420 690 4477 ΧΠ.
724 4452 796 4463 ——
825 4421 904 4477 De
929 4423 1260 4493 confectione
1288 4437 1460 4477 sacra:
1493 4421 1784 4477 unctionis.

360 4605 596 4661 Concilii
617 4604 1075 4679 Carthaginensis
1106 4623 1286 4664 canon
1321 4608 1378 4664 6.

365 4699 524 4756 CAP.
566 4700 709 4755 Xlll.
755 4729 827 4740 ——
859 4699 935 4755 De
956 4702 1023 4756 iis
1046 4703 1138 4774 qui
1182 4703 1285 4768 bis,
1314 4713 1410 4758 aut
1449 4717 1554 4757 non
1593 4701 1694 4757 rite
1715 4701 1888 4774 bapti-

292 4805 507 4864 zautur,
539 4803 589 4850 et
621 4795 711 4867 qui
745 4794 1121 4865 inﬁrmos-non
1155 4794 1454 4866 baptizant.

359 4984 752 5057 Apostolorum
778 4997 957 5039 canon
987 4984 1078 5049 Π,
1106 4983 1197 5051 49,
1222 4982 1315 5040 50.

363 5079 584 5135 Textus.
626 5071 704 5134 De
745 5079 811 5134 iis
845 5077 941 5148 qui
984 5078 1330 5149 rebaptizant
1372 5084 1427 5132 ct
1451 5077 1880 5149 rebaptizantur,

284 5183 421 5243 etc.,
466 5189 629 5246 usque
658 5176 726 5227 ad
756 5171 937 5228 locum
981 5170 1204 5241 habere,
1233 5181 1290 5225 ut
1318 5188 1441 5243 pag.
1468 5170 1595 5225 6‘22.

379 5362 675 5418 Scholium.
721 5359 916 5418 Const.
961 5359 984 5414 ί
1031 5368 1087 5416 et
1128 5357 1166 5414 2
1205 5359 1287 5415 tit.
1335 5360 1369 5415 6
1413 5360 1510 5415 lib.
1564 5376 1578 5415 l
1625 5359 1761 5416 Cod.
1826 5361 1881 5415 in

284 5455 454 5512 Basil.
506 5470 614 5513 non
655 5455 805 5526 lsunt
857 5455 1071 5527 positae.
1116 5454 1235 5525 Dig.
1296 5454 1364 5511 14
1413 5455 1496 5510 tit.
1538 5454 1572 5510 5
1608 5454 1701 5510 lib.
1750 5471 1882 5510 χχιχ

283 5549 493 5621 Digest.
538 5557 621 5604 est
649 5564 774 5621 cap.
818 5548 889 5605 14
938 5549 1023 5603 tit.
1063 5546 1129 5603 16
1168 5547 1268 5603 lib.
1317 5563 1460 5602 xxxv
1508 5546 1702 5613 Basi|.,
1730 5547 1882 5618 quod

282 5642 365 5698 sic
417 5642 619 5696 habet:
656 5639 716 5696 Si
776 5641 1032 5710 impubes
1077 5640 1354 5712 pubertati
1405 5640 1876 5711 appropinquans,

280 5750 451 5805 prope
475 5734 761 5791 dominum
793 5735 1106 5798 dormierit,
1140 5750 1265 5789 cum
1297 5734 1665 5799 occideretur,
1698 5747 1877 5802 neque

273 5843 395 5885 eam
429 5844 543 5886 rem
573 5828 865 5901 evulgarit,
900 5829 1157 5901 punitur.
1192 5827 1291 5887 llis
1319 5828 1465 5888 enim
1487 5827 1872 5900 impuberibus

1992 1926 2287 1998 σύνταγμα
2349 1926 2680 1999 συνθέμενος
2739 1928 3091 2000 πατριάρχης
3144 1928 3419 1999 εὑρίσκων
3473 1930 3601 1991 τοὺς

1987 2019 2385 2091 διαληφθέντας
2424 2019 2643 2091 νόμους,
2677 2020 2809 2073 ποτὲ
2837 2022 2937 2091 μὲν
2978 2020 3239 2090 λέγοντας
3266 2020 3433 2093 μέρος
3455 2015 3600 2073 εἷναι

1988 2116 2088 2185 τῆς
2120 2114 2321 2182 ἐγκύου
2357 2114 2418 2166 τὸ
2456 2113 2901 2186 κυοφορούμενον
2929 2114 3085 2186 παρὰ
3108 2112 3209 2185 τὴν
3231 2113 3466 2183 δύναμιν
3499 2112 3596 2165 τοῦ

1990 2206 2237 2271 κανόνος,
2268 2206 2400 2259 ποτὲ
2423 2204 2482 2259 δὲ
2512 2206 2589 2277 μὴ
2623 2204 2787 2274 εἶναι,
2829 2205 3082 2260 τέθεικεν
3128 2207 3187 2260 ὲν
3237 2205 3317 2277 τῷ
3360 2204 3488 2276 ὕφει
3530 2204 3599 2259 τὰ

1992 2299 2376 2371 ὲναντιοφανῆ,
2410 2299 2510 2370 τὴν
2544 2298 2700 2353 λύσιν
2727 2299 2801 2363 ὡς
2844 2298 3021 2354 ἔοικεν
3052 2301 3134 2363 είς
3180 2298 3279 2371 τὴν
3313 2299 3598 2370 ἡμετέραν

1990 2393 2306 2464 ἀναρτήσας
2333 2392 2627 2463 ἁμάθειαν.
2651 2392 2833 2463 Φαμεν
2848 2391 3031 2446 τοίνυν
3059 2391 3137 2453 ὡς
3160 2391 3261 2443 οὐκ
3290 2391 3603 2445 ἐναντιοῦν-

1993 2502 2083 2541 ται
2119 2483 2374 2555 ἁλλήλοις
2401 2484 2470 2537 τὰ
2504 2484 2742 2555 ρηθέντα
2780 2483 3012 2555 νόμιμα.
3042 2484 3115 2536 Τὸ
3143 2484 3253 2555 γὰρ
3287 2481 3598 2553 κυοφορού-

1996 2594 2157 2651 μενον
2185 2579 2271 2633 ἀεὶ
2312 2577 2421 2649 πρὸ
2448 2576 2544 2630 τοῦ
2576 2576 2841 2649 τεχθῆναι
2872 2574 3040 2648 μέρος
3068 2576 3187 2629 ἐστι
3224 2576 3327 2645 τῆς
3362 2576 3597 2646 μητρὸς,

1991 2668 2062 2732 ὠ,
2096 2671 2192 2723 καὶ
2220 2669 2283 2723 τὸ
2309 2669 2407 2723 τοῦ
2446 2667 2529 2722 λα’
2559 2667 2768 2739 βιϐλίου
2804 2684 2932 2738 κεφ.
2992 2668 3152 2739 φησὶ,
3183 2668 3279 2721 καὶ
3307 2667 3399 2722 διά
3434 2668 3600 2721 τοῦτο

1992 2764 2053 2817 οὑ
2094 2762 2318 2817 δύναται
2343 2762 2525 2834 πατὴρ
2556 2762 2949 2816 ἀνακαλεῖσθαι
2966 2763 3131 2825 αὐτὸς
3145 2760 3221 2824 ὡς
3246 2760 3595 2826 ὑπεξούσιον.

1992 2855 2148 2908 Μετά
2167 2854 2352 2926 μέντοι
2381 2854 2445 2907 τὸ
2465 2853 2795 2925 γεννηθῆναι
2819 2852 3177 2909 ἀνακαλεῖται
3204 2850 3385 2919 τοῦτο,
3416 2851 3494 2916 ὡς
3520 2854 3596 2924 μὴ

1991 2946 2051 3000 ὂν
2084 2948 2249 3018 μέρος
2275 2949 2375 3018 τῆς
2418 2946 2647 3019 μητρός.
2687 2947 2838 3000 Καὶὸ
2873 2945 3012 3018 καλῇ
3043 2945 3099 3000 δὲ
3129 2947 3310 3000 πίστει
3334 2947 3597 3017 νεμηθεὶς

1993 3040 2055 3094 τὸ
2080 3040 2273 3111 τεχθὲν
2296 3041 2404 3095 ἀπὸ
2437 3040 2771 3112 κλοπιμαίας
2800 3038 2995 3111 δούλης
3032 3037 3287 3103 δεσπόζει
3309 3038 3481 3093 αὑτοῦ
3516 3039 3595 3102 ὡς

1994 3134 2069 3206 μὴ
2099 3134 2251 3198 ὄντος
2282 3132 2636 3203 κλοπιμαίου.
2671 3132 2746 3185 To
2777 3132 2961 3203 μέντοι
2985 3147 3112 3201 κεφ.
3160 3128 3212 3195 ι’,
3234 3130 3356 3201 οὐχὶ
3395 3130 3489 3184 διὰ
3535 3129 3597 3183 τὸ

1993 3228 2069 3299 μὴ
2098 3223 2237 3280 εἶναι
2268 3226 2437 3298 μέρος
2472 3226 2572 3297 τῆς
2603 3225 2979 3295 κυοφορούσης
3036 3224 3098 3278 τὸ
3128 3223 3595 3294 κυοφορούμενον,

1990 3319 2262 3392 ἐπέτρεψε
2294 3321 2357 3373 τὸ
2394 3318 2680 3391 βάπτισμα
2704 3316 2929 3388 ταύτης,
2961 3317 3129 3390 μέρος
3165 3316 3276 3388 γάρ
3303 3317 3455 3370 ἐστιν
3490 3316 3595 3368 αὺ-

1988 3412 2091 3483 τῆς
2126 3411 2234 3484 πρὸ
2261 3408 2358 3464 τοῦ
2401 3409 2683 3481 τεχθῆναι,
2714 3407 2851 3463 ἀλλὰ
2883 3406 2972 3462 διὰ
3004 3408 3070 3461 τὸ
3103 3408 3178 3481 μὴ
3209 3408 3595 3461 ἐπικοινωνεῖν

1990 3505 2093 3574 τὴν
2134 3503 2427 3557 τίκτουσαν
2454 3501 2532 3571 τῷ
2556 3499 2885 3572 τικτομένῳ,
2919 3499 3090 3570 ἤγουν
3124 3499 3199 3570 μὴ
3250 3496 3593 3567 λογίζεσθαι,

1993 3597 2091 3652 καὶ
2120 3595 2327 3667 ταύτην
2355 3593 2665 3664 ἀφώτιστον
2688 3594 2753 3646 ὲκ
2780 3591 2874 3645 τοῦ
2901 3592 2977 3663 μὴ
3004 3590 3268 3645 δύνασθαι
3297 3589 3359 3642 τὸ
3388 3605 3597 3659 κυοφο-

1998 3688 2260 3762 ρούμενον
2302 3685 2681 3758 βαπτίσματος
2717 3683 3010 3756 ὁμολογίαν
3043 3681 3425 3754 ἀναδέχεσθαι,
3460 3680 3597 3735 ποτὲ

1991 3781 2051 3837 δὲ
2086 3784 2114 3837 ὁ
2152 3781 2376 3845 τοκετὸς
2422 3782 2521 3852 τῆς
2550 3779 2820 3849 κλοπίμου
2861 3778 3058 3851 δούλης
3104 3776 3450 3842 δεσπόζεται,
3496 3777 3596 3828 καὶ

1995 3875 2128 3929 ποιὲ
2160 3873 2247 3939 οὒ,
2300 3873 2435 3944 φασὶ
2479 3872 2636 3942 νόμοι
2686 3870 2955 3943 διάφοροι.
2994 3870 3105 3923 Καὶ
3142 3868 3297 3941 ζήτει
3345 3870 3415 3923 τὰ
3456 3884 3597 3939 γρα-

1994 3968 2164 4038 φέντα
2201 3966 2405 4031 ἔξωθεν
2457 3963 2553 4017 τοῦ
2581 3962 2791 4018 ἄνωθεν
2826 3962 3306 4033 καταστρωθὲντος
3336 3959 3432 4026 κς⁹
3461 3978 3594 4031 κεφ.

1989 4061 2084 4118 τοῦ
2121 4059 2166 4133 β’
2192 4058 2300 4113 τίτ.
2323 4056 2416 4113 τοῦ
2444 4056 2488 4129 β’
2518 4055 2725 4128 βιϐλίου
2755 4054 2865 4108 τῶν
2904 4053 3233 4109 Βασιλικιῖη.

2062 4154 2317 4210 ΚΕΦΑΛ.
2372 4150 2475 4207 IA'.
2506 4180 2576 4190 —
2602 4149 2745 4218 Περὶ
2802 4148 2910 4204 τοῦ
2980 4148 3253 4219 ὀφείλειν
3313 4149 3470 4219 μετὰ
3524 4147 3595 4204 τὸ

1991 4247 2163 4319 ἅγιον
2185 4245 2510 4316 ,βάπτισμα
2540 4243 2837 4314 χρίεσθαι.

2063 4339 2292 4397 Συνόδου
2326 4337 2648 4401 Λαοδικείας
2682 4334 2865 4390 κανὼν
2907 4332 3020 4408 μη⁹.

2066 4433 2319 4489 ΚΕΦΑΛ.
2361 4428 2463 4487 13⁸·
2488 4431 2722 4501 -Περί
2766 4428 3073 4498 ποιήσεως
3112 4427 3220 4485 τοῦ
3250 4427 3429 4499 ἁγίου
3461 4428 3594 4499 κρί-

1906 4551 1961 4613 D
1987 4541 2211 4597 σματος
2226 4567 2239 4581 .

2057 4617 2288 4672 Συνόδου
2318 4614 2720 4688 Καρθαγέννης
2755 4611 2937 4669 κανὼν
2968 4611 3045 4679 ς’.

2057 4710 2315 4766 ΚΕΦΛΔ.
2374 4706 2475 4765 II".
2510 4738 2585 4750 —
2612 4706 2755 4776 Περὶ
2798 4705 2918 4762 τῶν
2968 4706 3085 4775 δὶς,
3128 4705 3168 4775 ἢ
3202 4704 3291 4777 μὴ
3325 4704 3589 4774 δεόντως

1979 4802 2457 4874 βαπτιζομένων,
2502 4800 2603 4857 καὶ
2629 4799 2753 4855 τῶν
2782 4800 2924 4868 τοὺς
2950 4799 3231 4868 ἀσθενεῖς
3249 4798 3338 4871 μὴ
3364 4800 3590 4865 ﬁam;-

1986 4897 2229 4961 ζόντων.

2077 4987 2416 5045 Ἀποστόλων
2443 4985 2623 5043 κανὼν
2654 4985 2761 5059 μζ,
2797 4982 2906 5058 μθ’,
2929 4991 2994 5040 ν’.

2059 5083 2370 5153 Κείμενον.
2433 5080 2571 5152 Περὶ
2625 5079 2734 5133 τῶν
2779 5076 3283 5144 ἀναὸαπτιζόντων,
3331 5076 3431 5131 καὶ⁸
3458 5080 3589 5133 ἀνα-

1985 5173 2429 5246 ϐαπτιζομένων,
2453 5191 2511 5228 κ.
2541 5189 2595 5227 τ.
2639 5171 2694 5227 λ.
2736 5186 2911 5243 usque
2938 5171 3007 5226 ad
3038 5168 3346 5242 μεταμέλοι)
3377 5171 3435 5225 δὲ
3472 5170 3586 5243 χὼ.

1986 5285 2089 5342 ραν
2117 5266 2361 5339 ἔχουσιν.

2053 5362 2339 5430 Σχόλιον.
2387 5358 2451 5413 Ἠ
2485 5362 2536 5412 α’
2566 5356 2662 5411 καὶ
2715 5355 2762 5428 β’
2798 5354 2941 5410 διάτ.
2994 5353 3092 5410 τοῦ
3144 5353 3199 5421 ς’
3240 5356 3346 5411 τίτ.
3387 5356 3482 5411 τοῦ
3534 5375 3585 5411 αι

1984 5455 2194 5528 βιὸλίου
2220 5454 2315 5509 τοῦ
2348 5452 2596 5516 Κώδικος
2630 5452 2731 5506 οὐκ
2760 5450 2920 5519 ὲτέθη
2960 5451 3040 5514 είς
3075 5451 3144 5504 τὰ
3181 5449 3471 5505 Βασιλικὼ
3509 5451 3583 5504 Τὸ

1986 5550 2048 5605 ιδ’
2078 5550 2219 5604 διάτ.
2248 5546 2345 5603 τοῦ
2393 5543 2435 5600 ε’
2462 5545 2571 5600 τίτ.
2624 5543 2721 5598 τοῦ
2761 5542 2843 5597 κθ¹
2884 5542 3093 5613 βιϐλίου
3116 5542 3235 5610 ξτῶν
3267 5544 3423 5597 Διατ.
3462 5545 3581 5597 ἐστι

1980 5658 2107 5707 κεφ.
2153 5638 2212 5695 ιδ’
2276 5637 2369 5692 τοῦ
2420 5634 2495 5701 ις’
2549 5636 2657 5691 τίτ.
2713 5632 2805 5689 τοῦ
2852 5631 2925 5687 λε’
2986 5633 3195 5704 βιϐλίου
3228 5632 3338 5687 τῶν
3413 5634 3579 5686 Βασι-

1980 5730 2173 5796 λικῶν,
2207 5729 2379 5793 οὕτως
2417 5730 2541 5799 ἔχον
2602 5728 2728 5781 Ἐὰν
2772 5724 3090 5797 πλησιάζων
3132 5728 3199 5797 τῇ
3234 5725 3346 5798 ἥϐῃ
3379 5724 3580 5796 ἄνηϐος

1980 5822 2413 5897 παρακαθεύδων
2430 5822 2507 5896 τῷ
2525 5820 2873 5895 ἀναιρεθέντι
2890 5820 3126 5887 δεσπότῃ
3149 5819 3223 5871 uia
3239 5819 3573 5890 δημοσιεύσῃ
