3916 6244
364 253 504 320 1063

1502 245 1775 311 ΡΗΟΤΙῙ.
1812 245 2322 312 ΡΑΤΒΙΑΒΟΗΒ
2354 245 2467 313 CP.

3520 244 3659 314 1064

356 365 697 439 impuberem
734 363 790 420 in
820 360 947 420 falsi
973 359 1185 419 crimen
1216 374 1326 417 non
1360 359 1613 417 incidere
1638 359 1813 426 dicas,
1851 358 1947 431 qui
1976 391 1992 427 λ

2115 358 2226 414 .ίου.
2264 357 2377 413 Καὶ
2406 356 2528 411 είπὲ
2563 355 2777 413 ἐκεῖνον
2817 354 2912 411 τὸν
2958 354 3162 427 ᾶνηϐον
3207 356 3281 430 μὴ
3323 355 3662 413 ὑποπίπτειν

356 462 536 516 minor
585 464 795 531 septem
829 470 1111 514 annorum
1184 462 1292 511 est.
1339 453 1656 521 Quinetiam
1706 466 1830 525 cap.
1877 452 1949 508 40

2115 450 2144 524 ii
2169 449 2479 522 ἐγκλήματι
2501 447 2596 505 τοῦ
2616 447 2860 503 πλαστοῦ
2882 447 2973 503 τὸν
2988 448 3189 520 ἥττονα
3200 448 3293 503 τοῦ
3316 447 3367 516 ζ’
3387 448 3664 507 ἐνιαυτοῦ.

366 555 450 610 tit.
482 552 552 610 '57
601 552 701 608 lib.
731 566 798 605 ιχ
852 550 1000 605 hunc
1022 548 1090 605 ad
1121 548 1349 604 modum
1383 546 1769 619 interpretare.
1800 543 1958 614 Quod

359 649 505 703 enim
544 654 670 718 post
714 644 1061 716 pubertatem
1108 642 1294 698 minor
1337 642 1500 699 annis
1547 640 1807 697 adulterii
1839 640 1954 696 cri-

358 737 494 793 mini
537 736 811 791 ohnoxius
870 732 1136 799 redditur,
1207 731 1314 787 tale
1363 741 1471 798 est,
1515 731 1662 802 quod
1704 730 1961 786 videlicet

364 839 618 887 teneatur
656 828 748 884 ille
786 828 882 899 qui
918 827 1191 899 delinquit
1238 840 1350 881 non
1382 824 1548 881 modo
1586 824 1640 880 in
1674 823 1962 895 impubere

364 933 549 988 aetate.
588 937 781 979 verum
809 922 979 976 etiam
1006 919 1377 993 postmodum.
1403 918 1539 973 Illud
1567 932 1734 989 porro
1764 918 1831 973 de
1860 915 1965 971 ali-

367 1017 570 1074 mentis
616 1023 703 1071 est
752 1031 784 1071 a
825 1014 942 1084 lege
973 1022 1196 1086 propter
1246 1026 1520 1068 summam
1572 1010 1964 1066 alimentorum

366 1112 762 1167 necessitatem
798 1105 1256 1184 [introductum],
1303 1104 1771 1178 quemadmodum
1800 1102 1968 1158 etiam

369 1204 551 1275 ipsum
601 1202 669 1257 14
735 1216 860 1273 cap.
938 1200 1006 1257 14
1074 1199 1158 1254 tit.
1235 1214 1363 1254 κων
1421 1197 1512 1253 lib.
1566 1195 1702 1252 dicit
1769 1194 1970 1265 :quod

369 1296 535 1351 etiam
591 1294 722 1350 huic
754 1295 840 1349 tit.
899 1293 1169 1349 insertum
1213 1300 1318 1348 est.
1354 1288 1753 1346 Verumtamen
1801 1287 1971 1355 scias,

381 1385 528 1457 quod
558 1384 695 1441 tales
722 1383 1041 1456 impuberes
1072 1398 1183 1440 non
1221 1392 1281 1437 ut
1314 1380 1512 1446 adulti,
1563 1379 1657 1435 sed
1691 1379 1977 1435 moderate

373 1479 702 1551 puniuntur.
752 1474 979 1542 Qumras
1024 1490 1159 1530 vero
1183 1474 1278 1549 lib.
1302 1488 1471 1540 xxxv,
1506 1470 1593 1527 tit.
1647 1469 1737 1537 16,
1770 1485 1889 1540 cap.
1920 1470 1974 1536 I,

378 1570 563 1625 thema
603 1569 732 1634 ult.,
760 1576 816 1622 et
848 1567 944 1624 lib.
980 1582 1070 1633 ιι,
1106 1569 1192 1621 tit.
1229 1566 1319 1633 50,
1350 1580 1474 1637 cap.
1507 1563 1595 1632 15,
1630 1562 1812 1619 thema
1836 1562 1897 1629 2,
1924 1570 1981 1617 et

378 1661 474 1718 lib.
504 1677 569 1729 Il,
602 1661 689 1717 tit.
718 1661 773 1723 5.
803 1675 925 1731 cap.
959 1658 1086 1714 108.

2077 542 2242 599 Ἀλλὰ
2290 542 2386 598 καὶ
2429 542 2491 598 τὸ
2542 540 2596 616 μ’
2643 559 2776 614 κεφ.
2816 539 2913 596 τοῦ
2966 539 3047 609 λζ’
3072 540 3183 599 τίτ.
3232 541 3331 598 τοῦ
3371 540 3416 609 ξ’
3461 543 3667 615 βιϐλίου

2066 638 2241 703 οὕτως
2274 638 2653 711 ἑρμήνευσονο
2680 634 2744 691 τδ
2781 636 2891 707 γὰρ
2926 636 3067 708 μετὰ
3094 635 3194 708 τὴν
3234 634 3401 708 ὕϐριν
3443 636 3671 691 ὑποκεῖ-

2071 732 2193 785 σθαι
2217 732 2308 786 τὸν
2329 730 2452 786 νέον
2480 728 2559 801 τῷ
2601 729 2730 800 περὶ
2758 728 3006 800 μοιχείας
3037 727 3378 801 ἐγκλήματι,
3428 727 3672 784 τοιοῦτόν

2070 825 2219 880 ἐστιν
2268 824 2438 897 ἤγουν
2485 822 2546 877 τὸ
2588 821 2875 895 ἐνέχεσθαι
2921 820 3087 876 αὑτὸν
3135 820 3580 894 πλημμελοῦντα
3615 822 3674 875 οὐ

2076 916 2236 988 μόνον
2295 916 2356 969 ὲν
2404 913 2724 987 ἁνηϐότητι,
2775 914 2910 968 ἀλλὰ
2944 916 3041 969 καὶ.
3087 916 3232 986 μετὰ
3262 913 3574 971 rainme
3619 915 3675 969 δὲ

2074 1010 2204 1081 περὶ
2229 1008 2340 1063 τῶν
2368 1007 2699 1081 διατροφῶν,
2726 1007 2808 1062 ἔτι
2843 1008 2996 1082 παρὰ
3018 1006 3252 1071 κανόνας
3281 1007 3378 1061 διὰ
3408 1005 3474 1060 τὸ
3509 1007 3677 1075 ἀναγ-

2075 1103 2363 1158 καιότατον
2380 1100 2491 1156 τῶν
2511 1100 2842 1174 διατροφῶν,
2866 1099 3051 1166 καθὼς
3093 1102 3189 1155 καὶ
3212 1100 3349 1154 αὐτὸ
3373 1099 3439 1153 τὸ
3465 1097 3527 1154 ιδ’
3551 1116 3676 1170 κεφ.

2077 1196 2171 1251 τοῦ
2206 1194 2264 1249 ιδ’
2292 1195 2401 1252 τίτ.
2431 1194 2525 1249 τοῦ
2561 1193 2642 1266 μδ⁰
2675 1194 2885 1267 βιϐλίου
2934 1193 3120 1265 φησὶν,
3148 1194 3288 1266 ὅπερ
3318 1191 3677 1266 κατεστρώοη

2079 1287 2337 1343 ἐνταῦθα.
2370 1287 2521 1361 Πλὴν
2569 1288 2809 1357 γίνωσκε
2856 1288 2939 1342 ὃτι
2988 1289 3040 1342 οί
3083 1286 3319 1342 τοιοῦτοι
3381 1285 3577 1358 ἄνηϐοι
3621 1289 3679 1341 οὗ

2080 1380 2403 1445 κολάζονται
2437 1381 2514 1446 ὡς
2561 1382 2612 1435 oi
2640 1382 2862 1445 τέλειοι.
2908 1379 3046 1436 ἀλλὰ
3082 1380 3324 1454 μετρίως
3378 1379 3682 1452 τιμωροῦν-

2081 1490 2193 1528 ται.
2233 1474 2345 1527 Kal
2387 1471 2541 1545 ζήτει
2581 1471 2790 1544 βιϐλίον
2827 1470 2924 1540 λε’,
2954 1472 3060 1528 τίτ.
3094 1478 3192 1539 ις’,
3243 1489 3375 1543 κεφ-
3426 1469 3502 1539 α’,
3546 1471 3683 1543 Θέμα

2083 1566 2415 1632 τελευταῖον,
2461 1567 2557 1620 καὶ
2591 1565 2797 1638 βιϐλίον
2827 1563 2890 1634 ξ’,
2925 1565 3032 1621 τίτ.
3062 1562 3129 1632 ν’,
3164 1582 3295 1636 κεφ.
3331 1563 3420 1633 ιε’,
3446 1564 3589 1637 Θέμα
3620 1563 3683 1637 β’,

2085 1659 2184 1714 καὶ
2209 1657 2416 1730 βιϐλίον
2446 1657 2513 1730 β’,
2537 1657 2644 1712 τίτ.
2672 1655 2745 1727 γ’,
2777 1675 2904 1729 κεφ.
2934 1655 3041 1732 ρη’.

441 1755 597 1812 (ΣΑΡ.
620 1752 847 1810 XlV.-—
878 1752 1113 1820 Quinam
1142 1749 1511 1807 haereticorum
1540 1754 1608 1803 ad
1623 1745 1978 1802 orthodoxam

2151 1752 2408 1809 ΚΕΦΔΛ.
2435 1750 2534 1807 IA'.
2566 1782 2640 1795 -—
2664 1750 2837 1819 Τίνες
2861 1750 2932 1818 ἐξ
2959 1750 3275 1821 αίρετικῶν
3316 1753 3412 1821 είς
3450 1750 3567 1822 τὴν
3593 1751 3686 1820 dp-

380 1849 541 1921 ﬁdem
598 1855 937 1902 transeuntes
990 1845 1352 1917 baptizemur,
1405 1853 1455 1899 et
1485 1842 1707 1915 quinam
1741 1849 1979 1896 tantum-

383 1942 539 1997 modo
572 1951 865 2011 uagantur.

455 2032 688 2089 Concilii
718 2030 925 2088 Nicaeni
960 2044 1141 2086 canon
1174 2029 1272 2097 19;
1305 2025 1527 2085 concilii
1562 2024 1859 2081 Laodiceni
1886 2038 1978 2081 ca-

384 2139 495 2181 non
520 2126 576 2192 7,
607 2124 686 2191 8;
741 2122 961 2180 concilii
1015 2119 1616 2190 Constantinopolitani
1675 2131 1856 2173 canon
1909 2115 1976 2181 7;

390 2218 611 2275 concilii
660 2218 801 2274 sexti
847 2232 1029 2273 canon
1076 2215 1189 2282 95;
1245 2213 1464 2272 concilii
1509 2210 1719 2267 Nicaani
1758 2208 1986 2267 secundi

389 2329 568 2374 canon
599 2313 669 2370 18
703 2332 716 2369 :
749 2312 936 2369 Basilii
959 2326 1138 2368 canon
1170 2311 1262 2367 47.

468 2408 623 2466 CAP.
660 2407 782 2464 XV.
810 2437 878 2449 —
927 2405 1206 2474 Quomodo
1236 2405 1474 2490 dwmonq
1505 2410 1770 2477 obsessus,
1795 2419 1889 2464 aut
1935 2408 1993 2465 iu

397 2502 579 2557 morbo
614 2511 785 2555 mente
818 2511 1026 2569 captus,
1060 2497 1381 2568 baptizatur.

470 2592 747 2649 Timothei
782 2607 960 2648 canon
983 2592 1040 2658 2,
1069 2592 1126 2646 4.
1149 2598 1179 2655 a

472 2683 630 2740 CAP.
664 2681 804 2739 XVI.
828 2713 901 2724 —-
925 2682 1081 2750 Quod
1123 2698 1227 2737 non
1259 2683 1535 2740 conueniat
1570 2683 1845 2740 mulierem
1864 2695 1997 2740 tem-

401 2793 528 2848 pore
550 2776 889 2848 purgationis
916 2791 1027 2832 sua:
1063 2775 1352 2847 baptizari.

479 2965 757 3023 Timothei
791 2982 966 3023 canon
999 2966 1055 3022 ϐ.

480 3056 641 3115 CAP.
677 3057 842 3114 XVII.
875 3088 947 3099 —-
980 3057 1042 3113 Si
1077 3057 1170 3129 qui
1197 3058 1251 3113 in
1283 3056 1390 3128 ﬁde
1417 3056 1721 3113 instituitur
1745 3069 1869 3115 ante
1907 3058 2004 3114 ba-

410 3146 666 3216 ptismum
691 3148 1185 3206 communicavcrit.

487 3237 767 3297 Timothei
800 3255 980 3296 canon
1005 3239 1060 3296 1.

2092 1845 2380 1911 θοδοξίαν
2421 1847 2737 1918 μετιόντες
2767 1838 3182 1912 βαπτίζονται,
3221 1847 3326 1901 καί
3371 1846 3539 1914 τινες
3587 1848 3688 1917 μό·

2093 1957 2208 1995 νον
2232 1940 2525 2011 χρίονται.

2168 2033 2398 2088 Συνόδου
2448 2032 2688 2097 Νικαίας
2731 2032 2914 2089 κανὼν
2947 2030 3048 2089 ιθ’⁶
3086 2033 3311 2088 συνόδου
3373 2033 3689 2098 Λαοδικείας

2100 2124 2284 2182 κανὼν
2343 2122 2411 2191 ξ’,
2451 2123 2504 2196 η’
2526 2142 2541 2156 ⁸
2575 2125 2798 2180 συνόδου
2850 2125 3494 2190 Κωνσταντινουπόλεως
3522 2126 3689 2181 κανὼν

2100 2217 2146 2284 ζ’
2181 2235 2197 2251 ο
2256 2218 2478 2272 συνόδου
2525 2223 2579 2281 ς’
2614 2216 2797 2272 κανὼν
2837 2214 2953 2286 ιι,εό
2994 2217 3214 2273 συνόδου
3248 2216 3500 2284 Νικαίας
3551 2219 3609 2273 τὸ
3648 2217 3688 2292 β’

2102 2310 2280 2368 κανὼν
2306 2311 2375 2386 ιη’
2398 2328 2413 2346 ⁸
2457 2311 2741 2368 Βασιλείω
2774 2311 2957 2367 κανὼν
2988 2310 3099 2380 μζ.

2174 2406 2439 2462 ΚΕΦᾹΛ.
2482 2403 2589 2462 ιε’.
2620 2433 2691 2448 --
2723 2404 2859 2474 Πῶς
2914 2408 2948 2460 ό
3000 2404 3513 2480 δαιμονιζόμενος,
3548 2404 3586 2477 ἣ
3629 2404 3692 2461 ἐν

2104 2500 2275 2565 νόσῳ
2300 2499 2726 2569 παιαφρονῶν,
2752 2498 3126 2563 βαπτίᾰται.

2185 2589 2452 2660 Τιμοθέου
2485 2590 2666 2645 κανὼν
2693 2588 2759 2661 β’,
2793 2591 2859 2645 δ’.

2183 2682 2439 2737 ΚΕΦΑΛ.
2482 2680 2601 2751 ις’.
2622 2713 2695 2725 ——
2716 2682 2858 2752 Περὶ
2893 2683 3002 2739 τοῦ
3038 2684 3125 2756 μὴ
3160 2684 3389 2757 χρῆναι
3421 2684 3693 2756 γυναῖκας

2110 2775 2184 2831 ἐν
2235 2774 2369 2842 ταῖς
2412 2775 2663 2846 ἡμέραις
2711 2774 2824 2846 τῆς
2857 2775 3207 2848 καθάρσεως
3251 2777 3461 2834 αὐτῶν
3489 2778 3692 2844 ,βαπτι-

2113 2866 2356 2937 σθῆναι.
3228 2876 3231 2881 ‘

2187 2962 2455 3033 Τιμοθέου
2479 2961 2660 3019 κανὼν
2684 2961 2760 3030 ς’.

2192 3056 2448 3111 ΚΕΦΑΛ.
2482 3059 2584 3114 IZ’.
2610 3088 2685 3098 —-
2722 3058 2865 3113 Ἐὰν
2909 3060 2945 3115 ό
2976 3063 3436 3135 κατηχούμενος
3466 3062 3576 3134 πρὸ
3602 3062 3695 3118 τοῦ

2110 3148 2537 3219 βαπτίσματος
2564 3152 2933 3225 κοινωνήσῃ.

2192 3241 2464 3313 Τιμοθέου
2485 3242 2669 3299 κανὼν
2690 3249 2761 3301 α’.

1777 3621 2187 3712 ΤΙΤΛΟΣ
2279 3623 2391 3712 E'.

438 3847 601 3904 um
666 3846 807 3905 ΤΩΝ
843 3850 2336 3931 ,ΚΑΤΑψΡοΝόζιντριν-Τριν-,βιειεᾼιιξιρινΑιςΑι
2378 3856 2761 3926 ΣΥΝΑΞΕΩΝ,
2830 3860 2953 3915 κΑι
3022 3862 3360 3931 ΜΝΗΜΩΝ,
3399 3861 3517 3917 ΚΑΙ
3579 3851 3698 3911 rex

1266 3923 1661 3978 ΕΣΘΙΟΝΤΩΝ
1694 3924 1787 3978 ΕΝ
1826 3925 2260 3983 ΕΚΚΑΗΣΙΑΙΣ
2287 3930 2411 3986 ΚΑΙ
2443 3932 2604 3987 ΠΕΡΙ
2644 3923 2947 3988 ΔΓᾹΠΩΝ.

1571 4284 2044 4365 TITULUS

2121 4286 2623 4382 QUINTUS.

441 4479 540 4543 DE
582 4481 834 4556 IISQUI
866 4483 1599 4571 Ecggtzsggngmggs
1625 4490 1893 4571 _ATQUE
1935 4491 2338 4555 MEMORIAS
2372 4495 2915 4570 CONTEMNUNT,
2954 4496 3052 4559 ET
3095 4496 3228 4571 QUI
3256 4497 3337 4560 IN
3383 4488 3701 4558 ECCLESIA

967 4564 1404 4644 COMEDUNT,
1455 4568 1554 4629 ET
1623 4566 1721 4630 DE
1762 4571 2144 4634 CONVIVIIS
2184 4574 2668 4638 PAUPERIBUS
2718 4564 3209 4641 EXHIBENDIS.
3340 4613 3356 4626 -

519 4748 759 4808 CAPUT
782 4750 1086 4810 PRIMUM.
1116 4782 1189 4793 -
1217 4752 1293 4809 De
1327 4752 1408 4810 his
1459 4754 1551 4824 qui
1584 4754 1785 4812 'docent
1829 4755 1987 4815 domu

2115 4787 2123 4826 ι
2221 4762 2479 4819 ΚΕΦᾹΛ.
2510 4764 2591 4821 A'.
2609 4767 2837 4837 -Περὶ
2864 4766 2982 4822 τῶν
3011 4766 3421 4822 διδασκόντων
3440 4759 3541 4815 τὸν
3558 4750 3702 4811 οἶκον

447 4844 568 4914 Dei,
599 4856 762 4901 coetus
789 4885 805 4914 ,
838 4856 888 4902 et
921 4848 1204 4903 memorias
1236 4846 1368 4922 [res]
1389 4850 1815 4923 contemptibiles
1848 4850 2034 4926 [esse].

520 5031 757 5089 Concilii
800 5031 1143 5105 Gangrensis
1176 5048 1357 5090 canon
1408 5034 1465 5102 5,
1510 5036 1600 5105 I9;
1637 5038 1859 5096 concilii
1903 5040 2043 5097 sexti

454 5140 634 5181 canon
665 5127 758 5191 76,
793 5126 885 5193 88,
915 5127 1006 5186 97.

526 5218 682 5275 CAP.
721 5220 787 5275 II.
819 5249 890 5261 —
924 5219 1009 5276 Ne
1048 5222 1372 5293 pauperibus
1420 5222 1476 5276 in
1527 5223 1764 5281 ecclesiis
1808 5228 2047 5283 convivia

455 5311 837 5378 exhibeautur,
862 5330 1029 5385 neque
1058 5317 1112 5370 in
1154 5316 1221 5370 iis
1245 5315 1581 5372 romedatur.

528 5403 760 5460 Concilii
795 5404 1094 5463 Laudiceni
1126 5423 1302 5463 canon
1327 5408 1397 5463 28
1426 5425 1442 5477 ;
1499 5412 1719 5467 concilii
1765 5414 2058 5485 Carthagi—

463 5498 655 5554 nensis
686 5513 866 5554 canon
885 5500 988 5567 42;
1023 5500 1240 5557 concilii
1283 5503 1425 5558 sexti
1491 5519 1669 5560 canon
1705 5506 1791 5569 74,
1840 5508 1929 5563 76.
1964 5510 2056 5566 97.

531 5590 747 5647 Teztus.
819 5592 885 5649 Et
928 5604 1112 5651 const.
1161 5596 1196 5651 3
1229 5596 1314 5651 tit.
1376 5596 1448 5651 12
1490 5597 1589 5653 lib.
1643 5599 1841 5659 ICod.
1890 5613 2059 5673 vetat,

461 5696 593 5756 etc.,
624 5703 787 5758 usque
812 5688 882 5743 ad
902 5698 957 5745 et
987 5689 1164 5747 hostis
1197 5690 1422 5764 degant,
1453 5701 1510 5747 ut
1548 5710 1671 5767 pag.
1708 5693 1835 5752 63!.

2146 4856 2254 4913 τοῦ
2284 4858 2458 4927 Θεοῦ,
2498 4858 2601 4913 καί
2632 4860 2739 4929 τὰς
2770 4860 3084 4930 συνάξεις,
3115 4860 3342 4929 καὶτὰς
3366 4854 3594 4930 μνήμας
3618 4848 3703 4902 εδ·

2148 4953 2612 5023 καὶαφρονήτου
2622 4975 2676 5022 ς.

2222 5046 2450 5101 Συνόδου
2492 5048 2760 5120 Γαγγρῶν
2795 5048 2977 5105 κανὼν
3022 5046 3087 5117 ε’,
3128 5047 3227 5104 ιϐ’·
3266 5046 3481 5104 συνόδου
3533 5036 3583 5103 ς’
3615 5049 3701 5088 κα·

2149 5138 2256 5194 νὼν
2283 5158 2355 5206 ος
2375 5182 2391 5208 ,
2427 5139 2539 5213 πη’.
2583 5140 2687 5211 [ιζ’.

2223 5234 2477 5291 ΚΕΦΛΛ.
2513 5235 2592 5292 Β’.
2621 5266 2695 5277 -
2722 5234 2865 5304 Περὶ
2897 5234 3005 5291 τοῦ
3028 5234 3117 5306 μὴ
3151 5232 3345 5289 ποιεῖν
3392 5228 3459 5283 ἐν
3508 5219 3699 5283 ἑκκλιΓ

2156 5324 2264 5392 σίᾳ
2290 5325 2552 5395 ἁγάπας,
2579 5331 2679 5383 καί
2710 5329 2784 5383 ἐν
2812 5327 2968 5399 αὐτῇ
2995 5329 3243 5384 ἐσθίειν.

2229 5394 2459 5473 Συνόδου
2484 5420 2812 5485 Λαοδικείας
2838 5394 3021 5475 κανὼν
3047 5418 3132 5491 κη’
3151 5436 3165 5451 ο
3195 5416 3407 5473 συνόδου
3449 5394 3696 5478 Καρθαῒέο

2159 5528 2258 5582 νης
2287 5511 2469 5566 κανὼν
2494 5510 2581 5584 μβ’
2604 5526 2621 5543 θ
2657 5513 2876 5568 συνόδου
2911 5520 2965 5579 ς’
3001 5513 3182 5569 κανὼν
3211 5510 3301 5577 06',
3325 5514 3427 5574 ος¹ν
3461 5497 3554 5568 ιιῖ-

2234 5605 2543 5677 Κείμενον.
2579 5607 2691 5662 Καὶ
2722 5608 2758 5679 ἡ
2786 5606 2834 5678 γ’
2864 5608 3003 5665 διάτ.
3055 5608 3149 5663 τοῦ
3182 5606 3249 5680 ιβ’
3288 5606 3410 5670 τίτ.,
3439 5596 3524 5655 τοῦ
3553 5590 3593 5647 α’
3625 5586 3693 5680 βίζ

2161 5700 2311 5753 manu
2334 5699 2427 5755 τοῦ
2457 5700 2725 5768 Κώδικος,
2752 5720 2865 5758 κ.τ.
2899 5704 2946 5759 λ.
2963 5744 2977 5773 ,
3003 5719 3102 5776 usq
3127 5719 3194 5761 ne
3217 5703 3281 5765 ad
3305 5698 3391 5757 καὶ
3414 5690 3590 5751 στοαῖς,
3614 5674 3689 5733 κίῑ

2159 5792 2423 5866 λούτροις,
2459 5794 2553 5849 καὶ
2575 5795 2798 5867 κήποις.
2855 5854 2881 5871 θ
