3916 6244
259 226 392 307 1065

1279 237 1999 306 NOMOCANON.—TIT.
2030 247 2132 321 VI,
2164 249 2322 310 CAP.
2350 251 2531 318 I-IlI.

3414 258 3551 326 1066

317 336 598 404 Σχόλιον.
649 336 715 391 Ἦ
751 336 798 409 γ’
828 337 970 395 διάτ.
1028 340 1124 396 τοῦ
1175 341 1244 415 ιβ’
1274 347 1380 402 τίτ.
1410 347 1505 400 τοῦ
1555 355 1601 401 α’
1633 349 1825 420 βιϐλίοι

2029 353 2320 410 Scholium.
2352 360 2590 416 Constit.
2624 362 2679 425 3,
2708 363 2792 416 lit.
2827 362 2919 431 19.,
2953 364 3047 420 lib.
3091 381 3108 420 ι
3145 367 3268 422 cod.
3319 379 3402 426 est
3442 373 3537 426 lib.

249 424 342 479 τοῦ
375 425 633 493 κώδικος,
669 429 785 483 ἔστι
813 429 1018 502 βιϐλίον
1043 432 1084 487 ε’
1128 435 1240 489 τῶν
1275 437 1602 506 Βασιλικῶν,
1638 442 1841 506 simul,

250 533 376 585 κεφ.
422 523 511 582 ια’,
549 519 725 585 οὕτως
755 521 879 592 ἔχον
906 540 919 553 ·
954 525 1132 597 Μέχρι
1161 527 1270 581 τῶν
1306 530 1414 601 πρὸ
1447 531 1548 602 τῆς
1581 532 1847 604 δημοσίας

249 610 457 678 ἀγορᾶς
479 609 584 680 τῆς
623 611 949 684 Ἑκκλησίας
973 617 1120 688 ὅρον,
1144 619 1205 673 τὸ
1233 621 1469 691 ἀσφαλὲς
1492 625 1769 695 ἐχέτωσαν
1794 629 1844 681 οἱ

251 702 664 772 προσφυγόντες
695 705 996 780 ὲνδοτέροις
1017 709 1282 784 λουτροῖς,
1317 714 1350 786 ἢ
1375 716 1598 786 κήποις,
1625 717 1659 790 ἢ
1688 721 1846 792 οἰκή-

249 810 436 863 μασιν,
469 793 738 865 ῆσὺλαῖς,
771 798 805 869 ἢ
849 803 1029 865 στοαῖς
1065 803 1362 876 χρώμενοι,
1389 808 1487 862 καὶ
1528 810 1848 864 κωλυέσθω-

249 899 346 935 σαν
386 885 542 948 ἐντὸς
563 885 658 938 τοῦ
681 887 834 952 ναοῦ,
871 889 904 960 ἢ
937 891 1161 959 ἐσθίειν,
1203 895 1235 965 ἢ
1271 896 1496 954 ὑπνοῦν.
1526 899 1754 965 Ὅπλοις
1786 902 1846 955 δὲ

246 975 473 1040 ἑαυτοὺς
537 978 611 1048 μὴ
663 981 1175 1052 ἀσφαλιςέσθωσαν,
1227 988 1343 1042 ἀλλ’
1398 992 1846 1047 ἀποτιοέσθωσαν

243 1067 417 1120 ταῦτα
466 1071 622 1141 παρὰ
659 1072 736 1142 τῷ
781 1075 1108 1148 ἐπισκόπῳ,
1158 1079 1192 1150 ἢ
1234 1082 1551 1153 πειθόμενοι
1603 1085 1842 1154 πρῶτον,

245 1159 277 1229 ἢ
319 1161 461 1228 μετὰ
486 1161 662 1216 ταῦτα
701 1165 1094 1238 ἐκϐαλλόμενοι
1129 1173 1271 1227 κατὰ
1304 1174 1557 1230 κέλευσιν
1589 1177 1684 1230 τοῦ
1723 1180 1843 1231 ἐπι-

246 1251 454 1304 σκόπου
486 1253 582 1307 καὶ
606 1253 716 1310 τῶν
739 1256 1033 1316 δικαστῶν.

312 1340 569 1396 ΚΕΦΑΛ.
604 1341 681 1398 Γ’.
715 1375 786 1384 -
814 1349 956 1415 Περὶ
999 1349 1120 1405 τῶν
1162 1353 1590 1416 εὐτελιζόντων
1616 1359 1726 1424 τὰς
1756 1378 1844 1428 γι-

242 1431 501 1499 νομένας
542 1433 802 1502 ἀγάπας,
837 1439 937 1492 καὶ
983 1439 1073 1495 ὅτι
1103 1445 1175 1497 οὐ
1211 1443 1309 1497 δεῖ
1326 1445 1480 1514 μέρη
1512 1448 1844 1517 λαμϐάνειν

240 1525 325 1589 εις
355 1524 624 1594 ἀγάπην.

307 1618 538 1671 Συνόδου
576 1619 847 1690 Γαγγρῶν
872 1623 1056 1679 κανὼν
1106 1626 1172 1681 ια’
1197 1644 1210 1658 ·
1257 1629 1476 1684 συνόδου
1521 1632 1842 1699 Λαοδικείας

239 1709 418 1762 κανὼν
441 1709 550 1774 κζ’.

1950 459 1980 496 v
2007 444 2172 500 Basil.
2211 449 2288 504 tit.
2329 450 2380 515 1,
2446 467 2569 522 cap.
2631 453 2721 520 11,
2754 456 2901 524 quod
2947 457 3028 512 sic
3074 457 3284 515 habet:
3327 460 3434 527 Qui
3479 463 3549 518 ad

1948 542 2241 598 ecclesiam
2283 544 2630 617 confugiunt,
2663 565 2838 620 usque
2872 551 2941 605 ad
2973 553 3094 623 ejus
3123 555 3414 621 terminos,
3444 559 3540 626 qui

1949 643 2076 688 ante
2106 634 2384 702 publicum
2444 637 2627 695 forum
2688 651 2841 707 sunt,
2877 645 3231 701 securitatem
3284 647 3540 703 habento.

1958 720 2323 779 lnterioribus
2366 725 2597 793 balneis,
2645 729 2839 797 hortis,
2888 731 3167 799 domibus,
3221 736 3397 798 atriis,
3435 749 3534 792 aut

1951 816 2258 883 porticibus
2283 825 2528 884 utuntor,
2574 821 2715 876 intra
2770 826 3036 894 templum
3087 836 3184 881 aut
3231 829 3397 884 edere
3444 841 3541 886 aut

1948 907 2191 962 dormire
2232 919 2502 967 vetantor.
2536 910 2616 968 Ne
2647 929 2708 969 se
2741 918 2911 972 armis
2945 919 3236 974 muniunto
3267 939 3280 974 :
3314 923 3408 976 sed
3438 923 3532 976 illa

1950 998 2092 1064 apud
2152 998 2474 1067 episcopum
2533 1000 2896 1072 deponuntu:
2939 1015 2994 1061 et
3020 1008 3073 1062 ni
3128 1012 3543 1080 quamprimum

1947 1099 2198 1156 pareant,
2229 1091 2544 1162 moxjussu
2594 1094 2836 1166 episcopi
2887 1107 2942 1153 et
2993 1099 3416 1170 magistratuum
3445 1105 3546 1174 eji-

1947 1191 2186 1237 CllllllOI‘.

2021 1360 2175 1418 CAP.
2209 1362 2298 1418 Ill.
2330 1395 2400 1405 —
2433 1365 2510 1422 De
2557 1367 2641 1421 his
2721 1369 2813 1439 qui
2875 1378 3224 1424 contemnunt
3267 1373 3540 1441 pastiones

1945 1467 2257 1521 pauperum.
2286 1464 2356 1522 et,
2389 1457 2529 1526 quod
2585 1475 2688 1513 non
2721 1461 2999 1514 conveniat
3038 1462 3108 1515 ad
3161 1479 3252 1517 eas
3281 1462 3537 1537 [vocatos]

1944 1555 2151 1614 partem
2171 1565 2397 1603 sumere.

2015 1637 2247 1694 Concilii
2275 1641 2643 1711 Grangrensis
2659 1660 2838 1702 canon
2867 1648 2928 1702 11
2956 1664 2971 1714 ;
2997 1648 3215 1704 concilii
3242 1648 3535 1710 Laodiceni

1871 1717 1918 1776 Β
1949 1745 2129 1786 canon
2159 1732 2252 1786 27.

255 1934 3487 1980 -——-——-—————————_.________.______________________

1597 2107 2002 2194 ΤΙΤΛΟΣ
2079 2100 2230 2202 σι’.

1526 2289 1568 2340 ll
1582 2289 1690 2342 EPl
1746 2291 2255 2347 ΚΑΓΠΟΦΟΡΙΩΝ.
2293 2329 2332 2382 ⁸

1396 2615 1869 2699 TITULUS
1948 2622 2372 2705 SEXTUS.

1279 2791 1375 2852 DE
1418 2794 1836 2859 FRUCTUUM
1899 2797 2483 2864 OBLATIONIBUS.

305 3110 704 3166 ΚΕΦΑΛΑῙΟΝ
737 3113 1033 3168 ΠΡΩΤΟΝ.
1065 3139 1136 3156 -ι
1163 3113 1305 3184 Περὶ
1337 3115 1783 3186 καρποφοριῶν.

2009 3120 2162 3177 CAP.
2205 3121 2499 3180 PRIMUM.
2523 3154 2590 3165 —
2619 3125 2696 3180 De
2726 3126 3004 3195 fructuum
3034 3127 3418 3186 oblationibus.

312 3204 651 3258 Ἀποστόλων
684 3205 867 3260 κανὼν
887 3213 956 3276 γ’,
987 3205 1048 3273 δ’,
1067 3208 1160 3270 νὸ’,
1177 3215 1276 3261 0a."
1299 3207 1517 3261 συνόδου
1537 3207 1612 3274 ς’,
1638 3207 1819 3262 κανὼν

232 3293 338 3365 κη’,
367 3295 468 3362 νζ’,
493 3294 609 3364 σθ’,“
631 3295 715 3364 LLO'
736 3313 751 3330 ·
785 3297 1058 3368 Κυριλλου
1087 3299 1152 3352 ὲκ
1176 3301 1276 3370 τῆς
1309 3299 1446 3370 πρὸς
1471 3299 1677 3370 Δόμνον
1716 3317 1816 3354 κα-

231 3386 333 3441 νὼν
355 3386 421 3460 β’.

293 3482 610 3551 Κείμενον.
630 3483 692 3536 Ἦ
722 3481 805 3554 λη’
829 3483 971 3538 διάτ.
1032 3484 1126 3538 τοῦ
1156 3491 1206 3554 γ’
1236 3485 1342 3538 ait.
1375 3485 1471 3539 τοῦ
1513 3484 1561 3540 α’
1584 3486 1816 3558 βιϐλίου,

229 3575 392 3644 φησιν
433 3575 516 3628 ὅτι
544 3576 604 3628 οὐ
639 3574 736 3641 δεῖ,
769 3594 824 3630 κ.
851 3593 904 3630 τ.
929 3577 980 3632 λ.
1017 3593 1216 3648 usque,
1245 3577 1317 3634 ad
1345 3579 1601 3648 εὐαγέσιν
1625 3581 1818 3647 οἴκοις,

298 3670 578 3737 Σχόλιον.
622 3668 686 3722 Ἦ
718 3668 799 3740 λη’
827 3669 968 3725 διάτ.
1016 3672 1111 3724 τοῦ
1163 3669 1210 3740 γ’
1242 3673 1346 3726 τίτ.
1377 3673 1472 3726 τοῦ
1519 3671 1568 3726 α’
1607 3673 1816 3744 βιϐλίου

228 3757 320 3814 τοῦ
341 3759 573 3825 κὼδικος
598 3760 699 3814 οὐκ
719 3762 878 3832 ἐτέθη
909 3763 988 3826 εἰς
1014 3763 1082 3816 τὰ
1110 3761 1394 3818 Βασιλικά.

296 3853 547 3906 ΚΕΦΑΛ.
577 3850 651 3907 B'.
685 3884 754 3896 —
787 3853 966 3920 Τίνας
991 3853 1082 3908 δεῖ
1117 3854 1467 3925 λαμϐάνειν,
1505 3855 1544 3926 ἢ
1584 3855 1816 3912 διδόναι

229 3946 658 4014 καρποφορίαν,
698 3946 798 4002 καὶ
855 3947 991 4015 περὶ
1045 3946 1164 4002 τῶν
1211 3948 1642 4018 λαμϐανόντων
1693 3953 1816 4007 ἀπὸ

226 4037 557 4105 ἐκκλησίας
595 4039 802 4107 κηρὸν,
833 4038 871 4106 ἢ
901 4039 1130 4094 ἔλαιον.

307 4130 648 4184 ’Δποπόλων
705 4131 889 4185 κανὼν
931 4129 1044 4202 οβ’·
1078 4131 1297 4186 συνόδου
1338 4133 1606 4205 Γαγγρῶν
1631 4133 1812 4190 κανὼν

227 4221 290 4288 ζ’,
324 4222 403 4294 ξη’
423 4241 438 4256 ο
471 4225 736 4293 Θεοφίλου
771 4227 835 4278 ἐκ
864 4225 956 4278 τοῦ
995 4224 1436 4297 ’Υπομνηστικοῦ
1465 4229 1645 4283 κανὼν
1673 4229 1738 4294 ζ’·

295 4317 549 4371 ΚΕΦΑΛ.
593 4317 670 4372 I".
703 4318 841 4386 Περὶ
877 4317 997 4372 τῶν
1043 4322 1510 4389 προσφερόντων
1539 4338 1812 4394 συναγω-

229 4410 353 4477 γαῖς
377 4412 416 4478 ἢ
450 4409 630 4478 ἱεροῖς
660 4410 871 4466 ἐθνῶν.

305 4503 648 4556 Ἀποστόλων
673 4505 852 4558 κανὼν
882 4515 984 4576 oa',
1008 4510 1112 4580 οβ’.

290 4597 603 4664 Κείμενον.
640 4593 704 4648 Ἡ
743 4595 790 4649 σι’
817 4598 956 4656 διάτ.
1005 4600 1100 4654 τοῦ
1139 4599 1182 4654 θ’
1213 4600 1318 4655 τίτ.
1393 4599 1488 4654 τοῦ
1527 4597 1574 4653 α’
1610 4600 1818 4672 βιϐλίου

1999 3211 2389 3282 Apostolorum
2420 3231 2595 3271 canon
2643 3217 2698 3282 5,
2735 3219 2789 3281 4,
2829 3217 2916 3282 54,
2959 3216 3062 3284 71;
3097 3222 3322 3274 concilii
3379 3224 3520 3278 sexti

1933 3319 2108 3360 canon
2139 3305 2230 3373 28,
2263 3307 2354 3375 57,
2391 3308 2480 3376 79,
2526 3310 2829 3383 99.Cyrilli
2864 3330 2933 3368 ex
2982 3313 3216 3382 epistola
3248 3315 3316 3370 ad
3351 3313 3524 3372 Dom-

1936 3413 2065 3452 num
2083 3414 2260 3454 canon
2289 3402 2347 3457 2.
3029 3471 3034 3476 _

2005 3488 2221 3547 Textus.
2243 3493 2430 3552 Const.
2449 3494 2540 3559 58,
2566 3497 2646 3552 tit.
2667 3497 2721 3562 ’5,
2747 3497 2842 3554 lib.
2873 3513 2890 3553 ι
2921 3502 3045 3558 cod.
3068 3502 3184 3558 ait:
3209 3499 3366 3566 Quod
3390 3515 3518 3568 non,

1927 3588 2058 3647 etc.,
2079 3599 2243 3653 usque
2265 3585 2334 3638 ad
2363 3589 2766 3646 venerabilibus
2782 3591 3057 3661 domibus,
3084 3605 3142 3648 ut
3163 3609 3286 3664 pag.
3325 3592 3450 3647 654.

2001 3677 2292 3736 Scholium.
2329 3681 2518 3740 Const.
2547 3685 2636 3752 38,
2672 3685 2754 3742 tit.
2804 3687 2860 3753 ὅ,
2884 3688 2982 3746 lib.
3016 3689 3184 3746 tcod.
3229 3689 3286 3745 in
3351 3688 3518 3744 Basil.

1929 3784 2037 3824 non
2064 3779 2151 3826 est
2168 3774 2365 3840 posita.

1999 3861 2154 3918 CAP.
2180 3863 2245 3918 ll.
2281 3895 2353 3906 —
2387 3865 2664 3934 Quasnam
2695 3879 2936 3940 oporteat
2979 3873 3239 3941 accipere,
3265 3879 3360 3926 aut
3391 3871 3523 3926 dare

1927 3955 2200 4024 fructuum
2227 3957 2545 4024 oblationes,
2577 3971 2628 4016 et
2681 3963 2747 4016 de
2771 3965 2838 4018 iis
2869 3965 2961 4034 qui
2979 3981 3047 4020 ex
3082 3965 3302 4020 ecclesia
3339 3981 3517 4020 ceram

1929 4059 2020 4103 aut
2051 4050 2223 4104 oleum
2249 4052 2577 4122 subripiunt.

1995 4143 2380 4210 Apostolorum
2413 4159 2590 4199 canon
2635 4145 2734 4212 7‘3;
2787 4149 3006 4204 concilii
3047 4149 3385 4221 Gangrensis
3423 4163 3518 4202 ca-

1927 4249 2034 4289 non
2067 4235 2119 4300 7,
2154 4235 2210 4296 6,
2241 4234 2313 4299 8;
2347 4235 2632 4305 Theophili
2655 4251 2720 4291 ex
2739 4239 3160 4294 commonitorio
3191 4254 3369 4293 canon
3397 4239 3448 4293 7.

1997 4325 2152 4382 CAP.
2190 4324 2275 4381 Ill.
2313 4358 2384 4368 —
2422 4326 2498 4381 De
2549 4328 2615 4382 iis
2659 4330 2752 4399 qui
2796 4330 3052 4403 o/ferunt_
3078 4333 3387 4402 synagoqis,
3418 4343 3512 4386 aut

1926 4418 2134 4489 templis
2161 4420 2416 4490 gentium.

1842 4504 1896 4563 D
1993 4512 2383 4582 Apostolorum
2421 4527 2601 4569 canon
2629 4514 2718 4580 71,
2747 4515 2834 4570 72.

1990 4608 2207 4662 Textus.
2258 4604 2448 4661 Const.
2506 4608 2557 4674 1,
2591 4609 2676 4662 tit.
2726 4608 2780 4673 9,
2825 4609 2922 4664 lib.
2957 4625 2973 4664 ι
3004 4609 3130 4665 cod.
3177 4611 3257 4666 ait
3287 4629 3301 4667 :
3330 4610 3508 4678 Quod,

224 4690 312 4741 τοῦ
345 4689 580 4752 κώδικος
622 4692 808 4760 φησὶν,
840 4710 894 4746 κ.
936 4712 987 4749 τ.
1017 4695 1066 4748 λ.
1097 4710 1272 4763 usque
1322 4694 1390 4750 ad
1423 4696 1456 4766 ἡ
1498 4695 1655 4760 πόλις
1686 4695 1820 4749 αὐτὸ

1966 4714 2046 4764 .c.,
2078 4714 2239 4768 usque
2272 4699 2340 4752 ad
2366 4700 2558 4755 civitas
2587 4701 2785 4771 capiat,
2814 4712 2870 4754 ut
2896 4718 3044 4772 ρας..
3077 4703 3204 4759 6'55.

223 4781 462 4852 λαμϐἀνε
470 4801 508 4836 ι.

289 4876 574 4944 Σχόλιον.
613 4877 673 4932 ’11
720 4878 767 4933 α’
811 4880 953 4934 διὰτ.
1022 4881 1114 4934 τοῦ
1161 4880 1204 4934 θ’
1249 4882 1351 4938 tit.
1383 4880 1477 4934 τοῦ
1524 4887 1571 4936 α’
1609 4880 1816 4952 βιϐλίου

223 4967 312 5020 τοῦ
335 4969 568 5034 minimo;
591 4973 692 5026 οὐκ
721 4974 878 5046 ἐτέθη
908 4977 988 5039 εἰς
1012 4977 1080 5030 τὰ
1105 4977 1389 5032 Βασιλικὰ.
1437 4977 1500 5029 Ἡ
1529 4975 1585 5029 δὲ
1613 4978 1810 5046 ὲννάτη

1991 4860 2285 4919 Scholium.
2327 4862 2593 4930 Const.l,
2625 4867 2710 4920 tit.
2757 4865 2814 4944 9,
2877 4866 2972 4921 lib.
3012 4883 3025 4920 ι
3063 4865 3188 4922 cod.
3233 4866 3289 4920 in
3337 4865 3510 4920 Basil.

1921 4973 2027 5010 non
2057 4968 2141 5014 est
2188 4957 2382 5028 posita.
2445 4958 2550 5013 Sed
2583 4968 2759 5015 const.
2803 4960 2856 5022 9,
2903 4961 2987 5015 tit.
3035 4961 3122 5023 11,
3170 4960 3266 5014 lib.
3325 4975 3340 5012 l
3383 4960 3506 5014 cml.

222 5055 358 5113 διάτ.
396 5062 495 5112 τοῦ
556 5069 623 5115 ια’
663 5066 766 5117 τίτ.
823 5065 916 5118 τοῦ
954 5064 1002 5119 α’
1032 5065 1241 5136 βιϐλίου
1275 5066 1368 5120 τοῦ
1409 5066 1662 5131 κὼδικος,
1694 5067 1810 5119 ἔστι

1966 5052 2117 5106 stlib.
2157 5069 2171 5105 ι
2226 5051 2390 5107 Basil.
2420 5053 2504 5106 tit.
2551 5053 2602 5120 1,
2631 5070 2753 5123 cap.
2787 5055 2874 5120 Li,
2907 5054 3055 5124 quod
3091 5055 3172 5108 sic
3201 5055 3385 5108 habet.
3439 5051 3510 5106 Ut

223 5148 422 5216 βιϐλίον
474 5153 584 5213 τῶν
635 5155 942 5212 Βασιλικῶν
975 5157 1046 5226 α’,
1090 5159 1197 5213 ait.
1228 5167 1297 5226 α’,
1332 5177 1459 5230 κεφ.
1507 5159 1588 5227 ιδ’,
1637 5157 1810 5224 οὕτως

221 5239 338 5311 ἔχον
369 5242 447 5306 ὡς
477 5244 558 5308 εἰς
583 5245 644 5298 τὸ
675 5246 926 5317 κείμενον
948 5249 1284 5322 συνωψίσθη.

600 5793 841 5851 I'ATuot
860 5829 875 5850 .
917 5791 1037 5850 Gn.
1083 5794 1237 5855 CIV.

1921 5146 1973 5198 in
2009 5153 2160 5200 textu
2191 5146 2294 5202 sub
2327 5147 3022 5219 compendiopropositum
3045 5158 3151 5202 cst.
