3916 6244
367 208 499 272 11267

1506 205 1702 265 ΡΗΟΤ
1713 205 1766 263 ΙΙ
1810 200 2319 264 ΡΑΤΙὶΙΛΒΟΗίΕ
2365 199 2476 260 CP.

3520 190 3656 255 1068

373 413 3634 452 MM

1723 591 2130 679 ΤΙΤΛΟΣ
2208 591 2310 676 Z'.

371 787 532 842 ΠΕΡΙ
583 781 944 850 ΝΗΣΤΕΙΑΣ,
986 781 1106 835 ΚΑΙ
1155 779 1292 833 ΤΗΣ
1342 775 2567 902 ΤΕΣΣΑΡΑΚῡΣΤΗΣέΛΙῙὲἅΣΚΥΡιΑΚΗΣ,
2630 773 2752 830 ΚΑΙ
2831 772 3210 841 ΣΑΒΒΑἸῸΥ,
3246 773 3368 827 ΚΑΙ
3409 773 3448 827 Γ
3457 771 3638 828 ΟΝΥ-

1421 1023 1890 1103 TITULUS
1965 1022 2520 1100 SEPTIMUS.

360 1206 467 1266 DE
494 1203 831 1270 JEJUNIO.
854 1201 1235 1277 QUADRAG
1249 1201 1517 1276 ESIMA,

2609 1198 3016 1262 DOMINICO
3053 1198 3212 1273 DIE,
3245 1196 3655 1271 SABBATO,

432 1495 663 1554 CAPUT
726 1492 1028 1552 PRIMUM.
1065 1523 1136 1533 —
1165 1492 1242 1548 De
1271 1492 1501 1562 jejunio,
1528 1501 1577 1547 et
1625 1493 1692 1547 iis
1738 1508 1858 1562 quae
1907 1491 1944 1546 ίι

2071 1563 2074 1572 Ι
2139 1490 2536 1545 ΚΕΦΔΛΑΙΟΝ
2563 1490 2862 1544 ΠΡΩΤΟΝ.
2891 1519 2962 1531 —-
3002 1486 3146 1558 Περὶ
3183 1488 3493 1558 νηστείας,
3545 1489 3650 1543 καὶ

363 1589 784 1662 Quadragesima
821 1587 1152 1659 jejuniorum
1183 1587 1344 1642 vetita
1390 1595 1482 1640 aut
1505 1585 1763 1655 permissa
1792 1593 1937 1639 sunt.

432 1799 818 1871 Apostolorum
852 1813 1029 1853 canon
1060 1796 1150 1863 61,
1196 1796 1300 1865 69;
1332 1796 1550 1853 concilii
1579 1795 1935 1869 Gangreusis,

363 1909 536 1951 canon
574 1891 796 1958 18,19;
829 1890 1047 1946 concilii
1088 1889 1384 1944 Laodiceni
1433 1904 1608 1944 canon
1625 1890 1715 1953 49,
1737 1890 1826 1956 50,
1861 1889 1952 1952 51,

362 1985 467 2050 5'2;
493 1982 711 2038 concilii
742 1981 882 2036 sexti
964 1994 1141 2034 canon
1172 1979 1264 2046 29,
1307 1977 1398 2046 52,
1431 1978 1518 2048 55,
1555 1979 1646 2048 56,
1675 1979 1775 2046 89;
1807 1980 1952 2036 Petri

362 2090 541 2130 canon
579 2073 669 2129 15.

434 2162 865 2230 Τετιιιδηῦοηει.
903 2162 958 2224 5,
1000 2162 1086 2217 tit.
1126 2162 1216 2230 12,
1249 2161 1344 2218 lib.
1378 2179 1438 2217 ιιι
1489 2162 1612 2218 eod.
1644 2161 1722 2218 ait
1757 2163 1952 2230 :Quod

364 2254 754 2324 Quadraginta,
803 2261 932 2319 etc.,
970 2270 1132 2325 usque
1170 2253 1240 2308 ad
1291 2253 1560 2310 duntaxat
1609 2255 1840 2326 ignosci,
1893 2266 1950 2310 ut

363 2365 490 2420 pag.
521 2346 645 2401 659.

433 2438 728 2494 Scholium.
759 2435 950 2492 Const.
980 2435 1035 2500 5,
1060 2435 1145 2500 tit,
1182 2435 1271 2501 12,
1296 2435 1393 2490 lib.
1428 2450 1490 2490 ιιι
1560 2435 1682 2491 cod.
1715 2447 1800 2492 est
1825 2452 1947 2508 cap.

361 2527 451 2598 2‘2,
479 2532 562 2586 tit.
599 2529 698 2595 17;
728 2529 824 2594 lib,
861 2544 934 2582 vu
978 2527 1143 2583 Basil.
1181 2538 1359 2583 coust.
1391 2527 1424 2582 6
1467 2527 1716 2598 ejusdem
1753 2530 1837 2584 tit.
1866 2540 1950 2585 est

359 2640 480 2694 cap.
497 2623 741 2693 ejusdem
773 2621 867 2676 lib.
895 2631 950 2675 et
977 2620 1060 2675 tit.
1081 2620 1185 2688 25;
1207 2628 1384 2677 const.
1409 2621 1440 2674 7
1460 2631 1543 2676 est
1569 2637 1689 2692 cap.
1706 2622 1777 2676 2.1
1798 2623 1950 2693 ejus-

361 2719 484 2773 dem
520 2716 615 2770 lib.
649 2724 703 2770 et
733 2715 819 2769 tit.
869 2722 1048 2770 const.
1077 2713 1109 2768 8
1139 2723 1223 2769 est
1268 2729 1392 2784 cap.
1423 2713 1494 2768 25
1533 2731 1548 2781 ;
1582 2714 1826 2781 ejusdem
1852 2715 1946 2770 lib.

362 2817 418 2864 et
450 2810 536 2864 tit.
571 2807 714 2878 quod
768 2808 820 2861 in
867 2815 1019 2861 textu
1068 2806 1463 2876 comprehensa
1507 2809 1640 2862 dicit
1681 2817 1860 2864 coust.
1893 2808 1947 2875 '5,

2073 1583 2192 1638 τῶν
2223 1583 2678 1654 κεκωλυμένων,
2725 1583 2764 1652 ἣ
2821 1581 3339 1652 ἐπιτετραμμένων
3381 1581 3660 1651 τίνεσθαι

2059 1676 2128 1732 ἐν
2161 1675 2232 1746 τῇ
2263 1676 2732 1747 τεσσαρακοστῇ
2762 1676 2881 1731 τῶν
2916 1674 3234 1745 νηστειῶν.

2149 1791 2487 1845 Ἀποστόλων
2518 1789 2700 1846 κανὼν
2740 1788 2839 1857 Ea’,
2873 1788 2948 1855 ξθ¹
2969 1805 2983 1820 ·
3014 1790 3234 1845 συνόδου
3271 1787 3540 1858 Γαγγρῶν
3563 1805 3662 1841 κα-

2063 1879 2168 1935 νὼν
2228 1879 2318 1953 ιη’,
2365 1880 2428 1934 ιθ¹
2449 1873 2482 1911 θ’
2511 1882 2731 1936 συνόδου
2758 1881 3078 1946 Λαοδικείας
3107 1880 3289 1936 κανὼν
3319 1880 3430 1951 μθ¹,
3455 1877 3522 1944 ν’,
3552 1877 3657 1946 va’,

2062 1972 2141 2045 νβ’
2163 1991 2176 2006 ο
2204 1974 2423 2028 συνόδου
2457 1973 2510 2040 ς’
2537 1973 2720 2030 κανὼν
2749 1975 2855 2046 κβ’,
2879 1974 2980 2047 νβ’,
3013 1973 3111 2041 γε’,
3144 1972 3260 2042 νς’,
3285 1972 3374 2029 πθ¹
3396 1990 3413 2006 ο
3441 1973 3660 2044 Πέτρου

2061 2064 2242 2120 κανὼν
2273 2065 2357 2122 ιε’.

2132 2161 2442 2228 Κείμενον.
2490 2160 2553 2214 Ἦ
2607 2159 2648 2214 ε’
2674 2161 2812 2215 διάτ.
2848 2160 2942 2214 106
2969 2159 3033 2231 ιβ’
3061 2163 3167 2216 τίτ.
3234 2160 3328 2214 τοῦ
3368 2158 3419 2229 γ’
3449 2158 3659 2230 βιϐλίου

2059 2253 2154 2306 106
2179 2252 2432 2319 κὼδικος,
2450 2253 2636 2324 φησιν,
2662 2271 2712 2306 κ.
2744 2271 2795 2309 1.
2822 2254 2896 2320 λ.,
2915 2269 3091 2324 usque
3110 2252 3178 2308 ad
3198 2254 3249 2307 οἱ
3263 2253 3442 2307 λοιποὶ
3465 2270 3657 2322 συγγι-

2061 2345 2359 2400 νώσκονται
2369 2388 2382 2402 ,

2132 2439 2411 2506 Σχόλιον.
2457 2438 2521 2493 Ἦ
2554 2437 2595 2491 ε’
2622 2438 2761 2493 διάτ.
2840 2438 2935 2510 106
2973 2437 3038 2510 ιβ’
3074 2440 3179 2494 τίτ.
3227 2440 3322 2495 τοῦ
3364 2437 3414 2510 γ’
3446 2440 3654 2511 βιϐλίου

2061 2531 2154 2586 106
2189 2533 2440 2599 κώδικος,
2473 2532 2588 2587 ἐστι
2621 2551 2748 2604 κεφ.
2792 2532 2875 2604 κβ¹
2930 2533 3023 2587 τοῦ
3074 2531 3137 2597 ιζ’
3182 2535 3288 2588 τίτ.
3354 2533 3452 2588 τοῦ
3484 2533 3530 2599 ζ’
3569 2535 3653 2606 βι-

2061 2626 2211 2679 ϐλίου
2234 2625 2341 2678 τῶν
2369 2625 2693 2680 Βασιλικῶν.
2737 2626 2804 2680 Ἦ
2831 2624 2884 2691 ς’
2913 2626 3053 2680 διάτ.
3083 2626 3174 2680 τοῦ
3203 2625 3370 2681 αὑτοῦ
3402 2627 3510 2681 τίτ.
3534 2628 3680 2680 ἔστι.

2063 2736 2190 2786 κεφ.
2235 2717 2331 2772 τοῦ
2371 2719 2538 2773 αὐτοῦ
2581 2719 2786 2790 βιϐλίου
2818 2719 2926 2774 τῶν
2963 2721 3288 2774 Βασιλικῶν.
3319 2721 3384 2773 Ἡ
3418 2719 3472 2785 ς’
3505 2720 3650 2775 διάτ.

2063 2811 2157 2865 τοῦ
2194 2811 2359 2865 αὑτοῦ
2393 2812 2498 2866 τίτ.
2529 2812 2645 2866 ἐστι
2683 2830 2808 2882 κεφ.
2844 2813 2938 2867 τοῦ
2967 2813 3132 2867 αὐτοῦ
3171 2811 3376 2882 βιϐλίου
3415 2814 3511 2866 καὶ
3542 2813 3652 2871 τίτ.

362 2903 450 2957 tit.
483 2902 537 2965 Ιι,
571 2901 664 2955 lib.
701 2917 716 2954 ι
748 2900 871 2955 cod.
903 2909 987 2955 est
1025 2915 1147 2970 cap.
1180 2899 1271 2965 26,
1309 2901 1391 2955 tit.
1431 2899 1516 2966 17,
1551 2900 1642 2955 lib.
1678 2917 1751 2955 vn
1780 2899 1944 2957 Basil.

2064 2901 2242 2972 κγ’.Ἦ
2269 2901 2340 2974 ἒξ
2373 2903 2511 2957 διάτ.
2552 2903 2666 2956 ἐστι
2699 2921 2826 2974 κεφ.
2864 2901 2942 2957 κδ’
2979 2904 3072 2957 τοῦ
3110 2903 3274 2957 αὐτοῦ
3308 2903 3516 2972 βιϐλίου
3553 2903 3650 2956 καὶ

364 2994 511 3066 quod
544 2995 616 3047 ita
652 2992 766 3048 fere
795 2992 960 3047 habet
994 3011 1007 3048 :
1042 2992 1517 3058 Quemadmodum
1567 3009 1597 3047 a
1636 2994 1949 3063 patriarcha

361 3091 418 3143 in
453 3086 838 3157 compendium
884 3096 967 3142 est
1001 3096 1364 3142 contractum.
1398 3086 1666 3141 Caeterum
1717 3089 1763 3140 si
1810 3103 1949 3157 quo-

362 3198 491 3238 nam
524 3181 612 3236 die
647 3180 856 3252 judicia
887 3188 1128 3244 cessent,
1173 3191 1362 3235 exacte
1395 3180 1605 3235 discere
1637 3179 1768 3235 velis
1795 3197 1806 3233 :
1837 3183 1951 3252 lege

361 3275 700 3331 adorandam
733 3274 879 3328 illam
917 3273 1186 3328 divinitus
1212 3273 1484 3339 coronati,
1519 3273 1709 3343 optimi
1752 3272 1950 3345 [maxi-

362 3367 484 3440 mi],
531 3384 595 3423 ac
625 3367 802 3423 sancti
850 3367 1021 3422 nostri
1057 3365 1427 3436 imperatoris,
1456 3365 1644 3420 domui
1687 3364 1949 3421 Manuelis

357 3465 628 3520 Comneni
675 3463 966 3529 novellam,
1025 3478 1212 3517 mense
1259 3462 1478 3526 Martio,
1523 3463 1822 3518 indictione
1859 3463 1947 3525 11,

359 3574 506 3612 anno
542 3574 569 3611 a
596 3556 817 3612 Christo
849 3572 1009 3626 passo
1032 3557 1136 3618 6M
1168 3555 1452 3620 emissam,
1482 3566 1644 3625 atque
1679 3556 1793 3610 lucc
1823 3566 1946 3625 post

359 3647 693 3716 prooemium
721 3647 1174 3716 complectentem
1208 3664 1222 3700 :
1253 3647 1532 3702 sancimus
1557 3647 1722 3715 igitur
1779 3656 1838 3700 ut
1869 3647 1944 3701 illi

363 3738 484 3792 dies
507 3737 687 3791 feriati
719 3737 850 3801 sint,
879 3753 1020 3808 quos
1049 3738 1100 3791 in
1139 3738 1394 3808 praesenti
1424 3738 1816 3792 constitutione
1852 3754 1948 3792 no-

361 3827 614 3882 minatim
657 3829 1132 3884 enumerabimus.
1170 3829 1412 3895 Quorum
1451 3828 1543 3882 alii
1591 3831 1818 3884 omnino
1854 3829 1949 3884 toti

363 3916 548 3972 feriati
580 3919 711 3983 sint,
743 3926 804 3973 ut
845 3920 997 3974 nullo
1031 3919 1194 3974 modo
1229 3919 1337 3974 ulla
1370 3919 1610 3989 ipsorum
1639 3931 1791 3990 parte
1816 3936 1950 3975 con-

361 4011 513 4065 stitui
548 4009 817 4079 judicium
863 4011 1054 4081 possit,
1083 4022 1234 4064 extra
1285 4024 1449 4080 quam
1498 4010 1542 4064 si
1592 4009 1733 4065 forte
1773 4012 1950 4081 impe-

360 4110 512 4154 rator
543 4100 970 4169 dispensationis
1000 4101 1183 4165 modo,
1211 4109 1306 4154 aut
1343 4098 1615 4173 [prepter]
1647 4102 1948 4158 necessita-

361 4205 472 4247 tem
503 4194 587 4263 (ut
643 4194 813 4246 multa
847 4207 1224 4264 saepenumero
1261 4209 1445 4248 rerum
1480 4195 1801 4250 vicissitudo
1848 4211 1948 4250 no-

2052 2997 2254 3049 τίτλου.
2295 2997 2361 3048 Ἦ
2391 3003 2439 3066 η’
2467 2995 2605 3050 διάτ.
2649 2997 2763 3050 ἐστι
2800 3014 2928 3066 κεφ.
2963 2994 3040 3050 κε’
3078 2996 3175 3050 τοῦ
3216 2996 3381 3050 αὐτοῦ
3408 2997 3516 3050 τίτ.
3556 2997 3656 3050 καὶ

2028 3087 2259 3158 -βιϐλίου
2303 3088 2369 3140 τά
2399 3088 2476 3157 τῷ
2516 3089 2756 3160 κειμένῳ
2780 3089 3146 3161 περιεχόμενα
3182 3088 3359 3158 λέγον.
3395 3089 3507 3143 Καὶ
3535 3091 3568 3159 ἡ
3601 3103 3652 3157 γ’

2049 3180 2191 3234 διάτ.
2248 3179 2343 3233 τοῦ
2371 3177 2417 3233 δ’
2441 3182 2574 3246 τίτ.,
2607 3179 2656 3236 α’
2699 3181 2907 3250 βιϐλίου
2945 3181 3040 3234 τοῦ
3085 3179 3334 3245 κὼδικος,
3374 3181 3491 3233 ἔστι
3522 3196 3651 3248 κεφ.

2051 3268 2144 3336 κς¹
2207 3271 2303 3326 τοῦ
2347 3269 2411 3333 ιζ’
2443 3288 2552 3325 τιτ.
2584 3271 2678 3325 106
2703 3269 2984 3341 ζ”βιϐλίου
3014 3271 3121 3324 τῶν
3149 3271 3454 3324 Βασιλικῶν
3481 3269 3658 3333 οὓτως

2050 3364 2172 3434 ἔχον
2218 3363 2407 3433 σχεδὸν
2453 3363 2527 3427 ὡς
2557 3363 2708 3434 παρὰ
2731 3363 2824 3417 τοῦ
2853 3364 3200 3434 πατριάρχου
3225 3362 3560 3432 συνωψίσθη.
3589 3360 3656 3414 Et

2051 3457 2225 3519 θέλεις
2254 3457 2310 3510 δὲ
2345 3456 2536 3526 μαθεῖν
2565 3456 2811 3528 ἀκριϐῶς
2841 3457 2986 3509 κατὰ
3015 3456 3174 3509 ποίαν
3211 3455 3426 3525 ἡμέραν
3458 3455 3649 3523 άπρα-

2052 3549 2240 3603 κτοῦσι
2282 3550 2348 3603 τὰ
2373 3550 2719 3621 δικαστήρια,
2759 3547 3034 3618 ἀνάγνωθι
3066 3547 3166 3619 τὴν
3196 3548 3336 3602 κατὰ
3365 3547 3458 3600 τὸν
3489 3547 3656 3616 Μάρ-

2051 3657 2163 3696 τιον
2189 3643 2334 3713 μῆνα
2358 3643 2459 3712 τῆς
2484 3639 2885 3705 ιδ’ἰνδικτιῶνος
2909 3641 3004 3695 τοῦ
3038 3638 3202 3713 ,ςχοδ’
3259 3640 3416 3703 ἔτους
3447 3637 3659 3692 ἀπολυο

2051 3731 2236 3787 θεῖσαν
2253 3733 2633 3804 προσκυνητὴν
2649 3731 2870 3802 Νεαρὰν
2885 3731 2977 3784 τοῦ
2997 3729 3339 3799 θεοστεφοῦς,
3359 3729 3658 3801 κρατίστου

2051 3828 2146 3881 καὶ
2165 3827 2320 3896 ἁγίου
2344 3826 2502 3898 ἡμῶν
2525 3825 2929 3896 αὐτοκράτορος
2950 3823 3206 3892 Μανουὴλ
3228 3822 3321 3875 τοῦ
3339 3823 3657 3893 Κομνηνοί,

2050 3920 2147 3974 καὶ
2173 3919 2348 3974 ταῦτα
2377 3917 2514 3989 μετὰ
2535 3918 2596 3972 τὸ
2626 3917 2910 3988 προοίμιον
2939 3915 3428 3986 διαλαμϐάνουσαν.
3460 3915 3664 3968 Θεσπί-

2051 4013 2217 4082 ζομεν
2263 4007 2355 4066 οὖν
2390 4012 2536 4065 ἐκείν
2550 4030 2613 4075 ας
2644 4009 2782 4064 εἶναι
2815 4010 2926 4062 τῶν
2965 4008 3192 4080 ἡμερῶν
3227 4010 3545 4079 ἀπράκτους
3586 4007 3660 4072 ἃς

2052 4107 2109 4159 ἐν
2141 4107 2208 4175 τῇ
2240 4103 2490 4176 παρούσῃ
2512 4104 2752 4170 διατάξει
2783 4102 2959 4174 ῥητῶς
2994 4100 3521 4172 ὰπαριθμησόμεθα,
3555 4101 3655 4153 καὶ

2051 4199 2203 4262 τινὰς
2229 4198 2328 4269 μὲν
2347 4198 2526 4252 αὐτῶν
2546 4197 2605 4250 τὸ
2627 4198 2805 4268 πάντη
2827 4196 3106 4266 ἄπρακτον
3131 4195 3272 4265 ἔχειν
3287 4193 3363 4257 ὡς
3384 4193 3657 4263 μηδαμῶς

361 4285 500 4339 vitcr
533 4283 856 4351 introducit)
890 4287 940 4339 in
971 4286 1075 4338 illis
1105 4285 1267 4339 etiam
1310 4285 1576 4355 judicium
1619 4288 1944 4342 constituere

2064 4293 2229 4346 διόλου
2257 4291 2352 4345 106
2379 4291 2557 4345 αὐτῶν
2585 4291 2957 4360 διαστήματος
2990 4285 3344 4340 συνίστασθαι
3371 4285 3652 4356 δικαστὴ-

361 4378 496 4432 velit
531 4397 542 4432 :
579 4379 831 4458 alii'vero
879 4395 944 4431 ex
974 4390 1127 4448 parte
1156 4394 1186 4432 a
1213 4378 1438 4448 judieiis
1471 4389 1710 4443 cessent,
1733 4395 1762 4434 a
1795 4395 1944 4433 mane

2064 4402 2192 4456 ριον,
2255 4385 2303 4437 εί
2372 4383 2446 4454 μὴ
2506 4383 2761 4454 βασιλεὺς
2827 4382 2941 4442 ίσος
2989 4380 3303 4448 οἰκονομίας
3348 4378 3562 4448 τρόπῳ,
3619 4377 3656 4449 ἢ

361 4468 618 4522 videlicet
648 4485 825 4538 usque
861 4468 927 4521 ad
959 4469 1138 4538 ipsum
1178 4468 1346 4522 divini
1387 4470 1677 4525 ministerii
1715 4479 1944 4539 tempus1

2064 4477 2298 4546 ἁνάγκης
2335 4474 2494 4528 ὁποῖα.
2525 4473 2784 4535 πολλάκις
2819 4472 2880 4524 τὸ
2914 4470 3206 4540 περιπετὲς
3247 4467 3357 4520 τῶν
3390 4467 3655 4538 πραγμά-

359 4569 424 4614 ιιι
471 4559 751 4630 judicibus
794 4560 1203 4630 precatiOnibus
1247 4570 1411 4630 atque
1455 4560 1812 4630 glorificando
1844 4559 1944 4613 Dec

2064 4583 2162 4620 των
2189 4565 2547 4625 νεανιεύεται,
2581 4563 2787 4636 θελήσῃ
2813 4563 3038 4617 καθίσαι
3065 4563 3158 4615 καὶ
3185 4563 3243 4614 ἐν
3274 4561 3467 4622 αὐταῖς
3497 4559 3654 4614 δικα-

360 4669 561 4707 vacare
592 4654 778 4720 liceat,
819 4669 883 4708 ac
917 4651 1158 4724 [deinde]
1194 4662 1318 4723 post
1346 4653 1592 4708 divinum
1621 4654 1944 4738 sacrificium

2064 4661 2280 4732 στήρια,
2311 4659 2464 4724 τινὰς
2501 4659 2558 4713 δὲ
2591 4657 2700 4712 ἀπὸ
2729 4659 2931 4730 μέρους
2958 4657 3112 4725 ἄγειν
3139 4655 3248 4709 τῶν
3278 4655 3656 4726 δικαστηρίων

354 4747 588 4812 justitiu:
639 4763 861 4816 operam
895 4757 1116 4813 navent,
1166 4749 1580 4817 secundumque
1616 4749 1795 4818 legum
1843 4749 1950 4801 vim

360 4837 620 4906 injuriam
669 4839 848 4908 passis
910 4837 1176 4894 auxilium
1222 4839 1420 4894 ferant.
1461 4837 1949 4893 Verumeuimvero

360 4929 558 4996 quibus
591 4930 663 4984 ita
699 4943 824 5001 post
854 4931 1099 4986 divinum
1133 4931 1500 4986 ministerium
1533 4931 1786 5000 judicare
1820 4947 1946 5000 per-

358 5022 592 5075 missum
624 5033 728 5085 cst,
765 5024 818 5076 in
847 5023 1207 5078 conficiendis
1235 5037 1265 5076 a
1293 5038 1351 5077 se
1377 5023 1780 5088 instrumentis,
1815 5033 1949 5077 tem-

355 5113 503 5179 poris
532 5130 642 5183 quo
669 5115 759 5168 illa
798 5116 1047 5171 confecta
1074 5124 1225 5180 sunt,
1255 5117 1587 5172 mentionem
1623 5116 1847 5171 facient.
1872 5117 1951 5170 Ac

349 5207 588 5273 primum
613 5210 833 5277 quidem
878 5209 946 5264 de
976 5209 1204 5264 omnino
1231 5208 1442 5266 feriatis
1471 5219 1555 5265 est
1579 5212 1870 5276 agendum.

2063 4753 2281 4824 σχολὴν,
2311 4755 2385 4815 ὡς
2410 4747 2522 4806 οἷον
2548 4752 2717 4806 ἕωθεν
2752 4752 2914 4822 μέχρι
2947 4753 3038 4803 καὶ
3068 4751 3147 4811 είς
3179 4749 3343 4802 αὑτὸν
3371 4748 3473 4816 τῆς
3503 4749 3657 4810 Θείας

2061 4845 2400 4916 λειτουργίας
2434 4846 2646 4915 καιρὸν,
2678 4844 2764 4896 ἵνα
2788 4847 2898 4906 τοῖς
2927 4842 3208 4902 δικασταῖς
3239 4837 3388 4907 ἐξείη
3408 4853 3655 4908 προσαν-

2055 4939 2199 5008 έχειν
2223 4939 2380 5010 εὐχῇ,
2406 4939 2502 4992 καὶ
2530 4941 2596 5009 τῇ
2629 4939 2760 5008 περὶ
2792 4937 2852 4991 τὸ
2881 4937 3023 4989 θεῖον
3052 4933 3352 5004 δοξολογίᾳ,
3384 4934 3478 4984 καὶ
3515 4930 3653 5002 μετὰ

2053 5031 2152 5100 τὴν
2184 5032 2334 5084 θείαν
2369 5031 2767 5103 ίεροτελεστίαν
2795 5027 3173 5100 ἐπιμελεῖσθαι
3211 5026 3427 5093 καὶτῆς
3450 5024 3654 5078 δικαιο-

2055 5123 2246 5194 σύνης,
2274 5125 2367 5178 καὶ
2394 5127 2505 5187 τοῖς
2524 5123 2687 5178 ἄδικα
2711 5123 3038 5176 πεπονθόσιν
3063 5120 3366 5192 ἐπαρήγειν
3389 5118 3531 5171 κατᾶ
3553 5118 3653 5185 τὴν

2054 5215 2163 5267 τῶν
2213 5215 2395 5284 νόμων
2457 5213 2632 5284 ἰσχύν.
2681 5215 2745 5266 Oi
2782 5215 2964 5283 μέντοι
3010 5211 3154 5264 οὕτω
3187 5211 3322 5282 μετὰ
3352 5208 3453 5280 τὴν
3499 5207 3651 5260 θείαν

345 5297 694 5370 λειτουργίαν
717 5302 1182 5372 ἐπιτετραμμένοι
1211 5302 1456 5366 δικάζειν
1489 5304 1547 5355 ἐν
1575 5307 1690 5367 τοῖς
1765 5308 2067 5376 γινομένοις
2116 5311 2243 5381 παρ’
2313 5307 2492 5362 αὐτῶν
2560 5307 2911 5378 σημειώμασι
2980 5307 3346 5377 μεμνήσονται
3394 5301 3489 5354 τοῦ
3532 5317 3651 5354 και-

356 5391 454 5462 ροῦ
511 5397 632 5448 καθ’
675 5393 733 5446 ὃν
785 5393 853 5447 τὰ
905 5393 1272 5465 σημειώματα
1329 5395 1683 5466 πράττονται.
1727 5397 1834 5450 Καὶ
1881 5397 1946 5468 δὴ
1987 5401 2205 5471 πρῶτον
2242 5401 2500 5472 περὶτῶν
2533 5401 2732 5462 τελέως
2761 5399 3059 5471 ἀπράκτων
3087 5395 3433 5467 διαληπτέον.

421 5484 630 5540 Natalis
683 5485 869 5555 itaque
919 5485 1036 5539 dies
1070 5484 1379 5554 purissimae
1434 5485 1678 5539 Domina:
1725 5504 1790 5543 ac
1839 5488 1932 5543 Dei

347 5581 646 5653 genitricis,
681 5580 773 5649 qui
803 5587 886 5635 est
915 5590 1105 5634 octava
1139 5577 1497 5650 Septembris,
1559 5579 1786 5638 feriatus
1827 5593 1928 5638 est.

2133 5493 2196 5546 Ἢ
2228 5495 2408 5547 τοίνυν
2433 5496 2576 5547 κατὰ
2596 5493 2694 5562 τὴν
2713 5492 2762 5563 η’
2791 5491 2883 5546 τοῦ
2947 5488 3326 5561 Σεπτεμϐρίου
3359 5488 3529 5560 μηνὸς
3556 5505 3645 5554 γε·

2043 5584 2251 5640 νεθλίου
2286 5586 2497 5656 ἡμέραν
2527 5585 2626 5654 τῆς
2658 5584 3032 5656 παναχράντου
3056 5581 3372 5651 Δεσποίνης,
3403 5580 3496 5633 καὶ
3521 5579 3648 5632 Θει-

2048 5680 2306 5750 μήτορος,
2335 5679 2615 5749 ἄπρακτός
2649 5679 2818 5732 ἐστιν.
2928 5744 2934 5752 _
