3744 6218
115 213 238 278 1069

111 413 363 482 ζωοφόρου
398 405 654 477 σταυροῦ.

170 506 272 560 Καὶ
292 505 325 573 ἡ
355 498 445 564 κς⁹
469 496 678 568 διάζτὴν
707 493 801 548 τοῦ
825 492 1124 546 ἀποστόλου
1156 490 1253 544 καὶ
1282 484 1670 557 εὐαγγελιστοῦ

118 599 345 654 Ἰωάννου
369 591 630 659 Θεολόγου
663 586 1014 660 μετάστασιν.

177 714 236 766 'II
267 709 318 773 ς’
358 708 451 763 τοῦ
504 705 805 776 όκτωὸρίου
845 702 935 757 διά
975 700 1032 754 τὸ
1058 700 1158 771 τὴν
1187 698 1408 770 μνήμην
1442 699 1500 751 ἐν
1534 697 1672 768 αὐτῇ

106 805 360 863 τελεῖσθαι
393 800 488 856 τοῦ
521 799 678 870 ἀγίου
703 796 1004 852 ἀποστόλου
1033 794 1227 862 Θωμᾶ.

176 899 238 955 Ἦ
268 900 309 954 Θ¹
340 898 426 952 διὰ
444 898 537 952 τὸν
558 894 652 950 τοῦ
687 892 943 962 Ἀλφαίου
969 888 1328 944 Ἰἀκωϐοντον
1356 885 1672 941 ἀπόστολον.

169 997 270 1050 Καὶ
297 996 330 1065 ἡ
361 993 432 1064 ιη’
452 991 542 1046 διὰ
561 990 651 1044 τὸν
679 985 975 1042 ἀπόστολον
999 985 1093 1038 καὶ
1120 980 1511 1052 εὐαγγελιστὴν
1539 982 1675 1032 Λου-

105 1106 214 1144 κάν.

180 1184 238 1236 Ἡ
267 1178 332 1250 ιγ’
360 1179 451 1234 τοῦ
488 1175 798 1248 Νοεμϐρίου
830 1173 1019 1245 μηνὸς,
1049 1171 1132 1225 δτι
1159 1171 1217 1223 ὲν
1241 1168 1378 1239 αὐτῇ
1417 1169 1451 1240 ὴ
1489 1167 1675 1238 μνήμη

103 1280 186 1331 τοῦ
217 1271 450 1346 Χριστοῦ
488 1269 702 1341 Πατρός
725 1267 985 1320 τελεῖται.

177 1369 237 1421 Ἠ
270 1364 326 1421 ιδ’
363 1367 448 1419 ὅτι
479 1365 535 1416 ὲν
561 1363 698 1433 αὐτῇ
725 1361 754 1412 ὁ
792 1357 1090 1420 ἀπόστολος
1119 1355 1386 1416 Φίλιππος
1423 1349 1678 1422 ἑορτάζε-

102 1479 201 1514 ται.

166 1479 201 1514 ι.

132 1479 235 1606 αἮ
268 1551 340 1617 ις’
369 1553 453 1605 ὅτι
482 1552 510 1604 ὁ
544 1546 941 1617 εὐαγγελιστὴς
977 1543 1072 1596 καὶ
1117 1539 1416 1602 ἀπόστολος
1449 1537 1676 1606 τιμᾶται

108 1646 396 1710 Ματθαῖος.

175 1739 237 1792 Ἡ
258 1682 465 1791 ῑςαῗδτι
503 1734 573 1788 τά
600 1735 680 1796 εἰς
714 1732 806 1785 τὸν
832 1728 960 1786 ναὸν
985 1728 1190 1782 είσόδια
1211 1718 1311 1796 τῆς
1332 1723 1674 1792 Θεομήτορος
1717 1682 1758 1736 Β

101 1835 151 1886 ὲν
170 1830 335 1902 ταύτῃ
361 1826 816 1900 πανηγυρίζεται.

162 1925 266 1978 Καὶ
292 1925 320 1976 ὁ
337 1920 385 1974 λ’
408 1923 490 1976 ὅτι
512 1923 540 1972 ό
563 1917 862 1980 ἀπόστολος
891 1914 1146 1984 Ἀνδρέας
1175 1914 1234 1966 ὲν
1256 1910 1395 1981 αὐτῇ
1421 1905 1676 1978 ἑορτάζε-

98 2035 197 2071 ται.

172 2110 234 2161 Ἦ
262 2106 304 2161 0'
347 2107 446 2160 τοῦ
491 2102 830 2175 Δεκεμϐρίου
855 2100 930 2163 ὡς
964 2100 1062 2168 τῆς
1100 2094 1416 2165 συλλήψεως
1443 2093 1500 2144 ἐν
1534 2088 1674 2158 αὐτῇ

102 2203 422 2273 τελουμένης
453 2203 552 2271 τῆς
581 2196 887 2268 ὑπεραγίας
919 2192 1141 2264 Μητρὸς
1171 2189 1268 2241 τοῦ
1295 2185 1429 2239 Θεοῦ
1459 2181 1638 2254 ἡμῶν.

176 2320 237 2373 Ἦ
261 2315 308 2373 κ’
345 2316 514 2388 μέχρι
543 2314 639 2368 καὶ
669 2312 843 2381 αὐτῆς
870 2311 990 2372 ταῖς
1023 2305 1075 2371 ς’
1100 2304 1195 2357 τοῦ
1245 2299 1574 2369 Ἰανουαρίου
1603 2296 1680 2360 ὡς

103 2413 156 2465 ἐν
189 2411 371 2472 αὐταῖς
403 2404 818 2478 ὲορταζομένων
846 2392 954 2452 τῶν
985 2393 1295 2466 γενεθλίων,
1327 2391 1422 2446 καὶ
1444 2389 1538 2443 τοῦ
1583 2389 1681 2459 βα-

103 2503 391 2570 πτίσματος
413 2497 507 2551 τοῦ
537 2496 765 2567 Κυρίου,
793 2493 886 2547 καὶ
911 2489 1070 2555 Θεοῦ,
1099 2489 1194 2542 καὶ
1224 2487 1476 2556 Σωτῆρος
1521 2484 1555 2552 ἡ
1566 2482 1682 2552 μῶν

115 2592 277 2665 Ἰησοῦ
307 2589 569 2664 Χριστοῦ.

183 2688 243 2740 Ἡ
265 2684 329 2754 ιη’
351 2679 449 2738 τοῦ
474 2679 638 2736 αὐτοῦ
679 2678 1007 2748 Ἰανουαρίου
1033 2674 1124 2730 διὰ
1142 2672 1268 2735 τοὺς
1303 2669 1480 2731 θείους
1511 2667 1686 2720 Πατέ-

108 2790 200 2840 ρας
226 2775 314 2826 καὶ
342 2771 698 2834 διδασκάλους
729 2771 969 2840 πατέρας
1006 2765 1326 2820 Ἀθανὰσιον
1359 2763 1454 2816 καὶ
1482 2757 1689 2827 Κύριλ-

109 2881 189 2919 Ι.ον
196 2909 208 2921 .

133 2963 142 2977 κ
181 2982 243 3034 Ἠ
271 2980 347 3034 κε’
382 2979 478 3033 τοῦ
511 2978 679 3033 αὐτοῦ
711 2977 881 3048 μηνὸς
917 2975 1006 3029 διὰ
1046 2972 1144 3044 τὴν
1180 2969 1400 3043 μνήμην
1443 2963 1537 3020 τοῦ
1593 2981 1690 3035 με-

106 3069 261 3141 γάλου
293 3070 508 3142 Πατρός
536 3063 840 3140 Γρηγορίου
874 3064 1158 3132 Θεολόγου.

180 3189 241 3241 Ἠ
264 3185 306 3259 β’
330 3186 427 3240 τοῦ
446 3183 812 3256 Φευρουαρίου
835 3179 924 3234 διὰ
943 3178 1041 3250 τὴν
1052 3174 1415 3246 τοῦΣωτῆρος
1437 3172 1693 3225 ὑπαπαν-

107 3299 220 3334 την.

115 3299 134 3334 τ
173 3299 220 3334 ν.

115 3277 280 3427 -ἧΚαὶ
313 3374 346 3443 ἡ
375 3370 428 3440 γ’
454 3369 542 3442 διὰ
564 3369 660 3438 τὴν
687 3368 788 3438 τῆς
813 3366 1036 3438 μνήμης
1064 3361 1157 3416 τοῦ
1189 3357 1437 3429 θεοδόχου
1463 3349 1690 3426 Συμεὼν

107 3465 336 3536 τελετήν.
1619 3483 1623 3487 ’

181 3560 244 3612 Ἡ
265 3535 342 3613 πέ
369 3555 643 3628 Μαρτίου,
664 3553 754 3607 διὰ
777 3552 868 3605 τὸν
897 3549 998 3619 τῆς
1027 3541 1371 3618 Θεομήτορος
1401 3535 1695 3608 εὐαγγελι-

110 3657 256 3726 σμόν.

172 3773 236 3824 Ai
291 3764 590 3840 πασχάλιοι
621 3764 730 3818 τῶν
761 3760 988 3834 ἡμερῶν
1013 3757 1106 3812 ἀπ’
1138 3756 1309 3826 αὐτῆς
1334 3754 1432 3825 τῆς
1465 3750 1560 3804 τοῦ
1582 3751 1696 3804 Λα·-

110 3865 268 3934 ζάρου
327 3861 606 3932 ὲγέρσεως
655 3857 815 3928 μέχρι
860 3853 953 3908 καὶ
995 3854 1053 3916 ἐς
1103 3851 1275 3922 αὐτὴν
1315 3848 1414 3919 τὴν
1451 3847 1588 3918 μετὰ
1635 3845 1696 3898 τὸ

113 3957 257 4025 ἀγιον
287 3957 484 4023 Πάσχα
523 3951 736 4020 ὀγδόην.

185 4051 248 4102 'II
277 4047 352 4103 κε’
391 4047 491 4100 τοῦ
514 4045 806 4116 Ἀπρίλλου
842 4040 928 4095 διὰ
955 4039 1045 4092 τὸν
1078 4034 1375 4091 ἀπόστολον
1403 4033 1497 4088 καὶ
1531 4033 1697 4100 εὐαγ-

110 4141 356 4212 γελιστὴν
390 4141 643 4210 Μάρκον.

175 4237 283 4288 Καὶ
316 4237 346 4305 ἡ
372 4230 420 4284 λ’
446 4232 534 4284 διά
556 4229 648 4282 τὸν
674 4226 968 4282 ἀπόστολον
1002 4221 1256 4277 Ἰάκωϐον
1281 4219 1371 4273 τὸν
1393 4217 1488 4272 τοῦ
1518 4216 1701 4270 Θεολό-

113 4345 204 4396 γου
230 4327 324 4381 καὶ
350 4321 744 4392 εὐαγγελιστοῦ
771 4317 1022 4387 ἀδελφόν.

189 4421 252 4474 Ἦ
282 4419 330 4492 η’
364 4418 464 4472 τοῦ
487 4417 667 4471 Μαΐου
694 4414 780 4467 διὰ
805 4413 905 4484 τὴν
939 4410 1162 4481 μνήμην
1183 4406 1280 4461 τοῦ
1311 4402 1700 4474 εὐαγγελιστοῦ
1729 4417 1784 4476 D

113 4511 369 4566 ίῐωάννου
408 4508 504 4562 τοῦ
538 4506 821 4574 Θεολόγου.

193 4605 258 4658 Ἦ
301 4602 330 4658 ι’
361 4603 452 4656 διὰ
474 4602 575 4671 τὴν
601 4599 693 4653 τοῦ
723 4596 1022 4651 ἀποστόλου
1051 4595 1295 4666 Σίμωνος
1322 4595 1416 4644 τοῦ
1443 4586 1709 4660 ζηλωτοῦ.

200 4791 265 4843 Ἡ
295 4795 384 4844 κα¹
412 4787 502 4842 διά
523 4785 622 4857 τὴν
647 4785 868 4856 μνήμην
895 4782 1004 4834 τῶν
1026 4780 1197 4850 ἁγίων
1219 4777 1316 4833 καὶ
1345 4775 1716 4830 ἰσαποστόλων

121 4883 210 4936 καὶ
241 4881 496 4954 μεγάλων
530 4877 796 4936 βασιλέων
832 4874 1244 4929 Κωνσταντίνου
1272 4873 1368 4926 καὶ
1403 4869 1643 4936 Ἑλένης.

190 5067 300 5121 Καὶ
339 5067 376 5137 ἡ
415 5062 509 5130 κς¹
544 5063 632 5118 διὰ
677 5061 776 5132 τὴν
821 5057 917 5111 τοῦ
964 5054 1266 5109 ἀποστόλου
1326 5051 1581 5120 Ἀλφαίου
1623 5051 1718 5104 τοῦ

137 5159 322 5212 Ἰούδα.

203 5252 270 5303 'II
306 5248 380 5305 ια’
418 5248 512 5304 τοῦ
548 5247 768 5303 Ἰουνίου
815 5244 904 5298 διὰ
954 5243 1046 5296 τὸν
1100 5237 1396 5294 ἀπόστολον
1448 5232 1722 5306 Βαρθολο-

129 5345 284 5414 μαῖον
294 5384 304 5398 .

205 5439 273 5491 Ἠ
311 5436 375 5490 ιϐ’
407 5436 493 5490 διὰ
525 5437 616 5490 τὸν
648 5432 948 5488 ἀπόστολον
983 5427 1185 5485 Ἰούδαν
1215 5423 1306 5477 τὸν
1328 5421 1424 5476 κοιλ⁵
1443 5417 1720 5480 Θαδδαῖον,

129 5529 223 5583 καὶ
274 5529 560 5594 Λεϐϐαῖον,
589 5528 686 5581 καὶ
723 5523 1000 5578 Ἰάκωϐον.

209 5621 276 5673 Ἠ
306 5618 383 5674 κδ’
407 5621 490 5674 διὰ
521 5619 582 5674 τὸ
604 5617 697 5672 τοῦ
726 5615 1041 5688 Προῐρόμου
1076 5609 1371 5680 γενόθλιον.

1075 198 1564 262 NOMOCANON.
1599 221 1667 232 -
1704 195 1852 255 ΤΙΤ.
1894 195 2027 268 VII,
2070 193 2232 254 CAP.
2275 193 2328 252 I-

181 321 442 383 Ὡσαύτως
489 317 585 372 καὶ
617 317 652 387 ἠ
708 314 766 367 ιδ’
813 315 882 386 τῇ
931 311 1138 384 ὑψώσει
1190 309 1537 381 τετιμημὲνῃ
1581 305 1676 360 τοῦ
1703 307 1757 367 Α

3226 187 3364 251 1070

1853 303 1984 358 Item
2022 305 2270 380 decimus
2302 313 2556 373 quartus,
2582 301 2674 371 qui
2707 307 2934 371 prepter
2973 300 3364 358 exaltationen

1780 397 2009 452 vivitica:
2041 397 2223 451 crucis
2249 397 2573 450 honoratur.

1856 489 1987 544 Item
2023 490 2320 544 vicesimus
2346 497 2553 552 sextus,
2585 494 2805 556 propter
2840 482 3075 555 apostoli
3106 492 3160 540 et
3195 500 3369 541 evan-

1783 582 1991 652 gelistae
2012 579 2245 635 Joannis
2279 574 2540 649 Theologi
2586 575 3127 632 transmutationem.

1856 692 1986 748 Item
2013 700 2201 748 sextus
2242 692 2512 756 Octobris,
2549 691 2691 761 quod
2731 700 2847 745 tum
2883 689 3149 744 memoria
3193 691 3371 744 sancti

1784 785 2010 841 Thomte
2045 785 2277 852 apostoli
2311 784 2641 838 celebretur.
3252 845 3254 847 γ

1857 881 2001 934 Item
2026 896 2226 942 nonus,
2264 877 2320 932 in
2352 877 2616 933 honorem
2644 875 2833 930 Jacobi
2877 875 3084 946 Alpbaei
3116 877 3371 948 apostoli.

1856 971 1988 1025 Item
2041 971 2329 1034 decimus,
2381 970 2437 1022 in
2498 970 2764 1022 honorem
2814 966 2976 1022 Luca:
3028 971 3265 1038 apostoli
3319 980 3380 1026 et

1785 1064 2154 1134 evangelista.

1861 1155 1987 1208 Item
2020 1154 2268 1207 decimus
2301 1152 2497 1207 tertius
2527 1144 2875 1215 Novembris,
2920 1149 3068 1220 quod
3103 1159 3216 1206 tum
3256 1168 3376 1209 me-

1786 1246 1958 1300 moria
1995 1245 2167 1314 patris
2198 1244 2401 1299 Christi
2433 1243 2765 1297 celebretur.

1861 1339 1992 1391 Itetn
2025 1337 2275 1391 decimus
2306 1345 2558 1406 quartus,
2584 1336 2734 1405 quod
2766 1345 2878 1390 tum
2921 1335 3207 1406 Philippus
3241 1352 3378 1407 apo-

1788 1429 1962 1484 stolus
1997 1429 2267 1484 festiviter
2295 1429 2619 1483 honoretur.

1857 1522 1990 1576 Item
2019 1521 2268 1575 decimus
2290 1530 2504 1580 sextus.
2525 1520 2668 1589 quod
2703 1519 2868 1592 [tum]
2899 1520 3186 1576 Matthteus
3211 1537 3379 1578 evan-

1789 1612 1984 1682 gelista
2011 1620 2065 1666 et
2095 1613 2378 1680 apostolus
2407 1613 2732 1667 honoretur.

1854 1703 1989 1758 Item
2022 1705 2320 1760 vicesimus
2344 1705 2583 1774 primus,
2617 1705 2767 1774 quod
2794 1713 2909 1760 tum
2947 1704 3044 1761 Dei
3085 1705 3382 1763 Genitricis

1787 1797 1842 1852 in
1873 1797 2136 1868 templum
2164 1797 2431 1852 introitus
2461 1797 2794 1852 celebretur.

1865 1890 1994 1944 Item
2047 1889 2386 1955 tricesimus,
2440 1889 2591 1959 quod
2636 1901 2751 1944 tum
2800 1892 3050 1947 Andreas
3095 1894 3382 1962 apostolus

1791 1980 2061 2038 festiviter
2090 1983 2419 2037 honoretur.

1861 2075 1994 2129 Item
2030 2091 2209 2129 nonus
2241 2074 2558 2132 Decembris
2589 2096 2601 2132 :
2635 2080 2838 2147 quippe
2870 2076 2999 2147 quia
3040 2087 3172 2134 tunc
3214 2078 3383 2136 Ceni-

1795 2172 1947 2226 tricis
1971 2171 2063 2226 Dei
2103 2173 2276 2228 nostri
2313 2173 2612 2243 Conceptio
2641 2174 2968 2229 celebretur.

1868 2263 2002 2318 Item
2035 2265 2356 2331 vicesimus,
2385 2282 2564 2334 usque
2590 2267 2658 2320 ad
2703 2268 2882 2335 ipsum
2925 2277 3142 2322 sextum
3175 2267 3387 2324 Janua-

1796 2359 1886 2423 rii,
1917 2369 2107 2428 utpote
2140 2359 2286 2428 quod
2319 2357 2515 2412 diebus
2545 2358 2652 2411 illis
2704 2359 2951 2412 natalitia
2984 2370 3039 2413 et
3085 2361 3390 2429 baptismus

1802 2450 2014 2502 Domini
2069 2457 2124 2501 et
2171 2447 2263 2500 Dei
2307 2457 2362 2502 et
2404 2447 2714 2500 Servatoris
2768 2447 2946 2502 nostri
3001 2445 3132 2501 Jesu
3180 2446 3390 2503 Christi

1797 2542 2164 2597 celebrentur.

1879 2637 2010 2688 Item
2053 2633 2299 2702 ejusdem
2331 2629 2577 2685 Januarii
2613 2631 3094 2686 duodeviresimus
3122 2672 3137 2698 ,
3176 2632 3392 2686 divino-

1801 2743 1922 2781 rum
1954 2725 2177 2780 Patrum
2201 2724 2557 2780 etdoctorum
2577 2722 2862 2777 Athanasii
2892 2731 2947 2776 et
2975 2723 3160 2794 Cyrilli
3194 2724 3392 2794 gratia.

1875 2926 2007 2980 Item
2043 2925 2290 2995 ejusdem
2326 2924 2534 2980 mensis
2564 2924 2860 2979 vicesimus
2900 2925 3129 2994 quintus
3174 2935 3398 2997 propter

1728 3055 1771 3114 Ο
1809 3019 2129 3075 memoriam
2166 3017 2347 3087 magni
2379 3017 2562 3072 Patris
2584 3017 2830 3088 Gregorii
2869 3017 3152 3088 Theologi.

1875 3133 2011 3187 Item
2068 3131 2345 3188 secundus
2381 3130 2706 3198 Februarii,
2759 3131 2904 3201 quod
2955 3140 3072 3185 tum
3120 3130 3400 3187 Scrvatori

1809 3227 2028 3283 obviam
2069 3227 2204 3280 itum
2235 3227 2327 3280 sit.

1879 3321 2014 3377 Item
2048 3319 2261 3384 tertius,
2295 3317 2635 3373 celebrandae
2684 3315 2969 3372 memoriae
3003 3316 3278 3373 Simeonis
3302 3316 3399 3373 Dei

1809 3412 2146 3479 susceptor-is
2179 3425 2366 3464 causa.

1883 3508 2013 3560 Item
2056 3505 2356 3559 vicesimus
2390 3504 2620 3572 quintus
2641 3500 2844 3568 Martii,
2896 3501 3025 3557 boni
3060 3502 3241 3557 nuntii
3271 3517 3402 3573 ergo

1812 3601 1878 3654 ad
1907 3599 2003 3654 Dei
2035 3597 2368 3653 Genitricem
2395 3593 2631 3668 [delati.]
3430 3593 3437 3601 '

1882 3716 2016 3770 Item
2042 3714 2160 3768 dies
2189 3710 2486 3766 Paschales
2515 3709 2585 3764 ab
2607 3711 2726 3779 Ipsa
2747 3707 2939 3762 Lazari
2967 3708 3400 3775 resurrectione,

1811 3820 1988 3875 usque
2017 3803 2084 3858 ad
2116 3805 2297 3873 ipsum
2345 3809 2472 3871 post
2503 3813 2728 3854 sacrum
2761 3797 2971 3852 Pascha
3002 3810 3280 3853 octavum.

1885 3991 2012 4046 Item
2042 3987 2289 4044 decimus
2322 3985 2548 4055 quintus
2590 3983 2814 4052 Aprilis,
2857 3985 2914 4037 in
2969 3984 3235 4038 honorem
3272 4000 3406 4054 apo-

1813 4085 1938 4140 stoli
1966 4091 2021 4138 et
2050 4080 2400 4150 evangelista:
2430 4076 2616 4130 Marci.

1882 4177 2016 4232 Item
2053 4174 2386 4234 tricesimus,
2441 4170 2494 4222 in
2527 4168 2790 4221 honorem
2822 4165 3011 4221 fratris
3050 4167 3312 4239 Thcologi
3349 4179 3409 4224 et

1816 4265 2183 4336 evangelista,
2217 4260 2403 4316 Jacobi
2443 4257 2700 4328 apostoli.

1888 4363 2021 4417 Item
2069 4367 2295 4413 octavus
2346 4353 2505 4418 Maii,
2549 4351 2620 4405 ob
2687 4350 3007 4406 memoriam
3059 4353 3413 4424 evangelista:

1815 4454 2044 4511 Joannis
2068 4448 2354 4517 Theologi.

1889 4549 2020 4604 Item
2054 4547 2323 4608 decimus,
2370 4548 2591 4612 propter
2627 4536 3003 4612 [memoriam]
3035 4536 3279 4596 Simonis
3306 4539 3414 4594 Ze-

1817 4645 1939 4697 lotte
1962 4639 2218 4712 apostoli.

1892 4737 2026 4791 Item
2062 4733 2361 4788 vicesimus
2394 4731 2628 4803 primus,
2670 4736 2896 4804 propter
2920 4728 3240 4784 memoriam
3289 4742 3416 4781 san-

1821 4838 2036 4885 ctorum
2070 4843 2136 4883 ac
2161 4827 2427 4896 apostolis
2461 4827 2780 4896 mqualium.
2814 4836 3138 4893 magnorum
3177 4821 3418 4888 impera-

1823 4935 2026 4987 torum,
2060 4921 2406 4977 Constantini
2452 4930 2501 4975 et
2539 4916 2777 4974 Helenae.

1896 5015 2028 5070 Itcm
2059 5013 2354 5068 vicesimus
2380 5021 2590 5077 sextus,
2617 5003 2841 5090 propter
2871 5001 3255 5078 [memoriam]
3286 5017 3425 5072 apo-

1826 5109 1950 5166 stoli
1981 5107 2186 5178 Alphaei
2218 5106 2395 5161 Judze.

1901 5193 2389 5256 Item'nndecimus
2425 5196 2597 5266 Junii,
2626 5197 2678 5252 in
2735 5195 3001 5266 honorem
3035 5187 3424 5246 Bartholomrei

1830 5294 2090 5366 apostoli.
2600 5285 2607 5294 ’
3509 5268 3514 5273 ’

1902 5388 2033 5444 Item
2074 5385 2522 5442 undevicesimus
2578 5383 2632 5436 in
2679 5380 2944 5435 honOrem
2995 5374 3226 5443 apostoli
3274 5373 3430 5428 Juulze

1832 5482 1924 5550 qui
1952 5478 2330 5534 etThatldams
2359 5487 2412 5531 et
2433 5475 2663 5531 Lebaeus
2686 5482 2739 5527 et
2768 5470 3003 5525 Jacolnts
3035 5463 3425 5540 [inominatur].

1907 5573 2036 5628 Item
2067 5574 2364 5630 vicesimus
2387 5576 2641 5640 quartus,
2675 5571 2896 5636 propter
2929 5557 3298 5616 Praecursoris
3334 5571 3426 5610 na-

1837 5669 2093 5726 talilium.
