  <div class='ocr_page' id='page_1' title='image "/cluster/home/n/w/nwhite01/storage/ocr_20150623/104 pt.4/mdp.39015061931229/545.png"; bbox 0 0 3916 6244; ppageno 0'>
   <div class='ocr_carea' id='block_1_1' title="bbox 351 234 479 299">
    <p class='ocr_par' dir='ltr' id='par_1_1' title="bbox 351 234 479 299">
     <span class='ocr_line' id='line_1_1' title="bbox 351 234 479 299; baseline -0.039 0"><span class='ocrx_word' id='word_1_1' title='bbox 351 234 479 299; x_wconf 69' lang='lat' dir='ltr'><strong>107i</strong></span> 
     </span>
    </p>
   </div>
   <div class='ocr_carea' id='block_1_2' title="bbox 422 336 2020 415">
    <p class='ocr_par' dir='ltr' id='par_1_2' title="bbox 422 336 2020 415">
     <span class='ocr_line' id='line_1_2' title="bbox 422 336 2020 415; baseline -0.005 -12"><span class='ocrx_word' id='word_1_2' title='bbox 422 348 556 403; x_wconf 92' lang='lat' dir='ltr'><strong>Item</strong></span> <span class='ocrx_word' id='word_1_3' title='bbox 607 346 1088 408; x_wconf 88' lang='lat' dir='ltr'><strong>undetricesimus,</strong></span> <span class='ocrx_word' id='word_1_4' title='bbox 1123 353 1349 415; x_wconf 77' lang='lat' dir='ltr'><strong>propter</strong></span> <span class='ocrx_word' id='word_1_5' title='bbox 1377 342 1685 415; x_wconf 83' lang='lat' dir='ltr'><strong>principum</strong></span> <span class='ocrx_word' id='word_1_6' title='bbox 1720 350 1940 413; x_wconf 89' lang='lat' dir='ltr'><strong>aposto-</strong></span> <span class='ocrx_word' id='word_1_7' title='bbox 1967 336 2020 395; x_wconf 87' lang='lat' dir='ltr'><strong>A</strong></span> 
     </span>
    </p>
   </div>
   <div class='ocr_carea' id='block_1_3' title="bbox 347 437 1439 498">
    <p class='ocr_par' dir='ltr' id='par_1_3' title="bbox 347 437 1439 498">
     <span class='ocr_line' id='line_1_3' title="bbox 347 437 1439 498; baseline -0.004 -3"><span class='ocrx_word' id='word_1_8' title='bbox 347 441 527 498; x_wconf 88' lang='lat' dir='ltr'><strong>lorum</strong></span> <span class='ocrx_word' id='word_1_9' title='bbox 557 438 703 495; x_wconf 90' lang='lat' dir='ltr'><strong>Petri</strong></span> <span class='ocrx_word' id='word_1_10' title='bbox 731 447 786 494; x_wconf 92' lang='lat' dir='ltr'><strong>et</strong></span> <span class='ocrx_word' id='word_1_11' title='bbox 811 437 965 493; x_wconf 82' lang='lat' dir='ltr'><strong>Pauli</strong></span> <span class='ocrx_word' id='word_1_12' title='bbox 988 437 1439 493; x_wconf 80' lang='lat' dir='ltr'><strong>celebrationem.</strong></span> 
     </span>
    </p>
   </div>
   <div class='ocr_carea' id='block_1_4' title="bbox 415 528 1928 603">
    <p class='ocr_par' dir='ltr' id='par_1_4' title="bbox 415 528 1928 603">
     <span class='ocr_line' id='line_1_4' title="bbox 415 528 1928 603; baseline -0.005 -15"><span class='ocrx_word' id='word_1_13' title='bbox 415 533 551 589; x_wconf 88' lang='lat' dir='ltr'><strong>Item</strong></span> <span class='ocrx_word' id='word_1_14' title='bbox 583 532 917 599; x_wconf 80' lang='lat' dir='ltr'><strong>tricesimus,</strong></span> <span class='ocrx_word' id='word_1_15' title='bbox 947 538 1174 602; x_wconf 76' lang='lat' dir='ltr'><strong>propter</strong></span> <span class='ocrx_word' id='word_1_16' title='bbox 1205 531 1491 587; x_wconf 88' lang='lat' dir='ltr'><strong>duodecim</strong></span> <span class='ocrx_word' id='word_1_17' title='bbox 1517 528 1928 603; x_wconf 82' lang='lat' dir='ltr'><strong>[Apostolorum</strong></span> 
     </span>
    </p>
   </div>
   <div class='ocr_carea' id='block_1_5' title="bbox 347 612 1943 697">
    <p class='ocr_par' dir='ltr' id='par_1_5' title="bbox 347 612 1943 697">
     <span class='ocr_line' id='line_1_5' title="bbox 347 612 1943 697; baseline -0.003 -14"><span class='ocrx_word' id='word_1_18' title='bbox 347 623 819 697; x_wconf 90' lang='lat' dir='ltr'><strong>celebrationem.]</strong></span> <span class='ocrx_word' id='word_1_19' title='bbox 1941 612 1943 615; x_wconf 52' lang='grc'><em>’</em></span> 
     </span>
    </p>
   </div>
   <div class='ocr_carea' id='block_1_6' title="bbox 414 711 1927 787">
    <p class='ocr_par' dir='ltr' id='par_1_6' title="bbox 414 711 1927 787">
     <span class='ocr_line' id='line_1_6' title="bbox 414 711 1927 787; baseline -0.004 -16"><span class='ocrx_word' id='word_1_20' title='bbox 414 717 545 771; x_wconf 90' lang='lat' dir='ltr'><strong>Item</strong></span> <span class='ocrx_word' id='word_1_21' title='bbox 580 716 874 772; x_wconf 85' lang='lat' dir='ltr'><strong>vicesimus</strong></span> <span class='ocrx_word' id='word_1_22' title='bbox 907 714 1135 787; x_wconf 85' lang='lat' dir='ltr'><strong>quintus</strong></span> <span class='ocrx_word' id='word_1_23' title='bbox 1155 714 1309 776; x_wconf 81' lang='lat' dir='ltr'><strong>Iulii,</strong></span> <span class='ocrx_word' id='word_1_24' title='bbox 1338 721 1560 784; x_wconf 86' lang='lat' dir='ltr'><strong>propter</strong></span> <span class='ocrx_word' id='word_1_25' title='bbox 1588 720 1793 767; x_wconf 75' lang='lat' dir='ltr'><strong>sanctae</strong></span> <span class='ocrx_word' id='word_1_26' title='bbox 1813 711 1927 765; x_wconf 85' lang='lat' dir='ltr'><strong>An-</strong></span> 
     </span>
    </p>
   </div>
   <div class='ocr_carea' id='block_1_7' title="bbox 349 805 1675 877">
    <p class='ocr_par' dir='ltr' id='par_1_7' title="bbox 349 805 1675 877">
     <span class='ocr_line' id='line_1_7' title="bbox 349 805 1675 877; baseline -0.005 -12"><span class='ocrx_word' id='word_1_27' title='bbox 349 826 451 877; x_wconf 67' lang='lat' dir='ltr'><strong>nae,</strong></span> <span class='ocrx_word' id='word_1_28' title='bbox 486 809 676 864; x_wconf 84' lang='lat' dir='ltr'><strong>Matris</strong></span> <span class='ocrx_word' id='word_1_29' title='bbox 711 808 804 863; x_wconf 89' lang='lat' dir='ltr'><strong>Dei</strong></span> <span class='ocrx_word' id='word_1_30' title='bbox 839 807 1155 874; x_wconf 88' lang='lat' dir='ltr'><strong>Genitricis,</strong></span> <span class='ocrx_word' id='word_1_31' title='bbox 1192 805 1675 862; x_wconf 87' lang='lat' dir='ltr'><strong>obdormitionem.</strong></span> 
     </span>
    </p>
   </div>
   <div class='ocr_carea' id='block_1_8' title="bbox 413 889 1928 967">
    <p class='ocr_par' dir='ltr' id='par_1_8' title="bbox 413 889 1928 967">
     <span class='ocr_line' id='line_1_8' title="bbox 413 889 1928 967; baseline -0.007 -14"><span class='ocrx_word' id='word_1_32' title='bbox 413 899 545 955; x_wconf 85' lang='lat' dir='ltr'><strong>Item</strong></span> <span class='ocrx_word' id='word_1_33' title='bbox 585 905 775 954; x_wconf 79' lang='lat' dir='ltr'><strong>sextus</strong></span> <span class='ocrx_word' id='word_1_34' title='bbox 825 898 1092 967; x_wconf 80' lang='lat' dir='ltr'><strong>Augusti,</strong></span> <span class='ocrx_word' id='word_1_35' title='bbox 1140 905 1364 966; x_wconf 83' lang='lat' dir='ltr'><strong>propter</strong></span> <span class='ocrx_word' id='word_1_36' title='bbox 1396 892 1707 950; x_wconf 83' lang='lat' dir='ltr'><strong>Servatoris</strong></span> <span class='ocrx_word' id='word_1_37' title='bbox 1751 889 1928 946; x_wconf 89' lang='lat' dir='ltr'><strong>nostri</strong></span> 
     </span>
    </p>
   </div>
   <div class='ocr_carea' id='block_1_9' title="bbox 345 987 1318 1062">
    <p class='ocr_par' dir='ltr' id='par_1_9' title="bbox 345 987 1318 1062">
     <span class='ocr_line' id='line_1_9' title="bbox 345 987 1318 1062; baseline -0.006 -17"><span class='ocrx_word' id='word_1_38' title='bbox 345 989 471 1046; x_wconf 85' lang='lat' dir='ltr'><strong>Jesu</strong></span> <span class='ocrx_word' id='word_1_39' title='bbox 500 989 703 1062; x_wconf 81' lang='lat' dir='ltr'><strong>Christi</strong></span> <span class='ocrx_word' id='word_1_40' title='bbox 726 987 1318 1043; x_wconf 88' lang='lat' dir='ltr'><strong>Transformationem.</strong></span> 
     </span>
    </p>
   </div>
   <div class='ocr_carea' id='block_1_10' title="bbox 416 1073 1929 1149">
    <p class='ocr_par' dir='ltr' id='par_1_10' title="bbox 416 1073 1929 1149">
     <span class='ocr_line' id='line_1_10' title="bbox 416 1073 1929 1149; baseline -0.003 -16"><span class='ocrx_word' id='word_1_41' title='bbox 416 1079 549 1135; x_wconf 88' lang='lat' dir='ltr'><strong>Item</strong></span> <span class='ocrx_word' id='word_1_42' title='bbox 585 1096 789 1145; x_wconf 91' lang='lat' dir='ltr'><strong>nonus,</strong></span> <span class='ocrx_word' id='word_1_43' title='bbox 834 1087 1058 1149; x_wconf 87' lang='lat' dir='ltr'><strong>propter</strong></span> <span class='ocrx_word' id='word_1_44' title='bbox 1108 1077 1433 1133; x_wconf 83' lang='lat' dir='ltr'><strong>memoriam</strong></span> <span class='ocrx_word' id='word_1_45' title='bbox 1471 1076 1645 1131; x_wconf 87' lang='lat' dir='ltr'><strong>sancti</strong></span> <span class='ocrx_word' id='word_1_46' title='bbox 1690 1073 1929 1129; x_wconf 82' lang='lat' dir='ltr'><strong>Matthiae</strong></span> 
     </span>
    </p>
   </div>
   <div class='ocr_carea' id='block_1_11' title="bbox 342 1172 594 1243">
    <p class='ocr_par' dir='ltr' id='par_1_11' title="bbox 342 1172 594 1243">
     <span class='ocr_line' id='line_1_11' title="bbox 342 1172 594 1243; baseline -0.008 -16"><span class='ocrx_word' id='word_1_47' title='bbox 342 1172 594 1243; x_wconf 83' lang='lat' dir='ltr'><strong>apostoli.</strong></span> 
     </span>
    </p>
   </div>
   <div class='ocr_carea' id='block_1_12' title="bbox 414 1260 1928 1334">
    <p class='ocr_par' dir='ltr' id='par_1_12' title="bbox 414 1260 1928 1334">
     <span class='ocr_line' id='line_1_12' title="bbox 414 1260 1928 1334; baseline -0.005 -14"><span class='ocrx_word' id='word_1_48' title='bbox 414 1266 548 1320; x_wconf 87' lang='lat' dir='ltr'><strong>Item</strong></span> <span class='ocrx_word' id='word_1_49' title='bbox 582 1264 830 1320; x_wconf 90' lang='lat' dir='ltr'><strong>decimus</strong></span> <span class='ocrx_word' id='word_1_50' title='bbox 878 1263 1123 1334; x_wconf 82' lang='lat' dir='ltr'><strong>quintus,</strong></span> <span class='ocrx_word' id='word_1_51' title='bbox 1151 1271 1373 1331; x_wconf 80' lang='lat' dir='ltr'><strong>prOpter</strong></span> <span class='ocrx_word' id='word_1_52' title='bbox 1398 1260 1698 1331; x_wconf 81' lang='lat' dir='ltr'><strong>gloriosam</strong></span> <span class='ocrx_word' id='word_1_53' title='bbox 1724 1266 1928 1314; x_wconf 69' lang='lat' dir='ltr'><strong>sanctae</strong></span> 
     </span>
    </p>
   </div>
   <div class='ocr_carea' id='block_1_13' title="bbox 342 1356 1235 1426">
    <p class='ocr_par' dir='ltr' id='par_1_13' title="bbox 342 1356 1235 1426">
     <span class='ocr_line' id='line_1_13' title="bbox 342 1356 1235 1426; baseline -0.002 -15"><span class='ocrx_word' id='word_1_54' title='bbox 342 1359 435 1415; x_wconf 87' lang='lat' dir='ltr'><strong>Dei</strong></span> <span class='ocrx_word' id='word_1_55' title='bbox 476 1357 768 1415; x_wconf 88' lang='lat' dir='ltr'><strong>Genitricis</strong></span> <span class='ocrx_word' id='word_1_56' title='bbox 800 1356 1235 1426; x_wconf 84' lang='lat' dir='ltr'><strong>emigrationem.</strong></span> 
     </span>
    </p>
   </div>
   <div class='ocr_carea' id='block_1_14' title="bbox 416 1444 1926 1521">
    <p class='ocr_par' dir='ltr' id='par_1_14' title="bbox 416 1444 1926 1521">
     <span class='ocr_line' id='line_1_14' title="bbox 416 1444 1926 1521; baseline -0.005 -14"><span class='ocrx_word' id='word_1_57' title='bbox 416 1453 548 1508; x_wconf 91' lang='lat' dir='ltr'><strong>Item</strong></span> <span class='ocrx_word' id='word_1_58' title='bbox 583 1451 882 1507; x_wconf 82' lang='lat' dir='ltr'><strong>vicesimus</strong></span> <span class='ocrx_word' id='word_1_59' title='bbox 914 1460 1139 1521; x_wconf 88' lang='lat' dir='ltr'><strong>propter</strong></span> <span class='ocrx_word' id='word_1_60' title='bbox 1173 1447 1496 1503; x_wconf 90' lang='lat' dir='ltr'><strong>memoriam</strong></span> <span class='ocrx_word' id='word_1_61' title='bbox 1537 1444 1926 1517; x_wconf 78' lang='lat' dir='ltr'><strong>sancti_Thad-</strong></span> 
     </span>
    </p>
   </div>
   <div class='ocr_carea' id='block_1_15' title="bbox 341 1545 730 1616">
    <p class='ocr_par' dir='ltr' id='par_1_15' title="bbox 341 1545 730 1616">
     <span class='ocr_line' id='line_1_15' title="bbox 341 1545 730 1616; baseline -0.003 -15"><span class='ocrx_word' id='word_1_62' title='bbox 341 1546 441 1601; x_wconf 75' lang='grc' dir='ltr'><strong>ι]ῖεί</strong></span> <span class='ocrx_word' id='word_1_63' title='bbox 477 1545 730 1616; x_wconf 82' lang='lat' dir='ltr'><strong>apostoli.</strong></span> 
     </span>
    </p>
   </div>
   <div class='ocr_carea' id='block_1_16' title="bbox 412 1632 1923 1707">
    <p class='ocr_par' dir='ltr' id='par_1_16' title="bbox 412 1632 1923 1707">
     <span class='ocr_line' id='line_1_16' title="bbox 412 1632 1923 1707; baseline -0.005 -14"><span class='ocrx_word' id='word_1_64' title='bbox 412 1640 547 1694; x_wconf 88' lang='lat' dir='ltr'><strong>Item</strong></span> <span class='ocrx_word' id='word_1_65' title='bbox 600 1637 894 1692; x_wconf 87' lang='lat' dir='ltr'><strong>vicesimus</strong></span> <span class='ocrx_word' id='word_1_66' title='bbox 937 1643 1208 1707; x_wconf 89' lang='lat' dir='ltr'><strong>quartus,</strong></span> <span class='ocrx_word' id='word_1_67' title='bbox 1259 1642 1481 1705; x_wconf 89' lang='lat' dir='ltr'><strong>propter</strong></span> <span class='ocrx_word' id='word_1_68' title='bbox 1538 1632 1923 1689; x_wconf 66' lang='lat' dir='ltr'><strong>Bartholomaai</strong></span> 
     </span>
    </p>
   </div>
   <div class='ocr_carea' id='block_1_17' title="bbox 342 1728 1009 1803">
    <p class='ocr_par' dir='ltr' id='par_1_17' title="bbox 342 1728 1009 1803">
     <span class='ocr_line' id='line_1_17' title="bbox 342 1728 1009 1803; baseline -0.006 -16"><span class='ocrx_word' id='word_1_69' title='bbox 342 1732 576 1803; x_wconf 87' lang='lat' dir='ltr'><strong>apostoli</strong></span> <span class='ocrx_word' id='word_1_70' title='bbox 614 1728 1009 1802; x_wconf 82' lang='lat' dir='ltr'><strong>[memoriam].</strong></span> 
     </span>
    </p>
   </div>
   <div class='ocr_carea' id='block_1_18' title="bbox 414 1818 1934 1892">
    <p class='ocr_par' dir='ltr' id='par_1_18' title="bbox 414 1818 1934 1892">
     <span class='ocr_line' id='line_1_18' title="bbox 414 1818 1934 1892; baseline -0.004 -13"><span class='ocrx_word' id='word_1_71' title='bbox 414 1826 546 1880; x_wconf 89' lang='lat' dir='ltr'><strong>Item</strong></span> <span class='ocrx_word' id='word_1_72' title='bbox 572 1823 1055 1888; x_wconf 85' lang='lat' dir='ltr'><strong>undetricesimus,</strong></span> <span class='ocrx_word' id='word_1_73' title='bbox 1085 1831 1307 1892; x_wconf 88' lang='lat' dir='ltr'><strong>propter</strong></span> <span class='ocrx_word' id='word_1_74' title='bbox 1334 1820 1664 1877; x_wconf 85' lang='lat' dir='ltr'><strong>venerabilis</strong></span> <span class='ocrx_word' id='word_1_75' title='bbox 1684 1818 1934 1875; x_wconf 63' lang='lat' dir='ltr'><strong>Praacur-</strong></span> 
     </span>
    </p>
   </div>
   <div class='ocr_carea' id='block_1_19' title="bbox 346 1916 963 1981">
    <p class='ocr_par' dir='ltr' id='par_1_19' title="bbox 346 1916 963 1981">
     <span class='ocr_line' id='line_1_19' title="bbox 346 1916 963 1981; baseline -0.008 -7"><span class='ocrx_word' id='word_1_76' title='bbox 346 1919 488 1974; x_wconf 88' lang='lat' dir='ltr'><strong>soris</strong></span> <span class='ocrx_word' id='word_1_77' title='bbox 515 1916 963 1981; x_wconf 73' lang='lat' dir='ltr'><strong>Decollationem.</strong></span> 
     </span>
    </p>
   </div>
   <div class='ocr_carea' id='block_1_20' title="bbox 415 2003 1933 2079">
    <p class='ocr_par' dir='ltr' id='par_1_20' title="bbox 415 2003 1933 2079">
     <span class='ocr_line' id='line_1_20' title="bbox 415 2003 1933 2079; baseline -0.005 -15"><span class='ocrx_word' id='word_1_78' title='bbox 415 2010 577 2065; x_wconf 85' lang='lat' dir='ltr'><strong>Hisce</strong></span> <span class='ocrx_word' id='word_1_79' title='bbox 599 2009 826 2063; x_wconf 87' lang='lat' dir='ltr'><strong>omnino</strong></span> <span class='ocrx_word' id='word_1_80' title='bbox 858 2007 1065 2063; x_wconf 80' lang='lat' dir='ltr'><strong>feriatis</strong></span> <span class='ocrx_word' id='word_1_81' title='bbox 1097 2004 1337 2079; x_wconf 88' lang='lat' dir='ltr'><strong>[diebus]</strong></span> <span class='ocrx_word' id='word_1_82' title='bbox 1388 2003 1933 2061; x_wconf 88' lang='lat' dir='ltr'><strong>connumerabuntur</strong></span> 
     </span>
    </p>
   </div>
   <div class='ocr_carea' id='block_1_21' title="bbox 342 2099 1931 2171">
    <p class='ocr_par' dir='ltr' id='par_1_21' title="bbox 342 2099 1931 2171">
     <span class='ocr_line' id='line_1_21' title="bbox 342 2099 1931 2171; baseline -0.004 -14"><span class='ocrx_word' id='word_1_83' title='bbox 342 2102 663 2157; x_wconf 82' lang='lat' dir='ltr'><strong>medietatcs</strong></span> <span class='ocrx_word' id='word_1_84' title='bbox 705 2100 1196 2171; x_wconf 81' lang='lat' dir='ltr'><strong>quadragesimalis</strong></span> <span class='ocrx_word' id='word_1_85' title='bbox 1238 2099 1435 2169; x_wconf 87' lang='lat' dir='ltr'><strong>jejunii</strong></span> <span class='ocrx_word' id='word_1_86' title='bbox 1475 2107 1528 2152; x_wconf 92' lang='lat' dir='ltr'><strong>et</strong></span> <span class='ocrx_word' id='word_1_87' title='bbox 1570 2099 1931 2161; x_wconf 78' lang='lat' dir='ltr'><strong>Pentecostze,</strong></span> 
     </span>
    </p>
   </div>
   <div class='ocr_carea' id='block_1_22' title="bbox 346 2191 1934 2270">
    <p class='ocr_par' dir='ltr' id='par_1_22' title="bbox 346 2191 1934 2270">
     <span class='ocr_line' id='line_1_22' title="bbox 346 2191 1934 2270; baseline -0.004 -19"><span class='ocrx_word' id='word_1_88' title='bbox 346 2195 509 2270; x_wconf 86' lang='lat' dir='ltr'><strong>[tum]</strong></span> <span class='ocrx_word' id='word_1_89' title='bbox 542 2197 708 2250; x_wconf 87' lang='lat' dir='ltr'><strong>etiam</strong></span> <span class='ocrx_word' id='word_1_90' title='bbox 742 2195 1055 2249; x_wconf 86' lang='lat' dir='ltr'><strong>Servatoris</strong></span> <span class='ocrx_word' id='word_1_91' title='bbox 1090 2193 1433 2263; x_wconf 82' lang='lat' dir='ltr'><strong>Assumptio,</strong></span> <span class='ocrx_word' id='word_1_92' title='bbox 1459 2201 1513 2247; x_wconf 91' lang='lat' dir='ltr'><strong>et</strong></span> <span class='ocrx_word' id='word_1_93' title='bbox 1538 2206 1732 2246; x_wconf 90' lang='lat' dir='ltr'><strong>omnes</strong></span> <span class='ocrx_word' id='word_1_94' title='bbox 1766 2191 1934 2245; x_wconf 88' lang='lat' dir='ltr'><strong>totius</strong></span> 
     </span>
    </p>
   </div>
   <div class='ocr_carea' id='block_1_23' title="bbox 346 2284 1929 2354">
    <p class='ocr_par' dir='ltr' id='par_1_23' title="bbox 346 2284 1929 2354">
     <span class='ocr_line' id='line_1_23' title="bbox 346 2284 1929 2354; baseline -0.003 -13"><span class='ocrx_word' id='word_1_95' title='bbox 346 2290 474 2341; x_wconf 88' lang='lat' dir='ltr'><strong>anni</strong></span> <span class='ocrx_word' id='word_1_96' title='bbox 506 2285 774 2341; x_wconf 82' lang='lat' dir='ltr'><strong>Dominici</strong></span> <span class='ocrx_word' id='word_1_97' title='bbox 806 2286 943 2349; x_wconf 90' lang='lat' dir='ltr'><strong>dies,</strong></span> <span class='ocrx_word' id='word_1_98' title='bbox 982 2294 1040 2339; x_wconf 94' lang='lat' dir='ltr'><strong>ut</strong></span> <span class='ocrx_word' id='word_1_99' title='bbox 1090 2284 1144 2338; x_wconf 92' lang='lat' dir='ltr'><strong>in</strong></span> <span class='ocrx_word' id='word_1_100' title='bbox 1178 2284 1285 2339; x_wconf 90' lang='lat' dir='ltr'><strong>illis</strong></span> <span class='ocrx_word' id='word_1_101' title='bbox 1317 2284 1496 2339; x_wconf 91' lang='lat' dir='ltr'><strong>omnis</strong></span> <span class='ocrx_word' id='word_1_102' title='bbox 1556 2285 1613 2338; x_wconf 94' lang='lat' dir='ltr'><strong>in</strong></span> <span class='ocrx_word' id='word_1_103' title='bbox 1658 2284 1929 2354; x_wconf 87' lang='lat' dir='ltr'><strong>judicium</strong></span> 
     </span>
    </p>
   </div>
   <div class='ocr_carea' id='block_1_24' title="bbox 345 2376 1934 2447">
    <p class='ocr_par' dir='ltr' id='par_1_24' title="bbox 345 2376 1934 2447">
     <span class='ocr_line' id='line_1_24' title="bbox 345 2376 1934 2447; baseline -0.003 -14"><span class='ocrx_word' id='word_1_104' title='bbox 345 2381 527 2433; x_wconf 83' lang='lat' dir='ltr'><strong>aditus</strong></span> <span class='ocrx_word' id='word_1_105' title='bbox 589 2377 972 2447; x_wconf 65' lang='lat' dir='ltr'><strong>praecludatur,</strong></span> <span class='ocrx_word' id='word_1_106' title='bbox 1023 2391 1087 2430; x_wconf 90' lang='lat' dir='ltr'><strong>ac</strong></span> <span class='ocrx_word' id='word_1_107' title='bbox 1137 2391 1300 2431; x_wconf 90' lang='lat' dir='ltr'><strong>nemo</strong></span> <span class='ocrx_word' id='word_1_108' title='bbox 1349 2376 1617 2446; x_wconf 89' lang='lat' dir='ltr'><strong>judicium</strong></span> <span class='ocrx_word' id='word_1_109' title='bbox 1676 2376 1934 2445; x_wconf 87' lang='lat' dir='ltr'><strong>judiciale</strong></span> 
     </span>
    </p>
   </div>
   <div class='ocr_carea' id='block_1_25' title="bbox 341 2467 1932 2541">
    <p class='ocr_par' dir='ltr' id='par_1_25' title="bbox 341 2467 1932 2541">
     <span class='ocr_line' id='line_1_25' title="bbox 341 2467 1932 2541; baseline -0.001 -17"><span class='ocrx_word' id='word_1_110' title='bbox 341 2471 599 2541; x_wconf 83' lang='lat' dir='ltr'><strong>quiddam</strong></span> <span class='ocrx_word' id='word_1_111' title='bbox 629 2470 813 2523; x_wconf 88' lang='lat' dir='ltr'><strong>faciat.</strong></span> <span class='ocrx_word' id='word_1_112' title='bbox 852 2468 995 2523; x_wconf 90' lang='lat' dir='ltr'><strong>Sane</strong></span> <span class='ocrx_word' id='word_1_113' title='bbox 1024 2483 1153 2523; x_wconf 89' lang='lat' dir='ltr'><strong>vero</strong></span> <span class='ocrx_word' id='word_1_114' title='bbox 1183 2468 1275 2538; x_wconf 89' lang='lat' dir='ltr'><strong>qui</strong></span> <span class='ocrx_word' id='word_1_115' title='bbox 1309 2467 1472 2539; x_wconf 88' lang='lat' dir='ltr'><strong>[dies]</strong></span> <span class='ocrx_word' id='word_1_116' title='bbox 1503 2484 1569 2523; x_wconf 78' lang='lat' dir='ltr'><strong>ex</strong></span> <span class='ocrx_word' id='word_1_117' title='bbox 1610 2469 1932 2539; x_wconf 86' lang='lat' dir='ltr'><strong>partejudi-</strong></span> 
     </span>
    </p>
   </div>
   <div class='ocr_carea' id='block_1_26' title="bbox 340 2560 1931 2633">
    <p class='ocr_par' dir='ltr' id='par_1_26' title="bbox 340 2560 1931 2633">
     <span class='ocr_line' id='line_1_26' title="bbox 340 2560 1931 2633; baseline 0 -17"><span class='ocrx_word' id='word_1_118' title='bbox 340 2564 487 2617; x_wconf 74' lang='lat' dir='ltr'><strong>cium</strong></span> <span class='ocrx_word' id='word_1_119' title='bbox 512 2564 728 2628; x_wconf 82' lang='lat' dir='ltr'><strong>sistent,</strong></span> <span class='ocrx_word' id='word_1_120' title='bbox 762 2576 940 2633; x_wconf 89' lang='lat' dir='ltr'><strong>neque</strong></span> <span class='ocrx_word' id='word_1_121' title='bbox 972 2561 1070 2616; x_wconf 90' lang='lat' dir='ltr'><strong>toti</strong></span> <span class='ocrx_word' id='word_1_122' title='bbox 1104 2560 1200 2633; x_wconf 90' lang='lat' dir='ltr'><strong>(uti</strong></span> <span class='ocrx_word' id='word_1_123' title='bbox 1246 2570 1410 2616; x_wconf 90' lang='lat' dir='ltr'><strong>antea</strong></span> <span class='ocrx_word' id='word_1_124' title='bbox 1457 2561 1721 2631; x_wconf 81' lang='lat' dir='ltr'><strong>diximus)</strong></span> <span class='ocrx_word' id='word_1_125' title='bbox 1752 2562 1931 2617; x_wconf 82' lang='lat' dir='ltr'><strong>feriati</strong></span> 
     </span>
    </p>
   </div>
   <div class='ocr_carea' id='block_1_27' title="bbox 340 2648 871 2719">
    <p class='ocr_par' dir='ltr' id='par_1_27' title="bbox 340 2648 871 2719">
     <span class='ocr_line' id='line_1_27' title="bbox 340 2648 871 2719; baseline -0.008 -11"><span class='ocrx_word' id='word_1_126' title='bbox 340 2660 522 2719; x_wconf 87' lang='lat' dir='ltr'><strong>erunt,</strong></span> <span class='ocrx_word' id='word_1_127' title='bbox 556 2652 609 2706; x_wconf 91' lang='lat' dir='ltr'><strong>hi</strong></span> <span class='ocrx_word' id='word_1_128' title='bbox 641 2660 822 2707; x_wconf 88' lang='lat' dir='ltr'><strong>sunto.</strong></span> <span class='ocrx_word' id='word_1_129' title='bbox 864 2648 871 2655; x_wconf 85' lang='grc'><strong>’</strong></span> 
     </span>
    </p>
   </div>
   <div class='ocr_carea' id='block_1_28' title="bbox 415 2930 1927 3003">
    <p class='ocr_par' dir='ltr' id='par_1_28' title="bbox 415 2930 1927 3003">
     <span class='ocr_line' id='line_1_28' title="bbox 415 2930 1927 3003; baseline -0.001 -15"><span class='ocrx_word' id='word_1_130' title='bbox 415 2932 622 2988; x_wconf 90' lang='lat' dir='ltr'><strong>Mensis</strong></span> <span class='ocrx_word' id='word_1_131' title='bbox 658 2930 998 3001; x_wconf 89' lang='lat' dir='ltr'><strong>Septembris</strong></span> <span class='ocrx_word' id='word_1_132' title='bbox 1049 2939 1276 2997; x_wconf 83' lang='lat' dir='ltr'><strong>sextus,</strong></span> <span class='ocrx_word' id='word_1_133' title='bbox 1330 2932 1591 3002; x_wconf 89' lang='lat' dir='ltr'><strong>quoniam</strong></span> <span class='ocrx_word' id='word_1_134' title='bbox 1651 2942 1785 2989; x_wconf 91' lang='lat' dir='ltr'><strong>tunc</strong></span> <span class='ocrx_word' id='word_1_135' title='bbox 1831 2946 1927 3003; x_wconf 87' lang='lat' dir='ltr'><strong>per</strong></span> 
     </span>
    </p>
   </div>
   <div class='ocr_carea' id='block_1_29' title="bbox 342 3023 2005 3121">
    <p class='ocr_par' dir='ltr' id='par_1_29' title="bbox 342 3023 2005 3121">
     <span class='ocr_line' id='line_1_29' title="bbox 342 3023 2005 3121; baseline -0.001 -40"><span class='ocrx_word' id='word_1_136' title='bbox 342 3025 686 3081; x_wconf 86' lang='lat' dir='ltr'><strong>infundibula</strong></span> <span class='ocrx_word' id='word_1_137' title='bbox 717 3023 896 3121; x_wconf 84' lang='lat' dir='ltr'><strong>sumni</strong></span> <span class='ocrx_word' id='word_1_138' title='bbox 930 3024 1086 3079; x_wconf 88' lang='lat' dir='ltr'><strong>ducis</strong></span> <span class='ocrx_word' id='word_1_139' title='bbox 1118 3023 1398 3079; x_wconf 80' lang='lat' dir='ltr'><strong>Michaelis</strong></span> <span class='ocrx_word' id='word_1_140' title='bbox 1427 3025 1756 3081; x_wconf 89' lang='lat' dir='ltr'><strong>miraculum</strong></span> <span class='ocrx_word' id='word_1_141' title='bbox 1799 3040 1927 3096; x_wconf 88' lang='lat' dir='ltr'><strong>pro-</strong></span> <span class='ocrx_word' id='word_1_142' title='bbox 1960 3058 2005 3121; x_wconf 67' lang='grc' dir='ltr'>Ο</span> 
     </span>
    </p>
   </div>
   <div class='ocr_carea' id='block_1_30' title="bbox 339 3114 878 3185">
    <p class='ocr_par' dir='ltr' id='par_1_30' title="bbox 339 3114 878 3185">
     <span class='ocr_line' id='line_1_30' title="bbox 339 3114 878 3185; baseline -0.013 -11"><span class='ocrx_word' id='word_1_143' title='bbox 339 3119 552 3174; x_wconf 74' lang='lat' dir='ltr'><strong>diaiose</strong></span> <span class='ocrx_word' id='word_1_144' title='bbox 583 3114 878 3185; x_wconf 74' lang='lat' dir='ltr'><strong>peragitur.</strong></span> 
     </span>
    </p>
   </div>
   <div class='ocr_carea' id='block_1_31' title="bbox 412 3222 1929 3292">
    <p class='ocr_par' dir='ltr' id='par_1_31' title="bbox 412 3222 1929 3292">
     <span class='ocr_line' id='line_1_31' title="bbox 412 3222 1929 3292; baseline -0.005 -8"><span class='ocrx_word' id='word_1_145' title='bbox 412 3230 547 3284; x_wconf 90' lang='lat' dir='ltr'><strong>Item</strong></span> <span class='ocrx_word' id='word_1_146' title='bbox 586 3227 883 3283; x_wconf 84' lang='lat' dir='ltr'><strong>vicesimus</strong></span> <span class='ocrx_word' id='word_1_147' title='bbox 909 3224 1102 3280; x_wconf 90' lang='lat' dir='ltr'><strong>tertius</strong></span> <span class='ocrx_word' id='word_1_148' title='bbox 1129 3222 1403 3287; x_wconf 88' lang='lat' dir='ltr'><strong>Octobris,</strong></span> <span class='ocrx_word' id='word_1_149' title='bbox 1428 3222 1689 3292; x_wconf 90' lang='lat' dir='ltr'><strong>quoniam</strong></span> <span class='ocrx_word' id='word_1_150' title='bbox 1720 3237 1929 3278; x_wconf 90' lang='lat' dir='ltr'><strong>memo-</strong></span> 
     </span>
    </p>
   </div>
   <div class='ocr_carea' id='block_1_32' title="bbox 339 3316 1420 3377">
    <p class='ocr_par' dir='ltr' id='par_1_32' title="bbox 339 3316 1420 3377">
     <span class='ocr_line' id='line_1_32' title="bbox 339 3316 1420 3377; baseline -0.01 0"><span class='ocrx_word' id='word_1_151' title='bbox 339 3322 479 3377; x_wconf 85' lang='lat' dir='ltr'><strong>riam</strong></span> <span class='ocrx_word' id='word_1_152' title='bbox 500 3319 686 3377; x_wconf 82' lang='lat' dir='ltr'><strong>fratris</strong></span> <span class='ocrx_word' id='word_1_153' title='bbox 723 3320 813 3374; x_wconf 90' lang='lat' dir='ltr'><strong>Dci</strong></span> <span class='ocrx_word' id='word_1_154' title='bbox 838 3316 1026 3374; x_wconf 83' lang='lat' dir='ltr'><strong>Jacobi</strong></span> <span class='ocrx_word' id='word_1_155' title='bbox 1056 3316 1420 3372; x_wconf 87' lang='lat' dir='ltr'><strong>celebramus.</strong></span> 
     </span>
    </p>
   </div>
   <div class='ocr_carea' id='block_1_33' title="bbox 410 3406 1931 3480">
    <p class='ocr_par' dir='ltr' id='par_1_33' title="bbox 410 3406 1931 3480">
     <span class='ocr_line' id='line_1_33' title="bbox 410 3406 1931 3480; baseline -0.004 -13"><span class='ocrx_word' id='word_1_156' title='bbox 410 3414 541 3469; x_wconf 92' lang='lat' dir='ltr'><strong>Item</strong></span> <span class='ocrx_word' id='word_1_157' title='bbox 569 3412 868 3469; x_wconf 88' lang='lat' dir='ltr'><strong>vicesimus</strong></span> <span class='ocrx_word' id='word_1_158' title='bbox 902 3418 1112 3475; x_wconf 74' lang='lat' dir='ltr'><strong>sextus,</strong></span> <span class='ocrx_word' id='word_1_159' title='bbox 1166 3410 1294 3480; x_wconf 92' lang='lat' dir='ltr'><strong>quia</strong></span> <span class='ocrx_word' id='word_1_160' title='bbox 1319 3423 1575 3478; x_wconf 82' lang='lat' dir='ltr'><strong>magnum</strong></span> <span class='ocrx_word' id='word_1_161' title='bbox 1599 3406 1753 3462; x_wconf 89' lang='lat' dir='ltr'><strong>illum</strong></span> <span class='ocrx_word' id='word_1_162' title='bbox 1782 3422 1931 3461; x_wconf 88' lang='lat' dir='ltr'><strong>mar-</strong></span> 
     </span>
    </p>
   </div>
   <div class='ocr_carea' id='block_1_34' title="bbox 340 3501 1933 3582">
    <p class='ocr_par' dir='ltr' id='par_1_34' title="bbox 340 3501 1933 3582">
     <span class='ocr_line' id='line_1_34' title="bbox 340 3501 1933 3582; baseline -0.006 -17"><span class='ocrx_word' id='word_1_163' title='bbox 340 3521 510 3582; x_wconf 78' lang='lat' dir='ltr'><strong>tyrem</strong></span> <span class='ocrx_word' id='word_1_164' title='bbox 560 3518 613 3564; x_wconf 87' lang='lat' dir='ltr'><strong>et</strong></span> <span class='ocrx_word' id='word_1_165' title='bbox 645 3516 925 3577; x_wconf 81' lang='lat' dir='ltr'><strong>unguento</strong></span> <span class='ocrx_word' id='word_1_166' title='bbox 954 3504 1361 3574; x_wconf 47' lang='lat' dir='ltr'><strong>Lscaturientem</strong></span> <span class='ocrx_word' id='word_1_167' title='bbox 1398 3501 1662 3556; x_wconf 85' lang='lat' dir='ltr'><strong>festiviter</strong></span> <span class='ocrx_word' id='word_1_168' title='bbox 1706 3516 1933 3556; x_wconf 77' lang='lat' dir='ltr'><strong>venera-</strong></span> 
     </span>
    </p>
   </div>
   <div class='ocr_carea' id='block_1_35' title="bbox 339 3599 860 3655">
    <p class='ocr_par' dir='ltr' id='par_1_35' title="bbox 339 3599 860 3655">
     <span class='ocr_line' id='line_1_35' title="bbox 339 3599 860 3655; baseline -0.01 -1"><span class='ocrx_word' id='word_1_169' title='bbox 339 3617 465 3655; x_wconf 89' lang='lat' dir='ltr'><strong>mur</strong></span> <span class='ocrx_word' id='word_1_170' title='bbox 501 3599 860 3654; x_wconf 89' lang='lat' dir='ltr'><strong>Demetrium.</strong></span> 
     </span>
    </p>
   </div>
   <div class='ocr_carea' id='block_1_36' title="bbox 409 3707 1926 3783">
    <p class='ocr_par' dir='ltr' id='par_1_36' title="bbox 409 3707 1926 3783">
     <span class='ocr_line' id='line_1_36' title="bbox 409 3707 1926 3783; baseline -0.005 -15"><span class='ocrx_word' id='word_1_171' title='bbox 409 3715 544 3770; x_wconf 91' lang='lat' dir='ltr'><strong>Item</strong></span> <span class='ocrx_word' id='word_1_172' title='bbox 596 3714 806 3783; x_wconf 87' lang='lat' dir='ltr'><strong>primus</strong></span> <span class='ocrx_word' id='word_1_173' title='bbox 855 3709 1204 3775; x_wconf 86' lang='lat' dir='ltr'><strong>Novembris,</strong></span> <span class='ocrx_word' id='word_1_174' title='bbox 1268 3707 1416 3780; x_wconf 91' lang='lat' dir='ltr'><strong>quod</strong></span> <span class='ocrx_word' id='word_1_175' title='bbox 1470 3708 1788 3763; x_wconf 89' lang='lat' dir='ltr'><strong>miraculosi</strong></span> <span class='ocrx_word' id='word_1_176' title='bbox 1846 3707 1926 3762; x_wconf 92' lang='lat' dir='ltr'><strong>illi</strong></span> 
     </span>
    </p>
   </div>
   <div class='ocr_carea' id='block_1_37' title="bbox 338 3802 1818 3880">
    <p class='ocr_par' dir='ltr' id='par_1_37' title="bbox 338 3802 1818 3880">
     <span class='ocr_line' id='line_1_37' title="bbox 338 3802 1818 3880; baseline -0.005 -15"><span class='ocrx_word' id='word_1_177' title='bbox 338 3822 626 3880; x_wconf 85' lang='lat' dir='ltr'><strong>pauperes,</strong></span> <span class='ocrx_word' id='word_1_178' title='bbox 655 3807 886 3862; x_wconf 88' lang='lat' dir='ltr'><strong>Cosmas</strong></span> <span class='ocrx_word' id='word_1_179' title='bbox 914 3813 969 3859; x_wconf 91' lang='lat' dir='ltr'><strong>et</strong></span> <span class='ocrx_word' id='word_1_180' title='bbox 1005 3804 1306 3859; x_wconf 88' lang='lat' dir='ltr'><strong>Damianus</strong></span> <span class='ocrx_word' id='word_1_181' title='bbox 1331 3802 1524 3858; x_wconf 89' lang='lat' dir='ltr'><strong>festive</strong></span> <span class='ocrx_word' id='word_1_182' title='bbox 1546 3803 1818 3858; x_wconf 85' lang='lat' dir='ltr'><strong>colantur.</strong></span> 
     </span>
    </p>
   </div>
   <div class='ocr_carea' id='block_1_38' title="bbox 412 3893 1924 3967">
    <p class='ocr_par' dir='ltr' id='par_1_38' title="bbox 412 3893 1924 3967">
     <span class='ocr_line' id='line_1_38' title="bbox 412 3893 1924 3967; baseline -0.004 -12"><span class='ocrx_word' id='word_1_183' title='bbox 412 3901 547 3955; x_wconf 91' lang='lat' dir='ltr'><strong>Item</strong></span> <span class='ocrx_word' id='word_1_184' title='bbox 576 3909 825 3963; x_wconf 89' lang='lat' dir='ltr'><strong>octavus,</strong></span> <span class='ocrx_word' id='word_1_185' title='bbox 851 3897 993 3967; x_wconf 91' lang='lat' dir='ltr'><strong>quod</strong></span> <span class='ocrx_word' id='word_1_186' title='bbox 1027 3905 1330 3952; x_wconf 89' lang='lat' dir='ltr'><strong>conventus</strong></span> <span class='ocrx_word' id='word_1_187' title='bbox 1361 3893 1745 3951; x_wconf 85' lang='lat' dir='ltr'><strong>defunctorum</strong></span> <span class='ocrx_word' id='word_1_188' title='bbox 1781 3895 1924 3949; x_wconf 81' lang='lat' dir='ltr'><strong>cele-</strong></span> 
     </span>
    </p>
   </div>
   <div class='ocr_carea' id='block_1_39' title="bbox 337 3994 1121 4049">
    <p class='ocr_par' dir='ltr' id='par_1_39' title="bbox 337 3994 1121 4049">
     <span class='ocr_line' id='line_1_39' title="bbox 337 3994 1121 4049; baseline -0.013 0"><span class='ocrx_word' id='word_1_189' title='bbox 337 3994 547 4049; x_wconf 90' lang='lat' dir='ltr'><strong>bretur.</strong></span> <span class='ocrx_word' id='word_1_190' title='bbox 1116 4034 1121 4039; x_wconf 87' lang='lat'><strong>.</strong></span> 
     </span>
    </p>
   </div>
   <div class='ocr_carea' id='block_1_40' title="bbox 409 4081 1925 4153">
    <p class='ocr_par' dir='ltr' id='par_1_40' title="bbox 409 4081 1925 4153">
     <span class='ocr_line' id='line_1_40' title="bbox 409 4081 1925 4153; baseline -0.005 -11"><span class='ocrx_word' id='word_1_191' title='bbox 409 4087 544 4143; x_wconf 90' lang='lat' dir='ltr'><strong>Item</strong></span> <span class='ocrx_word' id='word_1_192' title='bbox 599 4084 1117 4149; x_wconf 87' lang='lat' dir='ltr'><strong>duodetricesimus,</strong></span> <span class='ocrx_word' id='word_1_193' title='bbox 1159 4081 1305 4153; x_wconf 89' lang='lat' dir='ltr'><strong>quod</strong></span> <span class='ocrx_word' id='word_1_194' title='bbox 1356 4091 1581 4137; x_wconf 88' lang='lat' dir='ltr'><strong>sanctus</strong></span> <span class='ocrx_word' id='word_1_195' title='bbox 1615 4081 1925 4152; x_wconf 88' lang='lat' dir='ltr'><strong>Stephanus</strong></span> 
     </span>
    </p>
   </div>
   <div class='ocr_carea' id='block_1_41' title="bbox 340 4178 1114 4251">
    <p class='ocr_par' dir='ltr' id='par_1_41' title="bbox 340 4178 1114 4251">
     <span class='ocr_line' id='line_1_41' title="bbox 340 4178 1114 4251; baseline -0.009 -15"><span class='ocrx_word' id='word_1_196' title='bbox 340 4189 543 4250; x_wconf 76' lang='lat' dir='ltr'><strong>martyr</strong></span> <span class='ocrx_word' id='word_1_197' title='bbox 571 4180 759 4251; x_wconf 86' lang='lat' dir='ltr'><strong>junior</strong></span> <span class='ocrx_word' id='word_1_198' title='bbox 789 4178 1114 4234; x_wconf 88' lang='lat' dir='ltr'><strong>celebretur.</strong></span> 
     </span>
    </p>
   </div>
   <div class='ocr_carea' id='block_1_42' title="bbox 409 4290 1925 4362">
    <p class='ocr_par' dir='ltr' id='par_1_42' title="bbox 409 4290 1925 4362">
     <span class='ocr_line' id='line_1_42' title="bbox 409 4290 1925 4362; baseline -0.005 -12"><span class='ocrx_word' id='word_1_199' title='bbox 409 4296 541 4350; x_wconf 91' lang='lat' dir='ltr'><strong>Item</strong></span> <span class='ocrx_word' id='word_1_200' title='bbox 594 4303 824 4362; x_wconf 85' lang='lat' dir='ltr'><strong>quartus</strong></span> <span class='ocrx_word' id='word_1_201' title='bbox 868 4291 1224 4358; x_wconf 90' lang='lat' dir='ltr'><strong>Decembris,</strong></span> <span class='ocrx_word' id='word_1_202' title='bbox 1273 4290 1328 4345; x_wconf 92' lang='lat' dir='ltr'><strong>in</strong></span> <span class='ocrx_word' id='word_1_203' title='bbox 1378 4290 1646 4345; x_wconf 91' lang='lat' dir='ltr'><strong>honorem</strong></span> <span class='ocrx_word' id='word_1_204' title='bbox 1694 4290 1925 4361; x_wconf 66' lang='lat' dir='ltr'><strong>egregia:</strong></span> 
     </span>
    </p>
   </div>
   <div class='ocr_carea' id='block_1_43' title="bbox 339 4386 903 4459">
    <p class='ocr_par' dir='ltr' id='par_1_43' title="bbox 339 4386 903 4459">
     <span class='ocr_line' id='line_1_43' title="bbox 339 4386 903 4459; baseline -0.009 -15"><span class='ocrx_word' id='word_1_205' title='bbox 339 4387 599 4459; x_wconf 88' lang='lat' dir='ltr'><strong>martyris</strong></span> <span class='ocrx_word' id='word_1_206' title='bbox 629 4386 804 4441; x_wconf 85' lang='lat' dir='ltr'><strong>Barba</strong></span> <span class='ocrx_word' id='word_1_207' title='bbox 814 4400 903 4439; x_wconf 67' lang='lat' dir='ltr'><strong>rae.</strong></span> 
     </span>
    </p>
   </div>
   <div class='ocr_carea' id='block_1_44' title="bbox 410 4473 1931 4541">
    <p class='ocr_par' dir='ltr' id='par_1_44' title="bbox 410 4473 1931 4541">
     <span class='ocr_line' id='line_1_44' title="bbox 410 4473 1931 4541; baseline -0.005 -7"><span class='ocrx_word' id='word_1_208' title='bbox 410 4480 545 4534; x_wconf 90' lang='lat' dir='ltr'><strong>Item</strong></span> <span class='ocrx_word' id='word_1_209' title='bbox 595 4486 805 4541; x_wconf 74' lang='lat' dir='ltr'><strong>sextus,</strong></span> <span class='ocrx_word' id='word_1_210' title='bbox 838 4476 891 4529; x_wconf 93' lang='lat' dir='ltr'><strong>in</strong></span> <span class='ocrx_word' id='word_1_211' title='bbox 942 4477 1205 4529; x_wconf 84' lang='lat' dir='ltr'><strong>honorem</strong></span> <span class='ocrx_word' id='word_1_212' title='bbox 1254 4475 1541 4530; x_wconf 85' lang='lat' dir='ltr'><strong>miraculis</strong></span> <span class='ocrx_word' id='word_1_213' title='bbox 1574 4473 1803 4530; x_wconf 84' lang='lat' dir='ltr'><strong>celebris</strong></span> <span class='ocrx_word' id='word_1_214' title='bbox 1835 4490 1931 4527; x_wconf 84' lang='lat' dir='ltr'><strong>un-</strong></span> 
     </span>
    </p>
   </div>
   <div class='ocr_carea' id='block_1_45' title="bbox 341 4568 1295 4645">
    <p class='ocr_par' dir='ltr' id='par_1_45' title="bbox 341 4568 1295 4645">
     <span class='ocr_line' id='line_1_45' title="bbox 341 4568 1295 4645; baseline -0.001 -20"><span class='ocrx_word' id='word_1_215' title='bbox 341 4582 649 4645; x_wconf 77' lang='lat' dir='ltr'><strong>guentoque</strong></span> <span class='ocrx_word' id='word_1_216' title='bbox 678 4570 1029 4626; x_wconf 89' lang='lat' dir='ltr'><strong>scaturientis</strong></span> <span class='ocrx_word' id='word_1_217' title='bbox 1063 4568 1295 4625; x_wconf 84' lang='lat' dir='ltr'><strong>Nicolai.</strong></span> 
     </span>
    </p>
   </div>
   <div class='ocr_carea' id='block_1_46' title="bbox 424 4679 1932 4753">
    <p class='ocr_par' dir='ltr' id='par_1_46' title="bbox 424 4679 1932 4753">
     <span class='ocr_line' id='line_1_46' title="bbox 424 4679 1932 4753; baseline -0.003 -14"><span class='ocrx_word' id='word_1_218' title='bbox 424 4684 553 4739; x_wconf 91' lang='lat' dir='ltr'><strong>Item</strong></span> <span class='ocrx_word' id='word_1_219' title='bbox 582 4683 825 4738; x_wconf 85' lang='lat' dir='ltr'><strong>decimus</strong></span> <span class='ocrx_word' id='word_1_220' title='bbox 850 4680 1118 4749; x_wconf 83' lang='lat' dir='ltr'><strong>Januarii,</strong></span> <span class='ocrx_word' id='word_1_221' title='bbox 1154 4682 1208 4736; x_wconf 90' lang='lat' dir='ltr'><strong>in</strong></span> <span class='ocrx_word' id='word_1_222' title='bbox 1232 4682 1497 4737; x_wconf 91' lang='lat' dir='ltr'><strong>honorem</strong></span> <span class='ocrx_word' id='word_1_223' title='bbox 1527 4679 1697 4737; x_wconf 83' lang='lat' dir='ltr'><strong>divini</strong></span> <span class='ocrx_word' id='word_1_224' title='bbox 1732 4680 1932 4753; x_wconf 78' lang='lat' dir='ltr'><strong>Grego-</strong></span> 
     </span>
    </p>
   </div>
   <div class='ocr_carea' id='block_1_47' title="bbox 342 4774 715 4849">
    <p class='ocr_par' dir='ltr' id='par_1_47' title="bbox 342 4774 715 4849">
     <span class='ocr_line' id='line_1_47' title="bbox 342 4774 715 4849; baseline -0.003 -19"><span class='ocrx_word' id='word_1_225' title='bbox 342 4776 406 4830; x_wconf 90' lang='lat' dir='ltr'><strong>rii</strong></span> <span class='ocrx_word' id='word_1_226' title='bbox 437 4774 691 4849; x_wconf 84' lang='lat' dir='ltr'><strong>Nysseni.</strong></span> <span class='ocrx_word' id='word_1_227' title='bbox 714 4798 715 4805; x_wconf 54' lang='grc' dir='ltr'><strong>η</strong></span> 
     </span>
    </p>
   </div>
   <div class='ocr_carea' id='block_1_48' title="bbox 412 4867 1933 4940">
    <p class='ocr_par' dir='ltr' id='par_1_48' title="bbox 412 4867 1933 4940">
     <span class='ocr_line' id='line_1_48' title="bbox 412 4867 1933 4940; baseline -0.003 -17"><span class='ocrx_word' id='word_1_228' title='bbox 412 4870 542 4923; x_wconf 90' lang='lat' dir='ltr'><strong>Item</strong></span> <span class='ocrx_word' id='word_1_229' title='bbox 580 4868 825 4924; x_wconf 87' lang='lat' dir='ltr'><strong>decimus</strong></span> <span class='ocrx_word' id='word_1_230' title='bbox 850 4878 1060 4934; x_wconf 81' lang='lat' dir='ltr'><strong>sextus,</strong></span> <span class='ocrx_word' id='word_1_231' title='bbox 1099 4877 1318 4940; x_wconf 85' lang='lat' dir='ltr'><strong>pr0pter</strong></span> <span class='ocrx_word' id='word_1_232' title='bbox 1349 4867 1735 4923; x_wconf 86' lang='lat' dir='ltr'><strong>Adorationem</strong></span> <span class='ocrx_word' id='word_1_233' title='bbox 1767 4879 1933 4919; x_wconf 79' lang='lat' dir='ltr'><strong>vene-</strong></span> 
     </span>
    </p>
   </div>
   <div class='ocr_carea' id='block_1_49' title="bbox 340 4960 1872 5036">
    <p class='ocr_par' dir='ltr' id='par_1_49' title="bbox 340 4960 1872 5036">
     <span class='ocr_line' id='line_1_49' title="bbox 340 4960 1872 5036; baseline -0.004 -17"><span class='ocrx_word' id='word_1_234' title='bbox 340 4965 591 5020; x_wconf 72' lang='lat' dir='ltr'><strong>rabilium</strong></span> <span class='ocrx_word' id='word_1_235' title='bbox 622 4960 887 5036; x_wconf 84' lang='lat' dir='ltr'><strong>principis</strong></span> <span class='ocrx_word' id='word_1_236' title='bbox 921 4964 1295 5033; x_wconf 89' lang='lat' dir='ltr'><strong>apostolorum</strong></span> <span class='ocrx_word' id='word_1_237' title='bbox 1324 4962 1469 5016; x_wconf 89' lang='lat' dir='ltr'><strong>Petri</strong></span> <span class='ocrx_word' id='word_1_238' title='bbox 1505 4962 1872 5016; x_wconf 88' lang='lat' dir='ltr'><strong>vinculorum.</strong></span> 
     </span>
    </p>
   </div>
   <div class='ocr_carea' id='block_1_50' title="bbox 410 5055 1929 5127">
    <p class='ocr_par' dir='ltr' id='par_1_50' title="bbox 410 5055 1929 5127">
     <span class='ocr_line' id='line_1_50' title="bbox 410 5055 1929 5127; baseline -0.005 -16"><span class='ocrx_word' id='word_1_239' title='bbox 410 5057 537 5113; x_wconf 90' lang='lat' dir='ltr'><strong>Item</strong></span> <span class='ocrx_word' id='word_1_240' title='bbox 562 5060 807 5117; x_wconf 90' lang='lat' dir='ltr'><strong>decimus</strong></span> <span class='ocrx_word' id='word_1_241' title='bbox 832 5076 1029 5123; x_wconf 89' lang='lat' dir='ltr'><strong>nonus,</strong></span> <span class='ocrx_word' id='word_1_242' title='bbox 1071 5066 1288 5127; x_wconf 88' lang='lat' dir='ltr'><strong>propter</strong></span> <span class='ocrx_word' id='word_1_243' title='bbox 1321 5055 1810 5126; x_wconf 77' lang='lat' dir='ltr'><strong>Reeuperationcm</strong></span> <span class='ocrx_word' id='word_1_244' title='bbox 1839 5068 1929 5105; x_wconf 75' lang='lat' dir='ltr'><strong>ve-</strong></span> 
     </span>
    </p>
   </div>
   <div class='ocr_carea' id='block_1_51' title="bbox 336 5149 1447 5224">
    <p class='ocr_par' dir='ltr' id='par_1_51' title="bbox 336 5149 1447 5224">
     <span class='ocr_line' id='line_1_51' title="bbox 336 5149 1447 5224; baseline -0.004 -18"><span class='ocrx_word' id='word_1_245' title='bbox 336 5154 597 5209; x_wconf 88' lang='lat' dir='ltr'><strong>nerabilis</strong></span> <span class='ocrx_word' id='word_1_246' title='bbox 627 5152 867 5209; x_wconf 82' lang='lat' dir='ltr'><strong>defuncti</strong></span> <span class='ocrx_word' id='word_1_247' title='bbox 889 5152 1137 5224; x_wconf 83' lang='lat' dir='ltr'><strong>Gregorii</strong></span> <span class='ocrx_word' id='word_1_248' title='bbox 1164 5149 1447 5221; x_wconf 79' lang='lat' dir='ltr'><strong>Theologi.</strong></span> 
     </span>
    </p>
   </div>
   <div class='ocr_carea' id='block_1_52' title="bbox 406 5239 1927 5314">
    <p class='ocr_par' dir='ltr' id='par_1_52' title="bbox 406 5239 1927 5314">
     <span class='ocr_line' id='line_1_52' title="bbox 406 5239 1927 5314; baseline -0.005 -15"><span class='ocrx_word' id='word_1_249' title='bbox 406 5245 538 5300; x_wconf 91' lang='lat' dir='ltr'><strong>Item</strong></span> <span class='ocrx_word' id='word_1_250' title='bbox 559 5246 854 5300; x_wconf 88' lang='lat' dir='ltr'><strong>vicesimus</strong></span> <span class='ocrx_word' id='word_1_251' title='bbox 876 5246 1163 5314; x_wconf 90' lang='lat' dir='ltr'><strong>septimus,</strong></span> <span class='ocrx_word' id='word_1_252' title='bbox 1198 5251 1418 5311; x_wconf 76' lang='lat' dir='ltr'><strong>propter</strong></span> <span class='ocrx_word' id='word_1_253' title='bbox 1435 5239 1927 5309; x_wconf 82' lang='lat' dir='ltr'><strong>Recnperationcm</strong></span> 
     </span>
    </p>
   </div>
   <div class='ocr_carea' id='block_1_53' title="bbox 337 5334 1606 5409">
    <p class='ocr_par' dir='ltr' id='par_1_53' title="bbox 337 5334 1606 5409">
     <span class='ocr_line' id='line_1_53' title="bbox 337 5334 1606 5409; baseline -0.003 -18"><span class='ocrx_word' id='word_1_254' title='bbox 337 5340 772 5394; x_wconf 79' lang='lat' dir='ltr'><strong>vcncrandarum</strong></span> <span class='ocrx_word' id='word_1_255' title='bbox 810 5339 1165 5409; x_wconf 83' lang='lat' dir='ltr'><strong>reliquiarum</strong></span> <span class='ocrx_word' id='word_1_256' title='bbox 1196 5334 1606 5406; x_wconf 80' lang='lat' dir='ltr'><strong>Chrysostomi.</strong></span> 
     </span>
    </p>
   </div>
   <div class='ocr_carea' id='block_1_54' title="bbox 410 5426 1923 5503">
    <p class='ocr_par' dir='ltr' id='par_1_54' title="bbox 410 5426 1923 5503">
     <span class='ocr_line' id='line_1_54' title="bbox 410 5426 1923 5503; baseline -0.003 -18"><span class='ocrx_word' id='word_1_257' title='bbox 410 5431 541 5486; x_wconf 84' lang='lat' dir='ltr'><strong>Item</strong></span> <span class='ocrx_word' id='word_1_258' title='bbox 577 5434 842 5503; x_wconf 87' lang='lat' dir='ltr'><strong>septimus</strong></span> <span class='ocrx_word' id='word_1_259' title='bbox 876 5430 1185 5492; x_wconf 78' lang='lat' dir='ltr'><strong>Februarii,</strong></span> <span class='ocrx_word' id='word_1_260' title='bbox 1219 5429 1274 5483; x_wconf 91' lang='lat' dir='ltr'><strong>in</strong></span> <span class='ocrx_word' id='word_1_261' title='bbox 1336 5434 1601 5482; x_wconf 83' lang='lat' dir='ltr'><strong>honorem</strong></span> <span class='ocrx_word' id='word_1_262' title='bbox 1652 5426 1923 5499; x_wconf 79' lang='lat' dir='ltr'><strong>magnifici</strong></span> 
     </span>
    </p>
   </div>
   <div class='ocr_carea' id='block_1_55' title="bbox 339 5524 1455 5597">
    <p class='ocr_par' dir='ltr' id='par_1_55' title="bbox 339 5524 1455 5597">
     <span class='ocr_line' id='line_1_55' title="bbox 339 5524 1455 5597; baseline -0.001 -17"><span class='ocrx_word' id='word_1_263' title='bbox 339 5528 613 5597; x_wconf 76' lang='lat' dir='ltr'><strong>martyris,</strong></span> <span class='ocrx_word' id='word_1_264' title='bbox 644 5527 798 5583; x_wconf 87' lang='lat' dir='ltr'><strong>ducis</strong></span> <span class='ocrx_word' id='word_1_265' title='bbox 826 5527 1119 5592; x_wconf 80' lang='lat' dir='ltr'><strong>exercitus,</strong></span> <span class='ocrx_word' id='word_1_266' title='bbox 1156 5524 1455 5579; x_wconf 88' lang='lat' dir='ltr'><strong>Theodori.</strong></span> 
     </span>
    </p>
   </div>
   <div class='ocr_carea' id='block_1_56' title="bbox 420 5616 1921 5690">
    <p class='ocr_par' dir='ltr' id='par_1_56' title="bbox 420 5616 1921 5690">
     <span class='ocr_line' id='line_1_56' title="bbox 420 5616 1921 5690; baseline -0.002 -19"><span class='ocrx_word' id='word_1_267' title='bbox 420 5620 548 5674; x_wconf 86' lang='lat' dir='ltr'><strong>Item</strong></span> <span class='ocrx_word' id='word_1_268' title='bbox 580 5619 827 5674; x_wconf 86' lang='lat' dir='ltr'><strong>decimus</strong></span> <span class='ocrx_word' id='word_1_269' title='bbox 856 5620 1143 5690; x_wconf 86' lang='lat' dir='ltr'><strong>septimus,</strong></span> <span class='ocrx_word' id='word_1_270' title='bbox 1178 5618 1230 5673; x_wconf 90' lang='lat' dir='ltr'><strong>in</strong></span> <span class='ocrx_word' id='word_1_271' title='bbox 1265 5618 1528 5673; x_wconf 88' lang='lat' dir='ltr'><strong>honorem</strong></span> <span class='ocrx_word' id='word_1_272' title='bbox 1555 5616 1793 5687; x_wconf 69' lang='lat' dir='ltr'><strong>praemiis</strong></span> <span class='ocrx_word' id='word_1_273' title='bbox 1825 5616 1921 5669; x_wconf 88' lang='lat' dir='ltr'><strong>de-</strong></span> 
     </span>
    </p>
   </div>
   <div class='ocr_carea' id='block_1_57' title="bbox 340 5711 1060 5769">
    <p class='ocr_par' dir='ltr' id='par_1_57' title="bbox 340 5711 1060 5769">
     <span class='ocr_line' id='line_1_57' title="bbox 340 5711 1060 5769; baseline 0.006 -7"><span class='ocrx_word' id='word_1_274' title='bbox 340 5712 510 5767; x_wconf 87' lang='lat' dir='ltr'><strong>corati</strong></span> <span class='ocrx_word' id='word_1_275' title='bbox 541 5711 816 5768; x_wconf 87' lang='lat' dir='ltr'><strong>Theodori</strong></span> <span class='ocrx_word' id='word_1_276' title='bbox 844 5714 1060 5769; x_wconf 84' lang='lat' dir='ltr'><strong>tironis.</strong></span> 
     </span>
    </p>
   </div>
   <div class='ocr_carea' id='block_1_58' title="bbox 1495 224 2456 292">
    <p class='ocr_par' dir='ltr' id='par_1_58' title="bbox 1495 224 2456 292">
     <span class='ocr_line' id='line_1_58' title="bbox 1495 224 2456 292; baseline -0.004 0"><span class='ocrx_word' id='word_1_277' title='bbox 1495 232 1692 292; x_wconf 87' lang='lat' dir='ltr'><strong>PIIOT</strong></span> <span class='ocrx_word' id='word_1_278' title='bbox 1700 229 1756 288; x_wconf 91' lang='grc' dir='ltr'>ΙΙ</span> <span class='ocrx_word' id='word_1_279' title='bbox 1796 224 2302 287; x_wconf 60' lang='lat' dir='ltr'><strong>PATRIARCHXE</strong></span> <span class='ocrx_word' id='word_1_280' title='bbox 2347 227 2456 288; x_wconf 78' lang='grc' dir='ltr'>ΟΡ.</span> 
     </span>
    </p>
   </div>
   <div class='ocr_carea' id='block_1_59' title="bbox 3482 229 3604 293">
    <p class='ocr_par' dir='ltr' id='par_1_59' title="bbox 3482 229 3604 293">
     <span class='ocr_line' id='line_1_59' title="bbox 3482 229 3604 293; baseline 0.025 -3"><span class='ocrx_word' id='word_1_281' title='bbox 3482 229 3604 293; x_wconf 79' lang='lat'><strong>1072</strong></span> 
     </span>
    </p>
   </div>
   <div class='ocr_carea' id='block_1_60' title="bbox 2132 335 3607 408">
    <p class='ocr_par' dir='ltr' id='par_1_60' title="bbox 2132 335 3607 408">
     <span class='ocr_line' id='line_1_60' title="bbox 2132 335 3607 408; baseline 0.001 -19"><span class='ocrx_word' id='word_1_282' title='bbox 2132 337 2194 389; x_wconf 86' lang='grc' dir='ltr'><strong>Ἦ</strong></span> <span class='ocrx_word' id='word_1_283' title='bbox 2230 335 2313 390; x_wconf 85' lang='grc' dir='ltr'>κθ¹</span> <span class='ocrx_word' id='word_1_284' title='bbox 2336 335 2421 390; x_wconf 83' lang='grc' dir='ltr'><strong>διὰ</strong></span> <span class='ocrx_word' id='word_1_285' title='bbox 2445 336 2547 408; x_wconf 85' lang='grc' dir='ltr'>τὴν</span> <span class='ocrx_word' id='word_1_286' title='bbox 2569 336 2662 391; x_wconf 69' lang='grc' dir='ltr'><strong>ἐπὶ</strong></span> <span class='ocrx_word' id='word_1_287' title='bbox 2691 337 2804 399; x_wconf 82' lang='grc' dir='ltr'>τοῖς</span> <span class='ocrx_word' id='word_1_288' title='bbox 2833 336 3152 407; x_wconf 70' lang='grc' dir='ltr'>κορυφαίοις</span> <span class='ocrx_word' id='word_1_289' title='bbox 3179 335 3283 386; x_wconf 80' lang='grc' dir='ltr'><strong>τῶν</strong></span> <span class='ocrx_word' id='word_1_290' title='bbox 3318 336 3607 391; x_wconf 82' lang='grc' dir='ltr'>ἀποστόλων</span> 
     </span>
    </p>
   </div>
   <div class='ocr_carea' id='block_1_61' title="bbox 2038 425 2990 497">
    <p class='ocr_par' dir='ltr' id='par_1_61' title="bbox 2038 425 2990 497">
     <span class='ocr_line' id='line_1_61' title="bbox 2038 425 2990 497; baseline -0.004 -16"><span class='ocrx_word' id='word_1_291' title='bbox 2038 425 2246 497; x_wconf 81' lang='grc' dir='ltr'><strong>Πέτρου</strong></span> <span class='ocrx_word' id='word_1_292' title='bbox 2277 426 2372 481; x_wconf 69' lang='grc' dir='ltr'><strong>καὶ</strong></span> <span class='ocrx_word' id='word_1_293' title='bbox 2408 426 2624 481; x_wconf 85' lang='grc' dir='ltr'>Παύλου</span> <span class='ocrx_word' id='word_1_294' title='bbox 2663 427 2990 497; x_wconf 88' lang='grc' dir='ltr'>πανήγυριν.</span> 
     </span>
    </p>
   </div>
   <div class='ocr_carea' id='block_1_62' title="bbox 2104 517 2986 591">
    <p class='ocr_par' dir='ltr' id='par_1_62' title="bbox 2104 517 2986 591">
     <span class='ocr_line' id='line_1_62' title="bbox 2104 517 2986 591; baseline 0.001 -19"><span class='ocrx_word' id='word_1_295' title='bbox 2104 520 2217 573; x_wconf 98' lang='lat' dir='ltr'><strong>Kal</strong></span> <span class='ocrx_word' id='word_1_296' title='bbox 2244 521 2278 591; x_wconf 79' lang='grc' dir='ltr'><strong>ἡ</strong></span> <span class='ocrx_word' id='word_1_297' title='bbox 2304 518 2347 573; x_wconf 89' lang='grc' dir='ltr'>λ’</span> <span class='ocrx_word' id='word_1_298' title='bbox 2373 518 2463 574; x_wconf 85' lang='grc' dir='ltr'><strong>διὰ</strong></span> <span class='ocrx_word' id='word_1_299' title='bbox 2495 518 2597 591; x_wconf 82' lang='grc' dir='ltr'>τὴν</span> <span class='ocrx_word' id='word_1_300' title='bbox 2626 520 2721 574; x_wconf 69' lang='grc' dir='ltr'><strong>ἐπὶ</strong></span> <span class='ocrx_word' id='word_1_301' title='bbox 2754 522 2867 583; x_wconf 85' lang='grc' dir='ltr'>τοῖς</span> <span class='ocrx_word' id='word_1_302' title='bbox 2896 517 2986 589; x_wconf 83' lang='grc' dir='ltr'>ιβ’.</span> 
     </span>
    </p>
   </div>
   <div class='ocr_carea' id='block_1_63' title="bbox 2116 708 3609 783">
    <p class='ocr_par' dir='ltr' id='par_1_63' title="bbox 2116 708 3609 783">
     <span class='ocr_line' id='line_1_63' title="bbox 2116 708 3609 783; baseline 0.001 -21"><span class='ocrx_word' id='word_1_303' title='bbox 2116 708 2182 762; x_wconf 86' lang='grc' dir='ltr'><strong>Ἦ</strong></span> <span class='ocrx_word' id='word_1_304' title='bbox 2225 708 2324 775; x_wconf 85' lang='grc' dir='ltr'>κε’,</span> <span class='ocrx_word' id='word_1_305' title='bbox 2356 708 2450 762; x_wconf 83' lang='grc' dir='ltr'>τοῦ</span> <span class='ocrx_word' id='word_1_306' title='bbox 2485 709 2707 764; x_wconf 80' lang='grc' dir='ltr'>Ἰουλίου</span> <span class='ocrx_word' id='word_1_307' title='bbox 2736 708 2824 763; x_wconf 87' lang='grc' dir='ltr'><strong>διὰ</strong></span> <span class='ocrx_word' id='word_1_308' title='bbox 2857 710 2957 780; x_wconf 81' lang='grc' dir='ltr'><strong>τὴν</strong></span> <span class='ocrx_word' id='word_1_309' title='bbox 2981 709 3081 781; x_wconf 80' lang='grc' dir='ltr'>τῆς</span> <span class='ocrx_word' id='word_1_310' title='bbox 3110 708 3273 779; x_wconf 83' lang='grc' dir='ltr'><strong>ἁγίας</strong></span> <span class='ocrx_word' id='word_1_311' title='bbox 3305 711 3496 783; x_wconf 83' lang='grc' dir='ltr'>’Δννης</span> <span class='ocrx_word' id='word_1_312' title='bbox 3518 713 3609 783; x_wconf 76' lang='grc' dir='ltr'>τῆς</span> 
     </span>
    </p>
   </div>
   <div class='ocr_carea' id='block_1_64' title="bbox 2035 800 3059 873">
    <p class='ocr_par' dir='ltr' id='par_1_64' title="bbox 2035 800 3059 873">
     <span class='ocr_line' id='line_1_64' title="bbox 2035 800 3059 873; baseline 0.004 -19"><span class='ocrx_word' id='word_1_313' title='bbox 2035 800 2242 873; x_wconf 77' lang='grc' dir='ltr'>μητρὸς</span> <span class='ocrx_word' id='word_1_314' title='bbox 2271 802 2371 873; x_wconf 79' lang='grc' dir='ltr'>τῆς</span> <span class='ocrx_word' id='word_1_315' title='bbox 2399 801 2741 872; x_wconf 85' lang='grc' dir='ltr'>Θεομήτορος</span> <span class='ocrx_word' id='word_1_316' title='bbox 2780 801 3059 873; x_wconf 86' lang='grc' dir='ltr'>κοίμησιν.</span> 
     </span>
    </p>
   </div>
   <div class='ocr_carea' id='block_1_65' title="bbox 2116 894 3616 969">
    <p class='ocr_par' dir='ltr' id='par_1_65' title="bbox 2116 894 3616 969">
     <span class='ocr_line' id='line_1_65' title="bbox 2116 894 3616 969; baseline 0.003 -22"><span class='ocrx_word' id='word_1_317' title='bbox 2116 895 2183 948; x_wconf 86' lang='grc' dir='ltr'>Ἡ</span> <span class='ocrx_word' id='word_1_318' title='bbox 2216 902 2269 961; x_wconf 80' lang='grc' dir='ltr'>ς’</span> <span class='ocrx_word' id='word_1_319' title='bbox 2291 894 2384 948; x_wconf 85' lang='grc' dir='ltr'>τοῦ</span> <span class='ocrx_word' id='word_1_320' title='bbox 2415 894 2726 964; x_wconf 81' lang='grc' dir='ltr'><strong>Αὐγούστου</strong></span> <span class='ocrx_word' id='word_1_321' title='bbox 2754 895 2845 949; x_wconf 85' lang='grc' dir='ltr'><strong>διὰ</strong></span> <span class='ocrx_word' id='word_1_322' title='bbox 2889 896 2990 967; x_wconf 80' lang='grc' dir='ltr'><strong>τὴν</strong></span> <span class='ocrx_word' id='word_1_323' title='bbox 3029 895 3126 950; x_wconf 79' lang='grc' dir='ltr'><strong>τοῦ</strong></span> <span class='ocrx_word' id='word_1_324' title='bbox 3173 896 3420 969; x_wconf 81' lang='grc' dir='ltr'><strong>Σωτῆρος</strong></span> <span class='ocrx_word' id='word_1_325' title='bbox 3446 897 3616 969; x_wconf 77' lang='grc' dir='ltr'>,ἡμῶν</span> 
     </span>
    </p>
   </div>
   <div class='ocr_carea' id='block_1_66' title="bbox 2045 987 3571 1061">
    <p class='ocr_par' dir='ltr' id='par_1_66' title="bbox 2045 987 3571 1061">
     <span class='ocr_line' id='line_1_66' title="bbox 2045 987 3571 1061; baseline 0.003 -20"><span class='ocrx_word' id='word_1_326' title='bbox 2045 987 2223 1057; x_wconf 87' lang='grc' dir='ltr'><strong>Ἰησοῦ</strong></span> <span class='ocrx_word' id='word_1_327' title='bbox 2252 988 2490 1059; x_wconf 76' lang='grc' dir='ltr'><strong>Χριστοῦ</strong></span> <span class='ocrx_word' id='word_1_328' title='bbox 2524 989 2971 1061; x_wconf 85' lang='grc' dir='ltr'>μεταμόρφωσιν.</span> <span class='ocrx_word' id='word_1_329' title='bbox 3456 1024 3461 1029; x_wconf 28' lang='grc' dir='ltr'><strong>ι</strong></span> <span class='ocrx_word' id='word_1_330' title='bbox 3568 1024 3571 1025; x_wconf 53' lang='grc' dir='ltr'><strong>ν</strong></span> 
     </span>
    </p>
   </div>
   <div class='ocr_carea' id='block_1_67' title="bbox 2038 1035 3619 1221">
    <p class='ocr_par' dir='ltr' id='par_1_67' title="bbox 2038 1035 3619 1221">
     <span class='ocr_line' id='line_1_67' title="bbox 2038 1035 3619 1221; baseline 0.004 -88"><span class='ocrx_word' id='word_1_331' title='bbox 2038 1167 2067 1221; x_wconf 72' lang='grc' dir='ltr'>Θ</span> <span class='ocrx_word' id='word_1_332' title='bbox 2111 1035 2181 1220; x_wconf 69' lang='lat' dir='ltr'><strong>:H</strong></span> <span class='ocrx_word' id='word_1_333' title='bbox 2227 1078 2269 1133; x_wconf 89' lang='grc' dir='ltr'>θ’</span> <span class='ocrx_word' id='word_1_334' title='bbox 2297 1035 2385 1133; x_wconf 58' lang='lat' dir='ltr'><strong>Eia:</strong></span> <span class='ocrx_word' id='word_1_335' title='bbox 2421 1035 2808 1153; x_wconf 33' lang='grc' dir='ltr'><strong>ττηνιήμνίίιῗιηνντ</strong></span> <span class='ocrx_word' id='word_1_336' title='bbox 2821 1078 2917 1134; x_wconf 79' lang='grc' dir='ltr'><strong>τοῦ</strong></span> <span class='ocrx_word' id='word_1_337' title='bbox 2951 1080 3109 1151; x_wconf 85' lang='grc' dir='ltr'>ἁγίου</span> <span class='ocrx_word' id='word_1_338' title='bbox 3142 1082 3439 1137; x_wconf 79' lang='grc' dir='ltr'>ἀποστόλου</span> <span class='ocrx_word' id='word_1_339' title='bbox 3472 1035 3619 1139; x_wconf 49' lang='lat' dir='ltr'><strong>Mav-</strong></span> 
     </span>
     <span class='ocr_line' id='line_1_68' title="bbox 2072 1172 2665 1221; baseline 0.01 -1"><span class='ocrx_word' id='word_1_340' title='bbox 2072 1184 2105 1220; x_wconf 88' lang='lat' dir='ltr'><strong>a</strong></span> <span class='ocrx_word' id='word_1_341' title='bbox 2131 1186 2213 1221; x_wconf 88' lang='grc' dir='ltr'><strong>ου.</strong></span> <span class='ocrx_word' id='word_1_342' title='bbox 2660 1172 2665 1181; x_wconf 62' lang='grc'><strong>⁴</strong></span> 
     </span>
    </p>
   </div>
   <div class='ocr_carea' id='block_1_68' title="bbox 2072 1172 2665 1221">
    <p class='ocr_par' dir='ltr' id='par_1_68' title="bbox 2072 1172 2665 1221">
     <span class='ocr_line' id='line_1_69' title="bbox 2072 1172 2665 1221; baseline 0.01 -1"><span class='ocrx_word' id='word_1_343' title='bbox 2072 1172 2213 1221; x_wconf 84' lang='grc' dir='ltr'>αίου.</span> <span class='ocrx_word' id='word_1_344' title='bbox 2660 1172 2665 1181; x_wconf 62' lang='grc'><strong>⁴</strong></span> 
     </span>
    </p>
   </div>
   <div class='ocr_carea' id='block_1_69' title="bbox 2114 1259 3621 1335">
    <p class='ocr_par' dir='ltr' id='par_1_69' title="bbox 2114 1259 3621 1335">
     <span class='ocr_line' id='line_1_70' title="bbox 2114 1259 3621 1335; baseline 0.005 -22"><span class='ocrx_word' id='word_1_345' title='bbox 2114 1261 2178 1313; x_wconf 80' lang='grc' dir='ltr'><strong>Ἠ</strong></span> <span class='ocrx_word' id='word_1_346' title='bbox 2234 1259 2293 1314; x_wconf 84' lang='grc' dir='ltr'>ιε’</span> <span class='ocrx_word' id='word_1_347' title='bbox 2344 1260 2434 1314; x_wconf 83' lang='grc' dir='ltr'>διὰ</span> <span class='ocrx_word' id='word_1_348' title='bbox 2470 1260 2570 1333; x_wconf 79' lang='grc' dir='ltr'>τὴν</span> <span class='ocrx_word' id='word_1_349' title='bbox 2614 1262 2973 1334; x_wconf 79' lang='grc' dir='ltr'>ύπερένδοξον</span> <span class='ocrx_word' id='word_1_350' title='bbox 3022 1262 3124 1335; x_wconf 85' lang='grc' dir='ltr'>τῆς</span> <span class='ocrx_word' id='word_1_351' title='bbox 3164 1263 3325 1333; x_wconf 84' lang='grc' dir='ltr'>ἁγίας</span> <span class='ocrx_word' id='word_1_352' title='bbox 3364 1264 3621 1321; x_wconf 84' lang='grc' dir='ltr'>Θεοτόκου</span> 
     </span>
    </p>
   </div>
   <div class='ocr_carea' id='block_1_70' title="bbox 2034 1353 2385 1424">
    <p class='ocr_par' dir='ltr' id='par_1_70' title="bbox 2034 1353 2385 1424">
     <span class='ocr_line' id='line_1_71' title="bbox 2034 1353 2385 1424; baseline 0.009 -19"><span class='ocrx_word' id='word_1_353' title='bbox 2034 1353 2385 1424; x_wconf 80' lang='grc' dir='ltr'>μετάστασιν.</span> 
     </span>
    </p>
   </div>
   <div class='ocr_carea' id='block_1_71' title="bbox 2033 1408 3622 1593">
    <p class='ocr_par' dir='ltr' id='par_1_71' title="bbox 2033 1408 3622 1593">
     <span class='ocr_line' id='line_1_72' title="bbox 2034 1408 3622 1520; baseline 0.006 -22"><span class='ocrx_word' id='word_1_354' title='bbox 2034 1408 2047 1424; x_wconf 43' lang='grc' dir='ltr'>ι</span> <span class='ocrx_word' id='word_1_355' title='bbox 2115 1444 2182 1499; x_wconf 87' lang='grc' dir='ltr'><strong>Ἣ</strong></span> <span class='ocrx_word' id='word_1_356' title='bbox 2222 1444 2269 1500; x_wconf 84' lang='grc' dir='ltr'>κ’</span> <span class='ocrx_word' id='word_1_357' title='bbox 2301 1447 2389 1499; x_wconf 81' lang='grc' dir='ltr'>διὰ</span> <span class='ocrx_word' id='word_1_358' title='bbox 2423 1446 2522 1519; x_wconf 82' lang='grc' dir='ltr'>τὴν</span> <span class='ocrx_word' id='word_1_359' title='bbox 2554 1449 2778 1520; x_wconf 84' lang='grc' dir='ltr'><strong>μνήμην</strong></span> <span class='ocrx_word' id='word_1_360' title='bbox 2805 1448 2899 1502; x_wconf 80' lang='grc' dir='ltr'>τοῦ</span> <span class='ocrx_word' id='word_1_361' title='bbox 2944 1450 3106 1519; x_wconf 82' lang='grc' dir='ltr'>ἁγίου</span> <span class='ocrx_word' id='word_1_362' title='bbox 3153 1451 3456 1507; x_wconf 79' lang='grc' dir='ltr'>ἀποστόλου</span> <span class='ocrx_word' id='word_1_363' title='bbox 3492 1452 3622 1507; x_wconf 83' lang='grc' dir='ltr'>Θαδ-</span> 
     </span>
     <span class='ocr_line' id='line_1_73' title="bbox 2033 1539 2206 1593; baseline -0.006 0"><span class='ocrx_word' id='word_1_364' title='bbox 2033 1539 2206 1593; x_wconf 85' lang='grc' dir='ltr'>δαίου.</span> 
     </span>
    </p>
   </div>
   <div class='ocr_carea' id='block_1_72' title="bbox 2066 1540 2206 1594">
    <p class='ocr_par' dir='ltr' id='par_1_72' title="bbox 2066 1540 2206 1594">
     <span class='ocr_line' id='line_1_74' title="bbox 2066 1540 2206 1594; baseline 0.007 -1"><span class='ocrx_word' id='word_1_365' title='bbox 2066 1540 2206 1594; x_wconf 85' lang='grc' dir='ltr'>αίου.</span> 
     </span>
    </p>
   </div>
   <div class='ocr_carea' id='block_1_73' title="bbox 2121 1633 3460 1711">
    <p class='ocr_par' dir='ltr' id='par_1_73' title="bbox 2121 1633 3460 1711">
     <span class='ocr_line' id='line_1_75' title="bbox 2121 1633 3460 1711; baseline 0.007 -26"><span class='ocrx_word' id='word_1_366' title='bbox 2121 1634 2185 1686; x_wconf 81' lang='grc' dir='ltr'><strong>Ἥ</strong></span> <span class='ocrx_word' id='word_1_367' title='bbox 2213 1634 2290 1686; x_wconf 81' lang='grc' dir='ltr'><strong>κδ’</strong></span> <span class='ocrx_word' id='word_1_368' title='bbox 2322 1633 2412 1688; x_wconf 88' lang='grc' dir='ltr'><strong>διὰ</strong></span> <span class='ocrx_word' id='word_1_369' title='bbox 2445 1635 2543 1705; x_wconf 85' lang='grc' dir='ltr'>τὴν</span> <span class='ocrx_word' id='word_1_370' title='bbox 2576 1635 2670 1689; x_wconf 84' lang='grc' dir='ltr'>τοῦ</span> <span class='ocrx_word' id='word_1_371' title='bbox 2698 1637 2998 1691; x_wconf 86' lang='grc' dir='ltr'>ἀποστόλου</span> <span class='ocrx_word' id='word_1_372' title='bbox 3030 1638 3460 1711; x_wconf 85' lang='grc' dir='ltr'>Βαρθολομαίου.</span> 
     </span>
    </p>
   </div>
   <div class='ocr_carea' id='block_1_74' title="bbox 2114 1822 3623 1901">
    <p class='ocr_par' dir='ltr' id='par_1_74' title="bbox 2114 1822 3623 1901">
     <span class='ocr_line' id='line_1_76' title="bbox 2114 1822 3623 1901; baseline 0.005 -24"><span class='ocrx_word' id='word_1_373' title='bbox 2114 1823 2225 1877; x_wconf 85' lang='lat' dir='ltr'><strong>Kal</strong></span> <span class='ocrx_word' id='word_1_374' title='bbox 2250 1825 2282 1894; x_wconf 82' lang='grc' dir='ltr'>ή</span> <span class='ocrx_word' id='word_1_375' title='bbox 2306 1822 2386 1877; x_wconf 87' lang='grc' dir='ltr'>κθ¹</span> <span class='ocrx_word' id='word_1_376' title='bbox 2412 1823 2499 1878; x_wconf 78' lang='grc' dir='ltr'><strong>διὰ</strong></span> <span class='ocrx_word' id='word_1_377' title='bbox 2525 1823 2622 1895; x_wconf 84' lang='grc' dir='ltr'>τὴν</span> <span class='ocrx_word' id='word_1_378' title='bbox 2654 1823 2746 1878; x_wconf 76' lang='grc' dir='ltr'>τοῦ</span> <span class='ocrx_word' id='word_1_379' title='bbox 2770 1826 2953 1899; x_wconf 77' lang='grc' dir='ltr'>τιμίου</span> <span class='ocrx_word' id='word_1_380' title='bbox 2982 1826 3303 1899; x_wconf 85' lang='grc' dir='ltr'>Προδρόμου</span> <span class='ocrx_word' id='word_1_381' title='bbox 3331 1827 3623 1901; x_wconf 83' lang='grc' dir='ltr'>ἀποτομήν.</span> 
     </span>
    </p>
   </div>
   <div class='ocr_carea' id='block_1_75' title="bbox 2114 2001 3616 2083">
    <p class='ocr_par' dir='ltr' id='par_1_75' title="bbox 2114 2001 3616 2083">
     <span class='ocr_line' id='line_1_77' title="bbox 2114 2001 3616 2083; baseline 0.009 -30"><span class='ocrx_word' id='word_1_382' title='bbox 2114 2001 2356 2066; x_wconf 77' lang='grc' dir='ltr'>Ταύταις</span> <span class='ocrx_word' id='word_1_383' title='bbox 2400 2002 2478 2067; x_wconf 86' lang='grc' dir='ltr'>ὡς</span> <span class='ocrx_word' id='word_1_384' title='bbox 2517 2003 2702 2059; x_wconf 82' lang='grc' dir='ltr'>τέλεον</span> <span class='ocrx_word' id='word_1_385' title='bbox 2731 2006 3040 2077; x_wconf 84' lang='grc' dir='ltr'>ἀπράκτοις</span> <span class='ocrx_word' id='word_1_386' title='bbox 3072 2009 3616 2083; x_wconf 83' lang='grc' dir='ltr'>συνεξετασθήσονται</span> 
     </span>
    </p>
   </div>
   <div class='ocr_carea' id='block_1_76' title="bbox 2043 2094 3626 2174">
    <p class='ocr_par' dir='ltr' id='par_1_76' title="bbox 2043 2094 3626 2174">
     <span class='ocr_line' id='line_1_78' title="bbox 2043 2094 3626 2174; baseline 0.007 -27"><span class='ocrx_word' id='word_1_387' title='bbox 2043 2094 2141 2147; x_wconf 78' lang='grc' dir='ltr'><strong>καὶ</strong></span> <span class='ocrx_word' id='word_1_388' title='bbox 2187 2096 2244 2149; x_wconf 89' lang='lat' dir='ltr'><strong>aI</strong></span> <span class='ocrx_word' id='word_1_389' title='bbox 2292 2096 2591 2167; x_wconf 86' lang='grc' dir='ltr'>μεσότητες</span> <span class='ocrx_word' id='word_1_390' title='bbox 2622 2096 2722 2168; x_wconf 84' lang='grc' dir='ltr'><strong>τῆς</strong></span> <span class='ocrx_word' id='word_1_391' title='bbox 2754 2100 3347 2173; x_wconf 86' lang='grc' dir='ltr'>τεσσαρακονθημέρου</span> <span class='ocrx_word' id='word_1_392' title='bbox 3385 2105 3626 2174; x_wconf 81' lang='grc' dir='ltr'>νηστείας</span> 
     </span>
    </p>
   </div>
   <div class='ocr_carea' id='block_1_77' title="bbox 2042 2187 3624 2278">
    <p class='ocr_par' dir='ltr' id='par_1_77' title="bbox 2042 2187 3624 2278">
     <span class='ocr_line' id='line_1_79' title="bbox 2042 2187 3624 2278; baseline 0.005 -38"><span class='ocrx_word' id='word_1_393' title='bbox 2042 2187 2136 2240; x_wconf 79' lang='grc' dir='ltr'>καὶ</span> <span class='ocrx_word' id='word_1_394' title='bbox 2170 2188 2272 2256; x_wconf 79' lang='grc' dir='ltr'>τῆς</span> <span class='ocrx_word' id='word_1_395' title='bbox 2300 2187 2705 2259; x_wconf 83' lang='grc' dir='ltr'>Πεντηκοστῆς,</span> <span class='ocrx_word' id='word_1_396' title='bbox 2747 2189 2841 2244; x_wconf 82' lang='grc' dir='ltr'>καὶ</span> <span class='ocrx_word' id='word_1_397' title='bbox 2873 2192 2907 2259; x_wconf 81' lang='grc' dir='ltr'>ἡ</span> <span class='ocrx_word' id='word_1_398' title='bbox 2938 2191 3034 2245; x_wconf 81' lang='grc' dir='ltr'>τοῦ</span> <span class='ocrx_word' id='word_1_399' title='bbox 3065 2192 3321 2264; x_wconf 83' lang='grc' dir='ltr'>Σωτῆρος</span> <span class='ocrx_word' id='word_1_400' title='bbox 3350 2194 3624 2278; x_wconf 54' lang='grc' dir='ltr'>ἀναληψις.</span> 
     </span>
    </p>
   </div>
   <div class='ocr_carea' id='block_1_78' title="bbox 2041 2280 3628 2359">
    <p class='ocr_par' dir='ltr' id='par_1_78' title="bbox 2041 2280 3628 2359">
     <span class='ocr_line' id='line_1_80' title="bbox 2041 2280 3628 2359; baseline 0.004 -26"><span class='ocrx_word' id='word_1_401' title='bbox 2041 2280 2134 2334; x_wconf 78' lang='grc' dir='ltr'><strong>καὶ</strong></span> <span class='ocrx_word' id='word_1_402' title='bbox 2180 2281 2236 2334; x_wconf 82' lang='grc' dir='ltr'>αἱ</span> <span class='ocrx_word' id='word_1_403' title='bbox 2285 2282 2461 2335; x_wconf 83' lang='grc' dir='ltr'>πᾶσαι</span> <span class='ocrx_word' id='word_1_404' title='bbox 2490 2280 2601 2335; x_wconf 86' lang='grc' dir='ltr'>τῶν</span> <span class='ocrx_word' id='word_1_405' title='bbox 2630 2284 2690 2335; x_wconf 85' lang='grc' dir='ltr'>ὲν</span> <span class='ocrx_word' id='word_1_406' title='bbox 2718 2282 2796 2353; x_wconf 85' lang='grc' dir='ltr'>τῷ</span> <span class='ocrx_word' id='word_1_407' title='bbox 2837 2283 3324 2356; x_wconf 58' lang='grc' dir='ltr'>ὲνιαυτῷέὴμερῶν</span> <span class='ocrx_word' id='word_1_408' title='bbox 3370 2287 3628 2359; x_wconf 86' lang='grc' dir='ltr'>κυριώνυ-</span> 
     </span>
    </p>
   </div>
   <div class='ocr_carea' id='block_1_79' title="bbox 2045 2373 3623 2452">
    <p class='ocr_par' dir='ltr' id='par_1_79' title="bbox 2045 2373 3623 2452">
     <span class='ocr_line' id='line_1_81' title="bbox 2045 2373 3623 2452; baseline 0.004 -25"><span class='ocrx_word' id='word_1_409' title='bbox 2045 2392 2165 2445; x_wconf 83' lang='grc' dir='ltr'>μαι,</span> <span class='ocrx_word' id='word_1_410' title='bbox 2199 2373 2274 2438; x_wconf 81' lang='grc' dir='ltr'>ὡς</span> <span class='ocrx_word' id='word_1_411' title='bbox 2301 2376 2359 2427; x_wconf 80' lang='grc' dir='ltr'>ὲν</span> <span class='ocrx_word' id='word_1_412' title='bbox 2391 2375 2582 2439; x_wconf 82' lang='grc' dir='ltr'>αὐταῖς</span> <span class='ocrx_word' id='word_1_413' title='bbox 2608 2375 3035 2431; x_wconf 81' lang='grc' dir='ltr'>ἀποκεκλεῖσθαι</span> <span class='ocrx_word' id='word_1_414' title='bbox 3073 2380 3256 2433; x_wconf 83' lang='grc' dir='ltr'>πᾶσαν</span> <span class='ocrx_word' id='word_1_415' title='bbox 3288 2382 3518 2452; x_wconf 86' lang='grc' dir='ltr'>πάροδον</span> <span class='ocrx_word' id='word_1_416' title='bbox 3549 2383 3623 2447; x_wconf 84' lang='grc' dir='ltr'><strong>είς</strong></span> 
     </span>
    </p>
   </div>
   <div class='ocr_carea' id='block_1_80' title="bbox 2039 2466 3647 2547">
    <p class='ocr_par' dir='ltr' id='par_1_80' title="bbox 2039 2466 3647 2547">
     <span class='ocr_line' id='line_1_82' title="bbox 2039 2466 3647 2547; baseline 0.005 -27"><span class='ocrx_word' id='word_1_417' title='bbox 2039 2467 2101 2520; x_wconf 79' lang='grc' dir='ltr'><strong>τὸ</strong></span> <span class='ocrx_word' id='word_1_418' title='bbox 2138 2466 2514 2539; x_wconf 83' lang='grc' dir='ltr'>δικαστήριον,</span> <span class='ocrx_word' id='word_1_419' title='bbox 2559 2468 2654 2522; x_wconf 79' lang='grc' dir='ltr'><strong>καὶ</strong></span> <span class='ocrx_word' id='word_1_420' title='bbox 2702 2468 2869 2539; x_wconf 75' lang='grc' dir='ltr'>μηδὲν</span> <span class='ocrx_word' id='word_1_421' title='bbox 2910 2487 2963 2524; x_wconf 89' lang='grc' dir='ltr'><strong>τι</strong></span> <span class='ocrx_word' id='word_1_422' title='bbox 3008 2471 3216 2541; x_wconf 80' lang='grc' dir='ltr'>μηδένα</span> <span class='ocrx_word' id='word_1_423' title='bbox 3259 2473 3371 2526; x_wconf 87' lang='grc' dir='ltr'><strong>τῶν</strong></span> <span class='ocrx_word' id='word_1_424' title='bbox 3398 2474 3647 2547; x_wconf 39' lang='grc' dir='ltr'>δικάζειν,</span> 
     </span>
    </p>
   </div>
   <div class='ocr_carea' id='block_1_81' title="bbox 2039 2555 3627 2636">
    <p class='ocr_par' dir='ltr' id='par_1_81' title="bbox 2039 2555 3627 2636">
     <span class='ocr_line' id='line_1_83' title="bbox 2039 2555 3627 2636; baseline 0.007 -29"><span class='ocrx_word' id='word_1_425' title='bbox 2039 2555 2311 2624; x_wconf 86' lang='grc' dir='ltr'>λαχόντων</span> <span class='ocrx_word' id='word_1_426' title='bbox 2347 2556 2663 2610; x_wconf 76' lang='grc' dir='ltr'>δικαστικὸν</span> <span class='ocrx_word' id='word_1_427' title='bbox 2708 2556 3157 2631; x_wconf 85' lang='grc' dir='ltr'>διαπράττεσθαι,</span> <span class='ocrx_word' id='word_1_428' title='bbox 3185 2562 3250 2615; x_wconf 67' lang='lat' dir='ltr'><strong>at</strong></span> <span class='ocrx_word' id='word_1_429' title='bbox 3292 2579 3357 2632; x_wconf 87' lang='grc' dir='ltr'><strong>γε</strong></span> <span class='ocrx_word' id='word_1_430' title='bbox 3397 2564 3500 2636; x_wconf 83' lang='grc' dir='ltr'>μὴν</span> <span class='ocrx_word' id='word_1_431' title='bbox 3528 2564 3627 2619; x_wconf 86' lang='grc' dir='ltr'><strong>τῶν</strong></span> 
     </span>
    </p>
   </div>
   <div class='ocr_carea' id='block_1_82' title="bbox 2039 2645 3628 2726">
    <p class='ocr_par' dir='ltr' id='par_1_82' title="bbox 2039 2645 3628 2726">
     <span class='ocr_line' id='line_1_84' title="bbox 2039 2645 3628 2726; baseline 0.007 -27"><span class='ocrx_word' id='word_1_432' title='bbox 2039 2645 2408 2717; x_wconf 84' lang='grc' dir='ltr'>δικαστηρίων</span> <span class='ocrx_word' id='word_1_433' title='bbox 2456 2647 2567 2701; x_wconf 81' lang='grc' dir='ltr'><strong>ἀπὸ</strong></span> <span class='ocrx_word' id='word_1_434' title='bbox 2613 2647 2817 2719; x_wconf 85' lang='grc' dir='ltr'>μέρους</span> <span class='ocrx_word' id='word_1_435' title='bbox 2858 2650 3217 2721; x_wconf 74' lang='grc' dir='ltr'>σχολάζουσαι</span> <span class='ocrx_word' id='word_1_436' title='bbox 3249 2655 3347 2707; x_wconf 75' lang='grc' dir='ltr'>καὶ</span> <span class='ocrx_word' id='word_1_437' title='bbox 3395 2656 3470 2726; x_wconf 84' lang='grc' dir='ltr'>μὴ</span> <span class='ocrx_word' id='word_1_438' title='bbox 3514 2655 3628 2709; x_wconf 73' lang='grc' dir='ltr'>καθ’</span> 
     </span>
    </p>
   </div>
   <div class='ocr_carea' id='block_1_83' title="bbox 2038 2738 3627 2816">
    <p class='ocr_par' dir='ltr' id='par_1_83' title="bbox 2038 2738 3627 2816">
     <span class='ocr_line' id='line_1_85' title="bbox 2038 2738 3627 2816; baseline 0.007 -25"><span class='ocrx_word' id='word_1_439' title='bbox 2038 2739 2335 2811; x_wconf 84' lang='grc' dir='ltr'>ὁλόκληρον</span> <span class='ocrx_word' id='word_1_440' title='bbox 2364 2738 2442 2803; x_wconf 83' lang='grc' dir='ltr'>ὡς</span> <span class='ocrx_word' id='word_1_441' title='bbox 2471 2739 2887 2813; x_wconf 82' lang='grc' dir='ltr'>προειλήφαμεν</span> <span class='ocrx_word' id='word_1_442' title='bbox 2926 2744 3387 2816; x_wconf 84' lang='grc' dir='ltr'>ἁπρακτήσουσαι</span> <span class='ocrx_word' id='word_1_443' title='bbox 3431 2742 3540 2802; x_wconf 79' lang='grc' dir='ltr'>εἷεν</span> <span class='ocrx_word' id='word_1_444' title='bbox 3567 2747 3627 2802; x_wconf 81' lang='grc' dir='ltr'>ἂν</span> 
     </span>
    </p>
   </div>
   <div class='ocr_carea' id='block_1_84' title="bbox 2039 2832 2222 2885">
    <p class='ocr_par' dir='ltr' id='par_1_84' title="bbox 2039 2832 2222 2885">
     <span class='ocr_line' id='line_1_86' title="bbox 2039 2832 2222 2885; baseline 0 0"><span class='ocrx_word' id='word_1_445' title='bbox 2039 2832 2222 2885; x_wconf 88' lang='grc' dir='ltr'>αύταί.</span> 
     </span>
    </p>
   </div>
   <div class='ocr_carea' id='block_1_85' title="bbox 2119 2921 3627 3004">
    <p class='ocr_par' dir='ltr' id='par_1_85' title="bbox 2119 2921 3627 3004">
     <span class='ocr_line' id='line_1_87' title="bbox 2119 2921 3627 3004; baseline 0.007 -29"><span class='ocrx_word' id='word_1_446' title='bbox 2119 2923 2185 2975; x_wconf 88' lang='grc' dir='ltr'><em>Ἦ</em></span> <span class='ocrx_word' id='word_1_447' title='bbox 2219 2921 2271 2988; x_wconf 81' lang='grc' dir='ltr'>ς’</span> <span class='ocrx_word' id='word_1_448' title='bbox 2310 2923 2404 2977; x_wconf 80' lang='grc' dir='ltr'>τοῦ</span> <span class='ocrx_word' id='word_1_449' title='bbox 2435 2925 2813 2997; x_wconf 88' lang='grc' dir='ltr'>Σεπτεμϐρίου</span> <span class='ocrx_word' id='word_1_450' title='bbox 2850 2929 3019 2999; x_wconf 79' lang='grc' dir='ltr'>μηνὸς</span> <span class='ocrx_word' id='word_1_451' title='bbox 3063 2930 3145 2983; x_wconf 83' lang='grc' dir='ltr'><strong>ὅτι</strong></span> <span class='ocrx_word' id='word_1_452' title='bbox 3200 2930 3261 2983; x_wconf 76' lang='grc' dir='ltr'>ἐν</span> <span class='ocrx_word' id='word_1_453' title='bbox 3302 2932 3439 3004; x_wconf 79' lang='grc' dir='ltr'>αὐτῇ</span> <span class='ocrx_word' id='word_1_454' title='bbox 3472 2932 3531 2986; x_wconf 82' lang='grc' dir='ltr'><strong>τὸ</strong></span> <span class='ocrx_word' id='word_1_455' title='bbox 3572 2933 3627 2985; x_wconf 85' lang='grc' dir='ltr'>ὲν</span> 
     </span>
    </p>
   </div>
   <div class='ocr_carea' id='block_1_86' title="bbox 2040 3013 3628 3097">
    <p class='ocr_par' dir='ltr' id='par_1_86' title="bbox 2040 3013 3628 3097">
     <span class='ocr_line' id='line_1_88' title="bbox 2040 3013 3628 3097; baseline 0.007 -29"><span class='ocrx_word' id='word_1_456' title='bbox 2040 3013 2251 3079; x_wconf 82' lang='grc' dir='ltr'>Χώνοις</span> <span class='ocrx_word' id='word_1_457' title='bbox 2294 3016 2389 3070; x_wconf 83' lang='grc' dir='ltr'>τοῦ</span> <span class='ocrx_word' id='word_1_458' title='bbox 2437 3019 2883 3091; x_wconf 80' lang='grc' dir='ltr'>ἀρχιστρατήγου</span> <span class='ocrx_word' id='word_1_459' title='bbox 2924 3021 3144 3094; x_wconf 76' lang='grc' dir='ltr'>Μιχαὴλ</span> <span class='ocrx_word' id='word_1_460' title='bbox 3182 3023 3375 3095; x_wconf 82' lang='grc' dir='ltr'>θαῦμα</span> <span class='ocrx_word' id='word_1_461' title='bbox 3416 3042 3628 3097; x_wconf 82' lang='grc' dir='ltr'>τετερα-</span> 
     </span>
    </p>
   </div>
   <div class='ocr_carea' id='block_1_87' title="bbox 2043 3107 2365 3179">
    <p class='ocr_par' dir='ltr' id='par_1_87' title="bbox 2043 3107 2365 3179">
     <span class='ocr_line' id='line_1_89' title="bbox 2043 3107 2365 3179; baseline 0.003 -19"><span class='ocrx_word' id='word_1_462' title='bbox 2043 3107 2365 3179; x_wconf 88' lang='grc' dir='ltr'>τούργηται.</span> 
     </span>
    </p>
   </div>
   <div class='ocr_carea' id='block_1_88' title="bbox 2132 3215 3626 3296">
    <p class='ocr_par' dir='ltr' id='par_1_88' title="bbox 2132 3215 3626 3296">
     <span class='ocr_line' id='line_1_90' title="bbox 2132 3215 3626 3296; baseline 0.003 -25"><span class='ocrx_word' id='word_1_463' title='bbox 2132 3217 2197 3271; x_wconf 82' lang='grc' dir='ltr'><strong><em>Ἠ</em></strong></span> <span class='ocrx_word' id='word_1_464' title='bbox 2219 3215 2304 3287; x_wconf 85' lang='grc' dir='ltr'>κγ’</span> <span class='ocrx_word' id='word_1_465' title='bbox 2334 3218 2426 3272; x_wconf 82' lang='grc' dir='ltr'>τοῦ</span> <span class='ocrx_word' id='word_1_466' title='bbox 2469 3220 2828 3291; x_wconf 86' lang='grc' dir='ltr'>Ὀκτωϐρίου,</span> <span class='ocrx_word' id='word_1_467' title='bbox 2862 3222 2943 3275; x_wconf 82' lang='grc' dir='ltr'><strong>ὅτι</strong></span> <span class='ocrx_word' id='word_1_468' title='bbox 2974 3222 3074 3293; x_wconf 85' lang='grc' dir='ltr'><strong>τὴν</strong></span> <span class='ocrx_word' id='word_1_469' title='bbox 3105 3224 3333 3296; x_wconf 83' lang='grc' dir='ltr'>μνήμην</span> <span class='ocrx_word' id='word_1_470' title='bbox 3358 3223 3454 3278; x_wconf 81' lang='grc' dir='ltr'>τοῦ</span> <span class='ocrx_word' id='word_1_471' title='bbox 3482 3223 3626 3278; x_wconf 83' lang='grc' dir='ltr'>ἀδελ-</span> 
     </span>
    </p>
   </div>
   <div class='ocr_carea' id='block_1_89' title="bbox 2045 3308 2849 3380">
    <p class='ocr_par' dir='ltr' id='par_1_89' title="bbox 2045 3308 2849 3380">
     <span class='ocr_line' id='line_1_91' title="bbox 2045 3308 2849 3380; baseline 0.007 -19"><span class='ocrx_word' id='word_1_472' title='bbox 2045 3308 2241 3377; x_wconf 83' lang='grc' dir='ltr'>φοθέου</span> <span class='ocrx_word' id='word_1_473' title='bbox 2279 3308 2535 3364; x_wconf 87' lang='grc' dir='ltr'>Ἰακώϐου</span> <span class='ocrx_word' id='word_1_474' title='bbox 2567 3311 2849 3380; x_wconf 81' lang='grc' dir='ltr'>τελοῦμεν.</span> 
     </span>
    </p>
   </div>
   <div class='ocr_carea' id='block_1_90' title="bbox 2129 3402 3624 3481">
    <p class='ocr_par' dir='ltr' id='par_1_90' title="bbox 2129 3402 3624 3481">
     <span class='ocr_line' id='line_1_92' title="bbox 2129 3402 3624 3481; baseline 0.002 -22"><span class='ocrx_word' id='word_1_475' title='bbox 2129 3404 2192 3459; x_wconf 84' lang='grc' dir='ltr'><strong>Ἠ</strong></span> <span class='ocrx_word' id='word_1_476' title='bbox 2239 3402 2331 3468; x_wconf 84' lang='grc' dir='ltr'>κς¹</span> <span class='ocrx_word' id='word_1_477' title='bbox 2372 3406 2454 3460; x_wconf 85' lang='grc' dir='ltr'><strong>ὅτι</strong></span> <span class='ocrx_word' id='word_1_478' title='bbox 2501 3405 2590 3458; x_wconf 82' lang='grc' dir='ltr'><strong>τὸν</strong></span> <span class='ocrx_word' id='word_1_479' title='bbox 2640 3406 3109 3479; x_wconf 87' lang='grc' dir='ltr'>μεγαλομάρτυρα</span> <span class='ocrx_word' id='word_1_480' title='bbox 3147 3410 3244 3464; x_wconf 61' lang='grc' dir='ltr'><strong>καὶ⁸</strong></span> <span class='ocrx_word' id='word_1_481' title='bbox 3294 3410 3624 3481; x_wconf 83' lang='grc' dir='ltr'>μυρόϐλητον</span> 
     </span>
    </p>
   </div>
   <div class='ocr_carea' id='block_1_91' title="bbox 2044 3494 2737 3568">
    <p class='ocr_par' dir='ltr' id='par_1_91' title="bbox 2044 3494 2737 3568">
     <span class='ocr_line' id='line_1_93' title="bbox 2044 3494 2737 3568; baseline 0.007 -21"><span class='ocrx_word' id='word_1_482' title='bbox 2044 3496 2354 3568; x_wconf 85' lang='grc' dir='ltr'>Δημήτριον</span> <span class='ocrx_word' id='word_1_483' title='bbox 2380 3494 2737 3568; x_wconf 69' lang='grc' dir='ltr'>ἑορτάζομεν.</span> 
     </span>
    </p>
   </div>
   <div class='ocr_carea' id='block_1_92' title="bbox 2129 3694 3626 3777">
    <p class='ocr_par' dir='ltr' id='par_1_92' title="bbox 2129 3694 3626 3777">
     <span class='ocr_line' id='line_1_94' title="bbox 2129 3694 3626 3777; baseline 0.006 -30"><span class='ocrx_word' id='word_1_484' title='bbox 2129 3694 2193 3747; x_wconf 80' lang='grc' dir='ltr'><strong>’Π</strong></span> <span class='ocrx_word' id='word_1_485' title='bbox 2217 3694 2265 3747; x_wconf 88' lang='grc' dir='ltr'>α’</span> <span class='ocrx_word' id='word_1_486' title='bbox 2288 3695 2383 3750; x_wconf 85' lang='grc' dir='ltr'>τοῦ</span> <span class='ocrx_word' id='word_1_487' title='bbox 2412 3697 2723 3770; x_wconf 85' lang='grc' dir='ltr'>Νοεμϐρίου</span> <span class='ocrx_word' id='word_1_488' title='bbox 2773 3698 2863 3754; x_wconf 86' lang='grc' dir='ltr'><strong>διὰ</strong></span> <span class='ocrx_word' id='word_1_489' title='bbox 2909 3702 2971 3755; x_wconf 85' lang='grc' dir='ltr'>τὸ</span> <span class='ocrx_word' id='word_1_490' title='bbox 3014 3705 3141 3763; x_wconf 79' lang='grc' dir='ltr'>τοὺς</span> <span class='ocrx_word' id='word_1_491' title='bbox 3178 3702 3626 3777; x_wconf 83' lang='grc' dir='ltr'>θαυματουργοὺς</span> 
     </span>
    </p>
   </div>
   <div class='ocr_carea' id='block_1_93' title="bbox 2042 3787 3625 3867">
    <p class='ocr_par' dir='ltr' id='par_1_93' title="bbox 2042 3787 3625 3867">
     <span class='ocr_line' id='line_1_95' title="bbox 2042 3787 3625 3867; baseline 0.004 -25"><span class='ocrx_word' id='word_1_492' title='bbox 2042 3787 2138 3842; x_wconf 82' lang='grc' dir='ltr'>καὶ</span> <span class='ocrx_word' id='word_1_493' title='bbox 2162 3789 2507 3861; x_wconf 84' lang='grc' dir='ltr'>ἀναργύρους</span> <span class='ocrx_word' id='word_1_494' title='bbox 2534 3792 2783 3861; x_wconf 80' lang='grc' dir='ltr'>Κοσμᾶν,</span> <span class='ocrx_word' id='word_1_495' title='bbox 2816 3795 2910 3847; x_wconf 76' lang='grc' dir='ltr'><strong>καὶ</strong></span> <span class='ocrx_word' id='word_1_496' title='bbox 2946 3796 3220 3866; x_wconf 83' lang='grc' dir='ltr'>Δαμιανὸν</span> <span class='ocrx_word' id='word_1_497' title='bbox 3258 3797 3625 3867; x_wconf 75' lang='grc' dir='ltr'>ἐορτάζεσθαι.</span> 
     </span>
    </p>
   </div>
   <div class='ocr_carea' id='block_1_94' title="bbox 2126 3880 3591 3960">
    <p class='ocr_par' dir='ltr' id='par_1_94' title="bbox 2126 3880 3591 3960">
     <span class='ocr_line' id='line_1_96' title="bbox 2126 3880 3591 3960; baseline 0.005 -23"><span class='ocrx_word' id='word_1_498' title='bbox 2126 3882 2192 3937; x_wconf 84' lang='grc' dir='ltr'><strong><em>Ἡ</em></strong></span> <span class='ocrx_word' id='word_1_499' title='bbox 2233 3880 2285 3954; x_wconf 84' lang='grc' dir='ltr'>η’</span> <span class='ocrx_word' id='word_1_500' title='bbox 2323 3884 2412 3938; x_wconf 81' lang='grc' dir='ltr'>διὰ</span> <span class='ocrx_word' id='word_1_501' title='bbox 2436 3885 2533 3957; x_wconf 84' lang='grc' dir='ltr'>τὴν</span> <span class='ocrx_word' id='word_1_502' title='bbox 2567 3886 2787 3954; x_wconf 79' lang='grc' dir='ltr'>σύναξιν</span> <span class='ocrx_word' id='word_1_503' title='bbox 2810 3889 2918 3943; x_wconf 83' lang='grc' dir='ltr'><strong>τῶν</strong></span> <span class='ocrx_word' id='word_1_504' title='bbox 2949 3890 3262 3960; x_wconf 84' lang='grc' dir='ltr'>ἀσωμάτων</span> <span class='ocrx_word' id='word_1_505' title='bbox 3303 3890 3591 3945; x_wconf 85' lang='grc' dir='ltr'>τελεῖσθαι.</span> 
     </span>
    </p>
   </div>
   <div class='ocr_carea' id='block_1_95' title="bbox 2112 4065 3625 4143">
    <p class='ocr_par' dir='ltr' id='par_1_95' title="bbox 2112 4065 3625 4143">
     <span class='ocr_line' id='line_1_97' title="bbox 2112 4065 3625 4143; baseline 0.003 -23"><span class='ocrx_word' id='word_1_506' title='bbox 2112 4065 2224 4120; x_wconf 91' lang='lat' dir='ltr'><strong>Kal</strong></span> <span class='ocrx_word' id='word_1_507' title='bbox 2259 4067 2291 4137; x_wconf 79' lang='grc' dir='ltr'><strong>ἡ</strong></span> <span class='ocrx_word' id='word_1_508' title='bbox 2331 4065 2416 4138; x_wconf 86' lang='grc' dir='ltr'>κη’</span> <span class='ocrx_word' id='word_1_509' title='bbox 2451 4067 2540 4122; x_wconf 82' lang='grc' dir='ltr'><strong>διὰ</strong></span> <span class='ocrx_word' id='word_1_510' title='bbox 2580 4068 2641 4121; x_wconf 84' lang='grc' dir='ltr'><strong>τὸ</strong></span> <span class='ocrx_word' id='word_1_511' title='bbox 2682 4068 2773 4123; x_wconf 85' lang='grc' dir='ltr'><strong>τὸν</strong></span> <span class='ocrx_word' id='word_1_512' title='bbox 2816 4070 3195 4143; x_wconf 78' lang='grc' dir='ltr'>ὁσιομάρτυρα</span> <span class='ocrx_word' id='word_1_513' title='bbox 3223 4072 3497 4142; x_wconf 79' lang='grc' dir='ltr'>Στέφανον</span> <span class='ocrx_word' id='word_1_514' title='bbox 3540 4070 3625 4124; x_wconf 80' lang='grc' dir='ltr'><strong>τὸν</strong></span> 
     </span>
    </p>
   </div>
   <div class='ocr_carea' id='block_1_96' title="bbox 2041 4158 2682 4231">
    <p class='ocr_par' dir='ltr' id='par_1_96' title="bbox 2041 4158 2682 4231">
     <span class='ocr_line' id='line_1_98' title="bbox 2041 4158 2682 4231; baseline 0.008 -21"><span class='ocrx_word' id='word_1_515' title='bbox 2041 4158 2161 4212; x_wconf 82' lang='grc' dir='ltr'>νέον</span> <span class='ocrx_word' id='word_1_516' title='bbox 2190 4160 2682 4231; x_wconf 82' lang='grc' dir='ltr'>πανηγυρίζεσθαι.</span> 
     </span>
    </p>
   </div>
   <div class='ocr_carea' id='block_1_97' title="bbox 2125 4274 3628 4356">
    <p class='ocr_par' dir='ltr' id='par_1_97' title="bbox 2125 4274 3628 4356">
     <span class='ocr_line' id='line_1_99' title="bbox 2125 4274 3628 4356; baseline 0.007 -30"><span class='ocrx_word' id='word_1_517' title='bbox 2125 4274 2188 4326; x_wconf 79' lang='grc' dir='ltr'><strong><em>Ἠ</em></strong></span> <span class='ocrx_word' id='word_1_518' title='bbox 2219 4274 2261 4327; x_wconf 86' lang='grc' dir='ltr'><strong>δ’</strong></span> <span class='ocrx_word' id='word_1_519' title='bbox 2297 4275 2391 4329; x_wconf 80' lang='grc' dir='ltr'><strong>τοῦ</strong></span> <span class='ocrx_word' id='word_1_520' title='bbox 2416 4278 2758 4350; x_wconf 86' lang='grc' dir='ltr'>Δεκεμϐρίου</span> <span class='ocrx_word' id='word_1_521' title='bbox 2788 4281 2877 4334; x_wconf 79' lang='grc' dir='ltr'><strong>διὰ</strong></span> <span class='ocrx_word' id='word_1_522' title='bbox 2901 4282 3002 4352; x_wconf 80' lang='grc' dir='ltr'>τὴν</span> <span class='ocrx_word' id='word_1_523' title='bbox 3042 4282 3463 4356; x_wconf 85' lang='grc' dir='ltr'>καλλιμάρτυρα</span> <span class='ocrx_word' id='word_1_524' title='bbox 3492 4282 3628 4355; x_wconf 84' lang='grc' dir='ltr'>Βαρ-</span> 
     </span>
    </p>
   </div>
   <div class='ocr_carea' id='block_1_98' title="bbox 2043 4368 2238 4441">
    <p class='ocr_par' dir='ltr' id='par_1_98' title="bbox 2043 4368 2238 4441">
     <span class='ocr_line' id='line_1_100' title="bbox 2043 4368 2238 4441; baseline 0.026 -21"><span class='ocrx_word' id='word_1_525' title='bbox 2043 4368 2238 4441; x_wconf 84' lang='grc' dir='ltr'>ϐἀραν.</span> 
     </span>
    </p>
   </div>
   <div class='ocr_carea' id='block_1_99' title="bbox 2108 4466 3623 4559">
    <p class='ocr_par' dir='ltr' id='par_1_99' title="bbox 2108 4466 3623 4559">
     <span class='ocr_line' id='line_1_101' title="bbox 2108 4466 3623 4559; baseline 0.002 -41"><span class='ocrx_word' id='word_1_526' title='bbox 2108 4466 2218 4520; x_wconf 89' lang='lat' dir='ltr'><strong>Kal</strong></span> <span class='ocrx_word' id='word_1_527' title='bbox 2249 4468 2281 4538; x_wconf 84' lang='grc' dir='ltr'>ἡ</span> <span class='ocrx_word' id='word_1_528' title='bbox 2310 4466 2363 4531; x_wconf 79' lang='grc' dir='ltr'>ς’</span> <span class='ocrx_word' id='word_1_529' title='bbox 2388 4467 2476 4520; x_wconf 81' lang='grc' dir='ltr'><strong>διὰ</strong></span> <span class='ocrx_word' id='word_1_530' title='bbox 2507 4468 2596 4520; x_wconf 86' lang='grc' dir='ltr'><strong>τὸν</strong></span> <span class='ocrx_word' id='word_1_531' title='bbox 2637 4469 2694 4521; x_wconf 79' lang='grc' dir='ltr'><strong>ἐν</strong></span> <span class='ocrx_word' id='word_1_532' title='bbox 2737 4469 2980 4541; x_wconf 85' lang='grc' dir='ltr'>θαύμασι</span> <span class='ocrx_word' id='word_1_533' title='bbox 3016 4469 3369 4559; x_wconf 53' lang='grc' dir='ltr'>περιώνυμον</span> <span class='ocrx_word' id='word_1_534' title='bbox 3400 4470 3493 4524; x_wconf 77' lang='grc' dir='ltr'>καὶ</span> <span class='ocrx_word' id='word_1_535' title='bbox 3526 4487 3623 4540; x_wconf 86' lang='grc' dir='ltr'>μυ-</span> 
     </span>
    </p>
   </div>
   <div class='ocr_carea' id='block_1_100' title="bbox 2038 4557 2622 4629">
    <p class='ocr_par' dir='ltr' id='par_1_100' title="bbox 2038 4557 2622 4629">
     <span class='ocr_line' id='line_1_102' title="bbox 2038 4557 2622 4629; baseline 0.01 -20"><span class='ocrx_word' id='word_1_536' title='bbox 2038 4557 2305 4629; x_wconf 88' lang='grc' dir='ltr'>ροϐλύτην</span> <span class='ocrx_word' id='word_1_537' title='bbox 2334 4558 2622 4615; x_wconf 79' lang='grc' dir='ltr'>Νικόλαον.</span> 
     </span>
    </p>
   </div>
   <div class='ocr_carea' id='block_1_101' title="bbox 2117 4670 3620 4747">
    <p class='ocr_par' dir='ltr' id='par_1_101' title="bbox 2117 4670 3620 4747">
     <span class='ocr_line' id='line_1_103' title="bbox 2117 4670 3620 4747; baseline 0.005 -25"><span class='ocrx_word' id='word_1_538' title='bbox 2117 4670 2181 4723; x_wconf 81' lang='grc' dir='ltr'><em>Ἤ</em></span> <span class='ocrx_word' id='word_1_539' title='bbox 2213 4677 2241 4722; x_wconf 84' lang='grc' dir='ltr'>ι’</span> <span class='ocrx_word' id='word_1_540' title='bbox 2279 4672 2373 4725; x_wconf 82' lang='grc' dir='ltr'><strong>τοῦ</strong></span> <span class='ocrx_word' id='word_1_541' title='bbox 2407 4672 2739 4746; x_wconf 84' lang='grc' dir='ltr'>Ἰανουαρίου</span> <span class='ocrx_word' id='word_1_542' title='bbox 2781 4676 2869 4730; x_wconf 76' lang='grc' dir='ltr'>διὰ</span> <span class='ocrx_word' id='word_1_543' title='bbox 2911 4679 3001 4730; x_wconf 80' lang='grc' dir='ltr'><strong>τὸν</strong></span> <span class='ocrx_word' id='word_1_544' title='bbox 3052 4675 3277 4747; x_wconf 84' lang='grc' dir='ltr'>Νύσσης</span> <span class='ocrx_word' id='word_1_545' title='bbox 3312 4674 3457 4731; x_wconf 88' lang='grc' dir='ltr'>θεῖον</span> <span class='ocrx_word' id='word_1_546' title='bbox 3483 4676 3620 4747; x_wconf 89' lang='grc' dir='ltr'>Γρη-</span> 
     </span>
    </p>
   </div>
   <div class='ocr_carea' id='block_1_102' title="bbox 2034 4765 2236 4835">
    <p class='ocr_par' dir='ltr' id='par_1_102' title="bbox 2034 4765 2236 4835">
     <span class='ocr_line' id='line_1_104' title="bbox 2034 4765 2236 4835; baseline 0.005 -17"><span class='ocrx_word' id='word_1_547' title='bbox 2034 4765 2236 4835; x_wconf 86' lang='grc' dir='ltr'>γόριον.</span> 
     </span>
    </p>
   </div>
   <div class='ocr_carea' id='block_1_103' title="bbox 2118 4859 3616 4937">
    <p class='ocr_par' dir='ltr' id='par_1_103' title="bbox 2118 4859 3616 4937">
     <span class='ocr_line' id='line_1_105' title="bbox 2118 4859 3616 4937; baseline 0.003 -25"><span class='ocrx_word' id='word_1_548' title='bbox 2118 4859 2179 4912; x_wconf 84' lang='grc' dir='ltr'><strong>Ἡ</strong></span> <span class='ocrx_word' id='word_1_549' title='bbox 2210 4867 2285 4925; x_wconf 82' lang='grc' dir='ltr'>ις’</span> <span class='ocrx_word' id='word_1_550' title='bbox 2316 4861 2403 4914; x_wconf 76' lang='grc' dir='ltr'><strong>διὰ</strong></span> <span class='ocrx_word' id='word_1_551' title='bbox 2443 4862 2542 4934; x_wconf 84' lang='grc' dir='ltr'>τὴν</span> <span class='ocrx_word' id='word_1_552' title='bbox 2590 4865 2964 4934; x_wconf 84' lang='grc' dir='ltr'>προσκύνησιν</span> <span class='ocrx_word' id='word_1_553' title='bbox 2995 4866 3092 4935; x_wconf 80' lang='grc' dir='ltr'>τῆς</span> <span class='ocrx_word' id='word_1_554' title='bbox 3124 4867 3313 4937; x_wconf 80' lang='grc' dir='ltr'>τιμίας</span> <span class='ocrx_word' id='word_1_555' title='bbox 3343 4866 3436 4921; x_wconf 82' lang='grc' dir='ltr'>τοῦ</span> <span class='ocrx_word' id='word_1_556' title='bbox 3459 4882 3616 4935; x_wconf 87' lang='grc' dir='ltr'>κορυ-</span> 
     </span>
    </p>
   </div>
   <div class='ocr_carea' id='block_1_104' title="bbox 2034 4952 3216 5028">
    <p class='ocr_par' dir='ltr' id='par_1_104' title="bbox 2034 4952 3216 5028">
     <span class='ocr_line' id='line_1_106' title="bbox 2034 4952 3216 5028; baseline 0.01 -24"><span class='ocrx_word' id='word_1_557' title='bbox 2034 4952 2197 5021; x_wconf 83' lang='grc' dir='ltr'>φαίου</span> <span class='ocrx_word' id='word_1_558' title='bbox 2228 4954 2337 5006; x_wconf 86' lang='grc' dir='ltr'><strong>τῶν</strong></span> <span class='ocrx_word' id='word_1_559' title='bbox 2369 4955 2685 5009; x_wconf 86' lang='grc' dir='ltr'>ἀποστόλων</span> <span class='ocrx_word' id='word_1_560' title='bbox 2715 4957 2921 5028; x_wconf 83' lang='grc' dir='ltr'>Πέτρου</span> <span class='ocrx_word' id='word_1_561' title='bbox 2948 4958 3216 5022; x_wconf 81' lang='grc' dir='ltr'>ἁλύσεως.</span> 
     </span>
    </p>
   </div>
   <div class='ocr_carea' id='block_1_105' title="bbox 2116 5042 3614 5121">
    <p class='ocr_par' dir='ltr' id='par_1_105' title="bbox 2116 5042 3614 5121">
     <span class='ocr_line' id='line_1_107' title="bbox 2116 5042 3614 5121; baseline 0.001 -25"><span class='ocrx_word' id='word_1_562' title='bbox 2116 5044 2183 5095; x_wconf 86' lang='grc' dir='ltr'><strong>Ἠ</strong></span> <span class='ocrx_word' id='word_1_563' title='bbox 2215 5042 2278 5097; x_wconf 86' lang='grc' dir='ltr'>ιθ’</span> <span class='ocrx_word' id='word_1_564' title='bbox 2305 5044 2395 5098; x_wconf 84' lang='grc' dir='ltr'>διὰ</span> <span class='ocrx_word' id='word_1_565' title='bbox 2433 5046 2532 5117; x_wconf 83' lang='grc' dir='ltr'><strong>τὴν</strong></span> <span class='ocrx_word' id='word_1_566' title='bbox 2574 5047 2912 5118; x_wconf 80' lang='grc' dir='ltr'>ἀνακομιδὴν</span> <span class='ocrx_word' id='word_1_567' title='bbox 2960 5048 3054 5101; x_wconf 77' lang='grc' dir='ltr'><strong>τοῦ</strong></span> <span class='ocrx_word' id='word_1_568' title='bbox 3088 5050 3275 5120; x_wconf 84' lang='grc' dir='ltr'>τιμίου</span> <span class='ocrx_word' id='word_1_569' title='bbox 3301 5049 3496 5121; x_wconf 75' lang='grc' dir='ltr'>νεκροῦ</span> <span class='ocrx_word' id='word_1_570' title='bbox 3528 5045 3614 5101; x_wconf 81' lang='grc' dir='ltr'>τοῦ</span> 
     </span>
    </p>
   </div>
   <div class='ocr_carea' id='block_1_106' title="bbox 2032 5134 2317 5202">
    <p class='ocr_par' dir='ltr' id='par_1_106' title="bbox 2032 5134 2317 5202">
     <span class='ocr_line' id='line_1_108' title="bbox 2032 5134 2317 5202; baseline 0.007 -16"><span class='ocrx_word' id='word_1_571' title='bbox 2032 5134 2317 5202; x_wconf 63' lang='grc' dir='ltr'>Θεολόγου.</span> 
     </span>
    </p>
   </div>
   <div class='ocr_carea' id='block_1_107' title="bbox 2103 5230 3613 5305">
    <p class='ocr_par' dir='ltr' id='par_1_107' title="bbox 2103 5230 3613 5305">
     <span class='ocr_line' id='line_1_109' title="bbox 2103 5230 3613 5305; baseline 0.002 -23"><span class='ocrx_word' id='word_1_572' title='bbox 2103 5230 2214 5282; x_wconf 77' lang='grc' dir='ltr'><strong>Καὶ</strong></span> <span class='ocrx_word' id='word_1_573' title='bbox 2243 5232 2276 5300; x_wconf 79' lang='grc' dir='ltr'>ἡ</span> <span class='ocrx_word' id='word_1_574' title='bbox 2309 5230 2390 5294; x_wconf 75' lang='grc' dir='ltr'><strong>κζ’</strong></span> <span class='ocrx_word' id='word_1_575' title='bbox 2422 5230 2509 5286; x_wconf 79' lang='grc' dir='ltr'><strong>διὰ</strong></span> <span class='ocrx_word' id='word_1_576' title='bbox 2538 5232 2636 5303; x_wconf 84' lang='grc' dir='ltr'><strong>τὴν</strong></span> <span class='ocrx_word' id='word_1_577' title='bbox 2670 5232 3007 5305; x_wconf 84' lang='grc' dir='ltr'>ἀνακομιδὴν</span> <span class='ocrx_word' id='word_1_578' title='bbox 3044 5234 3138 5289; x_wconf 81' lang='grc' dir='ltr'>τοῦ</span> <span class='ocrx_word' id='word_1_579' title='bbox 3180 5234 3478 5305; x_wconf 83' lang='grc' dir='ltr'>σεϐασμίου</span> <span class='ocrx_word' id='word_1_580' title='bbox 3508 5234 3613 5286; x_wconf 85' lang='grc' dir='ltr'>λει-</span> 
     </span>
    </p>
   </div>
   <div class='ocr_carea' id='block_1_108' title="bbox 2030 5322 2791 5396">
    <p class='ocr_par' dir='ltr' id='par_1_108' title="bbox 2030 5322 2791 5396">
     <span class='ocr_line' id='line_1_110' title="bbox 2030 5322 2791 5396; baseline 0.003 -19"><span class='ocrx_word' id='word_1_581' title='bbox 2030 5324 2202 5392; x_wconf 68' lang='grc' dir='ltr'>ψάνου</span> <span class='ocrx_word' id='word_1_582' title='bbox 2241 5322 2336 5376; x_wconf 76' lang='grc' dir='ltr'>τοῦ</span> <span class='ocrx_word' id='word_1_583' title='bbox 2374 5324 2791 5396; x_wconf 85' lang='grc' dir='ltr'>Χρυσοστὸμου.</span> 
     </span>
    </p>
   </div>
   <div class='ocr_carea' id='block_1_109' title="bbox 2116 5434 3609 5510">
    <p class='ocr_par' dir='ltr' id='par_1_109' title="bbox 2116 5434 3609 5510">
     <span class='ocr_line' id='line_1_111' title="bbox 2116 5434 3609 5510; baseline 0.001 -23"><span class='ocrx_word' id='word_1_584' title='bbox 2116 5436 2177 5487; x_wconf 86' lang='lat' dir='ltr'><strong>&#39;II</strong></span> <span class='ocrx_word' id='word_1_585' title='bbox 2215 5434 2258 5499; x_wconf 76' lang='grc' dir='ltr'><strong>ζ’</strong></span> <span class='ocrx_word' id='word_1_586' title='bbox 2308 5436 2399 5489; x_wconf 78' lang='grc' dir='ltr'><strong>τοῦ</strong></span> <span class='ocrx_word' id='word_1_587' title='bbox 2454 5438 2825 5510; x_wconf 81' lang='grc' dir='ltr'>Φευρουαρίου</span> <span class='ocrx_word' id='word_1_588' title='bbox 2868 5438 2955 5491; x_wconf 81' lang='grc' dir='ltr'><strong>διὰ</strong></span> <span class='ocrx_word' id='word_1_589' title='bbox 3005 5440 3096 5492; x_wconf 78' lang='grc' dir='ltr'><strong>τὸν</strong></span> <span class='ocrx_word' id='word_1_590' title='bbox 3156 5439 3609 5510; x_wconf 82' lang='grc' dir='ltr'>μεγαλομάρτυρα</span> 
     </span>
    </p>
   </div>
   <div class='ocr_carea' id='block_1_110' title="bbox 2031 5527 2739 5598">
    <p class='ocr_par' dir='ltr' id='par_1_110' title="bbox 2031 5527 2739 5598">
     <span class='ocr_line' id='line_1_112' title="bbox 2031 5527 2739 5598; baseline 0.003 -19"><span class='ocrx_word' id='word_1_591' title='bbox 2031 5528 2409 5598; x_wconf 67' lang='grc' dir='ltr'>στρατηλάτην</span> <span class='ocrx_word' id='word_1_592' title='bbox 2443 5527 2739 5597; x_wconf 80' lang='grc' dir='ltr'>Θεόδωρον.</span> 
     </span>
    </p>
   </div>
   <div class='ocr_carea' id='block_1_111' title="bbox 2100 5619 3603 5697">
    <p class='ocr_par' dir='ltr' id='par_1_111' title="bbox 2100 5619 3603 5697">
     <span class='ocr_line' id='line_1_113' title="bbox 2100 5619 3603 5697; baseline 0 -24"><span class='ocrx_word' id='word_1_593' title='bbox 2100 5621 2209 5673; x_wconf 78' lang='grc' dir='ltr'>Καὶ</span> <span class='ocrx_word' id='word_1_594' title='bbox 2234 5621 2267 5691; x_wconf 82' lang='grc' dir='ltr'>ἡ</span> <span class='ocrx_word' id='word_1_595' title='bbox 2294 5619 2357 5685; x_wconf 78' lang='grc' dir='ltr'><strong>ιζ’</strong></span> <span class='ocrx_word' id='word_1_596' title='bbox 2380 5622 2467 5675; x_wconf 67' lang='grc' dir='ltr'><strong>διὰ</strong></span> <span class='ocrx_word' id='word_1_597' title='bbox 2492 5623 2581 5675; x_wconf 73' lang='grc' dir='ltr'>τὸν</span> <span class='ocrx_word' id='word_1_598' title='bbox 2614 5622 2921 5694; x_wconf 82' lang='grc' dir='ltr'>ἁθληφόρον</span> <span class='ocrx_word' id='word_1_599' title='bbox 2948 5625 3220 5697; x_wconf 76' lang='grc' dir='ltr'>Θεόδωρον</span> <span class='ocrx_word' id='word_1_600' title='bbox 3240 5626 3333 5681; x_wconf 78' lang='grc' dir='ltr'>τὸν</span> <span class='ocrx_word' id='word_1_601' title='bbox 3359 5627 3603 5697; x_wconf 69' lang='grc' dir='ltr'>Τήρωνα.</span> 
     </span>
    </p>
   </div>
  </div>
