3916 6244
324 280 457 345 1073

1322 270 1810 337 NOMOCANON-
1836 293 1905 307 -
1933 268 2084 329 ΤΙΤ-
2122 268 2256 343 VII,
2293 266 2452 329 CAP.
2496 263 2708 328 ΙΙ-ΙΙΙο

3465 257 3603 325 1074

398 392 464 446 Ἥ
498 391 544 446 θ’
567 389 666 445 τοῦ
687 387 962 461 Μαρτίου,
984 387 1061 452 ὼς
1080 387 1181 459 τῆς
1204 386 1426 458 μνήμης
1449 384 1779 456 τελουμένης
1802 380 1911 435 τῶν

2078 376 2209 432 Item
2242 391 2424 433 nonus
2455 374 2656 444 Martii,
2685 388 2883 446 nempe
2901 373 3045 445 quod
3086 370 3253 448 [tum]
3289 380 3605 429 sanctorum

319 486 489 558 ἁγίων
525 483 823 556 μαρτύρων
853 481 947 536 τοῦ
970 478 1211 554 Χριστοῦ
1247 477 1321 551 μ’.

400 674 463 728 Ἦ
507 680 594 741 κγ’
643 670 740 725 τοῦ
796 668 1109 742 Ἀπριλλίου
1160 666 1367 739 ὼςίτοῦ
1423 661 1913 737 μεγαλομάρτυρος

316 766 595 838 Γεωργίου
625 783 678 819 τι
686 763 966 835 μωμένου.

402 861 464 914 Ἦ
494 857 539 930 β’
567 857 665 912 τοῦ
697 857 876 913 Μαΐου
898 853 986 909 διὰ
1018 852 1110 908 τὸν
1143 852 1319 924 μέγαν
1353 849 1694 905 Ἀθανάτων.

400 1049 467 1102 Ἡ
498 1046 547 1119 η’
577 1046 671 1101 τοῦ
715 1044 935 1100 Ἰουνίου
979 1043 1069 1098 διὰ
1114 1042 1209 1098 τὸν
1244 1038 1711 1112 μεγαλομάρτυρα
1748 1051 1913 1104 στρα-

317 1141 562 1213 τηλάτην
595 1139 890 1211 Θεόδωρον.

405 1234 473 1287 Ἠ
494 1231 537 1287 θ’
571 1232 664 1287 διὰ
701 1231 796 1287 τὸν
826 1232 976 1287 ὅσιον
1021 1228 1245 1301 Πατέρα
1269 1226 1430 1300 ἡμῶν
1459 1223 1730 1296 Κύριλλον
1768 1220 1917 1275 Ἀλε-

319 1326 628 1398 ξανδρείας.

390 1420 504 1475 Καὶ
526 1421 560 1491 ή
582 1416 664 1484 κζ’
688 1417 776 1474 διὰ
800 1416 892 1472 τὸν
911 1417 1057 1471 ὅσιον
1084 1416 1181 1471 καὶ
1209 1412 1632 1486 θαυματουργδν
1651 1409 1914 1482 Σαμψών.

400 1600 467 1653 Ἦ
491 1597 541 1654 α’
566 1598 661 1653 τοῦ
696 1597 950 1653 Ἰουλλίου
980 1598 1063 1652 ὅτι
1088 1599 1147 1651 ὲν
1168 1598 1307 1669 αὐτῇ
1330 1595 1440 1651 τῶν
1469 1596 1644 1665 ἁγίων
1670 1594 1764 1648 καὶ
1787 1594 1919 1647 ϐαυ-

320 1692 652 1765 ματουργῶν
681 1692 777 1746 καὶ
799 1690 1127 1763 ἀναργύρων
1156 1689 1255 1763 τὴν
1288 1691 1511 1761 μνήμην
1537 1686 1824 1759 τελοῦμεν.

2016 468 2379 540 quadraginta
2430 467 2637 524 Christi
2679 474 2985 540 martyrum
3049 464 3320 522 memoria
3363 464 3606 520 celebre-

2017 570 2125 615 llll'.

2089 652 2221 708 Item
2249 650 2547 707 vicesimus
2576 649 2770 706 tertius
2807 649 3031 717 Aprilis,
3056 649 3257 720 quippe
3283 648 3411 720 quia
3443 648 3607 721 [tum]

2024 746 2349 818 magnificus
2378 752 2583 815 martyr
2611 742 2877 815 Georgius
2906 744 3227 799 honoretur.

2088 836 2226 892 Item
2285 835 2563 891 secundus
2601 831 2752 901 Maii,
2798 832 2854 888 in
2901 832 3170 889 honorem
3219 831 3402 902 magni
3440 832 3610 887 Atha-

2020 928 2183 983 nasii.

2086 1021 2219 1076 Item
2252 1028 2483 1077 octavus
2535 1017 2707 1084 Junii,
2744 1018 2798 1073 in
2833 1019 3095 1075 honorem
3139 1016 3417 1089 magnifici
3465 1033 3611 1072 mar-

2023 1112 2161 1184 tyris
2183 1111 2485 1179 Theodori,
2518 1111 2796 1167 exercitus
2824 1109 3001 1165 ducis.

2092 1206 2226 1260 Item
2259 1220 2465 1271 nonus,
2497 1205 2551 1260 in
2582 1204 2844 1260 honorem
2881 1203 3054 1268 sancti
3084 1200 3262 1258 Patris
3306 1200 3477 1257 nostri
3506 1199 3611 1271 Cy-

2023 1297 2129 1354 rilli
2154 1297 2534 1353 Alexandrini.

2094 1391 2227 1446 Item
2274 1392 2575 1448 vicesimus
2621 1391 2909 1463 septimus,
2957 1390 3011 1444 in
3042 1391 3307 1445 honorem
3358 1387 3528 1444 sancti
3558 1395 3615 1442 et

2023 1483 2343 1541 miraculosi
2382 1483 2687 1540 Samsonis.

2093 1576 2227 1634 Item
2261 1577 2472 1647 primus
2514 1576 2665 1641 Julii,
2715 1576 2843 1645 quia
2872 1585 2988 1631 tum
3022 1586 3338 1631 sanctorum
3370 1582 3424 1629 et
3454 1573 3615 1627 mira-

2025 1669 2342 1726 culosorum
2385 1685 2687 1740 pauperum
2731 1668 2950 1724 illorum
2990 1668 3315 1723 memoriam
3351 1667 3608 1722 colimus.

401 1787 468 1840 'H
503 1752 661 1857 hiatu
681 1785 780 1856 τῆς
805 1752 1155 1848 καταδέσεως
1328 1752 1779 1855 τιμίαςιὲσθῆτος
1819 1778 1921 1850 τῆς

2091 1761 2224 1819 Item
2267 1763 2565 1829 secundus,
2603 1762 2729 1832 quia
2777 1760 3175 1831 depositionem
3231 1760 3483 1830 pretiosa:
3517 1774 3611 1813 ve-

316 1878 665 1948 Θεομήτορος
696 1877 1134 1949 μνημονεύομεν.

402 1970 470 2025 Ἦ
508 1968 559 2042 η’
587 1971 670 2025 ὅτι
698 1968 791 2025 τὸν
828 1969 1217 2042 μεγαλομάρτυ
1228 1985 1296 2041 ρα
1324 1965 1633 2039 Προκόπιον
1663 1963 1917 2038 ἑορτάζο-

328 2078 451 2134 μεν.

400 2171 469 2225 Ἦ
497 2169 565 2225 ια’
588 2171 672 2226 ὅτι
697 2173 798 2244 τὴν
826 2170 1247 2244 καλλιμάρτυρα
1279 2171 1576 2243 Εὐφημίαν
1606 2168 1914 2243 πανηγυρί-

354 2280 511 2318 ομεν.

354 2280 385 2317 ο
461 2281 511 2318 ν.

321 2265 355 2330 ζ
389 2281 473 2411 ξι
507 2354 554 2410 κ’
585 2357 670 2411 ὅτι
713 2357 1003 2429 προφήτην
1040 2355 1223 2412 Ἠλίαν
1252 2356 1525 2429 τιμῶμεν.

405 2548 471 2602 Ἦ
502 2546 583 2613 κζ’
606 2548 688 2602 ὅτι
716 2546 809 2602 τὸν
838 2546 1140 2619 ἀθλοφόρον
1166 2544 1263 2601 καὶ
1292 2544 1711 2616 Θαυματουργὸν
1736 2545 1917 2599 Παντ-

326 2642 450 2714 ελεή
460 2660 597 2715 μονα
622 2642 978 2715 ἑορτάζομεν.

400 2823 513 2878 Καὶ
541 2825 577 2896 ἡ
608 2822 704 2879 τοῦ
728 2823 1044 2895 Αὐγούστου
1082 2822 1186 2890 λα’,
1216 2824 1307 2878 διὰ
1329 2824 1429 2895 τὴν
1461 2825 1562 2896 τῆς
1595 2825 1784 2897 τιμίας
1813 2824 1919 2892 ζώ-

330 2934 429 2988 νης
457 2917 558 2989 τῆς
576 2918 849 2990 ἁχράντου
877 2918 1142 2993 Θεοτόκου
1175 2918 1530 2974 κατάστασιν.

2028 1856 2127 1912 stis
2160 1854 2251 1910 Dei
2285 1854 2584 1910 Genitricis
2616 1855 2934 1909 recolimus.

2099 1948 2235 2004 Item
2267 1958 2519 2013 octavus,
2541 1948 2669 2018 quia
2698 1947 3051 2018 magnificum
3084 1953 3383 2016 martyrem
3414 1941 3617 1998 Proco-

2026 2040 2178 2112 pium
2213 2038 2485 2095 festiviter
2533 2038 2895 2093 honoramus.

2098 2145 2230 2204 Item
2268 2147 2616 2214 undecimus,
2642 2148 2768 2217 quia
2798 2147 3057 2203 eximiam
3084 2153 3382 2217 martyrem
3408 2143 3617 2215 Euphe-

2031 2240 2196 2295 miam
2241 2241 2713 2297 concelebramus.

2098 2333 2235 2389 Item
2264 2334 2597 2404 vicesimus,
2636 2334 2764 2405 quia
2791 2335 3118 2405 prophetam
3154 2332 3329 2389 Eliam
3378 2332 3621 2388 honora-

2033 2439 2176 2480 mus.

2106 2519 2237 2574 Item
2269 2518 2565 2574 vicesimus
2603 2519 2888 2589 septimus,
2941 2517 3203 2588 quoniam
3237 2514 3477 2586 praamiis
3523 2512 3618 2567 de-

2030 2622 2276 2667 coratum
2326 2622 2381 2668 et
2443 2612 2837 2669 miraculosum
2892 2610 3373 2669 Panteleemonem
3428 2606 3623 2663 festive

2031 2704 2290 2759 colimus.

2105 2794 2239 2852 Item
2293 2797 2607 2854 tricesimus
2642 2799 2854 2869 primus
2903 2796 3171 2868 Augusti,
3226 2802 3451 2867 propter
3492 2808 3618 2864 pre-
3696 2850 3697 2855 η

2031 2890 2162 2945 tiosi
2215 2890 2418 2963 cinguli
2452 2892 2817 2949 immaculata;
2859 2890 2953 2949 Dei
3004 2890 3300 2948 Genitricis
3325 2886 3625 2961 depositio-

2035 2998 2178 3037 nem.

401 3091 574 3154 Δῦται
613 3099 678 3170 δὴ
712 3100 769 3153 αί
816 3099 935 3164 πῶς
982 3099 1082 3172 μὲν
1128 3100 1425 3172 ἄπρακτοι,
1461 3099 1579 3163 πῶς
1620 3099 1677 3153 δὲ
1705 3098 1924 3170 ἔμπρα-

2100 3073 2279 3144 Atque
2311 3073 2364 3129 hi
2408 3074 2656 3147 [quidem
2698 3072 2817 3129 dies
2851 3071 3026 3144 sunt],
3064 3072 3160 3142 qui
3211 3067 3624 3142 quodammodo

334 3209 473 3247 κτοι.
504 3193 619 3256 Τὰς
655 3192 838 3263 μέντοι
881 3191 971 3245 διὰ
1015 3190 1304 3264 βασιλικὴν
1344 3192 1378 3262 ἢ
1425 3190 1701 3261 γέννησιν,
1738 3188 1933 3261 ἢὰνα-

334 3293 589 3362 γόρευσιν
628 3289 997 3361 σχολαζούσας
1036 3290 1146 3344 τῶν
1174 3288 1396 3362 ἡμερῶν
1413 3329 1430 3355 ,
1456 3287 1553 3342 καὶ
1581 3286 1787 3350 ταύτας
1807 3288 1930 3351 ταῖς

335 3387 681 3459 ὲμπράκτοις
715 3386 959 3458 ἐγκρίνει
986 3386 1020 3457 ἡ
1044 3384 1293 3456 βασιλεία
1324 3402 1452 3454 μου,
1475 3383 1569 3453 ἀφ’
1601 3382 1803 3454 ἑαυτῆς
1828 3384 1929 3451 ἁρ-

337 3482 540 3551 χομένη
585 3478 682 3533 τοῦ
728 3480 1000 3551 παρόντος
1037 3476 1541 3549 θεσμοθετήματος,
1587 3476 1683 3531 καὶ
1731 3478 1790 3529 ἐν
1843 3471 1929 3539 οἷς

339 3574 475 3645 αὐτῇ
509 3572 868 3644 διαπράξαιτο
894 3571 1226 3626 διδάσκουσα
1251 3571 1380 3634 τοὺς
1410 3570 1656 3635 λοιπούς.
1690 3570 1802 3641 Ούχ
1833 3568 1928 3623 οῦ-

340 3681 414 3717 τω
440 3665 553 3737 γὰρ
579 3667 608 3719 ὁ
641 3666 744 3736 τῆς
771 3663 1058 3734 παρούσης
1085 3661 1386 3729 διατάξεως
1407 3661 1565 3731 λόγος
1594 3660 1774 3715 πείσει
1797 3661 1928 3725 τοὺς

341 3756 488 3828 αὐτῷ
528 3756 988 3828 προσανέχοντας,
1018 3756 1096 3818 ὡς
1121 3756 1156 3826 ὴ
1186 3754 1339 3826 παρὰ
1368 3755 1469 3825 τῆς
1500 3753 1779 3826 βασιλείας
1823 3770 1927 3825 μου

340 3848 558 3917 πρᾶξιςο
587 3848 760 3912 αὐτὰς
782 3849 892 3919 γὰρ
915 3846 1015 3911 τὰς
1038 3846 1255 3918 ἡμέρας
1283 3847 1342 3901 ὲν
1364 3841 1454 3911 αἷς
1478 3848 1511 3918 ἡ
1543 3845 1790 3917 βασιλεία
1825 3863 1924 3918 μου

341 3943 432 3995 καὶ
469 3943 550 4004 είς
582 3941 672 3995 τὸν
704 3941 830 4011 τῇδε
865 3940 976 4011 βίον
1008 3942 1391 4011 προεισῆκται,
1436 3940 1531 3995 καὶ
1581 3941 1662 4003 είς
1702 3938 1929 4011 βασιλέα

342 4032 565 4103 προνοίᾳ
593 4031 731 4086 Θεοῦ
758 4031 1144 4104 ἀνηγόρευται,
1177 4030 1532 4103 ὲμπροὶκτους
1556 4026 1696 4084 εἶναι
1734 4030 1927 4084 Θεσπί-

341 4125 441 4192 ςει,
486 4126 585 4180 καὶ
636 4125 911 4197 μηδεμίαν
946 4125 1259 4196 ἐκεχειρίαν
1301 4126 1361 4178 ὲν
1392 4124 1619 4188 ταύταις
1661 4123 1817 4193 ἄγειν
1857 4122 1928 4176 τὰ

338 4218 691 4289 δικαστήρια.
747 4218 926 4272 Πᾶσαι
977 4219 1160 4289 μέντοι
1194 4221 1248 4272 al
1280 4217 1430 4289 παρὰ
1469 4218 1567 4281 τὰς
1606 4217 1720 4271 ἅνω
1768 4234 1931 4271 κατα-

342 4311 674 4383 στραφείσας
699 4312 914 4383 ἡμέρας
942 4312 1037 4365 τοῦ
1070 4311 1287 4383 χρόνου,
1313 4313 1410 4366 καὶ
1439 4312 1749 4383 ἔμπρακτοι
1776 4310 1929 4364 ἔσον-

340 4422 449 4469 ται,
495 4405 593 4459 καὶ
631 4404 960 4476 δικαστήρια
1004 4405 1063 4458 ὲν
1098 4406 1292 4469 αὑταῖς
1334 4406 1681 4477 γενήσονται,
1711 4404 1809 4459 καὶ
1838 4409 1931 4459 ἐκ·
1959 4410 2013 4470 Ι)

342 4497 604 4567 ϐιϐασμοὶ
626 4497 935 4561 ἀκολούθως
958 4500 1079 4561 ταῖς
1106 4498 1449 4561 δικαστικαίς
1475 4497 1810 4568 ἀποφάσεσι.
1831 4497 1935 4551 Πέ-

342 4605 576 4659 πεισμαι
622 4588 678 4642 δὲ
730 4588 813 4642 ὅτι
865 4587 963 4642 καὶ
1001 4586 1122 4659 Θεῷ
1154 4588 1307 4657 φίλον
1344 4587 1500 4642 ἔσται
1535 4588 1596 4641 τὸ
1630 4587 1805 4660 παρὸν
1834 4586 1934 4657 τῆς

344 4680 627 4751 βασιλείας
692 4697 793 4751 μου
855 4680 1260 4752 Θεσμοθέτημοι.
1302 4679 1620 4746 Ταλανίζων
1664 4680 1774 4751 γὰρ
1809 4680 1938 4745 τοὺς

341 4772 672 4845 Φαρισαίους
694 4773 722 4826 ὁ
745 4772 970 4846 Κύριος,
1001 4773 1099 4828 καὶ
1124 4771 1292 4828 αὐτοῦ
1316 4772 1410 4827 τοῦ
1441 4772 1593 4827 ἐλέου
1624 4772 1725 4844 τὴν
1755 4771 1937 4844 κρίσιν

343 4866 666 4938 προσέταξε.

415 5053 668 5105 ΚΕΦᾹΔ.
702 5050 779 5106 Β’.
810 5080 878 5093 --
910 5051 1051 5119 Περὶ
1087 5050 1193 5104 τοῦ
1238 5050 1391 5118 μήτε
1424 5049 1540 5117 τὴν
1577 5049 1757 5118 λεχὼ,
1785 5048 1939 5118 μήτε

347 5145 451 5199 τὸν
500 5146 571 5199 ἐκ
617 5146 811 5199 νόσου
846 5143 934 5213 μὴ
982 5141 1327 5213 δυνάμενον
1376 5141 1819 5212 ἀναγκάζεσθαι
1872 5142 1937 5196 τὸ

349 5240 559 5309 πάσχα
579 5241 926 5307 νηστεύειν.

420 5333 691 5405 Τιμοθέου
724 5332 907 5389 κανὼν
937 5331 1008 5404 η’,
1040 5340 1091 5387 ι’.

420 5448 673 5500 ΚΕΦΑΛ.
707 5444 780 5500 Γ¹.
812 5476 883 5485 -
907 5445 1048 5513 Περὶ
1086 5444 1198 5515 τῆς
1233 5446 1460 5515 ἡμέρας
1506 5444 1606 5498 καί
1651 5443 1763 5511 τῆς
1785 5441 1941 5512 ὥρας

353 5539 458 5610 τῆς
486 5541 864 5610 Πασχαλίου,
896 5540 995 5594 καί
1022 5538 1141 5592 τῶν
1167 5541 1532 5607 Θεοφανίων.

436 5634 779 5687 ’Λποστόλων
838 5632 1021 5687 κανὼν
1075 5631 1152 5697 ζ’·
1199 5634 1416 5686 συνόδου
1464 5632 1794 5703 Ἀντιοχείας
1845 5649 1941 5685 κα-

357 5724 461 5781 νὼν
488 5727 564 5780 α¹’
596 5727 817 5781 συνόδου
847 5726 1211 5799 Καροαγένης
1253 5726 1432 5781 κανὼν
1462 5723 1541 5794 ογ¹
1566 5742 1577 5755 ·
1611 5724 1827 5778 συνόδου
1863 5724 1934 5787 ς’,

2033 3163 2234 3229 feriati,
2282 3162 2774 3233 etfquodammodo
2819 3177 2927 3217 non
2974 3161 3153 3216 feriati
3206 3170 3355 3216 sunt.
3408 3159 3621 3225 Quibus

2033 3271 2165 3311 vero
2214 3253 2457 3328 [diebus]
2503 3264 2725 3326 propter
2766 3252 3118 3309 Nativitatem
3167 3260 3262 3306 aut
3291 3250 3623 3305 creationem

2034 3350 2301 3421 principis
2334 3349 2623 3416 feriantur,
2662 3349 2762 3405 hos
2794 3347 3155 3419 imperatoria
3204 3360 3326 3400 mea
3361 3344 3626 3414 majestas

2036 3445 2179 3498 inter
2205 3458 2316 3499 non
2349 3441 2573 3499 feriatos
2602 3443 2837 3501 collocat
2880 3460 2893 3498 :
2925 3456 2990 3497 ac
3024 3448 3348 3511 praesentem
3378 3438 3624 3493 sanctio-

2036 3549 2160 3589 nem
2209 3548 2241 3590 a
2298 3549 2358 3590 se
2412 3534 2727 3603 inchoans,
2776 3534 2969 3590 iisdem
3027 3532 3258 3603 ipsamct
3299 3530 3526 3599 reliquis
3570 3528 3625 3583 in

2037 3626 2352 3697 exemplum
2414 3625 2745 3700 [quidpiam]
2795 3632 3085 3696 peractura
3124 3634 3228 3680 est.
3261 3622 3380 3679 Non
3400 3620 3628 3693 perinde

2037 3719 2182 3775 enim
2220 3722 2511 3792 praesentis
2555 3720 2969 3776 constitutionis
3011 3733 3190 3774 sermo
3220 3711 3625 3789 {quantumvis}

2037 3813 2092 3867 in
2116 3813 2269 3869 illum
2299 3814 2544 3883 attentis,
2570 3824 2734 3886 atque
2766 3813 3135 3884 imperatoriae
3163 3809 3467 3880 majestatis
3493 3822 3629 3862 meae

2035 3907 2183 3962 actio
2210 3906 2562 3978 persuadeat.
2593 3908 2715 3961 Mea
2740 3906 2925 3976 itaque
2952 3903 3301 3975 imperatoria
3341 3901 3626 3972 majestas,

2037 4000 2238 4069 quibus
2278 3999 2473 4055 diebus
2525 4007 2638 4053 tum
2679 3999 2733 4053 in
2787 3998 2933 4054 hanc
2964 3997 3135 4053 vitam
3188 3996 3477 4066 producta,
3510 4003 3625 4047 tum

2033 4092 2219 4147 divina
2258 4090 2614 4147 Providentia
2650 4091 2705 4146 in
2760 4090 3147 4160 imperatorem
3185 4088 3470 4157 designata
3519 4096 3625 4150 est,

2037 4198 2104 4238 ne
2136 4183 2260 4257 [illi]
2294 4182 2478 4240 feriati
2504 4184 2614 4239 sint
2638 4199 2814 4253 neque
2840 4182 2981 4238 ullas
3015 4181 3269 4237 inducias
3304 4180 3358 4233 in
3388 4179 3496 4233 illis
3534 4178 3624 4248 ju-

2037 4277 2180 4332 dicia
2207 4278 2471 4344 habeant,
2503 4277 2699 4331 sancit.
2728 4275 2873 4330 Sane
2897 4282 3092 4345 praeter
3132 4288 3299 4343 supra
3321 4272 3629 4342 descriptos

2040 4370 2170 4426 anni
2204 4371 2345 4435 dies,
2383 4384 2576 4424 omnes
2604 4366 2743 4442 [alii]
2779 4367 2909 4424 fasti
2935 4376 3119 4433 erunt,
3153 4377 3207 4421 et
3249 4366 3303 4420 in
3355 4364 3630 4435 illisjudi-

2038 4463 2145 4526 cia,
2193 4460 2615 4532 judiciariisque
2642 4460 2932 4517 sententiis
2983 4462 3369 4515 consentaneae
3394 4473 3629 4513 exsecu-

2039 4556 2217 4610 tiones
2280 4554 2703 4611 exercebuntur.
2747 4553 3077 4609 Persuasum
3129 4560 3311 4608 autem
3364 4551 3630 4606 habemus
3682 4546 3691 4553 ’

2038 4649 2326 4705 Decetiam
2346 4649 2871 4719 hancimperatorire
2901 4664 3032 4702 uncae
3063 4645 3363 4717 majestatis
3387 4644 3631 4700 sanctio-

2040 4758 2162 4797 nem
2195 4740 2309 4797 fore
2337 4748 2568 4813 gratam.
2601 4740 2739 4797 Cum
2785 4743 2931 4797 enim
2975 4740 3284 4796 Pharisaeos
3310 4754 3631 4795 exsecrare-

2041 4847 2131 4891 tur
2189 4838 2476 4901 Dominus,
2525 4835 2855 4907 [neglectum
2907 4836 2976 4889 ab
3033 4832 3189 4905 ipsis]
3240 4830 3634 4887 misericordiae

2037 4928 2305 4999 judicium
2331 4940 2459 4984 ante
2489 4930 2675 4984 omnia
2701 4938 2962 4984 causatus
2991 4935 3095 4981 est.

2115 5040 2269 5097 CAP.
2301 5039 2367 5096 11.
2391 5070 2458 5082 --
2487 5038 2570 5094 Ne
2613 5054 2890 5108 puerpera,
2940 5052 3100 5104 neque
3132 5035 3220 5106 qui
3250 5050 3342 5104 per
3387 5032 3649 5089 morbum,

2044 5155 2145 5192 non
2173 5136 2362 5208 possit,
2398 5133 2600 5188 Pascha
2623 5131 2871 5203 jejunare
2898 5139 3137 5199 cogatur.

2115 5325 2389 5382 Timothei
2415 5338 2590 5381 canon
2630 5321 2683 5385 8,
2714 5320 2799 5375 I0.

2119 5437 2271 5494 CAP.
2326 5434 2412 5490 Ill.
2443 5463 2513 5476 -—
2544 5431 2621 5485 De
2670 5432 2757 5484 die
2800 5438 2954 5497 atque
3002 5436 3233 5496 tempore
3286 5424 3558 5488 Paschali,
3585 5435 3633 5478 et

2050 5530 2422 5603 Theophaniis.

2117 5623 2501 5697 Apostolorum
2521 5636 2695 5677 canon
2718 5619 2772 5686 7;
2793 5615 3013 5673 concilii
3035 5611 3362 5669 Antiochcni
3386 5624 3559 5665 canon
3583 5609 3631 5673 l;

2052 5720 2269 5779 ruucilii
2301 5715 2751 5786 Carthagincusis
2783 5728 2957 5769 canon
2995 5710 3094 5777 '73;
3131 5705 3346 5765 concilii
3380 5705 3512 5760 sexti
3548 5720 3634 5758 ra,
