3744 6218
133 302 272 368 1077

1155 304 1640 369 NOMOCANON.
1666 331 1736 344 -
1763 307 1912 368 TIT.
1950 305 2111 381 VIII,
2155 306 2313 368 CAP.
2346 305 2400 366 Ι.

3269 301 3408 368 1078

127 413 326 484 γέννης
371 411 551 468 κανὼν
609 431 710 483 νγ,
740 431 931 481 νς,οε
963 431 976 446 ·
1023 415 1246 472 συνόδου
1277 424 1355 483 ς’,
1398 417 1579 472 κανὼν
1624 418 1717 483 κε’1

1871 416 2076 472 inensis
2103 430 2280 472 canon
2303 416 2394 482 55,
2426 414 2515 482 56,
2540 415 2605 472 71
2637 433 2653 484 ;
2687 413 2910 472 concilii
2947 415 3088 472 sexti
3119 416 3416 492 canon25,

128 504 235 569 λς’,
258 503 363 571 λζ’,
400 505 504 575 λη’,
538 503 637 560 λθ’.

195 595 511 664 Κείμενον.
562 596 630 650 Ἡ
652 594 709 660 ς’
746 597 888 653 διάτ.
949 597 1046 653 τοῦ
1072 597 1115 670 β’
1140 599 1244 656 τίτ.
1300 599 1396 654 τοῦ
1428 608 1474 654 α’
1507 601 1718 673 βιϐλίου

124 687 221 742 τοῦ
235 687 485 754 κώδικος,
511 691 675 760 φησιν
696 691 779 744 ὅτι
799 691 919 757 τὰς,
947 709 1004 748 κ.
1025 710 1078 749 τ.
1107 693 1182 760 λ.,
1200 709 1373 765 usque
1399 696 1468 752 ad
1499 696 1720 769 Ῥώμην

123 780 298 852 αὐτὴν
333 780 696 851 ὀνομάζεσθαι
719 782 889 852 λέγει.

194 871 479 941 Σχόλιον.
524 873 590 928 Ἠ
619 873 672 940 ς’
700 875 864 944 διάτ.,
897 875 993 932 τοῦ
1023 885 1071 934 α’
1109 877 1316 949 βιϐλίου
1343 881 1438 936 τοῦ
1463 883 1716 952 κώδικος,

127 963 245 1016 ἐστι
269 981 402 1034 κεφ.
431 972 507 1032 ς’,
542 966 636 1020 τοῦ
663 965 712 1020 α’
738 968 871 1036 τίτ.,
923 970 1018 1024 τοῦ
1044 970 1085 1023 ε’
1122 971 1327 1043 βιϐλίου
1359 974 1469 1029 τῶν
1493 977 1718 1030 Βασιλι-

129 1054 239 1110 κῶν
267 1054 445 1118 οὕτως
471 1056 593 1128 έχον
621 1058 696 1123 ὡς
725 1062 1104 1134 κατεστρώθη.
1137 1065 1212 1118 Τὸ
1233 1065 1292 1118 δὲ
1311 1065 1426 1136 ἔχει
1449 1068 1540 1122 τὸν
1559 1071 1718 1124 Κων-

129 1150 629 1215 σταντινουπόλεως
661 1152 730 1206 τὰ
753 1153 1026 1224 προνόμια
1051 1155 1153 1225 τῆς
1199 1156 1436 1222 παλαιᾶς
1475 1159 1716 1231 Ῥώμης,

130 1240 189 1293 οὐ
219 1241 526 1311 προσετέθη
580 1243 757 1306 είςτά
789 1243 1078 1300 Βασιλικά.
1123 1249 1422 1317 Ἀνάγνωθι
1479 1252 1575 1306 καὶ
1627 1254 1720 1308 τὸν

128 1328 210 1400 κη’
242 1332 446 1385 κανόνα
468 1332 568 1404 τῆς
596 1333 636 1387 δ’
645 1325 902 1403 συνόδου,
936 1338 1028 1392 καὶ
1053 1339 1123 1393 τὰ
1150 1343 1209 1394 ἐν
1240 1342 1390 1413 αὐτῷ
1413 1345 1715 1414 γραφέντα.

141 1425 204 1480 Ἦ
236 1425 312 1492 ις’
341 1426 485 1481 διάτ.
545 1429 640 1482 τοῦ
671 1429 715 1498 β’
747 1430 854 1484 τίτ.
921 1431 1016 1484 τοῦ
1049 1439 1096 1484 α’
1129 1432 1337 1502 βιϐλίου
1365 1436 1460 1488 106
1489 1435 1721 1502 κώδικος

126 1519 222 1572 οὐκ
251 1519 419 1589 ἐτέθη
449 1521 531 1584 είς
560 1522 630 1574 τά
655 1520 938 1576 Βασιλικά.
983 1522 1049 1578 Ἦ
1079 1524 1152 1577 λε’
1179 1526 1344 1592 διάτ.,
1409 1528 1502 1581 τοῦ
1533 1535 1584 1596 γ’
1611 1530 1716 1584 τίτ.

124 1611 216 1663 106
242 1617 293 1663 α’
328 1611 538 1681 βιϐλίου
565 1614 659 1667 τοῦ
689 1614 943 1680 κώδικος,
993 1615 1109 1670 ἔστι
1137 1635 1262 1687 κεφ.
1292 1617 1341 1688 γ’
1373 1620 1469 1673 106
1534 1620 1581 1675 α’
1613 1621 1715 1678 τίτ.

126 1702 216 1754 τοῦ
255 1701 304 1770 γ’
333 1703 544 1774 βιϐλίου
595 1707 704 1759 τῶν
745 1708 1051 1762 Βασιλικῶν
1087 1709 1263 1773 οὕτως
1291 1711 1416 1781 ἕχον
1441 1713 1520 1776 ώς
1547 1716 1628 1776 εἰς
1658 1714 1722 1767 τὸ

126 1794 378 1864 κείμενον
441 1798 752 1870 συνωψίσθη
784 1799 910 1853 ἄνευ
942 1800 1038 1854 106
1071 1801 1218 1873 ἔχειν
1250 1804 1342 1856 τὸν
1366 1807 1715 1860 Κωνσταντι-

126 1887 432 1953 νουπόλεως
479 1891 549 1944 τὰ
605 1891 877 1963 προνόμια
931 1893 1032 1964 τῆς
1085 1893 1326 1966 ἀρχαίας
1369 1895 1610 1966 Ῥώμης.
1652 1897 1717 1950 Ἡ

125 1976 172 2030 α’
190 1979 296 2033 διά.
328 1979 430 2034 τοῦ
458 1981 540 2036 κα’
570 1982 674 2039 τίτ.
724 1985 818 2038 τοῦ
847 1983 914 2039 ια’
952 1985 1161 2056 βιϐλίου
1189 1987 1284 2041 τοῦ
1307 1987 1561 2055 κώδικος,
1596 1988 1718 2042 ἔστι

129 2088 245 2140 κεφ.
271 2071 324 2139 ς’
411 2075 508 2128 106
547 2074 594 2129 α’
627 2078 733 2133 τίτ.
793 2078 890 2133 τοῦ
921 2078 962 2133 ε’
1003 2080 1213 2151 βιϐλίου
1249 2081 1359 2135 τῶν
1409 2083 1718 2137 Βασιλικῶν

125 2163 300 2229 οὕτως
349 2165 513 2237 ἕχον·
569 2169 634 2223 Ἡ
655 2172 1228 2236 Κωνσταντινούπολις
1271 2175 1346 2245 μὴ
1399 2175 1560 2246 μόνον
1617 2176 1718 2247 τῆς

143 2257 393 2326 Ἰταλίας,
453 2261 592 2316 ἀλλά
647 2265 740 2317 καὶ
795 2252 968 2332 αὐτῆς
1016 2266 1118 2337 τῆς
1159 2266 1380 2339 Ῥώμης
1403 2269 1722 2340 προνομίοις

131 2353 444 2424 κεχρήσθω.
477 2355 541 2407 Ἦ
569 2355 626 2409 δὲ
650 2355 696 2410 α’
720 2357 862 2412 διάτ.
919 2358 1019 2412 τοῦ
1044 2357 1108 2424 ιζ’
1133 2360 1238 2414 τίτ.
1297 2359 1392 2414 106
1428 2367 1476 2414 α’
1509 2360 1715 2431 βιϐλίου

130 2443 218 2496 τοῦ
248 2444 505 2512 κώδικος,
527 2447 643 2503 ἐστι
661 2466 793 2521 κεφ.
826 2449 874 2505 κ’
899 2451 992 2505 τοῦ
1027 2451 1079 2518 ς’
1108 2453 1236 2509 τίτ]
1255 2453 1350 2506 τοῦ
1381 2453 1585 2524 βιϐλίου
1613 2453 1724 2508 τῶν

131 2535 434 2595 Βασιλικῶν
491 2540 636 2596 οὕτω
695 2542 874 2612 λέγον⁶
902 2547 981 2618 Τῇ
1038 2546 1298 2617 συνηθείᾳ
1349 2547 1451 2616 τῆς
1506 2545 1727 2616 Ῥώμης

131 2622 441 2680 ἀκολουθεῖν
491 2628 717 2699 ὀφείλει.
750 2629 854 2688 Οἷα
881 2634 940 2688 δέ
989 2635 1098 2688 εἰσι
1119 2637 1189 2689 τὰ
1217 2639 1492 2708 προνόμια
1542 2637 1642 2707 τῆς
1669 2638 1730 2690 ἐν

132 2717 198 2786 τῇ
259 2718 472 2792 παλαιᾷ
529 2721 716 2795 Ῥώμῃ
775 2725 938 2794 ἁγίας
985 2727 1331 2798 Ἐκκλησίας,
1393 2729 1730 2800 παρίστησιν

1824 506 1916 567 56.
1953 509 2044 573 57,
2082 507 2176 574 58,
2203 507 2294 564 59.

1896 599 2113 677 Talus.
2135 599 2330 660 Const.
2355 598 2409 664 6,
2433 600 2518 657 tit.
2545 599 2601 668 2,
2625 601 2724 656 lib.
2748 601 2776 655 1
2801 602 2926 659 cod.
2964 603 3072 660 ait:
3095 602 3251 671 Quod
3275 616 3416 672 quae,

1822 701 2132 763 etc.,usque
2164 691 2234 748 ad
2267 692 2538 749 nominari
2569 694 2721 762 dicit,
2753 703 2810 749 ut
2822 712 2946 767 pag.
2976 695 3105 764 655,
3142 695 3271 752 658.

1893 878 2186 936 Scholium.
2236 880 2428 937 Const.
2471 881 2526 946 6,
2552 881 2636 937 tit.
2662 882 2718 946 2,
2750 882 2845 938 lib.
2883 897 2926 950 ι,
2962 883 3085 939 cod.
3119 891 3207 938 est
3283 896 3416 951 cap.

1822 972 1876 1039 6,
1908 975 1992 1030 tit.
2018 975 2070 1040 1,
2103 974 2199 1029 lib.
2231 991 2251 1030 1
2298 973 2464 1029 Basil.
2505 974 2653 1044 quod
2721 973 2905 1040 habet,
2973 983 3031 1029 ut
3077 973 3414 1044 propositum

1821 1079 1924 1124 est.
1955 1068 2115 1135 Quod
2165 1082 2298 1122 vero
2335 1067 2980 1138 Constantinopolitanus
3021 1066 3414 1137 praerogativas

1825 1161 2024 1216 veteris
2065 1160 2253 1215 Romae
2281 1159 2501 1225 habeat,
2532 1159 2589 1214 in
2643 1159 2796 1215 Basil
2846 1174 2958 1214 non
3003 1167 3090 1213 est
3142 1157 3410 1212 additum.

1821 1253 2012 1307 Const.
2043 1250 2130 1316 16,
2155 1251 2240 1306 tit.
2264 1251 2319 1316 2,
2347 1252 2442 1306 lib.
2475 1267 2513 1316 ι,
2541 1251 2645 1307 cod
2667 1251 2719 1305 in
2752 1250 2911 1304 Basil.
2949 1265 3061 1304 non
3098 1257 3185 1306 est
3238 1248 3418 1319 posita

1820 1345 2052 1401 Constit.
2095 1346 2184 1410 55,
2221 1345 2375 1408 tit.‘5,
2417 1345 2513 1399 lib.
2573 1359 2611 1408 ι,
2649 1345 2771 1398 cod.
2829 1351 3058 1411 estcap.
3131 1343 3186 1405 5,
3243 1342 3326 1396 tit.
3377 1357 3416 1401 ι,

1827 1435 1923 1490 lib.
1959 1451 2040 1488 ιιι.
2075 1435 2246 1490 Basil.
2274 1435 2424 1504 quod
2467 1434 2650 1498 habet,
2674 1445 2729 1488 vt
2761 1435 2815 1488 in
2851 1441 3003 1488 textu
3038 1432 3425 1502 compendiose

1824 1528 2060 1599 positum
2091 1539 2176 1582 est
2204 1547 2218 1582 :
2253 1538 2615 1597 prreterquam
2641 1525 2806 1598 [quod
2837 1542 2945 1580 non
2976 1522 3221 1596 habeat],
3272 1523 3418 1578 Con-

1824 1620 2369 1689 stantinopolitauum
2403 1619 2798 1692 praerogativas
2825 1617 3023 1671 veteris
3076 1615 3263 1670 Roma:
3312 1615 3416 1669 ha-

1827 1713 1974 1768 bere.
2003 1712 2235 1768 Constit.
2273 1713 2326 1775 1,
2369 1713 2451 1766 tit.
2488 1710 2580 1777 21,
2612 1711 2707 1766 lib.
2741 1727 2800 1774 ιι,
2837 1711 2959 1766 cod.
2987 1719 3072 1764 est
3112 1709 3282 1772 tit.".l,
3318 1708 3416 1762 lib.

1762 1789 1799 1842 Β
1828 1820 1859 1857 v
1893 1803 2083 1868 Basil.,
2121 1819 2245 1872 cap.
2312 1805 2370 1866 6,
2395 1803 2540 1871 quod
2577 1803 2660 1857 sic
2693 1802 2769 1857 ait
2799 1819 2814 1857 :
2845 1800 3412 1857 UrbsConstantino-

1819 1895 2064 1966 politana
2091 1910 2198 1949 non
2239 1895 2421 1949 solum
2453 1893 2597 1962 juris
2642 1890 2836 1957 Italici,
2869 1892 2964 1946 sed
3004 1891 3170 1944 etiam
3227 1889 3411 1959 ipsius.

1820 1989 2010 2044 Romae
2035 1986 2394 2056 praerogativa
2434 1985 2656 2040 fruitor.
2703 1984 2894 2039 Const.
2940 1997 3069 2039 vero
3106 1983 3158 2047 1,
3198 1983 3280 2037 tit.
3325 1982 3416 2046 17,

1817 2083 1913 2138 lib.
1947 2097 1963 2136 ι
2020 2081 2144 2138 cod.
2177 2088 2263 2136 est
2295 2095 2415 2150 cap.
2470 2078 2563 2142 20,
2598 2079 2678 2134 tit.
2721 2078 2776 2144 6,
2809 2078 2904 2132 lib.
2934 2081 3034 2141 'u,
3072 2075 3240 2132 Basil.
3272 2075 3421 2146 quod

1823 2177 1904 2233 sic
1931 2176 2009 2230 ait
2047 2194 2061 2230 :
2096 2174 2289 2231 Omnis
2319 2173 2514 2230 civitas
2549 2171 3006 2228 consuetudinem
3038 2169 3225 2225 Roma:
3253 2169 3412 2240 sequi

1831 2270 2012 2325 debet.
2046 2269 2320 2324 Caeterum
2369 2266 2680 2339 cujusmodi
2726 2265 2840 2321 sint
2883 2263 3166 2335 privilegia
3209 2275 3419 2320 sancta:

1833 2361 2098 2418 Ecclesiae
2117 2361 2316 2416 veteris
2339 2359 2547 2425 Romae,
2575 2359 2855 2415 evidenter
2883 2357 3049 2413 tradit
3087 2357 3246 2412 nobis
3286 2358 3423 2411 scri-

1839 2462 1993 2521 ptum
2056 2448 2185 2503 illud
2237 2448 2522 2502 oraculum
2558 2447 2626 2501 ab
2665 2446 2932 2519 apostolis
2971 2446 3168 2516 aequali
3221 2454 3419 2500 sancto

1837 2541 2205 2598 Constantino
2227 2539 2421 2610 Magno
2452 2539 2519 2594 ad
2551 2549 2803 2594 sanctum
2828 2536 3166 2608 Sylvestrum
3192 2551 3258 2591 eo
3287 2545 3424 2590 tem-

1835 2649 1965 2705 pore
2005 2647 2198 2704 papam
2227 2631 2540 2687 Romanum
2579 2629 2866 2698 ellllSSllm,
2893 2631 3039 2701 quod
3071 2630 3126 2684 in
3163 2631 3424 2685 huncha-

1838 2727 1928 2780 bet
1960 2725 2205 2779 modum.
2901 2740 2906 2744 ·

135 2810 260 2879 ἡμῖν
286 2814 348 2865 τὸ
379 2816 654 2886 παράτοῦ
723 2820 1079 2876 ίσαποστόλου
1161 2824 1320 2894 ἁγίου
1357 2825 1596 2896 μεγάλου
1677 2820 2098 2879 Κωνσταντίνου
2159 2818 2383 2890 γεγονὸς
2451 2819 2732 2891 ἔγγραφον
2792 2816 3072 2891 θέσπισμα
3132 2818 3271 2890 πρὸς
3321 2818 3414 2870 τὸν

136 2905 284 2973 ἅγιον
319 2908 648 2983 Σίλϐεστρον
673 2911 766 2968 τὸν
787 2914 910 2967 τότε
933 2915 1122 2970 πάπαν
1153 2917 1254 2988 τῆς
1291 2916 1534 2988 Ῥώμης,
1563 2917 1591 2970 ὃ
1619 2916 1717 2970 καλ
1756 2915 1872 2986 ἔχει
1901 2911 2096 2976 οὕτωςο

204 3000 327 3054 Δέον
357 3003 660 3075 ἐκρίναμεν
687 3007 824 3076 μετά
850 3007 1069 3062 πάντων
1102 3008 1212 3062 τῶν
1241 3010 1539 3080 σατραπῶν
1559 3009 1717 3081 ἡμῶν

1875 3009 2014 3063 Cum
2035 3006 2293 3062 omnibus
2315 3005 2549 3076 satrapis
2566 3005 2918 3072 nostris,cum
2931 3004 3191 3060 universo
3209 3013 3424 3061 senatu.

136 3093 228 3146 καὶ
258 3094 442 3164 πάσης
493 3095 591 3166 τῆς
626 3098 956 3170 συγκλήτου,
1006 3102 1101 3154 καὶ
1146 3101 1256 3155 τῶν
1289 3103 1589 3174 ἀρχόντων,
1628 3104 1717 3158 καὶ

1871 3117 1951 3157 um
1971 3099 2264 3170 praefectis,
2277 3098 2516 3168 denique
2530 3113 2654 3154 cum
2672 3098 2821 3153 omni
2837 3098 3036 3168 populo
3055 3097 3303 3166 potestati
3326 3094 3436 3150 Ro.

142 3187 272 3254 μετὰ
326 3188 535 3253 παντὸς
587 3190 681 3244 τοῦ
737 3190 868 3246 λαοῦ
911 3192 1006 3247 τοῦ
1053 3195 1158 3249 ὑπὸ
1204 3195 1302 3267 τὴν
1343 3197 1593 3264 ἐξουσίαν
1625 3198 1724 3269 τῆς

152 3278 460 3352 Ῥωμαῖκῆς
476 3282 657 3353 δόξης,
675 3285 761 3340 ἵνα
781 3285 856 3348 ὡς
884 3289 912 3341 0
930 3287 1085 3357 ἆγιος
1110 3290 1316 3360 Πέτρος
1339 3293 1403 3346 ἐκ
1426 3291 1721 3362 προσώπου

142 3372 231 3425 τοῦ
263 3374 394 3428 Υίοῦ
457 3377 551 3430 τοῦ
583 3375 720 3430 Θεοῦ
769 3381 920 3433 ἐστιν
967 3382 1046 3444 είς
1079 3381 1176 3452 τὴν
1217 3385 1344 3453 γῆν,
1374 3382 1518 3437 οὕτω
1556 3384 1648 3438 καὶ
1675 3385 1724 3437 oi

141 3461 431 3518 ἐπίσκοποι
461 3465 512 3518 οἱ
539 3465 774 3538 διάδοχοι
799 3467 894 3521 τοῦ
922 3472 1222 3542 κορυφαίου
1246 3473 1355 3526 τῶν
1385 3473 1725 3541 ἀποστόλων,

143 3555 367 3627 ἀρχικήν
395 3557 650 3624 ἐξουσίαν
684 3560 764 3624 είς
795 3560 894 3633 τὴν
932 3563 1037 3634 γῆν
1070 3564 1256 3635 ἔχωσι.
1290 3565 1458 3618 Πλέον
1493 3567 1727 3638 παρέχει

144 3647 176 3716 ὴ
206 3649 451 3717 βασιλεία
493 3654 591 3724 τῆς
632 3651 792 3725 δόξης
821 3655 1000 3726 ἡμῶν,
1031 3660 1124 3712 καὶ
1153 3657 1312 3712 τοῦτο
1357 3660 1729 3732 παρεχωρήθη

145 3741 228 3810 ἀφ’
265 3745 444 3815 ἡμῶν,
474 3747 568 3799 καὶ
587 3745 696 3800 ἀπὸ
726 3749 824 3818 τῆς
855 3748 1136 3819 βασιλείας
1168 3751 1345 3822 ἡμῶν,
1377 3752 1472 3806 καὶ
1501 3752 1729 3823 θέλομεν

147 3837 299 3905 ἡμεῖς
326 3840 494 3894 αὑτὸν
522 3840 614 3894 τὸν
645 3846 942 3913 κορυφαῖον
971 3844 1079 3897 τῶν
1108 3844 1444 3912 ἀποστόλων,
1487 3849 1729 3912 καὶτοὺς

145 3927 435 4007 διαδόχους,
459 3933 625 3987 αὐτοῦ
663 3937 727 3988 ἐκ
764 3936 1060 4006 προσώπου
1095 3939 1260 3993 αὐτοῦ
1302 3939 1552 4011 πρώτους
1591 3944 1729 4013 πρὸς

147 4023 231 4076 τὸν
253 4023 384 4080 Θεὸν
420 4028 665 4098 πατέρας
691 4025 830 4084 εἶναι
868 4033 962 4084 καὶ
990 4031 1356 4103 δεφένσωρας.
1390 4034 1500 4086 Καὶ
1540 4032 1730 4104 ὥσπερ

151 4114 180 4181 ἠ
227 4114 480 4190 βασιλικὴ
518 4118 734 4184 ἐξουσία
773 4121 930 4192 ἡμῶν
970 4124 1048 4185 είς
1082 4122 1181 4193 τὴν
1220 4125 1323 4195 γῆν
1356 4123 1597 4189 σέϐεται,
1638 4125 1734 4178 καὶ

151 4211 385 4279 τιμᾶται,
413 4212 560 4267 οὕτω
581 4213 913 4287 θεσπίζομεν
944 4215 1201 4270 σέϐεσθαι
1228 4219 1324 4271 καὶ
1343 4219 1608 4289 τιμᾶσθαι
1635 4218 1733 4290 τὴν

154 4301 304 4368 ἁγίαν
348 4305 460 4360 τῶν
510 4306 801 4377 Ῥωμαίων
835 4310 1186 4382 Ἐκκλησίαν,
1233 4313 1328 4366 καὶ
1377 4313 1542 4366 πλέον
1583 4313 1736 4384 παρὰ

154 4394 244 4464 τὴν
276 4396 548 4467 βασιλείαν
602 4401 780 4472 ἡμῶν,
830 4404 926 4457 καὶ
969 4404 1062 4456 τὸν
1101 4404 1290 4476 γήϊνον
1345 4405 1534 4477 θρόνον
1573 4406 1737 4473 ἁγίαν

1838 3207 2016 3248 manae
2033 3191 2336 3264 majestatis
2365 3192 2604 3253 subdito.
2623 3190 2956 3246 conveniens
2999 3205 3122 3245 esse
3163 3188 3434 3259 judicavi-

1831 3290 2054 3350 mus,ut
2077 3281 2540 3352 quemadmodum
2567 3291 2792 3336 sanctus
2842 3281 3037 3336 Petrus
3081 3296 3149 3335 ex
3197 3294 3435 3350 persona

1826 3377 1950 3432 Filii
1993 3376 2088 3431 Dei
2119 3375 2391 3448 [ecclesia
2417 3373 2603 3446 caput]
2637 3385 2722 3429 est
2755 3374 2809 3428 in
2835 3375 2997 3430 terris
3020 3391 3034 3427 :
3054 3372 3434 3442 itaetiamepi-

1835 3471 2008 3541 scopi,
2046 3470 2139 3540 qui
2169 3484 2520 3525 successores
2565 3476 2697 3523 sunt
2739 3466 3012 3538 Principis
3037 3469 3432 3538 apostolorum,

1837 3564 2158 3636 primariam
2176 3563 2231 3618 in
2249 3563 2408 3619 terris
2457 3570 2784 3634 potestatem
2805 3562 3069 3616 habeant:
3093 3559 3168 3633 [et
3188 3558 3435 3630 quidem]

1839 3659 2076 3726 amplius
2117 3673 2282 3728 quam
2319 3667 2508 3712 nostra
2542 3657 2901 3728 imperatoria
2935 3656 3193 3726 tnajestas
3218 3655 3436 3708 habeat.

1840 3752 2018 3821 Atque
2037 3747 2367 3823 idlquidem]
2387 3763 2714 3804 concessum
2733 3756 2817 3804 est
2832 3764 2863 3803 a
2879 3747 3060 3810 nobis,
3084 3752 3440 3817 Angustaque

1839 3851 2026 3898 nostra
2047 3841 2278 3912 conjuge
2301 3855 2314 3894 :
2335 3856 2399 3896 ac
2423 3841 2753 3896 volumusut
2779 3839 2895 3910 ipse
2921 3837 3182 3908 Princeps
3217 3849 3440 3908 aposto-

1839 3935 2040 4001 lorum,
2078 3935 2310 4005 ejusque
2349 3949 2726 4000 successores,
2758 3949 2826 3988 ex
2865 3933 3038 4001 ipsius
3062 3947 3294 4002 persona
3319 3934 3438 4001 pri-

1840 4030 1914 4084 mi
1947 4029 2090 4100 apud
2120 4030 2288 4083 Deum
2324 4027 2676 4095 .‘patressint
2741 4033 2906 4094 atque
2969 4007 3314 4080 defensores.
3371 4025 3442 4078 Et

1841 4120 2308 4192 quemadmodum
2344 4121 2720 4189 imperatoria:
2746 4127 2952 4172 nostra:
2987 4117 3289 4186 majestatis
3327 4131 3437 4186 po-

1856 4223 2024 4268 testas
2043 4215 2246 4268 colitur
2305 4221 2360 4267 et
2399 4213 2700 4266 honoratur
2757 4226 2772 4262 :
2833 4210 2904 4263 ita
2944 4209 3243 4273 sancimus,
3283 4217 3341 4262 ut
3387 4216 3444 4262 et.

1846 4313 2036 4360 sancta
2065 4302 2442 4358 Romanorum
2484 4299 2731 4356 Ecclesia
2767 4300 2984 4353 colatur
3014 4308 3068 4353 et
3097 4300 3397 4353 honorctur
3424 4316 3438 4364 ;

1846 4407 2011 4468 atque
2067 4411 2233 4465 supra
2291 4409 2458 4464 quam
2535 4391 2888 4460 imperatoria
2919 4400 3110 4446 nostra
3158 4389 3442 4460 majestas,

155 4491 412 4562 καθέδραν
458 4495 552 4550 106
585 4497 740 4564 ἁγίου
791 4498 997 4568 Πέτρου
1030 4496 1373 4565 δοξάζεσθαι,
1422 4499 1518 4552 καὶ
1569 4497 1717 4570 ὑψοῦι

1871 4507 2239 4560 errenumque
2267 4490 2492 4556 solium,
2523 4498 2711 4543 sancta
2742 4487 2902 4542 sedes
2941 4486 3118 4540 sancti
3141 4485 3286 4539 Petri
3316 4487 3434 4538 lau-

157 4584 292 4651 σθαι,
325 4588 554 4653 διδόντες
581 4591 720 4661 αὐτῇ
759 4590 989 4662 δύναμιν
1032 4593 1128 4645 καί
1165 4591 1324 4660 δόξης
1361 4591 1600 4662 ἀξίωμα,
1642 4593 1738 4646 καὶ

155 4676 516 4752 διακρίνοντες
561 4684 896 4755 θεσπίζομεν
941 4684 1030 4738 ἵνα
1059 4683 1310 4748 ἐξουσίαν
1342 4683 1441 4756 ἔχῃ
1478 4684 1735 4756 ἀρχικήν,

160 4771 248 4823 καὶ
291 4770 428 4830 εἶναι
474 4775 681 4846 ταύτην
728 4776 972 4846 κεφαλὴν
1020 4775 1127 4829 τῶν
1171 4774 1456 4846 τεσσάρων
1483 4775 1734 4845 ὂθρόνων,

159 4862 270 4931 ἤτοι
297 4868 388 4920 τοῦ
429 4868 621 4940 θρόνου
647 4870 747 4939 τῆς
788 4867 1214 4938 Ἀλεξανδρείας,
1245 4867 1346 4939 τῆς
1384 4867 1735 4938 Ἀντιοχείας,

161 4955 260 5008 τῶν
316 4959 726 5034 Ἱεροσολύμων.
774 4963 870 5017 καὶ
923 4962 1024 5031 τῆς
1083 4962 1737 5026 Κωνσταντινουπόλεως,

165 5049 254 5102 καὶ
305 5055 490 5120 ἁπλῶς
540 5057 619 5120 είς
673 5057 800 5120 ὅλας
850 5055 950 5118 τὰς
994 5056 1322 5127 Ἐκκλησίας
1366 5057 1585 5125 ἀπάσης
1639 5053 1741 5124 τῆς

165 5141 496 5218 οἰκουμένης.
532 5148 642 5202 Καὶ
673 5150 701 5201 0
733 5147 1033 5211 ἐπίσκοπος
1061 5151 1090 5201 0
1127 5149 1336 5219 μέλλων
1360 5145 1497 5202 εἶναι
1531 5149 1610 5211 είς
1637 5147 1738 5219 τὴν

166 5229 317 5297 ἁγίαν
337 5236 442 5290 τῶν
474 5237 766 5306 Ῥωμαίων
781 5235 1110 5306 Ἐκκλησίαν
1140 5235 1348 5304 ὀφείλει
1369 5231 1511 5288 εἶναι
1532 5233 1742 5300 ἔνδοξος

168 5324 255 5376 καὶ
277 5326 601 5399 ὑψηλότερος
635 5329 787 5399 ποιρά
818 5328 1029 5391 πάντας
1043 5329 1170 5393 τοὺς
1203 5325 1474 5398 ίερεῖςτοῦ
1509 5327 1740 5396 κόσμου,

167 5416 256 5467 καὶ
281 5420 378 5472 εἴτι
418 5424 535 5475 ἐστὶ
591 5422 728 5493 πρὸς
800 5421 1098 5491 θεραπείαν
1140 5420 1234 5473 τοῦ
1280 5420 1437 5485 Θεοῦ,
1464 5420 1558 5473 καὶ
1606 5419 1743 5490 πρὸς

169 5505 441 5578 διόρθωσιν
465 5517 560 5568 καὶ
585 5515 880 5587 στερέωσιν
905 5515 1004 5585 τῆς
1046 5515 1284 5576 πίστεως
1340 5515 1448 5567 τῶν
1477 5515 1743 5584 Χριστια-

173 5597 270 5650 νῶν
292 5601 375 5656 ἵνα
401 5607 655 5677 κρίνηται
688 5607 815 5677 παρ’
843 5606 1032 5660 αὐτοῦ·
1099 5607 1310 5659 δίκαιον
1366 5607 1475 5678 γάρ
1499 5609 1616 5660 ἐστι
1654 5605 1745 5660 ἶνα

178 5690 342 5748 ἐκεῖσε
374 5700 400 5750 ὁ
452 5700 604 5768 ἅγιος
641 5703 803 5772 νόμος
848 5700 946 5771 ἔχῃ
981 5701 1080 5772 τὴν
1123 5699 1388 5772 κεφαλὴν,
1422 5699 1518 5753 καὶ
1543 5699 1740 5771 ἀρχὴνν

175 5781 298 5838 ὅπου
323 5791 348 5844 0
378 5791 527 5861 ἅγιος
555 5794 851 5866 νομοθέτης
887 5797 913 5849 0
953 5794 1144 5866 Σωτὴρ
1171 5793 1327 5864 ἡμῶν
1366 5792 1571 5864 Ἰησοῦς
1608 5795 1742 5865 Χρι-

1846 4587 2029 4652 dibus,
2053 4584 2370 4640 cumuletur
2408 4595 2572 4652 atque
2613 4582 2906 4635 exaltetur.
2957 4578 3083 4652 [Ac]
3121 4580 3244 4634 data
3268 4575 3425 4650 [jam]

1847 4683 1947 4750 ipsi
1982 4687 2280 4750 potestate,
2324 4678 2737 4747 majestatisque
2783 4676 3068 4745 dignitate,
3115 4674 3441 4729 confirmato

1847 4773 2296 4846 [deimlejudicio
2323 4770 2601 4827 sancimus
2678 4779 2735 4822 ut
2794 4769 3110 4838 primariam
3152 4766 3299 4819 illam
3342 4763 3442 4815 ha-

1848 4869 1972 4923 bent
2007 4876 2355 4937 potestatem,
2385 4875 2551 4936 atque
2586 4877 2753 4936 caput
2784 4867 2857 4921 sit
2904 4872 3141 4933 quatuor
3173 4858 3440 4912 solioruut

1847 4958 2202 5014 Alexandrini
2229 4958 2496 5022 videlicet,
2522 4956 2874 5019 Antiochcni,
2957 4947 3438 5020 llierosolymitani

1847 5049 2514 5120 etConstantinopolilaui
2559 5064 2573 5100 :
2610 5064 2672 5101 ac
2714 5041 3160 5118 [vcrojbreviter
3193 5038 3440 5093 omnium

1852 5145 2218 5201 Eettlesiarum
2293 5142 2534 5197 universi
2570 5151 2842 5196 terrarum
2879 5135 3050 5191 orbis.
3097 5131 3215 5207 [Ut]
3272 5133 3438 5186 etiam

1851 5239 1946 5308 qui
1988 5245 2191 5292 sanctae
2216 5234 2593 5290 Romanorum
2624 5230 2882 5286 Ecclesiae
2903 5228 3196 5297 episcopus
3224 5224 3444 5278 futurus

1850 5343 1954 5394 est,
1991 5328 2265 5398 gloriosus
2291 5341 2413 5380 esse
2431 5325 2642 5386 debeat,
2675 5329 2730 5374 et
2777 5331 2940 5387 supra
2989 5329 3182 5370 omnes
3216 5311 3440 5383 llatiusj

1852 5421 2042 5478 mundi
2072 5420 2387 5476 sacerdotes
2427 5416 2699 5472 excelsus.
2723 5411 2792 5468 Ut
2824 5406 3149 5481 [postremo]
3205 5408 3248 5460 si
3309 5407 3443 5474 quid

1852 5517 1920 5572 ad
1947 5515 2152 5571 cultum
2175 5513 2292 5578 Dei,
2316 5504 2969 5575 Christianan'tquelidem
3027 5501 3443 5556 instaurandum

1854 5627 1919 5666 ac
1952 5605 2440 5664 constabilieniam
2487 5601 2775 5673 pertineat,
2818 5595 2920 5669 [id]
2948 5596 3016 5651 ab
3060 5597 3180 5666 ipso
3243 5592 3443 5662 dijudi-

1854 5706 2029 5753 cetur.
2060 5694 2300 5764 {Equum
2335 5692 2480 5746 enim
2513 5701 2615 5754 est,
2646 5697 2703 5742 ut
2739 5685 2851 5742 illic
2881 5700 3038 5741 sacra
3062 5685 3145 5738 lex
3171 5681 3440 5751 originem

1854 5799 1910 5846 et
1937 5788 2152 5846 initium
2177 5793 2382 5848 sumat,
2416 5783 2507 5838 ubi
2549 5786 2940 5837 sacrosanctus
2974 5776 3255 5848 legislator
3315 5772 3443 5831 Str.—
