3916 6244
360 313 497 379 1οῗ9

1518 310 1785 372 ΙἮΟΤΙΙ
1832 308 2109 369 PATRIA
2122 309 2345 369 RCHz‘E
2377 310 2485 369 (ΣΡ.

3508 310 3635 377 1080

356 424 892 480 vatornosterJesus
924 424 1181 481 Christus
1219 425 1440 481 beatum
1479 424 1791 494 apostolum
1837 421 1939 476 Pe-

2053 418 2171 481 στὸς
2211 419 2302 473 τὸν
2341 419 2617 489 μακάριον
2644 417 2945 473 ἀπόστολον
2974 418 3179 490 Πέτρον
3216 418 3472 475 ἐκέλευσε
3511 440 3639 494 κρα-

360 528 509 572 trum
548 519 730 573 sedem
757 518 1005 572 obtinere
1031 519 1215 588 jussit,
1240 519 1422 575 crucis
1442 518 1796 575 atllictionem
1812 532 1940 572 sus-

361 609 526 664 tinuit
556 610 834 680 beataeque
866 611 1060 665 mortis
1111 610 1335 666 calicem
1360 611 1496 667 bibit
1532 621 1627 666 :et
1665 611 1755 666 ubi
1805 607 1942 681 [ille]

360 701 525 755 etiam
572 701 815 756 imitator
861 702 1106 773 Magistri
1155 712 1322 773 atque
1362 703 1578 758 Domini
1630 704 1716 758 sui
1762 701 1944 757 factus

360 802 466 847 est.
496 791 567 848 Ut
596 791 775 865 [item]
815 793 1207 849 illicinclinent
1229 804 1419 866 gentes
1459 795 1637 863 capita
1680 809 1781 850 sua
1806 808 1933 863 pro-

362 894 484 954 pter
536 884 942 941 confessionem
988 887 1229 943 nominis
1287 888 1514 954 Christi,
1581 888 1674 942 ubi
1726 887 1943 941 illarum

359 978 554 1031 doctor
594 978 790 1034 beatus
834 980 1117 1050 apostolus
1166 979 1371 1034 Paulus
1428 989 1657 1035 extenso
1711 986 1938 1048 propter

360 1069 639 1124 Christum
701 1071 843 1125 collo
901 1072 1152 1141 martyrii
1216 1087 1475 1126 coronam
1544 1073 1757 1141 accepit
1807 1090 1821 1126 :
1889 1081 1949 1126 ut

364 1161 630 1235 [insuper]
655 1178 831 1231 usque
878 1164 947 1218 ad
990 1165 1154 1219 finem
1196 1164 1386 1220 mundi
1435 1164 1590 1237 [illae]
1657 1165 1940 1220 doctorem

359 1265 626 1323 quaerant,
665 1257 755 1311 ubi
814 1267 1128 1311 sanctorum
1170 1257 1291 1325 ejus
1342 1257 1589 1328 reliquiae
1634 1258 1948 1327 quiescunt.

363 1347 477 1419 [Ad
503 1357 815 1403 extremum
839 1363 966 1404 vero
996 1346 1100 1421 ut],
1131 1363 1242 1417 quo
1270 1349 1392 1403 loco
1441 1349 1679 1418 superbo
1708 1349 1784 1402 illi
1836 1347 1949 1419 regi

357 1440 712 1505 servivimus,
742 1441 930 1496 eodem
967 1442 1153 1511 supini
1175 1456 1242 1495 ac
1272 1442 1326 1495 in
1368 1451 1570 1496 terram
1593 1442 1947 1512 expansicm-

356 1531 509 1587 lestis
531 1531 696 1603 Regis
721 1540 776 1587 et
805 1533 901 1587 Dei
926 1542 980 1587 et
1019 1532 1330 1589 Servatoris
1367 1535 1541 1589 nostri
1574 1533 1702 1590 Jesu
1745 1535 1948 1590 Christi

357 1624 523 1678 cilicii
554 1625 946 1682 deserviamus.
986 1625 1298 1681 'Tradimus
1345 1628 1531 1697 itaque
1560 1629 1696 1698 ipsis
1745 1629 1948 1684 sanctis

356 1713 623 1781 apostolis
650 1755 666 1780 ,
694 1714 867 1771 beatis
916 1716 1154 1771 dominis
1182 1718 1317 1773 meis
1352 1716 1517 1773 Petro
1568 1727 1623 1773 et
1656 1718 1848 1783 Paulo,
1883 1734 1949 1774 ac

2047 513 2158 564 τείν
2173 509 2269 582 τὴν
2281 512 2674 583 καθέδραν,καὶ
2688 512 2822 564 ὅπου
2839 511 2899 563 τὸ
2920 511 3184 576 πάθοςτοῦ
3205 514 3438 585 σταυροῦ
3456 514 3638 583 ἔπαθε,

2052 605 2147 658 καὶ
2180 604 2450 676 μακαρίου
2494 605 2727 659 θανάτου
2759 605 3022 675 ποτήριον
3072 605 3217 670 ἔπιε,
3273 609 3367 660 καὶ
3430 609 3642 675 ἐγένετο

2052 698 2146 750 τοῦ
2166 698 2476 769 Μαΐστορος
2511 696 2804 762 ἀκόλουθος
2829 699 2924 752 καὶ
2953 698 3161 769 Κυρίου
3191 699 3379 767 αὐτοῦ,
3412 703 3505 753 καὶ
3534 705 3644 756 ἐκεῖ

2054 789 2124 841 τὰ
2150 789 2277 860 ἔθνη
2323 790 2408 844 ἶνα
2470 790 2699 844 κλίνωσι
2761 791 2861 854 τάς
2911 790 3159 859 κεφαλὰς
3202 792 3385 846 αὐτῶν
3424 793 3513 847 διὰ
3550 794 3643 865 τὴν

2056 880 2450 953 ἐξομολόγησιν
2493 882 2590 936 τοῦ
2620 882 2887 953 ὀνόματος
2933 883 3028 936 τοῦ
3054 883 3317 954 Χριστοῦ,
3346 885 3482 937 ὅπου
3517 887 3546 939 ό
3568 887 3643 939 δι-

2055 973 2323 1036 δάσκαλος
2356 972 2538 1027 αὐτῶν
2579 975 2608 1027 ὁ
2661 974 2930 1044 μακάριος
2972 974 3267 1039 ἀπόστολος
3303 977 3514 1040 Παῦλος
3562 978 3645 1031 διὰ

2067 1067 2160 1121 τὸν
2191 1067 2430 1139 Χριστὸν
2490 1067 2738 1131 ἐκτείνας
2793 1068 2886 1121 τὸν
2935 1068 3208 1139 τράχηλον
3248 1071 3517 1140 στέφανον
3554 1072 3643 1126 τοῦ

2062 1159 2365 1230 μαρτυρίου
2396 1158 2635 1225 ἐδέξατο,
2671 1158 2768 1213 καὶ
2813 1159 2919 1223 ἕως
2951 1160 3048 1213 τοῦ
3073 1161 3263 1224 τέλους
3306 1162 3405 1215 τοῦ
3435 1164 3638 1234 κόσμου

2062 1250 2150 1303 ἵνα
2184 1250 2530 1321 ἀναζητῶσιν
2579 1252 2714 1305 ὅπου
2762 1252 2830 1305 τὰ
2873 1252 2982 1305 τῶν
3022 1253 3194 1322 ἁγίων
3224 1255 3392 1307 αὑτοῦ
3426 1254 3643 1324 λείψανα

2058 1344 2452 1408 ἀναπαύονται,
2478 1346 2576 1398 καὶ
2613 1347 2730 1399 ἐκεῖ
2763 1346 2967 1411 ὕπτιοι,
2982 1348 3077 1400 καὶ
3104 1348 3185 1411 είς
3210 1350 3309 1417 τὴν
3337 1347 3445 1417 γῆν
3470 1349 3643 1418 ἡπλω-
3682 1419 3687 1424 Δ

2061 1438 2215 1509 μένοι
2265 1439 2361 1494 τοῦ
2401 1440 2683 1511 οὐρανίου,
2716 1443 2812 1493 καὶ
2863 1441 3150 1511 βασιλέως,
3198 1443 3295 1495 xai
3351 1442 3512 1510 Θεοῦ,
3558 1445 3645 1497 καὶ

2058 1531 2310 1602 Σωτῆρος
2344 1531 2519 1603 Ἰησοῦ
2559 1532 2800 1603 Χριστοῦ
2846 1533 3175 1605 δουλεύομεν
3237 1534 3477 1605 όφφίκια
3515 1538 3642 1589 ὅπου

2054 1621 2455 1693 ἑδουλεύσαμεν
2483 1622 2561 1693 τῷ
2589 1624 2928 1696 ὑπερηφάνῳ
2952 1625 3148 1696 ἐκείνῳ
3194 1625 3432 1696 βασιλεῖ.
3467 1628 3644 1698 Παρα-

2053 1713 2305 1783 διδόαμεν
2325 1713 2420 1768 οὖν
2453 1716 2638 1779 αὐτοῖς
2659 1719 2773 1780 τοῖς
2808 1715 2988 1785 ἁγίοις
3023 1718 3353 1779 ἀποστόλοις
3390 1721 3504 1782 τοῖς
3539 1737 3637 1789 μα-

357 1816 483 1877 post
528 1807 655 1861 illos
701 1809 864 1863 beato
921 1808 1225 1879 Sylvestro,
1278 1812 1426 1867 Patri
1486 1823 1700 1881 nostro,
1749 1830 1942 1885 magno

2056 1808 2272 1877 καρίοις
2310 1807 2521 1878 κυρίοις
2554 1826 2656 1878 μου
2682 1809 2759 1880 τῷ
2788 1810 3006 1880 Πέτρῳ,
3036 1809 3134 1863 καὶ
3165 1809 3244 1880 τῷ
3285 1809 3509 1881 Παύλῳ,
3542 1787 3643 1864 καὶ

360 1899 644 1973 episcOpo,
672 1912 726 1956 et
756 1902 1029 1957 catholico
1070 1918 1225 1972 papae
1249 1906 1400 1959 urbis
1425 1905 1635 1973 Romae,
1666 1908 1952 1964 omnibus-

355 2007 463 2059 que
486 1994 902 2049 successoribus
928 1994 1066 2063 ejus,
1087 1996 1181 2065 (lui
1206 1997 1273 2050 ab
1297 1997 1564 2052 hodierno
1594 1996 1706 2071 [die
1773 2015 1951 2070 usque

364 2083 434 2138 ad
477 2084 638 2139 tinem
682 2087 870 2142 mundi
918 2088 973 2141 in
1008 2089 1146 2142 solio
1196 2088 1340 2143 beati
1382 2090 1528 2144 Petri
1556 2091 1947 2161 praesidebunt,

358 2178 776 2247 imperatorium
799 2189 1046 2234 nostrum
1073 2182 1335 2249 palatium
1381 2181 1772 2251 Lateranense,
1801 2187 1946 2256 quod

357 2282 582 2341 superat
612 2287 777 2342 atque
803 2274 973 2328 vincit
994 2275 1163 2329 totius
1187 2276 1379 2330 mundi
1412 2276 1612 2345 palatia
1637 2297 1652 2333 :
1687 2289 1945 2347 praeterea

354 2366 521 2418 etiam
558 2365 831 2429 diadema,
860 2366 976 2420 sive
1022 2381 1285 2421 coronam
1327 2369 1524 2437 capitis
1566 2369 1741 2423 nostri
1782 2388 1795 2423 :
1833 2381 1943 2424 tum

354 2456 533 2510 lorum
562 2472 784 2527 quoque
811 2466 866 2514 et
898 2460 1199 2520 humerale,
1234 2461 1382 2529 quod
1415 2462 1781 2530 imperatoriae
1816 2478 1945 2517 ma-

351 2549 569 2618 jestatis
623 2549 829 2604 collum
884 2550 1056 2619 cingit
1114 2553 1323 2605 :simul
1380 2553 1545 2607 etiam
1604 2570 1938 2623 purpuream

353 2640 716 2712 chlamydem,
741 2651 795 2694 et
826 2642 1066 2696 tunicam
1090 2644 1430 2708 coccineam,
1451 2646 1746 2715 omniaque
1767 2646 1942 2716 impe-

355 2728 561 2781 ratoria
589 2727 933 2795 indumenta,
957 2745 1170 2785 necnon
1199 2733 1687 2802 imperatoriorum
1715 2736 1942 2806 jumen-

358 2832 537 2875 torum
584 2822 822 2892 insignia
855 2842 867 2877 :
897 2824 1151 2880 similiter
1188 2828 1352 2881 etiam
1418 2829 1771 2900 imperatoria
1820 2848 1943 2888 sce-

357 2921 502 2979 ptra,
540 2915 724 2969 omnia
763 2916 936 2987 signa,
971 2917 1158 2982 banta,
1203 2920 1525 2993 reliquaque
1577 2923 1944 2995 imperatoria:

355 3005 662 3073 maiestatis
687 3018 1030 3073 ornamenta,
1069 3022 1122 3065 et
1139 3013 1398 3079 potentiae
1431 3016 1667 3084 nostrae}
1688 3017 1939 3086 gloriam.

353 3097 585 3168 Insuper
614 3100 896 3156 sancimus
946 3104 1124 3156 utviri
1149 3105 1548 3174 religiosissimi
1581 3108 1762 3162 clerici
1796 3110 1939 3163 mulo

354 3201 538 3245 torum
570 3192 849 3257 ordinum,
869 3193 961 3262 qui
987 3193 1163 3247 eidem
1188 3206 1390 3251 sanctzie
1407 3197 1939 3256 RomanaaEcclesiaa

351 3283 694 3351 deserviunt,
726 3299 996 3343 ornentur
1021 3299 1076 3344 et
1100 3288 1336 3343 habeant
1358 3290 1505 3346 illam
1542 3294 1938 3349 sublimitatem

352 3384 409 3429 et
442 3378 905 3447 magniﬁcentiam
938 3396 1047 3446 qua
1083 3392 1311 3435 ornatus
1349 3395 1436 3437 est
1469 3400 1701 3454 magnus
1749 3395 1939 3440 noster

358 3478 606 3532 senatus,
636 3469 852 3539 patricii
904 3485 1122 3539 nempe,
1178 3479 1232 3525 et
1275 3473 1555 3536 consules,
1607 3483 1663 3529 et
1716 3476 1940 3545 reliquae

351 3561 665 3631 dignitates.
698 3561 766 3616 Et
795 3564 1311 3639 [quemadmodum]
1343 3567 1641 3638 imperialis
1663 3572 1939 3626 exercitus

354 3664 581 3709 ornatus
603 3664 688 3711 est
718 3673 733 3708 :
798 3659 868 3710 ita
898 3658 1182 3713 sancimus
1236 3671 1295 3713 ut
1336 3671 1389 3715 et
1415 3671 1619 3717 sancta;
1674 3661 1937 3718 Romanis

354 3746 614 3801 Ecclesiae
652 3748 833 3803 clerus
861 3758 1109 3805 ornetur.
1152 3751 1235 3805 Al
1277 3753 1392 3807 haec
1424 3770 1535 3822 quo
1579 3755 1742 3810 modo
1771 3757 1943 3825 impe-

359 3842 559 3895 ratoria
611 3850 854 3910 potestas
896 3845 1082 3899 multis
1125 3845 1317 3900 ciliciis
1355 3859 1674 3911 exornatur,
1713 3853 1938 3906 cubicu-

354 3928 532 3994 lariis,
563 3930 808 3986 ostiariis
858 3942 913 3986 et
942 3934 1357 3991 excubitoribus
1392 3936 1473 3991 sic
1494 3939 1659 3991 etiam
1687 3950 1934 3997 sanctam

352 4020 733 4080 Romanorum
810 4026 1111 4083 Ecclesiam
1183 4031 1441 4085 exornari
1512 4033 1791 4089 volumus.
1868 4036 1941 4089 At

356 4114 534 4187 [verol
570 4128 629 4173 ut
663 4119 994 4191 episcopalis
1052 4122 1310 4192 splendor
1359 4124 1412 4177 in
1446 4127 1703 4181 omnibus
1736 4128 1938 4196 praelu-

355 4219 494 4273 ceat,
517 4213 681 4266 etiam
715 4213 818 4268 hoc
850 4215 1130 4269 sancimus
1182 4224 1241 4269 ut
1269 4216 1453 4270 clerici
1481 4229 1687 4272 sancta:
1731 4219 1939 4274 Roma-

360 4318 556 4355 norum
607 4301 865 4358 Ecclesiae
894 4304 1141 4359 caballos
1194 4305 1450 4359 candidis
1479 4305 1664 4361 linteis
1709 4316 1939 4363 ornatos

254 4409 265 4416 '
366 4396 634 4462 cquitent,
666 4404 719 4449 et
749 4396 1209 4465 quemadmodum
1244 4402 1469 4454 senatus
1523 4410 1713 4455 noster
1743 4403 1945 4457 calcia-

2057 1899 2175 1970 μετ’
2205 1901 2403 1964 αὐτοὺς
2432 1899 2509 1970 τῷ
2537 1900 2795 1972 μακαρίῳ
2813 1901 3143 1974 Σιλὸέστρῳ,
3177 1903 3273 1956 καὶ
3296 1904 3473 1975 Πατρὶ
3497 1904 3643 1975 ἡμῶν

2050 1992 2131 2062 τῷ
2172 1993 2396 2064 μεγάλῳ
2422 1992 2713 2064 ὲπισκόπῳ
2758 1992 3038 2065 καθολικῷ
3099 1993 3259 2066 πάπα
3298 1995 3403 2064 τῆς
3446 1996 3643 2058 πόλεως

2063 2084 2306 2158 Ῥώμης,
2328 2087 2423 2139 καὶ
2445 2087 2583 2139 πᾶσι
2632 2088 2748 2149 τοῖς
2787 2086 3055 2157 διαδόχοις
3077 2087 3267 2151 αὐτοῦ,
3301 2088 3506 2151 οἵτινες
3535 2089 3635 2151 ἓως

2050 2178 2146 2231 τοῦ
2177 2178 2374 2241 τέλους
2402 2177 2496 2231 τοῦ
2528 2178 2737 2249 κόσμου
2759 2178 3012 2249 μέλλουσι
3039 2179 3431 2251 προκαθῆσθαι
3454 2182 3532 2244 είς
3558 2181 3643 2234 τὸν

2051 2272 2241 2342 θρόνον
2270 2270 2367 2325 τοῦ
2400 2271 2675 2342 μακαρίου
2733 2270 2945 2342 Πέτρου
2999 2273 3109 2325 ἀπὸ
3157 2272 3264 2342 τῆς
3315 2275 3557 2344 σήμερον
3586 2273 3641 2326 τδ

2050 2366 2319 2436 ἡμέτερον
2360 2365 2640 2436 βασιλικὸν
2705 2365 2976 2419 παλάτιον
3059 2366 3119 2418 τὸ
3146 2366 3549 2437 Λατερανέσιον
3587 2364 3642 2417 τὸ

2049 2458 2378 2530 ὑπερδαῖνον
2418 2459 2511 2511 καὶ
2538 2457 2849 2527 ὑπερνικῶν
2909 2457 2980 2511 τὰ
3033 2459 3134 2511 ὅλα
3159 2457 3255 2511 τοῦ
3300 2458 3508 2528 κόσμου
3540 2474 3636 2511 πα-

2048 2550 2228 2605 λάτια.
2271 2549 2390 2603 Ἐπ’
2422 2551 2610 2604 ἐκεῖνα
2648 2549 2706 2603 δὲ
2730 2551 2831 2603 καὶ
2857 2549 2917 2603 τὸ
2938 2549 3182 2621 διάδημα
3228 2550 3357 2620 ἦτοι
3403 2549 3495 2604 τὸν
3531 2549 3639 2601 στέ-

2048 2664 2219 2715 φανον
2256 2648 2361 2717 τῆς
2390 2647 2637 2717 κεφαλῆς
2666 2647 2874 2718 ἡμῶν,9
2911 2646 3030 2715 ἅμα
3083 2646 3305 2699 καὶτὸν
3338 2645 3513 2717 λῶρον
3549 2646 3633 2697 καὶ

2046 2736 2109 2789 τὸ
2128 2736 2443 2807 ὠμοφόριον
2471 2738 2612 2807 ὅπερ
2660 2735 2987 2806 περικυκλοϊ
3030 2735 3126 2789 τὸν
3189 2734 3478 2805 βασιλικὸν
3510 2734 3635 2804 τρά-

2048 2830 2235 2901 χηλον,
2267 2831 2386 2899 ἅμα
2420 2829 2478 2882 δὲ
2524 2830 2619 2882 καὶ
2664 2828 2956 2899 πορφυρὰν
3006 2826 3277 2899 χλαμύδα,
3325 2826 3422 2881 καὶ
3446 2827 3634 2896 χιτῶνα

2046 2921 2321 2984 κόκκινον,
2348 2920 2444 2974 καὶ
2471 2923 2651 2973 πάντα
2671 2919 2741 2972 τὰ
2776 2919 3033 2989 βασιλικὰ
3057 2919 3342 2988 ἐνδύματα
3374 2919 3468 2972 καὶ
3493 2917 3637 2982 diui)-

2050 3033 2197 3085 ματα
2234 3014 2344 3068 τῶν
2374 3013 2673 3085 βασιλικῶν
2698 3012 2930 3083 ἀλόγων,
2953 3012 3155 3082 ὁμοίως
3183 3013 3370 3065 καὶτὰ
3396 3011 3637 3082 βασιλικὰ

2051 3111 2328 3177 σκῆπτρα,
2387 3108 2483 3161 καὶ
2522 3107 2704 3160 πάντα
2744 3109 2813 3159 τὰ
2867 3104 3050 3172 σίγνα,
3090 3105 3189 3158 καὶ
3215 3106 3285 3158 τὰ
3318 3105 3508 3173 βάντα,
3552 3106 3635 3157 καὶ

2054 3199 2122 3250 τὰ
2153 3196 2316 3250 λοιπά
2366 3199 2701 3266 κοσμήματα
2728 3197 2827 3266 τῆς
2878 3195 3166 3265 βασιλικῆς
3199 3197 3630 3266 μεγαλειότητος.

2056 3293 2150 3347 καὶ
2174 3293 2274 3362 τὴν
2305 3292 2465 3355 δόξαν
2493 3291 2595 3358 τῆς
2636 3290 2796 3362 ἡμῶν
2825 3290 3079 3356 ἐξουσίας
3106 3291 3312 3360 ἄνδρας
3343 3290 3634 3371 ατε-εὐσεϐε-

2058 3387 2286 3445 στάτους
2318 3384 2617 3457 κληρικοὺς
2680 3382 2892 3437 πολλῶν
2944 3382 3155 3449 τάξεων
3207 3385 3273 3453 τῇ
3346 3382 3478 3451 αὐτῇ
3515 3381 3633 3451 ἁγίᾳ

2069 3479 2352 3548 Ῥωμαῖκῇ
2458 3476 2761 3547 Ἐκκλησία
2857 3474 3213 3538 δουλεύοντας
3320 3475 3633 3545 θεσπίζομεν

2059 3570 2403 3641 κοσμεῖσθαι,
2440 3571 2533 3623 καὶ
2558 3569 2703 3639 ἔχειν
2753 3569 2970 3637 ἐκείνην
3021 3568 3122 3639 τὴν
3180 3568 3498 3638 commeat
3550 3567 3633 3620 καὶ

2058 3663 2474 3734 μεγαλωσύνην,
2535 3662 2602 3733 ἢν
2640 3663 3041 3733 κεκόσμηταιὴ
3084 3662 3302 3733 μεγάλη
3347 3661 3633 3731 σύγκλητος

2054 3755 2237 3822 ἡμῶν,
2292 3755 2410 3823 ἦτοι
2460 3755 2509 3807 oi
2564 3753 2867 3825 πατρίκιοι,
2912 3755 3008 3806 καὶ
3040 3756 3089 3808 οἱ
3126 3754 3430 3816 κόνσουλοι,
3458 3752 3630 3823 ἧτοιοί

2056 3846 2275 3910 ὕπατοι,
2302 3849 2397 3901 καὶ
2424 3847 2492 3900 τὰ
2531 3847 2694 3899 λοιπά
2720 3846 3031 3917 ἀξιώματα,
3076 3849 3171 3900 καὶ
3218 3847 3299 3911 ὡς
3328 3850 3361 3918 ἡ
3393 3845 3629 3918 βασιλικὴ

2058 3942 2287 4011 στρατιὰ
2333 3942 2694 4012 κεκόσμηται,
2744 3940 2888 3994 οὕτω
2942 3940 3273 4010 θεσπίζομεν
3327 3938 3629 4011 κοσμεῖσθαι

2057 4036 2155 4088 καὶ
2172 4036 2263 4088 τὸν
2285 4034 2489 4105 κλῆρον
2512 4035 2613 4104 τῆς
2637 4035 2800 4103 ἁγίας
2832 4033 3121 4104 Ῥωμαίων
3160 4034 3508 4105 Ἐκκλησίας.
3532 4031 3629 4085 Καὶ

2055 4122 2168 4181 οἷον
2225 4128 2428 4198 τρόπον
2475 4129 2509 4196 ή
2564 4125 2821 4196 βασιλικὴ
2873 4124 3107 4194 δύναμις
3129 4124 3220 4177 διὰ
3251 4123 3463 4177 πολλῶν
3485 4123 3628 4189 όφφι·

2056 4223 2191 4277 κίων
2228 4220 2592 4291 κεκόσμηται,
2627 4220 2749 4290 ἦτοι
2806 4218 3264 4287 κουόικυλαρίων,
3310 4214 3626 4287 πορταρίων,

2057 4315 2410 4382 ἐξκουόίτων,
2476 4313 2623 4367 οὕτω
2670 4315 2764 4367 καὶ
2811 4314 2911 4385 τὴν
2972 4314 3136 4381 ἁγίαν
3171 4313 3284 4367 τῶν
3350 4310 3623 4381 Ῥωμαίων

2069 4409 2398 4480 Ἐκκλησίαν
2429 4407 2753 4478 κοσμεῖσθαι
2777 4407 3027 4477 θέλομεν,
3068 4408 3161 4459 καλ⁸
3212 4407 3300 4460 ἵνα
3329 4405 3467 4459 κατά
3495 4402 3622 4454 πλὰ-

359 4494 538 4539 menta
602 4486 718 4541 sive
760 4488 1031 4557 sandalia,
1100 4506 1165 4543 ex
1232 4490 1415 4545 linteis
1464 4494 1695 4547 candida
1742 4503 1941 4563 gestat,

2053 4521 2144 4566 τος
2172 4504 2231 4555 τὸ
2271 4502 2629 4555 ἑπισκοπικὸν
2662 4501 2779 4570 φῶς
2804 4501 3163 4573 ύπερλὰμπῃ,
3199 4499 3523 4567 θεσπίζομεν
3538 4495 3624 4548 καὶ

357 4577 453 4651 [ita
474 4580 639 4633 ctiam
668 4579 743 4633 illi
781 4598 793 4634 :
837 4579 913 4652 ut]
948 4582 1136 4635 eodem
1176 4586 1339 4637 modo
1366 4585 1632 4652 cmlcstia,
1681 4602 1791 4654 quo
1830 4596 1942 4641 ter-

356 4675 545 4736 restia,
575 4674 642 4731 at!
664 4672 882 4730 laudem
917 4673 1011 4728 Dei
1057 4673 1374 4749 [spectenL]
1414 4678 1595 4748 Supra
1637 4682 1824 4734 omnia
1890 4681 1943 4734 in

356 4766 619 4821 honorem
670 4777 724 4821 et
750 4767 975 4837 gloriam
1039 4767 1212 4836 ipsius
1252 4769 1468 4826 Domini
1530 4782 1584 4827 et
1630 4774 1943 4829 Servatoris

354 4864 526 4916 nostri
558 4860 686 4917 Jesu
724 4863 953 4927 Christi,
995 4865 1093 4934 ipsi
1140 4867 1498 4921 sanctissimo
1544 4866 1695 4921 Patri
1743 4878 1936 4922 nostro

356 4954 636 5019 Sylvestro
659 4956 920 5027 episcopo
943 4969 996 5012 et
1038 4974 1189 5028 papae
1221 4961 1374 5015 urbis
1405 4961 1612 5025 Romae,
1648 4960 1941 5015 omnibus-

359 5061 467 5113 que
497 5047 916 5103 successoribus
954 5049 1075 5119 ejus
1106 5051 1279 5105 beatis
1305 5051 1599 5121 episcopis,
1642 5052 1700 5106 in
1752 5052 1940 5106 eadem

353 5149 735 5211 magnaatquc
769 5143 1070 5212 apostolica
1094 5143 1351 5199 Ecclesia
1384 5154 1711 5214 potestatem
1748 5149 1944 5200 damus

352 5247 416 5285 :ic
441 5236 821 5303 concedimus,
856 5247 917 5291 ut
951 5237 994 5291 si
1040 5238 1165 5307 quis
1191 5254 1255 5291 ex
1297 5249 1488 5294 senatu
1528 5249 1720 5310 suapte
1749 5248 1944 5309 sponte

354 5339 417 5377 ac
442 5324 645 5380 libente
676 5327 958 5383 voluntate
985 5330 1227 5384 clericus
1258 5330 1395 5395 ﬁeri,
1432 5347 1773 5401 nun'ieroquc
1796 5347 1820 5385 s
1840 5349 1940 5385 an-

349 5430 565 5474 ctnrum
600 5422 924 5478 clericorum
954 5427 1234 5479 numerari
1284 5427 1434 5492 velit,
1480 5428 1660 5481 nullus
1696 5429 1938 5482 omnium

290 5522 308 5542 ‘
349 5514 429 5568 illi
461 5515 855 5584 impedimento
907 5535 1032 5575 esse
1077 5522 1297 5575 amicat.
1352 5519 1700 5579 Sancivimus
1728 5524 1797 5578 ad
1829 5524 1943 5577 haec

345 5616 473 5661 utet
533 5626 628 5679 pch
654 5613 777 5681 pius
817 5612 979 5666 Pater
1011 5623 1197 5669 noster
1224 5615 1503 5687 Sylvcster
1537 5632 1772 5687 magnus
1825 5618 1941 5686 cpi-

351 5717 573 5770 scopus,
602 5714 655 5758 et
691 5720 885 5761 omnes
912 5707 1155 5777 episc0pi
1192 5724 1546 5765 successores
1580 5710 1717 5778 ejus,
1758 5721 1940 5781 gesta-

349 5803 470 5849 rent
497 5795 746 5852 diadema
770 5798 887 5853 sive
927 5813 1186 5855 coronam
1215 5817 1279 5857 οι
1314 5818 1450 5873 puro
1492 5803 1669 5875 [puto]
1718 5818 1855 5858 auro
1886 5815 1939 5859 ct

2050 4594 2229 4658 τοῦτο,
2258 4596 2345 4648 ἵνα
2374 4596 2424 4648 οἱ
2444 4595 2698 4664 κληρικοὶ
2720 4595 2817 4664 τῆς
2839 4595 2999 4661 ἁγίας
3016 4593 3300 4663 Ῥωμαίων
3317 4592 3622 4661 Ἐκκλησίας

2050 4688 2494 4742 καϐαλικεύωσιν
2520 4689 2690 4757 ἄλογα
2723 4689 3117 4759 κεκοσμημένα
3144 4689 3231 4740 διὰ
3267 4687 3483 4741 ὀθονίων
3508 4684 3621 4735 λευ-

2055 4783 2191 4835 κῶν.
2244 4782 2353 4835 Καὶ
2387 4782 2515 4850 ὡςή
2548 4783 2794 4851 ἡμετέρα
2823 4781 3130 4852 σύγκλητος
3156 4783 3318 4851 φορεῖ
3343 4779 3611 4847 ὑποδήμα-

2050 4895 2140 4941 τα,
2175 4878 2293 4947 ἦτοι
2318 4876 2575 4930 σανδάλια
2606 4875 2774 4928 λευκὰ
2836 4875 2923 4930 διὰ
2972 4875 3217 4939 ὀθονίων,
3265 4873 3407 4927 οὕτω
3446 4871 3537 4925 καὶ
3557 4867 3616 4919 τὰ

2047 4971 2295 5039 οὐράνια,
2349 4969 2425 5033 ὡς
2484 4971 2579 5023 καὶ
2640 4970 2707 5022 τὰ
2760 4970 2922 5038 γήϊνα
2954 4968 3091 5037 πρὸς
3119 4965 3438 5020 αἴνεσιντοῦ
3468 4960 3612 5015 Θεοῦ.

2061 5064 2351 5116 Ἐπέκεινα
2383 5062 2440 5116 δὲ
2475 5065 2693 5116 πάντων
2720 5062 2977 5132 διδόαμεν
3013 5062 3221 5123 ἄδειαν,
3254 5061 3348 5115 καὶ
3375 5072 3614 5128 παραχω-

2049 5155 2249 5226 ροῦμεν
2297 5154 2449 5225 αὐτῷ
2491 5155 2569 5225 τῷ
2597 5155 2886 5225 ἁγιωτάτῳ
2938 5150 3114 5226 Πατρὶ
3157 5155 3314 5225 ήμῶν
3346 5150 3419 5220 τῷ
3444 5146 3609 5201 Σιλϐἐ-

2049 5264 2198 5316 στρῳ
2222 5246 2509 5317 ὲπισκόπῳ
2544 5245 2637 5300 καὶ
2690 5246 2852 5317 πάπᾳ
2884 5248 2985 5316 τῆς
3026 5246 3236 5309 πόλεως
3275 5244 3500 5312 Ῥώμης,
3525 5235 3612 5288 καὶ

2046 5344 2182 5395 πᾶσι
2242 5345 2353 5405 τοῖς
2418 5341 2684 5412 διαδόχοις
2727 5342 3052 5403 ἐπισκόποις
3107 5337 3401 5413 ὀρθοδόξοις
3442 5349 3603 5404 μακα-

2049 5434 2182 5505 ρίοις
2210 5435 2290 5496 εἰς
2320 5434 2489 5503 τιμὴν
2523 5434 2616 5485 καί
2662 5431 2821 5499 δόξαν
2856 5432 2949 5485 τοῦ
3004 5431 3234 5502 Κυρίου,
3259 5430 3351 5483 καὶ
3380 5424 3605 5493 Σωτῆρος

2045 5527 2203 5596 ἡμῶν
2245 5524 2421 5596 Ἰησοῦ
2473 5526 2714 5597 Χριστοῦ
2760 5527 2841 5589 εἰς
2880 5524 2977 5596 τὴν
3050 5525 3220 5593 αὐτὴν
3262 5519 3491 5593 μεγάλην
3522 5511 3603 5565 καὶ

2042 5618 2411 5690 ἀποστολικὴν
2442 5618 2796 5690 Ἐκκλησίαν,
2831 5619 2918 5671 ἵνα
2949 5619 3044 5672 ἐάν
3077 5635 3161 5681 τις
3190 5616 3287 5685 τῆς
3322 5608 3599 5679 συγκλήτου

2045 5711 2282 5782 βουληθῇ
2319 5711 2458 5780 μετὰ
2499 5711 2632 5764 ἰδίου
2667 5710 2996 5781 θελήματος,
3022 5709 3119 5763 καὶ
3158 5706 3440 5778 εύαρέστου
3465 5696 3597 5767 γενέ-

2045 5804 2166 5858 σθαι
2195 5803 2477 5875 κληριιιὸς,
2513 5807 2605 5861 καί
2650 5806 2706 5859 ἐν
2734 5802 2810 5874 τῷ
2837 5800 3054 5876 ἀριθμῷ
3091 5800 3199 5857 τῶν
3230 5798 3392 5867 ἁγίων
3427 5790 3593 5857 κληρισ

3701 1352 3720 1377 ι.
