3916 6244
303 329 432 396 1081

1307 331 1795 392 NOMOCANO‘N.
1837 356 1903 368 -ι
1941 331 2093 394 ΤΙΤ.
2121 323 2482 406 νΙΙΙ;τ(]ΑΡ.
2521 331 2572 395 Ι.

3451 331 3590 398 1082

296 445 410 500 κῶν
444 447 926 519 συναριθμεῖσθαι,
968 449 1043 520 μή
1093 464 1178 511 τις
1205 445 1384 517 τολμᾷ
1410 447 1518 500 ἀπὸ
1545 447 1766 501 πάντων
1794 449 1871 516 ἐμ·

1996 447 2477 502 inaestimabilibus
2547 445 2861 518 margaritis
2905 445 3281 520 [confectam],
3311 463 3475 518 quam
3522 467 3589 506 ex

294 541 535 604 ποδίζειν
559 542 757 614 τούτῳ.
808 543 1215 611 Ἐθεσπίσαμεν
1266 541 1324 595 δέ
1380 543 1476 595 καὶ
1512 543 1651 612 πρὸς
1681 541 1896 605 τούτοις

295 631 382 685 ινα
412 632 508 685 καὶ
538 633 738 697 «suum;
758 633 1021 706 θεοσεϐὴς
1045 633 1229 704 πατὴρ
1260 633 1417 705 ἡμῶν
1436 633 1760 705 Σίλϐεστρος
1794 633 1894 704 μέ-

291 740 399 790 γας
437 723 763 789 ἐπίσκοπος,
793 725 890 777 καὶ
922 723 1124 788 πάντες
1157 727 1205 777 οί
1225 723 1497 794 ὀρθόδοξοι
1524 723 1761 792 διάδοχοι
1795 723 1896 775 αὐ-

288 812 385 868 τοῦ
412 815 509 868 καὶ
541 816 830 869 ἐπίσκοποι
863 816 950 870 ἵνα
979 817 1187 888 φορῶσι
1218 817 1279 870 τὸ
1309 809 1548 889 διάδημα
1612 818 1756 889 ἦτοι.
1792 817 1894 887 τὴν

296 907 598 978 στεφάνην,
631 909 701 978 ἢν
735 910 1137 982 παρεδώκαμεν
1167 911 1317 982 αὐτῷ
1343 913 1406 965 ἐκ
1458 911 1703 983 κεφαλῆς
1731 911 1892 981 ήμῶν

289 1000 357 1054 ἐκ
380 1000 610 1071 χρυσίου
641 1001 887 1072 καθαροῦ
959 1003 1056 1058 καὶ
1081 1004 1542 1075 μαργαριταρίων
1581 1005 1888 1074 άτιμήτων,

290 1092 387 1144 καὶ
412 1091 500 1151 ἵνα
522 1092 679 1144 αὐτοὶ
713 1093 1042 1164 χρήσωνται
1083 1095 1165 1156 είς
1191 1094 1289 1157 τὰς
1321 1093 1567 1164 κεφαλὰς
1596 1092 1778 1147 αὐτῶν
1809 1095 1890 1158 είς

289 1183 390 1253 τὴν
419 1186 632 1237 αῖνεσιν
660 1184 758 1238 τοῦ
803 1184 963 1250 Θεοῦ,
1021 1186 1117 1239 καὶ
1161 1188 1244 1245 είς
1276 1187 1445 1257 τιμὴν
1467 1187 1563 1240 τοῦ
1591 1186 1752 1254 ἁγίου
1792 1187 1888 1240 καὶ

288 1276 593 1346 κορυφαίου
621 1276 730 1330 τῶν
763 1278 1097 1334 ἀποστόλων.
1146 1279 1317 1342 Αὐτὸς
1345 1281 1374 1333 ὁ
1397 1279 1668 1351 μακάριος
1699 1280 1888 1344 πάπας

291 1369 626 1442 Σίλεῖεστρος
663 1371 802 1441 ὑπὲρ
830 1371 930 1442 τὴν
963 1371 1237 1443 στεφάνην
1267 1373 1386 1443 ἦτοι
1415 1373 1514 1444 τὴν
1535 1373 1886 1444 παπαλίθραν

287 1463 357 1532 ἣν
382 1457 498 1533 εἶχε
533 1463 670 1534 πρὸς
709 1463 869 1527 δόξαν
897 1463 992 1518 τοῦ
1023 1464 1159 1518 θεοῦ
1216 1466 1311 1519 καὶ
1340 1465 1438 1519 τοῦ
1473 1466 1634 1535 ἁγίου
1669 1464 1880 1535 Πέτρου

287 1555 390 1606 οὐκ
410 1553 560 1608 ἔθελε
600 1555 890 1622 βαστάζειν
937 1557 1208 1628 στεφάνην
1247 1559 1312 1609 ἐκ
1353 1556 1682 1627 χρυσίου,τῆ
1733 1573 1878 1626 μαρ-

285 1647 654 1718 γαριταρίων,
687 1650 869 1718 ἡμεῖς,
893 1648 1030 1703 διότι
1063 1651 1166 1703 οὐκ
1215 1648 1398 1702 ἔθελεν
1425 1651 1452 1702 ὁ
1497 1648 1652 1718 ἅγιος
1686 1648 1877 1702 Σίλὸε-

285 1755 448 1808 στρος
466 1739 532 1792 ἐκ
565 1740 791 1810 χρυσίου
823 1742 1094 1813 στεφάνην
1127 1743 1218 1795 τὸν
1257 1741 1653 1813 ὑπέρλαμπρον
1683 1741 1876 1812 λῶρον,

285 1832 622 1902 σημαίνοντα
674 1833 774 1904 τὴν
830 1835 992 1903 ἁγίαν
1013 1836 1312 1890 ἀνάστασιν
1356 1839 1424 1905 τῇ
1485 1834 1620 1906 ἁγίᾳ
1665 1834 1878 1908 κεφαλῇ

280 1923 449 2014 αὑτοῦ
498 1924 658 1988 ίδίαις
688 1925 876 1996 χερσὶν
906 1925 1281 1998 ἐπεθήκαμεν,
1307 1928 1745 2000 καὶκρατοῦντες
1783 1929 1878 1982 τοῦ

281 2015 504 2087 χαλινοῦ
525 2017 620 2071 τοῦ
640 2018 807 2072 ἵππου
821 2018 989 2072 αὑτοῦ
1005 2019 1093 2073 διὰ
1121 2019 1218 2090 τὴν
1243 2019 1634 2092 προσκύνησιν,
1672 2023 1768 2075 καὶ
1790 2023 1882 2076 τὸν

281 2109 450 2179 φόϐον
482 2109 579 2164 τοῦ
612 2112 768 2180 ἁγίου
799 2113 1010 2185 Πέτρου
1037 2113 1349 2186 στράτωρος
1381 2115 1636 2184 ὀφφίκιον
1686 2116 1877 2188 ἐποιή-

283 2219 487 2272 σαμεν,
541 2204 894 2270 θεσπίζοντες
945 2205 1032 2259 ἴνα
1098 2206 1301 2270 πάντες
1330 2207 1380 2259 oi
1425 2207 1661 2278 διάδοχοι
1704 2207 1873 2260 αὑτοῦ

280 2294 358 2363 τῷ
373 2293 538 2367 λώρῳ
561 2299 874 2367 χρήσωνται
905 2301 986 2364 εἰς
1023 2301 1123 2364 τὰς
1149 2302 1505 2373 προελεύσεις
1538 2303 1675 2375 πρὸς
1709 2305 1877 2376 μίμη-

282 2403 368 2440 σιν
399 2388 504 2457 τῆς
543 2389 840 2458 βασιλείας.
899 2395 999 2447 Διά
1037 2393 1201 2448 τοῦτο
1244 2396 1302 2448 δέ
1331 2396 1419 2449 ἵνα
1461 2396 1624 2468 μὴτὸ
1655 2397 1874 2468 ἀξίωμα

275 2478 379 2549 τῆς
419 2481 726 2554 ἐπισκοπῆς
747 2487 1172 2558 καταφρονῆται,
1220 2487 1356 2544 ἀλλὰ
1390 2489 1556 2543 πλέον
1589 2490 1742 2561 παρὰ
1766 2490 1868 2563 τὴν

277 2568 557 2639 βασιλείαν
580 2573 738 2642 ἡμῶν
762 2574 863 2647 τὴν
895 2579 1116 2648 γηῖνην,
1153 2579 1248 2632 καὶ
1297 2581 1535 2650 κράτους
1568 2579 1727 2646 δόξαν
1781 2599 1876 2636 κο·

277 2667 522 2733 σμεῖται,
558 2667 666 2720 ίδοὺ
690 2668 752 2722 τὸ
786 2670 1048 2725 παλάτιον
1077 2672 1239 2744 ήμῶν
1276 2674 1353 2738 ὡς
1385 2675 1744 2745 προείπομεν,
1777 2675 1875 2729 καὶ

273 2758 375 2829 τὴν
405 2758 695 2830 Ῥωμαίων
741 2762 916 2829 πόλιν,
972 2766 1070 2818 καὶ
1135 2766 1342 2838 ταύτης
1387 2769 1489 2838 τῆς
1545 2768 1869 2840 Ἰταλίαςνῆ

275 2850 502 2919 δυσμῶν
554 2854 753 2924 χωρῶν
822 2858 1090 2928 ἐπαρχίας
1120 2860 1345 2925 τόπους,
1397 2863 1492 2915 καὶ
1523 2861 1740 2932 κάστρα
1789 2861 1869 2932 τῷ

275 2946 759 3017 προγεγραμμένῳ
793 2950 1204 3020 μακαριωτάτῳ
1241 2952 1527 3023 ἐπισκόπῳ
1551 2953 1733 3022 ήμῶν,
1775 2954 1872 3006 καὶ

276 3035 455 3106 Πατρὶ
492 3037 802 3111 Σιλϐἐστρῳ
839 3041 1112 3111 καθολικῷ
1145 3044 1304 3114 πάπᾳ
1337 3044 1746 3114 παραδιδόαμεν
1774 3046 1872 3098 καὶ

272 3126 571 3198 ἀφήκαμεν
600 3129 772 3200 αὐτῷ,
834 3133 930 3186 καὶ¹
972 3136 1088 3197 τοῖς
1110 3134 1378 3205 διαδόχοις
1403 3137 1569 3190 αὑτοῦ
1609 3136 1863 3203 ἐξουσίαν
1895 3167 1940 3226 c

272 3218 370 3270 καὶ
410 3219 640 3290 δύναμιν
694 3224 922 3295 στερεὰν
977 3225 1259 3296 βασιλικοῦ
1315 3227 1743 3298 προστάγματος
1778 3228 1868 3282 διὰ

270 3311 478 3382 ταύτην
498 3314 598 3385 τὴν
633 3315 784 3370 θείαν
812 3318 1082 3385 κέλευσιν,
1110 3321 1205 3374 καὶ
1236 3321 1624 3391 πραγματικὸν
1659 3320 1860 3392 σύστηο

274 3422 354 3474 μα
409 3408 780 3480 ἐθεσπίσαμεν
837 3411 1114 3482 διαμένειν
1167 3414 1264 3467 καὶ.
1337 3415 1453 3475 τοῖς
1498 3414 1732 3485 ἀνδράσι
1761 3414 1863 3485 τῆς

278 3498 439 3565 ἁγίας
495 3501 606 3555 τῶν
654 3504 946 3574 Ῥωμαίων
1007 3505 1336 3578 Ἐκκλησίας
1395 3509 1476 3570 είς
1545 3507 1636 3561 τὸν
1690 3507 1865 3562 αἰῶνα

272 3595 772 3666 παρεχωρήσαμεν.
818 3597 917 3652 Διά
941 3597 1100 3651 τοῦτο
1127 3599 1185 3652 δὲ
1238 3601 1510 3670 χρήσιμον
1559 3600 1864 3670 ἐνοήσαμεν

268 3683 369 3754 τὴν
428 3683 709 3754 βασιλείαν
759 3688 940 3759 ήμῶν,
993 3691 1088 3744 καὶ
1115 3691 1178 3743 τὸ
1201 3691 1406 3762 κράτος
1451 3691 1551 3760 τῆς
1584 3690 1864 3762 βασιλείας

269 3780 350 3841 εἰς
377 3779 478 3843 τὰς
540 3781 867 3846 ἀνατολικάς
924 3781 1110 3854 χώρας
1164 3783 1518 3856 μεταφέρειν,
1566 3784 1663 3838 καὶ
1708 3784 1767 3836 ἐν
1795 3785 1862 3855 τῇ

267 3870 550 3944 Βυζαντίῳ
601 3872 756 3945 χώρᾳ
795 3875 944 3945 τόπῳ
1001 3876 1264 3947 χρησίμῳ
1309 3877 1410 3946 τὴν
1456 3875 1611 3931 πόλιν
1653 3877 1747 3930 ἐπὶ
1770 3875 1851 3947 τῷ

266 3965 488 4034 ὀνόματι
546 3966 706 4037 ήμῶν
757 3966 1057 4039 ίδιωθῆναι,
1099 3969 1192 4023 καὶ
1229 3967 1329 4039 τὴν
1377 3968 1539 4040 ἡμῶν
1565 3967 1851 4039 βασιλείαν

265 4060 383 4111 ἐκεῖ
422 4059 707 4130 συστῆναι.
747 4061 894 4114 Διότι
946 4062 1084 4116 ὅπου
1140 4063 1288 4116 ἐστὶν
1345 4063 1551 4135 ἀρχικὴ
1578 4062 1848 4134 ἱερατεία,

265 4151 355 4204 καὶ
393 4153 427 4221 ἡ
460 4151 674 4224 κεφαλὴ
698 4153 803 4224 τῆς
836 4155 1238 4225 Χριστιανικῆς
1283 4155 1586 4226 θρησκείας
1627 4155 1736 4207 ἀπὸ
1757 4151 1855 4207 τοῦ

266 4242 534 4314 βασιλέως
589 4244 700 4298 τῶν
765 4245 1032 4317 οὐρανίων
1061 4246 1336 4315 διδομένη,
1384 4246 1570 4300 ἄδικόν
1592 4247 1739 4300 ἐστιν
1768 4246 1856 4299 ἵνα

263 4335 643 4409 ἒκείὀγήῖνος
687 4337 938 4409 βασιλεὺς
989 4339 1088 4410 ἔχῃ
1134 4338 1410 4404 ἐξουσίαν.
1469 4338 1640 4393 Τοῦτο
1692 4339 1750 4392 δὲ
1787 4338 1849 4392 τὸ

262 4429 393 4498 ὕφος
425 4433 524 4501 τῆς
553 4431 828 4502 βασιλείας
854 4431 1011 4505 ἡμῶν
1047 4432 1208 4496 ἰδίαις
1229 4433 1388 4502 χερσὶ
1433 4432 1858 4500 καταστρώσαν·

2001 539 2184 610 capite
2209 548 2402 594 nostro
2445 539 2552 610 ipsi
2591 539 2930 606 tradidimus
2963 549 3279 610 :gestarent
3309 554 3490 596 autem
3533 545 3587 598 in

1997 635 2272 704 capitibus
2293 634 2409 690 suis
2445 634 2512 689 ad
2543 634 2760 690 laudem
2790 633 2906 701 Dei,
2938 643 2993 690 et
3021 636 3075 690 in
3109 636 3373 690 honorem
3402 639 3583 692 sancti

1996 727 2261 798 principis
2329 725 2732 796 apostolorum.
2798 725 2995 782 Verum
3063 727 3179 796 ipse
3238 727 3590 784 beatissimus

1995 835 2136 891 papa
2155 819 2436 907 Sylvester
2493 835 2659 888 super
2699 834 2960 875 coronam
3010 820 3129 876 sive
3182 821 3587 891 papalethram,

1995 926 2160 982 quam
2209 910 2274 964 ad
2297 909 2531 981 gloriam
2558 909 2652 963 Dei
2677 917 2728 963 et
2749 909 2926 965 sancti
2955 909 3102 964 Petri
3150 908 3408 976 habebat,
3433 910 3589 964 nole-

1994 1005 2088 1059 bat
2117 1013 2342 1073 portare
2363 1017 2628 1058 coronam
2672 1017 2852 1056 meam
2897 1003 2981 1057 vel
3011 1003 3435 1072 margaritarum
3468 1002 3584 1072 plc-

1992 1110 2142 1150 nam.
2171 1094 2281 1150 Nos
2310 1109 2464 1158 vero,
2497 1102 2788 1164 propterea
2831 1095 2978 1165 quod
3035 1104 3260 1152 sanctus
3313 1094 3588 1166 Sylveslcr

1991 1203 2216 1244 auream
2253 1203 2518 1244 coronam
2551 1189 2762 1258 respuit
2796 1205 2810 1243 :
2845 1195 3042 1244 sancto
3067 1187 3241 1258 ipsius
3264 1189 3431 1259 capiti
3489 1205 3580 1243 ra-

1989 1282 2400 1339 diantissimum
2431 1282 2637 1346 lorum,
2661 1289 3072 1338 sacrosanctam
3113 1284 3579 1337 resurrectionem

1988 1378 2277 1441 denotans,
2305 1376 2512 1433 nostris
2537 1375 2791 1432 manibus
2822 1376 3186 1445 imposuimus
3218 1394 3230 1429 :
3265 1383 3320 1428 et
3348 1382 3586 1443 arrepto,

1989 1470 2330 1525 adoratiouis
2367 1469 2695 1540 timorisque
2727 1469 2906 1524 sancti
2956 1467 3104 1524 Petri
3145 1483 3299 1538 ergo,
3327 1467 3455 1537 equi
3494 1468 3583 1537 ip-

1985 1563 2102 1618 sius
2125 1561 2300 1628 freno,
2342 1562 2596 1618 stratoris
2645 1560 2886 1616 oilicium
2935 1561 3169 1616 fecimus
3231 1560 3587 1617 :sancieutes

1988 1663 2048 1706 ut
2075 1665 2272 1707 omnes
2306 1666 2658 1708 successores
2705 1651 2826 1722 ejus
2859 1650 2929 1705 ad
2968 1650 3338 1706 imitationem
3396 1652 3570 1720 impc-

1984 1746 2202 1800 ratoriaz
2237 1745 2540 1816 majestatis
2580 1746 2702 1800 loro
2733 1754 2960 1800 utantur
2982 1745 3065 1811 “in
3110 1745 3582 1815 processionibus.

1990 1838 2069 1893 Ac
2091 1853 2224 1893 vero
2266 1837 2365 1910 [id]
2396 1837 2546 1905 ideo,
2579 1846 2643 1893 ut
2704 1853 2775 1893 ne
2801 1838 3042 1908 dignitas
3072 1837 3400 1907 episcopalis
3451 1853 3586 1892 con-

1993 1941 2293 1987 temnatur.
2337 1931 2653 1998 Quinetiam
2677 1929 2786 2003 [ut]
2820 1931 3108 2000 ampliore,
3136 1946 3302 2000 quam
3346 1930 3586 2000 impera-

1992 2027 2131 2081 toria
2187 2035 2378 2081 nostra
2444 2036 2663 2080 terrena
2722 2023 3006 2093 majestas,
3054 2022 3312 2092 potentiae
3362 2037 3587 2092 quoque

1991 2120 2284 2190 splendore
2307 2119 2607 2174 adornetur
2640 2135 2658 2174 :
2690 2133 2819 2174 ecce
2873 2116 3137 2186 palatium
3188 2123 3440 2170 nostrum
3474 2115 3492 2185 (
3523 2123 3582 2170 ut

1993 2210 2366 2282 praediximus)
2397 2219 2453 2264 et
2507 2210 2700 2264 urbem
2755 2208 3015 2274 Romam,
3049 2221 3261 2263 necnon
3305 2207 3581 2262 universae

1993 2308 2162 2363 Italiae
2206 2305 2742 2375 occidentaliumque
2827 2304 3116 2374 regionum
3203 2301 3581 2372 praefecturas,

1990 2401 2110 2456 loca
2138 2408 2304 2469 atque
2336 2409 2516 2455 castra
2549 2397 2810 2469 praedicto
2841 2396 3167 2451 beatissimo
3203 2395 3490 2464 episc0po,
3525 2406 3580 2449 et

1986 2493 2138 2550 Patri
2165 2501 2356 2546 nostro
2386 2491 2657 2548 Silvestro
2691 2504 2845 2561 papae
2882 2489 3173 2553 tradimus,
3199 2497 3253 2543 et
3294 2487 3396 2558 ipsi
3429 2488 3581 2557 ejus-

1985 2599 2094 2654 que
2124 2583 2541 2638 successoribus
2590 2581 2999 2651 imperatoriam
3032 2579 3336 2650 imperandi
3392 2590 3580 2632 aucto-

1983 2676 2201 2730 ritatem
2253 2690 2318 2730 ac
2379 2683 2705 2744 potestatem
2762 2673 3132 2745 permittimus
3197 2671 3386 2744 [atque
3430 2672 3576 2744 eam]

1984 2784 2081 2838 per
2101 2768 2243 2822 hanc
2272 2766 2515 2822 divinam
2546 2766 2856 2843 jussionem
2886 2779 2952 2820 ac
2984 2764 3378 2836 pragmaticam
3439 2779 3576 2818 con-

1984 2862 2331 2918 stitutionem
2366 2861 2582 2916 ﬁrmam
2613 2875 2940 2932 permanere
2963 2860 3267 2926 sancimus,
3325 2859 3573 2926 virisque

1984 2965 2191 3010 sanctae
2258 2954 2630 3010 Romanorum
2665 2953 2928 3008 Ecclesia:
2975 2952 3028 3006 in
3060 2959 3325 3006 aeternum
3375 2967 3577 3006 conce-

1979 3048 2182 3103 dimus.
2208 3047 2484 3115 Quorsum
2547 3045 2761 3119 [etiam]
2793 3046 2926 3101 utile
2965 3043 3129 3117 [fore]
3183 3043 3578 3100 consideravi-

1983 3158 2106 3197 mus
2151 3141 2638 3212 si‘imperatoriam
2694 3148 2939 3194 nostram
2966 3137 3306 3207 majestatem
3345 3135 3576 3206 ejusque

1971 3233 2267 3305 potentiam
2294 3233 2346 3286 in
2377 3233 2670 3287 orientales
2719 3231 2972 3302 regiones
3021 3228 3472 3294 transfer-remus,
3509 3238 3565 3281 et

1969 3329 2024 3382 in
2055 3327 2350 3399 Byzantico
2380 3342 2512 3398 agro
2537 3327 2658 3381 loco
2678 3325 2968 3381 commodo
2997 3325 3100 3379 sub
3134 3323 3354 3377 nomine
3382 3331 3573 3376 nostro

1973 3419 2248 3474 civitatem
2297 3416 2658 3485 erigeremus,
2691 3428 2854 3485 atque
2905 3415 2977 3468 ibi
3011 3423 3266 3468 nostram
3304 3411 3567 3481 majesta-

1970 3523 2076 3569 tem
2130 3512 2543 3567 collocaremus.
2602 3508 3050 3578 Quandoquidem
3106 3505 3200 3561 ubi
3248 3505 3568 3575 primarium

1971 3603 2365 3669 saderdotium,
2385 3600 2825 3672 Christiatiaaque
2871 3599 3155 3670 religionis
3171 3606 3334 3667 caput
3351 3596 3571 3651 caelitus

1968 3705 2052 3752 est
2074 3695 2464 3760 constitutum,
2496 3704 2556 3748 ut
2579 3693 2783 3748 ibidem
2819 3700 3072 3747 terrenus
3101 3691 3357 3760 princeps
3384 3689 3531 3743 domi

1968 3797 2157 3844 natum
2192 3786 2408 3852 habeat,
2442 3785 2586 3840 haud
2607 3785 2818 3855 justum
2849 3783 3035 3838 fuerit.
3061 3779 3203 3854 [Qua
3234 3795 3368 3836 sane
3397 3781 3562 3833 ctiam

1968 3880 2033 3934 de
2060 3892 2227 3934 causa
2254 3876 2273 3949 ]
2309 3877 2413 3932 hoc
2435 3874 2752 3948 [orationis]
2796 3874 3165 3945 imperatoriae
3192 3883 3398 3927 nostra:
3445 3886 3568 3925 ma-

1967 3971 2192 4042 jestatis
2233 3979 2495 4026 contextu
2545 3969 2784 4040 propriis
2814 3968 3077 4021 manibus
3111 3965 3168 4019 in
3216 3963 3564 4019 venerandus

1968 4066 2142 4122 sancti
2170 4064 2405 4134 apostoli
2430 4063 2767 4132 etprincipis
2790 4061 2937 4115 Petri
2974 4059 3240 4128 reliquias
3272 4064 3549 4126 prostrato

1966 4170 2032 4207 ac
2088 4157 2354 4224 reposito,
2393 4153 2508 4208 haec
2547 4167 2647 4206 nos
2681 4151 2865 4206 omnia
2903 4151 3075 4204 illaesa
3130 4156 3561 4204 conservaturos

1965 4243 2077 4297 illic
2103 4241 2438 4312 juravimus,
2462 4251 2516 4296 et
2539 4238 3183 4306 successoribusjnostris
3208 4237 3562 4308 imperatorh

1963 4335 2066 4389 bus
2107 4334 2165 4388 in
2213 4334 2628 4390 commentariis
2677 4332 2885 4389 nostris
2917 4334 3107 4388 eadem
3142 4330 3412 4388 servanda
3443 4337 3558 4383 tra-

1963 4427 2225 4482 didimus.
2255 4427 2400 4482 Patri
2435 4425 2666 4498 [itaque]
2697 4436 2892 4481 nostro
2937 4436 3128 4481 sancto
3177 4433 3233 4480 et
3283 4423 3559 4480 catholiro

259 4541 347 4588 τες
383 4525 466 4588 είς
521 4524 592 4578 τὰ
639 4523 798 4595 τίμια
818 4525 1047 4595 λείψανα
1091 4524 1188 4580 τοῦ
1227 4525 1387 4593 ἁγίου
1414 4525 1851 4584 ἀποστόλου,καί

1981 4518 2220 4589 :piscopo
2242 4526 2295 4573 et
2323 4533 2494 4589 papae,
2526 4527 2690 4588 atque
2717 4533 2812 4588 per
2831 4517 3027 4588 lipsum
3055 4515 3311 4570 omnibus
3336 4527 3557 4570 succes-

258 4617 561 4686 κορυφαίου
616 4617 825 4687 Πέτρου
891 4618 1171 4688 ἐθήκαμεν
1220 4619 1317 4670 καὶ
1377 4618 1494 4690 ἐκεῖ
1544 4615 1847 4686 ὠμόσαμεν

256 4708 430 4761 ταῦτα
466 4709 650 4764 πάντα
685 4709 1127 4780 ἀπαράθραυστα
1157 4707 1564 4778 διαφυλάττειν,
1597 4707 1693 4761 καὶ
1723 4708 1850 4770 τοὺς

257 4799 541 4869 διαδόχους
568 4801 728 4872 ἡμῶν
761 4801 934 4854 ταῦτα
964 4801 1256 4869 φυλάττειν
1279 4799 1746 4870 παραδεδώκαμεν
1773 4800 1851 4872 τῷ

1958 4617 2177 4672 soribus
2206 4617 2327 4686 ejus
2363 4615 2668 4686 episcOpis,
2705 4623 2983 4670 annuente
3020 4612 3254 4668 Domino
3283 4619 3475 4666 nostro
3505 4617 3560 4662 et

1960 4706 2256 4760 Servatore
2311 4703 2441 4761 Jesu
2471 4706 2715 4770 Christo,
2769 4705 2956 4760 omnia
2995 4711 3124 4759 ante
3157 4703 3362 4772 scripta
3403 4707 3552 4754 recte

1959 4800 2016 4854 in
2040 4807 2306 4853 aeternum
2343 4799 2721 4854 conservanda
2752 4798 3104 4852 tradidimus.

259 4893 434 4966 Πατρ“ι
455 4895 616 4966 ἡμῶν
644 4896 724 4966 τῷ
759 4896 921 4967 ἁγίῳ,
964 4897 1059 4950 καὶ⁹
1093 4895 1368 4966 καθολικῷ
1399 4896 1713 4966 ἐπισκόπῳ,
1751 4898 1848 4950 καὶ
1887 4897 2067 4966 πάπα,
2120 4895 2218 4948 καὶ
2249 4895 2319 4948 δι’
2390 4895 2560 4949 αὑτοῦ
2603 4897 2740 4949 πᾶσι
2800 4898 2912 4958 τοῖς
2937 4893 3203 4964 διαδόχοις
3231 4887 3399 4942 αὐτοῦ
3424 4889 3544 4940 ἐπιο

256 4989 480 5052 οκόποις
527 4988 624 5044 τοῦ
680 4988 889 5059 Κυρίου
945 4987 1104 5060 ήμῶν
1189 4989 1281 5041 καὶ
1330 4988 1584 5060 Σωτῆρος
1667 4986 1844 5058 Ἰησοῦ
1918 4985 2158 5059 Χριστοῦ
2218 4985 2614 5057 προσνεύοντος
2655 4984 3058 5057 παραδιδόαμεν
3098 4983 3196 5036 ὅλα
3232 4977 3302 5031 τὰ
3359 4994 3560 5048 προγε-

252 5083 553 5155 γραμμένα
577 5083 760 5147 καλῶς
785 5083 865 5147 είς
885 5083 977 5136 τὸν
1007 5081 1182 5135 αίῶνα
1208 5079 1690 5151 διαφυλάττεσθαι.

323 5182 636 5254 Σημείωσαι
665 5182 748 5235 ὅτι
779 5180 886 5234 ἀπὸ
918 5177 1014 5234 τοῦ
1037 5179 1306 5248 παρόντος
1337 5179 1572 5241 ἐδίκτου,
1592 5179 1714 5248 ἦτοι
1747 5175 2029 5248 βασιλικοῦ
2064 5175 2490 5247 προστάγματος
2534 5174 2627 5228 τοῦ
2655 5174 2812 5244 ἁγίου
2849 5173 3087 5246 μεγάλου
3133 5171 3552 5228 Κωνσταντίνου

248 5279 556 5334 δικαιοῦται
612 5277 853 5339 ὁπάπας
902 5273 1123 5345 Ῥώμης
1172 5274 1261 5328 διά
1305 5273 1666 5338 πάντωνξτῶν
1702 5271 2005 5344 βασιλικῶν
2061 5271 2374 5340 προνομίων
2412 5269 2816 5339 μεγαλύνεσθαι
2860 5269 2988 5322 ἄνευ
3015 5269 3195 5338 ξμόνου
3234 5269 3328 5322 τοῦ
3380 5269 3554 5337 στέμ-

254 5389 441 5444 ματος·
496 5371 585 5424 διὰ
638 5371 745 5441 γὰρ
776 5367 934 5421 τοῦτο
987 5369 1082 5421 καὶ
1135 5369 1193 5420 ἐν
1226 5369 1348 5427 ταῖς
1393 5367 1735 5437 ὁπουδήποτε
1783 5364 2100 5435 γινομέναις
2147 5361 2533 5433 προελεύσεσιν
2587 5361 2790 5424 αὐτοῦ,
2849 5362 2943 5414 καὶ
2988 5363 3110 5423 ταῖς
3159 5361 3332 5424 θείαις
3378 5359 3548 5414 αὐτοῦ

251 5463 668 5538 ίεροτελεστίαις
728 5463 818 5514 διὰ
865 5459 1144 5530 βασιλικοῦ
1205 5457 1384 5530 λὼρου
1438 5464 1541 5529 τὴν
1575 5457 1821 5528 κεφαλὴν
1879 5453 2386 5519 κατακαλύπτεται,
2435 5453 2802 5524 ἀμφιέννυται
2846 5451 2901 5503 δέ
2932 5451 3028 5503 καὶ
3073 5449 3303 5521 ἀληθινά
3341 5451 3548 5520 ὑποδή-

253 5576 416 5627 ματα,
454 5556 552 5609 καὶ
609 5554 962 5608 καὸαλικεύει
1024 5553 1162 5622 μετά
1190 5550 1445 5623 ἀληθινοῦ
1482 5550 1849 5622 σελοχαλίνου,
1898 5551 2039 5602 κατὰ
2075 5550 2203 5612 τοὺς
2235 5546 2495 5617 βασιλεῖς,
2553 5545 2688 5615 τιμᾷ
2718 5544 2775 5596 δέ
2823 5544 2917 5596 καὶ
2961 5542 3089 5605 τοὺς
3135 5543 3225 5594 ὑπ’
3250 5541 3416 5594 αὑτοῦ
3455 5542 3550 5597 διὰ

249 5654 578 5725 ἀξιωμάτων
617 5649 931 5722 βασιλικῶν.
978 5643 1146 5702 Ὅταν
1200 5648 1255 5701 δὲ
1293 5649 1326 5718 ἠ
1369 5646 1600 5718 δευτέρα
1646 5645 1862 5708 σύνοδος
1920 5644 2122 5697 δέδωκε
2176 5641 2254 5714 τῷ
2294 5639 2712 5713 ἀρχιεπισκόπῳ
2763 5639 2860 5708 τῆς
2911 5637 3547 5700 Κωνσταντινουπόλεως

248 5749 313 5803 τά
343 5745 618 5819 προνόμια
651 5745 828 5799 πάντα
861 5743 954 5797 τοῦ
996 5742 1155 5796 πάπα
1196 5739 1436 5812 Ῥώμης,
1474 5737 1844 5811 ἐπεχείρησάν
1896 5754 2041 5800 τινες
2066 5735 2177 5790 τῶν
2215 5731 2572 5808 πατριάρχῶν
2604 5731 2678 5795 ῶς
2707 5733 2734 5784 ὁ
2773 5731 3084 5801 Κύρουλλος
3113 5731 3318 5792 ἐκεῖνος
3349 5731 3542 5801 κύριος

251 5838 490 5912 Μιχαὴλ,
529 5839 623 5893 καὶ
663 5836 840 5908 ἕτεροι
889 5837 1000 5899 τοῖς
1029 5835 1213 5897 αὐτοῖς
1259 5830 1730 5902 ἁποσεμνύνεσθαι
1765 5829 2105 5900 προνομίοις,
2144 5828 2203 5882 οὑ
2244 5829 2434 5897 γέγονε
2478 5825 2534 5878 δὲ
2566 5824 2750 5888 αὐτοῖς
2797 5824 2875 5887 εἰς
2927 5821 3090 5878 καλὸν
3134 5823 3165 5894 ἠ
3202 5821 3537 5895 ἐγχείρησις.
