3916 6244
394 341 534 408 1083
1500 337 1778 406 ΡΗΟΤΙΪ
1806 345 2005 406 PATR

2117 345 2319 406 {CIUE
2346 347 2457 408 CP.
3525 341 3651 406 108i

390 455 672 526 Τιμᾶσοαι
727 455 786 510 δὲ
852 454 942 510 διὰ
1005 454 1339 526 ἀξιωμάτων
1402 453 1528 518 τοὺς
1584 454 1882 524 κληρικοὺς
1931 454 2055 524 τῆς-
2083 456 2718 520 Κωνσταντινουπόλεως
2771 454 3098 512 κεκώλυται.
3167 455 3312 526 Πλὴν
3364 456 3456 510 καὶ
3506 456 3662 509 ταῦτα

391 550 815 620 κεκολοϐωμένα
869 550 1027 614 εἰσίν,
1096 550 1154 603 Ὀ
1205 550 1262 603 δὲ
1317 549 1458 602 κατὰ
1513 550 1742 621 καιροὺς
1794 547 2146 619 χαρτοφύλαξ
2209 550 2318 603 ἀπὸ
2357 549 2453 602 τοῦ
2511 550 2781 621 παρόντος
2832 549 3040 603 ὲδίκτου
3092 547 3394 603 δικαιοῦται
3449 547 3664 602 καϐαλι-

391 638 579 694 κεύειν
614 642 756 696 κατὰ
783 641 883 712 τὴν
923 640 1076 712 λιτὴν
1112 640 1224 694 τῶν
1265 641 1438 709 ἁγίων
1482 640 1747 709 νοταρίων
1803 639 1863 692 τὸ
1915 641 2316 711 πατριαρχικδν
2365 641 2559 710 ἄλογον
2608 641 2746 711 μετὰ
2791 641 2999 695 ὀθονίου
3036 639 3254 695 λευκοῦ.
3311 639 3452 693 Ἔδει
3490 640 3666 709 δὲτὴν

393 731 641 804 κεφαλὴν
698 733 864 792 αὑτοῦ
905 731 980 796 ὡς
1030 732 1391 804 καδδηναρίου
1435 730 1838 803 πατριάρχικοῦ
1893 731 2198 786 σκέπεσθαι
2251 734 2391 804 μετὰ
2453 734 2663 803 χρυσῆς
2714 733 2930 804 τιάρας,
2983 733 3108 804 ἦτις
3163 733 3260 786 καὶ
3309 733 3366 784 ὲν
3418 749 3667 800 χαρτοφυο

393 803 578 897 λακίῳ
643 827 956 882 ἀπόκειται.
1030 825 1191 880 Ἀλλὰ
1245 827 1340 879 καὶ
1389 827 1417 877 ὁ
1472 827 1616 879 κατὰ
1667 827 1896 896 καιροὺς
1955 803 2304 898 πατριάρχης
2371 813 2776 897 Ἀλεξανδρείας
2812 803 2945 879 θάπὸ
3004 803 3100 880 τοῦ
3164 825 3432 896 παρόντος
3470 823 3668 877 ὲδίκτου

392 921 701 982 δικαιοῦται
770 923 909 992 μετὰ
956 919 1132 992 λώρου
1174 921 1535 991 λειτουργεῖν,
1590 921 1751 974 ἔλαϐε
1801 920 1912 990 γὰρ
1942 921 2042 992 τὴν
2097 920 2346 988 ἐξουσίαν
2398 920 2604 992 ταύτην
2661 922 2689 974 ὁ
2738 921 2892 984 ἅγιος
2947 919 3218 990 Κύριλλος
3285 917 3670 990 Ἀλεξανδρείας

393 1015 504 1086 ἀπὸ
533 1013 626 1067 τοῦ
663 1015 819 1068 πάπα
855 1013 1071 1085 Ῥώμης
1098 1013 1456 1076 Κελεστίνου,
1501 1014 1590 1066 ὅτε
1631 1015 1662 1084 ἡ
1712 1013 1771 1067 ὲν
1812 1014 2027 1085 Ἐφέσῳ
2077 1015 2269 1082 γέγονε
2303 1014 2518 1078 σύνοδος
2560 1014 2701 1068 κατὰ
2739 1012 3060 1084 Νεστορίου·
3096 1012 3192 1065 τοῦ
3230 1012 3339 1084 γὰρ
3363 1011 3669 1066 Κελεστίνου

398 1107 476 1178 μὴ
507 1106 805 1177 δυναμένου
859 1109 1231 1177 παρουσιᾶσαι
1276 1109 1356 1168 εἰς
1389 1108 1646 1175 Ἔφεσον,
1678 1107 1774 1162 καὶ
1811 1111 1994 1178 κρῖναι
2049 1107 2143 1162 τὸν
2191 1109 2508 1180 Νεστόριον,
2550 1105 2794 1175 συνέδοξε
2832 1107 3201 1178 ἐπιτραπῆναι
3249 1106 3340 1158 τὸν
3377 1107 3530 1174 ἆγιον
3570 1107 3673 1161 Κύ-

396 1199 576 1272 ριλλον
618 1201 723 1252 ὑπὸ
756 1199 850 1254 τοῦ
882 1201 1202 1253 Κελεστίνου
1249 1201 1593 1272 προκαθῆσαι
1622 1202 1723 1272 τῆς
1758 1202 2000 1267 συνόδου,
2053 1202 2170 1256 ἀντ’
2215 1201 2404 1256 αὑτοῦ.
2454 1202 2558 1264 Εἰς
2613 1201 2744 1270 γοῦν
2793 1201 3138 1271 παράστασιν
3188 1198 3282 1252 τοῦ
3335 1197 3475 1268 ἔχειν
3525 1199 3672 1255 αὐτὸν

393 1292 457 1344 τὸ
500 1295 707 1348 δίκαιον
764 1295 860 1347 τοῦ
904 1294 1062 1348 πάπα
1103 1292 1323 1364 Ῥώμης
1379 1295 1706 1348 Κελεστίνου
1757 1295 1994 1365 ὲκάθησε
2047 1297 2187 1366 μετὰ
2247 1295 2465 1367 λὼρου,
2546 1297 2642 1350 καὶ
2707 1295 3033 1349 κατεδίκασε
3082 1295 3176 1348 τὸν
3228 1293 3539 1364 Νεστόριον.
3584 1295 3674 1349 Ἐκ

391 1388 515 1442 τότε
566 1388 660 1443 οὖν
715 1387 850 1456 μετὰ
905 1387 999 1440 τοῦ
1046 1387 1212 1440 αὐτοῦ
1255 1388 1431 1459 λώρου
1476 1387 1847 1460 ἱερουργοῦσι,
1875 1390 1984 1456 ξκαὶ
2035 1388 2417 1459 προοδεύουσιν
2459 1389 2510 1443 οῑ
2562 1388 2900 1459 πατριάρχαι
2934 1385 3345 1459 Ἀλεξανδρείας
3377 1389 3471 1440 καὶ
3514 1388 3675 1440 αἰτία-

397 1494 484 1533 σιν
533 1482 636 1535 οὐκ
676 1481 1096 1538 ὑποπτεύουσιν.
1160 1483 1454 1550 Ἀνάγνωθι
1514 1483 1614 1554 τὴν
1658 1481 1789 1551 περὶ
1845 1481 2036 1535 τούτου
2095 1481 2391 1553 ἐπιστολὴν
2451 1481 2545 1536 τοῦ
2612 1482 2769 1550 ἁγίου
2846 1479 3171 1535 Κελεστίνου
3232 1479 3675 1551 κατεστρωμένην

395 1571 562 1627 οὖσαν
591 1576 670 1636 εἰς
696 1575 764 1628 τὰ
797 1576 1078 1644 πρακτικὰ
1109 1575 1209 1645 τῆς
1246 1573 1294 1644 γ’
1328 1575 1575 1628 συνόδου.

467 1671 600 1725 CAP
630 1670 694 1725 Il.
725 1702 793 1711 —
827 1671 908 1724 Ne
937 1672 1212 1740 episcopus
1251 1682 1441 1727 temere
1480 1672 1856 1743 peregrinetur,
1887 1679 1982 1725 aut

2165 1672 2420 1727 ΚΕΦΑΛ.
2465 1673 2541 1725 Β’.
2565 1704 2634 1715 --
2662 1672 2803 1741 Περὶ
2829 1670 2938 1726 τοῦ
2967 1671 3054 1739 μὴ
3089 1671 3171 1736 ὠς
3227 1668 3413 1739 ἔτυχε
3440 1670 3673 1724 ἐπίσκο-

398 1765 622 1820 clericus
653 1765 710 1818 in
738 1766 849 1819 alia
874 1765 1146 1836 provincia
1177 1766 1352 1836 degat.

469 1949 856 2019 Apostolorum
892 1964 1068 2003 canon
1134 1951 1222 2013 14,
1260 1949 1374 2015 15;
1437 1950 1664 2005 concilii
1717 1951 1990 2022 Ancyrani

399 2055 576 2096 canon
611 2041 712 2106 18;
764 2041 980 2096 concilii
1039 2041 1369 2098 Antiocheni
1425 2058 1604 2098 canon
1637 2045 1692 2106 5,
1731 2045 1819 2109 15,
1868 2046 1982 2112 22;

401 2132 614 2188 concilii
645 2131 932 2188 Laodiceni
971 2150 1146 2189 canon
1171 2135 1263 2200 41,
1305 2135 1413 2201 42,
1448 2137 1672 2190 concilii
1722 2136 1992 2192 Constan-

401 2224 747 2294 tinopolitani
782 2241 958 2280 canon
1012 2225 1086 2293 2;
1121 2228 1338 2282 concilii
1379 2228 1868 2284 Chalcedonensis
1901 2246 1994 2285 ca-

403 2333 511 2371 non
549 2319 634 2380 15,
689 2318 797 2385 25;
841 2319 1058 2374 concilii
1109 2320 1449 2378 Sardicensis
1478 2339 1653 2378 canon
1689 2324 1742 2388 5,
1777 2325 1864 2390 1|,
1892 2323 1986 2390 12,

405 2409 495 2474 16,
533 2413 636 2477 17;
666 2412 884 2468 concilii
920 2413 1366 2484 Carthaginensis
1393 2432 1570 2470 canon
1593 2415 1685 2480 25,
1719 2417 1775 2470 7|
1812 2431 1993 2484 ;con-

401 2503 512 2558 cilii
541 2504 678 2559 sexti
704 2521 879 2559 canon
912 2506 1001 2571 17,
1027 2507 1114 2573 18,
1137 2507 1243 2575 20;
1273 2508 1490 2563 concilii
1511 2506 1715 2562 Nicaeni
1748 2507 1992 2564 secundi

403 2612 582 2652 canon
615 2597 702 2666 10;
735 2599 952 2654 concilii
997 2602 1158 2670 primi
1194 2609 1249 2656 et
1279 2603 1505 2657 secundi
1533 2602 1587 2657 in
1609 2601 1725 2658 aede
1762 2601 1996 2658 Sancto-

404 2705 526 2744 rum
556 2689 940 2761 Apostolorum
977 2691 1195 2767 [habili]
1231 2709 1406 2749 canon
1440 2694 1526 2748 16.

478 2785 696 2842 Textus.
747 2787 936 2843 Const.
980 2789 1070 2852 42,
1094 2790 1176 2845 tit.
1206 2792 1240 2844 5
1273 2791 1362 2846 lib.
1394 2791 1434 2858 Ι,
1458 2792 1582 2847 cod.
1611 2793 1720 2846 ait:
1751 2791 1831 2846 Oh
1856 2791 2000 2846 mul-

404 2885 699 2946 tum,etc.,
735 2896 898 2951 usque
916 2880 984 2934 ad
1027 2881 1120 2937 ﬁat
1161 2884 1504 2955 erogali0.ut
1541 2901 1666 2955 pag.
1709 2885 1832 2950 197,
1874 2884 1997 2971 196,

403 2966 528 3033 665,
563 2968 690 3025 666.
1217 2988 1223 2994 ”

480 3154 772 3212 Scholium.
809 3159 998 3216 Const.
1038 3162 1128 3230 45,
1162 3165 1242 3219 tit.
1278 3165 1331 3229 5,
1361 3165 1497 3220 lib.|
1545 3168 1672 3223 cod.“
1718 3169 1773 3223 in
1832 3169 1998 3226 Basil.

409 3267 516 3304 non
543 3261 627 3306 est
654 3254 824 3323 posita
865 3269 1079 3325 :neque
1127 3260 1350 3313 eonstit.
1394 3260 1446 3325 1,
1504 3261 1597 3316 lib.
1651 3277 1666 3316 ι
1753 3262 2005 3320 Novella-

409 3358 531 3396 rum
567 3361 688 3415 qua!
717 3356 800 3401 est
825 3350 1034 3403 novella
1055 3348 1358 3406 Iustiniani
1395 3351 1450 3414 6,
1480 3370 1658 3424 neque
1696 3357 1918 3412 constit.
1972 3358 2004 3410 7

410 3438 656 3508 ejusdem
690 3440 711 3494 1
766 3441 846 3496 tit.
873 3439 1244 3506 Novellarum.
1279 3462 1401 3516 qua:
1434 3454 1518 3502 est
1577 3450 1789 3505 novella
1829 3448 2003 3506 Justi-

416 3529 564 3583 niani
625 3530 695 3586 67
727 3550 742 3599 ;
780 3535 1003 3589 constit.
1061 3537 1094 3591 5
1145 3536 1389 3606 ejusdem
1439 3539 1488 3605 1,
1527 3539 1634 3606 tit.,
1669 3550 1753 3595 est
1794 3543 2000 3598 novella

413 3620 712 3677 Justiniani
749 3624 840 3685 86.
890 3627 1062 3695 posita
1094 3628 1222 3698 [que
1254 3628 1358 3702 est]
1403 3629 1456 3684 in
1495 3631 1586 3686 lib.
1621 3649 1673 3687 v1
1703 3633 1870 3689 Basil.
1917 3637 2001 3691 tit.

412 3713 505 3774 2:2.
546 3715 635 3784 qui
669 3716 814 3770 circa
850 3718 1013 3772 linem
1053 3719 1132 3774 sic
1183 3721 1384 3777 habet:
1441 3721 1546 3779 Sed
1608 3725 1878 3795 jnbemus
1943 3739 2003 3784 ut

414 3821 596 3875 neque
635 3809 965 3870 monachus,
1001 3827 1178 3881 neque
1213 3814 1467 3881 clericus,
1495 3832 1673 3884 neque
1701 3819 1885 3888 episco
1907 3837 2006 3890 pus

420 3899 539 3953 sive
595 3900 1002 3971 religiosissimi
1033 3907 1360 3976 patriarchae
1391 3911 1475 3964 sui
1509 3910 1751 3983 [littoris]
1783 3915 1887 3967 huc
1914 3931 2006 3970 ac-

418 3991 577 4045 cedat
611 4000 744 4046 :aut
790 3997 924 4050 certi
977 4007 1144 4052 sunto
1205 4001 1354 4069 quod
1412 4002 1694 4070 religionis
1734 4006 1923 4062 habitu
1947 4024 2007 4065 se

419 4084 673 4155 indignos
707 4086 926 4144 facient.
955 4088 1096 4147 Nota
1128 4109 1259 4148 vero
1311 4096 1454 4163 quod
1498 4097 1727 4169 integrae
1780 4104 2008 4160 novellae

417 4176 660 4246 episcopi
725 4178 990 4236 duntaxat
1055 4186 1386 4241 mentionem
1441 4187 1690 4258 faciant;
1774 4194 2005 4252 llasilica

421 4283 550 4322 vero
585 4286 762 4341 neque
798 4273 1060 4329 clericum
1111 4293 1290 4346 neque
1333 4279 1653 4351 episcopum
1690 4284 2008 4342 Constanti-

420 4361 661 4428 nopolim
701 4362 875 4418 inscio
915 4367 1226 4435 patriarcha
1257 4371 1520 4427 accedere
1551 4375 1752 4431 sinant.
1815 4376 2002 4431 Const.

417 4450 474 4512 ‘2,
525 4453 609 4507 tit.
647 4454 670 4507 1
711 4454 1076 4525 Novellarum,
1129 4470 1210 4516 est
1264 4465 1473 4519 novella
1523 4465 1820 4523 Justiniani
1883 4471 2004 4537 1'25,

425 4543 512 4616 [ac
530 4546 634 4619 est]
671 4551 846 4618 posita
879 4553 932 4606 in
988 4555 1082 4608 lib.
1120 4571 1176 4610 ιιι
1224 4557 1387 4614 Βιιεὶι.
1427 4560 1510 4616 tit.
1584 4562 1637 4627 1,
1680 4578 1800 4633 cap.
1859 4567 1924 4620 18
1961 4575 2015 4621 et

429 4641 515 4704 19,
545 4657 668 4711 quae
711 4645 932 4713 habent,
961 4658 1019 4702 ut
1046 4650 1120 4713 {in
1162 4655 1490 4722 compendio
1524 4658 1801 4726 proposita
1861 4669 2012 4713 sunt.

430 4730 512 4785 Tu
575 4749 705 4789 vero
738 4738 921 4807 potius
978 4741 1321 4801 adlnerescas
1374 4746 1440 4800 16
1487 4751 1684 4802 cationi
1740 4749 2008 4824 [concilii]

425 4825 584 4894 primi
607 4833 899 4885 etsecundi
935 4833 1207 4906 intcmplo
1235 4835 1565 4893 Sanctorum
1617 4841 2013 4911 Apostolorum

430 4913 679 4989 [habiti],
733 4920 786 4973 in
847 4938 941 4977 sex
1002 4942 1217 4982 nienses
1268 4930 1735 5001 peregrinationis
1804 4943 2018 5006 tempus

430 5012 757 5066 coaretanti.
785 5013 978 5070 Const.
1006 5017 1074 5071 12
1122 5019 1370 5089 ejusdem
1418 5023 1500 5076 tit.
1529 5022 1906 5094 Novellarum,
1933 5039 2017 5084 est

431 5103 641 5158 novella
671 5103 966 5165 Justiniani
1016 5112 1084 5166 57
1148 5115 1324 5182 posita
1361 5114 1508 5188 [qum
1537 5120 1643 5190 est]
1696 5121 1747 5174 in
1791 5123 1884 5178 lib.
1918 5122 2020 5176 Ba—

430 5195 518 5248 sil.
547 5197 600 5261 5,
625 5200 708 5254 tit.
738 5203 794 5266 4,
817 5212 980 5273 atque
1015 5207 1085 5260 ita
1118 5206 1228 5263 fere
1259 5209 1326 5264 de
1363 5213 1708 5282 perceptione
1739 5213 2018 5289 [annonae]

434 5289 616 5356 habet,
660 5303 716 5348 ut
751 5295 803 5349 in
847 5307 993 5353 textu
1044 5303 1308 5372 scriptum
1345 5314 1446 5359 est.
1485 5304 1635 5360 ":IIIC
1670 5306 1834 5377 igitur
1875 5310 2013 5379 lege.

435 5384 609 5457 Legas
639 5387 814 5464 [vero]
845 5394 1009 5448 etiam
1046 5398 1384 5452 sanctissimi
1419 5400 1567 5454 illius
1592 5416 1656 5455 ac
1683 5402 2014 5458 universalis

437 5481 760 5546 patriarchae
792 5485 997 5542 domini
1037 5486 1260 5548 ,Nicolai
1305 5493 1631 5562 synodicum
1683 5505 2023 5549 commenta-

438 5572 580 5625 rium
608 5579 1022 5643 quartodecitno
1055 5584 1260 5639 mensis
1290 5585 1466 5640 Martii
1494 5586 1652 5660 [die,]
1726 5589 2024 5643 indictione

445 5668 602 5720 trrtia
639 5669 952 5727 confectum
987 5693 998 5727 :
1035 5678 1126 5747 qui
1177 5679 1480 5743 constituit,
1504 5693 1727 5752 ,quanto
1779 5691 2026 5750 tempore

2096 1785 2218 1821 πον
2249 1766 2598 1838 ἀποδημεῖν,
2626 1767 2665 1837 ἣ
2691 1768 2788 1822 καὶ
2814 1765 3108 1836 κληρικὸν
3131 1765 3203 1820 ἐν
3243 1764 3420 1834 ἑτέρᾳ
3467 1765 3679 1834 διάγειν

2097 1859 2380 1928 ἐπαρχίᾳ.

2183 1948 2523 2002 Ἀποστόλων
2551 1947 2733 2004 κανὼν
2765 1947 2847 2015 ιδ’,
2895 1947 2956 2001 ιε’
2975 1963 2990 1980 ·
3027 1947 3247 2001 συνόδου
3278 1947 3556 2019 Ἀγκύρας
3584 1968 3672 2005 κα-

2097 2043 2203 2096 νὼν
2235 2049 2336 2113 ιη’·
2370 2041 2586 2096 συνόδου
2625 2041 2956 2112 Ἀντιοχείας
2990 2040 3172 2094 κανὼν
3200 2047 3269 2109 γ’,
3292 2047 3386 2109 ιγ’,
3419 2042 3534 2112 κβὀ
3570 2061 3681 2096 συν-

2097 2135 2218 2189 όδου
2282 2135 2602 2198 Λαοδικείας
2643 2134 2823 2189 κανὼν
2853 2133 2944 2204 μα’
2990 2134 3122 2206 μβ’⁶
3156 2135 3382 2190 συνόδου
3413 2137 3682 2189 Κωνσταν-

2099 2227 2466 2291 τινουπόλεως
2487 2225 2669 2282 κανὼν
2693 2227 2737 2298 β’
2757 2246 2770 2258 ·
2802 2227 3021 2280 συνόδου
3036 2226 3385 2298 Χαλκηδόνος
3410 2226 3585 2280 κανὼν
3600 2233 3680 2294 ιγ’,

2100 2327 2219 2388 κγ’·
2275 2319 2501 2374 συνόδου
2532 2320 2805 2392 Σαρδικῆς
2863 2318 3044 2374 κανὼν
3085 2326 3156 2388 γ’,
3199 2319 3289 2384 ια’,
3329 2319 3422 2390 ιβ’,
3470 2318 3563 2384 ις’,
3593 2320 3677 2384 ιζ’·

2103 2414 2329 2468 συνόδου
2359 2413 2724 2485 Καρθαγένης
2745 2411 2926 2467 κανὼν
2959 2419 3064 2482 κγ’,
3096 2419 3176 2466 οα¹
3200 2427 3213 2440 ⁶
3243 2411 3470 2465 συνόδου
3497 2417 3568 2476 ς’,
3593 2430 3682 2465 κα-

2101 2503 2209 2557 νὼν
2232 2504 2316 2570 ιζ’,
2351 2501 2500 2575 ιη’,κ’
2521 2502 2762 2556 ⁶συνόδου
2792 2501 3024 2565 Νικαίας
3053 2501 3116 2554 τὸ
3147 2502 3213 2571 β’,
3234 2499 3418 2554 κανὼν
3438 2506 3467 2552 ι’
3487 2515 3501 2529 ·
3544 2501 3683 2553 συνό-

2101 2596 2193 2650 δου
2235 2603 2284 2662 α’
2315 2596 2411 2650 καὶ
2437 2595 2504 2667 β’,
2534 2597 2591 2650 ὲν
2625 2593 2704 2666 τῷ
2727 2595 2839 2667 ναῷ
2872 2594 2982 2648 τῶν
3015 2593 3190 2663 ἁγίων
3237 2591 3558 2647 ἀποστόλων
3596 2609 3684 2646 κα-

2103 2689 2210 2744 νὼν
2246 2697 2343 2755 ις’.

2177 2783 2492 2851 Κείμενον,
2533 2781 2599 2836 Ἦ
2633 2779 2720 2852 μβ⁹
2753 2780 2918 2848 διάτ.,
2947 2778 3042 2834 τοῦ
3078 2781 3248 2848 γ’τίτ.
3273 2779 3374 2834 τοῦ
3411 2779 3459 2834 α’
3491 2778 3682 2851 βιϐλίου

2105 2874 2199 2928 τοῦ
2233 2872 2485 2940 κώδικος,
2553 2875 2720 2945 φησὶν
2766 2875 2848 2927 ὅτι
2895 2873 3181 2937 ἐπίσκοπο,
3224 2892 3279 2940 κ⁸
3315 2891 3368 2928 τ.
3409 2873 3484 2938 λ.,
3517 2886 3682 2942 usque

2109 2965 2176 3020 ad
2220 2964 2362 3019 ὥστε
2417 2966 2517 3036 τὴν
2553 2964 2821 3036 χορηγίαν
2858 2966 2960 3037 τῆς
3001 2968 3266 3035 σιτήσεως
3303 2965 3514 3019 ἐκεῖθεν
3553 2964 3686 3032 γίνε-

2035 3053 2076 3108 Β
2109 3056 2253 3110 σθαι.

2177 3147 2459 3216 Σχόλιον.
2501 3147 2567 3200 Ἢ
2591 3145 2681 3218 μγ¹
2703 3146 2843 3201 διάτ.
2905 3148 3000 3200 τοῦ
3026 3153 3074 3216 γ’
3104 3147 3208 3200 τίτ.
3291 3148 3392 3201 τοῦ
3423 3153 3470 3200 α’
3499 3145 3688 3217 βιϐλίου

2105 3238 2200 3292 τοῦ
2230 3238 2464 3304 κὼδικος
2507 3239 2608 3291 οὐκ
2651 3239 2811 3309 ἐτέθη
2851 3240 2932 3302 είς
2985 3239 3052 3292 τὰ
3087 3237 3378 3293 Βασιλικά.
3431 3239 3562 3293 Οὐδὲ
3593 3234 3688 3308 ήα⁹

2105 3329 2261 3382 διάτ.“
2292 3329 2385 3381 τοῦ
2417 3336 2464 3382 α’
2495 3329 2603 3384 τίτ.
2653 3330 2762 3383 τῶν
2823 3330 3053 3403 Νεαρῶν
3093 3328 3229 3384 οὖσα
3273 3330 3691 3390 Ἰουστινιάνειος

2108 3422 2183 3489 ξςν
2241 3423 2380 3479 διάτ.
2423 3422 2517 3476 τοῦ
2560 3423 2726 3477 αὐτοῦ
2753 3423 2860 3478 τίτ.
2894 3425 3014 3478 ἐστὶ
3048 3424 3240 3495 Νεαρά
3273 3425 3692 3485 Ἰουστινιάνειος

2108 3522 2207 3578 πς¹
2242 3517 2473 3587 κειμένη
2502 3518 2558 3570 ὲν
2606 3516 2797 3588 βιϐλίῳ
2829 3524 2882 3582 ς’
2925 3517 3034 3569 τῶν
3078 3516 3398 3571 Βασιλικῶν
3460 3517 3564 3569 τίτ.
3593 3514 3689 3583 κβ’.

2108 3606 2244 3676 Περὶ
2271 3607 2334 3660 τὸ
2375 3607 2528 3670 τέλος
2575 3605 2749 3671 οὕτως
2804 3606 3000 3678 ἔχοντιο
3040 3607 3163 3660 οῦτε
3188 3609 3244 3660 δὲ
3295 3607 3557 3678 μοναχὸν,
3581 3603 3693 3658 οὔτε

2109 3697 2391 3769 κληρικὸν,
2409 3697 2535 3752 οὔτε
2555 3698 2855 3752 ἐπίσκοπον
2877 3697 3174 3770 κελεύομεν
3194 3700 3459 3771 ἔρχεσθαι
3479 3697 3696 3753 ἐνταῦθα

2108 3792 2237 3844 ἄνευ
2261 3789 2354 3843 τοῦ
2393 3790 2690 3844 όσιωτὰτου
2721 3789 2902 3842 αὐτῶν
2937 3791 3280 3862 πατριάρχου
3308 3805 3322 3820 ·
3360 3793 3457 3843 καὶ
3489 3789 3694 3842 είδέτω-

2111 3899 2209 3935 σαν
2236 3881 2313 3946 ὡς
2361 3879 2617 3947 ἀναξίους
2667 3883 2896 3946 ἑαυτοὺς
2939 3882 3034 3936 τοῦ
3079 3883 3365 3952 σχήματος
3398 3883 3695 3952 ποιήσουσι.

2110 3977 2221 4030 Καὶ
2251 3977 2558 4047 σημείωσαι
2594 3977 2677 4029 ὅτι
2707 3976 2769 4028 τὸ
2808 3977 2906 4046 μὲν
2930 3975 3131 4038 πλάτος
3154 3973 3262 4027 τῶν
3281 3973 3518 4046 Νεαρῶν
3542 3974 3693 4042 μόνον

2110 4069 2709 4144 ἐπισκόπου-ἐμνήσθη,
2740 4068 2808 4121 τὰ
2836 4068 2895 4122 δὲ
2929 4069 3194 4122 Βασιλικὰ
3231 4067 3361 4122 οὔτε
3385 4068 3694 4125 ἐπίσκοπον,

2109 4161 2234 4216 οὔτε
2267 4163 2528 4234 κληρικδν
2567 4163 2961 4235 παραχωροῦσι
3022 4164 3102 4225 είς
3130 4158 3698 4215 Κωνσταντινούπολιν

2110 4254 2399 4323 ἐπιδημεῖν
2426 4253 2556 4308 ἄνευ
2589 4253 2816 4324 γνώμης
2843 4254 2936 4306 τοῦ
2961 4253 3329 4324 πατριάρχου.
3370 4252 3437 4304 Ἦ
3471 4251 3516 4320 β’
3569 4249 3696 4300 διάτ.

2111 4345 2202 4399 τοῦ
2229 4353 2276 4400 α’
2295 4347 2398 4402 τίτ.
2431 4347 2537 4401 τῶν
2561 4347 2810 4420 Νεαρῶν,
2833 4347 2948 4400 ἐστι
2971 4347 3156 4419 Νεαρὰ
3189 4342 3566 4399 Ἰουστινιανοῦ
3593 4339 3698 4412 ρκγ⁹

2118 4441 2344 4511 κειμένη
2375 4443 2432 4496 ὲν
2461 4441 2654 4512 βιϐλίῳ
2678 4439 2726 4509 γ’
2745 4441 2854 4495 τῶν
2884 4439 3191 4495 Βασιλικῶν
3215 4457 3323 4493 τιτ.
3357 4445 3430 4500 α’,
3453 4455 3577 4504 κεφ.
3606 4431 3690 4504 ιη’,

2118 4537 2209 4587 καὶ
2245 4533 2330 4602 ιϐ’,
2359 4534 2395 4588 ἁ
2448 4536 2543 4588 καὶ
2579 4535 2802 4605 ἔχουσιν
2836 4534 2980 4587 οὕτω
3011 4532 3201 4596 καθὼς
3260 4531 3695 4602 συνωψίσοησαν.

2117 4629 2189 4681 Σὺ
2222 4627 2280 4682 δὲ
2308 4627 2548 4699 πρόσχες
2582 4627 2786 4699 μᾶλλον
2819 4627 2898 4698 τῷ
2927 4625 3004 4693 ις’
3031 4627 3219 4680 κανόνι
3254 4629 3355 4697 τῆς
3387 4628 3445 4678 ὲν
3473 4623 3550 4693 τῷ
3597 4621 3700 4691 ναῷ

2117 4721 2227 4774 τῶν
2261 4721 2430 4789 ἁγίων
2477 4721 2794 4775 ἀποστόλων
2846 4727 2894 4774 α’
2944 4719 3037 4774 καὶ
3092 4717 3138 4790 β’
3184 4717 3407 4772 συνόδου
3444 4716 3700 4787 ἑξάμηνον

2121 4819 2606 4889 στενοχωρησαντα
2663 4817 2753 4870 τὸν
2804 4817 2904 4886 τῆς
2934 4814 3248 4885 ἀποδημίας
3280 4815 3499 4886 χρόνον.
3546 4811 3604 4865 ’11
3634 4809 3697 4878 ιβ’

2119 4909 2259 4963 διάτ.
2309 4909 2403 4962 τοῦ
2428 4916 2476 4964 α’
2507 4909 2618 4964 τίτ.
2665 4908 2773 4962 τῶν
2803 4909 3058 4979 Νεαρῶν,
3105 4908 3220 4960 ἐστι
3252 4908 3447 4978 Νεαρα
3496 4908 3700 4960 Ἰουστι-

2122 5003 2354 5068 νιάνειος
2399 5002 2477 5067 νζ¹
2501 5003 2727 5075 κειμένη
2753 5006 2810 5056 ὲν
2839 5001 3030 5071 βιϐλίῳ
3061 5003 3110 5071 γ’
3133 5003 3242 5055 τῶν
3279 5001 3585 5054 Βασιλικών
3605 4998 3696 5051 τίς.

2123 5092 2185 5155 δ’,
2218 5095 2311 5148 καὶ
2334 5093 2476 5148 οὕτω
2500 5094 2686 5164 σχεδὸν
2732 5096 2862 5166 περὶ
2907 5094 3127 5166 λήψεως
3171 5093 3398 5164 ἔχουσα,
3443 5093 3518 5154 ὡς
3550 5093 3623 5152 εἰς
3646 5088 3700 5139 τὸ

2125 5188 2375 5258 κείμενον
2407 5187 2672 5258 ἐδηλώθη.
2716 5187 3017 5256 Ἀνάγνωθι
3051 5183 3146 5241 οὖν
3179 5187 3408 5257 ταύτην,
3437 5183 3700 5253 ἀνάγνωθι

2127 5283 2219 5335 καὶ
2248 5282 2347 5353 τὴν
2370 5280 2462 5334 τοῦ
2497 5281 2801 5349 άγιωτάτου
2826 5280 3039 5334 ἐκείνου
3074 5282 3167 5334 καὶ
3199 5277 3582 5349 οἰκουμενικοῦ
3609 5291 3700 5327 πα·

2125 5376 2389 5448 τριάρχου
2439 5374 2632 5446 κυρίου
2692 5374 2987 5442 Νικολάου,
3042 5373 3326 5443 συνοδικὴν
3391 5371 3698 5442 σημείωσιν,

2126 5475 2224 5543 τὴν
2251 5473 2537 5542 γεγονυῖαν
2565 5467 2705 5523 κατὰ
2728 5467 2826 5538 τὴν
2857 5467 2916 5521 ιδ’
2938 5509 2952 5532 ,
2987 5466 3080 5519 τοῦ
3128 5464 3372 5536 Μαρτίου
3426 5461 3590 5532 μηνὸς
3612 5457 3699 5524 τῆξ

2129 5575 2175 5636 γ’
2204 5566 2536 5629 ἱνδικτιόνος,
2559 5565 2650 5617 καὶ
2676 5560 3060 5616 ύποτυποῦσαν
3080 5559 3241 5612 πόσον
3260 5573 3348 5610 και
3358 5557 3451 5624 ρδν
3465 5551 3698 5621 ὀφείλου-

2132 5682 2214 5716 σιν
2268 5659 2748 5732 ἀπολιμπάνεσθαι
2805 5656 3325 5730 άπροκριματίστως
3372 5653 3422 5703 oi
3469 5647 3697 5720 μεγάλης

441 5755 488 5808 Μ
515 5775 651 5825 tgna:
674 5764 923 5821 ecclesiae
955 5772 1271 5828 sacerdotes
1317 5784 1370 5826 et
1393 5774 1608 5828 diaconi
1643 5773 1834 5826 abesse
1883 5773 2005 5825 c'ill"

2147 5755 2472 5824 ’ίίκκλησίας
2523 5754 2688 5824 ἱερεῖς
2717 5768 2777 5803 τε
2808 5749 2904 5804 καὶ
2934 5748 3191 5802 διάκονοι.
3226 5745 3458 5812 Λέγουσι
3480 5740 3535 5792 δέ
3571 5749 3696 5794 τινες

445 5863 825 5930 plu-judicium
859 5867 1111 5923 debeant.
1138 5867 1332 5922 Verum
1363 5869 1550 5923 dicunt
1581 5866 1851 5932 nonnulli,
1884 5851 2010 5921 hinc

2125 5855 2186 5905 ὲκ
2225 5850 2428 5922 ταύτης
2466 5849 2538 5920 μὴ
2579 5845 2926 5918 ἀναιρεῖσθαι
2950 5847 3074 5908 τοὺς
3112 5841 3238 5914 περὶ
3271 5840 3378 5893 τῶν
3410 5833 3694 5902 ἁποδήμων
