3744 6218
82 314 232 381 1085
1064 318 1550 380 ΝΟΜΟΟΑΝΟΝ·

1822 319 1853 378 '.
1895 318 2064 392 VIII,
2105 318 2265 380 CAP.
2302 318 2461 380 II-V.
3213 347 3216 349 ·
3277 321 3413 387 1086

79 429 390 502 κληρικῶν
422 428 671 493 κανόνας,
711 428 847 499 μηδὲ
891 428 994 501 τὴν
1050 430 1255 484 ἄνωθεν
1300 447 1587 500 καταστρω

1822 443 2054 485 canones
2107 429 2178 484 de
2215 429 2535 486 absentibus
2565 429 2822 498 clericis,
2878 445 3060 502 neque
3112 430 3415 488 Iustiniani

79 540 186 577 σαν
248 521 952 592 ἸουστινιάνειονΝεαράν.
990 521 1305 589 Σημείωσαι
1349 521 1432 574 ὅτι
1462 519 1572 573 ἀπὸ

1822 522 2083 576 novellam
2129 525 2382 593 superius
2436 525 2721 588 insertam,
2760 538 2868 580 non
2935 524 3211 596 abrogari.
3272 525 3410 581 Nota

77 619 137 669 ἐν
175 615 262 686 τῷ
295 616 540 685 παρόντι
573 631 702 683 κεφ.
732 614 1204 684 κατεστρωμένων
1254 611 1350 666 δύο
1389 614 1582 666 Ἰουστι

1822 627 1938 667 vero
1980 613 2128 684 quod
2148 629 2216 668 ex
2247 614 2460 670 duabus
2491 614 2745 686 praesenti
2769 614 2931 684 capiti
2983 615 3204 671 insertis
3236 614 3407 670 Justi-

79 708 249 762 νείων
281 707 546 779 Νεαρῶν,
570 707 738 777 ἦγουν
760 707 862 776 τῆς
893 713 992 770 πς·’
1024 707 1119 759 καὶ
1147 709 1244 777 τῆς
1276 705 1395 777 ρκγ¹
1418 705 1510 759 δύο
1533 723 1587 760 το

1822 707 1960 760 miani
2001 707 2513 772 constitutionibus,
2547 707 2616 762 86
2641 708 2893 764 videlicet
2917 715 2973 764 et
2999 707 3122 771 125,
3154 709 3270 763 haec
3296 710 3403 763 duo

74 799 506 869 ἐνομοθέτησαν
537 798 596 851 ἓν
624 800 724 869 μὲν
760 799 822 851 τὸ
853 797 927 870 μὴ
958 799 1212 870 ἐνδημεῖν
1240 803 1320 860 εἰς
1347 799 1446 871 τὴν
1472 800 1582 852 τῶν
1604 799 1703 852 πό-

75 895 219 948 λεων
290 892 695 962 βασιλεύουσαν
721 893 1020 964 ἀρχιερεῖς,
1053 893 1084 964 ἢ
1117 895 1386 964 μοναχοὺς
1435 894 1466 963 ἦ
1505 894 1702 965 κληρι-

75 985 211 1046 κοὺς
231 984 374 1038 ἄνευ
407 983 753 1054 γραμμάτων
778 983 872 1036 τοῦ
895 984 1237 1056 πατριάρχου
1269 985 1472 1051 αὐτῶν,
1504 985 1695 1056 ἕτερον

73 1076 131 1129 δέ
154 1076 218 1129 τὺ
244 1077 326 1146 μὴ
355 1076 493 1129 διατ
512 1075 684 1146 ρί6ειν
716 1076 976 1148 ἀρχιερέα
1010 1078 1104 1130 ἐπὶ
1139 1077 1276 1130 πολὺ
1325 1079 1381 1131 ἐν
1409 1080 1700 1131 Κωνσταν-

72 1167 426 1221 τινουπόλει.
460 1168 616 1222 Ἐπεὶ
635 1167 692 1221 δὲ
718 1171 813 1222 καὶ
832 1167 1000 1239 ἄμφω
1023 1167 1295 1241 βλέπομεν
1335 1170 1695 1242 ἀθετούμενα,

77 1258 206 1314 οὔτε
245 1259 366 1331 γὰρ
405 1261 454 1313 οί
489 1261 769 1332 ἀρχιερεῖς
791 1261 882 1315 διά
909 1263 1254 1333 γραμμάτων
1276 1265 1698 1334 πατριαρχικῶν

75 1352 158 1413 είς
209 1351 320 1420 τὴν
375 1350 778 1421 βασιλεύουσαν
830 1353 1158 1424 ἐνδημοῦσι,
1194 1354 1310 1407 ἀλλ’
1344 1355 1695 1420 οίκειοθελῶς

76 1445 154 1505 είς
214 1443 320 1512 τὴν
373 1442 552 1514 θύραν
614 1444 716 1513 τῆς
747 1445 1377 1510 Κωνσταντινουπόλεως
1403 1447 1693 1518 ἐρχόμενοι

71 1534 322 1588 διδόασιν
357 1535 572 1606 εἴδησιν
596 1534 674 1606 τῷ
713 1537 1055 1607 πατριάρχῃ,
1092 1537 1188 1590 καὶ
1227 1535 1372 1590 οὕτω
1399 1538 1496 1607 τῆς
1521 1555 1694 1607 μεγα-

71 1627 362 1691 λοπόλεως
395 1628 702 1692 ἀκινδύνως
730 1629 1098 1693 ἐπιϐαίνουσι,
1153 1631 1249 1684 καὶ
1292 1631 1386 1684 ἐπὶ
1419 1631 1586 1684 πολὺν
1631 1632 1690 1685 δὲ

71 1721 270 1790 χρόνον
306 1722 370 1773 ἐν
407 1721 548 1792 αὐτῇ
582 1721 956 1792 διατρίϐοντες
993 1722 1254 1793 οὐδεμίαν
1285 1723 1531 1776 κάκωσιν
1557 1725 1690 1777 ὑπο-

1805 799 2106 853 constituta
2132 809 2294 856 sunt:
2325 816 2516 868 unum,
2547 817 2616 855 ne
2639 801 2868 856 antistes
2891 801 2983 855 diu
3007 799 3401 856 Constantino—

1802 893 1916 962 poli
1954 894 2192 960 haereat;
2247 894 2503 959 alterum,
2561 908 2631 948 ne
2685 894 2938 959 antistes,
2990 892 3268 959 monachi,
3309 903 3404 949 aut

1809 986 1995 1041 clerici
2047 987 2169 1041 sine
2207 987 2406 1042 litteris
2435 986 2761 1057 patriarchae
2815 988 2900 1041 sui
2925 986 3116 1042 urbem
3177 987 3396 1041 urbium

1802 1080 2087 1134 accedant.
2124 1080 2229 1135 Sed
2263 1080 2526 1151 quoniam
2574 1089 2867 1150 utrumque
2911 1079 3179 1150 rejectum
3221 1078 3393 1153 [esse]

1799 1173 2052 1228 videmus
2083 1173 2285 1243 (neque
2302 1172 2446 1227 enim
2473 1172 2748 1229 antistites
2775 1182 2898 1243 perf
2922 1174 3135 1230 litteras
3159 1174 3399 1243 patriar-

1799 1265 1985 1321 chales
2017 1265 2287 1338 [urbium]
2350 1266 2775 1322 dominatricem
2825 1268 3095 1322 accedunt
3132 1287 3145 1323 :
3177 1268 3272 1324 sed
3325 1268 3395 1324 ad

1797 1358 2470 1429 Constantinopolitanarn
2544 1367 2762 1430 portam
2831 1361 3134 1426 venientes,
3202 1372 3396 1430 suapte

1796 1459 1992 1516 sponte
2012 1449 2380 1518 patriarcham
2419 1448 2508 1522 [de
2543 1451 2780 1505 adventu
2816 1451 2940 1524 suo]
2977 1455 3262 1508 certiorem
3313 1454 3395 1507 fa-

1795 1539 1972 1604 ciunt,
2015 1549 2181 1610 atque
2230 1541 2306 1595 ita
2363 1539 2504 1595 citra
2547 1539 2851 1609 periculum
2909 1557 3164 1612 magnam
3199 1543 3389 1597 urbem

1794 1631 2200 1702 ingrediumur.
2262 1634 2551 1705 multoque
2589 1648 2837 1708 tempore
2887 1638 3094 1692 inrilla
3148 1652 3393 1690 commo-

1793 1735 1977 1781 rantes
2002 1726 2206 1781 nullam
2240 1729 2584 1784 vexationem
2631 1731 2926 1800 sustinent)
2980 1746 3092 1801 quo
3117 1730 3170 1784 id
3221 1739 3381 1799 pacto

76 1815 329 1883 μένουσι,
404 1815 673 1887 ζητητέον
724 1818 875 1880 ὅπως
903 1816 1062 1873 τοῦτο
1098 1817 1333 1887 γίνεται.
1368 1818 1568 1890 Οἴομαι

1822 1822 1912 1884 iat,
1978 1819 2332 1890 quaerendum
2381 1831 2486 1876 est.
2551 1822 2755 1894 [Atque
2803 1793 2927 1896 οε(ιῇ
2978 1793 3387 1893 quidem-pulo

67 1909 142 1972 ὼς
164 1911 197 1977 ἡ
237 1910 348 1980 μὲν
363 1917 468 1975 πςδ
488 1909 680 1981 Νεαρά
708 1912 742 1983 ἡ
771 1911 1116 1984 διοριζομένη
1154 1912 1537 1983 καθαιρεῖσθαι
1562 1914 1690 1977 τοὺς

67 2001 440 2065 ἐπισκόπους,
463 2002 758 2073 κληρικούς
784 2022 845 2057 τε
869 2007 962 2057 καὶ
987 2007 1257 2076 μοναχοὺς
1282 2006 1430 2078 παρά
1452 2005 1680 2080 γνώμην

66 2092 160 2146 τοῦ
202 2096 560 2165 πατριάρχου
610 2097 792 2152 αὐτῶν
833 2097 1068 2151 ἐνταῦθα
1101 2098 1522 2170 ἐπιδημοῦντας,
1588 2103 1687 2154 ἀν-

67 2183 242 2255 ῃρέθη
269 2185 368 2239 διὰ
398 2187 502 2256 τῆς
535 2194 656 2260 ρκγ’
699 2187 1124 2245 Ἰουστινιανείου
1145 2191 1366 2261 Νεαρᾶς
1393 2209 1686 2262 μεταγενε-

70 2279 267 2349 στέρας
295 2279 498 2350 οὔσης,
531 2281 623 2332 καὶ
651 2279 1030 2352 διοριζομένης
1092 2282 1167 2354 μὴ
1205 2282 1562 2354 χορηγεῖσθαι
1589 2284 1684 2337 δα-

68 2372 243 2436 πάνας
272 2376 396 2428 τοῖς
422 2373 640 2426 τοιοῦτό
681 2391 731 2427 τι
779 2374 1026 2428 ποιοῦσιν
1077 2376 1399 2440 ἐπισκόποις
1434 2377 1543 2430 ἀπὸ
1575 2377 1684 2431 τῶν

69 2463 386 2534 ἐκκλησιῶν
417 2463 624 2530 αὐτῶν,
661 2465 757 2517 καὶ
786 2466 866 2527 εἰς
900 2464 1062 2517 τοῦτο
1100 2465 1261 2534 μόνον
1321 2465 1670 2538 περικλειού-

70 2571 167 2626 σης
194 2556 298 2625 τὴν
323 2557 625 2625 τιμωρίαν.
653 2556 726 2609 T‘o
745 2557 803 2610 δὲ
831 2556 1214 2627 καθαιρεῖσθαι
1247 2560 1372 2621 τοὺς
1414 2558 1674 2612 ἐπέκεινα

70 2649 259 2715 χρόνου
292 2648 444 2700 κατά
480 2649 581 2717 τὴν
607 2648 863 2715 τοιαύτην
911 2655 1032 2719 ρκγ’
1081 2649 1327 2719 Νεαρὰν,
1358 2650 1390 2719 ἢ
1422 2649 1681 2704 ἐπέκεινα

71 2738 342 2808 ἑξαμήνου
385 2741 534 2794 κατά
569 2742 662 2795 τὸν
712 2747 788 2806 ις’
834 2742 1037 2796 κανόνα
1088 2743 1188 2812 τῆς
1234 2744 1292 2794 ἐν
1327 2745 1404 2810 τῷ
1434 2741 1547 2813 ναῷ
1571 2742 1680 2796 τῶν

81 2830 277 2899 Ἀγίων
323 2833 672 2888 Ἀποστόλων
719 2834 994 2906 συστάσης
1025 2840 1071 2888 α’
1101 2835 1195 2888 κα)⁵
1222 2832 1266 2905 β’
1288 2835 1528 2902 συνόδου,
1565 2835 1680 2888 δια-

69 2924 354 2990 τρίϐοντας
389 2926 734 2990 ἐπισκόπους
769 2929 851 2990 είς
901 2927 1481 2981 Κωνσταντινούπολιν
1511 2928 1680 2999 χωρὶς

71 3015 294 3084 εὐλόγου
358 3017 567 3082 αἰτίας,
615 3019 856 3091 ἀνῃρέθη
904 3019 994 3072 διὰ
1027 3019 1382 3090 προστάξεως
1418 3020 1512 3073 τοῦ
1565 3022 1680 3074 ἀοι..

1793 1910 2062 1964 novellam
2101 1910 2193 1975 86,
2241 1927 2364 1980 quze
2429 1915 2620 1968 statuit
2670 1916 3014 1985 ulepiscopi,
3065 1916 3275 1978 clerici,
3327 1925 3382 1969 et

1791 2001 2071 2068 monachi,
2108 2002 2202 2072 qui
2244 2004 2384 2058 citra
2446 2004 2732 2060 scientiam
2781 2007 3110 2076 patriarcha
3141 2006 3227 2061 sui
3270 2005 3380 2059 huc

1788 2096 2076 2161 accedunt,
2103 2096 2471 2164 deponantur,
2496 2097 2817 2170 abrogatam
2843 2114 2965 2154 esse
2985 2115 3085 2169 per
3108 2099 3380 2154 novellam

1785 2184 2083 2242 Justiniani
2133 2187 2274 2252 125,
2316 2204 2438 2257 quae
2483 2189 2755 2244 recentior
2805 2199 2910 2257 est,
2953 2199 3007 2244 et
3046 2191 3260 2257 statuit,
3315 2207 3386 2246 nc

1785 2278 2061 2347 episcopis
2082 2277 2187 2331 tale
2216 2278 2496 2348 quidpiam
2531 2279 2862 2336 facientibus
2891 2296 2956 2335 ex
2985 2281 3230 2351 ipsorum
3282 2297 3376 2336 ec-

1788 2371 1973 2425 clesiis
1999 2372 2712 2441 sumptussuppeditentur,
2745 2373 2797 2426 in
2829 2375 2932 2428 hoc
2955 2391 3124 2445 unum
3155 2391 3380 2444 poenam

1787 2461 2149 2517 concludens.
2194 2459 2263 2515 Ut
2309 2469 2494 2516 autem
2542 2461 2813 2532 episcopi,
2865 2463 3058 2533 illiqui
3094 2465 3230 2517 citra
3290 2478 3380 2517 ra-

1785 2555 2101 2609 tionabilem
2145 2569 2367 2608 causam
2398 2555 2537 2609 ultra
2589 2571 2794 2610 annum
2826 2557 3133 2611 secundum
3171 2558 3360 2611 novel-

1782 2644 1889 2698 lam
1920 2644 2041 2708 125,
2075 2645 2334 2698 autultra
2366 2652 2629 2699 semestre
2673 2654 2891 2714 tempus
2944 2647 3252 2701 secundum
3286 2663 3381 2701 ca-

1784 2749 1982 2788 nonem
2049 2732 2153 2788 160
2221 2733 2439 2788 concilii
2494 2734 2653 2803 primi
2711 2744 2765 2789 et
2833 2737 3056 2792 secundi
3147 2737 3200 2790 in
3266 2738 3382 2792 azde

1783 2825 2109 2880 Sanctorum
2145 2826 2530 2895 Apostolorum
2550 2828 2744 2892 coacti,
2775 2827 3378 2898 ConstantinOpolihte-

1780 2926 1924 2981 rent,
1974 2916 2320 2987 deponantur
2367 2936 2381 2972 :
2422 2917 2498 2991 [id
2551 2919 2702 2991 vero]
2763 2921 3086 2991 abrogatum
3138 2930 3223 2977 est
3283 2938 3379 2992 per

1776 3009 2078 3080 iussionem
2107 3011 2446 3066 celeberrimi
2510 3011 2859 3082 imperatoris
2879 3014 3065 3068 domui
3110 3013 3378 3069 Manuelis

74 3109 226 3182 δίμου
246 3111 520 3183 βασιλέως
553 3115 746 3185 κυρίου
777 3114 1032 3184 Μανουὴλ
1060 3114 1153 3167 τοῦ
1183 3113 1498 3184 Κομνηνοῦ,
1543 3115 1587 3168 ἀι

1822 3099 2089 3164 Lomneni,
2130 3116 2254 3170 qua:
2304 3101 2448 3155 edita
2505 3109 2588 3156 est
2635 3117 2824 3157 mense
2873 3100 3199 3173 Septembri,
3237 3103 3379 3157 indi-

68 3204 315 3279 λυθείσης
346 3208 497 3262 κατὰ
557 3212 701 3280 μῆνα
744 3210 1120 3280 Σεπτέμόριον
1176 3209 1532 3274 Ἰνδικτιῶνος
1591 3209 1656 3275 ζ’,

71 3299 156 3351 καὶ
183 3299 565 3373 διοριζομένης
593 3303 766 3355 ταῦτα
793 3303 1229 3374 ῥητῶςηΤαῦτα
1267 3304 1447 3357 τοίνυν
1471 3303 1661 3358 ἀναλο-

70 3391 335 3464 γισαμένη
363 3397 398 3467 ἡ
435 3394 685 3466 βασιλεία
728 3413 827 3466 μου
859 3397 996 3468 πρὸς
1029 3395 1128 3467 τὴν
1165 3394 1452 3468 παροῦσαν
1487 3396 1659 3449 ἐλθεῖν

70 3487 373 3558 οἰκονομίαν
401 3489 733 3560 ἠναγκάσθη
766 3490 862 3544 καὶ
892 3490 1122 3555 ἄκουσα,
1153 3491 1249 3544 καὶ
1283 3488 1535 3554 θεσπίζει
1567 3489 1660 3544 διὰ

68 3579 156 3632 τοῦ
184 3583 458 3653 παρόντος
477 3581 682 3653 ταύτης
709 3583 1136 3654 προστάγματος
1171 3582 1244 3653 μὴ
1283 3581 1507 3635 πλείονα
1557 3581 1654 3636 τοῦ

71 3673 210 3741 παρά
245 3691 305 3727 τε
332 3675 448 3728 τῶν
475 3675 812 3744 φιλευσεϐὦν
838 3677 1043 3747 νόμων,
1089 3677 1182 3730 καὶ
1227 3675 1337 3728 τῶν
1365 3676 1658 3730 θείωνκα-

71 3757 224 3814 νόνων
263 3763 691 3834 ὑφαπλωθέντος
723 3766 918 3837 καιροῦ
947 3769 1061 3830 τοῖς
1107 3768 1422 3839 ἱερωτάτοις
1471 3768 1659 3839 ἀρχιε-

77 3851 246 3920 ρεῦσιν
279 3856 643 3930 ἐνδιατρίὸειν
684 3859 806 3930 δίχα
863 3859 1010 3924 τινὸς
1047 3861 1428 3931 ἀπαραιτήτου
1480 3861 1655 3931 ἐμπο-

71 3942 252 4015 δισμοῦ
305 3953 363 4003 ἐν
398 3954 467 4022 τῇ
513 3952 897 4023 μεγαλοπόλει,
931 3955 1026 4006 καὶ
1068 3953 1384 4024 προφανοῦς
1430 3953 1654 4021 εὐλόγου

74 4041 413 4110 προφάσεως,
443 4045 593 4115 ἠμὲν
624 4047 719 4100 καὶ
738 4047 964 4112 ἄκοντες
990 4048 1089 4117 τῆς
1114 4047 1532 4118 μεγαλοπόλεως
1563 4049 1657 4100 ἐκ·

74 4127 447 4204 ϐληθήσονται.
496 4137 560 4191 Ἡ
592 4139 776 4210 μέντοι
809 4157 871 4209 γε
921 4141 979 4194 ἐν
1017 4143 1082 4212 τῇ
1116 4139 1482 4212 μεγαλοπόλει
1516 4139 1656 4192 εἰσέ-

75 4219 241 4286 λευσις
289 4228 474 4282 αὐτῶν
512 4230 720 4299 ὀφείλει
761 4231 1008 4300 γίνεσθαι
1071 4234 1215 4286 κατὰ
1257 4233 1357 4304 τὴν
1413 4232 1656 4286 ἔκπαλαι

77 4320 383 4388 κανονικῶς,
407 4323 505 4376 καὶ
526 4324 774 4394 νομίμως
795 4328 1157 4397 κρατήσασαν
1191 4326 1508 4396 συνήθειαν.

143 4409 384 4470 ΚΕΦΑΛ.
407 4415 487 4469 Γ’.
510 4445 580 4455 -
616 4418 756 4486 Περὶ
812 4418 921 4472 τοῦ
949 4419 1170 4488 χρῆναι
1227 4419 1376 4485 τοὺς
1404 4419 1652 4473 ἐπισκό-

1783 3193 1964 3248 ctione
1992 3194 2244 3263 septima,
2290 3203 2344 3248 et
2376 3195 2490 3250 haec
2547 3195 2836 3250 constituit
2872 3195 2926 3250 in
2979 3195 3096 3251 haec
3146 3197 3309 3250 verba
3357 3215 3369 3250 :

1763 3285 1870 3341 Ubi
1901 3286 2068 3355 igitur
2105 3285 2455 3356 imperatoria
2488 3303 2612 3341 mea
2647 3288 2906 3358 majestas
2943 3288 3060 3342 haec
3084 3288 3366 3356 expendit,

1761 3377 1830 3430 ad
1855 3386 2180 3447 praesentem
2217 3379 2632 3449 dispositionem
2652 3381 2814 3436 etiam
2841 3381 3009 3435 invita
3027 3381 3298 3436 descende
3311 3397 3370 3437 re

1761 3479 1956 3523 concta
1986 3478 2108 3524 est:
2145 3484 2211 3524 ac
2261 3471 2437 3526 sancit
2479 3487 2576 3541 per
2603 3484 2923 3541 praesentem
2976 3472 3116 3525 hanc
3147 3472 3357 3542 jussio-

1762 3575 1886 3614 nem
1906 3603 1920 3627 ,
1954 3577 2021 3616 ne
2053 3561 2333 3616 sacerrimi
2353 3562 2593 3633 episcopi
2623 3565 2758 3618 citra
2780 3563 3098 3619 inevitabile
3129 3563 3352 3633 aliquod

1761 3649 2593 3721 impedimentumetevidenter
2643 3655 3020 3711 rationabilem
3076 3670 3302 3715 causam
3346 3697 3360 3721 ,

1762 3745 2009 3815 longiore
2050 3755 2315 3812 tempore,
2353 3764 2516 3817 quam
2572 3763 2602 3802 a
2630 3751 2736 3819 piis
2774 3750 2985 3819 legibus
3040 3750 3351 3818 divinisque

1762 3838 2069 3893 canonibus
2096 3838 2427 3908 praeﬁnitum
2476 3848 2594 3905 est,
2628 3841 2684 3894 in
2711 3856 2907 3910 magna
2938 3841 3072 3895 urbe
3110 3854 3362 3894 commo-

1760 3937 1998 3985 rentur:
2050 3939 2146 3985 aut
2196 3931 2402 4002 alioqui
2448 3932 2531 3986 vel
2591 3933 2745 3987 inviti
2807 3933 2876 3987 ab
2918 3933 3007 3987 illa
3046 3933 3360 4004 ejicientur.

1759 4021 1968 4078 Verum
1999 4024 2246 4094 ipsorum
2280 4025 2334 4078 in
2361 4040 2615 4094 magnam
2645 4026 2838 4079 urbem
2884 4026 3143 4080 introitus
3165 4041 3364 4080 secun-

1760 4121 1892 4173 dum
1914 4129 2156 4175 veterem
2210 4134 2279 4173 ex
2329 4119 2637 4174 canonibus
2660 4129 2715 4174 et
2743 4118 2958 4188 legibus
3007 4125 3184 4172 ortam
3231 4117 3359 4171 ﬁeri

1761 4213 1922 4268 debet
1963 4211 2449 4268 consuetudinem.

1828 4396 1983 4454 CAP.
2025 4394 2112 4451 IlI.
2148 4426 2218 4436 —
2243 4394 2532 4466 EpiscOpos
2576 4395 2783 4450 itineris
2822 4372 3346 4465 episcoporum-suns

81 4514 221 4568 πους
249 4504 356 4572 τὰς
392 4509 589 4574 αἰτίας
624 4509 736 4578 τῆς
775 4511 1123 4580 ὁδοιπορίας
1172 4511 1294 4565 τῶν
1334 4511 1410 4567 δι’
1442 4511 1587 4566 αὐτιῖ

1822 4491 1974 4545 tiones
2037 4490 2430 4545 transeuntium
2483 4506 2675 4544 causas
2730 4490 2998 4561 inquirere
3069 4498 3336 4560 oportere.

77 4597 397 4658 παριόντων
423 4599 774 4654 ἐπισκόπων
798 4602 1346 4672 πολυπραγμονεῖν.

140 4683 357 4743 Συνόδου
391 4691 663 4761 Σαρδικῆς
684 4690 867 4745 κανὼν
897 4699 1006 4749 κα’.

141 4777 384 4840 ΚΕΦΑΛ.
423 4788 497 4838 Δ’.
525 4815 598 4824 -
621 4786 761 4855 Περὶ
797 4787 1166 4856 ἐπισκόπων,
1203 4787 1302 4840 καί
1343 4786 1649 4856 κληρικῶν

79 4865 360 4928 ἀπιόντων
385 4876 536 4944 πρός
555 4878 845 4944 βασιλέα,
874 4878 912 4946 ἢ
944 4878 1088 4945 τοὺς
1120 4878 1253 4948 περὶ
1278 4880 1485 4933 αὐτόν.

143 4963 357 5023 Συνόδου
397 4972 727 5044 Ἀντιοχείας
759 4972 940 5028 κανὼν
981 4980 1072 5039 ια’,
1102 4973 1200 5044 ιβ¹’
1244 4975 1474 5028 Συνόδου
1505 4975 1644 5046 Σαρ-

1825 4681 2054 4737 Concilii
2083 4681 2430 4738 Sardicensis
2458 4697 2632 4738 canon
2664 4682 2754 4736 11.

1821 4773 1974 4829 CAP.
2007 4772 2096 4828 IV.
2134 4801 2205 4813 ——
2235 4772 2308 4826 De
2340 4773 2596 4842 episcopis
2646 4781 2697 4826 et
2744 4771 2951 4827 clericis
2992 4773 3083 4844 qui
3125 4771 3195 4826 ad
3240 4773 3344 4826 iut-

1749 4875 2046 4934 peratorem
2092 4865 2265 4934 ejusve
2304 4867 2622 4918 comitatum
2667 4865 2883 4920 abeunt.

1819 4955 2049 5011 Coneilii
2094 4957 2421 5011 Antiocheni
2472 4973 2650 5011 canon
2687 4955 2777 5020 11,
2817 4953 3165 5010 12εοοηοὶ1ἰί
3218 4953 3348 5008 Sar-

81 5051 223 5127 δικῆς
253 5063 524 5136 κανὼνιξ,
565 5067 638 5140 η’,
673 5065 740 5136 θ’,
783 5065 868 5122 κα¹
894 5083 906 5096 ·
964 5066 1195 5124 Συνόδου
1249 5068 1587 5140 Καρθαγένντ

1822 5051 1988 5106 :ensis
2027 5065 2204 5104 canon
2241 5050 2290 5113 7,
2324 5050 2379 5116 8,
2416 5049 2469 5116 9,
2502 5051 2562 5105 11
2590 5067 2606 5119 ;
2635 5048 2856 5104 concilii
2897 5046 3348 5117 Carthaginensis

81 5146 243 5203 κανὼν
268 5153 358 5222 ρδν,
394 5163 501 5226 ρςι,
1750 5157 1927 5198 canon
1966 5142 2092 5206 104,
2140 5142 2268 5197 106.
3257 5187 3259 5189 .

145 5242 382 5304 ΚΕΦΑΛ.
421 5251 497 5306 Ε’.
527 5281 599 5292 ——
624 5252 764 5321 Περὶ
785 5251 1102 5322 ὑποδοχῆς
1131 5252 1346 5320 ξένων,
1380 5252 1479 5307 καὶ
1509 5269 1587 5322 πε

1822 5231 1968 5288 CAP.
2001 5231 2066 5286 ν.
2101 5263 2173 5275 --
2213 5232 2292 5287 De
2331 5236 2727 5303 peregrinorum
2769 5235 3130 5304 susceptione,
3173 5241 3222 5287 et
3281 5233 3344 5286 de

83 5332 374 5400 εῖρηνικὼν
402 5344 498 5397 καί
524 5345 910 5398 συστατικῶν
935 5343 1299 5398 ἐπιστολῶν.

1822 5327 1978 5396 ciﬁcis
2018 5326 2565 5396 commendatitiisque
2615 5328 2826 5381 litteris.

161 5423 478 5487 Ἀποστόλων
531 5433 714 5488 κανὼν
751 5436 840 5498 ιϐ’,
888 5435 969 5504 λγ¹
993 5453 1008 5466 ·
1042 5435 1262 5488 συνόδου
1307 5435 1587 5506 Ἀντιοχείι

1822 5421 2201 5489 Apostolorum
2237 5435 2414 5475 canon
2443 5421 2526 5484 12,
2560 5421 2658 5485 55;
2738 5419 2959 5475 concilii
2999 5420 3330 5475 Antiocheni

86 5515 247 5571 κανὼν
285 5521 327 5585 ζ’
389 5535 434 5578 ’ρ’
495 5535 601 5580 ιαύ
639 5529 858 5582 συνόδου
893 5527 1216 5580 Λαοδικείαλ·
1283 5527 1464 5580 κανὼν
1529 5546 1587 5596 με

335 5564 349 5588 9
409 5565 457 5598 Α,
1190 5565 1213 5589 ⁵

1822 5529 1919 5567 non
1988 5513 2039 5578 7,
2093 5513 2148 5578 8,
2207 5513 2318 5578 H;
2386 5514 2608 5568 concilii
2662 5513 2956 5567 Laodiccni
3005 5529 3181 5568 canon
3247 5513 3339 5576 41,

93 5604 198 5669 μ6’⁶
235 5615 442 5672 συνόδου
480 5621 823 5691 Χαλκηδόνος
845 5618 1026 5673 κανὼν
1059 5625 1157 5688 ιγ’·
1196 5619 1415 5672 συνόδου
1446 5619 1587 5691 Σαρδ

1831 5625 1845 5672 ;
1913 5606 2133 5661 concilii
2189 5605 2669 5661 Chalcedonensis
2725 5620 2901 5660 canon
2966 5607 3050 5673 9;
3114 5606 3335 5660 concilii

91 5694 178 5763 κῆς
209 5705 376 5761 κανὼν
434 5710 512 5763 θ’·
567 5712 786 5766 συνόδου
831 5710 1227 5784 Καρῡαγέννης
1285 5709 1466 5765 κανὼν
1507 5721 1587 5776 κς

1824 5696 2087 5751 rdieensis
2114 5712 2290 5751 canon
2319 5697 2352 5751 9
2378 5714 2392 5763 ;
2435 5695 2650 5750 consilii
2681 5694 3129 5766 liarthaginensis
3159 5709 3338 5750 canon

94 5790 283 5850 συνόδου
314 5803 384 5868 ς’,
424 5803 604 5859 κανὼν
635 5804 717 5869 ιζσ.

1831 5806 1846 5856 ;
1879 5789 2098 5846 concilii
2131 5789 2268 5845 sexti
2303 5803 2480 5846 canon
2531 5787 2620 5842 17.
