3916 6244
483 261 627 331 1087

1585 265 1857 329 ΡΗΟΤΙΙ
1893 267 2412 332 ΡΑἸἮΙΛΗΕΗᾸΞ
2443 272 2552 334 CP.

3582 281 3700 349 1088

544 377 700 433 CAP.
736 375 828 431 Vl.
867 406 937 418 —
971 375 1046 431 De
1083 375 1388 446 diﬁ‘erentia
1434 379 1783 448 pacificarum
1823 389 1872 435 et
1918 396 2032 434 com

2239 385 2493 440 ΚΕΦΔΛ.
2529 389 2620 455 C,".
2653 417 2724 428 —-
2756 386 2893 455 Περί
2942 387 3232 458 διαφορᾶς
3261 391 3576 464 είρηνικῶν,
3619 405 3702 458 καὶ

465 470 906 526 mendatitiarum
941 470 1264 527 litterarum.

538 579 773 635 Concilii
805 579 1273 638 Chalcedonensis
1304 597 1481 637 canon
1516 582 1576 638 11
1608 600 1622 648 ;
1655 583 1874 639 concilii
1918 582 2053 639 Car-

466 673 811 742 thaginensis
841 689 1015 728 canon
1058 674 1182 729 106.

531 759 687 818 CAP.
723 761 832 816 νη.
876 792 946 801 -
977 762 1180 828 Quibus
1229 764 1500 834 episcopos
1560 765 1837 820 subvenire
1881 783 2051 837 opor-

464 863 593 920 teat,
628 863 676 909 et
727 855 794 909 de
833 858 1117 926 episcopis,
1169 858 1490 930 presbyteris
1549 871 1598 913 et
1651 858 1911 926 diaconis,
1961 863 2052 932 qui

390 963 393 967 ·
461 947 820 1017 indigentibus
866 950 1212 1005 ecclesiastici
1277 951 1504 1024 [ordinis
1539 953 1840 1010 hominibus
1873 971 2051 1034 neces-

463 1035 636 1109 saria]
663 1053 766 1092 non
804 1040 1162 1109 suppeditant.

532 1126 926 1196 Apostolorum
975 1145 1154 1187 canon
1190 1129 1259 1185 59
1286 1147 1302 1196 ;
1331 1131 1554 1187 concilii
1589 1129 1934 1190 Sardicensis
1958 1148 2052 1190 ca-

2159 477 2552 532 συστατικῶν
2585 478 2941 535 ἐπιστολῶν.

2229 587 2459 643 Συνόδου
2490 589 2837 661 Χαλκηδόνος
2865 593 3045 648 κανὼν
3065 592 3135 648 ια’
3159 609 3174 624 ⁸
3208 595 3424 651 συνόδου
3451 600 3705 672 Καρθαγέ-

2158 697 2256 750 νης
2285 679 2466 736 κανὼν
2498 688 2611 753 pg".

2231 768 2486 823 ΚΕΦΑΛ.
2518 773 2596 825 Z'.
2625 801 2695 810 —
2733 773 2859 827 Τίσι
2885 771 2983 827 δεῖ
3017 774 3161 842 τοὺς
3191 774 3552 844 ἐπισκόπους
3579 781 3707 848 ,ϐοη-

2161 858 2316 924 θεῖν,
2351 860 2450 939 καί
2482 863 2615 932 περὶ
2650 863 3019 931 ἐπισκόπων,
3060 868 3162 921 καὶ
3185 871 3602 939 πρεσϐυτέρων,
3625 881 3706 931 καί

2157 937 2459 1006 διακόνων
2477 953 2566 1023 μὴ
2599 958 3025 1026 χορηγούντων
3048 960 3174 1026 τοῖς
3223 937 3492 1016 ἐνδεέσιν
3515 963 3707 1034 ἐκκλη-

2157 1044 2522 1113 σιαστικοῖς.

2243 1135 2585 1192 Ἀποστόλων
2645 1137 2830 1194 κανὼν
2890 1140 2968 1195 νθ¹
2990 1155 3006 1172 ⁸
3044 1140 3264 1196 συνόδου
3318 1143 3577 1217 Σαρδικῆς
3621 1165 3705 1203 κα-

459 1232 570 1272 non
604 1219 656 1274 7.

2174 1226 2264 1282 θὼν
2295 1225 2340 1292 ζ’
2348 1267 2363 1282 .

527 1325 747 1383 Textus.
782 1328 1090 1401 lndigentes
1117 1332 1360 1388 hazrelici
1392 1349 1499 1387 non
1537 1334 1817 1404 accipiunt
1847 1352 1876 1391 e
1901 1337 2051 1408 judi-

457 1419 559 1476 ciis
593 1432 687 1477 aut
731 1424 981 1480 ecclesiis
1025 1441 1088 1480 ea
1137 1442 1260 1496 quae
1314 1427 1608 1484 honoraria
1648 1430 1943 1495 dicuntur,
1990 1441 2051 1487 ut

462 1510 561 1567 lib.
595 1529 636 1578 ι,
674 1515 757 1569 tit.
788 1515 842 1578 5,
877 1525 1056 1572 const.
1088 1517 1120 1573 8
1151 1517 1457 1593 [traditur].

529 1605 824 1667 Scltolium.
891 1609 1083 1667 Const.
1153 1611 1207 1679 8,
1263 1614 1358 1667 lib.
1415 1616 1591 1669 icod.
1642 1625 1727 1671 est
1778 1632 1899 1686 cap.
1952 1617 2046 1684 28,

2227 1339 2538 1409 Κείμενον.
2573 1341 2638 1395 Οί
2669 1341 2961 1414 πενόμενοι
3007 1346 3277 1416 αίρετικοὶ
3310 1346 3371 1400 οὒ
3403 1347 3706 1418 λαμϐάνουσι

2156 1431 2225 1485 τὰ
2251 1431 2525 1503 λεγόμενα
2577 1431 2928 1506 ἀξιωματικὰ
2957 1437 3065 1491 ἀπὸ
3113 1437 3222 1492 τῶν
3274 1440 3641 1514 δικαστηρίων,
3679 1443 3707 1514 ἢ

2156 1525 2266 1578 τῶν
2306 1525 2647 1598 Ἑκκλησιῶν
2664 1526 2741 1592 ὡς
2769 1527 2975 1598 βιϐλίον
3008 1529 3080 1595 α’,
3112 1531 3218 1586 τίτ.
3251 1538 3312 1596 ε’,
3336 1532 3475 1588 διάτ.
3503 1541 3571 1601 η’.

2229 1620 2511 1687 Σχόλιον.
2549 1620 2616 1673 Ἡ
2662 1627 2716 1691 η’
2762 1621 2906 1679 διάτ.
2953 1622 3048 1676 τοῦ
3081 1622 3122 1677 ε’
3156 1625 3259 1680 τίτ.
3318 1624 3412 1678 τοῦ
3447 1633 3494 1679 α’
3531 1626 3711 1696 βιϐλίου

2157 1707 2252 1761 τοῦ
2284 1708 2516 1773 κυὸδικος
2545 1709 2662 1765 ἐστι
2696 1729 2823 1782 κειρ.
2855 1719 2966 1784 κη’,
2996 1712 3093 1767 τοῦ
3117 1719 3165 1768 α’
3207 1715 3414 1785 βισλίου
3442 1716 3546 1769 τῶν
3574 1717 3711 1772 Βασι-

455 1700 542 1755 ιίι.
578 1702 627 1766 1,
667 1702 762 1757 lib.
812 1719 826 1758 I
888 1702 1057 1758 Basil.
1101 1705 1249 1774 quod
1299 1707 1482 1771 habet.
1524 1718 1582 1762 ut
1624 1709 1676 1763 in
1721 1719 1868 1766 textu
1901 1726 2053 1766 com-

2084 1771 2126 1827 Β
2158 1801 2329 1856 λικῶν
2355 1771 2530 1869 οὕτως
2570 1804 2693 1876 ἔχον
2729 1771 2807 1870 ὡς
2829 1771 3142 1878 συνωψίσθη
3168 1771 3250 1872 είς
3281 1809 3346 1863 τδ
3373 1809 3624 1881 κείμενον,

452 1794 716 1863 pendiose
748 1797 1091 1866 propositum
1123 1805 1229 1853 est.

521 1882 676 1939 CAP.
710 1885 847 1942 Vlll.
878 1919 946 1930 —
974 1886 1050 1941 De
1079 1890 1316 1959 synodis,
1351 1903 1402 1945 et
1432 1895 1523 1963 qui
1552 1894 1622 1948 ad
1648 1911 1739 1951 eas
1762 1912 1868 1951 non
1897 1913 2046 1953 acce-

451 1975 608 2031 dunL

521 2069 910 2139 Apostolorum
953 2087 1128 2129 canon
1165 2076 1275 2144 '57;
1328 2079 1550 2135 concilii
1602 2081 1807 2138 Nicaeni
1866 2100 2042 2142 canon

450 2161 517 2228 5;
553 2163 773 2219 concilii
821 2165 1150 2224 Antiocheni
1202 2186 1378 2226 canon
1427 2172 1531 2242 20;
1577 2178 1792 2233 concilii
1842 2178 2042 2235 Laodi-

451 2255 574 2308 ceni
609 2271 785 2310 canon
816 2256 887 2311 40
916 2277 930 2326 ;
963 2262 1182 2317 concilii
1231 2262 1698 2325 Chalcedonensis
1733 2286 1907 2326 canon
1955 2273 2042 2341 19,

448 2347 514 2400 21
543 2365 556 2411 ;
607 2349 827 2404 concilii
861 2349 1314 2425 Carthaginensis
1345 2373 1522 2413 canon
1566 2359 1653 2427 18,
1683 2363 1773 2426 75,
1805 2364 1895 2427 76,
1934 2367 2042 2434 95;

447 2440 667 2495 concilii
699 2443 836 2498 sexti
873 2457 1051 2500 canon
1081 2446 1146 2516 8;
1194 2451 1416 2507 concilii
1451 2451 1655 2510 Nicaeni
1690 2459 1917 2514 secundi
1952 2476 2044 2516 ca-

446 2547 556 2586 non
597 2531 652 2588 6.

522 2623 742 2683 Tactus.
776 2629 965 2688 Const.
992 2633 1028 2687 2
1049 2643 1104 2690 et
1133 2636 1222 2700 17,
1254 2637 1337 2692 tit.
1369 2639 1395 2694 1
1432 2636 1780 2698 Novellarum
1821 2647 2036 2716 volunt,

445 2725 758 2794 ctc.,usque
787 2723 857 2777 ad
887 2725 1193 2784 afﬁciantur
1216 2733 1506 2803 supplicio,
1543 2747 1601 2791 ut
1633 2755 1758 2810 pag.
1791 2739 1917 2797 679.

516 2931 810 2992 Scholiunt.
859 2938 1046 2999 Const.
1096 2944 1132 2998 2
1183 2958 1237 3001 et
1292 2949 1380 3012 17,
1435 2953 1518 3007 tit.
1572 2955 1596 3008 1
1658 2954 2031 3029 Novellarum,

443 3035 575 3123 sunt
600 3031 826 3085 novella
859 3032 982 3100 125,
1017 3051 1138 3107 cap.
1169 3040 1271 3107 1'5;
1319 3050 1374 3098 et
1401 3046 1629 3101 novellae
1659 3050 1784 3119 157,
1827 3068 1946 3123 cap.
1980 3056 2036 3110 7.

2231 1895 2485 1950 ΚΕΦΑΛ.
2519 1897 2601 1950 H'.
2627 1927 2698 1938 —
2731 1899 2876 1968 Περὶ
2915 1899 3217 1966 συνόδων,
3253 1899 3358 1956 καὶ
3387 1901 3502 1955 τῶν
3521 1904 3599 1969 είς
3623 1904 3713 1957 αὐ-

2157 1989 2266 2056 τὰς
2293 1990 2378 2061 μὴ
2403 1990 2730 2046 ἀπιόντων.

2240 2081 2585 2137 Ἀποστόλων
2606 2081 2794 2139 κανὼν
2813 2083 2894 2150 λζ’
2912 2125 2928 2152 ,
2959 2085 3178 2140 συνόδου
3204 2086 3444 2152 Νικαίας
3470 2086 3634 2142 κανὼν
3652 2097 3710 2140 ε’·

2168 2172 2390 2227 συνόδου
2437 2174 2769 2246 Ἀντιοχείας
2817 2176 2998 2232 κανὼν
3031 2177 3106 2251 η’,
3143 2180 3365 2234 συνόδου
3425 2181 3710 2244 Λαοδικείας

2157 2267 2341 2320 κανὼν
2366 2264 2420 2337 μ’
2443 2267 2709 2327 ’τσυνόδου
2743 2269 3092 2342 Χαλκηδόνος
3122 2271 3308 2326 κανὼν
3335 2273 3418 2338 ιϐ’,
3456 2272 3536 2328 κα¹
3555 2290 3570 2306 ⁸
3589 2291 3711 2326 ,συν-

2156 2358 2279 2412 όδου
2305 2359 2672 2433 Καρθαγένης
2723 2363 2907 2418 κανὼν
2963 2371 3052 2434 ιη’,
3075 2362 3177 2434 ογ’,
3231 2365 3340 2432 ος’,
3378 2370 3456 2434 με’
3479 2381 3493 2396 ·
3529 2366 3713 2419 συνόδου

2159 2457 2238 2520 ς’,
2265 2451 2449 2510 κανὼν
2471 2461 2521 2526 η’
2538 2471 2554 2489 ο
2581 2455 2802 2510 συνόδου
2833 2457 3072 2522 Νικαίας
3084 2457 3146 2512 τὸ
3171 2457 3240 2529 β’,
3276 2459 3464 2516 κανὼν
3493 2458 3566 2522 ς’.

2219 2644 2535 2713 Κείμενον.
2579 2645 2644 2698 Ἦ
2683 2643 2728 2717 β’
2763 2645 2862 2700 καὶ
2920 2642 2988 2711 ιζ’
3041 2644 3207 2710 διάτ.,
3251 2644 3351 2699 τοῦ
3385 2653 3435 2700 α’
3473 2644 3571 2700 τίτ.
3622 2645 3715 2698 τῶν

2155 2735 2390 2806 Νεαρῶν
2421 2736 2726 2807 βούλονται,
2753 2755 2807 2792 κ.
2837 2755 2886 2793 τ.
2921 2736 3001 2804 λ.,
3035 2753 3211 2810 usque
3241 2739 3369 2812 ειᾶῆ
3411 2740 3484 2812 μὴ
3513 2739 3713 2812 μηνύον-

2150 2846 2244 2894 τες
2273 2833 2340 2901 τῇ
2378 2829 2652 2903 βασιλείᾳ,
2684 2831 2930 2902 ἐσχάτως
2956 2833 3356 2904 τιμωροῦνται.

2221 2944 2503 3014 Σχόλιον.
2548 2947 2615 3000 Ἦ
2648 2944 2692 3018 β’
2720 2947 2813 3000 καὶ
2845 2947 2910 3012 ιζ’
2939 2947 3079 3004 διάτ.
3141 2947 3237 3003 τοῦ
3269 2948 3320 3002 α’
3340 2951 3445 3004 τίτ.
3469 2949 3572 3002 τῶν
3591 2949 3712 3003 Νεα-

2161 3035 2294 3106 ρῶν,
2325 3037 2434 3090 εἰσὶ
2457 3038 2559 3108 τῆς
2598 3040 2695 3110 μὲν
2718 3039 2841 3110 ρκγ¹
2869 3041 3090 3113 Νεαρᾶς
3122 3059 3246 3111 κεφ.
3281 3050 3374 3112 ιγ’,
3410 3046 3505 3114 τῆς
3521 3043 3573 3097 δὲ
3603 3041 3711 3114 ρλδ,

442 3112 653 3170 Inserta
688 3127 819 3173 sunt
851 3132 1029 3178 autem
1065 3128 1229 3184 ambo
1256 3131 1349 3188 lib.
1383 3132 1551 3190 Basil.
1581 3153 1671 3202 tu,
1707 3112 1791 3196 tit.
1836 3112 2032 3215 Licap.

2174 3145 2278 3198 εεφ.
2309 3127 2376 3188 ζ’.
2407 3130 2884 3203 Κατεστρώθησαν
2911 3133 2968 3186 δὲ
2993 3112 3165 3203 Ῠᾶμφω
3191 3135 3249 3188 ὲν
3280 3112 3712 3206 βιϐλίῴπῶνήΒα-

440 3206 511 3262 20
543 3217 596 3263 et
621 3209 714 3276 21,
755 3230 877 3283 qua:
905 3217 1068 3272 etiam
1105 3221 1216 3278 illic
1271 3225 1440 3296 legas.
1501 3228 1638 3285 Nam
1687 3235 1776 3290 hic
1828 3206 2030 3296 inserta

440 3316 551 3356 non
584 3315 733 3375 sunt,
769 3318 829 3364 ut
861 3326 985 3381 qua:
1011 3315 1309 3373 ellicaciam
1344 3337 1454 3377 non
1486 3323 1742 3383 habeant.

509 3466 664 3563 CAP.
697 3469 790 3529 IX.
821 3503 893 3517 —
922 3475 1005 3532 Ne
1033 3485 1221 3536 temere
1243 3484 1474 3555 episcopi
1489 3495 1582 3541 aut
1608 3488 1789 3546 clerici
1812 3492 2025 3563 (liberos

439 3559 583 3627 suos)
615 3566 970 3634 emancipent.
1226 3591 1229 3594 ·

509 3651 741 3710 Concilii
771 3656 1220 3732 Carthaginensis
1254 3685 1427 3725 canon
1464 3674 1558 3729 55.

509 3762 664 3820 CAP.
699 3766 766 3822 Χ.
808 3800 880 3812 —
923 3770 1199 3838 Quomodo
1245 3781 1476 3852 episcopi
1530 3793 1878 3856 competentia
1926 3794 2028 3850 sibi

436 3853 574 3923 loca,
611 3875 730 3929 qua:
751 3861 816 3916 ab
855 3864 1115 3924 haereticis
1143 3871 1464 3944 detinentur,
1507 3853 1796 3938 vindicent.

506 4046 736 4108 Concilii
767 4055 1216 4129 Carthaginensis
1255 4079 1432 4122 canon
1473 4069 1597 4125 121.

515 4140 731 4199 Τριτῑαδ.
750 4145 973 4206 Novella
994 4153 1082 4217 57,
1107 4155 1182 4210 ait
1203 4155 1476 4216 Ecclesias
1494 4162 1712 4234 Africae,
1733 4181 1834 4225 etc.
1863 4189 2024 4244 usque

435 4231 506 4284 ad
533 4234 752 4292 auferre
788 4237 1018 4315 [posse],
1044 4253 1100 4298 ut
1121 4263 1246 4317 pag.
1276 4249 1401 4314 679,
1438 4253 1563 4309 682.

508 4341 800 4403 Scito/ium.
851 4349 1071 4409 Novella
1129 4356 1198 4411 57
1249 4361 1425 4429 posila
1470 4377 1557 4420 est
1592 4370 1646 4422 in
1705 4371 1866 4426 Basil.
1907 4372 2021 4430 lloc

433 4443 615 4489 autem
669 4438 845 4508 ipsius
875 4458 994 4515 cap.
1050 4462 1157 4503 non
1201 4460 1285 4507 est
1331 4456 1590 4523 positum.
1652 4460 2019 4528 Quamobrem

434 4542 504 4581 ne
537 4529 754 4585 inanem
789 4534 1030 4591 laborem
1062 4543 1359 4614 suscipias.

504 4635 660 4733 CAP.
697 4639 794 4733 Xl.
846 4641 1000 4708 Quod
1055 4647 1274 4706 lectores
1323 4654 1521 4723 plebem
1573 4675 1752 4714 versus
1808 4665 2024 4733 genicu-

435 4726 542 4779 lari
570 4745 674 4782 non
712 4732 957 4792 debeant.

503 4828 736 4894 Concilii
769 4839 1224 4916 Carthaginiensis
1253 4867 1433 4910 canon
1472 4856 1560 4912 16.

504 4943 658 5003 CAP.
691 4950 808 5008 XII.
854 4952 935 5009 De
968 4959 1246 5030 episwpis,
1279 4966 1369 5034 qui
1413 4983 1517 5022 non
1564 4983 1870 5029 convertunt
1909 4977 2020 5032 lite-

436 5039 652 5107 reticos,
714 5045 858 5098 etde
890 5049 1148 5119 episcopis
1198 5064 1245 5106 et
1275 5055 1502 5124 clericis,
1546 5063 1638 5130 qui
1690 5080 1794 5117 non
1841 5065 2027 5122 docent

431 5133 706 5200 populum,
745 5146 793 5190 et
831 5142 971 5208 quod
1029 5144 1304 5212 episcopus
1349 5143 1444 5218 pro
1484 5149 1680 5222 pop'ulo
1714 5156 1820 5212 Deo
1861 5161 2029 5214 ratio-

435 5241 552 5278 nem
607 5227 833 5296 reddat;
883 5243 934 5287 et
1003 5244 1215 5306 quando
1295 5257 1416 5297 cum
1492 5252 1717 5317 populus
1771 5255 2023 5321 peccavit,

436 5317 604 5372 clerus
626 5327 1138 5385 excommunicatur.

508 5501 896 5572 Apostolorum
927 5524 1102 5566 canon
1147 5513 1239 5580 56,
1272 5515 1360 5583 59,
1398 5517 1499 5584 58;
1536 5521 1750 5575 concilii
1795 5521 2027 5579 Cartha-

440 5596 683 5661 g‘ncnsis
715 5613 902 5677 canon
935 5603 1057 5674 125,
1088 5605 1226 5673 121;
1281 5611 1500 5666 concilii
1538 5613 1680 5667 sexti
1712 5632 1885 5670 canon
1940 5619 2022 5685 19,

441 5689 531 5741 ιιι.

2145 3221 2367 3277 σιλικῶν
2399 3219 2470 3292 γ’,
2491 3223 2594 3277 τίτ.
2624 3222 2696 3291 α’,
2730 3243 2854 3294 κεφ.
2888 3223 2956 3294 κ’,
2989 3229 3082 3282 καὶ
3108 3225 3216 3282 κοί·
3257 3228 3296 3282 ἃ.
3341 3229 3434 3282 καὶ
3463 3225 3709 3297 ἀνάγνωθι

2142 3313 2554 3368 ἐκεῖοὲνταῦθα
2601 3313 2712 3387 γὰρ
2774 3316 2835 3369 οὐ
2887 3316 3349 3390 κατεστρώθησαν
3390 3318 3465 3382 ὼς
3517 3319 3588 3390 μὴ
3638 3317 3710 3368 ἐν·

2141 3419 2165 3455 ε
2173 3402 2427 3473 ργοῦντα.

2217 3495 2472 3548 ΚΕΦΑΛ.
2502 3493 2580 3549 ϐ’.
2603 3526 2672 3536 -—
2699 3496 2839 3564 Περὶ
2883 3496 2996 3552 τοῦ
3017 3498 3106 3568 μὴ
3135 3499 3213 3566 ὠς
3245 3498 3468 3571 ἔτυχεν
3489 3499 3710 3554 ἐπίσκο-

2139 3601 2258 3638 πον
2287 3583 2325 3654 ἢ
2348 3587 2642 3654 κληρωτὸν
2669 3587 3234 3658 ἐμμαγκιπατεύειν.

2211 3678 2438 3732 Συνόδου
2471 3679 2835 3750 Καρθαγένης
2863 3680 3046 3734 κανὼν
3072 3679 3166 3736 λε’.

2209 3788 2463 3843 ΚΕΦΑΛ.
2491 3789 2548 3843 I'.
2579 3789 2712 3856 Πῶς
2745 3787 3101 3844 ἑκδικοῦσιν
3128 3791 3182 3844 οί
3224 3790 3548 3846 ἐπίσκοποι
3588 3787 3710 3853 τοὺς

2140 3879 2504 3949 ἁρμόζοντας
2534 3881 2742 3949 αὐτοῖς
2798 3883 3030 3949 τύπους
3071 3882 3233 3954 παρὰ
3267 3882 3575 3953 αἰρετικῶν
3594 3896 3710 3935 κατ·

2136 3971 2486 4041 εχομένους.

2132 4072 2167 4138 ᾗ
2209 4068 2438 4122 Συνόδου
2466 4069 2834 4140 Καρθαγένης
2863 4068 3048 4125 κανὼν
3071 4077 3215 4142 ρκα’.

2205 4157 2514 4227 Κείμενον.
2555 4158 2617 4211 'H
2643 4155 2721 4223 λζ’
2752 4158 3006 4230 Νεαρῶν,
3029 4161 3162 4231 φησὶ
3189 4161 3288 4225 τὰς
3310 4159 3600 4232 ἐκκλησίας
3626 4157 3709 4221 τῆς

2149 4251 2438 4322 Ἀφρικῆς,
2470 4268 2522 4305 κ.
2555 4268 2608 4305 τ.
2647 4250 2723 4317 λ.,
2749 4265 2926 4322 usque
2955 4251 3024 4306 ad
3068 4254 3291 4324 χρονίας
3331 4251 3702 4325 παραγραφῆς-

2206 4361 2485 4429 Σχόλιον.
2537 4359 2602 4414 Ἢ
2654 4359 2729 4426 vi,"
2763 4361 2933 4434 νεαρὰ
2982 4363 3142 4434 ἐτέθη
3207 4366 3288 4428 είς
3332 4364 3404 4418 τὰ
3451 4358 3705 4416 Βασιλικά.

2137 4453 2306 4507 Τοῦτο
2335 4454 2392 4508 δὲ
2421 4455 2594 4526 αὐτῆς
2621 4457 2683 4510 τὸ
2737 4474 2865 4528 κεφ.
2912 4457 3014 4512 οὐκ
3044 4456 3226 4529 ἐτέθη,
3256 4459 3353 4514 καὶ
3384 4457 3460 4529 μὴ
3505 4442 3706 4527 ματὰιο-

2140 4549 2273 4618 πονή
2283 4565 2399 4620 σῃς.

2169 4660 2452 4717 ⁹ΚΕΦΑΛ.
2483 4661 2587 4717 IA'.
2619 4691 2691 4705 —
2714 4663 2857 4733 Περὶ
2888 4663 2994 4718 τοῦ
3007 4664 3094 4735 μὴ
3124 4665 3397 4735 ὀφείλειν
3419 4663 3559 4730 τοὺς
3583 4661 3706 4716 ἀνα-

2131 4747 2406 4816 γνώστας
2437 4747 2518 4815 τῷ
2544 4750 2713 4821 δήμῳ
2739 4752 3134 4821 προσκυνεῖν.

2203 4860 2432 4915 Συνόδου
2465 4861 2830 4934 Καρϐαγένης
2845 4861 3029 4918 κανὼν
3054 4871 3151 4929 ις’.

2203 4971 2455 5027 ΚΕΦΑΛ.
2485 4971 2591 5026 ῙΒ.’
2629 5004 2698 5013 --
2735 4973 2877 5042 Περὶ
2908 4973 3260 5029 ἐπισκόπων
3318 4975 3407 5044 μὴ
3457 4975 3704 5040 ἐπιστρε-

2129 5066 2368 5134 φόντων
2395 5063 2539 5130 τοὺς
2560 5065 2914 5134 αἱρετικοὺς,
2940 5066 3039 5120 καὶ
3067 5068 3198 5136 περὶ
3220 5068 3587 5132 ἐπισκόπων,
3614 5062 3700 5117 καί

2130 5156 2455 5226 κληρικῶν,
2497 5161 2585 5228 μὴ
2646 5157 3062 5213 διδασκόντων
3114 5159 3222 5214 τόν
3266 5162 3442 5226 λαόν,
3479 5160 3571 5214 καί
3625 5156 3701 5209 ὅτι

2127 5251 2464 5317 ἐπίσκοπος
2502 5251 2657 5321 ὑπὲρ
2706 5251 2815 5306 τοῦ
2847 5251 3001 5307 λαοῦ
3031 5251 3418 5324 ἀπολογεῖται
3455 5250 3534 5318 τῷ
3574 5250 3698 5313 Θεῷ,

2129 5343 2231 5398 καί
2247 5358 2393 5399 ποτε
2413 5344 2520 5399 τοῦ
2537 5345 2692 5401 λαοῦ
2709 5343 3174 5417 ἁμαρτήσαντος
3203 5349 3236 5400 ὁ
3255 5345 3484 5415 κλῆρος
3511 5343 3698 5416 ἀφορί-

2131 5437 2304 5499 (erat.

2215 5531 2556 5588 Ἀποστόλων
2585 5532 2769 5588 κανὼν
2796 5535 2905 5600 λς’,
2933 5534 3034 5601 λθ’,
3069 5545 3148 5608 νῆ’
3172 5554 3185 5568 ο
3228 5538 3446 5592 συνόδου
3494 5530 3696 5603 Καροαο

2131 5625 2295 5697 γὲιης
2321 5625 2500 5680 κανὼν
2533 5626 2672 5699 ρκγ’,
2730 5629 2862 5702 ρκδ·
2891 5630 3105 5686 συνόδου
3134 5639 3207 5698 ς’,
3247 5632 3426 5684 κανὼν
3462 5629 3541 5689 ιϐ’.
3570 5623 3650 5691 55'-
