3916 6244
189 203 309 266 1089

1057 190 1546 253 NOMOCANON.
1588 213 1657 226 ··-
1685 190 1832 250 ΤΙΤ.
1875 188 2038 260 VIII,
2073 189 2229 248 CAP.
2259 187 2542 247 VI-XIII.

3320 180 3458 245 1090

248 308 487 364 ΚΕΦΑΛ.
521 307 620 361 li".
656 334 725 344 —
749 302 891 372 Περὶ
920 303 1277 358 ἐπισκόπων
1309 303 1410 357 καί
1444 299 1752 370 κληρικῶν

1924 295 2082 352 CAP.
2155 296 2295 351 Xlll.
2332 296 2411 352 De
2455 295 2710 366 episcopis
2764 303 2815 348 et
2861 293 3065 348 clericis
3114 295 3442 347 mundanum

188 400 461 471 κοσμικόν
485 417 539 452 τι
569 395 956 467 πραττόντων
999 394 1317 464 δημόσιον,
1352 394 1392 464 ἢ
1433 391 1753 460 ἰδιωτικόν,

188 496 221 564 ἢ
255 489 594 560 ἐπιτροπήν.

257 603 587 657 Ἀποστόλων
637 602 823 657 κανὼν
853 600 930 668 ς’,
982 601 1104 655 πα’·
1145 599 1364 654 συνόδου
1411 597 1756 669 Χαλκηδόνος

187 697 346 753 κανὼν
367 696 415 766 γ’
435 713 448 728 ⁸
506 696 728 750 συνόδου
766 695 1130 768 Καρθαγένης
1187 693 1372 748 κανὼν
1399 709 1458 758 ις
1480 709 1494 724 ο
1536 691 1756 745 συνόδου

189 792 401 854 Νικαίας
424 789 486 844 τὸ
512 787 581 860 β’,
617 790 800 843 κανὼν
822 787 883 844 ι’·
919 789 1138 843 συνόδου
1173 793 1224 842 α’
1261 788 1356 841 καὶ
1391 787 1436 857 β’
1464 785 1621 856 ἐντῷ
1643 785 1758 856 ναῷ

190 885 282 938 τῶν
310 883 476 952 ἁγίων
493 883 808 937 ἀποστόλων
840 881 1024 938 κανὼν
1059 880 1150 936 ια’.

192 1047 203 1065 ⁵
248 1068 546 1136 Κείμενον.
595 1066 662 1120 Ἦ
720 1063 786 1132 ιζ’
807 1065 950 1122 διάτ.
995 1065 1091 1120 τοῦ
1125 1063 1174 1135 γ’
1209 1067 1313 1121 τίτ.
1368 1065 1463 1120 τοῦ
1500 1063 1753 1130 κώδικος,

188 1177 236 1214 κ.
260 1178 306 1213 τ.
331 1159 403 1226 λ.,
424 1174 601 1232 usque
623 1157 693 1214 ad
716 1157 869 1222 θείας
894 1157 1259 1229 λειτουργίας.

188 1252 519 1392 21ἓίχόλιον.
536 1323 602 1377 Ἦ
630 1321 696 1390 ιζ’
722 1323 863 1378 διάτ.
887 1329 936 1392 γ’
966 1320 1124 1391 τούξα¹
1159 1322 1368 1395 βιὸλίου
1395 1322 1490 1377 τοῦ
1526 1321 1757 1386 κώδικος

188 1417 275 1470 οὐκ
292 1417 442 1488 ἐτέθη
463 1417 548 1481 είς
567 1417 638 1472 τὰ
666 1415 954 1472 Βασιλικά.
984 1415 1121 1470 Οὐδέ
1151 1417 1186 1487 ή
1215 1413 1268 1488 μ’
1306 1415 1429 1470 ούδέ
1451 1417 1486 1487 ἡ
1528 1414 1610 1470 vo.’
1662 1416 1758 1470 καὶ

192 1508 347 1578 μάτην
379 1509 452 1580 μὴ
482 1508 673 1564 κοπία.

190 1602 213 1644 τ
251 1605 550 1674 (temer-or.
588 1603 652 1658 Ἦ
677 1602 736 1657 δὲ
768 1601 814 1672 β’
841 1603 983 1658 διάτ.
1022 1602 1118 1658 τοῦ
1147 1601 1195 1656 α’
1220 1603 1328 1660 τίτ.
1360 1602 1469 1659 τῶν
1501 1602 1756 1674 Νεαρῶν,

1864 389 2072 461 aliquid
2100 390 2483 453 exercentibus,
2531 388 2659 460 (sive
2688 387 2766 457 id)
2822 387 3093 455 publicum
3137 388 3244 440 sive
3272 387 3454 454 priva-

1867 492 1978 539 tum
2007 483 2122 554 (sit)
2153 496 2246 538 aut
2281 483 2486 553 (etiam)
2517 484 2910 551 redempturam
2945 489 3039 535 aut
3068 480 3314 535 tutelam.

1935 597 2338 666 Apostolorum
2385 609 2562 651 canon
2611 595 2665 659 6,
2718 595 2822 661 8t;
2875 594 3093 650 concilii
3145 593 3455 650 Chalcedo-

1865 691 2056 745 nensis
2097 704 2272 744 canon
2305 690 2374 757 5;
2405 689 2622 745 concilii
2655 688 3102 759 Carthaginiensis
3131 703 3306 760 canon
3345 687 3451 742 16:

1864 783 2080 836 concilii
2113 780 2318 836 Nicaeui
2372 782 2600 838 secundi
2652 795 2830 836 canon
2868 781 2975 848 1ος
3013 780 3230 836 concilii
3291 780 3456 850 primi

1864 883 1919 928 et
1949 874 2173 928 secundi
2207 873 2260 927 in
2297 873 2501 945 templo
2532 873 2869 928 Sanctorum
2895 873 3279 943 Apostolorum
3327 871 3454 944 [ha-

1865 964 1990 1038 biti]
2013 981 2188 1020 canon
2222 967 2310 1021 11.
2341 969 2348 972 ’
2977 979 2980 982 ’

1934 1059 2150 1114 Τεπιιιε.
2179 1060 2371 1115 Const.
2419 1061 2508 1127 17,
2538 1062 2621 1119 tit.
2669 1063 2732 1128 5,
2779 1062 2876 1117 lib.
2917 1077 2931 1116 l
2964 1061 3088 1117 cod.
3131 1068 3294 1124 vetat,
3323 1066 3456 1120 εις..

1864 1163 2028 1218 usque
2060 1149 2129 1202 ad
2154 1149 2521 1206 ministerium
2559 1152 2860 1222 negligant,
2904 1161 2965 1206 ut
2993 1168 3118 1222 pag.
3160 1150 3287 1217 683,
3326 1149 3452 1204 686.

1941 1333 2239 1394 Scholium.
2293 1337 2482 1396 Const.
2516 1340 2605 1404 17,
2641 1340 2728 1395 tit.
2761 1341 2815 1405 5,
2847 1341 2944 1396 lib.
2989 1356 3006 1394 ι
3078 1341 3199 1396 cod.
3229 1354 3340 1395 non
3374 1347 3462 1396 est

1867 1431 2042 1499 posita
2074 1431 2128 1485 in
2174 1430 2340 1488 Basil.
2402 1447 2577 1503 neque
2625 1433 2716 1500 40,
2757 1450 2936 1505 neque
2973 1434 3065 1500 5t,
3126 1449 3193 1489 ne
3247 1432 3452 1488 frustra

1865 1521 2102 1576 labores.

1942 1611 2162 1669 Textus.
2183 1615 2376 1672 Const.
2400 1617 2457 1682 2,
2485 1617 2571 1671 tit.
2601 1618 2626 1672 1
2661 1616 3010 1672 Novellarum
3029 1617 3123 1682 ait,
3147 1617 3312 1688 quod,
3328 1625 3460 1682 etc.,

189 1697 308 1768 φησὶ
332 1700 413 1751 ὅτι
439 1697 743 1762 ἐπίσκοπος
779 1713 836 1752 κ.
863 1715 917 1752 τ.
946 1697 1022 1764 λ.,
1075 1711 1251 1768 usque
1280 1697 1350 1753 ad
1375 1697 1587 1752 οἴκοθεν
1615 1697 1754 1752 ἁπο-

1878 1719 2028 1774 ιιδᾳιιε
2046 1707 2116 1759 ad
2148 1707 2217 1762 de
2241 1721 2345 1763 suo
2368 1709 2691 1774 resarciant,
2722 1718 2782 1762 ut
2801 1725 2927 1780 pag.
2959 1706 3086 1765 686.

190 1791 554 1863 θεραπεύουσι.

246 1886 514 1953 Σχόνίιον.
560 1886 627 1940 Ἠ
659 1884 704 1956 β’
735 1885 879 1940 διάτ.
904 1885 998 1940 τοῦ
1019 1883 1069 1940 α’
1092 1885 1196 1940 τίτ.
1227 1885 1334 1940 νῶν
1353 1886 1607 1959 Νεαρῶν,
1637 1885 1756 1940 ἐστι

190 1975 360 2048 Νεαρὰ
387 1977 819 2042 Ἰσυστινιὰνειος
865 1975 984 2049 ρκγ¹
1025 1979 1256 2049 κειμένη
1314 1981 1374 2033 ἐν
1423 1979 1615 2050 βιϐλίῳ
1647 1979 1756 2035 τῶν

191 2069 468 2125 Βασιλικῶν
497 2069 574 2140 γ’,
626 2072 730 2125 τίτ.
753 2070 826 2137 α’,
856 2088 983 2140 κεφ.
1023 2068 1114 2138 ιγ’,
1157 2070 1242 2138 ιδ’,
1306 2070 1388 2127 ιε’.
1429 2073 1652 2144 Ἔχουσι
1697 2074 1757 2128 δὲ

188 2159 341 2215 ταῦτα
370 2161 558 2226 καθὼς
589 2162 1031 2233 συνοκῘιίσθησαν.
1081 2165 1244 2235 Ζήτει
1307 2165 1627 2233 ἀναγκαίως
1663 2167 1759 2220 καὶ

187 2243 431 2325 τὴνκατὰ
483 2255 589 2328 τὴν
616 2255 665 2327 η’
695 2257 792 2309 τοῦ
825 2256 1171 2329 Δεκεμϐρίου
1223 2257 1392 2327 μηνὸς
1422 2257 1521 2328 τῆς
1564 2257 1619 2326 ς’
1662 2259 1760 2314 ἰν-

191 2346 430 2412 δικτιόνος
448 2349 755 2420 γενομένην
786 2350 1070 2422 συνοδικὴν
1111 2350 1413 2420 σημείωσιν
1465 2352 1618 2424 παρὰ
1659 2351 1756 2406 τοῦ

192 2438 472 2506 ἁγιωτάτου
519 2443 871 2514 πατριάρχου
923 2444 1116 2516 κυρίου
1175 2445 1362 2499 Λουκᾶ
1425 2445 1586 2516 χάριν
1615 2435 1759 2501 Δ’τῶν

192 2530 543 2601 ἐνεργούντων
577 2533 856 2607 κληρικῶν
872 2537 935 2606 δη
944 2539 1216 2606 μοσιακὰς
1243 2537 1488 2602 δουλείας
1512 2538 1607 2592 καὶ
1627 2555 1762 2611 προ-

193 2625 437 2690 σωπικὰς,
469 2627 570 2679 καὶ
612 2629 1094 2700 καταστρωθεῖσαν
1123 2632 1182 2682 ἐν
1240 2629 1320 2702 τῷ
1346 2628 1419 2696 ις’
1445 2630 1633 2684 κανόνι
1663 2631 1761 2701 τῆς

194 2715 244 2766 ἐν
269 2715 592 2790 Καρθαγένῃ
643 2720 883 2774 συνόδου.
923 2720 1050 2774 Ἐπὶ
1095 2724 1196 2792 τῆς
1261 2721 1660 2793 πατριαρχείας
1702 2723 1760 2777 δὲ

194 2805 272 2859 τοῦ
297 2809 598 2882 μακαρίτου
616 2813 808 2881 κυρίου
831 2812 1082 2867 Ἰωάννου
1112 2814 1255 2868 κατὰ
1291 2815 1435 2884 μῆνα
1488 2816 1762 2887 Φευρουά·

197 2915 296 2968 ριον
326 2902 636 2968 ίνδικτιόνος
666 2903 718 2974 η’
737 2905 929 2974 γέγονε
960 2907 1254 2977 σημείωμα
1282 2908 1558 2962 συνοδικδν
1588 2909 1759 2980 διορι-

195 2992 396 3066 ζόμενον
453 2999 529 3071 μὴ
561 3004 883 3075 συνηγορεῖν
939 3001 1242 3067 διακόνους,
1283 3001 1316 3073 ἢ
1348 3002 1535 3066 ἁπλῶς
1564 3004 1759 3072 ἐκκλη-

197 3090 507 3154 σιαστικοὺς,
542 3091 576 3162 ἢ
614 3093 906 3162 μοναχοὺς,
933 3093 961 3147 ὂ
1007 3095 1100 3147 καὶ
1142 3093 1421 3162 ἀνάγνωθι
1449 3111 1766 3166 καταστρω-

195 3175 272 3231 θέν
298 3181 351 3233 ἐν
364 3181 443 3254 τῷ
467 3181 544 3248 ις’
561 3183 750 3238 κανόνι
780 3186 878 3256 τῆς
896 3188 953 3241 ἐν
983 3185 1314 3259 Καρθαγένῃ
1335 3186 1582 3240 συνόδου.
1605 3186 1765 3240 Κατὰ

193 3268 244 3322 δὲ
270 3272 352 3325 τὸν
390 3275 723 3349 Ἰανουάριον
752 3277 898 3350 μῆνα
926 3278 1026 3348 τῆς
1048 3277 1089 3333 δ’
1123 3279 1458 3344 ίνδικτιόνος,
1483 3295 1761 3350 πατριαρ-

196 3363 422 3432 χεύοντος
447 3366 542 3422 τοῦ
596 3371 904 3441 μακαρίτου
943 3372 1286 3444 πατριάρχου
1323 3372 1515 3444 κυρίου
1540 3370 1764 3444 Μιχαὴλ

194 3455 273 3508 τοῦ
319 3459 603 3531 Ἀγχιάλου
654 3462 847 3531 γέγονε
878 3464 1174 3535 σημείωμα
1232 3464 1510 3518 συνοδικὸν
1537 3465 1764 3536 διαλαμ-

196 3544 338 3601 ϐάνον
377 3552 506 3622 παρ’
547 3553 740 3623 ὁμοίου
777 3553 858 3624 τῷ
896 3555 1054 3627 ἱερεῖ,
1113 3555 1209 3608 καὶ
1241 3555 1320 3627 τῷ
1365 3556 1617 3628 διακόνῳ,
1669 3558 1764 3610 καὶ

192 3638 273 3690 τὸν
327 3641 702 3714 ἀναγνώστην,
757 3645 852 3698 καὶ
915 3646 1094 3701 πάντα
1133 3647 1429 3717 ἱερωμένον
1461 3645 1763 3718 ἀπέχεσθαι

193 3731 278 3803 τῆς
299 3734 574 3809 ἐνεργείας
598 3738 708 3791 τῶν
742 3739 1024 3810 κοσμικῶν
1058 3740 1350 3810 όφφικίων,
1383 3740 1477 3793 καὶ
1507 3742 1615 3795 τῶν
1645 3741 1764 3794 δου-

195 3823 355 3882 λειῶν.
381 3823 455 3883 Οὗ
511 3830 578 3901 δὴ
612 3830 998 3902 σημειὼματος
1049 3833 1082 3904 ἡ
1120 3832 1350 3903 δύναμις
1404 3833 1762 3906 κατεστρώθη

195 3915 244 3965 ἐν
277 3917 344 3986 τῷ
369 3919 515 3990 αὑτῷ
544 3921 753 3974 κανόνι.
797 3922 862 3975 Ἣ
887 3923 1074 3992 μέντοι
1114 3922 1193 3996 ξη’
1224 3924 1413 3994 Νεαρὰ
1437 3925 1529 3978 τοῦ
1567 3926 1761 3998 κυρίου

196 4003 437 4074 βασιλέως
457 4012 690 4076 Λέοντος
719 4012 815 4066 τοῦ
847 4014 1139 4084 φιλοσόφου
1197 4016 1635 4086 παρακελεύεται
1686 4019 1760 4089 μὴ

194 4100 528 4174 ἀναδέχεσθαι
567 4107 907 4175 ἐπιτροπὰς,
969 4108 1002 4179 ἢ
1066 4109 1446 4181 κουραωρίας
1507 4109 1762 4181 ὀρφανῶν

195 4191 468 4264 κληρικοὺς
502 4199 534 4270 ἢ
577 4201 868 4270 μοναχοὺς,
913 4203 1242 4271 ἐπιτρόπους
1276 4202 1333 4256 δὲ
1391 4201 1636 4272 γίνεσθαι
1667 4203 1763 4256 καὶ

193 4283 444 4357 διοικητὰς
475 4291 570 4342 ἐπὶ
631 4290 958 4346 τελευταίων
1001 4293 1359 4364 βουλημάτων
1416 4299 1760 4366 παραχωρεῖ,

1940 1886 2234 1944 Scholium.
2284 1888 2478 1946 Const.
2524 1890 2582 1957 2,
2633 1891 2718 1946 tit.
2752 1892 2778 1944 1
2834 1891 3211 1957 Novellarum,
3251 1899 3336 1948 est
3363 1908 3466 1948 no-

1866 1978 2006 2034 vella
2039 1977 2337 2034 Justiniaui
2366 1980 2492 2046 125,
2549 1981 2728 2052 posita
2755 1980 2906 2054 [quae
2929 1981 3034 2054 est]
3076 1983 3130 2036 in
3160 1982 3257 2038 lib.
3293 1983 3461 2039 Basil.

1866 2069 2082 2135 tn,tit.
2115 2072 2170 2137 1,
2215 2084 2338 2140 cap.
2393 2069 2484 2137 15,
2541 2071 2631 2137 14,
2680 2071 2770 2126 15.
2817 2070 3034 2125 Habent
3093 2078 3278 2126 autem
3327 2073 3462 2135 haec,

1869 2164 2332 2234 quemadmodum
2365 2165 2759 2235 compendiose
2803 2166 3088 2236 proposita
3122 2171 3272 2235 sunt.
3307 2163 3466 2230 Quae-

1869 2271 1963 2312 ras
2016 2255 2191 2329 [vero]
2242 2259 2560 2313 necessario
2607 2257 2930 2329 synodicum
2975 2257 3138 2312 etiam
3180 2271 3464 2313 commen-

1870 2351 2070 2405 tarium
2103 2349 2260 2423 [die],
2291 2360 2490 2406 octavo
2517 2351 2726 2405 mensis
2758 2350 3100 2420 Septembris
3147 2350 3464 2406 indictionis

1871 2449 2040 2496 sextre
2096 2457 2126 2494 a
2157 2441 2509 2497 sanctissimo
2563 2441 2879 2518 patriarcha
2926 2441 3152 2496 domino
3187 2440 3358 2504 Luca,
3396 2441 3465 2495 de

1872 2534 2090 2590 clericis
2120 2533 2340 2603 publica
2363 2542 2420 2590 et
2445 2533 2761 2604 personalia
2789 2548 3018 2588 munera
3073 2535 3461 2600 subeuntibus,

1870 2625 2182 2682 confectum
2217 2645 2230 2681 :
2263 2625 2355 2697 qui
2399 2627 2614 2682 decimo
2652 2634 2808 2682 sexto
2841 2627 3039 2682 canoni
3074 2628 3297 2683 concilii
3322 2628 3465 2684 Car-

1871 2719 2216 2791 thaginensis
2273 2721 2520 2776 insertus
2565 2729 2672 2775 est.
2735 2720 2866 2774 Item
2927 2720 3032 2776 sub
3085 2723 3462 2790 patriarchatu

1871 2811 2052 2868 felicis
2083 2811 2362 2867 memoria).
2395 2810 2585 2866 domui
2639 2807 2870 2865 Joannis
2911 2811 3238 2880 patriarchae
3277 2827 3467 2869 mense

1875 2907 2181 2964 Februario
2235 2909 2551 2964 indictionis
2587 2917 2792 2962 octavae
2851 2905 3028 2961 factus
3061 2913 3145 2961 est
3170 2906 3468 2971 synodicus

1875 3001 2336 3064 commentarius,
2397 3001 2516 3070 qui,
2578 3015 2648 3054 ne
2696 2999 2942 3065 diaconi,
2997 3007 3093 3052 aut
3148 2998 3464 3053 summatim

1880 3090 2239 3146 ecclesiastici
2271 3087 2570 3163 [homines]
2599 3090 2682 3144 vel
2737 3089 2991 3144 monachi
3024 3089 3238 3158 patroni
3271 3103 3468 3143 causa-

1876 3198 1996 3236 rum
2046 3182 2178 3248 sint,
2236 3181 2572 3237 constituit:
2627 3196 2789 3252 quem
2825 3183 2990 3236 etiam
3049 3191 3201 3234 sexto
3254 3180 3466 3236 decimo

1872 3274 2071 3328 canoni
2147 3273 2367 3328 concilii
2460 3273 2907 3344 Carthaginensis
2965 3273 3230 3327 insertum
3292 3273 3464 3344 legas.

1874 3364 2062 3420 Mense
2094 3373 2276 3420 autem
2335 3364 2598 3421 Januario
2661 3365 2975 3422 indictionis
3038 3377 3270 3435 quartae,
3337 3381 3464 3421 cum

1873 3459 2310 3528 patriarchatum
2364 3467 2579 3529 gereret
2629 3457 2809 3514 felicis
2865 3459 3153 3514 memoriae
3206 3458 3465 3514 dominus

1875 3552 2103 3607 Michael
2141 3552 2446 3608 Anchialus
2481 3552 2818 3624 patriarcha,
2855 3552 3139 3608 confectus
3171 3563 3255 3607 est
3298 3567 3467 3624 syno-

1872 3649 2030 3704 dicus
2057 3648 2513 3714 commentarius,
2571 3648 2664 3718 qui
2707 3648 2960 3704 similiter
3004 3656 3166 3717 atque
3207 3647 3464 3704 sacerdo-

1867 3734 1978 3794 tem
2013 3749 2067 3795 et
2091 3741 2409 3807 diaconum,
2444 3741 2708 3795 lectorem
2746 3741 2912 3794 etiam
2956 3740 3212 3809 sacrique
3253 3739 3466 3794 ordinis

1871 3848 2254 3904 quemcunque
2285 3833 2688 3903 complectitur,
2733 3840 2791 3887 ut
2847 3834 2915 3887 ab
2959 3832 3177 3886 actione
3228 3833 3464 3886 munda-

1871 3940 2067 3979 norum
2103 3924 2405 3979 ofIiciorum
2438 3933 2602 3994 atque
2627 3939 2919 3979 munerum
2951 3923 3264 3980 abstineat:
3297 3923 3460 3994 cujus

1863 4009 2093 4087 ‘quidem
2123 4017 2509 4073 commentarii
2558 4017 2638 4072 vis
2671 4017 2847 4071 eidem
2885 4027 2967 4071 est
2999 4015 3204 4071 inserta
3242 4016 3464 4069 canoni.

1877 4112 2093 4167 Rursus
2154 4112 2368 4167 novella
2450 4111 2518 4166 68
2582 4110 2929 4181 imperatoris
3011 4109 3198 4163 domni
3268 4109 3466 4163 Leonis

1875 4203 2188 4273 philosophi
2231 4203 2406 4272 jubet,
2457 4218 2522 4257 ne
2561 4203 2746 4258 elerici
2803 4213 2898 4256 aut
2930 4202 3180 4257 monachi
3225 4201 3465 4270 pupillo-

1877 4311 1998 4349 rum
2030 4296 2254 4350 tutelam
2288 4302 2382 4348 aut
2425 4309 2612 4348 curam
2668 4294 3014 4364 suscipiant:
3050 4293 3144 4348 sed
3202 4294 3469 4362 permittit

195 4377 275 4429 καὶ
302 4381 496 4449 μᾶλλον
531 4384 692 4455 εἴπερ
723 4383 953 4456 ψυχικαὶ
1010 4387 1278 4450 διαδόσεις
1303 4387 1580 4456 ὀφείλουσι
1611 4390 1761 4462 παρὰ

1878 4397 1929 4442 ut
1955 4398 2330 4442 extremarum
2374 4387 2716 4442 voluntatum
2749 4395 3136 4456 procuratores
3163 4396 3328 4456 atque
3365 4402 3464 4440 ex-

195 4468 378 4525 τούτων
409 4475 746 4546 προϐαίνειν.
797 4479 907 4532 Καὶ
941 4479 1249 4550 σημείωσαι
1275 4481 1454 4535 τοῦτο·
1497 4480 1620 4534 οὐδὲ
1653 4483 1765 4553 γὰρ

196 4563 427 4633 εὑρήσεις
465 4567 701 4638 ἀλλαχοῦ
731 4569 993 4641 κειμένην
1020 4571 1119 4639 τὴν
1157 4570 1411 4642 τοιαύτην
1459 4567 1598 4626 διάτ.
1633 4572 1768 4626 ἀλλὰ

197 4656 329 4726 καὶὴ
362 4657 456 4724 πς’
483 4661 675 4733 Νεαρὰ
702 4661 796 4715 τοῦ
838 4663 1004 4717 αὐτοῦ
1037 4663 1303 4734 βασιλέως
1348 4663 1595 4728 θεσπίζει
1627 4666 1766 4738 μήτε

197 4746 492 4815 ἐπίσκοπον,
522 4756 660 4826 μήτε
683 4755 806 4810 τινὰ
829 4757 1092 4828 κληρικὸν
1126 4757 1475 4830 συνηγορίας,
1500 4758 1534 4826 ἢ
1561 4759 1769 4830 μισθώ-

199 4851 409 4922 σεετιν,ἦ
469 4853 698 4921 ἐγγύαις
727 4853 1159 4922 ἐνασχολεῖσοαι.
1203 4853 1308 4904 Τὸν
1347 4851 1403 4905 δὲ
1443 4852 1683 4905 τοιοῦτόν
1715 4871 1767 4907 τι

198 4941 434 4997 ποιοῦντα
465 4945 559 4997 ἐπὶ⁸
590 4947 780 5018 χρόνον
817 4945 918 5016 μέν
964 4964 1085 5001 τινα
1130 4944 1513 5017 ἀφορίζεσοαι,
1567 4947 1764 5014 ἐπιμέ-

197 5048 336 5087 νοντα
353 5035 408 5088 δὲ
434 5037 838 5110 καθαιρεῖσθαι,
859 5041 953 5093 καὶ
975 5039 1150 5092 ταῦτα
1179 5039 1277 5110 μὲν
1295 5038 1488 5101 οὕτως.
1509 5037 1766 5100 Διὰκονος

196 5121 243 5176 δὲ
271 5143 348 5189 τις
382 5129 646 5194 κωλυθείς
671 5148 800 5184 ποτε
835 5131 982 5200 παρὰ
1013 5131 1106 5183 τοῦ
1163 5129 1468 5201 μακαρίτου
1493 5127 1768 5199 πατριάρ-

199 5234 280 5286 χου
303 5223 575 5296 Κυρίλλου
596 5225 784 5278 Λουκᾶ
831 5225 925 5277 τοῦ
959 5227 1278 5296 συνηγορεῖν
1334 5223 1620 5294 χρωμένου
1654 5225 1767 5284 τοῖς

199 5310 521 5384 διαληφθεῖσι
553 5295 761 5384 κανόσι,
797 5319 893 5372 καὶ
943 5318 1160 5382 λοιπαῖς
1196 5316 1567 5387 νομοθεσίαις,
1613 5311 1766 5368 εἶπεν

204 5405 281 5458 ἐπὶ
310 5407 586 5476 βασιλικοῦ
617 5411 880 5481 βήματος,
917 5411 1183 5478 παρόντος
1215 5412 1307 5462 καὶ
1339 5408 1434 5462 τοῦ
1492 5407 1765 5479 πατριάρ-

204 5514 283 5566 χου
315 5501 384 5573 μὴ
435 5502 581 5574 ἔχειν
614 5503 794 5575 χώραν
838 5505 907 5558 τὰ
947 5503 1056 5557 τῶν
1087 5502 1346 5556 τοιούτων
1389 5502 1635 5556 κανόνων
1674 5502 1766 5554 καὶ

205 5591 362 5661 νόμων
385 5599 462 5660 είς
488 5597 614 5662 τοὺς
645 5600 884 5670 σήμερον
912 5597 1366 5670 συνηγορούντας,
1393 5598 1509 5650 ἀλλ’
1540 5598 1619 5659 είς
1641 5599 1767 5659 τοὺς

205 5691 548 5758 τεταγμένους
599 5695 676 5757 εἰς
708 5692 962 5747 πολιτικὰ
1010 5691 1362 5765 δικαστήρια,
1390 5692 1483 5746 καὶ
1542 5690 1760 5762 λαμδέι⁹

1876 4489 2162 4534 secutores
2212 4478 2363 4533 flant.
2426 4478 2504 4532 Ac
2557 4477 2736 4551 [vero]
2791 4480 2986 4549 magis,
3040 4478 3084 4531 si
3144 4492 3245 4547 pro
3279 4479 3464 4532 anima

1876 4576 2224 4646 erogationes
2266 4574 2333 4628 ab
2365 4574 2452 4630 his
2487 4576 2600 4629 fieri
2645 4575 2899 4630 debeam.
2937 4573 3094 4640 Quod
3142 4589 3274 4628 sane
3312 4583 3462 4627 nota.

1874 4666 2159 4738 Nusquam
2218 4666 2367 4721 enim
2426 4667 2557 4722 alibi
2619 4667 2996 4737 hujuscemodi
3053 4667 3462 4723 distinctionem

1876 4759 2144 4814 invenies.
2200 4758 2305 4811 Sed
2353 4765 2404 4813 et
2454 4758 2668 4813 novella
2708 4758 2955 4828 ejusdem
3003 4757 3352 4826 imperatoris
3393 4755 3463 4810 86

1876 4851 2073 4917 sancit,
2107 4867 2173 4905 ne
2221 4850 2538 4921 episcopus,
2603 4867 2779 4921 nequc
2837 4851 3154 4921 quicunque
3207 4849 3460 4916 clericus,

1875 4943 2352 5010 advocationibtts,
2387 4944 2774 5014 redempturis,
2810 4953 2905 4998 aut
2947 4940 3332 5014 sponsionibus
3371 4953 3466 4994 oc—

1878 5045 2107 5106 cupetur
2138 5057 2150 5092 :
2187 5046 2240 5090 et
2274 5038 2366 5105 qui
2398 5036 2501 5091 tale
2544 5012 2824 5106 quidpiam
2873 5035 3082 5100 fecerit,
3129 5012 3465 5103 ad'aliquod

1877 5139 2094 5200 tempus
2127 5129 2180 5203 [a
2211 5131 2623 5204 communione]
2668 5140 2984 5202 segregetur
3013 5147 3025 5181 :
3083 5129 3175 5197 qui
3207 5143 3336 5182 vero
3383 5127 3465 5199 [in

1877 5222 1965 5295 iis]
1997 5224 2426 5295 perseveraverit
2459 5223 2511 5296 [a
2536 5225 2708 5279 sacris
2736 5219 3156 5293 funetionibus],
3179 5236 3464 5276 removea-

1877 5329 1986 5372 tur.
2025 5319 2203 5389 Atque
2236 5319 2351 5374 haec
2398 5319 2618 5389 quidem
2662 5319 2727 5372 ad
2779 5318 2925 5371 hunc
2972 5316 3215 5369 modum.
3262 5311 3464 5368 Verum

1877 5410 2142 5464 diaconus
2171 5408 2394 5476 quidam
2423 5424 2451 5462 a
2490 5408 2663 5462 felicis
2697 5405 2979 5460 memoria:
3019 5406 3328 5474 patriarcha
3370 5405 3467 5456 do-

1876 5520 2036 5558 mnus
2112 5503 2300 5566 Luca,
2341 5501 2791 5557 commemoratis
2844 5500 3151 5553 cauouihus
3212 5496 3467 5566 reliquis-

1876 5615 1981 5668 que
2039 5597 2473 5668 lrgislatiouibus
2522 5605 2726 5659 utente,
2778 5595 3100 5649 advocatum
3152 5606 3312 5659 agere
3367 5590 3466 5643 ali-

1876 5692 2096 5762 quando
2155 5690 2486 5762 prohibitus,
2549 5703 2734 5744 coram
2787 5685 3143 5756 imperatorio
3202 5682 3461 5740 tribunali
