3916 6244
434 229 565 296 1091

1537 225 1805 287 ΡΗΟΤΙΙ
1848 220 2357 284 PATRIARCII/E
2395 219 2503 279 CP-

3555 203 3676 270 1092

419 350 692 414 praesente
721 339 1033 413 patriarcha
1063 337 1219 401 dixit,
1255 350 1495 392 canones
1525 337 1650 391 illos
1679 347 1842 406 atque
1867 335 2015 405 leges

2158 347 2309 392 οντας
2363 327 2620 401 βασιλικὰ
2653 324 2960 396 σιτηρέσια,
3003 321 3094 374 καὶ
3123 319 3228 373 ὑπὸ
3268 317 3677 388 πριμμικηρίους

423 441 475 494 iu
517 437 798 492 hodiernis
839 433 1122 488 advocatis
1155 446 1260 486 non
1309 429 1514 485 habere
1550 429 1778 484 locum:
1818 427 1913 483 sed
1957 429 2009 481 in

425 530 576 584 illius
603 527 864 598 temporis
895 524 1198 586 advocatis,
1250 523 1346 594 qui
1404 523 1456 576 in
1491 522 1746 577 civilibus
1795 521 2014 590 iudiciis

428 622 693 676 stationes
729 617 1021 680 habebant,
1063 614 1374 685 imperiales
1418 611 1811 667 frumentarias
1846 619 2018 665 tesse-

426 728 518 767 ras
572 711 934 780 accipiebant,
992 709 1095 763 sub
1145 705 1478 776 primiceriis
1530 711 1708 768 erant,
1765 712 1927 772 atque
1984 715 2016 755 a

429 806 727 862 mundanis
816 801 1230 874 magistratibus
1305 799 1776 855 conﬁrmabantur
1833 814 1847 850 :
1907 809 2017 865 quo

425 909 674 970 tempore
703 899 930 952 omnino
969 905 1117 950 recte
1159 892 1346 972 clerici
1387 890 1680 946 mundanis
1722 887 2018 942 advocato-

427 1011 550 1051 rum
592 993 784 1047 olliciis
828 990 980 1061 fungi
1023 988 1478 1060 prohibebantur.
1525 986 1595 1040 At
1632 982 1889 1054 quoniam
1924 979 2019 1051 qui

437 1089 600 1144 hodie
642 1085 890 1141 advocati
940 1093 1089 1146 sunt,
1140 1091 1402 1152 tanquam
1457 1079 1736 1134 liberalem
1777 1076 2019 1145 aliquam

428 1189 625 1245 artem,
663 1176 1078 1233 advocationem
1127 1182 1421 1240 exercent;
1474 1185 1652 1236 neque
1695 1169 1838 1224 sacri
1873 1167 2023 1222 ordi-

427 1275 515 1329 nis
543 1273 792 1327 homines
813 1271 891 1343 [in
919 1267 1064 1341 jure]
1094 1267 1452 1339 patrocinari,
1477 1257 2018 1334 impediri[debere].

429 1367 498 1422 Et
529 1380 841 1421 sermonem
891 1379 1054 1420 suum
1109 1370 1387 1423 astruens,
1437 1374 1546 1413 non
1588 1357 1882 1419 actionem,
1927 1351 2022 1408 sed

431 1461 654 1513 modum
682 1473 712 1510 a
743 1455 1049 1510 canonibus
1083 1453 1285 1523 puniri,
1313 1451 1667 1506 causabatur.
1691 1446 1812 1504 Non
1843 1447 2021 1502 solum

427 1554 576 1606 enim
643 1547 866 1621 [inquit]
918 1547 1126 1612 clerici,
1178 1561 1370 1600 verum
1428 1543 1594 1597 etiam
1644 1539 1888 1611 episcopi
1919 1552 2022 1609 pro

429 1645 623 1699 amicis
666 1642 748 1714 [in
776 1638 925 1712 jure]
963 1646 1256 1701 certantes,
1297 1636 1514 1691 veniam
1568 1640 1977 1703 consequentur
2009 1650 2022 1685 :

2123 425 2302 490 ὄντας,
2331 427 2426 478 καὶ
2482 419 2943 494 σφραγιζομένοις
2980 415 3086 470 ὑπὸ
3109 411 3388 484 κοσμικῶν
3424 411 3679 482 ἀρχόντων

2121 519 2211 572 ὅτε
2241 517 2460 579 πάντως
2479 515 2665 578 καλῶς
2693 514 2744 566 οἱ
2772 511 3028 582 κληρικοὶ
3055 505 3355 561 ἐκωλύοντο
3385 504 3682 572 συνηγόρων

2121 611 2352 683 ὀφφίκια
2381 608 2624 680 κοσμικὰ
2674 607 2940 675 ἐνεργεῖν.
2973 601 3132 655 Ἐπεὶ
3167 599 3223 652 δέ
3252 599 3300 650 οἱ
3337 597 3565 668 σήμερον
3596 613 3681 648 συ-

2124 703 2486 775 νηγοροῦντες
2514 699 2590 763 ὡς
2612 697 2919 769 ἐλευθέριόν
2948 712 3001 748 τι
3031 691 3356 760 σπούδασμα
3378 690 3436 740 τὸ
3472 703 3683 757 συνηγο-

2128 799 2239 868 ρεῖν
2286 794 2658 865 μετέρχονται,
2691 789 2814 843 οὐδὲ
2843 789 2892 842 οἱ
2916 780 3684 857 ίερωμένοιέμποδισθήσονται

2126 888 2469 957 συνηγορεῖν,
2497 883 2594 938 καὶ
2622 879 3054 942 κατασκευάζων
3075 877 3164 930 τὸν
3193 875 3388 929 οἰκεῖον
3419 871 3568 939 λόγον
3588 870 3686 923 ἐδι-

2125 979 2528 1049 καιολογήσατο
2559 975 2633 1046 μὴ
2669 975 2769 1044 τὴν
2793 972 3013 1045 πρᾶξιν,
3039 969 3175 1024 ἀλλὰ
3207 967 3297 1021 τὸν
3318 965 3514 1036 τρόπον
3535 963 3686 1047 Ικολὰ·

2128 1074 2311 1140 ζεσθαι
2361 1071 2513 1140 παρὰ
2565 1068 2674 1121 τῶν
2709 1067 2968 1121 κανόνων.
3002 1064 3076 1119 Ού
3137 1062 3286 1134 μόνοι
3305 1059 3412 1133 γὰρ
3437 1058 3686 1127 κληρικοὶ,

2127 1167 2264 1222 ἀλλὰ
2293 1168 2387 1220 καὶ
2411 1165 2701 1217 ἐπίσκοποι
2731 1160 2872 1230 ὑπὲρ
2898 1158 3066 1227 φίλων
3109 1152 3541 1223 ἀντιποιούμενοι
3570 1167 3688 1218 συγ-

2128 1259 2565 1330 γνωσθήσονται,
2612 1253 2706 1307 καὶ
2741 1253 2883 1323 ὑπὲρ
2912 1245 3375 1318 ἐκκλησιαστικῆς
3404 1241 3690 1301 ὑποθέσεως

2132 1350 2562 1421 συνηγοροῦντες
2582 1347 2684 1399 οὐκ
2709 1342 3186 1414 αἱσχυνθήσονται,
3211 1337 3286 1401 ὡς
3333 1334 3428 1389 καὶ
3474 1333 3606 1387 αύτὰ
3630 1331 3691 1384 τὰ

2130 1446 2338 1514 νόμιμα
2362 1441 2522 1496 τοῦτο
2545 1435 2914 1509 διατρανοῦσι.
2941 1433 3016 1485 Τὸ
3035 1431 3092 1484 δὲ
3125 1429 3492 1499 ωνηγορῆσαι
3523 1423 3692 1493 κληρι-

2136 1539 2232 1594 κὺν
2263 1537 2336 1600 ὡς
2371 1535 2422 1588 οἱ
2444 1530 2704 1603 κοσμικοὶ
2726 1527 3089 1598 όφφικιάλιοι,
3119 1523 3216 1578 καὶ
3260 1519 3512 1586 δέξασθαι
3541 1533 3696 1585 σφρα-

2133 1632 2258 1700 γῖδα
2294 1625 2504 1690 λαῖκοῦ,
2533 1625 2772 1694 μισεῖται
2797 1619 2896 1674 καὶ
2917 1617 3228 1682 κολάζεται.
3259 1616 3382 1668 Ὀτι
3427 1613 3482 1665 δὲ
3505 1611 3562 1664 τὸ
3587 1627 3695 1662 συν-

429 1753 610 1807 neque
649 1737 743 1806 qui
782 1735 837 1789 in
870 1731 1253 1789 controversia
1303 1728 1433 1802 [rei]
1472 1727 1865 1784 ecclesiasticae
1919 1739 2016 1795 pa-

2158 1723 2351 1796 ιγορεῖν
2389 1716 2646 1786 όφφίκιον
2682 1709 2750 1785 ἧν
2797 1729 2930 1765 ποτε
2974 1709 3262 1778 κοσμικόν,
3314 1703 3410 1759 καὶ
3441 1701 3699 1771 σιτηρέσια

432 1830 728 1885 trocinium
779 1833 1061 1897 praestant,
1108 1825 1446 1879 notabuntur
1494 1839 1508 1875 :
1559 1818 2018 1891 quemadmodum

432 1924 612 1993 ipsum
658 1923 822 1975 etiam
874 1919 966 1989 jus
996 1918 1100 1972 hoc
1143 1917 1420 1972 evidenter
1477 1915 1654 1970 docet.
1716 1912 1790 1968 Ut
1838 1920 2023 1967 autem

430 2015 688 2074 clericus,
717 2010 1176 2082 quemadmodum
1222 2008 1485 2064 mundani
1515 2007 1802 2070 olliciales,
1858 2007 2028 2062 advo-

433 2119 617 2160 calum
649 2113 792 2175 agat,
833 2111 888 2157 et
929 2103 998 2157 ab
1033 2100 1306 2173 [homine]
1337 2099 1565 2171 profano
1614 2100 1973 2155 conﬁrmetur
2006 2116 2019 2151 :

433 2197 687 2252 odiosum
716 2205 821 2259 est,
868 2205 1033 2264 atque
1063 2193 1313 2263 punitur.
1351 2191 1554 2248 Verum
1585 2191 1732 2262 quod
1779 2190 2025 2246 advocati

2129 1792 2436 1886 ἐλάμϐανον
2486 1805 2798 1880 δημοσιακὰ
2843 1806 2892 1858 oi
2923 1800 3247 1870 τεταγμένοι
3282 1798 3584 1867 συνήγοροι,
3619 1792 3702 1846 καὶ

2134 1910 2238 1965 ὑπὸ
2259 1905 2668 1978 πριμμικήριον
2687 1896 2830 1971 ἦσαν
2857 1897 3014 1968 δῆλόν
3049 1898 3163 1950 ἐστι
3201 1893 3312 1948 ἀπὸ
3349 1889 3570 1943 πολλῶν.
3605 1887 3701 1942 Καὶ

2136 1999 2411 2071 ἀνάγνωθι
2436 1997 2505 2050 τὰ
2530 1995 2820 2048 τελευταῖα
2836 2008 2962 2059 κεφ.
2997 1988 3092 2043 τοῦ
3112 1984 3159 2040 α’
3179 1986 3290 2040 τίτ.
3320 1983 3417 2037 τοῦ
3439 1981 3488 2052 η’
3518 1979 3701 2050 βιϐλίου

2130 2096 2240 2151 τῶν
2293 2089 2628 2153 Βασιλικῶν,
2658 2087 2754 2141 καὶ
2788 2085 2858 2138 τὰ
2893 2087 2950 2138 ἐν
2981 2081 3060 2154 τῷ
3102 2079 3291 2151 βιὸλίῳ
3343 2077 3438 2131 τοῦ
3484 2075 3701 2146 ἐπάρχου

2135 2187 2265 2258 περὶ
2295 2183 2612 2254 συνηγόρων
2670 2179 3110 2246 ἁναταττόμεναο
3162 2170 3583 2242 διαλαμϐάνουσι
3610 2166 3702 2235 γὰρ

436 2285 676 2340 oilicium
717 2258 1013 2354 aliquando
1061 2258 1401 2338 mundanum
1447 2258 1636 2347 fuerit,
1675 2292 1731 2337 et
1762 2281 2026 2338 ordinarii

2159 2281 2252 2344 οὺς
2291 2275 2626 2347 συνηγόρους
2676 2271 2932 2341 σύστημα
2981 2263 3143 2332 εἶναι,
3176 2265 3274 2318 xui.
3305 2264 3412 2316 ὑπὸ
3456 2261 3547 2315 τοῦ
3579 2258 3703 2312 κατὰ

433 2379 682 2433 advocati
736 2377 1118 2446 imperatorias
1153 2391 1388 2431 annonae
1428 2376 1726 2446 pensiones
1763 2376 2026 2446 ceperint,

2124 2371 2364 2442 καιροὺς
2404 2368 2648 2437 ἐπάρχου
2689 2359 3113 2432 σφραγίζεσθαι.
3167 2355 3354 2410 Ταῦτα
3407 2351 3571 2406 εἰπὼν
3623 2349 3706 2401 καὶ

435 2482 600 2539 atque
634 2468 738 2523 sub
771 2443 1101 2537 primiceriis
1149 2465 1356 2521 fuerint
1384 2484 1397 2520 :
1430 2443 1513 2538 [id
1546 2464 1698 2538 vero]
1728 2481 1795 2521 ex
1828 2443 2028 2520 multis

2158 2459 2492 2535 ςαραδεχθεὶς
2536 2454 2852 2526 ἐξεχωρήθη
2899 2452 2996 2507 καὶ
3036 2450 3190 2522 παρὰ
3237 2447 3336 2502 τοῦ
3387 2443 3704 2515 πατριάρχου

435 2572 678 2618 constat.
719 2561 863 2631 Lege
909 2570 1088 2615 autem
1123 2569 1463 2630 postremum
1518 2575 1640 2627 cap.
1678 2560 1763 2615 tit.
1823 2559 1873 2621 l,
1918 2559 2016 2612 lib.

2129 2555 2452 2626 συνηγορεῖν
2473 2551 2550 2615 ὡς
2571 2551 2668 2604 καὶ
2692 2549 2981 2619 πρότερον.

437 2669 535 2708 viu
586 2653 754 2708 Basil.
803 2628 863 2707 et
895 2668 1017 2723 quae
1062 2628 1140 2706 in_
1160 2651 1406 2723 praefecti
1478 2652 1618 2706 libro
1661 2651 1740 2704 De
1785 2649 2060 2704 advocatis
2131 2649 2340 2718 digesta
2393 2652 2543 2701 sunt.
2589 2641 2837 2696 Tradunt
2889 2639 3035 2694 enim
3088 2637 3388 2690 advocatos
3427 2628 3695 2700 collegium

437 2766 582 2816 esse,
626 2759 791 2819 atque
831 2750 1211 2819 cujuscunque
1253 2748 1516 2818 temporis
1584 2747 1842 2818 praefecto
1886 2747 2222 2802 coulirmari.
2276 2740 2497 2816 [Atque]
2533 2741 2650 2796 haec
2717 2734 2988 2811 [quidem]
3018 2749 3144 2791 cuin
3181 2733 3437 2792 dixisset,
3499 2726 3706 2796 applau-

439 2860 672 2914 sumque
702 2844 804 2914 ipsi
853 2852 1019 2909 esset,
1046 2845 1212 2899 etiam
1277 2859 1308 2898 a
1351 2843 1666 2914 patriarcha
1727 2843 1919 2916 [porro
1958 2841 2168 2914 causis]
2207 2837 2566 2912 patrocinari,
2608 2844 2703 2891 'ut
2730 2842 2890 2889 antea
2949 2829 3243 2904 [fecisset].
3290 2825 3616 2898 permissum
3643 2819 3708 2875 illi

437 2951 540 2996 CSI.

507 3053 970 3111 CAP.XIV.—-De
1001 3057 1258 3128 episcopis
1292 3067 1341 3113 et
1364 3057 1571 3112 clericis
1593 3100 1606 3124 ,
1626 3044 1727 3129 I'qui
1753 3038 2016 3113 ’ἆῖῖίῆἶὶἰὲ

2205 3051 2459 3112 ΚΕΦΛΛ.
2490 3057 2591 3109 lA’.
2625 3083 2696 3094 —-
2718 3050 2860 3120 Περὶ
2889 3048 3271 3111 ἐπισκόπων,
3305 3043 3406 3098 καὶ
3436 3033 3715 3108 κληρικῶν

441 3151 750 3206 mulieribus
776 3152 1103 3207 cohabitaut.

513 3266 744 3322 Coucilii
781 3263 986 3322 Nieaeni
1020 3281 1198 3321 canon
1229 3266 1262 3321 5
1291 3284 1305 3332 ;
1343 3266 1540 3321 concili
1571 3265 1708 3321 sexti
1742 3280 1918 3321 canon
1956 3265 2025 3332 5;

442 3359 659 3414 concilii
682 3357 889 3413 Nicaeni
916 3360 1140 3414 secundi
1164 3374 1341 3414 canon
1371 3358 1467 3424 18;
1501 3356 1685 3413 Basilii
1710 3374 1778 3412 ex
1804 3357 2036 3429 epistola

444 3453 511 3506 ad
538 3451 863 3524 Gregorium
904 3451 1252 3523 episcopum.

517 3544 738 3600 Terctus.
767 3544 957 3601 Const.
995 3544 1081 3610 19,
1114 3547 1196 3599 tit.
1219 3545 1273 3610 5,
1308 3544 1400 3599 lib.
1429 3560 1444 3598 ι
1513 3543 1640 3600 cod.
1677 3547 1796 3599 ait:
1829 3544 2028 3600 Sacer-

445 3641 618 3704 dotes,
652 3648 757 3694 etc.
807 3654 971 3709 usque
1011 3638 1080 3691 ad
1120 3653 1187 3693 ex
1233 3654 1390 3709 mque
1437 3639 1558 3695 illas
1595 3639 1935 3710 partiuntur,
1985 3649 2040 3692 ut

445 3751 570 3805 pag.
602 3732 727 3798 687,
766 3731 888 3786 690.

521 3825 814 3880 Scholium.
850 3823 1038 3879 Const.
1077 3823 1142 3878 l9
1165 3867 1178 3892 ,
1222 3825 1305 3879 tit.
1338 3825 1407 3890 5,
1437 3824 1534 3878 lib.
1568 3839 1586 3879 ι
1647 3824 1795 3888 cod.,
1824 3839 1930 3878 non
1961 3833 2046 3879 est

452 3922 628 3991 posita
656 3921 707 3973 in
737 3920 932 3984 Basil.,
968 3936 1144 3990 neque
1173 3921 1335 3976 etiam
1368 3931 1546 3976 const.
1587 3922 1639 3983 1,
1677 3923 1762 3975 tit.
1797 3921 1823 3974 1
1844 3921 2045 3974 Novel-

453 4017 650 4068 larum.
694 4011 886 4067 Const.
948 4029 1078 4067 vero
1136 4013 1172 4066 2
1254 4013 1502 4082 ejusdem
1559 4013 1644 4067 tit.
1697 4023 1781 4068 est
1833 4012 2046 4066 novella

451 4106 749 4161 Justiniani
782 4106 887 4162 125
914 4149 929 4173 ,
962 4105 1140 4177 posita
1174 4105 1319 4178 [qum
1346 4104 1454 4178 est]
1486 4105 1539 4160 in
1574 4106 1671 4160 lib.
1715 4120 1814 4172 ιιι,
1854 4107 1935 4160 tit.
1970 4106 1994 4158 1
2029 4144 2045 4169 ,

454 4216 578 4269 cap.
635 4199 740 4265 5-1,
799 4199 868 4255 55
910 4207 962 4254 et
1011 4199 1101 4254 56.
1135 4199 1268 4264 Quae
1301 4201 1481 4270 capita
1517 4199 1590 4252 ita
1619 4199 1859 4262 habent,
1897 4207 1956 4252 ut
1990 4197 2046 4252 in

460 4291 787 4361 compendio
811 4292 1092 4363 proposita
1116 4301 1262 4347 sunt.

2141 3152 2459 3206 συνόντων
2480 3145 2719 3218 γυναιξὶ
2747 3137 3203 3206 συνεισάκτοις.

2219 3259 2446 3313 Συνόδου
2476 3256 2712 3317 Νικαίας
2754 3250 2935 3305 κανὼν
2969 3247 3016 3318 Υ
3041 3265 3053 3277 ·
3092 3246 3314 3300 συνόδου
3337 3241 3389 3306 ς’
3446 3238 3618 3294 κανὼν
3651 3232 3711 3288 ε’·

2149 3352 2370 3406 συνόδου
2391 3350 2624 3412 Νικαίας
2656 3347 2715 3400 τὸ
2763 3344 2827 3416 β’,
2862 3341 3045 3397 κανὼν
3079 3337 3180 3411 ιη’⁶
3214 3333 3501 3391 Βασιλείου
3536 3335 3596 3385 ἐκ
3632 3330 3716 3397 τῆς

2150 3444 2285 3516 πρὸς
2314 3439 2614 3511 Γρηγόριον
2647 3434 2960 3504 ἐπιστολῆς.

2222 3537 2532 3606 Κείμενοιν.
2575 3531 2641 3584 Ἠ
2663 3529 2728 3584 ιθ’
2760 3529 2925 3592 διάτ.,
2955 3525 3050 3580 τοῦ
3085 3523 3133 3595 γ’
3171 3523 3280 3578 τίτ.
3317 3519 3412 3575 τοῦ
3437 3525 3507 3583 α’,
3531 3511 3716 3586 ιβ’,τοῦ

2151 3630 2384 3693 κώδικος
2407 3644 2594 3697 φησιν,
2629 3625 2710 3678 ὅτι
2749 3624 2799 3677 οἱ
2837 3623 3029 3692 ἱερεῖς,
3068 3637 3122 3672 κ.
3154 3635 3205 3670 τ.
3232 3617 3308 3678 λ.,
3362 3627 3537 3683 usque
3574 3607 3635 3662 ad
3669 3609 3720 3657 τδ

2157 3723 2517 3794 μοναστήριον
2546 3717 2604 3783 ἐξ
2628 3720 2752 3787 ῐσης
2774 3715 2912 3770 αὐτὰ
2939 3712 3274 3785 μερίζονται.

2225 3815 2504 3886 Σχόλιον.
2544 3811 2609 3866 Ἥ
2644 3810 2708 3863 ιθ¹
2745 3809 2886 3864 διάτ.
2929 3805 3022 3860 τοῦ
3051 3800 3097 3858 α’
3134 3803 3344 3874 βιϐλίου
3378 3798 3473 3854 τοῦ
3517 3795 3721 3855 κώδικος

2153 3915 2254 3966 οὐκ
2284 3909 2444 3978 ἐτέθη
2481 3910 2560 3971 εἰς
2591 3905 2660 3959 τὰ
2709 3901 3006 3967 Βασιλικὰέν
3041 3898 3155 3952 ἀλλ’
3184 3897 3306 3951 ούδέ
3332 3899 3365 3965 ἠ
3403 3893 3450 3949 α’
3470 3893 3602 3946 διὰτ.
3641 3883 3722 3940 τοῦ

2157 4005 2204 4060 α’
2238 4007 2345 4059 τίτ.
2367 4003 2475 4056 τῶν
2499 3998 2750 4070 Νεαρῶν.
2779 3996 2845 4049 Ἦ
2866 3996 2922 4048 δέ
2957 3991 3000 4064 β’
3026 3994 3166 4046 διὰτ.
3200 3989 3293 4043 τοῦ
3311 3986 3478 4042 αὐτοῦ
3506 3987 3606 4039 τίτ.
3627 3982 3725 4064 ἔστι

2155 4101 2346 4172 Νεαρᾶι
2374 4093 2805 4157 Ἰουσιεινιάνειος
2831 4090 2949 4162 ρκγ¹
2973 4090 3202 4159 κειμένη
3232 4089 3289 4139 ἐν
3322 4084 3512 4156 βιϐλίῳ
3541 4079 3607 4148 γ’,
3633 4076 3722 4129 τίτ.

2156 4205 2224 4260 α’,
2257 4213 2384 4264 κεφ.
2439 4193 2534 4259 νδ,
2567 4187 2658 4252 νε’,
2687 4185 2796 4254 νς’,
2831 4186 3000 4257 Ιὄιτινα
3049 4201 3177 4250 κειρ.
3217 4181 3394 4244 οὕτως
3434 4179 3636 4248 ἔχουσιν
3658 4171 3724 4231 ὡς

2158 4287 2596 4359 συνιυψὶσθησαν.

528 4404 682 4460 CAP.
733 4404 853 4460 XV.
894 4435 965 4446 —-
1001 4405 1275 4470 Quomodo
1306 4406 1598 4475 episcopos,
1653 4403 1904 4468 clericos,
1954 4416 2032 4453 aut

2228 4401 2482 4457 ΚΕΦΑΛ.
2507 4396 2607 4451 lE’.
2645 4425 2715 4436 —
2747 4394 2884 4459 Πῶς
2921 4392 3019 4446 δεῖ
3046 4389 3435 4453 ἐπισκόπους
3459 4386 3498 4452 ἢ
3545 4385 3729 4475 mino:-

461 4500 726 4555 castitatis
764 4511 881 4556 voto
911 4501 1192 4557 obstrictos
1216 4543 1230 4568 ,
1280 4501 1350 4556 ad
1378 4502 1623 4556 mulieres
1649 4500 1858 4571 ingredi
1900 4515 2056 4570 opor-

465 4605 594 4650 teat.

533 4709 767 4764 Coneilii
795 4708 1246 4781 Carthaginiensis
1267 4724 1443 4764 canon
1473 4709 1572 4775 '58;
1610 4707 1830 4763 concilii
1853 4706 2058 4762 Nicaani

466 4802 693 4857 secundi
726 4818 902 4858 canon
928 4803 1026 4859 22.

535 4916 690 4975 CAP.
721 4917 864 4973 XVI.
912 4918 1126 4984 -Quod
1180 4919 1403 4973 clericus
1440 4934 1557 4971 cum
1587 4916 1800 4987 nuptias
1837 4917 2064 4970 iter-ante

466 5020 559 5064 aut
616 5020 810 5081 prwter
859 5011 994 5082 leges
1044 5027 1264 5066 uxorem
1314 5012 1579 5075 ducente,
1644 5010 1907 5063 convivari
1961 5026 2063 5063 nou

466 5097 670 5152 debeat.

538 5213 769 5268 Concilii
831 5209 1289 5268 Neocaesariensis
1335 5228 1511 5268 canon
1547 5213 1578 5266 '7
1613 5211 1926 5279 ;Timothei
1963 5228 2058 5268 ca-

467 5323 575 5361 non
613 5307 698 5359 ll.

539 5421 691 5475 CAP.
721 5420 1051 5477 XVll.—Ne
1089 5422 1269 5477 clerici
1303 5423 1416 5478 sine
1467 5423 1722 5492 episcopis
1767 5423 1878 5477 suis
1913 5422 2071 5492 quid-

473 5531 633 5585 quam
665 5516 891 5582 faciant.

540 5609 926 5677 Apostolorum
963 5625 1139 5664 cauou
1207 5609 1319 5677 59;
1369 5608 1584 5664 concilii
1638 5606 1933 5663 Laodiceui
1977 5621 2070 5662 ca-

479 5716 588 5754 non
623 5700 713 5755 57.

2161 4496 2310 4562 ποὺς
2353 4493 2392 4562 ἢ
2451 4485 3026 4561 ἐγκρατευομένους,
3057 4480 3315 4538 εισιέναι
3344 4479 3495 4549 πρὸς
3539 4469 3726 4544 γυναῖ-

2162 4606 2294 4653 κας.

2236 4701 2465 4756 Συνὸδου
2492 4697 2860 4771 Καρθαγένης
2883 4691 3064 4747 κανὼν
3089 4689 3171 4763 λη’
3195 4708 3208 4721 ’
3251 4689 3472 4743 συνόδου
3520 4680 3730 4740 Νικαίας

2163 4796 2224 4848 τὸ
2255 4793 2319 4865 β’,
2347 4793 2525 4847 κανὼν
2557 4791 2662 4845 κδ’.

2237 4910 2490 4965 ΚΕΦΑΛ.
2530 4907 2645 4976 ις’.
2668 4906 2897 4975 -Περὶ
2931 4906 3036 4961 τοῦ
3063 4906 3148 4974 μὴ
3183 4902 3448 4972 ὀφείλειν
3469 4889 3733 4964 κληρικὸι·

2167 5002 2603 5062 συνεστιᾶσθαι
2627 5001 2708 5067 τῷ
2733 4998 3289 5069 δευτερογαμοῦντι,
3309 4995 3348 5062 ἢ
3389 4988 3731 5061 ,παρανόμως

2169 5097 2478 5170 γαμοῦντι.

2243 5209 2469 5264 Συνόόου
2519 5205 2964 5279 Νεοκαισαρείας
3003 5203 3186 5260 κανὼν
3222 5198 3267 5268 ζ’
3292 5218 3305 5231 ·
3353 5195 3611 5270 Τιμοθέου
3647 5205 3734 5242 κα-

2171 5306 2275 5360 νὼν
2307 5303 2395 5360 ια’.

2244 5421 2500 5476 ΚΕΦΛΛ,
2539 5416 2640 5472 1Ζ’.
2685 5449 2755 5458 --
2781 5417 2920 5485 Περὶ
2971 5416 3077 5471 τοῦ
3124 5414 3320 5484 μηδὲν
3374 5406 3568 5462 ποιεῖν
3612 5397 3736 5458 τοὺς

2175 5512 2504 5580 nummo-bc
2535 5511 2682 5564 ἄνευ
2717 5509 2835 5562 τῶν
2872 5510 3227 5562 ἐπισκόπων
3247 5502 3464 5557 αὐτῶν.

2261 5603 2605 5658 Ἀποστόλων
2636 5599 2815 5656 κανὼν
2849 5599 2924 5654 λθ¹
2958 5619 2970 5631 ·
3009 5598 3228 5654 συνόδου
3288 5589 3599 5651 Λαοδικείας
3650 5598 3733 5635 κα-

2179 5697 2288 5752 νὼν
2312 5693 2411 5760 νζ’.
