3916 6244
265 149 400 214 109ῗῖ

1276 153 1762 218 ΝΟΜΟΟΛΝΟΝ.
1800 182 1870 190 -
1907 157 2057 218 ΤΙΤ.
2103 159 2206 230 IX,
2249 160 2407 218 CAP.
2454 156 2523 220 l.'

3407 156 3543 220 1094

314 263 558 317 ΚΕΦΑΛ.
585 261 694 318 IH'.
727 294 795 304 —
823 264 964 330 Περὶ
1003 263 1110 317 τοῦ
1134 263 1224 332 μὴ
1249 263 1450 318 ποιεῖν
1501 265 1647 331 τούς
1678 269 1830 336 κλη-

2009 269 2162 324 CAP.
2189 268 2378 327 XVIII.
2402 299 2472 310 —
2498 270 2582 325 Ne
2617 270 2798 324 clerici
2836 285 2902 323 ex
2955 269 3346 324 contributionc
3385 287 3534 324 com-

239 357 445 427 ,οικοὺς
465 357 533 410 ἐκ
559 355 880 426 συμϐολῆς
915 356 1253 425 συμπόσια.

312 447 534 501 Συνόδου
564 445 894 508 Λαοδικείας
914 443 1094 499 κανὼν
1125 451 1220 500 νε⁹.

306 540 556 594 ΚΕΦΑΛ.
593 536 697 594 ΙΘ’.
721 568 795 580 —-
819 539 958 608 Περὶ
984 537 1091 606 τῆς
1117 539 1188 592 ἐκ
1211 539 1438 608 χρόνου
1468 538 1693 607 τάξεως
1713 539 1835 594 τῶν

1932 377 2090 414 mune
2118 362 2422 419 instituant.

2003 449 2234 505 Concilii
2269 450 2560 506 laodiceui
2592 467 2767 508 canon
2803 453 2890 506 55.

2005 541 2159 597 CAP.
2203 543 2542 598 XIX—Dc
2591 544 2846 599 diuturno
2888 547 3073 600 ordine
3128 547 3535 616 episcoporum,

243 635 608 697 ἐπισκόπων,
636 631 734 686 καί
757 630 884 698 πῶς
913 635 967 686 οἱ
1002 632 1275 700 κληρικοί
1312 631 1678 699 καθέζονται,
1733 633 1830 687 καί

1950 642 1983 686 ιι
2041 634 2302 702 quomodo
2345 634 2524 689 clerici
2571 636 2786 689 sedeant
2827 677 2842 700 ,
2887 648 2937 690 et
2981 654 3035 691 se
3077 637 3301 692 invicem
3367 638 3539 690 Itono-

244 723 491 795 τιμῶσιν
511 723 852 793 ἀλλήλους.

313 814 540 868 Συνόδου
566 814 802 879 Νικαίας
821 814 1002 870 κανὼν
1030 813 1099 886 ιη’
1121 830 1134 844 ·
1157 815 1374 869 συνόδου
1405 815 1727 879 Λαοδικείας
1760 814 1829 886 η’,

1941 737 2084 782 rant.

2009 819 2239 876 Coucilii
2305 818 2509 875 Nicaeni
2571 836 2745 876 canon
2799 823 2905 888 I8;
2964 824 3187 879 concilii
3237 823 3538 882 Laudiceni

244 906 327 973 νς⁹
354 926 369 939 ο
408 907 629 962 συνόδου
663 908 1058 982 Καρθαγέννης
1087 907 1272 964 κανὼν
1311 917 1437 976 σις’,
1459 911 1581 964 πθ¹³
1611 912 1830 966 συνόδου

1950 926 2110 967 :auou
2162 912 2195 966 8
2220 953 2235 977 ,
2278 913 2384 979 56;
2427 914 2645 970 concilii
2704 913 3148 988 Carthaginiensis
3190 932 3369 974 canon
3423 918 3532 986 86,

285 997 296 1018 '
451 999 464 1017 κ

246 1001 315 1067 ς’,
335 1001 515 1055 κανὼν
548 1001 616 1066 ξ’.

1935 1005 2004 1062 89
2037 1023 2054 1073 ;
2091 1007 2302 1062 concilii
2337 1008 2475 1063 sexti
2514 1023 2690 1063 canon
2721 1009 2776 1064 7.

1541 1341 1948 1429 ΤΙΤΛΟΣ
2038 1333 2178 1432 Θ’.

239 1533 404 1587 ΠΕΡΙ
491 1531 1046 1594 ΔΜΑΡΤΗΜΑΤΩΝ,
1105 1493 1244 1584 ’ΚΑΙ
1321 1498 1535 1582 ΔΪΚΩΝ
1605 1529 2034 1592 ΕΠΙΣΚΟΠΩΝ,
2107 1529 2228 1584 ΚΑΙ
2316 1529 2706 1594 ΚΛΗΡΙΚΩΝ,
2757 1530 2881 1582 ΚΑΙ
2939 1527 3362 1591 ΑΦΟΡΙΣΜΟΥ,
3411 1527 3536 1582 ΚΑΙ

444 1603 955 1670 ΚΛΘΑΙΡΕΣΕΩΣ,
1017 1600 1138 1656 ΚΑΙ
1187 1600 1632 1667 ΜΕΤΛΝΟΙΑΣ,
1697 1602 1820 1655 ΚΑΙ
1857 1602 2038 1684 ,ΠΟΙΑ
2114 1599 2602 1655 ΑΜΑΡἸῊΜΑΤΛ
2641 1600 3142 1654 ΗΣΧΕΙΡΟΘΕΣΙΑ
3169 1599 3354 1654 ΛΥΕΙ.

1407 1909 1880 2012 Τιτυιυς
1931 1933 2318 2015 NONUS.

239 2113 342 2174 DE
404 2112 772 2176 DELICTIS
808 2157 825 2186 ,
888 2111 1568 2175 ACCUSATIONIBUS
1604 2155 1620 2183 ,
1678 2071 2536 2174 EXéOMMUNICATIONE
2559 2153 2576 2180 ,
2610 2081 3178 2173 .DEPOSlTIONE
3209 2155 3225 2182 ,
3267 2109 3535 2174 POENI-

315 2195 616 2254 ΤΕΝΊῚΛ
663 2193 1220 2256 EPISCOPORUM
1264 2195 1363 2254 ET
1396 2192 1935 2268 CLERICORUM,
1970 2193 2066 2254 ΕΤ
2101 2191 2608 2254 CONJUSMODI
2654 2191 3020 2253 PECCATA
3061 2191 3452 2253 ORDINATI
3476 2193 3531 2254 Ο

319 2273 772 2334 REMITTAT.
1546 2322 1554 2348 ὲ
1587 2337 1624 2346 _.

2091 2327 2097 2342 ι
2115 2322 2165 2349 tr;
2213 2317 2272 2350 Ν·-

309 2587 711 2643 ΚΕΦΔΛΑΙΟΝ
776 2589 1089 2646 ΠΡΩΤΟΝ.
1146 2593 1246 2661 -1
1310 2593 1475 2660 Τίνες
1538 2594 1633 2647 καί
1683 2595 1830 2663 παρό

2019 2591 2178 2649 CAP.
2233 2589 2528 2648 PRIMUM.
2555 2619 2626 2631 —
2653 2591 2690 2644 Α
2717 2589 2906 2660 quibus
2923 2597 2972 2642 et
3001 2588 3142 2658 apud
3191 2604 3320 2660 quos
3368 2605 3533 2644 accu-

245 2683 362 2736 τισι
386 2682 838 2756 κατηγοροῦσιν
867 2684 1218 2739 ἐπισκόπων
1259 2685 1297 2754 ἢ
1331 2685 1656 2754 κληρικῶν.

321 2775 667 2828 Ἀποστὸλων
693 2775 873 2830 κανὼν
901 2775 973 2829 οδ¹
1001 2792 1015 2807 ·
1053 2778 1270 2831 συνόδου
1319 2778 1418 2847 τῆς
1450 2780 1508 2830 ἐν
1535 2780 1829 2832 Κωνσταν-

241 2871 546 2924 τινουπόλει
579 2871 761 2924 κανὼν
788 2870 842 2938 ς’
875 2886 890 2900 ⁶
926 2875 1146 2927 συνόδου
1181 2874 1540 2944 Χαλκηδόνος
1569 2876 1747 2930 κανὼν
1766 2876 1832 2942 0',
1877 2897 1882 2903 ·

244 2961 322 3015 κα¹
351 2979 366 2993 ·
399 2963 626 3018 συνόδου
657 2964 1052 3054 Καρθαγὲννης
1081 2968 1265 3020 κανὼν
1309 2974 1382 3034 η’,
1423 2965 1514 3032 ια’,
1543 2967 1630 3039 ιβ’,
1657 2968 1740 3024 ιε’.
1765 2968 1830 3039 λ’,

245 3063 380 3126 pur",
418 3054 543 3126 ρκθ¹
566 3072 580 3086 °
607 3057 876 3131 Κυρίλλου
908 3061 972 3113 ἐκ
997 3059 1096 3130 τῆς
1136 3059 1270 3131 πρὸς
1298 3060 1503 3133 Δόμνον
1536 3063 1830 3134 ἐπιστολῆς

243 3163 363 3216 κεφ.
392 3153 464 3202 α’.
1167 3177 1169 3180 ·

308 3241 888 3310 Κείμενον.Γενικῶς
929 3241 1060 3314 περὶ
1115 3243 1225 3297 τῶν
1279 3244 1641 3315 κωλυομένων
1697 3263 1838 3301 κατ-

1941 2695 2127 2739 sentur
2156 2684 2388 2754 episcopi
2420 2692 2511 2736 aut
2543 2680 2747 2736 clerici.

2008 2781 2394 2849 Apostolorum
2440 2793 2618 2834 canon
2665 2777 2766 2842 74;
2819 2775 3038 2853 concilii
3069 2775 3536 2846 Constantinopo-

1942 2874 2094 2928 litani
2146 2889 2324 2928 canon
2374 2872 2448 2939 6;
2509 2870 2727 2926 concilii
2772 2869 3240 2926 Chalcedonensis
3279 2885 3454 2924 canon
3485 2873 3537 2938 9,

1939 2967 2040 3031 21;
2071 2966 2289 3021 concilii
2313 2963 2763 3034 Carthaginensis
2794 2977 2968 3016 canon
2992 2963 3048 3024 8,
3082 2963 3141 3016 Il
3168 3003 3183 3028 ,
3216 2962 3535 3029 I2,15,50,

1943 3058 2082 3120 I28,
2140 3059 2285 3126 129;
2344 3057 2531 3130 Cyrilli
2607 3073 2674 3111 ex
2727 3056 2956 3127 epistola
3009 3055 3080 3110 ad
3127 3055 3401 3110 Domuum
3445 3069 3541 3110 ca-

2078 3152 2130 3206 1.

1981 3161 2039 3207 ut
2078 3161 2130 3206 1.

1941 3168 1976 3223 p
2013 3240 2591 3298 Textus.Geueraliter
2632 3241 2701 3296 de
2749 3239 2818 3295 iis
2861 3238 2955 3310 qui
3007 3240 3074 3294 de
3118 3219 3364 3310 publico,
3395 3247 3482 3294 etc
3511 3277 3528 3301 .

242 3333 454 3400 ηγορεῖν
479 3370 496 3396 ,
555 3347 611 3384 κ.
642 3348 692 3386 τ.
727 3331 780 3389 λ.
823 3347 999 3405 usque
1059 3336 1126 3391 ad
1169 3335 1247 3406 τῷ
1280 3336 1656 3409 ὑπερϐαίνοντι
1687 3341 1830 3410 ποσῷ

1950 3353 2100 3408 usque
2132 3336 2200 3390 ad
2223 3336 2610 3407 jusjurandum
2639 3343 2889 3400 caveant,
2931 3345 2989 3388 ut
3019 3351 3142 3405 pag.
3178 3333 3302 3399 707,
3336 3331 3462 3387 7I0.

240 3436 499 3479 ποιουσιν.

303 3516 584 3582 Σχόλιον.
624 3517 682 3570 Ὀ
712 3515 762 3570 α’
814 3517 919 3572 τίτ.
953 3517 1049 3572 τοῦ
1085 3517 1129 3573 θ’
1189 3520 1395 3591 βιϐλίου
1425 3524 1520 3576 τοῦ
1575 3523 1831 3590 κώδικος,

2011 3518 2304 3574 Scholium.
2339 3519 2448 3573 Tit.
2485 3520 2536 3580 I,
2569 3519 2666 3574 lib.
2697 3534 2754 3573 Ix
2825 3518 2950 3573 cod.
2985 3529 3070 3574 est
3095 3519 3189 3573 lib.
3217 3517 3384 3576 Basil.
3429 3537 3495 3574 ιι
3521 3561 3538 3588 ,

239 3607 348 3661 ἐστι
381 3608 596 3680 βιϐλίον
630 3609 738 3664 τῶν
768 3610 1077 3666 Βασιλικῶν
1105 3611 1169 3681 ξ’,
1197 3615 1301 3669 τίτ.
1327 3614 1420 3679 λδ’,
1451 3633 1574 3685 κεφ.
1613 3615 1719 3686 κγ’,
1741 3621 1830 3671 καὶ

1950 3612 2027 3665 Lit.
2064 3612 2166 3676 54,
2192 3627 2312 3681 cap.
2344 3611 2438 3666 23.
2490 3609 2555 3665 Et
2582 3620 2706 3680 post
2739 3611 2872 3666 illud
2909 3612 3086 3680 ipsum
3125 3627 3246 3681 cap.
3276 3622 3405 3668 sunt
3433 3614 3540 3668 alia

245 3700 375 3766 μετὰ
405 3701 468 3753 τὸ
499 3701 638 3754 αὐτὸ
658 3719 783 3770 κεφ.
811 3704 948 3756 εἰσὶν
976 3703 1141 3775 ἕτερα
1159 3723 1281 3772 nega.
1309 3707 1628 3762 διδάσκοντα
1676 3709 1825 3773 τίνες

242 3789 485 3845 δύνανται
519 3795 696 3846 κινεῖν
729 3797 1114 3866 ἐγκληματικὰ
1146 3798 1497 3869 δικαστήρια.
1543 3802 1638 3854 καὶ
1684 3803 1832 3866 τίνες

242 3885 297 3936 οὐ
346 3884 632 3939 δύνανται.
686 3889 754 3940 Ἀ
805 3892 900 3943 καὶ
945 3892 1243 3960 ἀνάγνωθι,
1281 3895 1308 3945 ὁ
1356 3891 1399 3962 β’
1437 3893 1540 3948 τίτ.
1603 3895 1695 3948 τοῦ
1739 3894 1832 3965 μη¹

1941 3720 2060 3771 cap.
2102 3721 2224 3775 qute
2268 3707 2502 3772 docent,
2551 3705 2774 3776 quinam
2825 3706 3040 3775 possint
3086 3710 3304 3760 movere
3365 3707 3543 3762 eccle-

1944 3799 2164 3853 siasuica
2213 3799 2450 3867 judicia,
2504 3809 2558 3854 et
2604 3799 2825 3869 quinam
2892 3799 3108 3868 possint
3159 3816 3172 3853 :
3219 3813 3342 3868 quae
3400 3799 3538 3869 lege.

1943 3888 2143 3954 Τιμῖ,
2180 3891 2272 3945 lib.
2300 3905 2465 3945 mnu
2497 3891 2612 3961 Dig.
2648 3899 2732 3946 est
2779 3891 2866 3944 lib.
2918 3907 3008 3954 ιι,
3036 3891 3121 3945 tit.
3175 3893 3276 3956 54,
3311 3891 3470 3961 cujus
3507 3892 3532 3946 Ι

243 3977 440 4046 βιϐλίου
482 3980 597 4032 τῶν
628 3983 768 4035 διατ.
797 3982 1144 4054 ἔστιβιϐλίον
1177 3983 1219 4050 ξ’
1261 3985 1368 4040 τίτ.
1398 3984 1492 4051 λδ’,
1528 3988 1620 4040 καὶ
1676 3988 1826 4058 ζήτει

1950 3999 2056 4052 :ap.
2086 3997 2303 4052 quaere,
2337 3992 2391 4036 et
2428 3981 2687 4051 deinceps
2722 3981 2881 4053 [alia]
2915 3983 3083 4036 multa
3113 4021 3128 4045 ,
3174 3997 3298 4052 quae
3329 3984 3394 4036 de
3425 3981 3537 4038 cri-

239 4072 294 4122 τδ
355 4078 424 4125 α’.
483 4073 680 4127 τούτου
743 4092 870 4144 κεφ.
924 4078 1017 4129 καὶ
1077 4077 1162 4148 ἐφ’
1215 4077 1344 4148 ἑξῆς
1400 4078 1635 4150 διάφορα
1696 4081 1828 4153 περὶ

237 4165 664 4236 ὲγκληματικῶν
697 4169 1040 4238 κατηγοριῶν
1095 4171 1434 4224 διδάσκοντα.
1483 4171 1546 4224 'H
1597 4170 1653 4236 ς’
1683 4172 1823 4226 διάτ.

238 4257 326 4308 τοῦ
354 4256 400 4311 α’
431 4259 644 4329 βιϐλίου
678 4259 771 4313 τοῦ
799 4260 1048 4326 κώδικος,
1073 4261 1188 4316 ἔστι
1229 4262 1339 4317 τῶν
1398 4263 1704 4319 Βασιλικῶν
1747 4265 1830 4336 βι-

239 4346 380 4402 ϐλίον
416 4348 480 4413 ε’,
535 4349 644 4404 τίτ.
699 4349 771 4413 α’,
798 4369 923 4420 κεφ.
965 4350 1018 4416 ς’
1071 4352 1244 4416 οὕτως
1303 4355 1447 4424 ἔχον,
1529 4355 1606 4419 ὡς
1646 4358 1724 4418 είς
1768 4356 1830 4409 τὸ

239 4440 487 4510 κείμενον
545 4444 785 4512 ἐγράφη.
821 4441 892 4496 Τὸ
938 4445 1114 4514 παρὸν
1174 4445 1231 4498 δὲ
1275 4463 1402 4516 κεφ.
1468 4446 1829 4517 διαλαμϐάνει

241 4534 385 4602 παρὰ
405 4535 554 4588 τίσιν
581 4535 884 4603 ὀφείλονται
939 4537 1231 4604 ἐνάγεσθαι
1272 4539 1433 4608 χάριν
1483 4539 1828 4608 ἐγκληματι-

239 4625 366 4690 κῶν,
425 4628 525 4680 καὶ
579 4629 937 4697 χρηματικῶν
989 4630 1320 4689 ὑποθέσεων.
1384 4631 1675 4684 ἐπίσκοποι
1735 4633 1832 4686 καὶ

240 4716 512 4786 κληρικοί.
572 4719 813 4771 Γίνωσκε
843 4719 899 4772 δὲ
920 4720 1141 4775 ὅτιὲστι
1175 4723 1362 4793 Νεαρὰ
1427 4724 1536 4777 τῶν
1589 4724 1830 4778 εὐσεϐῶν

242 4808 502 4878 βασιλέων
526 4813 946 4866 Κωνσταντίνου
969 4815 1064 4867 καὶ
1110 4815 1430 4885 Ἡρακλείου
1457 4816 1830 4888 διοριζομένη,

242 4901 375 4969 μήτε
407 4902 732 4967 ἐπίσκοπον,
763 4905 898 4974 μήτε
922 4903 1203 4975 κληρικὸν,
1235 4906 1372 4976 μήτε
1405 4908 1658 4978 μοναχὸν,
1693 4927 1832 4981 χρη-

243 4993 477 5064 ματικῆς
505 4993 540 5062 ἢ
575 4993 993 5065 ἐγκληματικῆς
1031 4996 1190 5068 χάριν
1244 4997 1426 5061 αἰτίας
1474 4999 1628 5069 παρὰ
1682 5001 1834 5052 πολι-

240 5085 372 5157 τικῷ
400 5087 434 5158 ἦ
471 5088 857 5161 στρατιωτικῷ
883 5090 1170 5157 ὲνάγεσθαι
1224 5091 1471 5163 ἄρχοντι,
1504 5093 1641 5146 ἀλλὰ
1681 5094 1834 5164 παρὰ

1931 4075 2226 4128 minalibus
2256 4075 2562 4129 actionibus
2585 4074 2805 4128 dooeut.
2834 4075 3071 4128 Constit.
3118 4073 3172 4133 6,
3202 4075 3284 4129 tit.
3306 4074 3361 4137 2,
3393 4073 3487 4128 lib.
3518 4081 3537 4121 ι

1937 4165 2062 4219 cod.
2097 4174 2182 4220 est
2215 4165 2509 4219 Basil.‘lib.
2539 4181 2592 4230 ν,
2625 4167 2706 4219 tit.
2731 4158 2930 4234 I,'cap.
2965 4165 2998 4218 6
3020 4205 3034 4229 ,
3069 4166 3216 4234 quod
3245 4169 3324 4219 sic
3353 4165 3536 4233 habet,

1933 4259 2400 4328 quemadmodum
2450 4258 2506 4312 in
2567 4268 2716 4312 textu
2775 4258 3043 4327 scriptum
3093 4268 3198 4313 est.
3259 4257 3534 4313 Ca‘terum

1935 4365 2174 4419 praesens
2203 4364 2324 4418 cap.
2359 4359 2586 4413 tractat,
2627 4349 2774 4419 apud
2811 4365 2951 4419 quos
2971 4347 3267 4404 conveniri
3298 4351 3542 4406 debeant

1933 4441 2002 4495 de
2036 4441 2420 4496 criminalihns
2466 4441 2913 4511 pecuniariisque
2965 4443 3360 4498 controversiis
3412 4445 3534 4514 epi-

1934 4536 2084 4606 scopi
2109 4547 2162 4590 et
2193 4537 2410 4591 clerici.
2456 4537 2613 4592 Scias
2651 4547 2834 4593 autem
2864 4554 2987 4593 esse
3012 4540 3281 4594 novellam
3315 4541 3532 4612 piorum

1938 4629 2335 4699 imperatorum
2378 4627 2610 4685 Heraclii
2649 4640 2704 4686 et
2733 4631 3117 4699 Constantini,
3147 4647 3270 4702 qua:
3299 4634 3490 4688 statuit
3516 4673 3532 4696 ,

1935 4739 2004 4777 ne
2033 4725 2349 4794 episcopus,
2385 4740 2562 4794 neque
2593 4725 2830 4782 clericus
2855 4770 2868 4793 ,
2901 4741 3080 4795 neque
3114 4726 3423 4780 monachus
3462 4726 3534 4780 ob

1935 4815 2310 4884 pecuniariam
2371 4817 2786 4874 criminalemve
2836 4834 3063 4873 causam
3119 4817 3262 4888 apud
3314 4817 3531 4871 civilem

1939 4909 2020 4963 vel
2057 4909 2348 4964 militarem
2381 4913 2746 4966 conveniatur
2776 4913 3155 4982 magistratum
3191 4927 3203 4963 :
3249 4912 3342 4966 sed
3387 4913 3531 4982 apud

1939 5017 2072 5056 suos
2110 5001 2401 5072 episcopos
2427 5003 2731 5070 duntaxat,
2775 5012 2870 5058 aut
2903 5003 3358 5074 mctropolitanos
3383 5044 3397 5069 ,
3435 5013 3533 5058 aut

1937 5093 2304 5163 patriarchas.
2337 5095 2538 5150 Eadem
2573 5096 2739 5150 etiam
2781 5097 2978 5151 statuit
3005 5111 3173 5149 aurea
3215 5095 3360 5149 bulla
3392 5097 3536 5152 cele-

246 5179 425 5248 μόνοις
483 5184 602 5244 τοῖς
653 5182 806 5246 ἰδίοις
858 5183 1265 5255 ὲπισκόποις,ἢ
1316 5185 1742 5255 μητροπολίταις
1797 5187 1830 5258 ἢ

1950 5187 2160 5241 berrimi
2205 5187 2549 5257 imperatoris
2585 5189 2770 5243 domui
2801 5189 2976 5244 Alexii
3009 5189 3276 5244 Comueni
3303 5191 3526 5261 vulgata

241 5272 636 5345 πατριάρχαις,
676 5274 744 5327 τὰ
791 5275 931 5328 αὐτὰ
960 5274 1256 5347 διορίζεται
1284 5277 1378 5330 καλ⁷
1435 5278 1495 5329 τὸ
1549 5279 1690 5347 μετὰ
1735 5279 1828 5332 τὸν

1950 5293 2130 5334 mense
2158 5276 2323 5343 Julio,
2363 5280 2660 5335 indictione.
2691 5282 2744 5344 4,
2781 5297 2924 5336 anno
2962 5280 3064 5353 {ab
3098 5281 3233 5336 orbe
3275 5282 3532 5356 condito]

244 5359 464 5416 Ἰούλιον
519 5363 665 5432 μῆνα
726 5365 825 5432 τῆς
859 5366 922 5430 δ,
957 5365 1270 5430 ίνδικτιόνος
1321 5365 1415 5418 τοῦ
1468 5365 1623 5437 σφηθ⁹
1681 5367 1830 5432 ἔτους

1950 5373 2106 5437 6589,
2141 5389 2263 5444 qua:
2291 5374 2405 5428 haec
2430 5373 2485 5427 in
2519 5374 2634 5427 haac
2657 5373 2819 5427 verba
2848 5375 3029 5427 addit:
3067 5372 3122 5426 Si
3155 5390 3283 5429 vero
3313 5375 3535 5444 partitio

245 5451 510 5507 ἀπολυῦὲν
534 5455 927 5524 χρυσόϐουλλον
951 5456 1047 5511 τοῦ
1083 5457 1330 5526 ἀοιδίμου
1355 5458 1621 5527 βασιλέως
1641 5460 1830 5530 κυρίου

1950 5466 2087 5519 inter
2114 5465 2464 5520 adversarios
2495 5465 2683 5530 fuerit,
2711 5475 2764 5518 et
2792 5466 3024 5520 altermn
3059 5465 3320 5521 unmdani
3355 5477 3534 5524 status

245 5546 477 5612 Ἀλεξίου
510 5547 608 5601 τοῦ
647 5549 933 5620 Κομνηνοῦ
1000 5549 1430 5620 προστιθέμενον
1491 5549 1667 5604 ταῦτα
1727 5554 1830 5621 ρηε

1950 5571 2069 5610 esse
2099 5566 2358 5626 appareat
2379 5595 2393 5620 ,
2422 5557 2562 5610 alter
2587 5558 2638 5610 in
2673 5571 2890 5610 sacrum
2925 5558 3132 5612 clerum
3163 5559 3395 5614 allectus
3418 5560 3490 5614 sit
3515 5577 3531 5614 :

246 5638 368 5702 τῶς.
411 5639 552 5692 stas
590 5641 854 5712 μερισμὸς
877 5644 936 5698 ἐν
961 5644 1077 5706 τοῖς
1121 5641 1545 5714 διαμαχομένοις
1568 5643 1706 5709 ἐστὶ,
1742 5645 1830 5698 καὶ

1950 5646 2126 5720 [tunc]
2152 5657 2306 5704 actor
2335 5646 2456 5702 foro
2487 5649 2562 5703 rei
2593 5663 2688 5719 per
2721 5649 2904 5704 omnia
2937 5651 3280 5722 subjacebit,
3304 5661 3358 5708 et
3384 5660 3534 5707 uter-
