  <div class='ocr_page' id='page_1' title='image "/cluster/home/n/w/nwhite01/storage/ocr_20150623/104 pt.4/mdp.39015061931229/557.png"; bbox 0 0 3916 6244; ppageno 0'>
   <div class='ocr_carea' id='block_1_1' title="bbox 418 145 628 231">
    <p class='ocr_par' dir='ltr' id='par_1_1' title="bbox 418 145 628 231">
     <span class='ocr_line' id='line_1_1' title="bbox 418 145 628 231; baseline 0 -1"><span class='ocrx_word' id='word_1_1' title='bbox 418 165 556 231; x_wconf 78' lang='lat'><strong>1095</strong></span> <span class='ocrx_word' id='word_1_2' title='bbox 615 145 628 159; x_wconf 89' lang='lat'><strong>&#39;</strong></span> 
     </span>
    </p>
   </div>
   <div class='ocr_carea' id='block_1_2' title="bbox 1635 162 2601 226">
    <p class='ocr_par' dir='ltr' id='par_1_2' title="bbox 1635 162 2601 226">
     <span class='ocr_line' id='line_1_2' title="bbox 1635 162 2601 226; baseline -0.002 -2"><span class='ocrx_word' id='word_1_3' title='bbox 1635 163 1903 226; x_wconf 86' lang='grc' dir='ltr'><strong>ΡΗΟΤΙΙ</strong></span> <span class='ocrx_word' id='word_1_4' title='bbox 1943 162 2454 225; x_wconf 75' lang='lat' dir='ltr'><strong>PATRIARCII/E</strong></span> <span class='ocrx_word' id='word_1_5' title='bbox 2492 163 2601 223; x_wconf 74' lang='grc' dir='ltr'><strong>ΕΡ.</strong></span> 
     </span>
    </p>
   </div>
   <div class='ocr_carea' id='block_1_3' title="bbox 3542 165 3654 232">
    <p class='ocr_par' dir='ltr' id='par_1_3' title="bbox 3542 165 3654 232">
     <span class='ocr_line' id='line_1_3' title="bbox 3542 165 3654 232; baseline 0.036 -4"><span class='ocrx_word' id='word_1_6' title='bbox 3542 165 3654 232; x_wconf 85' lang='lat'><strong>1096</strong></span> 
     </span>
    </p>
   </div>
   <div class='ocr_carea' id='block_1_4' title="bbox 413 273 1994 350">
    <p class='ocr_par' dir='ltr' id='par_1_4' title="bbox 413 274 1994 348">
     <span class='ocr_line' id='line_1_4' title="bbox 413 274 1994 348; baseline -0.003 -16"><span class='ocrx_word' id='word_1_7' title='bbox 413 293 521 348; x_wconf 89' lang='lat' dir='ltr'><strong>que</strong></span> <span class='ocrx_word' id='word_1_8' title='bbox 549 277 614 331; x_wconf 91' lang='lat' dir='ltr'><strong>ad</strong></span> <span class='ocrx_word' id='word_1_9' title='bbox 644 284 960 346; x_wconf 81' lang='lat' dir='ltr'><strong>competens</strong></span> <span class='ocrx_word' id='word_1_10' title='bbox 995 275 1259 344; x_wconf 85' lang='lat' dir='ltr'><strong>judicium</strong></span> <span class='ocrx_word' id='word_1_11' title='bbox 1291 274 1464 330; x_wconf 87' lang='lat' dir='ltr'><strong>abibit</strong></span> <span class='ocrx_word' id='word_1_12' title='bbox 1493 291 1506 326; x_wconf 90' lang='lat'>:</span> <span class='ocrx_word' id='word_1_13' title='bbox 1551 275 1656 329; x_wconf 84' lang='lat' dir='ltr'><strong>nisi</strong></span> <span class='ocrx_word' id='word_1_14' title='bbox 1695 276 1738 329; x_wconf 88' lang='lat' dir='ltr'><strong>si</strong></span> <span class='ocrx_word' id='word_1_15' title='bbox 1773 275 1994 345; x_wconf 82' lang='lat' dir='ltr'><strong>quando</strong></span> 
     </span>
    </p>
   </div>
   <div class='ocr_carea' id='block_1_5' title="bbox 2108 273 3658 350">
    <p class='ocr_par' dir='ltr' id='par_1_5' title="bbox 2108 273 3658 350">
     <span class='ocr_line' id='line_1_5' title="bbox 2108 273 3658 350; baseline 0.003 -21"><span class='ocrx_word' id='word_1_16' title='bbox 2108 278 2132 328; x_wconf 80' lang='grc' dir='ltr'>ὁ</span> <span class='ocrx_word' id='word_1_17' title='bbox 2161 275 2259 345; x_wconf 82' lang='grc' dir='ltr'>μὲν</span> <span class='ocrx_word' id='word_1_18' title='bbox 2288 277 2389 346; x_wconf 79' lang='grc' dir='ltr'>τῆς</span> <span class='ocrx_word' id='word_1_19' title='bbox 2411 275 2684 344; x_wconf 79' lang='grc' dir='ltr'><strong>κοσμικῆς</strong></span> <span class='ocrx_word' id='word_1_20' title='bbox 2707 273 2954 340; x_wconf 83' lang='grc' dir='ltr'>φαίνεται</span> <span class='ocrx_word' id='word_1_21' title='bbox 2999 273 3409 338; x_wconf 78' lang='grc' dir='ltr'><strong>καταστάσεως,</strong></span> <span class='ocrx_word' id='word_1_22' title='bbox 3454 278 3480 329; x_wconf 83' lang='grc' dir='ltr'><strong>ό</strong></span> <span class='ocrx_word' id='word_1_23' title='bbox 3500 277 3549 332; x_wconf 74' lang='grc' dir='ltr'>δὲ</span> <span class='ocrx_word' id='word_1_24' title='bbox 3590 282 3658 350; x_wconf 80' lang='grc' dir='ltr'>τῷ</span> 
     </span>
    </p>
   </div>
   <div class='ocr_carea' id='block_1_6' title="bbox 414 363 2003 435">
    <p class='ocr_par' dir='ltr' id='par_1_6' title="bbox 414 363 2003 435">
     <span class='ocr_line' id='line_1_6' title="bbox 414 363 2003 435; baseline -0.003 -13"><span class='ocrx_word' id='word_1_25' title='bbox 414 366 654 422; x_wconf 79' lang='lat' dir='ltr'><strong>tribunal</strong></span> <span class='ocrx_word' id='word_1_26' title='bbox 687 365 1098 435; x_wconf 86' lang='lat' dir='ltr'><strong>imperatorium</strong></span> <span class='ocrx_word' id='word_1_27' title='bbox 1133 365 1334 434; x_wconf 83' lang='lat' dir='ltr'>aliquis</span> <span class='ocrx_word' id='word_1_28' title='bbox 1365 365 1633 434; x_wconf 74' lang='lat' dir='ltr'><strong>requiret.</strong></span> <span class='ocrx_word' id='word_1_29' title='bbox 1663 363 1820 419; x_wconf 91' lang='lat' dir='ltr'><strong>Tunc</strong></span> <span class='ocrx_word' id='word_1_30' title='bbox 1853 365 2003 419; x_wconf 90' lang='lat' dir='ltr'><strong>enim</strong></span> 
     </span>
    </p>
   </div>
   <div class='ocr_carea' id='block_1_7' title="bbox 413 456 1999 528">
    <p class='ocr_par' dir='ltr' id='par_1_7' title="bbox 413 456 1999 528">
     <span class='ocr_line' id='line_1_7' title="bbox 413 456 1999 528; baseline -0.003 -13"><span class='ocrx_word' id='word_1_31' title='bbox 413 459 673 515; x_wconf 90' lang='lat' dir='ltr'><strong>omnibus</strong></span> <span class='ocrx_word' id='word_1_32' title='bbox 725 457 1069 514; x_wconf 87' lang='lat' dir='ltr'><strong>cessantibus</strong></span> <span class='ocrx_word' id='word_1_33' title='bbox 1120 457 1474 528; x_wconf 88' lang='lat' dir='ltr'><strong>imperatoria</strong></span> <span class='ocrx_word' id='word_1_34' title='bbox 1526 457 1790 527; x_wconf 87' lang='lat' dir='ltr'><strong>majestas</strong></span> <span class='ocrx_word' id='word_1_35' title='bbox 1850 456 1999 511; x_wconf 80' lang='lat' dir='ltr'><strong>litem</strong></span> 
     </span>
    </p>
   </div>
   <div class='ocr_carea' id='block_1_8' title="bbox 413 548 2054 634">
    <p class='ocr_par' dir='ltr' id='par_1_8' title="bbox 413 548 2054 634">
     <span class='ocr_line' id='line_1_8' title="bbox 413 548 2054 634; baseline -0.004 -26"><span class='ocrx_word' id='word_1_36' title='bbox 413 551 762 624; x_wconf 83' lang='lat' dir='ltr'><strong>dijudicabit,</strong></span> <span class='ocrx_word' id='word_1_37' title='bbox 795 559 850 606; x_wconf 84' lang='lat' dir='ltr'><strong>et</strong></span> <span class='ocrx_word' id='word_1_38' title='bbox 873 549 1087 606; x_wconf 90' lang='lat' dir='ltr'><strong>decidet</strong></span> <span class='ocrx_word' id='word_1_39' title='bbox 1120 549 1571 605; x_wconf 88' lang='lat' dir='ltr'><strong>controversiam.</strong></span> <span class='ocrx_word' id='word_1_40' title='bbox 1603 550 1801 604; x_wconf 84' lang='lat' dir='ltr'><strong>Verum</strong></span> <span class='ocrx_word' id='word_1_41' title='bbox 1838 548 2004 619; x_wconf 86' lang='lat' dir='ltr'>hujus</span> <span class='ocrx_word' id='word_1_42' title='bbox 2049 629 2054 634; x_wconf 11' lang='grc' dir='ltr'>ὴ</span> 
     </span>
    </p>
   </div>
   <div class='ocr_carea' id='block_1_9' title="bbox 411 643 2005 715">
    <p class='ocr_par' dir='ltr' id='par_1_9' title="bbox 411 643 2005 715">
     <span class='ocr_line' id='line_1_9' title="bbox 411 643 2005 715; baseline -0.003 -14"><span class='ocrx_word' id='word_1_43' title='bbox 411 661 594 701; x_wconf 65' lang='lat' dir='ltr'><strong>aurea:</strong></span> <span class='ocrx_word' id='word_1_44' title='bbox 618 646 778 700; x_wconf 81' lang='lat' dir='ltr'><strong>bullae</strong></span> <span class='ocrx_word' id='word_1_45' title='bbox 800 655 1170 715; x_wconf 73' lang='lat' dir='ltr'><strong>segmentum,</strong></span> <span class='ocrx_word' id='word_1_46' title='bbox 1195 643 1343 712; x_wconf 92' lang='lat' dir='ltr'><strong>quod</strong></span> <span class='ocrx_word' id='word_1_47' title='bbox 1366 644 1576 709; x_wconf 82' lang='lat' dir='ltr'><strong>statuit,</strong></span> <span class='ocrx_word' id='word_1_48' title='bbox 1598 651 1658 697; x_wconf 91' lang='lat' dir='ltr'><strong>ut</strong></span> <span class='ocrx_word' id='word_1_49' title='bbox 1683 643 2005 713; x_wconf 87' lang='lat' dir='ltr'><strong>quicunque</strong></span> 
     </span>
    </p>
   </div>
   <div class='ocr_carea' id='block_1_10' title="bbox 413 734 1999 808">
    <p class='ocr_par' dir='ltr' id='par_1_10' title="bbox 413 734 1999 808">
     <span class='ocr_line' id='line_1_10' title="bbox 413 734 1999 808; baseline -0.003 -16"><span class='ocrx_word' id='word_1_50' title='bbox 413 739 480 792; x_wconf 85' lang='lat' dir='ltr'><strong>ad</strong></span> <span class='ocrx_word' id='word_1_51' title='bbox 505 740 888 808; x_wconf 83' lang='lat' dir='ltr'><strong>qualecunque</strong></span> <span class='ocrx_word' id='word_1_52' title='bbox 918 738 1160 792; x_wconf 85' lang='lat' dir='ltr'><strong>tribunal</strong></span> <span class='ocrx_word' id='word_1_53' title='bbox 1189 737 1480 791; x_wconf 89' lang='lat' dir='ltr'><strong>trahuntur</strong></span> <span class='ocrx_word' id='word_1_54' title='bbox 1507 777 1521 802; x_wconf 93' lang='lat'><strong>,</strong></span> <span class='ocrx_word' id='word_1_55' title='bbox 1576 736 1622 792; x_wconf 91' lang='lat' dir='ltr'><strong>si</strong></span> <span class='ocrx_word' id='word_1_56' title='bbox 1655 734 1999 806; x_wconf 85' lang='lat' dir='ltr'><strong>imperatorii</strong></span> 
     </span>
    </p>
   </div>
   <div class='ocr_carea' id='block_1_11' title="bbox 412 827 2002 898">
    <p class='ocr_par' dir='ltr' id='par_1_11' title="bbox 412 827 2002 898">
     <span class='ocr_line' id='line_1_11' title="bbox 412 827 2002 898; baseline 0 -16"><span class='ocrx_word' id='word_1_57' title='bbox 412 829 704 884; x_wconf 87' lang='lat' dir='ltr'><strong>tribunalis</strong></span> <span class='ocrx_word' id='word_1_58' title='bbox 741 828 1080 883; x_wconf 88' lang='lat' dir='ltr'><strong>auditorium</strong></span> <span class='ocrx_word' id='word_1_59' title='bbox 1121 828 1442 898; x_wconf 87' lang='lat' dir='ltr'><strong>requirant,</strong></span> <span class='ocrx_word' id='word_1_60' title='bbox 1485 828 1891 884; x_wconf 87' lang='lat' dir='ltr'><strong>admittantur:</strong></span> <span class='ocrx_word' id='word_1_61' title='bbox 1929 827 2002 882; x_wconf 89' lang='lat' dir='ltr'><strong>ir-</strong></span> 
     </span>
    </p>
   </div>
   <div class='ocr_carea' id='block_1_12' title="bbox 412 921 2000 992">
    <p class='ocr_par' dir='ltr' id='par_1_12' title="bbox 412 921 2000 992">
     <span class='ocr_line' id='line_1_12' title="bbox 412 921 2000 992; baseline -0.001 -15"><span class='ocrx_word' id='word_1_62' title='bbox 412 923 577 977; x_wconf 90' lang='lat' dir='ltr'><strong>ritum</strong></span> <span class='ocrx_word' id='word_1_63' title='bbox 613 922 818 976; x_wconf 85' lang='lat' dir='ltr'><strong>factum</strong></span> <span class='ocrx_word' id='word_1_64' title='bbox 863 929 948 976; x_wconf 87' lang='lat' dir='ltr'><strong>est</strong></span> <span class='ocrx_word' id='word_1_65' title='bbox 995 936 1062 976; x_wconf 86' lang='lat' dir='ltr'><strong>ex</strong></span> <span class='ocrx_word' id='word_1_66' title='bbox 1119 921 1425 992; x_wconf 82' lang='lat' dir='ltr'><strong>posteriore</strong></span> <span class='ocrx_word' id='word_1_67' title='bbox 1471 921 1720 990; x_wconf 79' lang='lat' dir='ltr'><strong>iussione</strong></span> <span class='ocrx_word' id='word_1_68' title='bbox 1754 921 2000 992; x_wconf 89' lang='lat' dir='ltr'><strong>ejusdem</strong></span> 
     </span>
    </p>
   </div>
   <div class='ocr_carea' id='block_1_13' title="bbox 411 1014 2005 1087">
    <p class='ocr_par' dir='ltr' id='par_1_13' title="bbox 411 1014 2005 1087">
     <span class='ocr_line' id='line_1_13' title="bbox 411 1014 2005 1087; baseline 0 -16"><span class='ocrx_word' id='word_1_69' title='bbox 411 1015 761 1087; x_wconf 85' lang='lat' dir='ltr'><strong>imperatoris</strong></span> <span class='ocrx_word' id='word_1_70' title='bbox 799 1015 986 1070; x_wconf 91' lang='lat' dir='ltr'><strong>domui</strong></span> <span class='ocrx_word' id='word_1_71' title='bbox 1037 1014 1214 1070; x_wconf 81' lang='lat' dir='ltr'><strong>Alexii</strong></span> <span class='ocrx_word' id='word_1_72' title='bbox 1240 1015 1509 1069; x_wconf 88' lang='lat' dir='ltr'><strong>Comneni</strong></span> <span class='ocrx_word' id='word_1_73' title='bbox 1535 1056 1550 1078; x_wconf 88' lang='lat'><strong>,</strong></span> <span class='ocrx_word' id='word_1_74' title='bbox 1595 1031 1718 1083; x_wconf 61' lang='lat' dir='ltr'><strong>qua:</strong></span> <span class='ocrx_word' id='word_1_75' title='bbox 1754 1016 2005 1085; x_wconf 75' lang='lat' dir='ltr'><strong>evulgato</strong></span> 
     </span>
    </p>
   </div>
   <div class='ocr_carea' id='block_1_14' title="bbox 412 1106 2002 1177">
    <p class='ocr_par' dir='ltr' id='par_1_14' title="bbox 412 1106 2002 1177">
     <span class='ocr_line' id='line_1_14' title="bbox 412 1106 2002 1177; baseline 0 -14"><span class='ocrx_word' id='word_1_76' title='bbox 412 1120 497 1164; x_wconf 89' lang='lat' dir='ltr'><strong>est</strong></span> <span class='ocrx_word' id='word_1_77' title='bbox 525 1124 713 1164; x_wconf 87' lang='lat' dir='ltr'><strong>mense</strong></span> <span class='ocrx_word' id='word_1_78' title='bbox 737 1106 879 1162; x_wconf 85' lang='lat' dir='ltr'><strong>Maio</strong></span> <span class='ocrx_word' id='word_1_79' title='bbox 901 1148 916 1174; x_wconf 94' lang='lat'><strong>,</strong></span> <span class='ocrx_word' id='word_1_80' title='bbox 946 1108 1243 1164; x_wconf 91' lang='lat' dir='ltr'><strong>indictione</strong></span> <span class='ocrx_word' id='word_1_81' title='bbox 1271 1108 1325 1170; x_wconf 81' lang='grc'>5,</span> <span class='ocrx_word' id='word_1_82' title='bbox 1361 1115 1415 1161; x_wconf 90' lang='lat' dir='ltr'><strong>et</strong></span> <span class='ocrx_word' id='word_1_83' title='bbox 1443 1109 1634 1161; x_wconf 87' lang='lat' dir='ltr'><strong>statuit</strong></span> <span class='ocrx_word' id='word_1_84' title='bbox 1661 1117 1784 1174; x_wconf 86' lang='lat' dir='ltr'><strong>post</strong></span> <span class='ocrx_word' id='word_1_85' title='bbox 1815 1123 2002 1177; x_wconf 72' lang='lat' dir='ltr'><strong>prooe-</strong></span> 
     </span>
    </p>
   </div>
   <div class='ocr_carea' id='block_1_15' title="bbox 412 1199 2004 1270">
    <p class='ocr_par' dir='ltr' id='par_1_15' title="bbox 412 1199 2004 1270">
     <span class='ocr_line' id='line_1_15' title="bbox 412 1199 2004 1270; baseline -0.003 -12"><span class='ocrx_word' id='word_1_86' title='bbox 412 1203 581 1258; x_wconf 88' lang='lat' dir='ltr'><strong>mium</strong></span> <span class='ocrx_word' id='word_1_87' title='bbox 612 1204 760 1268; x_wconf 70' lang='lat' dir='ltr'><strong>heec,</strong></span> <span class='ocrx_word' id='word_1_88' title='bbox 787 1203 838 1255; x_wconf 94' lang='lat' dir='ltr'><strong>in</strong></span> <span class='ocrx_word' id='word_1_89' title='bbox 875 1203 989 1257; x_wconf 75' lang='lat' dir='ltr'><strong>lizec</strong></span> <span class='ocrx_word' id='word_1_90' title='bbox 1024 1205 1191 1255; x_wconf 82' lang='lat' dir='ltr'><strong>verba</strong></span> <span class='ocrx_word' id='word_1_91' title='bbox 1221 1217 1236 1254; x_wconf 90' lang='lat'><strong>:</strong></span> <span class='ocrx_word' id='word_1_92' title='bbox 1274 1199 1593 1254; x_wconf 68' lang='lat' dir='ltr'><strong>Praescribit</strong></span> <span class='ocrx_word' id='word_1_93' title='bbox 1622 1200 1789 1270; x_wconf 82' lang='lat' dir='ltr'><strong>igitur</strong></span> <span class='ocrx_word' id='word_1_94' title='bbox 1825 1201 2004 1255; x_wconf 92' lang='lat' dir='ltr'><strong>omni-</strong></span> 
     </span>
    </p>
   </div>
   <div class='ocr_carea' id='block_1_16' title="bbox 411 1294 2003 1365">
    <p class='ocr_par' dir='ltr' id='par_1_16' title="bbox 411 1294 2003 1365">
     <span class='ocr_line' id='line_1_16' title="bbox 411 1294 2003 1365; baseline 0 -16"><span class='ocrx_word' id='word_1_95' title='bbox 411 1297 515 1350; x_wconf 77' lang='lat' dir='ltr'><strong>bus</strong></span> <span class='ocrx_word' id='word_1_96' title='bbox 549 1297 704 1350; x_wconf 82' lang='lat' dir='ltr'><strong>vobis</strong></span> <span class='ocrx_word' id='word_1_97' title='bbox 725 1335 740 1359; x_wconf 89' lang='lat'><strong>,</strong></span> <span class='ocrx_word' id='word_1_98' title='bbox 781 1296 872 1365; x_wconf 91' lang='lat' dir='ltr'><strong>qui</strong></span> <span class='ocrx_word' id='word_1_99' title='bbox 909 1295 1131 1365; x_wconf 88' lang='lat' dir='ltr'><strong>judiciis</strong></span> <span class='ocrx_word' id='word_1_100' title='bbox 1161 1295 1406 1364; x_wconf 73' lang='lat' dir='ltr'><strong>praeestis</strong></span> <span class='ocrx_word' id='word_1_101' title='bbox 1434 1335 1448 1359; x_wconf 91' lang='lat'><strong>,</strong></span> <span class='ocrx_word' id='word_1_102' title='bbox 1501 1294 1850 1363; x_wconf 86' lang='lat' dir='ltr'><strong>imperatoria</strong></span> <span class='ocrx_word' id='word_1_103' title='bbox 1882 1311 2003 1349; x_wconf 90' lang='lat' dir='ltr'><strong>mea</strong></span> 
     </span>
    </p>
   </div>
   <div class='ocr_carea' id='block_1_17' title="bbox 411 1386 2005 1458">
    <p class='ocr_par' dir='ltr' id='par_1_17' title="bbox 411 1386 2005 1458">
     <span class='ocr_line' id='line_1_17' title="bbox 411 1386 2005 1458; baseline 0 -16"><span class='ocrx_word' id='word_1_104' title='bbox 411 1390 670 1458; x_wconf 75' lang='lat' dir='ltr'><strong>maiestas</strong></span> <span class='ocrx_word' id='word_1_105' title='bbox 694 1429 708 1453; x_wconf 96' lang='lat'><strong>,</strong></span> <span class='ocrx_word' id='word_1_106' title='bbox 746 1405 814 1442; x_wconf 91' lang='lat' dir='ltr'><strong>ne</strong></span> <span class='ocrx_word' id='word_1_107' title='bbox 841 1404 1088 1457; x_wconf 89' lang='lat' dir='ltr'><strong>unquam</strong></span> <span class='ocrx_word' id='word_1_108' title='bbox 1126 1387 1352 1458; x_wconf 87' lang='lat' dir='ltr'><strong>posthac</strong></span> <span class='ocrx_word' id='word_1_109' title='bbox 1385 1386 1782 1456; x_wconf 82' lang='lat' dir='ltr'><strong>obtemperetis</strong></span> <span class='ocrx_word' id='word_1_110' title='bbox 1813 1386 2005 1456; x_wconf 88' lang='lat' dir='ltr'><strong>cujus-</strong></span> 
     </span>
    </p>
   </div>
   <div class='ocr_carea' id='block_1_18' title="bbox 409 1477 2000 1554">
    <p class='ocr_par' dir='ltr' id='par_1_18' title="bbox 409 1477 2000 1554">
     <span class='ocr_line' id='line_1_18' title="bbox 409 1477 2000 1554; baseline -0.003 -18"><span class='ocrx_word' id='word_1_111' title='bbox 409 1480 780 1550; x_wconf 87' lang='lat' dir='ltr'><strong>modicunque</strong></span> <span class='ocrx_word' id='word_1_112' title='bbox 847 1480 1150 1548; x_wconf 88' lang='lat' dir='ltr'><strong>rescripto,</strong></span> <span class='ocrx_word' id='word_1_113' title='bbox 1208 1479 1356 1547; x_wconf 89' lang='lat' dir='ltr'><strong>quod</strong></span> <span class='ocrx_word' id='word_1_114' title='bbox 1391 1477 1639 1554; x_wconf 71' lang='lat' dir='ltr'><strong>judicum</strong></span> <span class='ocrx_word' id='word_1_115' title='bbox 1687 1477 2000 1547; x_wconf 88' lang='lat' dir='ltr'><strong>quempiam</strong></span> 
     </span>
    </p>
   </div>
   <div class='ocr_carea' id='block_1_19' title="bbox 403 1568 2001 1644">
    <p class='ocr_par' dir='ltr' id='par_1_19' title="bbox 403 1568 2001 1644">
     <span class='ocr_line' id='line_1_19' title="bbox 403 1568 2001 1644; baseline -0.004 -18"><span class='ocrx_word' id='word_1_116' title='bbox 403 1571 670 1641; x_wconf 81' lang='lat' dir='ltr'><strong>judicium</strong></span> <span class='ocrx_word' id='word_1_117' title='bbox 725 1571 791 1624; x_wconf 92' lang='lat' dir='ltr'><strong>ad</strong></span> <span class='ocrx_word' id='word_1_118' title='bbox 839 1570 1020 1644; x_wconf 82' lang='lat' dir='ltr'><strong>ipsum</strong></span> <span class='ocrx_word' id='word_1_119' title='bbox 1063 1569 1448 1625; x_wconf 88' lang='lat' dir='ltr'><strong>transmissum</strong></span> <span class='ocrx_word' id='word_1_120' title='bbox 1495 1582 1754 1624; x_wconf 82' lang='lat' dir='ltr'><strong>exercere</strong></span> <span class='ocrx_word' id='word_1_121' title='bbox 1811 1568 2001 1639; x_wconf 88' lang='lat' dir='ltr'><strong>prohi-</strong></span> 
     </span>
    </p>
   </div>
   <div class='ocr_carea' id='block_1_20' title="bbox 2111 364 3660 443">
    <p class='ocr_par' dir='ltr' id='par_1_20' title="bbox 2111 364 3660 443">
     <span class='ocr_line' id='line_1_20' title="bbox 2111 364 3660 443; baseline 0.004 -24"><span class='ocrx_word' id='word_1_122' title='bbox 2111 367 2239 435; x_wconf 88' lang='grc' dir='ltr'>θείῳ</span> <span class='ocrx_word' id='word_1_123' title='bbox 2272 367 2460 438; x_wconf 88' lang='grc' dir='ltr'>κλήρῳ</span> <span class='ocrx_word' id='word_1_124' title='bbox 2490 364 2924 435; x_wconf 85' lang='grc' dir='ltr'>ὲγκατείλεκται,</span> <span class='ocrx_word' id='word_1_125' title='bbox 2952 366 2981 417; x_wconf 88' lang='grc' dir='ltr'>ὁ</span> <span class='ocrx_word' id='word_1_126' title='bbox 3031 365 3247 433; x_wconf 85' lang='grc' dir='ltr'>ὲνάγων</span> <span class='ocrx_word' id='word_1_127' title='bbox 3271 366 3552 436; x_wconf 84' lang='grc' dir='ltr'>τηνικαῦτα</span> <span class='ocrx_word' id='word_1_128' title='bbox 3591 372 3660 443; x_wconf 81' lang='grc' dir='ltr'>τῷ</span> 
     </span>
    </p>
   </div>
   <div class='ocr_carea' id='block_1_21' title="bbox 2109 457 3662 532">
    <p class='ocr_par' dir='ltr' id='par_1_21' title="bbox 2109 457 3662 532">
     <span class='ocr_line' id='line_1_21' title="bbox 2109 457 3662 532; baseline 0.003 -19"><span class='ocrx_word' id='word_1_129' title='bbox 2109 460 2261 532; x_wconf 84' lang='grc' dir='ltr'>φόρῳ</span> <span class='ocrx_word' id='word_1_130' title='bbox 2309 460 2404 513; x_wconf 84' lang='grc' dir='ltr'>τοῦ</span> <span class='ocrx_word' id='word_1_131' title='bbox 2437 457 2766 528; x_wconf 82' lang='grc' dir='ltr'>ὲναγομένου</span> <span class='ocrx_word' id='word_1_132' title='bbox 2825 458 3131 522; x_wconf 79' lang='grc' dir='ltr'>ἐξάπαντος</span> <span class='ocrx_word' id='word_1_133' title='bbox 3168 459 3529 526; x_wconf 84' lang='grc' dir='ltr'>ὑποκείσεται,</span> <span class='ocrx_word' id='word_1_134' title='bbox 3578 465 3662 518; x_wconf 74' lang='grc' dir='ltr'>καὶ</span> 
     </span>
    </p>
   </div>
   <div class='ocr_carea' id='block_1_22' title="bbox 2106 551 3662 623">
    <p class='ocr_par' dir='ltr' id='par_1_22' title="bbox 2106 551 3662 623">
     <span class='ocr_line' id='line_1_22' title="bbox 2106 551 3662 623; baseline 0.001 -17"><span class='ocrx_word' id='word_1_135' title='bbox 2106 552 2338 616; x_wconf 72' lang='grc' dir='ltr'>ἕκαστος</span> <span class='ocrx_word' id='word_1_136' title='bbox 2363 553 2442 616; x_wconf 87' lang='grc' dir='ltr'><strong>είς</strong></span> <span class='ocrx_word' id='word_1_137' title='bbox 2468 551 2531 604; x_wconf 85' lang='grc' dir='ltr'><strong>τὸ</strong></span> <span class='ocrx_word' id='word_1_138' title='bbox 2554 551 2868 623; x_wconf 78' lang='grc' dir='ltr'><strong>πρόσφορον</strong></span> <span class='ocrx_word' id='word_1_139' title='bbox 2914 551 3268 622; x_wconf 83' lang='grc' dir='ltr'>δικαστήριον</span> <span class='ocrx_word' id='word_1_140' title='bbox 3313 551 3662 622; x_wconf 87' lang='grc' dir='ltr'>ἀπελεύσεται,</span> 
     </span>
    </p>
   </div>
   <div class='ocr_carea' id='block_1_23' title="bbox 2107 641 3665 715">
    <p class='ocr_par' dir='ltr' id='par_1_23' title="bbox 2107 641 3665 715">
     <span class='ocr_line' id='line_1_23' title="bbox 2107 641 3665 715; baseline 0.004 -19"><span class='ocrx_word' id='word_1_141' title='bbox 2107 646 2156 697; x_wconf 82' lang='grc' dir='ltr'>εἰ</span> <span class='ocrx_word' id='word_1_142' title='bbox 2187 645 2369 714; x_wconf 84' lang='grc' dir='ltr'>μήπου</span> <span class='ocrx_word' id='word_1_143' title='bbox 2427 643 2694 704; x_wconf 79' lang='grc' dir='ltr'><strong>πολλάκις</strong></span> <span class='ocrx_word' id='word_1_144' title='bbox 2754 660 2839 706; x_wconf 86' lang='grc' dir='ltr'><strong>τις</strong></span> <span class='ocrx_word' id='word_1_145' title='bbox 2879 641 2988 695; x_wconf 86' lang='grc' dir='ltr'><strong>τῶν</strong></span> <span class='ocrx_word' id='word_1_146' title='bbox 3033 643 3297 697; x_wconf 85' lang='grc' dir='ltr'>ἁπάντων</span> <span class='ocrx_word' id='word_1_147' title='bbox 3325 643 3385 698; x_wconf 82' lang='grc' dir='ltr'>τὺ</span> <span class='ocrx_word' id='word_1_148' title='bbox 3417 644 3665 715; x_wconf 73' lang='grc' dir='ltr'>βασιλικὸν</span> 
     </span>
    </p>
   </div>
   <div class='ocr_carea' id='block_1_24' title="bbox 2105 735 3666 808">
    <p class='ocr_par' dir='ltr' id='par_1_24' title="bbox 2105 735 3666 808">
     <span class='ocr_line' id='line_1_24' title="bbox 2105 735 3666 808; baseline 0.003 -19"><span class='ocrx_word' id='word_1_149' title='bbox 2105 736 2454 807; x_wconf 82' lang='grc' dir='ltr'>δικαστήριον</span> <span class='ocrx_word' id='word_1_150' title='bbox 2486 735 2775 806; x_wconf 76' lang='grc' dir='ltr'>έπιζητοίη</span> <span class='ocrx_word' id='word_1_151' title='bbox 2796 752 2812 768; x_wconf 77' lang='grc' dir='ltr'><strong>ο</strong></span> <span class='ocrx_word' id='word_1_152' title='bbox 2847 735 2966 789; x_wconf 85' lang='grc' dir='ltr'>τότε</span> <span class='ocrx_word' id='word_1_153' title='bbox 2992 735 3100 805; x_wconf 82' lang='grc' dir='ltr'>γὰρ</span> <span class='ocrx_word' id='word_1_154' title='bbox 3128 735 3491 808; x_wconf 80' lang='grc' dir='ltr'><strong>σχολαζόντων</strong></span> <span class='ocrx_word' id='word_1_155' title='bbox 3511 739 3666 795; x_wconf 84' lang='grc' dir='ltr'>ἀπάν-</span> 
     </span>
    </p>
   </div>
   <div class='ocr_carea' id='block_1_25' title="bbox 2107 827 3661 902">
    <p class='ocr_par' dir='ltr' id='par_1_25' title="bbox 2107 827 3661 902">
     <span class='ocr_line' id='line_1_25' title="bbox 2107 827 3661 902; baseline 0.003 -22"><span class='ocrx_word' id='word_1_156' title='bbox 2107 830 2281 899; x_wconf 79' lang='grc' dir='ltr'>τωνή</span> <span class='ocrx_word' id='word_1_157' title='bbox 2336 828 2590 898; x_wconf 86' lang='grc' dir='ltr'>βασιλικὴ</span> <span class='ocrx_word' id='word_1_158' title='bbox 2637 827 2998 900; x_wconf 85' lang='grc' dir='ltr'>μεγαλειότης</span> <span class='ocrx_word' id='word_1_159' title='bbox 3044 828 3202 882; x_wconf 91' lang='grc' dir='ltr'>δια...</span> <span class='ocrx_word' id='word_1_160' title='bbox 3270 831 3336 900; x_wconf 83' lang='grc' dir='ltr'>τῇ</span> <span class='ocrx_word' id='word_1_161' title='bbox 3393 829 3528 902; x_wconf 79' lang='grc' dir='ltr'>δίκῃ,</span> <span class='ocrx_word' id='word_1_162' title='bbox 3577 833 3661 886; x_wconf 80' lang='grc' dir='ltr'><strong>καὶ</strong></span> 
     </span>
    </p>
   </div>
   <div class='ocr_carea' id='block_1_26' title="bbox 2108 919 3666 991">
    <p class='ocr_par' dir='ltr' id='par_1_26' title="bbox 2108 919 3666 991">
     <span class='ocr_line' id='line_1_26' title="bbox 2108 919 3666 991; baseline 0.003 -19"><span class='ocrx_word' id='word_1_163' title='bbox 2108 922 2269 991; x_wconf 85' lang='grc' dir='ltr'>τεμεῖ</span> <span class='ocrx_word' id='word_1_164' title='bbox 2314 921 2375 974; x_wconf 86' lang='grc' dir='ltr'><strong>τὸ</strong></span> <span class='ocrx_word' id='word_1_165' title='bbox 2433 920 2758 991; x_wconf 87' lang='grc' dir='ltr'>ἀμφίϐολον.</span> <span class='ocrx_word' id='word_1_166' title='bbox 2818 919 3125 988; x_wconf 86' lang='grc' dir='ltr'>Ἀνάγνωθι</span> <span class='ocrx_word' id='word_1_167' title='bbox 3186 921 3283 974; x_wconf 84' lang='grc' dir='ltr'>καὶ</span> <span class='ocrx_word' id='word_1_168' title='bbox 3335 920 3423 974; x_wconf 81' lang='grc' dir='ltr'><strong>τὸν</strong></span> <span class='ocrx_word' id='word_1_169' title='bbox 3473 929 3526 974; x_wconf 75' lang='grc' dir='ltr'>ιε’</span> <span class='ocrx_word' id='word_1_170' title='bbox 3577 940 3666 976; x_wconf 85' lang='grc' dir='ltr'>κα-</span> 
     </span>
    </p>
   </div>
   <div class='ocr_carea' id='block_1_27' title="bbox 2109 1013 3662 1086">
    <p class='ocr_par' dir='ltr' id='par_1_27' title="bbox 2109 1013 3662 1086">
     <span class='ocr_line' id='line_1_27' title="bbox 2109 1013 3662 1086; baseline 0.001 -19"><span class='ocrx_word' id='word_1_171' title='bbox 2109 1015 2240 1067; x_wconf 89' lang='grc' dir='ltr'>νόνα</span> <span class='ocrx_word' id='word_1_172' title='bbox 2265 1015 2364 1084; x_wconf 82' lang='grc' dir='ltr'>τῆς</span> <span class='ocrx_word' id='word_1_173' title='bbox 2397 1016 2454 1067; x_wconf 79' lang='grc' dir='ltr'>ἐν</span> <span class='ocrx_word' id='word_1_174' title='bbox 2482 1013 2845 1086; x_wconf 79' lang='grc' dir='ltr'>Καρθαγέννῃ</span> <span class='ocrx_word' id='word_1_175' title='bbox 2895 1013 3136 1076; x_wconf 80' lang='grc' dir='ltr'><strong>συνόδου,</strong></span> <span class='ocrx_word' id='word_1_176' title='bbox 3183 1014 3278 1066; x_wconf 75' lang='grc' dir='ltr'><strong>καὶ</strong></span> <span class='ocrx_word' id='word_1_177' title='bbox 3322 1013 3389 1067; x_wconf 86' lang='grc' dir='ltr'><strong>τά</strong></span> <span class='ocrx_word' id='word_1_178' title='bbox 3427 1015 3483 1067; x_wconf 81' lang='grc' dir='ltr'>ἐν</span> <span class='ocrx_word' id='word_1_179' title='bbox 3511 1015 3662 1086; x_wconf 83' lang='grc' dir='ltr'>αύτῷ.</span> 
     </span>
    </p>
   </div>
   <div class='ocr_carea' id='block_1_28' title="bbox 2124 1105 3668 1178">
    <p class='ocr_par' dir='ltr' id='par_1_28' title="bbox 2124 1105 3668 1178">
     <span class='ocr_line' id='line_1_28' title="bbox 2124 1105 3668 1178; baseline 0.001 -18"><span class='ocrx_word' id='word_1_180' title='bbox 2124 1107 2184 1160; x_wconf 86' lang='grc' dir='ltr'>Ἣ</span> <span class='ocrx_word' id='word_1_181' title='bbox 2219 1105 2304 1178; x_wconf 81' lang='grc' dir='ltr'>κβ¹</span> <span class='ocrx_word' id='word_1_182' title='bbox 2337 1107 2477 1160; x_wconf 85' lang='grc' dir='ltr'>διάτ.</span> <span class='ocrx_word' id='word_1_183' title='bbox 2512 1106 2606 1159; x_wconf 80' lang='grc' dir='ltr'>τοῦ</span> <span class='ocrx_word' id='word_1_184' title='bbox 2635 1113 2681 1174; x_wconf 87' lang='grc' dir='ltr'>γ’</span> <span class='ocrx_word' id='word_1_185' title='bbox 2707 1107 2812 1159; x_wconf 87' lang='grc' dir='ltr'>τίτ.</span> <span class='ocrx_word' id='word_1_186' title='bbox 2846 1106 2940 1159; x_wconf 81' lang='grc' dir='ltr'><strong>τοῦ</strong></span> <span class='ocrx_word' id='word_1_187' title='bbox 2987 1105 3035 1160; x_wconf 88' lang='grc' dir='ltr'>α’</span> <span class='ocrx_word' id='word_1_188' title='bbox 3061 1106 3269 1176; x_wconf 86' lang='grc' dir='ltr'>βιϐλίου</span> <span class='ocrx_word' id='word_1_189' title='bbox 3317 1107 3409 1160; x_wconf 78' lang='grc' dir='ltr'>τοῦ</span> <span class='ocrx_word' id='word_1_190' title='bbox 3441 1107 3668 1174; x_wconf 84' lang='grc' dir='ltr'>κώδικος,</span> 
     </span>
    </p>
   </div>
   <div class='ocr_carea' id='block_1_29' title="bbox 2110 1197 3669 1270">
    <p class='ocr_par' dir='ltr' id='par_1_29' title="bbox 2110 1197 3669 1270">
     <span class='ocr_line' id='line_1_29' title="bbox 2110 1197 3669 1270; baseline 0 -16"><span class='ocrx_word' id='word_1_191' title='bbox 2110 1200 2228 1255; x_wconf 79' lang='grc' dir='ltr'>ἐστι</span> <span class='ocrx_word' id='word_1_192' title='bbox 2254 1218 2381 1270; x_wconf 77' lang='grc' dir='ltr'>κεφ.</span> <span class='ocrx_word' id='word_1_193' title='bbox 2415 1197 2458 1270; x_wconf 86' lang='grc' dir='ltr'>β’</span> <span class='ocrx_word' id='word_1_194' title='bbox 2501 1198 2593 1252; x_wconf 73' lang='grc' dir='ltr'><strong>τοῦ</strong></span> <span class='ocrx_word' id='word_1_195' title='bbox 2643 1197 2712 1264; x_wconf 76' lang='grc' dir='ltr'>α’,</span> <span class='ocrx_word' id='word_1_196' title='bbox 2755 1199 2862 1252; x_wconf 85' lang='grc' dir='ltr'>τίτ.</span> <span class='ocrx_word' id='word_1_197' title='bbox 2892 1197 2984 1252; x_wconf 79' lang='grc' dir='ltr'>τοῦ</span> <span class='ocrx_word' id='word_1_198' title='bbox 3013 1197 3061 1268; x_wconf 87' lang='grc' dir='ltr'>γ’</span> <span class='ocrx_word' id='word_1_199' title='bbox 3095 1198 3301 1268; x_wconf 82' lang='grc' dir='ltr'>βιϐλίου</span> <span class='ocrx_word' id='word_1_200' title='bbox 3361 1199 3466 1253; x_wconf 83' lang='grc' dir='ltr'>τῶν</span> <span class='ocrx_word' id='word_1_201' title='bbox 3522 1201 3669 1254; x_wconf 86' lang='grc' dir='ltr'>Βασι-</span> 
     </span>
    </p>
   </div>
   <div class='ocr_carea' id='block_1_30' title="bbox 2110 1288 3663 1364">
    <p class='ocr_par' dir='ltr' id='par_1_30' title="bbox 2110 1288 3663 1364">
     <span class='ocr_line' id='line_1_30' title="bbox 2110 1288 3663 1364; baseline -0.001 -17"><span class='ocrx_word' id='word_1_202' title='bbox 2110 1293 2298 1357; x_wconf 89' lang='grc' dir='ltr'>λικῶν,</span> <span class='ocrx_word' id='word_1_203' title='bbox 2327 1292 2422 1346; x_wconf 79' lang='grc' dir='ltr'><strong>καὶ</strong></span> <span class='ocrx_word' id='word_1_204' title='bbox 2444 1292 2595 1363; x_wconf 80' lang='grc' dir='ltr'>ζήτει</span> <span class='ocrx_word' id='word_1_205' title='bbox 2626 1293 2785 1344; x_wconf 81' lang='grc' dir='ltr'>τοῦτο</span> <span class='ocrx_word' id='word_1_206' title='bbox 2807 1288 3200 1362; x_wconf 78' lang='grc' dir='ltr'>καταστρωθὲν</span> <span class='ocrx_word' id='word_1_207' title='bbox 3231 1292 3311 1356; x_wconf 86' lang='grc' dir='ltr'>εἰς</span> <span class='ocrx_word' id='word_1_208' title='bbox 3362 1291 3460 1363; x_wconf 79' lang='grc' dir='ltr'><strong>τὴν</strong></span> <span class='ocrx_word' id='word_1_209' title='bbox 3509 1295 3663 1364; x_wconf 89' lang='grc' dir='ltr'>έρμη-</span> 
     </span>
    </p>
   </div>
   <div class='ocr_carea' id='block_1_31' title="bbox 2107 1382 3669 1458">
    <p class='ocr_par' dir='ltr' id='par_1_31' title="bbox 2107 1382 3669 1458">
     <span class='ocr_line' id='line_1_31' title="bbox 2107 1382 3669 1458; baseline 0.001 -19"><span class='ocrx_word' id='word_1_210' title='bbox 2107 1387 2257 1440; x_wconf 90' lang='grc' dir='ltr'>νείαν</span> <span class='ocrx_word' id='word_1_211' title='bbox 2304 1382 2551 1456; x_wconf 52' lang='grc' dir='ltr'>τοΰ,μα’</span> <span class='ocrx_word' id='word_1_212' title='bbox 2585 1387 2808 1449; x_wconf 84' lang='grc' dir='ltr'><strong>κανόνος</strong></span> <span class='ocrx_word' id='word_1_213' title='bbox 2865 1384 2965 1453; x_wconf 81' lang='grc' dir='ltr'>τῆς</span> <span class='ocrx_word' id='word_1_214' title='bbox 3015 1387 3072 1438; x_wconf 82' lang='grc' dir='ltr'>ὲν</span> <span class='ocrx_word' id='word_1_215' title='bbox 3102 1384 3397 1458; x_wconf 81' lang='grc' dir='ltr'>Λαοδικείᾳ</span> <span class='ocrx_word' id='word_1_216' title='bbox 3453 1387 3669 1442; x_wconf 84' lang='grc' dir='ltr'>συνόδου.</span> 
     </span>
    </p>
   </div>
   <div class='ocr_carea' id='block_1_32' title="bbox 2121 1473 3673 1548">
    <p class='ocr_par' dir='ltr' id='par_1_32' title="bbox 2121 1473 3673 1548">
     <span class='ocr_line' id='line_1_32' title="bbox 2121 1473 3673 1548; baseline 0 -18"><span class='ocrx_word' id='word_1_217' title='bbox 2121 1478 2184 1530; x_wconf 85' lang='grc' dir='ltr'><strong>Ἦ</strong></span> <span class='ocrx_word' id='word_1_218' title='bbox 2214 1477 2272 1530; x_wconf 79' lang='grc' dir='ltr'>δὲ</span> <span class='ocrx_word' id='word_1_219' title='bbox 2304 1483 2383 1529; x_wconf 81' lang='grc' dir='ltr'>κε’</span> <span class='ocrx_word' id='word_1_220' title='bbox 2413 1476 2553 1531; x_wconf 85' lang='grc' dir='ltr'>διάτ.</span> <span class='ocrx_word' id='word_1_221' title='bbox 2597 1475 2689 1530; x_wconf 74' lang='grc' dir='ltr'>τοῦ</span> <span class='ocrx_word' id='word_1_222' title='bbox 2713 1473 2760 1545; x_wconf 84' lang='grc' dir='ltr'>γ’</span> <span class='ocrx_word' id='word_1_223' title='bbox 2811 1477 2918 1530; x_wconf 89' lang='grc' dir='ltr'>τίτ.</span> <span class='ocrx_word' id='word_1_224' title='bbox 2951 1475 3045 1530; x_wconf 80' lang='grc' dir='ltr'>τοῦ</span> <span class='ocrx_word' id='word_1_225' title='bbox 3098 1474 3148 1530; x_wconf 86' lang='grc' dir='ltr'>α’</span> <span class='ocrx_word' id='word_1_226' title='bbox 3181 1477 3390 1548; x_wconf 84' lang='grc' dir='ltr'>βιϐλίου</span> <span class='ocrx_word' id='word_1_227' title='bbox 3440 1477 3531 1531; x_wconf 80' lang='grc' dir='ltr'>τοῦ</span> <span class='ocrx_word' id='word_1_228' title='bbox 3574 1478 3673 1530; x_wconf 86' lang='grc' dir='ltr'><strong>κὼ-</strong></span> 
     </span>
    </p>
   </div>
   <div class='ocr_carea' id='block_1_33' title="bbox 2105 1567 3673 1640">
    <p class='ocr_par' dir='ltr' id='par_1_33' title="bbox 2105 1567 3673 1640">
     <span class='ocr_line' id='line_1_33' title="bbox 2105 1567 3673 1640; baseline 0 -18"><span class='ocrx_word' id='word_1_229' title='bbox 2105 1568 2254 1632; x_wconf 86' lang='grc' dir='ltr'>δικος</span> <span class='ocrx_word' id='word_1_230' title='bbox 2307 1569 2408 1622; x_wconf 78' lang='grc' dir='ltr'><strong>οὐκ</strong></span> <span class='ocrx_word' id='word_1_231' title='bbox 2459 1567 2616 1640; x_wconf 75' lang='grc' dir='ltr'>ἐτέθη</span> <span class='ocrx_word' id='word_1_232' title='bbox 2657 1570 2738 1632; x_wconf 86' lang='grc' dir='ltr'><strong>είς</strong></span> <span class='ocrx_word' id='word_1_233' title='bbox 2790 1567 2861 1622; x_wconf 90' lang='grc' dir='ltr'><strong>τά</strong></span> <span class='ocrx_word' id='word_1_234' title='bbox 2907 1569 3194 1624; x_wconf 84' lang='grc' dir='ltr'>Βασιλικά.</span> <span class='ocrx_word' id='word_1_235' title='bbox 3231 1569 3673 1640; x_wconf 73' lang='grc' dir='ltr'>Σημείωσαι·Τοῦ</span> 
     </span>
    </p>
   </div>
   <div class='ocr_carea' id='block_1_34' title="bbox 406 1639 1994 1735">
    <p class='ocr_par' dir='ltr' id='par_1_34' title="bbox 406 1639 1994 1733">
     <span class='ocr_line' id='line_1_34' title="bbox 406 1639 1994 1733; baseline -0.004 -12"><span class='ocrx_word' id='word_1_236' title='bbox 406 1639 567 1731; x_wconf 86' lang='lat' dir='ltr'><strong>beat,</strong></span> <span class='ocrx_word' id='word_1_237' title='bbox 615 1665 828 1720; x_wconf 89' lang='lat' dir='ltr'><strong>tametsi</strong></span> <span class='ocrx_word' id='word_1_238' title='bbox 860 1639 1142 1719; x_wconf 83' lang='lat' dir='ltr'><strong>cinnabari</strong></span> <span class='ocrx_word' id='word_1_239' title='bbox 1179 1663 1558 1733; x_wconf 89' lang='lat' dir='ltr'><strong>subsignatum</strong></span> <span class='ocrx_word' id='word_1_240' title='bbox 1613 1661 1722 1725; x_wconf 87' lang='lat' dir='ltr'><strong>sit,</strong></span> <span class='ocrx_word' id='word_1_241' title='bbox 1779 1659 1994 1716; x_wconf 88' lang='lat' dir='ltr'><strong>tametsi</strong></span> 
     </span>
    </p>
   </div>
   <div class='ocr_carea' id='block_1_35' title="bbox 2108 1639 3672 1735">
    <p class='ocr_par' dir='ltr' id='par_1_35' title="bbox 2115 1639 3672 1735">
     <span class='ocr_line' id='line_1_35' title="bbox 2115 1639 3672 1735; baseline 0 -19"><span class='ocrx_word' id='word_1_242' title='bbox 2115 1663 2358 1716; x_wconf 87' lang='grc' dir='ltr'>τοιούτου</span> <span class='ocrx_word' id='word_1_243' title='bbox 2384 1662 2440 1716; x_wconf 81' lang='grc' dir='ltr'><strong>δὲ</strong></span> <span class='ocrx_word' id='word_1_244' title='bbox 2475 1660 2871 1733; x_wconf 79' lang='grc' dir='ltr'>χρυσοϐούλλου</span> <span class='ocrx_word' id='word_1_245' title='bbox 2902 1664 2936 1733; x_wconf 85' lang='grc' dir='ltr'>ἡ</span> <span class='ocrx_word' id='word_1_246' title='bbox 2968 1663 3245 1734; x_wconf 81' lang='grc' dir='ltr'>περικοπὴ</span> <span class='ocrx_word' id='word_1_247' title='bbox 3351 1663 3672 1735; x_wconf 80' lang='grc' dir='ltr'>διοριζομένη</span> 
     </span>
    </p>
   </div>
   <div class='ocr_carea' id='block_1_36' title="bbox 407 1751 2000 1826">
    <p class='ocr_par' dir='ltr' id='par_1_36' title="bbox 407 1751 2000 1826">
     <span class='ocr_line' id='line_1_36' title="bbox 407 1751 2000 1826; baseline -0.004 -13"><span class='ocrx_word' id='word_1_248' title='bbox 407 1772 578 1813; x_wconf 63' lang='grc' dir='ltr'>πεῖραι</span> <span class='ocrx_word' id='word_1_249' title='bbox 628 1756 789 1810; x_wconf 85' lang='lat' dir='ltr'><strong>bullae</strong></span> <span class='ocrx_word' id='word_1_250' title='bbox 831 1755 1073 1826; x_wconf 82' lang='lat' dir='ltr'><strong>sigillum</strong></span> <span class='ocrx_word' id='word_1_251' title='bbox 1119 1754 1337 1808; x_wconf 85' lang='lat' dir='ltr'><strong>haheat.</strong></span> <span class='ocrx_word' id='word_1_252' title='bbox 1377 1751 1486 1808; x_wconf 90' lang='lat' dir='ltr'><strong>Sed</strong></span> <span class='ocrx_word' id='word_1_253' title='bbox 1527 1754 1571 1808; x_wconf 92' lang='lat' dir='ltr'><strong>si</strong></span> <span class='ocrx_word' id='word_1_254' title='bbox 1615 1752 1837 1823; x_wconf 88' lang='lat' dir='ltr'><strong>quidem</strong></span> <span class='ocrx_word' id='word_1_255' title='bbox 1875 1761 2000 1822; x_wconf 90' lang='lat' dir='ltr'><strong>post</strong></span> 
     </span>
    </p>
   </div>
   <div class='ocr_carea' id='block_1_37' title="bbox 409 1846 1997 1918">
    <p class='ocr_par' dir='ltr' id='par_1_37' title="bbox 409 1846 1997 1918">
     <span class='ocr_line' id='line_1_37' title="bbox 409 1846 1997 1918; baseline -0.001 -15"><span class='ocrx_word' id='word_1_256' title='bbox 409 1849 572 1904; x_wconf 86' lang='lat' dir='ltr'><strong>libelli</strong></span> <span class='ocrx_word' id='word_1_257' title='bbox 600 1848 931 1903; x_wconf 83' lang='lat' dir='ltr'><strong>oblationem</strong></span> <span class='ocrx_word' id='word_1_258' title='bbox 960 1846 1104 1901; x_wconf 91' lang='lat' dir='ltr'><strong>intra</strong></span> <span class='ocrx_word' id='word_1_259' title='bbox 1129 1846 1318 1917; x_wconf 86' lang='lat' dir='ltr'><strong>viginti</strong></span> <span class='ocrx_word' id='word_1_260' title='bbox 1351 1847 1682 1918; x_wconf 72' lang='lat' dir='ltr'><strong>cognitionis</strong></span> <span class='ocrx_word' id='word_1_261' title='bbox 1713 1846 1829 1902; x_wconf 91' lang='lat' dir='ltr'><strong>dies</strong></span> <span class='ocrx_word' id='word_1_262' title='bbox 1859 1889 1875 1914; x_wconf 92' lang='lat'><strong>,</strong></span> <span class='ocrx_word' id='word_1_263' title='bbox 1904 1849 1997 1917; x_wconf 93' lang='lat' dir='ltr'><strong>qui</strong></span> 
     </span>
    </p>
   </div>
   <div class='ocr_carea' id='block_1_38' title="bbox 409 1940 2000 2011">
    <p class='ocr_par' dir='ltr' id='par_1_38' title="bbox 409 1940 2000 2011">
     <span class='ocr_line' id='line_1_38' title="bbox 409 1940 2000 2011; baseline -0.001 -15"><span class='ocrx_word' id='word_1_264' title='bbox 409 1945 461 1996; x_wconf 91' lang='lat' dir='ltr'><strong>in</strong></span> <span class='ocrx_word' id='word_1_265' title='bbox 503 1940 777 2011; x_wconf 83' lang='lat' dir='ltr'><strong>judicium</strong></span> <span class='ocrx_word' id='word_1_266' title='bbox 819 1947 1130 2010; x_wconf 90' lang='lat' dir='ltr'><strong>pertractus</strong></span> <span class='ocrx_word' id='word_1_267' title='bbox 1175 1948 1296 2006; x_wconf 80' lang='lat' dir='ltr'><strong>est,</strong></span> <span class='ocrx_word' id='word_1_268' title='bbox 1338 1940 1715 1996; x_wconf 84' lang='lat' dir='ltr'><strong>dimissionem</strong></span> <span class='ocrx_word' id='word_1_269' title='bbox 1764 1940 2000 2010; x_wconf 89' lang='lat' dir='ltr'><strong>impera-</strong></span> 
     </span>
    </p>
   </div>
   <div class='ocr_carea' id='block_1_39' title="bbox 409 2032 1998 2104">
    <p class='ocr_par' dir='ltr' id='par_1_39' title="bbox 409 2032 1998 2104">
     <span class='ocr_line' id='line_1_39' title="bbox 409 2032 1998 2104; baseline -0.002 -15"><span class='ocrx_word' id='word_1_270' title='bbox 409 2036 564 2090; x_wconf 66' lang='lat' dir='ltr'><strong>toria:</strong></span> <span class='ocrx_word' id='word_1_271' title='bbox 590 2041 794 2089; x_wconf 55' lang='lat' dir='ltr'><strong>nostra</strong></span> <span class='ocrx_word' id='word_1_272' title='bbox 831 2033 1136 2103; x_wconf 90' lang='lat' dir='ltr'><strong>majestatis</strong></span> <span class='ocrx_word' id='word_1_273' title='bbox 1167 2033 1462 2104; x_wconf 88' lang='lat' dir='ltr'><strong>impetret,</strong></span> <span class='ocrx_word' id='word_1_274' title='bbox 1495 2047 1618 2098; x_wconf 66' lang='lat' dir='ltr'><strong>quae</strong></span> <span class='ocrx_word' id='word_1_275' title='bbox 1648 2033 1878 2087; x_wconf 89' lang='lat' dir='ltr'><strong>alterum</strong></span> <span class='ocrx_word' id='word_1_276' title='bbox 1907 2032 1998 2102; x_wconf 86' lang='lat' dir='ltr'><strong>ju-</strong></span> 
     </span>
    </p>
   </div>
   <div class='ocr_carea' id='block_1_40' title="bbox 407 2124 1994 2197">
    <p class='ocr_par' dir='ltr' id='par_1_40' title="bbox 407 2124 1994 2197">
     <span class='ocr_line' id='line_1_40' title="bbox 407 2124 1994 2197; baseline -0.002 -15"><span class='ocrx_word' id='word_1_277' title='bbox 407 2130 581 2184; x_wconf 84' lang='lat' dir='ltr'><strong>dicem</strong></span> <span class='ocrx_word' id='word_1_278' title='bbox 615 2127 692 2181; x_wconf 91' lang='lat' dir='ltr'><strong>illi</strong></span> <span class='ocrx_word' id='word_1_279' title='bbox 722 2127 808 2182; x_wconf 91' lang='lat' dir='ltr'><strong>cui</strong></span> <span class='ocrx_word' id='word_1_280' title='bbox 832 2127 986 2197; x_wconf 91' lang='lat' dir='ltr'><strong>prius</strong></span> <span class='ocrx_word' id='word_1_281' title='bbox 1011 2141 1181 2181; x_wconf 89' lang='lat' dir='ltr'><strong>causa</strong></span> <span class='ocrx_word' id='word_1_282' title='bbox 1205 2126 1528 2181; x_wconf 88' lang='lat' dir='ltr'><strong>transmissa</strong></span> <span class='ocrx_word' id='word_1_283' title='bbox 1559 2134 1642 2180; x_wconf 90' lang='lat' dir='ltr'><strong>est</strong></span> <span class='ocrx_word' id='word_1_284' title='bbox 1663 2167 1677 2190; x_wconf 96' lang='lat'><strong>,</strong></span> <span class='ocrx_word' id='word_1_285' title='bbox 1703 2124 1994 2196; x_wconf 84' lang='lat' dir='ltr'><strong>adjungat:</strong></span> 
     </span>
    </p>
   </div>
   <div class='ocr_carea' id='block_1_41' title="bbox 408 2215 1992 2286">
    <p class='ocr_par' dir='ltr' id='par_1_41' title="bbox 408 2215 1992 2286">
     <span class='ocr_line' id='line_1_41' title="bbox 408 2215 1992 2286; baseline -0.001 -14"><span class='ocrx_word' id='word_1_286' title='bbox 408 2220 464 2272; x_wconf 91' lang='lat' dir='ltr'><strong>in</strong></span> <span class='ocrx_word' id='word_1_287' title='bbox 487 2233 657 2272; x_wconf 90' lang='lat' dir='ltr'><strong>unum</strong></span> <span class='ocrx_word' id='word_1_288' title='bbox 688 2217 1016 2272; x_wconf 71' lang='lat' dir='ltr'><strong>com&#39;eniant</strong></span> <span class='ocrx_word' id='word_1_289' title='bbox 1043 2215 1325 2270; x_wconf 91' lang='lat' dir='ltr'><strong>constituti</strong></span> <span class='ocrx_word' id='word_1_290' title='bbox 1351 2215 1587 2286; x_wconf 87' lang='lat' dir='ltr'><strong>judices,</strong></span> <span class='ocrx_word' id='word_1_291' title='bbox 1616 2225 1670 2271; x_wconf 89' lang='lat' dir='ltr'><strong>et</strong></span> <span class='ocrx_word' id='word_1_292' title='bbox 1692 2215 1992 2286; x_wconf 80' lang='lat' dir='ltr'><strong>legitimam</strong></span> 
     </span>
    </p>
   </div>
   <div class='ocr_carea' id='block_1_42' title="bbox 406 2305 1995 2380">
    <p class='ocr_par' dir='ltr' id='par_1_42' title="bbox 406 2305 1995 2380">
     <span class='ocr_line' id='line_1_42' title="bbox 406 2305 1995 2380; baseline 0 -19"><span class='ocrx_word' id='word_1_293' title='bbox 406 2308 737 2364; x_wconf 89' lang='lat' dir='ltr'><strong>decisionem</strong></span> <span class='ocrx_word' id='word_1_294' title='bbox 775 2305 985 2380; x_wconf 90' lang='lat' dir='ltr'><strong>[rebus]</strong></span> <span class='ocrx_word' id='word_1_295' title='bbox 1019 2307 1393 2362; x_wconf 89' lang='lat' dir='ltr'><strong>controversis</strong></span> <span class='ocrx_word' id='word_1_296' title='bbox 1426 2306 1732 2377; x_wconf 89' lang='lat' dir='ltr'><strong>imponant.</strong></span> <span class='ocrx_word' id='word_1_297' title='bbox 1767 2306 1828 2362; x_wconf 90' lang='lat' dir='ltr'><strong>Si</strong></span> <span class='ocrx_word' id='word_1_298' title='bbox 1866 2321 1995 2361; x_wconf 80' lang='lat' dir='ltr'><strong>vero</strong></span> 
     </span>
    </p>
   </div>
   <div class='ocr_carea' id='block_1_43' title="bbox 406 2398 1994 2469">
    <p class='ocr_par' dir='ltr' id='par_1_43' title="bbox 406 2398 1994 2469">
     <span class='ocr_line' id='line_1_43' title="bbox 406 2398 1994 2469; baseline -0.001 -17"><span class='ocrx_word' id='word_1_299' title='bbox 406 2399 601 2469; x_wconf 76' lang='lat' dir='ltr'><strong>viginti</strong></span> <span class='ocrx_word' id='word_1_300' title='bbox 651 2400 863 2454; x_wconf 87' lang='lat' dir='ltr'><strong>dierum</strong></span> <span class='ocrx_word' id='word_1_301' title='bbox 916 2407 1132 2468; x_wconf 91' lang='lat' dir='ltr'><strong>tempus</strong></span> <span class='ocrx_word' id='word_1_302' title='bbox 1175 2398 1511 2462; x_wconf 87' lang='lat' dir='ltr'><strong>decurrerit,</strong></span> <span class='ocrx_word' id='word_1_303' title='bbox 1546 2414 1615 2453; x_wconf 91' lang='lat' dir='ltr'><strong>ne</strong></span> <span class='ocrx_word' id='word_1_304' title='bbox 1660 2398 1797 2453; x_wconf 87' lang='lat' dir='ltr'><strong>alter</strong></span> <span class='ocrx_word' id='word_1_305' title='bbox 1825 2398 1994 2468; x_wconf 82' lang='lat' dir='ltr'><strong>judex</strong></span> 
     </span>
    </p>
   </div>
   <div class='ocr_carea' id='block_1_44' title="bbox 406 2489 1995 2562">
    <p class='ocr_par' dir='ltr' id='par_1_44' title="bbox 406 2489 1995 2562">
     <span class='ocr_line' id='line_1_44' title="bbox 406 2489 1995 2562; baseline -0.002 -15"><span class='ocrx_word' id='word_1_306' title='bbox 406 2491 733 2547; x_wconf 89' lang='lat' dir='ltr'><strong>admittatur</strong></span> <span class='ocrx_word' id='word_1_307' title='bbox 757 2490 1035 2562; x_wconf 87' lang='lat' dir='ltr'><strong>(quoniam</strong></span> <span class='ocrx_word' id='word_1_308' title='bbox 1062 2491 1166 2547; x_wconf 87' lang='lat' dir='ltr'><strong>hoc</strong></span> <span class='ocrx_word' id='word_1_309' title='bbox 1187 2491 1351 2546; x_wconf 83' lang='lat' dir='ltr'><strong>etiam</strong></span> <span class='ocrx_word' id='word_1_310' title='bbox 1382 2489 1486 2559; x_wconf 85' lang='lat' dir='ltr'><strong>legi</strong></span> <span class='ocrx_word' id='word_1_311' title='bbox 1518 2489 1784 2560; x_wconf 84' lang='lat' dir='ltr'><strong>videtur):</strong></span> <span class='ocrx_word' id='word_1_312' title='bbox 1819 2506 1995 2560; x_wconf 89' lang='lat' dir='ltr'><strong>neque</strong></span> 
     </span>
    </p>
   </div>
   <div class='ocr_carea' id='block_1_45' title="bbox 407 2582 1993 2656">
    <p class='ocr_par' dir='ltr' id='par_1_45' title="bbox 407 2582 1993 2656">
     <span class='ocr_line' id='line_1_45' title="bbox 407 2582 1993 2656; baseline 0 -20"><span class='ocrx_word' id='word_1_313' title='bbox 407 2600 536 2639; x_wconf 81' lang='lat' dir='ltr'><strong>vero</strong></span> <span class='ocrx_word' id='word_1_314' title='bbox 576 2582 763 2656; x_wconf 80' lang='lat' dir='ltr'><strong>[hoc]</strong></span> <span class='ocrx_word' id='word_1_315' title='bbox 814 2593 1118 2653; x_wconf 78' lang='lat' dir='ltr'><strong>praetextu,</strong></span> <span class='ocrx_word' id='word_1_316' title='bbox 1173 2583 1319 2653; x_wconf 89' lang='lat' dir='ltr'><strong>quod</strong></span> <span class='ocrx_word' id='word_1_317' title='bbox 1368 2583 1605 2638; x_wconf 78' lang='lat' dir='ltr'><strong>fortasse</strong></span> <span class='ocrx_word' id='word_1_318' title='bbox 1644 2585 1993 2654; x_wconf 87' lang='lat' dir='ltr'><strong>postmodum</strong></span> 
     </span>
    </p>
   </div>
   <div class='ocr_carea' id='block_1_46' title="bbox 407 2677 1995 2748">
    <p class='ocr_par' dir='ltr' id='par_1_46' title="bbox 407 2677 1995 2748">
     <span class='ocr_line' id='line_1_46' title="bbox 407 2677 1995 2748; baseline 0.002 -17"><span class='ocrx_word' id='word_1_319' title='bbox 407 2677 569 2731; x_wconf 83' lang='lat' dir='ltr'><strong>statui</strong></span> <span class='ocrx_word' id='word_1_320' title='bbox 623 2677 795 2746; x_wconf 85' lang='lat' dir='ltr'><strong>possit</strong></span> <span class='ocrx_word' id='word_1_321' title='bbox 847 2687 905 2730; x_wconf 90' lang='lat' dir='ltr'><strong>ut</strong></span> <span class='ocrx_word' id='word_1_322' title='bbox 956 2691 1120 2732; x_wconf 82' lang='lat' dir='ltr'><strong>causa</strong></span> <span class='ocrx_word' id='word_1_323' title='bbox 1163 2677 1230 2732; x_wconf 90' lang='lat' dir='ltr'><strong>ad</strong></span> <span class='ocrx_word' id='word_1_324' title='bbox 1283 2677 1653 2746; x_wconf 66' lang='lat' dir='ltr'><strong>imperatoriae</strong></span> <span class='ocrx_word' id='word_1_325' title='bbox 1691 2677 1995 2748; x_wconf 88' lang='lat' dir='ltr'><strong>majestalis</strong></span> 
     </span>
    </p>
   </div>
   <div class='ocr_carea' id='block_1_47' title="bbox 405 2770 1998 2844">
    <p class='ocr_par' dir='ltr' id='par_1_47' title="bbox 405 2770 1998 2844">
     <span class='ocr_line' id='line_1_47' title="bbox 405 2770 1998 2844; baseline 0.003 -21"><span class='ocrx_word' id='word_1_326' title='bbox 405 2770 646 2825; x_wconf 85' lang='lat' dir='ltr'><strong>tribunal</strong></span> <span class='ocrx_word' id='word_1_327' title='bbox 696 2771 1097 2837; x_wconf 88' lang='lat' dir='ltr'><strong>introducatur,</strong></span> <span class='ocrx_word' id='word_1_328' title='bbox 1148 2771 1297 2825; x_wconf 91' lang='lat' dir='ltr'><strong>nullo</strong></span> <span class='ocrx_word' id='word_1_329' title='bbox 1349 2773 1508 2826; x_wconf 85' lang='lat' dir='ltr'><strong>modo</strong></span> <span class='ocrx_word' id='word_1_330' title='bbox 1550 2770 1776 2844; x_wconf 79' lang='lat' dir='ltr'><strong>[judcx]</strong></span> <span class='ocrx_word' id='word_1_331' title='bbox 1811 2814 1825 2839; x_wconf 91' lang='lat'><strong>,</strong></span> <span class='ocrx_word' id='word_1_332' title='bbox 1860 2787 1998 2842; x_wconf 89' lang='lat' dir='ltr'><strong>quo-</strong></span> 
     </span>
    </p>
   </div>
   <div class='ocr_carea' id='block_1_48' title="bbox 408 2862 1996 2932">
    <p class='ocr_par' dir='ltr' id='par_1_48' title="bbox 408 2862 1996 2932">
     <span class='ocr_line' id='line_1_48' title="bbox 408 2862 1996 2932; baseline 0.002 -14"><span class='ocrx_word' id='word_1_333' title='bbox 408 2862 882 2931; x_wconf 86' lang='lat' dir='ltr'><strong>minusjudicium</strong></span> <span class='ocrx_word' id='word_1_334' title='bbox 925 2862 1062 2918; x_wconf 83' lang='lat' dir='ltr'><strong>ferat</strong></span> <span class='ocrx_word' id='word_1_335' title='bbox 1090 2903 1104 2924; x_wconf 94' lang='lat'><strong>,</strong></span> <span class='ocrx_word' id='word_1_336' title='bbox 1149 2862 1520 2932; x_wconf 79' lang='lat' dir='ltr'><strong>impediatur,</strong></span> <span class='ocrx_word' id='word_1_337' title='bbox 1576 2864 1670 2920; x_wconf 90' lang='lat' dir='ltr'><strong>sed</strong></span> <span class='ocrx_word' id='word_1_338' title='bbox 1708 2866 1996 2921; x_wconf 84' lang='lat' dir='ltr'><strong>transmis-</strong></span> 
     </span>
    </p>
   </div>
   <div class='ocr_carea' id='block_1_49' title="bbox 2112 1754 3672 1825">
    <p class='ocr_par' dir='ltr' id='par_1_49' title="bbox 2112 1754 3672 1825">
     <span class='ocr_line' id='line_1_49' title="bbox 2112 1754 3672 1825; baseline -0.001 -17"><span class='ocrx_word' id='word_1_339' title='bbox 2112 1754 2506 1825; x_wconf 84' lang='grc' dir='ltr'>προσδέχεσθαι</span> <span class='ocrx_word' id='word_1_340' title='bbox 2565 1754 2774 1817; x_wconf 83' lang='grc' dir='ltr'>πάντας</span> <span class='ocrx_word' id='word_1_341' title='bbox 2824 1755 2951 1818; x_wconf 83' lang='grc' dir='ltr'>τοὺς</span> <span class='ocrx_word' id='word_1_342' title='bbox 2985 1755 3313 1824; x_wconf 81' lang='grc' dir='ltr'>ἑλκομένους</span> <span class='ocrx_word' id='word_1_343' title='bbox 3367 1756 3445 1818; x_wconf 84' lang='grc' dir='ltr'><strong>είς</strong></span> <span class='ocrx_word' id='word_1_344' title='bbox 3483 1755 3672 1824; x_wconf 83' lang='grc' dir='ltr'>οἱονδη-</span> 
     </span>
    </p>
   </div>
   <div class='ocr_carea' id='block_1_50' title="bbox 2109 1843 3674 1916">
    <p class='ocr_par' dir='ltr' id='par_1_50' title="bbox 2109 1843 3674 1916">
     <span class='ocr_line' id='line_1_50' title="bbox 2109 1843 3674 1916; baseline -0.001 -16"><span class='ocrx_word' id='word_1_345' title='bbox 2109 1846 2310 1900; x_wconf 83' lang='grc' dir='ltr'>ποτοῦν</span> <span class='ocrx_word' id='word_1_346' title='bbox 2375 1845 2750 1915; x_wconf 83' lang='grc' dir='ltr'>δικαστήριον,</span> <span class='ocrx_word' id='word_1_347' title='bbox 2779 1846 2875 1900; x_wconf 74' lang='grc' dir='ltr'><strong>καὶ</strong></span> <span class='ocrx_word' id='word_1_348' title='bbox 2928 1843 3232 1914; x_wconf 66' lang='grc' dir='ltr'>ζητοῦντας</span> <span class='ocrx_word' id='word_1_349' title='bbox 3274 1844 3373 1899; x_wconf 85' lang='grc' dir='ltr'>τοῦ</span> <span class='ocrx_word' id='word_1_350' title='bbox 3414 1845 3674 1916; x_wconf 81' lang='grc' dir='ltr'>βασιλικοῦ</span> 
     </span>
    </p>
   </div>
   <div class='ocr_carea' id='block_1_51' title="bbox 2113 1936 3678 2010">
    <p class='ocr_par' dir='ltr' id='par_1_51' title="bbox 2113 1936 3678 2010">
     <span class='ocr_line' id='line_1_51' title="bbox 2113 1936 3678 2010; baseline -0.004 -17"><span class='ocrx_word' id='word_1_351' title='bbox 2113 1938 2360 2010; x_wconf 87' lang='grc' dir='ltr'>βήματος</span> <span class='ocrx_word' id='word_1_352' title='bbox 2385 1937 2485 2008; x_wconf 87' lang='grc' dir='ltr'><strong>τὴν</strong></span> <span class='ocrx_word' id='word_1_353' title='bbox 2521 1937 2809 2008; x_wconf 86' lang='grc' dir='ltr'>ἀκρόασιν,</span> <span class='ocrx_word' id='word_1_354' title='bbox 2838 1936 3132 2007; x_wconf 77' lang='grc' dir='ltr'>ἐσχόλασεν</span> <span class='ocrx_word' id='word_1_355' title='bbox 3164 1936 3273 1990; x_wconf 83' lang='grc' dir='ltr'><strong>ἀπὸ</strong></span> <span class='ocrx_word' id='word_1_356' title='bbox 3310 1936 3678 2007; x_wconf 78' lang='grc' dir='ltr'><strong>μεταγενεστέ⁸</strong></span> 
     </span>
    </p>
   </div>
   <div class='ocr_carea' id='block_1_52' title="bbox 2111 2027 3673 2102">
    <p class='ocr_par' dir='ltr' id='par_1_52' title="bbox 2111 2027 3673 2102">
     <span class='ocr_line' id='line_1_52' title="bbox 2111 2027 3673 2102; baseline -0.002 -18"><span class='ocrx_word' id='word_1_357' title='bbox 2111 2048 2213 2102; x_wconf 90' lang='grc' dir='ltr'><strong>ρας</strong></span> <span class='ocrx_word' id='word_1_358' title='bbox 2240 2028 2589 2101; x_wconf 77' lang='grc' dir='ltr'>προστάξεως</span> <span class='ocrx_word' id='word_1_359' title='bbox 2615 2027 2710 2082; x_wconf 84' lang='grc' dir='ltr'><strong>τοῦ</strong></span> <span class='ocrx_word' id='word_1_360' title='bbox 2734 2028 2900 2081; x_wconf 84' lang='grc' dir='ltr'>αὑτοῦ</span> <span class='ocrx_word' id='word_1_361' title='bbox 2931 2028 3195 2099; x_wconf 84' lang='grc' dir='ltr'>βασιλέως</span> <span class='ocrx_word' id='word_1_362' title='bbox 3225 2030 3421 2099; x_wconf 82' lang='grc' dir='ltr'>κυρίου</span> <span class='ocrx_word' id='word_1_363' title='bbox 3453 2028 3673 2093; x_wconf 81' lang='grc' dir='ltr'>’Δλεξίου</span> 
     </span>
    </p>
   </div>
   <div class='ocr_carea' id='block_1_53' title="bbox 2106 2119 3674 2192">
    <p class='ocr_par' dir='ltr' id='par_1_53' title="bbox 2106 2119 3674 2192">
     <span class='ocr_line' id='line_1_53' title="bbox 2106 2119 3674 2192; baseline -0.005 -14"><span class='ocrx_word' id='word_1_364' title='bbox 2106 2121 2203 2178; x_wconf 80' lang='grc' dir='ltr'><strong>τοῦ</strong></span> <span class='ocrx_word' id='word_1_365' title='bbox 2231 2119 2543 2192; x_wconf 83' lang='grc' dir='ltr'>Κομνηνοῦ,</span> <span class='ocrx_word' id='word_1_366' title='bbox 2567 2119 2934 2191; x_wconf 86' lang='grc' dir='ltr'>ἀπολυθείσης</span> <span class='ocrx_word' id='word_1_367' title='bbox 2957 2120 3097 2173; x_wconf 84' lang='grc' dir='ltr'><strong>κατά</strong></span> <span class='ocrx_word' id='word_1_368' title='bbox 3139 2119 3285 2190; x_wconf 83' lang='grc' dir='ltr'>μῆνα</span> <span class='ocrx_word' id='word_1_369' title='bbox 3328 2121 3499 2174; x_wconf 85' lang='grc' dir='ltr'>Μάῖον</span> <span class='ocrx_word' id='word_1_370' title='bbox 3558 2119 3674 2172; x_wconf 82' lang='grc' dir='ltr'>ίνδι-</span> 
     </span>
    </p>
   </div>
   <div class='ocr_carea' id='block_1_54' title="bbox 2114 2209 3679 2285">
    <p class='ocr_par' dir='ltr' id='par_1_54' title="bbox 2114 2209 3679 2285">
     <span class='ocr_line' id='line_1_54' title="bbox 2114 2209 3679 2285; baseline -0.004 -16"><span class='ocrx_word' id='word_1_371' title='bbox 2114 2215 2323 2278; x_wconf 83' lang='grc' dir='ltr'>κτιόνος</span> <span class='ocrx_word' id='word_1_372' title='bbox 2349 2212 2417 2283; x_wconf 80' lang='grc' dir='ltr'><strong>γ’·</strong></span> <span class='ocrx_word' id='word_1_373' title='bbox 2443 2215 2538 2267; x_wconf 69' lang='grc' dir='ltr'><strong>καὶ</strong></span> <span class='ocrx_word' id='word_1_374' title='bbox 2562 2212 2936 2285; x_wconf 75' lang='grc' dir='ltr'>διοριζομένης</span> <span class='ocrx_word' id='word_1_375' title='bbox 2966 2212 3106 2283; x_wconf 77' lang='grc' dir='ltr'>μετὰ</span> <span class='ocrx_word' id='word_1_376' title='bbox 3140 2213 3202 2266; x_wconf 87' lang='grc' dir='ltr'><strong>τὸ</strong></span> <span class='ocrx_word' id='word_1_377' title='bbox 3225 2213 3509 2285; x_wconf 86' lang='grc' dir='ltr'>προοίμιον</span> <span class='ocrx_word' id='word_1_378' title='bbox 3524 2209 3679 2264; x_wconf 77' lang='grc' dir='ltr'>ταῦτα</span> 
     </span>
    </p>
   </div>
   <div class='ocr_carea' id='block_1_55' title="bbox 2113 2301 3680 2380">
    <p class='ocr_par' dir='ltr' id='par_1_55' title="bbox 2113 2301 3680 2380">
     <span class='ocr_line' id='line_1_55' title="bbox 2113 2301 3680 2380; baseline -0.003 -19"><span class='ocrx_word' id='word_1_379' title='bbox 2113 2306 2314 2380; x_wconf 58' lang='grc' dir='ltr'>ῥητῶς</span> <span class='ocrx_word' id='word_1_380' title='bbox 2340 2306 2642 2378; x_wconf 85' lang='grc' dir='ltr'>Διορίζεται</span> <span class='ocrx_word' id='word_1_381' title='bbox 2668 2301 2760 2360; x_wconf 81' lang='grc' dir='ltr'>οὖν</span> <span class='ocrx_word' id='word_1_382' title='bbox 2798 2309 2965 2360; x_wconf 83' lang='grc' dir='ltr'>πᾶσιν</span> <span class='ocrx_word' id='word_1_383' title='bbox 3005 2307 3134 2378; x_wconf 87' lang='grc' dir='ltr'>ύμῖν</span> <span class='ocrx_word' id='word_1_384' title='bbox 3161 2309 3274 2370; x_wconf 86' lang='grc' dir='ltr'>τοῖς</span> <span class='ocrx_word' id='word_1_385' title='bbox 3306 2307 3417 2360; x_wconf 82' lang='grc' dir='ltr'><strong>τῶν</strong></span> <span class='ocrx_word' id='word_1_386' title='bbox 3443 2307 3680 2375; x_wconf 87' lang='grc' dir='ltr'>δικαστη-</span> 
     </span>
    </p>
   </div>
   <div class='ocr_carea' id='block_1_56' title="bbox 2112 2396 3677 2472">
    <p class='ocr_par' dir='ltr' id='par_1_56' title="bbox 2112 2396 3677 2472">
     <span class='ocr_line' id='line_1_56' title="bbox 2112 2396 3677 2472; baseline -0.002 -19"><span class='ocrx_word' id='word_1_387' title='bbox 2112 2402 2241 2472; x_wconf 82' lang='grc' dir='ltr'>ρίων</span> <span class='ocrx_word' id='word_1_388' title='bbox 2270 2398 2610 2471; x_wconf 84' lang='grc' dir='ltr'>προεστῶσιν</span> <span class='ocrx_word' id='word_1_389' title='bbox 2641 2400 2674 2470; x_wconf 84' lang='grc' dir='ltr'>ὴ</span> <span class='ocrx_word' id='word_1_390' title='bbox 2709 2397 2954 2468; x_wconf 80' lang='grc' dir='ltr'>βασιλεία</span> <span class='ocrx_word' id='word_1_391' title='bbox 2985 2417 3109 2468; x_wconf 88' lang='grc' dir='ltr'>μου,</span> <span class='ocrx_word' id='word_1_392' title='bbox 3141 2400 3343 2470; x_wconf 80' lang='grc' dir='ltr'>μηκέτι</span> <span class='ocrx_word' id='word_1_393' title='bbox 3363 2401 3424 2454; x_wconf 83' lang='grc' dir='ltr'><strong>τὸ</strong></span> <span class='ocrx_word' id='word_1_394' title='bbox 3446 2399 3548 2454; x_wconf 76' lang='grc' dir='ltr'><strong>ἀπὸ</strong></span> <span class='ocrx_word' id='word_1_395' title='bbox 3570 2396 3677 2451; x_wconf 82' lang='grc' dir='ltr'>τού-</span> 
     </span>
    </p>
   </div>
   <div class='ocr_carea' id='block_1_57' title="bbox 2107 2489 3680 2562">
    <p class='ocr_par' dir='ltr' id='par_1_57' title="bbox 2107 2489 3680 2562">
     <span class='ocr_line' id='line_1_57' title="bbox 2107 2489 3680 2562; baseline -0.002 -17"><span class='ocrx_word' id='word_1_396' title='bbox 2107 2491 2165 2545; x_wconf 91' lang='grc' dir='ltr'><strong>δε</strong></span> <span class='ocrx_word' id='word_1_397' title='bbox 2201 2490 2490 2562; x_wconf 81' lang='grc' dir='ltr'>προσέχειν</span> <span class='ocrx_word' id='word_1_398' title='bbox 2546 2489 2814 2559; x_wconf 77' lang='grc' dir='ltr'>οίαδήτινι</span> <span class='ocrx_word' id='word_1_399' title='bbox 2871 2490 3180 2560; x_wconf 73' lang='grc' dir='ltr'>ἀντιγραφῇ</span> <span class='ocrx_word' id='word_1_400' title='bbox 3233 2489 3517 2562; x_wconf 76' lang='grc' dir='ltr'>κωλυούσῃ</span> <span class='ocrx_word' id='word_1_401' title='bbox 3572 2489 3680 2543; x_wconf 68' lang='grc' dir='ltr'>τινὰ</span> 
     </span>
    </p>
   </div>
   <div class='ocr_carea' id='block_1_58' title="bbox 2108 2580 3679 2655">
    <p class='ocr_par' dir='ltr' id='par_1_58' title="bbox 2108 2580 3679 2655">
     <span class='ocr_line' id='line_1_58' title="bbox 2108 2580 3679 2655; baseline -0.003 -17"><span class='ocrx_word' id='word_1_402' title='bbox 2108 2585 2216 2638; x_wconf 84' lang='grc' dir='ltr'>τῶν</span> <span class='ocrx_word' id='word_1_403' title='bbox 2239 2583 2509 2638; x_wconf 84' lang='grc' dir='ltr'>δικαστῶν</span> <span class='ocrx_word' id='word_1_404' title='bbox 2531 2583 2631 2655; x_wconf 81' lang='grc' dir='ltr'><strong>τὴν</strong></span> <span class='ocrx_word' id='word_1_405' title='bbox 2660 2582 2748 2636; x_wconf 78' lang='grc' dir='ltr'>ἐπ’</span> <span class='ocrx_word' id='word_1_406' title='bbox 2797 2580 2949 2654; x_wconf 88' lang='grc' dir='ltr'>αύτῷ</span> <span class='ocrx_word' id='word_1_407' title='bbox 2999 2583 3496 2653; x_wconf 84' lang='grc' dir='ltr'>καταπεμφθεῖσαν</span> <span class='ocrx_word' id='word_1_408' title='bbox 3535 2584 3679 2654; x_wconf 80' lang='grc' dir='ltr'>δίκην</span> 
     </span>
    </p>
   </div>
   <div class='ocr_carea' id='block_1_59' title="bbox 2108 2674 3678 2748">
    <p class='ocr_par' dir='ltr' id='par_1_59' title="bbox 2108 2674 3678 2748">
     <span class='ocr_line' id='line_1_59' title="bbox 2108 2674 3678 2748; baseline -0.002 -17"><span class='ocrx_word' id='word_1_409' title='bbox 2108 2677 2446 2748; x_wconf 75' lang='grc' dir='ltr'>γυμνάζειν,</span> <span class='ocrx_word' id='word_1_410' title='bbox 2489 2677 2594 2731; x_wconf 84' lang='grc' dir='ltr'><strong>κᾶν</strong></span> <span class='ocrx_word' id='word_1_411' title='bbox 2653 2675 2744 2730; x_wconf 81' lang='grc' dir='ltr'>διὰ</span> <span class='ocrx_word' id='word_1_412' title='bbox 2791 2674 3160 2747; x_wconf 84' lang='grc' dir='ltr'>κινναϐάρεως</span> <span class='ocrx_word' id='word_1_413' title='bbox 3196 2675 3678 2748; x_wconf 75' lang='grc' dir='ltr'>ὑποσεσημασμένη</span> 
     </span>
    </p>
   </div>
   <div class='ocr_carea' id='block_1_60' title="bbox 2108 2767 3678 2844">
    <p class='ocr_par' dir='ltr' id='par_1_60' title="bbox 2108 2767 3678 2844">
     <span class='ocr_line' id='line_1_60' title="bbox 2108 2767 3678 2844; baseline -0.003 -20"><span class='ocrx_word' id='word_1_414' title='bbox 2108 2770 2374 2844; x_wconf 77' lang='grc' dir='ltr'>τυγχάνῃ,</span> <span class='ocrx_word' id='word_1_415' title='bbox 2426 2769 2530 2824; x_wconf 83' lang='grc' dir='ltr'>κᾶν</span> <span class='ocrx_word' id='word_1_416' title='bbox 2569 2767 2668 2839; x_wconf 86' lang='grc' dir='ltr'>τὴν</span> <span class='ocrx_word' id='word_1_417' title='bbox 2694 2767 3056 2840; x_wconf 86' lang='grc' dir='ltr'>κηρόϐουλλον</span> <span class='ocrx_word' id='word_1_418' title='bbox 3106 2771 3383 2840; x_wconf 82' lang='grc' dir='ltr'>σφραγῖδα</span> <span class='ocrx_word' id='word_1_419' title='bbox 3439 2770 3678 2840; x_wconf 83' lang='grc' dir='ltr'>φέρηται,</span> 
     </span>
    </p>
   </div>
   <div class='ocr_carea' id='block_1_61' title="bbox 2109 2860 3679 2934">
    <p class='ocr_par' dir='ltr' id='par_1_61' title="bbox 2109 2860 3679 2934">
     <span class='ocr_line' id='line_1_61' title="bbox 2109 2860 3679 2934; baseline -0.003 -17"><span class='ocrx_word' id='word_1_420' title='bbox 2109 2863 2246 2918; x_wconf 89' lang='grc' dir='ltr'><strong>ἀλλά</strong></span> <span class='ocrx_word' id='word_1_421' title='bbox 2278 2861 2421 2934; x_wconf 85' lang='grc' dir='ltr'><strong>μετά</strong></span> <span class='ocrx_word' id='word_1_422' title='bbox 2444 2861 2544 2934; x_wconf 79' lang='grc' dir='ltr'>τὴν</span> <span class='ocrx_word' id='word_1_423' title='bbox 2566 2860 2664 2915; x_wconf 75' lang='grc' dir='ltr'>τοῦ</span> <span class='ocrx_word' id='word_1_424' title='bbox 2723 2861 2967 2915; x_wconf 86' lang='grc' dir='ltr'>λιϐέλλου</span> <span class='ocrx_word' id='word_1_425' title='bbox 3001 2861 3169 2926; x_wconf 89' lang='grc' dir='ltr'>δόσιν,</span> <span class='ocrx_word' id='word_1_426' title='bbox 3201 2864 3249 2915; x_wconf 83' lang='grc' dir='ltr'><strong>εί</strong></span> <span class='ocrx_word' id='word_1_427' title='bbox 3283 2863 3385 2933; x_wconf 84' lang='grc' dir='ltr'>μὲν</span> <span class='ocrx_word' id='word_1_428' title='bbox 3414 2863 3558 2924; x_wconf 79' lang='grc' dir='ltr'>ἐντὸς</span> <span class='ocrx_word' id='word_1_429' title='bbox 3581 2861 3679 2913; x_wconf 85' lang='grc' dir='ltr'>τῶν</span> 
     </span>
    </p>
   </div>
   <div class='ocr_carea' id='block_1_62' title="bbox 407 2951 1994 3055">
    <p class='ocr_par' dir='ltr' id='par_1_62' title="bbox 407 2955 1994 3028">
     <span class='ocr_line' id='line_1_62' title="bbox 407 2955 1994 3028; baseline 0.001 -17"><span class='ocrx_word' id='word_1_430' title='bbox 407 2971 526 3012; x_wconf 90' lang='lat' dir='ltr'><strong>sam</strong></span> <span class='ocrx_word' id='word_1_431' title='bbox 563 2955 667 3010; x_wconf 92' lang='lat' dir='ltr'><strong>sibi</strong></span> <span class='ocrx_word' id='word_1_432' title='bbox 713 2957 1148 3010; x_wconf 82' lang='lat' dir='ltr'><strong>controversiam</strong></span> <span class='ocrx_word' id='word_1_433' title='bbox 1183 2958 1248 3010; x_wconf 85' lang='lat' dir='ltr'><strong>ad</strong></span> <span class='ocrx_word' id='word_1_434' title='bbox 1288 2956 1420 3026; x_wconf 82' lang='lat' dir='ltr'><strong>legis</strong></span> <span class='ocrx_word' id='word_1_435' title='bbox 1459 2957 1776 3028; x_wconf 68' lang='lat' dir='ltr'><strong>praescripta</strong></span> <span class='ocrx_word' id='word_1_436' title='bbox 1807 2966 1994 3013; x_wconf 70' lang='lat' dir='ltr'><strong>exacte</strong></span> 
     </span>
    </p>
   </div>
   <div class='ocr_carea' id='block_1_63' title="bbox 2108 2951 3679 3055">
    <p class='ocr_par' dir='ltr' id='par_1_63' title="bbox 2110 2951 3679 3025">
     <span class='ocr_line' id='line_1_63' title="bbox 2110 2951 3679 3025; baseline -0.002 -18"><span class='ocrx_word' id='word_1_437' title='bbox 2110 2952 2317 3008; x_wconf 82' lang='grc' dir='ltr'>εἴκοσιν</span> <span class='ocrx_word' id='word_1_438' title='bbox 2349 2953 2574 3024; x_wconf 82' lang='grc' dir='ltr'>ἡμερῶν</span> <span class='ocrx_word' id='word_1_439' title='bbox 2601 2951 2701 3022; x_wconf 81' lang='grc' dir='ltr'>τῆς</span> <span class='ocrx_word' id='word_1_440' title='bbox 2726 2951 3064 3022; x_wconf 81' lang='grc' dir='ltr'>διασκέψεως</span> <span class='ocrx_word' id='word_1_441' title='bbox 3093 2955 3120 3007; x_wconf 85' lang='grc' dir='ltr'>ὁ</span> <span class='ocrx_word' id='word_1_442' title='bbox 3137 2955 3229 3006; x_wconf 78' lang='grc' dir='ltr'>ἐπὶ</span> <span class='ocrx_word' id='word_1_443' title='bbox 3255 2953 3321 3007; x_wconf 82' lang='grc' dir='ltr'><strong>τὸ</strong></span> <span class='ocrx_word' id='word_1_444' title='bbox 3347 2955 3679 3025; x_wconf 87' lang='grc' dir='ltr'>δικαστήριον</span> 
     </span>
    </p>
   </div>
   <div class='ocr_carea' id='block_1_64' title="bbox 400 3048 1990 3120">
    <p class='ocr_par' dir='ltr' id='par_1_64' title="bbox 400 3048 1990 3120">
     <span class='ocr_line' id='line_1_64' title="bbox 400 3048 1990 3120; baseline 0.003 -19"><span class='ocrx_word' id='word_1_445' title='bbox 400 3048 656 3115; x_wconf 87' lang='lat' dir='ltr'><strong>decidat;</strong></span> <span class='ocrx_word' id='word_1_446' title='bbox 699 3059 758 3103; x_wconf 88' lang='lat' dir='ltr'><strong>ut</strong></span> <span class='ocrx_word' id='word_1_447' title='bbox 785 3055 964 3104; x_wconf 83' lang='lat' dir='ltr'><strong>tamen</strong></span> <span class='ocrx_word' id='word_1_448' title='bbox 1018 3048 1279 3117; x_wconf 77' lang='lat' dir='ltr'><strong>litigator,</strong></span> <span class='ocrx_word' id='word_1_449' title='bbox 1320 3051 1365 3104; x_wconf 91' lang='lat' dir='ltr'><strong>si</strong></span> <span class='ocrx_word' id='word_1_450' title='bbox 1395 3065 1454 3104; x_wconf 90' lang='lat' dir='ltr'><strong>se</strong></span> <span class='ocrx_word' id='word_1_451' title='bbox 1491 3049 1694 3120; x_wconf 88' lang='lat' dir='ltr'><strong>injuria</strong></span> <span class='ocrx_word' id='word_1_452' title='bbox 1737 3050 1990 3108; x_wconf 75' lang='lat' dir='ltr'><strong>aﬂ‘ectum</strong></span> 
     </span>
    </p>
   </div>
   <div class='ocr_carea' id='block_1_65' title="bbox 403 3141 1989 3212">
    <p class='ocr_par' dir='ltr' id='par_1_65' title="bbox 403 3141 1989 3212">
     <span class='ocr_line' id='line_1_65' title="bbox 403 3141 1989 3212; baseline 0.003 -17"><span class='ocrx_word' id='word_1_453' title='bbox 403 3150 574 3212; x_wconf 90' lang='lat' dir='ltr'><strong>putet,</strong></span> <span class='ocrx_word' id='word_1_454' title='bbox 602 3156 632 3196; x_wconf 93' lang='lat' dir='ltr'><strong>a</strong></span> <span class='ocrx_word' id='word_1_455' title='bbox 656 3141 1040 3212; x_wconf 80' lang='lat' dir='ltr'><strong>provocatorio</strong></span> <span class='ocrx_word' id='word_1_456' title='bbox 1060 3141 1272 3212; x_wconf 90' lang='lat' dir='ltr'><strong>judicio</strong></span> <span class='ocrx_word' id='word_1_457' title='bbox 1300 3143 1618 3212; x_wconf 88' lang='lat' dir='ltr'><strong>neutiquam</strong></span> <span class='ocrx_word' id='word_1_458' title='bbox 1641 3145 1989 3200; x_wconf 78' lang='lat' dir='ltr'><strong>excludatur.</strong></span> 
     </span>
    </p>
   </div>
   <div class='ocr_carea' id='block_1_66' title="bbox 401 3234 1989 3308">
    <p class='ocr_par' dir='ltr' id='par_1_66' title="bbox 401 3234 1989 3308">
     <span class='ocr_line' id='line_1_66' title="bbox 401 3234 1989 3308; baseline 0.002 -20"><span class='ocrx_word' id='word_1_459' title='bbox 401 3237 579 3305; x_wconf 86' lang='lat' dir='ltr'><strong>Atque</strong></span> <span class='ocrx_word' id='word_1_460' title='bbox 605 3236 710 3290; x_wconf 89' lang='lat' dir='ltr'><strong>hoc</strong></span> <span class='ocrx_word' id='word_1_461' title='bbox 741 3234 1006 3306; x_wconf 88' lang='lat' dir='ltr'><strong>[quidem]</strong></span> <span class='ocrx_word' id='word_1_462' title='bbox 1043 3250 1238 3292; x_wconf 90' lang='lat' dir='ltr'><strong>omnes</strong></span> <span class='ocrx_word' id='word_1_463' title='bbox 1270 3251 1366 3290; x_wconf 84' lang='lat' dir='ltr'><strong>vos</strong></span> <span class='ocrx_word' id='word_1_464' title='bbox 1398 3237 1614 3306; x_wconf 87' lang='lat' dir='ltr'><strong>judices</strong></span> <span class='ocrx_word' id='word_1_465' title='bbox 1654 3253 1989 3308; x_wconf 74' lang='lat' dir='ltr'><strong>cognoscen-</strong></span> 
     </span>
    </p>
   </div>
   <div class='ocr_carea' id='block_1_67' title="bbox 401 3328 1991 3396">
    <p class='ocr_par' dir='ltr' id='par_1_67' title="bbox 401 3328 1991 3396">
     <span class='ocr_line' id='line_1_67' title="bbox 401 3328 1991 3396; baseline 0.004 -16"><span class='ocrx_word' id='word_1_466' title='bbox 401 3337 520 3393; x_wconf 89' lang='lat' dir='ltr'><strong>tes,</strong></span> <span class='ocrx_word' id='word_1_467' title='bbox 564 3328 801 3382; x_wconf 91' lang='lat' dir='ltr'><strong>nitimini</strong></span> <span class='ocrx_word' id='word_1_468' title='bbox 855 3329 1184 3385; x_wconf 87' lang='lat' dir='ltr'><strong>commissas</strong></span> <span class='ocrx_word' id='word_1_469' title='bbox 1231 3330 1386 3384; x_wconf 82' lang='lat' dir='ltr'><strong>vobis</strong></span> <span class='ocrx_word' id='word_1_470' title='bbox 1445 3330 1566 3385; x_wconf 90' lang='lat' dir='ltr'><strong>lites</strong></span> <span class='ocrx_word' id='word_1_471' title='bbox 1622 3345 1884 3396; x_wconf 86' lang='lat' dir='ltr'><strong>servare,</strong></span> <span class='ocrx_word' id='word_1_472' title='bbox 1937 3342 1991 3388; x_wconf 89' lang='lat' dir='ltr'><strong>et</strong></span> 
     </span>
    </p>
   </div>
   <div class='ocr_carea' id='block_1_68' title="bbox 400 3417 1986 3490">
    <p class='ocr_par' dir='ltr' id='par_1_68' title="bbox 400 3417 1986 3490">
     <span class='ocr_line' id='line_1_68' title="bbox 400 3417 1986 3490; baseline 0.004 -20"><span class='ocrx_word' id='word_1_473' title='bbox 400 3417 702 3486; x_wconf 79' lang='lat' dir='ltr'><strong>legitimum</strong></span> <span class='ocrx_word' id='word_1_474' title='bbox 749 3417 859 3473; x_wconf 92' lang='lat' dir='ltr'><strong>illis</strong></span> <span class='ocrx_word' id='word_1_475' title='bbox 927 3419 1090 3474; x_wconf 84' lang='lat' dir='ltr'><strong>linem</strong></span> <span class='ocrx_word' id='word_1_476' title='bbox 1144 3422 1444 3490; x_wconf 90' lang='lat' dir='ltr'><strong>imponere.</strong></span> <span class='ocrx_word' id='word_1_477' title='bbox 1499 3420 1618 3476; x_wconf 85' lang='lat' dir='ltr'><strong>Non</strong></span> <span class='ocrx_word' id='word_1_478' title='bbox 1672 3423 1788 3477; x_wconf 86' lang='lat' dir='ltr'><strong>vult</strong></span> <span class='ocrx_word' id='word_1_479' title='bbox 1839 3423 1986 3477; x_wconf 92' lang='lat' dir='ltr'><strong>enim</strong></span> 
     </span>
    </p>
   </div>
   <div class='ocr_carea' id='block_1_69' title="bbox 401 3508 1982 3583">
    <p class='ocr_par' dir='ltr' id='par_1_69' title="bbox 401 3508 1982 3583">
     <span class='ocr_line' id='line_1_69' title="bbox 401 3508 1982 3583; baseline 0.005 -21"><span class='ocrx_word' id='word_1_480' title='bbox 401 3508 751 3578; x_wconf 88' lang='lat' dir='ltr'><strong>imperatoria</strong></span> <span class='ocrx_word' id='word_1_481' title='bbox 793 3524 912 3563; x_wconf 91' lang='lat' dir='ltr'><strong>mea</strong></span> <span class='ocrx_word' id='word_1_482' title='bbox 951 3508 1241 3578; x_wconf 74' lang='lat' dir='ltr'><strong>maiestas,</strong></span> <span class='ocrx_word' id='word_1_483' title='bbox 1284 3523 1344 3565; x_wconf 89' lang='lat' dir='ltr'><strong>ut</strong></span> <span class='ocrx_word' id='word_1_484' title='bbox 1373 3519 1725 3582; x_wconf 88' lang='lat' dir='ltr'><strong>posteaquam</strong></span> <span class='ocrx_word' id='word_1_485' title='bbox 1770 3528 1835 3568; x_wconf 84' lang='lat' dir='ltr'><strong>ex</strong></span> <span class='ocrx_word' id='word_1_486' title='bbox 1868 3513 1982 3583; x_wconf 85' lang='lat' dir='ltr'><strong>jus-</strong></span> 
     </span>
    </p>
   </div>
   <div class='ocr_carea' id='block_1_70' title="bbox 399 3599 1988 3676">
    <p class='ocr_par' dir='ltr' id='par_1_70' title="bbox 399 3599 1988 3676">
     <span class='ocr_line' id='line_1_70' title="bbox 399 3599 1988 3676; baseline 0.004 -22"><span class='ocrx_word' id='word_1_487' title='bbox 399 3600 555 3654; x_wconf 87' lang='lat' dir='ltr'><strong>sione</strong></span> <span class='ocrx_word' id='word_1_488' title='bbox 581 3600 755 3669; x_wconf 88' lang='lat' dir='ltr'><strong>ipsius</strong></span> <span class='ocrx_word' id='word_1_489' title='bbox 784 3600 865 3661; x_wconf 84' lang='lat' dir='ltr'><strong>ad.</strong></span> <span class='ocrx_word' id='word_1_490' title='bbox 885 3599 1128 3668; x_wconf 91' lang='lat' dir='ltr'><strong>judicem</strong></span> <span class='ocrx_word' id='word_1_491' title='bbox 1157 3602 1469 3672; x_wconf 88' lang='lat' dir='ltr'><strong>quempiam</strong></span> <span class='ocrx_word' id='word_1_492' title='bbox 1499 3602 1727 3676; x_wconf 81' lang='lat' dir='ltr'><strong>[aliqua]</strong></span> <span class='ocrx_word' id='word_1_493' title='bbox 1760 3615 1988 3662; x_wconf 88' lang='lat' dir='ltr'><strong>contro-</strong></span> 
     </span>
    </p>
   </div>
   <div class='ocr_carea' id='block_1_71' title="bbox 401 3691 1986 3767">
    <p class='ocr_par' dir='ltr' id='par_1_71' title="bbox 401 3691 1986 3767">
     <span class='ocr_line' id='line_1_71' title="bbox 401 3691 1986 3767; baseline 0.004 -21"><span class='ocrx_word' id='word_1_494' title='bbox 401 3691 580 3746; x_wconf 78' lang='lat' dir='ltr'><strong>versia</strong></span> <span class='ocrx_word' id='word_1_495' title='bbox 625 3691 956 3747; x_wconf 81' lang='lat' dir='ltr'><strong>transmissa</strong></span> <span class='ocrx_word' id='word_1_496' title='bbox 1013 3691 1212 3759; x_wconf 83' lang='lat' dir='ltr'><strong>fuerit,</strong></span> <span class='ocrx_word' id='word_1_497' title='bbox 1270 3709 1368 3763; x_wconf 91' lang='lat' dir='ltr'><strong>per</strong></span> <span class='ocrx_word' id='word_1_498' title='bbox 1450 3697 1986 3767; x_wconf 88' lang='lat' dir='ltr'><strong>cujusmodicunque</strong></span> 
     </span>
    </p>
   </div>
   <div class='ocr_carea' id='block_1_72' title="bbox 397 3783 1983 3860">
    <p class='ocr_par' dir='ltr' id='par_1_72' title="bbox 397 3783 1983 3860">
     <span class='ocr_line' id='line_1_72' title="bbox 397 3783 1983 3860; baseline 0.004 -22"><span class='ocrx_word' id='word_1_499' title='bbox 397 3783 673 3854; x_wconf 70' lang='lat' dir='ltr'><strong>[osterius</strong></span> <span class='ocrx_word' id='word_1_500' title='bbox 695 3783 984 3853; x_wconf 88' lang='lat' dir='ltr'><strong>scriptum,</strong></span> <span class='ocrx_word' id='word_1_501' title='bbox 1007 3785 1154 3854; x_wconf 89' lang='lat' dir='ltr'><strong>quod</strong></span> <span class='ocrx_word' id='word_1_502' title='bbox 1183 3788 1618 3843; x_wconf 88' lang='lat' dir='ltr'><strong>controversiam</strong></span> <span class='ocrx_word' id='word_1_503' title='bbox 1653 3789 1718 3843; x_wconf 92' lang='lat' dir='ltr'><strong>ad</strong></span> <span class='ocrx_word' id='word_1_504' title='bbox 1746 3791 1983 3860; x_wconf 80' lang='lat' dir='ltr'><strong>impera-</strong></span> 
     </span>
    </p>
   </div>
   <div class='ocr_carea' id='block_1_73' title="bbox 400 3877 1982 3951">
    <p class='ocr_par' dir='ltr' id='par_1_73' title="bbox 400 3877 1982 3951">
     <span class='ocr_line' id='line_1_73' title="bbox 400 3877 1982 3951; baseline 0.006 -21"><span class='ocrx_word' id='word_1_505' title='bbox 400 3877 594 3930; x_wconf 78' lang='lat' dir='ltr'><strong>loriam</strong></span> <span class='ocrx_word' id='word_1_506' title='bbox 647 3891 825 3930; x_wconf 87' lang='lat' dir='ltr'><strong>meam</strong></span> <span class='ocrx_word' id='word_1_507' title='bbox 897 3877 1240 3948; x_wconf 88' lang='lat' dir='ltr'><strong>majestatem</strong></span> <span class='ocrx_word' id='word_1_508' title='bbox 1321 3881 1596 3937; x_wconf 86' lang='lat' dir='ltr'><strong>introduci</strong></span> <span class='ocrx_word' id='word_1_509' title='bbox 1651 3883 1982 3951; x_wconf 86' lang='lat' dir='ltr'><strong>demandet,</strong></span> 
     </span>
    </p>
   </div>
   <div class='ocr_carea' id='block_1_74' title="bbox 396 3968 1982 4045">
    <p class='ocr_par' dir='ltr' id='par_1_74' title="bbox 396 3968 1982 4045">
     <span class='ocr_line' id='line_1_74' title="bbox 396 3968 1982 4045; baseline 0.005 -23"><span class='ocrx_word' id='word_1_510' title='bbox 396 3968 639 4038; x_wconf 83' lang='lat' dir='ltr'><strong>cognitio</strong></span> <span class='ocrx_word' id='word_1_511' title='bbox 691 3969 1061 4038; x_wconf 88' lang='lat' dir='ltr'><strong>impediatur;</strong></span> <span class='ocrx_word' id='word_1_512' title='bbox 1106 3973 1200 4028; x_wconf 88' lang='lat' dir='ltr'><strong>sed</strong></span> <span class='ocrx_word' id='word_1_513' title='bbox 1267 3985 1327 4027; x_wconf 90' lang='lat' dir='ltr'><strong>ut</strong></span> <span class='ocrx_word' id='word_1_514' title='bbox 1382 3974 1473 4028; x_wconf 89' lang='lat' dir='ltr'><strong>illa</strong></span> <span class='ocrx_word' id='word_1_515' title='bbox 1542 3976 1684 4045; x_wconf 84' lang='lat' dir='ltr'><strong>apud</strong></span> <span class='ocrx_word' id='word_1_516' title='bbox 1731 3977 1982 4031; x_wconf 89' lang='lat' dir='ltr'><strong>eumdem</strong></span> 
     </span>
    </p>
   </div>
   <div class='ocr_carea' id='block_1_75' title="bbox 390 4063 1984 4139">
    <p class='ocr_par' dir='ltr' id='par_1_75' title="bbox 390 4063 1984 4139">
     <span class='ocr_line' id='line_1_75' title="bbox 390 4063 1984 4139; baseline 0.006 -23"><span class='ocrx_word' id='word_1_517' title='bbox 390 4063 656 4131; x_wconf 87' lang='lat' dir='ltr'><strong>judicem,</strong></span> <span class='ocrx_word' id='word_1_518' title='bbox 685 4072 777 4118; x_wconf 86' lang='lat' dir='ltr'><strong>aut</strong></span> <span class='ocrx_word' id='word_1_519' title='bbox 801 4063 885 4135; x_wconf 87' lang='lat' dir='ltr'><strong>(ut</strong></span> <span class='ocrx_word' id='word_1_520' title='bbox 916 4066 1170 4135; x_wconf 85' lang='lat' dir='ltr'><strong>superius</strong></span> <span class='ocrx_word' id='word_1_521' title='bbox 1187 4065 1393 4121; x_wconf 89' lang='lat' dir='ltr'><strong>dictum</strong></span> <span class='ocrx_word' id='word_1_522' title='bbox 1421 4067 1527 4139; x_wconf 90' lang='lat' dir='ltr'><strong>est)</strong></span> <span class='ocrx_word' id='word_1_523' title='bbox 1555 4065 1746 4139; x_wconf 75' lang='lat' dir='ltr'><strong>[apud]</strong></span> <span class='ocrx_word' id='word_1_524' title='bbox 1770 4069 1984 4138; x_wconf 89' lang='lat' dir='ltr'><strong>judices</strong></span> 
     </span>
    </p>
   </div>
   <div class='ocr_carea' id='block_1_76' title="bbox 2107 3046 3682 3119">
    <p class='ocr_par' dir='ltr' id='par_1_76' title="bbox 2107 3046 3682 3119">
     <span class='ocr_line' id='line_1_76' title="bbox 2107 3046 3682 3119; baseline 0 -19"><span class='ocrx_word' id='word_1_525' title='bbox 2107 3048 2398 3119; x_wconf 76' lang='grc' dir='ltr'>ἑλκόμενος</span> <span class='ocrx_word' id='word_1_526' title='bbox 2429 3047 2583 3100; x_wconf 84' lang='grc' dir='ltr'>λύσιν</span> <span class='ocrx_word' id='word_1_527' title='bbox 2603 3047 2702 3117; x_wconf 86' lang='grc' dir='ltr'>τῆς</span> <span class='ocrx_word' id='word_1_528' title='bbox 2729 3046 3006 3117; x_wconf 88' lang='grc' dir='ltr'>βασιλείας</span> <span class='ocrx_word' id='word_1_529' title='bbox 3027 3046 3185 3117; x_wconf 80' lang='grc' dir='ltr'>ἡμῶν</span> <span class='ocrx_word' id='word_1_530' title='bbox 3232 3049 3542 3119; x_wconf 83' lang='grc' dir='ltr'>πορίσεται,</span> <span class='ocrx_word' id='word_1_531' title='bbox 3597 3047 3682 3100; x_wconf 82' lang='grc' dir='ltr'><strong>καὶ</strong></span> 
     </span>
    </p>
   </div>
   <div class='ocr_carea' id='block_1_77' title="bbox 2105 3135 3677 3209">
    <p class='ocr_par' dir='ltr' id='par_1_77' title="bbox 2105 3135 3677 3209">
     <span class='ocr_line' id='line_1_77' title="bbox 2105 3135 3677 3209; baseline 0 -19"><span class='ocrx_word' id='word_1_532' title='bbox 2105 3138 2292 3209; x_wconf 74' lang='grc' dir='ltr'>ἕτερον</span> <span class='ocrx_word' id='word_1_533' title='bbox 2322 3135 2585 3207; x_wconf 83' lang='grc' dir='ltr'>δικαστὴν</span> <span class='ocrx_word' id='word_1_534' title='bbox 2607 3135 2686 3207; x_wconf 84' lang='grc' dir='ltr'>τῷ</span> <span class='ocrx_word' id='word_1_535' title='bbox 2718 3137 2802 3206; x_wconf 81' lang='grc' dir='ltr'><strong>ἐφ’</strong></span> <span class='ocrx_word' id='word_1_536' title='bbox 2841 3135 2902 3190; x_wconf 83' lang='grc' dir='ltr'>ὃν</span> <span class='ocrx_word' id='word_1_537' title='bbox 2932 3137 3201 3208; x_wconf 89' lang='grc' dir='ltr'>πρότερον</span> <span class='ocrx_word' id='word_1_538' title='bbox 3253 3137 3618 3208; x_wconf 83' lang='grc' dir='ltr'>παρεπέμφθη</span> <span class='ocrx_word' id='word_1_539' title='bbox 3647 3138 3677 3207; x_wconf 87' lang='grc' dir='ltr'>ή</span> 
     </span>
    </p>
   </div>
   <div class='ocr_carea' id='block_1_78' title="bbox 2103 3229 3679 3304">
    <p class='ocr_par' dir='ltr' id='par_1_78' title="bbox 2103 3229 3679 3304">
     <span class='ocr_line' id='line_1_78' title="bbox 2103 3229 3679 3304; baseline -0.001 -20"><span class='ocrx_word' id='word_1_540' title='bbox 2103 3232 2228 3304; x_wconf 80' lang='grc' dir='ltr'>δίκη</span> <span class='ocrx_word' id='word_1_541' title='bbox 2253 3229 2773 3300; x_wconf 77' lang='grc' dir='ltr'>παραζευγνύουσαν</span> <span class='ocrx_word' id='word_1_542' title='bbox 2809 3230 3049 3285; x_wconf 86' lang='grc' dir='ltr'>συνιέναι</span> <span class='ocrx_word' id='word_1_543' title='bbox 3067 3230 3192 3295; x_wconf 81' lang='grc' dir='ltr'>τοὺς</span> <span class='ocrx_word' id='word_1_544' title='bbox 3217 3231 3532 3304; x_wconf 87' lang='grc' dir='ltr'>όρισθέντας</span> <span class='ocrx_word' id='word_1_545' title='bbox 3553 3232 3679 3284; x_wconf 83' lang='grc' dir='ltr'><strong>κατά</strong></span> 
     </span>
    </p>
   </div>
   <div class='ocr_carea' id='block_1_79' title="bbox 2101 3323 3681 3394">
    <p class='ocr_par' dir='ltr' id='par_1_79' title="bbox 2101 3323 3681 3394">
     <span class='ocr_line' id='line_1_79' title="bbox 2101 3323 3681 3394; baseline -0.003 -15"><span class='ocrx_word' id='word_1_546' title='bbox 2101 3326 2297 3379; x_wconf 88' lang='grc' dir='ltr'>ταυτὸν</span> <span class='ocrx_word' id='word_1_547' title='bbox 2332 3325 2592 3387; x_wconf 84' lang='grc' dir='ltr'>δικαστὰς</span> <span class='ocrx_word' id='word_1_548' title='bbox 2628 3325 2723 3378; x_wconf 72' lang='grc' dir='ltr'>καὶ</span> <span class='ocrx_word' id='word_1_549' title='bbox 2748 3323 2846 3394; x_wconf 85' lang='grc' dir='ltr'><strong>τὴν</strong></span> <span class='ocrx_word' id='word_1_550' title='bbox 2873 3324 2934 3376; x_wconf 88' lang='grc' dir='ltr'><strong>τὸ</strong></span> <span class='ocrx_word' id='word_1_551' title='bbox 2964 3324 3065 3394; x_wconf 83' lang='grc' dir='ltr'><strong>μὲν</strong></span> <span class='ocrx_word' id='word_1_552' title='bbox 3096 3324 3328 3392; x_wconf 78' lang='grc' dir='ltr'>ἐπάγειν</span> <span class='ocrx_word' id='word_1_553' title='bbox 3375 3327 3485 3388; x_wconf 84' lang='grc' dir='ltr'>τοῖς</span> <span class='ocrx_word' id='word_1_554' title='bbox 3521 3324 3681 3393; x_wconf 86' lang='grc' dir='ltr'>ἀμφι-</span> 
     </span>
    </p>
   </div>
   <div class='ocr_carea' id='block_1_80' title="bbox 2105 3415 3678 3490">
    <p class='ocr_par' dir='ltr' id='par_1_80' title="bbox 2105 3415 3678 3490">
     <span class='ocr_line' id='line_1_80' title="bbox 2105 3415 3678 3490; baseline -0.001 -18"><span class='ocrx_word' id='word_1_555' title='bbox 2105 3421 2278 3483; x_wconf 70' lang='grc' dir='ltr'><strong>ϐάλοις⁹</strong></span> <span class='ocrx_word' id='word_1_556' title='bbox 2326 3419 2571 3489; x_wconf 74' lang='grc' dir='ltr'>ἔννομον.</span> <span class='ocrx_word' id='word_1_557' title='bbox 2627 3418 2691 3470; x_wconf 83' lang='lat' dir='ltr'><strong>El</strong></span> <span class='ocrx_word' id='word_1_558' title='bbox 2722 3415 2767 3469; x_wconf 89' lang='grc' dir='ltr'>δ’</span> <span class='ocrx_word' id='word_1_559' title='bbox 2797 3416 2955 3470; x_wconf 83' lang='grc' dir='ltr'>ὁτῶν</span> <span class='ocrx_word' id='word_1_560' title='bbox 3009 3419 3186 3472; x_wconf 63' lang='grc' dir='ltr'>εἴκοσι</span> <span class='ocrx_word' id='word_1_561' title='bbox 3218 3419 3449 3490; x_wconf 82' lang='grc' dir='ltr'>ἡμερῶν</span> <span class='ocrx_word' id='word_1_562' title='bbox 3509 3434 3678 3488; x_wconf 83' lang='grc' dir='ltr'>παρα-</span> 
     </span>
    </p>
   </div>
   <div class='ocr_carea' id='block_1_81' title="bbox 2101 3509 3678 3585">
    <p class='ocr_par' dir='ltr' id='par_1_81' title="bbox 2101 3509 3678 3585">
     <span class='ocr_line' id='line_1_81' title="bbox 2101 3509 3678 3585; baseline -0.004 -18"><span class='ocrx_word' id='word_1_563' title='bbox 2101 3513 2286 3585; x_wconf 77' lang='grc' dir='ltr'>δράμῃ</span> <span class='ocrx_word' id='word_1_564' title='bbox 2343 3511 2574 3584; x_wconf 85' lang='grc' dir='ltr'>χρόνος,</span> <span class='ocrx_word' id='word_1_565' title='bbox 2647 3511 2786 3581; x_wconf 84' lang='grc' dir='ltr'><strong>μετά</strong></span> <span class='ocrx_word' id='word_1_566' title='bbox 2814 3509 3178 3578; x_wconf 84' lang='grc' dir='ltr'>συνδικαστὴν</span> <span class='ocrx_word' id='word_1_567' title='bbox 3263 3509 3457 3580; x_wconf 74' lang='grc' dir='ltr'>ἕτερον</span> <span class='ocrx_word' id='word_1_568' title='bbox 3512 3524 3678 3578; x_wconf 86' lang='grc' dir='ltr'>παρα-</span> 
     </span>
    </p>
   </div>
   <div class='ocr_carea' id='block_1_82' title="bbox 2101 3599 3680 3676">
    <p class='ocr_par' dir='ltr' id='par_1_82' title="bbox 2101 3599 3680 3676">
     <span class='ocr_line' id='line_1_82' title="bbox 2101 3599 3680 3676; baseline -0.006 -17"><span class='ocrx_word' id='word_1_569' title='bbox 2101 3603 2374 3676; x_wconf 80' lang='grc' dir='ltr'>δέχεσθαι,</span> <span class='ocrx_word' id='word_1_570' title='bbox 2431 3604 2513 3657; x_wconf 82' lang='grc' dir='ltr'><strong>ὄτι</strong></span> <span class='ocrx_word' id='word_1_571' title='bbox 2553 3600 2651 3655; x_wconf 71' lang='grc' dir='ltr'><strong>καὶ</strong></span> <span class='ocrx_word' id='word_1_572' title='bbox 2696 3601 2775 3671; x_wconf 82' lang='grc' dir='ltr'><strong>τῷ</strong></span> <span class='ocrx_word' id='word_1_573' title='bbox 2816 3601 2968 3671; x_wconf 85' lang='grc' dir='ltr'>νόμῳ</span> <span class='ocrx_word' id='word_1_574' title='bbox 2994 3599 3173 3672; x_wconf 88' lang='grc' dir='ltr'>τούτῳ</span> <span class='ocrx_word' id='word_1_575' title='bbox 3203 3601 3377 3668; x_wconf 86' lang='grc' dir='ltr'>δοκεῖ,</span> <span class='ocrx_word' id='word_1_576' title='bbox 3413 3604 3548 3674; x_wconf 82' lang='grc' dir='ltr'>μήτε</span> <span class='ocrx_word' id='word_1_577' title='bbox 3582 3599 3680 3670; x_wconf 83' lang='grc' dir='ltr'>μὴν</span> 
     </span>
    </p>
   </div>
   <div class='ocr_carea' id='block_1_83' title="bbox 2103 3693 3676 3769">
    <p class='ocr_par' dir='ltr' id='par_1_83' title="bbox 2103 3693 3676 3769">
     <span class='ocr_line' id='line_1_83' title="bbox 2103 3693 3676 3769; baseline -0.004 -19"><span class='ocrx_word' id='word_1_578' title='bbox 2103 3695 2376 3769; x_wconf 86' lang='grc' dir='ltr'>προφάσει</span> <span class='ocrx_word' id='word_1_579' title='bbox 2431 3693 2527 3748; x_wconf 81' lang='grc' dir='ltr'><strong>τοῦ</strong></span> <span class='ocrx_word' id='word_1_580' title='bbox 2585 3695 2679 3746; x_wconf 71' lang='grc' dir='ltr'>ἐπὶ</span> <span class='ocrx_word' id='word_1_581' title='bbox 2704 3693 2764 3746; x_wconf 88' lang='grc' dir='ltr'><strong>τὸ</strong></span> <span class='ocrx_word' id='word_1_582' title='bbox 2793 3693 2890 3763; x_wconf 81' lang='grc' dir='ltr'>τῆς</span> <span class='ocrx_word' id='word_1_583' title='bbox 2922 3693 3197 3764; x_wconf 89' lang='grc' dir='ltr'>βασιλείας</span> <span class='ocrx_word' id='word_1_584' title='bbox 3236 3711 3342 3763; x_wconf 93' lang='grc' dir='ltr'>μου</span> <span class='ocrx_word' id='word_1_585' title='bbox 3373 3695 3526 3766; x_wconf 80' lang='grc' dir='ltr'>βῆμα</span> <span class='ocrx_word' id='word_1_586' title='bbox 3569 3694 3676 3762; x_wconf 85' lang='grc' dir='ltr'>όρι-</span> 
     </span>
    </p>
   </div>
   <div class='ocr_carea' id='block_1_84' title="bbox 2104 3783 3679 3862">
    <p class='ocr_par' dir='ltr' id='par_1_84' title="bbox 2104 3783 3679 3862">
     <span class='ocr_line' id='line_1_84' title="bbox 2104 3783 3679 3862; baseline -0.004 -20"><span class='ocrx_word' id='word_1_587' title='bbox 2104 3791 2294 3862; x_wconf 81' lang='grc' dir='ltr'>σθῆναι</span> <span class='ocrx_word' id='word_1_588' title='bbox 2327 3789 2457 3852; x_wconf 78' lang='grc' dir='ltr'>ἴσως</span> <span class='ocrx_word' id='word_1_589' title='bbox 2483 3789 2540 3852; x_wconf 82' lang='grc' dir='ltr'><strong>ἐς</strong></span> <span class='ocrx_word' id='word_1_590' title='bbox 2573 3785 2801 3857; x_wconf 77' lang='grc' dir='ltr'>ὕστερον</span> <span class='ocrx_word' id='word_1_591' title='bbox 2830 3785 2930 3858; x_wconf 79' lang='grc' dir='ltr'>τὴν</span> <span class='ocrx_word' id='word_1_592' title='bbox 2969 3786 3128 3857; x_wconf 87' lang='grc' dir='ltr'>δίκην</span> <span class='ocrx_word' id='word_1_593' title='bbox 3156 3786 3408 3854; x_wconf 85' lang='grc' dir='ltr'>γίνεσθαι</span> <span class='ocrx_word' id='word_1_594' title='bbox 3464 3783 3679 3852; x_wconf 82' lang='grc' dir='ltr'>εἰσαγὼ-</span> 
     </span>
    </p>
   </div>
   <div class='ocr_carea' id='block_1_85' title="bbox 2101 3875 3678 3955">
    <p class='ocr_par' dir='ltr' id='par_1_85' title="bbox 2101 3875 3678 3955">
     <span class='ocr_line' id='line_1_85' title="bbox 2101 3875 3678 3955; baseline -0.006 -17"><span class='ocrx_word' id='word_1_595' title='bbox 2101 3902 2262 3955; x_wconf 79' lang='grc' dir='ltr'>γιμον</span> <span class='ocrx_word' id='word_1_596' title='bbox 2302 3880 2698 3954; x_wconf 69' lang='grc' dir='ltr'>ἐμποδίζεσθαι</span> <span class='ocrx_word' id='word_1_597' title='bbox 2741 3880 2878 3944; x_wconf 83' lang='grc' dir='ltr'>ὅλως</span> <span class='ocrx_word' id='word_1_598' title='bbox 2925 3881 3006 3943; x_wconf 78' lang='grc' dir='ltr'>εἰς</span> <span class='ocrx_word' id='word_1_599' title='bbox 3041 3879 3140 3950; x_wconf 82' lang='grc' dir='ltr'><strong>τὴν</strong></span> <span class='ocrx_word' id='word_1_600' title='bbox 3177 3878 3494 3947; x_wconf 78' lang='grc' dir='ltr'>διάγνωσιν,</span> <span class='ocrx_word' id='word_1_601' title='bbox 3554 3875 3678 3930; x_wconf 79' lang='grc' dir='ltr'>ἀλλὰ</span> 
     </span>
    </p>
   </div>
   <div class='ocr_carea' id='block_1_86' title="bbox 2099 3969 3680 4047">
    <p class='ocr_par' dir='ltr' id='par_1_86' title="bbox 2099 3969 3680 4047">
     <span class='ocr_line' id='line_1_86' title="bbox 2099 3969 3680 4047; baseline -0.006 -17"><span class='ocrx_word' id='word_1_602' title='bbox 2099 3978 2318 4047; x_wconf 85' lang='grc' dir='ltr'>τέμνειν</span> <span class='ocrx_word' id='word_1_603' title='bbox 2368 3975 2467 4045; x_wconf 85' lang='grc' dir='ltr'>τὴν</span> <span class='ocrx_word' id='word_1_604' title='bbox 2537 3972 3028 4042; x_wconf 84' lang='grc' dir='ltr'>καταπεμφθεῖσαν</span> <span class='ocrx_word' id='word_1_605' title='bbox 3085 3971 3279 4026; x_wconf 88' lang='grc' dir='ltr'>τούτου</span> <span class='ocrx_word' id='word_1_606' title='bbox 3357 3969 3680 4043; x_wconf 87' lang='grc' dir='ltr'>ἀμφιϐολίαν</span> 
     </span>
    </p>
   </div>
   <div class='ocr_carea' id='block_1_87' title="bbox 2103 4062 3678 4140">
    <p class='ocr_par' dir='ltr' id='par_1_87' title="bbox 2103 4062 3678 4140">
     <span class='ocr_line' id='line_1_87' title="bbox 2103 4062 3678 4140; baseline -0.004 -19"><span class='ocrx_word' id='word_1_607' title='bbox 2103 4069 2242 4140; x_wconf 86' lang='grc' dir='ltr'><strong>μετά</strong></span> <span class='ocrx_word' id='word_1_608' title='bbox 2278 4067 2378 4137; x_wconf 77' lang='grc' dir='ltr'>τὴν</span> <span class='ocrx_word' id='word_1_609' title='bbox 2410 4064 2505 4119; x_wconf 79' lang='grc' dir='ltr'><strong>τοῦ</strong></span> <span class='ocrx_word' id='word_1_610' title='bbox 2534 4065 2700 4134; x_wconf 87' lang='grc' dir='ltr'>νόμου</span> <span class='ocrx_word' id='word_1_611' title='bbox 2762 4063 3071 4136; x_wconf 87' lang='grc' dir='ltr'>ἀκρίϐειαν,</span> <span class='ocrx_word' id='word_1_612' title='bbox 3130 4064 3205 4136; x_wconf 83' lang='grc' dir='ltr'>μὴ</span> <span class='ocrx_word' id='word_1_613' title='bbox 3255 4062 3678 4133; x_wconf 85' lang='grc' dir='ltr'>ἀποκλειομένου</span> 
     </span>
    </p>
   </div>
   <div class='ocr_carea' id='block_1_88' title="bbox 394 4153 1994 4230">
    <p class='ocr_par' dir='ltr' id='par_1_88' title="bbox 394 4153 1982 4230">
     <span class='ocr_line' id='line_1_88' title="bbox 394 4153 1982 4230; baseline 0.006 -24"><span class='ocrx_word' id='word_1_614' title='bbox 394 4155 536 4208; x_wconf 83' lang='lat' dir='ltr'><strong>intra</strong></span> <span class='ocrx_word' id='word_1_615' title='bbox 565 4153 757 4224; x_wconf 87' lang='lat' dir='ltr'><strong>viginti</strong></span> <span class='ocrx_word' id='word_1_616' title='bbox 783 4156 1118 4225; x_wconf 83' lang='lat' dir='ltr'><strong>cognitionis</strong></span> <span class='ocrx_word' id='word_1_617' title='bbox 1153 4156 1271 4211; x_wconf 89' lang='lat' dir='ltr'><strong>dies</strong></span> <span class='ocrx_word' id='word_1_618' title='bbox 1305 4156 1464 4228; x_wconf 81' lang='lat' dir='ltr'><strong>[una]</strong></span> <span class='ocrx_word' id='word_1_619' title='bbox 1500 4173 1624 4213; x_wconf 91' lang='lat' dir='ltr'><strong>cum</strong></span> <span class='ocrx_word' id='word_1_620' title='bbox 1658 4161 1774 4230; x_wconf 92' lang='lat' dir='ltr'><strong>ipso</strong></span> <span class='ocrx_word' id='word_1_621' title='bbox 1801 4161 1982 4226; x_wconf 91' lang='lat' dir='ltr'><strong>datos,</strong></span> 
     </span>
    </p>
   </div>
   <div class='ocr_carea' id='block_1_89' title="bbox 2108 4153 3678 4230">
    <p class='ocr_par' dir='ltr' id='par_1_89' title="bbox 2108 4156 3678 4230">
     <span class='ocr_line' id='line_1_89' title="bbox 2108 4156 3678 4230; baseline -0.004 -15"><span class='ocrx_word' id='word_1_622' title='bbox 2108 4162 2316 4224; x_wconf 87' lang='grc' dir='ltr'>πάντως</span> <span class='ocrx_word' id='word_1_623' title='bbox 2353 4159 2431 4230; x_wconf 80' lang='grc' dir='ltr'><strong>τῷ</strong></span> <span class='ocrx_word' id='word_1_624' title='bbox 2460 4156 2802 4228; x_wconf 79' lang='grc' dir='ltr'>δικαζομένῳ</span> <span class='ocrx_word' id='word_1_625' title='bbox 2849 4156 2944 4210; x_wconf 78' lang='grc' dir='ltr'>τοῦ</span> <span class='ocrx_word' id='word_1_626' title='bbox 2973 4157 3073 4226; x_wconf 76' lang='grc' dir='ltr'>τῆς</span> <span class='ocrx_word' id='word_1_627' title='bbox 3104 4156 3375 4228; x_wconf 80' lang='grc' dir='ltr'>ὲκκλήτου</span> <span class='ocrx_word' id='word_1_628' title='bbox 3431 4157 3678 4223; x_wconf 83' lang='grc' dir='ltr'>δικαστη-</span> 
     </span>
    </p>
   </div>
   <div class='ocr_carea' id='block_1_90' title="bbox 395 4246 1994 4324">
    <p class='ocr_par' dir='ltr' id='par_1_90' title="bbox 395 4246 1982 4322">
     <span class='ocr_line' id='line_1_90' title="bbox 395 4246 1982 4322; baseline 0.004 -22"><span class='ocrx_word' id='word_1_629' title='bbox 395 4262 570 4316; x_wconf 88' lang='lat' dir='ltr'><strong>usque</strong></span> <span class='ocrx_word' id='word_1_630' title='bbox 601 4248 670 4302; x_wconf 88' lang='lat' dir='ltr'><strong>ad</strong></span> <span class='ocrx_word' id='word_1_631' title='bbox 697 4246 882 4312; x_wconf 79' lang='lat' dir='ltr'><strong>linem,</strong></span> <span class='ocrx_word' id='word_1_632' title='bbox 928 4248 1003 4302; x_wconf 91' lang='lat' dir='ltr'><strong>ita</strong></span> <span class='ocrx_word' id='word_1_633' title='bbox 1035 4257 1096 4303; x_wconf 89' lang='lat' dir='ltr'><strong>ut</strong></span> <span class='ocrx_word' id='word_1_634' title='bbox 1117 4249 1367 4304; x_wconf 88' lang='lat' dir='ltr'><strong>subtrahi</strong></span> <span class='ocrx_word' id='word_1_635' title='bbox 1405 4265 1513 4304; x_wconf 92' lang='lat' dir='ltr'><strong>non</strong></span> <span class='ocrx_word' id='word_1_636' title='bbox 1543 4253 1750 4321; x_wconf 87' lang='lat' dir='ltr'><strong>possit,</strong></span> <span class='ocrx_word' id='word_1_637' title='bbox 1789 4269 1982 4322; x_wconf 90' lang='lat' dir='ltr'><strong>proce-</strong></span> 
     </span>
    </p>
   </div>
   <div class='ocr_carea' id='block_1_91' title="bbox 2108 4246 3677 4324">
    <p class='ocr_par' dir='ltr' id='par_1_91' title="bbox 2108 4248 3677 4324">
     <span class='ocr_line' id='line_1_91' title="bbox 2108 4248 3677 4324; baseline -0.004 -19"><span class='ocrx_word' id='word_1_638' title='bbox 2108 4253 2239 4324; x_wconf 78' lang='grc' dir='ltr'>ρίου.</span> <span class='ocrx_word' id='word_1_639' title='bbox 2275 4250 2406 4320; x_wconf 81' lang='grc' dir='ltr'>Εἵγε</span> <span class='ocrx_word' id='word_1_640' title='bbox 2441 4248 2744 4319; x_wconf 83' lang='grc' dir='ltr'>βεϐλάφθαι</span> <span class='ocrx_word' id='word_1_641' title='bbox 2776 4249 2966 4313; x_wconf 74' lang='grc' dir='ltr'>οἴεται,</span> <span class='ocrx_word' id='word_1_642' title='bbox 3003 4249 3097 4300; x_wconf 76' lang='grc' dir='ltr'><strong>καὶ</strong></span> <span class='ocrx_word' id='word_1_643' title='bbox 3127 4248 3285 4300; x_wconf 77' lang='grc' dir='ltr'>τοῦτο</span> <span class='ocrx_word' id='word_1_644' title='bbox 3311 4249 3516 4312; x_wconf 85' lang='grc' dir='ltr'>πάντες</span> <span class='ocrx_word' id='word_1_645' title='bbox 3533 4249 3677 4317; x_wconf 84' lang='grc' dir='ltr'>ὑμεῖς</span> 
     </span>
    </p>
   </div>
   <div class='ocr_carea' id='block_1_92' title="bbox 393 4336 1994 4414">
    <p class='ocr_par' dir='ltr' id='par_1_92' title="bbox 393 4336 1986 4414">
     <span class='ocr_line' id='line_1_92' title="bbox 393 4336 1986 4414; baseline 0.005 -23"><span class='ocrx_word' id='word_1_646' title='bbox 393 4340 516 4403; x_wconf 87' lang='lat' dir='ltr'><strong>dat;</strong></span> <span class='ocrx_word' id='word_1_647' title='bbox 545 4353 608 4391; x_wconf 89' lang='lat' dir='ltr'><strong>ac</strong></span> <span class='ocrx_word' id='word_1_648' title='bbox 637 4336 1046 4406; x_wconf 88' lang='lat' dir='ltr'><strong>postjudicium</strong></span> <span class='ocrx_word' id='word_1_649' title='bbox 1073 4339 1288 4394; x_wconf 87' lang='lat' dir='ltr'><strong>finitum</strong></span> <span class='ocrx_word' id='word_1_650' title='bbox 1319 4339 1371 4394; x_wconf 88' lang='lat' dir='ltr'><strong>ei</strong></span> <span class='ocrx_word' id='word_1_651' title='bbox 1396 4340 1491 4410; x_wconf 89' lang='lat' dir='ltr'><strong>qui</strong></span> <span class='ocrx_word' id='word_1_652' title='bbox 1522 4339 1758 4398; x_wconf 81' lang='lat' dir='ltr'><strong>fortasse</strong></span> <span class='ocrx_word' id='word_1_653' title='bbox 1784 4344 1986 4414; x_wconf 87' lang='lat' dir='ltr'><strong>injuria</strong></span> 
     </span>
    </p>
   </div>
   <div class='ocr_carea' id='block_1_93' title="bbox 2108 4336 3678 4414">
    <p class='ocr_par' dir='ltr' id='par_1_93' title="bbox 2108 4339 3678 4414">
     <span class='ocr_line' id='line_1_93' title="bbox 2108 4339 3678 4414; baseline -0.004 -16"><span class='ocrx_word' id='word_1_654' title='bbox 2108 4344 2459 4414; x_wconf 80' lang='grc' dir='ltr'>γινώσκοντες</span> <span class='ocrx_word' id='word_1_655' title='bbox 2491 4343 2540 4395; x_wconf 77' lang='grc' dir='ltr'><strong>οἱ</strong></span> <span class='ocrx_word' id='word_1_656' title='bbox 2583 4339 2895 4405; x_wconf 78' lang='grc' dir='ltr'>δικάζοντες</span> <span class='ocrx_word' id='word_1_657' title='bbox 2931 4340 3193 4393; x_wconf 78' lang='grc' dir='ltr'>σπεύδετε</span> <span class='ocrx_word' id='word_1_658' title='bbox 3248 4342 3352 4406; x_wconf 74' lang='grc' dir='ltr'>τὰς</span> <span class='ocrx_word' id='word_1_659' title='bbox 3409 4340 3678 4395; x_wconf 83' lang='grc' dir='ltr'>ἀνατεθει-</span> 
     </span>
    </p>
   </div>
   <div class='ocr_carea' id='block_1_94' title="bbox 392 4429 1994 4509">
    <p class='ocr_par' dir='ltr' id='par_1_94' title="bbox 392 4429 1994 4507">
     <span class='ocr_line' id='line_1_94' title="bbox 392 4429 1994 4507; baseline 0.006 -23"><span class='ocrx_word' id='word_1_660' title='bbox 392 4445 452 4484; x_wconf 85' lang='lat' dir='ltr'><strong>se</strong></span> <span class='ocrx_word' id='word_1_661' title='bbox 483 4429 738 4484; x_wconf 80' lang='lat' dir='ltr'><strong>alTectum</strong></span> <span class='ocrx_word' id='word_1_662' title='bbox 782 4430 1013 4500; x_wconf 88' lang='lat' dir='ltr'><strong>putabit,</strong></span> <span class='ocrx_word' id='word_1_663' title='bbox 1040 4429 1272 4488; x_wconf 84' lang='lat' dir='ltr'><strong>facultas</strong></span> <span class='ocrx_word' id='word_1_664' title='bbox 1311 4433 1402 4500; x_wconf 87' lang='lat' dir='ltr'><strong>sit,</strong></span> <span class='ocrx_word' id='word_1_665' title='bbox 1441 4443 1500 4487; x_wconf 90' lang='lat' dir='ltr'><strong>ut</strong></span> <span class='ocrx_word' id='word_1_666' title='bbox 1533 4450 1630 4504; x_wconf 89' lang='lat' dir='ltr'><strong>per</strong></span> <span class='ocrx_word' id='word_1_667' title='bbox 1659 4439 1994 4507; x_wconf 89' lang='lat' dir='ltr'><strong>provocatio-</strong></span> 
     </span>
    </p>
   </div>
   <div class='ocr_carea' id='block_1_95' title="bbox 2108 4429 3677 4509">
    <p class='ocr_par' dir='ltr' id='par_1_95' title="bbox 2108 4432 3677 4508">
     <span class='ocr_line' id='line_1_95' title="bbox 2108 4432 3677 4508; baseline -0.006 -17"><span class='ocrx_word' id='word_1_668' title='bbox 2108 4440 2265 4508; x_wconf 64' lang='grc' dir='ltr'>μένας</span> <span class='ocrx_word' id='word_1_669' title='bbox 2297 4438 2425 4508; x_wconf 83' lang='grc' dir='ltr'>ὑμῖν</span> <span class='ocrx_word' id='word_1_670' title='bbox 2448 4435 2602 4499; x_wconf 83' lang='grc' dir='ltr'>δίκας</span> <span class='ocrx_word' id='word_1_671' title='bbox 2652 4436 2862 4505; x_wconf 79' lang='grc' dir='ltr'>τηρεῖν,</span> <span class='ocrx_word' id='word_1_672' title='bbox 2891 4433 2967 4497; x_wconf 85' lang='grc' dir='ltr'>ὡς</span> <span class='ocrx_word' id='word_1_673' title='bbox 2998 4434 3172 4498; x_wconf 83' lang='grc' dir='ltr'>τέλος,</span> <span class='ocrx_word' id='word_1_674' title='bbox 3203 4432 3436 4497; x_wconf 82' lang='grc' dir='ltr'>ταύταις</span> <span class='ocrx_word' id='word_1_675' title='bbox 3460 4433 3677 4501; x_wconf 79' lang='grc' dir='ltr'>ἐπάγειν</span> 
     </span>
    </p>
   </div>
   <div class='ocr_carea' id='block_1_96' title="bbox 395 4521 1994 4600">
    <p class='ocr_par' dir='ltr' id='par_1_96' title="bbox 395 4522 1994 4596">
     <span class='ocr_line' id='line_1_96' title="bbox 395 4522 1994 4596; baseline 0.007 -20"><span class='ocrx_word' id='word_1_676' title='bbox 395 4538 517 4578; x_wconf 89' lang='lat' dir='ltr'><strong>nem</strong></span> <span class='ocrx_word' id='word_1_677' title='bbox 550 4522 698 4577; x_wconf 90' lang='lat' dir='ltr'><strong>aliud</strong></span> <span class='ocrx_word' id='word_1_678' title='bbox 725 4523 964 4577; x_wconf 89' lang='lat' dir='ltr'><strong>tribunal</strong></span> <span class='ocrx_word' id='word_1_679' title='bbox 996 4523 1252 4593; x_wconf 87' lang='lat' dir='ltr'><strong>imploret</strong></span> <span class='ocrx_word' id='word_1_680' title='bbox 1277 4567 1292 4591; x_wconf 93' lang='lat'><strong>,</strong></span> <span class='ocrx_word' id='word_1_681' title='bbox 1348 4536 1443 4580; x_wconf 88' lang='lat' dir='ltr'><strong>aut</strong></span> <span class='ocrx_word' id='word_1_682' title='bbox 1488 4529 1749 4596; x_wconf 63' lang='lat' dir='ltr'><strong>potentiae</strong></span> <span class='ocrx_word' id='word_1_683' title='bbox 1792 4541 1994 4587; x_wconf 70' lang='lat' dir='ltr'><strong>nostra:</strong></span> 
     </span>
    </p>
   </div>
   <div class='ocr_carea' id='block_1_97' title="bbox 2108 4521 3678 4600">
    <p class='ocr_par' dir='ltr' id='par_1_97' title="bbox 2108 4521 3678 4600">
     <span class='ocr_line' id='line_1_97' title="bbox 2108 4521 3678 4600; baseline -0.005 -16"><span class='ocrx_word' id='word_1_684' title='bbox 2108 4531 2340 4600; x_wconf 67' lang='grc' dir='ltr'>ἔννομον.</span> <span class='ocrx_word' id='word_1_685' title='bbox 2403 4529 2478 4582; x_wconf 89' lang='grc' dir='ltr'>Οὐ</span> <span class='ocrx_word' id='word_1_686' title='bbox 2534 4526 2784 4597; x_wconf 87' lang='grc' dir='ltr'>βούλεται</span> <span class='ocrx_word' id='word_1_687' title='bbox 2812 4526 2929 4596; x_wconf 83' lang='grc' dir='ltr'>δὲὴ</span> <span class='ocrx_word' id='word_1_688' title='bbox 2970 4525 3216 4595; x_wconf 83' lang='grc' dir='ltr'>βασιλεία</span> <span class='ocrx_word' id='word_1_689' title='bbox 3283 4543 3391 4596; x_wconf 85' lang='grc' dir='ltr'>μου</span> <span class='ocrx_word' id='word_1_690' title='bbox 3427 4525 3566 4596; x_wconf 82' lang='grc' dir='ltr'><strong>μετά</strong></span> <span class='ocrx_word' id='word_1_691' title='bbox 3623 4521 3678 4576; x_wconf 80' lang='grc' dir='ltr'>τὸ</span> 
     </span>
    </p>
   </div>
   <div class='ocr_carea' id='block_1_98' title="bbox 392 4613 1994 4694">
    <p class='ocr_par' dir='ltr' id='par_1_98' title="bbox 392 4613 1994 4685">
     <span class='ocr_line' id='line_1_98' title="bbox 392 4613 1994 4685; baseline 0.006 -17"><span class='ocrx_word' id='word_1_692' title='bbox 392 4613 728 4668; x_wconf 90' lang='lat' dir='ltr'><strong>audientiam</strong></span> <span class='ocrx_word' id='word_1_693' title='bbox 759 4614 1021 4683; x_wconf 85' lang='lat' dir='ltr'><strong>requirat.</strong></span> <span class='ocrx_word' id='word_1_694' title='bbox 1070 4614 1246 4685; x_wconf 85' lang='lat' dir='ltr'><strong>Legas</strong></span> <span class='ocrx_word' id='word_1_695' title='bbox 1276 4617 1438 4671; x_wconf 90' lang='lat' dir='ltr'><strong>etiam</strong></span> <span class='ocrx_word' id='word_1_696' title='bbox 1467 4619 1536 4672; x_wconf 81' lang='grc'><strong>15</strong></span> <span class='ocrx_word' id='word_1_697' title='bbox 1567 4635 1833 4676; x_wconf 89' lang='lat' dir='ltr'><strong>canonem</strong></span> <span class='ocrx_word' id='word_1_698' title='bbox 1864 4637 1994 4677; x_wconf 90' lang='lat' dir='ltr'><strong>con-</strong></span> 
     </span>
    </p>
   </div>
   <div class='ocr_carea' id='block_1_99' title="bbox 2108 4613 3676 4694">
    <p class='ocr_par' dir='ltr' id='par_1_99' title="bbox 2108 4619 3676 4694">
     <span class='ocr_line' id='line_1_99' title="bbox 2108 4619 3676 4694; baseline -0.007 -16"><span class='ocrx_word' id='word_1_699' title='bbox 2108 4622 2572 4694; x_wconf 75' lang='grc' dir='ltr'>τταραπεμφθῆναι</span> <span class='ocrx_word' id='word_1_700' title='bbox 2625 4620 2764 4683; x_wconf 82' lang='grc' dir='ltr'>ὅλως</span> <span class='ocrx_word' id='word_1_701' title='bbox 2791 4620 2896 4672; x_wconf 79' lang='grc' dir='ltr'><strong>τινί</strong></span> <span class='ocrx_word' id='word_1_702' title='bbox 2940 4623 3052 4672; x_wconf 85' lang='grc' dir='ltr'>τῶν</span> <span class='ocrx_word' id='word_1_703' title='bbox 3092 4619 3370 4676; x_wconf 80' lang='grc' dir='ltr'>δικαστῶν</span> <span class='ocrx_word' id='word_1_704' title='bbox 3426 4620 3676 4672; x_wconf 80' lang='grc' dir='ltr'>ὑπόθεσιν</span> 
     </span>
    </p>
   </div>
   <div class='ocr_carea' id='block_1_100' title="bbox 392 4705 1994 4787">
    <p class='ocr_par' dir='ltr' id='par_1_100' title="bbox 392 4705 1994 4781">
     <span class='ocr_line' id='line_1_100' title="bbox 392 4705 1994 4781; baseline 0.004 -19"><span class='ocrx_word' id='word_1_705' title='bbox 392 4706 501 4762; x_wconf 87' lang='lat' dir='ltr'><strong>cilii</strong></span> <span class='ocrx_word' id='word_1_706' title='bbox 524 4705 1000 4778; x_wconf 84' lang='lat' dir='ltr'><strong>Carlhaginensis,</strong></span> <span class='ocrx_word' id='word_1_707' title='bbox 1033 4718 1088 4762; x_wconf 90' lang='lat' dir='ltr'><strong>et</strong></span> <span class='ocrx_word' id='word_1_708' title='bbox 1111 4724 1234 4778; x_wconf 72' lang='lat' dir='ltr'><strong>quze</strong></span> <span class='ocrx_word' id='word_1_709' title='bbox 1274 4709 1326 4764; x_wconf 92' lang='lat' dir='ltr'><strong>in</strong></span> <span class='ocrx_word' id='word_1_710' title='bbox 1363 4710 1453 4764; x_wconf 90' lang='lat' dir='ltr'><strong>illo</strong></span> <span class='ocrx_word' id='word_1_711' title='bbox 1481 4708 1994 4781; x_wconf 84' lang='lat' dir='ltr'><strong>[comprehendun-</strong></span> 
     </span>
    </p>
   </div>
   <div class='ocr_carea' id='block_1_101' title="bbox 2108 4705 3675 4787">
    <p class='ocr_par' dir='ltr' id='par_1_101' title="bbox 2108 4712 3675 4787">
     <span class='ocr_line' id='line_1_101' title="bbox 2108 4712 3675 4787; baseline -0.006 -15"><span class='ocrx_word' id='word_1_712' title='bbox 2108 4717 2238 4772; x_wconf 75' lang='grc' dir='ltr'>ια.τά</span> <span class='ocrx_word' id='word_1_713' title='bbox 2291 4715 2591 4787; x_wconf 73' lang='grc' dir='ltr'>πρόσταξιν</span> <span class='ocrx_word' id='word_1_714' title='bbox 2644 4712 2839 4784; x_wconf 81' lang='grc' dir='ltr'>αὐτῆς,</span> <span class='ocrx_word' id='word_1_715' title='bbox 2874 4713 2934 4776; x_wconf 78' lang='grc' dir='ltr'><strong>ὲξ</strong></span> <span class='ocrx_word' id='word_1_716' title='bbox 2995 4712 3338 4783; x_wconf 81' lang='grc' dir='ltr'>οἱασδήτινος</span> <span class='ocrx_word' id='word_1_717' title='bbox 3382 4727 3675 4782; x_wconf 82' lang='grc' dir='ltr'>μεταγενε-</span> 
     </span>
    </p>
   </div>
   <div class='ocr_carea' id='block_1_102' title="bbox 396 4798 1994 4882">
    <p class='ocr_par' dir='ltr' id='par_1_102' title="bbox 396 4798 1983 4875">
     <span class='ocr_line' id='line_1_102' title="bbox 396 4798 1983 4875; baseline 0.006 -22"><span class='ocrx_word' id='word_1_718' title='bbox 396 4798 528 4870; x_wconf 88' lang='lat' dir='ltr'><strong>tur.]</strong></span> <span class='ocrx_word' id='word_1_719' title='bbox 561 4798 750 4855; x_wconf 82' lang='lat' dir='ltr'><strong>Const.</strong></span> <span class='ocrx_word' id='word_1_720' title='bbox 780 4800 872 4866; x_wconf 67' lang='lat'><strong>22,</strong></span> <span class='ocrx_word' id='word_1_721' title='bbox 908 4802 991 4855; x_wconf 88' lang='lat' dir='ltr'><strong>tit.</strong></span> <span class='ocrx_word' id='word_1_722' title='bbox 1022 4803 1076 4867; x_wconf 83' lang='grc'>5,</span> <span class='ocrx_word' id='word_1_723' title='bbox 1114 4802 1207 4857; x_wconf 84' lang='lat' dir='ltr'><strong>lib.</strong></span> <span class='ocrx_word' id='word_1_724' title='bbox 1243 4817 1257 4855; x_wconf 89' lang='grc' dir='ltr'><strong>ι</strong></span> <span class='ocrx_word' id='word_1_725' title='bbox 1292 4803 1414 4858; x_wconf 90' lang='lat' dir='ltr'><strong>cod.</strong></span> <span class='ocrx_word' id='word_1_726' title='bbox 1449 4813 1534 4858; x_wconf 90' lang='lat' dir='ltr'><strong>est</strong></span> <span class='ocrx_word' id='word_1_727' title='bbox 1569 4822 1694 4875; x_wconf 85' lang='lat' dir='ltr'><strong>cap.</strong></span> <span class='ocrx_word' id='word_1_728' title='bbox 1723 4807 1780 4873; x_wconf 58' lang='grc' dir='ltr'><strong>εὶ,</strong></span> <span class='ocrx_word' id='word_1_729' title='bbox 1814 4809 1900 4862; x_wconf 90' lang='lat' dir='ltr'><strong>tit.</strong></span> <span class='ocrx_word' id='word_1_730' title='bbox 1934 4810 1983 4875; x_wconf 85' lang='grc'>1,</span> 
     </span>
    </p>
   </div>
   <div class='ocr_carea' id='block_1_103' title="bbox 2108 4798 3676 4882">
    <p class='ocr_par' dir='ltr' id='par_1_103' title="bbox 2108 4804 3676 4882">
     <span class='ocr_line' id='line_1_103' title="bbox 2108 4804 3676 4882; baseline -0.006 -18"><span class='ocrx_word' id='word_1_731' title='bbox 2108 4812 2184 4864; x_wconf 76' lang='lat' dir='ltr'><strong>rce&#39;</strong></span> <span class='ocrx_word' id='word_1_732' title='bbox 2197 4828 2295 4882; x_wconf 84' lang='grc' dir='ltr'><strong>ρας</strong></span> <span class='ocrx_word' id='word_1_733' title='bbox 2323 4807 2544 4880; x_wconf 78' lang='grc' dir='ltr'>γραφῆς</span> <span class='ocrx_word' id='word_1_734' title='bbox 2580 4805 2984 4877; x_wconf 75' lang='grc' dir='ltr'>ἐπιτρεπούσης</span> <span class='ocrx_word' id='word_1_735' title='bbox 3020 4807 3099 4866; x_wconf 84' lang='grc' dir='ltr'>εἰς</span> <span class='ocrx_word' id='word_1_736' title='bbox 3127 4805 3225 4874; x_wconf 77' lang='grc' dir='ltr'>τὴν</span> <span class='ocrx_word' id='word_1_737' title='bbox 3271 4804 3555 4874; x_wconf 78' lang='grc' dir='ltr'>βασιλείαν</span> <span class='ocrx_word' id='word_1_738' title='bbox 3583 4820 3676 4872; x_wconf 82' lang='grc' dir='ltr'><strong>μου</strong></span> 
     </span>
    </p>
   </div>
   <div class='ocr_carea' id='block_1_104' title="bbox 390 4892 1994 4972">
    <p class='ocr_par' dir='ltr' id='par_1_104' title="bbox 390 4892 1982 4967">
     <span class='ocr_line' id='line_1_104' title="bbox 390 4892 1982 4967; baseline 0.004 -20"><span class='ocrx_word' id='word_1_739' title='bbox 390 4893 487 4947; x_wconf 74' lang='lat' dir='ltr'><strong>lib.</strong></span> <span class='ocrx_word' id='word_1_740' title='bbox 549 4908 586 4946; x_wconf 90' lang='grc' dir='ltr'><strong>ιι</strong></span> <span class='ocrx_word' id='word_1_741' title='bbox 617 4892 785 4948; x_wconf 81' lang='lat' dir='ltr'><strong>Basil.</strong></span> <span class='ocrx_word' id='word_1_742' title='bbox 819 4894 967 4963; x_wconf 88' lang='lat' dir='ltr'><strong>quod</strong></span> <span class='ocrx_word' id='word_1_743' title='bbox 1000 4910 1184 4963; x_wconf 73' lang='lat' dir='ltr'><strong>quzere</strong></span> <span class='ocrx_word' id='word_1_744' title='bbox 1215 4895 1480 4950; x_wconf 84' lang='lat' dir='ltr'><strong>insertum</strong></span> <span class='ocrx_word' id='word_1_745' title='bbox 1519 4897 1844 4966; x_wconf 87' lang='lat' dir='ltr'><strong>expositioni</strong></span> <span class='ocrx_word' id='word_1_746' title='bbox 1877 4901 1982 4967; x_wconf 71' lang='grc'><strong>41,</strong></span> 
     </span>
    </p>
   </div>
   <div class='ocr_carea' id='block_1_105' title="bbox 2108 4892 3672 4972">
    <p class='ocr_par' dir='ltr' id='par_1_105' title="bbox 2108 4895 3672 4972">
     <span class='ocr_line' id='line_1_105' title="bbox 2108 4895 3672 4972; baseline -0.006 -17"><span class='ocrx_word' id='word_1_747' title='bbox 2108 4902 2411 4972; x_wconf 70' lang='grc' dir='ltr'>εἰσαχθῆναι</span> <span class='ocrx_word' id='word_1_748' title='bbox 2446 4900 2544 4970; x_wconf 82' lang='grc' dir='ltr'>τὴν</span> <span class='ocrx_word' id='word_1_749' title='bbox 2577 4899 2757 4969; x_wconf 84' lang='grc' dir='ltr'>δίκην,</span> <span class='ocrx_word' id='word_1_750' title='bbox 2795 4898 2895 4967; x_wconf 79' lang='grc' dir='ltr'>τὴν</span> <span class='ocrx_word' id='word_1_751' title='bbox 2930 4897 3223 4966; x_wconf 85' lang='grc' dir='ltr'>διάγνωσιν</span> <span class='ocrx_word' id='word_1_752' title='bbox 3264 4895 3672 4965; x_wconf 79' lang='grc' dir='ltr'>ἐμποδίζεσθαι,</span> 
     </span>
    </p>
   </div>
   <div class='ocr_carea' id='block_1_106' title="bbox 392 4985 1994 5062">
    <p class='ocr_par' dir='ltr' id='par_1_106' title="bbox 392 4985 1979 5058">
     <span class='ocr_line' id='line_1_106' title="bbox 392 4985 1979 5058; baseline 0.004 -18"><span class='ocrx_word' id='word_1_753' title='bbox 392 4986 619 5041; x_wconf 88' lang='lat' dir='ltr'><strong>canonis</strong></span> <span class='ocrx_word' id='word_1_754' title='bbox 644 4986 861 5042; x_wconf 91' lang='lat' dir='ltr'><strong>concilii</strong></span> <span class='ocrx_word' id='word_1_755' title='bbox 897 4985 1214 5042; x_wconf 87' lang='lat' dir='ltr'><strong>Laodiccni.</strong></span> <span class='ocrx_word' id='word_1_756' title='bbox 1263 4987 1453 5045; x_wconf 87' lang='lat' dir='ltr'><strong>Const.</strong></span> <span class='ocrx_word' id='word_1_757' title='bbox 1493 5006 1622 5044; x_wconf 74' lang='lat' dir='ltr'><strong>vero</strong></span> <span class='ocrx_word' id='word_1_758' title='bbox 1652 4991 1758 5058; x_wconf 73' lang='lat'><strong>‘25,</strong></span> <span class='ocrx_word' id='word_1_759' title='bbox 1794 4993 1877 5048; x_wconf 85' lang='lat' dir='ltr'><strong>tit.</strong></span> <span class='ocrx_word' id='word_1_760' title='bbox 1907 4993 1941 5046; x_wconf 82' lang='lat'><strong>&#39;5</strong></span> <span class='ocrx_word' id='word_1_761' title='bbox 1965 5034 1979 5058; x_wconf 93' lang='lat'><strong>,</strong></span> 
     </span>
    </p>
   </div>
   <div class='ocr_carea' id='block_1_107' title="bbox 2108 4985 3673 5062">
    <p class='ocr_par' dir='ltr' id='par_1_107' title="bbox 2108 4987 3673 5062">
     <span class='ocr_line' id='line_1_107' title="bbox 2108 4987 3673 5062; baseline -0.006 -16"><span class='ocrx_word' id='word_1_762' title='bbox 2108 4993 2229 5046; x_wconf 79' lang='grc' dir='ltr'>ἱιλλά</span> <span class='ocrx_word' id='word_1_763' title='bbox 2295 4991 2612 5062; x_wconf 88' lang='grc' dir='ltr'>προϐαίνειν</span> <span class='ocrx_word' id='word_1_764' title='bbox 2657 4989 2864 5059; x_wconf 87' lang='grc' dir='ltr'>ταύτην</span> <span class='ocrx_word' id='word_1_765' title='bbox 2926 4988 3028 5051; x_wconf 76' lang='grc' dir='ltr'>ἕως</span> <span class='ocrx_word' id='word_1_766' title='bbox 3068 4988 3257 5052; x_wconf 87' lang='grc' dir='ltr'>τέλους</span> <span class='ocrx_word' id='word_1_767' title='bbox 3296 4987 3673 5046; x_wconf 83' lang='grc' dir='ltr'>ἀνυποστόλως</span> 
     </span>
    </p>
   </div>
   <div class='ocr_carea' id='block_1_108' title="bbox 391 5076 1994 5157">
    <p class='ocr_par' dir='ltr' id='par_1_108' title="bbox 391 5076 1475 5145">
     <span class='ocr_line' id='line_1_108' title="bbox 391 5076 1475 5145; baseline 0 -13"><span class='ocrx_word' id='word_1_768' title='bbox 391 5076 486 5132; x_wconf 91' lang='lat' dir='ltr'><strong>lib.</strong></span> <span class='ocrx_word' id='word_1_769' title='bbox 522 5093 559 5142; x_wconf 89' lang='grc' dir='ltr'><strong>ι,</strong></span> <span class='ocrx_word' id='word_1_770' title='bbox 591 5077 713 5131; x_wconf 89' lang='lat' dir='ltr'><strong>cod.</strong></span> <span class='ocrx_word' id='word_1_771' title='bbox 740 5078 793 5130; x_wconf 92' lang='lat' dir='ltr'><strong>in</strong></span> <span class='ocrx_word' id='word_1_772' title='bbox 827 5076 992 5132; x_wconf 87' lang='lat' dir='ltr'><strong>Basil.</strong></span> <span class='ocrx_word' id='word_1_773' title='bbox 1024 5094 1131 5132; x_wconf 91' lang='lat' dir='ltr'><strong>non</strong></span> <span class='ocrx_word' id='word_1_774' title='bbox 1160 5087 1244 5132; x_wconf 88' lang='lat' dir='ltr'><strong>est</strong></span> <span class='ocrx_word' id='word_1_775' title='bbox 1278 5080 1475 5145; x_wconf 88' lang='lat' dir='ltr'><strong>posita.</strong></span> 
     </span>
    </p>
   </div>
   <div class='ocr_carea' id='block_1_109' title="bbox 2108 5076 3671 5157">
    <p class='ocr_par' dir='ltr' id='par_1_109' title="bbox 2108 5079 3671 5157">
     <span class='ocr_line' id='line_1_109' title="bbox 2108 5079 3671 5157; baseline -0.007 -18"><span class='ocrx_word' id='word_1_776' title='bbox 2108 5087 2246 5157; x_wconf 74' lang='grc' dir='ltr'>παρὰ</span> <span class='ocrx_word' id='word_1_777' title='bbox 2277 5084 2353 5154; x_wconf 84' lang='grc' dir='ltr'>τῷ</span> <span class='ocrx_word' id='word_1_778' title='bbox 2387 5082 2536 5153; x_wconf 80' lang='grc' dir='ltr'>αὐτῷ</span> <span class='ocrx_word' id='word_1_779' title='bbox 2567 5083 2818 5153; x_wconf 79' lang='grc' dir='ltr'>δικαστῇ,</span> <span class='ocrx_word' id='word_1_780' title='bbox 2850 5081 3018 5152; x_wconf 81' lang='grc' dir='ltr'><strong>ἢτοίς</strong></span> <span class='ocrx_word' id='word_1_781' title='bbox 3053 5081 3128 5144; x_wconf 78' lang='grc' dir='ltr'>ὡς</span> <span class='ocrx_word' id='word_1_782' title='bbox 3182 5081 3445 5152; x_wconf 82' lang='grc' dir='ltr'>ἀνωτέρω</span> <span class='ocrx_word' id='word_1_783' title='bbox 3469 5079 3671 5151; x_wconf 77' lang='grc' dir='ltr'>εἴρηται</span> 
     </span>
    </p>
   </div>
   <div class='ocr_carea' id='block_1_110' title="bbox 394 5169 3671 5251">
    <p class='ocr_par' dir='ltr' id='par_1_110' title="bbox 394 5169 3671 5251">
     <span class='ocr_line' id='line_1_110' title="bbox 394 5169 3671 5251; baseline 0.001 -30"><span class='ocrx_word' id='word_1_784' title='bbox 394 5169 798 5240; x_wconf 68' lang='grc' dir='ltr'>συνδεδομένοις</span> <span class='ocrx_word' id='word_1_785' title='bbox 828 5170 1004 5242; x_wconf 80' lang='grc' dir='ltr'>τούτῳ</span> <span class='ocrx_word' id='word_1_786' title='bbox 1040 5171 1440 5240; x_wconf 85' lang='grc' dir='ltr'>συνδικασταῖς,</span> <span class='ocrx_word' id='word_1_787' title='bbox 1470 5174 1624 5236; x_wconf 81' lang='grc' dir='ltr'>ὲντὺς</span> <span class='ocrx_word' id='word_1_788' title='bbox 1653 5175 1854 5248; x_wconf 78' lang='grc' dir='ltr'>δηλαδὴ</span> <span class='ocrx_word' id='word_1_789' title='bbox 1877 5177 1976 5248; x_wconf 81' lang='grc' dir='ltr'>τῆς</span> <span class='ocrx_word' id='word_1_790' title='bbox 2013 5180 2124 5232; x_wconf 81' lang='grc' dir='ltr'><strong>τῶν</strong></span> <span class='ocrx_word' id='word_1_791' title='bbox 2151 5179 2196 5234; x_wconf 89' lang='grc' dir='ltr'>κ’</span> <span class='ocrx_word' id='word_1_792' title='bbox 2232 5179 2458 5251; x_wconf 75' lang='grc' dir='ltr'>ἡμερῶν</span> <span class='ocrx_word' id='word_1_793' title='bbox 2519 5176 2878 5246; x_wconf 71' lang='grc' dir='ltr'>διασκέψεωςο</span> <span class='ocrx_word' id='word_1_794' title='bbox 2941 5175 3080 5245; x_wconf 87' lang='grc' dir='ltr'><strong>μετά</strong></span> <span class='ocrx_word' id='word_1_795' title='bbox 3125 5175 3184 5228; x_wconf 80' lang='grc' dir='ltr'>δὲ</span> <span class='ocrx_word' id='word_1_796' title='bbox 3236 5175 3337 5246; x_wconf 81' lang='grc' dir='ltr'><strong>τὴν</strong></span> <span class='ocrx_word' id='word_1_797' title='bbox 3393 5175 3493 5245; x_wconf 80' lang='grc' dir='ltr'>τῆς</span> <span class='ocrx_word' id='word_1_798' title='bbox 3526 5174 3671 5236; x_wconf 85' lang='grc' dir='ltr'>δίκης</span> 
     </span>
    </p>
   </div>
   <div class='ocr_carea' id='block_1_111' title="bbox 395 5264 3670 5347">
    <p class='ocr_par' dir='ltr' id='par_1_111' title="bbox 395 5264 3670 5347">
     <span class='ocr_line' id='line_1_111' title="bbox 395 5264 3670 5347; baseline 0.001 -27"><span class='ocrx_word' id='word_1_799' title='bbox 395 5266 694 5334; x_wconf 74' lang='grc' dir='ltr'>περαίωσιν</span> <span class='ocrx_word' id='word_1_800' title='bbox 727 5264 805 5336; x_wconf 84' lang='grc' dir='ltr'>τῷ</span> <span class='ocrx_word' id='word_1_801' title='bbox 840 5265 1162 5336; x_wconf 73' lang='grc' dir='ltr'>ἀδικηθῆναι</span> <span class='ocrx_word' id='word_1_802' title='bbox 1218 5268 1350 5332; x_wconf 77' lang='grc' dir='ltr'>ἴσως</span> <span class='ocrx_word' id='word_1_803' title='bbox 1381 5269 1612 5339; x_wconf 82' lang='grc' dir='ltr'>οἰομένῳ</span> <span class='ocrx_word' id='word_1_804' title='bbox 1657 5273 1743 5324; x_wconf 75' lang='grc' dir='ltr'><strong>ἐπ’</strong></span> <span class='ocrx_word' id='word_1_805' title='bbox 1799 5273 1981 5337; x_wconf 84' lang='grc' dir='ltr'>ἀδείας</span> <span class='ocrx_word' id='word_1_806' title='bbox 2021 5273 2164 5330; x_wconf 80' lang='grc' dir='ltr'>εἶναι</span> <span class='ocrx_word' id='word_1_807' title='bbox 2203 5279 2298 5331; x_wconf 79' lang='grc' dir='ltr'><strong>καὶ</strong></span> <span class='ocrx_word' id='word_1_808' title='bbox 2365 5277 2556 5347; x_wconf 72' lang='grc' dir='ltr'>’ἕτερον</span> <span class='ocrx_word' id='word_1_809' title='bbox 2585 5272 3037 5332; x_wconf 52' lang='grc' dir='ltr'>,ἐπικαλέσασθαι</span> <span class='ocrx_word' id='word_1_810' title='bbox 3079 5276 3195 5326; x_wconf 82' lang='grc' dir='ltr'>κατ’</span> <span class='ocrx_word' id='word_1_811' title='bbox 3280 5273 3546 5342; x_wconf 80' lang='grc' dir='ltr'>ἔκκλητον</span> <span class='ocrx_word' id='word_1_812' title='bbox 3595 5267 3670 5323; x_wconf 83' lang='grc' dir='ltr'>δι-</span> 
     </span>
    </p>
   </div>
   <div class='ocr_carea' id='block_1_112' title="bbox 393 5358 2048 5439">
    <p class='ocr_par' dir='ltr' id='par_1_112' title="bbox 393 5358 2048 5439">
     <span class='ocr_line' id='line_1_112' title="bbox 393 5358 2048 5439; baseline 0.009 -30"><span class='ocrx_word' id='word_1_813' title='bbox 393 5359 712 5428; x_wconf 68' lang='grc' dir='ltr'>καστήριον,</span> <span class='ocrx_word' id='word_1_814' title='bbox 733 5360 766 5428; x_wconf 83' lang='grc' dir='ltr'>ἢ</span> <span class='ocrx_word' id='word_1_815' title='bbox 797 5360 894 5429; x_wconf 76' lang='grc' dir='ltr'>τὴν</span> <span class='ocrx_word' id='word_1_816' title='bbox 928 5358 1022 5412; x_wconf 81' lang='grc' dir='ltr'>τοῦ</span> <span class='ocrx_word' id='word_1_817' title='bbox 1049 5362 1285 5431; x_wconf 81' lang='grc' dir='ltr'>κράτους</span> <span class='ocrx_word' id='word_1_818' title='bbox 1308 5364 1464 5431; x_wconf 77' lang='grc' dir='ltr'>ἡμῶν</span> <span class='ocrx_word' id='word_1_819' title='bbox 1497 5367 1736 5436; x_wconf 76' lang='grc' dir='ltr'>ζητῆσαι</span> <span class='ocrx_word' id='word_1_820' title='bbox 1766 5368 2048 5439; x_wconf 82' lang='grc' dir='ltr'>ἀκρόασιν.</span> 
     </span>
    </p>
   </div>
   <div class='ocr_carea' id='block_1_113' title="bbox 465 5451 1986 5530">
    <p class='ocr_par' dir='ltr' id='par_1_113' title="bbox 465 5451 1986 5530">
     <span class='ocr_line' id='line_1_113' title="bbox 465 5451 1986 5530; baseline 0.011 -27"><span class='ocrx_word' id='word_1_821' title='bbox 465 5451 677 5504; x_wconf 57' lang='lat' dir='ltr'><strong>Tactus.</strong></span> <span class='ocrx_word' id='word_1_822' title='bbox 704 5451 914 5505; x_wconf 79' lang='lat' dir='ltr'><strong>Etenim</strong></span> <span class='ocrx_word' id='word_1_823' title='bbox 945 5454 1090 5524; x_wconf 69' lang='lat' dir='ltr'><strong>leges</strong></span> <span class='ocrx_word' id='word_1_824' title='bbox 1111 5469 1272 5524; x_wconf 86' lang='lat' dir='ltr'><strong>atque</strong></span> <span class='ocrx_word' id='word_1_825' title='bbox 1299 5473 1538 5516; x_wconf 85' lang='lat' dir='ltr'><strong>canones</strong></span> <span class='ocrx_word' id='word_1_826' title='bbox 1557 5461 1836 5530; x_wconf 82' lang='lat' dir='ltr'><strong>clericum,</strong></span> <span class='ocrx_word' id='word_1_827' title='bbox 1856 5473 1986 5529; x_wconf 89' lang='lat' dir='ltr'><strong>etc.,</strong></span> 
     </span>
    </p>
   </div>
   <div class='ocr_carea' id='block_1_114' title="bbox 396 5542 1662 5620">
    <p class='ocr_par' dir='ltr' id='par_1_114' title="bbox 396 5542 1662 5620">
     <span class='ocr_line' id='line_1_114' title="bbox 396 5542 1662 5620; baseline 0.007 -26"><span class='ocrx_word' id='word_1_828' title='bbox 396 5559 556 5611; x_wconf 56' lang='lat' dir='ltr'><strong>usque</strong></span> <span class='ocrx_word' id='word_1_829' title='bbox 590 5543 660 5594; x_wconf 82' lang='lat' dir='ltr'><strong>ad</strong></span> <span class='ocrx_word' id='word_1_830' title='bbox 686 5542 978 5607; x_wconf 85' lang='lat' dir='ltr'><strong>subietint,</strong></span> <span class='ocrx_word' id='word_1_831' title='bbox 1017 5546 1263 5611; x_wconf 83' lang='lat' dir='ltr'><strong>reddant,</strong></span> <span class='ocrx_word' id='word_1_832' title='bbox 1292 5558 1345 5600; x_wconf 86' lang='lat' dir='ltr'><strong>ut</strong></span> <span class='ocrx_word' id='word_1_833' title='bbox 1377 5565 1497 5620; x_wconf 79' lang='lat' dir='ltr'><strong>pag.</strong></span> <span class='ocrx_word' id='word_1_834' title='bbox 1539 5552 1662 5606; x_wconf 76' lang='lat'><strong>710.</strong></span> 
     </span>
    </p>
   </div>
   <div class='ocr_carea' id='block_1_115' title="bbox 2165 5462 3665 5535">
    <p class='ocr_par' dir='ltr' id='par_1_115' title="bbox 2165 5462 3665 5535">
     <span class='ocr_line' id='line_1_115' title="bbox 2165 5462 3665 5535; baseline -0.006 -17"><span class='ocrx_word' id='word_1_835' title='bbox 2165 5468 2470 5534; x_wconf 71' lang='grc' dir='ltr'>Κείμενον.</span> <span class='ocrx_word' id='word_1_836' title='bbox 2506 5465 2617 5517; x_wconf 75' lang='grc' dir='ltr'>Καὶ</span> <span class='ocrx_word' id='word_1_837' title='bbox 2652 5465 2700 5516; x_wconf 84' lang='grc' dir='ltr'><strong>οἱ</strong></span> <span class='ocrx_word' id='word_1_838' title='bbox 2753 5465 2908 5535; x_wconf 86' lang='grc' dir='ltr'>νόμοι</span> <span class='ocrx_word' id='word_1_839' title='bbox 2931 5465 3057 5534; x_wconf 74' lang='grc' dir='ltr'>γὰρ,</span> <span class='ocrx_word' id='word_1_840' title='bbox 3101 5467 3194 5518; x_wconf 71' lang='grc' dir='ltr'><strong>καὶ</strong></span> <span class='ocrx_word' id='word_1_841' title='bbox 3220 5465 3268 5516; x_wconf 76' lang='grc' dir='ltr'>οἱ</span> <span class='ocrx_word' id='word_1_842' title='bbox 3311 5462 3535 5525; x_wconf 81' lang='grc' dir='ltr'>κανόνες</span> <span class='ocrx_word' id='word_1_843' title='bbox 3562 5474 3665 5512; x_wconf 76' lang='lat' dir='ltr'><strong>xw-</strong></span> 
     </span>
    </p>
   </div>
   <div class='ocr_carea' id='block_1_116' title="bbox 2090 5553 3663 5625">
    <p class='ocr_par' dir='ltr' id='par_1_116' title="bbox 2090 5553 3663 5625">
     <span class='ocr_line' id='line_1_116' title="bbox 2090 5553 3663 5625; baseline -0.004 -17"><span class='ocrx_word' id='word_1_844' title='bbox 2090 5556 2275 5609; x_wconf 80' lang='grc' dir='ltr'>λύουσι</span> <span class='ocrx_word' id='word_1_845' title='bbox 2307 5555 2568 5625; x_wconf 79' lang='grc' dir='ltr'>κληρικὸν</span> <span class='ocrx_word' id='word_1_846' title='bbox 2592 5553 2843 5625; x_wconf 77' lang='grc' dir='ltr'>ὀμνύναι,</span> <span class='ocrx_word' id='word_1_847' title='bbox 2880 5572 2934 5608; x_wconf 90' lang='grc' dir='ltr'><strong>κ.</strong></span> <span class='ocrx_word' id='word_1_848' title='bbox 2981 5573 3028 5609; x_wconf 87' lang='grc' dir='ltr'>τ.</span> <span class='ocrx_word' id='word_1_849' title='bbox 3064 5555 3136 5620; x_wconf 80' lang='grc' dir='ltr'><strong>λ.,</strong></span> <span class='ocrx_word' id='word_1_850' title='bbox 3176 5569 3351 5623; x_wconf 85' lang='lat' dir='ltr'><strong>usque</strong></span> <span class='ocrx_word' id='word_1_851' title='bbox 3409 5553 3472 5607; x_wconf 89' lang='lat' dir='ltr'><strong>ad</strong></span> <span class='ocrx_word' id='word_1_852' title='bbox 3507 5564 3663 5621; x_wconf 77' lang='grc' dir='ltr'>προσ·</span> 
     </span>
    </p>
   </div>
   <div class='ocr_carea' id='block_1_117' title="bbox 2091 5643 2903 5715">
    <p class='ocr_par' dir='ltr' id='par_1_117' title="bbox 2091 5643 2903 5715">
     <span class='ocr_line' id='line_1_117' title="bbox 2091 5643 2903 5715; baseline 0.002 -18"><span class='ocrx_word' id='word_1_853' title='bbox 2091 5643 2387 5715; x_wconf 81' lang='grc' dir='ltr'>γενομένας</span> <span class='ocrx_word' id='word_1_854' title='bbox 2426 5644 2606 5709; x_wconf 86' lang='grc' dir='ltr'>αὐτοῖς</span> <span class='ocrx_word' id='word_1_855' title='bbox 2641 5644 2903 5708; x_wconf 77' lang='grc' dir='ltr'>δαπάνας.</span> 
     </span>
    </p>
   </div>
  </div>
