3744 6218
50 278 190 347 1097
1080 280 1566 346 NOMOCANON.
1606 307 1676 321 -
1712 284 1862 346 TIT.
1904 283 2023 360 IX,
2057 286 2216 350 CAP.
2256 286 2307 349 Ι.
3208 281 3342 348 1098

110 394 395 465 Σχόλιον.
423 392 542 466 Οὐχ
557 393 833 468 εὑρίσκων
854 395 1020 469 νόμον
1048 395 1083 467 ἢ
1116 396 1320 451 κανόνα
1348 394 1588 450 κωλύοντ

1864 397 2101 454 ἶεΙιοίὶοη.
2154 396 2275 453 Non
2308 396 2532 453 invenio
2576 396 2753 468 legem
2785 403 2880 452 aut
2908 408 3173 453 canonem
3214 410 3342 464 pro-

38 488 71 559 ἢ
106 486 467 559 ἐπιτρέποντα
502 487 630 550 τοὺς
656 488 953 558 κληρικοὺς
1005 486 1250 558 ὀμνύειν,
1291 488 1503 559 μήποτε

1865 499 2070 554 antem,
2124 499 2221 546 aut
2268 493 2712 562 permittentem,
2758 496 2821 544 ut
2888 488 3073 545 clerici
3133 488 3343 559 jnrent.

38 583 72 652 η
102 578 355 650 παροῦσα
377 577 673 650 νομοθεσία
726 578 920 634 άπεῖδε
969 577 1111 650 πρὸς
1143 578 1206 632 τὸ
1236 579 1345 633 ὑπὸ
1374 577 1468 632 τοῦ
1514 582 1516 629 1

1868 580 1933 636 nd
1965 578 2104 654 scio]
2138 580 2345 652 itaque,
2386 597 2457 637 an
2494 592 2739 652 prasens
2786 578 3068 651 legislatio
3115 579 3180 634 ad
3214 578 3346 634 illud

39 674 157 741 ρίου
183 674 244 725 ὲν
280 670 644 739 Εὐαγγελίοις
671 670 966 743 εἰρημένον
994 671 1127 744 περὶ
1159 669 1255 725 τοῦ
1282 670 1359 743 μὴ
1405 670 1517 742 ὀμνε

1868 673 1894 728 d
1932 687 1965 728 a
1997 672 2229 729 Domino
2250 674 2304 729 in
2336 672 2650 744 Evangeliis
2673 671 2898 737 dicitur,
2928 686 2996 727 ne
3023 670 3148 739 quis
3175 669 3346 742 juret,

40 764 180 826 τινὰ,
208 765 306 817 καὶ
335 762 459 816 ἀντὶ
484 763 584 833 τῆς
621 763 785 831 ἁγίας
811 762 1041 835 Γραφῆς
1075 762 1241 836 νόμου
1277 763 1378 818 καὶ
1404 780 1518 817 κανι

1875 769 2075 831 exerit,
2116 776 2171 823 et
2196 783 2295 838 pro
2327 776 2517 823 sancta
2552 766 2840 838 Scriptura
2887 764 3021 835 legis
3067 772 3233 834 atque
3257 777 3350 819 ca-

42 854 311 928 ἰμνήσθη.
351 854 417 909 Ἦ
450 855 511 909 δὲ
542 853 619 925 λβ¹
649 856 814 920 διάτ.,
852 857 947 912 τοῦ
969 861 1019 927 γ’
1066 857 1173 910 τίτ.
1203 854 1299 910 τοῦ
1324 854 1372 909 α’
1420 855 1520 927 βιϐ]

1870 864 1906 916 ιε
1922 859 2250 916 mentionem
2272 859 2482 915 fecerit.
2503 857 2696 915 Const.
2720 864 2903 911 autem
2920 856 3009 922 52,
3026 854 3109 909 tit.
3124 854 3181 921 5,
3196 854 3288 909 lib.
3305 854 3348 920 I,

44 946 135 1001 τοῦ
158 948 387 1011 κώδικος
409 948 510 1001 οὐκ
538 947 726 1016 ἐτέθη,
755 950 835 1013 εἰς
868 949 937 1003 τὰ
962 948 1214 1019 βασιλικά
1238 947 1515 1015 ἀνάγνωθι

1900 968 2009 1008 non
2046 961 2133 1009 est
2165 953 2346 1023 posita
2375 952 2429 1007 in
2455 951 2647 1016 Basil.,
2683 948 2958 1023 [proinde]
3002 948 3152 1020 legas
3185 948 3352 1003 etiam

43 1041 101 1094 τὸ
125 1038 168 1111 β’
197 1039 411 1111 σχόλιον
436 1039 529 1094 τοῦ
554 1041 636 1106 κζ’
669 1060 795 1113 κεφ.
829 1043 925 1096 τοῦ
958 1042 1225 1115 παρόντος
1253 1042 1359 1097 τίτ.

1745 1046 2046 1101 secundum
2076 1046 2359 1103 Scholium
2389 1060 2511 1113 cap.
2542 1043 2613 1098 27
2647 1042 2935 1112 prazsentis
2966 1043 3051 1095 tit.
3107 1059 3113 1065 ·

114 1134 395 1201 Σχόλιον.
432 1132 499 1187 Ἦ
522 1137 563 1186 v'
590 1133 757 1199 διάτ.,
799 1134 894 1188 τοῦ
920 1140 991 1203 γ’,
1019 1134 1125 1188 τίτ.
1172 1133 1268 1186 τοῦ
1300 1132 1371 1199 α’,
1427 1132 1592 1203 βιϐλίο

1879 1136 2117 1190 :holium.
2137 1133 2326 1191 COnst.
2346 1133 2435 1198 50,
2461 1134 2545 1187 tit.
2566 1132 2620 1199 ’5,
2641 1132 2734 1187 lib.
2756 1149 2795 1199 t,
2817 1132 2941 1187 cod.
2960 1138 3043 1186 est
3059 1144 3178 1201 cap.
3197 1127 3251 1184 9.
3272 1127 3357 1183 tit.

46 1224 136 1278 τοῦ
168 1223 424 1291 κώδικος,
449 1226 565 1280 ἐστι
619 1244 745 1298 κεφ.
770 1225 816 1281 θ’
846 1227 945 1280 τοῦ
973 1224 1022 1296 γ’
1044 1226 1150 1281 τίτ.
1181 1226 1277 1280 τοῦ
1316 1232 1369 1296 γ’
1426 1227 1524 1298 βιϐῖ

1886 1249 1912 1284 ι.
1934 1245 1991 1283 ιιι
2007 1229 2171 1285 Basil.
2191 1228 2324 1284 Illud
2340 1243 2468 1283 vero
2482 1226 2687 1283 codicis
2709 1243 2721 1279 :
2737 1224 3063 1297 generaliter
3075 1222 3220 1277 enim
3236 1222 3364 1277 licet

49 1318 153 1372 τῶν
179 1318 510 1374 Βασιλικῶν.
542 1319 617 1373 Τὸ
649 1320 706 1373 δὲ
741 1321 897 1393 ῥῆμα
926 1321 983 1375 τὸ
1011 1320 1307 1392 λεγόμενον
1335 1322 1394 1374 ὲν
1420 1322 1498 1393 τῷ

1888 1339 1954 1378 ue
1974 1334 2448 1391 contemnerequa:
2460 1336 2557 1391 pro
2572 1336 2629 1375 sc
2654 1318 2885 1391 [indulta
2918 1325 3045 1373 sunt
3063 1315 3103 1389 :]
3120 1316 3174 1370 in
3194 1314 3363 1371 Basil.

50 1411 173 1479 δικι,
222 1410 459 1479 γενικῶς
480 1414 590 1483 γὰρ
618 1410 826 1477 ἔξεστιν
855 1413 1074 1483 ἑκάστῳ
1108 1412 1217 1466 τῶν
1248 1412 1388 1483 ὑπὲρ
1441 1414 1528 1466 έαι

1889 1424 1968 1468 εει
1988 1415 2251 1484 positum.
2278 1412 2465 1469 Const.
2480 1413 2535 1477 2,
2558 1413 2640 1466 tit.
2674 1410 2842 1475 4,]ib.
2864 1425 2903 1476 ι,
2940 1410 3063 1465 cod.
3084 1424 3191 1463 non
3210 1408 3367 1463 estin

53 1507 433 1573 καταφρονεῖν,
456 1506 559 1559 οὐκ
595 1506 753 1576 ὲτέθη
784 1507 866 1568 είς
895 1505 966 1559 τὰ
996 1505 1281 1560 Βασιλικά.
1319 1506 1384 1559 Ἠ
1413 1505 1531 1577 β’δυ

1893 1508 1931 1575 ι;
1962 1522 2140 1577 neque
2158 1505 2333 1579 [vero]
2356 1507 2385 1559 7
2412 1505 2656 1576 ejusdem
2698 1504 2851 1559 tit.et
2870 1503 2965 1557 lib.
3000 1516 3179 1572 neque
3193 1501 3247 1565 8,
3273 1516 3371 1555 ne-

52 1594 141 1649 τοῦ
171 1594 212 1650 δ’
242 1595 355 1649 τίτ.
403 1594 499 1647 τοῦ
533 1591 580 1648 α’
633 1594 841 1667 βιϐλίου
873 1593 970 1649 τοῦ
1008 1594 1239 1660 κώδικος
1263 1595 1364 1649 οὐκ
1390 1594 1530 1649 ἐστιν

1897 1603 1981 1658 l5.
2004 1601 2180 1675 Legas
2202 1612 2382 1657 autem
2400 1615 2522 1669 cap.
2554 1598 2626 1653 44
2653 1597 2734 1653 tit.
2780 1614 2821 1663 ι,
2849 1596 2945 1651 lib.
2973 1610 3055 1661 ιιι,
3078 1594 3223 1666 quod
3242 1607 3371 1664 pars

53 1690 119 1745 τὰ
139 1687 429 1751 Βασιλικὰ,
451 1687 624 1759 οὑδὲή
654 1686 699 1752 ζ’
744 1688 887 1743 διάτ.
918 1687 1015 1742 τοῦ
1070 1688 1238 1742 αὑτοῦ
1264 1688 1373 1743 τίτ.
1424 1688 1519 1742 καὶ

1882 1696 2109 1752 novella:
2165 1696 2307 1761 195,
2360 1710 2428 1750 ac
2492 1693 2644 1749 dicas
2687 1692 2988 1747 secundum
3038 1690 3169 1746 illud
3220 1690 3340 1761 prin

52 1783 240 1850 ϐλίου,
298 1748 427 1837 οὐδὲ
485 1783 521 1854 ἡ
568 1748 818 1853 ηί-οὑδὲ
875 1782 910 1851 ἡ
962 1778 1424 1851 ιγ’.ιἈνάγνωθι
1468 1781 1527 1835 δὲ

1897 1803 2001 1845 mes
2060 1748 2307 1844 institui,
2337 1786 2482 1858 apud
2533 1785 2841 1856 episcopos.
2886 1782 3021 1853 Cap.
3082 1748 3264 1837 autem
3312 1748 3375 1867 ϋῗ

61 1874 139 1942 μδ¹
199 1889 329 1942 κεφ.
370 1870 468 1927 τοῦ
509 1888 543 1925 α
586 1871 692 1928 τίτ.
722 1868 819 1924 τοῦ
868 1869 916 1941 γ’
969 1870 1178 1942 βιϐλίου
1221 1872 1388 1944 μέρος
1446 1870 1506 1925 ὃν

1898 1883 2011 1938 dem
2050 1882 2134 1938 tit.
2177 1888 2231 1936 et
2264 1881 2359 1936 lib.
2408 1893 2478 1934 ne
2523 1880 2825 1934 auscultes.
2883 1877 2981 1932 Est
3022 1876 3168 1931 enim
3205 1874 3376 1945 hujus

64 1962 178 2035 ρκγ¹
200 1966 428 2037 νεαρᾶς,
452 1965 547 2018 καὶ
572 1964 701 2033 λέγε
728 1964 869 2034 μετὰ
893 1963 1053 2017 τοῦτο
1074 1963 1324 2033 γίνεσθαι
1344 1965 1471 2028 τοὺς
1499 1964 1542 2017 ὲ]

1891 1977 2094 2034 ιιίιυιὶο
2115 1985 2280 2047 atque
2312 1990 2410 2046 per
2435 1972 2639 2029 dictam
2683 1970 3047 2027 recentiorem
3095 1967 3369 2023 novellam

65 2057 228 2128 σμοὺς
263 2057 536 2129 πρότερον
562 2057 718 2129 παρὰ
740 2058 852 2120 τοῖς
886 2056 1230 2120 ἐπισκόποις.
1254 2056 1346 2129 Τῷ
1365 2058 1423 2111 δὲ
1447 2055 1500 2121 ς’
1531 2074 1543 2110 ι

1896 2078 2097 2140 »εθιιιηι
2146 2078 2252 2125 est.
2304 2067 2409 2123 Sed
2455 2081 2636 2136 neque
2672 2065 2898 2119 alteram
2950 2059 3374 2117 Justinianaaam

66 2148 154 2201 τοῦ
204 2148 376 2203 αὐτοῦ
425 2150 531 2204 τίτ.
570 2151 664 2204 καὶ
718 2148 926 2220 βιϐλίου
959 2149 1033 2222 μὴ
1085 2150 1355 2221 προσχῆς,
1387 2151 1529 2205 διάτ.

1895 2164 2072 2228 ollam,
2126 2176 2249 2232 qua!
2296 2160 2589 2215 adversum
2642 2156 2903 2227 quiddam
2950 2154 3102 2219 dicit,
3156 2152 3373 2207 audias.

68 2243 180 2295 ἐστι
230 2242 413 2308 τοῦτο,
467 2243 563 2297 καὶ
616 2243 856 2316 ἀνῃρέθη
895 2242 1002 2296 ὑπδ
1045 2243 1147 2314 τῆς
1200 2244 1462 2317 ρηθείσης
1498 2262 1546 2314 με

1890 2274 1908 2311 ι
1960 2272 2069 2312 non
2099 2265 2184 2311 est
2215 2256 2392 2324 posita
2430 2253 2482 2307 in
2522 2250 2688 2307 Basil.
2743 2246 2961 2304 tametsi
3008 2246 3321 2301 inveniatur
3354 2260 3368 2310 ;

73 2336 397 2406 γενεστέρας
424 2338 648 2405 νεαρᾶς,
682 2336 820 2390 ἀλλὰ
854 2337 993 2407 μηδὲ
1027 2336 1194 2407 ἑτέρᾳ.
1242 2336 1551 2390 Ἰουστινιαι

1920 2359 2189 2415 quantum
2247 2346 2314 2400 ad
2377 2344 2455 2417 [id
2522 2344 2738 2401 attinet.
2795 2337 2879 2409 ut]
2937 2338 3178 2408 primum
3239 2338 3385 2408 apud

74 2430 236 2500 νεαρᾷ
265 2430 518 2500 προσχῆς
545 2430 734 2501 ἔτερόν
763 2446 819 2483 τι
843 2429 1101 2501 λεγούσῃ,
1137 2431 1220 2483 ὅτι
1251 2430 1372 2483 οὐδὲ
1401 2429 1552 2500 ἐτέθη

1906 2457 2073 2513 copos
2086 2450 2138 2495 et
2156 2437 2603 2507 metropolitanos
2629 2430 3023 2489 controversia:
3066 2444 3384 2499 proponan-

77 2519 141 2573 τά
164 2521 453 2587 Βασιλικά,
481 2521 585 2576 κᾶν
617 2521 969 2594 εὑρίσκησαι,
1008 2522 1125 2576 ἀλλ’
1168 2523 1283 2577 ὅσοι
1321 2521 1424 2593 μὲν
1468 2522 1548 2585 εἰς

1911 2543 1953 2590 3t
1994 2533 2074 2589 sic
2100 2532 2166 2586 ad
2195 2528 2563 2602 patriarcham
2600 2524 2887 2581 deveniant
2918 2540 2933 2576 :
2959 2523 3206 2577 animum
3242 2521 3389 2578 dicto

81 2617 303 2686 πρώτως
357 2615 512 2686 παρὰ
539 2618 655 2679 τοῖς
682 2618 1034 2681 ἐπισκόποις,
1069 2616 1165 2669 καὶ
1199 2618 1310 2678 τοῖς
1343 2632 1559 2687 μητροπ

1910 2644 2014 2698 :ap.
2044 2626 2127 2681 tit.
2185 2640 2201 2680 ι
2240 2624 2335 2679 lib.
2374 2638 2429 2677 ιιι
2455 2616 2989 2691 applica.Quantum
3014 2632 3143 2671 vero
3167 2616 3233 2670 ad
3261 2613 3388 2687 [ἱι1,]

83 2725 195 2770 ταις
218 2708 503 2763 λαλεῖσθαι
549 2708 652 2772 τὰς
693 2709 1004 2776 ὑποθέσεις,
1059 2710 1155 2762 καὶ
1208 2707 1381 2773 οὕτως
1421 2708 1561 2780 ἔρχει

1909 2716 2075 2772 :iviles
2123 2723 2219 2769 aut
2266 2714 2541 2767 militares
2594 2710 2951 2781 magistratus
2993 2706 3387 2762 commercium

86 2799 247 2863 αὑτάς
298 2801 381 2863 είς
440 2800 531 2853 τὸν
601 2800 980 2873 πατριάρχην,
1040 2800 1277 2872 πρόσχες
1325 2799 1407 2871 τῷ
1458 2798 1561 2872 ρηθ

1910 2810 2015 2864 uod
2069 2807 2336 2863 adversus
2384 2810 2741 2860 consecratos
2794 2801 3033 2855 habeant
3069 2818 3083 2854 :
3119 2799 3388 2853 novellam

88 2890 165 2960 μδ¹
188 2908 311 2961 κεφ.
338 2891 437 2946 τοῦ
458 2891 505 2946 α’
538 2893 644 2947 τίτ.
670 2892 763 2947 τοῦ
787 2891 834 2963 γ’
862 2893 1088 2964 βιϐλίου.
1116 2893 1280 2947 Ὅσον
1309 2892 1366 2947 δὲ
1398 2894 1477 2955 εἰς
1511 2892 1566 2945 τὴ

1908 2908 2185 2956 eratorum
2239 2894 2587 2952 Constantini
2617 2902 2671 2948 et
2717 2892 2975 2954 Heraelii,
3017 2906 3083 2947 ac
3118 2891 3386 2946 novellam

90 2984 226 3055 ἔχειν
249 2986 547 3056 μετουσίαν
570 2986 693 3041 τινὰ
721 2988 849 3051 τοὺς
877 2986 1211 3051 πολιτικοὺς,
1257 2985 1291 3059 ἢ
1349 3002 1568 3054 στρατια

1914 2992 2137 3047 aratoris
2168 2989 2355 3045 donmi
2386 2988 2561 3042 Alexii
2588 2985 2877 3051 Conmeni,
2920 2998 3155 3056 quarum
3193 2985 3246 3037 in
3283 2983 3392 3037 iui-

92 3079 213 3143 κους
258 3080 533 3151 ἄρχοντας
582 3081 724 3151 μετὰ
774 3079 886 3135 τῶν
946 3079 1283 3151 ἱερωμένων,
1316 3078 1554 3150 πρόσχες

1918 3085 2190 3155 oramentis
2227 3084 2308 3138 tit.
2348 3081 2684 3137 mentionem
2723 3079 2975 3145 fecimus,
3002 3077 3197 3132 audias
3223 3076 3396 3147 Legas

94 3173 253 3243 νεαρᾷ
278 3172 389 3227 τῶν
424 3173 694 3243 βασιλέων
740 3174 1160 3227 Κωνσταντίνου
1202 3173 1298 3226 κα)⁸
1334 3171 1571 3242 Ἠρακλε

1923 3193 2017 3249 per
2056 3177 2121 3232 15
2168 3190 2436 3232 canonem
2485 3172 2705 3228 concilii
2746 3171 3235 3243 Carthaginensis,
3274 3179 3331 3224 et
3366 3168 3399 3222 9

94 3264 185 3318 καὶ
227 3268 291 3337 τῇ
340 3267 521 3337 νεαρᾷ
576 3265 669 3320 τοῦ
735 3264 1006 3335 βασιλέως
1059 3266 1251 3334 κυρίου
1303 3262 1541 3330 Ἀλεξίου

1924 3284 2060 3323 mem
2095 3265 2591 3331 Chalcedonensis,
2627 3279 2861 3333 qumque
2894 3264 2949 3317 in
2998 3263 3119 3332 ipso
3152 3275 3402 3330 compre-

101 3358 403 3430 Κομνηνοῦ,
442 3352 518 3414 ὧν
550 3358 745 3430 μνείαν
771 3358 1156 3429 ἐποιησάμεθα
1211 3358 1270 3410 ὲν
1300 3359 1369 3428 τῇ
1426 3372 1579 3437 κατα,

1930 3363 2144 3423 luntur,
2175 3374 2298 3428 quae
2324 3373 2542 3411 omnem
2570 3354 2981 3425 ambiguitatem
3010 3352 3248 3406 solvunt.
3284 3350 3404 3419 Ipsa

99 3451 185 3506 τοῦ
217 3454 488 3524 παρόντος
531 3454 666 3518 τίτ.,
699 3452 975 3522 ἀνάγνωθι
1004 3452 1102 3505 καὶ
1140 3451 1232 3505 τὸν
1263 3448 1323 3505 ιε’
1359 3449 1564 3504 κανόνα

1933 3470 1983 3508 m
2012 3451 2084 3506 29
2119 3459 2300 3507 const.
2341 3465 2465 3521 qure
2493 3449 2548 3502 in
2581 3447 2751 3503 Basil.
2777 3447 2955 3517 posita
2988 3460 3094 3499 non
3124 3452 3229 3507 est,
3253 3442 3408 3497 hunc

101 3545 155 3596 ἐν
206 3546 576 3617 Καρθαγέννῃ
611 3546 858 3611 συνόδου,
894 3546 989 3600 καὶ
1029 3546 1121 3599 τὸν
1166 3540 1209 3597 θ’
1259 3543 1463 3599 κανόνα
1508 3545 1574 3613 τῆ

1932 3548 2128 3599 nodum
2164 3544 2329 3597 habet
2366 3560 2380 3596 :
2411 3540 2683 3597 adversus
2713 3539 2861 3593 enim
2896 3536 3036 3591 tales
3069 3533 3410 3605 episcOpnles

104 3638 435 3710 Χαλκηδόνι,
470 3639 567 3694 καὶ
613 3639 685 3693 τὰ
716 3642 777 3694 ἐν
803 3639 955 3710 αὑτῷ
1001 3638 1199 3691 λύοντα
1232 3638 1415 3691 πᾶσαν
1452 3636 1582 3707 ἀμφι

1937 3639 2115 3692 entias
2147 3635 2524 3707 provocationi
2575 3634 2754 3689 locum
2802 3647 2908 3687 non
2940 3646 3083 3694 esse,
3118 3645 3149 3684 a
3200 3627 3410 3697 pra-de-

104 3730 234 3789 λίαν.
264 3736 337 3788 Τὸ
364 3734 576 3799 πλάτος
604 3734 661 3789 δὲ
688 3736 787 3805 τῆς
813 3736 896 3789 κθ¹
935 3734 1076 3788 διάτ.
1115 3734 1239 3805 ἥτις
1291 3733 1351 3787 οὐ
1385 3734 1564 3786 κεῖται

1931 3732 2121 3786 oribus
2160 3729 2367 3784 nostris
2413 3728 2530 3797 lcge
2559 3734 2782 3781 cantum
2822 3734 2924 3779 est.
2982 3720 3130 3777 Sane
3161 3722 3195 3775 4
3225 3728 3408 3774 const.

108 3827 169 3879 τὰ
214 3827 504 3892 Βασιλικὰ,
549 3827 723 3893 οὕτως
761 3828 896 3899 ἔχει,
955 3829 1095 3882 κατὰ
1139 3830 1249 3900 γάρ
1278 3827 1388 3881 τῶν
1441 3824 1586 3880 τοιού

1942 3824 2153 3879 novella
2194 3822 2548 3893 imperatoris
2591 3816 2889 3874 Justiniani
2922 3816 3012 3881 85,
3064 3830 3177 3869 non
3228 3820 3409 3866 autent

112 3918 484 3975 ὲπισκοπικῶν
508 3921 840 3990 ἀποφάσεων
864 3922 964 3975 οὐκ
1014 3917 1155 3975 εἶναι
1186 3920 1373 3994 χώραν
1431 3918 1590 3972 ἐκκλί

1932 3918 2071 3973 ιιιείι.
2126 3916 2303 3988 posita
2337 3923 2443 3970 est.
2480 3914 2547 3966 Et
2591 3920 2770 3967 const.
2822 3909 2909 3975 15,
2943 3916 3031 3963 est
3076 3904 3287 3961 novella
3317 3902 3410 3967 79,

112 4012 218 4073 τοῖς
272 4012 379 4084 πρὸ
441 4012 601 4083 ἡμῶν
650 4011 1091 4083 νενομοθέτηται.
1138 4010 1201 4064 ’11
1237 4012 1422 4080 μέντοι
1459 4008 1503 4061 δ’
1560 4007 1589 4060 δ

1298 4012 1422 4063 ivro:
1459 4008 1503 4061 δ’
1560 4007 1700 4060 διάτ.
1814 4022 1933 4076 quae
1969 4008 2085 4077 ipsa
2115 4005 2281 4061 etiam
2320 4019 2429 4058 non
2461 4014 2547 4058 est
2570 4001 2776 4072 agnita.

118 4106 223 4157 ἐστι
270 4082 444 4177 νεαρὰ
498 4094 591 4173 try"
632 4103 726 4157 τοῦ
775 4104 1042 4176 βασιλέως
1088 4100 1489 4167 Ἰουστινιανοῦ,
1523 4100 1627 4154 οὐκ
1663 4098 1824 4172 ἐτέθη
1855 4099 1911 4153 δὲ
1946 4101 2027 4163 είς
2050 4100 2122 4153 τά
2153 4097 2440 4153 Βασιλικά.
2474 4095 2587 4150 Καὶ
2627 4096 2661 4165 ἡ
2702 4090 2763 4147 ιε’
2794 4090 2935 4145 διάτ.
2965 4089 3083 4143 ἔστι
3110 4086 3280 4159 νεαρὰ
3312 4082 3413 4154 00',

116 4197 202 4248 καὶ
225 4197 343 4250 οὐδὲ
364 4196 510 4267 αὑτὴ
548 4196 893 4268 ἐπεγνώσθη.

182 4290 488 4360 Κείμενον.
523 4291 765 4345 Γίνωσκε
826 4287 883 4341 δὲ
921 4287 1005 4341 ὃτι
1055 4288 1088 4357 ἡ
1127 4285 1172 4358 β’
1216 4286 1357 4341 διάτ.
1401 4285 1494 4339 τοῦ
1535 4286 1660 4339 αὐτο

1933 4293 2106 4339 cattus.
2142 4280 2298 4338 Scias
2334 4294 2463 4335 vero
2494 4278 2641 4348 quod
2666 4285 2845 4333 const.
2870 4274 2925 4339 2,
2960 4273 3213 4345 ejusdem
3240 4272 3326 4326 tit.
3358 4272 3411 4338 1,

120 4379 163 4432 α’
189 4384 291 4439 τίτ.
314 4384 524 4439 τούτων
552 4384 764 4449 πασῶν,
799 4401 855 4437 κ.
890 4400 941 4436 τ.
975 4382 1050 4445 λ.,
1082 4396 1259 4452 usque
1314 4380 1385 4435 ad
1409 4380 1508 4452 τῆς
1542 4381 1598 4451 lsi

1975 4378 2169 4431 harum
2199 4375 2473 4438 omnium,
2506 4380 2638 4435 etc.,
2678 4384 2843 4439 usque
2880 4368 2949 4421 ad
2982 4366 3291 4422 sacerdotio
3320 4366 3419 4421 tle-

125 4471 277 4545 σύνης
307 4476 654 4541 ἐξωθοῦνται.
690 4473 868 4544 Supra
896 4489 1019 4545 pag.
1042 4472 1171 4528 242.

1006 4513 1019 4527 .
1042 4472 1171 4528 242.
1738 4458 1781 4512 ι)
1815 4470 2075 4541 pellatur,
2106 4478 2164 4521 ut
2193 4484 2315 4537 pag.
2353 4465 2481 4519 242.

186 4568 458 4636 Σχόλιον.
499 4569 564 4621 Ἡ
629 4565 673 4639 β’
734 4567 879 4623 διάτ.
930 4566 1025 4620 τοῦ
1072 4571 1120 4619 α’
1168 4565 1275 4618 τίτ.
1333 4563 1444 4618 τῶν
1499 4561 1664 4634 νεαρᾶ

1942 4563 2197 4617 clrolium.
2242 4559 2439 4615 Const.
2490 4558 2527 4611 2
2573 4556 2660 4611 tit.
2702 4556 2728 4609 1
2780 4552 3157 4616 Novellarum,
3193 4562 3277 4608 est
3316 4565 3420 4605 no-

128 4656 235 4713 έστι
282 4662 456 4734 νεαρὰ
491 4662 924 4723 Ἰουστινιάνειος
972 4658 1113 4732 ρκγ¹.
1141 4658 1312 4712 Τοῦτο
1337 4658 1397 4711 δὲ
1425 4658 1597 4728 αὐτῆς

1942 4671 1961 4710 ι
1998 4652 2307 4710 Iustiniani
2340 4650 2466 4706 125.
2495 4648 2699 4705 Verum
2746 4649 2848 4703 hoc
2887 4647 3008 4717 ejus
3035 4660 3158 4716 cap.
3190 4659 3299 4699 non
3334 4650 3420 4698 est

131 4766 247 4820 κεφ.
274 4733 560 4825 οὺκὲτέθη
594 4756 674 4817 είς
705 4756 773 4808 τά
795 4753 1085 4808 Βασιλικά.
1136 4752 1200 4807 Ἦ
1257 4752 1317 4806 δὲ
1351 4750 1414 4815 ιζ’
1451 4750 1591 4805 διάτ.

1940 4758 2066 4803 .tum
2106 4746 2163 4799 in
2195 4744 2366 4799 Basil.
2394 4742 2589 4798 Const.
2623 4749 2807 4796 autem
2856 4740 2922 4793 17
2978 4737 3061 4790 tit.
3101 4738 3126 4785 1
3163 4733 3418 4789 Novella-

133 4849 175 4893 α’
197 4845 300 4904 τίτ.
350 4849 458 4903 τῶν
488 4850 719 4920 Νεαρῶν
770 4850 889 4903 ἐστι
934 4849 1103 4920 νεαρὰ
1145 4846 1611 4915 Ἰουστινιάνειοςι

1937 4860 1966 4905 ι,
1999 4847 2079 4893 est
2125 4836 2339 4892 novella
2405 4832 2702 4889 Justiniani
2766 4830 2896 4895 157,
2946 4826 3259 4900 positalqne
3307 4822 3415 4895 est]

136 4939 348 5010 κειμένη
383 4945 441 4996 ὲν
466 4917 657 5014 βιϐλίιρ
682 4941 730 5012 γ’
762 4942 871 4996 τῶν
896 4917 1205 4997 Βασιλικῶν
1238 4940 1345 4996 τίτ.
1384 4937 1458 5004 α’,
1488 4956 1614 5008 κεφ.

1938 4934 2009 4988 ib.
2042 4947 2104 4987 ιιι
2156 4930 2351 4994 Basil.,
2398 4929 2483 4983 tit.
2532 4928 2585 4994 1,
2619 4940 2739 4997 cap.
2786 4923 2841 4988 8,
2888 4925 3126 4976 themate
3164 4917 3220 4982 8,
3270 4918 3416 5014 quod

140 5007 898 5109 Oéita'ct'rj'niatacirpmﬁévrt
923 5037 1056 5109 περὶ
1094 5036 1159 5090 τὸ
1175 5035 1329 5100 τέλος
1374 5032 1472 5089 τοῦ
1500 5031 1549 5105 η’
1574 5007 1618 5087 Vx

1948 5034 2095 5081 rtum
2130 5030 2216 5080 est
2261 5037 2388 5094 cap.
2421 5020 2456 5075 8
2504 5019 2592 5074 tit.
2634 5018 2664 5072 1
2720 5012 3011 5088 praesentis
3052 5009 3237 5079 operis
3272 5007 3421 5065 circa

140 5123 227 5175 τοῦ
249 5132 295 5179 α’
320 5128 425 5183 τίτ.
455 5128 551 5183 τοῦ
584 5130 856 5201 παρόντος
888 5128 1293 5199 συντάγματος.
1827 5118 2014 5174 ﬁnem-

208 5217 506 5287 Κείμενσν.
549 5220 616 5273 Ἦ
667 5189 726 5273 '5:
778 5189 918 5291 αυτὴ
956 5219 998 5290 β’
1048 5189 1189 5273 iii-dt.
1242 5189 1337 5271 τοῦ
1378 5210 1425 5270 α’
1459 5216 1566 5269 τίτ.
1615 5213 1686 5268 τῶ

1942 5212 2120 5265 ’extus.
2150 5205 2353 5261 Eadem
2381 5210 2560 5259 const.
2589 5198 2645 5266 2,
2701 5198 2786 5254 tit.
2816 5196 2842 5250 1
2874 5191 3227 5249 Novellarum
3254 5189 3420 5247 dicit:

146 5282 343 5380 vsapdiv
377 5314 540 5384 φησὶν
568 5314 649 5366 ὅτι
704 5314 731 5364 ὁ
758 5282 1102 5383 ἔχωνϐίκην,
1156 5327 1212 5365 κ.
1234 5327 1284 5365 τ.
1315 5308 1393 5374 λ.,
1424 5321 1599 5376 usque

1959 5310 2173 5367 contra,
2193 5308 2496 5367 ctc.,usque
2517 5297 2587 5349 ad
2609 5288 2832 5348 obnoxii
2862 5294 3048 5352 sunto,
3063 5294 3124 5340 ut
3141 5301 3267 5355 pag.
3289 5282 3420 5349 212,

151 5399 443 5471 εἰρημένων
496 5404 826 5476 κληρονόμοι
907 5403 1075 5457 αὑτοῦ
1152 5401 1495 5457 ὑπόκεινται.
1549 5398 1729 5469 Supra
1830 5397 1965 5465 245,
1996 5395 2123 5450 244.

154 5507 267 5565 pag.
286 5498 409 5563 242,
440 5500 564 5568 245,
614 5500 741 5555 244.

241 5591 507 5658 Σχόλιον.
553 5594 616 5647 Ἡ
650 5592 697 5665 β’
718 5594 861 5649 διάτ.
898 5591 992 5647 τοῦ
1023 5590 1072 5645 α’
1104 5589 1211 5647 τίτ.
1249 5588 1359 5643 τῶν
1390 5584 1603 5655 νεαρῶν

1954 5577 2206 5632 cholium.
2264 5573 2455 5627 Const.
2486 5569 2543 5633 2,
2574 5568 2659 5622 tit.
2695 5564 2720 5619 1
2761 5562 3109 5619 Novellarum
3142 5557 3432 5633 (quemad—

160 5676 372 5751 εἴπομεν
398 5680 534 5741 οὖσα
585 5687 753 5758 νεαρὰ
796 5685 1231 5747 ’1ουστινιάνειος
1280 5679 1421 5753 ρκγ’.
1458 5680 1569 5733 Καὶ
1624 5696 1638 5730 1

1953 5671 2066 5725 ium
2099 5666 2369 5735 diximus)
2409 5663 2620 5717 novella
2661 5656 2957 5713 .luStiniani
2996 5655 3097 5709 125
3135 5657 3431 5714 exsistcns,

167 5770 292 5842 μένη
327 5776 383 5831 ὲν
443 5778 628 5851 βιϐλίῳ
654 5780 701 5849 γ’
741 5780 849 5834 τῶν
906 5777 1214 5832 Βασιλικῶν
1255 5777 1362 5831 τίτ.
1393 5772 1462 5843 α’,
1490 5789 1615 5841 κεςρ.

1949 5766 2001 5822 in
2051 5764 2148 5819 lib.
2193 5759 2360 5816 Basil.
2395 5758 2479 5812 tit.
2528 5756 2581 5822 1,
2618 5769 2738 5824 cap.
2781 5750 2876 5817 57,
2911 5750 3001 5815 58,
3048 5749 3114 5803 '59
3145 5761 3319 5820 usque
3360 5744 3427 5800 ad

465 5840 738 5937 PA'IitoL.
786 5878 902 5937 Gn.
941 5874 1099 5934 ClV.
1448 5840 1456 5843 ν
1574 5840 1579 5841 ί

3111 5840 3186 5901 35
