3916 6244
319 685 651 744 unoquoque
696 680 862 729 anno,
902 671 1031 727 etc.,
1063 672 1227 729 usque
1266 654 1334 710 ad
1374 650 1649 722 alioquive
1687 645 1905 718 pericli-

315 774 521 829 tentur,
559 770 616 814 ut
642 775 768 830 pag.
797 755 925 809 715.

388 854 686 911 Scholium.
729 850 923 904 Const.
958 844 1046 911 il,
1089 842 1172 898 tit.
1202 842 1257 907 '5,
1298 839 1394 894 lib.
1436 854 1454 891 ι
1491 834 1615 892 cod.
1657 848 1769 888 non
1825 836 1910 884 est

1436 261 1702 325 PHO’I‘II
1733 253 2241 321 PATRIARCHJE
2276 250 2383 313 CP.

2077 549 2387 618 Κείμενον.
2452 540 2687 615 Ὁμοίως
2742 534 2949 608 βιϐλίον
2976 531 3059 607 α’,
3090 531 3196 587 τίτ.
3225 526 3296 593 α’,
3320 528 3463 584 διάτ.
3484 532 3597 598 μα’,

2006 645 2128 715 ἥτις
2164 643 2320 712 φησὶ,
2356 637 2596 708 κ.τ.ιλ.,
2652 648 2824 705 usque
2875 631 2945 687 ad
2999 628 3124 682 ἐπεὶ
3171 622 3598 678 κινδυνεύουσιν.

2082 829 2365 899 Σχόλιον.
2412 824 2477 878 'H
2522 820 2611 895 μα’
2639 820 2787 875 διάτ.
2835 817 2928 873 τοῦ
2949 814 2999 887 γ’
3038 815 3146 869 τίτ.
3193 810 3288 867 τοῦ
3313 807 3359 863 α’
3393 804 3603 879 βιϐλίου

317 952 496 1025 posita
554 949 609 1003 in
640 944 832 1009 B;isil.,
865 955 1043 1012 neque
1089 944 1267 993 const.
1323 933 1394 988 24
1450 930 1535 986 ιιι.
1586 929 1622 982 2
1662 925 1907 997 ejusdem

2055 922 2104 977 ιῦ
2131 894 2367 981 κιίιδικος
2420 894 2533 971 οὐκί
2556 915 2717 985 ἐτέθη
2767 914 2847 975 είς
2878 910 2948 964 τὰ
2974 906 3263 962 Βασιλικά.
3292 901 3429 958 Οὐδὲ
3462 900 3497 971 ὴ
3522 894 3602 951 κδ’

318 1044 465 1099 libri.

398 1133 616 1188 Textus.
658 1129 761 1196 Qui
795 1126 1089 1197 episcopus
1120 1129 1214 1175 aut
1248 1119 1484 1174 clericus
1502 1130 1569 1168 ex
1602 1110 1906 1184 provincia,

320 1239 455 1296 etc.,
495 1241 657 1297 usque
688 1222 757 1276 ad
791 1236 821 1276 e
859 1234 961 1275 suo
1004 1214 1339 1271 monasterio
1387 1210 1657 1274 trahatur,
1686 1214 1743 1259 ut
1783 1220 1907 1273 pag.

326 1322 452 1377 715.

396 1412 699 1471 Scholium.
730 1410 774 1463 A
806 1405 1059 1478 praesenti
1112 1403 1235 1457 loco
1277 1397 1466 1469 incipit
1518 1394 1732 1451 novella
1788 1390 1929 1471 l25.'

322 1524 445 1580 quae
474 1516 556 1562 est
584 1503 759 1569 inflib.
797 1500 960 1556 Basil.
995 1499 1086 1552 lib.
1115 1512 1203 1560 in,
1227 1496 1313 1549 tit.
1352 1494 1404 1556 l,
1428 1507 1549 1561 cap.
1574 1489 1665 1553 47,
1692 1487 1783 1552 48,
1818 1486 1910 1548 49,

324 1579 415 1667 50,
457 1600 547 1664 51,
600 1598 670 1653 52
701 1604 754 1650 et
787 1595 876 1660 55,
914 1607 1036 1661 qua:
1066 1590 1119 1644 in
1161 1585 1484 1656 compendio
1512 1579 1667 1656 [jam]
1706 1594 1911 1651 propo-

2010 1016 2149 1071 διάτ.
2187 1013 2278 1066 τοῦ
2312 1010 2354 1084 β’
2382 1011 2490 1065 τίτ.
2524 1008 2615 1063 τοῦ
2643 1005 2809 1063 αὑτοῦ
2835 1003 3060 1076 βιϐλίου.

2082 1108 2391 1177 Κείμενον.
2436 1102 2527 1167 Ἐξ
2587 1099 2854 1171 ἐπαρχίας
2913 1101 2971 1151 ὲν
3030 1085 3609 1149 Κωνσταντινουπόλει

2013 1200 2401 1271 εὑρισκόμενος
2446 1196 2772 1260 ἐπίσκοπος,
2831 1208 2887 1246 κ.
2937 1207 2991 1245 τ.
3016 1189 3097 1260 λ.,
3150 1199 3327 1256 usque
3359 1182 3428 1238 ad
3477 1179 3610 1234 ἰδίου

2016 1286 2382 1360 μοναστηρίου
2406 1284 2644 1338 ἕλκεται.

2086 1381 2369 1449 Σχόλιον.
2415 1378 2551 1432 Ἀπὸ
2580 1375 2676 1431 τοῦ
2708 1374 2980 1448 παρόντος
3024 1370 3228 1443 χωρίου
3288 1368 3521 1437 ἄρχεται
3576 1362 3612 1432 ἡ

2018 1474 2134 1546 ρκγ¹
2186 1472 2358 1545 νεαρὰ
2412 1472 2642 1542 κειμένη
2690 1472 2748 1524 ὲν
2804 1467 2992 1539 βιϐλίῳ
3038 1465 3145 1518 τῶν
3188 1460 3495 1516 Βασιλικὼν
3541 1452 3613 1525 Υ,

2012 1569 2116 1621 τίτ.
2145 1564 2214 1632 α’,
2240 1582 2367 1634 κεφ.
2415 1561 2521 1635 μζ,
2556 1569 2665 1633 pq’,
2704 1559 2811 1629 μθ’,
2846 1558 2910 1624 ν’,
2945 1555 3025 1612 va.’
3047 1599 3061 1621 ,
3095 1553 3170 1624 νβ’
3232 1555 3326 1606 καὶ
3375 1548 3455 1618 νγ¹
3478 1591 3493 1615 ,
3521 1546 3619 1601 καὶ

324 1642 415 1667 υν,
457 1642 547 1664 ιη,
600 1642 670 1653 υ-
704 1642 754 1650 --
789 1642 876 1660 --,
920 1642 1031 1661 γ--
1172 1642 1181 1643 κ
1287 1642 1305 1656 ,
1512 1642 1549 1656 ι,
1648 1642 1667 1653 ι
1708 1642 1725 1651 _
1814 1642 1824 1647 _

324 1698 453 1759 sita,
486 1689 947 1764 quemadmodum
992 1685 1056 1738 ad
1110 1683 1331 1753 longum
1375 1679 1453 1751 [in
1504 1681 1621 1746 ipsa
1672 1670 1907 1743 norella]

2055 1671 2197 1725 (ουσι
2219 1654 2287 1707 τὰ
2310 1651 2740 1722 συνωψισθέντα,
2760 1650 2836 1712 ὡς
2860 1652 2918 1702 ὲν
2936 1647 3016 1718 τῷ
3037 1646 3226 1700 πλάτει
3247 1642 3619 1713 περιέχονται.

2055 1750 2069 1764 ρ
2116 1749 2127 1764 ι
2197 1748 2209 1764 9
2270 1748 2280 1764 ι
2411 1748 2436 1764 ιὶ
2561 1745 2690 1764 μ’-.-
2779 1744 2844 1764 m1
2885 1741 2936 1764 ξι
2995 1740 3293 1764 ι-ῐ..-.--....
3322 1736 3492 1764 ...λι-Λ..
3524 1749 3619 1764 νε-

326 1783 888 1857 comprehenduntur,
947 1775 1150 1830 habent
1199 1792 1214 1826 :

326 1881 464 1951 lege.
492 1876 649 1943 Quod
682 1886 813 1927 vero
855 1869 1147 1939 episcopus
1181 1863 1318 1918 citra
1376 1859 1658 1930 imperiale
1698 1857 1911 1926 jussum

330 1948 442 2028 non
471 1966 825 2032 ducatur,vel
866 1964 1116 2025 sistatur,
1152 1958 1389 2028 positum
1422 1962 1505 2010 est
1535 1954 1587 2007 in
1616 1951 1711 2005 lib.
1743 1948 1912 2003 Basil.

330 2084 414 2133 ιιι,
446 2067 527 2121 tit.
558 2064 608 2130 1,
635 2075 756 2131 cap.
787 2058 877 2122 17,
914 2055 1060 2123 quod
1091 2053 1171 2108 sic
1202 2050 1382 2114 habet,
1409 2059 1465 2102 ut
1506 2046 1560 2100 in
1592 2041 1915 2113 compendio

328 2130 673 2229 propositum
707 2160 812 2206 est.
855 2147 1089 2203 Constit.
1129 2152 1311 2197 autem
1347 2139 1436 2203 17,
1472 2136 1556 2191 ιιι.
1602 2134 1625 2187 1
1662 2130 1915 2186 Novella-

331 2220 456 2306 Ξ-υηὶ
527 2259 610 2304 est
661 2243 872 2299 novella
919 2237 1215 2294 Justiniani
1269 2232 1391 2296 157,
1453 2225 1764 2300 posita[que
1810 2220 1917 2293 est]

330 2345 384 2399 in
411 2343 505 2398 lib.
534 2356 592 2396 ιιι
628 2336 793 2392 Basil.
821 2336 904 2389 tit.
945 2333 965 2385 1
1037 2344 1156 2398 cap.
1191 2326 1283 2388 20,
1316 2322 1461 2394 quod
1502 2321 1647 2375 circa
1676 2316 1913 2370 medium

329 2438 406 2493 ita
452 2433 634 2499 habet,
680 2421 1145 2500 quemadmodum
1199 2418 1256 2471 in
1304 2426 1452 2471 textu
1494 2410 1760 2479 scriptum
1814 2414 1920 2460 est.

336 2527 565 2583 Novella
766 2518 942 2590 posita
991 2523 1078 2570 est
1118 2513 1173 2567 in
1210 2511 1304 2564 lib.
1348 2524 1421 2573 νι,
1458 2506 1538 2559 ιιι.
1572 2502 1657 2569 19,
1707 2515 1827 2570 cap.
1863 2497 1918 2563 9,

332 2621 576 2674 themate
610 2614 664 2669 5.
718 2610 859 2665 Dicit
891 2617 1073 2663 autem
1120 2604 1153 2659 8
1187 2600 1351 2671 hujus
1399 2612 1516 2667 cap.
1569 2596 1642 2648 ita
1678 2594 1746 2647 ad
1803 2606 1922 2644 ver-

332 2714 464 2768 bum
500 2728 514 2764 :
554 2705 907 2763 Monastriam
976 2700 1176 2769 plane,
1234 2700 1328 2749 aut
1388 2688 1701 2751 ascetriani,
1772 2682 1922 2738 nullo

336 2804 570 2862 actionis
623 2812 820 2871 genere
871 2811 903 2850 e
956 2795 1071 2849 suis
1106 2786 1353 2845 abstrahi
1411 2778 1769 2839 monasteriis
1824 2786 1924 2832 aut

335 2895 625 2955 asceteriis
663 2888 1034 2948 ceucedimus.

399 2990 555 3047 CAP.
592 2987 657 3042 ll.
696 3015 766 3027 —-
803 2984 943 3049 Quot
993 2990 1040 3034 et
1073 2978 1163 3049 qui
1210 2974 1459 3029 adversus
1511 2969 1778 3039 episcopos
1832 2975 1925 3019 aut

337 3087 557 3142 clericos
590 3079 951 3138 testimonium
990 3073 1193 3128 dicant.

409 3178 802 3253 Apostolorum
835 3184 1011 3226 canon
1054 3165 1153 3232 75;
1195 3160 1418 3217 concilii
1465 3150 1929 3213 Chalcedonensis

338 3244 519 3334 canon
565 3273 675 3339 2i;
739 3264 957 3323 concilii
1009 3253 1461 3328 Carthaginensis
1508 3262 1683 3303 canon
1715 3244 1927 3309 51.59,

338 3371 464 3435 ινδ,
501 3366 627 3433 r29,
654 3362 777 3417 150.

416 3432 635 3518 Τρωίας.
674 3452 878 3522 Quales
902 3463 1025 3505 esse
1050 3450 1299 3516 oporteat
1323 3439 1415 3510 qui
1459 3438 1511 3491 in
1532 3432 1761 3506 judicio,
1795 3438 1927 3496 etc.,

338 3574 503 3630 usque
530 3554 597 3608 ad
624 3551 705 3606 tit.
735 3549 770 3603 5
791 3544 1162 3607 Novellarum,
1186 3548 1240 3591 ut
1264 3550 1386 3605 pag.
1417 3530 1545 3585 7l9.

419 3741 712 3799 Scholium.
747 3733 854 3789 Tit.
886 3731 940 3797 5,
978 3728 1072 3783 lib.
1106 3740 1242 3789 mi,
1274 3721 1384 3791 dig.
1416 3726 1502 3774 est
1532 3716 1612 3770 tit.
1648 3717 1699 3778 1,
1738 3712 1839 3799 lib.
1864 3726 1934 3764 xx

341 3798 511 3891 Basil.
562 3846 628 3886 ac
667 3826 903 3898 primum
932 3812 1202 3891 [quidem]
1233 3812 1353 3881 ejus
1389 3813 1554 3877 caput
1592 3802 1725 3857 dicit
1758 3817 1770 3853 :
1804 3798 1935 3853 Fide

348 3930 545 3999 dignos
594 3892 811 3992 oportet
860 3926 982 3969 esse
1022 3917 1213 3968 teStes,
1267 3917 1333 3956 ac
1376 3899 1759 3971 producuntur
1786 3902 1841 3946 et
1884 3892 1936 3943 in

346 3984 684 4096 pecuniariis
732 4022 785 4068 et
836 4010 891 4064 in
935 3999 1319 4062 criminalibus
1376 3992 1470 4065 qui
1524 3984 1795 4062 [quidem]
1822 3985 1937 4055 lege

350 4078 462 4172 bon
513 4108 881 4182 prohibentur
918 4106 1015 4153 aut
1044 4098 1400 4150 excusantur.
1445 4083 1554 4137 Tit.
1590 4081 1681 4143 ἐι),
1718 4078 1809 4133 lib.
1864 4092 1937 4140 iv,

346 4169 471 4265 cod.
498 4169 583 4261 est
603 4217 724 4271 cap.
746 4199 841 4263 21,
864 4195 948 4251 tit.
976 4192 1029 4256 1,
1055 4189 1148 4243 lib.
1180 4201 1294 4250 xm,
1314 4178 1460 4251 quod
1489 4179 1567 4232 sic
1592 4174 1755 4228 habet
1788 4190 1800 4225 :
1832 4169 1941 4225 Re-

345 4296 621 4373 jiciendus
644 4265 984 4365 a-[dicendo]
1020 4277 1339 4337 testimonio
1384 4281 1491 4333 est,
1521 4268 1615 4338 qui
1639 4265 1942 4321 tumultuo-

1276 4367 1285 4373 .
1355 4365 1381 4373 ._
1468 4370 1475 4373 _
1644 4365 1658 4373 ,
1722 4352 1935 4373 unum

354 4352 470 4447 sam
512 4352 871 4459 petulaiitiaui
908 4352 1230 4443 designasse
1269 4365 1553 4437 judicatus
1579 4365 1683 4412 est.
1720 4352 1942 4410 Novella

355 4484 446 4549 96,
477 4440 546 4535 de
594 4475 844 4534 testibus,
879 4440 1058 4540 posita
1090 4471 1174 4518 est
1223 4461 1275 4514 in
1311 4457 1405 4513 lib.
1438 4452 1604 4508 Basil.
1658 4464 1773 4513 ni,
1821 4459 1933 4514 cap.

2055 4440 2281 4509 ποιῆσαι

2055 4538 2064 4549 I
2091 4531 2103 4549 Ι
2162 4548 2195 4549 κ.
2236 4548 2239 4549 ν
2263 4531 2273 4549 ι

356 4582 448 4644 46,
486 4589 609 4645 qua:
631 4572 713 4626 sic
746 4566 972 4623 inchoat
1005 4579 1019 4615 :
1051 4558 1366 4616 Sancimus,
1395 4559 1449 4605 ct
1473 4544 1715 4602 maxime
1746 4541 1798 4594 in
1830 4553 1947 4592 ma-

356 4631 463 4745 éna
497 4631 599 4724 hac
631 4673 687 4721 et
720 4662 875 4717 felice
922 4655 1057 4711 urbe
1090 4671 1104 4707 :
1140 4662 1303 4720 quam
1338 4646 1477 4714 lege,
1506 4640 1598 4707 uti
1638 4650 1760 4707 quae
1796 4631 1950 4686 Valde

360 4726 674 4822 :ecessat‘ia
700 4758 793 4821 sit,
825 4765 881 4809 et
908 4752 975 4806 de
1010 4748 1078 4803 iis
1127 4744 1221 4815 qui
1255 4737 1631 4796 testiinonium
1673 4731 1815 4785 ferre
1853 4726 1951 4780 de-

359 4867 544 4926 beant,
602 4850 873 4928 permulta
918 4845 1130 4901 doceat.
1165 4839 1354 4893 Const.
1389 4834 1443 4899 9,
1480 4831 1561 4884 tit.
1594 4827 1685 4891 20,
1722 4824 1815 4877 lib.
1876 4835 1948 4885 iv,

359 4912 713 5018 ξὸξιξῷοέιια
760 4948 848 4997 est
892 4939 945 4992 in
986 4934 1083 4989 lib.
1136 4928 1303 4983 Basil.
1334 4940 1450 4988 XXI,
1484 4923 1572 4975 tit.
1603 4918 1653 4982 ι,
1691 4930 1811 4985 cap.
1862 4912 1951 4976 55,

360 5007 605 5099 thema-te
647 5038 708 5103 2,
762 5030 911 5103 quod
963 5029 1039 5083 ita
1085 5024 1251 5081 habet
1281 5038 1295 5075 :
1325 5018 1524 5073 Jurare
1583 5018 1751 5068 testes
1808 5007 1955 5077 prius

363 5143 600 5208 oportet,
672 5143 838 5202 quam
897 5118 1274 5180 testimonium
1342 5110 1687 5182 perhibeant.
1733 5102 1960 5174 Oportet

362 5197 548 5286 autem
580 5197 985 5281 honesuoribus
1026 5212 1213 5285 potius
1246 5208 1405 5264 tidem
1460 5202 1673 5258 haberi.
1723 5197 1960 5252 Proinde

365 5326 533 5380 unius
564 5314 941 5376 testimonium
972 5311 1029 5365 in
1062 5307 1214 5362 nulla
1242 5315 1408 5358 causa
1428 5292 1827 5352 admittendum
1854 5297 1959 5352 est,

366 5415 585 5475 etiamsi
631 5422 855 5470 senator
884 5406 976 5463 sit.
1022 5401 1212 5458 Const.
1264 5393 1356 5459 25,
1390 5392 1488 5447 lib.
1538 5406 1576 5455 ι,
1606 5386 1729 5442 cod.
1777 5384 1866 5437 tit.
1906 5380 1959 5448 ὓ,

483 5599 758 5659 haereticis
804 5586 1121 5653 Manichaei,
1146 5579 1470 5641 Borboritaa,
1505 5572 1733 5645 Pagaui,
1766 5568 1965 5623 Sama-

369 5701 509 5760 ritae,
540 5689 905 5751 Montanistae,
934 5676 1330 5747 Ascodrogitae,
1361 5669 1594 5741 Ophitai,
1635 5665 1719 5721 vel
1751 5662 1843 5733 qui
1871 5659 1968 5715 Ju-

373 5786 589 5840 daicaui
641 5775 1090 5850 supersutioneni
1140 5768 1349 5829 colunt,
1389 5762 1442 5815 in
1490 5758 1637 5813 nulla
1670 5752 1774 5827 [re]
1815 5752 1969 5806 testi-

1274 1726 1453 1840 εῖίίιῦξ
1498 1726 1910 1836 [quidemj
1947 1726 1985 1780 Β

1957 3100 2006 3160 C

2029 1749 2138 1801 Καὶ
2186 1748 2485 1814 ἀνάγνωθι.
2520 1745 2718 1797 ταῦτα.
2779 1744 2851 1794 Τὸ
2880 1741 2939 1794 δὲ
2994 1740 3293 1793 ἐπίσκοπον
3322 1736 3492 1805 χωρὶς
3524 1749 3624 1786 κε-

2036 1840 2273 1901 λεύσεως
2315 1836 2602 1908 βασιλικῆς
2662 1835 2736 1906 μὴ
2798 1830 3170 1901 διάγεσθαι,ἢ
3218 1824 3622 1898 παρίστασθαι,

2030 1935 2207 1986 κεῖται
2239 1932 2295 1983 ἐν
2328 1929 2516 2001 βιϐλίῳ
2572 1926 2620 1997 γ’
2657 1928 2764 1981 τῶν
2798 1923 3098 1979 Βασιλικῶν
3131 1923 3236 1975 τίτ.
3269 1918 3339 1984 α’,
3371 1936 3496 1987 κεφ.
3531 1914 3625 1981 ιζ’,

2034 2024 2214 2094 ἔχοντι
2246 2022 2322 2085 ὡς
2348 2018 2686 2088 συνωψίσοη.
2728 2017 2793 2069 Ἦ
2851 2016 2915 2079 ιζ’
2954 2015 3095 2068 διὰτ.
3136 2010 3227 2064 τοῦ
3270 2006 3319 2063 α’
3357 2008 3463 2061 τίτ.
3516 2006 3628 2058 τῶν

2035 2114 2265 2185 Νεαρῶν
2309 2114 2423 2165 ἐστι
2453 2109 2622 2182 νεαρὰ
2668 2107 3091 2167 Ἰουστινιάνειος
3132 2100 3274 2175 ρκγ’,
3309 2097 3540 2170 κειμένη
3570 2099 3629 2149 ὲν

2038 2205 2225 2279 βιϐλίῳ
2249 2201 2297 2272 γ’
2343 2201 2450 2255 τῶν
2495 2199 2797 2253 Βασιλικιῖν)
2851 2198 2955 2250 τίτ.
2989 2194 3060 2260 α’,
3092 2211 3219 2262 κεφ.
3277 2189 3349 2254 κ’,
3385 2190 3519 2260 περὶ
3556 2187 3630 2239 τὰ

2039 2276 2184 2369 μέσα
2230 2295 2401 2358 οὕτως
2456 2293 2629 2363 ἔχοντι
2670 2291 2745 2353 ὡς
2782 2292 2861 2351 εἰς
2896 2288 2957 2341 τὸ
3002 2287 3254 2355 κείμενον
3278 2280 3518 2352 ἐγράφη.
3564 2276 3628 2330 Ἠ

2042 2365 2147 2459 ρλδ⁷
2208 2383 2381 2455 νεαρὰ
2438 2386 2615 2437 κεῖται
2665 2384 2723 2434 ὲν
2758 2379 2948 2450 βιϐλίῳ
2979 2374 3055 2443 ς’,
3108 2376 3214 2428 τίτ.
3270 2371 3360 2438 ιϐ’,
3398 2387 3526 2438 κεφ.
3556 2365 3626 2432 (ι’,

2038 2480 2233 2549 θέματι
2261 2476 2322 2543 ε’,
2379 2476 2526 2544 λέγει
2557 2474 2613 2526 δὲ
2643 2474 2703 2526 τὸ
2742 2470 2788 2542 η’
2832 2472 3036 2539 ταύτης
3082 2484 3207 2536 κεφ.
3242 2464 3398 2532 ,οὕτω
3422 2460 3630 2534 ῥητῶς·

2040 2571 2390 2641 Μονάστριαν
2420 2568 2627 2639 μέντοι,
2663 2566 2697 2635 ἢ
2753 2568 3055 2635 ἁσκήτριαν
3080 2561 3145 2614 δι’
3176 2557 3432 2627 οὐδεμίαν
3484 2558 3635 2623 ἀγω-

2042 2664 2146 2736 γὴν
2190 2661 2524 2734 ἀφέλκεσθαι
2581 2657 2979 2728 συγχωροῦμεν
3036 2656 3102 2707 ὲκ
3150 2652 3258 2706 τῶν
3322 2649 3541 2702 οἰκείων
3594 2646 3631 2717 ἦ

2044 2763 2422 2838 μοναστηρίων
2455 2761 2489 2834 ἢ
2519 2760 2894 2830 ἀσκητηρίων.

2116 2948 2372 3003 ΚΕΦΑΛ.
2408 2944 2484 3001 Β’.
2509 2976 2583 2986 -
2606 2945 2793 2999 Πόσοι
2824 2941 2920 2997 καὶ
2946 2941 3111 3006 τίνες
3144 2937 3637 3008 καταμαρτυροῦ-

2044 3060 2148 3098 σιν
2164 3044 2537 3105 ἐπισκόπων,
2569 3039 2607 3108 ἦ
2638 3035 2961 3107 κληρικῶν.

2128 3134 2467 3188 Ἀποστόλων
2512 3131 2691 3185 κανὼν
2713 3128 2784 3183 οε¹
2812 3147 2829 3163 ο
2867 3128 3089 3183 συνόδου
3148 3125 3490 3195 Χαλκηδόνος
3538 3143 3642 3178 κα-

2042 3227 2148 3282 νὼν
2175 3227 2261 3281 κα¹
2284 3245 2299 3260 ο
2328 3228 2547 3282 συνόδου
2573 3225 2962 3296 Καρθαγέννης
2987 3220 3165 3276 κανὼν
3189 3218 3288 3288 νϐ’,
3325 3216 3461 3291 ρλα’,
3499 3216 3639 3291 ρκϐ’,

2044 3322 2137 3374 καὶ
2174 3319 2273 3392 ρλ’.

2110 3414 2422 3482 Κείμενον.
2473 3411 2721 3473 Ὀποίους
2768 3411 2851 3464 δεῖ
2883 3405 3021 3463 εἶναι
3077 3409 3203 3470 τοὺς
3252 3409 3311 3461 ὲν
3343 3406 3469 3477 δίκῃ
3503 3421 3647 3475 μαρ-

2041 3506 2361 3577 τυροῦντας,
2415 3523 2468 3559 κ.
2496 3521 2547 3558 τ.
2579 3504 2655 3569 λ.,
2717 3518 2888 3573 usque
2936 3503 3002 3556 ad
3053 3501 3146 3554 τοῦ
3196 3506 3245 3568 γ’
3300 3499 3481 3552 τίτλου
3531 3496 3647 3549 τῶν

2051 3601 2298 3672 Νεαρὼν.

2118 3698 2400 3765 Σχόλιον.
2439 3695 2498 3748 ὐ
2520 3692 2559 3747 ε’
2587 3693 2695 3748 τίτ.
2724 3691 2819 3745 τοῦ
2861 3690 2945 3761 κβ⁷
2975 3688 3179 3761 βιϐλίου
3204 3686 3312 3739 τῶν
3339 3685 3488 3739 διατ.
3523 3682 3646 3736 ἔστι

2049 3791 2157 3844 τίτ.
2212 3788 2255 3842 α’
2323 3787 2418 3841 τοῦ
2444 3786 2527 3841 κα¹
2587 3786 2792 3857 βιϐλίου
2819 3784 2927 3837 τῶν
2964 3781 3294 3842 Βασιλικῶν,
3365 3778 3459 3831 καὶ
3498 3776 3650 3845 λέγει

2049 3880 2110 3934 τὸ
2147 3881 2279 3932 αὐτὸ
2328 3877 2374 3933 α’
2417 3895 2567 3946 κεφ.,
2600 3876 2943 3941 ἀξιοπίστους
2997 3867 3135 3925 εἶναι
3171 3871 3254 3925 δεῖ
3280 3871 3406 3931 τοὺς
3439 3869 3651 3939 μάρτυ-

2054 3990 2177 4043 ρας,
2236 3972 2332 4025 καὶ
2374 3971 2718 4042 παράγονται
2759 3967 2855 4021 καὶ
2903 3966 2996 4018 ἐπὶ
3045 3963 3412 4034 χρηματικοῖς
3464 3961 3517 4011 οἱ
3570 3959 3651 4030 μὴ

2055 4065 2425 4135 κεκωλυμένοι
2476 4064 2585 4117 ἀπὸ
2632 4060 2726 4114 τοῦ
2782 4056 3014 4129 νόμουῆ
3072 4053 3649 4123 ὲξκουσσατευόμενοι.

2066 4159 2125 4211 ’0
2186 4155 2232 4210 κ’
2282 4157 2387 4209 τίτ.
2437 4154 2530 4207 τοῦ
2570 4152 2610 4206 δ’
2669 4151 2873 4224 βιϐλίου
2916 4150 3010 4202 τοῦ
3042 4148 3294 4211 κώδικος,
3349 4146 3468 4198 ἔστι
3518 4162 3649 4213 κεφ.

2056 4249 2163 4316 κα’,
2187 4249 2280 4304 τοῦ
2316 4246 2362 4302 α’
2398 4247 2504 4304 τίτ.
2532 4244 2627 4299 τοῦ
2651 4243 2733 4297 κα¹
2774 4243 2979 4315 βιϐλίου
3010 4239 3184 4302 οὕτως
3213 4238 3357 4308 ἔχον,
3401 4235 3653 4306 ἀπόϐλη-

2055 4365 2147 4411 τος
2184 4347 2262 4410 εἰς
2319 4342 2627 4416 μαρτυρίαν
2665 4341 2878 4410 γίνεται
2924 4342 2951 4391 ὁ
2999 4332 3427 4396 καταδικασθεὶς
3449 4333 3543 4385 ἐπὶ
3592 4330 3653 4384 τὸ

2341 4433 2631 4505 ταραχώδη
2676 4432 2967 4503 φλυαρίαν.
3031 4429 3096 4482 Ἠ
3155 4428 3286 4497 περὶ
3352 4422 3654 4496 μαρτύρων

2053 4531 2103 4600 ιζ
2119 4531 2287 4603 νεαρὰ
2308 4528 2466 4599 ἐτέθη
2491 4530 2547 4581 ἐν
2576 4526 2765 4597 βιϐλίῳ
2793 4524 2901 4576 τῶν
2920 4520 3224 4575 Βασιλικῶν
3245 4516 3350 4582 κα’,
3375 4534 3503 4587 κεφ.
3530 4521 3651 4587 μς’,

2052 4626 2224 4689 οὕτως
2250 4623 2448 4694 ἔχουσα
2469 4620 2597 4691 περὶ
2626 4618 2725 4689 τὴν
2754 4616 2929 4687 ἀρχὴν
2962 4628 2975 4643 ’
3005 4613 3368 4680 Θεσπίζομεν,
3397 4611 3492 4662 καὶ
3544 4610 3655 4679 μά-

2053 4724 2212 4778 λιστα
2248 4722 2341 4775 ἐπὶ
2394 4719 2494 4788 τῆς
2591 4715 2835 4787 μεγάλης
2895 4712 3102 4774 ’πόλεως
3154 4708 3359 4778 ταύτης
3392 4706 3517 4773 ξκαὶ
3557 4706 3654 4758 εὑο

2053 4815 2325 4886 δαίμονος.
2355 4812 2464 4865 Καὶ
2490 4808 2768 4877 ἀνάγνωθι
2792 4806 2996 4875 ταύτην
3030 4803 3239 4874 σφόδρα
3285 4797 3452 4855 οὖσαν
3485 4801 3656 4868 ἀναγ-

2057 4909 2243 4973 καίαν,
2299 4908 2396 4961 καὶ
2444 4903 2616 4959 πολλὰ
2653 4901 2924 4974 περὶτῶν
2982 4898 3307 4966 ὀφειλόντων
3355 4897 3655 4965 μαρτυρεῖν

2057 5004 2438 5059 διδάσκουσαν.
2486 4999 2550 5051 Ἦ
2592 4996 2619 5050 θ
2657 4996 2802 5049 διὰτ.
2846 4991 2942 5047 τοῦ
2979 4989 3027 5045 κ’
3080 4989 3186 5043 τίτ.
3223 4988 3320 5041 τοῦ
3365 4986 3407 5041 δ’
3445 4986 3656 5058 βιϐλίου

2059 5097 2154 5152 τοῦ
2182 5096 2414 5157 κώδικος
2442 5092 2602 5162 ὲτὲϐη
2636 5093 2695 5143 ὲν
2720 5087 2911 5160 βιϐλίῳ
2940 5086 3048 5140 τῶν
3076 5081 3385 5139 Βασιλικῶν
3410 5079 3518 5147 κα’,
3548 5080 3655 5137 τίτ.

2061 5194 2132 5253 α’,
2172 5203 2294 5254 κεφ.
2354 5181 2464 5250 λς’,
2523 5182 2720 5248 Θέματι
2774 5176 2844 5249 β’,
2884 5174 3057 5237 οὕτως
3106 5175 3292 5246 ἔχοντι
3331 5190 3346 5205 ·
3404 5173 3498 5229 Δεῖ
3529 5174 3656 5234 τοὺς

2065 5280 2349 5351 μάρτυρας
2390 5275 2654 5347 πρότερον
2684 5271 2936 5341 ὀμνῦναι,
2976 5268 3166 5341 πρὶνῆ
3214 5264 3655 5337 μαρτυρήσουσι.

2062 5373 2227 5428 Δεῐδὲ
2253 5373 2363 5431 τοῖς
2392 5365 2740 5438 τιμιωτέροις
2787 5363 2988 5433 μᾶλλον
3042 5358 3345 5412 πιστεύειν.
3394 5355 3549 5419 Ἐνδς
3600 5353 3657 5406 δὲ

1947 5493 1961 5530 ε
2070 5462 2344 5538 μαρτυρία
2397 5461 2497 5514 οὐκ
2551 5458 2668 5511 ἐστι
2701 5455 2864 5524 δεκτὴ
2905 5458 2963 5508 ὲν
3013 5453 3306 5524 οίᾳδήποτε
3349 5450 3499 5521 δίκῃ,
3552 5447 3656 5501 κᾶν

2070 5556 2397 5629 συγλητικδς
2446 5555 2555 5619 εἴη.
2589 5551 2654 5603 'H
2705 5555 2790 5604 κα¹
2824 5549 2963 5602 διάτ.
3002 5544 3095 5599 τοῦ
3154 5543 3193 5598 ε’
3223 5545 3329 5597 τίτ.
3364 5543 3457 5596 τοῦ
3501 5547 3549 5593 α’
3574 5540 3655 5611 βιο

2069 5653 2219 5706 ϐλίου
2255 5648 2351 5703 τοῦ
2374 5645 2625 5709 κώδικος,
2669 5641 2783 5694 ἔστι
2811 5641 3012 5711 βιϐλίον
3049 5636 3132 5693 κα¹
3186 5637 3297 5691 τῶν
3350 5631 3655 5689 Βασιλικῶν

2070 5745 2176 5800 τίτ.
2219 5741 2289 5808 α’,
2350 5757 2479 5808 κεφ.
2521 5734 2626 5810 με’,
2659 5733 2833 5798 οὕτως
2894 5732 3016 5802 ἔχον
3049 5748 3062 5761 ·
3111 5730 3233 5783 Τῶν
3275 5726 3568 5801 αἱρετικῶν
3606 5723 3653 5775 ει
