3744 6218
160 294 299 362 1101

1125 303 1618 368 NOMOCANON.
1662 328 1735 341 -
1765 303 1916 367 TIT.
1958 304 2065 381 IX,
2092 305 2251 370 CAP.
2293 306 2488 370 II-VI.

3311 306 3450 371 1102

158 420 263 489 μὲν
310 417 685 493 Μανιχαῖοι,ἢ
730 422 1017 495 Ἕλληνες,
1056 425 1090 496 ἢ
1133 426 1491 495 Σαμαρεῖται,
1527 423 1561 495 ἢ
1610 422 1722 477 Μον

1923 422 2109 477 ouium
2142 423 2463 494 perbibento
2498 440 2513 478 :
2548 422 2743 494 reliqui
2764 438 2895 479 vero
2923 439 3117 482 omnes
3157 425 3211 481 in
3246 425 3451 496 judicio

155 512 430 574 τανισταὶ,
457 512 490 584 ἢ
516 513 1001 586 Τασκοδρουγίται,
1027 517 1062 587 ἢ
1100 515 1390 587 Ὀφίται,ἢ
1417 517 1467 569 oi
1500 514 1598 586 τὴν
1628 514 1756 569 ’ἰου-

1856 514 2005 582 quod
2039 513 2409 568 orthodoxum
2446 512 2771 584 litigatorem
2816 513 2998 580 habet,
3049 530 3119 570 ne
3147 516 3449 571 admittun-

155 602 355 674 δαῖκὴν
403 604 707 675 θρησκείαν
750 608 1021 673 σέϐοντες,
1059 609 1116 660 ὲν
1155 608 1347 680 μηδενὶ
1382 605 1722 679 μαρτυρείτω

1923 622 1944 656 r
1979 622 1995 660 :
2030 604 2084 658 in
2113 606 2326 659 caeteris
2358 613 2538 660 autem
2564 606 2822 661 omnibus
2848 608 3248 671 contractibus,
3282 619 3451 663 testa-

154 714 278 751 σαν.
309 699 373 752 Οἱ
418 698 474 752 δὲ
500 698 682 752 λοιποὶ
722 701 924 765 πάντες
953 703 1010 754 ὲν
1056 702 1394 772 δικαστηρίῳ
1450 700 1548 771 μὲν
1597 697 1755 769 ὀρθό-

150 792 307 856 δοξον
352 791 531 864 ἔχοντι
579 795 854 848 ἀντίδικον
887 794 965 866 μὴ
1013 794 1379 865 δεχέσθωσαν,
1425 794 1483 846 ὲν
1526 792 1584 846 δὲ
1638 793 1753 856 τοῖς

150 882 365 948 λοιποῖς
427 886 564 939 πᾶσι
597 886 1069 956 συναλλάγμασιν,
1104 887 1164 957 ,ἢ
1196 886 1505 957 διαθήκαις,
1537 884 1570 955 ἢ
1600 884 1747 937 δικα-

150 976 402 1047 στηρίοις
444 979 757 1049 αἱρετικοὺς
774 980 989 1050 ἔχουσιν
1022 979 1352 1042 ἀντιδίκους,
1380 978 1746 1041 ἀδιαστίκτως

154 1068 611 1139 μαρτυρείτωσαν
649 1069 744 1123 τοῦ
776 1072 1014 1133 πλάτους
1041 1070 1203 1142 χάριν
1251 1070 1362 1123 τῶν
1392 1068 1741 1133 ἀποδείξεων.

152 1160 232 1214 Τὰ
256 1160 312 1213 δὲ
335 1162 393 1213 ὲν
418 1164 482 1233 τῇ
515 1163 741 1233 τοιαύτῃ
766 1162 1008 1228 διατάξει
1055 1163 1427 1234 περιεχόμενα
1467 1164 1597 1233 περὶ
1636 1161 1743 1214 τῶν

1853 694 2061 750 mentis
2097 704 2190 749 aut
2230 696 2474 765 judiciis,
2512 712 2631 765 quae
2672 697 2962 752 haereticos
3005 697 3307 767 litigatores
3352 698 3452 752 ha-

1856 788 2007 850 bent,
2039 802 2150 858 quo
2183 788 2346 841 latior
2374 786 2607 843 facultas
2654 790 3041 856 probationum
3069 790 3161 853 sit,
3187 790 3306 845 sine
3332 790 3419 845 dis
3438 818 3451 829 -

1853 881 2120 936 tinctione
2157 889 2445 935 testantor.
2482 880 2617 947 Quae
2658 896 2786 937 vero
2826 882 2878 935 in
2913 883 3003 936 tali
3048 883 3447 938 constitutione

1856 975 1924 1029 de
1974 974 2335 1028 decurionum
2386 973 2578 1029 ordine
2628 983 2682 1029 et
2716 983 2858 1028 statu
2911 975 3287 1036 continentur.
3338 989 3448 1029 non

1857 1078 1984 1121 sunt
2015 1066 2195 1138 posita
2244 1066 2298 1120 in
2334 1065 2528 1132 Basil.,
2556 1067 2650 1121 sed
2675 1081 2853 1137 neque
2894 1067 3104 1122 novella
3149 1064 3449 1123 Justiniani

1858 1160 1951 1219 45,
1978 1174 2100 1229 quae
2123 1159 2265 1213 inter
2291 1158 2542 1229 paratitla
2566 1156 2723 1231 [est].

150 1250 509 1322 βουλευτικῆς
544 1253 771 1317 τάξεως,
795 1256 888 1307 καὶ
916 1255 1311 1320 ’καταστάσεως
1338 1256 1439 1309 οὐκ
1478 1253 1745 1326 ἐτέθησαν
1820 1252 1879 1305 ἐν
1904 1252 2017 1315 τοῖς
2052 1250 2362 1315 Βασιλικοῖς
2414 1250 2552 1305 ἀλλὰ
2623 1250 2746 1305 οὐδὲ
2776 1252 2810 1322 ἡ
2862 1245 2966 1322 με’.
3015 1249 3451 1315 Ἰουστινιάνειος

148 1344 323 1413 νεαρὰ
347 1346 382 1414 ἡ
415 1345 473 1397 ὲν
501 1348 614 1408 τοῖς
642 1346 995 1413 παρατίτὶοις
1021 1348 1281 1419 κειμένη.

217 1435 474 1489 ΚΕΦΑΛ.
510 1434 585 1493 I".
617 1468 687 1481 -—
720 1436 863 1492 Ἐάν
890 1456 980 1504 τις
1024 1439 1119 1492 ἐπὶ
1153 1438 1410 1506 πολλοῖς
1441 1438 1741 1510 ἐγκλήμα-

146 1543 253 1580 σιν
283 1530 581 1597 κληρικοῦ
607 1531 1049 1601 κατηγορήσας,
1073 1532 1159 1603 μὴ
1182 1532 1475 1604 ἀποδείξῃ
1496 1533 1563 1588 τὸ
1596 1548 1741 1602 προ-

145 1620 321 1674 τεθὲν·
354 1620 590 1690 πρῶτον
615 1622 967 1692 κεφάλαιον.

214 1713 451 1766 Συνόδου
477 1714 870 1788 Καρθαγέννης
899 1716 1081 1771 κανὼν
1114 1716 1240 1790 ρλδ’.

150 1810 157 1817 ”
210 1818 469 1872 ΚΕΦΑΛ.
501 1817 575 1874 Δ’.
602 1852 669 1862 -
696 1823 836 1890 Περὶ
866 1822 985 1877 τῶν
1007 1824 1093 1894 μὴ
1116 1828 1602 1897 πειθαρχούντων
1615 1828 1740 1899 τοῖς

146 1911 397 1978 οἰκείοις
415 1912 798 1982 ἐπισκόποις,
829 1916 1082 1987 καὶπερὶ
1117 1918 1454 1975 ἐπισκόπου
1493 1922 1737 1994 δεχομέ-

142 2017 253 2056 νου
279 2003 389 2057 τὸν
437 2005 553 2059 ἀπὸ
587 2006 693 2060 τοῦ
720 2006 876 2062 ἰδίου
908 2009 1281 2077 ἐκϐληθέντα
1327 2014 1673 2071 ἐπισκόπου
1697 2016 1735 2086 ἢ

143 2094 263 2148 ἀπὸ
286 2101 607 2166 κοινωνίας
635 2102 985 2172 γενόμενον.

216 2185 449 2239 Συνόδου
495 2188 825 2261 Ἀντιοχείας
873 2194 1054 2248 κανὼν
1093 2194 1155 2262 ε’,
1202 2202 1257 2262 ς’
1289 2197 1554 2258 σξσυνόδου
1591 2200 1737 2270 Καρ-

147 2273 415 2347 Θαγέννης
442 2278 625 2332 κανὼν
655 2279 720 2345 6',
757 2280 861 2353 xO',
895 2283 999 2355 ζβ’,
1035 2283 1131 2356 σθ’,
1182 2286 1300 2360 ρκβ⁴
1329 2291 1422 2342 καὶ
1456 2286 1590 2362 ρλη’.

216 2387 471 2443 ΚΕΦΑΛ.
531 2390 608 2445 E'.
667 2422 735 2432 —
786 2394 928 2463 Περὶ
987 2395 1175 2450 δικῶν
1224 2398 1583 2454 ἐπισκόπων
1632 2400 1734 2455 καὶ

145 2480 472 2546 κληρικῶν.

231 2571 578 2628 Ἀποστόλων
642 2576 824 2631 κανὼν
862 2578 933 2632 οδ¹
964 2595 977 2611 ·
1025 2582 1242 2636 συνόδου
1287 2581 1620 2654 Ἀντιοχείας
1640 2600 1739 2637 κα-

149 2662 249 2718 νὼν
280 2664 362 2731 ιδ’,
391 2664 484 2720 ιε’·
511 2671 730 2724 συνόδου
761 2672 1106 2743 Χαλκηδόνος
1155 2674 1334 2730 κανὼν
1364 2674 1429 2741 ϐ’,
1470 2675 1532 2741 ιζ’
1567 2693 1580 2707 ⁸
1611 2695 1734 2730 συν-

145 2755 261 2811 όδου
299 2759 576 2832 Σαρδικῆς
631 2764 813 2817 κανὼν
856 2764 928 2835 γ’,
964 2764 1024 2833 ε’,
1087 2765 1146 2820 ιδ’
1183 2783 1195 2797 ⁸
1250 2770 1469 2822 συνόδου
1513 2771 1739 2841 Καρθα-

150 2850 339 2921 γέννης
378 2852 562 2907 κανὼν
599 2853 680 2920 ιε’,
718 2855 822 2929 κη’,
853 2857 957 2929 ρη’,
991 2859 1111 2931 ρκα¹
1146 2862 1240 2915 καὶ
1271 2859 1392 2934 ρκη¹
1425 2878 1439 2890 ⁸

210 2946 518 3015 Κειζμενον.
553 2950 631 3002 Τὰ
661 2952 944 3020 ὀφείλοντα
992 2956 1051 3007 ὲν
1103 2957 1275 3025 τούτῳ
1296 2956 1375 3026 τῷ
1429 2956 1734 3029 κεφαλαίῳ,

152 3051 203 3089 κ.
235 3056 283 3093 τ.
310 3040 386 3103 λ.,
425 3057 597 3111 usque
625 3043 694 3099 ad
714 3048 897 3101 ἐκεῖνα
916 3047 1209 3116 ἀνάγνωθι.

1912 1432 2064 1490 CAP.
2109 1433 2203 1489 ΙΙΙ.
2240 1466 2302 1476 -
2337 1434 2396 1489 Si
2422 1436 2539 1506 quis
2568 1435 2659 1490 ubi
2686 1437 2751 1491 de
2780 1435 2960 1490 multis
2992 1436 3313 1492 criminibus
3340 1438 3446 1493 cle-

1844 1528 2012 1581 ricum
2038 1529 2330 1594 accusavit,
2365 1529 2598 1598 primum
2646 1534 2974 1600 propositum
3005 1538 3166 1599 caput
3192 1545 3295 1584 non
3323 1547 3451 1599 pro-

1846 1620 1948 1675 bet.

1776 1745 1821 1800 Β
1924 1712 2156 1769 Concilii
2189 1712 2643 1784 Carthagiuensis
2681 1729 2862 1769 canon
2894 1714 3022 1769 154.

1922 1827 2079 1885 CAP.
2112 1827 2199 1881 Ν.
2226 1857 2297 1869 —
2330 1828 2407 1882 De
2426 1828 2491 1882 iis
2520 1828 2613 1897 qui
2641 1828 2750 1882 suis
2776 1826 3030 1897 episcopis
3050 1844 3153 1881 non
3179 1826 3447 1892 obediunt,

1858 1931 1907 1977 et
1953 1922 2017 1977 de
2061 1923 2324 1992 episcopo,
2376 1922 2528 1991 quia
2585 1939 2680 1977 suo
2735 1924 2977 1993 episcopo
3022 1921 3247 1992 ejectum
3289 1928 3383 1974 aut
3418 1936 3451 1973 α

1853 2016 2220 2071 communione
2245 2016 2525 2071 exclusum
2556 2016 2763 2086 recipit.

1924 2198 2159 2254 Concilii
2192 2200 2721 2256 Antiochenicanon
2758 2200 2813 2266 5,
2847 2200 2913 2267 6;
2961 2203 3181 2259 concilii
3218 2203 3454 2262 Cartha-

1853 2292 2095 2363 ginensis
2132 2308 2308 2348 canon
2341 2292 2397 2358 9,
2429 2292 2520 2359 29,
2552 2292 2643 2360 62,
2672 2293 2761 2359 79,
2800 2294 2900 2347 122
2929 2306 2984 2350 et
3016 2296 3139 2354 158.

1921 2405 2076 2461 CAP.
2119 2405 2183 2483 V.
2218 2435 2287 2447 —-
2322 2406 2399 2461 De
2429 2408 2797 2463 controversiis
2842 2410 3207 2480 episcoporum
3241 2422 3291 2466 et
3344 2413 3451 2468 cle-

1857 2500 2111 2552 ricorum.
2950 2544 2951 2547 η

1922 2590 2313 2661 Apostolorum
2379 2605 2556 2645 canon
2601 2590 2702 2657 74;
2738 2590 2959 2647 concilii
3001 2592 3327 2649 Antiocheni
3366 2610 3455 2651 ca-

1860 2697 1970 2736 non
1996 2681 2083 2747 14,
2134 2679 2239 2745 15;
2272 2680 2493 2736 Concilii
2532 2680 3002 2737 Chalcedonensis
3047 2698 3221 2737 canon
3260 2682 3314 2748 9,
3346 2685 3445 2751 17;

1851 2774 2073 2831 concilii
2125 2772 2473 2829 Sardiceusis
2505 2786 2683 2827 canon
2723 2773 2777 2834 5,
2810 2774 2863 2837 5,
2912 2774 3016 2838 14;
3066 2775 3289 2830 concilii
3316 2776 3452 2831 Caro

1854 2866 2191 2935 tliagineusis
2223 2880 2399 2919 canon
2438 2864 2525 2927 15,
2560 2862 2652 2929 28,
2688 2863 2813 2925 120,
2850 2863 2972 2928 121,
3008 2864 3129 2919 128.

1927 2956 2145 3013 Textus.
2178 2956 2311 3023 Quae
2336 2957 2389 3011 in
2424 2957 2529 3012 hoc
2558 2973 2681 3027 cap.
2713 2957 2987 3024 aunotari,
3016 2967 3148 3025 etc.,
3183 2973 3348 3029 usque
3378 2959 3449 3012 ad

1854 3066 2107 3121 quaerens
2137 3050 2276 3121 lege,
2316 3061 2371 3105 ut
2406 3067 2532 3121 pag.
2567 3049 2698 3105 726.

218 3132 474 3188 ΚΕΦΑΛ.
506 3132 598 3203 ς’.
637 3166 708 3176 -
743 3138 881 3207 Περὶ
930 3138 1463 3210 ἀναψηλαφήσεως
1514 3140 1722 3211 aurigam

1923 3143 2066 3200 CAP.
2125 3142 2211 3199 Vl.
2244 3173 2315 3185 —
2346 3143 2424 3200 De
2484 3145 2865 3200 retractatione
2914 3143 3299 3199 sententiarum
3336 3143 3449 3213 epi-

152 3220 522 3280 ἐπισκόπων.

220 3341 449 3397 Συνόδου
497 3345 827 3417 Ἀντιοχείας
873 3346 1055 3403 κανὼν
1088 3346 1142 3415 ς’
1162 3362 1177 3378 ⁸
1213 3349 1431 3403 συνόδου
1462 3350 1739 3420 Σαρδικῆς

160 3436 331 3491 κανὼν
364 3445 443 3508 γ’,
475 3438 540 3506 δ’,
571 3439 634 3506 ε’,
661 3440 721 3495 ιδ’
743 3458 755 3471 ’
788 3444 1006 3496 συνόδου
1034 3442 1427 3515 Καρθαγέννης
1450 3444 1632 3498 κανὼν
1657 3442 1743 3509 ιδ’,

157 3526 235 3594 ιε’,
270 3539 378 3602 κη’,
419 3533 517 3601 οθ’,
555 3533 671 3603 ι-,ς’,
706 3534 848 3607 ρκβ’,
884 3544 1017 3608 ρκε’.

222 3626 539 3695 Κείμεγον.
592 3629 658 3682 Ἦ
688 3626 737 3699 η’
769 3629 911 3683 διὰτ.
966 3629 1061 3683 τοῦ
1092 3627 1132 3683 δ’
1160 3630 1269 3686 τίτ.
1318 3630 1415 3685 τοῦ
1448 3639 1496 3686 α’
1537 3630 1743 3703 βιϐλίου

157 3720 284 3787 φησι
308 3721 391 3774 ὃτι
427 3720 489 3776 αἱ
520 3720 629 3774 τῶν
674 3722 1015 3789 ἐπισκόπων,
1036 3740 1090 3777 κ.
1142 3740 1193 3778 τ.
1233 3723 1315 3791 λ.,
1356 3741 1531 3795 usque
1552 3727 1621 3781 ad
1646 3742 1743 3796 την

160 3806 407 3863 ὑπόθεσιν
439 3812 781 3883 ἀναπέμπει.

224 3926 501 3994 Σχόλιον.
554 3926 618 3980 Ἦ
664 3924 713 3999 η’
762 3928 906 3983 διάτ.
956 3927 1051 3982 τοῦ
1103 3925 1143 3982 δ’
1186 3930 1293 3985 τίτ.
1324 3930 1418 3984 τοῦ
1458 3928 1506 3983 α’
1540 3930 1745 4002 βιϐλίου

160 4015 218 4067 οὐ
252 4021 424 4075 κεῖται
460 4022 542 4084 είς
583 4022 654 4074 τὰ
705 4021 1003 4085 Βασιλικὰ,
1059 4022 1180 4075 οὐδὲ
1234 4024 1268 4095 ή
1313 4021 1394 4076 κθ¹
1444 4024 1584 4078 διάτ.
1648 4023 1744 4077 τοῦ

162 4108 318 4162 αὑτοῦ
355 4112 489 4177 τίτ.,
524 4114 558 4183 ἡ
593 4110 635 4181 β’
659 4112 800 4167 διὰτ.
840 4112 936 4166 τοῦ
979 4111 1027 4167 α’
1060 4115 1166 4170 τίτ.
1216 4117 1324 4168 τῶν
1349 4116 1580 4187 Νεαρῶν
1631 4116 1747 4169 ἐστι

163 4214 282 4269 κεφ.
310 4203 398 4266 λς’
433 4205 536 4273 τῆς
592 4201 711 4276 ρκγ’
749 4206 972 4277 νεαρᾶς,
1004 4206 1141 4277 ὅπερ
1170 4207 1329 4275 ὲτέθη
1377 4208 1434 4258 ὲν
1467 4206 1656 4277 βιϐλίῳ
1696 4204 1747 4274 γ’

162 4290 262 4343 τῶν
301 4294 609 4349 Βασιλικῶν
642 4297 749 4351 τίτ.
785 4294 855 4363 α’,
890 4314 1017 4367 κεφ.
1065 4298 1173 4367 μδ“,
1210 4298 1305 4351 καί
1339 4315 1471 4368 φησι
1508 4299 1577 4350 τὰ
1604 4298 1746 4351 αὐτὰ

170 4385 346 4453 σχεδὸν
375 4390 479 4443 ὅσα
509 4392 588 4452 είς
636 4390 698 4443 τὸ
729 4391 984 4461 κείμενον
1031 4391 1472 4461 συνωψισθησαν.
1509 4392 1658 4462 Πλὴν
1688 4393 1745 4444 ὲν

165 4475 237 4545 τῷ
262 4480 403 4535 τέλει
431 4481 527 4535 τοῦ
557 4483 726 4537 αὑτοῦ
757 4501 884 4552 κεφ.
908 4484 1074 4554 φησὶν
1105 4486 1139 4555 ὴ
1166 4485 1337 4556 νεαρὰ
1362 4484 1537 4538 ταῦτα
1559 4501 1572 4515 ·
1602 4485 1663 4537 Εί
1690 4484 1745 4537 δὲ

166 4566 606 4642 ἐκκλησιαστικὸν
662 4577 749 4645 εἴη
806 4578 865 4631 τὸ
914 4579 1172 4647 πρᾶγμα,
1222 4577 1495 4648 μηδεμίαν
1552 4594 1746 4631 κοινω·⁵

168 4660 278 4715 νίαν
293 4666 566 4735 ἐχέτωσαν
584 4672 630 4722 οἱ
654 4669 921 4723 πολιτικοὶ
935 4671 1194 4741 ἄρχοντες
1214 4671 1350 4742 πρὸς
1372 4672 1471 4741 τὴν
1490 4670 1745 4741 τοιαύτην

167 4747 434 4821 ὑπόθεσιν,
481 4758 598 4812 ἀλλ’
636 4762 687 4811 οἱ
738 4758 1025 4813 ὀσιώτατοι
1076 4761 1367 4815 ἐπίσκοποι
1420 4762 1561 4814 κατὰ
1620 4762 1746 4823 τοὺς

172 4843 340 4913 ίεροὺς
370 4852 602 4916 κανόνας
631 4853 711 4924 τῷ
753 4854 1044 4924 πράγματι
1098 4856 1271 4926 πέρας
1322 4853 1738 4907 ἐπιτιθέτωσαν.

171 4933 461 5009 ’Δνάγνωθι
491 4946 587 4999 καὶ
620 4945 679 4998 τὸ
712 4943 791 5015 με’
823 4962 949 5014 κεφ.
978 4946 1073 4999 τοῦ
1105 4944 1153 4998 α’
1195 4947 1301 5001 τίτ.
1328 4945 1423 5000 τοῦ
1452 4944 1500 5013 Υ
1538 4945 1746 5016 βιϐλίου

171 5032 270 5087 τῶν
317 5037 621 5095 Βασιλικῶν
658 5042 823 5113 μέρος
870 5040 929 5093 ὃν
978 5040 1081 5111 τῆς
1126 5048 1245 5112 ρκγ¹
1309 5040 1747 5094 ’1ουστινιανείου

172 5134 377 5200 νεαρᾶς,
413 5138 507 5190 καὶ
543 5136 698 5205 λέγον
733 5135 906 5189 ταῦτα
925 5153 939 5167 ·
972 5137 1035 5189 El
1064 5152 1208 5197 τινες
1232 5135 1287 5188 δὲ
1317 5135 1603 5188 ὁσιώτατοι
1630 5134 1749 5186 ἐπί·

176 5234 357 5278 σκοποι
386 5230 485 5299 τῆς
508 5230 679 5300 αὐτῆς
722 5229 942 5283 συνόδου
976 5228 1391 5299 ἀμφισϐήτησίν
1433 5245 1554 5280 τινα
1612 5227 1751 5297 πρὸς

174 5312 422 5386 ἀλλήλους
467 5323 681 5394 ἐχοιειν,
714 5323 823 5376 εἴτε
850 5322 991 5391 ὑπὲρ
1028 5320 1488 5391 ἐκκλησιαστικοῦ
1516 5320 1749 5383 δικαίου,

178 5407 278 5460 εἴτε
313 5414 451 5488 ὑπὲρ
478 5417 655 5469 ἄλλων
685 5415 847 5469 τινῶν
875 5417 1244 5487 πραγμάτων,
1286 5414 1553 5484 πρότερον
1583 5414 1611 5465 ὁ
1649 5430 1751 5484 μη·

177 5502 484 5577 τροπολίτης
517 5508 697 5559 αὐτῶν
748 5506 869 5578 μεθ’
909 5508 1114 5576 ἐτέρων
1162 5506 1257 5560 δύο
1314 5508 1379 5560 ἐκ
1424 5505 1533 5558 τῶν
1582 5506 1754 5576 αὐτῆς

182 5593 387 5649 συνόδου
429 5603 745 5654 ἐπισκόπων
790 5602 854 5654 τὸ
901 5602 1139 5673 πρᾶγμα
1172 5600 1427 5671 κρινέτω,
1460 5600 1558 5652 καὶ
1597 5600 1646 5651 εἰ
1679 5599 1753 5669 μὴ

184 5680 476 5757 ὲμμένοιεν,
536 5695 798 5763 ἑκάτερον
837 5698 1003 5765 μέρος
1049 5696 1161 5756 τοῖς
1200 5692 1552 5763 κεκριμένοις
1604 5707 1756 5761 τηνι-

186 5780 350 5838 καῦτα
379 5788 408 5840 ὁ
441 5788 856 5862 μακαριώτατος
894 5787 1244 5861 πατριάρχης
1277 5789 1377 5858 τῆς
1426 5785 1752 5857 διοικήσεως

1854 3236 2173 3307 scopah'um.

1927 3351 2159 3406 Concilii
2200 3350 2530 3407 Antiocheni
2558 3366 2734 3407 canon
2763 3349 2827 3418 6;
2862 3350 3081 3407 concilii
3106 3348 3451 3406 Sardicensis

1855 3458 2033 3500 canon
2063 3444 2115 3509 5,
2152 3444 2208 3510 1,
2255 3444 2310 3509 5,
2356 3444 2425 3500 M
2455 3459 2472 3511 ;
2510 3444 2729 3498 concilii
2766 3442 3219 3514 Carthaginensis
3273 3455 3450 3497 canon

1859 3537 1948 3600 14,
1986 3536 2073 3598 15,
2107 3535 2199 3602 28,
2230 3536 2318 3599 79,
2344 3535 2434 3601 96,
2467 3534 2590 3601 122,
2620 3534 2741 3590 125.

1932 3629 2147 3684 Teanus.
2179 3628 2371 3685 Const.
2402 3628 2457 3694 8,
2487 3630 2572 3683 tit.
2601 3628 2654 3691 5,
2683 3628 2775 3682 lib.
2810 3642 2851 3688 ι,
2901 3626 2977 3680 ait
3002 3644 3016 3681 :
3046 3625 3201 3693 Quod
3230 3635 3453 3681 senten-

1853 3724 1946 3780 tiae
1978 3724 2385 3794 episcoporum,
2419 3733 2553 3790 etc.,
2583 3738 2750 3794 usque
2790 3721 2861 3776 ad
2894 3719 3187 3793 delegavit,
3222 3718 3449 3786 referto,

1856 3826 1916 3870 ut
1946 3832 2069 3886 pag.
2098 3815 2225 3873 727.

1868 3926 1869 3929 “
1931 3930 2224 3986 Scholium.
2258 3928 2450 3986 Const.
2480 3928 2513 3984 8
2567 3930 2649 3984 tit.
2682 3928 2717 3984 4
2780 3929 2873 3983 lib.
2925 3944 2942 3983 1
2987 3944 3095 3983 non
3148 3938 3233 3984 est
3273 3930 3448 3998 posita

1860 4025 1914 4080 in
1943 4024 2106 4079 Basil.
2129 4040 2304 4094 neque
2324 4024 2573 4093 ejusdem
2598 4022 2679 4077 tit.
2703 4033 2884 4075 const.
2904 4018 2994 4082 29,
3017 4029 3197 4075 const.
3225 4018 3281 4085 2,
3308 4019 3389 4072 tit.
3419 4019 3445 4071 1

1856 4114 2227 4180 No-.ellarum,
2259 4123 2344 4169 est
2393 4130 2511 4183 cap.
2559 4114 2629 4167 55
2675 4111 2902 4166 novella:
2944 4111 3077 4177 125,
3118 4111 3268 4181 quod
3302 4111 3452 4180 posi-

1858 4216 1973 4260 tum
2005 4214 2089 4261 est
2114 4207 2166 4259 in
2206 4206 2298 4259 lib.
2335 4221 2393 4259 m
2424 4205 2586 4258 Basil.
2616 4205 2701 4257 tit.
2742 4205 2791 4267 1,
2825 4218 2945 4272 cap.
2978 4204 3070 4268 44,
3106 4217 3168 4256 ac
3201 4202 3335 4255 dicit
3359 4215 3448 4255 ea-

1859 4301 1982 4354 dem
2005 4300 2143 4363 fere,
2167 4314 2291 4369 quae
2321 4300 2374 4351 in
2404 4306 2552 4352 textu
2592 4297 2695 4351 sub
2727 4295 3055 4366 compendio
3082 4303 3212 4351 sunt
3245 4310 3449 4365 propo-

1860 4391 1986 4446 sita.
2021 4388 2411 4444 Verumtamen
2448 4389 2501 4442 in
2534 4388 2639 4442 line
2673 4388 2920 4458 ejusdem
2952 4402 3074 4458 cap.
3100 4386 3315 4443 novella
3336 4388 3451 4443 Ιιεειι

1782 4504 1824 4558 [ι
1855 4483 1989 4538 dicit
2016 4500 2028 4535 :
2059 4481 2115 4537 Si
2146 4481 2585 4537 ecclesiasticum
2620 4481 2900 4552 negotium
2922 4481 3015 4547 sit,
3049 4480 3257 4535 nullam
3298 4495 3452 4535 com-

1850 4576 2169 4632 muniouem
2203 4575 2440 4629 habento
2462 4573 2649 4629 civiles
2678 4574 3036 4646 magistratus
3066 4590 3190 4630 cum
3226 4590 3290 4630 ea
3315 4590 3447 4630 con-

1851 4666 2118 4722 troversia
2164 4682 2178 4719 :
2224 4665 2320 4721 sed
2378 4666 2777 4736 religiosissimi
2821 4667 3069 4738 episcopi
3134 4671 3448 4723 secundum

1852 4774 2045 4816 sacros
2090 4774 2336 4814 canones
2383 4760 2604 4831 negotio
2660 4758 2821 4814 ﬁnem
2871 4761 3217 4830 imponuuto.
3274 4756 3449 4829 Legas

1850 4856 2013 4910 etiam
2061 4854 2132 4908 45
2164 4866 2286 4925 cap.
2340 4855 2421 4909 tit.
2468 4855 2490 4907 1
2543 4853 2638 4909 lib.
2676 4871 2738 4909 ιιι
2780 4853 2949 4909 Basil.
2998 4853 3144 4924 quod
3192 4867 3321 4922 pars
3365 4867 3452 4907 (’Sl.

1854 4949 1958 5002 123
1986 4947 2345 5005 Justinianea!
2382 4948 2627 5013 novellae,
2647 4958 2811 5019 atque
2835 4949 2951 5002 haec
2968 4948 3101 5001 dicit
3134 4966 3148 5000 :
3183 4946 3449 5001 Praeterea

1853 5041 1898 5097 si
1918 5041 2013 5111 qui
2039 5040 2287 5111 ejusdem
2305 5040 2499 5109 synodi
2522 5039 2922 5113 religiosissimi
2944 5038 3183 5108 episcopi
3210 5038 3451 5109 aliquam

1856 5137 1998 5190 inter
2020 5151 2079 5191 se
2100 5136 2530 5189 controversiain
2553 5135 2810 5199 habeant,
2827 5133 2939 5187 sive
2958 5132 3025 5186 de
3054 5131 3179 5201 jure
3199 5130 3455 5186 ecclesia-

1855 5230 2016 5295 stico,
2053 5228 2168 5284 sive
2206 5229 2274 5284 de
2301 5228 2629 5297 quibusdam
2657 5226 2778 5281 aliis
2818 5226 2981 5279 rebus
3020 5226 3213 5295 :prius
3250 5232 3455 5279 metro-

1856 5322 2133 5393 politanus
2157 5321 2402 5391 ipsorum
2433 5335 2559 5374 cum
2586 5320 2707 5374 aliis
2738 5318 2953 5372 duobus
2986 5316 3231 5387 ejusdem
3262 5315 3456 5386 synodi

1856 5415 2127 5485 episcopis
2152 5430 2264 5469 rem
2285 5413 2602 5484 dijudieato.
2633 5411 2696 5465 Et
2719 5411 2821 5465 nisi
2845 5419 3078 5478 utraque
3103 5410 3461 5479 parsjudica-

1857 5510 1927 5564 tis
1957 5508 2169 5563 insistat
2193 5523 2206 5559 :
2227 5516 2359 5562 tunc
2386 5506 2735 5562 beatissimus
2754 5504 3067 5574 patriarcha
3085 5504 3230 5559 illius
3256 5503 3456 5557 dicace-

1858 5618 1987 5658 seos
2019 5601 2354 5656 audientiam
2394 5600 2528 5670 ipsis
2572 5596 3013 5661 accommodato,
3040 5608 3094 5652 et
3121 5598 3214 5651 illo
3235 5596 3463 5652 statuito

1859 5711 1979 5767 qua!
2002 5695 2407 5767 [ecclesiasticis
2443 5692 2750 5747 canonibus
2790 5699 2845 5745 et
2874 5690 3090 5761 legibus
3132 5690 3455 5754 conciuunt,

1860 5796 2058 5845 neutra
2075 5795 2229 5859 parte
2251 5784 2531 5842 sententia:
2547 5782 2666 5855 ejus
2683 5780 3062 5839 contradicere
3080 5790 3339 5852 queuntc,
3358 5792 3464 5837 etc.
