3916 6244
341 282 481 349 1103
1298 255 1317 259 ’ί
1491 282 1758 344 PHOTII
1814 278 2321 341 PATRIARCHAE
2359 280 2471 343 cr.
3465 274 3582 343 1104

351 396 571 464 ἐκείνης
616 391 820 464 μεταξὺ
852 390 1032 453 αὐτῶν
1063 391 1377 463 ἀκροάσθω,
1428 393 1658 445 κάκεῖνα
1690 388 1939 462 όριζέτω,
1980 390 2139 445 ἅτινα
2170 395 2287 455 τοῖς
2360 391 2853 465 ἐκκλησιαπικοῖς
2884 394 3099 461 κανόσι,
3144 393 3242 451 καὶ
3274 392 3384 458 τοῖς
3418 393 3585 466 νόμοις

346 490 594 561 συνᾴδει,
625 489 839 552 οὐδενὸς
870 488 1073 559 μέρους
1099 486 1243 540 κατὰ
1268 489 1367 557 τῆς
1394 486 1577 556 ψήφου
1600 482 1768 538 αὐτοῦ
1787 482 2090 553 ἀντιλέγειν
2120 485 2448 557 δυναμένου,
2476 488 2572 541 καὶ
2598 486 2668 542 τὰ
2703 485 2849 557 ἐξῆς.

413 582 567 638 CAP.
628 580 744 635 VII.
787 612 858 623 —-
898 578 958 635 Si
1027 580 1304 651 episcopus
1366 579 1617 633 adversus
1672 578 1930 650 collegam

2108 581 2361 638 ΚΕΦΑΛ.
2432 579 2510 639 Ζ’.
2562 608 2631 626 --
2677 580 2822 637 Ἐὰν
2874 580 3213 647 ἐπίσκοπος
3260 578 3413 649 ἔχων
3459 582 3592 650 πρὸς

345 672 654 747 [actionem]
689 672 908 741 habens,
944 688 1047 727 non
1078 681 1225 744 agat,
1253 671 1343 727 sed
1388 670 1533 744 [cum
1566 664 1684 743 illo]
1715 680 1887 725 tracta

2142 675 2519 740 θεπίσκοπον,
2537 674 2625 745 μὴ
2657 674 2999 743 δικάσηται,
3028 673 3191 730 ἀλλὰ
3219 671 3368 743 χειρί
3392 672 3591 743 πράξῃ.
3666 710 3688 731 .

412 770 645 826 Concilii
676 768 1129 841 Carthaginensis
1161 784 1339 824 canon
1379 767 1472 823 20.

2107 767 2337 821 Συνόδου
2371 767 2772 839 Καρθαγέννης
2804 764 2989 821 κανὼν
3019 763 3091 822 κ’.

415 863 571 920 CAP.
609 861 747 919 VIII.
771 892 842 904 --
868 862 1094 929 Quando
1114 863 1387 932 episcopus
1427 868 1611 915 contra
1638 860 1935 929 episcopum

2108 860 2365 917 ΚΕΦΑΛ.
2413 857 2499 914 Il'.
2532 888 2603 901 —-
2623 862 2777 914 Πότε
2799 858 3049 914 δύναται
3076 859 3408 926 ἐπίσκοπος
3426 858 3596 914 κινεῖν

341 956 483 1026 apud
517 953 723 1008 civilem
755 953 1131 1022 magistratum
1169 948 1478 1024 [actionem]
1517 965 1722 1005 mouere
1743 949 1885 1019 passi

1601 965 1722 1005 tuere
1743 949 1933 1019 possit.
2036 953 2349 1021 ἐπισκόπει)
2369 954 2530 1022 παρὰ
2556 952 2802 1023 ἄρχοντι
2837 951 3147 1017 πολιτικῷ.

410 1047 643 1102 Concilii
676 1045 1130 1113 Carthaginensis
1158 1060 1334 1101 canon
1362 1043 1452 1098 48.

2111 1042 2342 1096 Συνόδου
2376 1040 2773 1116 Καρθαγέννης
2802 1038 2986 1096 κανὼν
3023 1037 3138 1112 μη’.

412 1142 565 1196 CAP.
608 1139 702 1195 IX.
729 1170 802 1182 -—
835 1138 912 1191 De
958 1138 1216 1208 episcopis
1256 1148 1305 1191 et
1353 1136 1561 1191 clericis
1608 1134 1698 1207 qui
1740 1133 1937 1204 injuste

2109 1134 2366 1188 ΚΕΦΑΛ.
2394 1130 2472 1188 Θ’.
2501 1162 2573 1174 -
2606 1131 2747 1201 Περὶ
2778 1130 2899 1186 τῶν
2921 1131 3139 1199 ἀδίκως
3163 1129 3603 1200 ἐκϐαλλομένων

341 1236 430 1308 [ex
454 1232 814 1289 ecclesiastico
847 1229 1054 1302 ordine]
1079 1230 1387 1301 ejiciuntur.

1322 1245 1387 1284 tr.
2036 1225 2389 1280 ἐπισκόπων
2417 1225 2518 1281 καὶ
2543 1222 2868 1294 κληρικῶν.

408 1325 638 1381 Concilii
672 1322 877 1379 Nicasni
918 1323 1146 1378 secundi
1182 1337 1359 1377 canon
1391 1321 1459 1387 λίς
1493 1318 1713 1376 concilii
1741 1317 1936 1373 Sardi-

2110 1319 2341 1372 Συνόδου
2366 1318 2602 1385 Νικαίας
2651 1319 2715 1374 τὸ
2748 1316 2794 1391 β’
2826 1317 3009 1375 κανὼν
3052 1315 3096 1373 δ’
3120 1333 3135 1349 ο
3171 1316 3388 1372 συνόδου
3422 1314 3604 1388 Σαρδι-

339 1420 522 1499 censis
555 1433 735 1474 canon
766 1417 853 1482 ιι,
885 1416 972 1481 18,
1005 1417 1091 1473 i9.

961 1458 972 1481 ,
1005 1417 1091 1473 i9.
2040 1411 2142 1482 κῆς
2171 1408 2259 1476 ιδ’,
2291 1407 2385 1481 ιη’,
2419 1408 2507 1465 ιϐ’.

414 1511 633 1567 Textus.
669 1510 860 1565 Const.
907 1509 977 1563 25
1012 1508 1094 1564 tit.
1142 1509 1175 1563 5
1230 1509 1324 1564 lib.
1365 1524 1380 1563 ι
1420 1508 1542 1564 cod.
1590 1506 1721 1562 facit
1782 1521 1937 1561 meno

2110 1502 2418 1571 Κείμενον.
2462 1503 2528 1556 Ἦ
2552 1500 2637 1571 κγ’
2664 1502 2807 1557 διάτ.
2841 1501 2936 1556 τοῦ
2962 1506 3011 1571 γ’
3040 1500 3149 1556 τίτ.
3186 1500 3284 1555 τοῦ
3315 1497 3363 1554 α’
3418 1497 3606 1570 βιϐλίου

339 1603 713 1668 tionctn,etc.,
744 1616 906 1672 usque
937 1601 1007 1655 ad
1035 1617 1066 1655 a
1099 1599 1491 1655 communione
1520 1598 1885 1663 cxcludatum

2061 1594 2133 1649 ςοῦ
2161 1596 2413 1660 κώδικος,
2441 1614 2497 1652 κ.
2530 1614 2584 1650 τ.
2615 1596 2667 1651 λ.
2698 1612 2874 1667 usque
2904 1598 2973 1653 ad
3004 1597 3032 1650 ὁ
3066 1596 3246 1668 ἱερεὺς
3272 1594 3361 1666 ὑφ’
3386 1595 3444 1650 ὃν
3469 1592 3607 1649 τελεῖ

337 1694 619 1765 ρα9.258.

2042 1689 2303 1743 συνεῖδεν.
2344 1688 2519 1759 Supra
2548 1705 2670 1761 pag.
2703 1689 2830 1745 258.

416 1786 711 1843 Scholium.
744 1784 934 1839 Const.
987 1785 1059 1839 25
1098 1783 1183 1839 tit.
1231 1782 1265 1836 5
1305 1782 1396 1837 lib.
1451 1799 1490 1846 ι,
1536 1780 1660 1836 cod.
1698 1795 1809 1836 non
1854 1787 1939 1835 est

2110 1785 2390 1852 Σχόλιον.
2433 1784 2501 1837 Ἥ
2525 1782 2610 1855 κγ’
2640 1784 2781 1839 διὰτ.
2818 1782 2915 1837 τοῦ
2946 1780 2995 1852 γ’
3028 1782 3135 1837 τίτ.
3170 1782 3266 1837 τοῦ
3316 1780 3367 1838 α’
3418 1781 3607 1853 βιϐλίου

350 1875 530 1945 posita
563 1876 615 1929 in
650 1874 845 1938 Basil.,
881 1890 1054 1943 neque
1079 1880 1257 1928 const.
1287 1870 1371 1938 58,
1417 1872 1660 1941 ejusdem
1688 1869 1797 1936 tit.,
1836 1884 1896 1924 ne

2064 1877 2136 1931 τοῦ
2191 1878 2425 1942 κώδικος
2481 1879 2583 1933 οὐκ
2623 1877 2783 1950 ἐτέθη
2838 1878 2918 1940 είς
2952 1876 3023 1931 τὰ
3067 1876 3357 1944 Βασιλικὰ,
3415 1876 3529 1931 οὐδέ
3578 1879 3610 1948 ὴ

339 1983 470 2023 vero
502 1968 609 2022 illis
662 1967 907 2021 animum
939 1966 1212 2021 advertas.
1241 1964 1429 2020 Const.
1455 1973 1638 2019 autem
1682 1963 1740 2030 2,
1771 1964 1853 2017 tit.

2065 1978 2122 2044 ,η’
2138 1971 2278 2026 διάτ.
2300 1971 2395 2025 τοῦ
2417 1972 2585 2026 αὐτοῦ
2608 1972 2713 2028 τίτ.
2746 1974 2842 2027 καὶ
2867 1974 2940 2045 μὴ
2965 1972 3211 2044 προσχῆς
3227 1971 3456 2035 τούτοις.
3482 1970 3543 2023 Ἠ
3558 1970 3611 2023 δὲ

352 2061 730 2125 Novellarum,
772 2068 857 2114 est
884 2059 1099 2115 novella
1137 2057 1436 2113 Iustiniani
1470 2057 1595 2120 125,
1629 2071 1695 2111 ac
1735 2065 1822 2111 est
1874 2053 1898 2108 i;

2068 2063 2092 2116 ι’
2125 2064 2269 2119 διάτ.
2300 2064 2397 2119 τοῦ
2426 2064 2474 2119 α’
2509 2065 2616 2120 τίτ.
2640 2065 2746 2119 τῶν
2768 2066 3020 2137 Νεαρῶν,
3051 2066 3169 2118 ἔστι
3194 2064 3367 2135 νεαρὰ
3407 2064 3614 2115 Ἰουστι-

337 2154 435 2209 lib.
463 2153 631 2208 Basil.
666 2170 742 2219 ιιι,
781 2153 865 2207 ιὶι.
895 2171 934 2219 ι,
968 2168 1089 2223 cap.
1110 2153 1202 2221 24,
1240 2162 1295 2207 et
1313 2154 1393 2209 sic
1416 2153 1587 2209 habet
1620 2172 1633 2209 :
1665 2149 1883 2208 Omnibt

2064 2156 2274 2221 νιάνειος
2299 2155 2444 2228 ρκγ¹,
2480 2158 2573 2214 καὶ
2622 2159 2801 2213 κεῖται
2834 2161 2892 2211 ἐν
2942 2157 3134 2228 βιϐλίῳ
3180 2156 3293 2209 τῶν
3319 2152 3610 2208 Βασιλικών

340 2245 618 2316 episc0pis
663 2254 721 2300 et
764 2245 1102 2315 presbyteris
1153 2244 1571 2309 interdicimus,
1626 2258 1693 2298 ne
1739 2258 1886 2313 queu

2068 2247 2111 2313 ν’,
2135 2247 2241 2304 τίτ.
2278 2247 2349 2314 α’,
2375 2266 2502 2319 κεφ.
2534 2251 2637 2315 κδ’,
2659 2250 2832 2313 οὕτως
2859 2248 3076 2319 ἔχουσα·
3101 2248 3242 2301 Πᾶσι
3275 2245 3336 2299 δὲ
3367 2248 3477 2306 τοῖς
3504 2245 3614 2296 ἐπι-

340 2339 486 2409 piam
514 2353 545 2392 a
571 2353 732 2394 sacra
761 2338 1153 2393 communione
1201 2338 1357 2408 prius
1412 2344 1722 2408 segregent,
1764 2352 1886 2407 quat

2067 2339 2286 2405 υιόποις,
2318 2339 2350 2411 ἢ
2379 2340 2475 2393 καὶ
2506 2340 2901 2412 πρεσϐυτέροις
2936 2334 3362 2407 ἀπαγορεύομεν
3410 2332 3483 2403 μὴ
3515 2334 3613 2400 ἀφ-

341 2444 512 2486 causa
564 2438 941 2498 monstretur,
994 2418 1355 2500 quamobrem
1411 2428 1770 2485 ecclesiastici
1827 2429 1887 2484 hc

2066 2429 2250 2502 ιρίξειν
2277 2430 2401 2486 τινὰ
2416 2430 2515 2502 τῆς
2544 2429 2708 2500 ἁγίας
2729 2428 3034 2494 κοινωνίας,
3059 2425 3240 2498 πρὶνῆ
3263 2424 3415 2479 αἶτία
3442 2419 3612 2491 δειλίθῇ

335 2535 577 2576 canones
607 2520 722 2574 ﬂeri
749 2519 969 2590 juhent.
1015 2518 1075 2575 Si
1113 2520 1240 2590 quis
1274 2531 1457 2576 autem
1506 2521 1623 2576 haec
1664 2530 1860 2576 contra

2073 2522 2106 2575 ι’
2141 2524 2210 2594 ἣν
2238 2523 2289 2575 oi
2318 2521 2771 2593 ἐκκλησιαστικοὶ
2806 2521 3033 2584 κανόνες
3060 2518 3220 2572 τοῦτο
3256 2515 3511 2586 γενέσθαι
3532 2530 3615 2567 κε-

336 2621 531 2668 sancta
598 2610 995 2667 communione
1062 2611 1304 2682 aliquem
1367 2610 1703 2681 separaverit
1768 2627 1783 2665 :
1842 2610 1880 2665 il

2068 2615 2319 2683 εὐουσιν,
2358 2616 2408 2668 εί
2436 2614 2496 2669 δέ
2534 2631 2620 2678 τις
2652 2614 2808 2684 παρὰ
2854 2612 2957 2684 τῆς
2987 2610 3150 2681 ἁγίας
3178 2608 3465 2672 κοινωνίας
3500 2605 3614 2660 τινὰ

339 2705 564 2774 quidem
606 2703 703 2774 qui
748 2702 952 2774 injuste
982 2719 1013 2759 a
1043 2702 1437 2758 communione
1477 2712 1765 2773 separatus
1803 2702 1883 2758 fui

2071 2707 2277 2781 impiam,
2310 2707 2519 2769 ἐκεῖνος
2574 2705 2674 2777 μέν
2700 2705 2759 2769 ὃς
2792 2704 2995 2767 ἀδίκως
3043 2701 3155 2757 ἀπὸ
3200 2701 3306 2772 τῆς
3346 2697 3617 2760 κοινωνίας

339 2794 580 2850 resoluto
618 2793 840 2850 vinculo
891 2809 987 2865 per
1027 2795 1291 2864 majorem
1336 2793 1703 2862 sacerdotem,
1738 2808 1885 2852 sanet

2070 2800 2337 2873 χωρίσθη,
2375 2797 2643 2870 λυομένου
2695 2798 2792 2852 τοῦ
2840 2795 3045 2869 δεσμοῦ
3094 2795 3201 2850 ὑπὸ
3244 2793 3346 2848 τοῦ
3384 2790 3615 2865 μείζονος

344 2886 546 2957 dignus
592 2886 860 2941 habeatur
892 2887 1303 2942 communione.
1340 2886 1391 2942 Is
1417 2902 1546 2942 vero
1601 2887 1696 2958 qui
1727 2887 1890 2959 injust

2069 2894 2234 2966 ερέως
2261 2893 2362 2965 τῆς
2400 2892 2564 2962 ἁγίας
2593 2890 2868 2957 ἀξιούσθω
2896 2889 3208 2955 κοινωνίας,
3256 2888 3291 2941 ὁ
3321 2886 3380 2939 δέ
3424 2885 3615 2945 ἀδίκως

1966 1933 2009 1987 Β

336 2980 577 3051 aliquem
606 2995 635 3034 a
666 2987 856 3035 sancta
888 2995 1143 3050 separare
1172 2980 1564 3036 communione
1592 2996 1763 3038 ausus
1809 2980 1882 3037 i'ut

2072 2986 2160 3042 ινὰ
2188 2989 2287 3059 τῆς
2328 2986 2491 3057 ἁγίας
2534 2983 2826 3045 κοινωνίας
2875 2983 3156 3054 τολμήσας
3204 2980 3444 3052 χωρίσαι
3489 2976 3615 3029 πᾶσι

333 3070 425 3137 rit,
463 3070 726 3125 omnibus
775 3070 955 3126 modis
991 3086 1086 3141 per
1125 3071 1469 3127 sacerdotem
1523 3074 1629 3127 sub
1664 3087 1776 3142 quo
1809 3087 1874 3128 co

2072 3080 2256 3150 ρόποις
2274 3078 2382 3132 ὑπὸ
2404 3076 2500 3131 τοῦ
2520 3076 2711 3149 ἱερέως
2731 3073 2823 3144 ὑφ’
2849 3073 2910 3129 ὃν
2929 3076 3192 3127 τέτακται
3217 3068 3618 3143 χωρισθήσεται

337 3166 547 3221 locatus
603 3174 708 3231 est,
769 3180 800 3220 a
841 3165 1234 3221 communione
1279 3166 1655 3236 separabitur,
1691 3176 1883 3237 quantt

2073 3172 2135 3243 ἧς
2189 3169 2478 3234 κοινωνίας
2530 3170 2616 3240 ἐφ’
2660 3169 2786 3222 ὅσον
2844 3166 3033 3238 συνίδῃ
3087 3166 3324 3231 ἐκεῖνος,
3364 3162 3453 3216 ἵνα
3491 3161 3619 3226 ὅπερ

335 3274 553 3328 cunque
586 3268 830 3329 tempore
869 3259 949 3314 illi
984 3258 1163 3314 visum
1220 3258 1328 3314 erit
1375 3274 1389 3312 :
1440 3267 1499 3313 ut
1543 3259 1690 3329 quod
1722 3260 1881 3330 inju51

1543 3259 1690 3329 quod
1722 3260 1929 3330 injttSIe
1954 3299 1999 3363 C
2035 3265 2239 3328 ἀδίκως
2268 3263 2520 3335 ἐποίησε,
2557 3260 2762 3325 ἀδίκως
2791 3258 3086 3331 ὑπομείνῃ.

332 3352 424 3407 alii
457 3350 605 3418 iecit,
639 3354 758 3423 ipse
778 3352 929 3423 juste
957 3353 1248 3408 sustineat.

403 3444 559 3499 CAP.
602 3444 670 3499 Χ.
704 3475 776 3486 --
808 3445 884 3500 De
949 3445 1032 3499 his
1083 3446 1175 3516 qui
1200 3448 1264 3499 ab
1300 3442 1541 3501 Ecclesia
1570 3446 1649 3503 vel
1682 3463 1922 3502 commu-

2112 3449 2385 3506 ΚΕΦΑΝ.
2460 3446 2518 3505 l'.
2582 3478 2654 3489 —
2709 3445 2851 3516 Περὶ
2897 3443 3018 3500 τῶν
3072 3440 3537 3514 ἀφοριζομένων,
3586 3437 3623 3507 ἣ

332 3538 485 3592 nione
552 3551 893 3607 separantur,
945 3548 1038 3592 aut
1098 3538 1409 3608 ejiciuntur.

2076 3542 2505 3615 κόαλλομένων
2529 3540 2641 3609 τῆς
2678 3540 3051 3607 Ἐκκλησίας
3088 3538 3127 3607 ἢ
3147 3536 3259 3605 τῆς
3288 3532 3622 3597 κοινωνίας.

402 3628 789 3697 Apostolorum
851 3642 1031 3683 canon
1080 3630 1285 3695 12,15,
1321 3630 1669 3697 51ςοοιιεὶ1ἱὶ
1717 3614 1929 3688 Νιεαξιιῖ

2123 3636 2465 3691 Ἀποστόλων
2497 3633 2677 3688 κανὼν
2723 3630 2813 3702 ιβ’,
2855 3630 2947 3701 ιγ’,
2980 3629 3082 3703 λβ’,
3116 3637 3193 3684 va’
3216 3647 3228 3661 ·
3280 3629 3504 3683 συνόδου
3533 3626 3627 3679 Νι-

332 3734 508 3775 cauou
536 3720 591 3783 5,
637 3719 726 3785 12,
762 3720 865 3787 15;
894 3720 1113 3776 concilii
1143 3721 1471 3779 Antiocheni
1495 3739 1672 3780 canon
1697 3723 1765 3791 6;
1794 3740 1878 3780 c0t

2079 3730 2205 3794 αίας
2221 3727 2402 3782 κανὼν
2419 3733 2482 3792 ε’,
2505 3724 2592 3797 ιβ’,
2614 3724 2684 3796 ιγ’
2702 3742 2715 3756 ·
2740 3724 2961 3778 συνόδου
2977 3724 3314 3794 ’Λντιοχείας
3335 3720 3516 3777 κανὼν
3537 3724 3592 3784 ς’
3609 3732 3623 3748 ·

331 3811 444 3865 cilii
496 3810 795 3867 Laodiceni
829 3826 1005 3866 canon
1041 3812 1148 3878 56;
1204 3815 1425 3869 concilii
1455 3814 1875 3871 Chalcedoneus

2082 3822 2267 3875 υνόδου
2319 3819 2645 3883 Λαοδικείας
2696 3818 2879 3873 κανὼν
2927 3815 3062 3882 lg"
3114 3818 3344 3872 συνόδου
3406 3818 3628 3883 Χαλκη-

331 3919 509 3961 canon
557 3904 750 3972 4,16;
800 3905 1020 3960 concilii
1076 3904 1424 3963 Sardicensis
1454 3923 1633 3965 canon
1681 3909 1769 3974 15,
1822 3908 1877 3963 ii

2079 3916 2191 3978 ὀνος
2220 3913 2403 3968 κανὼν
2434 3911 2500 3978 δ’,
2538 3910 2633 3981 ις’·
2668 3912 2888 3966 συνόδου
2917 3912 3191 3984 Σαρδικῆς
3234 3911 3425 3966 κανὼν
3458 3908 3510 3973 ι’,
3540 3907 3625 3978 ιγ’,

332 3998 555 4053 concilii
606 3998 1064 4073 Carthagincnsis
1116 4014 1291 4057 canon
1324 4000 1430 4070 65;
1494 4000 1717 4058 concilii
1785 4017 1878 4059 sex

2081 4005 2105 4060 i'
2145 4022 2159 4037 ο
2183 4005 2404 4059 συνόδου
2462 4004 2859 4077 Καρθαγέννης
2891 4005 3095 4075 ,κανὼν
3153 4004 3225 4072 ξε⁹
3255 4022 3269 4035 -
3301 4004 3525 4060 συνόδου
3578 3998 3627 4068 ς’

334 4108 513 4147 canon
543 4091 607 4147 21
631 4136 648 4152 .

2040 4100 2224 4154 κανὼν
2253 4097 2357 4154 κα’.

408 4185 628 4240 Tertiis.
686 4185 878 4242 Const.
923 4185 989 4241 14
1032 4186 1117 4242 ιίι.
1151 4188 1185 4244 5
1223 4186 1319 4242 lib.
1365 4202 1406 4244 ι.
1463 4186 1520 4242 Si
1554 4187 1779 4259 (inquit)
1825 4188 1922 4260 qui

2109 4193 2419 4261 Κείμενον.
2476 4195 2540 4247 Ἦ
2570 4192 2631 4248 ιδ’
2660 4193 2799 4248 suae.
2838 4192 2935 4247 τοῦ
2960 4190 3007 4261 γ’
3038 4191 3142 4247 τίτ.
3195 4189 3292 4245 τοῦ
3325 4189 3374 4245 α’
3422 4188 3628 4262 βιϐλίου

333 4279 561 4349 judicio,
586 4288 718 4346 etc.,
746 4281 1010 4351 usquead
1040 4280 1385 4352 conjiciatur,
1415 4290 1473 4334 ut
1501 4297 1622 4353 pag.
1656 4281 1780 4338 265.

2084 4284 2215 4353 ἐγει,
2255 4304 2309 4341 κ.
2344 4303 2397 4339 τ.
2429 4284 2507 4353 λ.,
2543 4302 2719 4355 usque
2747 4287 2814 4347 ad
2853 4285 3022 4358 ἄλλης
3048 4285 3324 4356 ἐπαρχίας
3363 4282 3630 4356 ἐμϐαλλε-

2039 4394 2151 4433 ται.
2182 4377 2357 4449 Supra
2380 4394 2503 4450 ρος.
2540 4379 2668 4435 265.

404 4463 704 4520 Scliolium.
749 4465 941 4523 Const.
998 4465 1066 4521 M
1095 4466 1161 4523 tit
1192 4467 1227 4523 5
1280 4464 1377 4521 lib.
1432 4481 1449 4521 ι
1497 4464 1621 4521 cod.
1685 4476 1772 4522 est
1817 4466 1915 4522 lib.

2114 4471 2400 4540 Σχόλιυν.
2445 4471 2509 4523 Ἦ
2559 4471 2621 4525 ιδ’
2653 4470 2795 4526 διάτ.
2847 4468 2941 4524 τοῦ
2974 4485 3011 4539 γ
3065 4469 3171 4523 τίτ.
3210 4468 3310 4524 τοῦ
3340 4467 3392 4523 α’
3427 4466 3630 4539 βιϐλίου

336 4578 393 4616 ιιι
449 4560 618 4617 Basil.
651 4561 736 4618 tit.
784 4576 823 4628 ι,
869 4576 992 4632 cap.
1039 4578 1077 4629 ι,
1131 4561 1276 4632 quod
1321 4561 1511 4617 eadem
1545 4560 1699 4617 dicit.
1727 4561 1876 4617 Cons

2084 4562 2136 4617 οὖ
2171 4563 2424 4628 κὼδικος,
2451 4563 2569 4617 ἔστι
2602 4563 2807 4635 βιϐλίον
2837 4581 2869 4633 γ
2909 4563 3020 4617 τῶν
3046 4563 3381 4627 Βασιλικῶν,
3415 4561 3523 4616 τίτ.
3562 4556 3630 4623 α’,

334 4656 429 4720 25,
466 4655 549 4710 tit.
586 4655 642 4723 5,
679 4654 770 4710 lib.
800 4670 816 4709 ι
849 4654 970 4712 cod.
997 4670 1107 4710 non
1151 4665 1236 4711 est
1260 4654 1439 4726 posita
1468 4655 1522 4713 in
1550 4653 1717 4710 Basil.
1740 4654 1880 4711 Cons

2083 4672 2168 4724 εφ.
2220 4653 2294 4721 α’,
2336 4657 2432 4709 καλ
2484 4655 2637 4725 λέγει
2675 4656 2747 4710 τὰ
2798 4658 2958 4712 αὑτά.
3014 4657 3078 4711 Ἢ
3112 4655 3197 4726 κγ’
3251 4657 3399 4711 διάτ.
3451 4653 3550 4708 τοῦ
3584 4648 3629 4719 γ’

334 4748 387 4813 5,
451 4748 534 4801 tit.
597 4763 617 4801 ι
668 4745 1058 4813 Novellarum,
1092 4754 1178 4804 est
1237 4746 1447 4803 novella
1486 4746 1784 4803 Justiniani
1840 4747 1880 4800 ι

2085 4747 2143 4802 ἰτ.
2190 4746 2286 4799 τοῦ
2321 4744 2371 4803 α’
2423 4746 2631 4818 βιϐλίου
2676 4747 2772 4802 τοῦ
2825 4748 3057 4813 κὼδικος
3103 4749 3205 4803 οὐκ
3248 4748 3417 4819 ἐτέθη
3446 4746 3528 4809 είς
3564 4742 3631 4797 τὰ

339 4840 453 4895 lluc
489 4850 674 4897 autem
723 4840 844 4914 ejus
893 4856 1016 4910 cap.
1071 4855 1179 4895 non
1230 4850 1313 4896 est
1366 4842 1606 4911 positum
1654 4840 1708 4896 in
1767 4840 1885 4898 Basi

2083 4838 2321 4895 ασιλικά.
2371 4839 2438 4895 Ἢ
2468 4838 2512 4893 ε’
2556 4839 2695 4895 διάτ.
2733 4840 2826 4894 τοῦ
2858 4840 2908 4895 α’
2947 4841 3053 4895 τίτ.
3105 4841 3215 4895 τῶν
3248 4840 3488 4911 Νεαρῶν
3518 4837 3629 4892 ἔστι

335 4937 523 4989 tioust.
558 4934 615 4997 2,
654 4933 735 4987 tit.
771 4933 797 4986 1
861 4929 1212 4987 Novellarum
1247 4939 1334 4986 est
1390 4931 1601 4986 novella
1633 4929 1873 4986 Justinia

2081 4930 2209 5002 ιαρὰ
2247 4931 2680 4997 Ἰουστινιάνειος
2716 4930 2830 5003 μα’,
2879 4932 3039 4988 τοῦτο
3079 4932 3137 4988 δὲ
3181 4932 3359 5003 αὐτῆς
3402 4931 3465 4986 τὸ
3503 4944 3627 4998 κεφ.

340 5028 466 5094 125,
498 5028 788 5098 positaque
817 5033 901 5081 est
935 5025 990 5079 in
1042 5025 1138 5079 lib.
1175 5040 1233 5079 ιιι
1274 5024 1440 5080 Basil.
1482 5024 1564 5080 tit.
1599 5040 1639 5090 ι,
1684 5040 1808 5095 cap.
1839 5024 1886 5079 24

2080 5025 2136 5077 5κ
2180 5023 2342 5095 ἐτέθη
2386 5026 2467 5090 είς
2506 5026 2575 5079 τὰ
2615 5026 2900 5083 Βασιλικά,
2938 5026 3005 5079 Ἦ
3037 5024 3081 5098 β’
3111 5026 3254 5082 διάτ.
3288 5024 3389 5079 τοῦ
3436 5023 3486 5078 α’
3526 5021 3626 5076 τίτ.

330 5122 483 5190 quod
514 5121 595 5175 sic
626 5119 823 5173 habet:
855 5117 1016 5172 Certe
1045 5116 1089 5171 si
1115 5120 1242 5186 quis
1260 5116 1554 5185 episcopus
1582 5130 1705 5171 cum
1733 5132 1876 5173 secm

2085 5115 2149 5169 ῖιν
2198 5118 2411 5189 νεαρῶν
2466 5118 2583 5173 ἔστι
2631 5119 2805 5191 νεαρᾶ
2866 5119 3301 5182 Ἰουστινιάνειος
3360 5115 3485 5189 ρκγ¹
3537 5112 3631 5168 καὶ

332 5217 470 5271 dum
501 5228 691 5269 sacros
719 5225 963 5267 canones
1007 5207 1319 5266 sacerdotio
1347 5210 1558 5279 ejectus
1586 5219 1690 5275 est,
1718 5210 1878 5281 ingre

2080 5210 2218 5264 εἷται
2253 5211 2312 5263 ἐν
2344 5210 2531 5282 βιϐλίῳ
2564 5219 2613 5279 γ’
2634 5210 2744 5265 τῶν
2762 5210 3094 5279 Βασιλικῶν,
3122 5210 3224 5266 τίτ.
3247 5207 3322 5277 α’,
3351 5226 3481 5278 κεφ.
3514 5213 3626 5271 us“.

336 5310 617 5362 civitatem
656 5304 807 5360 ausit
835 5319 899 5357 ex
931 5317 1039 5373 qua
1071 5301 1302 5371 cjectus,
1338 5311 1431 5356 aut
1469 5302 1648 5356 locum
1696 5302 1882 5357 dert’lit

2083 5303 2211 5369 ita);
2242 5302 2422 5375 ἔχοντι
2446 5319 2459 5331 ·
2494 5304 2647 5368 Εἴτις
2676 5304 2733 5357 δέ
2769 5305 3071 5371 ἐπίσκοπος
3115 5302 3257 5358 κατὰ
3281 5304 3412 5367 τοὺς
3454 5298 3629 5369 ἱεροὺς

326 5415 516 5468 .ιμιειέ
550 5399 603 5451 in
636 5412 746 5467 quo
777 5396 976 5467 degere
1005 5395 1197 5466 jussus
1240 5403 1325 5449 est
1359 5411 1373 5447 :
1402 5394 1663 5464 jubemus
1710 5394 1855 5448 hunc

2081 5397 2275 5462 ανόνας
2298 5397 2396 5468 τῆς
2429 5397 2732 5469 ἱερωσύνης
2755 5398 3043 5470 ἐκϐληθεὶς
3064 5397 3333 5469 τολμήσει
3370 5393 3627 5465 ἐπιϐῆναι

328 5488 739 5547 .tuonastcriutn
788 5489 842 5543 iu
882 5488 989 5543 alia
1044 5486 1327 5558 provincia
1362 5490 1727 5543 constitutum
1770 5497 1874 5543 trat

2079 5492 2142 5561 ἧς
2177 5491 2384 5555 πόλεως
2408 5491 2473 5559 ἐξ
2489 5488 2555 5563 ἦς
2595 5490 2887 5563 ἐξεϐλήθη.
2917 5492 2950 5565 ἢ
2984 5491 3311 5545 καταλιπεῖν
3341 5488 3435 5543 τὸν
3467 5488 3625 5540 τόπον

2041 5585 2099 5637 ἐν
2125 5576 2170 5651 ᾧ
2198 5584 2495 5655 ἐκελεύσθη
2530 5585 2759 5654 διάγειν,
2803 5585 3099 5655 κελεύομεν
3128 5582 3318 5637 τοῦτον
3353 5596 3623 5653 μοναστη-

2049 5677 2149 5747 ρίῳ
2178 5678 2235 5729 ἐν
2266 5678 2399 5749 ἄλλῃ
2425 5678 2665 5751 ἐπαρχίᾳ
2693 5678 2999 5733 καθεστῶτι
3030 5674 3454 5748 παραδίδοσθαι.
