3916 6244
340 254 478 322 1107

1474 251 1744 318 PHOTII
1785 240 2296 316 ΡΑἸἮῘΑἩΟΗΛΞ
2336 255 2446 318 CP.

3462 258 3580 325 1108

396 368 627 429 Concilii
664 368 939 442 Ancyrani
972 383 1147 424 canon
1174 369 1229 435 1,
1262 369 1339 437 1;
1366 371 1587 426 concilii
1618 367 1897 433 Neocaesa-

2100 372 2329 428 Συνόδου
2365 370 2852 446 ’Δγκύραςόιανὼν
2892 379 2963 436 α’,
2996 375 3039 444 β’
3067 391 3081 405 ·
3118 373 3338 429 συνόδου
3370 373 3583 433 Νεοκαι-

327 465 530 521 riensis
564 480 742 520 canon
777 464 877 529 59;
910 464 1132 519 concilii
1158 464 1298 521 sein
1326 478 1508 520 canon
1539 465 1596 529 5,
1621 464 1726 531 26;
1759 462 1897 519 Basi-

2031 469 2256 540 σαρείας
2281 467 2461 522 κανὼν
2507 467 2551 521 θ’
2572 484 2585 497 ’
2636 468 2855 523 συνόδου
2884 466 2938 532 ς’
2966 466 3147 523 κανὼν
3177 466 3249 538 γ’,
3281 467 3372 533 κς⁹
3391 486 3404 500 ο
3443 472 3587 526 Βασι-

328 556 385 611 lii
421 555 645 629 [canon]
675 556 767 622 27,
798 554 889 610 70.

321 741 491 797 ricam
522 742 775 812 privatim
799 743 1098 811 confessum
1128 758 1241 796 esse
1264 753 1563 810 peccatum.

391 931 621 988 Concilii
653 931 1107 1003 Carthaginensis
1134 945 1313 986 canon
1350 930 1482 984 152.

394 1024 551 1083 CAP.
592 1025 738 1081 XXI.
769 1056 842 1067 --
876 1026 953 1080 De
979 1026 1235 1094 episcopis
1254 1034 1349 1080 aut
1378 1025 1587 1079 clericis
1624 1040 1809 1080 carnes
1858 1024 1918 1078 in

320 1119 602 1189 sanguine,
644 1130 735 1173 aut
768 1136 801 1173 a
834 1117 1013 1173 bestiis
1048 1128 1256 1188 captas,
1286 1126 1379 1171 aut
1416 1117 1726 1172 morticinas
1757 1117 1917 1171 eden-

327 1211 469 1267 tibus
481 1252 495 1266 .

391 1303 788 1373 Apostolorum
816 1317 995 1358 canon
1024 1301 1125 1369 65;
1153 1302 1376 1359 concilii
1409 1300 1689 1373 Ancyrani
1732 1315 1913 1357 canon

322 1395 387 1460 5;
433 1395 653 1450 concilii
691 1395 832 1450 sexti
865 1409 1039 1449 canon
1073 1396 1164 1450 67.

390 1484 549 1540 CAP.
588 1484 758 1539 XXII.
789 1515 861 1527 —
898 1482 1052 1550 Quod
1102 1485 1363 1555 episcopi,
1423 1484 1741 1555 presbyteri,
1791 1483 1913 1538 dia-

1916 614 1919 617 λ
2025 560 2169 614 λείου
2198 559 2379 614 κανὼν
2405 555 2509 625 κζ’,
2541 564 2605 614 0'.

394 647 549 703 CAP.
592 646 718 705 XX.
749 677 816 689 -—
849 646 935 702 Ne
971 648 1219 703 credatur
1255 649 1498 718 episcopo
1549 648 1746 702 dicenti
1810 646 1919 702 cle-

2096 654 2351 706 ΚΕΦΑΛ.
2392 650 2476 705 K'.
2520 682 2591 693 —
2631 652 2771 720 Περὶ
2810 652 2916 707 τοῦ
2955 651 3040 721 μὴ
3070 653 3457 708 πιστεύεσθαι
3492 656 3590 709 τὸν

2023 746 2366 801 ἐπίσκοπον
2401 745 2661 815 λέγοντα
2707 744 3045 810 ιδιιιζόντως
3085 745 3248 813 αὐτῷ
3281 745 3386 801 τὸν
3406 750 3592 817 κληρι·

2022 838 2135 893 xor
2158 835 2659 907 συνομολογῆσαι
2696 836 2763 890 τὸ
2794 836 3135 906 ἁμάρτημα.

2093 931 2322 985 Συνόδου
2354 929 2746 1001 Καρθαγέννης
2770 928 2952 982 κανὼν
2984 927 3123 999 ρλϐ’.

2092 1028 2348 1082 ΚΕΦΑΛ.
2380 1024 2514 1081 KA'.
2544 1055 2616 1065 —
2667 1025 2807 1093 Περὶ
2856 1025 3201 1079 ἐπισκόπου
3239 1025 3279 1094 ἦ
3320 1026 3593 1093 κληρικοῦ

2019 1121 2336 1186 ἐσθίοντος
2364 1118 2511 1189 κρέα
2538 1117 2607 1172 ἐν
2632 1117 2857 1188 αἵματι,
2899 1116 2939 1185 ἣ
2977 1113 3353 1185 θηριάλωτον
3386 1115 3423 1186 ἦ
3458 1121 3595 1186 θνη-

2020 1212 2285 1285 σιμαῖον.

2103 1305 2445 1360 Ἀποστόλων
2477 1302 2662 1359 κανὼν
2688 1301 2770 1371 Er
2793 1318 2806 1333 ·
2859 1299 3078 1356 συνόδου
3119 1299 3395 1372 Ἀγκύρας
3423 1299 3596 1355 κανὼν

2017 1405 2094 1471 γ’·
2131 1399 2351 1453 συνόδου
2384 1404 2437 1464 ς’
2462 1397 2644 1451 κανὼν
2676 1395 2776 1461 ξςν.

2088 1489 2343 1543 ΚΕΦΑΛ.
2395 1487 2528 1542 KB’.
2576 1516 2647 1529 ——
2689 1484 2831 1553 Περὶ
2879 1484 2989 1538 τοῦ
3033 1482 3177 1551 τσὺς
3200 1481 3596 1549 ἐπισκόπους,

318 1576 461 1641 coni,
497 1584 546 1629 et
587 1584 843 1646 quotquot
874 1592 1033 1631 sacra
1065 1585 1336 1645 tractant,
1385 1576 1449 1631 ab
1498 1576 1757 1630 uxoribus
1803 1576 1897 1631 suit

2031 1578 2115 1634 καί
2135 1576 2604 1649 πρεσϐυτέρους,
2625 1574 2725 1629 καὶ
2747 1574 3089 1640 διακόνους,
3106 1572 3204 1627 καὶ
3222 1572 3453 1637 πάντας
3467 1572 3600 1635 τοὺς

317 1666 582 1723 abstinere
621 1666 866 1723 debeant.

391 1851 623 1907 Concilii
685 1853 1141 1924 Carthaginensis
1196 1870 1375 1913 canon
1425 1857 1498 1924 3,
1550 1859 1604 1924 1,
1655 1859 1747 1927 25,
1797 1859 1909 1931 70;

318 1945 534 2001 concilii
567 1946 705 2001 sexti
734 1962 909 2001 canon
944 1947 1032 2013 12,
1064 1948 1154 2002 15.

388 2036 547 2093 CAP.
585 2038 775 2094 XXIII.
800 2070 870 2082 —-
899 2039 974 2095 De
1002 2041 1192 2097 clerico
1214 2041 1415 2098 debiles
1440 2044 1828 2101 subsannanle.

325 2254 333 2289 ξ
390 2221 789 2293 Apostolorum
812 2238 992 2281 canon
1032 2227 1127 2282 57.

262 2344 271 2351 -
387 2312 546 2369 CAP.
585 2314 775 2371 XXIV.
807 2348 878 2359 —
898 2317 977 2372 De
1005 2317 1196 2373 clerico
1227 2319 1332 2374 sibi
1358 2321 1540 2377 virilia
1571 2310 1903 2393 amputante.

385 2503 771 2575 Apostolorum
804 2520 982 2560 canon
1010 2506 1115 2572 25;
1153 2509 1371 2565 concilii
1403 2510 1607 2567 Nicueni
1628 2529 1806 2568 canon
1829 2515 1853 2569 I
1880 2531 1895 2581 ;

312 2596 531 2649 concilii
555 2595 715 2665 primi
742 2606 795 2651 et
816 2598 1043 2653 secundi
1073 2598 1124 2652 in
1155 2600 1270 2654 inde
1302 2600 1633 2656 Sanctorum
1673 2606 1904 2674 Aposto-

314 2689 489 2742 lorum
524 2687 751 2761 {habiti}
777 2704 956 2744 canon
990 2693 1044 2747 8.
1082 2690 1225 2761 Lege
1266 2693 1473 2765 scripta
1522 2711 1689 2766 supra
1718 2698 1773 2751 iu
1808 2714 1903 2752 ca-

312 2781 423 2852 pite
446 2781 513 2835 M
532 2780 615 2837 tit.
644 2782 667 2835 1
705 2783 991 2852 praesentis
1016 2785 1398 2855 syntagmatis.

380 2968 534 3026 CAP.
576 2969 743 3027 XXV.
787 3002 857 3013 —
887 2972 963 3026 De
1005 2973 1213 3027 clericis
1266 2976 1550 3044 apostolis,
1592 2977 1900 3034 immolato-

1942 1737 1989 1794 B

2015 1674 2090 1728 τὰ
2128 1672 2253 1740 ἱερὰ
2302 1667 2739 1741 ψηλαφῶν-τας,
2795 1664 3065 1736 ὀφείλειν
3114 1664 3448 1735 ἀπέχεσθαι
3489 1662 3599 1718 τῶν

2015 1767 2253 1823 οἰκείων
2277 1763 2569 1836 γαμετῶν.

2095 1857 2327 1912 Συνόδου
2368 1854 2765 1927 Καρθαγέννης
2810 1849 2993 1907 κανὼν
3040 1847 3110 1919 τ’,
3135 1847 3201 1913 δ’,
3248 1855 3353 1913 κε’,
3385 1854 3426 1901 ο¹
3447 1866 3461 1881 ο
3489 1864 3604 1901 συν-

2023 1950 2145 2005 ὁδου
2168 1947 2222 2013 ς’
2257 1945 2438 2001 κανὼν
2465 1944 2554 2017 ιβ’,
2585 1942 2673 2014 ιγ’.

2097 2040 2352 2095 ΚΕΦΑΛ.
2384 2034 2513 2092 Kl".
2561 2067 2629 2078 —
2672 2032 2816 2103 Περὶ
2868 2031 3160 2103 κλτιρικοῦ
3211 2028 3602 2102 χλευάζοντος

2023 2134 2168 2200 τοὺς
2194 2131 2493 2199 ἀσθενεῖς.

2107 2226 2449 2280 Ἀποστόλων
2470 2222 2652 2278 κανὼν
2681 2220 3049 2293 πεντηκοστὸς
3076 2218 3333 2289 ἕϐδομος.

2093 2321 2348 2376 ΚΕΦΑΛ.
2389 2319 2517 2373 ΚΔ.
2561 2348 2628 2359 —
2656 2317 2795 2386 Περὶ
2834 2314 3129 2384 κληρικοῦ
3170 2311 3396 2368 ἑαυτὸν
3423 2311 3601 2380 ἀκρω-

2019 2413 2416 2484 τηριάζοντος.

2105 2506 2445 2561 ’Δποστόλων
2480 2503 2663 2558 κανὼν
2715 2502 2836 2570 κγ’·
2876 2501 3096 2556 συνόδου
3144 2500 3381 2565 Νικαίας
3427 2499 3603 2553 κανὼν

2019 2609 2069 2657 α’
2089 2620 2100 2631 ·
2136 2580 2353 2654 συνόδου
2383 2604 2430 2651 α’
2448 2597 2543 2651 καὶ
2568 2595 2634 2666 β’,
2665 2598 2722 2650 ὲν
2748 2593 2825 2664 τῷ
2846 2593 2961 2663 ναῷ
2980 2593 3089 2647 τῶν
3104 2594 3306 2661 Ἀγὶων
3347 2591 3601 2645 ’Δποστό-

2018 2696 2126 2750 λων
2158 2692 2341 2748 κανὼν
2379 2697 2449 2763 η’.
2488 2688 2791 2759 Ἀνάγνωθι
2816 2687 3080 2758 ἀνωτέρω
3096 2688 3166 2741 τὰ
3197 2700 3604 2758 παραγεγραμ-

2022 2788 2157 2860 μένα
2180 2789 2237 2840 ὲν
2288 2783 2367 2856 τῷ
2415 2781 2475 2837 ιδ’
2501 2800 2626 2852 κεφ.
2656 2779 2751 2834 τοῦ
2779 2786 2829 2834 α’
2865 2780 2975 2834 τίτ.
3021 2778 3115 2833 τοῦ
3162 2780 3437 2850 παρόντος
3479 2795 3601 2864 συντ

2015 2880 2319 2950 τάγματος.

2091 2970 2340 3025 ΚΕΦΑΛ.
2379 2966 2509 3022 KE’.
2562 2994 2632 3007 —--
2669 2965 2813 3034 Περὶ
2862 2962 3166 3034 κληρικῶν
3215 2960 3601 3026 ἀποστατῶν,

310 3064 480 3129 ribus,
524 3064 714 3134 magis,
758 3064 1207 3130 incantatoribus,
1251 3066 1559 3137 astrologis,
1612 3072 1897 3126 mathema-

2031 3064 2117 3120 καί
2155 3061 2372 3126 θυτῶν,
2405 3059 2507 3115 καί
2531 3058 2762 3130 μάγων,
2786 3058 2885 3112 καὶ
2916 3055 3235 3121 ἐπαοιδῶν,
3260 3056 3365 3111 καὶ
3395 3056 3605 3124 (torpo-

311 3157 455 3223 ticis,
489 3156 894 3227 divinatoribus,
941 3159 1210 3229 veneﬁcis,
1243 3167 1293 3213 et
1324 3162 1559 3215 amuleta
1601 3165 1904 3232 appenden-

309 3248 474 3304 tibus.

379 3340 766 3410 Apostolorum
799 3356 977 3398 canon
1015 3341 1124 3409 62,
1157 3343 1377 3398 concilii
1405 3344 1682 3415 Ancyrani
1715 3362 1896 3403 canon

305 3433 361 3497 1,
394 3432 465 3499 2;
516 3433 737 3489 concilii
777 3433 1070 3491 Laodiceni
1127 3450 1305 3491 canon
1348 3434 1456 3502 36;
1494 3440 1669 3493 sancti
1713 3439 1905 3497 Basilii

305 3537 485 3578 canon
529 3522 620 3579 75.

377 3614 597 3670 Textus.
625 3614 700 3672 De
724 3616 1003 3685 veneﬁcis,
1022 3618 1456 3687 mathematicis,
1491 3630 1799 3693 etc.,usque
1825 3626 1897 3701 ad

301 3704 629 3772 decollatur,
666 3714 724 3759 ut
749 3722 872 3777 pag.
910 3705 1012 3762 765
1025 3744 1039 3762 .
1876 3710 1879 3711 ⁷

374 3884 664 3943 Scholium.
714 3885 905 3943 Const.
944 3888 970 3942 1
1025 3888 1109 3943 tit.
1170 3889 1370 3947 18111).
1418 3909 1470 3947 Ix
1540 3894 1662 3951 cod.
1718 3898 1896 3968 posita

300 3991 388 4038 est
425 3981 479 4037 in
526 3981 622 4037 lib.
661 3998 727 4036 ιι
799 3982 969 4038 Basil.
1004 3983 1089 4039 tit.
1130 3984 1219 4052 39,
1257 4000 1380 4057 cap.
1410 3988 1500 4053 21,
1537 3990 1682 4059 quod
1724 3992 1891 4047 etiam

300 4074 379 4128 ita
408 4072 590 4137 habet,
626 4081 689 4127 ut
737 4072 796 4127 in
834 4075 1160 4144 compendio
1216 4078 1558 4147 propositum
1594 4090 1698 4136 est.
1750 4082 1896 4137 Con-

300 4169 417 4221 stit.
452 4164 490 4219 2
541 4164 786 4234 ejusdem
818 4165 904 4220 tit.
941 4175 998 4223 et
1018 4167 1113 4222 lib.
1151 4177 1235 4223 est
1258 4169 1503 4239 ejusdem
1552 4171 1638 4226 tit.
1693 4181 1749 4228 et
1792 4174 1889 4229 lib.

301 4271 424 4328 cap.
455 4256 548 4311 22.
584 4256 854 4313 Similiter
877 4259 1105 4315 constit.
1135 4259 1172 4313 '5
1226 4259 1471 4330 ejusdem
1500 4264 1585 4317 tit.
1630 4273 1685 4319 et
1741 4265 1888 4332 libri,

300 4360 387 4407 est
407 4351 658 4422 ejusdem
697 4352 783 4407 tit.
819 4361 875 4406 et
900 4352 1022 4407 libri
1054 4369 1176 4424 cap.
1207 4353 1298 4410 25.
1335 4353 1726 4411 Verumtamen
1777 4373 1885 4414 non

2011 3160 2230 3229 λόγων,
2260 3157 2361 3212 καὶ
2389 3152 2841 3228 μαθηματικῶν,
2858 3154 2960 3206 καὶ
2990 3150 3125 3221 περὶ
3146 3151 3477 3221 μαντειῶν,
3505 3146 3603 3201 καὶ

2012 3246 2420 3321 φαρμακειῶν,
2458 3245 2559 3300 καὶ
2593 3242 2959 3313 περιάπτων.

2096 3340 2438 3396 Ἀποστόλων
2471 3336 2655 3393 κανὼν
2686 3336 2775 3407 ’ξβ’
2797 3353 2811 3368 ·
2858 3334 3077 3389 συνόδου
3114 3332 3398 3406 Ἀγκύρας
3426 3330 3606 3386 κανὼν

2010 3440 2080 3499 α’,
2106 3433 2149 3505 β’
2170 3450 2184 3465 ⁸
2215 3434 2433 3487 συνόδου
2456 3431 2779 3494 Λαοδικείας
2811 3426 2995 3483 κανὼν
3019 3428 3108 3493 λς’
3133 3443 3150 3462 ο
3178 3427 3278 3481 τοῦ
3310 3426 3472 3497 ἁγίου
3498 3427 3605 3479 Βα-

2012 3526 2215 3581 σιλείου
2246 3523 2428 3580 κανὼν
2448 3530 2550 3593 ογθ.

2083 3620 2389 3688 Κείμενον.
2421 3617 2558 3687 Περὶ
2576 3615 2907 3687 φαρμακῶν,
2932 3614 3031 3667 καὶ
3056 3612 3493 3684 μαθηματικῶν,
3512 3610 3606 3664 καὶ

2013 3711 2124 3765 τῶν
2145 3710 2367 3780 ὁμοίων,
2386 3727 2442 3764 κ.
2471 3726 2525 3764 τ.
2547 3708 2622 3773 λ..
2645 3722 2821 3779 usque
2845 3707 2913 3761 ad
2936 3707 2964 3758 ὁ
2982 3706 3040 3760 δὲ
3065 3706 3215 3777 παρὰ
3234 3706 3417 3761 ταῦτα
3435 3704 3603 3759 ποιῶν

2006 3804 2395 3872 ἀποτέμνεται.

2079 3898 2126 3949 Σ
2127 3895 2361 3964 χόλιον.
2398 3893 2466 3946 Ἥ
2489 3891 2537 3946 α’
2566 3892 2706 3948 διάτ.
2732 3893 2828 3947 τοῦ
2861 3894 2930 3966 ιη’
2962 3896 3068 3951 τίτ.
3091 3893 3186 3949 τοῦ
3212 3893 3257 3947 θ’
3278 3891 3491 3965 βιϐλίου
3511 3888 3601 3943 τοῦ

2007 3983 2243 4046 κώδικος
2270 3985 2450 4037 κεῖται
2472 3983 2530 4035 ὲν
2561 3981 2750 4054 βιϐλίῳ
2781 3985 2893 4038 τῶν
2925 3984 3238 4039 Βασιλικῶν
3262 3986 3329 4051 ξ’,
3362 3983 3473 4037 τίτ.
3503 3980 3604 4047 λθ⁶,

2006 4094 2134 4147 κεφ.
2194 4080 2304 4140 κα’,
2356 4073 2529 4138 οὕτως
2555 4074 2757 4144 ἔχοντι,
2786 4076 2861 4139 ὡς
2902 4077 3237 4148 συνωψίσθη.
3280 4077 3351 4130 Ἦ
3377 4076 3424 4146 β’
3462 4075 3601 4128 stac.

2004 4168 2100 4222 τοῦ
2127 4165 2293 4222 αὐτοῦ
2320 4166 2426 4219 τίτ.
2459 4166 2554 4220 καὶ⁵
2587 4165 2796 4236 βιϐλίου
2842 4167 2957 4221 ἔστι
3003 4169 3099 4222 τοῦ
3141 4168 3312 4223 αὐτοῦ
3366 4167 3468 4222 καὶ
3497 4166 3603 4219 τίτ.

2003 4278 2130 4330 κεφ.
2168 4257 2276 4331 κβ’.
2322 4258 2387 4312 Ἡ
2416 4257 2464 4328 γ’
2511 4258 2756 4324 διάταξις
2785 4260 2878 4314 τοῦ
2904 4260 3071 4315 αὐτοῦ
3100 4262 3206 4315 τίτ.
3258 4263 3359 4316 καὶ
3395 4260 3602 4331 βιϐλίου

2006 4351 2125 4405 ἐστι
2153 4350 2249 4405 τοῦ
2274 4349 2440 4403 αὐτοῦ
2468 4348 2574 4404 τίτ.
2616 4351 2713 4403 καὶ
2743 4350 2951 4420 βιὸλίου
2982 4352 3284 4422 κεφάλαιον
3314 4350 3424 4421 κγ’.
3459 4348 3604 4420 Πλὴν

298 4445 569 4514 scriptum
599 4451 685 4499 est
720 4444 772 4497 in
822 4443 990 4499 Basil.
1028 4445 1493 4514 quemadmodum
1536 4448 1690 4518 prius
1742 4449 1889 4520 lege-

2031 4444 2101 4498 ὐκ
2127 4443 2341 4514 ἐγράφη
2374 4442 2433 4494 ὲν
2464 4443 2577 4506 τοῖς
2626 4441 2943 4507 Βασιλικοίς
2969 4443 3045 4507 ὼς
3082 4440 3196 4515 εῐχε
3230 4442 3438 4508 λέξεως
3464 4441 3601 4512 πρό-

299 4530 486 4595 batur,
538 4530 637 4587 sed
682 4530 758 4587 ita
796 4532 1025 4587 habetur
1061 4552 1076 4589 :
1108 4532 1174 4588 Et
1208 4550 1307 4604 per
1336 4538 1700 4595 mactationes
1752 4541 1896 4595 vati-

300 4622 497 4679 cinari.
561 4621 713 4680 Talis
760 4638 891 4679 vero
944 4624 1125 4695 gladio
1173 4627 1420 4695 punitor.
1473 4628 1543 4684 Et
1604 4630 1697 4699 qui
1750 4632 1897 4688 hunc

300 4714 614 4771 evocaverit
641 4724 737 4771 aut
783 4715 1163 4784 suasionibus,
1196 4729 1292 4774 aut
1343 4723 1588 4791 praemio,
1624 4723 1891 4780 conﬁsca-

304 4809 441 4865 tioni
463 4819 520 4866 et
536 4809 734 4867 exsilio
770 4810 1046 4867 obnoxius
1068 4820 1173 4868 est.
1195 4812 1505 4870 Accusator
1528 4825 1708 4871 autem
1732 4818 1895 4887 hujus

303 4900 551 4957 criminis
587 4918 695 4957 non
721 4902 937 4959 delator
959 4914 1065 4970 est,
1090 4907 1186 4960 sed
1219 4906 1397 4977 magis
1432 4909 1659 4977 pra-mlo
1690 4910 1894 4980 dignus

300 4990 555 5047 habetur.
583 4990 882 5049 Considera
913 4993 1101 5065 igitur,
1124 4994 1191 5050 ad
1216 4995 1631 5054 clementiorem
1656 4998 1891 5055 formam

298 5083 566 5140 recidisse
604 5094 790 5139 vetera
830 5084 997 5157 jura,
1048 5101 1151 5141 nec
1201 5102 1310 5157 qua
1360 5088 1516 5158 prius
1563 5091 1613 5144 vi
1667 5093 1894 5161 praedita

299 5182 481 5241 erant,
512 5171 662 5247 [cum
699 5172 788 5247 ea]
816 5174 868 5228 in
911 5175 1305 5249 repurgatione
1334 5191 1461 5234 esse
1485 5179 1685 5247 posita.
1709 5180 1891 5238 Abro-

298 5277 487 5338 gatum
517 5277 602 5323 est
641 5267 814 5335 enim,
858 5275 919 5322 ut
967 5276 1161 5323 auctor
1220 5270 1447 5325 sceleris
1487 5282 1893 5339 concremetur,

298 5373 354 5417 et
382 5361 461 5416 illi
488 5362 580 5431 qui
604 5373 907 5433 evocarunt
925 5362 1307 5434 deportentur.
1330 5365 1413 5421 Ad
1445 5368 1703 5424 eumdem
1724 5371 1890 5427 etiam

298 5454 526 5509 modum
557 5456 825 5511 omissum
862 5463 947 5511 est
978 5457 1297 5527 aruspicum
1355 5457 1607 5531 [nomen]
1655 5478 1669 5515 :
1703 5472 1777 5526 et,
1827 5479 1894 5521 ne

298 5547 426 5617 quis
457 5548 652 5603 borum
679 5548 747 5603 ad
781 5562 1137 5619 quemquam,
1171 5550 1296 5605 licet
1328 5553 1541 5608 amicus
1584 5555 1758 5625 ipsius
1789 5558 1887 5624 sit,

298 5640 556 5696 introeat.
587 5639 933 5694 Probibitum
960 5650 1142 5695 autem
1166 5643 1395 5710 Qtantum
1428 5653 1513 5699 est
1552 5662 1646 5715 per
1676 5658 1887 5704 macta-

298 5733 479 5788 tiones
515 5733 822 5788 vaticinari.
858 5730 971 5787 Hoc
999 5732 1166 5804 igitur
1195 5745 1343 5790 nota.
1368 5735 1605 5794 Constit.
1654 5738 1709 5798 1,
1744 5741 1889 5813 ejus-

2000 4552 2182 4607 τερον,
2200 4533 2314 4588 ἀλλ’
2334 4532 2476 4587 οὕτω
2490 4532 2642 4604 φησί·
2667 4534 2776 4586 Καὶ
2799 4535 2858 4587 τὸ
2878 4535 2969 4589 διὰ
2990 4534 3189 4589 θυσιῶν
3208 4533 3601 4606 μαντεύεσθαι,

2002 4629 2031 4681 ὁ
2065 4628 2124 4682 δὲ
2170 4626 2412 4691 τοιοῦτος
2456 4625 2600 4697 ξίφει
2633 4628 3003 4699 τιμωρείσθω.
3034 4628 3146 4682 Καὶ
3183 4629 3211 4681 ό
3240 4628 3440 4681 τοῦτον
3469 4644 3601 4697 προ-

1999 4720 2366 4793 τρεψάμενος,
2424 4719 2457 4790 ἢ
2507 4719 2874 4791 παρακλήσει,
2920 4721 2953 4791 ἢ
3024 4721 3222 4792 μισθῷ,
3264 4720 3461 4794 ὲξορίᾳ
3507 4719 3602 4774 καὶ

1997 4811 2265 4886 δημεύσει
2310 4811 2619 4868 ὑπόκειται.
2679 4813 2851 4867 Καὶὸ
2898 4815 3222 4885 κατηγορῶν
3268 4813 3471 4867 τούτου
3506 4810 3601 4865 τοῦ

1999 4906 2346 4977 ἐγκλήματος
2371 4905 2472 4958 οὐκ
2502 4904 2617 4958 ἐστι
2643 4905 2917 4976 δηλάτωρ,
2951 4906 3087 4959 ἀλλὰ
3119 4905 3327 4975 μᾶλλον
3358 4903 3598 4957 ἐπάθλου

1997 4996 2267 5065 ἀξιοῦται.
2289 4995 2465 5050 Βλέπε
2488 4993 2584 5051 οὖν
2616 4996 2700 5050 δτι
2724 4996 2784 5050 τὸ
2817 4996 3340 5069 φιλανθρωπότερον
3367 4996 3601 5066 μετέπε-

1999 5106 2092 5143 σον
2126 5089 2194 5143 τὰ
2233 5087 2572 5157 παλαιότερα
2602 5089 2831 5159 νόμιμα,
2869 5088 2963 5142 καὶ
3002 5091 3099 5158 οὐχ
3141 5088 3216 5152 ὡς
3251 5086 3405 5158 εἶχον
3436 5087 3599 5141 δυνά·

2001 5197 2150 5252 μεως
2181 5178 2457 5251 πρότερον
2490 5178 2957 5251 κατεστρώθησαν
2981 5180 3040 5232 ὲν
3069 5182 3137 5250 τῇ
3184 5179 3595 5251 ὰνακαθάρσει.

2009 5274 2281 5348 Ἀνῃρέθη
2315 5276 2425 5347 γὰρ
2457 5275 2555 5329 καὶ
2586 5274 2648 5329 τό
2672 5275 2924 5329 καίεσθαι
2951 5276 3077 5339 τοὺς
3097 5276 3464 5348 αὐτουργοὺς,
3501 5275 3596 5330 καὶ

1993 5367 2057 5421 τὸ
2086 5368 2583 5439 δεπορτατεῦεσθαι
2615 5370 2742 5433 τοὺς
2771 5368 3283 5440 προτρεψαμένους.
3317 5368 3594 5431 Ὡσαύτως

1996 5462 2235 5533 παρείθη
2268 5464 2363 5516 καὶ
2394 5464 2455 5515 τὸ
2478 5462 2587 5515 τῶν
2612 5463 3019 5525 οἰωνοσκόπων,
3045 5465 3139 5516 καὶ
3162 5462 3220 5516 τὸ
3242 5463 3323 5533 μὴ
3357 5464 3592 5515 εἰσιέναι

1992 5556 2115 5609 τινὰ
2143 5556 2206 5610 ἐκ
2221 5554 2426 5609 τούτων
2458 5556 2594 5626 πρός
2613 5571 2760 5621 τινα,
2794 5554 2901 5609 κᾶν
2996 5555 3148 5625 φίλος
3184 5554 3376 5608 αὑτοῦ.
3418 5556 3587 5608 Ἐκω-

1994 5649 2129 5720 λύθη
2160 5649 2216 5703 δὲ
2240 5650 2402 5720 μόνον
2423 5650 2484 5702 τὸ
2508 5648 2595 5702 διὰ
2616 5647 2818 5702 θυσιῶν
2843 5648 3235 5718 μαντεύεσθαι.
3266 5648 3586 5718 Σημείωσαι

1992 5739 2085 5797 οὖν
2111 5741 2291 5797 τοῦτο.
2323 5743 2390 5796 Ἦ
2413 5742 2455 5796 δ’
2483 5742 2626 5798 διάτ.
2662 5740 2757 5796 τοῦ
2792 5741 2959 5799 αὐτοῦ
2989 5740 3093 5798 τίτ.
3123 5740 3218 5796 καὶ
3255 5740 3466 5818 βιᾷλίου
3491 5749 3581 5795 τοῦ
