3744 6218
144 274 277 341 εισι)

1032 270 1521 335 NOMOCANON.
1561 291 1627 304 -·
1660 269 1810 329 ΤΙΤ.
1843 268 1946 343 IX,
1979 271 2138 331 CAP.
2164 269 2483 331 XX-XXV.

3265 264 3405 331 1110

144 369 388 431 κὼδικος,
416 364 533 420 ἔστι
560 364 657 419 τοῦ
691 363 861 419 αὑτοῦ
891 364 997 420 τίτ.
1043 365 1140 418 καὶ
1181 363 1388 434 βιϐλίου
1422 364 1531 416 τῶν
1552 362 1717 414 Βασι-
1745 367 1787 420 Α
1821 365 1942 450 dem
1981 365 2065 418 tit.
2094 384 2101 415 ι

1897 380 1942 450 tn
1981 365 2065 418 tit.
2094 372 2149 418 et
2181 365 2272 417 lib.
2302 364 2428 418 cod.
2470 368 2553 417 est
2596 360 2845 431 ejusdem
2881 358 2968 415 tit.
3010 367 3064 413 et
3104 357 3202 413 lib.
3236 358 3403 413 Basil.

142 460 307 515 λικῶν
355 477 481 529 κεφ.
528 458 626 512 κδ’.
665 459 814 528 Πλὴν
837 458 960 511 ούδέ
1016 458 1173 512 τοῦτο
1223 455 1585 527 κατεστρώθη
1643 455 1719 517 ὡς

143 553 319 606 ἔκειτο
348 553 404 605 ἐν
440 550 517 621 τῷ
552 550 768 615 πλάτει,
803 548 941 603 ἀλλὰ
985 550 1224 621 παρείθη
1256 549 1316 602 τό
1353 550 1427 620 μὴ
1454 549 1716 620 τιμωρεῖ-

141 644 263 698 σθαι
290 644 416 707 τοὺς
449 643 588 713 πρὸς
622 642 921 714 θεραπείαν
943 640 1050 695 τῶν
1081 642 1373 713 σωμάτων,
1400 640 1432 711 ἢ
1466 640 1602 711 πρὸς
1626 639 1719 692 εύ-

139 736 362 807 ιτηρίαν
385 735 494 789 τῶν
527 735 756 804 καρπῶν
792 733 1084 798 ποιοῦντάς
1113 752 1167 788 τι
1203 733 1460 804 μαγικδν,
1481 734 1574 787 καὶ
1593 732 1720 785 ἐπέ·-

137 845 333 900 χοντας
358 826 576 898 βροχὴν,
609 827 642 898 ἢ
682 826 928 896 χάλαζαν
960 827 1057 881 καὶ
1094 825 1455 897 κατεστρώθη
1484 824 1546 878 τὸ
1589 822 1716 894 κεφ.

136 919 305 974 οὕτω,
356 920 419 972 Ἦ
452 919 595 974 διάτ.
638 920 774 991 φησὶ
807 919 898 972 τὸν
932 920 1430 991 ἐπιτηδευσάμενον
1460 918 1719 988 γοητείαν

135 1014 398 1066 ἕλκουσαν
454 1014 533 1076 εἰς
565 1012 747 1083 ἔρωτα
799 1013 927 1077 τοὺς
977 1012 1263 1084 σώφρονας
1320 1013 1636 1083 λογισμοὺς,
1684 1012 1717 1084 ἢ

136 1105 275 1159 κατὰ
306 1106 583 1176 σωτηρίας
608 1106 914 1178 ἀνθρώπων
951 1106 1417 1178 μηχανησάμενον
1454 1105 1717 1178 δημεύσει

136 1201 224 1253 καὶ
257 1196 445 1269 ἐξορίᾳ
474 1198 862 1269 τιμωρεῖσθαι.
897 1199 987 1268 Μὴ
1019 1199 1264 1269 προσχῆς
1292 1193 1384 1252 οὖν
1411 1200 1523 1260 τοῖς
1556 1198 1614 1250 ἐν
1640 1199 1718 1267 τῷ

134 1291 375 1361 κειμένῳ
401 1292 837 1362 γεγραμμένοις,
861 1291 997 1346 ἀλλὰ
1019 1294 1131 1356 τοῖς
1156 1292 1392 1345 τεθεῖσιν
1419 1292 1477 1345 ἐν
1507 1291 1584 1361 τῷ
1615 1293 1720 1344 Βα-

133 1384 323 1454 σιλικῷ
366 1384 448 1439 ὅτι
480 1385 574 1438 καὶ
607 1384 717 1438 ἀπὸ
746 1384 857 1438 τῶν
891 1385 1093 1455 νόμων,
1135 1390 1229 1440 καὶ
1278 1385 1389 1438 ἀπὸ
1420 1385 1529 1439 τῶν
1563 1385 1719 1449 ἐντὸς

133 1479 402 1547 κειμένων
450 1477 694 1531 κανόνων
752 1475 983 1548 ὥρισται
1048 1478 1408 1550 τιμωρεῖσθαι
1443 1478 1519 1549 μὴ
1556 1478 1719 1549 μόνον

131 1571 253 1632 τοὺς
289 1570 382 1623 διά
438 1588 560 1622 τινα
593 1571 777 1624 αἰτίαν
828 1571 1043 1640 μαγικά
1068 1588 1192 1624 τινα
1241 1570 1554 1636 ποιοῦντας,
1583 1570 1720 1625 ἀλλὰ

141 1665 231 1717 καὶ
261 1664 389 1727 τοὺς
420 1666 908 1735 προσερχομένους
930 1665 1136 1729 αὐτοῖς,
1175 1666 1277 1720 κᾶν
1310 1664 1472 1736 δῆθεν
1506 1664 1717 1733 ἀγαθοῦ

129 1769 267 1816 τινος
305 1754 471 1824 χάριν
498 1753 697 1806 ποιῶσι
745 1753 995 1824 ζήτησιν,
1026 1755 1102 1819 ὼς
1132 1757 1258 1809 ὅταν
1283 1756 1412 1827 περὶ
1458 1756 1719 1828 εὐφορίας

130 1839 356 1910 καρπῶν
428 1840 730 1911 ἐρωτῶσιν.
779 1842 1055 1907 Ὡσαύτως
1106 1844 1202 1897 καὶ
1251 1846 1285 1915 ἡ
1339 1852 1379 1897 ε’
1434 1846 1576 1899 διάτ.
1622 1844 1718 1898 τοῦ

131 1930 292 1983 αὐτοῦ
326 1930 536 2001 βιϐλίου
570 1933 666 1986 καὶ
701 1933 808 1988 τίτ.
839 1934 932 1987 τοῦ
967 1934 1234 2000 ,κώδικος,
1277 1935 1392 1989 ἐστι
1422 1936 1516 1990 τοῦ
1551 1937 1718 1991 αὐτοῦ

129 2022 330 2092 βιϐλίου
360 2027 457 2077 καὶ
502 2025 610 2080 τίτ.
655 2027 764 2080 τῶν
803 2026 1108 2082 Βασιλικῶν
1150 2045 1277 2098 κεφ.
1310 2037 1411 2095 κε’,
1447 2030 1589 2084 οὕτω
1617 2033 1720 2101 φά-

132 2133 294 2171 σκων⁶
320 2118 532 2189 Μηδεὶς
562 2121 825 2189 ἐρωτάτω
844 2120 969 2173 τινὰ
1003 2123 1272 2191 μαντικὴν
1303 2125 1718 2194 ἐπαγγελλόμε-

125 2226 210 2263 νον
232 2225 245 2239 ⁶
273 2210 323 2263 oi
353 2210 413 2264 δὲ
444 2211 702 2265 Χαλδαῖοι
725 2213 821 2266 καλ⁸
850 2216 898 2267 oi
930 2216 1092 2284 μάγοι
1126 2216 1261 2287 μηδὲ
1292 2219 1355 2271 ἐν
1375 2218 1567 2280 αὑταῖς
1599 2220 1719 2282 ταῖς

129 2304 413 2372 μαντείαις
458 2304 688 2368 ἑαυτοὺς
730 2308 1148 2378 παρεχέτωσαν,
1207 2310 1346 2364 ἀλλὰ
1401 2311 1719 2381 κεφαλικῶς

123 2397 187 2467 τῇ
229 2393 320 2449 διὰ
384 2396 611 2467 σιδήρου
646 2398 886 2468 τιμωρίᾳ
932 2397 1371 2454 ὑποκείσθωσαν.

172 2676 423 2747 Ἕτερον
446 2680 1046 2752 σχόλιονΣημείωσαι
1062 2684 1170 2739 ἀπὸ
1192 2685 1299 2737 τῶν
1321 2686 1726 2757 καταστρωθει-

1821 474 1941 528 cap.
1993 458 2085 512 ει.
2130 455 2331 512 Verum
2373 471 2551 524 neque
2604 457 2711 510 hoc
2749 455 3016 511 insertum
3060 462 3165 519 est,
3214 467 3408 523 quem-

1821 551 2116 607 admodum
2176 550 2415 621 positum
2461 548 2639 604 fuerat
2695 548 2763 603 ad
2821 547 3046 618 longum
3080 564 3093 601 :
3126 545 3218 601 sed
3267 560 3409 616 prae-

1820 649 2135 705 termissum
2173 657 2275 713 est,
2313 662 2381 700 ne
2404 646 2755 717 punirentur,
2792 643 2884 713 qui
2921 641 3179 698 medendi
3212 655 3408 709 corpo-

1822 742 1997 806 ribus,
2026 751 2121 795 aut
2138 738 2417 794 fructuum
2438 748 2764 809 proventum
2787 738 3010 791 uberem
3044 732 3410 790 conservandi

1822 852 1987 892 causa
2031 834 2304 905 magicum
2351 832 2630 903 quidpiam
2664 830 2930 892 facerent,
2985 837 3042 884 et
3070 828 3273 883 imbres
3314 838 3413 881 aut

1822 930 2117 1002 grandines
2146 928 2522 998 prohiberent.
2586 925 2767 994 Atque
2825 923 2983 995 [illud
3029 919 3277 993 quidem]
3312 935 3406 975 ca-

1820 1036 1920 1098 put
1968 1024 2113 1077 hunc
2140 1022 2206 1076 ad
2245 1021 2467 1074 modum
2497 1019 2763 1074 insertum
2785 1024 2890 1072 est.
2913 1014 3106 1070 Const.
3136 1014 3233 1076 ait,
3260 1010 3410 1081 quod

1822 1114 1912 1185 qui
1963 1112 2301 1183 magicarum
2339 1109 2540 1163 artium
2593 1107 2855 1162 exercitio
2904 1105 3134 1175 pudicos
3190 1102 3405 1157 animos

1821 1208 1887 1262 ad
1920 1207 2199 1261 libidinem
2228 1202 2480 1265 traxerit,
2514 1207 2608 1255 aut
2631 1207 2823 1255 contra
2860 1198 3092 1253 salutem
3120 1195 3406 1251 hominum

1825 1297 2081 1372 [aliquid]
2140 1298 2365 1351 molitus
2421 1294 2607 1361 fuerit,
2652 1293 3050 1349 conliseatinne
3110 1302 3164 1346 et
3214 1290 3410 1345 exsilio

1822 1393 2101 1463 puniatur.
2133 1388 2211 1444 Ne
2249 1404 2380 1459 ergo
2410 1390 2657 1442 animum
2709 1386 2818 1440 illis
2855 1384 3141 1448 adhibeas,
3173 1397 3296 1452 quae
3355 1382 3411 1434 in

1824 1497 1975 1542 textu
2022 1486 2227 1556 scripta
2269 1494 2418 1548 sunt,
2461 1483 2556 1539 sed
2605 1497 2725 1551 quin
2759 1479 2937 1551 posita
2984 1488 3113 1533 sunt
3148 1478 3202 1530 in
3242 1476 3407 1553 Basil.

1822 1580 2092 1648 Quoniam
2134 1588 2189 1633 et
2243 1593 2273 1632 a
2305 1577 2553 1645 legibus,
2595 1584 2650 1629 et
2706 1574 2774 1628 ab
2822 1572 2931 1626 illis
2979 1586 3104 1641 quae
3164 1569 3217 1623 in
3261 1578 3410 1622 textu

1824 1673 2003 1743 posita
2035 1680 2186 1730 sunt.
2215 1670 2499 1724 definitum
2523 1679 2629 1731 est,
2656 1677 2715 1721 ut
2750 1666 3052 1737 puniantur
3081 1679 3191 1717 non
3223 1664 3403 1719 solum

1823 1766 1914 1835 qui
1970 1771 2189 1834 propter
2227 1763 2463 1830 aliquam
2505 1775 2729 1815 causam
2764 1759 2974 1828 magica
3021 1756 3291 1827 quaepiam
3333 1756 3411 1807 l'a-

1822 1862 1994 1923 ciunt,
2031 1872 2219 1911 verum
2280 1856 2443 1910 etiam
2491 1855 2583 1923 qui
2645 1853 2795 1921 ipsos
2849 1850 3117 1906 accedunt
3149 1867 3162 1902 :
3194 1848 3410 1902 tametsi

1826 1960 2090 2018 tanquam
2129 1947 2255 2001 honi
2290 1946 2598 2014 cujuspiam
2638 1958 2803 1998 causa
2839 1939 3186 2014 [quidquam]
3215 1940 3409 2009 exqui-

1822 2052 1969 2104 rant,
1990 2040 2139 2093 velut
2159 2039 2379 2107 quando
2407 2037 2473 2089 de
2504 2035 2754 2089 ubertate
2782 2032 3061 2087 fructuum
3089 2030 3409 2086 consulunt.

1826 2133 2096 2188 Similiter
2138 2131 2304 2185 etiam
2370 2129 2596 2182 constit.
2657 2125 2691 2181 5
2756 2125 3005 2195 ejusdem
3070 2123 3151 2177 tit.
3201 2135 3256 2175 et
3310 2121 3411 2175 lib.

1822 2227 1947 2282 cod.
1994 2234 2079 2281 est
2132 2224 2379 2293 ejusdem
2430 2222 2526 2274 lib.
2570 2231 2625 2276 et
2666 2220 2750 2274 tit.
2807 2218 2971 2273 Basil.
3016 2232 3138 2286 cap.
3171 2216 3227 2279 5,
3265 2215 3412 2285 quod

1823 2324 1895 2376 ita
1928 2324 2005 2375 ait
2030 2340 2042 2373 :
2066 2317 2237 2372 Nemo
2259 2315 2539 2372 divinandi
2571 2322 2740 2367 artem
2769 2313 3113 2381 proﬁtentem
3141 2308 3414 2364 consulat.

1821 2413 2061 2471 Chaldazi
2092 2421 2145 2467 et
2177 2410 2319 2479 magi
2354 2424 2420 2463 ne
2473 2409 2524 2460 in
2559 2407 2691 2476 ipsis
2720 2405 2938 2473 quidem
2976 2400 3411 2456 divinationibus

1824 2527 1881 2564 se
1904 2504 2319 2582 [consulendos]
2341 2503 2637 2574 praebeant,
2665 2500 2796 2556 etin
2822 2497 3054 2569 capitale
3082 2496 3411 2567 supplicium

1824 2603 1951 2659 ferri
1980 2601 2201 2657 obnoxii
2234 2602 2366 2653 sint.

1898 2692 2061 2749 Aliud
2104 2692 2384 2746 scltolium.
2426 2689 2565 2744 Nota
2615 2689 2779 2745 etiam
2816 2703 2879 2741 ex
2914 2685 3135 2741 insertis
3164 2699 3408 2755 prresen-

127 2771 229 2824 σῶν
243 2771 385 2826 διάτ.
410 2774 469 2827 ἐν
491 2776 556 2845 τῇ
575 2774 843 2847 ἑρμηνείᾳ
861 2775 957 2829 τοῦ
971 2778 1236 2848 παρόντος
1255 2797 1376 2848 κεφ.
1402 2782 1483 2834 ὅτι
1500 2780 1600 2833 κᾶν
1618 2782 1724 2837 ὑπὸ
1827 2789 1898 2844 tis
1925 2787 1997 2842 25
2035 2803 2094 2842 ca

1897 2787 1997 2842 ‘25
2035 2803 2156 2857 cap.
2200 2783 2634 2854 interpretationi
2686 2779 3211 2841 constitutionibus,
3269 2777 3415 2847 quod

125 2863 228 2917 τῶν
246 2864 534 2934 διγέστων,
551 2868 645 2920 καὶ
674 2868 781 2920 ἀπὸ
799 2869 908 2922 τῶν
937 2871 1315 2936 κωδίκωνῗτῶν
1332 2874 1437 2944 πρὸ
1474 2874 1575 2943 τῆς
1598 2876 1725 2928 ἀνα-

1829 2879 2044 2934 tametsi
2080 2894 2143 2931 ex
2178 2877 2288 2946 dig.
2321 2886 2375 2930 et
2402 2876 2524 2929 eod.
2553 2889 2675 2944 quae
2712 2881 2839 2927 ante
2881 2871 3325 2941 repurgatioucm
3360 2868 3415 2921 in

125 2956 880 3031 καθάρσεωςπολιτευομένων
891 2965 957 3034 τῇ
977 2964 1244 3037 κεφαλικῇ
1259 2968 1501 3040 τιμωρίᾳ
1518 2971 1724 3040 περιεί-
1827 2971 2101 3042 republica

1897 2971 2105 3041 publica
2146 2970 2527 3029 obtinuerunt,
2570 2964 2791 3034 capitali
2841 2961 3116 3031 supplicio
3158 2974 3414 3028 compre-

124 3068 244 3120 χετο
268 3052 364 3106 καὶ
386 3053 452 3106 τὸ
498 3054 781 3118 καίεσθαι,
801 3056 895 3108 καὶ
918 3057 1318 3129 ἀποτέμνεσθαι
1338 3061 1430 3114 καὶ
1448 3063 1723 3130 (ρουὶκὲζε-
1750 3065 1793 3124 C
1829 3067 2090 3121 hcuderet

1902 3067 2166 3120 uderetur
2218 3062 2583 3127 concremari,
2640 3060 2934 3126 decollari,
2988 3068 3043 3113 et
3115 3060 3169 3113 in
3234 3058 3417 3112 furcas

124 3141 261 3205 σθαι,
281 3144 422 3198 ἀλλὰ
441 3146 470 3198 ὁ
488 3148 719 3218 ποιήσας
732 3149 827 3221 τὴν
844 3152 1216 3221 ἀνακάθαρσιν
1237 3154 1344 3207 τῶν
1358 3156 1538 3225 νόμων
1559 3157 1724 3210 Βασι-

125 3233 304 3298 λικῶν,
329 3235 431 3289 καὶ
456 3238 783 3309 συνθέμενος
801 3241 870 3294 τὰ
882 3241 1146 3294 Βασιλικὰ
1169 3243 1498 3309 οὑκέδέξατο
1522 3245 1717 3310 ταῦτα,

124 3325 253 3381 ἀλλὰ
289 3330 391 3393 τὰς
448 3331 555 3383 ἀπὸ
579 3330 689 3385 τῶν
739 3332 988 3386 κωδίκων
1019 3334 1293 3399 διατάξεις
1321 3335 1716 3407 καταστρώσας

124 3420 177 3470 ἐν
202 3422 312 3484 τοῖς
348 3420 663 3485 Βασιλικοίς
699 3423 768 3476 τὰ
808 3425 938 3494 τρία
982 3426 1156 3480 ταῦτα
1183 3427 1245 3480 ού
1285 3427 1598 3499 προσέθετο.
1623 3429 1713 3500 Μὴ

124 3510 246 3579 γοῦν
263 3513 603 3584 ἐναντιωθῆς
636 3517 747 3577 τοῖς
776 3517 921 3587 ἐντῷ
941 3519 1021 3573 να¹
1040 3520 1147 3572 τίτ.
1168 3519 1262 3572 τοῦ
1287 3518 1327 3585 ξ’
1355 3519 1561 3589 βιϐλίου
1595 3539 1681 3575 κει
1698 3554 1712 3563 -

127 3602 303 3673 μένοις
333 3606 552 3675 νόμοις,
577 3607 847 3676 διγέστοις
877 3610 1020 3677 οὖσι,
1043 3613 1137 3665 καὶ
1166 3613 1384 3682 λέγουσι
1406 3616 1714 3688 κεφαλικὴν

126 3696 259 3754 εἶναι
298 3702 599 3773 τιμωρίαν,
634 3705 729 3758 καὶ
756 3705 819 3758 τὺ
866 3706 1121 3761 καίεσθαι
1163 3726 1337 3776 τινας,
1375 3711 1716 3782 ἀποστέμνε-

129 3791 269 3859 σθαι,
318 3798 415 3849 καὶ
443 3796 857 3865 φουλκίζεσθαι.
890 3800 953 3852 Ei
983 3801 1093 3871 γὰρ
1128 3803 1187 3854 αἱ
1208 3801 1489 3868 διατάξεις
1522 3807 1577 3859 αἱ
1618 3823 1716 3875 μευ

128 3886 518 3956 ταγενέστεραι
542 3890 600 3942 αἱ
625 3889 799 3944 ταῦτα
831 3890 1200 3963 διοριζόμεναι
1239 3895 1341 3949 οὐκ
1389 3897 1711 3968 ἐδέχθησαν,

127 3977 301 4048 πολλῷ
339 3978 507 4033 πλέον
538 3981 609 4035 τὰ
651 3982 895 4051 δίγεστα.
950 3985 1197 4057 Πρόσεχε
1247 3987 1340 4041 οὖν
1398 3992 1512 4053 τοῖς
1544 3991 1601 4043 ἐν
1633 3992 1712 4062 τῷ

126 4069 199 4122 λθ¹
216 4089 341 4142 κεφ.
359 4075 838 4147 κατεστρωμένοις
859 4078 1045 4149 νόμοις
1071 4083 1552 4152 μεταγενεστέροις
1567 4080 1706 4151 οὖσι,

126 4164 216 4219 καὶ
245 4166 321 4237 μὴ
342 4169 458 4231 τοῖς
475 4166 741 4237 διγέστοις
758 4168 835 4235 ὡς
864 4171 1241 4245 παλαιοτέροις
1270 4174 1365 4228 καὶ
1390 4175 1707 4246 σχολάσασι.

191 4350 435 4423 Ἕτερον
450 4354 729 4422 σκόλιον.
746 4353 1059 4427 Σημείωσαι
1076 4357 1171 4410 καὶ
1198 4357 1305 4411 ἀπὸ
1320 4357 1415 4411 τοῦ
1442 4359 1719 4429 παρόντος

1829 3156 2091 3229 suspendi
2128 3175 2140 3211 :
2171 3171 2278 3210 non
2326 3166 2507 3209 tamen
2541 3155 2839 3223 imperator
2869 3152 2961 3222 qui
2998 3153 3179 3223 legum
3220 3168 3416 3222 repur-

1827 3248 2103 3318 gationem
2137 3244 2288 3309 fecit,
2331 3252 2385 3298 et
2408 3244 2640 3298 Basilica
2683 3244 3018 3311 composuit,
3048 3243 3139 3297 illa
3179 3243 3409 3312 recepit.

1824 3350 1880 3395 et
1916 3337 2411 3394 constitutionibus
2460 3352 2524 3390 ex
2573 3337 2697 3391 cod.
2736 3336 2982 3391 basilicis
3030 3336 3252 3390 insertis
3302 3338 3417 3389 haec

1826 3431 1929 3488 tria
1967 3446 2071 3484 non
2120 3428 2392 3498 apposuit.
2445 3426 2523 3482 Ne
2564 3427 2729 3498 igitur
2775 3428 3088 3483 adverseris
3122 3427 3315 3497 positis
3360 3426 3414 3479 in

1824 3526 1909 3580 tit.
1966 3525 1989 3578 1
2039 3524 2133 3578 lib.
2167 3540 2255 3586 ωε,
2293 3522 2524 3591 legibus,
2559 3537 2683 3591 quae
2723 3520 2932 3591 digesta
2959 3521 3105 3586 {sunt
3133 3538 3145 3575 :
3173 3530 3228 3574 et
3266 3522 3419 3589 capi-

1824 3620 1933 3675 tale
1977 3616 2305 3688 supplicium
2358 3630 2482 3671 esse
2519 3614 2886 3679 concremari,
2923 3613 3211 3677 decollari,
3261 3622 3316 3667 et
3362 3613 3412 3665 in

1821 3711 2007 3767 furcas
2034 3708 2318 3779 suspendi,
2353 3708 2566 3762 dicunt.
2601 3707 2660 3761 Si
2688 3707 2833 3761 enim
2860 3723 2980 3777 (ιυιιι
3012 3707 3128 3761 haec
3165 3713 3417 3760 statuunt

1826 3802 2275 3866 constitutiones,
2309 3814 2436 3855 cum
2477 3797 2817 3853 recentiores
2862 3786 2995 3861 sint,
3031 3812 3139 3851 non
3185 3804 3417 3864 recepta:

1827 3904 1958 3950 sunt
1990 3911 2004 3949 :
2039 3893 2214 3947 multo
2239 3888 2533 3963 [profecto]
2577 3891 2760 3946 mintts
2792 3888 2946 3961 [sunt
2975 3886 3220 3960 recepta]
3269 3888 3418 3957 dige-

1824 3996 1934 4044 sta.
1991 3984 2221 4054 Applica
2277 3984 2443 4054 igitur
2490 3983 2733 4037 animum
2767 3998 2886 4051 cap.
2912 3982 2981 4035 '58
3033 3980 3256 4035 insertis
3292 3979 3419 4048 legi-

1822 4078 1945 4143 bus,
1980 4086 2038 4132 ut
2070 4075 2457 4146 quaejuniores
2485 4075 2596 4130 sint
2621 4092 2634 4128 :
2664 4089 2771 4129 non
2803 4082 2986 4127 autem
3010 4072 3259 4142 digestis,
3293 4087 3416 4141 quae

1820 4170 2123 4227 vetustiora
2178 4178 2341 4237 sunt,
2397 4183 2501 4225 nec
2552 4168 2719 4224 ullam
2788 4166 3023 4236 amplius
3077 4148 3416 4221 functionem

1822 4262 2048 4317 habent.

1896 4353 2060 4408 Aliud
2088 4350 2367 4408 scholium.
2410 4349 2549 4406 Nota
2586 4350 2715 4404 item
2782 4364 2848 4403 ex
2890 4346 3146 4418 praesenti
3191 4346 3262 4402 25
3295 4360 3419 4415 cap.

128 4448 202 4494 κε’
230 4460 355 4513 κεφ.
382 4445 468 4498 ὅτι
498 4444 690 4517 ὥσπερ
745 4446 806 4499 τὸ
842 4447 1095 4501 καίεσθαί
1119 4464 1272 4512 τινας
1295 4448 1396 4502 οὐκ
1431 4450 1652 4516 ἐδέξατο
1682 4452 1709 4503 ὁ
1741 4445 1799 4504 Β
1819 4446 1963 4516 quod
2016 4460 2101 4515 qui

1898 4446 1963 4500 od
2016 4443 2487 4515 quemadmodum
2534 4450 2595 4497 ut
2633 4441 2804 4511 aliqui
2849 4452 3294 4503 concrementur,
3353 4439 3421 4494 ab

130 4533 372 4604 βασιλεὺς
396 4536 583 4602 καθὼς
603 4538 831 4609 εἴπομεν
856 4540 937 4603 είς
958 4539 1055 4611 τὴν
1069 4539 1162 4593 τοῦ
1184 4542 1452 4612 παρόντος
1479 4560 1606 4612 κεφ.
1630 4546 1715 4614 ἐρ-

131 4628 374 4697 μηνείαν,
394 4629 568 4694 οὕτως
589 4631 709 4685 οὐδὲ
725 4631 785 4685 τὸ
800 4632 1201 4704 ἀποτέμνεσθαι
1223 4636 1256 4704 ἦ
1277 4651 1359 4688 τοι
1381 4636 1719 4705 ἀποκεφαλί-

128 4716 311 4778 ζεσθαι
345 4720 475 4782 τοὺς
498 4720 797 4787 Χαλδαίους
837 4723 1086 4789 καὶτοὺς
1119 4726 1346 4793 μάγους,
1372 4728 1492 4780 ἀντὶ
1522 4726 1713 4780 τούτου

126 4809 209 4864 διὰ
236 4813 459 4884 σιδήρου
488 4816 726 4887 τιμωρία
765 4818 999 4890 ἐτράπη.
1039 4818 1246 4882 ’Δπλῶς
1262 4818 1355 4874 οὖν
1392 4820 1714 4890 συναγαγὼν

128 4902 220 4954 καὶ
243 4904 351 4959 ἀπὸ
379 4906 557 4961 ἄλλων
582 4906 813 4973 πολλῶν,
834 4910 893 4962 ού
918 4912 1016 4981 μὲν
1042 4910 1097 4963 δὲ
1129 4910 1224 4965 καὶ
1264 4913 1372 4967 ἀπὸ
1402 4913 1606 4967 τούτων
1640 4915 1713 4985 μὴ

128 4988 264 5049 εἶναι
276 4998 549 5068 τιμωρίαν
569 4999 872 5070 κεφαλικὴν
886 5000 977 5054 τὸν
998 5002 1467 5075 ἀπυκεφαλισμὸν,
1487 5007 1544 5058 τὸ
1561 5008 1712 5059 καίε-

132 5085 269 5152 σθαι,
312 5089 373 5143 τδ
402 5090 809 5160 φουλκίζεσθαι,
832 5111 893 5148 το
915 5094 1331 5161 λιθοδολείσθαι,
1350 5098 1411 5149 τὸ
1438 5099 1517 5161 είς
1554 5098 1715 5168 βαθὺν

133 5179 431 5251 ῥίπτεσθαι,
458 5184 597 5238 ἀλλὰ
624 5186 1072 5259 ἀπ’άνθρώπινον
1101 5188 1346 5253 θάνατον,
1366 5191 1634 5261 τιμωρίαν
1659 5192 1715 5245 δέ

132 5274 433 5347 κεφαλικὴν
461 5273 601 5332 εἶναι
626 5279 719 5333 τὸν
739 5280 1119 5352 περιορισμὸν,
1151 5282 1249 5352 τὴν
1276 5282 1573 5352 τύφλωσιν,
1615 5284 1716 5349 τὴν

132 5363 370 5437 ἐκτομὴν
399 5368 498 5438 τῆς
525 5369 731 5441 χειρὸς,
760 5372 855 5423 καὶ
881 5372 949 5425 τὰ
978 5372 1143 5425 λοιπὰ
1166 5372 1267 5424 ὅσα
1301 5375 1395 5425 καὶ
1426 5375 1485 5439 ἐς
1510 5376 1719 5445 τροφῆς

134 5454 321 5525 καιρὸν
350 5455 554 5513 διδόασι
585 5458 663 5530 τῷ
693 5461 1113 5533 τιμωρουμένῳ,
1148 5463 1240 5515 καὶ
1274 5461 1370 5514 τοῦ
1410 5465 1718 5535 ἐπταισμέ-

135 5560 225 5599 νου
252 5545 575 5615 ἀπόστασιν,
598 5550 687 5605 διὰ
737 5552 798 5605 τὸ
824 5552 1053 5606 ἐπίπολυ
1079 5553 1462 5623 τιμωρεῖσθαι,
1484 5555 1604 5609 είπέ
1636 5557 1719 5610 ὄτι

138 5639 232 5693 ὅσα
261 5642 470 5714 νόμιμα
495 5645 840 5717 εὑρίσκονται
874 5649 932 5699 ἐν
960 5649 1071 5710 τοῖς
1093 5646 1400 5710 Βασιλικοῖς
1425 5648 1721 5704 ὑπεναντία

146 5734 211 5802 τῇ
233 5734 482 5810 παρούσῃ
516 5737 841 5809 διδασκαλίᾳ
873 5738 1101 5809 δίγεστά
1150 5740 1278 5807 εἰσι,
1319 5739 1411 5793 καὶ
1437 5740 1537 5793 οὐκ
1561 5741 1712 5811 ὀφεί-

1819 4538 2151 4609 imperatore
2184 4537 2487 4608 (quomodo
2532 4537 2585 4590 in
2637 4535 2927 4607 praesentis
2975 4551 3098 4605 cap.
3147 4536 3419 4604 interpre-

1818 4636 2025 4690 tatione
2066 4633 2329 4702 diximus)
2366 4648 2473 4687 non
2519 4638 2805 4701 receptum
2857 4640 2941 4685 est
2976 4647 2989 4684 ;
3029 4630 3103 4685 ita
3158 4644 3330 4699 neque
3364 4642 3396 4680 u

1816 4727 2057 4782 Chaldtei
2103 4735 2159 4781 et
2206 4726 2350 4796 magi
2405 4725 2773 4786 decollentur,
2829 4725 2940 4779 sed‘
2972 4738 3072 4794 pro
3115 4723 3221 4777 hoc
3273 4720 3385 4775 ferr

1816 4837 1976 4891 paena
2009 4820 2256 4891 iujttncta
2289 4828 2393 4875 est.
2426 4819 2673 4875 Breviter
2725 4818 2914 4889 igitur,
2961 4816 3245 4877 decollari,
3277 4830 3408 4869 cou-

1817 4913 2071 4977 cremari,
2102 4913 2159 4966 in
2190 4912 2403 4967 furcam
2453 4910 2742 4982 suspendi,
2785 4908 3039 4979 lapidari,
3083 4907 3137 4961 in
3173 4904 3407 4975 profun-

1817 5004 1949 5059 dum
2000 5003 2216 5074 projici,
2273 5018 2381 5057 non
2441 5003 2731 5072 capitalem
2787 5015 3034 5073 poenam,
3079 4999 3173 5053 sed
3228 4997 3404 5051 diram

1818 5104 2055 5152 mortem
2083 5112 2205 5151 esse
2234 5114 2247 5150 :
2281 5096 2569 5166 capitalem
2593 5103 2773 5150 autem
2804 5106 3021 5163 poenam
3049 5105 3171 5145 esse
3192 5089 3405 5158 depor—

1820 5192 2108 5257 tationem,
2160 5192 2609 5256 excmcationem,
2658 5203 2857 5243 manus
2906 5184 3301 5251 exsectionem,
3356 5191 3411 5237 et

1821 5284 2033 5353 reliqua
2070 5298 2193 5353 qua:
2233 5283 2446 5338 reditus
2484 5291 2701 5351 tempus
2734 5279 2927 5350 punito
2959 5278 3111 5343 dant,
3145 5286 3201 5332 et
3229 5287 3285 5331 ttt
3319 5275 3414 5330 diu

1821 5375 1915 5445 qui
1934 5374 2185 5445 deliquit,
2212 5375 2498 5445 puniatur,
2528 5372 2706 5445 [illum
2734 5369 2984 5442 omnino]
3003 5370 3367 5425 exterminant
3394 5386 3408 5422 :

1825 5484 1949 5524 cum
1980 5483 2049 5523 ex
2094 5468 2215 5523 aliis
2261 5468 2472 5531 multis,
2518 5478 2632 5520 tum
2664 5480 2794 5519 veto
2822 5464 2988 5518 etiam
3024 5478 3090 5515 ex
3136 5462 3221 5516 his
3264 5461 3415 5515 colli-

1827 5577 1981 5631 gens,
2016 5560 2124 5625 die,
2166 5560 2310 5629 quod
2340 5557 2828 5629 quzrcuuquejura
2862 5556 3118 5626 przrsenti
3148 5554 3416 5609 doctrina;

1827 5653 2105 5710 contraria
2150 5654 2207 5708 in
2242 5651 2413 5707 Basil.
2457 5650 2834 5716 inveniuntur,
2880 5648 3093 5719 digesta
3141 5648 3270 5711 sint,
3317 5662 3418 5702 nec

1833 5745 2134 5816 (quiajure
2165 5753 2444 5815 receptum
2486 5743 2579 5809 sit,
2626 5752 2706 5808 ut,
2741 5742 2962 5813 quando
2993 5739 3417 5797 constitutiones
