3916 6244
347 244 480 313 1111

1522 247 1789 310 ΡΗΟΤΙΙ
1823 243 2332 308 ΡΑΤΒΙΑΒΟΙΙᾸΞ
2369 249 2482 310 CP.

3487 248 3607 317 1112

343 380 399 426 et
426 371 640 440 digesta
670 369 739 427 de
785 384 895 427 una
923 368 1229 440 eademque
1260 366 1344 441 [re
1381 367 1621 439 diversa]
1662 371 1936 448 statuunt,

2056 363 2201 416 λουσι
2246 367 2468 435 κρατεῖν
2498 383 2509 396 ·
2542 364 2853 435 νενόμισται
2896 365 3008 436 γὰρ
3040 366 3435 437 προτιμοτέρας
3482 366 3612 424 εἶναι

344 464 452 519 illae
492 464 727 535 digestis
770 462 1158 534 praeferantur)
1199 460 1584 516 auctoritatem
1617 461 1760 530 juris
1796 457 1937 514 obti-

342 572 477 613 nere
501 556 737 612 debeant
768 574 782 610 :
812 563 887 621 et,
918 555 1068 625 quod
1110 552 1319 624 legibus
1344 552 1715 620 omnibusque
1741 548 1937 604 Novel-

2040 457 2141 519 τὰς
2172 454 2445 521 διατάξεις
2473 458 2583 511 τῶν
2611 458 2877 526 διγέστων
2905 458 3034 511 ἔνθα
3065 458 3309 529 περὶτοῦ
3336 460 3498 513 αὑτοῦ
3520 463 3615 516 xui.

2045 551 2165 614 ἐνὸς
2199 550 2556 621 νομοθετοῦσι
2603 568 2671 603 τι.
2709 551 2820 603 Καὶ
2846 552 2929 604 ὅτι
2973 553 3086 615 τοῖς
3124 550 3311 621 νόμοις
3351 550 3613 606 δοκεῖκαὶ

343 649 435 714 lis,
485 656 546 704 ut
605 646 900 717 benignius
947 646 1096 715 leges
1146 646 1596 715 interpretemur,
1642 652 1807 712 atque
1859 640 1937 697 ita

2056 646 2242 707 πάσαις
2280 646 2400 706 ταῖς
2431 644 2671 713 Νεαραῖς
2703 644 2795 696 ἐπὶ
2838 644 2903 696 τὸ
2950 642 3459 715 φιλανθρωπότερον
3500 648 3617 710 τοὺς

342 740 650 797 sententias
706 739 981 802 feramus,
1042 736 1275 807 placeat.
1325 735 1404 791 Ne
1447 737 1633 805 itaque
1684 733 1937 800 mireris,

345 829 645 888 concilium
690 828 1364 898 Constantinopolitanum
1416 824 1758 896 temporibus
1804 838 1939 879 san-

344 925 577 980 ctissimi
628 924 777 979 illius
812 924 1140 995 patriarchae
1191 922 1380 977 domni
1418 918 1703 976 Michaelis
1737 917 1935 983 Oxitae,

343 1025 407 1072 ut
444 1015 711 1087 Bogomili
752 1022 1273 1079 concremarentur,
1306 1023 1359 1069 et
1391 1014 1653 1070 statuisse
1688 1020 1745 1065 et
1778 1026 1939 1065 man-

342 1109 524 1164 dasse.
567 1108 687 1164 Veri
722 1107 870 1162 enim
919 1108 1100 1163 simile
1146 1115 1254 1173 est,
1299 1105 1368 1161 de
1400 1105 1614 1176 legibus
1656 1113 1787 1158 tunc
1828 1111 1945 1157 tra-

344 1208 551 1255 ctatum
606 1215 716 1255 non
767 1198 960 1256 fuisse.
1019 1198 1163 1265 Quin
1211 1199 1432 1268 potius,
1482 1195 1629 1266 quod
1666 1192 1940 1265 Bogomili

342 1288 631 1343 mordicus
670 1299 725 1344 et
750 1288 1028 1344 obstinate
1059 1304 1173 1344 sua:
1203 1286 1399 1343 haeresi
1426 1285 1783 1349 inhaerentes,
1822 1297 1946 1338 tan-

341 1396 511 1452 quam
542 1380 900 1455 [constantiae
931 1379 1067 1453 suae]
1102 1381 1505 1442 testimonium,
1535 1377 1942 1435 concrematio—

343 1490 471 1529 nem
513 1474 925 1545 prmcipuerint.
968 1475 1085 1545 Ego
1123 1482 1307 1530 autem
1355 1474 1542 1530 sciens
1584 1472 1800 1528 nullum
1838 1485 1945 1525 un-

344 1582 513 1638 quam
548 1581 817 1623 canonem
872 1566 1206 1639 supplicium
1242 1567 1565 1638 permisisse
1618 1566 1749 1638 (non
1788 1563 1936 1619 enim

341 1658 723 1715 ecclesiastica
782 1659 910 1725 lex,
961 1658 1060 1715 sed
1112 1658 1318 1722 civilis,
1373 1657 1693 1729 corporales
1750 1670 1943 1727 pmnas

344 1749 540 1819 novit),
574 1749 877 1805 etiamnum
910 1753 1098 1815 miror,
1127 1751 1406 1820 quomodo
1423 1751 1721 1806 concilium
1743 1752 1935 1807 istius-

344 1842 492 1895 modi
528 1850 643 1895 tum
677 1840 863 1895 tulerit
902 1842 1259 1897 sententiam.
1300 1841 1587 1912 Siquidem
1622 1842 1879 1899 excidere
1908 1858 1940 1901 θ

344 1933 786 1989 Christianorum
845 1948 1083 2003 corpore
1140 1935 1431 1991 haereticos
1490 1934 1639 1991 docti
1698 1950 1937 1993 sumus:

346 2025 624 2096 supplicio
670 2033 853 2081 autem
885 2026 1033 2097 ipsos
1080 2024 1299 2081 allicere
1342 2040 1450 2080 non
1482 2026 1801 2085 didicimus.
1833 2025 1940 2084 Ve-

347 2134 475 2174 rum
509 2135 634 2175 cum
678 2118 943 2175 obstinati
995 2128 1145 2183 sunt,
1185 2118 1336 2176 civili
1379 2119 1485 2191 legi
1528 2119 1829 2184 tradimus,
1858 2128 1943 2176 at-

351 2225 462 2280 que
492 2225 521 2263 a
550 2209 965 2279 magistratibus
994 2209 1047 2264 in
1076 2210 1201 2267 illos
1228 2211 1515 2271 sententiae
1550 2209 1831 2275 feruntur.

420 2300 638 2356 Texlus.
666 2300 856 2357 Const.
878 2301 932 2356 6.
958 2300 1061 2368 Qui
1080 2303 1349 2359 elementa
1367 2305 1610 2369 turbant,
1624 2312 1761 2371 etc.,
1778 2320 1942 2377 usque

332 2390 413 2447 "ad
446 2395 827 2465 deportentur,
860 2403 918 2447 ut
944 2410 1068 2466 pag.
1092 2395 1221 2451 289.

421 2659 716 2716 Scholium.
772 2660 914 2719 Nota
966 2661 1134 2719 etiam
1192 2677 1259 2719 ex
1295 2661 1563 2733 ’praesenti
1612 2676 1733 2731 cap.
1792 2663 1941 2733 quod

353 2768 533 2824 neque
581 2764 641 2809 ut
682 2770 714 2810 a
763 2754 952 2810 bestiis
1004 2753 1416 2820 interimantur,
1463 2754 1559 2824 qui
1601 2768 1698 2823 per
1748 2770 1943 2812 manes

356 2847 613 2904 inimicos
646 2863 779 2903 suos
826 2848 1109 2914 occidunt,
1160 2848 1431 2919 receperit
1464 2855 1644 2903 const.
1685 2846 1738 2903 6.
1772 2847 1941 2903 Basil.

356 2942 563 2997 inserta
594 2959 609 2997 :
640 2940 736 2996 sed
774 2941 939 2996 etiam
975 2942 1077 2996 hos
1121 2940 1302 3011 gladio
1338 2940 1521 3011 puniri
1571 2940 1941 2997 constituerit.

2038 738 2239 807 νόμους
2263 734 2692 807 ἑρμηνεύεσθαι,
2726 737 2821 790 καὶ
2865 735 3013 789 οὕτω
3037 736 3140 799 τὰς
3164 737 3465 812 άποφάσεις
3485 736 3622 805 γίνεο

2043 816 2195 886 σθαι.
2219 831 2311 901 Μὴ
2333 830 2465 899 γοῦν
2490 830 2783 902 θαυμάσῃς
2811 831 2895 882 ὃτι
2923 831 2955 899 ἡ
2978 830 3035 881 ἐν
3060 828 3620 883 Κωνσταντινουπόλει

2042 923 2261 988 σύνοδος
2296 925 2391 976 ἐπὶ
2426 923 2536 976 τῶν
2563 920 2784 993 ἡμερῶν
2809 919 2906 973 τοῦ
2942 920 3253 988 ἁγιωτάτου
3286 918 3619 989 πατριάρχου

2041 1015 2236 1085 κυρίου
2285 1015 2506 1086 Μιχαὴλ
2558 1014 2655 1069 τοῦ
2707 1012 2905 1078 Ὀξειτ.
2950 1011 3169 1080 διέγνω,
3223 1010 3317 1063 καὶ
3360 1009 3619 1080 ἐπέτρεψε

2042 1107 2318 1178 καυθῆναι
2362 1106 2736 1177 Βωγομίλους.
2764 1106 2929 1168 Εἰκὸς
2959 1104 3068 1173 γάρ
3102 1102 3226 1157 ἐστι
3257 1101 3333 1173 μὴ
3374 1118 3626 1173 τρακται-

2048 1199 2245 1270 σθῆναι
2271 1199 2396 1253 τότε
2426 1200 2552 1262 τοὺς
2578 1198 2799 1269 νόμους,
2832 1197 2926 1250 καὶ
2953 1195 3160 1266 μᾶλλον
3207 1195 3291 1249 δτι
3342 1193 3463 1247 τότε
3492 1195 3625 1263 άμε-

2047 1292 2295 1355 ταθέτως
2320 1291 2540 1362 ἔχοντες
2571 1291 2670 1360 τῆς
2712 1289 2924 1352 οἰκείας
2951 1288 3221 1359 αίρέσεως
3247 1287 3300 1341 οί
3330 1287 3627 1357 Βωγόμιλοι

2044 1384 2122 1448 ὡς
2190 1383 2493 1455 μαρτύριον
2545 1382 2906 1455 προήρπαζον
2950 1379 3052 1451 τὴν
3103 1378 3326 1434 καῦσιν.
3393 1379 3532 1448 Ἐγὼ
3577 1379 3630 1433 δὲ

2044 1476 2204 1540 εἰδὼς
2240 1477 2448 1548 μηδένα
2477 1477 2681 1530 κανόνα
2721 1473 3018 1546 ἐπιτρέψαι
3064 1473 3197 1527 ποτὲ
3228 1470 3522 1543 τιμωρίαν,
3556 1472 3632 1524 ὅτι

2055 1568 2192 1641 μηδὲ
2224 1566 2366 1623 οἶδεν
2409 1569 2438 1621 ὁ
2469 1566 2935 1639 ἐκκλησιαστικδς
2970 1566 3134 1637 νόμος
3170 1566 3493 1637 σωματικὰς
3521 1583 3633 1619 ποιο

2054 1661 2175 1725 νὰς,
2193 1662 2312 1715 ἀλλ’
2331 1665 2359 1716 ό
2381 1661 2683 1723 πολιτικός.
2711 1660 2824 1713 Καὶ
2852 1658 2933 1711 ἔτι
2955 1657 3057 1712 θαυ
3067 1655 3226 1730 μάξω
3252 1658 3370 1722 πῶς
3388 1656 3635 1726 τοιαύτην

1976 1728 2022 1785 Β
2052 1749 2347 1819 διάγνωσιν
2368 1750 2489 1803 τότε
2518 1751 2552 1821 ἡ
2584 1748 2804 1812 συνόδος
2835 1728 3078 1813 ἐξέθετο,
3106 1750 3403 1803 ἐκκόπτειν
3438 1747 3545 1817 γὰρ
3574 1750 3635 1800 ἐκ

2051 1842 2147 1897 τοῦ
2184 1841 2437 1911 σώματος
2465 1840 2576 1896 τῶν
2606 1841 2953 1912 Χριστιανῶν
2984 1842 3115 1905 τοὺς
3158 1839 3475 1910 αίρετικοὺς
3511 1838 3635 1891 δεδι-

2052 1935 2328 2005 δάγμεθα,
2375 1938 2645 2007 τιμωρεῖν
2676 1935 2734 1989 δὲ
2784 1936 2984 1999 αὐτοὺς
3019 1936 3121 1989 οὐκ
3168 1932 3475 2004 ἐμάθομεν,
3512 1930 3639 1985 ἀλλὰ

2050 2026 2428 2097 ἀμεταθέτους
2462 2025 2623 2089 δντας
2658 2026 3016 2098 παραδιδόναι
3067 2024 3150 2094 τῷ
3179 2024 3450 2094 πολιτικῷ
3477 2024 3638 2094 νόμῳ,

2056 2119 2154 2173 καὶ
2182 2118 2337 2189 παρὰ
2374 2118 2483 2172 τῶν
2510 2119 2791 2190 ἀρχόντων
2819 2118 2921 2183 τὰς
2950 2117 3097 2172 κατὰ
3116 2117 3327 2172 τούτων
3346 2117 3639 2187 ἀποφάσεις

2058 2209 2415 2279 ἐκφέρεσθαι.

2126 2302 2433 2371 Ife/perora
2476 2302 2630 2357 Διάτ.
2664 2300 2717 2369 ς’
2755 2303 2820 2357 Ol
2855 2303 2925 2355 τὰ
2977 2301 3219 2371 στοιχεῖα
3254 2300 3640 2372 ταράσσοντες,

2057 2394 2242 2466 ἥτοξις
2286 2395 2539 2468 ἐχθροὺς,
2588 2413 2644 2449 κ.
2693 2413 2744 2449 τ.
2797 2395 2876 2459 λ..
2900 2408 3078 2464 usque
3120 2392 3186 2448 ad
3217 2393 3251 2465 ἢ
3278 2393 3351 2446 τὰ
3383 2391 3484 2461 τῆς
3512 2392 3640 2455 ίδίας

2056 2488 2358 2560 θρησκείας
2407 2488 2848 2560 δημοσιεύοντες,
2895 2484 3415 2557 δεπορτατεύονται.
3470 2483 3637 2555 Supra

2058 2596 2182 2652 pag.
2211 2581 2339 2637 289.

2126 2677 2405 2743 Σχόλιον,
2422 2674 2736 2746 Σημείωσαι
2758 2674 2855 2729 καὶ
2876 2674 2984 2728 άπὸ
3007 2674 3103 2728 τοῦ
3130 2673 3400 2744 παρόντος
3421 2689 3543 2742 κεφ.
3567 2672 3643 2726 ὅτι

2054 2766 2178 2820 οὐδὲ
2218 2767 2280 2820 τὸ
2315 2767 2527 2839 θηρίοις
2569 2767 2913 2838 ἀναιρεῖσθαι
2941 2767 3070 2831 τοὺς
3116 2767 3207 2821 διὰ
3246 2765 3523 2836 δαιμόνων
3562 2780 3643 2833 φο-

2056 2856 2312 2922 νεύοντας
2330 2857 2455 2920 τοὺς
2477 2856 2709 2929 ἐχθροὺς
2733 2856 2934 2923 αὐτῶν,
2961 2856 3178 2921 ἐδέξατο
3195 2857 3229 2927 η
3253 2856 3400 2911 διάτ.
3425 2857 3457 2926 ή
3488 2871 3645 2909 κατα-

2060 2948 2366 3017 στρωθεῖσα
2394 2950 2454 3002 ἐν
2477 2951 2590 3012 τοῖς
2620 2948 2949 3012 Βασιλικοῖς,
2974 2947 3112 3003 ἀλλὰ
3138 2948 3232 3002 καὶ
3255 2947 3481 3010 τούτους
3511 2945 3645 3014 ξίφει

355 3034 625 3090 Attendas
672 3034 839 3105 igitur
882 3032 1047 3104 paulo
1092 3042 1219 3089 ante
1266 3034 1485 3104 scripta:
1529 3041 1733 3089 nostrae
1768 3033 1942 3088 inter-

2057 3041 2420 3113 τιμωρεῖσθαι
2454 3041 2770 3114 διωρίσατο,
2809 3043 3050 3115 πρόσχες
3090 3040 3186 3096 οὖν
3213 3042 3284 3112 τῇ
3314 3039 3539 3094 δπισθεν
3562 3054 3647 3106 γε·

355 3129 676 3201 prctationi.
720 3127 911 3184 Const.
949 3128 1003 3195 6,
1047 3129 1297 3199 ejusdem
1346 3128 1435 3183 tit.
1479 3138 1535 3182 et
1572 3128 1671 3183 lib.
1703 3127 1827 3184 cod.
1859 3136 1946 3183 est

356 3223 442 3277 tit.
478 3221 567 3289 39,
605 3222 697 3277 lib.
729 3238 796 3277 ις
832 3220 1002 3277 Basil.
1046 3220 1139 3287 29,
1192 3220 1341 3292 quod
1390 3221 1471 3277 sic
1501 3221 1709 3277 habet:
1743 3221 1834 3288 qui
1876 3220 1943 3276 ad

357 3314 671 3368 nocendum
717 3312 1042 3369 hominibus
1082 3327 1275 3368 manes
1321 3323 1576 3380 evocant,
1621 3312 1805 3384 gladio
1842 3328 1946 3383 pu-

358 3406 608 3461 niuntor.
668 3402 1002 3462 Constitutio
1054 3404 1105 3471 7,
1139 3414 1224 3461 est
1279 3418 1402 3474 cap.
1443 3404 1691 3474 ejusdem
1739 3406 1822 3461 tit.
1890 3413 1945 3462 et

357 3498 454 3552 lib.
506 3514 698 3564 xxvn,
763 3498 908 3567 quod
974 3497 1049 3554 ita
1088 3499 1165 3553 ait
1229 3516 1243 3553 :
1297 3498 1668 3570 Dignitatihus
1731 3498 1946 3570 praediti

358 3591 645 3646 tormentis
686 3606 796 3646 non
829 3597 960 3646 sunt
987 3590 1235 3657 obnoxii,
1268 3589 1377 3647 nisi
1423 3591 1481 3646 in
1529 3591 1761 3646 crimine
1801 3590 1947 3647 laesa:

358 3683 684 3752 maiestatis.
721 3682 827 3740 Sed
869 3692 923 3738 et
952 3683 997 3737 si
1026 3683 1121 3753 qui
1171 3682 1339 3755 magi,
1372 3695 1467 3739 aut
1505 3684 1949 3754 qualemcunque

359 3773 642 3829 divinandi
685 3782 858 3833 artem
909 3773 1126 3829 modice
1170 3774 1414 3844 proﬁteri
1464 3775 1791 3845 deprehensi
1828 3775 1948 3830 fue-

360 3867 493 3930 rint,
534 3867 687 3923 nullo
723 3868 1007 3939 dignitatis
1042 3868 1328 3939 privilegio
1378 3877 1626 3924 utuntor.
1677 3868 1949 3926 Convenit

357 3956 504 4010 cnim
556 3957 804 4026 ipsorum
839 3958 1091 4024 facinori,
1125 3967 1186 4013 ut
1216 3973 1409 4030 pcenas
1436 3958 1609 4025 luant,
1654 3962 1700 4015 si
1746 3960 1800 4016 in
1851 3975 1948 4016 co-

358 4049 554 4104 mitatu
589 4049 902 4123 [principis]
937 4050 989 4107 id
1023 4052 1389 4111 committant.
1421 4050 1554 4107 Vide
1584 4051 1771 4124 igitur,
1801 4067 1945 4123 quo-

358 4142 522 4197 modo
554 4143 642 4196 hic
672 4158 897 4213 quoque
920 4144 1207 4215 aruSpices
1260 4145 1467 4219 quique
1496 4160 1563 4200 ex
1602 4146 1831 4201 somniis
1862 4146 1947 4201 di-

358 4234 567 4300 vinant,
592 4235 783 4290 omissi
809 4235 938 4299 sint,
971 4252 1035 4291 ac
1058 4237 1464 4308 qualiscunque
1485 4238 1752 4293 divinatio
1780 4238 1947 4297 latius

356 4322 738 4392 prohibeatur.
792 4326 1060 4383 Similiter
1090 4328 1307 4393 etiam,!
1331 4337 1391 4384 ut
1436 4339 1704 4401 negantes
1756 4340 1947 4386 contra

2055 3132 2360 3205 γραμμένῃ
2387 3132 2655 3204 ἑρμηνείᾳ
2678 3131 2861 3204 ὴμῶν.
2892 3131 2954 3187 Ἥ
2992 3138 3045 3196 ς’
3067 3132 3207 3186 διάτ.
3242 3130 3341 3185 τοῦ
3366 3128 3644 3186 αὒτοῦτίτ.

2056 3224 2150 3278 καὶ
2181 3223 2388 3294 βιϐλίου
2410 3223 2505 3277 τοῦ
2540 3223 2797 3289 κῶδικος,
2833 3223 2952 3279 ἐστι
2974 3222 3070 3278 τοῦ
3103 3221 3184 3277 λθ¹
3213 3223 3323 3277 τίτ.
3365 3220 3463 3276 τοῦ
3508 3220 3549 3286 ξ’
3572 3220 3645 3289 βι-

2055 3313 2205 3368 ϐλίου
2228 3315 2336 3368 τῶν
2362 3314 2667 3369 Βασιλικῶν
2684 3312 2939 3384 κεφ.κς’,
2959 3312 3135 3378 οὕτως
3154 3312 3299 3384 Εχσνο
3326 3313 3393 3367 Oi
3426 3312 3507 3376 είς
3527 3310 3645 3381 βλὰο

2055 3407 2158 3479 ϐην
2179 3406 2483 3478 ἀνθρώπων
2499 3408 2762 3479 δαίμονας
2784 3405 3375 3476 ἐπικαλούμενοιξίφει
3396 3423 3446 3460 τι
3454 3403 3647 3476 μωρεί-

2057 3501 2291 3554 σθωσαν.
2314 3500 2379 3553 Ἠ
2403 3497 2447 3564 ξ’
2464 3499 2607 3554 διάτ.
2631 3498 2744 3554 ἐστι
2768 3515 2897 3567 κεφ.
2923 3497 3018 3553 τοῦ
3031 3497 3198 3553 αὑτοῦ
3214 3497 3324 3552 τίτ.
3345 3496 3550 3568 βιϐλίου
3569 3494 3646 3560 κζ’

2057 3591 2215 3659 λέγον
2247 3589 2455 3655 οὕτως’
2478 3592 2543 3645 Ui
2576 3590 2941 3661 ἀξιωματικοί
2985 3590 3084 3660 οὐχ
3127 3589 3451 3643 ὑπόκεινται
3480 3587 3644 3659 βασά-

2055 3701 2168 3747 νοις
2206 3686 2254 3737 εί
2292 3684 2367 3755 μὴ
2414 3684 2508 3737 ἐπὶ
2551 3684 2654 3753 τῆς
2694 3682 3100 3746 καθοσιώσεως.
3137 3682 3201 3735 Εί
3238 3682 3299 3737 δέ
3369 3681 3465 3737 καί
3506 3696 3643 3743 τινες

2056 3777 2324 3849 εὑρεθῶσι
2358 3777 2573 3847 γόητες,
2600 3776 2635 3848 ἢ
2666 3776 2985 3847 οἱανδήποτε
3034 3775 3269 3845 μετρίαν
3312 3772 3641 3843 ἐπαγγελλό-

2060 3886 2214 3941 μενοι
2248 3869 2516 3941 μαντείαν
2550 3869 2742 3942 μηδενὶ
2774 3869 3058 3941 προνομίῳ
3103 3868 3423 3938 ἀξιώματος
3452 3870 3644 3937 κεχρή-

2059 3961 2294 4018 σθωσαν.
2322 3962 2526 4034 Πρέπει
2563 3962 2673 4036 γάρ
2695 3963 2774 4035 τῷ
2806 3961 3079 4035 γινομένῳ
3103 3964 3230 4031 παρ’
3260 3961 3446 4016 αὐτῶν
3466 3961 3641 4031 ἁμαρ-

2057 4056 2266 4128 τήματι
2298 4056 2359 4109 τὸ
2392 4053 2756 4128 τιμωρεῖσθαι
2787 4055 2986 4118 αὐτοὺς
3016 4054 3112 4109 ἐὰν
3143 4056 3201 4107 ἐν
3241 4053 3325 4125 τῷ
3371 4052 3643 4123 κομιτάτῳ

2057 4147 2299 4201 τοιοῦτον
2334 4148 2769 4219 ἁμαρτήσουσιν.
2807 4148 2911 4201 Ἴδε
2967 4147 3101 4217 γοῦν
3154 4147 3231 4213 ὡς
3280 4147 3378 4203 καὶ
3416 4143 3643 4201 ἐνταῦθα

2060 4238 2295 4310 παρείθη
2334 4239 2397 4292 τὸ
2438 4238 2546 4292 τῶν
2583 4240 2967 4293 οἰωνοσκόπων
3016 4238 3113 4293 καὶ
3156 4238 3219 4291 τὸ
3248 4239 3359 4293 τῶν
3391 4254 3643 4309 μαντευο-

2061 4330 2238 4402 μένων
2262 4330 2329 4384 δι⁹
2357 4330 2603 4402 ὀνείρων,
2623 4333 2716 4385 καὶ
2745 4330 3015 4403 ἐκολάσθη
3032 4330 3370 4404 πλατότερον
3392 4331 3453 4385 τὸ
3471 4333 3643 4385 ὁπωσ-

358 4416 672 4485 generalem
713 4418 983 4487 regulam,
1014 4435 1139 4489 qua:
1184 4428 1540 4477 accusatores
1575 4419 1942 4495 [criminatio-

2056 4424 2254 4495 δήποτε
2294 4424 2681 4494 μαντεύεσθαι.
2720 4424 2999 4489 Ὡσαύτως
3040 4425 3278 4496 παρείθη
3320 4426 3417 4479 καὶ
3446 4425 3505 4477 τὸ
3533 4422 3642 4487 ξέεο

359 4505 507 4579 netn]
548 4508 781 4577 probare
837 4511 973 4578 vult,
1027 4513 1257 4569 omnino
1302 4512 1383 4585 [in
1448 4515 1643 4571 aculeo
1701 4514 1942 4589 ungulis]

2060 4516 2184 4571 σθαι
2223 4517 2352 4582 τοὺς
2402 4517 2779 4589 ἀρνουμένους
2826 4518 3048 4580 πάντως
3086 4518 3232 4573 κατὰ
3282 4517 3387 4589 τὴν
3419 4515 3639 4571 καθόλου

357 4600 661 4667 snlcentur,
713 4602 979 4659 omissum
1031 4615 1135 4662 cst.
1189 4606 1425 4663 Constit.
1480 4607 1514 4663 8
1562 4618 1643 4664 est
1692 4624 1817 4679 cap.
1880 4609 1951 4665 28

356 4695 605 4766 ejusdem
640 4696 733 4762 '59,
770 4699 855 4753 tit.
905 4700 1049 4770 quod
1098 4701 1179 4757 sic
1224 4701 1411 4765 habet,
1445 4711 1504 4756 ut
1529 4702 1582 4756 in
1622 4702 1950 4775 compendio

358 4791 703 4859 propositum
751 4802 853 4848 est.
894 4792 1088 4848 Const.
1141 4793 1213 4859 9,
1275 4805 1360 4851 est
1422 4796 1522 4849 ult.
1574 4811 1695 4867 cap.
1744 4796 1831 4850 tit.
1878 4795 1948 4852 59

355 4882 604 4953 ejusdem
658 4899 689 4939 ι
734 4884 855 4951 lib.,
918 4888 1064 4956 quod
1120 4887 1312 4942 eadem
1365 4898 1576 4944 narrat.
1635 4890 1870 4947 Constit.
1915 4890 1951 4946 '5

360 4975 442 5029 tit.
482 4977 516 5031 4
566 4976 659 5032 lib.
695 4979 861 5035 tcod.
901 4988 988 5035 est
1028 4994 1147 5050 cap.
1213 4980 1284 5035 9.6
1316 4981 1396 5037 tit.
1432 4981 1501 5036 ΓΙ
1528 4982 1622 5036 lib.
1664 4997 1776 5046 vu,
1801 4983 1951 5053 quod

358 5072 430 5123 ita
465 5069 626 5129 habet
653 5086 669 5127 :
702 5069 888 5126 Primo
915 5070 1171 5129 Paschali
1204 5074 1311 5139 die,
1340 5073 1506 5131 ctiam
1540 5075 1686 5129 nulla
1724 5075 1948 5146 speciali

356 5162 711 5232 imperatoria
737 5164 990 5235 jussione
1042 5166 1098 5221 in
1148 5166 1254 5222 hoc
1298 5167 1700 5239 praeveniente,
1751 5184 1949 5225 omnes

355 5257 450 5325 qui
487 5257 543 5313 in
591 5258 909 5316 carceribus
962 5268 1114 5328 sunt,
1168 5261 1525 5318 ahsolvantor
1555 5279 1568 5316 :
1602 5262 1707 5317 nisi
1758 5262 1807 5318 si
1853 5271 1951 5317 aut

356 5349 687 5421 sacrilegus,
717 5361 810 5407 aut
861 5354 1095 5420 adulter,
1149 5364 1247 5410 aut
1276 5354 1552 5425 virginum
1600 5363 1807 5425 raptor,
1853 5362 1950 5410 aut

356 5444 742 5514 sepulcrorum
792 5447 1049 5515 violator,
1077 5455 1174 5503 aut
1222 5446 1500 5504 veneﬁcus
1548 5448 1664 5502 sit:
1700 5447 1806 5502 nisi
1852 5446 1948 5503 fal-

356 5552 475 5591 sam
509 5546 786 5592 monetam
819 5547 1071 5611 exceptet
1106 5557 1118 5594 :
1146 5540 1250 5594 nisi
1280 5542 1363 5594 vel
1394 5538 1673 5597 homicida
1704 5539 1788 5593 vel
1823 5554 1949 5609 par-

356 5626 554 5693 ricida,
585 5628 669 5683 vel
694 5629 958 5687 adversus
982 5632 1289 5700 principem
1313 5630 1575 5686 urbemve
1608 5628 1943 5704 [quidpiam]

354 5719 577 5778 molitus
630 5721 724 5778 sit.
771 5722 959 5778 Const.
992 5738 1121 5779 vero
1159 5723 1225 5777 10
1254 5724 1337 5779 tit.
1382 5724 1415 5778 4
1459 5722 1555 5779 lib.
1609 5738 1649 5789 ι,
1695 5722 1818 5781 cod.
1861 5733 1946 5782 est

2058 4609 2361 4681 παράδοσιν
2396 4611 2497 4681 τὴν
2557 4610 2899 4666 ἀπαιτοῦσαν
2932 4610 3313 4666 ἀποδεικνύειν
3359 4610 3487 4673 τοὺς
3518 4625 3641 4664 κατ-

2057 4704 2315 4774 ηγόρους.
2350 4704 2413 4757 Ἢ
2442 4702 2493 4775 η’
2532 4703 2677 4759 διὰτ.
2715 4704 2831 4759 ἔστι
2858 4722 2985 4772 κεφ.
3011 4703 3095 4775 κη’
3121 4703 3215 4757 τοῦ
3238 4703 3405 4758 αὐτοῦ
3436 4699 3511 4757 λθ¹
3536 4700 3639 4755 τίτ.

2056 4794 2230 4859 οὕτως
2264 4796 2386 4866 ἕχον
2417 4796 2493 4860 ὡς
2548 4795 2884 4868 συνωψίσθη.
2949 4796 3016 4851 Ἢ
3067 4794 3113 4850 θ’
3165 4796 3307 4852 διάτ.
3350 4794 3469 4849 ἔστι
3515 4808 3637 4861 κεφ.

2056 4888 2367 4942 τελευταῖον
2397 4888 2490 4942 τοῦ
2534 4886 2612 4943 λθ¹
2646 4889 2751 4947 τίτ.
2789 4888 2883 4945 τοῦ
2922 4888 3089 4945 αὐτοῦ
3139 4886 3180 4954 ξ’
3230 4888 3338 4960 βιϐ.
3381 4887 3450 4941 τά
3497 4884 3633 4939 αὐτὰ

2056 4980 2273 5047 διεξιόν.
2312 4982 2375 5035 Ἡ
2396 4980 2446 5051 γ’
2477 4981 2615 5043 διάτ.
2645 4981 2744 5035 τοῦ
2768 4979 2810 5035 δ’
2842 4981 2948 5035 τίτ.
3005 4980 3101 5035 τοῦ
3140 4980 3188 5034 α’
3236 4981 3345 5051 βιϐ.
3396 4979 3492 5034 τοῦ
3530 4977 3635 5030 κώ·

2056 5073 2204 5138 δικος
2236 5074 2353 5128 ἐστι
2392 5091 2534 5143 -κεφ,
2567 5073 2660 5139 κς⁹
2710 5072 2808 5129 τοῦ
2860 5072 3052 5139 ιζ’τίτ.
3094 5073 3192 5128 τοῦ
3226 5073 3273 5139 ζ’
3316 5072 3521 5145 βιϐλίου
3544 5068 3633 5124 οὔ·

2055 5183 2163 5229 τως
2202 5166 2327 5238 ἕχον
2350 5184 2362 5195 ’
2396 5168 2439 5219 Τ
2443 5170 2477 5239 ᾗ
2516 5167 2707 5241 πρώτῃ
2748 5167 2857 5225 τῶν
2887 5168 3214 5240 Πασχαλίων
3261 5165 3501 5238 ἡμερῶν,
3538 5163 3627 5218 καὶ

2060 5260 2135 5330 μὴ
2189 5258 2473 5330 βασιλικῆς
2524 5260 2699 5332 ίδικῆς
2732 5262 2826 5314 ἐπὶ
2873 5260 3052 5330 τούτῳ
3094 5258 3507 5328 καταλαϐούσης
3548 5273 3634 5309 κε-

2054 5351 2314 5417 λεύσεως,
2340 5353 2543 5417 πάντες
2572 5354 2622 5406 οἱ
2645 5355 2703 5408 ἐν
2729 5354 3002 5424 φυλακαῖς
3023 5352 3465 5416 ἀπολυέσθωσαν,
3489 5350 3534 5403 εί
3559 5348 3629 5418 μὴ

2055 5446 2165 5518 ἄρα
2192 5445 2470 5517 ἱερόσυλός
2500 5447 2671 5512 ἐστιν,
2700 5446 2733 5518 ἢ
2770 5448 2976 5520 μοιχὸς,
3007 5447 3040 5519 ἢ
3068 5447 3354 5520 παρθένων
3385 5441 3624 5514 ἃρπαξ,ῆ

2054 5537 2437 5609 τυμϐωρύχος,
2482 5537 2850 5610 ἢφαρμακὸς,
2884 5539 2917 5609 ἢ
2954 5540 3177 5610 μονίταν
3231 5539 3468 5608 πλάστην
3519 5535 3627 5586 ἔστι

2056 5630 2511 5703 καταδεξάμενος,
2564 5632 2598 5703 ἢ
2647 5633 2866 5702 φονεὺς,
2923 5633 2959 5705 ἢ
3014 5632 3397 5702 πατροκτόνος,
3427 5630 3457 5699 ἢ
3492 5626 3621 5681 κατὰ

2056 5723 2343 5795 βασιλέως,
2387 5725 2421 5797 ἢ
2451 5725 2661 5790 πόλεως
2693 5727 3172 5799 μηχανησάμενος.
3214 5726 3381 5795 Keil)
3414 5722 3444 5776 ι’
3486 5721 3613 5777 διάτ.
