3916 6244
296 236 432 304 1113

1254 249 1747 318 NOMOCANON.
1787 283 1859 293 -
1897 259 2049 323 TIT.
2088 260 2195 337 IX,
2235 262 2396 324 CAP.
2429 265 2608 325 XXV.

3437 270 3576 338 1114

286 353 384 407 τοῦ
417 351 458 406 δ’
489 354 594 408 τίτ.
631 353 726 408 τοῦ
765 354 813 409 α’
869 355 1076 427 βιϐλίου
1120 362 1216 416 τοῦ
1269 363 1523 431 κώδικος,
1569 368 1685 424 ἐστι
1749 388 1854 441 κεφ

1983 386 2107 442 cap.
2148 374 2216 428 17
2268 376 2354 429 tit.
2390 375 2414 428 1
2453 376 2545 430 lib.
2586 393 2601 430 1
2651 376 2817 431 Basil.
2864 377 3013 448 quod
3054 379 3133 436 sic
3174 380 3337 439 habet
3366 424 3382 450 ,
3418 397 3478 442 ut
3521 388 3581 445 in

274 448 359 512 ,ιζ’
403 447 501 500 τοῦ
540 445 591 501 α’
638 448 844 516 βιϐλίου
871 450 983 507 τῶν
1031 453 1359 522 Βασιλικῶν,
1403 458 1579 525 οὕτως
1623 462 1769 534 ἔχον,
1810 465 1889 531 ὡς

286 539 623 609 συνωψίσθη.

356 633 669 701 Κείμενον.
702 634 814 688 Καὶ
856 635 962 693 τίτ.
990 647 1061 692 ια’
1100 640 1194 694 τοῦ
1236 642 1404 698 αὐτοῦ
1432 645 1637 715 βιϐλίου
1667 649 1808 706 διάτ.
1845 650 1889 720 β’

1991 467 2324 536 compendio
2353 469 2694 538 propositum
2736 479 2840 526 est.

2067 651 2288 708 Texta.
2321 652 2389 708 Et
2424 652 2504 708 tit.
2538 653 2628 715 11,
2654 652 2900 725 ejusdem
2932 656 3030 711 lib.
3070 661 3294 715 constit.
3328 660 3386 715 2.
3415 659 3589 718 Nemo

285 724 496 794 Μηδεὶς
525 724 614 779 διὰ
639 726 1138 799 σπλαγχνοκοπίας,
1168 751 1224 789 κ.
1269 753 1321 790 τ.
1350 736 1425 804 λ.,
1457 755 1633 811 usque
1667 743 1736 798 ad
1794 762 1854 798 κα

1991 752 2123 807 ειε.,
2145 760 2312 815 usque
2342 749 2412 800 ad
2434 724 2724 816 probatum
2757 747 2920 803 fuerit
2951 752 3181 817 crimen,
3216 762 3274 808 ut
3297 770 3423 826 pag.
3452 755 3585 812 289-

280 814 542 961 Ξὲἔᾶνων
566 818 662 872 καὶ
687 820 996 891 συμφώνων
1019 827 1387 887 καταθέσεων.
1420 832 1600 905 Supra
1618 851 1741 909 pag.
1757 837 1884 904 289,

353 907 408 963 0.

354 1001 642 1072 Σχόλιον.
688 1003 753 1057 Ἦ
793 1003 841 1075 β’
872 1006 1015 1065 διάτ.
1052 1010 1147 1065 τοῦ
1177 1010 1228 1066 α’
1262 1012 1468 1084 βιϐλίου
1506 1018 1602 1072 τοῦ
1655 1021 1889 1088 κώδικος

283 1091 401 1147 ἐστι
447 1112 575 1165 κεφ.
601 1093 647 1160 ζ’
675 1096 770 1150 τοῦ
798 1095 848 1152 α’
877 1100 983 1156 τίτ.
1026 1102 1121 1157 τοῦ
1150 1103 1198 1158 α’
1233 1105 1445 1177 βιϐλίου
1491 1109 1605 1165 τῶν
1659 1112 1882 1169 Βασιλι-

280 1185 396 1240 κῶν
435 1186 614 1257 λέγον.
655 1190 864 1261 Μηδεὶς
913 1188 1069 1267 ἧπαρ
1104 1198 1200 1252 καὶ
1248 1198 1455 1269 ἔγκατα
1486 1203 1739 1277 καθορῶν
1772 1208 1874 1280 ζη-

280 1280 446 1334 τείτω
475 1280 547 1335 τὰ
581 1282 845 1353 μέλλοντα
886 1285 989 1358 τὴν
1022 1289 1087 1341 ἐκ
1129 1289 1230 1359 τῆς
1284 1294 1646 1364 σταυρώσεως
1703 1316 1882 1370 τιμω-

286 1372 406 1444 ρίαν
431 1373 707 1442 ἀγωνιῶν.
748 1376 818 1431 Ἠ
845 1376 898 1447 η’
931 1379 1072 1435 διάτ.
1111 1382 1208 1436 τοῦ
1236 1380 1301 1448 ιζ’
1328 1385 1437 1441 τίτ.
1478 1387 1575 1442 τοῦ
1601 1388 1642 1443 ε’
1673 1390 1879 1461 βιϐλίου

280 1464 377 1519 τοῦ
408 1465 640 1532 κὼδικος
677 1469 780 1524 οὐκ
832 1472 996 1545 ἐτέθη
1030 1476 1111 1537 είς
1139 1476 1209 1531 τὰ
1239 1477 1507 1534 Βασιλικὰ
1531 1482 1609 1546 ὡς
1645 1484 1880 1555 ἀρκόυν-

283 1572 396 1609 των
440 1557 551 1611 τῶν
587 1560 997 1631 περιεχομένων
1045 1565 1104 1618 ὲν
1150 1569 1217 1637 τῇ
1277 1570 1407 1640 περὶ
1445 1573 1747 1642 ῥεπουδίων
1774 1576 1877 1646 ριξ

272 1647 446 1716 νεαρᾷ
470 1649 537 1718 τῇ
569 1650 797 1722 κειμένῃ
821 1654 879 1705 ὲν
912 1653 1103 1727 βιϐλίῳ
1129 1656 1215 1729 κη’
1236 1657 1346 1714 τῶν
1364 1661 1675 1720 Βασιλικῶν
1697 1666 1804 1721 τίτ.
1830 1666 1876 1733 ζ’

274 1742 369 1794 καὶ
423 1743 491 1813 τῇ
539 1740 643 1811 ριξ¹
672 1747 740 1815 τῇ
784 1747 1037 1821 κειμένῃ.
1084 1750 1317 1821 Ὁμοίως
1364 1751 1526 1810 αὗται
1586 1758 1695 1830 γὰρ
1739 1760 1877 1817 διδά-
1910 1736 1952 1791 Β

281 1850 479 1888 σκουσι
512 1835 938 1907 διαζεύγνυσθαι
968 1843 1097 1907 τοὺς
1140 1845 1467 1917 όμοζύγους,
1521 1852 1618 1905 καὶ
1666 1853 1734 1907 ὲκ
1777 1855 1874 1910 τοῦ

274 1924 672 1995 βουλεύσασθαι
724 1931 954 2003 θάτερον
1011 1935 1071 2003 ἐξ
1135 1938 1316 1995 αὐτῶν
1368 1941 1459 1997 διὰ
1528 1945 1782 2016 γοητείας
1835 1949 1870 2022 ἢ

273 2021 634 2110 φαρμακείας
665 2024 811 2078 κατὰ
843 2026 943 2097 τῆς
988 2027 1084 2081 τοῦ
1113 2030 1305 2102 ἑτέρου
1343 2032 1511 2106 ζωῆς.
1561 2037 1626 2091 Ἦ
1657 2038 1702 2110 β’
1731 2041 1872 2096 διάτ.

274 2109 372 2162 τοῦ
406 2108 479 2174 Es’
504 2111 611 2166 τίτ.
639 2111 685 2177 ζ’
708 2113 941 2185 βιϐλίου,
972 2118 1090 2175 ἔστι
1121 2138 1250 2193 κεφ.
1283 2126 1394 2196 ρλς¹
1419 2129 1515 2184 τοῦ
1544 2129 1595 2185 α’
1619 2108 1726 2189 τίτ.
1775 2134 1872 2191 τοῦ

271 2196 318 2253 θ’
344 2199 561 2298 βιϐλίου
586 2203 697 2258 τῶν
728 2205 1055 2279 Βασιλικῶν,
1104 2212 1265 2283 λέγον
1292 2215 1490 2283 οὕτως.
1522 2222 1587 2275 01
1622 2225 1874 2298 φανερῶς

204 2317 209 2322 ~
269 2293 368 2386 ξπὶ
398 2294 795 2368 ἁμαρτήμασιν
825 2299 1204 2373 ἐλεγχθέντες,
1232 2308 1331 2363 καὶ
1380 2293 1743 2386 καταθέμενοι
1765 2293 1873 2374 οὐκ

269 2384 354 2440 ἔτι
395 2387 652 2443 δύνανται
686 2392 1114 2461 ἐκκαλέσασθαι,
1163 2398 1291 2455 οὔτε
1348 2402 1407 2458 δὲ
1439 2407 1546 2479 χρὴ
1579 2384 1873 2481 στροπετῶς

266 2480 552 2536 πιστεύειν
581 2485 649 2555 τῇ
686 2488 840 2558 φωνῇ
872 2487 983 2543 τῶν
1011 2493 1378 2562 κρινομένων,
1410 2499 1507 2552 καὶ
1557 2480 1869 2574 σημείωσαι

264 2575 356 2669 ὅτι
374 2576 481 2631 κᾶν
505 2577 567 2669 τὸ
594 2579 800 2646 πλάτος
837 2585 967 2654 περὶ
999 2586 1181 2656 μόνων
1225 2589 1337 2644 τῶν
1377 2593 1472 2647 ἐπὶ
1502 2597 1732 2669 γοητείᾳ
1757 2616 1865 2653 κα-

1984 834 2115 891 290.

2061 1024 2356 1083 Scholium.
2432 1027 2626 1084 Const.
2686 1028 2724 1082 ’ἰ
2787 1032 2872 1085 tit.
2923 1031 2983 1085 11
3043 1032 3139 1087 lib.
3212 1047 3252 1097 ι,
3311 1034 3433 1090 cod.
3497 1041 3585 1091 est

1987 1135 2111 1191 cap.
2155 1122 2206 1188 ⁸1,
2260 1123 2345 1176 tit.
2376 1122 2430 1186 1,
2500 1123 2595 1179 lib.
2628 1140 2644 1178 ι
2681 1122 2846 1180 Basil.
2883 1126 3032 1193 quod
3075 1129 3194 1182 ait:
3224 1127 3395 1182 Nemo
3430 1128 3586 1199 jecur

1981 1225 2036 1269 et
2065 1224 2221 1270 exsta
2258 1215 2578 1284 inspiciens,
2608 1217 2987 1273 crucifixionis
3016 1235 3233 1289 pinnam
3266 1220 3573 1278 formidans

1981 1304 2166 1360 futura
2211 1308 2513 1375 explorato.
2547 1307 2785 1363 Constit.
2834 1308 2868 1363 8
2933 1311 3020 1363 tit.
3070 1310 3137 1365 17
3207 1311 3302 1367 lib.
3356 1328 3387 1361 v
3454 1314 3579 1368 cod-

1979 1415 2088 1455 non
2140 1411 2226 1455 est
2277 1400 2454 1470 posita
2491 1401 2544 1455 iu
2597 1400 2788 1468 Basil.,
2819 1403 2968 1473 quod
2999 1402 3323 1476 [videlicet,]
3353 1420 3475 1474 quae
3523 1406 3582 1460 in

1979 1492 2194 1547 novella
2244 1493 2344 1547 117
2399 1492 2468 1547 de
2510 1494 2754 1563 repudiis
2812 1496 3383 1565 comprehenduntur,
3429 1496 3581 1552 ει)Πί-

1978 1587 2148 1640 ciant.
2212 1584 2379 1641 Docet
2435 1586 2583 1640 enim
2636 1586 2765 1640 inde
2821 1587 2986 1642 etiam
3049 1588 3234 1643 dirimi
3284 1590 3573 1661 conjuges,

1981 1678 2126 1747 quod
2154 1677 2294 1733 alter
2328 1678 2559 1733 alterius
2588 1678 2713 1733 vita:
2738 1680 2897 1733 malis
2928 1679 3141 1736 artibus
3177 1690 3275 1736 aut
3304 1681 3570 1738 veneficio

1987 1771 2283 1826 insidiatus
2312 1771 2404 1825 sit.
2435 1770 2559 1843 [Est
2598 1769 2808 1842 autem]
2849 1772 3025 1841 posita
3062 1772 3115 1826 in
3155 1774 3251 1827 lib.
3281 1773 3450 1829 Basil.
3475 1773 3571 1839 ‘28,

1988 1863 2075 1918 tit.
2104 1874 2176 1918 et.
2216 1861 2482 1918 Similiter
2511 1863 2634 1931 117,
2662 1873 2840 1918 const.
2887 1865 2943 1931 2,
2978 1865 3061 1919 tit.
3097 1866 3186 1931 65,
3238 1867 3333 1922 lib.
3363 1883 3461 1931 vn,
3488 1877 3578 1922 est

1984 1968 2107 2024 cap.
2152 1955 2277 2017 156,
2316 1956 2401 2012 tit.
2437 1957 2487 2018 1,
2522 1956 2621 2011 lib.
2653 1973 2705 2011 Ix
2757 1955 2924 2011 Basil.
2978 1958 3122 2027 quod
3162 1958 3233 2014 ita
3265 1958 3441 2015 dicit:
3473 1959 3581 2027 Qui

1984 2047 2274 2103 manifeste
2300 2050 2368 2104 de
2401 2048 2730 2105 criminibus
2765 2049 3007 2105 convicti
3053 2058 3203 2117 sunt,
3232 2058 3287 2105 et
3312 2049 3579 2117 confessi,

1982 2156 2093 2195 non
2145 2140 2382 2211 amplius
2422 2154 2727 2211 provocare
2774 2150 3028 2211 possunt.
3078 2139 3271 2213 Neque
3306 2157 3439 2199 vero
3486 2152 3573 2200 te-

1985 2247 2132 2288 mere
2176 2233 2254 2287 rei
2290 2232 2413 2287 voci
2460 2231 2795 2287 credendum
2847 2244 2954 2289 est.
2999 2232 3141 2290 Nota
3173 2236 3576 2306 autequuod,

1982 2341 2301 2397 quanquam
2342 2325 2461 2395 ipsa
2505 2333 2685 2382 const.
2740 2327 2806 2381 de
2850 2326 2921 2382 iis
2972 2327 3148 2382 solum
3185 2327 3280 2399 qui
3324 2330 3578 2386 veneficii

1983 2418 2340 2482 damnantur,
2371 2426 2570 2473 tractet
2597 2436 2610 2472 :
2643 2417 2689 2473 is
2715 2425 2897 2472 tamen
2920 2418 3014 2488 qui
3043 2419 3211 2473 Basll.
3240 2422 3574 2490 composuit,

1979 2510 2048 2566 de
2073 2510 2499 2581 quibuscunque
2549 2508 2843 2564 criminum
2885 2509 2995 2565 reis
3043 2509 3217 2580 legem
3269 2510 3413 2566 hanc
3446 2526 3575 2582 pro-

1976 2604 2242 2673 posuerit.
2286 2600 2429 2657 Nota
2464 2602 2593 2658 item
2624 2602 2773 2673 quod
2803 2601 2859 2656 in
2901 2601 3010 2657 ﬁne
3029 2603 3251 2667 dicitur,
3292 2619 3362 2661 ne
3404 2603 3567 2661 facile

264 2667 706 2769 ταδικασθέντων
731 2672 1116 2746 διελάμϐανεν,
1156 2680 1275 2736 ἀλλ’
1303 2684 1332 2738 ό
1358 2684 1427 2739 τὰ
1452 2667 1719 2744 Βασιλικά
1743 2707 1854 2744 συν-

1978 2700 2047 2755 iis
2085 2699 2365 2766 credatur,
2394 2699 2491 2769 qui
2532 2699 2825 2755 adversum
2871 2712 2931 2754 se
2960 2697 3314 2754 confitentur.
3343 2698 3573 2767 Quaeras

265 2758 497 2866 θέμενος
514 2764 645 2835 περὶ
674 2765 895 2822 πάντων
920 2769 1032 2824 τῶν
1054 2770 1149 2825 ἐπὶ
1173 2774 1542 2849 ἁμαρτήμασι
1562 2780 1854 2851 κριθέντων

1979 2791 2157 2866 [vero]
2187 2758 2363 2849 etiam.
2401 2758 2496 2847 lib.
2529 2808 2621 2855 1.x,
2650 2794 2733 2846 tit.
2771 2792 2859 2855 50,
2894 2806 3015 2862 cap.
3052 2791 3104 2855 1,
3132 2791 3313 2847 tbema
3339 2758 3394 2858 7:
3422 2793 3573 2864 quod

264 2852 329 2947 τὸ
358 2854 592 2927 νόμιμον
617 2858 857 2924 ἐξέθετο.
890 2863 1211 2934 Σημείωσαι
1260 2868 1320 2923 δὲ
1346 2870 1442 2924 καὶ
1480 2872 1544 2926 τὸ
1572 2875 1854 2947 είρημένοι

1979 2852 2062 2942 sic
2111 2887 2227 2942 ait:
2258 2885 2377 2940 Non
2431 2893 2517 2941 est
2564 2885 2900 2940 credendum
2956 2882 3406 2941 confessionibus
3448 2900 3571 2941 reo-

267 2945 326 2998 ὲν
339 2947 437 3049 Λτῴ
456 2948 633 3049 τέλει,
672 2952 803 3024 περὶ
828 2954 925 3007 τοῦ
960 2956 1036 3028 μὴ
1064 2959 1423 3016 πιστεύεσθαι
1452 2945 1711 3038 εὐχερῶς
1739 2970 1854 3034 τοὺς

1974 2994 2122 3041 rum,
2156 2978 2263 3033 nisi
2288 2979 2452 3034 etiam
2494 2978 2718 3034 evidens
2754 2978 3010 3047 probatio
3034 2978 3279 3049 judicem
3311 2980 3570 3045 instruat,

261 3036 423 3165 x701]
450 3039 662 3095 ἑαυτῶν
715 3043 1141 3115 ὁμολογοῦντας.
1201 3052 1364 3122 Ζήτει
1419 3056 1515 3110 καὶ
1557 3036 1760 3128 βιϐλίον
1818 3062 1854 3129 ξι

261 3144 287 3165 τ
313 3146 345 3165 η-
451 3148 558 3165 υεηι
602 3132 650 3165 η’
682 3134 822 3165 ιυ..-
851 3135 889 3165 εν
915 3139 1093 3165 \1---..'
1127 3143 1181 3165 -.ι
1218 3143 1296 3165 $-1-
1332 3164 1345 3165 η
1498 3149 1512 3165 ο
1775 3155 1830 3165 -.

1971 3079 2027 3127 et
2070 3036 2166 3126 lib.
2219 3086 2297 3136 Ix,
2354 3071 2436 3124 tit.
2470 3069 2526 3135 4,
2578 3084 2698 3139 cap.
2749 3036 2803 3133 1,
2846 3036 3079 3139 quaeque
3128 3068 3239 3124 illic
3292 3036 3559 3125 annotata

257 3127 423 3184 τίτ.ν’
439 3148 578 3234 κεφ.
601 3132 650 3188 α’
682 3134 826 3203 θέμα
847 3135 889 3204 ξ’
915 3139 1096 3211 λέγον,
1122 3143 1185 3197 οὐ
1213 3143 1296 3199 δεῖ
1320 3127 1601 3204 πιστεύειν
1630 3127 1854 3209 καταθέξ

1967 3174 2114 3221 sunt.
2155 3127 2348 3219 Const.
2410 3165 2445 3218 5
2494 3127 2575 3217 tit.
2622 3127 2686 3216 .11
2732 3127 2829 3218 lib.
2864 3127 2936 3216 lix
2981 3127 3107 3218 cod.
3168 3172 3254 3218 est
3306 3178 3429 3234 cap.
3491 3163 3566 3219 25

259 3238 377 3325 σεσι
396 3223 507 3279 τῶν
526 3230 885 3301 κρινομένων,
912 3237 961 3287 εί
984 3235 1060 3306 μὴ
1084 3238 1180 3291 καὶ
1196 3239 1477 3307 ἀπόδειξις
1495 3244 1740 3300 διδάσκει
1764 3250 1854 3306 τὸν

1964 3257 2049 3313 tit.
2084 3256 2155 3313 50
2213 3256 2308 3311 lib.
2342 3272 2411 3311 ιχ
2441 3255 2607 3311 Basil.
2651 3254 2800 3325 quod
2838 3254 2973 3310 dicit
3006 3271 3023 3311 :
3056 3253 3114 3309 Si
3153 3255 3353 3311 mulier
3372 3223 3565 3312 -accu-

254 3315 667 3390 δικαστήν.Καὶ
693 3322 852 3388 τοῦθ’
882 3326 1092 3397 βιϐλίου
1117 3330 1220 3386 τίτ.
1238 3330 1282 3386 δ’
1303 3351 1431 3405 κεφ.
1450 3334 1498 3389 α’
1526 3340 1711 3394 καὶτὰ
1741 3341 1860 3398 ἐκεῖ

254 3413 802 3500 παραγεγραμμένα.
818 3415 882 3470 Ἡ
908 3424 957 3486 γ’
972 3418 1112 3476 διάτ.
1129 3420 1225 3476 τοῦ
1251 3422 1461 3493 μα’τίτ.
1476 3427 1570 3482 τοῦ
1589 3427 1633 3482 θ’
1646 3430 1855 3500 βιϐλίου

251 3498 344 3594 τοῦ
372 3500 629 3570 κώδικος,
680 3504 798 3560 έστι
844 3526 968 3579 κεφ.
1001 3510 1080 3566 κε’
1105 3512 1201 3567 τοῦ
1229 3513 1270 3568 ν’
1294 3516 1403 3573 τίτ.
1430 3520 1526 3574 τοῦ
1560 3520 1601 3587 ξ’
1643 3498 1853 3594 βιϐλίου

248 3589 358 3693 τῶν
385 3592 699 3693 Βασιλικῶν
727 3597 888 3670 λέγον
910 3619 926 3635 ο
960 3604 1057 3658 ἐὰν
1086 3606 1225 3680 γυνὴ
1253 3610 1570 3679 ἐγκαλεῖται
1598 3589 1675 3682 ὡς
1714 3635 1854 3693 φαρ-

252 3682 453 3751 μάκοις
485 3688 797 3755 φονεύσασα
828 3692 920 3747 τὸν
967 3696 1105 3753 ῐδιον
1140 3700 1332 3773 ἄνδρα,
1382 3708 1478 3759 καὶ
1506 3707 1686 3763 δοῦλοι
1726 3682 1853 3767 κατ’

247 3776 421 3847 αὐτῆς
448 3779 525 3872 of)“
553 3781 718 3852 μόνον
748 3785 896 3855 ίδιοι,
942 3790 1081 3854 ἀλλὰ
1102 3794 1200 3847 καὶ
1249 3795 1523 3869 ἀλλότριοι
1569 3803 1850 3872 ἐξετάζον-

245 3870 632 3974 eceteram-ev
664 3875 722 3974 δὲ
749 3879 800 3933 οί
827 3878 1122 3953 ἀλλότριοι,
1152 3888 1248 3943 καὶ
1277 3889 1374 3945 ἐὰν
1403 3892 1606 3965 δεῖγμα
1653 3870 1839 3974 δειχθῇ

243 3961 468 4033 ἀληθὲς,
506 3968 604 4022 καὶ
640 3969 781 4044 αὑτὴ
821 3975 854 4044 ἡ
890 3978 1028 4048 γυνὴ
1074 3978 1449 4048 βασανίζεται.
1491 3961 1557 4042 Ἦ
1592 3989 1667 4055 ις’

239 4056 334 4111 τοῦ
362 4057 450 4127 μζ¹
478 4060 585 4118 τίτ.
626 4063 720 4119 τοῦ
750 4066 793 4120 θ’
825 4066 1034 4138 βιϐλίου
1068 4072 1163 4126 τοῦ
1196 4075 1428 4143 κώδικος
1451 4079 1570 4137 ἐστι
1599 4101 1725 4154 κεφ.
1752 4086 1846 4153 νς¹

200 4151 329 4253 vro?
380 4162 462 4207 να¹
512 4156 619 4211 τίτ.
656 4161 751 4215 τοῦ
784 4159 826 4227 ξ’
868 4163 1080 4235 βιϐλίου
1140 4168 1339 4239 λέγον,
1398 4174 1474 4246 μὴ
1522 4151 1839 4253 προχείρως

236 4244 265 4297 ὁ
293 4244 480 4343 ἄρχων
509 4252 820 4327 κεφαλικὴν
846 4258 1120 4330 τιμωρίαν
1153 4244 1437 4336 ἐκφερέτω
1461 4244 1513 4322 εί
1550 4244 1831 4343 μὴηπρῶ-

233 4354 326 4435 τον
359 4340 389 4392 ὁ
413 4343 752 4435 έναγόμενος
784 4348 874 4403 διὰ
902 4354 1004 4422 τῆς
1045 4354 1256 4420 οίκείας
1306 4340 1625 4430 ὁμολογίας,
1676 4340 1831 4435 ἢνδιὰ

1964 3358 2139 3414 setur,
2185 3358 2446 3419 tanquam
2487 3363 2703 3404 veneno
2751 3349 3010 3403 maritum
3060 3363 3223 3403 suum
3273 3347 3560 3417 occiderit,

1963 3446 2020 3495 et
2053 3440 2319 3495 adversus
2362 3438 2511 3494 illam
2543 3439 2682 3493 servi
2726 3454 2835 3493 non
2880 3437 3058 3493 solum
3099 3438 3331 3508 proprii,
3380 3439 3472 3494 sed
3503 3450 3562 3494 et

1963 3532 2131 3587 alicui
2165 3531 2598 3587 examinentur:
2635 3532 2869 3603 primum
2907 3542 3090 3587 autem
3130 3531 3323 3598 alieni,
3373 3534 3556 3603 sitque

1960 3639 2150 3679 verum
2192 3625 2631 3680 demonstratum
2683 3634 3069 3695 argumentum
3103 3643 3119 3680 :
3153 3625 3270 3695 ipsa
3321 3641 3549 3695 quoque

1964 3717 2164 3771 mulier
2204 3726 2510 3786 torquetur.
2551 3716 2741 3772 Const.
2799 3715 2867 3771 16
2912 3716 2997 3773 tit.
3047 3716 3116 3770 Π
3164 3716 3262 3772 lib.
3308 3732 3365 3771 Ix
3423 3718 3551 3773 cod.

1957 3819 2044 3866 est
2095 3826 2220 3881 cap.
2265 3810 2332 3865 56
2379 3810 2462 3865 tit.
2499 3809 2559 3865 5|
2626 3809 2721 3865 lib.
2763 3824 2851 3875 ιι,
2901 3813 3046 3881 quod
3101 3810 3222 3865 ait:
3276 3807 3354 3866 Ne
3392 3809 3556 3867 facile

1948 3902 2116 3973 juch
2166 3902 2417 3973 capitalis
2462 3917 2637 3972 meum
2678 3900 3055 3975 [sententiam]
3114 3900 3408 3973 proferto:
3444 3902 3553 3959 nisi

1949 3997 2101 4066 prius
2151 4013 2279 4051 reus
2322 4012 2419 4066 per
2478 4011 2637 4051 suam
2684 3994 3116 4061 confessionem,
3168 4007 3267 4051 aut
3325 3997 3548 4053 testium

1944 4090 2429 4160 interrogationem
2460 4092 2576 4147 sive
2607 4098 2883 4144 tormenta
2921 4090 2995 4144 ita
3024 4090 3315 4145 convictus
3348 4090 3446 4154 sit,
3483 4097 3547 4146 ut

1942 4184 2033 4238 vix
2096 4183 2201 4239 sibi
2243 4182 2343 4251 ipsi
2403 4181 2683 4235 adversari
2742 4181 2942 4250 possit.
2974 4180 3244 4234 Caeterum
3300 4194 3546 4251 prasscns

1939 4291 2062 4346 cap.
2102 4276 2269 4331 etiam
2304 4276 2370 4330 ad
2404 4274 2585 4329 thema
2615 4273 2665 4339 7,
2702 4288 2823 4343 cap.
2865 4273 2918 4340 1,
2949 4273 3033 4327 tit.
3064 4272 3156 4337 50,
3204 4272 3299 4328 lib.
3336 4272 3541 4340 1.x,in-

1936 4377 2167 4438 terprete
2177 4381 2258 4421 re.

366 4431 824 4532 τῶν-μαρτύρων
878 4443 1204 4516 ἐρωτήσεως
1256 4449 1376 4520 ήτοι
1430 4429 1543 4507 τῶν
1576 4429 1829 4526 βασάνων
1870 4429 2045 4524 οὕτως
2077 4460 2331 4532 ἐλεγχθῇ,
2368 4459 2513 4513 ὥστε
2578 4457 2765 4529 σχεδὸν
2818 4457 2957 4529 μηδὲ
3010 4454 3189 4529 ἑαυτῷ
3232 4456 3517 4515 δύνασθαι.

231 4520 516 4623 ﬁlii-leal.
547 4525 609 4579 τὸ
637 4529 814 4623 erapr
842 4550 969 4604 κεφ.
999 4537 1139 4606 πρὸς
1165 4540 1228 4594 τὸ
1258 4537 1303 4605 C'
1330 4539 1475 4613 θέμα
1496 4520 1594 4600 τού
1627 4546 1677 4601 α’
1701 4564 1829 4618 κεφ.
1871 4550 1967 4605 τοῦ
2002 4520 2044 4605 νἓ
2079 4520 2191 4607 τίτί
2350 4550 2389 4617 ξ’
2420 4520 3021 4623 βιϐλίούέρμήνευσεν.

299 4616 617 4710 Κείμενον.
637 4621 746 4675 Καὶ
764 4622 968 4693 βιϐλίον
991 4626 1043 4694 ι’,
1067 4632 1174 4689 τίτ.
1209 4632 1293 4701 ιε’,
1323 4635 1462 4693 διάτ.
1480 4635 1556 4700 α’,
1589 4640 1669 4694 ὅτι
1704 4616 1837 4707 Ἔξ-

2019 4644 2241 4701 Tca'tus.
2277 4647 2339 4700 Et
2359 4616 2451 4708 lib.
2484 4644 2574 4708 10,
2605 4616 2809 4710 tiu-15,
2837 4654 3016 4700 const.
3054 4644 3105 4699 1.
3136 4640 3287 4699 Licet
3318 4644 3537 4701 unicui-

227 4709 640 4803 eettvsxdami,
669 4731 727 4768 κ.
753 4732 805 4772 τ.
824 4717 900 4783 λ.,
929 4735 1105 4791 usque
1126 4723 1199 4779 ad
1226 4727 1357 4799 περὶ
1385 4729 1708 4803 Μανιχαίων
1739 4752 1829 4789 νο-

230 4801 560 4873 μοτηθέντα.
594 4804 773 4877 Supra
810 4824 932 4882 pag.
960 4812 1089 4881 290,
1113 4815 1242 4873 291.

295 4896 583 4965 Σχόλιον.
634 4897 699 4953 Ἡ
726 4898 776 4955 α’
816 4903 957 4958 διάτ.
1006 4906 1103 4959 τοῦ
1143 4915 1205 4963 ιε’
1251 4911 1358 4967 τίτ.
1400 4911 1496 4969 τοῦ
1533 4912 1564 4970 ι’
1612 4915 1821 4987 βιϐλίου

222 4984 340 5040 ἔστι
370 5004 498 5059 κεφ.
526 4987 593 5060 ιγ
623 4991 718 5046 τοῦ
745 4991 789 5060 ζ’
812 4995 921 5050 τίτ.
950 4996 1047 5053 τοῦ
1073 4996 1161 5063 νς⁹
1194 5000 1401 5071 βιϐλίου
1448 5004 1558 5059 τῶν
1599 4984 1821 5064 Βασιλι-

221 5078 357 5171 κῶν,
384 5080 530 5136 οὕτω
550 5082 726 5154 λέγον.
756 5088 962 5158 Μηδεὶς
988 5092 1274 5148 ὲπιδιδότω
1316 5096 1649 5170 δεήσεις-ἐφ’
1676 5094 1721 5171 ᾧ
1752 5121 1814 5157 τε

219 5170 595 5266 ἐπιτραπῆναι
618 5176 677 5230 έν
710 5176 862 5245 ίδίοις
905 5181 1095 5247 τόποις
1123 5184 1155 5256 ἢ
1182 5186 1241 5240 ὲν
1266 5187 1574 5261 ἀλλοτρίοις
1610 5193 1822 5266 ἀναζη-

218 5263 658 5358 τείνθησαυρὸν,
689 5271 831 5343 μήτε
850 5272 927 5340 ὡς
949 5276 1128 5347 εὑρὼν
1151 5279 1316 5347 αὐτὸς
1342 5281 1642 5355 θησαυρὸν,
1677 5263 1819 5358 μήτε

165 5418 168 5420 γ
223 5354 298 5452 ῶς
316 5357 521 5452 ἑτέρου
539 5360 702 5452 Δτινὸς
735 5365 986 5438 εὑρόντος
1014 5368 1207 5425 διδότω
1231 5372 1472 5445 δεήσεις·
1503 5354 1553 5432 εἰ
1582 5354 1688 5448 μὲν
1706 5354 1818 5452 γάρ

224 5446 466 5543 ένίδίοις
488 5449 680 5517 τόποις
708 5470 793 5518 τις
816 5458 988 5528 χωρὶς
1017 5461 1201 5532 πάσης
1247 5469 1497 5537 μυσαρᾶς
1532 5446 1747 5536 θυσίας,

223 5539 388 5635 άλλης
457 5542 607 5608 τινὸς
650 5545 848 5620 τέχνης
901 5550 1091 5623 νόμοις
1142 5554 1617 5629 ἀπηγορευμένοις
1675 5539 1819 5635 εὖρῐί

225 5633 520 5707 θησαυρὸν,
537 5636 682 5691 τοῦτ’
710 5638 827 5694 ἐστι
844 5648 1105 5715 χρήματα
1128 5649 1462 5706 ἀποτεθέντα
1480 5654 1632 5723 παρά
1648 5633 1815 5710 τινων

223 5726 539 5803 ἠγνοήμενα
584 5731 666 5804 τῷ
726 5737 921 5809 χρόνῳ,
983 5740 1282 5813 κεχρῆσθαι
1342 5747 1456 5811 τοῖς
1507 5746 1812 5822 εὑρεθεῖσιν

1933 4754 2062 4811 que,
2083 4747 2217 4805 etc.,
2246 4755 2409 4811 usque
2434 4739 2503 4793 ad
2532 4738 2872 4812 profligatur,
2907 4747 2966 4792 ut
2992 4753 3114 4807 pag.
3141 4734 3271 4803 290,
3294 4735 3423 4791 291.

2000 4918 2299 4976 Scholium.
2354 4920 2545 4977 Const.
2604 4919 2656 4984 1,
2715 4919 2800 4974 tit.
2838 4919 2927 4984 15,
2976 4917 3073 4973 111).
3130 4934 3187 4984 x,
3248 4916 3372 4971 cod.
3442 4927 3531 4974 est

1926 5026 2049 5083 cap.
2079 5014 2166 5078 15,
2193 5015 2276 5067 tit.
2305 5014 2359 5077 7,
2393 5013 2488 5067 lib.
2528 5010 2698 5067 Basil.
2726 5026 2837 5075 LVI,
2877 5010 3024 5080 quod
3070 5007 3151 5064 sic
3194 5008 3274 5062 ait
3307 5025 3321 5062 :
3363 5008 3434 5063 Ut
3469 5008 3528 5062 in

1925 5106 2042 5165 suis
2076 5113 2173 5159 aut
2197 5105 2395 5162 alienis
2428 5104 2566 5160 locis
2604 5104 2927 5159 thesaurum
2955 5114 3206 5171 quaerere
3234 5098 3524 5169 permitta-

1924 5207 2033 5262 tur,
2068 5214 2232 5253 nemo
2256 5213 2451 5268 preces
2479 5197 2694 5253 efferto.
2740 5195 2930 5265 Neque
2963 5202 3227 5263 tanquam
3269 5191 3404 5262 ipse,
3433 5191 3522 5247 vel

1923 5299 2184 5361 tauquam
2254 5292 2399 5346 alius
2457 5291 2736 5360 quispiam
2806 5288 3126 5344 thesaurum
3201 5284 3517 5349 invenerit,

1922 5378 2261 5453 [quisquam]
2301 5382 2632 5452 supplicate.
2679 5378 2816 5435 Nam
2856 5379 2902 5434 si
2936 5378 3157 5449 quidem
3194 5377 3249 5431 in
3281 5377 3400 5433 suis
3432 5377 3517 5432 lo-

1917 5473 2019 5541 cis,
2051 5474 2167 5530 sive
2195 5474 2348 5529 nullo
2382 5474 2654 5530 scelerato
2684 5473 2960 5531 sacrificio
2991 5480 3087 5527 aut
3115 5472 3221 5526 alia
3251 5471 3510 5541 quapiam

1916 5574 2036 5623 arte
2071 5566 2287 5636 legibus
2330 5567 2495 5622 vetita
2529 5568 2850 5622 thesaurum
2886 5566 2963 5635 (id
3009 5574 3115 5628 est,
3162 5562 3412 5617 conditas
3443 5562 3513 5616 ab

1918 5658 2194 5728 aliquibus
2237 5660 2504 5729 pecunias
2538 5655 2751 5730 [longe]
2812 5668 3057 5727 tempore
3092 5656 3390 5725 ignoratus)
3427 5653 3512 5707 in—

1920 5751 2156 5820 venerit,
2192 5751 2427 5810 inventis
2468 5752 2639 5810 libere
2668 5751 2868 5811 fruitor
2899 5770 2912 5809 :
2949 5762 3127 5822 neque
3163 5747 3259 5809 ulli
3284 5745 3382 5807 Dei
3410 5746 3506 5805 be-
