3916 6244
397 285 543 351 1115.

1553 280 1819 344 PHOTII
1880 278 2391 343 PATRIARCIIAI
2428 279 2539 344 CP.‘

3534 277 3665 344 1116

400 402 662 458 nelicium
723 400 790 455 ad
862 398 1014 453 illum
1076 396 1525 453 caluntniandum
1602 406 1989 453 convertunto.

2112 395 2287 463 ἱδεῶς,
2327 396 2421 449 καὶ
2456 393 2532 465 μὴ
2556 392 2669 465 τὴν
2699 388 2795 445 τοῦ
2828 388 2969 444 Θεοῦ
2998 389 3312 462 φιλοτιμίαν
3338 392 3416 456 είς
3442 393 3534 465 τὴν
3554 395 3665 451 κατ’

396 496 697 566 Postquam
748 508 879 548 vero
931 493 1036 547 hoc
1086 491 1203 562 lege
1248 506 1580 547 concessum
1635 502 1741 557 est,
1796 505 1995 561 super-

395 587 569 643 ﬂuunt
620 586 787 641 fuerit
828 586 895 640 de
947 599 1013 639 eo
1068 598 1260 654 preces
1317 582 1559 638 oll‘erre:
1604 583 1808 654 quippe
1868 597 1993 637 cum

401 684 658 753 princeps
718 679 967 735 omnium
1036 691 1228 749 preces
1285 676 1634 748 prtevenerit.
1696 675 1756 731 1n
1818 675 1996 731 alieno

397 788 565 843 porro
599 773 743 837 loco,
797 786 974 841 neque
1022 770 1197 825 invito
1236 784 1415 840 neque
1445 768 1607 841 [non]
1641 768 1857 823 volente
1902 776 1997 821 aut

401 868 689 936 ignorante
741 864 991 930 domino,
1040 862 1333 934 quisquam
1379 862 1700 916 thesaurum
1749 873 1996 930 quagrere

400 961 601 1014 audeto
635 979 649 1015 :
679 959 923 1013 sed'sive
948 972 1138 1027 preces
1167 955 1449 1021 obtulerit,
1492 954 1608 1009 sive
1641 968 1751 1007 non
1796 951 1996 1007 oblatis

400 1053 655 1123 precibus
694 1060 885 1105 contra
925 1050 1066 1104 hanc
1112 1049 1285 1118 legem
1332 1048 1386 1101 in
1444 1046 1624 1100 alieno
1670 1046 1791 1099 loco
1837 1059 1997 1099 scru-

406 1145 575 1197 tando
611 1143 930 1196 thesaurum
962 1140 1233 1194 invenerit
1263 1154 1276 1191 :
1316 1138 1534 1191 inventa
1579 1135 1645 1189 ad
1677 1134 1781 1189 loci
1812 1134 1995 1189 domi-

402 1252 534 1291 num
568 1235 875 1305 pertinento
910 1250 925 1289 :
960 1233 1213 1287 inventor
1249 1238 1430 1285 autem
1481 1238 1744 1298 tanquam
1787 1227 1881 1296 qui
1919 1227 1999 1280 le—

403 1344 524 1399 gem
588 1326 957 1389 temeraverit,
1013 1325 1366 1379 vehementer
1425 1325 1669 1392 punitor.
1725 1318 1884 1387 Quod
1950 1318 1995 1374 si

401 1436 527 1475 cum
557 1435 736 1490 neque
773 1423 1293 1488 quaesisset,;neque
1324 1429 1513 1483 preces
1545 1413 1860 1477 obtulisset,
1900 1411 1995 1467 sed

403 1514 536 1569 dum
574 1511 715 1568 forte
756 1520 961 1575 araret,
1011 1510 1219 1564 aliasve
1250 1508 1485 1562 alienam
1527 1517 1731 1562 terram
1765 1506 1991 1567 coleret,

402 1623 515 1663 non
549 1604 928 1677 perscrutandi
961 1602 1146 1661 studio
1183 1602 1237 1656 in
1275 1602 1457 1656 alieno
1486 1601 1610 1655 loco
1642 1600 1842 1668 aliquis
1872 1597 1995 1651 the-

405 1712 635 1753 saurum
682 1695 945 1765 repererit
979 1712 993 1748 :
1025 1694 1375 1748 inventorum
1424 1692 1714 1746 dimidium
1758 1690 1872 1759 ipse
1911 1689 1997 1743 lu—

407 1797 617 1851 crator,
670 1787 900 1840 alterum
951 1800 1083 1839 vero
1143 1783 1248 1838 loci
1300 1782 1526 1837 domino
1580 1781 1730 1835 dato.
1772 1780 1999 1845 Quazras

406 1878 572 1931 etiam
600 1876 697 1935 lib.
728 1874 897 1930 Basil.
930 1891 1021 1939 xv,
1055 1876 1139 1928 tit.
1180 1874 1232 1938 1,
1266 1889 1388 1942 cap.
1417 1873 1507 1938 67,
1534 1879 1715 1927 const.
1750 1871 1802 1937 1,
1833 1872 1916 1926 tit.
1945 1872 2000 1937 7,

407 1968 502 2023 lib.
537 1984 551 2022 I
618 1967 743 2022 cod.
773 1976 858 2022 est
888 1982 1009 2037 cap.
1041 1965 1133 2031 2'5,
1169 1966 1253 2020 tit.
1282 1965 1372 2029 54,
1404 1965 1499 2020 lib.
1544 1963 1711 2020 Basil.
1744 1965 1999 2035 1.x,quod

406 2075 666 2131 expresse
697 2060 883 2122 habet,
913 2068 974 2113 ut
999 2060 1264 2128 scriptum
1299 2064 1403 2112 est.
1437 2057 1628 2112 Const.
1676 2058 1712 2112 2
1751 2058 1995 2128 ejusdem

407 2153 493 2207 tit.
528 2160 583 2207 et
614 2152 708 2207 lib.
754 2159 838 2206 est
867 2166 987 2220 cap.
1035 2150 1129 2212 24,
1162 2149 1408 2219 ejusdem
1446 2151 1528 2204 tit.
1560 2158 1613 2203 et
1657 2149 1750 2204 lib.
1793 2150 1984 2214 Basil.,

408 2245 556 2313 quod
592 2244 674 2300 sic
727 2244 913 2307 habet,
956 2251 1015 2298 ut
1060 2243 1117 2297 in
1151 2242 1477 2312 compendio
1504 2243 1843 2312 propositum
1892 2251 1997 2298 est.

406 2339 596 2392 Const.
622 2337 656 2391 5
713 2346 798 2392 est
825 2352 947 2407 cap.
975 2336 1065 2403 25,
1094 2335 1237 2405 quod
1262 2335 1345 2393 sic
1366 2336 1528 2391 habet
1553 2354 1565 2389 :
1596 2335 1702 2402 Qui
1744 2345 1998 2392 sanctum

408 2429 677 2499 baptisma
709 2428 912 2499 prodit,
947 2426 1325 2484 testimonium
1359 2442 1465 2483 non
1511 2427 1666 2489 dicit,
1703 2442 1881 2498 neque
1916 2438 1998 2481 te-

404 2535 738 2580 stamentum
787 2523 941 2591 facit,
991 2538 1168 2593 neque
1205 2522 1300 2576 ulli
1348 2522 1404 2576 in
1456 2521 1773 2575 haereditate
1814 2535 2004 2575 succe-

407 2619 509 2673 dit.
541 2617 804 2689 Apostata
834 2618 979 2672 enim
1014 2617 1269 2672 habetur.
1309 2614 1695 2670 Animadverte
1727 2614 1913 2684 igitur,
1944 2614 1997 2668 id

409 2712 557 2780 quod
614 2713 667 2766 in
714 2720 864 2765 textu
914 2710 1151 2780 positum
1203 2717 1305 2770 est,
1350 2724 1419 2762 ne
1467 2706 1765 2779 [videlicet]
1815 2706 2003 2761 istius-

410 2802 561 2857 modi
614 2817 739 2857 cum
802 2800 1117 2856 hominibus
1168 2808 1595 2865 conversentur,
1653 2806 1729 2861 et,
1783 2811 1848 2851 ne
1897 2797 2001 2866 ipsi

408 2896 743 2966 poenitentia:
787 2903 1001 2965 tempus
1037 2894 1274 2949 habeant
1303 2932 1317 2956 ,
1350 2908 1458 2946 non
1494 2907 1614 2946 esse
1642 2890 1885 2945 additum
1939 2891 1994 2945 in

408 2989 719 3057 Basil.,sed
776 2998 1038 3059 tanquam
1091 2988 1160 3043 ab
1201 2986 1541 3042 humanitate
1589 2985 1853 3049 alienum,
1900 3000 2000 3039 ex-

2100 487 2270 543 αὑτοῦ
2298 487 2671 558 συκοφαντίαν
2714 485 3077 558 πρεπέτωσάν
3129 503 3297 549 τινες.
3334 487 3541 559 Ἐπειδὴ
3568 492 3675 544 τοίο

2098 598 2193 635 νυν
2242 581 2403 634 τοῦτο
2441 581 2593 651 νόμῳ
2629 581 3050 649 ἐπιτέτραπται,
3108 578 3206 632 καὶ
3264 582 3510 649 περιττόν
3560 584 3665 637 ἐστι

2096 672 2314 744 δεήσεις
2363 670 2661 725 ἐπιδιδόναι
2714 670 2845 739 περὶ
2895 669 3109 735 τούτου,
3166 668 3244 733 ὡς
3287 671 3379 724 τοῦ
3420 671 3667 742 βασιλέως

2097 765 2202 829 τὰς
2231 765 2450 819 πάντων
2489 763 2708 834 δεήσεις
2738 761 3167 833 προφθάνοντες.
3213 762 3303 815 Ἐν
3345 763 3671 835 ἀλλοτρίῳδέ

2097 859 2250 929 τόπῳ
2294 857 2431 929 μηδὲ
2460 855 2706 919 ἄκοντος,
2754 854 2888 926 μήδε
2919 854 3252 925 βουλομένου
3282 856 3378 910 τοῦ
3402 858 3669 924 δεσπότου,

2098 955 2133 1025 ἢ
2164 953 2490 1024 ἀγνοοῦντος
2515 950 2772 1020 τολμάτω
2799 967 2884 1012 τις
2914 949 3206 1020 ἀναζητεῖν
3233 951 3520 1023 θησαυρὸν,
3550 955 3673 1010 ἀλλὰ

2102 1048 2212 1102 εἴτε
2261 1046 2446 1116 δέησιν
2500 1041 2869 1106 ἐπιδεδωκὼς,
2928 1044 3038 1097 εἴτε
3090 1044 3187 1097 καὶ
3241 1046 3405 1117 χωρὶς
3453 1047 3674 1118 δεήσεως

2098 1141 2400 1214 ἐρευνήσας
2438 1138 2592 1207 παρά
2641 1136 2830 1191 τοῦτον
2868 1137 2958 1190 τὸν
2989 1136 3155 1205 νόμον
3177 1136 3309 1209 εὕρῃ
3333 1156 3416 1202 τις
3437 1140 3492 1191 ἐν
3523 1141 3668 1195 ἀλλο.

2098 1235 2237 1304 τρίῳ
2269 1234 2420 1303 τόπῳ
2476 1230 2775 1303 θησαυρὸν,
2840 1229 3147 1300 διαφερέτω
3199 1232 3298 1298 μὲν
3344 1232 3422 1301 τῷ
3460 1233 3676 1311 δεσπότῃ

2095 1325 2193 1379 τοῦ
2223 1326 2392 1378 τόπου
2416 1324 2487 1378 τὰ
2531 1321 2849 1392 εὑρεθέντα,
2878 1324 2905 1374 ὁ
2928 1320 2985 1375 δὲ
3018 1321 3200 1392 εὑρὼν
3224 1322 3299 1385 ὡς
3323 1325 3571 1398 παραϐὰς
3594 1327 3677 1381 τὸν

2098 1423 2266 1493 νόμον
2307 1420 2553 1492 σφοδρῶς
2589 1404 2964 1489 τιμωρείσθω.
3022 1418 3149 1473 Ἐὰν
3194 1418 3251 1472 δέ
3281 1418 3399 1472 οὐδὲ
3432 1420 3674 1491 ζητήσας,

2096 1518 2218 1572 οὐδὲ
2248 1518 2460 1588 δεήσεις
2488 1512 2853 1577 ἐπιδεδωκὼς,
2886 1512 3025 1567 ἀλλά
3054 1515 3111 1567 ἐν
3132 1513 3211 1583 τῷ
3241 1513 3405 1583 τυχὸν
3435 1514 3679 1585 ἀροτριᾷν

2096 1610 2196 1679 τὴν
2230 1609 2337 1677 γῆν
2385 1607 2416 1678 ἢ
2465 1606 2641 1668 ἄλλως
2682 1604 2798 1667 πῶς
2839 1604 3105 1676 γεωργῶν
3136 1602 3234 1674 τήν
3275 1603 3560 1676 ἀλλοτρίαν
3587 1605 3678 1676 γῆν

2102 1704 2165 1757 οὐ
2191 1702 2334 1757 κατὰ
2360 1701 2598 1773 σπουδὴν
2630 1699 2869 1771 ἐρευνῶν
2901 1700 3039 1771 εὕρῃ
3064 1717 3148 1764 τις
3172 1700 3229 1750 ἐν
3255 1698 3522 1769 ἀλλοτρίῳ
3544 1699 3679 1770 τόπῳ

2107 1796 2404 1868 θησαυρὸν,
2438 1795 2501 1848 τὸ
2536 1794 2635 1865 μὲν
2668 1794 2842 1864 ἥμισυ
2872 1792 2983 1846 τῶν
3010 1791 3347 1863 εὑρεθέντων
3381 1792 3539 1854 αὐτὸς
3564 1808 3679 1861 κερ-

2106 1892 2359 1951 δαινέτω,
2391 1888 2451 1942 τὸ
2478 1889 2534 1942 δὲ
2570 1889 2741 1959 ἥμισυ
2773 1887 2965 1941 διδότω
2990 1884 3068 1956 τῷ
3100 1886 3343 1958 δεσπότῃ
3374 1884 3470 1938 τοῦ
3506 1886 3678 1939 τόπου.

2108 1985 2270 2055 Ζήτει
2294 1982 2387 2035 καὶ
2421 1979 2624 2051 βιϐλίον
2653 1977 2764 2031 τῶν
2784 1976 3089 2031 Βασιλικῶν
3127 1984 3213 2040 ιε’,
3240 1977 3345 2032 τίτ.
3376 1983 3442 2042 α’,
3472 1994 3591 2045 κεφ.
3624 1974 3681 2043 ξ’,

2107 2078 2142 2147 ἡ
2173 2074 2219 2129 α’
2253 2075 2392 2128 διὰτ.
2446 2072 2539 2125 τοῦ
2576 2072 2620 2137 ζ’
2652 2071 2758 2124 τίτ.
2809 2070 2902 2124 τοῦ
2944 2069 2991 2123 α’
3045 2069 3253 2140 βιϐλίου
3306 2070 3402 2123 τοῦ
3450 2068 3679 2132 κὼδικος,

2102 2165 2221 2218 ἔστι
2271 2181 2397 2232 κεφ.
2452 2159 2537 2229 κγ’
2572 2159 2668 2214 τοῦ
2696 2159 2766 2213 νδ¹
2800 2159 2908 2213 τίτ.
2946 2158 3039 2213 τοῦ
3070 2158 3112 2227 ξ’
3148 2159 3361 2230 βιϐλίου
3392 2158 3500 2213 τῶν
3537 2160 3683 2213 Βασι-

2104 2253 2277 2308 λικῶν
2327 2252 2500 2314 οὕτως
2537 2250 2659 2321 ἔχον
2729 2249 2932 2320 ῥητῶς,
2991 2248 3066 2312 ὡς
3106 2250 3349 2320 ἐγράφη.
3393 2250 3455 2302 Ἦ
3487 2248 3528 2320 β’
3556 2249 3680 2305 διάτ.

2105 2348 2201 2403 τοῦ
2230 2346 2397 2401 αὐτοῦ
2429 2349 2532 2399 τίτ.
2583 2344 2674 2397 καὶ
2712 2342 2917 2413 βιϐλίου
2974 2342 3091 2395 ἐστι
3122 2360 3251 2410 κεφ.
3298 2342 3379 2396 κδ’
3416 2342 3506 2395 τοῦ
3532 2339 3680 2395 αὑτοῦ

2103 2439 2208 2493 τίτ.
2237 2438 2333 2492 καὶ
2371 2436 2578 2507 βιϐλίου
2615 2434 2725 2486 τῶν
2750 2433 3080 2499 Βασιλικῶν,
3105 2432 3278 2495 οὕτως
3312 2433 3434 2503 ἕχον
3466 2431 3540 2495 ὡς
3568 2448 3681 2485 συν-

2105 2532 2343 2603 ωψίσθη.
2381 2531 2446 2585 Ἦ
2502 2528 2549 2599 γ’
2580 2531 2722 2585 διάτ.
2771 2527 2887 2581 ἐστι
2935 2544 3063 2595 κεφ.
3098 2524 3176 2579 κε’
3217 2526 3399 2589 οὕτως
3435 2526 3588 2595 ἔχον·
3629 2523 3681 2577 '0

2106 2625 2395 2697 προδιδοὺς
2457 2624 2520 2676 τὸ
2578 2624 2733 2691 ἅγιον
2800 2620 3084 2691 βάπτισμα
3137 2620 3201 2673 οὗ
3254 2621 3545 2691 μαρτυρεῖ,
3577 2615 3680 2671 οὔτι

2104 2718 2424 2779 διατίθεται,
2459 2714 2585 2769 οὔτε
2627 2714 2787 2769 ἄλλον
2831 2712 3162 2782 διαδέχεται,
3221 2712 3541 2781 ἀποστάτης
3585 2708 3680 2779 γὰρ

2107 2814 2326 2865 νοεῖται.
2362 2810 2606 2880 Πρόσχες
2646 2802 2741 2861 οὖν
2779 2807 2861 2860 ὅτι
2896 2806 2958 2859 τὸ
2989 2805 3240 2876 κείμενον
3295 2806 3357 2858 ἐν
3389 2803 3466 2870 τῷ
3504 2802 3681 2857 πλάτει

2107 2904 2236 2974 περὶ
2274 2901 2369 2957 τοῦ
2414 2901 2488 2973 μὴ
2529 2899 3067 2970 συναναστρέφεσθαι
3108 2899 3237 2962 τοὺς
3267 2898 3564 2960 τοιούτους,
3598 2896 3681 2949 καὶ

2109 2995 2370 3069 περὶτοῦ
2422 2995 2497 3066 μὴ
2557 2994 2705 3065 ἔχειν
2752 2994 2951 3055 αὐτοὺς
3005 2992 3197 3063 καιρὸν
3248 2991 3569 3062 μετανοίας,
3627 2989 3680 3042 οὐ

407 3083 650 3155 pulsum.
677 3083 867 3154 Itaque
899 3092 1123 3154 propter
1151 3083 1269 3137 haec
1301 3083 1469 3136 etiam
1502 3080 1669 3136 Basil.
1702 3079 2003 3135 architecto

2112 3090 2411 3162 προσετέθη
2440 3092 2497 3143 ἐν
2529 3090 2639 3151 τοῖς
2668 3086 2997 3168 Βασιλικοῖς,
3021 3084 3136 3138 ἀλλ’
3171 3082 3405 3153 ἐδιώχθη
3435 3082 3509 3146 ὡς
3543 3079 3682 3147 ἀφιλ-

406 3188 539 3233 sunt
569 3179 790 3249 agenda:
819 3179 1027 3250 gratiae.
1059 3176 1284 3232 Novella
1310 3175 1612 3232 .lustiniani
1646 3175 1739 3240 57,
1772 3188 1896 3243 qua:
1928 3172 1997 3227 de

408 3272 670 3329 Ecclesiis
698 3271 968 3327 Africanis
1004 3270 1275 3345 [tractat],
1317 3286 1426 3326 non
1466 3278 1551 3325 est
1589 3272 1795 3324 inserta
1828 3268 2001 3323 Basil.

410 3366 602 3424 Const.
636 3368 670 3420 4
704 3367 991 3421 memorati
1026 3366 1056 3418 7
1129 3366 1211 3420 tit.
1250 3366 1344 3419 lib.
1381 3379 1398 3418 ι
1447 3364 1571 3419 cod.
1614 3372 1701 3419 est
1740 3378 1864 3433 cap.
1908 3360 2001 3429 26,

408 3460 539 3515 dicti
571 3460 641 3515 54
668 3460 751 3515 tit.
815 3460 907 3513 lib.
938 3475 1028 3525 ιχ,
1055 3458 1201 3528 quod
1230 3457 1312 3511 sic
1340 3456 1525 3520 habet,
1561 3465 1619 3511 ut
1649 3457 1703 3510 in
1734 3469 2003 3525 compen-

407 3551 501 3606 dio
532 3551 875 3621 propositum
911 3559 1011 3605 est.
1042 3550 1233 3604 Const.
1264 3548 1299 3602 5
1343 3558 1428 3603 est
1454 3564 1577 3617 cap.
1603 3547 1675 3601 27
1754 3546 2003 3617 ejusdem

411 3645 497 3697 tit.
570 3652 627 3697 et
674 3643 768 3697 lih.
824 3642 971 3713 quod
1042 3641 1230 3696 eadem
1288 3650 1552 3696 recenset.
1596 3638 1786 3695 Const.
1839 3638 1873 3694 6
1923 3646 2008 3695 est

418 3750 544 3807 cap.
574 3734 645 3791 28
696 3734 844 3791 illius
875 3736 957 3789 tit.
987 3735 1133 3806 quod
1165 3733 1419 3790 similiter
1445 3734 1621 3805 jubet.

486 4018 705 4075 Tactus.
749 4017 871 4075 Lib.
910 4034 932 4076 ι
990 4018 1074 4075 tit.
1119 4018 1186 4082 9,
1229 4024 1408 4075 const.
1446 4016 1515 4073 18
1544 4032 1561 4074 :
1587 4015 1828 4085 Iudaeus,
1873 4027 2006 4085 etc.,

412 4128 576 4185 usque
602 4113 672 4167 ad
703 4112 1055 4168 cantharidas
1103 4112 1333 4179 dederit,
1363 4121 1422 4165 ut
1475 4128 1599 4182 pag.
1627 4110 1758 4167 767.

486 4294 1082 4351 Scholium.C0ttst.18
1133 4295 1435 4351 tit.9lih.|
1478 4295 1600 4351 cod.
1651 4304 1735 4351 est
1797 4310 1918 4366 cap.
1941 4296 2006 4350 41

414 4387 502 4443 tit.
541 4388 565 4442 l
631 4387 729 4442 lib.
769 4405 783 4443 ι
826 4388 994 4445 Basil.
1057 4390 1201 4459 quod
1250 4391 1441 4455 habet,
1480 4398 1538 4445 ut
1587 4390 1640 4444 in
1685 4391 2011 4460 compendio

2108 3181 2552 3254 ανθρωπότερον,
2616 3166 2973 3249 εὐχαριστέον
3020 3171 3114 3231 οὖν
3160 3175 3240 3245 τῷ
3282 3176 3590 3247 συνθεμένῳ
3625 3172 3684 3227 τὰ

2110 3274 2397 3339 Βασιλικὰ,
2442 3274 2537 3328 καὶ
2571 3272 2658 3326 διὰ
2690 3273 2873 3337 τοῦτο,
2901 3272 2934 3342 ή
2962 3268 3039 3335 λζ’
3078 3270 3507 3331 ’1ουστινιάνειος
3531 3267 3683 3338 νεαρᾶ

2110 3369 2310 3443 ήπερὶ
2368 3366 2477 3420 τῶν
2520 3365 2860 3435 Ἐκκλησιῶν
2897 3364 3169 3434 Ἀφρικῆς
3225 3364 3289 3417 οὐ
3345 3360 3684 3433 κατεστρώθη

2112 3466 2193 3527 είς
2219 3463 2287 3516 τὰ
2321 3459 2606 3514 Βασιλικά.
2644 3459 2709 3512 Ἦ
2728 3458 2768 3512 δ’
2798 3459 2939 3512 διάτ.
2971 3457 3067 3510 τοῦ
3099 3457 3487 3526 διαληφθέντος
3521 3453 3562 3519 ζ’
3592 3454 3683 3507 τίτ.

2112 3553 2206 3607 τοῦ
2240 3551 2287 3607 α’
2322 3551 2530 3623 βιϐλίου
2576 3550 2671 3604 τοῦ
2729 3550 2986 3612 κώδικος,
3015 3548 3129 3602 ἐστι
3192 3566 3320 3619 κεφ.
3355 3546 3449 3614 κς¹
3473 3545 3563 3601 τοῦ
3602 3548 3686 3618 ρη-

2114 3647 2301 3710 θέντος
2335 3643 2408 3699 νδ¹
2442 3646 2547 3699 τίτ.
2581 3644 2678 3698 τοῦ
2715 3642 2757 3711 ξ’
2796 3643 3004 3714 βιϐλίου
3045 3643 3219 3708 οὕτως
3273 3643 3398 3715 ἕχον
3452 3643 3525 3707 ὡς
3574 3658 3687 3695 συν-

2113 3739 2349 3810 ωψίσθη.
2397 3739 2462 3792 Ἦ
2489 3736 2529 3790 ε’
2580 3737 2722 3792 διάτ.
2757 3737 2872 3791 ἐστι
2920 3753 3048 3805 κεφ.
3102 3734 3186 3802 κζ’
3239 3736 3338 3790 τοῦ
3389 3735 3549 3789 αὑτοῦ
3593 3734 3687 3787 τίτ.

2111 3833 2207 3886 καὶ
2256 3829 2465 3902 βιϐλίου
2506 3830 2576 3885 τὰ
2626 3830 2768 3883 αὐτὰ
2811 3829 3028 3896 διεξιὸν,
3075 3829 3169 3883 καὶ
3226 3826 3351 3900 ἧς’
3384 3828 3525 3884 διάτ.
3579 3826 3686 3879 ἐστι

2116 3942 2244 3996 κεφ.
2264 3922 2350 3995 κη’
2382 3923 2480 3977 τοῦ
2512 3924 2759 3979 τοιούτου
2796 3926 2902 3980 τίτ.
2928 3924 3133 3997 ὁμοίως
3165 3924 3680 3996 παρακελευόμενον.

2187 4018 2493 4087 Κείμενον.
2524 4016 2741 4070 Βιϐλίον
2772 4022 2843 4085 α’,
2870 4017 2977 4071 τίτ.
3008 4014 3076 4081 θ’,
3117 4017 3256 4070 διάτ.
3294 4015 3390 4089 ιη’,
3424 4016 3680 4078 Ἰουδαῖος,

2115 4129 2171 4166 κ.
2209 4128 2262 4167 τ.
2310 4110 2400 4178 λ.,
2450 4126 2622 4182 usque
2673 4110 2742 4166 ad
2785 4110 2820 4183 ἢ
2878 4110 3299 4184 μανδραγόραν,
3354 4109 3388 4183 ἢ
3446 4105 3689 4179 κανθαρί-

2117 4202 2235 4266 δας.
3711 4190 3730 4218 ⁴

2189 4295 2475 4368 Σχόλιον.
2524 4294 2589 4348 Ἥ
2622 4293 2690 4367 ιη’
2711 4295 2851 4351 διάτ.
2885 4292 2980 4348 τοῦ
3004 4293 3050 4347 α’
3081 4292 3291 4365 βιϐλίου
3333 4293 3429 4347 τοῦ
3456 4291 3688 4355 κὼδικος,

2117 4389 2232 4443 ἔστι
2257 4406 2381 4456 κεφ.
2420 4386 2509 4458 μα’
2535 4387 2630 4442 τοῦ
2676 4386 2723 4442 α’
2761 4389 2864 4446 τίτ.
2890 4387 2986 4442 τοῦ
3020 4386 3067 4443 α’
3119 4387 3325 4457 βιϐλίου
3367 4385 3539 4449 οὕτως
3579 4386 3688 4455 ἔχον

417 4476 759 4545 propositum
793 4488 877 4532 est
910 4496 923 4532 :
959 4488 1191 4548 excepto
1215 4520 1228 4540 ,
1259 4480 1403 4548 quod
1439 4478 1660 4535 Iudaeus
1696 4482 2003 4550 capitaliter

2112 4480 2183 4545 ὡς
2221 4479 2565 4551 συνωψίσθη,
2599 4480 2729 4535 ἀνευ
2760 4477 2855 4532 τοῦ
2901 4478 3211 4549 κεφαλικῶς
3232 4477 3590 4549 τιμωρεῖσθαι
3610 4474 3690 4525 τὸν

418 4570 700 4640 puniatur.
747 4570 801 4624 Id
854 4586 1093 4640 namque
1139 4573 1192 4625 in
1244 4572 1413 4628 Basil.
1459 4589 1564 4627 non
1613 4582 1699 4629 est
1739 4574 2009 4645 positum.

420 4664 627 4733 Digest.
658 4665 720 4730 7,
756 4666 838 4720 tit.
873 4664 940 4729 2,
976 4665 1071 4719 lib.
1107 4682 1196 4728 ix,
1224 4666 1336 4737 dig.
1374 4676 1457 4721 est
1503 4668 1685 4723 thema
1723 4668 1791 4733 7,
1828 4669 1909 4724 tit.
1947 4670 2011 4732 5,

418 4755 514 4811 lib.
544 4772 632 4818 ιι,
665 4756 811 4827 quod
845 4758 919 4812 ait
954 4775 968 4812 :
997 4756 1103 4824 Qui
1135 4774 1244 4813 non
1276 4760 1498 4825 occidit,
1533 4759 1625 4814 sed
1661 4762 1855 4814 mortis
1886 4776 2018 4814 cau-

422 4861 539 4901 sam
570 4846 822 4916 priestitit
846 4846 1021 4919 (puta,
1043 4849 1137 4918 qui
1171 4865 1436 4904 venenum
1468 4866 1566 4920 pro
1592 4850 2012 4915 medicamento,

421 4949 517 4995 aut
547 4940 785 5011 gladium
817 4940 1020 4996 furenti
1052 4941 1224 5013 dedit)
1263 4943 1316 4997 in
1355 4942 1559 4998 factum
1586 4985 1602 5011 ,
1635 4959 1745 4998 non
1783 4943 2015 5017 [autem)

418 5034 536 5104 lege
568 5034 783 5104 Aquilia
820 5045 1035 5091 tenetur
1066 5037 1263 5107 digest.
1294 5036 1362 5099 8,
1395 5046 1479 5091 est
1512 5036 1544 5089 8
1617 5053 1737 5107 cap.
1771 5036 2016 5108 ejusdem

417 5130 501 5184 tit.
534 5138 588 5184 et
624 5130 718 5185 lib.
754 5128 1017 5187 Similiter
1061 5132 1220 5185 etiam
1268 5132 1302 5187 9
1368 5133 1477 5202 dig.
1512 5132 1575 5196 4,
1607 5134 1692 5187 tit.
1724 5133 1791 5199 2,
1822 5133 1919 5187 lib.
1950 5149 2016 5198 ι,

416 5221 529 5293 dig.
559 5229 645 5277 est
680 5222 861 5277 thema
891 5222 945 5286 2.
979 5239 1099 5293 cap.
1128 5223 1193 5286 4,
1225 5223 1308 5279 tit.
1338 5226 1371 5279 '5
1456 5226 1549 5281 lib.
1585 5242 1722 5286 χιιι,
1759 5226 1902 5296 quod
1938 5226 2020 5281 sic

423 5316 585 5369 habet
612 5332 626 5369 :
661 5313 916 5386 Exceptis
945 5315 1259 5371 nominibus
1291 5318 1513 5387 reliqum
1544 5334 1631 5373 res
1662 5317 2019 5373 deducuntur

424 5406 479 5458 in
512 5404 781 5473 judicium
823 5404 1045 5461 familia:
1079 5406 1440 5461 erciscundae.
1470 5406 1608 5462 Mala
1644 5408 1807 5463 etiam
1842 5409 2022 5463 medi-

420 5504 701 5561 camenta,
734 5505 787 5550 et
831 5496 1028 5567 magici
1078 5497 1396 5568 similesque
1441 5499 1566 5553 libri
1618 5517 1631 5553 :
1686 5500 1781 5554 sed
1816 5500 2022 5570 judicis

424 5585 662 5640 officium
698 5597 810 5651 est,
841 5597 901 5643 ut
930 5589 1047 5644 haec
1079 5590 1332 5659 protinus
1362 5601 1701 5664 corrumpat.
1728 5592 1849 5648 Non
1880 5594 2021 5649 divi-

423 5677 630 5732 duntur
662 5689 844 5734 autem
864 5719 879 5745 ,
911 5697 1035 5750 quae
1068 5697 1135 5737 ex
1168 5684 1456 5754 sacrilegio
1484 5685 1567 5740 vcl
1592 5686 1841 5756 peculatu
1873 5702 2024 5756 qua!-

427 5769 532 5825 sita
580 5780 737 5842 sunt,
788 5772 873 5830 vel
918 5774 1004 5844 vi,
1060 5784 1155 5832 aut
1204 5792 1553 5850 aggressum.
1604 5778 2022 5839 Animadvertas

2127 4573 2402 4629 Ἰουδαῖον.
2434 4572 2607 4627 Τοῦτο
2634 4572 2748 4645 γὰρ
2788 4572 2889 4627 οὐκ
2916 4572 3074 4640 ἐτέθη
3106 4574 3186 4635 είς
3224 4573 3292 4624 τά
3325 4568 3602 4623 Βασιλικά.
3628 4565 3691 4618 Τὸ

2117 4662 2333 4729 ζ’διάτ.
2387 4664 2482 4719 τοῦ
2538 4664 2581 4735 β’
2609 4665 2718 4719 τίτ.
2774 4662 2872 4716 τοῦ
2903 4660 2949 4716 θ’
2979 4662 3187 4734 βιϐλίου
3239 4662 3350 4715 τῶν
3400 4660 3538 4714 διάτ.
3590 4658 3691 4709 ἔστι

2118 4756 2263 4828 θέμα
2290 4756 2334 4822 ζ’
2372 4756 2466 4812 τοῦ
2507 4756 2557 4827 γ’
2588 4758 2693 4812 τίτ.
2736 4757 2831 4811 τοῦ
2865 4756 2905 4822 ξ’
2938 4756 3168 4827 βιϐλίου,
3202 4754 3381 4823 λέγονο
3417 4753 3477 4806 '0
3502 4750 3572 4823 μὴ
3609 4764 3693 4817 φθ-

2117 4850 2338 4918 νεύσας,
2373 4850 2507 4905 ἀλλά
2536 4852 2715 4906 αἰτίαν
2742 4850 2974 4905 θανάτου
2994 4849 3244 4914 δεδωκὼς
3268 4850 3335 4919 τῇ
3368 4844 3689 4917 ίμφακτοὺμ,

2118 4943 2179 4996 οὐ
2204 4941 2283 5013 τῷ
2321 4942 2608 5011 ’Λκουιλίῳ
2642 4944 2949 5008 ὑπόκειται,
2978 4942 3054 5007 ὡς
3085 4944 3113 4995 ὁ
3141 4940 3387 5003 δεδωκὼς
3418 4939 3690 5009 φάρμακον

2120 5036 2244 5090 ἀντὶ
2301 5037 2563 5106 ἰατρείας,
2599 5036 2631 5108 ἥ
2663 5037 2817 5106 ξίφος
2864 5037 2927 5091 τὸ
2986 5037 3318 5108 μαινομένῳ.
3378 5033 3451 5087 Τὸ
3486 5030 3535 5103 η’
3561 5029 3687 5084 διάτ.

2121 5131 2236 5184 ἔστι
2287 5128 2338 5199 η’
2368 5146 2493 5199 κεφ.
2537 5129 2631 5183 τοῦ
2660 5130 2828 5183 αὑτοῦ
2883 5130 2990 5183 τίτ.
3022 5130 3118 5183 καὶ
3179 5128 3405 5201 βιϐλίου,
3448 5122 3689 5182 ὡσαύτως

2122 5228 2217 5280 καὶ
2248 5225 2309 5280 τὸ
2340 5222 2407 5288 θ’,
2439 5224 2500 5277 τὸ
2529 5223 2573 5277 δ’
2620 5224 2761 5278 διάτ.
2802 5223 2898 5277 τοῦ
2937 5221 2981 5293 β’
3011 5224 3117 5277 τίτ.
3173 5221 3265 5277 τοῦ
3300 5218 3330 5274 ι’
3362 5219 3562 5291 βιϐλίου
3591 5214 3689 5267 τῶν

2122 5318 2264 5372 διάτ.
2320 5317 2436 5371 ἔστι
2492 5316 2634 5388 θέμα
2684 5314 2728 5388 β’
2774 5316 2869 5370 τοῦ
2922 5314 3112 5385 δ’κεφ.
3146 5316 3240 5369 τοῦ
3275 5312 3452 5385 γ’τίτ.
3486 5309 3573 5366 τοῦ
3609 5304 3685 5378 μβ¹

2124 5411 2332 5483 βιϐλίου
2348 5410 2522 5475 οὕτως
2544 5410 2686 5481 ἔχον·
2708 5410 2907 5483 Ἐξῃρη
2918 5411 3093 5481 μένων
3117 5410 3225 5463 τῶν
3244 5407 3421 5479 χρεῶν
3447 5406 3511 5460 τὰ
3540 5402 3685 5457 λοιπά

2125 5504 2430 5574 πράγματα
2467 5503 2799 5572 κατάγονται
2850 5504 2932 5567 είς
2978 5502 3040 5556 τὸ
3097 5500 3342 5572 διαιροῦν
3376 5502 3438 5571 τῇ
3470 5494 3684 5568 φαμιλία

2122 5594 2214 5649 τὸν
2244 5594 2448 5665 κλῆρον
2478 5594 2852 5667 δικαστήριον,
2883 5594 2978 5648 καὶ
3003 5592 3074 5647 τὰ
3113 5594 3260 5648 κακά
3286 5591 3565 5661 φάρμακα,
3599 5584 3682 5638 καὶ

2122 5687 2192 5742 τὰ
2226 5686 2437 5758 μαγικὰ
2468 5686 2651 5757 βιϐλία
2680 5688 2776 5740 καὶ
2821 5688 2892 5741 τὰ
2931 5687 3115 5758 ὅμοια,
3147 5684 3281 5740 ἀλλά
3308 5683 3552 5755 ὀφφίκιόν
3579 5682 3679 5732 ἐστι

2124 5781 2218 5837 τοῦ
2253 5780 2515 5839 δικαστοῦ
2565 5781 2917 5857 παραχρῆμα
2947 5780 3015 5835 τὰ
3045 5779 3269 5835 τοιαῦτα
3324 5777 3569 5849 φθείρειν.
3610 5772 3674 5823 Οὐ
