3744 6218
88 269 223 336 1117

1038 270 1536 333 NOMOCANON.
1576 298 1645 308 —
1673 269 1823 331 TIT.
1864 269 1971 345 IX,
2008 270 2169 333 CAP.
2201 269 2413 332 XXVI.

3236 261 3374 329 1118

80 385 379 457 δωιρεῖηδὲ
423 384 493 438 τὰ
528 384 637 438 ἀπὸ
675 383 983 452 ἱεροσυλίας
1029 384 1328 454 κτηθέντα,
1364 383 1397 453 ἢ
1441 382 1511 435 τὰ
1553 381 1642 436 am‘

1824 382 1953 446 itur,
1991 382 2135 451 quod
2180 381 2233 435 in
2266 381 2380 451 Dig.
2416 381 2679 450 scriptum
2725 380 2829 447 sit,
2888 395 2954 435 ne
2996 380 3191 450 magici
3240 382 3365 437 libri

78 478 251 548 δήμου
287 475 589 533 κλαπέντα,
622 474 655 544 ἢ
690 474 906 544 ἐφόδου.
944 473 1190 542 Πρόσχες
1242 472 1422 526 τοίνυν
1478 474 1562 526 ὅτι
1610 473 1670 524 ἐν

82 570 182 639 μὲν
224 570 337 631 τοίς
385 567 652 635 διγέστοις
702 566 1016 635 γέγραπται
1075 564 1150 636 μὴ
1209 564 1545 635 διαιρεῖσθαι
1600 564 1670 620 τὰ

81 659 295 732 μαγικὰ
324 659 524 731 βιϐλία,
563 659 658 713 καὶ
688 659 757 710 τὰ
788 657 930 710 κατὰ
954 658 1245 728 φάρμακα.
1280 657 1337 710 '0
1359 657 1413 709 δὲ
1456 656 1667 727 βασιλι·

76 753 173 818 κὸς
212 754 362 819 λέγει
408 751 743 824 διαιρεῖσθαι
794 751 990 818 ταῦτα,
1036 750 1135 805 κα1¹
1178 750 1299 802 ἔστι
1338 750 1478 804 κατά
1529 749 1666 803 πολὺ

72 842 470 914 ἀκριϐέστερον
512 842 574 895 τὸ
616 841 710 894 τοῦ
754 840 1071 905 Βασι).ικοῦ,
1102 842 1196 895 καὶ
1228 840 1402 893 ταῦτα
1441 840 1551 910 γὰρ
1591 840 1669 904 ὡς

69 936 342 998 δεσπότας
380 935 668 1006 γινόμενοι,
720 934 901 997 καλῶς
944 934 1301 1006 διαιροῦνται.
1357 934 1576 1003 Ἐτέρου
1607 933 1666 986 δὲ

68 1030 231 1098 λόγου
266 1030 387 1083 ἐστὶ
430 1028 491 1081 τὸ
532 1028 786 1082 καίεσθαι
816 1028 956 1081 αὐτὰ
996 1028 1240 1097 ὀφφικίῳ
1266 1026 1360 1080 τοῦ
1407 1025 1665 1079 δικαστοῦ

67 1122 159 1175 διὰ
190 1122 260 1175 τὰ
285 1122 348 1174 τδ
375 1122 449 1193 μή
482 1139 633 1183 τινας
674 1124 737 1174 ἐκ
761 1120 966 1173 τούτων
995 1119 1283 1190 βλαϐῆναι.
1319 1119 1392 1172 Τὸ
1418 1117 1489 1172 λε’
1520 1119 1663 1176 διάτ.

65 1216 162 1269 τοῦ
193 1214 240 1269 α’
266 1216 375 1270 τίτ.
407 1215 498 1269 τοῦ
525 1213 592 1285 ιη’
632 1214 845 1285 βιϐλίου
864 1217 973 1269 τῶν
1001 1215 1145 1269 διατ.
1173 1213 1288 1267 ἐστι
1320 1214 1462 1284 θέμα
1495 1212 1546 1282 γ’
1570 1212 1662 1266 τοῦ

65 1305 145 1358 λε’
180 1323 305 1375 κεφ.
356 1304 455 1358 τσῦ
500 1302 547 1358 α’
582 1305 692 1359 τίτ.
724 1304 819 1358 τοῦ
861 1303 923 1359 ιθ¹
958 1304 1167 1376 βιϐλίου
1201 1305 1313 1359 τῶν
1350 1302 1664 1357 Βασιλικῶν

62 1400 270 1468 ὁμοίως
300 1398 442 1471 ἕχον.
479 1398 552 1452 Τὸ
586 1396 646 1451 ιε’
677 1398 820 1453 διάτ.
866 1398 962 1452 τοῦ
991 1396 1027 1452 ι’
1059 1397 1164 1453 τίτ.
1205 1397 1302 1452 τοῦ
1334 1395 1420 1466 μζ⁹
1452 1396 1661 1466 βιϐλίου

61 1492 177 1545 τῶν
204 1492 527 1558 διατάξεων,
568 1490 685 1544 ἐστι
729 1508 857 1559 κεφ.
888 1488 949 1544 ιε’
981 1491 1078 1543 τοῦ
1111 1496 1197 1544 xa.’
1225 1490 1331 1544 τίτ.
1365 1488 1462 1543 τοῦ
1507 1486 1548 1555 ξ’
1579 1488 1663 1559 βι-

62 1585 220 1639 ϐλίου
245 1586 359 1638 τῶν
394 1584 705 1638 Βασιλικῶν
761 1584 830 1637 τὰ
862 1584 1004 1638 αὐτὰ
1035 1583 1212 1653 λέγον,
1246 1584 1375 1638 ἄνευ
1408 1581 1500 1635 τοῦ
1530 1582 1664 1635 ὑπό-

60 1674 286 1729 κεισθαι
314 1677 434 1737 ταῖς
462 1674 741 1739 διατάξεσι
769 1674 861 1728 τὸν
897 1674 966 1727 δι’
991 1673 1370 1745 ἀστρολογίας,
1402 1673 1437 1744 ἢ
1468 1674 1663 1745 ἐτέρας

61 1764 330 1836 μαντείας
358 1764 584 1818 είπόντα
618 1764 859 1835 κλέπτην
904 1764 998 1818 τὸν
1031 1766 1106 1837 μὴ
1144 1764 1293 1821 ὅντα.
1345 1763 1518 1818 Τοῦτο
1552 1766 1661 1834 γὰρ

56 1858 169 1911 οὐκ
200 1856 361 1927 ἐτέθη
414 1858 493 1919 είς
527 1856 587 1909 τὸ
619 1856 753 1910 αὐτὸ
806 1873 935 1925 κεφ.
1001 1856 1139 1910 ἀλλὰ
1171 1857 1252 1919 είς
1289 1855 1434 1926 θέμα
1485 1853 1535 1925 η’
1567 1855 1663 1910 τοῦ

54 1947 234 2002 αὐτοῦ
286 1965 411 2017 κεφ.
454 1948 528 2001 Τὸ
563 1946 607 2018 β’
640 1948 780 2001 διάτ.
823 1947 917 2001 τοῦ
949 1954 1001 2019 η’
1026 1947 1133 2003 τίτ.
1167 1947 1262 2002 τοῦ
1313 1946 1405 2019 μη¹
1455 1948 1662 2019 βιϐλίου

52 2040 173 2095 τῶν
199 2040 341 2096 διατ.
370 2040 485 2093 ἐστι
518 2058 645 2110 κεφ.
674 2048 725 2110 γ’
753 2040 849 2094 τοῦ
877 2039 953 2093 λθ¹
978 2040 1084 2096 τίτ.
1113 2041 1209 2094 τοῦ
1240 2039 1281 2107 ξ’
1313 2040 1521 2112 βιϐλίου
1554 2042 1665 2096 τῶν

52 2132 365 2186 Βασιλικῶν
409 2132 477 2186 τὰ
507 2134 644 2185 αὐτὰ
678 2132 864 2203 σχεδὸν
910 2132 1067 2201 λέγον
1122 2134 1222 2186 ὅσα
1268 2134 1348 2197 είς
1377 2132 1437 2187 τὸ
1460 2133 1649 2203 κείμε-

53 2243 155 2280 νον
177 2224 519 2298 ἐγράφησαν.
550 2224 608 2278 '0
630 2224 686 2279 δὲ
716 2225 1005 2289 Βασιλικὸς
1036 2225 1363 2295 προστίθησι
1389 2225 1487 2294 τὴν
1520 2225 1659 2292 μετὰ

52 2316 381 2386 δημεύσεως
412 2317 630 2388 ὲξορίαν
662 2318 803 2370 κατὰ
833 2317 942 2371 τῶν
981 2317 1283 2372 ποιούντων
1311 2316 1382 2371 τὰ
1422 2317 1649 2388 φίλτρα.

54 2411 145 2464 Τὰ
176 2410 235 2464 δὲ
268 2411 547 2481 γραφέντα
597 2411 728 2481 περὶ
774 2410 870 2464 τοῦ
922 2410 1299 2481 πημενταρίου
1345 2410 1653 2478 ἀνετάχθη-

1773 474 2028 543 malaque
2059 474 2456 528 medicamenta
2489 474 2807 528 dividantur
2837 491 2851 527 τ
2880 473 3047 529 Basil.
3074 484 3255 528 autem
3283 474 3374 528 illa

1771 565 1940 621 dividi
1983 566 2148 620 dicat.
2177 568 2357 636 Atque
2394 566 2524 621 illud
2566 564 2838 638 [quidem]
2880 567 3046 621 Basil.
3081 567 3253 621 multo
3285 577 3371 621 est

1770 658 2036 713 exactius.
2088 657 2254 711 Recte
2300 658 2445 711 enim
2496 657 2818 711 dividuntur
2861 658 2985 722 illa,
3032 670 3094 711 ut
3140 672 3264 727 quae
3314 655 3371 709 in

1770 752 2015 806 dominio
2060 752 2280 806 fuerint.
2319 750 2391 805 Ut
2438 762 2619 806 autem
2667 751 2846 807 oliicio
2887 751 3090 821 jndicis
3137 751 3369 805 combu-

1769 854 1984 909 rantur,
2018 844 2246 898 alterius
2281 843 2512 897 rationis
2541 854 2625 897 est
2663 861 2675 896 :
2714 858 2780 896 ne
2814 840 3128 915 [videlicet]
3163 856 3226 896 ex
3265 840 3373 895 illis

1769 936 2045 1006 aliquibus
2100 948 2382 990 noceatur.
2428 934 2628 1007 Digest.
2680 936 2785 997 55,
2825 935 2906 989 tit.
2956 935 3015 998 l,
3056 934 3148 987 lib.
3200 948 3369 999 xvm,

1769 1029 1885 1099 dig.
1930 1041 2011 1084 est
2060 1030 2243 1084 thema
2293 1032 2359 1093 5,
2398 1046 2521 1100 cap.
2567 1030 2672 1090 55,
2709 1029 2793 1082 tit.
2828 1029 2892 1092 1,
2929 1029 3023 1081 lib.
3060 1043 3151 1081 xix
3204 1025 3369 1081 Basil.

1768 1122 1913 1191 quod
1948 1122 2200 1176 eumdem
2238 1123 2532 1177 admodum
2570 1122 2751 1175 habet.
2784 1120 2982 1190 Digest.
3014 1120 3113 1183 l5,
3148 1119 3231 1173 tit.
3262 1119 3363 1183 10,

1771 1208 1866 1262 lib.
1905 1225 2085 1275 XLVII,
2120 1210 2230 1281 dig.
2257 1220 2355 1266 est.
2386 1227 2505 1279 cap.
2548 1211 2648 1272 15,
2692 1211 2773 1264 tit.
2808 1209 2909 1273 21,
2944 1210 3039 1265 lib.
3078 1226 3142 1263 ιχ
3196 1209 3366 1264 Basil.

1767 1299 1913 1370 quod
1959 1304 2147 1355 eadem
2193 1302 2361 1366 dicit,
2397 1312 2628 1373 excepto
2676 1303 2822 1371 quod
2874 1301 3366 1357 constitutionibus

1769 1402 2043 1461 teneatur,
2072 1395 2169 1464 qui
2200 1410 2294 1464 per
2329 1396 2680 1465 astrologiam
2713 1394 2947 1448 aliamve
2972 1393 3366 1448 divinationem

1768 1485 1944 1541 furem
1992 1486 2232 1553 dixerit,
2265 1488 2357 1555 qui
2406 1503 2512 1540 non
2560 1497 2699 1540 erat.
2732 1486 2848 1541 Hoc
2888 1486 3033 1539 enim
3079 1486 3131 1538 in
3174 1482 3368 1538 eodem

1768 1593 1890 1649 cap.
1918 1595 2027 1633 non
2072 1588 2157 1635 est
2220 1579 2490 1648 positum,
2516 1578 2611 1633 sed
2657 1579 2709 1633 in
2772 1579 3011 1633 themate
3054 1576 3087 1631 8
3123 1576 3369 1647 ejusdem

1766 1688 1888 1739 cap.
1928 1673 2123 1741 digest.
2158 1671 2226 1737 ‘2,
2263 1674 2347 1726 tit.
2382 1671 2448 1734 8,
2485 1672 2579 1725 lib.
2620 1686 2821 1732 vam,
2855 1670 2963 1738 dig.
3000 1680 3085 1723 est
3128 1683 3251 1737 cap.
3286 1668 3355 1734 5,

1698 1746 1735 1800 Β
1768 1762 1852 1817 tit.
1883 1762 1975 1825 59,
2007 1761 2100 1816 lib.
2136 1777 2203 1814 ιι
2238 1761 2403 1817 Basil.
2434 1763 2577 1831 quod
2608 1762 2795 1815 eadem
2832 1759 2947 1814 fere
2971 1759 3126 1825 dicit,
3157 1774 3280 1828 qua:
3311 1759 3368 1813 in

1767 1865 1914 1910 textu
1949 1855 2151 1923 scripta
2186 1864 2335 1909 sunt.
2365 1854 2533 1909 Addit
2562 1862 2743 1909 autem
2780 1852 2952 1907 Basil.
2986 1862 3046 1906 ut
3080 1852 3175 1921 qui
3210 1867 3365 1905 ama-

1767 1948 1906 2002 toria
1946 1947 2277 2009 coniiciunt,
2313 1954 2439 2015 post
2470 1945 2898 2015 publicationem
2930 1943 3200 1997 bonorum
3229 1942 3368 1996 rele-

1765 2048 1979 2109 gentur.
2011 2037 2143 2104 Quae
2178 2052 2305 2091 vero
2339 2039 2403 2091 de
2440 2036 2801 2105 pigmentario
2829 2037 3031 2106 scripta
3065 2043 3216 2095 sunt,
3244 2033 3361 2088 eol-

1758 2131 1932 2185 locata
1970 2140 2099 2185 sunt
2130 2130 2183 2183 in
2220 2130 2457 2183 themate
2487 2129 2521 2182 5
2555 2128 2800 2198 ejusdem
2840 2142 2987 2195 cap.,
3036 2126 3180 2196 quod
3228 2126 3304 2179 ait
3348 2143 3362 2181 :

1767 2222 1833 2277 Et
1857 2224 2255 2294 pigmentarius
2288 2220 2498 2294 [etiam]
2530 2222 2624 2291 qui
2655 2229 2863 2276 temere
2894 2219 3057 2275 alicui
3093 2220 3362 2283 cicutam,

1761 2315 2164 2371 salamandram
2190 2357 2206 2381 ,
2240 2315 2541 2378 aconitum,
2574 2314 3000 2384 pityocampam,
3036 2309 3362 2381 buprestim,

1761 2408 2181 2478 mandragoram
2208 2448 2221 2471 ,
2256 2420 2350 2462 aut
2381 2408 2731 2462 cantharidas
2756 2406 2928 2461 dedit.

54 2521 165 2557 σαν
196 2506 273 2565 είς
300 2504 360 2559 τὸ
388 2503 435 2572 γ’
464 2504 607 2575 θέμα
630 2506 723 2559 τοῦ
754 2504 916 2558 αὑτοῦ
946 2511 993 2574 γ’
1026 2522 1153 2573 κεφ.
1185 2503 1431 2572 λέγοντος
1455 2520 1470 2535 ο
1509 2501 1621 2555 Καὶ
1648 2502 1676 2554 6
1714 2502 2091 2571 πημεντάριος
2160 2500 2448 2571 προπετῶς
2486 2500 2659 2563 διδούς
2692 2515 2799 2552 τινι
2850 2495 3098 2564 κώνειον,
3129 2495 3163 2565 ἢ
3198 2493 3364 2551 σαλα.

57 2597 327 2667 μάνδραν,
359 2600 392 2669 ἢ
426 2600 697 2665 ἀκόνιτον,
728 2600 762 2671 ἢ
793 2599 1205 2671 πιτυοκάμπην,
1247 2598 1281 2668 ἢ
1325 2596 1685 2668 βούϐρωστιν,
1798 2594 2201 2666 μανδραγόραν,
2232 2593 2266 2663 ἦ
2298 2592 2651 2663 κανθαρίδας.

132 2694 437 2761 Κείμενον.
470 2693 621 2747 Διὰτ.
657 2690 821 2761 ιγ’,Ὀ
852 2692 1021 2746 ποιῶν
1052 2692 1242 2754 θυσίας
1272 2688 1664 2762 ἀπηγορευμέ-

48 2802 183 2849 νας,
214 2803 268 2841 κ.
300 2805 349 2841 τ.
378 2786 449 2854 λ.,
491 2802 664 2858 usque
717 2787 785 2843 ad
837 2788 932 2842 ἐάν
982 2804 1066 2851 τις
1100 2787 1165 2840 ἐκ
1224 2784 1415 2840 τούτου
1473 2783 1660 2839 τελευ-

48 2879 225 2948 τήση.

129 2971 409 3039 Σχόλιον.
442 2971 515 3025 Τὸ
547 2977 616 3040 ιγ’
644 2970 782 3025 διάτ.
827 2970 944 3024 ἐστι
993 2968 1088 3023 τοῦ
1116 2966 1280 3023 αὐτοῦ
1312 2965 1517 3038 βιϐλίου
1546 2963 1643 3018 καὶ

1846 2685 2062 2741 Tertius.
2103 2687 2305 2753 Digest.
2331 2686 2417 2740 l5.
2444 2685 2546 2751 Qui
2578 2684 2759 2751 vetita,
2786 2692 2916 2752 etc.,
2939 2698 3103 2755 usque
3128 2681 3197 2736 ad
3228 2694 3362 2750 sup-

1766 2780 1987 2852 plicium
2024 2778 2308 2849 inﬂigitur,
2340 2788 2397 2833 ut
2419 2796 2540 2849 pag.
2571 2777 2696 2833 767.

1822 2966 2113 3023 Scholium.
2143 2966 2341 3036 Digest.
2372 2966 2459 3028 l5,
2478 2973 2560 3020 est
2582 2964 2829 3035 ejusdem
2853 2964 2952 3018 lib.
2972 2973 3025 3019 et
3050 2965 3133 3019 tit.
3152 2979 3273 3035 cap.
3293 2964 3350 3027 9,

45 3061 165 3116 τίτ.
199 3079 322 3132 κεφ.
361 3061 405 3116 θ’
429 3064 499 3117 τὰ
538 3064 677 3118 αὐτὰ
704 3063 885 3131 λέγον.
919 3062 993 3116 Τὸ
1023 3068 1110 3130 κη’
1140 3060 1281 3114 διατ.
1316 3058 1412 3113 τοῦ
1439 3058 1502 3111 ιθ¹
1531 3058 1639 3109 τίτ.

1826 3063 1895 3116 od
1931 3063 2120 3117 eadem
2152 3061 2304 3116 dicit.
2332 3058 2534 3129 Digest.
2557 3059 2650 3123 9.8,
2680 3060 2762 3112 tit.
2787 3060 2873 3120 l9,
2897 3058 2991 3112 lib.
3020 3072 3206 3121 XLVIII,
3232 3071 3341 3110 non

44 3152 152 3206 τοῦ
199 3158 287 3224 μη¹
320 3152 526 3223 βιϐλίου
574 3156 677 3209 οὐκ
708 3155 870 3224 ἐτέθη
921 3155 999 3216 είς
1029 3154 1098 3207 τὰ
1134 3149 1419 3213 ὼσιλικὰ,
1452 3150 1547 3202 καὶ
1586 3147 1647 3201 τὸ

46 3244 139 3315 λη’
173 3244 310 3299 διατ.
353 3245 447 3299 τοῦ
499 3245 564 3299 ιθ¹
596 3245 699 3301 τίτ.
741 3245 839 3299 τοῦ
897 3244 1065 3299 αὑτοῦ
1123 3241 1216 3315 μη¹
1274 3242 1480 3314 βιϐλίου
1533 3240 1646 3294 τῶν

46 3334 377 3402 διατάξεων,
412 3336 529 3390 ἔστι
578 3337 721 3406 Θέμα
765 3334 819 3400 ς’
842 3336 938 3389 τοῦ
992 3336 1075 3407 λη’
1108 3353 1236 3404 κεφ.
1268 3334 1362 3388 τοῦ
1420 3339 1501 3387 να¹
1534 3334 1640 3387 τίτ.

42 3425 149 3480 τοῦ
183 3425 224 3491 ξ’
250 3426 666 3497 βιϐλίου,οὒτως
693 3428 814 3499 ἔχον
843 3428 919 3492 ὡς
941 3429 1180 3498 ἐγράφη.
1210 3425 1509 3495 Ἀνάγνωθι
1548 3425 1648 3480 καὶ

41 3520 182 3580 τοὺς
202 3520 489 3590 κειμένους
519 3522 749 3585 κανόνας
777 3522 835 3574 ἐν
861 3521 939 3592 τῷ
961 3521 1007 3575 κ’
1034 3538 1162 3590 κεφ.
1192 3519 1285 3575 τοῦ
1315 3517 1383 3588 ιγ’
1407 3520 1513 3574 τίτ.
1548 3518 1642 3573 τοῦ

45 3612 323 3682 παρόντος
358 3614 737 3682 συντάγματος
788 3615 881 3667 τοῦ
931 3613 1276 3675 διδάσκοντος
1319 3613 1450 3683 περὶ
1507 3613 1645 3666 ἀπο-

44 3704 286 3770 στατῶν,
349 3706 443 3759 καὶ
500 3704 699 3770 θυτῶν,
750 3705 847 3759 καὶ
880 3703 1092 3774 μάγων,
1145 3706 1240 3757 καὶ
1273 3702 1641 3775 ἀστρολόγων,

44 3795 477 3868 μαθηματικῶν,
512 3796 786 3867 μαντὲων,
824 3798 918 3850 καὶ
949 3797 1293 3869 περιάπτων.

112 3887 375 3944 ΚΕΦΔΛ.
408 3891 553 3958 KG’.
574 3922 644 3935 --
670 3891 811 3959 Περὶ
846 3891 1220 3955 ἐπισκόπων,
1250 3889 1290 3959 ἢ
1313 3888 1638 3959 κλκρικῶν,

33 3984 397 4037 τυπτόντων
425 3982 463 4053 ἢ
500 3984 905 4054 φονευόντιοιν.

122 4072 475 4127 Ἀποστόλων
509 4075 689 4129 κανὼν
720 4074 825 4139 κζ’,
863 4075 953 4142 Eg’
980 4090 994 4105 °
1039 4075 1259 4130 συνόδου
1296 4081 1344 4129 α’
1376 4075 1469 4128 καὶ
1498 4070 1544 4145 β’
1579 4075 1637 4129 ἐν

26 4165 113 4237 τῷ
144 4164 265 4235 νιῷ
290 4165 399 4220 τῶν
432 4164 632 4236 ’Δγίων
666 4168 1004 4223 ’Δποστόλων
1030 4167 1212 4224 κανὼν
1240 4166 1315 4222 θ’·
1352 4168 1635 4222 Βασιλείου

22 4258 227 4316 κανὼν
260 4265 356 4315 γε’.

98 4353 421 4422 Κείμενον.
467 4351 533 4407 Ἥ
587 4353 631 4424 β’
681 4354 820 4410 διατ.
867 4354 963 4409 τοῦ
1019 4361 1066 4409 α’
1096 4354 1205 4410 τίτ.
1261 4354 1372 4408 τῶν
1404 4353 1636 4425 Νεαρῶν

1752 3166 1836 3210 est
1872 3154 2120 3224 .posituln
2171 3154 2221 3205 in
2274 3151 2440 3205 Basil.
2480 3150 2542 3204 Et
2571 3151 2680 3219 dig.
2712 3149 2817 3216 58,
2848 3150 2930 3203 lit.
2966 3148 3059 3211 19,
3091 3147 3338 3218 ejusdem

1754 3263 1920 3302 xum
1952 3247 2046 3301 lib.
2076 3247 2186 3315 dig.
2218 3255 2298 3299 est
2328 3246 2507 3299 thema
2538 3244 2592 3308 6,
2623 3259 2745 3314 cap.
2777 3243 2867 3309 58,
2898 3245 2982 3296 tit.
3011 3242 3102 3301 51,
3136 3242 3228 3295 lib.
3259 3256 3352 3303 ιιι,

1752 3340 1899 3411 quod
1947 3339 2110 3394 habet
2163 3348 2220 3393 ut
2276 3338 2539 3407 scriptum
2589 3346 2692 3392 est.
2738 3334 2913 3405 Legas
2959 3332 3135 3407 [vero]
3185 3333 3352 3389 etiam

1750 3444 1992 3485 canones
2017 3430 2067 3483 in
2093 3445 2212 3499 cap.
2238 3428 2329 3491 20,
2362 3429 2441 3483 tit.
2469 3428 2536 3482 l5
2571 3427 2855 3497 praesentis
2893 3428 3076 3495 operis
3113 3424 3344 3495 positos,

1749 3523 1896 3593 quod
1934 3522 2001 3577 de
2040 3522 2325 3592 apostatis,
2357 3520 2848 3585 sacriﬁcatoribus,
2881 3519 3073 3588 magis,
3105 3518 3350 3570 incanta-

1752 3614 1983 3677 toribus,
2018 3614 2331 3683 astrologis,
2370 3612 2795 3676 mathematicis,
2831 3608 3259 3673 divinatoribus,
3291 3612 3350 3661 et

1749 3705 1988 3761 amuleta
2016 3705 2457 3777 appendentibns
2488 3705 2669 3762 docet.

1818 3895 1972 3952 CAP.
2004 3894 2195 3951 XXVI.
2222 3894 2365 3949 ——De
2394 3894 2652 3965 epist-apis
2687 3902 2738 3948 et
2770 3892 3006 3957 clericis,
3038 3890 3130 3962 qui
3162 3903 3351 3960 percu-

1747 3993 1909 4054 tiunt,
1940 4001 2033 4045 aut
2067 3992 2340 4046 occidunt.

1816 4085 2204 4153 Apostolorum
2254 4098 2431 4139 canon
2488 4081 2591 4146 27,
2643 4078 2748 4146 65;
2804 4076 3021 4133 concilii
3075 4073 3238 4145 primi
3292 4081 3351 4127 et

1743 4178 1966 4235 secundi
2027 4177 2082 4231 in
2138 4178 2251 4232 aede
2307 4176 2635 4230 Sanctorum
2686 4171 3068 4243 Apostolorum
3123 4164 3350 4240 [habiti]

1748 4285 1923 4326 canon
1957 4269 2030 4335 9;
2065 4268 2250 4323 Basilii
2284 4283 2458 4324 canon
2493 4267 2580 4322 55.

1817 4362 2033 4417 Texlus.
2072 4362 2263 4418 Const.
2302 4364 2370 4424 2,
2416 4362 2498 4417 tit.
2532 4361 2555 4415 1
2611 4358 2981 4421 Novellarum,
3012 4365 3144 4422 etc.,
3177 4369 3341 4425 usque

16 4445 383 4516 ἀπαγορεύει
418 4445 520 4517 μὲν
561 4449 674 4511 τοῖς
718 4448 1062 4515 ἐπισκόποις,
1096 4465 1154 4504 κ.
1174 4465 1225 4502 τ.
1253 4448 1327 4512 λ.,
1361 4462 1536 4518 usque
1566 4445 1637 4501 ad

1848 4455 2127 4509 hominem
2158 4454 2375 4517 occidit,
2412 4461 2469 4507 ut
2496 4468 2615 4523 pag.
2647 4451 2769 4507 770.

15 4540 129 4593 xxi
157 4537 432 4606 φονεύσας
458 4538 766 4611 ἄνθρωπον.

98 4628 393 4698 Σχόλιον.
430 4627 497 4681 Ἦ
528 4631 571 4699 β’
605 4629 745 4684 διατ.
761 4628 855 4683 τοῦ
885 4627 933 4682 α’
962 4630 1068 4684 τίτ.
1100 4629 1208 4683 τῶν
1231 4628 1462 4700 Νεαρῶν
1519 4629 1635 4683 ἐστι

9 4722 213 4792 νεαρὰ
258 4721 687 4785 ’1ουστινιάνειος
721 4720 841 4793 ρκγ¹
871 4723 1101 4794 κειμένη
1133 4724 1189 4777 ἐν
1220 4722 1409 4793 βιϐλίῳ
1449 4720 1495 4791 γ’
1525 4722 1635 4777 τῶν

9 4815 369 4883 Βασιλικῶν,
419 4815 528 4870 τίτ.
556 4814 626 4882 α’,
659 4834 786 4885 κεφ.
834 4813 934 4883 κε’,
969 4818 999 4870 6
1040 4818 1136 4871 καὶ
1178 4817 1293 4887 ἔχει
1341 4814 1514 4881 οὕτως
1558 4815 1635 4879 ὡς

10 4908 310 4979 ἐδηλώθη.
351 4908 409 4962 Ὀ
442 4906 470 4961 ι’
504 4908 609 4963 τίτ.
640 4908 735 4962 τοῦ
787 4906 872 4979 μζ⁹
921 4909 1128 4980 βιϐλίου
1160 4909 1270 4963 τῶν
1324 4909 1462 4963 διατ.
1491 4911 1586 4962 καὶ
1606 4910 1636 4961 6

8 5003 95 5056 λε’
123 5001 240 5055 τίτ.
261 5002 355 5056 τοῦ
378 4999 421 5055 θ’
448 5002 654 5073 βιϐλίου
680 5003 775 5056 τοῦ
816 5002 1067 5068 κώδικος,
1100 5004 1193 5056 καὶ
1214 5005 1242 5056 ό
1268 4999 1343 5066 λζ’
1370 5001 1634 5073 ἐτέθησαν

8 5100 107 5160 είς
137 5093 242 5148 τὸν
277 5093 364 5149 κα⁹
386 5097 493 5150 τίτ.
530 5095 625 5149 τοῦ
657 5094 698 5161 ξ’
741 5096 950 5166 βιϐλίου
984 5096 1093 5149 τῶν
1133 5095 1465 5149 Βασιλικῶν.
1511 5094 1633 5148 Ἀπ’

7 5188 206 5259 αὐτῆς
236 5187 413 5260 ἀρχῆς
438 5188 535 5243 καὶ
561 5188 710 5261 ζήτει
732 5190 965 5261 διάφορα
993 5190 1182 5243 τούτου
1215 5206 1339 5259 κεφ.
1376 5189 1435 5243 '0
1459 5194 1507 5242 α’
1528 5189 1637 5242 τίτ.

4 5282 119 5337 τοῦ
154 5281 252 5353 μη¹
275 5282 485 5352 βιϐλίου
512 5284 622 5338 τῶν
634 5284 933 5351 διατάξεων
966 5283 1126 5355 ἐτέθη
1150 5285 1230 5347 είς
1252 5284 1312 5336 τὸ
1337 5282 1379 5351 ξ’
1404 5283 1633 5353 βιϐλίον,

4 5380 129 5432 τίτ.
170 5374 277 5445 λγ¹,
313 5393 442 5446 κεφ.
474 5374 545 5442 α’,
580 5379 677 5441 καὶ
701 5377 786 5446 ἐφ’
814 5378 967 5446 ἑξῆς.
1019 5376 1080 5429 '0
1115 5373 1190 5441 ις’
1218 5375 1323 5429 τίτ.
1354 5374 1447 5429 τοῦ
1474 5373 1517 5428 θ’
1547 5376 1632 5446 βι-

6 5470 183 5524 ϐλίου
212 5469 310 5523 τοῦ
346 5468 578 5533 κώδικος
621 5472 799 5524 κεῖται
835 5471 917 5533 είς
956 5468 1163 5539 βιϐλίον
1198 5466 1239 5534 ξ’
1273 5469 1371 5522 καὶ
1408 5468 1515 5522 τίτ.
1552 5467 1630 5521 λθ¹

8 5580 155 5631 κεφ.
187 5558 259 5630 ιγ’
292 5561 388 5617 καὶ
416 5562 502 5633 ἐφ’
527 5560 652 5633 ἑξῆς
680 5560 983 5631 ’Λνάγνωθι
1012 5560 1103 5616 οὖν
1135 5560 1244 5615 ἀπὸ
1289 5560 1496 5615 τούτων
1523 5562 1632 5615 τῶν

14 5654 181 5728 βιϐλ.
219 5653 326 5707 τίτ.
351 5654 446 5708 καὶ
477 5672 604 5723 κεφ.
649 5655 904 5727 διάφορα,
953 5655 1050 5706 καὶ
1092 5654 1183 5707 τὸν
1218 5651 1266 5725 η’
1304 5655 1505 5709 κανόνα
1536 5655 1629 5709 τοῦ

12 5746 193 5814 ἁγίου
246 5744 553 5813 Βασιλείου,
600 5746 694 5800 καὶ
738 5748 839 5817 τὴν
890 5747 950 5799 ὲν
994 5745 1146 5817 αὑτῷ
1199 5744 1448 5801 τεθεῖσαν
1500 5746 1628 5820 περὶ

1818 4635 2109 4692 Scholium.
2172 4635 2406 4690 Constit.
2440 4634 2474 4688 2
2515 4634 2601 4688 tit.
2635 4633 2659 4687 1
2710 4631 3087 4693 Novellarum,
3118 4640 3203 4684 est
3242 4642 3343 4682 no-

1743 4732 1879 4787 vclla
1901 4730 2197 4785 Justiniani
2225 4729 2328 4782 1‘25
2376 4725 2687 4799 posita[que
2734 4724 2840 4798 est]
2868 4725 2920 4778 in
2951 4725 3042 4778 lib.
3067 4721 3230 4776 Basil.
3254 4735 3338 4786 ιιι,

1745 4825 1828 4878 tit.
1872 4824 1929 4888 1,
1974 4839 2096 4892 cap.
2131 4822 2238 4886 25,
2277 4822 2421 4891 quod
2469 4820 2665 4885 habet,
2704 4830 2764 4875 ut
2813 4819 3177 4889 signiﬁcatum
3231 4824 3337 4868 est.

1744 4916 1852 4971 Tit.
1885 4916 1973 4981 10,
2002 4917 2092 4970 lib.
2127 4930 2268 4970 XLVII
2335 4914 2536 4983 Digest.
2566 4923 2619 4969 et
2662 4914 2752 4978 55,
2784 4913 2876 4967 lib.
2899 4927 2952 4965 Ix
3019 4910 3139 4963 cod.
3174 4906 3341 4977 positi

1743 5018 1873 5065 sunt
1915 5010 1968 5063 in
2011 5008 2092 5063 tit.
2121 5007 2211 5074 21,
2242 5008 2333 5061 lib.
2369 5006 2533 5062 Basil.
2568 5022 2657 5073 1.x,
2696 5009 2760 5060 ab
2802 5005 2919 5074 ipso
2962 5001 3139 5064 initio,
3173 4998 3334 5069 cujus

1744 5103 1913 5156 multa
1942 5116 2064 5169 cap.
2092 5116 2292 5170 quaere.
2314 5099 2423 5153 Tit.
2459 5102 2480 5152 1
2545 5099 2637 5154 111).
2675 5113 2841 5152 vam
2896 5096 3091 5164 digest.
3121 5092 3337 5162 positus

1741 5206 1827 5252 est
1874 5195 1925 5249 in
1953 5196 2045 5248 lib.
2081 5211 2170 5259 ωε,
2206 5193 2290 5248 tit.
2323 5193 2413 5259 5|,
2444 5208 2564 5263 cap.
2601 5192 2623 5245 1
2655 5232 2671 5257 ,
2701 5200 2756 5246 ει
2798 5189 3071 5256 deinceps.
3128 5185 3239 5240 Tit.
3270 5184 3339 5240 16

1744 5287 1837 5342 lib.
1868 5303 1923 5342 ιι
1967 5285 2091 5341 cod.
2115 5287 2325 5356 positus
2354 5294 2434 5339 est
2463 5285 2515 5337 in
2561 5284 2656 5337 lib.
2680 5297 2771 5347 ιχ,
2800 5282 2883 5334 tit.
2911 5279 3001 5345 59,
3028 5292 3151 5347 cap.
3177 5277 3245 5331 l5
3280 5286 3338 5332 et

1742 5380 2023 5450 deinceps.
2056 5380 2130 5433 Ex
2163 5379 2249 5435 his
2281 5378 2445 5448 igitur
2468 5377 2563 5431 lib.
2594 5385 2647 5429 et
2674 5375 2758 5429 tit.
2786 5373 3001 5427 diversa
3036 5388 3157 5442 cap.
3191 5375 3327 5441 lege.

1740 5474 1819 5527 Ac
1852 5472 1994 5546 [lege
2044 5470 2233 5543 etiam]
2263 5472 2296 5525 8
2323 5485 2588 5525 canonem
2625 5466 2801 5523 sancti
2830 5465 3039 5528 Basilii,
3070 5464 3335 5535 positam-

1740 5582 1847 5635 que
1875 5566 1926 5618 in
1955 5579 2021 5618 eo
2047 5565 2112 5618 de
2147 5563 2434 5618 homicidis
2468 5561 2734 5615 novellam
2766 5558 3114 5627 imperatoris
3142 5554 3327 5611 domui

1740 5656 2008 5721 Manut-lis
2045 5656 2331 5711 Comncni.
2371 5652 2569 5722 Digest.
2597 5654 2651 5719 5,
2686 5653 2769 5707 tit.
2810 5651 2892 5715 19,
2925 5651 3017 5704 lih.
3048 5664 3211 5705 xum
3245 5657 3331 5703 est

1739 5750 1925 5805 thema
1972 5749 2041 5818 2,
2078 5762 2199 5821 cap.
2238 5747 2303 5814 5,
2340 5745 2424 5803 tit.
2470 5745 2568 5815 51,
2603 5745 2701 5803 lib.
2745 5761 2844 5815 ιι,
2876 5743 3026 5817 quod
3071 5755 3327 5814 expresse
