3916 6244
440 312 580 386 1119

1546 318 1818 383 ΡΙΙΟΤῙΙ
1858 321 2367 384 ΡΛΤΗΙΑΒΕΗᾸΞ
2406 322 2516 385 CP.

3554 320 3681 391 1120

425 434 616 488 eadem
668 433 828 489 dicit.
872 432 1076 503 Digest.
1124 434 1227 501 11,
1268 442 1354 489 est
1400 434 1584 489 thema
1635 437 1709 501 ’5,
1750 451 1875 506 cap.
1922 436 2024 503 11,

2175 436 2339 491 ονέων
2372 437 2567 508 νεαρὸν
2603 435 2701 494 τοῦ
2754 435 3021 509 βασιλέως
3072 437 3269 510 κυρίου
3326 437 3571 511 Μανουὴλ
3609 442 3695 498 τοῦ

425 525 673 595 t-jnsdem
708 527 796 592 5|,
834 528 915 582 tit.
949 526 1096 596 quod
1125 526 1352 582 omnino
1380 526 1571 582 cadent
1603 536 1815 583 narrat.

2138 528 2449 599 Κομνηνοῦ.
2481 529 2558 582 Τὸ
2586 526 2627 582 ε’
2672 528 2815 585 διάτ.
2859 528 2957 583 τοῦ
2990 527 3057 584 ιθ¹
3088 529 3197 584 τίτ.
3238 529 3333 584 τοῦ
3374 537 3461 601 μη⁸
3493 531 3699 602 βιϐλίον,

427 621 543 675 ἔστι
567 622 711 691 θέμα
734 621 777 693 β’
808 625 902 675 τοῦ
944 618 982 674 ε’
1026 638 1152 692 κεφ.
1198 621 1294 675 τοῦ
1329 620 1409 676 να¹
1474 622 1580 677 τίτ.
1616 621 1712 675 τοῦ
1759 620 1802 690 ξ’
1866 620 2072 694 βιϐλίου
2104 620 2176 674 τὰ
2202 622 2345 676 αὐτὰ
2373 622 2534 693 λέγον
2579 623 2787 696 ῥητῶς.
2830 624 2906 678 Τὸ
2968 622 3028 677 δὲ
3070 620 3141 677 ια’
3186 622 3325 679 διάτ.
3359 622 3473 678 ἐστι
3501 624 3633 696 θὲμα
3658 619 3699 697 γ’

885 716 909 728 ⁸
956 715 1110 736 γςῄκῗ
1144 734 1150 736 .
1181 714 1223 736 -.Ι

500 810 659 867 CAP.
693 809 855 865 XVII.
883 842 950 852 —-
989 811 1067 866 De
1106 812 1362 881 episcopis
1412 821 1462 866 et
1505 811 1744 873 clericis,
1777 812 1868 882 qui
1912 810 2032 865 alea

433 901 646 964 ludunt,
679 902 1037 966 inebriantur,
1067 903 1375 973 spectacula
1410 904 1609 968 visunt,
1644 902 1888 972 sepulcra
1921 903 2031 955 vio-

432 995 571 1052 lant,
606 991 881 1059 furantur,
913 991 1173 1060 pejerant,
1208 993 1558 1059 fanerantur,
1593 995 1835 1047 semisses
1878 992 2034 1064 [usu-

431 1083 549 1156 ras]
580 1085 818 1154 capiunt,
847 1093 941 1137 aut
967 1083 1117 1138 aliud
1148 1086 1253 1140 sibi
1283 1095 1433 1157 turpe
1462 1084 1672 1140 lucrum
1703 1086 2031 1157 excogitant.

503 1363 893 1433 Apostolorum
936 1378 1115 1419 canon
1155 1364 1249 1432 25,
1284 1366 1374 1431 42,
1407 1365 1499 1431 45,
1530 1364 1630 1433 44ς
1676 1365 1893 1422 concilii
1935 1364 2036 1420 Ni-

435 1458 575 1512 caani
620 1473 797 1513 canon
834 1458 934 1522 l7;
972 1459 1271 1513 Laodiceni
1306 1475 1481 1515 canon
1518 1461 1571 1526 4,
1605 1461 1707 1529 54;
1746 1460 2039 1533 Carthagi-

437 1550 628 1605 nensis
657 1566 832 1605 canon
861 1551 915 1617 5,
949 1551 1047 1617 16;
1080 1552 1297 1606 concilii
1326 1554 1463 1607 sexti
1499 1568 1675 1609 canon
1711 1554 1803 1619 10,
1826 1554 1920 1619 25,
1942 1553 2036 1618 24,

435 1643 539 1708 50,
576 1643 679 1709 5|;
721 1645 941 1699 concilii
985 1642 1190 1700 Νὴ)ωηί
1237 1647 1463 1701 secundi
1511 1662 1685 1703 canon
1732 1647 1799 1715 4;
1849 1646 2038 1701 Basilii

438 1750 616 1790 canon
648 1735 735 1803 14,
764 1736 854 1801 17,
884 1737 978 1793 29.

509 1822 725 1879 Textus.
782 1827 969 1881 Const.
1010 1828 1080 1883 54
1120 1830 1203 1884 tit.
1244 1830 1279 1885 4
1316 1830 1412 1886 lib.
1461 1830 1487 1884 1
1540 1830 1665 1886 cod.
1708 1830 2034 1901 Episcopus,

441 1928 573 1984 etc.,
608 1935 771 1990 usque
804 1920 872 1973 ad
902 1920 1253 1991 imminuant,
1282 1931 1340 1977 ut
1369 1940 1498 1994 pag.
1536 1923 1665 1993 298,
1689 1924 1817 1980 299.

512 2103 805 2161 Scholium.
870 2105 1066 2164 Const.
1100 2109 1170 2164 54
1204 2109 1286 2165 ιίι.
1323 2110 1358 2164 4
1393 2109 1491 2165 lib.
1553 2123 1573 2164 ι
1619 2109 1741 2166 cod.
1797 2124 1906 2166 non
1959 2119 2045 2167 est

439 2197 617 2269 posita
669 2199 725 2253 in
776 2201 942 2256 Basil.
977 2202 1213 2257 Constit.
1262 2202 1299 2256 2
1351 2204 1435 2258 tit.
1480 2204 1504 2258 1
1555 2202 1902 2259 Novellarum
1958 2212 2046 2260 est

440 2292 653 2347 novella
689 2291 983 2350 Iustiniani
1031 2295 1158 2360 125,
1212 2296 1389 2364 posita
1428 2296 1558 2368 [que
1598 2295 1704 2367 est]
1747 2297 1799 2350 in
1844 2297 1939 2351 lib.
1970 2313 2031 2353 tu

442 2382 611 2439 Basil.
642 2387 726 2441 tit.
761 2389 814 2453 1,
845 2401 969 2457 cap.
994 2388 1052 2455 2,
1085 2388 1232 2459 quod
1268 2389 1650 2460 complectitur
1690 2404 2037 2461 quacunque

446 2475 502 2531 in
538 2486 689 2532 textu
723 2480 1125 2550 comprehensa
1149 2488 1299 2537 sunt.

532 2662 877 2720 Textus.N0n
907 2664 1071 2721 modo
1098 2664 1367 2736 peierare,
1390 2674 1526 2733 etc.,
1550 2682 1716 2737 usque
1744 2666 1815 2721 ad
1839 2666 2046 2722 dictum

446 2756 689 2824 videtur,
722 2766 779 2811 ut
804 2773 929 2828 pag.
954 2757 1081 2826 298,
1102 2759 1230 2815 299.

521 2940 817 2998 Scholium.
864 2941 1099 2999 Constit.
1150 2944 1222 3000 25
1269 2945 1353 3000 lit.
1384 2946 1418 3000 3
1445 2944 1593 3001 lib.t
1638 2944 1760 3001 cod.
1798 2960 1909 3001 non
1958 2954 2044 3002 est

451 3043 679 3103 excepta
732 3032 788 3087 in
842 3032 1009 3089 Basil.
1043 3033 1232 3090 Const.
1264 3038 1298 3091 '5
1332 3037 1416 3094 tit.
1451 3037 1521 3089 12
1577 3037 1675 3092 lib.
1725 3052 1743 3091 ι
1795 3037 1920 3092 cod.
1957 3046 2045 3092 est

2206 811 2467 866 ΚΕΦΔΛ.
2495 811 2627 868 ΚΖ’.
2656 842 2730 855 -
2754 814 2895 882 Περὶ
2914 812 3286 876 ἐπισκόπων,
3312 813 3408 867 καὶ
3430 813 3711 882 κληρικῶν

2133 912 2536 976 κυϐευόντων,
2571 912 2610 981 ἤ
2636 913 3133 983 μεθυσκομένων,
3161 912 3199 981 ἢ
3230 913 3393 980 θέαις
3424 914 3706 982 παραϐαλο

2133 1003 2391 1069 λόντων,
2436 1005 3013 1075 τυμϐωρυχοῦντων,
3068 1004 3473 1069 κλεπτόντων,
3526 1005 3708 1074 ἐπιορ-

2141 1096 2434 1159 κούντων,
2471 1093 2830 1157 τοκιζόντων
2868 1094 2908 1164 ἣ
2950 1098 3385 1166 λαμϐανόντων
3427 1097 3707 1166 ἡμιολίας,

2139 1188 2179 1257 ἣ
2237 1188 2447 1257 ἕτερον
2517 1190 2782 1260 αἰσχρὸν
2830 1189 3067 1257 ἑαυτοῖς
3142 1190 3544 1245 ἐπινοούντων
3596 1191 3713 1262 κέρ-

2139 1280 2267 1349 σος.

2223 1378 2570 1432 Ἀποστόλων
2601 1374 2788 1432 κανὼν
2821 1376 2923 1445 κε’,
2955 1374 3068 1449 μβ¹,
3095 1374 3205 1448 py’,
3240 1374 3323 1448 μδ¹
3341 1395 3356 1408 ·
3388 1377 3600 1431 συνόδου
3627 1376 3719 1431 Νι-

2142 1469 2308 1534 καίας
2340 1469 2520 1524 κανὼν
2553 1468 2618 1535 ιζ’
2655 1470 2756 1540 τῆς
2799 1470 2858 1522 ἐν
2895 1468 3191 1542 Λαοδικείᾳ
3230 1467 3413 1523 κανὼν
3440 1465 3502 1535 δ’,
3529 1467 3597 1521 νδ¹
3626 1468 3714 1538 τῆς

2138 1560 2197 1614 ἐν
2230 1558 2592 1632 Καρθαγέννῃ
2625 1558 2805 1613 κανὼν
2831 1565 2894 1627 ε’,
2936 1557 3010 1625 ις’
3030 1576 3044 1590 ·
3079 1558 3301 1612 συνόδου
3359 1556 3412 1623 ς’
3434 1556 3625 1618 ῖκανὼν
3664 1552 3715 1622 ι’,

2138 1652 2247 1723 κγ’,
2268 1653 2368 1719 κδ’,
2395 1652 2460 1716 ν’,
2495 1654 2577 1710 va’
2596 1670 2610 1685 ο
2638 1654 2857 1707 συνόδου
2878 1651 3117 1717 Νικαίας
3146 1652 3209 1706 τὸ
3232 1649 3277 1722 β’
3323 1649 3503 1705 κανὼν
3531 1648 3571 1704 δ’
3589 1665 3601 1679 ·
3630 1650 3723 1703 Βα-

2069 1744 2113 1800 Β
2148 1740 2348 1794 σιλείου
2376 1739 2559 1795 κανὼν
2588 1740 2670 1805 ιδ’,
2700 1740 2788 1807 ιζ’,
2820 1739 2923 1796 κθ’.

2223 1833 2536 1900 Κείμενον.
2582 1832 2648 1886 Ἦ
2678 1830 2751 1886 λδ¹
2783 1832 2928 1887 διάτ.
2954 1829 3052 1885 τοῦ
3080 1828 3124 1885 δ’
3160 1830 3269 1889 τίτ.
3312 1829 3410 1885 τοῦ
3446 1837 3495 1882 α’
3540 1828 3725 1901 βιϐλίου

2146 1922 2243 1975 τοῦ
2277 1922 2531 1987 κὼδικος,
2560 1922 2751 1995 φησὶν,
2775 1940 2829 1976 κ.
2865 1940 2918 1976 τ.
2944 1922 3021 1988 λ.,
3054 1938 3233 1992 usque
3265 1921 3335 1977 ad
3367 1920 3723 1993 ἐπιδεικνυμέ-

2143 2034 2243 2087 νης
2272 2016 2529 2071 ἐλαττοῦν
2554 2016 2644 2071 τὸν
2677 2016 2889 2087 χρόνον.
2919 2014 3097 2086 Supra
3124 2031 3245 2086 pag.
3276 2013 3410 2069 298.

2221 2110 2507 2175 Σχόλιον.
2545 2109 2613 2163 Ἦ
2658 2108 2736 2162 λδ⁹
2764 2108 2906 2163 suae.
2940 2106 3039 2161 τοῦ
3082 2106 3123 2161 δ’
3166 2107 3274 2161 τίτ.
3310 2104 3407 2160 τοῦ
3453 2103 3499 2160 a'
3541 2103 3731 2176 βιϐλίου

2146 2198 2243 2253 τοῦ
2278 2199 2518 2264 κώδικος
2539 2200 2639 2253 οὐκ
2670 2199 2832 2268 ἐτέθη
2854 2201 2936 2263 εξς
2962 2198 3032 2253 τὰ
3046 2199 3335 2254 Βασιλικά.
3377 2198 3441 2251 Ἦ
3457 2198 3512 2250 δέ
3544 2196 3583 2268 β’
3605 2197 3725 2269 διάτ,

2144 2290 2241 2344 τοῦ
2275 2298 2324 2344 α’
2356 2291 2461 2346 τίτ.
2506 2290 2617 2345 τῶν
2676 2290 2909 2363 Νεαρῶν
2946 2290 3064 2344 ἐστι
3109 2290 3282 2362 νεαρὰ
3333 2287 3731 2349 ’ῐουστινιάνειος

2150 2380 2273 2452 ρκγ’
2302 2382 2532 2455 κειμένη
2586 2384 2643 2436 ἐν
2692 2381 2884 2453 βιϐλίῳ
2931 2380 2984 2451 γ’
3030 2381 3139 2435 τῶν
3183 2380 3494 2435 Βασιλικῶν
3551 2378 3648 2431 τίτ.
3689 2376 3730 2433 α’

2147 2488 2275 2543 κεφ.
2302 2471 2409 2545 κβ’,
2428 2472 2852 2545 διαλαμϐάνοντι
2878 2474 2981 2529 ὅσα
3003 2474 3085 2539 εἰς
3108 2471 3172 2526 τὸ
3193 2472 3448 2543 κείμενον
3466 2468 3732 2543 διελήφθη-

2153 2580 2276 2620 σαν.

2221 2659 2533 2730 Κείμενον.
2558 2659 2635 2713 Οὐ
2667 2657 2828 2731 μόνον
2852 2659 3139 2730 ἐπιορκεῖν
3162 2654 3440 2712 κωλύεται
3460 2651 3725 2726 κληρικδς,

2151 2769 2209 2807 κ.
2232 2769 2283 2806 τ.
2308 2751 2386 2818 λ.,
2419 2765 2597 2823 usque
2620 2750 2685 2805 ad
2721 2749 3072 2821 ὑπερθέσεως
3094 2747 3324 2803 ἐπὶτῶν
3345 2745 3585 2819 βοναφίδι
3607 2746 3734 2813 ἀγω-

2150 2845 2286 2917 γῶν.
2321 2845 2497 2916 Supra
2525 2858 2650 2916 pag.
2684 2842 2815 2908 298,
2848 2841 2975 2899 299.

2230 2937 2533 3007 ,Σχόλιονπ
2574 2936 2640 2991 Ἡ
2676 2932 2755 2988 κε’
2782 2934 2925 2991 διάτ.
2967 2931 3064 2987 τοῦ
3093 2930 3143 3003 γ’
3166 2932 3279 2988 τίτ.
3310 2930 3409 2987 τοῦ
3450 2928 3501 2985 α’
3542 2925 3735 3001 βιϐλίου

2151 3028 2248 3084 τοῦ
2298 3029 2529 3094 κώδικος
2595 3028 2698 3083 οὑκ
2751 3025 3024 3096 ἐξελήφθη
3086 3027 3169 3089 είς
3210 3024 3283 3080 τὰ
3336 3021 3615 3079 Βασιλικά.
3674 3018 3733 3072 Ἠ

451 3138 577 3195 cap.
612 3124 698 3190 11,
727 3125 813 3189 tit.
842 3125 895 3192 1,
922 3126 1021 3181 lib.
1044 3143 1078 3181 ν
1101 3126 1266 3182 Basil.
1297 3127 1443 3196 quod
1470 3128 1736 3182 insertum
1764 3137 1846 3182 est
1872 3127 2040 3181 inter-

2175 3129 2203 3193 τ’
2229 3122 2369 3176 διάτ.
2401 3120 2497 3175 τοῦ
2543 3118 2609 3191 ιβ’
2648 3119 2756 3177 τίτ.
2786 3118 2883 3172 τοῦ
2914 3116 2961 3171 α’
2994 3115 3202 3186 βιϐλίου
3253 3114 3354 3170 τοῦ
3391 3114 3615 3175 κώδικος
3636 3110 3737 3164 ἐστι

450 3217 746 3288 pretationi
772 3234 895 3288 cap.
915 3218 971 3285 2,
1000 3219 1081 3273 tit.
1109 3218 1163 3286 5,
1186 3219 1475 3288 praesentis
1501 3220 1705 3289 operis,
1729 3218 1878 3289 quod
1911 3219 2044 3273 nihil

451 3308 521 3362 de
545 3307 907 3378 jurejurando
936 3317 1179 3365 tractans
1203 3311 1339 3381 lege.
1362 3308 1550 3365 Const.
1580 3309 1613 3363 6
1654 3310 1898 3380 ejusdem
1944 3310 2041 3365 lib.

458 3407 519 3453 et
549 3402 634 3453 tit.
658 3401 780 3455 cod.
805 3410 890 3456 est
918 3402 1102 3457 thema
1135 3403 1232 3457 ult.
1256 3417 1379 3471 cap.
1404 3403 1492 3467 15,
1527 3402 1610 3458 tit.
1635 3404 1690 3468 1,
1716 3403 1812 3458 lib.
1834 3419 1865 3457 ν
1892 3402 2059 3459 Basil.

454 3491 706 3563 nihilque
753 3494 821 3548 de
864 3493 1227 3564 jurejurando
1275 3504 1497 3551 tractat.
1544 3495 1911 3562 Quaerendum
1975 3503 2063 3552 est

457 3585 629 3653 igitur
666 3599 735 3638 an
778 3586 1018 3655 episcopi
1050 3595 1108 3639 et
1142 3586 1329 3641 clerici
1362 3588 1645 3657 conceptis
1669 3588 1850 3643 verbis
1875 3588 2065 3659 jurare

456 3677 711 3731 debeant.
736 3676 805 3731 Et
829 3677 1106 3742 exisdmo,
1129 3680 1274 3748 quod
1305 3689 1599 3751 postquam
1636 3695 1760 3751 quae
1788 3684 1966 3751 capita
1994 3696 2066 3736 ex

458 3767 745 3823 codicibus
775 3777 1032 3838 excerpta
1062 3779 1118 3824 et
1146 3770 1201 3824 in
1236 3770 1409 3827 Basil.
1441 3775 1618 3844 posita
1650 3784 1799 3840 sunt,
1828 3790 2065 3845 quorum

465 3860 639 3914 etiam
686 3861 917 3918 Photius
961 3864 1014 3918 in
1062 3872 1213 3920 textu
1259 3869 1597 3922 mentionem
1643 3868 1806 3935 fecit,
1842 3870 2068 3925 omnino

460 3950 824 4023 jurisjurandi
868 3970 979 4009 non
1023 3957 1429 4025 meminerunt,
1461 3973 1689 4028 prorsus
1726 3961 1962 4016 vetitum
1999 3962 2072 4017 sit

466 4061 536 4100 ne
566 4046 858 4118 episcOpus
887 4057 982 4103 aut
1007 4050 1244 4107 clericus
1268 4052 1438 4123 juret.
1470 4049 1684 4109 Idcirco
1719 4054 1867 4109 enim
1900 4058 2067 4110 etiam

468 4151 569 4206 pro
595 4147 862 4209 concepto
888 4139 1253 4212 jurejurando
1276 4144 1569 4199 adinveuta
1600 4144 1805 4216 scripta
1834 4146 2069 4220 [cautio]

467 4238 581 4296 est,
616 4246 741 4300 qua:
781 4241 837 4288 et
877 4234 1245 4295 mufessionis
1286 4239 1467 4295 locum
1517 4241 1792 4305 obtineat,
1825 4251 1880 4296 et
1921 4244 2070 4312 quod

2160 3232 2288 3285 κεφ.
2324 3212 2392 3269 ια’
2439 3212 2536 3267 τοῦ
2571 3211 2620 3265 α’
2664 3212 2770 3266 τίτ.
2819 3210 2914 3265 τοῦ
2948 3216 2996 3265 ε’
3028 3208 3234 3281 βιϐλίου
3279 3207 3391 3262 τῶν
3423 3201 3738 3267 Βασιλικῶν,

2164 3308 2301 3378 ὅπερ
2332 3303 2691 3376 κατεστρώθη
2720 3305 2800 3368 είς
2829 3303 2929 3375 τὴν
2955 3301 3255 3373 ἑρμηνείαν
3284 3299 3384 3355 τοῦ
3418 3298 3465 3372 β’
3487 3314 3610 3369 κεφ.
3656 3291 3741 3348 τοῦ

2162 3397 2203 3452 ε’
2245 3397 2353 3452 τίτ.
2404 3394 2503 3451 τοῦ
2549 3397 2826 3467 παρόντος
2877 3392 3280 3462 συντάγματος.
3335 3391 3447 3445 Καὶ
3492 3384 3740 3457 ἀνάγνωθι

2164 3492 2331 3546 τοῦτο
2381 3488 2547 3561 μηδὲν
2589 3489 2722 3560 περὶ
2772 3488 2941 3557 ὅρκου
2974 3484 3367 3555 διαλαμϐάνον.
3414 3483 3479 3536 Ἦ
3517 3478 3570 3547 ς’
3611 3479 3734 3533 nec.

2167 3584 2267 3641 τοῦ
2299 3583 2467 3641 αὐτοῦ
2503 3583 2710 3655 βιϐλίου
2758 3583 2855 3637 καὶ
2897 3582 3002 3636 τίτ.
3037 3580 3135 3635 τοῦ
3186 3578 3423 3643 κώδικος
3466 3579 3604 3648 θέμα
3627 3569 3742 3629 οὖσα

2168 3678 2484 3734 τελευταῖον
2513 3676 2608 3732 τοῦ
2636 3674 2704 3746 ιγ’
2736 3692 2863 3746 κεφ.
2887 3672 2982 3728 τοῦ
3007 3672 3053 3727 α’
3082 3673 3188 3728 τίτ.
3223 3673 3322 3727 τοῦ
3353 3670 3396 3727 ε’
3421 3671 3619 3744 βιϐλίου
3651 3667 3744 3722 τῶν

2170 3772 2500 3835 Βασιλικῶν,
2532 3770 2686 3824 οὐδέν
2715 3786 2768 3823 τι
2814 3767 2947 3839 περὶ
2978 3768 3146 3837 ὅρκου
3175 3766 3556 3837 διαλαμϐάνει.
3588 3762 3745 3832 Ζητη-

2170 3867 2292 3921 τέον
2319 3861 2416 3920 οὖν
2451 3864 2501 3917 εί
2539 3861 2849 3933 ὀφείλουσιν
2885 3861 2937 3914 oi.
2968 3860 3267 3914 ἐπίσκοποι
3304 3860 3401 3914 καὶ
3438 3860 3488 3912 oi
3522 3852 3747 3926 κληρικοὶ

2171 3960 2374 4030 ὅρκους
2406 3956 2608 4011 διδόναι
2654 3955 3029 4026 σωματικοὺς,
3061 3953 3158 4007 καὶ
3191 3952 3402 4023 νομίζω
3430 3952 3513 4006 ὃτι
3551 3948 3666 4003 ἐπεὶ
3682 3945 3743 3998 τὰ

2180 4050 2292 4106 ἀπὸ
2323 4049 2433 4104 τῶν
2481 4046 2733 4102 κωδίκων
2769 4044 3111 4117 ἐκληφθέντα
3143 4060 3275 4112 κεφ.
3316 4042 3412 4098 καὶ
3438 4040 3655 4096 τεθέντα
3680 4037 3747 4098 είς

2176 4143 2248 4198 τὰ
2291 4140 2581 4203 Βασιλικὰ,
2612 4140 2745 4210 περ1⁵
2792 4131 2869 4193 ὧν
2916 4137 3011 4191 καὶ
3048 4136 3079 4189 δ
3121 4134 3329 4199 Φὼτιος
3381 4133 3570 4206 μνείαν
3598 4131 3672 4193 είς
3696 4126 3749 4179 τὸ

2174 4235 2430 4305 κείμενον
2458 4231 2739 4303 ἐποίησεν,
2763 4230 2826 4284 οὐ
2857 4228 3165 4300 μέμνηνται
3195 4225 3335 4291 ὅλως
3364 4226 3564 4297 ὅρκων.
3604 4220 3751 4273 Ἐκω-

473 4336 799 4393 conceptum
856 4326 1247 4399 jusjurandum
1300 4332 1673 4400 praeslilurum
1724 4340 1846 4386 erat
1892 4334 2056 4387 aditu-

2175 4328 2315 4399 λύθη
2346 4327 2408 4380 τὸ
2437 4325 2666 4396 ὀμνύειν
2686 4324 2825 4388 ὅλως
2851 4319 3203 4390 ἐπίσκοπονῆ
3231 4318 3520 4390 κληρικόν.
3544 4312 3637 4367 Διὰ
3656 4309 3750 4379 γὰρ

474 4415 635 4483 pleat.
664 4416 921 4474 Lectores
964 4423 1153 4492 itaque
1186 4424 1473 4493 conceptis
1502 4424 1687 4479 verbis
1714 4423 1906 4495 jurare
1940 4440 2063 4495 per-

469 4521 657 4576 peram
685 4521 979 4580 coguntur.

2176 4420 2335 4475 τοῦτο
2356 4419 2452 4473 καὶ
2471 4418 2596 4473 ἀντὶ
2619 4414 2940 4489 σωματικοῦ
2961 4417 3152 4485 ὅρκου,
3176 4410 3451 4483 ἐπενοήθη
3473 4400 3753 4481 ἠέγγραφὴ

2165 4511 2514 4574 καταθέσεως
2532 4509 2697 4563 τόπον
2724 4508 3034 4579 ἐπέχουσα,
3074 4504 3171 4559 καὶ
3202 4500 3593 4574 ἀναπληροῦσα
3610 4498 3701 4550 ὅσα
3723 4491 3748 4542 ὁ

473 4603 785 4674 σωματικὺς
827 4605 991 4675 ὅρκος
1020 4607 1247 4678 ποιῆσαι
1320 4608 1537 4679 ἔμελλε.
1566 4612 1629 4665 Oi
1656 4612 1803 4682 ξγοῦν
1877 4610 2232 4680 ἀναγνῶσται
2296 4604 2481 4669 καλῶς
2543 4601 2950 4673 ἀναγκάζονται
2995 4601 3193 4672 ὅρκους
3256 4592 3604 4669 σωματικῶς
3638 4584 3754 4643 διδό-

471 4714 584 4763 ναι,
618 4698 876 4769 κληρικοὶ
910 4700 1018 4772 γάρ
1052 4702 1214 4756 εἰσιν.

551 4790 769 4845 Textus.
815 4796 973 4863 Atqui
1018 4804 1197 4851 const.
1236 4798 1272 4852 5
1318 4800 1405 4855 tit.
1438 4799 1474 4854 2
1505 4798 1878 4867 Novellarum,
1939 4806 2076 4863 etc.,

480 4901 644 4956 usque
673 4885 744 4939 ad
775 4886 963 4957 ejusve
985 4890 1298 4959 aestimatio,
1331 4904 1388 4948 ut
1420 4910 1547 4965 pag.
1579 4893 1707 4950 299.

557 5165 850 5224 Schotium.
877 5167 1070 5226 Const.
1112 5170 1147 5226 5
1178 5170 1263 5225 tit.
1291 5169 1328 5223 2
1353 5167 1725 5234 Novellarum,
1748 5175 1835 5225 est
1866 5168 2082 5223 novella

484 5254 777 5313 Iustiniani
804 5260 931 5325 151,
956 5262 1131 5332 posita
1173 5261 1304 5332 [que
1332 5261 1437 5334 est]
1460 5262 1512 5315 in
1538 5262 1632 5315 lib.
1656 5260 1819 5316 Basil.
1843 5277 1896 5326 ν,
1920 5262 2004 5315 tit.
2024 5262 2081 5326 5,

492 5366 613 5419 cap.
654 5354 721 5419 9,
756 5354 900 5422 quod
944 5355 1213 5408 insertum
1260 5366 1345 5408 est
1386 5354 1596 5410 scholio
1642 5370 1764 5423 cap.
1801 5354 1864 5421 l,
1900 5353 1985 5408 tit.
2016 5354 2082 5423 2,

492 5444 778 5511 prmsentis
816 5444 998 5513 operis
1039 5447 1188 5501 circa
1235 5445 1475 5500 initium.
1512 5444 1731 5501 Gratias
1774 5446 1943 5518 igitur
1986 5461 2087 5517 age

495 5532 819 5603 patriarcha?
873 5535 1091 5604 Photio,
1123 5538 1218 5608 qui
1255 5546 1403 5594 recte
1434 5540 1828 5609 interpretatus
1856 5546 1940 5594 est
1968 5539 2087 5608 epi-

498 5639 694 5693 seopos
728 5636 782 5681 et
814 5628 1066 5695 clericos,
1104 5643 1368 5702 tanquam
1406 5633 1458 5688 id
1494 5633 1639 5702 quod
1676 5631 1924 5698 interest,
1956 5646 2093 5687 usu-

500 5732 590 5771 ras
629 5718 865 5789 exigere.
900 5722 1008 5776 'l‘it.
1040 5724 1075 5777 2
1102 5724 1200 5779 lib.
1256 5742 1309 5780 vr
1367 5726 1487 5782 cod.
1526 5725 1739 5797 positus
1780 5735 1865 5780 cst
1906 5724 1961 5778 in
2000 5725 2094 5779 lib.

2258 4792 2570 4863 Κειμενον.
2609 4790 2681 4844 Ἀ
2711 4788 2865 4860 μέλει
2897 4785 2993 4841 καὶ
3019 4786 3054 4858 ἡ
3088 4782 3139 4855 γ’
3176 4783 3321 4839 διάτ’
3350 4780 3449 4837 τοῦ
3466 4778 3513 4852 β’
3538 4776 3637 4833 τίτ.
3662 4773 3755 4863 τῶν

2185 4886 2420 4958 Νεαρῶν
2469 4885 2566 4938 ἐπὶ⁷
2610 4882 2867 4952 ληγάτων
2910 4878 3176 4945 εὐσεϐῶν,
3210 4896 3268 4932 κ.
3306 4894 3361 4930 τ.
3388 4874 3465 4937 λ.,
3509 4883 3672 4940 usque
3699 4862 3755 4918 ad

2185 4980 2387 5034 δίδοται
2415 4977 2476 5031 τὸ
2509 4978 2765 5048 πρᾶγμα,
2812 4974 2848 5046 ἦ
2895 4975 2931 5045 ἡ
2978 4972 3295 5043 διατίμησις
3345 4964 3536 5024 αὐτοῦ.
3598 4960 3754 5031 Supra

2189 5087 2316 5144 pag.
2340 5069 2470 5125 299.

2262 5165 2548 5233 Σχόλιον.
2574 5161 2642 5217 Ἡ
2660 5158 2710 5231 γ’
2737 5161 2878 5217 διάτ.
2912 5157 3008 5213 τοῦ
3044 5156 3087 5231 β’
3117 5157 3224 5212 τίτ.
3252 5154 3362 5209 τῶν
3390 5148 3636 5222 Νεαρῶν,
3658 5144 3757 5199 ἐστι

2191 5258 2364 5331 νεαρὰ
2404 5257 2839 5317 ’1ουστινιάνειος
2872 5250 3012 5326 ρλα’,
3060 5248 3291 5321 κειμένη
3341 5247 3403 5300 ἐν
3446 5240 3630 5316 βιϐλίῳ
3664 5235 3759 5331 των

2191 5324 2497 5405 Βασιλικῶν
2527 5346 2591 5412 ε’,
2618 5348 2726 5402 τίτ.
2752 5344 2825 5417 γ’,
2849 5324 2977 5415 κεφ.
3009 5340 3055 5396 θ’
3088 5336 3530 5409 καταστρωθέντι
3547 5333 3625 5395 είς
3648 5324 3757 5399 σχό-

2190 5443 2344 5498 λαιον
2372 5442 2470 5497 τοῦ
2516 5440 2568 5497 α’
2597 5458 2725 5510 κεφ.
2763 5438 2861 5494 τοῦ
2897 5435 2944 5509 β’
2995 5436 3103 5491 τίτ.
3149 5431 3248 5488 τοῦ
3281 5429 3547 5503 παρόντος
3583 5417 3755 5479 συντά-

2194 5553 2406 5608 γματος
2437 5537 2567 5606 περὶ
2610 5533 2712 5596 τὰς
2754 5531 2954 5605 ἀρχάςο
2986 5528 3396 5600 Εὐχαρεστησον
3425 5520 3526 5620 ,οὖν
3564 5514 3641 5620 “2°
3664 5527 3758 5620 πῗῗ

2200 5632 2437 5703 τριάρχῃ
2484 5628 2677 5698 Φωτίῳ
2722 5625 2906 5690 καλῶς
2958 5621 3361 5695 ἐρμηνεὺσαντι
3412 5611 3651 5703 ἀπαιτεῖν
3691 5611 3755 5664 ὡς

2491 5697 2708 5785 τόκους,
2755 5718 2883 5782 τοὺς
2915 5714 3272 5779 ἐπισκόπους,
3300 5708 3396 5763 καὶ
3434 5704 3557 5765 τοὺς
3585 5697 3755 5795 κληρξο

505 5806 673 5866 Basil.
711 5788 819 5883 ιξι,
851 5814 935 5870 tit.
971 5815 1037 5887 6,
1070 5832 1197 5891 cap.
1236 5818 1333 5889 18,
1368 5834 1434 5878 ac
1478 5788 1694 5894 quaeras
1736 5819 1890 5878 varia
1936 5817 2054 5891 hujt

2208 5788 2383 5883 109;.-
2408 5815 2468 5871 Ὀ
2490 5813 2534 5887 β’
2556 5813 2664 5872 τίτ.
2692 5810 2791 5868 τοῦ
2823 5808 2875 5879 ς’
2908 5808 3117 5883 βιϐλίου
3142 5806 3239 5863 τοιό
3264 5803 3490 5866 κὼδικος
3516 5794 3663 5863 ἐτέθη
3684 5788 3754 5850 εἷς
