3916 6244
185 227 312 296 1121
1102 236 1590 302 NOMOCANON.
1630 265 1701 277 -
1730 241 1795 303 Tl

1912 244 2009 320 IX,
2050 244 2209 307 CKP.
2234 242 2483 307 XXVII.
2506 237 2530 269 ‘
3357 238 3497 308 1122

182 325 386 396 βιϐλίον
429 325 541 382 τῶν
588 326 903 382 Βασιλικῶν
942 326 984 393 ξ’
1022 329 1130 384 τίτ.
1176 331 1231 397 ς’
1258 349 1365 401 κεφ
1404 331 1472 403 ιη’
1504 334 1598 388 καὶ
1628 331 1781 406 ζήτει

1912 353 2009 408 τῳ.
2052 338 2121 393 de
2171 336 2332 392 furtis
2377 346 2433 391 et
2476 333 2713 391 furibus.
2751 331 2862 391 Tit.
2910 331 3088 402 2;,lib.
3161 347 3309 388 Iun
3378 335 3493 404 dig.

178 420 411 491 διάφορα
438 419 631 474 τούτου
671 437 800 489 κεφ.
856 422 985 493 περὶ
1012 422 1229 478 κλοπῶν
1275 425 1371 478 καὶ
1403 424 1677 481 κλεπτῶν.
1724 426 1782 481 Ὀ

1912 429 2107 484 ιοείιιιε
2134 437 2220 484 est
2249 428 2303 482 in
2334 427 2429 482 lib.
2456 426 2624 482 Basil.
2651 441 2741 492 ωε,
2776 426 2859 480 tit.
2889 426 2979 491 l2,
3010 440 3133 495 cap.
3163 426 3213 491 l,
3240 440 3306 480 ac
3333 425 3486 480 dein.

175 512 234 565 δὲ
263 509 308 583 β’
342 511 454 568 τίτ.
481 510 575 566 τοῦ
608 513 695 584 μζ⁹
722 511 931 584 βιϐλίου
956 513 1066 568 τῶν
1097 514 1238 570 διατ.
1270 515 1431 586 ἐτέθη
1464 518 1543 581 είς
1575 516 1781 587 βιϐλίον

1912 535 2020 591 :eps
2064 534 2279 591 quaeras
2321 534 2445 589 cap.
2478 520 2535 584 2,
2566 518 2623 585 5,
2657 517 2714 585 4,
2746 518 2800 586 5,
2846 534 2971 587 quae
3004 532 3261 587 expresse
3299 516 3492 572 eadem

179 603 288 656 τῶν
320 602 626 658 Βασιλικῶν
661 601 703 671 ξ’
729 603 839 660 τίτ.
862 604 943 675 ,ιβ’
972 621 1101 676 κεφ.
1130 602 1203 671 α’,
1234 607 1329 661 καὶ
1357 605 1445 676 ἐφ’
1475 606 1603 677 ἑξῆς
1631 607 1782 679 ζήτει

1912 611 2081 666 licunt
2130 625 2255 680 qua:
2282 610 2336 664 in
2368 617 2518 664 textu
2543 609 2746 681 scripta
2776 617 2926 666 sunt.
2954 609 3059 664 Sed
3084 624 3301 679 quaeras
3322 606 3492 664 etiam

180 716 307 769 κεφ.
350 697 418 770 β’,
455 696 526 767 γ’,
566 696 629 766 δ’,
663 696 730 768 ε’,
772 699 847 754 τὰ
875 699 1016 755 αύτά
1049 699 1279 768 λέγοντα
1323 699 1504 771 ῥητῶς
1550 700 1652 754 ὅσα
1680 700 1776 755 καὶ

1912 701 1997 756 ilia
2027 701 2274 771 ejusdem
2299 701 2384 757 tit.
2406 716 2528 773 cap.
2554 716 2678 773 quae
2698 702 2767 757 de
2793 716 2892 757 nec
2919 701 3213 757 manifesto
3240 713 3293 754 et
3315 699 3492 756 mani-

188 794 274 857 είς
311 793 378 846 τὸ
427 791 689 863 κείμενον
736 794 1084 865 ἐγράφησαν.
1130 795 1295 865 Ζήτει
1347 792 1406 847 δὲ
1452 793 1548 847 καὶ
1594 793 1784 864 ἕτερον

1912 790 2037 846 'esto
2070 789 2215 845 furto
2246 793 2476 858 docent,
2501 807 2567 847 ac
2596 792 2786 856 dicas,
2816 793 2963 864 quod
2998 794 3227 851 tametsi.
3253 793 3306 847 hi
3346 791 3492 846 tituli

184 901 313 953 κεφ.
341 884 438 938 τοῦ
472 885 639 939 αὐτοῦ
668 885 775 939 τίτ.
816 886 1076 940 διδάσκον
1115 885 1187 939 τά
1230 886 1361 957 περὶ
1384 885 1625 955 ἀφανοῦς
1658 885 1784 940 κλο-

1912 883 2247 939 sacerdotum
2286 882 2470 937 furum
2503 900 2611 939 non
2645 884 2998 941 meminerint
3029 925 3045 952 ,
3085 895 3328 940 attamen
3363 886 3493 954 quia

184 978 291 1047 πῆς
320 976 415 1032 καὶ
442 977 709 1046 φανερᾶς,
751 978 848 1031 καὶ
890 976 1013 1030 εἰπὲ
1064 978 1150 1031 ὅτι
1178 977 1285 1031 κᾶν
1322 976 1636 1047 ἱερωμένων
1668 975 1792 1030 κλε-

1912 991 1963 1030 ex
1991 976 2194 1045 quibus
2221 976 2430 1047 legibus
2456 977 2876 1043 conveniantur,
2904 992 3084 1048 neque
3106 993 3239 1033 vero
3268 977 3491 1046 privile-

185 1066 342 1121 πτῶν
392 1067 453 1120 οὐ
498 1068 804 1138 μέμνηνται
840 1069 892 1122 οί
922 1066 1155 1145 τοιοῦτοι
1192 1069 1301 1123 τίτ.
1348 1066 1489 1121 Ἀλλ’
1523 1068 1648 1121 ἐπεὶ
1695 1068 1788 1135 ἀφ’

1912 1064 2043 1134 ςὶυη]
2078 1065 2164 1120 his
2189 1065 2373 1120 datum
2406 1064 2477 1121 sit
2498 1109 2513 1131 ,
2541 1081 2609 1122 ne
2639 1067 2708 1122 de
2734 1066 2881 1123 iurto
2910 1069 3205 1125 convenire
3225 1069 3440 1138 possint
3474 1084 3489 1121 :

182 1148 261 1211 ὧν
292 1158 542 1228 νομίμων
600 1159 887 1228 ὲνάγονται
937 1162 984 1213 οί
1034 1159 1235 1224 λαῖκοὶ,
1273 1158 1335 1224 ἐξ
1376 1157 1557 1212 αὐτῶν
1600 1158 1696 1212 καὶ
1738 1159 1789 1211 οί

1912 1158 2212 1212 tecessario
2241 1158 2521 1215 communi
2552 1158 2620 1214 de
2650 1157 2816 1215 furtis
2838 1159 2966 1231 jure
2994 1168 3050 1217 et
3074 1160 3179 1229 ipsi
3211 1160 3489 1215 constrin—

186 1248 450 1321 κληρικοὶ
479 1250 788 1319 ὲνάγονται,
829 1251 1104 1322 προνόμια
1146 1250 1205 1305 δὲ
1247 1252 1351 1304 ούκ
1391 1248 1550 1321 ἐδόθη
1577 1248 1791 1313 τούτοις

1895 1258 2113 1320 gentur.

184 1343 298 1397 ἀπὸ
326 1342 534 1412 κλοπῆς
569 1341 645 1414 μὴ
674 1342 966 1411 ὲνάγεσθαι
1001 1343 1062 1409 ἐξ
1104 1342 1351 1413 ἀνάγκης
1381 1341 1460 1411 τῷ
1491 1340 1658 1413 κοινῷ
1720 1339 1939 1413 νομίμῳ
1998 1341 2079 1413 τῷ
2113 1342 2369 1415 περὶτῆς
2396 1342 2607 1413 κλοπῆς
2652 1344 2748 1399 καὶ
2783 1345 2939 1399 αὐτοὶ
2969 1344 3494 1418 συσφιγχθήσονται,

257 1434 565 1503 Κείμενον.
610 1432 671 1485 Ὀ
691 1432 747 1487 δὲ
768 1433 877 1487 ἀπὸ
908 1432 1241 1505 ἐμπρησμοῦ
1272 1433 1305 1504 ἢ
1338 1433 1604 1499 ναυαγίου
1630 1432 1775 1502 λαμ-

1960 1433 2182 1491 Textus.
2202 1434 2306 1502 Qui
2329 1452 2396 1490 ex
2430 1437 2686 1493 incendio
2715 1447 2811 1492 aut
2850 1438 3162 1510 naufragio,
3180 1448 3312 1509 etc.,
3332 1456 3495 1512 tuun

186 1528 372 1583 ϐἀνων
398 1526 621 1592 ἔξωθεν,
646 1543 701 1579 κ.
730 1543 780 1579 τ.
815 1526 891 1592 λ.,
936 1541 1111 1597 usque
1139 1526 1203 1581 ad
1233 1525 1308 1589 ὡς
1340 1523 1547 1597 βιϐλίον
1580 1523 1628 1596 γ’
1673 1525 1779 1581 τίτ.

1912 1526 1959 1581 td
1989 1526 2073 1582 tit.
2102 1525 2159 1593 2,
2192 1526 2388 1598 digest.
2414 1525 2510 1594 26,
2542 1536 2600 1582 ut
2621 1544 2746 1600 pug.
2780 1528 2908 1587 500.

184 1618 257 1690 β’,
287 1617 429 1672 διάτ.
462 1615 532 1681 α’,
556 1614 598 1669 δ’
627 1616 723 1669 καὶ
750 1614 825 1682 ς’,
863 1631 1029 1686 supra
1058 1632 1186 1687 pag.
1219 1618 1345 1675 299.

262 1712 551 1780 Σχόλιον.
591 1708 656 1762 Ἦ
701 1706 770 1781 ιη’
805 1708 946 1764 διάτ.
990 1708 1082 1763 τοῦ
1119 1708 1163 1780 β’
1211 1712 1318 1767 τίτ.
1353 1712 1448 1768 τοῦ
1494 1711 1547 1779 ς’
1579 1711 1785 1783 βιϐλίου

182 1800 283 1856 τοῦ
329 1800 565 1863 κώδικος
613 1799 729 1853 ἔστι
779 1799 921 1871 θέμα
973 1797 1045 1853 λε’
1080 1800 1174 1854 τοῦ
1217 1800 1271 1868 ς’
1302 1803 1408 1858 τίτ.
1445 1805 1541 1859 τοῦ
1593 1803 1634 1869 ξ’
1675 1802 1787 1873 βιϐ.

1967 1709 2267 1768 Scholium.
2339 1709 2577 1766 Constit.
2620 1711 2689 1765 18
2748 1710 2830 1767 tit.
2898 1711 2935 1766 2
2986 1711 3082 1766 lib.
3127 1726 3183 1767 Vl
3250 1712 3373 1769 cod.
3414 1720 3500 1768 est

1894 1817 2016 1873 cap.
2047 1801 2135 1866 55,
2162 1801 2245 1853 tit.
2271 1796 2324 1866 6,
2352 1801 2447 1857 lib.
2474 1818 2541 1856 ιχ
2580 1800 2774 1867 Basil.,
2799 1804 2944 1871 quod
2971 1802 3053 1857 sic
3069 1803 3201 1858 dicit
3232 1821 3246 1859 :
3280 1804 3339 1859 Si
3370 1804 3499 1874 quis

182 1895 299 1949 τῶν
334 1891 645 1949 Βασιλικῶν
677 1893 820 1946 οὕτω
841 1892 1022 1962 λέγον.
1055 1894 1180 1948 Ἐάν
1200 1912 1285 1960 τις
1314 1897 1421 1951 ἀπὸ
1447 1893 1785 1969 ἐμπρησμοῦ

1912 1911 1962 1951 2x
2006 1895 2260 1952 incendio
2293 1895 2378 1951 vel
2423 1893 2714 1964 naufragio
2752 1894 3035 1964 quidpiam
3082 1895 3373 1950 abstulerit
3406 1906 3503 1951 aut

187 1986 224 2057 ἢ
259 1984 529 2055 ναυαγίου
564 1986 832 2057 ἀφέληταί
864 2003 939 2053 τι,
988 1987 1021 2057 ἢ
1077 1986 1288 2063 μειώσῃ
1334 1990 1483 2053 ἐντὸς
1530 1986 1779 2043 ἐνιαυτοῦ

185 2080 503 2152 ὡρισμένου
528 2081 612 2144 είς
634 2078 693 2133 τὸ
715 2079 1055 2151 τετραπλοῦν
1082 2082 1401 2153 καρέχεται.
1429 2082 1589 2138 Μετὰ
1613 2082 1671 2136 δὲ
1696 2082 1790 2136 τὸν

186 2172 442 2226 ἐνιαυτὸν
468 2175 549 2236 είς
580 2173 641 2225 τὸ
674 2170 879 2226 ἁπλοῦν
908 2173 1047 2245 πρὸς
1072 2175 1138 2245 τῇ
1164 2174 1267 2245 ἤδη
1291 2175 1581 2249 ὡρισμένῃ
1605 2178 1787 2248 ποινῇ.

185 2264 263 2318 Τὸ
290 2264 351 2318 δὲ
378 2263 620 2318 δίδοσθαι
638 2264 735 2317 καὶ
764 2264 843 2337 τῷ
872 2264 1051 2337 φίσκῳ
1073 2266 1241 2337 ἤγουν
1255 2266 1333 2338 τῷ
1350 2267 1598 2339 δημοσίῳ
1614 2267 1677 2321 τὸ
1705 2285 1795 2321 τε-

186 2354 471 2426 τραπλοῦν
502 2354 688 2418 καθὼς
715 2356 775 2409 ὲν
817 2355 897 2428 τῷ
925 2356 1118 2410 κώδικι
1169 2358 1499 2429 περιείχετο,
1528 2359 1588 2412 οὐ
1620 2376 1793 2429 προσ-

191 2444 358 2515 ετέθη
384 2444 444 2497 ἐν
477 2444 557 2514 τῷ
588 2443 884 2517 Βασιλικῷ.
913 2446 1150 2515 Λέγουσι
1178 2448 1310 2518 γοῦν
1340 2466 1484 2511 τινες
1516 2449 1605 2503 διὰ
1636 2450 1795 2506 τοῦτο

189 2536 272 2607 μὴ
303 2536 662 2590 ἀπαιτεῖσθαι
696 2539 849 2610 παρὰ
888 2537 984 2593 τοῦ
1021 2541 1284 2612 δημοσίου
1328 2542 1392 2596 τὸ
1422 2542 1786 2614 τετραπλοῦν.

198 2628 364 2699 Ἐμοὶ
399 2628 458 2681 δὲ
514 2628 664 2682 δοκεῖ
693 2629 776 2683 ὅτι
827 2630 937 2684 ἀπὸ
990 2632 1088 2686 τοῦ
1138 2634 1317 2688 εἰπεῖν
1364 2635 1456 2689 τὸν
1502 2635 1795 2691 Βασιλικὺν

185 2721 381 2792 ἔνοχον
402 2715 549 2777 εἶναι
574 2723 670 2777 τὸν
700 2722 873 2789 οὕτως
894 2727 1258 2797 ἡμαρτηκότα
1280 2729 1378 2781 σὺν
1403 2727 1483 2799 τῷ
1507 2729 1796 2801 τετραπλῷ

187 2814 293 2868 καὶ
358 2817 426 2886 τῇ
459 2814 750 2890 ὡρισμένῃ
790 2821 949 2889 ποινῇ
974 2860 989 2884 ,
1024 2819 1359 2890 παρίσταται
1397 2820 1657 2877 δύνασθαι
1700 2824 1797 2878 καὶ¹

1898 1988 2241 2047 imminuerit
2270 2028 2287 2055 ,
2332 1989 2473 2043 intra
2503 1986 2791 2041 deﬁnitum
2822 2000 3027 2041 annum
3057 1994 3256 2057 praeter
3279 2001 3500 2057 poenam

1899 2080 2028 2139 olim
2067 2090 2353 2148 statutam,
2380 2078 2436 2134 iu
2467 2079 2861 2148 quadruplum,
2891 2088 3016 2149 post
3043 2096 3250 2135 annum
3284 2082 3337 2135 in
3366 2082 3503 2137 sim-

1900 2172 2050 2243 plum
2104 2178 2344 2227 tenetur.
2386 2170 2462 2227 Ut
2504 2180 2687 2225 autem
2738 2171 2870 2229 lisco
2916 2171 3083 2226 etiam
3129 2172 3501 2245 quadruplum

1901 2265 2081 2329 detur,
2108 2264 2385 2334 quomodo
2431 2262 2534 2336 [id]
2581 2263 2632 2317 in
2676 2264 2801 2318 cod.
2834 2264 3358 2333 comprehendatur,
3390 2280 3503 2320 non

1902 2360 2140 2428 positum
2175 2364 2261 2412 est
2295 2357 2348 2411 in
2383 2355 2550 2412 Basil.
2586 2355 2784 2411 Dicunt
2816 2370 2949 2427 ergo
2982 2357 3231 2412 nonnulli
3298 2357 3503 2413 idcirco

1902 2450 2096 2507 ﬁscum
2130 2449 2501 2520 quadruplum
2544 2446 2669 2503 non'
2698 2450 2941 2519 exigere.
2972 2447 3199 2517 Verum,
3221 2451 3501 2520 quomodo

1904 2542 2038 2599 mihi
2089 2543 2329 2608 videtur,
2365 2542 2491 2597 inde
2536 2539 2687 2611 quod
2734 2540 2900 2595 Basil.
2936 2540 3070 2597 dicit
3112 2557 3238 2598 eum
3284 2542 3379 2612 qui
3425 2541 3502 2597 ita

1903 2634 2175 2706 peccarit,
2206 2650 2333 2689 eum
2374 2633 2686 2706 quadruplo
2729 2634 2894 2689 etiam
2937 2642 3159 2691 statutae
3195 2650 3371 2701 poenae
3400 2636 3503 2690 ob—

1906 2728 2129 2784 noxium
2152 2741 2276 2782 esse
2299 2743 2312 2781 :
2338 2727 2692 2782 constituitur
2735 2726 2900 2781 etiam
2923 2726 3114 2783 [iscum
3137 2727 3502 2798 quadruplum

1904 2819 2121 2889 exigere
2166 2832 2350 2889 posse.
2386 2817 2478 2874 Ait
2529 2834 2661 2874 vero
2708 2826 2764 2874 et
2811 2818 2874 2872 5|
2928 2834 3048 2889 cap.
3087 2820 3172 2875 tit.
3206 2820 3273 2886 5,
3307 2820 3402 2874 lib.
3438 2836 3503 2886 ι.,

186 2906 285 2961 τὸν
319 2905 585 2979 δημόσιον
632 2910 890 2964 ἀπαιτεῖν
920 2912 981 2965 τδ
1022 2912 1390 2984 τετραπλοῦν.
1424 2914 1565 2987 Φησὶ
1606 2915 1662 2969 δὲ
1704 2918 1793 2970 καὶ

1912 2912 2019 2968 ιιωο
2046 2929 2061 2968 :
2086 2910 2192 2979 Qui
2221 2913 2383 2983 rapit,
2409 2923 2503 2967 aut
2523 2911 2653 2987 dolo
2681 2911 2896 2967 lucrum
2925 2911 3154 2981 percipit
3183 2928 3250 2968 ex
3282 2911 3507 2967 naufra-

185 2999 249 3054 τὸ
270 2998 359 3054 λα’
390 3016 517 3070 κεφ.
545 3000 641 3055 τοῦ
671 3000 721 3072 γ’
755 3002 859 3057 τίτ.
889 3003 985 3057 τοῦ
1006 3002 1086 3074 νγ¹
1124 3004 1331 3075 βιϐλίου
1358 3006 1553 3061 ταῦτα’
1596 3009 1658 3063 '0
1691 3008 1794 3080 ἀρ-

188 3092 393 3158 πάζων
455 3095 489 3167 ἢ
537 3096 679 3151 κατά
728 3096 878 3150 δόλον
918 3097 1218 3169 κερδαίνων
1265 3101 1331 3154 ὲκ
1380 3100 1665 3171 ναυαγίου,
1714 3103 1795 3167 είς

185 3187 321 3240 ὅσον
368 3186 655 3242 ὑπόκειται
710 3188 788 3260 τῷ
820 3187 1200 3259 ξζημιωοέντι,
1252 3191 1511 3246 τοσοῦτον
1563 3193 1659 3247 καὶ
1716 3194 1796 3265 τῷ

188 3277 445 3349 δημοσίῳ
478 3277 715 3334 δίδωσιν.
762 3280 821 3334 '0
852 3280 909 3333 δὲ
956 3279 1001 3334 θ’
1032 3281 1137 3337 τίτ.
1172 3282 1267 3336 τοῦ
1302 3281 1390 3355 μζ¹
1437 3284 1646 3354 βιϐλίου
1687 3286 1797 3340 τῶν

187 3369 343 3424 διατ.
381 3371 544 3441 ἐτέθη
575 3373 652 3437 είς
680 3373 786 3428 τίτ.
822 3370 876 3428 κ’
904 3376 995 3428 τοῦ
1027 3372 1070 3443 ξ’
1093 3374 1299 3446 βιϐλίου
1346 3377 1455 3431 τῶν
1492 3377 1797 3432 Βασιλικῶν

183 3461 642 3535 διαλαμϐάνοντα
676 3466 806 3538 περὶ
835 3467 943 3520 τῶν
974 3468 1395 3540 ἀφαιρουμένων
1425 3470 1533 3523 ἀπὸ
1569 3470 1787 3542 ἐμπρη-

201 3556 355 3627 σμοῦ
405 3559 501 3610 καὶ
562 3559 987 3624 καταπτώσεως.
1042 3562 1204 3630 Λέγει
1246 3561 1304 3615 δὲ
1360 3562 1421 3616 τὸ
1480 3562 1630 3628 τέλος
1694 3563 1787 3617 τοῦ

188 3650 243 3703 α’
302 3667 435 3719 κεφ.
457 3651 553 3704 τοῦ
583 3650 750 3705 αὑτοῦ
768 3652 872 3706 τίτ.
896 3651 1157 3723 ἁρμόζειν
1183 3654 1443 3708 ἐπέκεινα
1459 3656 1556 3726 τῆς
1578 3672 1798 3726 χρημα-

187 3745 361 3813 τικῆς
418 3747 633 3815 ποινῆς,
688 3745 784 3799 καὶ
829 3746 1246 3816 ὲγκληματικὴν
1285 3746 1657 3811 ἐπεξέλευσιν.
1694 3748 1801 3803 Καὶ

189 3836 318 3890 ἐστι
342 3834 504 3889 τοῦτο
551 3835 720 3890 ἱδικδν
762 3836 843 3901 είς
872 3837 998 3901 τοὺς
1042 3836 1395 3909 ἁρπάζοντας
1438 3837 1546 3892 ἀπὸ
1575 3840 1799 3910 ἐμπρησ-

199 3926 375 4000 σμοῦ,
408 3928 506 3983 καὶ
534 3929 942 3992 καταπτὼσεως
974 3930 1070 3983 καὶ
1091 3931 1375 4000 ναυαγίου.
1412 3932 1801 4003 Τιμωροῦνται

190 4021 311 4093 γὰρ
344 4022 441 4075 καὶ
502 4022 865 4093 χρηματικῶς
911 4024 1003 4076 καὶ
1053 4021 1480 4094 ὲγκληματικῶς
1522 4024 1660 4095 ὅπερ
1709 4025 1803 4078 ἐπὶ

188 4114 310 4168 τῶν
343 4112 522 4168 ἄλλων
579 4113 998 4185 ἁμαρτημάτων
1059 4115 1160 4167 οὐκ
1202 4113 1340 4169 ἔστι.
1406 4113 1517 4167 Καὶ
1580 4113 1714 4186 φησὶ
1741 4114 1803 4168 τὸ

191 4205 275 4271 νζ⁹
300 4206 445 4260 διάτ.
474 4204 566 4259 τοῦ
603 4206 648 4259 θ’
694 4207 802 4261 τίτ.
833 4205 929 4260 τοῦ
964 4206 1049 4279 με’
1081 4205 1287 4278 βιϐλίου
1330 4206 1440 4262 τῶν
1470 4206 1609 4261 διατ.
1635 4209 1663 4260 ὃ
1686 4207 1802 4259 ὲστι

1902 3002 2027 3074 gio,
2056 3002 2111 3057 in
2145 3014 2412 3072 quantum
2446 2986 2663 3057 tenet‘ur
2696 3002 2745 3057 ei
2777 3003 2871 3073 qui
2898 3001 3101 3057 damno
3129 3001 3361 3059 aﬂ‘ectus
3390 3003 3504 3071 estl,

1907 3095 2249 3150 tantumdem
2280 3095 2447 3149 etiam
2482 3093 2617 3150 ﬁsco
2650 3095 2766 3149 dat.
2795 3093 2967 3149 Porro
3001 3094 3085 3149 tit.
3115 3094 3169 3160 9,
3200 3094 3296 3149 lib.
3357 3110 3505 3149 xum

1910 3186 2033 3258 Dig.
2068 3188 2280 3256 positus
2310 3196 2395 3242 est
2434 3188 2489 3242 in
2533 3187 2617 3242 tit.
2644 3186 2745 3254 20,
2775 3186 2870 3240 ιιι».
2901 3202 2969 3241 Lx
3017 3187 3183 3242 Basil.
3210 3185 3316 3252 Qui
3353 3200 3509 3239 com,

1904 3280 2164 3351 plectitur
2190 3287 2481 3333 tractatum
2512 3294 2703 3334 eorum
2733 3293 2856 3348 quae
2884 3294 2947 3332 ex
2979 3277 3236 3335 incendio
3261 3286 3315 3333 et
3348 3276 3509 3331 ruina

1906 3373 2309 3444 subripiuntur.
2343 3374 2484 3429 Dicit
2515 3382 2694 3428 autem
2726 3373 2849 3428 linis
2894 3388 3015 3442 cap.
3056 3374 3073 3426 Ι
3122 3371 3368 3442 ejusdem
3410 3372 3497 3425 tit.

1908 3475 2219 3537 competere
2258 3479 2422 3534 supra
2466 3463 2839 3534 pecuniariam
2881 3477 3099 3534 poenam
3140 3463 3305 3516 etiam
3340 3461 3514 3516 actio.

1908 3574 2032 3613 netn
2063 3556 2428 3612 criminalem.
2457 3556 2637 3626 Atque
2659 3564 2744 3611 est
2764 3556 2867 3611 hoc
2891 3554 3129 3625 speciale
3158 3555 3209 3607 in
3236 3554 3303 3609 iis
3327 3552 3419 3623 qui
3441 3569 3510 3607 ex

1909 3650 2185 3716 incendio,
2210 3649 2390 3712 ruina,
2419 3650 2708 3720 naufragio
2732 3648 2910 3721 [quid]
2943 3651 3184 3719 rapiunt.
3204 3646 3512 3705 Puniuntut‘

1907 3743 2053 3797 enim
2100 3751 2214 3797 tum
2280 3742 2625 3812 pceuniarie,
2659 3752 2772 3796 tum
2811 3741 3173 3796 criminaliter
3209 3758 3222 3795 :
3271 3740 3416 3810 quod
3455 3740 3511 3795 itt

1911 3836 2035 3891 aliis
2064 3837 2282 3892 delictis
2316 3854 2421 3892 non
2454 3840 2533 3905 lit,
2564 3839 3030 3909 quemadmodum
3061 3838 3196 3893 dicit
3226 3837 3423 3905 digest.
3449 3839 3505 3905 7,

1912 3927 1994 3983 tit.
2016 3927 2069 3992 9,
2092 3927 2187 3982 lib.
2210 3944 2355 3983 xum
2401 3929 2511 3999 dig.
2552 3930 2695 3997 quod
2720 3930 2897 3999 ipsum
2915 3938 2998 3983 est
3018 3929 3198 3984 thema
3220 3926 3515 3997 2,cap.57.

1915 4020 1997 4074 tit.
2032 4020 2129 4086 i2,
2162 4021 2258 4075 lib.
2290 4037 2353 4074 ιχ
2380 4019 2547 4075 Basil.
2576 4020 2721 4090 quod
2765 4020 2962 4085 habet,
2992 4029 3049 4075 ut
3090 4019 3147 4074 in
3189 4020 3516 4088 compendio

1915 4114 2258 4185 prepositum
2288 4124 2391 4168 est.
2424 4111 2610 4183 Neque
2635 4113 2779 4167 enim
2812 4112 3048 4182 injurius
3076 4121 3172 4167 aut
3194 4111 3304 4178 fur,
3334 4111 3380 4168 si
3405 4110 3515 4165 cri-

1913 4205 2101 4260 minali
2138 4209 2354 4262 actione
2394 4205 2673 4276 impolitus
2709 4203 2933 4274 punitus
2969 4204 3060 4269 sit,
3090 4218 3307 4274 poenam
3347 4218 3514 4272 pecu-

192 4303 345 4374 θέμα
372 4303 419 4373 β’
449 4302 545 4356 τοῦ
570 4302 647 4369 vi,"
674 4320 800 4374 κεφ.
832 4301 928 4356 τοῦ
974 4301 1043 4375 ιβ’
1085 4305 1194 4358 τίτ.
1238 4302 1332 4357 τοῦ
1363 4301 1404 4369 ξ’
1446 4302 1653 4374 βιϐλίου
1690 4302 1795 4355 τῶν

1912 4299 2139 4356 niariatn
2168 4301 2281 4356 dat.
2310 4299 2454 4356 Sane
2480 4301 2589 4371 dig.
2615 4300 2705 4362 95,
2726 4298 2812 4353 tit.
2839 4299 2897 4364 2,
2925 4299 3021 4353 lib.
3049 4312 3193 4352 XLVII
3247 4296 3360 4366 dig.
3400 4309 3515 4350 non

191 4394 515 4449 Βασιλικῶν
561 4394 736 4460 οὕτως
777 4395 901 4469 ἕχον
943 4396 1020 4461 ὡς
1068 4394 1406 4467 συνωψίσθη.
1460 4396 1586 4449 Ἐὰν
1622 4394 1731 4464 γὰρ
1777 4395 1805 4448 ὁ

193 4487 494 4563 ὑϐριστὴς,
528 4487 561 4560 ἢ
600 4489 630 4541 ὁ
673 4487 915 4556 κλέπτης
951 4488 1378 4562 ὲγκληματικῶς
1406 4487 1695 4552 ὲλκυσθεὶς
1724 4505 1807 4541 τι·

197 4581 467 4655 μωρηθῇ,
504 4580 697 4653 ποινὴν
740 4583 802 4636 ού
837 4582 1022 4637 δίδωσι
1069 4583 1447 4655 χρηματικήν.
1504 4581 1578 4635 Τὸ
1627 4581 1812 4653 μέντοι

192 4674 289 4745 ια’
312 4675 456 4730 διάτ.
489 4674 582 4729 τοῦ
609 4673 652 4745 β’
685 4675 791 4734 τίτ.
808 4675 903 4729 τοῦ
931 4674 1017 4747 μζ’
1042 4675 1251 4747 βιϐλίου
1279 4676 1387 4729 τῶν
1407 4673 1815 4740 διατάξεωνούκ

193 4767 366 4839 ἐτέθη
400 4768 482 4830 είς
509 4768 576 4820 τὰ
609 4766 896 4823 summa.
919 4767 1237 4839 Σημείωσαι
1265 4767 1321 4822 δὲ
1348 4769 1431 4822 ὅτι
1455 4767 1583 4820 ὅταν
1607 4766 1807 4838 ἐγκλη-

197 4854 462 4927 ματικῶς
499 4855 699 4928 κινηθῇ
726 4858 760 4925 ἡ
788 4856 896 4910 ἀπὸ
929 4857 1327 4927 ἁμαρτήματος
1352 4855 1545 4926 ἀγωγὴ
1575 4853 1808 4909 δίδονται

194 4950 300 5004 καὶ
350 4948 651 5019 ἐγγραφαί.
696 4948 758 5002 ὐ
810 4947 853 5020 β’
887 4948 993 5003 τίτ.
1027 4948 1123 5002 τοῦ
1147 4947 1196 5018 γ’
1248 4948 1461 5019 βιϐλίου
1515 4947 1625 5002 τῶν
1661 4948 1804 5004 διατ.

193 5042 322 5096 ἔστι
359 5041 569 5114 βιϐλίον
608 5041 717 5094 τῶν
750 5041 1059 5095 Βασιλικῶν
1103 5042 1197 5094 καὶ
1225 5043 1330 5095 τίτ.
1364 5039 1408 5112 β’
1439 5040 1709 5095 διδάσκων
1743 5043 1808 5095 ἐκ

194 5137 380 5189 ποίων
402 5135 625 5206 τρόπων
647 5134 914 5203 ἐπάγεται
931 5134 1146 5205 ἀτιμία.
1166 5134 1276 5187 Καὶ
1299 5132 1573 5201 ἀνάγνωθι
1593 5133 1737 5203 θέμα
1760 5130 1808 5201 γ’

1907 4406 1993 4451 est
2037 4396 2274 4465 positum
2323 4395 2377 4448 in
2426 4392 2596 4447 Basil.
2645 4390 2785 4447 Nota
2835 4402 3053 4456 tamen,
3090 4387 3241 4459 quod
3285 4387 3512 4459 quando

1909 4488 2268 4551 criminaliter
2298 4485 2365 4541 de
2392 4488 2590 4541 delicto
2621 4485 2767 4540 actio
2800 4493 2947 4539 mota
2980 4482 3180 4545 fuerit,
3207 4482 3261 4536 in
3295 4482 3505 4537 crimen

1912 4580 2344 4650 subscriptiones
2388 4578 2605 4633 dentur.
2660 4575 2769 4631 Tit.
2807 4576 2843 4630 2
2880 4575 3088 4642 lib.,ttt
3124 4572 3236 4644 dig.
3280 4582 3368 4630 est
3411 4572 3507 4627 lib.

1914 4671 2081 4728 Basil.
2114 4688 2243 4736 XXI,
2271 4672 2357 4725 tit.
2413 4670 2480 4737 2,
2507 4670 2599 4740 qui
2638 4669 2797 4725 docet
2829 4668 3030 4738 quibus
3071 4666 3247 4722 modis
3285 4662 3513 4721 infamia

1915 4765 2210 4836 irrogetur,
2235 4778 2300 4818 ac
2327 4762 2442 4832 lege
2476 4762 2656 4817 thema
2678 4762 2733 4825 5,
2758 4775 2881 4830 cap.
2908 4759 2962 4825 l,
2989 4759 3134 4830 quod
3161 4757 3296 4815 dicit
3322 4775 3339 4813 :
3372 4754 3515 4809 Infa-

1917 4858 2019 4914 mis
2046 4867 2150 4923 est,
2169 4856 2265 4926 qui
2285 4870 2387 4912 suo
2409 4854 2629 4909 nomine
2656 4852 2880 4918 lurti,_vi
2907 4852 3180 4907 bonorum
3206 4857 3512 4919 raptorum,

1918 4948 2271 5018 injuriarum,
2300 4946 2369 5001 de
2400 4946 2529 5001 dolo
2564 4943 2757 5017 [malo]
2792 4944 3108 5005 damnatus,
3137 4949 3236 4996 aut
3268 4940 3512 4993 nondum

1913 5041 2008 5100 lite
2051 5049 2356 5096 contestata
2396 5054 2565 5110 super
2605 5038 2695 5095 his
2737 5037 3047 5093 aetionibus
3081 5033 3225 5090 datis
3266 5031 3516 5102 pecuniis

1915 5141 2108 5205 pactus
2139 5128 2322 5186 fuerit.

193 5227 300 5283 τοῦ
349 5226 401 5282 a'
432 5244 560 5297 κεφ.
595 5226 755 5297 λέγον
789 5244 802 5258 ·
845 5227 1077 5298 Ἀτιμός
1107 5230 1222 5282 ἐστι
1271 5229 1367 5282 καὶ
1399 5228 1428 5282 ὁ
1465 5228 1582 5299 ἰδίῳ
1614 5228 1841 5299 ὀνόματι
1876 5224 2237 5297 κατακριθεὶς
2274 5227 2339 5297 τῇ
2360 5223 2492 5297 περὶ
2536 5223 2745 5294 κλοπῆς
2784 5220 2997 5290 ἀγωγῇ,
3028 5216 3063 5288 ἢ
3093 5217 3160 5287 τῇ
3187 5214 3315 5286 περὶ
3338 5214 3519 5285 ἁρπα-

196 5323 315 5392 Ὑῆς
342 5322 715 5394 πραγμάτων,
746 5322 840 5377 καὶ
867 5325 933 5395 τῇ
970 5323 1099 5395 περὶ
1130 5321 1342 5396 ὕϐρεως
1374 5324 1592 5397 ἀγωγῇ,
1622 5326 1718 5376 καὶ
1742 5325 1807 5394 τῇ
1848 5323 1980 5393 περὶ
2002 5321 2156 5375 δόλου
2183 5320 2217 5391 ἢ
2254 5320 2630 5391 συμφωνήσας
2697 5315 2837 5386 ὑπὲρ
2905 5312 3014 5366 τῶν
3056 5308 3316 5363 τοιούτων
3361 5308 3514 5375 ἀγω.

197 5414 347 5485 γῶν,
384 5416 483 5469 καὶ
514 5414 778 5487 χρήματα
823 5416 948 5481 δοὺς
984 5416 1153 5488 μήπω
1188 5416 1618 5489 προκατάρξεως
1646 5417 1971 5488 γενομένης.

288 5507 605 5577 Κείμενον.
658 5508 793 5577 Περὶ
838 5507 1218 5580 τυμϐωρύχων
1251 5508 1482 5578 γενικῶς
1510 5507 1811 5581 διαλαμϐά-

202 5616 298 5653 νει
330 5601 358 5651 ὀ
392 5597 460 5670 ιβ’
506 5600 615 5653 τίτ.
652 5598 746 5652 τοῦ
782 5599 868 5669 μζ¹
922 5599 1154 5672 βιϐλίου,
1203 5618 1259 5654 κ.
1309 5618 1359 5667 τ.
1402 5600 1476 5666 λ.,
1527 5617 1699 5672 usque
1748 5600 1816 5658 ad

202 5689 310 5741 τοῦ
337 5689 573 5753 κὼδικος
596 5691 701 5745 τίτ.
734 5690 775 5743 δ’
801 5690 941 5746 διάτ.
975 5689 1045 5759 γ’,
1076 5688 1183 5758 Eg’.
1220 5689 1397 5763 Supra
1433 5707 1555 5766 pag.
1586 5692 1709 5751 500.

1990 5505 2208 5561 Textus.
2230 5503 2307 5560 De
2324 5502 2701 5575 sepulcrorum
2723 5495 3100 5562 violatoribus,
3119 5501 3249 5558 etc.,
3267 5508 3428 5563 usque
3444 5491 3516 5547 ad

1922 5609 2100 5656 coust.
2128 5599 2163 5654 ὅ
2192 5596 2472 5671 ίιτιιιιίιυιι]
2491 5634 2506 5659 ,
2535 5603 2591 5648 ut
2630 5609 2757 5663 pag.
2793 5590 2918 5646 500.
