3916 6244
391 310 527 377 1123

1558 291 1825 358 ΡΗΟΤΙῙ
1864 279 2375 353 PATRIARCHIE
2406 280 2518 345 (ΞΡ.

3531 264 3677 332 11ἱ1

455 423 751 481 Scholium.
789 420 899 478 Tit.
949 420 1018 475 12
1087 418 1184 474 lib.
1234 431 1377 472 m'n
1415 411 1528 483 dig.
1600 419 1686 465 est
1757 408 1845 462 tit.
1888 406 1980 472 2'5,

2156 400 2435 470 Σχόλιον.
2472 396 2530 449 '0
2561 391 2627 464 ιβ’
2648 390 2753 447 τίτ.
2780 388 2875 445 τοῦ
2912 386 2999 461 μζ*
3025 386 3231 459 βιϐλίου
3259 383 3369 440 τῶν
3391 383 3533 439 διατ.
3556 362 3680 436 ἔστι

380 519 477 574 lib.
532 516 825 586 LxlBasil.
874 515 967 585 qui
1016 513 1084 568 de
1129 509 1427 565 violatione
1472 513 1979 565 monumentorum,

383 611 501 667 sive
552 623 846 679 corporum
892 605 1190 676 sepultura:
1231 601 1556 656 traditorum
1606 596 1787 650 docet.
1845 593 1985 649 Dicit

394 713 587 757 autem
617 701 861 771 ejusdem
894 701 979 753 tit.
1016 713 1138 768 cap.
1176 696 1246 749 8:
1287 691 1536 763 Sepulcri
1559 689 1743 744 violati
1774 686 1983 741 crimen

389 796 456 851 ad
490 796 663 865 legem
696 790 945 865 [Juliam]
972 791 1039 845 de
1071 792 1119 842 vi
1163 786 1379 857 publica
1417 783 1679 838 refertur.
1708 778 1985 847 Competit

388 903 522 944 vero
544 888 709 942 etiam
748 882 941 957 [actio]
981 881 1322 951 pecuniaria.
1356 877 1558 932 Verum
1594 888 1769 945 pcenae
1809 886 1987 941 quan-

385 985 513 1039 titas
541 984 596 1037 in
621 981 788 1035 Basil.
820 995 926 1034 non
959 987 1045 1033 est
1074 982 1476 1043 transsumpta.
1508 970 1641 1040 Cap.
1671 964 1902 1039 [autem]
1931 966 1983 1033 1,

386 1072 568 1127 dicit:
606 1068 859 1140 Sepulcri
911 1067 1094 1119 violati
1143 1064 1351 1118 crimen
1409 1058 1695 1113 infamiam
1752 1055 1980 1124 irrogat.

386 1164 593 1218 Thema
644 1162 675 1214 7
755 1175 877 1229 cap.
931 1158 984 1222 4,
1030 1156 1148 1210 ait:
1194 1152 1303 1219 Qui
1356 1150 1606 1220 sepulcra
1657 1147 1882 1209 violant,
1933 1152 1987 1197 et

388 1254 660 1312 cadavera
714 1253 975 1324 spoliant,
1022 1250 1068 1304 si
1120 1246 1322 1302 armati
1378 1241 1459 1316 [id
1507 1237 1759 1310 faciant],
1809 1236 1986 1306 capite

388 1348 743 1420 plectuntur:
782 1345 825 1398 si
870 1344 989 1397 sine
1030 1340 1223 1403 armis,
1268 1350 1444 1406 usque
1481 1335 1549 1388 ad
1600 1330 1799 1386 metalli
1847 1327 1985 1400 [pce-

391 1418 518 1496 nam
561 1434 923 1509 proceditur].
972 1434 1102 1503 Cap.
1132 1432 1199 1484 10
1256 1429 1387 1484 dicit
1419 1445 1431 1480 :
1463 1425 1565 1492 Qui
1602 1424 1860 1493 reliquias
1904 1418 1986 1475 vel

394 1548 523 1589 ossa
556 1530 846 1594 moverint,
875 1538 928 1582 et
963 1543 1084 1597 quae
1119 1525 1377 1592 deinceps
1430 1521 1483 1574 in
1535 1527 1681 1573 textu
1730 1529 1984 1584 compre-

399 1626 729 1682 henduntur.
767 1619 874 1673 Tit.
928 1620 958 1672 7
995 1616 1088 1671 lib.
1151 1630 1205 1668 in
1256 1615 1363 1683 dig.
1405 1622 1489 1666 est
1545 1609 1684 1663 tit.|
1736 1607 1831 1661 lib.
1862 1621 1986 1659 XLIX

397 1717 565 1772 Basil.
600 1714 693 1784 qui
742 1713 807 1765 de
839 1706 1214 1764 m0numentis
1261 1714 1315 1758 et
1371 1702 1684 1770 sumptibus
1727 1697 1984 1752 funerum

393 1809 575 1865 docet.
606 1804 810 1857 Thema
848 1796 1023 1872 [vero]
1068 1798 1104 1851 4
1130 1812 1251 1865 cap.
1286 1796 1319 1849 5
1348 1798 1430 1849 tit.
1478 1786 1550 1845 25
1598 1791 1692 1844 lib.
1754 1805 1845 1853 1.x,
1871 1788 1983 1842 ait:

398 1899 665 1967 Reliquiae
702 1904 1045 1948 mortuorum
1082 1904 1205 1941 non
1247 1895 1375 1943 sunt
1422 1882 1823 1940 contrectandae
1892 1889 1988 1935 aut.

399 1991 704 2047 vexandaa:
755 1989 849 2042 sed
896 2000 1017 2055 qua:
1053 1982 1374 2053 aliquandiu
1420 1980 1714 2035 reconditae
1761 1976 1986 2041 fuerint,

405 2098 500 2139 eas
541 2080 829 2136 transferri
866 2079 1011 2132 licet.
1054 2075 1185 2145 Cap.
1226 2075 1255 2127 7
1292 2072 1539 2142 ejusdem
1592 2072 1673 2125 tit.
1710 2071 1829 2124 ait:
1875 2067 1992 2123 Mo-

401 2184 728 2231 numentum
763 2171 1004 2227 deterius
1035 2167 1344 2221 faciendum
1377 2179 1484 2217 non
1520 2173 1644 2219 est:
1676 2162 1769 2218 sed
1808 2169 1988 2216 tamen

402 2266 652 2337 reliquiis
683 2280 791 2320 non
826 2261 1095 2318 contactis
1129 2259 1259 2313 illud
1305 2257 1528 2312 reﬁcere
1581 2256 1726 2311 licet.
1778 2253 1915 2323 Cap.
1958 2253 1989 2306 7

404 2362 491 2415 tit.
532 2361 557 2414 1
622 2359 714 2413 lib.
745 2374 797 2411 ιχ
834 2355 1000 2409 Basil.
1038 2353 1091 2406 in
1138 2352 1243 2405 line
1275 2366 1289 2405 :
1324 2349 1476 2415 Quod
1508 2348 1553 2404 si
1603 2348 1705 2401 loci
1735 2345 1992 2400 dominus

406 2452 633 2525 (inquit)
669 2452 804 2506 citra
832 2444 1379 2520 jussum‘sacerdotis
1409 2443 1495 2497 vel
1522 2441 1784 2513 principis
1810 2438 1995 2507 ejiciat

404 2548 474 2602 ab
508 2548 617 2601 alio
665 2544 963 2614 sepultura,
1003 2550 1096 2593 aut
1137 2535 1417 2592 recondita
1462 2550 1611 2600 ossa,
1647 2534 1866 2587 actione
1905 2530 1992 2583 in-

401 2641 677 2710 juriarum
742 2633 1085 2690 convenitur.
1141 2629 1207 2684 Et
1257 2643 1378 2698 cap.
1429 2626 1498 2682 9O
1548 2626 1632 2680 tit.
1678 2626 1711 2679 5
1750 2623 1995 2694 ejusdem

408 2731 508 2785 lib.
552 2729 685 2782 dicit
726 2746 740 2782 :
787 2725 943 2781 Justa
985 2724 1052 2777 de
1091 2736 1258 2775 causa
1314 2720 1699 2788 magistratum
1735 2714 1908 2779 adire,
1943 2719 1999 2765 et

409 2838 614 2892 corpus
646 2821 943 2890 sepulturae
976 2817 1259 2881 traditum,
1306 2815 1359 2867 in
1398 2811 1564 2865 alium
1594 2809 1773 2863 locum
1814 2816 1999 2860 trans-

412 2915 580 2978 ferre,
635 2913 851 2969 etiamsi
909 2909 1255 2966 commisceri
1304 2908 1517 2971 debeat,
1565 2904 1715 2958 licet.
1759 2900 1824 2953 Et
1873 2914 1997 2969 cap.

411 3007 482 3061 M
507 3024 520 3060 :
541 3004 731 3068 Nemo,
759 3003 958 3073 inquit,
983 3002 1282 3055 humanum
1310 3010 1512 3065 corpus
1541 2992 1676 3048 citra
1697 2990 1999 3062 jussionem

2016 1757 2064 1815 B

2082 492 2189 547 τίτ.
2225 487 2311 558 κγ’
2337 488 2429 541 τοῦ
2462 486 2507 551 ζ’
2535 484 2742 556 βιϐλίου
2772 481 2882 535 τῶν
2905 478 3213 533 Βασιλικῶν
3236 476 3367 549 περὶ
3396 474 3681 544 καταφθο-

2090 586 2189 657 ρᾶς
2239 583 2543 653 μνήματος,
2573 578 2694 650 ῆτοι
2724 575 2833 629 τῶν
2878 572 3183 643 ἐνταφείων
3214 569 3486 640 λειψάνων
3528 567 3682 621 διδά-

2088 694 2255 731 σκων.
2287 674 2425 745 Φησὶ
2454 670 2512 725 δὲ
2546 670 2607 723 τὺ
2636 667 2823 738 ὄγδοον
2853 683 2981 737 κεφ.
3017 662 3109 719 τοῦ
3142 660 3307 717 αὐτοῦ
3352 661 3458 713 τίτ.
3486 659 3551 712 τδ
3585 659 3681 727 έγ-

2086 768 2275 836 κλημα
2302 765 2402 831 τῆς
2426 759 2821 832 τυμϐωρυχίας
2854 758 2960 811 ὑπὸ
2984 756 3075 810 τὸν
3104 755 3233 824 περὶ
3265 753 3386 825 βίας
3414 753 3683 823 δημόπιον

2086 859 2424 928 ἀναρέρεται
2453 856 2641 925 νόμον.
2686 849 2946 924 Ἀρμόζει
2975 850 3032 903 δέ
3066 850 3160 901 καὶ
3187 846 3562 919 χρηματικῶς.
3619 843 3686 897 Ἦ

2088 953 2325 1022 ποσότης
2360 950 2418 1003 δέ
2459 949 2559 1020 τῆς
2590 946 2782 1017 ποινῆς
2810 946 2912 998 οὐκ
2960 941 3231 1012 ἐξελὴφθη
3284 940 3367 1002 εἰς
3402 938 3471 991 τὰ
3523 938 3688 989 Βασι-

2088 1044 2236 1097 λικά.
2267 1044 2340 1094 Τὸ
2371 1039 2418 1094 α’
2450 1058 2576 1108 κεφ.
2616 1036 2753 1108 φησὶ
2789 1037 2850 1089 τὸ
2875 1035 2975 1105 τῆς
3002 1032 3394 1103 τυμϐωρυχίας
3424 1030 3690 1100 ἔγκλημα

2087 1136 2314 1207 ἀτιμίαν
2364 1133 2637 1205 ἐπιφέρει.
2673 1131 2746 1184 Τὸ
2778 1128 2820 1195 ζ’
2850 1129 2992 1199 θέμα
3037 1125 3128 1181 τοῦ
3161 1126 3202 1179 δ’
3236 1142 3362 1194 κεφ.
3396 1122 3585 1195 φησιν’
3620 1122 3688 1173 01

2087 1226 2601 1300 τυμϐωρυχοῦντες,
2644 1229 2740 1277 καὶ
2770 1221 3104 1292 γυμνοῦντες
3142 1220 3210 1273 τὰ
3253 1219 3361 1270 τῶν
3393 1216 3693 1270 τελευτών-

2087 1339 2195 1376 των
2239 1320 2491 1392 σώματα,
2538 1320 2586 1371 εί
2632 1318 2731 1385 μὲν
2787 1314 2922 1387 μετὰ
2958 1314 3136 1368 ὅπλων
3167 1311 3477 1382 κεφαλικῶς
3511 1327 3693 1379 τιμω-

2091 1414 2334 1488 ροῦνται,
2393 1414 2441 1466 εί
2498 1411 2557 1465 δέ
2602 1409 2776 1481 χωρὶς
2826 1408 3007 1461 ὅπλων
3055 1410 3220 1476 μέχρι
3272 1402 3566 1476 μετάλλου.
3617 1400 3693 1453 Τὸ

2092 1506 2123 1561 ι’
2153 1523 2281 1574 κεφ.
2301 1504 2452 1573 λέγει
2480 1503 2529 1558 ol
2559 1504 2626 1556 τὰ
2646 1501 2895 1571 λείψανα,
2921 1500 2953 1571 ἢ
2985 1499 3051 1553 τὰ
3080 1497 3213 1550 ὀστᾶ
3244 1493 3693 1567 μετακινοῦντες,

2089 1601 2184 1656 καὶ
2219 1600 2304 1668 ἐφ’
2336 1598 2464 1669 ἑξῆς
2493 1599 2593 1651 ὅσα
2622 1596 2699 1665 τῷ
2724 1595 2961 1665 κειμένῳ
3001 1593 3367 1664 περιέχονται.
3412 1590 3470 1642 Ὀ
3501 1588 3546 1652 ς’
3575 1588 3689 1639 τίτ.

2089 1697 2185 1750 τοῦ
2209 1693 2278 1749 ια’
2310 1695 2518 1767 βιϐλίου
2551 1692 2657 1747 τῶν
2688 1692 2829 1746 διατ.
2860 1692 2977 1745 ἔστι
3007 1691 3112 1743 τίτ.
3145 1687 3190 1741 α’
3216 1687 3309 1741 τοῦ
3354 1684 3427 1740 νθ¹
3479 1684 3695 1755 βιϐλίου

2095 1792 2204 1844 τῶν
2238 1788 2541 1843 Βασιλικῶν
2570 1787 2837 1840 διδάσκων
2871 1786 2996 1853 περὶ
3036 1783 3335 1854 μνημάτων
3368 1780 3463 1833 καὶ
3506 1778 3693 1831 δαπά-

2095 1900 2193 1953 νης
2220 1881 2328 1934 τῶν
2362 1880 2617 1950 κηδειῶν.
2643 1878 2715 1930 Τὺ
2746 1877 2787 1931 δ’
2821 1878 2961 1946 θέμα
2996 1875 3090 1931 τοῦ
3115 1872 3163 1943 γ’
3186 1891 3313 1942 κεφ.
3345 1872 3439 1925 τοῦ
3471 1867 3557 1937 κγ’
3589 1867 3697 1921 τίτ.

2097 1978 2191 2031 τοῦ
2226 1975 2267 2041 ξ’
2298 1975 2503 2046 βιϐλίου
2553 1972 2720 2046 φησίν
2742 1989 2756 2004 ο
2781 1973 2854 2025 Οὐ
2889 1971 2972 2024 δεῖ
3016 1969 3083 2022 τὰ
3119 1969 3343 2038 λείψανα
3374 1965 3483 2018 τῶν
3513 1962 3702 2016 τελευ-

2097 2068 2318 2123 τώντων
2369 2064 2730 2137 ψηλαφᾶσθαι
2760 2063 2792 2132 ἣ
2819 2062 3164 2115 σκύλλεσθαι.
3209 2061 3289 2113 Τὰ
3327 2058 3384 2112 δέ
3427 2052 3701 2128 προσκαί-

2100 2179 2210 2235 ρως
2242 2158 2576 2216 ἀποτεθέντα
2614 2157 2940 2228 μεταφέρειν
2973 2154 3171 2218 ἔξεστι.
3226 2153 3299 2206 Τὸ
3348 2149 3392 2217 ξ’
3436 2169 3566 2221 κεφ.
3603 2153 3701 2207 τοῦ

2100 2253 2266 2309 αὑτοῦ
2309 2253 2417 2307 τίτ.
2452 2252 2609 2322 φησὶ,
2644 2252 2829 2322 χεῖρον
2878 2250 2940 2302 οὐ
2974 2249 3055 2302 δεῖ
3099 2247 3161 2299 τὸ
3198 2247 3389 2317 μνῆμα
3417 2245 3699 2314 γίνεσθαι,

2101 2346 2415 2418 φιλοκαλεῖν
2446 2344 2629 2415 μέντοι
2661 2342 2811 2413 αὐτῷ
2838 2341 3015 2406 ἔξεστι
3053 2340 3126 2411 μὴ
3158 2338 3555 2407 ἐφαπτομένων
3589 2337 3700 2391 τῶν

2100 2439 2391 2509 λειψάνων.
2434 2438 2507 2489 Τὸ
2540 2438 2582 2502 ζ’
2618 2453 2745 2504 κεφ.
2777 2432 2870 2487 τοῦ
2903 2431 2948 2487 α’
2980 2433 3086 2487 τίτ.
3120 2431 3213 2485 τοῦ
3247 2428 3313 2501 ιβ’
3350 2430 3561 2501 βιϐλίου
3588 2431 3701 2483 τῶν

2104 2532 2408 2586 Βασιλικῶν
2434 2531 2565 2601 περὶ
2603 2530 2664 2582 τὸ
2695 2527 2847 2592 τέλος
2880 2525 3036 2597 φησί.
3079 2525 3204 2578 Ἐὰν
3242 2524 3298 2577 δέ
3335 2525 3362 2576 ὁ
3394 2521 3490 2576 τοῦ
3534 2523 3705 2575 τόπου

2103 2627 2369 2695 δεσπότης
2402 2623 2553 2695 παρὰ
2575 2622 2824 2675 κέλευσιν
2857 2618 3070 2690 ἱερέως,
3096 2616 3129 2688 ἢ
3159 2616 3409 2670 κέλευσιν
3434 2614 3706 2685 βασιλέως

2105 2718 2344 2789 ἐκϐάλλῃ
2377 2717 2466 2770 τὸν
2508 2715 2567 2781 ἐξ
2610 2714 2770 2768 ἄλλου
2800 2711 3040 2779 ταφέντα
3075 2708 3107 2779 ἢ
3157 2707 3225 2761 τὰ
3256 2706 3485 2759 τεθέντα
3511 2704 3706 2762 ὀστέα.

2108 2814 2363 2881 ἐνάγεται
2394 2811 2459 2880 τῇ
2505 2807 2636 2878 περὶ
2683 2805 2896 2874 ὕϐρεως
2946 2803 3161 2871 ἀγωγῇ.
3196 2798 3306 2853 Καὶ
3340 2814 3465 2867 κεφ.
3526 2793 3574 2850 α’
3612 2794 3709 2848 τοῦ

2109 2905 2157 2977 Υ
2184 2908 2292 2959 τίτ.
2322 2903 2415 2957 τοῦ
2449 2900 2615 2955 αὑτοῦ
2669 2898 2875 2969 βιϐλίου
2904 2897 3085 2964 λέγει·
3121 2894 3367 2958 Ἔξεστιν
3391 2890 3450 2955 ἐξ
3480 2889 3710 2956 εὐλόγου

2111 2998 2291 3060 αἰτίας
2333 2994 2622 3066 προσιέναι
2668 2991 2745 3061 τῷ
2795 2991 3039 3061 ἄρχοντι,
3086 2986 3183 3040 καὶ
3243 2982 3581 3055 μεταψέρειν
3632 2982 3713 3041 εἰς

413 3072 847 3165 imperatoriam
883 3094 937 3145 in
993 3091 1160 3144 alium
1218 3089 1400 3142 locum
1455 3083 1773 3139 transferto.
1823 3082 2003 3148 Atque

2113 3094 2299 3162 ἕτερον
2331 3091 2494 3143 τόπον
2526 3087 2586 3140 τὸ
2629 3084 2994 3153 ἀποκείμενον
3035 3080 3287 3151 λείψανον
3334 3072 3714 3146 παρενοχλού-

2335 3186 2376 3189 --
2421 3184 2430 3189 .
2660 3176 2695 3189 με
2863 3177 2875 3189 1
2932 3175 2988 3189 ‘-
3034 3173 3057 3189 α
3088 3173 3101 3189 \
3184 3173 3195 3189 9
3240 3175 3265 3189 n
3314 3169 3393 3189 1‘
3422 3186 3511 3189 ..-η
3553 3167 3710 3189 -37....

413 3198 573 3242 vetus
605 3184 849 3257 [quidem
884 3179 996 3251 lex]
1027 3196 1133 3234 non
1160 3188 1245 3234 est
1270 3176 1548 3232 contraria
1579 3183 1757 3229 const.
1789 3172 1839 3225 1.
1879 3170 2003 3224 Haec

416 3283 562 3337 enim
595 3281 665 3334 ob
695 3280 897 3349 justam
944 3290 1168 3329 causam
1216 3273 1282 3326 ad
1323 3271 1603 3325 decretum
1651 3269 2005 3337 magistratus

417 3373 679 3444 reliquias
709 3368 995 3425 transferri
1042 3366 1310 3437 permisit.
1337 3365 1428 3418 Illa
1468 3377 1596 3416 vero
1627 3361 1793 3430 justa:
1824 3372 2009 3413 causte

419 3480 695 3536 nusquam
729 3460 1169 3530 meminit,quod
1202 3460 1338 3512 citra
1370 3457 1673 3527 jussionem
1712 3454 2009 3520 imperato-

421 3561 560 3614 riam
596 3559 717 3612 illas
746 3553 1036 3611 transferri
1098 3567 1205 3606 non
1242 3551 1421 3605 liceat.
1451 3548 1559 3602 Tit.
1590 3548 1655 3601 15
1714 3547 1811 3600 lib.
1842 3557 2007 3597 Διιινιιι

422 3654 532 3721 dig.
592 3651 805 3720 positus
860 3658 945 3702 est
980 3650 1032 3701 in
1100 3646 1184 3699 tit.
1219 3644 1289 3697 45
1343 3644 1435 3697 111).
1470 3658 1534 3695 ωι
1585 3640 1747 3693 Basil.
1779 3641 1937 3707 cujus
1974 3636 2011 3689 2

425 3760 548 3813 cap.
582 3744 659 3796 ait
688 3760 701 3796 :
735 3740 871 3812 [Lex
914 3736 1082 3809 Julia]
1130 3737 1416 3808 peculatus
1452 3744 1705 3788 movetur
1746 3731 2013 3785 adversus

426 3851 552 3889 eum
612 3834 707 3903 qui
766 3848 831 3885 ex
884 3829 1072 3903 [locis]
1123 3831 1337 3893 sacris,
1389 3838 1483 3881 aut
1544 3824 1852 3894 religiosis,
1906 3831 2011 3877 etc.

428 3921 758 3999 [quidpiam]
792 3923 1147 3992 snbripuerit.
1206 3920 1341 3991 Cap.
1371 3919 1404 3973 4
1437 3919 1572 3974 dicit
1602 3935 1615 3971 :
1648 3916 1814 3989 [Lege
1846 3911 2015 3984 Julia]

428 4020 712 4089 peculatus
760 4025 977 4069 tenetur
1019 4015 1112 4083 qui
1159 4029 1313 4068 sacra
1363 4029 1430 4066 ex
1507 4008 1878 4065 monumentis
1923 4017 2019 4062 aut

430 4113 696 4182 pecunias
722 4109 892 4179 capit,
928 4117 1022 4161 aut
1046 4103 1258 4178 [etiam]
1289 4104 1436 4174 quod
1474 4104 1737 4157 donatum
1771 4111 1856 4155 est
1884 4100 2014 4153 Deo.

428 4205 620 4261 Const.
646 4205 679 4259 5
727 4205 812 4257 tit.
850 4202 915 4256 19
954 4201 1049 4256 lib.
1087 4217 1138 4255 ix
1170 4203 1289 4254 cod.
1329 4200 1504 4268 posita
1564 4206 1646 4252 est
1699 4198 1752 4251 in
1787 4194 2017 4266 cap.l2,

433 4305 519 4357 tit.
549 4298 643 4362 2'5,
676 4299 768 4351 lib.
812 4313 902 4362 1.x,
931 4305 985 4350 ct
1028 4296 1143 4364 lege
1186 4293 1272 4358 11,
1302 4293 1390 4357 12,
1423 4292 1492 4345 15
1523 4303 1576 4344 et
1609 4289 1671 4343 14
1732 4305 1853 4357 cap.
1898 4303 2022 4357 qua:

433 4394 624 4448 eadem
656 4393 867 4455 dicunt,
895 4404 1018 4459 quae
1047 4389 1099 4441 in
1131 4388 1458 4455 compendio
1487 4382 1787 4454 proposita.
1827 4381 2017 4435 Censt.

2112 3203 2294 3257 μενον.
2335 3184 2443 3237 Καὶ
2473 3198 2597 3250 κεφ.
2637 3176 2695 3232 ιδ’
2742 3177 2898 3248 φησί·
2932 3173 3140 3244 Μηδεὶς
3171 3169 3511 3242 ἀνθρώπινον
3549 3167 3714 3237 σῶμα

2110 3281 2279 3349 χωρὶς
2307 3275 2611 3335 κελεύσεως
2638 3269 2933 3339 Βασιλικῆς
2977 3270 3056 3329 εἰς
3111 3265 3299 3333 ἕτερον
3331 3261 3497 3315 τόπον
3541 3276 3715 3329 μετα-

2112 3371 2348 3441 φερέτω,
2383 3366 2478 3420 καὶ
2506 3367 2567 3417 τὸ
2586 3362 2759 3432 παρὸν
2794 3360 2892 3414 οὐκ
2941 3359 3086 3411 ἐστιν
3106 3354 3356 3417 ¹ἐναντίον
3384 3355 3447 3423 τῇ
3480 3358 3527 3406 α’
3554 3352 3677 3404 διατ
3695 3366 3710 3379 ·

2113 3463 2297 3533 ἐκείνη
2325 3460 2434 3532 γὰρ
2466 3460 2573 3512 ἀπὸ
2615 3456 2837 3523 εὐλόγου
2868 3452 3047 3514 αἰτίας
3090 3448 3359 3519 ἐπέτρεψε
3395 3444 3712 3518 μεταφέρε-

2116 3558 2241 3608 σθαι
2297 3554 2367 3606 τὰ
2424 3551 2658 3620 λείψανα
2717 3546 2860 3600 κατὰ
2910 3541 3207 3611 διάγνωσιν
3260 3538 3370 3591 τῶν
3405 3538 3717 3607 ἀρχόντων.

2116 3651 2266 3721 Αῦτη
2296 3650 2351 3703 δέ
2384 3645 2638 3719 μηδαμοῦ
2678 3640 3101 3715 μνημονεύουσα
3139 3636 3363 3704 εὐλόγου
3397 3634 3601 3699 αἰτίας,
3634 3633 3722 3685 ὅτι

2116 3744 2272 3817 χορὶς
2305 3739 2611 3801 κελεύσεως
2646 3735 2943 3804 Βασιλικῆς
2972 3733 3072 3785 οὐκ
3118 3730 3326 3794 ἔξεστιν
3377 3726 3519 3779 αὐτὰ
3549 3742 3721 3796 μετα·

2119 3841 2325 3910 φέρειν.
2368 3837 2425 3889 ’0
2457 3838 2524 3902 ιγ’
2563 3832 2668 3885 τίτ.
2706 3829 2800 3883 τοῦ
2836 3826 2926 3899 μη¹
2973 3825 3179 3896 βιϐλίου
3206 3822 3315 3876 τῶν
3358 3820 3500 3874 διατ.
3551 3818 3723 3887 ἐτέθη

2120 3934 2201 3995 είς
2224 3931 2329 3983 τίτ.
2370 3924 2451 3999 με’
2498 3924 2593 3978 τοῦ
2626 3921 2665 3989 ξ’
2708 3922 2917 3994 βιϐλίου
2953 3919 3062 3972 τῶν
3109 3913 3438 3970 Βασιλικῶν.
3487 3912 3627 3982 Φησὶ
3661 3912 3728 3964 τὸ

2123 4021 2167 4094 β’
2191 4039 2316 4090 κεφ.
2339 4022 2367 4073 ὁ
2396 4016 2829 4077 δεπεκουλάτους
2858 4013 3087 4066 κινεῖται
3109 4009 3251 4063 κατὰ
3273 4005 3366 4060 τοῦ
3385 4002 3726 4075 ἀφελομένου

2122 4119 2185 4170 ἐκ
2225 4115 2335 4169 τῶν
2371 4111 2557 4185 ἱερῶν,
2613 4110 2646 4181 ἢ
2687 4109 2795 4163 τῶν
2841 4105 3147 4178 μνημείων,
3198 4099 3294 4154 καὶ
3344 4103 3414 4153 τὰ
3458 4096 3609 4165 ἑξῆς.
3647 4097 3727 4150 Τὸ

2123 4211 2162 4268 δ’
2190 4230 2314 4281 κεφ.
2356 4211 2506 4279 λέγει
2541 4206 2617 4277 τῷ
2648 4202 3029 4270 δεπεκουλάτῳ
3061 4198 3369 4260 ὑπόκειται,
3411 4192 3558 4246 καὶὸ
3602 4191 3731 4259 ἱερὰ

2126 4311 2190 4362 ἐκ
2216 4306 2498 4378 μνημείων
2545 4301 2579 4371 ἢ
2619 4302 2877 4372 χρήματα
2919 4293 3233 4366 λαμϐάνων,
3280 4289 3312 4360 ἢ
3359 4287 3436 4356 τῷ
3474 4283 3730 4357 δωρηθέν

2126 4376 2227 4470 τῷ⁷
2250 4398 2391 4468 Θεῷ.
2455 4396 2519 4450 Ἡ
2552 4392 2590 4447 ε’
2623 4392 2765 4447 διατ.
2802 4389 2896 4443 τοῦ
2930 4385 2994 4440 ιϐ’
3028 4387 3133 4439 τίτ.
3169 4382 3262 4437 τοῦ
3299 4379 3340 4435 θ’
3386 4378 3598 4450 βιϐλίου
3629 4376 3729 4429 τοῦ

435 4486 471 4541 5
502 4487 583 4540 tit.
630 4486 664 4540 4
689 4485 782 4538 lib.
810 4482 942 4537 tcotl
969 4492 1053 4536 est
1081 4496 1201 4550 cap.
1233 4479 1324 4547 26,
1356 4482 1439 4534 tit.
1472 4477 1560 4541 17,
1590 4478 1687 4531 lib.
1720 4492 1793 4529 vn
1824 4474 2005 4529 Basil..

2127 4491 2354 4551 κὼδικος
2388 4486 2548 4556 ἐτέθη
2570 4486 2649 4547 εἰς
2685 4484 2811 4551 κεφζ
2835 4478 2901 4549 ιβ’
2925 4476 3018 4531 τοῦ
3050 4473 3134 4543 κγ’
3156 4474 3261 4527 τίτ.
3292 4472 3387 4525 τοῦ
3415 4468 3455 4537 ξ’
3488 4467 3729 4538 βιϐλίου,

438 4580 586 4649 quod
619 4579 783 4632 etiam
814 4576 962 4646 legas
992 4575 1258 4629 inscrtum
1310 4569 1743 4641 interpretationi
1779 4584 1901 4637 cap.
1950 4566 2023 4621 25

441 4671 729 4743 praesentis
758 4668 791 4724 9
842 4672 927 4722 tit.
967 4668 1091 4721 llaac
1137 4663 1363 4738 [autem]
1406 4678 1531 4717 cum
1578 4665 1652 4715 ita
1707 4658 1875 4732 [sese]
1924 4659 2022 4714 lia-

444 4766 627 4829 beant,
654 4762 892 4825 notabis,
914 4763 1059 4830 quod
1094 4759 1329 4829 sepulcri
1366 4756 1548 4811 violati
1577 4756 1694 4826 lege
1721 4762 2027 4819 teneantur,

442 4858 538 4927 qui
596 4870 825 4925 corpora
887 4853 1277 4909 defunctorum
1337 4850 1515 4920 plenis
1566 4847 1731 4918 justis
1783 4845 2028 4915 sepulta,

445 4950 584 5003 citra
638 4946 1048 5016 imperatoriam
1101 4943 1537 5015 episcopaletnve
1590 4940 1896 5011 jussionem
1949 4936 2034 4992 vel

444 5042 801 5112 magistratus
827 5040 1106 5094 decretum
1135 5037 1491 5091 removerint.
1518 5031 1718 5088 Verum
1744 5033 2036 5100 magistra-

444 5140 535 5185 tus
572 5134 707 5183 citra
738 5129 946 5197 justam
991 5140 1214 5181 causam
1262 5124 1480 5177 illorum
1516 5121 1865 5175 tralationem
1908 5134 2032 5189 per-

457 5224 672 5278 mittere
701 5228 1022 5291 nequeunt:
1054 5220 1147 5273 sed
1185 5222 1481 5286 imperator
1521 5225 1575 5268 et
1608 5214 1850 5283 epiSCOpi
1885 5212 2035 5266 illam

451 5315 769 5369 indistincte
824 5312 1144 5382 permittere
1193 5316 1440 5379 possunt.
1482 5308 1583 5374 Qui
1645 5321 1773 5376 ergo
1824 5306 2037 5372 dicunt,

449 5410 590 5464 citra
626 5405 1008 5477 prtejudicium
1044 5404 1190 5457 illam
1229 5418 1259 5455 a
1296 5415 1630 5471 quocunque
1681 5399 1821 5463 fieri,
1874 5399 2040 5451 modo

453 5508 625 5574 turpis
655 5503 794 5557 lucri
823 5518 989 5582 causa
1027 5517 1133 5555 non
1162 5500 1341 5554 subsit
1367 5518 1379 5553 :
1414 5501 1693 5569 quomodo
1724 5496 1858 5550 mihi
1892 5495 2042 5549 vide-

454 5607 566 5663 tur,
616 5598 759 5651 male
802 5597 1015 5650 dicunt.
1066 5595 1359 5663 PrOpterea
1403 5596 1548 5647 enim
1596 5591 1818 5661 quidam
1871 5604 2042 5643 vene-

457 5695 643 5745 randae
694 5691 868 5742 sancti
930 5686 1093 5741 Mocii
1144 5703 1322 5757 capsa:
1373 5682 1665 5756 praefectus
1728 5699 1851 5738 cum
1906 5684 2044 5738 citra

457 5780 774 5836 istiusmodi
834 5779 1257 5849 permissionem
1330 5776 1595 5847 reliquias
1668 5773 2044 5847 transposuis-

2135 4586 2227 4637 καὶ
2280 4578 2551 4649 ἀνάγνωθι
2590 4577 2651 4629 τὸ
2701 4572 2794 4639 ια’,
2825 4569 2916 4643 ιβ’,
2952 4567 3019 4639 ιγ’
3067 4568 3160 4621 καὶ
3204 4562 3262 4618 ιδ’
3312 4580 3438 4631 κεφ.
3483 4560 3553 4613 τὰ
3590 4558 3737 4612 αὐτά

2135 4675 2362 4744 λέγοντα
2406 4672 2509 4726 ὃσα
2552 4665 2991 4738 συνωψίσθησαν.
3038 4661 3106 4715 Ἦ
3150 4656 3198 4729 γ’
3240 4658 3383 4711 διάτ.
3420 4654 3513 4706 τοῦ
3549 4650 3591 4705 δ’
3621 4651 3734 4705 τίτ.

2136 4769 2231 4822 τοῦ
2264 4766 2311 4822 α’
2346 4765 2553 4837 βιϐλίου
2575 4763 2670 4817 τοῦ
2700 4757 2951 4828 κὼδικοςι
2977 4755 3094 4809 ἐστι
3127 4770 3252 4820 κεφ.
3284 4753 3378 4814 κς¹
3405 4746 3500 4800 τοῦ
3532 4741 3736 4809 ιζ’τίτ.

2138 4859 2231 4913 τοῦ
2265 4855 2307 4923 ζ’
2341 4855 2548 4927 βιϐλίου
2576 4852 2688 4906 τῶν
2724 4848 3050 4910 Βασιλικῶν,
3076 4846 3103 4898 ὃ
3132 4847 3226 4897 καὶ
3252 4837 3529 4907 ἀνάγνωθι
3564 4852 3740 4889 κατα-

2142 4926 2384 5020 στρωθὲν
2410 4948 2490 5010 εἰς
2535 4943 2634 5014 τὴν
2666 4942 2963 5014 ἑρμηνείαν
2987 4937 3081 4991 τοῦ
3125 4932 3203 4989 κε’
3233 4949 3361 5002 κεφ.
3402 4928 3498 4982 τ,ῦ
3533 4926 3741 4997 παρόν-

2141 5017 2233 5105 τος
2262 5040 2303 5092 θ’
2330 5039 2435 5092 τίτ.
2468 5036 2674 5090 τούτων
2717 5033 2891 5092 οὕτως
2930 5031 3186 5102 ἐχόντων,
3211 5022 3518 5096 σημείωσαι
3552 5020 3636 5074 ὃτι
3663 5017 3741 5089 τῷ

2143 5132 2275 5202 περὶ
2334 5124 2728 5199 τυμϐωρυχίας
2785 5122 2935 5194 νόμῳ
2987 5119 3263 5189 ἐνέχονται
3313 5112 3410 5167 καὶ
3461 5111 3512 5163 οἱ
3569 5109 3742 5179 χωρὶς

2146 5198 2448 5281 κελεύσεως
2484 5214 2795 5288 βασιλικῆς,
2835 5213 2865 5281 ἢ
2909 5205 3302 5275 ἐπισκοπικῆς,
3336 5204 3367 5273 ἢ
3408 5198 3742 5268 διαγνώσεος

2147 5312 2475 5383 ἁρχοντικῆς
2510 5305 2930 5380 μετακινοῦντες
2977 5299 3209 5371 λείψανα
3248 5294 3568 5350 τεθνεώτων
3604 5290 3745 5361 μετὰ

2149 5403 2361 5465 τελείας
2387 5402 2537 5463 ὁσίας
2570 5399 2829 5467 ταφέντα.
2880 5394 3027 5465 Πλὴν
3057 5394 3103 5446 ol
3138 5391 3236 5462 μὲν
3268 5390 3533 5459 ἄρχοντες
3572 5384 3743 5455 χωρὶς

2152 5496 2372 5564 εὐλόγου
2422 5493 2599 5554 αἰτίας
2650 5491 2709 5543 οὐ
2765 5488 3019 5543 δύνανται
3064 5482 3380 5553 ἐπιτρέπειν
3408 5479 3509 5549 τὴν
3537 5477 3746 5529 τούτων

2156 5588 2471 5661 μετάθεσιν.
2509 5582 2570 5639 Ὀ
2602 5581 2853 5653 βασιλεὺς
2881 5579 2936 5631 δὲ
2966 5578 3060 5630 καὶ
3084 5576 3133 5629 οἱ
3165 5577 3456 5627 ἐπιτκοποι
3485 5568 3745 5621 δύνανται

2152 5680 2356 5750 ταύτην
2405 5676 2765 5737 ἁδιαστίκτως
2816 5670 3153 5740 ἐπιτρέπειν.
3196 5667 3257 5719 Ol
3302 5662 3432 5731 γοῦν
3493 5661 3747 5727 λέγοντες

2158 5770 2682 5847 ἀπροκριματίστως
2710 5765 2913 5840 ταύτην
2949 5761 3196 5834 γίνεσθαι
3244 5756 3396 5828 παρὰ
3429 5752 3524 5806 τοῦ
3559 5750 3745 5823 βουλο-
