3744 6218
134 232 279 298 1125

921 238 1412 309 NOMOCANON.
1443 273 1511 282 -
1549 246 1698 312 TIT.
1739 250 1846 327 IX,
1889 252 2045 313 CAP.
2083 251 2361 331 XXVIII,
2404 255 2620 318 XXIX.

3288 254 3430 323 1126

129 353 301 422 μένου
339 351 415 423 μὴ
445 354 816 428 προκειμένης
848 358 1029 422 αἰτίας
1060 360 1506 433 αἱσχροκερδοῦς,
1537 364 1710 428 κακῶς

1888 374 1936 432 rt,
1969 385 2064 437 per
2095 371 2367 443 synodum
2392 384 2423 425 a
2453 368 2780 442 praefectura
2807 369 3054 442 deiectus
3089 381 3197 438 est,
3238 380 3294 428 et
3324 374 3426 431 de-

121 441 381 511 λέγουσι,
420 446 498 508 ὡς
524 447 650 516 ἐμοὶ
693 447 860 503 δοκεῖ.
900 450 1018 525 Διὰ.
1041 451 1149 522 γὰρ
1174 453 1332 506 τοῦτο
1360 455 1456 508 καί
1484 472 1568 519 τις
1596 456 1732 510 καθ-

122 536 436 606 ηγούμενος
466 538 734 611 ἐξεϐλήθη
769 541 1067 607 συνοδικῶς
1092 544 1202 598 ἀπὸ
1236 545 1337 617 τῆς
1365 548 1731 619 ἡγουμενείας

123 634 224 687 καὶ
248 632 559 706 καθῃρέθη.

191 746 451 801 ΚΕΦΔΛ.
489 747 628 802 KH'.
661 779 734 793 —
763 748 905 817 Περὶ
930 747 1054 804 τῶν
1074 746 1599 836 ,βδελυσσομένων
1619 754 1727 809 τὸν

118 838 343 909 γάμον,
369 839 408 909 ἢ
434 840 543 893 τὸν
574 836 763 909 οἶνον,
796 842 835 911 ἢ
866 843 938 896 τὰ
967 840 1131 912 κρέα.

204 931 552 985 Ἀποστόλων
575 932 757 988 κανὼν
782 940 885 997 να¹,
916 935 1017 1003 νγ’,
1048 934 1155 1002 Eg"
1191 938 1411 992 συνόδου
1445 939 1723 1013 Ἀγκύρας

118 1020 309 1075 κανὼν
338 1022 432 1075 ιδ’·
466 1023 686 1078 συνόδου
723 1022 777 1089 ς’
811 1025 994 1080 κανὼν
1027 1034 1118 1096 ιγ’,
1154 1028 1220 1082 λ’.

194 1115 452 1169 ΚΕΦΑΛ.
495 1115 623 1171 ΚΘ¹.
659 1148 731 1160 -
763 1121 902 1187 Περὶ
952 1119 1072 1174 τῶν
1120 1123 1637 1193 ὲπιτετραμμέγων
1677 1123 1717 1195 ἢ

1832 463 2068 532 positus.

1895 767 2047 824 CAP.
2088 767 2410 824 XXVIII.—
2433 769 2511 824 De
2536 768 2619 825 his
2652 769 2742 841 qui
2766 771 3190 837 matrimonium,
3214 772 3417 839 vinum,

1826 866 1919 911 aut
1958 875 2141 912 carnes
2175 858 2573 912 abominantur.

1901 950 2288 1019 Apostolorum
2320 964 2494 1004 canon
2521 948 2612 1012 5|,
2643 948 2733 1011 55,
2757 949 2855 1015 66;
2882 951 3102 1005 concilii
3132 951 3413 1021 A’ucyrani

1826 1056 2004 1096 canon
2036 1042 2137 1107 14;
2174 1040 2392 1095 concilii
2427 1041 2568 1095 sexti
2597 1055 2771 1094 (moon
2804 1040 2890 1106 15,
2918 1040 3011 1096 50.

1894 1131 2048 1186 CAP.
2085 1130 2278 1185 XXIX.
2311 1163 2377 1174 -—
2437 1130 2513 1184 De
2539 1133 2809 1202 permissis
2866 1141 2962 1185 aut
2996 1133 3275 1203 prohibitis
3321 1151 3420 1188 nu-

114 1207 564 1277 κεκωλυμένων
620 1210 841 1280 γάμων,
890 1211 989 1265 καί
1033 1212 1170 1282 περὶ
1228 1215 1334 1269 τοῦ
1383 1215 1710 1287 ἐρωτᾶσθαι

1888 1226 1970 1290 iis,
2037 1234 2086 1280 et
2145 1226 2285 1294 quod
2335 1225 2553 1280 lectores
2602 1223 2817 1295 puberes
2856 1225 2988 1293 facti
3032 1226 3423 1297 interrogentur

109 1298 269 1366 τοὺς
336 1300 733 1370 ἀναγνώστας
763 1304 1030 1373 ἐφήϐους
1077 1306 1441 1375 γενομένους
1476 1310 1530 1362 εί
1566 1310 1710 1369 ,βού-

1888 1340 1889 1367 :
1928 1318 2327 1372 matrimonium
2358 1318 2668 1373 contrahere
2704 1317 2903 1383 velint,
2947 1327 2996 1373 et
3062 1318 3129 1373 de
3173 1321 3423 1375 concubio

108 1395 344 1447 ,λων-ται
379 1394 609 1465 ταμεῖν,
640 1396 736 1449 καὶ
773 1398 906 1466 περὶ
939 1401 1392 1471 παλλακισμοῦ,
1433 1418 1471 1456 κ
1516 1400 1537 1456 ὶ
1568 1410 1722 1473 πορ-

110 1485 311 1551 νείας,
346 1485 443 1538 καί
462 1488 757 1556 μοιχείας.

203 1577 549 1632 ’Δποστόλων
593 1578 773 1633 κανὼν
806 1580 892 1644 ιζ’,
944 1582 1034 1654 ιη’,
1072 1582 1157 1650 ιϐ’,
1210 1592 1308 1653 κε’,
1345 1587 1457 1653 κς’.
1496 1588 1716 1643 συνόδου

1822 1420 1975 1477 natu,
2011 1414 2361 1480 scortatione,
2393 1422 2551 1482 atque
2581 1411 2872 1468 adulterio.

1896 1596 2282 1665 Apostolorum
2317 1611 2491 1651 canon
2529 1595 2618 1662 17,
2656 1595 2742 1663 18,
2778 1594 2865 1660 19,
2912 1595 3003 1663 25,
3043 1595 3146 1665 26;
3193 1598 3417 1654 concilii

119 1667 411 1741 Ἀγκύρας
444 1670 624 1724 κανὼν
657 1678 722 1724 ι’·
772 1674 992 1727 συνόδου
1038 1676 1474 1749 Νεοκαισαρεαίς
1525 1680 1702 1733 κανὼν

1888 1687 2103 1758 ncyrani
2132 1704 2310 1742 canon
2343 1688 2442 1753 10;
2485 1689 2701 1743 concilii
2735 1686 3203 1745 Neocaesariensis
3239 1707 3413 1747 canon

108 1768 190 1827 α’,
228 1762 298 1825 θ’,
339 1762 405 1815 ι’·
452 1765 672 1818 συνόδου
705 1767 1054 1838 Χαλκηδόνος
1094 1770 1276 1822 κανὼν
1312 1769 1371 1823 ιδ’
1382 1814 1394 1829 .
1459 1778 1555 1825 ιε’*
1594 1790 1713 1826 συν-

105 1854 245 1907 όδου
279 1856 674 1929 Καρθαγέννης
703 1858 888 1912 κανὼν
932 1858 1040 1924 ις’·
1084 1860 1302 1914 συνόδου
1337 1859 1411 1927 ς’,
1437 1864 1615 1917 κανὼν
1637 1870 1707 1932 γ’,

104 1946 176 2010 δ’,
229 1955 305 2015 ς’,
343 1947 429 2019 ιβ’,
459 1948 549 2018 ιγ’,
583 1949 695 2022 μη’,
729 1950 841 2023 νη’·
875 1951 1158 2006 Βασιλείου
1190 1952 1373 2006 κανὼν
1398 1972 1432 2024 γ
1454 1995 1469 2021 ,
1502 1953 1578 2020 ς’,
1612 1955 1707 2021 ις’,

104 2037 193 2107 ξθ¹
214 2055 233 2073 ο
266 2043 294 2094 ὁ
324 2041 584 2111 Θεοφίλου
630 2046 694 2097 ἐκ
748 2043 842 2098 τοῦ
895 2046 1305 2119 ύπομνηστικοῦ
1348 2048 1527 2103 κανὼν
1554 2046 1616 2117 δ’,
1645 2047 1706 2106 ε’.

184 2248 495 2320 Κεῖμενον.
522 2249 737 2304 Βιϐλίον
767 2249 817 2305 α’
841 2251 935 2305 τοῦ
970 2252 1221 2319 κώδικος,
1248 2254 1353 2309 τίτ.
1384 2253 1453 2324 Υ,
1478 2254 1617 2311 διάτ.
1644 2255 1706 2309 ε’·

116 2342 258 2394 Ἐάν
288 2359 369 2405 τις
404 2343 566 2413 μόνον
600 2345 857 2416 πειραθῇ,
885 2363 940 2399 κ.
974 2362 1027 2399 τ.
1060 2347 1132 2413 λ.,
1185 2364 1358 2418 usque
1391 2348 1458 2403 ad
1490 2351 1584 2403 καὶ
1608 2349 1710 2421 τὴν

98 2436 167 2489 οὔ
179 2436 303 2489 σέαν
333 2437 511 2490 αὐτῶν
540 2438 601 2491 τὸ
622 2438 877 2509 δημόσιον
907 2438 1156 2509 λήψεται.

184 2551 465 2618 Σχόλιον.
512 2551 576 2604 Ἦ
620 2549 658 2604 ε’
716 2552 853 2607 διάτ.
877 2552 973 2605 τοῦ
1003 2550 1051 2621 γ’
1099 2551 1205 2606 τίτ.
1241 2553 1334 2607 τοῦ
1366 2551 1415 2607 α’
1436 2554 1581 2625 βιϐλ.
1612 2555 1709 2610 τοῦ

96 2643 366 2710 κὼδικος,
408 2644 502 2697 καὶ
535 2646 569 2712 ἡ
603 2642 687 2715 μδ¹
726 2646 870 2699 διάτ.
905 2644 1001 2699 τοῦ
1064 2646 1229 2699 αὑτοῦ
1287 2647 1394 2701 τίτ.
1447 2649 1549 2701 οὐκ
1593 2648 1709 2701 ἐτέ-

96 2736 288 2807 θησαν
319 2738 397 2800 είς
432 2737 499 2790 τὰ
536 2738 824 2803 Βασιλικὰ,
858 2740 978 2791 οὐδὲ
1017 2741 1049 2810 ἡ
1088 2737 1160 2808 ιγ’
1195 2740 1337 2793 διάτ.
1382 2740 1478 2794 τοῦ
1515 2738 1561 2793 α’
1600 2742 1707 2794 τίτ.

94 2828 223 2880 τῶν
252 2828 478 2899 Νεαρῶν
515 2832 677 2900 μέρος
700 2829 834 2883 οὖσα
879 2834 977 2903 τῆς
1005 2832 1430 2886 Ἰουστινιανείου
1483 2836 1705 2905 νεαρᾶς,

93 2920 236 2973 οὐδὲ
287 2923 318 2991 ἡ
364 2920 410 2974 α’
459 2920 598 2975 διάτ.
660 2923 754 2975 τοῦ
785 2924 950 2978 αὑτοῦ
998 2927 1105 2979 τίτ.
1132 2926 1241 2979 τῶν
1270 2926 1503 2998 Νεαρῶν
1539 2927 1707 2999 μέρος

1823 1780 1875 1846 1,
1912 1781 1967 1839 9.
2016 1781 2115 1848 te;
2155 1781 2370 1836 concilii
2423 1769 2892 1837 Chalcedonensis
2938 1799 3112 1838 canon
3166 1785 3254 1850 ιι,
3306 1787 3413 1851 15;

1819 1870 2039 1924 concilii
2066 1862 2524 1942 Carthaginiensis
2550 1886 2727 1925 canon
2763 1872 2828 1925 16
2856 1890 2871 1939 ;
2899 1875 3119 1929 concilii
3151 1877 3288 1931 sexti
3321 1892 3416 1931 ca-

1820 1980 1928 2017 non
1960 1965 2014 2027 5,
2047 1964 2100 2028 4,
2133 1964 2309 2032 6,12,
2355 1965 2444 2031 15,
2490 1963 2584 2027 48,
2636 1964 2742 2028 58;
2796 1965 2981 2021 Basilii
3030 1984 3207 2023 canon
3253 1970 3305 2033 5,
3357 1971 3412 2035 6,

1822 2055 1909 2120 16,
1966 2055 2054 2121 69,
2106 2056 2223 2125 70;
2263 2056 2554 2128 Theophili
2613 2073 2682 2111 cx
2743 2060 3165 2116 commonitorio
3236 2078 3414 2118 canon

1817 2150 1873 2211 4,
1909 2149 1965 2205 5.

1892 2261 2110 2321 Textus.
2134 2261 2256 2317 Lib.
2285 2262 2308 2315 1
2369 2262 2491 2317 cod.
2520 2263 2602 2319 tit.
2635 2265 2691 2332 5,
2712 2274 2891 2322 const.
2918 2266 2973 2322 5.
3014 2267 3071 2325 Si
3093 2268 3240 2339 quis,
3270 2279 3407 2338 etc.,

1818 2371 1977 2426 usque
2004 2355 2075 2408 ad
2104 2354 2272 2411 ﬁscus
2300 2356 2498 2425 capiet,
2528 2368 2583 2410 ut
2612 2374 2734 2427 pag.
2769 2358 2892 2413 782.

1885 2562 2180 2619 Schotium.
2242 2561 2476 2618 Constit.
2517 2563 2551 2618 5
2591 2561 2737 2618 tit.5
2792 2561 2887 2616 lib.
2939 2559 3106 2615 tcod.
3163 2569 3217 2614 et
3274 2575 3408 2616 con-

1816 2656 1931 2711 stit.
1988 2656 2061 2711 44
2114 2654 2361 2724 ejusdem
2424 2654 2512 2708 tit.
2563 2668 2673 2709 non
2732 2661 2858 2707 sunt
2919 2653 3110 2722 posita:
3144 2653 3196 2705 in
3238 2650 3405 2707 Basil.

1814 2749 2002 2820 Neque
2035 2748 2245 2822 [etiam]
2279 2748 2501 2803 constit.
2537 2748 2626 2814 15,
2660 2749 2740 2801 tit.
2796 2748 2820 2801 1
2871 2744 3242 2809 Novellarum,
3284 2762 3408 2815 qua:

1815 2855 1946 2909 pars
2010 2848 2096 2894 est
2157 2838 2384 2892 novellae
2447 2835 2805 2891 Justinianeae
2868 2837 2923 2888 5.
2971 2835 3163 2905 Neque
3217 2832 3397 2906 [item]

1816 2942 1993 2987 const.
2033 2934 2059 2986 1
2097 2932 2344 3001 ejusdem
2381 2931 2462 2986 tit.
2497 2928 2704 2985 NOVell.
2733 2944 2857 2999 quae
2886 2944 3013 3000 pars
3058 2937 3142 2982 est
3171 2928 3399 2982 novella:

90 3008 164 3066 οὗ
176 3028 247 3067 σα
274 3012 375 3083 τῆς
409 3020 463 3079 ς’
510 3014 937 3070 Ἰουστινιανείου
961 3020 1181 3089 νεαρᾶς.

1888 3024 2169 3080 stiniauea:
2202 3022 2257 3078 6.

179 3124 495 3199 Σημείωσαι
524 3134 654 3204 περὶ
693 3132 801 3186 τῶν
826 3132 1167 3186 ἐκπεσόντων
1194 3134 1295 3203 τῆς
1315 3133 1635 3205 ἱερωσύνης,
1669 3140 1764 3190 καὶ
1791 3136 2009 3206 γυναιξὶ
2031 3135 2463 3205 συνῳκησὰντων
2499 3135 2593 3188 καὶ
2642 3133 2848 3186 τούτων
2872 3132 3403 3203 τεκνοποιησάντων,

100 3221 199 3294 μὴ
258 3227 726 3296 συγχωρουμένων
772 3227 851 3287 εἰς
900 3226 1239 3297 κληρονόμον
1278 3227 1459 3280 αὐτῶν
1517 3228 1808 3302 κληθῆναι,
1858 3230 1985 3301 μήθ’
2023 3229 2162 3291 ὅλως
2210 3226 2575 3282 δύνασθαιτὰ
2614 3225 2843 3279 τοιαῦτα
2898 3224 3087 3278 παιδία
3128 3224 3161 3296 ἢ
3203 3225 3404 3294 γνήσια

96 3315 320 3369 τούτων
348 3318 613 3388 κληθῆναι
643 3319 675 3389 ἢ
707 3318 932 3389 φυσικὰ,
972 3318 1006 3386 ἢ
1034 3318 1156 3370 καθ’
1184 3314 1296 3372 οἷον
1343 3321 1545 3390 δήποτε
1573 3323 1775 3393 τρόπον
1805 3321 2116 3395 περιελθεῖν
2144 3338 2267 3373 τινα
2287 3321 2397 3372 τῶν
2412 3319 2762 3391 πραγμάτων
2790 3318 2972 3371 αὐτῶν
3002 3318 3141 3386 πρὸς
3171 3318 3394 3383 αὐτοὺς,

87 3412 131 3479 ἦ
168 3411 296 3473 τοὺς
342 3411 741 3482 μητροπολίτας
773 3413 974 3478 αὐτῶν,
1032 3412 1169 3468 ἀλλὰ
1209 3416 1278 3466 τὰ
1322 3414 1596 3484 προσόντα
1628 3416 1807 3471 πάντα
1835 3417 1987 3488 αὐτῷ
2033 3415 2337 3484 λαμϐάνειν
2392 3417 2493 3479 τὰς
2545 3416 2665 3469 κατ’
2714 3415 2915 3477 αὐτοὺς
2974 3414 3303 3486 Ἐκκλησίας
3361 3415 3395 3486 ἢ

86 3504 235 3566 τοὺς
266 3504 519 3574 κλήρους.
581 3505 721 3569 Τοὺς
773 3505 831 3557 δὲ
859 3505 1101 3559 τοιοῦτόν
1130 3523 1185 3558 τι
1226 3505 1545 3575 τολμῶντας
1593 3509 1735 3579 μετὰ
1766 3512 1867 3581 τὴν
1905 3511 2006 3580 τῆς
2066 3509 2370 3581 ἱερωσύνης
2425 3508 2708 3580 γύμνωσιν
2739 3508 2813 3578 μὴ
2846 3506 3179 3576 δυναμένους
3213 3508 3292 3570 εἰς
3341 3522 3399 3560 τι

84 3597 369 3664 κωμικὸν
418 3595 716 3668 diiungi.an
767 3597 1055 3667 στρατείαν
1087 3597 1422 3668 ἀναχθῆναι,
1463 3599 1601 3653 ἀλλὰ
1671 3602 2046 3668 ἰδιωτεύοντας
2099 3607 2279 3660 πάντα
2310 3603 2404 3657 τὸν
2450 3601 2662 3673 χρόνον.
2707 3600 2899 3664 Ὅπως
2949 3599 3007 3652 δὲ
3060 3601 3296 3670 σήμερον
3335 3601 3397 3653 οὐ

92 3691 443 3761 φυλάττεται
470 3692 629 3746 τοῦτο
660 3694 864 3761 ἀγνοῶ.

174 3809 483 3878 Κείμενον.
517 3811 675 3882 Καλή
697 3807 742 3881 β’
773 3811 914 3865 διάτ.
947 3811 1041 3864 τοῦ
1073 3811 1239 3865 αὐτοῦ
1270 3813 1403 3877 tit.,
1448 3814 1530 3868 ὅτι
1570 3814 1697 3870 Ἐὰν

84 3901 415 3973 βουλευτὴς,
450 3920 504 3957 κ.
532 3919 583 3955 τ.
617 3902 693 3965 λ.,
720 3918 895 3972 usque
918 3904 984 3958 ad
1047 3905 1142 3957 καὶ
1175 3905 1337 3959 πέντε
1368 3906 1557 3979 λίτρας
1586 3911 1700 3973 τοῖς

80 3992 386 4064 πριϐἀτοις
415 3996 892 4065 προστιμωμένου.

165 4087 451 4155 Σχόλιον.
485 4086 547 4140 Ἥ
575 4088 618 4159 β’
650 4088 791 4143 δίατ.
817 4087 912 4141 τοῦ
941 4087 1107 4141 αὐτοῦ
1124 4085 1173 4141 α’
1201 4089 1305 4146 τίτ.
1332 4089 1440 4143 τὼν
1461 4090 1692 4163 Νεαρῶν

80 4180 215 4232 ἔστι
258 4196 384 4249 κεφ.
425 4178 517 4245 κς¹
559 4182 656 4252 τῆς
696 4180 812 4251 ρκγ¹
861 4184 1063 4253 νεαρᾶς
1105 4182 1200 4235 τοῦ
1242 4182 1503 4253 βασιλέως
1554 4185 1691 4237 Ἰου-

1878 3817 2094 3873 Textus.
2123 3816 2359 3872 Conslit.
2382 3815 2439 3881 2,
2476 3813 2724 3884 ejusdem
2762 3811 2847 3867 tit.
2895 3808 2951 3866 Si
2983 3809 3235 3877 decurio,
3266 3818 3397 3878 etc.,

1802 3923 1963 3978 usque
1984 3906 2053 3960 ad
2078 3907 2362 3971 multatur,
2397 3914 2452 3957 ut
2482 3920 2605 3973 pag.
2646 3902 2770 3957 785.

1870 4091 2163 4147 Schotium.
2224 4088 2414 4145 Const.
2473 4091 2508 4142 2
2559 4086 2802 4157 ejusdem
2849 4085 2873 4139 1
2923 4085 3005 4139 tit.
3046 4081 3393 4138 Novellarum

1794 4193 1876 4239 est
1916 4200 2038 4251 cap.
2073 4183 2142 4237 26
2180 4183 2409 4236 novella:
2454 4179 2751 4234 Justiniani
2800 4178 2903 4232 125
2933 4220 2946 4242 ,
2995 4182 3111 4231 sive
3154 4191 3277 4245 cap.
3325 4175 3397 4230 55

80 4272 392 4337 στινιανοῦ,
420 4274 453 4343 ἧ
498 4290 578 4326 τοι
604 4292 728 4344 κεφ.
754 4272 834 4343 λγ’
860 4275 956 4329 τοῦ
986 4273 1034 4344 γ’
1062 4275 1202 4346 βιϐλ.
1237 4276 1347 4328 τῶν
1380 4276 1688 4333 Βασιλικῶν

1910 4277 1931 4329 1
1970 4277 2063 4329 lib.
2096 4292 2153 4329 ιιι
2210 4273 2402 4336 anil.,
2445 4273 2591 4342 quod
2627 4274 2812 4325 eadem
2856 4267 3234 4339 complectitur
3272 4283 3395 4337 quae

75 4367 160 4419 τὰ
188 4366 333 4418 αὐτὰ
384 4365 751 4436 διαλαμϐάνον
794 4369 894 4421 ὅσα
948 4366 1389 4439 συνωψίσθησαν.
1433 4370 1597 4439 Λέγει
1627 4369 1685 4423 δὲ

1888 4367 2202 4437 compendio
2221 4366 2497 4437 proposita
2515 4374 2666 4417 sunt.
2687 4362 2958 4429 Loquitur
2980 4370 3160 4416 autem
3184 4360 3254 4414 24
3270 4376 3395 4431 cap.

75 4458 188 4512 καὶ
218 4457 282 4509 τὸ
306 4455 383 4511 κδ’
411 4476 537 4527 κεφ.
574 4459 678 4529 τῆς
712 4460 885 4530 αὐτῆς
913 4461 1141 4532 νεαρᾶς,
1180 4460 1303 4530 ἦτοι
1352 4461 1415 4513 τὸ
1443 4458 1524 4513 λα’
1566 4478 1692 4530 κεφ.

74 4549 187 4604 τοῦ
225 4549 392 4603 αὑτοῦ
430 4551 561 4612 τίτ..
595 4552 732 4606 ἀλλὰ
770 4553 869 4624 μὲν
909 4555 1091 4608 καὶτὸ
1148 4552 1226 4624 λβ¹
1267 4553 1396 4625 περὶ
1438 4552 1532 4607 τοῦ
1560 4554 1697 4623 ἐρω-

74 4639 295 4694 τᾶσθαι
346 4643 475 4705 τοὺς
527 4642 825 4713 μέλλοντας
854 4645 1290 4715 χειροτονεῖσθαι
1338 4646 1388 4698 εί
1435 4643 1696 4699 δύνανται

79 4737 422 4803 σωφρονεῖν,
461 4738 557 4788 καὶ
585 4737 713 4809 περ)⁵
742 4738 1068 4809 γαμούντων
1095 4739 1432 4810 ἱερωμένων,
1457 4739 1550 4792 καὶ
1573 4738 1696 4790 δευ-

72 4828 549 4899 τερογαμούντων
607 4831 998 4900 ἀναγνωστῶν.
1059 4831 1199 4886 Ὅσα
1249 4832 1402 4903 παρὰ
1446 4831 1541 4885 τοῦ
1582 4849 1688 4884 πα-

1796 4461 2038 4531 ejnsdem
2070 4461 2317 4523 novellae,
2367 4459 2481 4513 sive
2529 4457 2591 4511 51
2623 4472 2743 4522 cap.
2776 4455 3022 4523 ejusdem
3058 4456 3169 4521 tit.,
3221 4455 3389 4524 quin~

1797 4556 1961 4609 etiam
1983 4554 2052 4609 52
2076 4551 2249 4625 [cap.]
2273 4552 2339 4606 de
2366 4565 2432 4605 eo
2470 4550 2613 4620 quod
2642 4549 2929 4603 ordinandi
2983 4548 3390 4617 interrogentur

1797 4665 1865 4703 an
1898 4658 2051 4703 caste
2074 4648 2255 4701 vivere
2288 4645 2502 4715 possint
2529 4667 2540 4699 ;
2576 4653 2629 4697 et
2660 4644 2727 4697 de
2760 4642 3139 4698 sacerdotibus
3169 4642 3389 4709 nuptias

1798 4739 2249 4797 contrahentibus
2311 4747 2365 4791 et
2427 4737 2725 4791 lectoribus
2774 4735 2992 4806 nuptias
3038 4732 3388 4793 iterantibus,

1802 4846 2148 4903 quaecunque
2175 4846 2204 4884 a
2246 4827 2559 4900 patriarcha
2592 4826 2771 4882 fusius
2804 4827 3203 4896 comprehensa
3237 4832 3386 4878 sunt.

72 4922 355 4992 τριάρχου
393 4922 765 4996 διελήφθησαν
806 4925 1277 4996 περιφραστικῶς.
1330 4925 1467 4996 Περὶ
1488 4926 1544 4978 δὲ
1575 4926 1684 4979 τῶν

1933 4926 1997 4979 iis
2048 4938 2175 4977 vero
2213 4923 2307 4993 qui
2368 4921 2481 4975 Deo
2529 4932 2883 4975 consecratas
2912 4916 3214 4990 [[niulieres
3265 4912 3386 4986 aut]

72 5014 474 5086 ἁρπαζόντων,
504 5017 538 5088 ἢ
589 5018 1037 5089 διαφθειρόντων,
1072 5018 1563 5089 ἢὺπονοϐευόντων
1588 5019 1689 5083 τὰς

70 5109 168 5180 τῷ
201 5108 323 5179 Θεῷ
347 5110 805 5180 ἀνατεθειμένας,
840 5112 1086 5165 διδάσκει
1110 5114 1143 5183 ἡ
1170 5112 1310 5181 αὑτὴ
1342 5110 1385 5181 β’
1414 5104 1559 5166 διάτ.
1592 5111 1686 5164 τοῦ

70 5202 130 5258 α’
164 5201 274 5257 τίτ.
302 5206 406 5256 τῶν
426 5204 655 5277 Νεαρῶν
671 5201 805 5258 οὖσα
835 5204 913 5273 ξγ¹
942 5222 1067 5275 κεφ.
1094 5206 1190 5275 τῆς
1219 5202 1339 5277 ρκγ⁹
1375 5206 1689 5258 Ἰουστινια-

69 5300 233 5351 νείου
268 5301 485 5368 νεαρᾶς,
510 5300 771 5370 ἧτοικεφ.
804 5298 870 5370 ιβ’
900 5299 994 5353 τοῦ
1024 5298 1071 5353 α’
1101 5300 1207 5355 τίτ.
1238 5298 1333 5354 τοῦ
1362 5296 1402 5352 δ’
1417 5299 1559 5370 βιόλ.
1579 5299 1686 5353 τῶν

72 5391 415 5455 Βασιλικὼν,
436 5396 503 5445 τὰ
530 5394 670 5447 αὐτὰ
699 5395 857 5462 λέγον
900 5395 999 5447 ὅσα
1049 5393 1465 5464 συνωψίσϐησαν
1499 5433 1514 5457 ,
1546 5392 1687 5464 πλὴν

70 5484 187 5551 τῆς
215 5482 428 5552 ποινῆς.
506 5482 563 5535 '0
607 5484 705 5555 μὲν
732 5484 840 5553 γὰρ
876 5483 1157 5553 βασιλικός
1188 5500 1321 5553 φησι
1381 5484 1475 5537 τὸν
1497 5485 1562 5537 ἐκ
1587 5483 1680 5535 τοῦ

74 5577 258 5645 νόμου
287 5576 529 5629 κίνδυνον
559 5579 853 5648 ὑπομένειν
882 5579 1008 5639 τοὺς
1030 5576 1556 5647 πλημμελήσαντας,
1588 5575 1682 5628 καὶ

1895 5578 2009 5647 lege
2042 5579 2344 5647 periculum
2398 5574 2673 5631 sustinere
2733 5590 2746 5626 :

74 5670 216 5730 τοὺς
251 5670 618 5740 μετασχόντας
652 5672 745 5725 τοῦ
777 5670 1021 5723 τοιούτου
1089 5671 1314 5741 μύσους.
1387 5669 1444 5722 Ὀ
1468 5668 1523 5723 δὲ
1553 5687 1681 5723 συν-

79 5759 317 5829 θέμενος
328 5762 387 5815 τὸ
408 5764 593 5835 Νομοκ
604 5762 787 5818 άνονον
800 5761 948 5830 λέγει
966 5762 1278 5831 κεφαλικῶς
1301 5762 1496 5826 αὐτοὺς
1518 5779 1681 5833 τιμω-

1794 5016 2037 5085 rapiunt,
2081 5023 2177 5069 aut
2218 5021 2599 5083 constuprant,
2656 5021 2750 5067 aut
2795 5016 3183 5079 corrumpunt,
3225 5008 3389 5063 docet

1795 5108 1986 5163 eadem
2022 5109 2058 5161 2
2118 5117 2297 5163 const.
2332 5107 2416 5161 tit.
2448 5107 2469 5160 1
2506 5105 2877 5170 Novellarum,
2906 5119 3029 5174 qua:
3056 5111 3140 5157 cst
3168 5118 3288 5171 cap.
3318 5103 3387 5157 65

1795 5206 2019 5259 novella:
2048 5202 2347 5258 Justiniani
2384 5201 2509 5268 125,
2547 5203 2662 5257 sive
2716 5216 2835 5271 cap.
2874 5200 2941 5253 12
2993 5200 3082 5255 tit.
3114 5198 3140 5252 1
3186 5198 3284 5253 lib.
3332 5214 3388 5251 ιν

1797 5296 1992 5361 Basil.,
2027 5299 2170 5369 quod
2215 5300 2403 5352 eadem
2452 5298 2587 5353 dicit
2626 5311 2747 5365 quae
2788 5296 2843 5349 in
2887 5294 3214 5363 compendio
3260 5302 3390 5347 sunt

1799 5395 2101 5463 proposita,
2135 5403 2361 5463 excepta
2398 5407 2580 5462 paena.
2618 5388 2901 5457 Siquidem
2937 5387 3107 5443 Basil.
3151 5401 3247 5441 eos
3288 5385 3385 5453 qui

1796 5483 1873 5557 [id
1896 5484 2099 5555 scelus]
2134 5485 2507 5549 committunt,
2536 5497 2601 5536 ac
2630 5496 2821 5535 eorum
2853 5479 2907 5533 in
2941 5478 3147 5534 scelere
3180 5478 3382 5539 socios,

2802 5571 2897 5641 qui
2937 5586 3069 5625 vero
3109 5568 3383 5623 Nomoca-

1791 5687 1987 5725 nonem
2056 5673 2408 5740 composuit,
2465 5670 2585 5723 illos
2630 5665 2937 5736 capitaliter
3001 5664 3180 5735 puniri
3227 5662 3381 5718 dicit.

1788 5763 1869 5820 Tu
1902 5766 2114 5821 interim
2154 5764 2318 5821 Busil.
2351 5762 2523 5834 magis
2551 5761 2724 5827 audi,
2771 5770 2824 5814 ct
2873 5760 2920 5815 si
2966 5758 3175 5814 discere
3226 5754 3361 5810 velis
