3916 6244
296 292 436 364 ῙΙΞἿ

1468 290 1736 355 ΡΗΟΤῙῙ
1766 286 2279 353 ΡΑΤΒῙΑΒΟΗᾹΞ
2318 288 2429 353 CP.

3448 283 3585 349 1128

297 413 611 486 cujusmodi
639 412 895 485 legitima:
920 425 1098 483 pmnae
1124 408 1257 475 sint,
1302 407 1421 479 lege
1441 408 1539 464 lib.
1566 425 1657 473 ιιι,
1682 407 1769 462 tit.
1788 407 1879 473 58,
1910 417 1935 476 Α

2050 405 2221 460 ἴσθαι.
2247 406 2320 460 Σὺ
2340 405 2398 460 δὲ
2418 404 2619 476 μᾶλλον
2638 404 2716 478 τῷ
2741 401 3016 476 Βασιλικῷ
3038 402 3299 476 πρόσχες,
3320 403 3416 456 καὶ
3435 403 3484 455 ει
3510 401 3602 454 θέ-

299 523 424 578 cap.
461 507 513 572 1,
548 510 694 577 quod
725 508 808 563 sic
837 506 1001 560 habet
1037 522 1050 558 :
1116 503 1222 569 Qui
1266 502 1552 572 rapuerint
1584 500 1893 564 mulierem,

307 609 405 653 aut
439 613 698 669 sponsam
749 604 847 651 aut
898 596 1138 651 nondum
1180 607 1465 664 sponsam.
1508 604 1604 646 aut
1652 591 1894 656 viduam,

303 693 421 748 sive
450 692 688 762 ingenua
720 689 814 753 sit,
850 689 965 742 sive
992 686 1215 750 ancilla,
1240 693 1337 739 aut
1362 682 1580 757 [etiam]
1617 681 1896 744 libertina,

302 793 358 839 ct
390 784 630 836 maxime
676 783 722 836 si
769 780 966 835 mulier
1008 780 1117 834 Deo
1162 784 1487 832 consecrata
1533 776 1626 841 sit,
1660 773 1901 844 legitime

307 872 632 943 puniuntur.
662 870 868 940 Nempe
904 871 949 923 si
982 884 1106 922 cum
1156 867 1326 922 armis
1377 867 1495 921 sive
1536 864 1751 936 gladiis,
1807 874 1903 916 aut

309 964 547 1019 fustibus
577 970 791 1032 raptum
823 959 1076 1024 fecerint,
1115 957 1429 1025 huiusmodi
1460 955 1638 1025 gladio
1665 953 1905 1023 puniun-

308 1068 417 1111 tor.
464 1056 568 1122 Qui
625 1069 758 1108 vero
807 1053 941 1123 ipsis
991 1050 1357 1105 ministerium
1412 1047 1763 1119 praebuerint,
1810 1056 1906 1100 aut

311 1154 518 1208 conscii
547 1150 774 1217 fuerint,
812 1160 907 1206 aut
933 1148 1231 1204 voluntarii
1273 1147 1603 1217 receperint,
1636 1153 1731 1198 aut
1757 1158 1895 1212 qua-

312 1245 644 1315 lemcunque
701 1258 861 1313 opem
919 1242 1147 1297 tulerint
1201 1259 1215 1297 :
1280 1238 1556 1294 verberati
1620 1246 1676 1292 et
1737 1234 1903 1299 tonsi,

317 1338 542 1392 naribus
567 1335 908 1391 mutilantor.
930 1334 1202 1401 Quoniam
1251 1333 1344 1403 qui
1374 1347 1499 1386 cum
1526 1328 1696 1384 armis
1719 1340 1910 1398 rapere

316 1439 586 1493 statuunt,
620 1430 955 1499 paratisunt
990 1429 1157 1481 etiam
1193 1426 1469 1489 occidere,
1522 1423 1570 1477 si
1619 1422 1714 1492 qui
1759 1421 1910 1475 obsi-

318 1529 489 1577 stant.
527 1518 588 1575 Si
614 1533 743 1574 vero
772 1520 1002 1573 omnino
1042 1519 1161 1573 sine
1183 1518 1353 1571 armis
1385 1526 1573 1585 raptus
1606 1514 1783 1568 factus
1816 1512 1908 1578 sit,

318 1610 412 1682 qui
454 1610 604 1665 illum
638 1609 787 1674 fecit,
818 1622 985 1662 manu
1019 1607 1304 1662 mutilator
1336 1624 1347 1659 :
1380 1606 1476 1675 qui
1508 1620 1636 1658 vero
1667 1603 1719 1657 in
1749 1609 1913 1671 raptu

321 1702 572 1756 auxiliati
612 1709 764 1763 sunt,
801 1708 902 1753 aut
937 1695 1107 1770 [ejus]
1139 1696 1347 1753 conscii
1383 1694 1621 1759 fuerunt,
1670 1699 1765 1747 aut
1810 1690 1915 1745 mi-

1997 500 2110 562 λεις
2139 498 2291 553 ποῖαί
2318 500 2456 553 εἰσιν
2478 500 2535 553 αἱ
2561 500 2786 571 νόμιμοι
2814 498 3019 553 ποιναί.
3048 494 3353 564 ’Δνάγνωθι
3380 494 3527 566 βισλ.
3554 492 3597 561 ξ’

1998 589 2103 644 τιτ.
2133 594 2214 658 νη’
2241 602 2369 660 κεφ.
2399 586 2472 655 α’,
2500 586 2676 653 οὕτως
2699 589 2841 661 ἔχονο
2866 589 2933 643 Οἱ
2954 587 3305 659 ἁρπάσαντες
3332 588 3602 654 γυναῖκα,

2000 681 2034 752 ἢ
2065 679 2588 753 μνηστευομένην,ἢ
2622 681 3019 752 ἀμνήστευτον,
3060 678 3094 751 ἢ
3124 679 3324 751 χήραν,
3359 677 3475 732 εἴτε
3497 678 3601 730 εὐ-

2001 775 2166 844 γενής
2195 776 2312 827 ἐστι
2342 774 2455 828 εἴτε
2507 773 2693 846 δούλη,
2728 773 2762 845 ἢ
2803 771 3172 843 ἀπελευθέρα,
3212 771 3309 824 καὶ
3360 769 3604 842 μάλιστα

2002 865 2098 917 ἐὰν
2127 863 2205 933 τῷ
2232 863 2349 934 Θεῷ
2371 858 2507 918 ὦσιν
2535 866 2590 918 αἱ
2618 866 2877 933 γυναῖκες
2902 860 3315 934 καθιερωμέναι
3348 862 3606 932 νομίμως

2003 954 2477 1025 τιμωρείσθωσαν,
2506 953 2650 1007 τοῦτ’
2687 953 2833 1006 ἐστιν
2874 954 2922 1006 εἰ
2971 953 3070 1024 μὲν
3108 950 3229 1023 μεθ’
3259 950 3462 1015 ὅπλων,
3488 949 3605 1003 εἴτε

2006 1048 2199 1117 ξιφῶν,
2231 1047 2264 1117 ἢ
2296 1048 2547 1119 ῥοπάλων
2573 1048 2672 1119 τὴν
2699 1047 2958 1118 ἁρπαγὴν
2992 1046 3342 1116 ἐποιήσαντο,
3403 1044 3456 1097 οἱ
3486 1060 3598 1095 τοι·

2006 1139 2153 1193 οὗτοι
2168 1138 2310 1208 ξίφει
2333 1138 2804 1212 τιμωρείσθωσαν,
2827 1140 2876 1191 οἱ
2893 1139 2948 1192 δὲ
2972 1134 3475 1207 ωνυπουργοῦντες
3502 1135 3608 1188 αὐ-

2006 1232 2192 1304 τοῖς,ἢ
2224 1233 2541 1297 συνειδότες,
2565 1232 2598 1304 ἢ
2626 1233 2843 1296 ἑκόντες
2867 1231 3277 1300 ὑποδεξάμενοι,
3325 1228 3359 1300 ἢ
3391 1227 3613 1298 οἱανδή-
3658 1254 3663 1258 ·

2010 1342 2143 1379 ποτε
2170 1324 2409 1396 σπουδὴν
2469 1326 2878 1392 εἰσενεγκόντες
2935 1325 3289 1395 τυπτόμενοι,
3348 1322 3444 1376 καὶ
3474 1339 3613 1375 κου-

2016 1420 2297 1491 ρευόμενοι
2360 1416 2891 1491 ρινοκοπείσθωσαν,
2976 1418 3167 1486 ἐπειδὴ
3199 1416 3250 1468 οἱ
3309 1414 3616 1487 προθέντες

2012 1512 2145 1582 παρ’
2194 1512 2408 1575 ἑαυτοῖς
2463 1511 2749 1581 ἁρπᾶσαι,
2813 1508 3023 1578 ἕτοιμοί
3081 1510 3188 1561 εἰσι
3225 1507 3319 1561 καὶ
3361 1504 3618 1575 φονεύειν

2012 1605 2140 1669 τοὺς
2166 1602 2623 1673 ἀνθισταμένους.
2673 1602 2739 1655 Et
2768 1600 2825 1654 δὲ
2857 1603 3027 1672 χωρὶς
3055 1600 3392 1671 οἱωνδήποτε
3428 1598 3618 1650 ὅπλων

2016 1698 2114 1768 τὴν
2138 1695 2399 1768 ἁρπαγὴν
2440 1696 2788 1766 ἐποιήσαντο,
2821 1695 2850 1746 ό
2886 1694 2985 1764 μὲν
3012 1694 3113 1763 τὴν
3150 1692 3409 1763 ἁρπαγὴν
3448 1689 3620 1759 ποιήο

320 1795 609 1850 nistcriutn
648 1793 1043 1863 prastiterunt,
1073 1799 1169 1844 aut
1205 1799 1399 1858 sponte
1428 1794 1777 1857 receperunt,
1817 1790 1914 1838 aut

2048 1805 2137 1852 ἀς,
2161 1786 2614 1858 χειροκοπείσθω,
2649 1787 2698 1839 οἱ
2713 1785 2769 1839 δὲ
2804 1784 3172 1856 βοηθήσαντες
3203 1785 3317 1841 τοῖς
3344 1782 3623 1844 τοιούτοις

321 1888 762 1958 qualemcunque
816 1901 975 1955 opem
1031 1883 1311 1945 tulerunt,
1358 1878 1628 1934 verberati
1670 1886 1725 1931 et
1773 1874 1919 1930 tonsi

322 1978 634 2033 exsulanto.
702 1976 931 2041 Quaeras
1004 1973 1170 2027 etiam
1234 1971 1507 2026 novellam
1567 1965 1920 2037 imperatoris

324 2071 537 2127 domini
581 2068 782 2123 Leonis
842 2065 1155 2138 philosophi
1204 2064 1297 2131 35,
1345 2077 1468 2133 qua:
1520 2057 1919 2132 propemodum

324 2165 516 2220 eadem
548 2161 750 2217 sancit.

400 2354 553 2411 CAP.
594 2349 843 2406 XXX.-—
881 2348 959 2405 De
997 2347 1066 2403 iis
1089 2346 1180 2419 qui
1212 2342 1544 2399 matrimonii
1575 2356 1743 2397 causa
1800 2356 1925 2396 mu-

329 2447 481 2500 lieres
517 2444 754 2511 rapiunt.

402 2508 792 2608 Apostolorum
823 2545 1003 2587 canon
1036 2529 1140 2595 67;
1176 2527 1395 2583 concilii
1424 2525 1702 2598 Ancyrani
1750 2508 1965 2580 canon'

333 2630 424 2693 ll,
474 2628 582 2694 25;
621 2625 841 2683 concilii
887 2620 1358 2678 Chalcedonensis
1410 2634 1587 2674 canon
1631 2617 1736 2684 27;
1790 2630 1929 2671 con-

332 2723 446 2778 cilii
494 2722 633 2777 sexti
664 2732 843 2775 canon
877 2716 979 2783 92;
1027 2712 1321 2783 Theophili
1375 2726 1444 2767 ex
1499 2708 1931 2767 commonitorio

336 2831 513 2873 canon
546 2815 601 2868 Ξ.

412 2908 631 2963 Textus.
668 2903 792 2960 Lib.
812 2904 867 2969 1,
892 2901 1035 2967 ιὶι.5,
1054 2906 1233 2956 const.
1258 2896 1311 2952 5.
1338 2895 1395 2951 Si
1420 2896 1565 2967 quis,
1596 2903 1730 2964 ctc.,
1766 2908 1934 2965 usque

339 3000 410 3055 ad
432 2998 851 3071 praescriptione
880 2996 1070 3059 utitur,
1096 3000 1155 3047 ut
1179 3006 1306 3062 pag.
1338 2989 1467 3046 509.

2024 1880 2082 1933 ὲν
2111 1881 2177 1948 τῇ
2234 1878 2482 1950 ἁρπαγῇ,
2542 1878 2576 1949 ἢ
2638 1878 2961 1942 συνειδότες,
3007 1877 3041 1948 ἢ
3084 1877 3555 1947 ὑπηρετήσαντες,
3585 1873 3622 1944 ἢ

2025 1972 2246 2035 ἑκόντες
2276 1970 2689 2041 ὑποδεξάμενοι,
2743 1972 2777 2043 ἢ
2823 1971 3149 2042 οἱανδήποτε
3203 1969 3443 2038 σπουδὴν
3503 1968 3626 2020 εἰσ-

2026 2064 2345 2133 ενεγκόντες
2363 2064 2569 2127 αὐτοῖς,
2601 2064 2932 2134 τυπτόμενοι
2957 2061 3412 2131 ὲξοριζέσθωσαν.
3447 2060 3625 2130 Ζήτει

2026 2156 2127 2208 καὶ
2154 2156 2254 2224 τὴν
2291 2152 2365 2207 λε’
2408 2154 2608 2226 νεαρὰν
2628 2153 2723 2207 τοῦ
2754 2153 3019 2223 βασιλέως
3047 2154 3240 2223 κυρίου
3264 2151 3493 2214 Λέοντος
3528 2148 3628 2203 τοῦ

2028 2246 2324 2315 Φιλοσόφου
2351 2246 2421 2301 τὰ
2449 2246 2591 2300 αὐτὰ
2615 2247 2802 2316 σχεδὸν
2842 2246 3259 2317 νομοθετοῦσαν.

2105 2343 2360 2396 ΚΕΦΑΛ.
2388 2339 2473 2398 Λ’.
2499 2369 2573 2381 -
2600 2341 2744 2410 Περὶ
2796 2338 2917 2395 τῶν
2962 2339 3063 2394 ἐπὶ
3118 2340 3286 2412 γάμῳ
3331 2336 3631 2410 γυναῖκας

2030 2435 2437 2505 ἁρπαζόντων.

2117 2531 2462 2584 Ἀποστόλων
2510 2528 2693 2584 κανὼν
2716 2526 2834 2598 ξξζο
2866 2527 3089 2581 συνόδου
3126 2524 3405 2597 Ἀγκύρας
3444 2520 3629 2577 κανὼν

2034 2621 2129 2688 ια’,
2162 2621 2263 2676 κε’·
2291 2623 2512 2677 συνόδου
2560 2623 2907 2694 Χαλκηδόνος
2949 2619 3131 2674 κανὼν
3177 2617 3278 2683 xC"
3318 2616 3541 2671 συνόδου
3580 2612 3634 2681 ς’

2033 2715 2218 2771 κανὼν
2273 2714 2383 2788 ι,βό
2437 2714 2700 2786 Θεοφίλου
2748 2717 2813 2769 ἐκ
2875 2713 2969 2769 τοῦ
3060 2710 3474 2785 ὑπομνηστικοῦ
3527 2726 3634 2763 κα-

2034 2808 2141 2863 νὼν
2168 2807 2237 2880 β’.

2107 2902 2419 2972 Κείμενον.
2456 2899 2609 2955 Βιόλ.
2637 2906 2709 2965 α’,
2760 2899 2868 2953 τίτ.
2898 2905 2969 2969 γ’,
2993 2897 3135 2955 διάτ.
3157 2895 3230 2959 ε’,
3268 2895 3396 2949 Ἐάν
3425 2912 3509 2959 τις
3540 2894 3640 2965 ἁρ-

2038 2996 2215 3069 πάσῃ,
2245 3014 2300 3050 κ.
2330 3013 2386 3050 τ.
2406 2996 2481 3059 1.,
2513 3010 2690 3066 usque
2722 2995 2789 3048 ad
2826 2995 2903 3065 μὴ
2937 2991 3224 3064 χρώμενος
3257 2990 3425 3063 φόρου
3452 3005 3640 3059 παρα-

2040 3092 2251 3162 γραφῇ.
2285 3090 2462 3160 Supra
2494 3104 2615 3160 pag.
2642 3088 2769 3144 509.

352 3169 364 3185 ‘
411 3181 706 3239 Scholium.
764 3177 954 3235 Const.
1005 3177 1040 3232 5
1098 3175 1184 3230 tit.
1224 3174 1259 3229 δ
1308 3172 1405 3228 lib.
1453 3188 1470 3229 ι
1514 3170 1641 3229 cod.
1692 3184 1801 3226 non
1851 3178 1935 3226 est

2051 3152 2092 3162 Π
2114 3152 2394 3252 Sig-emtor:
2533 3152 2745 3235 eram.
2778 3179 2874 3234 τοῦ
2904 3177 2953 3248 γ’
3002 3178 3113 3233 τίτ.
3144 3176 3240 3232 τοῦ
3270 3175 3321 3230 α’
3348 3175 3492 3248 βιδλ.
3542 3174 3643 3229 τοῦ

338 3277 519 3347 posita
551 3274 607 3328 in
639 3272 830 3339 Basil.,
881 3287 1058 3339 neque
1093 3267 1309 3341 [etiam]
1349 3267 1441 3331 55,
1489 3278 1667 3335 neque
1715 3278 1845 3318 vero
1879 3273 1935 3317 tu

344 3370 453 3424 illis
506 3366 806 3423 auscultes.
863 3363 1055 3419 Const.
1112 3364 1145 3419 5
1189 3362 1271 3417 tit.
1323 3361 1360 3414 4
1431 3360 1587 3415 lib.t
1658 3358 1781 3412 cod.
1837 3364 1923 3411 est

340 3475 465 3529 cap.
497 3460 591 3524 26,
624 3460 708 3513 ιιι.
737 3457 826 3521 l7,
859 3456 953 3510 lib.
992 3470 1064 3507 vn
1096 3454 1259 3509 Basil.
1300 3453 1617 3519 insertaque
1649 3459 1732 3504 est
1764 3448 1936 3502 inter-

344 3551 639 3623 pretationi
715 3564 836 3618 cap.
894 3548 966 3602 25
1020 3546 1305 3616 praesentis
1352 3546 1386 3599 9
1433 3544 1543 3610 tit.,
1578 3544 1722 3612 quod
1766 3544 1936 3611 legas.

346 3647 539 3701 Const.
570 3642 597 3695 1
656 3643 739 3695 tit.
786 3639 859 3693 24
888 3639 984 3692 lib.
1020 3654 1079 3691 lll
1128 3638 1254 3692 cod.
1279 3636 1454 3706 posita
1486 3644 1571 3690 est
1601 3637 1653 3688 in
1685 3649 1806 3704 cap.
1863 3632 1928 3686 9'.

348 3739 438 3792 tit.
488 3737 520 3793 5
558 3735 655 3790 lib.
688 3749 760 3788 vn
791 3732 960 3788 Basil.
996 3730 1113 3786 Hoc
1142 3740 1324 3785 autem
1350 3746 1472 3801 cap.
1503 3726 1939 3799 praetermissum

351 3835 456 3883 est.

428 4014 646 4070 Textus.
681 4012 791 4070 Tit.
823 4011 884 4068 41
934 4018 1115 4068 const.
1137 4009 1191 4076 4,
1231 4008 1323 4080 qui
1347 4008 1480 4064 dicit
1514 4007 1557 4061 A
1585 4023 1764 4074 servo,
1808 4016 1942 4076 ctc.,

359 4124 522 4181 usque
542 4108 611 4162 ad
639 4116 768 4164 sunt
791 4106 1001 4169 omnia,
1034 4114 1092 4158 ut
1116 4120 1239 4175 pag.
1272 4102 1399 4169 '5l0,
1438 4103 1565 4157 5H.

429 4290 725 4347 Scholium.
778 4288 1018 4345 Constit.
1090 4286 1125 4343 4
1185 4288 1268 4343 tit.
1316 4287 1379 4341 41
1456 4287 1553 4342 lib.
1596 4303 1657 4342 ιιι
1699 4286 1825 4343 cod.
1866 4296 1952 4343 est

359 4401 484 4465 cap.
549 4384 618 4439 46
683 4385 767 4438 tit.
819 4383 853 4437 5
910 4384 1005 4437 lib.
1058 4396 1150 4447 ιι,
1194 4380 1340 4452 quod
1387 4380 1520 4436 dicit
1560 4401 1573 4437 ε
1616 4381 1953 4436 Constitutio

362 4476 565 4533 similis
593 4476 850 4532 secunda:
887 4483 1046 4530 estet
1078 4474 1254 4530 tertia:
1296 4491 1314 4537 :
1363 4484 1417 4529 et
1462 4474 1617 4541 dicit,
1662 4474 1809 4544 quod
1856 4472 1955 4528 do-

1986 4521 2035 4578 Ι)

2044 3274 2278 3337 κώδικος
2308 3274 2408 3327 οὐκ
2439 3274 2602 3345 ἐτέθη
2636 3274 2716 3336 εἰς
2744 3274 2813 3327 τὰ
2860 3271 3154 3337 Βασιλικὰ,
3194 3271 3315 3325 οὐδὲ
3341 3271 3374 3343 ή
3405 3268 3513 3340 νγ’,
3545 3270 3646 3323 καὶ

2048 3366 2124 3435 μὴ
2151 3366 2216 3418 σὺ
2248 3364 2497 3436 προσχῆς
2535 3364 2782 3428 ταύταιςο
2832 3363 2897 3417 Ἦ
2936 3361 2984 3431 γ’
3015 3363 3155 3417 διάτ.
3203 3361 3299 3416 τοῦ
3329 3360 3372 3414 δ’
3401 3361 3509 3415 τιτ.
3547 3360 3647 3414 τοῦ

2047 3456 2095 3512 α’
2129 3457 2272 3528 βιϐλ.
2304 3456 2400 3512 τοῦ
2432 3458 2663 3521 κὼδικος
2715 3457 2833 3509 ἔστι
2867 3473 2992 3525 κεφ.
3020 3454 3115 3519 κς¹
3155 3455 3250 3509 τοῦ
3300 3455 3365 3519 ιζ’
3393 3456 3499 3508 τίτ.
3551 3451 3650 3507 τοῦ

2052 3549 2255 3622 ζ’βιὸλ.
2296 3551 2406 3603 τῶν
2424 3550 2752 3615 Βασιλικῶν,
2782 3548 2878 3603 καὶ
2914 3547 3269 3619 κατεστρώθη
3311 3549 3391 3611 εἰς
3417 3547 3519 3615 τὴν
3552 3546 3652 3617 ἐρ-

2051 3643 2281 3714 μηνείαν
2312 3642 2407 3696 τοῦ
2434 3640 2511 3695 κε’
2540 3659 2665 3712 κεφ.
2689 3643 2784 3695 τοῦ
2815 3640 3081 3712 παρόντος
3102 3638 3146 3694 θ’
3176 3640 3307 3701 τίτ.,
3338 3638 3367 3691 δ
3386 3639 3484 3691 καὶ
3506 3638 3646 3695 ἀνά-

2049 3738 2242 3807 γνωθι.
2294 3737 2357 3789 Ἦ
2390 3735 2437 3790 α’
2468 3736 2609 3790 διάτ.
2660 3735 2753 3789 τοῦ
2782 3733 2861 3788 κδ’
2888 3734 2994 3788 τιτ.
3024 3733 3121 3788 τοῦ
3150 3731 3200 3801 γ’
3237 3732 3383 3803 βιὸλ.
3408 3730 3506 3784 τοῦ
3532 3730 3651 3785 κὼ-

2048 3833 2197 3897 δικος
2228 3831 2387 3904 ὲτέθη
2408 3834 2486 3894 εἰς
2514 3847 2642 3899 κεφ.
2675 3828 2765 3897 ιμ’
2790 3828 2883 3883 τοῦ
2930 3826 2975 3882 ε’
3006 3827 3115 3883 τίτ.
3150 3826 3244 3881 τοῦ
3283 3825 3332 3891 ζ’
3362 3824 3510 3897 βιδλ.
3534 3825 3650 3883 τῶν

2055 3926 2383 3992 Βασιλικῶν,
2408 3924 2567 3979 τοῦτο
2589 3923 2645 3976 δὲ
2676 3939 2803 3991 κεφ.
2854 3919 3217 3993 παρελείφθη.

2128 4021 2436 4089 Κείμενον.
2505 4017 2698 4080 Τίτλος
2753 4013 2865 4085 μα’,
2895 4014 3038 4069 διάτ.
3071 4011 3136 4079 δ’,
3197 4015 3225 4067 ὁ
3268 4010 3446 4081 λέγων
3490 4008 3658 4080 Παρὰ

2055 4113 2242 4169 δούλου
2267 4130 2322 4167 κ.
2349 4128 2401 4166 τ.
2426 4110 2500 4178 λ.,
2517 4125 2691 4182 usque
2712 4110 2781 4165 ad
2804 4109 2897 4163 καὶ
2916 4106 3099 4179 ἱερῶν,
3124 4105 3219 4159 καὶ
3243 4105 3453 4176 χηρῶν.
3478 4101 3661 4175 Supra

2059 4222 2183 4278 pag.
2221 4204 2349 4270 510,
2383 4203 2509 4257 3H.

2132 4296 2412 4365 Σχόλιον.
2460 4295 2524 4349 Ἦ
2554 4292 2596 4348 δ’
2625 4292 2769 4351 διάτ.
2798 4290 2896 4346 τοῦ
2932 4289 3023 4358 μα’
3045 4289 3151 4345 τίτ.
3186 4289 3278 4344 τοῦ
3298 4295 3347 4359 γ’
3379 4288 3528 4360 βιϐλ.
3562 4288 3661 4341 τοῦ

2061 4389 2291 4452 κὼδικος
2317 4388 2433 4441 ἔστι
2458 4404 2582 4458 κεφ.
2618 4384 2718 4458 μς¹
2736 4384 2831 4439 τοῦ
2857 4382 2896 4437 ε’
2922 4384 3030 4440 τιτ.
3060 4383 3155 4438 τοῦ
3176 4381 3217 4450 ξ’
3237 4381 3377 4453 βιόλ.
3404 4382 3663 4449 λέγουσιν

2075 4482 2139 4537 Ἡ
2168 4482 2307 4535 διάτ.
2339 4479 2502 4551 ὁμοία
2522 4483 2587 4551 τῇ
2626 4478 2672 4550 β’
2695 4478 2811 4532 ἐστι
2847 4478 2944 4531 καὶ
2975 4480 3041 4549 τῇ
3069 4473 3115 4546 γ’
3150 4477 3245 4529 καὶ
3282 4474 3453 4543 λέγει·
3477 4475 3564 4528 ὅτι
3602 4471 3667 4526 Ὅ

366 4575 552 4626 minus
593 4570 857 4641 ignorans
888 4568 1150 4623 delictum
1200 4569 1345 4623 servi
1392 4566 1643 4640 [judicio]
1690 4567 1929 4621 duntaxa

2060 4573 2325 4645 δεσπότης
2368 4572 2581 4642 ἀγνοῶν
2638 4572 2701 4624 τὸ
2754 4574 3004 4640 πταῖσμα
3044 4568 3138 4623 τοῦ
3180 4568 3395 4621 οἰκέτου
3424 4565 3665 4633 νοξαλια

368 4663 550 4719 noxali
590 4669 840 4716 teneatur
872 4677 887 4715 :
922 4675 1027 4715 non
1058 4661 1322 4730 ignorans
1347 4671 1556 4726 autem,
1580 4675 1680 4714 suo
1713 4660 1955 4715 nomine.

370 4754 700 4811 Universum
734 4768 865 4809 vero
900 4754 1316 4810 constitutionis
1355 4755 1445 4824 jus
1492 4753 1810 4824 hujusmodi
1850 4762 1958 4820 est,

370 4858 431 4903 nt
458 4850 502 4903 si
540 4848 751 4902 alienus
780 4862 975 4902 servus
1013 4846 1277 4915 rapuerit,
1314 4845 1458 4899 intra
1487 4860 1696 4899 annum
1728 4844 1964 4915 quadru-

370 4943 517 5012 plum
553 4938 652 5013 [vi]
684 4942 953 4994 bonorum
1006 4951 1290 5008 raptorum
1346 4939 1492 4992 actio
1539 4937 1723 5008 exigat
1773 4954 1786 4991 :
1838 4946 1966 5006 post

371 5049 578 5089 annum
618 5048 748 5086 vero
781 5031 1063 5101 simplum,
1102 5043 1212 5099 quo
1258 5029 1515 5084 dominus
1550 5045 1770 5084 servum
1809 5043 1967 5083 noxa:

372 5128 535 5180 dedat
574 5136 667 5180 aut
703 5128 819 5195 ipse
866 5126 920 5178 in
984 5124 1036 5178 id
1096 5132 1364 5193 quantum
1428 5124 1495 5177 ad
1541 5138 1666 5177 eum
1720 5122 1968 5194 pervenit

377 5227 650 5273 teneatur.
690 5218 758 5271 At
796 5217 843 5272 si
877 5217 1105 5270 conscio
1136 5212 1381 5287 [servus]
1410 5216 1612 5286 rapuit,
1641 5215 1707 5270 ad
1743 5216 1793 5269 id
1821 5214 1969 5285 quod

378 5312 665 5381 competit,
697 5311 743 5364 is
774 5309 1005 5364 omnino
1041 5309 1441 5378 obstringatur,
1486 5309 1537 5363 id
1573 5318 1677 5374 est,
1721 5309 1787 5363 ad
1827 5324 1968 5378 qna-

380 5405 639 5473 druplutn
679 5407 798 5456 δθιιι
828 5403 895 5456 ad
928 5400 1208 5471 simplum.
1245 5399 1401 5467 Quod
1448 5401 1494 5455 si
1543 5416 1769 5456 uxmem
1821 5412 1969 5455 tuam

384 5498 588 5567 rapuit,
615 5505 811 5550 contra
850 5497 1029 5564 ipsum
1067 5510 1289 5549 servum
1338 5495 1614 5565 publicam
1665 5497 1976 5551 accusatio-

387 5607 510 5644 nem
547 5590 823 5642 instituas.
850 5586 1041 5642 Const.
1085 5588 1119 5641 5
1161 5589 1245 5641 tit.
1296 5588 1364 5641 i5
1432 5589 1529 5643 lib.
1574 5605 1648 5643 vu
1708 5590 1833 5644 cod.
1893 5598 1979 5645 est

387 5698 508 5750 Cap.
541 5680 573 5734 ’5
605 5684 687 5733 ιιι.
750 5679 813 5733 l8
842 5680 933 5733 lib.
962 5694 1128 5733 xum
1162 5676 1353 5743 Basil.,
1392 5679 1538 5748 quod
1568 5680 1648 5735 sic
1673 5680 1876 5735 habet:
1918 5679 1977 5736 Si

393 5788 584 5826 servus
615 5781 832 5843 raptum
865 5770 1090 5839 virginis
1117 5771 1394 5837 detulerit,
1426 5780 1520 5826 aut
1553 5788 1648 5842 per
1677 5774 1977 5829 conniven-

2065 4666 2226 4739 μόνον
2256 4666 2574 4736 κατέχεται,
2612 4663 2771 4728 εἰδὼς
2805 4663 2862 4717 δὲ
2895 4663 3014 4734 ἰδίῳ
3045 4662 3294 4733 ὀνόματι.
3327 4660 3492 4714 Ὀλον
3523 4660 3582 4713 δὲ
3604 4657 3670 4712 τὸ

2062 4760 2160 4827 τῆς
2183 4759 2326 4814 διατ.
2359 4758 2593 4829 νόμιμον
2634 4755 2879 4811 τοιοῦτόν
2913 4758 3065 4809 ἐστιν
3093 4756 3176 4809 δτι
3202 4754 3297 4807 εὰν
3326 4754 3553 4824 οἰκέτης
3578 4754 3671 4808 ἀλ-

2063 4852 2277 4924 λότριος
2317 4852 2570 4924 ἁρπάσῃ,
2597 4850 2732 4905 εἵσω
2789 4851 2891 4923 μὲν
2939 4850 3192 4904 ἐνιαυτοῦ
3235 4850 3297 4903 τὸ
3318 4851 3672 4920 τετραπλοῦν

2066 4945 2223 5015 ζητεί
2255 4948 2288 5017 ἡ
2329 4947 2458 5017 περὶ
2482 4946 2741 5016 ἁρπαγῆς
2767 4946 3065 5017 χρημάτων
3087 4945 3301 5017 ἀγωγὴ,
3331 4948 3473 5015 μετὰ
3500 4947 3559 5001 δὲ
3581 4947 3676 5001 τὸν

2067 5036 2318 5090 ἐνιαυτὸν
2350 5038 2413 5090 τὸ
2443 5035 2672 5100 ἁπλοῦν,
2703 5037 2820 5108 ἤτοι
2877 5035 2966 5105 ἐφ’
3014 5028 3059 5104 ᾧ
3105 5035 3289 5089 δοῦναι
3324 5036 3417 5089 τὸν
3449 5037 3675 5109 οἰκέτην

2070 5128 2149 5191 εἰς
2174 5126 2356 5193 νόξαν,
2382 5127 2415 5198 ἢ
2456 5124 2786 5196 κατέχεσθαι
2811 5124 2901 5176 τὸν
2928 5123 3199 5195 δεσπότην
3229 5123 3422 5185 αὑτοῦ,
3462 5125 3561 5181 καὶ
3593 5126 3677 5187 εἰς

2073 5219 2361 5289 περιελθὸν
2391 5222 2471 5283 εἰς
2518 5220 2701 5273 αὐτόν.
2760 5217 2821 5271 Εἰ
2857 5217 2915 5270 δὲ
2944 5217 3250 5279 συνειδότος
3286 5216 3381 5269 τοῦ
3402 5216 3677 5271 δεσπότου

2072 5316 2323 5387 ἥρπασεν
2347 5315 2424 5377 εἰς
2452 5313 2514 5366 τὸ
2544 5312 2802 5383 διαφέρον
2822 5310 3071 5381 ἐνέχεται
3097 5312 3124 5363 ό
3145 5309 3413 5379 δεσπότης
3431 5310 3676 5375 πάντως,

2073 5408 2222 5461 τοῦτ’
2248 5410 2395 5461 ἐστιν
2427 5406 2507 5469 εἰς
2537 5405 2597 5459 τὸ
2627 5402 3041 5475 τετραπλοῦν,ἦ
3073 5402 3153 5466 εἰς
3184 5403 3245 5455 τὸ
3272 5402 3483 5458 ἁπλοῦν
3508 5405 3595 5458 ,Εἰ
3618 5405 3678 5459 δὲ

2076 5501 2177 5571 τὴν
2208 5501 2309 5570 σὴν
2342 5498 2592 5569 γαμετὴν
2646 5498 2888 5569 ἥρπασε,
2942 5495 3063 5550 κατ’
3100 5495 3267 5549 αὑτοῦ
3316 5495 3411 5549 τοῦ
3462 5498 3678 5551 οἰκέτου

2078 5592 2301 5661 κίνησον
2329 5589 2390 5642 τὸ
2416 5588 2677 5660 δημόσιον
2704 5587 2978 5657 ἔγκλημα.
3012 5585 3076 5638 Ἥ
3108 5592 3156 5655 γ’
3188 5586 3327 5640 διάτ.
3355 5586 3447 5639 τοῦ
3474 5586 3542 5655 ιγ’
3570 5589 3675 5645 τίτ.

2079 5684 2173 5739 τοῦ
2203 5683 2248 5748 ζ’
2281 5684 2424 5755 βιϐλ.
2460 5682 2554 5736 τοῦ
2604 5684 2839 5745 κώδικος
2877 5682 2993 5735 ἔστι
3041 5697 3169 5751 κεφ.
3204 5679 3252 5751 γ’
3308 5680 3403 5734 τοῦ
3459 5682 3528 5753 ιη’
3568 5682 3672 5736 τξτ.

2081 5776 2173 5831 τοῦ
2208 5783 2294 5847 μη’
2316 5775 2455 5846 βιϐλ.
2478 5775 2588 5830 τῶν
2616 5774 2946 5840 Βασιλικῶν,
2976 5772 3155 5837 οὕτως
3178 5775 3319 5845 ἕχον·
3342 5776 3468 5831 Ἐλν
3489 5777 3677 5841 δοῦλος
