3744 6218
113 237 249 303 1129

1072 239 1562 304 NOMOCANON.
1593 268 1663 280 —-
1699 242 1851 305 TIT.
1894 242 1999 318 IX,
2039 242 2201 305 CAP.
2242 244 2428 309 XXX.

3259 243 3394 313 1130

106 346 367 421 ἁρπαγὴν
395 347 668 420 παρθένου
708 348 1075 421 καταμηνύσῃ
1114 350 1402 423 ἐλεύθερος
1450 352 1679 421 γίνεται,

1884 369 1925 407 m
1954 369 2311 424 suppressum
2353 353 2620 426 arguerit,
2680 354 2820 411 liber
2846 354 2929 411 fit.
2976 352 3170 413 Const.
3204 357 3236 412 7
3262 360 3397 435 tit.9

108 440 138 509 ἢ
172 440 268 493 ἐὰν
294 438 391 511 τὴν
407 439 508 512 ἤδη
544 438 1007 512 συγχωρηθεῖσαν
1023 440 1370 514 άπελλέγξῃ.⁴
1390 443 1453 497 Ἦ
1479 441 1538 509 ξ’.
1561 444 1701 501 διατ.

108 532 200 585 106
225 530 293 588 θ’.
309 520 414 587 τίτ.
437 534 532 586 τοῦ
546 533 661 604 βιὸ.
690 535 783 588 τοῦ
800 533 1030 598 κώδικος
1051 534 1151 587 οὑκ
1168 534 1326 603 ὲτέθη
1350 538 1429 600 εἰς
1448 536 1517 590 τὰ
1542 538 1705 592 Βασι-

108 626 253 691 λικὰ,
270 626 392 680 οὐδὲ
412 628 439 679 ὁ
460 627 604 681 ι’τίτ.
620 628 714 681 τοῦ
732 626 897 680 αὑτοῦ
918 627 1051 698 βι6.,
1067 628 1188 681 οὐδὲ
1204 630 1230 682 ὁ
1249 636 1337 684 ια’.
1357 630 1419 682 Ἦ
1433 630 1491 683 δὲ
1504 630 1701 687 α’διάτ.

108 718 200 774 τοῦ
232 718 302 788 ιγ’
329 721 432 776 τίτ.
462 719 556 774 τοῦ
591 718 637 774 0'
659 720 800 792 βιϐλ.
830 721 923 775 106
949 720 1199 788 κώδικος,
1226 720 1343 775 ἐστι
1362 740 1489 792 κεφ.
1518 721 1566 777 α’
1592 724 1688 777 τοῦ

107 813 189 886 νη¹
216 816 325 869 τίτ.
355 815 451 869 τοῦ
485 813 528 882 ξ’
560 814 725 887 βι6λ.,
764 815 862 869 καὶ
886 815 1020 867 αὑτὸ
1054 813 1153 885 μὲν
1177 814 1531 887 κατεστρώθη
1577 819 1705 890 περὶ

106 907 166 960 τὸ
195 905 353 969 τέλος
402 905 504 958 106
535 904 617 958 κθ¹
644 923 771 975 κεφ.
824 904 920 958 τοῦ
965 905 1233 975 παρόντος
1276 904 1321 957 θ’
1346 906 1455 959 τίτ.
1481 907 1541 959 τὸ
1571 907 1627 960 δὲ
1655 897 1702 978 β’

109 997 247 1068 θέμα
276 996 472 1051 τούτου
498 998 650 1067 λέγει
672 997 867 1050 ταῦτα*
900 999 996 1050 ἐὰν
1018 994 1110 1051 οὖν
1148 1000 1206 1050 ὲν
1240 997 1379 1069 αὑτῇ
1419 1001 1484 1069 τῇ
1524 999 1703 1069 ἁρπα-

111 1094 181 1162 γῇ
243 1086 327 1155 εἷς
374 1093 439 1145 ὲκ
497 1090 706 1145 τούτων
758 1090 1085 1162 καταληφθῇ
1134 1090 1167 1160 ἦ
1235 1092 1391 1162 παρὰ
1442 1090 1553 1144 τῶν
1597 1108 1705 1146 πα-

108 1185 279 1256 τέρων
302 1182 411 1238 τῶν
434 1182 735 1252 γυναικῶν,
769 1183 812 1255 ἢ
828 1200 902 1235 πα
912 1184 979 1254 ρὰ
1000 1182 1108 1236 τῶν
1132 1182 1401 1252 ἀδελφῶν,
1422 1184 1455 1254 ἢ
1487 1185 1607 1236 ὲπιτ
1618 1184 1704 1254 ρόο

109 1294 242 1341 πων,
272 1277 305 1347 ἢ
342 1274 738 1347 κουρατώρων,
772 1275 805 1345 ἢ
838 1272 1164 1345 πατρώνων,
1195 1274 1521 1345 ἦδεσποτῶν
1548 1276 1702 1343 ἐλεγ-

108 1369 327 1441 χθέντες
378 1367 798 1439 φονευὲσθωσαν
849 1367 1153 1440 αὐτοχειρὶ,
1211 1368 1450 1437 μάλιστα
1478 1367 1572 1420 ἐὰν
1607 1369 1703 1421 καὶ

108 1479 241 1531 γεγα
249 1478 324 1533 μη
334 1461 473 1532 μένα
484 1478 510 1524 ς
524 1462 787 1530 γυναῖκας
806 1459 1177 1530 ἐπειράθησαν
1194 1461 1461 1531 ἁρπᾶσαι.
1477 1461 1550 1513 Τὸ
1568 1460 1703 1513 αὑτὸ

108 1556 162 1608 δὲ
185 1555 421 1626 λέγομεν
454 1556 550 1609 καὶ
583 1556 633 1607 εί
659 1553 911 1625 μνηστήν
938 1570 1021 1617 τις
1054 1554 1189 1606 ίδίαν
1234 1553 1506 1624 ἥρπασεν.
1540 1555 1601 1607 Et
1636 1553 1693 1608 δὲ

108 1647 410 1718 δυνηθῶσιν
444 1648 494 1701 οἱ
525 1646 758 1700 τοιοῦτοι
779 1645 1087 1715 διαφυγεῖν,
1119 1646 1217 1699 καὶ
1250 1646 1301 1699 οἱ
1328 1648 1387 1700 ὲν
1408 1648 1703 1701 Κωνσταν.

109 1742 439 1808 τινουπόλει,
465 1741 560 1794 καὶ
588 1741 637 1794 οί
670 1742 728 1793 ὲν
754 1740 905 1811 πάσῃ
932 1740 1085 1812 χώρᾳ
1115 1739 1381 1812 ἄρχοντες
1406 1741 1501 1793 καὶ
1524 1758 1697 1813 στρα-
1734 1719 1775 1778 Β

110 1834 368 1903 τηλάταις
433 1833 825 1888 ὲκδικείτωσαν
879 1833 943 1885 τὸ
984 1834 1300 1903 γενόμενον.
1360 1833 1699 1903 Κατέχοντες

110 1927 303 1989 αὐτοὺς
334 1926 431 1980 καὶ
461 1924 868 1997 τιμωρούμενοι
896 1924 995 1978 καὶ
1037 1923 1112 1995 μὴ
1145 1923 1560 1995 συγχωροῦντες
1614 1925 1707 1977 αύ-

111 2021 217 2082 τνρῖς
242 2018 649 2073 ἐκκαλέσασθαι
670 2034 682 2048 ·
707 2018 802 2071 καὶ
824 2018 873 2071 εί
911 2017 1009 2089 μὲν
1049 2015 1235 2070 δοὺλαί
1260 2017 1399 2069 εἰσιν
1425 2018 1479 2070 αἱ
1520 2017 1702 2087 ἁρπα-

112 2114 341 2184 γεῖσαιῆ
376 2110 767 2183 ἀπελεύθεραι,
801 2112 849 2164 οἱ
883 2111 1231 2181 ἁρπάσαντες
1265 2109 1702 2173 ὑποκείσθωσαν,

112 2205 235 2259 εἰδὲ
259 2206 356 2260 καὶ
432 2206 675 2273 εὐγενεῖς
731 2200 893 2275 ἦσαν,
936 2203 1004 2256 τὰ
1031 2202 1342 2272 πράγματα
1378 2200 1490 2255 τῶν
1526 2203 1706 2272 ἁρπα-

116 2299 337 2363 σάντων,
372 2297 473 2351 καὶ
502 2296 613 2351 τῶν
667 2294 1009 2369 βοηθούντων
1052 2297 1110 2347 ὲν
1136 2295 1347 2358 αὐτοῖς,
1377 2294 1478 2365 τῆς
1506 2293 1703 2346 δεσπο-

112 2390 255 2454 τείας
282 2391 471 2444 αύτῶν
501 2388 843 2460 γινέσθωσαν
868 2387 1097 2459 προνοίᾳ
1122 2386 1230 2439 τῶν
1264 2386 1570 2457 ἀρχόντων,
1611 2386 1707 2440 καὶ

114 2481 214 2534 τῶν
240 2480 446 2549 γονέων
477 2482 558 2543 είς
592 2481 818 2551 προῖκα,
867 2478 900 2550 ἢ
934 2478 1032 2532 ἐὰν
1063 2478 1139 2549 μὴ
1181 2476 1487 2547 βουληθῶσι
1525 2478 1708 2547 γαμῆ-

116 2591 198 2627 σαι
224 2574 480 2645 κατέχειν
525 2571 699 2625 ταῦτα
733 2572 800 2626 τὰ
832 2574 1156 2643 πράγματα.
1188 2570 1280 2641 Μὴ
1322 2569 1525 2634 ἐξέστω
1554 2570 1609 2623 δὲ
1639 2573 1707 2642 τῇ

115 2668 324 2731 γυναικὶ
352 2665 519 2720 αὑτὸν
541 2666 633 2719 τὸν
653 2666 983 2736 ἁρπάσαντα
1001 2664 1170 2734 ἄνδρα
1186 2663 1387 2731 λέγειν,
1418 2662 1551 2734 μηδὲ
1577 2662 1706 2725 τοὺς

121 2759 291 2824 γονεῖς
349 2754 523 2809 αὑτοῦ
571 2755 733 2808 τοῦτο
779 2755 917 2825 αὐτῇ
957 2753 1225 2809 κελεύειν.
1256 2753 1322 2805 Al
1353 2753 1409 2805 δὲ
1436 2752 1702 2824 τιμωρίαι

115 2849 205 2918 τῆς
222 2848 359 2904 διάτ.
388 2850 566 2901 πᾶσαι
586 2846 828 2899 ἔστωσαν
850 2844 970 2899 κατ’
994 2845 1175 2898 αὑτῶν
1197 2844 1304 2897 τῶν
1322 2845 1707 2916 ἁρπασάντων,

119 2943 209 2995 καὶ
256 2941 644 3013 βοηθησάντων
675 2940 860 3003 αὐτοῖς
887 2941 944 2992 ὲν
987 2942 1056 3010 τῇ
1089 2939 1338 3008 όιριτταγῇ⁸
1389 2939 1440 2990 οί
1500 2939 1599 3008 μέν
1627 2955 1711 2990 τοι

118 3035 413 3099 συνειδότες
436 3034 533 3087 καὶ
562 3034 1031 3103 ὑπηρετήσαντες,
1060 3033 1154 3086 καὶ
1194 3034 1243 3085 ot
1280 3030 1692 3103 ὑποδεξάμενοι,

115 3127 204 3179 καὶ
248 3126 564 3196 οίανδήτινα
614 3123 851 3194 σπουδὴν
898 3124 1083 3188 αὐτοῖς
1153 3124 1572 3192 συνενεγκόντες
1631 3127 1699 3196 τῇ

117 3220 373 3294 εἰρημένῃ
397 3217 646 3289 τιμωρίᾳ
665 3216 1103 3282 ὑποκείσθωσαν,
1118 3218 1226 3269 εῐτε
1243 3215 1583 3288 βουλομένων
1594 3216 1702 3270 τῶν

117 3312 414 3379 γυναικῦν,
467 3313 578 3364 εἴτε
632 3310 709 3382 μὴ
750 3310 1093 3382 βουλομένων
1126 3311 1429 3381 ήςὰρπαγὴ
1460 3311 1699 3380 γέγονεν.

118 3403 218 3456 Καὶ
245 3404 292 3455 οί
325 3403 510 3472 γονεῖς
542 3401 602 3453 δὲ
642 3400 742 3469 τῆς
790 3397 1050 3467 γυναικὸς
1106 3397 1212 3450 κᾶν
1268 3398 1702 3467 ἀνεξικακήσωσι

117 3495 639 3567 περιοριζέσθωσαν.
676 3492 740 3546 Εί
802 3490 859 3543 δὲ
920 3490 1016 3544 καὶ⁵
1054 3488 1240 3553 δοῦλος
1288 3488 1486 3561 εὑρεθῇ
1524 3491 1583 3542 ὲν
1624 3488 1702 3559 τῷ

119 3592 424 3659 πράγματι,
447 3585 711 3653 καιέσθω,
736 3582 927 3636 πασῶν
951 3583 1059 3635 τῶν
1079 3582 1251 3637 ἄλλων
1273 3581 1553 3653 τιμωριῶν
1576 3598 1703 3651 σχο-

119 3678 411 3743 λαζουσῶν.

187 3828 494 3898 Κείμενον.
546 3823 661 3878 Καὶ
698 3820 840 3893 βιϐλ.
869 3818 976 3892 μζ.
999 3820 1101 3873 τίτ.
1128 3819 1195 3891 β’,
1228 3818 1372 3873 διάτ.
1408 3819 1508 3887 λθ¹,
1542 3822 1568 3874 ὁ
1591 3819 1707 3873 δού-

122 3918 213 3990 λην
245 3918 557 3991 ἀλλοτρίαν,
584 3933 642 3969 κ.
673 3932 724 3968 1.
753 3914 830 3980 λ.,
859 3927 1029 3983 usque
1060 3912 1128 3966 ad
1159 3914 1207 3964 εί
1256 3912 1366 3983 γὶιρ
1403 3912 1699 3983 συνῄνεσαν

123 4013 258 4086 ἡμὴ
288 4013 533 4084 περίεισι
598 4008 921 4079 φισκοῦνται
956 4006 1024 4059 τὰ
1083 4004 1311 4059 τοιαῦτα
1380 4007 1703 4077 πράγματα.

189 4151 468 4221 Σχόλιον.
506 4145 581 4200 Τὸ
633 4144 711 4198 λθ¹
756 4143 899 4198 διάτ.
926 4143 1021 4196 τοῦ
1063 4143 1108 4213 β’
1136 4143 1241 4196 τίτ.
1283 4142 1376 4195 106
1413 4140 1500 4213 μζ¹
1538 4142 1705 4213 etsi”

125 4242 231 4296 ἔστι
255 4260 378 4312 κεφ.
412 4239 493 4293 λθ’
527 4238 621 4293 τοῦ
646 4235 710 4309 ιβ’
741 4237 846 4291 τίτ.
879 4235 975 4289 τοῦ
1021 4233 1062 4301 ξ’
1102 4234 1243 4306 βιϐλ.
1286 4235 1459 4298 οὕτως
1489 4234 1610 4304 ἕχον
1632 4235 1704 4298 ὡς

128 4333 458 4403 συνωψίσθη.
492 4330 734 4384 Γίνωσκε
795 4330 851 4382 δὲ
891 4330 973 4381 ὅτι
1020 4328 1047 4379 ὁ
1074 4326 1313 4390 τοιοῦτος
1348 4325 1451 4377 κᾶν
1507 4326 1581 4397 μὴ
1621 4326 1709 4377 ὲν-

1807 445 1902 500 lib.
1934 462 1988 500 rx
2031 445 2169 501 (10d.
2198 460 2305 500 non
2334 454 2418 503 est
2450 446 2627 517 posita
2678 446 2733 501 in
2768 444 2933 502 Basil.
2963 445 3148 519 Neque
3184 447 3393 524 [etiam]

1806 537 1890 591 tit.
1948 535 2017 591 10
2055 535 2301 604 ejusdem
2358 537 2455 592 lib.
2508 552 2687 608 neque
2748 536 2837 594 11.
2872 536 3063 594 Const.
3114 542 3139 594 1
3198 540 3280 595 tit.
3328 543 3396 596 15

1806 630 1900 685 lib.
1965 646 2017 684 rx
2068 629 2207 685 Cod.
2256 640 2343 686 est
2395 646 2517 702 cap.
2572 632 2596 685 1
2656 631 2740 686 tit.
2803 630 2876 688 58
2923 633 3023 689 lib.
3074 649 3166 700 ιιι,
3231 644 3394 707 atque

1808 723 1985 792 ipsum
2012 724 2234 794 quidem
2302 724 2571 780 insertum
2628 733 2714 781 est
2752 723 2823 779 29
2863 740 2983 797 cap.
3030 728 3313 795 praesentis
3358 728 3394 783 9

1809 815 1887 868 tit.
1944 816 2094 870 circa
2140 814 2304 869 ﬁnem
2350 832 2363 868 :
2411 816 2532 885 ejus
2565 824 2749 871 autem
2777 816 2811 869 2
2842 817 3024 873 thema
3057 818 3175 875 haec
3212 822 3343 875 dicit
3375 840 3388 877 :

1808 902 1866 958 Si
1897 907 2082 977 itaque
2112 923 2179 961 ex
2213 907 2299 961 his
2333 907 2607 977 quispiam
2635 920 2730 963 aut
2762 924 2791 963 a
2830 909 3124 965 mulierum
3155 913 3395 982 parenti-

1806 999 1931 1064 bus,
1961 1010 2054 1055 aut
2098 999 2389 1066 fratribus,
2422 1010 2518 1056 aut
2546 1003 2843 1069 tutoribus,
2880 1013 2977 1059 aut
3017 1007 3391 1075 curatoribus,

1810 1104 1906 1146 aut
1966 1095 2233 1163 patronis,
2286 1103 2382 1149 aut
2434 1094 2672 1149 dominis
2721 1095 2775 1149 in
2831 1096 2951 1167 ipso
3005 1108 3166 1168 raptu
3228 1098 3394 1155 fuerit

1807 1185 2281 1253 comprehensus:
2309 1185 2598 1241 convictus
2639 1187 2881 1256 propriis
2921 1187 3167 1259 ipsorum
3210 1191 3395 1245 mani-

1809 1276 1911 1332 bus
1941 1277 2261 1333 interﬁeitor
2281 1296 2293 1331 :
2313 1280 2615 1348 praesertim
2647 1276 2826 1350 [vero]
2848 1280 2893 1336 si
2921 1280 3177 1337 mulieres
3198 1289 3398 1353 nuptas

1806 1384 2000 1439 rapere
2033 1370 2214 1425 conati
2262 1370 2485 1425 fuerint.
2521 1375 2703 1443 Atque
2754 1372 2862 1429 hoc
2909 1374 3091 1443 ipsum
3139 1374 3397 1441 dicimus,

1806 1459 1854 1514 si
1889 1460 2012 1529 quis
2044 1460 2237 1531 saltem
2275 1476 2538 1530 sponsam
2570 1479 2726 1519 suam
2758 1467 3023 1536 rapuerit.
3050 1466 3155 1524 Sed
3188 1469 3233 1526 si
3263 1470 3400 1527 tales

1805 1551 2044 1623 effugere
2090 1555 2368 1623 potuerint
2401 1573 2414 1609 :
2451 1563 2505 1609 et
2549 1555 3026 1631 Constantinopoli
3066 1569 3122 1617 et
3164 1562 3399 1618 ubicun-

1807 1659 1915 1714 que
1952 1654 2225 1702 terrarum
2275 1651 2631 1722 magistratus
2670 1661 2837 1721 atque
2870 1654 3119 1724 magistri
3158 1655 3397 1711 militum

1806 1756 1925 1796 eam
1986 1759 2101 1799 rem
2164 1746 2499 1812 vindieanto,
2544 1749 2776 1821 ipsoque
2825 1752 3255 1822 comprehensos
3298 1769 3404 1824 pu-

1807 1835 2024 1902 niunto,
2051 1852 2353 1905 provocare
2381 1839 2517 1909 ipsis
2551 1856 2659 1895 non
2692 1843 3077 1898 concedentes.
3101 1842 3168 1898 Et
3197 1845 3243 1900 si
3276 1846 3400 1914 qui-

1806 1927 1927 1982 dem
1984 1927 2288 2003 [mulieres]
2333 1943 2503 2003 raptae
2555 1934 2769 1990 ancillae
2812 1936 2898 1991 vel
2945 1937 3213 1993 libertinae
3265 1938 3398 2007 sint,

1807 2026 2059 2086 raptores
2094 2020 2285 2090 utique
2318 2019 2638 2096 [supplicio]
2685 2026 2906 2080 obnoxii
2949 2036 3150 2093 sunto;
3184 2021 3238 2082 sf
3269 2043 3401 2083 vero

1807 2108 2081 2179 ingenuae,
2114 2127 2201 2167 res
2232 2127 2541 2184 raptorum,
2569 2133 2872 2188 eorumque
2896 2118 2989 2188 qui
3018 2120 3098 2175 eis
3130 2120 3401 2175 auxilium

1808 2204 2165 2277 prtebuerint,
2221 2205 2465 2277 ipsarum
2528 2210 2773 2264 dominio
2824 2210 3063 2266 cedunto
3112 2227 3127 2263 :
3188 2210 3399 2283 [idque]

1810 2294 2151 2363 providentia
2182 2296 2413 2352 divitum
2438 2298 2685 2369 judicum
2713 2309 2880 2369 atque
2915 2310 3204 2371 parentum
3241 2321 3254 2357 :
3291 2301 3397 2375 [ut]

1811 2383 1915 2438 illa:
1947 2400 2035 2441 res
2070 2386 2124 2440 in
2155 2387 2335 2442 dotem
2378 2387 2536 2461 [ipsis
2582 2391 2898 2461 procedant,
2930 2390 3047 2463 aut]
3096 2394 3140 2447 si
3187 2394 3402 2449 nubere

1810 2476 2005 2541 nolint,
2031 2474 2214 2548 [pleno
2234 2478 2359 2549 jure
2390 2480 2460 2534 ab
2486 2480 2645 2553 ipsis]
2673 2482 3078 2551 possideantur.
3106 2482 3177 2537 Ut
3216 2494 3396 2539 autem

1810 2569 2010 2623 mulier
2058 2570 2236 2639 ipsum
2288 2582 2562 2643 raptorem
2618 2574 2671 2627 in
2725 2575 2980 2629 maritum
3035 2574 3255 2647 deligat,
3306 2590 3402 2635 aut

1810 2671 2069 2729 parentes
2095 2660 2213 2732 ejus
2259 2661 2310 2717 id
2357 2664 2456 2733 ipsi
2503 2664 2754 2735 jubeant,
2800 2665 3052 2721 illicitum
3104 2679 3242 2725 esto.
3290 2667 3404 2723 [la-

1810 2754 2061 2823 ptoribus
2114 2770 2303 2825 porro,
2361 2765 2415 2812 et
2466 2758 2559 2834 qui
2620 2759 2674 2813 in
2725 2769 2883 2830 raptu
2941 2760 3205 2817 auxilium
3266 2763 3403 2834 ipsis

1812 2844 2186 2913 praebuerunt,
2247 2833 2905 2907 ornnes'constitutionis
2956 2868 3134 2924 ptenae
3185 2833 3406 2911 incumé

1812 2937 1987 2990 bunto
2036 2957 2049 2992 :
2096 2938 2306 2995 conscii
2358 2950 2539 2996 autem
2593 2951 2648 2996 et
2701 2942 2968 3010 ministri,
3016 2946 3221 3016 quique
3274 2948 3399 3002 illos

1812 3040 2203 3101 susceperunt,
2268 3040 2363 3087 aut
2419 3048 2807 3106 quamcunque
2869 3052 3028 3108 opem
3078 3038 3403 3107 attulerunt,

1814 3120 2016 3194 [prius]
2046 3122 2206 3177 dietze
2236 3138 2432 3193 pte-nae,
2464 3127 2581 3181 sive
2600 3128 2909 3184 volentibus
2941 3128 3263 3187 mulieribus
3293 3132 3407 3185 sive

1807 3212 2129 3269 nolentibus
2154 3224 2342 3284 raptus
2367 3215 2542 3272 factus
2583 3218 2675 3285 sit,
2712 3218 3057 3289 subjaeento.
3089 3220 3401 3286 Quinetiam

1807 3306 2056 3362 mulieris
2094 3320 2370 3377 parentes,
2430 3311 2474 3366 si
2524 3309 2785 3384 [raptum]
2830 3314 3103 3383 patienter
3146 3314 3409 3380 tulerint,

1805 3397 2175 3467 deportantor.
2228 3401 2284 3456 Si
2343 3417 2470 3458 vero
2508 3418 2701 3459 servus
2737 3405 2995 3459 etiam-in
3027 3421 3090 3462 ea
3125 3422 3181 3461 re
3213 3407 3409 3479 deprc-

1806 3490 2098 3560 hendatur,
2156 3495 2251 3568 [is]
2312 3498 2569 3552 omnibus
2631 3498 2753 3554 aliis
2819 3502 2997 3569 ptenis
3063 3503 3405 3559 cessantibus

1806 3598 2212 3644 concremator.

1884 3814 2105 3869 Texms.
2165 3814 2233 3875 Et
2281 3816 2377 3870 lib.
2435 3816 2525 3882 47,
2586 3818 2669 3871 tit.
2723 3817 2788 3884 2,
2846 3820 3043 3890 digest.
3106 3820 3175 3875 59
3231 3838 3243 3874 :
3301 3821 3404 3889 Qui

1816 3911 2182 3977 meretricem,
2235 3921 2369 3976 etc.,
2428 3928 2591 3981 usque
2646 3912 2714 3965 ad
2776 3914 3062 3969 confiseari
3130 3916 3282 3979 dicit,
3349 3927 3408 3969 ut

1808 4003 2090 4073 pag.790.

1884 4139 2173 4194 Scholium.
2243 4138 2447 4209 Digest.
2502 4139 2571 4193 59
2620 4138 2767 4193 tit.2
2800 4137 2895 4192 lib.
2956 4155 3101 4195 Iun
3151 4150 3236 4195 est
3282 4156 3405 4212 cap.

1813 4234 1881 4287 59
1915 4235 1998 4288 tit.
2027 4233 2095 4286 12
2138 4231 2231 4286 lib.
2282 4247 2372 4293 ιι,
2414 4230 2582 4302 [quod
2614 4231 2848 4303 habet],
2882 4240 2941 4286 ut
2993 4233 3045 4287 iu
3074 4236 3406 4303 compendio

1814 4324 2157 4396 propositum
2223 4331 2323 4375 est.
2371 4322 2523 4376 Scias
2570 4331 2773 4387 tamen,
2818 4325 2963 4394 quod
3014 4328 3227 4381 tametsi
3285 4328 3409 4385 talis

128 4430 307 4499 ἐχηται
331 4428 408 4491 ὡς
440 4426 683 4495 κλέπτης
728 4424 761 4493 ἢ
794 4422 868 4486 ὡς
929 4420 1382 4492 ἀνδραποδιστὴς,
1412 4420 1547 4472 ἀλλὰ
1567 4437 1704 4490 χρη-

1918 4419 2005 4472 l‘nr
2045 4428 2138 4471 aut
2176 4416 2473 4487 plagiarius
2501 4430 2610 4469 non
2644 4426 2896 4470 teneatur
2926 4436 2939 4471 :
2972 4420 3289 4488 pecuniarie
3330 4432 3411 4476 ta—

130 4522 362 4591 ματικῶς
395 4522 726 4591 τιμωρεῖται
753 4514 903 4586 παρὰ
932 4514 1026 4568 τοῦ
1050 4515 1332 4586 ἄρχοντος,
1363 4513 1456 4566 καὶ
1489 4530 1702 4583 σωφρο-

127 4614 348 4679 νίζεται.
456 4612 568 4666 Καὶ
648 4610 803 4681 ζήτει
887 4607 1027 4678 θέμα
1120 4607 1528 4679 παρατέλευτον
1601 4604 1700 4659 τοῦ

136 4705 206 4770 λζ’
249 4708 355 4761 τίτ.
404 4703 500 4759 106
541 4703 706 4757 αὑτοῦ
761 4699 801 4766 ξ’
845 4700 987 4771 βιὸλ.
1030 4699 1187 4768 λέγον
1233 4700 1362 4771 περὶ
1426 4699 1484 4752 τὸ
1530 4699 1703 4764 τέλος,

137 4798 193 4851 Ὀ
228 4799 284 4853 δὲ
316 4802 394 4862 εἰς
447 4795 735 4867 ἀλλοτρίαν
785 4794 977 4865 δούλην
1007 4792 1287 4864 πορνεύων
1319 4793 1428 4846 τῶν
1488 4793 1588 4864 μὲν
1617 4792 1707 4845 εὑο

126 4892 305 4963 πόρων
334 4894 621 4963 ὑπάρχων,
647 4888 938 4961 παρεχέτω
970 4888 1108 4959 ὑπὲρ
1139 4886 1234 4940 τοῦ
1256 4886 1598 4957 πταίσματος
1630 4886 1708 4956 τῷ

128 4984 352 5056 δεσπότῃ
404 4988 504 5057 τῆς
532 4982 729 5052 δούλης
762 4980 1075 5050 νομίσματα
1127 4980 1238 5044 λς’.
1296 4979 1439 5032 Είδὲ
1485 4978 1708 5051 εὐτελὴς

130 5074 235 5143 εἴη,
256 5076 565 5140 τυπτέσθω,
598 5072 694 5126 καὶ
727 5072 851 5125 καθ’
894 5072 1016 5124 ὅσον
1071 5073 1295 5143 εὐπορεῖ
1347 5074 1488 5126 κατὰ
1518 5072 1711 5125 ἀναλο-

133 5168 251 5236 γίαν
271 5170 378 5222 τῶν
402 5170 489 5235 λς’
526 5167 882 5239 νομισμάτων
902 5167 1111 5221 διδότω.
1161 5168 1235 5219 Τὸ
1269 5166 1350 5220 κὺ¹
1370 5166 1510 5221 διάτ.
1548 5166 1643 5220 106
1670 5173 1709 5218 ε’

132 5260 232 5324 τίτ,
264 5262 355 5314 106
385 5268 475 5332 μη’
496 5260 667 5331 βιϐλ.,
691 5259 807 5311 ἔστι
838 5258 983 5328 θέμα
1011 5259 1321 5311 τελευταῖον
1351 5256 1443 5312 τοῦ
1476 5258 1557 5311 κθ¹
1583 5275 1708 5327 κειρ.

132 5353 221 5407 τοῦ
248 5355 321 5421 λζ’
346 5356 449 5409 τίτ.
481 5355 579 5409 106
614 5354 654 5419 ξ’
684 5353 827 5424 βιϐλ.
854 5350 1029 5416 οὕτως
1078 5352 1201 5422 ἕχον
1264 5352 1337 5415 ῶς
1368 5352 1606 5423 ἐγράφη.
1637 5353 1711 5404 Τὸ

134 5446 186 5499 δὲ
212 5454 248 5500 ε’
273 5448 409 5503 διάτ.
433 5448 524 5502 τοῦ
558 5456 612 5511 ς’
672 5448 778 5504 τίτ.
809 5446 901 5500 106
949 5453 1039 5517 μη’
1100 5446 1242 5517 βιὸλ.
1281 5444 1392 5500 τῶν
1432 5447 1573 5500 διατ.
1597 5446 1713 5499 ἐστι

139 5539 272 5605 θὲμα
310 5540 351 5612 β’
376 5543 467 5595 106
492 5540 535 5594 ε’
595 5560 722 5610 κεφ.
772 5539 867 5594 106
902 5547 971 5611 ιη’
1018 5540 1125 5596 τίτ.
1165 5538 1261 5592 106
1290 5539 1332 5606 ξ’
1361 5539 1502 5610 βι6λ.
1537 5540 1710 5603 οὕτως

138 5632 251 5700 ἔχον
274 5633 349 5697 ὡς
383 5636 618 5708 ἐγράφη.
646 5634 713 5687 Ἦ
738 5640 787 5688 α’
816 5633 957 5688 διάτ.
986 5633 1078 5687 τοῦ
1107 5631 1156 5685 α’
1184 5632 1288 5687 τίτ.
1324 5632 1434 5687 τῶν
1462 5633 1712 5707 Νεαρῶν,

150 5723 257 5779 ἔστι
298 5743 423 5797 κεφ.
465 5728 531 5799 ιβ’
568 5729 665 5797 τῆς
698 5726 773 5793 ς’.
802 5728 1005 5798 νεαρᾶς
1030 5725 1123 5780 τοῦ
1170 5725 1566 5795 Ἰουστινιανοῦ,
1616 5730 1715 5782 οὐκ

384 5821 656 5883 PATROL.
697 5825 812 5884 Cn.
850 5824 979 5886 (ΞΝ

1816 4526 2001 4567 mena
2053 4510 2378 4580 magistratu
2408 4507 2673 4577 puniatur
2720 4517 2777 4562 et
2820 4511 3136 4580 castigetur.
3180 4512 3407 4579 Quaeras

1811 4604 1975 4658 etiam
2012 4603 2189 4655 thema
2216 4599 2465 4653 ultimum
2499 4599 2581 4653 tit.
2629 4598 2695 4652 37
2729 4598 2823 4654 lib.
2869 4615 2963 4663 1.x,
2995 4603 3139 4671 quod
3167 4604 3310 4657 circa
3343 4604 3407 4657 li-

1812 4709 1937 4748 nem
1990 4692 2125 4747 dicit
2152 4710 2165 4745 :
2191 4689 2294 4757 Qui
2336 4690 2573 4744 alienam
2622 4690 2876 4745 ancillam
2916 4702 3151 4761 stuprat,
3184 4692 3230 4747 si
3257 4694 3408 4747 dives

1811 4797 1918 4853 est,
1955 4802 2054 4858 pro
2112 4785 2312 4839 delicto
2356 4769 2554 4838 aureos
2598 4783 2821 4854 triginta
2864 4799 2955 4839 sex
2992 4786 3202 4840 ancillae
3226 4786 3403 4839 domi-

1814 4897 1887 4935 no
1920 4880 2198 4952 praebeto:
2238 4878 2283 4933 si
2322 4893 2451 4932 vero
2495 4877 2644 4945 vilis,
2674 4877 3012 4949 verberator,
3056 4885 3109 4931 et
3135 4889 3405 4945 quatenus

1814 4972 1995 5027 facere
2025 4977 2225 5041 potest,
2265 4970 2486 5039 triginta
2524 4983 2620 5023 sex
2657 4982 2854 5022 aureos
2886 4968 3032 5021 dato.
3072 4968 3275 5035 Digest.
3309 4968 3402 5033 29,

1814 5054 2240 5120 tit.'5lib.xr.vnt
2278 5077 2359 5117 εει
2404 5062 2584 5115 thema
2608 5060 2705 5116 ult.
2752 5076 2871 5131 cap.
2911 5059 2980 5113 29
3004 5059 3085 5115 tit.
3110 5059 3401 5127 37lib.r.x,

1814 5158 1961 5231 quod
2003 5156 2075 5211 ita
2114 5156 2298 5222 habet,
2330 5163 2389 5209 ut
2425 5153 2688 5222 scriptum
2724 5162 2826 5207 est.
2877 5150 2992 5219 Dig.
3028 5152 3061 5207 5
3098 5153 3178 5207 tit.
3226 5152 3259 5206 6
3307 5154 3402 5209 lib.

1816 5249 2584 5324 xwmDig.estthema2cap.
2627 5248 2660 5302 5
2691 5247 2773 5300 tit.
2817 5246 2993 5299 lSlib.
3030 5248 3405 5315 Lx,quodha-

1815 5346 2224 5417 bet,quom0d0
2263 5343 2527 5413 scriptum
2553 5348 2656 5394 est.
2679 5339 2913 5393 Constit.
2950 5338 3079 5393 ltit.
3116 5337 3407 5395 lNovella-

1816 5459 1937 5497 rum
1953 5450 2037 5496 est
2054 5456 2173 5509 cap.
2196 5439 2264 5493 l2
2282 5437 2506 5491 novella:
2520 5432 2813 5489 Justiniani
2842 5429 2894 5496 6,
2911 5432 3003 5487 sed
3024 5443 3233 5489 nonest
3257 5435 3407 5505 posi-

1820 5547 1872 5593 ta
1897 5538 1951 5591 in
1973 5536 2139 5589 Basil.
2163 5532 2384 5589 Novella
2411 5530 2497 5595 17,
2518 5542 2639 5597 quae
2672 5526 2738 5580 de
2763 5525 3033 5581 mandatis
3060 5526 3306 5592 disserit,
3328 5537 3413 5584 est

1818 5649 1939 5702 cap.
1957 5630 2022 5683 21
2045 5630 2123 5683 tit.
2147 5629 2178 5681 5
2194 5626 2289 5680 lib.
2308 5640 2357 5678 τι
2395 5621 2541 5675 Basil
2573 5662 2587 5685 ,
2605 5620 2746 5687 quod
2788 5619 2902 5671 hate
2918 5619 2982 5671 ad
3002 5619 3225 5672 verbum
3246 5620 3409 5674 dicit;

1820 5728 2091 5785 Cancrum
2125 5717 2516 5786 homicidis,_ct
2536 5710 2818 5779 adulteris,
2844 5720 2897 5765 et
2914 5719 3125 5780 raptum
3150 5712 3417 5783 virginum

2975 5805 3052 5865 36
