3916 6244
331 305 465 373 1131

1398 309 1404 316 ’
1512 306 1777 367 ΡΗΟΤΙΙ
1820 304 2324 366 ΡΑΤΒΙΛΒΟΠΑΞ
2363 303 2471 364 CP.

3479 296 3617 363 1132

326 422 796 478 committentihus
825 420 965 474 intra
1000 416 1231 491 [sacros]
1269 420 1533 474 terminos
1574 420 1899 474 secui-itazeu

2029 416 2189 485 ἐτέθη
2218 416 2273 468 δὲ
2298 419 2379 479 εἰς
2400 416 2468 468 τά
2495 412 2781 468 Βασιλικά.
2830 410 2894 465 Ἦ
2942 412 3071 483 περὶ
3126 411 3418 482 μανδάτων
3441 414 3619 466 δια.λῖ

340 531 448 569 non
466 514 710 570 servabis
743 532 756 567 :
784 513 877 568 sed
905 511 1029 567 inde
1054 528 1148 567 eos
1181 513 1489 576 ahstralies,
1515 521 1568 567 et
1594 511 1922 581 supplicium

342 609 459 663 illis
481 606 765 675 irrogabis.
786 604 971 674 Neque
983 605 1125 659 enim
1142 605 1226 659 his
1247 604 1339 674 qui
1354 604 1419 658 ad
1440 606 1583 659 hunc
1600 605 1924 675 delinquunt

338 699 589 754 modum:
610 699 703 753 sed
722 698 957 761 caeteris,
974 697 1120 752 neab
1137 696 1559 767 improbioribus
1575 696 1698 749 talia
1719 696 1923 765 patian-

326 802 381 847 tu
393 810 435 855 r,
455 791 709 845 convenit
725 803 964 860 parcere.
980 786 1285 844 Praesertim
1304 787 1457 860 [vero
1472 786 1619 858 cum]
1636 801 1916 851 sacrorum

339 880 633 955 [lucorum]
669 881 989 936 immunitas
1020 896 1050 934 a
1078 880 1193 951 lege
1226 895 1330 934 non
1378 878 1787 948 injuriautibus,
1816 878 1913 933 sed

328 977 538 1031 affectis
573 976 772 1045 injuria
795 988 1057 1029 concessa
1096 974 1187 1027 sit.
1218 975 1395 1043 Atque
1417 970 1600 1045 [adeo]
1630 987 1699 1025 ne
1740 970 1918 1040 possi-

328 1068 433 1123 bile
486 1066 753 1140 [quidem]
786 1068 878 1131 sil,
917 1075 977 1121 ut
1006 1076 1255 1136 uterque,
1286 1077 1393 1120 tam
1422 1067 1517 1136 qui
1550 1065 1805 1135 injuriam
1834 1064 1915 1118 fa-

324 1159 420 1223 cit,
457 1173 622 1228 quam
673 1158 768 1227 qui
816 1158 1042 1226 patitur,
1072 1156 1157 1228 [ex
1205 1156 1388 1229 aequo]
1430 1158 1483 1211 in
1532 1165 1915 1212 saerosaucto~

314 1269 443 1307 rrum
494 1252 738 1307 locorum
808 1252 1149 1305 immunitate
1192 1260 1527 1319 protegatur.
1579 1249 1813 1305 Coustit.
1878 1249 1913 1303 2

320 1344 566 1416 ejusdem
596 1343 681 1397 tit.
714 1339 1085 1406 Novellarum,
1116 1350 1199 1397 est
1223 1342 1435 1396 novella
1456 1340 1751 1397 Justiuiani
1785 1341 1907 1407 125,

320 1434 527 1510 [atque]
562 1436 739 1507 posita
776 1437 829 1490 in
859 1435 971 1489 lib.-
994 1452 1046 1489 ιν
1095 1433 1286 1500 Basil.,
1318 1436 1400 1489 tit.
1434 1451 1474 1500 ι,
1516 1450 1636 1504 cap.
1676 1434 1761 1499 I2,
1798 1435 1910 1490 haec

318 1532 452 1585 dicit
484 1548 498 1585 :
526 1528 583 1583 Si
607 1529 732 1599 quis
761 1527 1097 1599 [ascetriam]
1143 1528 1405 1596 rapuerit,
1448 1536 1580 1591 etc.,
1608 1537 1665 1581 ut
1702 1528 1906 1596 scripta

315 1632 444 1677 sunt
473 1622 528 1676 iu
559 1630 728 1675 textu.
759 1619 984 1674 Novella
1016 1619 1139 1683 M5,
1170 1620 1343 1688 posita
1370 1629 1451 1673 est
1482 1618 1534 1671 in
1570 1633 1689 1687 cap.
1723 1619 1759 1671 2
1815 1618 1894 1674 tit.

313 1715 383 1770 58
416 1714 507 1769 lib.
545 1729 635 1777 ιιι,
672 1714 817 1783 quod
852 1712 1017 1767 tradit
1071 1714 1533 1781 quemadmodum
1577 1712 1903 1766 manifesta-

2027 509 2234 579 γομένη
2275 506 2338 571 ιζ’
2370 506 2562 578 νεαρὰ,
2616 505 2733 559 ἔστι
2773 523 2897 575 κεφ.
2935 512 3020 557 κα⁹
3074 505 3166 558 τοῦ
3194 511 3242 574 γ’
3275 506 3381 559 τίτ.
3425 506 3519 559 τοῦ
3562 508 3617 571 ς’

2029 600 2170 671 βιϐλ.
2207 599 2315 654 τῶν
2338 598 2646 654 Βασιλικῶν
2677 598 2833 666 λέγον
2872 595 3046 651 ταῦτα
3087 597 3289 668 ῥητῶς·
3355 596 3495 651 Οὔτε
3557 599 3619 652 δὲ

2024 693 2396 765 ἀνδροφόνοις,
2456 691 2581 746 οὔτε
2638 694 2869 763 μοιχοῖς,
2901 690 3024 744 οὕτε
3045 690 3333 762 παρθένων
3375 689 3620 761 ἅρπαξιν

2025 787 2406 859 ἁμαρτάνουσι
2447 785 2545 857 τὴν
2598 786 2663 839 ἐκ
2704 785 2812 838 τῶν
2841 785 2983 855 ὅρων
3013 784 3271 853 φυλάξεις
3291 784 3617 854 ἀσφάλειαν,

2022 882 2159 935 άλλά
2182 880 2441 935 κάκεῖθεν
2473 878 2807 945 ἐξελκύσεις,
2847 872 2943 932 καὶ
2966 879 3239 950 τιμωρίαν
3256 878 3438 941 αὐτοῖς
3479 878 3623 931 ἐπά-

2022 974 2197 1041 άξεις.
2225 975 2298 1027 Οὐ
2334 975 2443 1044 γάρ
2472 972 2579 1026 τῶν
2609 972 2679 1024 τὰ
2706 971 2931 1025 τοιαῦτα
2960 972 3383 1042 ἁμαρτανόντων
3439 971 3621 1040 φείδε-

2020 1067 2147 1121 σθαι
2179 1067 2469 1138 προσήκει,
2502 1064 2638 1119 ἀλλά
2666 1062 2774 1118 τῶν
2803 1064 3102 1135 περιόντων
3142 1064 3233 1117 ἵνα
3280 1064 3354 1136 μὴ
3386 1063 3621 1117 τοιαῦτα

2020 1158 2127 1211 ὑπὸ
2153 1157 2263 1210 τῶν
2315 1158 2743 1229 τολμηροτέρων
2789 1156 3075 1225 πάσχοιεν.
3126 1154 3338 1219 Ἀλλως
3378 1172 3439 1207 τε
3490 1156 3621 1227 ήέκ

2017 1250 2125 1305 τῶν
2168 1250 2329 1320 ἱερῶν
2376 1250 2651 1319 ἀσφάλεια
2710 1247 2771 1299 οὐ
2821 1248 2933 1309 τοῖς
2978 1245 3279 1311 ἀδικοῦσιν,
3316 1244 3452 1299 ἀλλά
3494 1247 3608 1309 toi;

2016 1342 2395 1412 ἀδικουμένοις
2426 1341 2638 1396 δέδοται
2700 1341 2854 1409 παρά
2881 1337 2975 1392 τοῦ
3027 1338 3215 1408 νόμου,
3259 1338 3355 1391 καὶ
3403 1337 3504 1390 οὐκ
3547 1338 3616 1392 ἂν

2014 1436 2098 1505 εἴη
2131 1434 2357 1488 δυνατὸν
2399 1435 2659 1505 ἑκάτερον
2713 1431 3114 1501 ἀσφαλίζεσθαι
3168 1434 3234 1503 τῇ
3295 1432 3447 1502 παρὰ
3500 1431 3614 1484 τῶν

2011 1526 2228 1581 ἀσύλων
2251 1525 2432 1578 τόπων
2459 1522 2754 1594 ἀσφαλείᾳ,
2786 1522 2883 1575 καὶ
2907 1520 3000 1574 τὸν
3027 1519 3342 1585 ἀδικοῦντα,
3375 1519 3473 1573 καὶ
3517 1519 3615 1572 τὸν

2015 1619 2394 1689 ἀδικούμενον.
2434 1618 2499 1670 ’11
2521 1616 2564 1686 β’
2587 1616 2733 1670 διάτ.
2766 1614 2861 1668 τοῦ
2890 1613 3056 1669 αὑτοῦ
3083 1613 3192 1666 τίτ.
3219 1613 3327 1666 τῶν
3349 1612 3606 1683 Νεαρῶν,

2010 1716 2125 1768 ἐστι
2157 1714 2324 1785 νεαρὰ
2371 1711 2803 1773 Ἰουστινιάνειος
2856 1714 2976 1781 ρκγ⁸
3011 1708 3236 1785 κειμένη
3289 1708 3347 1760 ἐν
3394 1700 3540 1776 βίὅλ.
3571 1706 3614 1759 δ’

3090 1756 3131 1812 δ

312 1817 429 1861 ιυηι
459 1814 563 1861 est.
594 1804 767 1874 Legas
790 1820 918 1859 vero
943 1804 1196 1858 eumdem
1224 1804 1291 1859 58
1321 1806 1402 1858 tit.
1432 1806 1596 1858 etiam
1622 1815 1819 1869 totum,
1846 1813 1899 1858 ut

2019 1808 2117 1861 τῶν
2146 1805 2453 1859 Βασιλικῶν
2483 1805 2587 1858 τίτ.
2619 1800 2667 1856 α’
2689 1795 2750 1857 οὗ
2780 1819 2906 1872 κεφ.
2944 1801 3008 1854 ιϐ’
3032 1795 3206 1855 ταῧτά
3228 1817 3416 1871 φησιν,
3440 1798 3507 1851 Et
3528 1816 3616 1863 τις

319 1899 414 1970 qui
467 1899 715 1968 speciosa
750 1900 1000 1968 quaedam
1047 1912 1112 1951 ac
1148 1898 1316 1951 multa
1344 1898 1409 1953 de
1445 1912 1903 1968 quarumeunque

312 1990 603 2049 mulierum
639 1990 951 2060 raptoribus
991 1988 1205 2043 doceat.

310 2082 459 2137 οὓτω
495 2082 869 2153 διαλαμϐάνον
899 2082 975 2145 ὡς
1041 2080 1307 2153 ἐδηλώθη.

307 2177 543 2247 διάφορα
566 2178 697 2247 περὶ
720 2175 831 2230 τῶν
863 2174 1224 2246 ἁρπαζόντων
1259 2175 1602 2245 οἱασδήτινας
1626 2178 1912 2245 γυναῖκας.

306 2290 357 2340 κ,
378 2271 534 2329 CAP.
568 2270 759 2326 XXXI.
785 2301 856 2313 —
884 2271 962 2325 De
1000 2272 1141 2325 sacri
1192 2273 1394 2326 ordinis
1439 2272 1761 2339 hominibus,
1809 2274 1901 2345 qui

306 2383 363 2422 se
382 2381 499 2420 cum
528 2362 833 2418 mulieribus
854 2363 1054 2419 lavant.

378 2476 619 2534 Concilii
681 2474 974 2532 Laodiceni
1019 2490 1196 2532 canon
1229 2476 1336 2545 '50;
1379 2478 1595 2533 concilii
1642 2478 1780 2535 sexti
1813 2494 1901 2535 ca-

305 2586 416 2625 non
437 2570 506 2624 77
538 2587 554 2638 ;

377 2682 593 2741 Textus.
632 2683 853 2740 Novella
890 2685 1014 2751 117,
1049 2700 1171 2755 quae
1192 2687 1259 2741 de
1297 2687 1705 2757 repudiis,etc.,
1741 2703 1903 2759 usque

306 2778 375 2831 ad
407 2779 650 2847 lucretur
676 2778 881 2845 dotem,
909 2791 963 2832 at
992 2796 1117 2851 pag.
1149 2779 1274 2836 791.

376 2889 669 2946 Scliolium.
715 2890 934 2948 Novella
978 2890 1275 2948 Iustiniani
1328 2894 1430 2949 117
1474 2895 1652 2965 posita
1696 2904 1781 2951 est
1838 2895 1891 2950 iu

2015 1900 2279 1969 ἁρπάσει,
2306 1898 2401 1951 καὶ
2424 1898 2493 1951 τά
2516 1897 2643 1969 ἑξῆς
2673 1896 2993 1967 ἐγράφησαν
3025 1896 3104 1959 είς
3126 1893 3187 1947 τὸ
3222 1894 3498 1963 κείμενον.
3543 1892 3614 1946 Ἡ

2017 1988 2145 2062 ρμγ⁹
2176 1991 2344 2064 νεαρά
2373 1995 2552 2047 κεῖται
2580 1994 2659 2056 είς
2690 2008 2817 2061 κεφ.
2860 1990 2906 2061 β’
2928 1990 3023 2044 τοῦ
3051 1988 3248 2061 νη¹τίτ.
3269 1989 3363 2044 τοῦ
3390 1990 3432 2054 ξ’
3465 1989 3609 2061 βιδλ.

1392 2082 1689 2152 ’Δνάγνωθι
1740 2085 1835 2138 καῒ⁸
1883 2084 1976 2139 τὸν
2016 2088 2179 2143 αὐτὸν
2226 2087 2311 2159 νη’
2367 2087 2475 2143 τίτ.
2534 2086 2655 2141 ὅλον
2722 2086 2905 2158 ὠραῑά
2954 2102 3077 2141 τινα
3132 2082 3476 2151 διδάσκοντα,
3514 2085 3611 2139 καὶ

2070 2278 2325 2333 ΚΕΦΑΛ.
2354 2278 2481 2333 AA’.
2514 2306 2584 2319 ——
2608 2276 2748 2347 Περὶ
2798 2276 3107 2346 ἱερατικῶν
3134 2277 3611 2347 συλλουομένων

2014 2370 2276 2439 γυναιξί.

2071 2482 2298 2537 Συνόδου
2326 2482 2645 2547 Λαοδικείας
2696 2482 2876 2538 κανὼν
2934 2483 2997 2537 λ’·
3050 2483 3267 2537 συνόδου
3334 2489 3390 2546 ς’
3419 2483 3606 2538 κανὼν

2003 2574 2101 2640 οζ’.

2081 2695 2390 2764 Κείμενον.
2440 2694 2503 2748 Ἦ
2534 2696 2659 2765 περὶ
2679 2695 2974 2764 ρεπουδίων
3001 2694 3172 2766 νεαρὰ
3226 2693 3328 2767 ριξ¹
3360 2694 3598 2759 δίδωσιν,

2008 2806 2060 2844 κ.
2089 2806 2139 2842 τ.
2198 2788 2252 2854 λ,
2284 2804 2458 2859 usque
2511 2788 2579 2843 ad
2632 2787 2730 2858 τὴν
2786 2789 2955 2859 αὐτῆς
2987 2791 3207 2861 προῖκα.

2076 2899 2359 2967 Σχόλιον.
2404 2896 2467 2951 Ἦ
2516 2896 2617 2969 ριξ¹
2663 2897 2835 2967 νεαρὰ
2864 2898 2958 2952 τοῦ
3002 2899 3380 2954 Ἰουστινιανοῦ
3422 2901 3603 2954 κεῖται.

305 2982 401 3037 lib.
432 2999 627 3048 xxvni,
665 2984 747 3039 tit.
787 2984 842 3051 7,
892 2994 1055 3055 atque
1086 2986 1120 3038 4
1156 2988 1335 3041 thema
1365 3003 1484 3058 cap.
1533 3002 1574 3052 ι,
1608 2988 1723 3042 haac
1756 2988 1891 3042 dicit

2019 2992 2079 3055 :i;
2103 2991 2244 3061 βιόλ.
2279 2998 2368 3062 κη’
2397 2991 2503 3045 τίτ.
2535 2991 2693 3055 ζ’καὶ
2726 2992 2874 3060 λέγει
2926 2992 2987 3045 τὸ
3023 2991 3062 3045 δ’
3100 2993 3241 3062 θέμα
3260 2991 3357 3046 τοῦ
3385 2991 3434 3045 α’
3465 3010 3596 3063 κεφ.

306 3078 361 3132 in
392 3076 508 3133 haec
537 3077 702 3132 verba
734 3096 747 3132 :
784 3078 841 3132 Si
885 3095 989 3134 una
1017 3094 1139 3135 cum
1186 3085 1464 3137 extraneis
1491 3083 1625 3138 viris
1672 3083 1892 3137 nolente
1921 3109 1967 3170 ρ

305 3168 507 3224 marito
537 3168 701 3240 agitet
727 3171 1000 3239 convivia,
1040 3184 1135 3226 aut
1162 3188 1285 3226 cum
1318 3173 1384 3228 iis
1416 3188 1475 3228 se
1504 3173 1665 3227 lavet.
1716 3171 1895 3242 Atque

313 3270 398 3316 est
432 3262 547 3317 haec
594 3264 757 3317 etiam
808 3276 914 3317 una
963 3278 1280 3329 causarum,
1314 3279 1437 3335 qua:
1480 3263 1892 3319 matrimonium

306 3354 546 3410 solvunt.

378 3470 535 3527 CAP.
575 3469 790 3527 XXXII.
814 3503 882 3514 —
911 3471 987 3528 De
1020 3473 1276 3543 episcopis
1307 3483 1353 3526 et
1390 3472 1619 3540 clericis,
1649 3476 1740 3544 qui
1767 3473 1893 3529 laici

307 3562 449 3631 [acti
485 3564 705 3633 fuerim,
738 3578 827 3619 aut
866 3566 933 3618 ad
971 3564 1316 3638 [mundanas]
1342 3567 1621 3636 dignitates
1649 3584 1891 3637 pervene-

302 3658 429 3719 rint,
460 3666 551 3707 aut
587 3656 953 3709 militaverint.

373 3767 757 3835 Apostolorum
785 3784 960 3823 canon
981 3771 1079 3837 8'5;
1108 3770 1549 3828 εοηοὶιίιΝἰιτλειιί
1581 3789 1755 3829 canon
1784 3774 1849 3829 12
1875 3792 1890 3842 ;

301 3862 520 3915 concilii
551 3862 1014 3917 Chalcedonensis
1047 3879 1221 3918 canon
1259 3864 1308 3917 7.

375 3951 591 4007 Textus.
630 3952 745 4007 Lib.
788 3970 804 4007 ι
846 3955 1005 4019 Cod.,
1040 3955 1123 4009 tit.
1158 3957 1212 4021 5,
1252 3966 1435 4012 const.
1461 3958 1526 4012 57
1556 3957 1746 4014 :Servi
1775 3960 1888 4030 qui,

304 4054 435 4112 etc.,
472 4060 636 4113 usque
665 4043 734 4097 ad
761 4046 922 4098 vitam
953 4055 1192 4100 sectatur
1220 4046 1498 4121 [obtinet],
1530 4059 1586 4102 ut
1614 4066 1734 4121 pag.
1770 4050 1889 4106 79l.

374 4217 669 4275 Scholium.
711 4220 902 4278 Const.
966 4222 1035 4277 57
1071 4224 1153 4279 tit.
1201 4225 1235 4278 5
1295 4225 1389 4281 lib.
1421 4244 1437 4282 ι
1469 4227 1604 4283 Cod.
1655 4246 1763 4285 non
1808 4239 1894 4286 est

300 4313 474 4378 posita
526 4314 578 4367 in
615 4315 778 4369 Basil.
834 4332 1011 4386 neque
1037 4316 1283 4388 ejusdem
1342 4320 1423 4375 tit.
1457 4322 1546 4385 5'2,
1586 4339 1761 4392 neque
1799 4324 1886 4380 55.

299 4405 523 4470 ριιεεηιε
556 4419 738 4462 autem
769 4410 861 4465 lib.
896 4410 1059 4466 Basil.
1119 4428 1191 4479 Iv,
1240 4414 1321 4468 tit.
1359 4432 1397 4480 ι,
1430 4430 1530 4486 cap
1589 4417 1675 4483 11,
1710 4420 1889 4472 thema

1998 3084 2171 3137 ταῦτα
2211 3083 2392 3154 ῥητῶς
2416 3099 2429 3113 ·
2469 3082 2596 3136 Ἐάν
2626 3072 2886 3153 ἀνδράσιν
2935 3082 3214 3149 ἐξωτικοῖς
3250 3082 3390 3154 γυνὴ
3418 3084 3609 3155 βουλο-

2003 3175 2165 3246 μένου
2195 3174 2288 3227 τοῦ
2328 3174 2523 3246 ἀνδρὸς
2566 3175 2936 3247 συμποσιάζῃ,
2986 3175 3018 3246 ἢ
3080 3176 3444 3246 συλλούηται,
3504 3176 3607 3230 καὶ

2000 3266 2117 3319 ἐστι
2186 3267 2287 3337 μία
2348 3267 2460 3320 τῶν
2526 3266 2770 3320 λυουσῶν
2836 3269 2928 3321 τὸν
2980 3270 3159 3340 γάμον
3203 3267 3458 3322 αἱτιοῦσα
3507 3268 3607 3324 καὶ

2005 3359 2165 3432 αὕτη.

2070 3471 2323 3525 ΚΕΦΑΛ.
2377 3469 2500 3524 AB’.
2563 3499 2629 3511 —-
2680 3470 2819 3539 Περὶ
2869 3471 3241 3533 ἐπισκόπων,
3288 3469 3389 3525 καὶ
3442 3473 3597 3538 κλη-

1992 3560 2181 3631 ρικῶν
2204 3562 2534 3631 γινομένων
2556 3559 2806 3624 λαϊκῶν,
2838 3561 2877 3629 ἢ
2908 3560 3325 3631 ἀξιωματικῶν
3348 3560 3385 3630 ἢ
3410 3578 3601 3630 στρα-

1997 3655 2360 3724 τευομένων.

2084 3768 2427 3821 ’Λποστόλων
2484 3768 2665 3823 κανῶν
2725 3766 2837 3837 ny"
2912 3768 3135 3821 συνόδου
3202 3767 3441 3832 Νικαίας
3498 3785 3607 3823 κα-

1999 3858 2105 3913 νών
2146 3856 2230 3927 ιβ’⁶
2267 3858 2489 3911 συνόδου
2522 3859 2871 3930 Χαλκηδόνος
2902 3858 3083 3912 κανὼν
3117 3857 3183 3922 ζ’.

2072 3953 2381 4021 Κείμενυν.
2442 3952 2593 4006 Βιϐλ.
2623 3958 2670 4005 α’
2695 3951 2789 4005 τοῦ
2822 3952 3052 4015 κώδικος
3077 3954 3183 4006 τίτ.
3223 3950 3294 4021 γ’,
3324 3953 3468 4007 διάτ.
3496 3953 3603 4022 λζ’,

2000 4048 2047 4099 οἱ
2070 4045 2245 4099 δοῦλοι
2270 4044 2487 4117 γνώμῃ,
2520 4063 2574 4100 κ.
2612 4063 2659 4099 τ.
2687 4045 2762 4114 λ.,
2795 4061 2967 4116 usque
2995 4046 3060 4100 ad
3094 4045 3207 4117 βίον
3235 4046 3605 4119 μεταδιώκον-

1997 4154 2111 4202 τος.

2072 4228 2351 4295 Σχόλιον.
2394 4226 2458 4278 Ἡ
2491 4225 2567 4290 λζ’
2607 4224 2749 4279 διάτ.
2780 4224 2874 4278 τοῦ
2896 4223 2945 4295 γ’
2976 4225 3081 4281 τίτ.
3116 4225 3208 4279 τοῦ
3245 4233 3290 4279 α’
3324 4226 3469 4298 βιϐλ.
3500 4227 3601 4281 τοῦ

2000 4318 2131 4373 κώδ.
2160 4320 2259 4372 οὐκ
2284 4320 2441 4389 ἐτέθη
2468 4322 2546 4379 εἰς
2575 4320 2644 4371 τὰ
2676 4318 2970 4385 Βασιλικά,
3000 4320 3119 4373 οὐδὲ
3152 4322 3184 4391 ή
3220 4321 3297 4392 νβ’
3327 4322 3468 4375 διάτ.
3500 4320 3603 4376 τοῦ

1998 4411 2165 4465 αὐτοῦ
2196 4411 2303 4465 τίτ.
2338 4412 2513 4482 casu)
2551 4419 2650 4480 νγ’.
2687 4414 2848 4483 Ζήτει
2892 4413 2947 4465 δὲ
2981 4412 3121 4483 βισλ.
3150 4415 3259 4467 τῶν
3292 4414 3605 4468 Βασιλικῶν

301 4500 356 4563 5,
390 4500 536 4569 quod
592 4502 673 4557 sic
713 4504 789 4557 ait
822 4520 834 4557 :
865 4502 1020 4569 Quod
1058 4505 1103 4559 si
1145 4506 1450 4561 monachus
1482 4510 1877 4564 monasterium

2019 4502 2047 4569 ',
2080 4505 2185 4560 τίτ.
2212 4510 2282 4567 α’,
2309 4521 2432 4573 κεφ.
2470 4511 2557 4570 ια’,
2600 4504 2742 4575 θέμα
2772 4512 2846 4574 γ’,
2878 4504 3022 4559 οὕτω
3046 4506 3226 4575 λέγον,
3256 4505 3390 4560 Ἐὰν
3427 4524 3608 4577 μονα-

302 4594 610 4664 reliquerit,
652 4603 704 4650 et
739 4594 808 4650 ad
852 4598 1173 4653 saecularem
1222 4600 1388 4653 vitam
1434 4602 1713 4656 transierit
1760 4620 1772 4655 :
1808 4602 1895 4657 hic

302 4688 493 4742 militia
522 4688 757 4760 primum
798 4698 851 4744 et
887 4690 1117 4756 honore,
1150 4691 1194 4746 si
1218 4708 1377 4762 quem
1423 4692 1605 4757 habet,
1654 4692 1896 4748 denuda-

304 4795 390 4838 ius
418 4797 513 4853 per
545 4782 791 4837 locorum
824 4782 1142 4853 episcopum
1177 4792 1231 4838 et
1266 4772 1564 4854 provincia:
1608 4785 1895 4855 praesidem

299 4876 351 4929 in
394 4872 787 4928 monasterium
828 4874 1117 4928 remittitor
1146 4893 1158 4928 :
1194 4885 1247 4928 et
1275 4890 1360 4929 res
1387 4889 1524 4944 quas
1557 4884 1742 4944 postea
1793 4874 1895 4928 ha—

301 4966 430 5021 bere
459 4974 799 5021 monstratus
845 4963 1032 5031 fuerit,
1090 4966 1156 5020 ad
1209 4968 1628 5029 monasterium,
1660 4968 1713 5019 in
1745 4964 1892 5036 quod

299 5058 632 5125 immittitur,
666 5059 1001 5130 pertinento.
1040 5060 1099 5114 Si
1143 5060 1326 5114 denuo
1359 5075 1580 5129 quoque
1605 5070 1885 5114 monaste-

300 5153 443 5207 rium
494 5153 768 5220 relinquat
812 5171 823 5207 :
861 5162 992 5207 tunc
1049 5167 1251 5222 prteses
1296 5168 1420 5206 eum
1474 5153 1791 5222 provinciae,
1838 5153 1890 5207 in

300 5261 407 5317 qua
456 5246 710 5302 inventus
747 5246 930 5313 fuerit,
963 5246 1226 5310 dctineto,
1281 5254 1338 5299 et
1369 5246 1627 5315 subjecta:
1656 5247 1758 5299 sibi
1798 5262 1893 5302 co-

302 5338 444 5391 horti
503 5348 812 5391 accenseto.
864 5336 928 5390 Et
978 5350 1100 5405 cap.
1153 5334 1187 5388 5
1236 5334 1481 5404 ejusdem
1552 5337 1646 5390 lib.
1710 5346 1764 5391 et
1807 5337 1887 5391 tit.

300 5428 445 5500 quod
497 5430 578 5483 sic
630 5430 789 5482 hahet
819 5446 830 5481 :
864 5428 1137 5483 Caeterum
1189 5429 1233 5483 si
1271 5431 1394 5498 quis
1424 5431 1489 5482 ad
1531 5431 1889 5483 monasticam

300 5522 489 5577 venire
513 5523 676 5576 vitam
715 5521 966 5587 voluerit,
998 5521 1282 5592 jubemus,
1310 5531 1369 5575 ut
1393 5522 1438 5576 si
1466 5523 1685 5592 quidem
1735 5524 1801 5575 de
1827 5539 1892 5577 eo

300 5625 535 5681 constet,
586 5616 730 5685 quod
785 5614 917 5669 nulli
972 5614 1209 5687 [servili]
1255 5616 1555 5670 conditioni
1621 5617 1891 5669 obnoxius

302 5720 396 5774 sit,
482 5710 680 5780 praesul
743 5710 1061 5763 monasterii
1118 5710 1360 5763 habitum
1404 5710 1752 5778 illi,quando
1782 5710 1889 5763 sibi

303 5819 479 5859 v.surn
538 5802 723 5868 fuerit,
774 5803 1047 5856 adhibeat.
1090 5802 1144 5857 Si
1172 5803 1240 5859 de
1284 5820 1348 5859 eo
1380 5819 1487 5858 non
1525 5814 1739 5859 constet
1771 5805 1890 5859 cui-

1999 4598 2094 4667 χὸς
2148 4596 2449 4667 καταλείψῃ
2499 4596 2559 4651 τὸ
2608 4599 2992 4669 μοναστήριον,
3056 4598 3153 4651 καὶ⁵
3200 4599 3281 4661 είς
3331 4599 3605 4670 κοσμικὸν

2002 4690 2115 4760 βίον
2149 4689 2352 4760 ἐπέλθῃ
2374 4729 2390 4755 ,
2421 4690 2611 4743 τοῦτον
2645 4692 2744 4761 τῆς
2784 4690 3075 4761 στρατείας
3105 4691 3319 4761 καὶτῆς
3345 4692 3516 4762 τιμῆς
3547 4693 3609 4747 ετ

1998 4801 2119 4837 τινα
2162 4783 2263 4856 ἔχῃ
2295 4784 2511 4853 πρῶτον
2541 4782 2902 4853 γυμνωθέντα
2940 4783 3004 4836 ἐκ
3030 4784 3125 4835 τοῦ
3152 4786 3461 4837 ἐπισκόπου
3487 4784 3606 4838 τῶν

1998 4877 2206 4944 τόπων,
2254 4878 2351 4929 καὶ
2398 4876 2494 4929 τοῦ
2527 4876 2625 4944 τῆς
2665 4876 2940 4946 ἐπαρχίας
2986 4876 3271 4946 ἄρχοντος,
3309 4877 3389 4939 είς
3428 4894 3605 4947 μονα-

2002 4971 2223 5039 στήριον
2249 4969 2562 5039 βάλλεσθαι,
2591 4970 2687 5022 καὶ
2705 4969 2775 5021 τὰ
2803 4968 3107 5038 πράγματα
3127 4969 3227 5021 ὅσα
3250 4968 3392 5038 μετά
3422 4969 3604 5023 ταῦτα

1998 5062 2144 5132 ἔχειν
2178 5062 2417 5134 δειχθείη
2449 5062 2527 5132 τῷ
2563 5062 2911 5133 μοναστηρίῳ
2959 5064 3017 5113 ἐν
3045 5054 3089 5129 ᾧ
3120 5062 3458 5131 ἐμϐάλλεται
3490 5064 3605 5115 δια-

1998 5157 2176 5227 φέρει.
2207 5155 2272 5209 Εἰ
2314 5156 2373 5209 δὲ
2418 5157 2512 5209 καὶ
2546 5156 2710 5209 πάλιν
2742 5155 3065 5225 καταλείψει
3106 5154 3169 5208 τὸ
3204 5158 3601 5228 μοναστήριον,

1996 5250 2119 5302 τότε
2150 5250 2313 5303 αὑτὸν
2362 5249 2390 5301 ό
2433 5249 2618 5320 ἅρχων
2648 5248 2749 5319 τῆς
2783 5250 3057 5320 ἐπαρχίας
3084 5250 3143 5301 ἐν
3172 5243 3204 5323 ᾖ
3240 5249 3306 5303 ἂν
3337 5250 3597 5321 εὑρεθείη

1997 5343 2291 5412 κρατείτω,
2350 5344 2445 5396 καὶ
2496 5344 2560 5413 τῇ
2613 5341 2956 5415 ὑποκειμένῃ
3000 5340 3150 5413 αὐτῷ
3180 5343 3336 5408 τάξει
3368 5359 3603 5414 συναρι-

1998 5432 2225 5502 θμείτω.
2254 5434 2362 5487 Καὶ
2397 5451 2525 5503 κεφ.
2553 5431 2599 5501 γ’
2633 5433 2726 5486 τοῦ
2758 5434 2924 5487 αὐτοῦ
2965 5433 3107 5504 βιόλ.
3152 5438 3247 5487 καὶ
3279 5435 3389 5490 τίτ.
3420 5436 3600 5501 οὕτως

1996 5523 2139 5594 ἔχον·
2162 5526 2228 5578 Εἴ
2247 5543 2328 5588 τις
2344 5525 2402 5579 δὲ
2420 5526 2515 5579 καὶ
2537 5528 2614 5588 εἰς
2631 5526 2925 5597 μοναχικδν
2945 5526 3059 5596 βίον
3090 5526 3266 5579 ἐλθεῖν
3284 5527 3594 5599 βουληθεὶς,

1997 5618 2296 5690 κελεύομεν
2349 5620 2437 5673 ἵνα
2484 5621 2532 5673 εἰ
2579 5620 2680 5690 μὲν
2716 5619 2994 5691 γνώριμός
3046 5622 3198 5673 ἐστιν
3229 5622 3311 5673 ὅτι
3361 5621 3594 5693 οὐδεμιᾷ

1995 5714 2133 5786 τύχῃ
2164 5716 2473 5778 ὑπόκειται,
2514 5717 2542 5768 ὁ
2580 5715 2885 5786 ἡγούμενος
2932 5715 3025 5769 τοῦ
3080 5714 3453 5786 μοναστηρίου
3500 5717 3591 5769 ὅτε

1999 5807 2184 5878 συνίδῃ
2213 5847 2225 5873 ,
2260 5808 2320 5859 τὸ
2352 5808 2538 5877 σχῆμα
2580 5808 2730 5879 αὐτῷ
2778 5810 3055 5880 παρασχῇ.
3095 5806 3157 5862 Εἰ
3184 5807 3241 5861 δὲ
3275 5808 3353 5879 μὴ
3384 5805 3581 5877 γνωρί-
