3916 6244
193 254 328 321 H33

1007 254 1494 319 NOMOCANON.
1530 281 1601 291 —
1636 253 1786 318 TIT.
1822 254 1930 330 IX,
1967 255 2126 317 CAP.
2154 255 2663 321 ΧΧΧῙαΧΧΧΙΙῙ.

3348 252 3485 321 1134

190 372 344 438 ζεται
377 374 428 428 εἰ
451 373 745 447 οἰᾳδήποτε
775 375 1065 434 ὑπόκειται
1098 383 1263 456 τύχῃ,
1287 381 1440 445 ἐντὸς
1469 378 1637 451 τριῶν
1676 379 1787 431 ἐνι-

1911 388 2021 428 iam
2051 372 2353 429 conditioni
2385 374 2660 431 obnoxius
2686 372 2777 441 sit,
2804 374 2949 430 intra
2982 382 3092 433 tres
3117 391 3291 433 annos
3324 378 3482 434 habi-

191 468 386 523 αυτῶν
408 469 485 540 μὴ
508 470 811 536 λαμσάνειν
835 470 1001 526 αὐτὸν
1022 474 1091 528 τὸ
1118 474 1414 547 μοναχικδν
1441 474 1651 544 σχῆμα,
1671 470 1785 524 ἀλλ’

190 562 347 624 ἐντὸς
369 560 467 615 τοῦ
498 562 797 632 εἰρημένου
824 564 1019 635 χρόνου
1043 567 1440 641 ἀποπειράσθω
1469 566 1574 634 τῆς
1593 563 1787 617 τούτου

192 655 550 727 ἀναστροφῆς
593 657 622 708 ὁ
671 655 766 709 τοῦ
804 660 1171 730 μοναστηρίου
1219 660 1543 732 ἡγούμενος.
1580 657 1690 710 Καὶ
1739 657 1789 710 εἰ

191 749 348 811 ἐντὸς
376 747 623 818 τριετίας
657 747 882 820 ἀναφθη
931 769 1014 815 τις
1047 751 1223 821 λέγων
1251 753 1285 823 ἢ
1319 751 1526 814 δοῦλον,
1554 748 1589 818 ἢ
1615 749 1789 803 κολω-

191 842 304 907 νὸν,
335 842 370 911 ἢ
421 841 808 913 ἐναπὸγραφον
856 844 1065 898 τούτων
1108 846 1240 898 ἴδιον
1269 841 1435 910 εἶναι,
1478 846 1511 917 ἢ
1560 846 1657 899 καὶ
1709 844 1787 908 ὼς

194 935 470 1004 φεύγοντα
490 936 588 1005 τὴν
612 936 914 1007 γεωργίαν,
947 939 980 1009 ἢ
1018 937 1092 1001 ὥς
1119 956 1172 991 τι
1207 939 1483 1009 κλέψαντα
1502 981 1517 1005 ,
1562 939 1594 1009 ἢ
1621 937 1709 991 διά
1736 954 1789 989 τι

192 1028 451 1097 πταῖσμα
494 1028 575 1089 εἰς
626 1028 688 1080 τὸ
734 1032 1104 1101 μοναστήριον
1146 1030 1311 1086 αὐτὸν
1360 1030 1785 1099 εἰσεληλυθέναι.

195 1117 306 1170 Καὶ
334 1115 511 1169 ταῦτα.
542 1116 896 1187 ἀποδειχθείη
924 1118 1002 1189 τῷ
1027 1119 1141 1188 ἰδίῳ
1173 1118 1414 1192 δεσπότῃ
1441 1118 1631 1173 τοῦτον
1654 1119 1791 1171 ἀπο-

192 1207 560 1263 καθίστασθαι
576 1210 713 1279 μετὰ
733 1210 1074 1281 πραγμάτων
1093 1212 1122 1264 ὑ
1136 1212 1233 1283 πὲρ
1250 1205 1325 1265 ὧν
1346 1211 1689 1281 ἀποδειχθείη
1709 1213 1791 1275 εἰς

193 1299 255 1352 τὸ
284 1303 651 1371 μοναστήριον
682 1302 995 1371 εἰσαγαγὼν
1044 1303 1204 1372 λόγον
1238 1304 1503 1376 πρότερον
1533 1303 1608 1366 ὡς
1636 1304 1789 1356 οὐδὲν

195 1394 463 1463 ὑπομενεῖ
485 1393 637 1465 παρὰ
661 1393 753 1447 τοῦ
788 1395 922 1448 ἰδίου
956 1394 1220 1449 δεσπότου
1243 1397 1613 1465 λαμϐάνοντα.
1644 1397 1708 1449 Εἰ
1731 1395 1789 1449 δὲ

193 1486 354 1549 ἐντὸς
386 1486 637 1555 τριετίας
690 1487 883 1556 μηδεὶς
914 1487 1159 1559 ἐναγάγῃ
1194 1488 1303 1539 τινὶ⁵
1334 1488 1442 1539 τῶν
1477 1487 1787 1557 εἰρημένων

194 1577 537 1650 προσώπων,
564 1581 592 1631 ὁ
640 1578 945 1649 ἡγούμενος
972 1580 1066 1633 τοῦ
1101 1578 1466 1650 μοναστηρίου
1517 1578 1655 1649 μετὰ
1686 1580 1785 1648 τὴν

192 1672 560 1743 παραδρομὴν
587 1670 684 1724 τοῦ
712 1672 961 1742 τριετοῦς
993 1673 1187 1744 χρόνου
1223 1674 1272 1726 εἰ
1302 1674 1394 1727 τὸν
1415 1672 1655 1727 τοιοῦτον
1690 1671 1785 1726 άν-

191 1766 315 1846 δρα⁸
334 1766 488 1834 ἄξιον
528 1769 728 1838 κρινεῖ,
759 1767 880 1819 τότε
912 1766 1105 1820 διδότω
1133 1766 1283 1837 αὐτῷ
1333 1768 1396 1819 τὸ
1442 1768 1628 1838 σχῆμα
1647 1806 1662 1831 ,
1691 1767 1787 1819 καί⁸
1815 1747 1863 1805 Β

197 1859 392 1930 μηδεὶς
431 1859 581 1929 αὐτῷ
620 1858 843 1930 ὄχλησιν
890 1858 1029 1929 μετὰ
1084 1858 1258 1912 ταῦτα
1304 1859 1447 1929 ὑπὲρ
1487 1860 1588 1928 τῆς
1619 1860 1789 1929 τύχης

192 1952 501 2021 εἰσφερέτω
533 1952 591 2003 ἐν
637 1952 747 2022 ὅσῳ
781 1949 968 2021 μέντοι
1016 1966 1078 2018 γε
1125 1952 1182 2003 ἐν
1212 1947 1291 2021 τῷ
1324 1950 1671 2021 μοναστηρίῳ
1712 1948 1792 2001 δι-

196 2044 342 2112 άγει.
375 2044 457 2097 Τὰ
491 2043 549 2095 δὲ
582 2044 885 2114 πράγματα
912 2041 1056 2112 άπερ
1086 2043 1167 2105 εἰς
1191 2041 1252 2094 τὸ
1285 2043 1646 2113 μοναστήριον
1679 2042 1792 2093 εἰσ-

196 2139 427 2205 αγαγὼν
453 2135 651 2206 φανείη
681 2136 761 2207 τῷ
782 2136 1122 2207 δεικνυμένῳ
1148 2136 1388 2207 δεσπότῃ
1434 2134 1790 2188 ἀποδιδόσθω.

200 2232 262 2283 Εἰ
308 2230 368 2283 δέ
400 2247 488 2292 τις
517 2229 626 2282 τῶν
659 2229 971 2300 εἰρημένων
1029 2228 1342 2301 προσώπων
1383 2227 1701 2294 καταλείψει
1734 2228 1795 2281 τὸ

203 2324 595 2395 μοναστήριον,
640 2325 733 2376 καὶ
759 2325 839 2386 εἰς
865 2322 1131 2393 κοσμικὸν
1172 2322 1303 2394 ἐλοῃ
1332 2322 1466 2394 βίον,
1514 2322 1547 2393 ἣ
1588 2324 1644 2375 ἐν
1673 2321 1796 2383 ταῖς

203 2416 450 2481 πόλεσιν,
478 2416 513 2485 ἢ
543 2419 601 2469 ἐν
630 2418 742 2479 τοῖς
771 2416 960 2486 ἀγροῖς
992 2415 1380 2487 περιέρχηται,
1431 2417 1497 2485 τῇ
1528 2413 1634 2484 ἰδίᾳ
1655 2411 1797 2484 τύχῃ

204 2509 604 2581 παραδιδόσθω.
631 2508 741 2561 Καὶ
765 2525 892 2576 κεφ.
926 2505 955 2560 ι’
987 2507 1083 2561 τοῦ
1112 2506 1277 2561 αὐτοῦ
1313 2507 1418 2561 τίτ.
1447 2507 1626 2574 λέγονο
1661 2505 1795 2559 Ἀπ-

204 2600 549 2672 αγορεύομεν
580 2600 636 2653 δὲ
660 2602 770 2662 τοῖς
799 2599 1018 2669 γονεῦσι
1043 2601 1169 2665 τοὺς
1209 2600 1373 2663 ἰδίους
1406 2599 1601 2663 παῖδας
1631 2613 1797 2669 μονα-

204 2694 365 2764 χικὸν
414 2693 528 2764 βίον
572 2692 997 2764 ἐπιλεγομένους
1030 2694 1094 2745 ἐκ
1139 2691 1248 2745 τῶν
1280 2690 1495 2760 εὐαγῶν
1526 2705 1799 2761 μοναστη-

206 2786 341 2856 ρίων
372 2784 653 2853 ἀφέλκειν.

275 2879 591 2947 Κείμενον.
644 2877 797 2931 Διάτ.
847 2874 917 2931 νδ’
952 2875 1046 2929 τοῦ
1084 2872 1249 2929 αὑτοῦ
1292 2873 1397 2929 τίτ.
1450 2874 1565 2929 Οὐκ
1624 2873 1801 2939 ἔξεστι

207 2972 319 3034 τοῖς
342 2970 565 3038 γονεῦσι
592 2968 963 3039 βουλομένοις,
989 2984 1044 3023 κ.
1090 2985 1140 3022 τ.
1165 2967 1240 3033 λ.,
1262 2981 1437 3037 usque
1467 2967 1534 3021 ad
1561 2967 1670 3019 ἑνοῖ
1700 2966 1800 3018 αῦ-

206 3061 297 3114 τὸν
330 3065 398 3132 τῇ
433 3062 713 3132 ἐπιχωρίῳ
744 3060 917 3124 τάξει.

278 3156 569 3223 Σχόλιογ.
613 3154 677 3206 Ἥ
705 3151 783 3224 νγ¹
813 3154 953 3207 διάτ.
982 3152 1076 3206 τοῦ
1101 3150 1149 3221 γ’
1184 3151 1291 3206 τίτ.
1328 3151 1421 3204 τοῦ
1455 3148 1501 3205 α’
1530 3149 1672 3221 βιϐλ.
1706 3148 1800 3202 τοῦ

212 3245 344 3301 κὼδ.
392 3246 498 3299 οὐκ
550 3244 710 3315 ἐτέθη
754 3247 833 3309 εἰς
861 3245 930 3298 τὰ
980 3245 1266 3310 Βασιλικὶι,
1314 3243 1390 3308 ὡς
1434 3244 1527 3297 καὶ
1579 3241 1804 3295 ὄπισθεν

212 3339 553 3410 ἐγράψαμεν.
586 3340 745 3410 Ζήτει
775 3339 832 3391 δὲ
864 3339 1007 3411 βιόλ.
1037 3338 1099 3401 δ’,
1130 3340 1236 3392 τίτ.
1267 3336 1337 3405 α’,
1372 3354 1497 3405 κεφ.
1533 3337 1599 3402 θ’,
1632 3336 1805 3399 οὕτως

212 3434 333 3504 ἔχον
365 3449 382 3463 ·
416 3431 692 3503 Οὐδεμίαν
736 3431 792 3484 δὲ
845 3432 1028 3486 ἄδειαν
1070 3432 1323 3502 διδόαμεν
1355 3430 1387 3501 ἢ
1424 3432 1537 3493 τοῖς
1587 3428 1806 3498 γονεῦσι

211 3521 338 3583 τοὺς
375 3520 597 3584 παῖδας,
629 3519 663 3591 ἢ
687 3523 800 3585 τοῖς
840 3520 999 3573 παισὶ
1022 3521 1149 3584 τοὺς
1178 3522 1373 3589 γονέας
1402 3520 1502 3591 τὴν
1532 3519 1806 3591 κοσμικὴν

213 3612 495 3683 διαγωγὴν
569 3612 1084 3683 καταλιμπάνοντας
1144 3612 1219 3676 ὡς
1278 3612 1609 3683 ἀχαρίστους
1667 3613 1805 3665 ἁπο-

214 3705 419 3759 κλείειν
442 3705 542 3773 τῆς
575 3703 710 3768 ἰδίας
739 3704 1111 3775 κληρονομίας
1158 3705 1300 3774 ὑπὲρ
1348 3704 1529 3768 αἰτίας
1564 3704 1670 3775 πρὸ
1710 3704 1805 3757 τοῦ

218 3796 522 3867 μοναχικοῦ
555 3796 672 3866 βίου
704 3797 1267 3870 παρακολουθησάσης
1288 3812 1302 3826 ⁸
1332 3795 1400 3861 α’,
1432 3796 1574 3850 διάτ.
1602 3796 1697 3850 τοῦ
1734 3793 1803 3863 α’,

212 3892 318 3947 τίτ.
350 3890 459 3944 τῶν
490 3889 871 3960 Νεαρῶν,ἕστι
902 3894 1073 3962 νεαρὰ
1102 3891 1525 3953 Ίουστινιάνειος
1559 3888 1809 3957 ς’,τοῦτο

215 3985 271 4038 δέ
304 3984 364 4037 τὸ
393 4000 519 4052 κεφ.
547 3984 647 4036 οὐκ
676 3983 836 4055 ἐτέθη
867 3986 948 4047 εἰς
974 3984 1041 4036 τὰ
1068 3983 1358 4037 Βασιλικὰ.
1379 3983 1442 4036 'H
1476 3982 1519 4053 β’
1544 3984 1687 4038 διάτ.
1712 3983 1807 4035 τοῦ

213 4073 383 4130 αὑτοῦ
446 4074 554 4129 τίτ.
600 4074 711 4128 τῶν
770 4075 1020 4146 Νεαρῶν,
1086 4076 1201 4129 ἔστι
1256 4060 1810 4147 νεαρὰλιουστινιά-

213 4184 357 4231 νειος
417 4164 574 4238 ρκγ’,
629 4168 858 4238 κειμένη
912 4172 970 4221 ἐν
1025 4168 1166 4239 βιϐλ.
1234 4167 1282 4238 γ’
1337 4169 1444 4223 τῶν
1501 4169 1809 4223 Βασιλικῶν

212 4266 316 4318 τίτ.
351 4262 425 4328 α’,
457 4264 554 4317 καὶ
583 4263 741 4333 λέγον
762 4264 824 4317 τὸ
848 4261 918 4317 λδ⁹
950 4282 1075 4332 κεφ.
1110 4263 1304 4317 τούτου
1334 4265 1435 4317 ὅσα
1469 4266 1548 4326 εἰς
1577 4265 1636 4315 τδ
1692 4264 1805 4315 κείς

217 4375 379 4428 μενον
416 4356 788 4429 περιέχονται.
831 4357 1132 4427 ’Λνάγνωθι
1176 4356 1271 4411 τοῦ
1321 4356 1486 4410 αὑτοῦ
1538 4356 1676 4426 βιὸλ.
1716 4356 1811 4408 καὶ

1893 474 2007 521 tum
2038 466 2085 521 is
2106 466 2468 520 monasticum
2504 481 2608 519 non
2650 475 2917 529 assumat,
2962 468 3057 522 sed
3107 468 3249 523 intra
3282 470 3481 539 prtedi-

1894 567 2045 614 ctum
2084 567 2296 629 tempus
2328 559 2647 614 monasterii
2690 561 2891 629 praesul
2938 562 3242 633 periculum
3295 561 3479 631 facito,

1895 654 1939 710 si
1972 652 2163 723 pedem
2198 650 2404 706 referre
2435 651 2584 705 velit.
2620 650 2683 706 Et
2721 652 2765 707 si
2796 652 2936 707 intra
2969 654 3265 710 triennium
3303 672 3484 711 emer-

1896 757 1983 818 gat
2008 744 2234 814 aliquis,
2273 746 2368 813 qui
2396 744 2542 799 hunc
2575 745 2658 798 vel
2691 760 2935 811 servum,
2971 747 3055 800 vel
3086 748 3367 815 colonum,
3396 749 3484 803 vel

1899 838 2263 907 ascriptitium
2283 852 2442 890 suum
2474 851 2595 892 esse
2613 837 2779 900 dicat,
2808 840 3066 909 quodque
3095 843 3179 895 vel
3206 843 3481 913 agricola-

1895 931 2063 986 tionis
2095 930 2341 984 laborem
2368 929 2601 1000 fugiens,
2629 932 2711 985 vel
2744 932 2947 1002 aliquid
2973 931 3208 996 furatus,
3236 935 3318 989 vel
3353 950 3483 1004 pro-

1892 1034 2013 1096 pter
2039 1022 2260 1094 aliquod
2279 1023 2541 1078 delictum
2566 1025 2619 1089 in
2648 1026 3043 1079 monasterium
3081 1026 3479 1098 ingressusjsit,

1897 1126 1952 1171 et
2000 1117 2122 1181 haec
2156 1116 2507 1185 comprobata
2561 1117 2762 1171 fuerint
2798 1135 2812 1171 :
2848 1118 3157 1173 resﬁtuitor
3184 1119 3232 1174 is
3260 1121 3483 1177 domino

1900 1224 2003 1265 suo
2030 1224 2155 1264 cum
2185 1208 2351 1263 rebus
2381 1223 2520 1278 quas
2554 1209 2606 1262 in
2647 1211 3037 1265 monasterium
3070 1212 3325 1267 intulisse
3353 1228 3483 1283 pro-

1895 1305 2053 1359 batus
2090 1302 2274 1368 fuerit,
2306 1302 2432 1357 data
2484 1304 2658 1374 prius,
2690 1312 2745 1357 et
2791 1315 3008 1374 accepta
3045 1303 3169 1370 lide,
3207 1304 3355 1375 quod
3396 1304 3483 1358 ni-

1897 1396 1971 1450 hil
2001 1412 2031 1450 a
2072 1396 2296 1450 domino
2348 1410 2449 1450 suo
2493 1396 2623 1449 mali
2659 1398 3008 1466 perpetietur.
3042 1395 3099 1449 Si
3144 1411 3307 1452 nemo
3340 1397 3481 1452 intra

1896 1487 2191 1541 triennium
2246 1496 2438 1541 contra
2487 1486 2726 1555 aliquam
2780 1487 3165 1556 praedictarum
3222 1502 3484 1557 persona-

1894 1595 2016 1635 rum
2070 1580 2339 1634 actionem
2394 1587 2449 1632 et
2495 1580 2928 1634 controversiam
2981 1580 3256 1635 moverit:
3290 1596 3484 1635 mona-

1896 1674 2048 1730 sterii
2076 1675 2273 1743 praesul
2306 1682 2429 1743 post
2457 1672 2676 1727 triennii
2708 1673 2998 1730 decursum
3048 1683 3180 1729 tunc
3211 1674 3288 1729 illi
3327 1674 3484 1730 habi-

1895 1778 2007 1822 tum
2040 1768 2300 1838 prtebeto,
2335 1767 2380 1823 si
2412 1766 2722 1822 istiusmodi
2763 1767 3039 1823 hominem
3080 1769 3303 1838 dignum
3342 1769 3487 1839 judi-

1894 1860 2144 1915 caverit:
2181 1873 2358 1929 neque
2404 1869 2593 1927 postea
2647 1859 2944 1927 quisquam
2998 1860 3047 1912 ei
3101 1861 3381 1928 negotium
3415 1859 3485 1912 de

1895 1961 2041 2008 statu
2081 1967 2147 2007 ac
2180 1952 2495 2006 conditione
2546 1965 2645 2004 sua
2679 1949 2959 2015 lacessito;
3010 1952 3255 2021 quandiu
3300 1960 3486 2006 tamen

1896 2043 1951 2098 in
1985 2044 2318 2099 monasterio
2351 2043 2517 2111 degit.
2552 2041 2660 2097 Res
2678 2057 2808 2095 vero
2833 2057 2971 2112 quas
3005 2043 3059 2096 in
3089 2043 3485 2097 monasterium

1898 2135 2153 2191 intulisse
2180 2134 2475 2198 videbitur,
2499 2132 2752 2203 probanti
2777 2132 3077 2200 ididomino
3098 2133 3483 2188 restituuntor.

1897 2229 1966 2283 At
1993 2230 2038 2285 si
2074 2228 2199 2295 quis
2229 2226 2611 2297 praedictarum
2648 2240 3004 2294 personarum
3048 2224 3335 2295 reliquerit
3367 2240 3488 2277 mo-

1899 2320 2228 2382 nasterium,
2265 2327 2324 2372 et
2359 2315 2426 2370 ad
2457 2316 2774 2370 szecularem
2818 2315 2985 2368 vitam
3023 2315 3320 2381 transierit,
3373 2316 3490 2370 sive

1901 2415 1954 2469 in
1995 2414 2224 2468 urbibus
2254 2412 2371 2466 sive
2411 2424 2508 2479 per
2539 2423 2701 2479 agros
2745 2410 3010 2464 oberrans
3042 2427 3056 2462 :
3091 2424 3202 2464 suae
3254 2408 3489 2463 fortuna:

1901 2523 1965 2563 ac
2015 2505 2317 2561 conditioni
2373 2504 2635 2558 redditor.
2673 2501 2742 2557 Et
2790 2516 2911 2571 cap.
2966 2501 3034 2554 10
3079 2503 3324 2571 ejusdem
3376 2503 3485 2565 tit.,

1901 2600 2047 2672 quod
2079 2599 2215 2654 dicit
2251 2615 2263 2651 ε
2295 2595 2828 2651 lnterdicimusitem
2870 2595 3209 2664 parentibus,
3248 2609 3315 2649 ne
3351 2594 3491 2649 ﬁlios

1903 2709 2056 2759 suos,
2112 2692 2443 2761 simulatque
2485 2690 2853 2743 monasticam
2900 2689 3068 2743 vitam
3124 2688 3409 2759 elegerint,
3459 2705 3489 2743 e

1902 2786 2310 2842 venerabilibus
2342 2783 2691 2839 monasteriis
2718 2783 3062 2837 abstraham.

1980 2877 2194 2933 Teztus.
2255 2876 2446 2933 Const.
2500 2875 2568 2930 54
2592 2876 2835 2945 ejusdem
2863 2876 2944 2929 tit.
2976 2892 2989 2928 :
3021 2873 3141 2929 Non
3175 2875 3298 2930 licet
3323 2883 3491 2938 ,elc.,

1908 2986 2071 3041 usque
2097 2969 2166 3023 ad
2200 2967 2522 3039 provinciali
2555 2967 2789 3033 cohorti,
2817 2974 2871 3020 ut
2902 2982 3025 3037 pag.
3046 2967 3171 3023 791,

1979 3156 2272 3211 Scholium.
2321 3156 2558 3212 Constit.
2617 3156 2687 3211 5'5
2718 3156 2798 3212 tit.
2836 3157 2869 3212 5
2916 3157 3010 3211 lib.
3046 3172 3061 3210 ι
3091 3156 3226 3211 Cod.
3277 3172 3381 3210 non
3412 3166 3498 3211 est

1906 3251 2085 3319 posita
2122 3249 2174 3301 in
2217 3248 2405 3312 Basil.,
2440 3248 2901 3319 quemadmodum
2951 3251 3113 3302 etiam
3162 3257 3325 3303 antea
3354 3248 3497 3302 dixi-

1907 3358 2051 3396 mus.
2084 3341 2311 3408 Quaaras
2355 3350 2533 3395 tamen
2564 3341 2659 3394 lib.
2697 3356 2772 3406 tv,
2807 3343 2888 3395 tit.
2922 3357 2960 3405 ι,
2990 3356 3109 3410 cap.
3147 3342 3201 3405 9,
3241 3342 3384 3411 quod
3416 3342 3498 3396 sic

1910 3435 2073 3489 habet
2100 3451 2112 3487 :
2142 3431 2355 3488 Nullam
2375 3442 2556 3487 autem
2582 3431 3067 3486 Iicentiamdamus
3091 3440 3184 3485 aut
3217 3431 3497 3501 patribus,

1909 3536 1971 3581 ut
1996 3528 2199 3582 liberos
2231 3545 2245 3582 :
2273 3536 2370 3581 aut
2398 3526 2605 3591 liberis,
2640 3534 2701 3581 ut
2736 3537 3015 3597 parentes,
3045 3528 3138 3596 qui
3178 3528 3496 3583 saecularem

1909 3622 2387 3675 conversationem
2433 3618 2772 3689 relinquunt,
2805 3626 3064 3689 tauquam
3113 3621 3355 3692 ingratos
3387 3620 3498 3673 lue-

1910 3714 2140 3767 reditate
2188 3728 2286 3767 sua
2332 3710 2646 3776 excludant,
2688 3726 2783 3781 per
2828 3726 3049 3766 causam
3103 3712 3501 3783 aliquamqute

1911 3806 2271 3861 monasticam
2320 3807 2487 3859 vitam
2520 3807 2883 3875 praacesserit.
2924 3806 3111 3862 Const.
3139 3807 3173 3860 2
3225 3808 3353 3862 tit.t
3393 3806 3504 3859 Nu.

1913 3898 2202 3962 vellat-um,
2250 3904 2333 3951 est
2366 3896 2575 3949 novella
2610 3893 2908 3951 Justiniani
2942 3897 2993 3951 6.
3028 3896 3142 3952 Hoc
3168 3908 3351 3953 autem
3379 3900 3499 3968 ejus

1912 4005 2032 4058 Cap.
2068 3998 2293 4043 nonest
2342 3990 2578 4059 positum
2634 3994 2685 4043 in
2722 3989 2886 4044 Basil.
2924 3990 3114 4045 Const.
3163 3991 3199 4045 2
3251 3991 3498 4062 ejusdem

1915 4082 1999 4134 tit.
2037 4078 2407 4147 Novellarum,
2453 4092 2536 4136 est
2564 4083 2771 4136 novella
2804 4081 3100 4136 Justiniaui
3161 4084 3285 4147 123,
3320 4084 3499 4153 posita

1913 4172 2057 4245 [quae
2088 4171 2191 4245 est]
2218 4175 2270 4227 in
2301 4174 2392 4228 lib.
2437 4173 2601 4230 Basil.
2652 4190 2729 4239 Ill,
2757 4175 2838 4228 tit.
2874 4190 2910 4235 ι,
2958 4175 3114 4245 cujus
3145 4175 3213 4229 54
3243 4191 3361 4246 cap.
3412 4178 3499 4231 di-

1915 4265 2009 4325 cit,
2045 4279 2389 4334 quaecunque
2437 4263 2489 4315 in
2525 4272 2673 4317 textu
2734 4264 3291 4332 comprehenduntur.
3329 4265 3502 4337 Legas

1915 4353 2128 4427 [etiam]
2160 4356 2403 4425 ejusdem
2441 4356 2533 4409 lib.
2558 4364 2610 4409 et
2636 4356 2721 4407 tit.
2755 4371 2876 4424 cap.
2906 4356 2996 4417 57,
3025 4356 3175 4425 quod
3230 4357 3499 4411 insertum

210 4454 316 4508 τίτ.
346 4470 476 4525 κεφ.
522 4452 621 4520 λζ’,
659 4456 796 4527 ὅπερ
836 4454 1197 4526 κατεστρώθη
1243 4456 1322 4515 εἰς
1370 4457 1468 4523 τὴν
1505 4454 1797 4524 ἑρμηνείαι

1914 4459 1997 4501 cst
2058 4448 2489 4516 iuterprctationi
2531 4462 2651 4517 cap.
2685 4446 2755 4500 56
2798 4450 2880 4501 tit.
2918 4464 2931 4501 ι
2966 4450 3248 4517 praesentis
3297 4451 3500 4521 operis.

212 4545 303 4599 τοῦ
336 4544 426 4611 λς’
459 4564 587 4616 κεφ.
649 4547 741 4600 τοῦ
775 4545 823 4601 α’
862 4549 967 4602 τίτ.
1032 4548 1126 4600 τοῦ
1177 4548 1449 4619 παρόντος
1490 4547 1809 4615 συντάγμα-

213 4656 323 4702 τος.
367 4639 431 4693 Ἦ
468 4646 536 4708 ιγ’
564 4639 698 4694 διάτ.
728 4640 823 4693 τοῦ
858 4638 905 4693 α’
948 4639 1055 4694 τίτ.
1085 4640 1192 4693 τῶν
1216 4640 1465 4711 Νεαρῶν,
1496 4640 1610 4692 ἔστι
1640 4639 1811 4710 νεαρὰ

228 4731 664 4795 Ἰουοτινιάνειος
698 4730 762 4784 ε’·
795 4731 954 4785 τοῦτο
982 4732 1039 4785 δέ
1062 4720 1129 4786 τὸ
1156 4750 1282 4801 κεφ.
1312 4734 1413 4785 οὑκ
1438 4732 1595 4802 ἐτέθη
1633 4734 1711 4792 εἰς
1744 4732 1811 4785 τὰ

215 4825 505 4879 Βασιλικά.
548 4825 614 4878 'H
648 4825 705 4878 δὲ
755 4823 798 4896 β’
846 4825 987 4879 διάτ.
1020 4824 1115 4878 τοῦ
1158 4825 1325 4879 αὐτοῦ
1355 4825 1461 4878 τίτ.
1494 4824 1609 4877 ἐστι
1642 4823 1812 4893 νεαρὰ

226 4918 665 4981 ’Ῐουστινιάνειος
696 4915 816 4989 ρκγ¹
860 4918 1092 4988 κειμένη
1141 4920 1199 4970 ἐν
1249 4917 1389 4987 βιϐλ.
1437 4916 1546 4969 τῶν
1598 4916 1813 4969 Βασιλι-

215 5010 325 5064 κῶν
354 5009 421 5077 δ’,
452 5011 559 5065 τίτ.
590 5009 661 5077 α’,
709 5028 836 5081 κεφ.
876 5008 969 5073 ια’,
1014 5011 1108 5064 καὶ
1134 5010 1419 5079 ἀνάγνωθί
1439 5008 1599 5062 τοῦτο
1639 5024 1809 5061 κατα-

217 5100 460 5172 πρωθέν
490 5102 673 5173 ῥητῶς
707 5103 765 5155 ἐν
794 5106 860 5174 τῇ
894 5104 1034 5174 ἀρχῇ
1059 5102 1153 5155 τοῦ
1177 5104 1444 5173 παρόντος
1469 5100 1546 5171 λβ⁹
1576 5118 1703 5171 κεφ.

285 5196 539 5249 ΚΕΦΑΛ.
604 5193 728 5249 AI".
763 5225 836 5236 —
878 5197 1016 5265 Περί
1085 5195 1207 5249 τῶν
1265 5194 1812 5264 συνεπισταμένων

220 5286 637 5355 ἁμαρτάνουσι
692 5288 1030 5356 κληρικοῖς,
1084 5288 1305 5358 καὶμὴ
1359 5289 1807 5359 φανερούντων.

288 5380 571 5433 Βασιλείου
603 5379 784 5434 κανὼν
807 5379 909 5435 οα’.

289 5474 605 5542 Κείμενον.
648 5474 786 5544 Περὶ
825 5474 937 5529 τῶν
971 5475 1408 5547 ὑποδεχομένων,
1444 5476 1478 5548 ἢ
1534 5476 1810 5547 κρυπτάν-

224 5581 327 5618 των
355 5565 585 5638 λῃστάς,
625 5565 659 5636 ἦ
684 5562 1024 5637 δυναμένων,
1054 5585 1109 5623 κ.
1147 5586 1198 5623 τ.
1234 5569 1311 5637 λ.,
1341 5585 1519 5641 usque
1542 5568 1609 5623 ad
1648 5567 1691 5640 β’
1715 5570 1810 5622 τοῦ

226 5657 517 5727 εἰρημένου
547 5656 622 5722 ις’
656 5658 763 5711 τίτ.
793 5658 889 5713 τοῦ
919 5659 1005 5731 μζ
1038 5661 1180 5731 βιϐλ.

289 5750 568 5820 Σχόλιον.
622 5750 684 5802 Ὀ
713 5748 789 5804 λθ¹
822 5751 926 5806 τίτ.
970 5754 1064 5807 τοῦ
1097 5753 1140 5808 θ’
1189 5755 1329 5825 βιὸλ.
1363 5757 1457 5809 τοῦ
1486 5754 1614 5809 κὼδ.
1645 5755 1804 5825 ἐτέθη

1915 4539 2103 4595 Const.
2135 4540 2200 4595 15
2228 4542 2309 4595 tit.
2350 4542 2372 4593 'l
2408 4539 2753 4596 Novellarum
2813 4551 2896 4596 est
2940 4543 3150 4597 novella
3206 4542 3504 4599 Justiniani

1916 4633 1966 4689 5.
2004 4633 2120 4689 lloc
2151 4644 2329 4689 autem
2355 4651 2477 4706 cap.
2508 4652 2619 4691 non
2650 4646 2733 4703 est
2761 4638 2995 4707 positum
3027 4638 3079 4692 in
3109 4637 3273 4693 Basil.
3298 4639 3501 4707 gtioust.

1911 4728 1957 4781 2*
1998 4728 2246 4798 ejusdem
2309 4730 2394 4784 tit.
2450 4737 2534 4784 est
2584 4730 2835 4785 similiter
2883 4732 3092 4787 novella
3156 4732 3278 4797 19.5,
3322 4724 3500 4802 posita

1916 4820 2060 4891 [qum
2104 4819 2209 4893 est]
2245 4822 2295 4874 in
2336 4822 2425 4876 lib.
2462 4821 2628 4877 Basil.
2667 4840 2739 4887 Iv,
2776 4825 2857 4879 tit.
2895 4825 2947 4891 1,
2985 4826 3212 4896 cap.ll,
3246 4827 3391 4894 quod
3432 4824 3501 4879 ad

1915 4916 2138 4972 verbum
2170 4915 2325 4971 initio
2369 4918 2655 4988 praesentis
2684 4918 2753 4974 '52
2782 4935 2901 4990 cap.
2930 4920 3194 4976 insertum
3232 4920 3399 4991 legas.

1982 5194 2137 5251 CAP.
2182 5194 2420 5251 XXXlll.
2471 5228 2540 5237 —
2576 5196 2652 5252 De
2692 5199 2757 5251 iis
2806 5197 2894 5266 qui
2932 5196 3151 5251 clericos
3210 5197 3507 5269 delinquere

1880 5324 1887 5329 -
1916 5294 2111 5359 sciunt,
2134 5307 2182 5349 et
2218 5311 2325 5348 non
2359 5294 2730 5363 manifestam.

1988 5386 2178 5441 Basilii
2210 5401 2387 5441 canon
2425 5386 2485 5438 7t
2521 5403 2536 5437 :

1992 5478 2212 5533 Τρωίας.
2256 5478 2330 5531 De
2368 5478 2436 5531 iis
2466 5476 2559 5547 qui
2608 5476 2759 5531 fures
2785 5474 2976 5530 aliisve
3014 5474 3361 5541 criminibus,
3396 5485 3501 5532 etc.

1915 5589 2078 5644 usque
2107 5573 2177 5625 ad
2215 5571 2311 5626 lib.
2345 5587 2491 5626 uvu
2515 5569 2741 5643 [docet],
2776 5579 2831 5623 ut
2868 5586 2989 5639 pag.
3029 5568 3152 5625 794.

1985 5754 2276 5811 Scholium.
2296 5753 2403 5810 'l‘it.
2430 5754 2497 5810 59
2520 5755 2611 5811 lib.
2647 5771 2697 5810 ix
2725 5753 2857 5810 Cod.
2892 5755 3102 5826 positus
3125 5763 3208 5811 cst
3232 5754 3283 5809 in
3313 5770 3431 5825 cap.
3457 5754 3509 5826 5,
