3916 6244
461 294 598 360 1135

1596 292 1859 353 ΓΠΟΤΙΙ
1890 293 2072 354 ΡΑΤΠ

2194 294 2393 355 lCHE
2427 294 2533 355 ΟΡ.
3598 295 3715 359 λι36

463 410 550 465 tit.
594 408 663 461 27
726 408 939 479 Ιὶιιζξιλ
999 404 1191 471 Basil,
1249 412 1303 458 et
1352 402 1430 457 ait
1468 403 1521 457 in
1581 404 1727 459 hunc
1776 405 1997 459 modum
2041 424 2053 459 :

2196 410 2240 470 i;
2277 425 2402 476 κεφ.
2436 405 2483 475 γ’
2544 403 2637 458 τοῦ
2662 401 2744 469 κζ’
2770 403 2875 458 τίτ.
2903 403 2997 458 τοῦ
3031 400 3075 471 ξ’
3102 402 3243 475 βιδλ.
3280 402 3386 458 τῶν
3420 404 3715 467 Βασιλικων,

470 501 571 568 Qui
612 501 793 555 sciens
825 499 1132 570 quempiam
1167 495 1461 550 obnoxium
1492 495 1708 549 crimini
1747 496 2052 567 receperit:

470 596 720 651 eumdem
760 609 977 665 poanam
1013 590 1325 646 sustinebit.
1370 588 1475 655 Qui
1511 588 1660 644 fures
1691 590 1977 658 receperit,
2006 598 2058 645 et

470 689 523 742 in
558 688 825 758 judicium
858 703 964 741 non
997 682 1284 739 adduxerit
1316 700 1329 736 :
1362 681 1640 754 [subautia
1695 680 1841 753 ejus]
1880 682 2059 752 publi-

472 789 623 831 (ator
658 796 671 831 :
705 789 793 830 aut
826 792 923 847 pro
947 774 1213 845 qualitate
1260 787 1527 843 personae,
1560 782 1721 842 prout
1761 774 1933 843 judici
1977 772 2054 827 ri-

473 888 596 925 sum
636 870 821 935 fuerit,
857 871 1100 939 punitor.
1162 866 1271 921 Tit.
1325 866 1391 921 16
1436 866 1514 920 lib
1563 880 1709 922 XLVII
1760 866 1879 938 Dig.
1915 867 2062 937 posi-

411 1024 415 1027 _
472 976 561 1020 lus
598 972 681 1019 est
728 964 782 1018 in
829 979 950 1034 cap.
998 962 1021 1015 1
1076 962 1318 1032 ejusdem
1366 960 1436 1013 Ἦ
1467 960 1550 1013 tit.
1589 961 1684 1015 lib.
1716 975 1808 1026 ιιι,
1853 969 1909 1015 et
1941 960 2055 1015 ait:

473 1057 773 1112 latronum
828 1067 1181 1126 receptores,
1234 1062 1289 1108 et
1340 1054 1431 1124 qui
1480 1068 1605 1109 cum
1656 1053 2063 1123 apprehendere

478 1153 720 1206 latrones
764 1158 1008 1220 poswnt,
1067 1148 1297 1218 pecunia
1345 1147 1428 1201 vel
1482 1148 1863 1216 subreptorum
1908 1157 2063 1217 parte

486 1249 730 1309 accepta,
760 1236 934 1311 [illos]
972 1237 1301 1291 dimiserunt
1332 1253 1348 1292 ι
1384 1236 1606 1306 perinde
1634 1245 1796 1305 atque
1824 1236 2064 1291 latrones

478 1332 802 1402 puniuntur.
839 1329 1041 1400 Digest.
1071 1329 1106 1382 2
1149 1329 1230 1383 tit.
1258 1329 1437 1384 ibiib.
1484 1343 1625 1382 \LVII
1659 1328 1776 1397 Dig.
1837 1338 2061 1398 estcap.

477 1429 513 1481 2
546 1426 677 1481 dicti
725 1424 795 1478 27
845 1425 954 1490 tit.,
992 1426 1139 1494 quod
1173 1438 1428 1493 expresse
1459 1423 1640 1486 habet,
1696 1432 1757 1477 ut
1800 1423 2063 1493 scriptum

477 1527 582 1572 est.
622 1514 798 1587 Legas
830 1515 993 1569 etiam
1025 1516 1059 1570 4
1108 1512 1225 1584 ejus
1251 1528 1373 1584 cap.
1404 1512 1549 1583 quod
1582 1514 1760 1580 docet,
1789 1515 2067 1584 quomodo

478 1610 802 1666 criminibus
822 1607 1067 1669 obnoxii,
1093 1608 1186 1677 qui
1214 1606 1264 1659 iu
1297 1606 1515 1676 praadiis
1549 1604 1819 1678 [rusticis]
1837 1606 2063 1678 degunt,

2160 493 2253 546 καί
2304 511 2472 565 φησιν
2518 492 2712 559 οὕτως,
2754 494 2814 546 '0
2847 492 3244 565 ὑποδεξάμενός
3279 511 3397 549 τινα
3430 498 3719 567 ἐνεχόμενον

2160 586 2473 659 ἐγκλήματι
2503 590 2561 641 ἐν
2592 587 2817 657 εἰδήσει,
2845 588 2945 658 τὴν
2980 587 3153 658 αὐτὴν
3182 589 3543 660 ὑποστήσεται
3570 608 3721 662 τιμω-

2168 680 2311 750 ρίαν.
2354 680 2412 733 '0
2448 678 2505 732 δὲ
2535 680 2934 753 ὑποδεξάμενος
2968 680 3173 754 λῃστὰς
3216 681 3311 735 καὶ
3357 682 3429 754 μὴ
3463 699 3718 752 προσαγα-

2163 774 2275 841 γὼν
2316 772 2513 837 αὐτοὺς
2558 772 2917 847 δικαστηρίῳ,
2966 773 3307 846 δημευέσθω,
3340 772 3371 845 ἢ
3402 775 3723 845 τιμωρείσθω

2163 867 2307 921 κατὰ
2331 869 2430 940 τὴν
2462 867 2724 939 ποιότητα
2748 868 2843 922 τοῦ
2873 868 3197 941 προσώπου,
3229 868 3304 932 ὠς
3337 867 3402 922 ἂν
3424 870 3451 921 ὁ
3480 867 3724 940 δικαστὴς

2166 961 2374 1033 συνίδῃ.
2419 963 2475 1016 '0
2509 960 2584 1028 ις’
2608 963 2715 1017 τίτ.
2760 961 2855 1017 τοῦ
2883 961 2969 1034 μς
2996 962 3143 1033 βιδλ.
3174 961 3281 1015 τῶν
3310 961 3448 1017 διάτ.
3484 961 3635 1033 ἐτέθη
3658 965 3725 1025 εἰς

2166 1071 2293 1123 κεφ.
2324 1053 2371 1108 α’
2404 1054 2493 1108 τοῦ
2520 1056 2685 1111 αὐτοῦ
2719 1054 2800 1120 κζ’
2836 1055 2942 1109 τίτ.
2978 1056 3071 1109 τοῦ
3097 1052 3137 1120 ξ’
3165 1054 3307 1126 βιϐλ.
3339 1055 3433 1108 καί
3457 1069 3631 1125 φησιν·
3672 1054 3724 1108 '0

2168 1148 2453 1219 ὑποδοχεῖς
2487 1148 2597 1202 τῶν
2631 1149 2845 1221 λῃστῶν
2876 1148 2952 1212 ὡς
2979 1147 3176 1219 λῃσταὶ
3218 1146 3604 1218 τιμωροῦνται,
3647 1148 3727 1201 καὶ

2166 1241 2217 1294 oi
2250 1241 2541 1311 δυνάμενοι
2572 1243 2849 1313 κρατῆσαι
2880 1241 3007 1305 τοὺς
3034 1239 3237 1312 λῃστὰς
3260 1240 3356 1292 καὶ
3386 1238 3727 1303 ἀπολύσαντες

2164 1334 2430 1405 χρήματα
2481 1332 2763 1398 λαδόντες,
2795 1333 2829 1405 ἢ
2861 1332 3030 1405 μέρος
3056 1332 3165 1386 τῶν
3212 1331 3633 1404 λῃστευθέντων.
3664 1332 3727 1386 To

2171 1425 2216 1497 β’
2262 1427 2405 1482 διάτ.
2437 1427 2532 1481 τοῦ
2566 1435 2643 1493 ις’
2671 1427 2777 1482 τίτ.
2822 1426 2920 1480 τοῦ
2960 1424 3047 1497 μζ¹
3090 1425 3231 1497 βιόλ.
3277 1425 3389 1479 τῶν
3432 1425 3724 1491 διατάξεων,

2168 1519 2283 1572 ἐστι
2311 1536 2435 1589 κεφ.
2470 1518 2514 1590 β’
2536 1519 2630 1573 τοῦ
2659 1519 2918 1593 ῥηθέντος
2946 1518 3029 1584 κζ’
3063 1519 3169 1574 τὶτ,
3204 1517 3300 1573 τοῦ
3332 1516 3374 1582 ξ’
3417 1517 3552 1588 βιϐλ,
3581 1518 3731 1584 οὕτως

2171 1610 2292 1682 ἔχον
2325 1615 2502 1682 ῥητῶς
2544 1613 2618 1676 ὡς
2651 1614 2889 1684 ἐγράφη.
2928 1611 3229 1680 Ἀνάγνωθι
3277 1610 3463 1665 καὶτὸ
3505 1610 3545 1665 δ’
3587 1611 3730 1665 αὑτοῦ

479 1701 650 1776 [inde]
711 1702 1102 1756 abstrahamur
1141 1717 1154 1754 :
1190 1709 1264 1764 et,
1297 1699 1441 1769 quod
1488 1699 1591 1752 nisi
1637 1700 1823 1769 praedii
1856 1700 2065 1754 domini

2194 1722 2296 1773 ιεφ.
2330 1704 2582 1758 διδάσκον
2606 1706 2726 1767 πῶς
2755 1706 3116 1760 ἀποσπῶνται
3149 1705 3199 1758 oi
3230 1704 3540 1776 ἐνεχόμενον.
3561 1704 3733 1775 ἐγκλή-

479 1798 582 1851 lios
617 1794 963 1864 magistratui
994 1793 1250 1858 ollerant,
1300 1792 1421 1863 ejus
1457 1792 1700 1847 dominio
1735 1793 2017 1863 priventur
2050 1811 2063 1847 :

2194 1812 2328 1858 ιασι,
2383 1795 2479 1848 καὶ
2512 1794 2883 1867 διατρίϐοντες
2914 1797 2973 1848 ἐν
3004 1796 3272 1867 κτήμασι,
3319 1795 3421 1849 καὶ
3463 1796 3542 1848 ὅτι
3593 1797 3637 1848 εί
3671 1795 3733 1866 μὴ

479 1890 741 1960 primates
798 1896 982 1942 autem
1039 1886 1226 1956 praedii
1279 1896 1332 1939 et
1384 1893 1791 1953 procuratores,
1836 1883 1966 1955 [nisi
2013 1884 2067 1939 id

2194 1887 2374 1941 3:66am
2394 1886 2620 1951 τούτους
2640 1889 2689 1939 οἱ
2714 1887 2973 1941 δεσπόται
2998 1888 3093 1941 τοῦ
3117 1889 3400 1960 κτήματος
3420 1887 3498 1959 τῷ
3520 1887 3733 1960 ἄρχοντι,

479 1976 735 2048 faciant,j
786 1977 839 2030 in
889 1977 1143 2030 exsilium
1179 1975 1483 2030 mittantur.
1533 1974 1731 2029 Verum
1766 1984 1821 2029 tu
1854 1991 2070 2045 qumras

481 2079 655 2125 totum
678 2070 747 2123 27
768 2070 848 2124 tit.
870 2085 937 2123 ιιι
961 2068 1077 2135 lib.,
1111 2066 1220 2140 [ac]
1244 2068 1392 2137 legas
1412 2066 1688 2123 ctiam'lib.
1710 2083 1749 2134 ι,
1772 2068 1855 2122 ιιι.
1877 2067 1929 2135 1,
1949 2082 2067 2138 cap.

480 2160 571 2225 2'2,
606 2160 696 2227 50,
723 2160 825 2223 90,‘
848 2167 901 2214 et
936 2159 1029 2212 lib.
1050 2175 1141 2222 Ls,
1175 2160 1257 2213 tit.
1288 2158 1377 2221 5‘),
1410 2173 1531 2227 cap.
1556 2157 1653 2211 ult.
1682 2159 2070 2229 Complectun-

483 2263 573 2308 tur
602 2252 771 2318 enim,
804 2253 947 2323 quod
982 2252 1213 2321 perinde
1259 2259 1425 2320 atque
1469 2251 1706 2307 lia-retici
1738 2262 1792 2307 et
1822 2254 2070 2309 incanta-

482 2353 653 2410 tores,
686 2343 722 2397 ii
747 2345 840 2413 qui
874 2344 997 2399 illos
1028 2342 1300 2412 recipiunt
1334 2349 1388 2396 et
1422 2344 1725 2409 occultant,
1748 2344 2067 2413 puniantur.

551 2640 707 2699 CAP.
767 2641 1012 2699 XXXIV.
1042 2670 1112 2683 —-
1145 2636 1301 2705 Quod
1352 2636 1443 2708 qui
1486 2638 1668 2694 clerici
1704 2640 2073 2713 [dejussiones

479 2734 633 2802 dant,
659 2737 1014 2807 deponantur.

559 2830 950 2899 Apostolorum
984 2846 1163 2886 canon
1193 2832 1286 2888 20.

558 2919 774 2975 Texlus.
811 2922 1128 2978 Constit.25
1158 2935 1211 2980 et
1243 2925 1313 2980 '52
1344 2926 1428 2981 tit.
1462 2925 1497 2980 5
1534 2923 1669 2978 lib.|
1704 2920 1875 2977 Cod.:
1906 2918 2077 2977 Cleri-

482 3028 600 3080 CUS,
636 3020 767 3079 etc.,
803 3029 966 3084 usque
995 3015 1065 3069 ad
1096 3014 1278 3072 facere
1310 3017 1457 3083 dicit,
1490 3025 1547 3069 ut
1572 3031 1694 3086 pag.
1736 3013 1859 3069 794.

557 3193 850 3252 Scholium.
908 3200 1145 3256 Constit.
1194 3199 1346 3257 25m
1392 3201 1462 3257 5?.
1496 3199 1581 3255 tit.
1633 3201 1668 3257 '5
1723 3200 1818 3255 lib.
1867 3198 2076 3266 1~Cod.,

489 3305 598 3345 non
630 3300 759 3345 sunt
806 3292 996 3362 positae
1030 3294 1083 3347 in
1118 3293 1286 3350 Basil.
1330 3295 1563 3351 Constit.
1621 3303 1800 3349 autem
1846 3292 1882 3348 2
1924 3295 2008 3349 lit.
2048 3294 2074 3347 1

481 3383 868 3451 Novellarum,
903 3396 984 3441 est
1016 3387 1226 3442 novella
1264 3385 1557 3443 Justiniani
1594 3386 1696 3442 1%
1726 3386 1902 3458 posita
1935 3384 2080 3459 [quae

481 3475 589 3548 est]
622 3479 675 3532 in
737 3478 833 3533 lib.
894 3495 952 3534 ιιι
984 3478 1177 3547 Basil.,
1225 3480 1309 3535 tit.
1346 3484 1397 3547 1,
1438 3480 1599 3551 cujus
1644 3481 1714 3536 44
1749 3490 1801 3535 et
1843 3478 1917 3534 45
1945 3484 2075 3549 ‘cap.

484 3571 631 3625 circa
666 3571 827 3627 linem
850 3573 1039 3630 dicunt
1059 3590 1407 3645 quaecunque
1437 3590 1467 3629 a
1498 3574 1695 3629 Pliotio
1730 3574 1784 3629 in
1809 3587 2075 3643 compen-

483 3664 576 3717 dio
607 3665 887 3733 proliosita
944 3676 1088 3720 sunt.
1122 3665 1395 3722 Cancrum
1450 3684 1572 3737 qua:
1614 3667 1815 3737 scripta
1864 3674 1992 3720 sunt
2024 3666 2077 3720 in

488 3756 829 3825 expositione
855 3756 927 3810 20
954 3758 1185 3813 canonis
1242 3768 1558 3814 sanctorum
1586 3760 1980 3830 apostolorum,
2012 3759 2079 3813 ad

489 3848 822 3902 solutionem
882 3850 1260 3919 ambiguitatis
1329 3868 1453 3922 quae.
1515 3853 1582 3907 de
1631 3852 2079 3920 lidejussionibus

485 3942 869 4012 episcoporum
914 3955 967 3999 et
1013 3941 1340 3999 clericorum
1382 3944 1683 4011 inducitur,
1738 3943 2015 3999 sulIiciuut
2061 3962 2077 4001 :

491 4049 614 4105 quae
644 4034 813 4106 legas.

558 4151 711 4209 CAP.
738 4150 959 4208 XXXV.
999 4186 1071 4196 —
1103 4152 1179 4208 De
1213 4153 1440 4221 clericis,
1482 4155 1572 4226 qui
1617 4155 1670 4209 in
1699 4170 1964 4225 caupona,
2006 4156 2083 4211 vel

490 4247 702 4317 publica
726 4248 1019 4302 diversorio
1043 4247 1216 4301 cibum
1241 4249 1481 4317 capiunt.

564 4341 954 4411 Apostolorum
986 4356 1161 4395 canon
1186 4340 1255 4395 54
1281 4357 1296 4407 ;
1321 4340 1539 4396 concilii
1576 4340 1872 4399 Laodiceni
1903 4359 2079 4399 canon

2175 1979 2549 2050 στερίσκονται
2582 1978 2683 2050 τῆς
2714 1979 3034 2043 δεσποτείας
3064 1980 3251 2047 αὐτοῦ,
3283 1981 3382 2035 καὶ
3423 1983 3473 2033 οἱ
3505 1980 3732 2053 πρωτεύο

2172 2088 2325 2135 οντες
2356 2071 2451 2124 καὶ
2499 2072 2551 2125 οί
2587 2074 2909 2144 φροντισταὶ
2948 2073 3139 2126 τούτου
3172 2072 3533 2145 ἐξορίζονται.
3582 2073 3649 2126 Σίι
3690 2072 3736 2125 δὲ

2172 2164 2328 2235 ζήτει
2354 2164 2445 2218 τὸν
2475 2165 2597 2219 ὅλον
2656 2164 2738 2231 κζ’
2773 2167 2879 2220 τίτ.
2909 2166 3003 2220 τοῦ
3055 2165 3098 2231 ξ’
3144 2167 3286 2238 βιελ.
3330 2166 3625 2235 ’Λνάγνωθι
3658 2166 3736 2218 καὶ

2174 2258 2315 2328 βιὸλ.
2351 2256 2585 2330 α’τίτ.β’
2628 2277 2754 2329 κεφ.
2783 2258 2866 2332 κβ¹
2900 2261 2993 2315 καὶ
3022 2260 3063 2312 ν’
3085 2262 3181 2315 καὶ
3212 2259 3282 2329 ιί,
3318 2260 3468 2333 βιϐλ.
3501 2259 3540 2326 ξ’
3566 2257 3736 2313 mw

2173 2367 2299 2420 κεφ.
2327 2352 2653 2406 τελευταῖον.
2691 2353 3132 2424 Διαλαμὸἀνουσι
3166 2357 3275 2426 γὰρ
3315 2355 3403 2407 ὅτι
3433 2355 3619 2424 ἐπίσης
3645 2354 3740 2412 τοῖς

2174 2444 2475 2515 αἱρετικοῖς
2509 2444 2606 2498 καὶ
2633 2447 2748 2507 τοῖς
2775 2446 2935 2515 γόησι
2964 2445 3288 2512 κολάζονται
3322 2446 3373 2499 οἱ
3400 2446 3592 2509 αὐτοὺς
3624 2445 3737 2497 timo

2174 2534 2455 2607 δεχόμενοι
2482 2537 2578 2592 καὶ
2608 2537 3105 2608 συγκαλύπτοντες.

2248 2652 2499 2707 ΚΕΦΑΛ.
2525 2652 2864 2723 ΛΔ’.-Περὶ
2890 2654 2995 2709 τοῦ
3024 2652 3435 2724 καθαιρεῖσθαι
3466 2652 3600 2720 τοὺς
3620 2627 3743 2720 πληἶ

2173 2747 2384 2817 ρικοὺς
2413 2747 2696 2817 διδόντας
2723 2749 2968 2820 ἐγγύας.

2264 2840 2608 2895 Ἀποστόλων
2642 2842 2822 2895 κανὼν
2851 2839 2920 2896 κ’.

2252 2935 2559 3005 Κείμενον.
2607 2934 2673 2989 Ἡ
2714 2941 2793 2989 κε’
2825 2936 2920 2989 καὶ
2946 2934 3028 3007 λβ¹
3060 2935 3199 2990 διάτ.
3234 2934 3335 2989 τοῦ
3381 2933 3430 3005 γ’
3459 2935 3563 2989 τίτ.
3596 2932 3682 2987 τοῦ
3705 2931 3742 2987 α’

2184 3026 2327 3099 βι6λ.
2362 3027 2456 3082 τοῦ
2485 3026 2639 3097 κὼδ.,
2682 3046 2737 3083 κ.
2767 3046 2819 3085 τ.
2850 3029 2926 3094 λ.,
2959 3045 3132 3100 usque
3161 3030 3227 3085 ad
3260 3031 3409 3101 μήτε
3443 3030 3611 3083 ποιεῖν
3638 3028 3745 3100 ὁμο-

2106 3152 2149 3211 c
2181 3118 2387 3188 λογίαν.

2253 3213 2301 3264 Σ
2300 3211 2535 3280 χόλιον.
2552 3210 2616 3265 Ἦ
2644 3217 2723 3266 κε’
2749 3211 2844 3266 καὶ
2872 3210 2951 3282 λβθ
2979 3211 3119 3265 διάτ.
3151 3209 3246 3265 τοῦ
3282 3210 3337 3281 γ’
3364 3212 3469 3265 τίτ.
3499 3210 3591 3265 τοῦ
3618 3217 3660 3265 α’
3678 3210 3745 3283 βι-

2185 3298 2268 3356 ϐλ.
2297 3300 2392 3355 τοῦ
2421 3301 2551 3357 κώδ.
2577 3304 2679 3357 οὐκ
2709 3302 2975 3373 ἐτέθησαν
2995 3306 3074 3366 εἰς
3094 3304 3385 3359 Βασιλικά.
3406 3306 3467 3357 Ἡ
3483 3304 3539 3357 δὲ
3563 3303 3605 3375 β’
3627 3304 3745 3357 διάτ.

2181 3393 2277 3447 τοῦ
2310 3392 2489 3450 α’τίτ.
2536 3394 2644 3450 τῶν
2689 3395 2938 3465 Νεαρῶν,
2987 3394 3101 3449 ἐστι
3135 3397 3307 3467 νεαρὰ
3353 3396 3747 3457 ’1ουστινιάνειος

2187 3487 2309 3560 ρκγ⁹
2339 3489 2569 3561 κειμένη
2620 3491 2679 3543 ὲν
2729 3489 2872 3561 βιόλ.
2918 3488 2966 3559 γ’
2993 3490 3102 3543 τῶν
3132 3490 3446 3544 Βασιλικῶν
3478 3492 3580 3544 τίτ.
3607 3488 3649 3542 α’
3674 3487 3748 3541 καί

2184 3598 2320 3651 φησι
2351 3581 2412 3633 τδ
2464 3581 2546 3651 μδ⁰
2580 3598 2702 3651 κεφ.
2750 3582 2846 3636 καὶ
2898 3579 2980 3652 με’
3010 3582 3175 3635 αὑτοῦ
3223 3584 3359 3653 περὶ
3408 3582 3476 3635 τὰ
3520 3582 3641 3651 τέλη
3668 3581 3747 3633 ὅσα

2186 3673 2607 3746 συνωψίσθησαν
2658 3674 2808 3744 παρὰ
2865 3674 2959 3729 τοῦ
3022 3674 3389 3745 πατριάρχου.
3454 3676 3535 3729 Τὰ
3593 3674 3749 3744 μέντοι

2183 3766 2469 3836 γραφέντα
2512 3768 2590 3830 εἰς
2624 3767 2921 3837 ἑρμηνείαν
2955 3767 3048 3820 τοῦ
3095 3765 3143 3819 κ’
3188 3768 3420 3831 κανόνος
3468 3767 3573 3819 τῶν
3604 3765 3750 3833 ἁγίων

2183 3861 2501 3915 ἀποστόλων
2545 3861 2809 3931 ἀρκοῦσιν
2842 3863 2920 3925 είς
2969 3860 3326 3915 διευλύτωσιν
3354 3863 3455 3933 τῆς
3482 3860 3750 3929 εἰσαγομέ-

2184 3971 2281 4025 νης
2316 3952 2649 4025 ἀμφιϐολίας
2680 3955 2842 4025 χάριν
2884 3953 2996 4008 τῶν
3047 3954 3263 4023 ἐγγυῶν
3298 3955 3413 4009 τῶν
3442 3954 3749 4015 ἐπισκόπων,

2184 4052 2280 4105 καὶ
2308 4050 2418 4103 τῶν
2447 4050 2752 4122 κληρικῶν·
2783 4051 2877 4104 καὶ
2909 4050 3183 4117 ἀνάγνωθι
3208 4050 3409 4105 ταῦτα.

2257 4166 2509 4220 ΚΕΦΑΛ.
2545 4164 2670 4220 ΛΕ’.
2703 4196 2773 4207 -—-
2801 4166 2944 4235 Περὶ
3002 4165 3306 4236 κληρικῶν
3354 4168 3674 4222 ἐσθιόντων
3697 4162 3752 4216 ἐν

2185 4257 2513 4323 καπηλείῳ,
2548 4256 2585 4325 ἢ
2617 4257 2977 4325 πανδοκείῳ.

2272 4348 2615 4401 Ἀποστόλων
2667 4347 2849 4402 κανὼν
2880 4349 2987 4403 νδ¹⁶
3039 4350 3263 4404 συνόδου
3309 4348 3631 4413 Λαοδικείας
3672 4361 3753 4400 κα-

491 4432 599 4499 Ής
633 4433 849 4488 concilii
879 4432 1333 4505 Carthaginiensis
1359 4450 1534 4491 canon
1566 4436 1635 4491 40
1657 4453 1671 4505 ;
1696 4438 1913 4493 concilii
1942 4438 2072 4494 sexti

2194 4438 2294 4492 νὼν
2313 4440 2389 4493 κδ’
2410 4457 2423 4470 ο
2456 4440 2673 4494 συνόδνυ
2704 4442 3098 4515 Καρθαγέννης
3124 4442 3305 4497 κανὼν
3340 4442 3394 4515 μ’
3417 4460 3430 4474 ·
3468 4444 3674 4497 συνόδου
3692 4439 3751 4502 ς’,
3784 4430 3787 4431 ν

492 4540 667 4579 canon
699 4524 752 4578 9.

573 4616 790 4672 Textus.
828 4617 1064 4675 Constit.
1120 4618 1189 4673 14
1220 4618 1302 4674 tit.
1330 4620 1386 4691 ,1
1422 4618 1772 4677 Novellarum
1807 4621 1905 4688 ait,
1938 4620 2085 4691 quod

496 4711 853 4782 monachum,
896 4721 1030 4781 etc.,
1061 4728 1222 4784 usque
1250 4713 1320 4767 ad
1350 4729 1544 4770 curare
1576 4712 1841 4787 [debere],
1882 4724 1939 4769 ut
1960 4731 2082 4786 pag.

499 4805 628 4860 795.

570 4895 865 4951 Scholium.
897 4898 1088 4954 Const.
1151 4896 1219 4953 M
1252 4897 1335 4954 tit.
1375 4899 1399 4953 1
1445 4896 1820 4965 Novellarum,
1859 4908 1944 4957 est
1987 4916 2087 4955 no-

500 4989 641 5044 rirlla
666 4988 965 5045 Justiniani
1003 4990 1126 5057 155,
1162 4992 1340 5060 posita
1376 4988 1521 5062 [quae
1546 4989 1651 5063 est]
1689 4992 1741 5044 in
1770 4991 1863 5045 lib.
1891 5007 1947 5045 ιν
1980 4991 2087 5045 Ba-

504 5084 617 5152 si|.,
650 5084 737 5137 lit.
777 5083 829 5149 1,
858 5098 982 5153 cap.
1012 5083 1096 5149 l6,
1122 5082 1266 5153 quod
1301 5083 1382 5138 sic
1413 5084 1593 5147 habet,
1627 5086 2085 5153 quemadmodum

2190 4532 2371 4586 κανὼν
2399 4531 2465 4587 θ’.

2261 4624 2574 4695 Κείμενον.
2617 4626 2683 4679 Ἦ
2739 4625 2800 4679 ιδ’
2852 4626 2992 4681 διάτ.
3040 4627 3135 4681 τοῦ
3170 4635 3220 4681 α’
3264 4628 3373 4686 τίτ.
3414 4630 3525 4682 τῶν
3556 4625 3755 4697 Νεαρῶν

2190 4734 2359 4786 φησιν
2384 4719 2467 4771 ὅτι
2496 4720 2585 4774 τὸν
2619 4719 2948 4791 μοναχὸν,κ.
2981 4738 3031 4774 τ.
3067 4721 3139 4790 λ.,
3173 4737 3348 4793 usque
3373 4723 3441 4778 ad
3466 4724 3514 4776 οἱ
3544 4722 3753 4792 ὕπαρχοι

2189 4812 2285 4862 καὶ
2320 4810 2370 4862 οί
2405 4811 2684 4881 ἄρχοντες.

2257 4902 2540 4969 Σχόλιον.
2561 4903 2623 4955 Ἠ
2653 4904 2714 4957 ιδ’
2742 4905 2885 4959 διάτ.
2917 4904 3010 4958 τοῦ
3041 4910 3089 4959 α’
3116 4907 3223 4960 τίτ.
3260 4906 3372 4960 τῶν
3396 4904 3755 4978 Νεαρῶν,ἒστι

2198 4996 2380 5064 νεαρὰ
2418 4993 2842 5061 Ἰουστινιάνειος
2891 4998 3025 5069 ρ).γ’.
3072 5000 3313 5071 Κειμένη
3359 5005 3417 5054 ἐν
3449 5002 3556 5073 βιϐ.
3588 5003 3627 5053 δ’
3667 4998 3757 5050 τῶν

2193 5085 2502 5141 Βασιλικῶν
2545 5090 2651 5143 τίτ.
2698 5097 2768 5157 α’,
2814 5108 2940 5161 κεφ.
2990 5099 3091 5159 ις’,
3138 5092 3312 5156 οὕτως
3345 5093 3525 5164 ἔχοντι
3554 5092 3625 5156 ὼς
3654 5106 3756 5143 σνν-

502 5178 557 5232 in
592 5177 917 5247 compendio
954 5177 1295 5246 propositum
1326 5186 1429 5233 est.
1464 5176 1689 5243 Quaeras
1725 5176 1900 5251 [vero]
1926 5178 2072 5234 etian'

2194 5180 2434 5269 ωψίσθη.
2467 5183 2578 5235 Καὶ
2608 5184 2887 5251 ἀνάγνωθι
2915 5184 3095 5237 τοῦτο.
3127 5186 3286 5256 Ζήτει
3322 5189 3418 5239 καὶ
3447 5186 3641 5240 κανόνα
3666 5180 3755 5235 τῶν

503 5280 822 5326 sanctorum
852 5269 1225 5340 apostolorum
1253 5284 1516 5325 canoneui
1544 5270 1614 5324 42
1643 5279 1697 5325 et
1721 5271 1812 5327 45.

572 5383 724 5441 CAP.
751 5383 1000 5439 XXXVI.
1039 5415 1113 5426 ——
1142 5381 1217 5437 De
1246 5384 1453 5438 clericis
1473 5387 2091 5455 imperatorem,episco-

499 5494 647 5547 pum,
683 5477 1061 5548 magistratum
1081 5484 1175 5530 aut
1214 5476 1580 5545 presbyterum
1605 5480 1925 5533 contumelia
1966 5481 2093 5550 af/i-

501 5571 783 5626 cientibus.

573 5682 959 5752 Apostolorum
988 5695 1163 5737 canon
1196 5681 1285 5748 55,
1319 5681 1409 5749 56,
1436 5681 1525 5737 84.

578 5775 797 5828 Textus.
836 5774 908 5829 De.
937 5773 1152 5831 clericis
1182 5775 1512 5831 contumelia
1537 5772 1919 5842 aﬂicie.itibus,
1954 5788 2086 5843 etc.,

2192 5274 2365 5343 ἁγίων
2395 5275 2711 5329 ἀποστόλων
2744 5276 2853 5348 μβ’,
2888 5283 3000 5348 pq".

2270 5388 2521 5443 ΚΕΦΑΛ.
2564 5387 2713 5456 AG'.
2766 5420 2836 5429 -
2880 5390 3021 5458 Περὶ
3073 5387 3379 5459 κληρικῶν
3429 5386 3755 5458 ὑϐριζόντων

2188 5480 2477 5548 βασιλέα,
2534 5481 2574 5550 ἢ
2621 5481 2985 5551 ἐπίσκοπον,
3031 5483 3071 5553 ἣ
3118 5482 3406 5553 ἄρχοντα,
3446 5482 3483 5549 ἣ
3523 5474 3753 5547 πρεσϐύ-

2195 5591 2387 5643 τερον.

2279 5689 2618 5744 ’Λποστόλων
2653 5692 2832 5745 κανὼν
2859 5691 2958 5759 νε’,
2987 5700 3097 5759 νς’,
3132 5694 3234 5749 πδ⁷.

2267 5782 2578 5850 Κείμενον.
2616 5784 2819 5851 Ίδικῶς
2850 5786 2948 5856 μὲν
2984 5788 3112 5858 περὶ
3144 5788 3421 5859 κληρικῶν
3452 5780 3747 5855 ὑϐριζόντων
