3744 6218
55 253 177 319 1137

805 253 1291 318 NOMOCANON.
1329 280 1401 294 -
1439 256 1587 320 TIT.
1628 313 1630 317 ,

1783 259 1933 321 CAP.
1975 259 2557 322 ΧΧΧΙν-ΧΧΧἯΙ.

3181 260 3315 327 1138

50 367 364 433 δπολιτικδς
389 367 573 439 νόμος,
621 384 672 421 κ.
706 383 756 424 τ.
784 366 863 432 λ.,
898 383 1073 438 usque
1112 368 1181 423 ad
1209 368 1479 439 λεγόντων
1526 387 1610 423 τι-

1783 386 1876 442 que
1911 371 1980 425 ad
2022 370 2115 425 lib.
2153 386 2230 436 lx,
2264 371 2345 425 tit.
2379 370 2448 426 36
2482 369 2711 444 [docet],
2747 380 2803 426 ut
2835 388 2999 443 supra
3028 391 3151 447 pag.
3183 376 3308 433 795.

52 467 144 526 civ,
173 462 243 521 ὡς
275 461 412 529 βιϐλ.
454 460 497 514 θ’
525 460 628 516 τίτ.
665 461 774 526 λς’.

116 554 387 623 Σχόλιον.
442 552 509 606 'H
536 550 586 605 a.’
619 552 759 608 διάτ.
790 552 883 608 τοῦ
916 554 960 618 ζ’
993 554 1099 611 τίτ.
1138 554 1232 609 τοῦ
1257 554 1302 609 θ’
1342 554 1484 627 βιϐλ.
1517 553 1613 609 τοῦ

51 646 189 710 κώδ.,
231 645 346 698 ἐστι
378 644 517 715 βιϐλ.
546 643 589 709 ξ’
614 645 722 700 τίτ.
774 645 864 711 λς’
900 664 1027 716 κεφ.
1067 654 1133 716 ιγ’
1167 645 1342 710 οὕτως
1388 646 1508 717 ἔχον
1536 646 1611 711 ὡς

50 736 366 808 συνωψίσθη.
406 735 478 789 Τὸ
527 734 576 789 α’
606 736 746 794 διάτ.
794 737 890 791 τοῦ
922 735 966 790 δ’
1008 738 1115 793 τίτ.
1166 736 1258 792 τοῦ
1296 744 1385 809 μη¹
1443 737 1612 809 βιϐλ.,

47 830 149 884 ἔστι
179 828 329 899 θέμα-
365 827 408 897 β’
439 827 535 882 τοῦ
568 835 619 899 η’
653 847 777 899 κεφ.
830 829 926 884 τοῦ
972 828 1061 896 λς’
1090 829 1197 886 τίτ.
1251 830 1344 884 τοῦ
1378 830 1419 896 ξ’
1472 830 1611 901 βιϐλ.

47 922 392 994 διαλαμϐάνον
425 924 606 995 ῥητῶς
633 924 737 979 ὅσα
775 926 855 989 είς
878 924 940 979 τὸ
969 925 1227 995 κείμενον
1266 926 1612 996 ἐγράφησαν.

50 1012 454 1087 Σημείωταιοῦν
481 1018 575 1070 καὶ
590 1017 883 1090 ἀμφότερα
912 1017 1039 1085 ξένα
1064 1018 1217 1082 ὖντα,
1246 1020 1338 1073 καὶ
1370 1019 1616 1089 χρήσιμα

48 1111 174 1165 κατά
202 1109 354 1165 πολύ.
402 1111 460 1163 Ὀ
490 1117 521 1164 ι’
556 1110 664 1164 τίτ.
732 1110 825 1164 τοῦ
874 1110 963 1180 μζ⁹
995 1110 1136 1182 βιϐλ.
1173 1110 1283 1171 τῶν
1313 1110 1615 1177 διατάξεων

46 1205 187 1275 ἐτέθη
217 1205 293 1266 είς
324 1203 431 1257 τίτ.
464 1202 550 1257 κα¹
578 1202 673 1255 τοῦ
708 1200 747 1268 ξ’
782 1203 891 1273 βιϐ.
922 1203 1032 1257 τῶν
1080 1202 1384 1258 Βασιλικῶν
1414 1203 1476 1269 ἐξ
1516 1202 1616 1256 αὑ-

46 1297 132 1366 τῆς
171 1296 382 1366 ἀρχῆς,
443 1296 539 1349 καὶ
585 1295 739 1366 ζήτει
792 1312 919 1364 κεφ.
967 1296 1200 1367 διάφορα
1252 1294 1445 1348 τούτου
1488 1296 1617 1364 περὶ

47 1388 260 1459 ὕϐρεων,
297 1388 393 1441 καὶ
419 1388 721 1459 φαμούσων
748 1387 1127 1460 διαλεγόμενα.
1178 1389 1251 1441 Τὸ
1285 1388 1336 1443 α’
1368 1406 1490 1457 κεφ.
1519 1387 1616 1442 τοῦ

45 1479 193 1533 αὑτοῦ
238 1479 341 1532 τίτ.
373 1478 525 1548 λέγει
570 1478 745 1532 ταῦτα
788 1478 987 1550 ῥητῶς.
1032 1479 1272 1544 Γενικῶς
1306 1480 1405 1550 μὲν
1458 1480 1617 1552 ὕϐρις

45 1576 239 1643 λέγεται
268 1574 327 1627 τδ
357 1573 699 1645 παράνομον,
727 1572 913 1634 ίδικῶς
948 1572 1004 1624 δὲ
1034 1573 1066 1643 ἡ
1100 1572 1497 1643 περιφρόνησις
1522 1572 1617 1625 καὶ

43 1671 71 1737 ἡ
100 1668 261 1738 ζημία
294 1666 369 1731 ὡς
407 1667 502 1721 ἐπὶ
530 1664 625 1719 τοῦ
657 1664 986 1731 Ἀκουιλίου,
1022 1665 1117 1719 καὶ
1142 1666 1176 1735 η
1210 1664 1394 1718 ἀδικία
1422 1665 1497 1729 ὡς
1524 1665 1617 1718 ἐπὶ

1786 557 2082 615 Scholt'um.
2119 558 2353 617 Constit.
2401 561 2425 615 1
2479 561 2563 615 tit.
2622 562 2652 613 7
2703 562 2798 616 lib.
2837 580 2888 619 ix
2927 563 3062 621 Cod.
3094 575 3178 621 est
3214 566 3311 621 ΙῘΙι.

1714 666 1780 705 1.x
1844 652 1927 707 tit.
1980 649 2081 719 36,
2139 668 2259 722 cap.
2324 654 2427 719 l3,
2492 655 2640 724 quod
2708 656 2887 719 habet,
2941 661 3217 727 quomolo
3257 658 3308 713 in

1715 746 2040 817 compendio
2103 745 2443 816 propositum
2496 758 2600 803 est.
2657 746 2866 818 Digest.
2913 749 2937 803 1
3000 750 3082 803 tit.
3130 750 3163 804 4
3218 750 3313 804 lih.

1715 854 1883 896 xum
1921 847 2021 895 est“
2050 838 2230 893 thema
2285 839 2321 893 2
2365 854 2485 909 cap.
2521 839 2555 893 8
2604 840 2685 895 tit.
2740 841 2808 897 56
2863 842 2958 897 lib.
3019 860 3107 910 ιτ,
3160 846 3309 915 quod

1715 946 1977 1002 expresse
2018 931 2424 1001 complectitur,
2479 947 2818 1002 quacunque
2843 933 2898 987 in
2932 942 3082 990 textu
3111 936 3314 1006 scripta

1717 1036 1868 1083 sunt.
1920 1023 2060 1081 Nota
2107 1026 2297 1096 itaque
2346 1036 2661 1095 utrumque,
2706 1036 2765 1081 ut
2813 1027 3217 1093 admirandum,
3259 1035 3313 1082 et

1718 1132 1852 1173 sane
1904 1132 2071 1186 quam
2111 1116 2269 1172 utile.
2321 1116 2429 1172 Tit.
2484 1116 2550 1170 10
2592 1117 2688 1171 lih.
2739 1133 2882 1172 vau
2937 1117 3058 1190 Dig.
3101 1121 3312 1189 positus

1718 1214 1799 1261 est
1841 1206 1893 1261 in
1931 1206 2016 1261 tit.
2048 1206 2114 1261 21
2170 1207 2265 1263 lib.
2300 1222 2368 1261 ιτ
2396 1206 2565 1263 Basil.
2603 1208 2672 1263 ab
2702 1207 2879 1273 initio,
2908 1209 3068 1277 cujus
3100 1211 3314 1267 diversa

1722 1300 1897 1369 capita
1932 1315 2148 1370 qumras
2178 1300 2245 1356 de
2277 1302 2491 1370 injuriis
2520 1310 2573 1356 et
2597 1300 2827 1357 famosis
2853 1300 3098 1374 [libellis]
3136 1303 3314 1360 disse-

1719 1393 1916 1447 rentia.
1964 1390 2210 1447 Primum
2260 1403 2439 1448 autem
2480 1394 2724 1462 ejusdem
2772 1394 2857 1448 tit.
2904 1410 3030 1465 cap.
3077 1395 3195 1451 hate
3247 1396 3313 1450 ad

1718 1482 1945 1537 verbum
2007 1482 2551 1539 dicit:Generaliter
2607 1484 2805 1555 injuria
2876 1486 3097 1549 dicitur,
3155 1486 3317 1557 quid-

1720 1573 1851 1642 quid
1885 1589 1991 1627 non
2028 1572 2155 1643 jure
2192 1574 2248 1629 fit
2285 1592 2298 1629 :
2336 1576 2650 1645 specialiter
2689 1578 3046 1645 contumelia,
3077 1589 3132 1633 et
3160 1578 3315 1635 dam-

1722 1680 1851 1719 num
1885 1663 2067 1737 [culpa
2092 1664 2327 1738 datum],
2361 1676 2418 1722 ut
2446 1668 2496 1721 in
2540 1667 2706 1742 [lege]
2729 1671 2948 1741 Aquilia
2985 1689 2998 1725 :
3032 1682 3087 1726 ct
3114 1671 3317 1742 iniqui-

43 1758 125 1812 τοῦ
151 1758 347 1821 ἀδίκως
377 1757 477 1811 καὶ
518 1758 855 1827 παρανόμως
887 1755 1293 1826 ψηφισαμένου.
1314 1756 1372 1808 Ὀ
1406 1755 1480 1809 λε’
1508 1756 1612 1811 τίτ.

1783 1775 1824 1823 s,
1860 1768 1921 1813 ut
1946 1759 1999 1812 in
2032 1774 2099 1814 eo
2124 1760 2215 1829 qui
2254 1760 2436 1830 inique
2467 1770 2520 1815 et
2547 1761 2747 1827 injuste
2786 1764 3113 1819 sententiain
3160 1764 3316 1819 divit.

44 1851 188 1907 τοῦθ’
215 1853 356 1923 βιϐλ.
388 1852 488 1905 τοῦ
520 1850 650 1905 κώδ.
687 1850 846 1921 ἐτέθη
880 1852 960 1914 είς
989 1867 1116 1919 κεφ.
1153 1855 1244 1919 μγ¹
1274 1848 1367 1902 τοῦ
1401 1855 1485 1903 κα¹
1507 1849 1614 1905 τίτ.

43 1945 123 1998 τοῦ
153 1944 190 2009 ξ’
230 1943 336 2016 βιϐ.
374 1944 556 2013 λέγον·
595 1943 653 1995 '0
684 1942 825 1996 κατὰ
854 1940 1221 2010 συκοφαντίαν
1254 1942 1485 2011 κινήσας
1518 1942 1617 2012 τὴν

45 2038 157 2109 περὶ
182 2037 391 2109 ὕϐρεως
427 2036 672 2107 ἀγωγὴν,
700 2036 732 2106 ἢ
765 2034 1091 2108 ὲξορίζεται,
1119 2034 1151 2106 ἢ
1177 2034 1271 2087 τοῦ
1307 2034 1620 2105 ἀξιώματος

44 2132 382 2185 ἁποκινεῖται.
418 2131 529 2184 Καὶ
560 2132 588 2184 6
620 2127 708 2195 λς’
756 2130 863 2183 τίτ.
911 2127 1006 2182 τοῦ
1056 2128 1223 2182 αὑτοῦ
1257 2128 1399 2200 βιϐλ.
1441 2131 1619 2182 κεῖται

45 2222 113 2285 είς
138 2221 234 2275 τίτ.
266 2220 342 2291 ξγ¹
372 2222 471 2275 τοῦ
498 2222 538 2287 ξ’
576 2220 745 2292 βιϐλ.,
781 2220 875 2274 καί
906 2238 1039 2292 φησι
1066 2219 1127 2273 τὸ
1159 2226 1208 2273 α’
1250 2238 1376 2291 κεφ.
1408 2220 1609 2274 ταῦτα’

46 2318 147 2380 Πᾶς
171 2317 198 2370 6
228 2316 505 2388 εὑρίσκων
531 2315 806 2388 φλυαρίαν
832 2315 1308 2388 ὲσφραγισμένην,
1340 2314 1372 2385 ἧ
1404 2315 1622 2385 ἀσφρά-

52 2426 239 2479 γιστον,
264 2411 358 2463 καὶ
392 2409 469 2480 μὴ
498 2409 840 2480 παραχρῆμα
875 2409 1084 2475 καίων,
1130 2408 1268 2463 ἀλλὰ
1294 2409 1389 2461 καὶ
1423 2410 1620 2477 ἀναγι-

54 2506 282 2573 νώσκων,
315 2503 632 2559 ὑποκείσθω
676 2502 922 2573 τιμωρίᾳ
956 2496 1122 2575 ᾗτινι
1172 2501 1431 2555 ὑπέκειτο
1466 2501 1563 2554 καὶ
1592 2501 1620 2554 6

46 2597 380 2662 συντεθεικὼς
442 2598 542 2667 τὴν
590 2596 882 2668 φλυαρίαν.
938 2594 1048 2648 Kal.
1097 2611 1223 2663 κεφ.
1262 2595 1307 2665 β’
1348 2594 1408 2648 '0
1442 2593 1621 2665 εὑρὼν

47 2692 293 2760 φλυαρίαν
328 2692 524 2764 μηδενὶ
566 2690 740 2761 ἑτέρῳ
792 2687 1002 2756 λεγέτω
1036 2686 1136 2757 τὴν
1166 2687 1395 2759 δύναμιν
1426 2687 1618 2757 αὐτῆς,

46 2783 170 2836 ἀλλὰ
214 2772 497 2856 διαρῤήεει
551 2782 724 2853 αὐτὴν
781 2782 815 2853 ἢ
869 2781 1097 2834 καύσει*
1144 2779 1173 2830 6
1216 2780 1274 2833 δὲ
1327 2779 1407 2850 μὴ
1444 2779 1623 2831 ταῦτα

49 2876 259 2945 ποιήσας
288 2876 561 2948 κεφαλικῇ
590 2876 835 2949 τιμωρίᾳ
884 2875 1349 2946 ὑποϐληθήσεται.
1370 2874 1485 2936 [Ιᾶς
1513 2872 1622 2944 γὰρ

48 2968 424 3039 θαρῤὦνᾶπερ
456 2968 703 3023 ἐντάττει
748 2971 806 3023 ὲν
834 2971 905 3041 τῇ
954 2967 1197 3039 φλυαρίᾳ
1243 2966 1623 3037 κατηγορείτω

1720 1852 1829 1907 Tit.
1876 1852 1945 1907 55
1976 1852 2068 1909 lib.
2095 1870 2147 1907 lx
2174 1852 2310 1907 Cod.
2357 1855 2565 1923 positus
2598 1864 2682 1910 est
2730 1855 2781 1909 in
2836 1872 2957 1926 cap.
3006 1858 3074 1911 45
3118 1857 3202 1912 tit.
3246 1857 3311 1911 2|

1720 1943 1812 1998 lib.
1846 1960 1938 2008 ιτ,
1975 1944 2123 2015 quod
2168 1945 2302 2000 dicit
2332 1964 2345 1999 :
2373 1943 2477 2011 Qui
2521 1946 2846 2016 injuriarum
2890 1946 3164 2002 actionem
3223 1961 3319 2016 per

1719 2037 2052 2093 calumniam
2105 2039 2367 2101 instituit,
2406 2046 2499 2093 aut
2526 2039 2820 2109 relegatur,
2860 2048 2957 2095 aut
2986 2054 3016 2093 a
3056 2039 3323 2110 dignitate

1722 2130 2025 2186 amovetur.
2077 2129 2190 2185 Tit.
2225 2130 2296 2185 36
2334 2130 2579 2201 ejusdem
2625 2132 2720 2186 lib.
2767 2131 2980 2201 positus
3030 2131 3191 2187 estin
3219 2131 3318 2185 lib.

1721 2235 1813 2283 ιτ,
1842 2221 1924 2277 tit.
1956 2220 2049 2288 65,
2079 2223 2242 2293 cujus
2295 2223 2320 2277 1
2369 2238 2489 2293 cap.
2536 2224 2651 2278 haec
2698 2225 2831 2279 dicit
2860 2242 2873 2277 :
2905 2224 3233 2295 Quicunque
3260 2224 3322 2277 li-

1722 2313 1925 2368 bellum
1954 2312 2223 2369 famosum
2252 2314 2603 2385 obsignatum
2641 2324 2736 2369 aut
2769 2330 2879 2369 non
2912 2315 3187 2386 signatum
3233 2329 3323 2368 rc-

1722 2406 1964 2477 periens,
1996 2421 2105 2460 non
2143 2407 2327 2461 statim
2371 2407 2762 2469 combussierit,
2797 2408 2891 2461 sed
2922 2406 3112 2477 legerit
3141 2422 3156 2461 :
3192 2406 3325 2461 suh-

1719 2497 1904 2569 jaceto
1958 2510 2156 2566 poenae,
2212 2513 2375 2568 quam
2431 2507 2627 2553 auctor
2688 2498 2808 2568 ejus
2866 2496 3323 2571 [deprehensus]

1723 2590 1955 2647 subiret.
2007 2590 2073 2645 Et
2105 2605 2225 2658 cap.
2262 2590 2319 2646 2.
2358 2589 2462 2657 Qui
2508 2591 2752 2646 libellum
2808 2590 3077 2647 famosum
3108 2606 3326 2662 reperc-

1724 2683 1814 2747 rit,
1864 2683 1999 2737 nulli
2047 2684 2204 2738 alteri
2251 2683 2360 2737 vim
2392 2683 2513 2755 ejus
2568 2684 2741 2739 dicito
2776 2705 2793 2749 ,z
2832 2685 2928 2741 sed
2969 2685 3323 2754 disrumpito.

1725 2755 2182 2832 aut'comburito.
2221 2776 2327 2844 Qui
2360 2779 2465 2833 hoc
2494 2794 2603 2832 non
2636 2778 2846 2845 fecerit,
2879 2777 3096 2847 capitali
3149 2792 3325 2849 pinna:

1726 2869 2136 2940 subjugahitur.
2200 2868 2345 2925 Sane
2391 2886 2519 2926 vero
2563 2872 2821 2942 quisque,
2868 2886 2990 2941 qmc
3021 2870 3075 2925 in
3113 2868 3326 2926 famoso

1727 2962 1913 3018 libello
1968 2978 2171 3032 ponere
2218 2962 2367 3028 velit,
2422 2978 2547 3019 cum
2612 2962 2810 3018 fiducia
2861 2962 3327 3019 deferlozsciens

48 3062 311 3129 γινώσκων
343 3063 435 3116 ὅτι
486 3062 584 3115 ἐὰν
642 3061 923 3132 ἀποδείξῃ,
988 3062 1157 3132 τιμῆς
1217 3059 1489 3126 ἀξιοῦται’
1547 3059 1621 3130 μὴ

1783 3056 1874 3110 1οά
1932 3055 1981 3110 si
2037 3053 2175 3128 [illa]
2235 3054 2569 3125 probaverit,
2642 3055 2847 3110 honore
2891 3054 3241 3126 dignandus:
3280 3056 3325 3107 si

49 3155 316 3222 ἀποδείξας
350 3156 415 3209 δὲ
442 3158 790 3225 τιμωρεῖται.
836 3155 891 3209 '0
919 3155 977 3209 δὲ
1006 3152 1249 3216 τοιοῦτος
1279 3152 1488 3223 χάρτης
1522 3153 1623 3222 τὴν

51 3245 160 3297 καθ’
182 3242 241 3301 οὗ
269 3247 434 3317 ὲτέοη
464 3245 737 3316 ὑπόληψιν
766 3249 840 3317 μὴ
877 3245 1075 3317 βλάψῃ.
1125 3244 1183 3298 Ὀ
1208 3245 1264 3297 δὲ
1294 3244 1336 3295 δ’
1378 3244 1492 3298 τίτ.
1525 3244 1625 3313 τῆς

49 3339 83 3391 δ’
121 3338 574 3404 ἰνστιτουτιῶνος
609 3341 709 3393 οὐκ
752 3340 913 3409 ἐτέθη
950 3340 1048 3409 μὲν
1080 3341 1161 3402 εἰς
1209 3338 1279 3392 τὰ
1335 3337 1623 3400 Βασιλικὰ,

51 3434 172 3501 φησὶ
195 3434 249 3487 δὲ
269 3434 371 3505 τὴν
420 3435 551 3506 περὶ
596 3433 807 3506 ὓΰρεως
856 3433 1081 3502 ἀγωγὴν
1130 3432 1223 3486 καὶ
1269 3431 1627 3501 χρηματικῶς

51 3527 135 3579 καὶ
165 3527 591 3598 ὲγκληματικῶς
640 3526 930 3581 κινεῖσθαι.
963 3528 1006 3579 Τ
1009 3526 1037 3579 ὸ
1064 3526 1107 3596 β’
1142 3527 1234 3579 καὶ
1267 3524 1321 3590 ς’
1354 3526 1497 3579 διάτ.
1531 3524 1624 3577 τοῦ

54 3620 91 3687 βι
120 3619 219 3673 τίς,
246 3620 339 3674 τοῦ
381 3627 428 3689 γ’
462 3619 603 3690 βιὸλ.
630 3619 741 3673 τῶν
770 3617 1068 3683 διατάξεων
1116 3618 1277 3687 ἐτέθη
1302 3619 1396 3671 ἀπ’
1449 3615 1629 3686 ἀρχῆς

51 3712 133 3764 τοῦ
167 3720 211 3766 α’
243 3731 375 3783 κεφ.
408 3712 501 3767 τοῦ
537 3713 580 3784 β’
606 3714 713 3767 τίτ.
740 3712 836 3765 τοῦ
861 3718 947 3765 κα¹
978 3711 1119 3783 βιϐλ.
1155 3712 1263 3764 τῶν
1296 3710 1626 3765 Βασιλικῶν.

51 3806 150 3859 Kal.
204 3805 360 3876 ζήτει
396 3808 629 3878 διάφορα
666 3824 792 3875 κεφ.
823 3806 918 3859 τοῦ
964 3804 1131 3860 αὑτοῦ
1169 3804 1312 3876 βιϐλ.
1364 3804 1460 3859 καὶ
1488 3804 1627 3866 τίτ.,

54 3900 307 3967 ἀνάγνωθι
334 3902 439 3955 καὶ
467 3907 514 3971 γ’
547 3901 691 3973 θέμα
717 3899 813 3955 τοῦ
848 3898 896 3954 α’
921 3917 1050 3969 κεφ.
1082 3898 1179 3953 ’τοῦ
1210 3897 1376 3952 αὐτοῦ
1407 3899 1511 3951 τίτ.
1531 3898 1629 3952 καὶ

55 3992 182 4062 βιϐλ.
214 3994 609 4065 καταστρωθὲν
638 3995 719 4058 εἰς
745 3994 807 4047 τὸ
833 3991 917 4058 κζ’
940 4010 1069 4062 κεφ.
1104 3990 1199 4046 τοῦ
1228 3992 1495 4063 παρόντος
1519 3991 1629 4045 τίτ.

54 4088 258 4157 περὶτὰ
284 4089 450 4159 μέσα.

120 4179 371 4233 ΚΕΦΔΛ.
405 4180 528 4233 AZ'.
560 4207 630 4219 -
663 4176 804 4246 Περὶ
831 4175 952 4231 τῶν
981 4176 1320 4230 ποιούντων
1360 4190 1635 4244 συνωμο-

54 4269 183 4335 σίας
211 4272 247 4340 ἣ
279 4270 594 4341 φρατρίας.

121 4363 338 4417 Emam.
388 4363 735 4432 Χαλκηδόνος
780 4359 962 4416 κανὼν
998 4358 1100 4431 in"
1135 4359 1356 4413 συνόδου
1407 4359 1630 4431 Καρθα-

56 4454 236 4524 γέννης
258 4451 445 4508 κανὼν
475 4459 583 4521 νγ¹·
615 4452 836 4506 συνόδου
869 4450 922 4516 ς’
955 4450 1135 4504 κανὼν
1168 4449 1265 4502 λδ’.

123 4547 427 4615 Κείμενον.
480 4546 588 4598 Καὶ
616 4546 646 4597 6
680 4544 957 4606 πολιτικδς
989 4543 1152 4612 νόμος
1179 4544 1508 4614 τιμωρεῖται
1538 4543 1637 4607 τὰς

59 4641 336 4710 φρατρίας,
370 4639 467 4692 καὶ
493 4640 593 4701 τὰς
627 4636 995 4708 συνωμοσίας,
1022 4636 1099 4700 ὠς
1131 4636 1274 4707 βιϐλ.
1306 4634 1418 4707 μη’,
1438 4636 1548 4690 τίτ.
1571 4635 1635 4702 δ’,

59 4733 146 4785 καὶ
172 4733 273 4787 τίτ.
299 4733 388 4799 t0',
415 4732 557 4787 διάτ.
595 4731 664 4786 ια’
692 4732 788 4785 καὶ
818 4737 915 4795 ις’.

127 4829 399 4897 Σχόλιον.
436 4828 495 4880 '0
523 4827 564 4879 δ’
594 4825 702 4878 τίτ.
731 4823 826 4877 τοῦ
862 4830 950 4895 μη¹
986 4822 1127 4894 βιϐλ.
1163 4823 1272 4876 τῶν
1298 4821 1443 4878 διατ.
1473 4820 1636 4891 ἐτέθη

60 4922 135 4983 εἰς
157 4923 245 4975 τὸν
277 4920 364 4986 λς’
387 4923 493 4975 τίτ.
523 4919 615 4974 τοῦ
656 4917 697 4984 ξ’
728 4917 870 4988 βιϐλ.
902 4918 1012 4970 τῶν
1050 4915 1376 4970 Βασιλικῶν.
1412 4914 1520 4968 Kal.
1546 4914 1639 4985 ζή-

60 5032 137 5067 τει
170 5033 292 5085 κεφ.
336 5016 399 5070 δ’.
427 5014 592 5083 Λέγει
622 5013 733 5084 γὰρ
762 5012 924 5065 τοῦτο
958 5010 1096 5081 μετὰ
1123 5010 1186 5063 τὸ
1222 5011 1397 5062 εἰπεῖν
1427 5008 1494 5062 τὰ
1527 5007 1633 5078 πρὸ

62 5108 223 5161 αὐτοῦ
278 5126 409 5177 κεφ.
441 5108 587 5171 τίνες
623 5106 903 5176 ἐνέχονται
938 5104 1017 5174 τῷ
1066 5105 1192 5175 περὶ
1250 5100 1639 5164 καθοσιώσεως

62 5203 382 5273 ἐγκλήματι,
413 5202 589 5258 ταῦτα
621 5200 823 5273 ῥητῶς,
870 5199 966 5253 καὶ
1010 5198 1038 5251 6
1088 5197 1438 5266 συνωμοσίαν
1493 5194 1637 5249 κατὰ

62 5296 155 5363 τῆς
198 5295 474 5357 πολιτείας
502 5294 935 5365 παρασκευάσας
969 5289 1246 5361 γενέσθαι,
1285 5289 1379 5343 καὶ
1439 5290 1467 5342 6
1515 5290 1639 5340 ἐπι-

65 5386 350 5453 ϐουλεύσας
399 5390 457 5442 ὲν
503 5388 875 5459 στρατοπέδῳ,
926 5386 960 5457 ἢ
1014 5387 1127 5448 τοῖς
1171 5383 1455 5452 πολεμίοις
1501 5382 1642 5435 αὐτὰ

68 5479 313 5547 προδοὺς,
345 5482 436 5535 καὶ
466 5482 493 5533 ό
526 5480 668 5534 κατὰ
696 5479 846 5533 δόλον
876 5476 1179 5547 ἐμποδίσας
1209 5474 1641 5545 ὑπὸῬυιμαίους

68 5566 315 5631 γενέσθαι
357 5570 481 5632 τοὺς
524 5568 856 5639 πολεμίους,
894 5568 927 5638 ἢ
982 5565 1410 5635 παρασκευάσας
1442 5564 1642 5628 αὐτοὺς

70 5656 342 5729 βοηθῆναι,
376 5661 649 5732 πλήθει,ῆ
680 5661 886 5724 ὅπλοις,
915 5661 948 5731 ἢ
980 5658 1192 5723 ἵπποις,
1225 5658 1258 5729 ἢ
1293 5657 1572 5729 χρήμασιν
1608 5656 1642 5727 ἢ

72 5748 236 5823 ἑτέρῳ
259 5752 552 5827 οίῳδήποτε
582 5754 837 5828 τρόπῳ,ἢ
864 5754 988 5820 τοὺς
1021 5751 1210 5824 φίλους
1234 5751 1335 5823 τῆς
1368 5749 1643 5815 πολιτείας

1729 3164 1840 3204 non
1882 3148 2218 3217 probaverit,
2273 3148 2582 3218 puniendus
2612 3148 2737 3204 erit.
2774 3147 3087 3202 Istiusmodi
3146 3154 3326 3201 autem

1730 3240 1966 3306 libellus,
2026 3239 2146 3310 ejus
2177 3240 2231 3293 in
2277 3256 2438 3310 quem
2496 3239 2677 3294 editus
2728 3248 2811 3295 est
2863 3238 3326 3294 existimationem

1730 3349 1836 3387 non
1889 3330 2055 3387 laedit.
2105 3332 2213 3387 Tit.
2247 3332 2278 3385 7
2333 3330 2477 3405 [lib.]
2510 3349 2559 3386 ιν
2587 3333 2766 3389 InStit.
2821 3347 2928 3387 non
2965 3340 3049 3387 est
3111 3330 3325 3401 positus

1735 3426 1793 3479 in
1830 3424 1993 3479 Basil.
2033 3424 2173 3477 Dicit
2209 3435 2390 3479 autem
2424 3424 2746 3495 injuriarum
2782 3425 3057 3479 actionem
3090 3434 3143 3479 et
3169 3439 3332 3493 peru-

1732 3517 1904 3571 niarie
1930 3527 1981 3571 et
2009 3517 2369 3571 crinlinaliter
2404 3518 2630 3572 moveri.
2668 3517 2871 3587 Digest.
2928 3515 2965 3569 2
2998 3526 3051 3570 et
3082 3515 3136 3579 6,
3165 3516 3248 3569 tit.
3294 3515 3329 3567 ‘2

1730 3609 1827 3663 lib.
1883 3625 1941 3664 Ill
2000 3608 2119 3679 Dig.
2176 3611 2353 3679 posita
2415 3619 2545 3664 sunt
2598 3612 2650 3664 in
2720 3610 2875 3665 initio
2922 3624 3044 3680 cap.
3096 3609 3115 3661 1
3174 3607 3259 3662 tit.
3304 3606 3340 3660 ‘2

1733 3703 1828 3758 lib.
1860 3719 1954 3758 xu
1986 3702 2179 3766 Basil.,
2214 3702 2373 3772 cujus
2401 3703 2647 3773 ejusdem
2682 3704 2765 3759 tit.
2796 3703 3010 3758 diversa
3036 3716 3326 3771 eap.qurc-

1735 3812 1852 3860 ras,
1890 3812 1953 3851 ac
2008 3796 2222 3868 [simul]
2270 3797 2420 3867 legas
2463 3798 2643 3851 thema
2676 3797 2708 3850 ’5
2738 3812 2858 3864 cap.
2892 3797 2915 3851 1
2955 3796 3197 3861 ejusdem
3246 3796 3331 3851 tit.

1732 3900 1787 3944 et
1829 3888 1949 3955 lib.,
1984 3894 2125 3959 quod
2180 3890 2446 3944 insertum
2494 3897 2579 3944 est
2609 3888 2678 3942 27
2724 3903 2848 3958 cap.
2904 3887 3188 3957 pmsentis
3242 3887 3327 3940 tit.

1734 3982 1880 4038 circa
1919 3984 2181 4037 medium.
3112 3972 3115 3973 ν

1807 4163 1962 4220 CAP.
2012 4163 2279 4220 XXXVII.
2318 4193 2383 4203 —
2436 4162 2509 4218 De
2557 4163 2621 4217 iis
2668 4161 2757 4233 qui
2799 4158 3191 4228 conjuraliones
3240 4167 3334 4213 aut

1739 4259 1995 4328 frictiones
2027 4258 2259 4327 faciunt.

1808 4351 2038 4407 Concilii
2078 4351 2547 4407 Chalcedonensis
2602 4364 2779 4406 canon
2813 4348 2914 4415 18;
2945 4347 3164 4404 concilii
3199 4346 3334 4403 Car-

1669 4455 1709 4513 D
1742 4445 2073 4516 thaginensis
2112 4459 2286 4498 canon
2319 4443 2421 4507 53;
2463 4442 2680 4496 concilii
2710 4456 2761 4494 Vl
2796 4455 2970 4493 canon
3001 4439 3091 4492 ⁸51.

1818 4541 2034 4596 Textus.
2077 4539 2267 4595 Civilis
2292 4539 2456 4591 etiam
2486 4537 2569 4589 lex
2597 4534 2865 4589 factiones
2890 4541 3054 4603 atque
3079 4530 3338 4599 conjura-

1744 4635 1918 4690 tiones
1940 4634 2127 4703 punit;
2149 4628 2611 4703 quemadmodum
2644 4627 2735 4679 lih.
2765 4626 2857 4690 48,
2889 4626 2973 4680 tit.
2996 4624 3029 4678 4
3052 4632 3104 4681 et
3130 4625 3212 4679 tit.
3246 4622 3335 4687 19,

1740 4728 2011 4796 digestum
2039 4727 2126 4792 ll,
2154 4734 2208 4779 et
2233 4724 2328 4778 lib.
2367 4738 2455 4777 xvt
2490 4717 2753 4793 [docent].

1815 4817 2109 4872 Scholium.
2161 4815 2270 4870 Tit.
2322 4815 2354 4869 4
2389 4814 2485 4868 lib.
2531 4828 2700 4866 mnu
2746 4810 2865 4882 Dig.
2920 4808 3133 4879 positus
3166 4815 3247 4861 est
3280 4804 3336 4860 in

1743 4911 1827 4966 tit.
1868 4910 1937 4965 36
1963 4910 2053 4963 lib.
2087 4925 2154 4963 ιι
2185 4907 2374 4971 Basil,
2406 4905 2565 4973 cujus
2593 4906 2771 4974 Acap.
2800 4917 3004 4973 quaere.
3038 4900 3125 4953 Ait
3153 4906 3335 4952 autem

1744 5006 1899 5064 illud.
1941 5013 2295 5073 posteaquam
2346 5000 2523 5068 ipsum
2555 4996 2916 5068 praecedentia
2959 5007 3079 5062 cap.
3110 4990 3336 5061 quinam

1744 5098 1889 5153 lazsre
1938 5095 2239 5165 majestatis
2278 5094 2510 5149 crimine
2551 5100 2864 5153 teneantur,
2916 5085 3175 5140 dixerunt
3223 5084 3341 5139 hinc

1745 5191 1800 5246 in
1855 5192 1971 5246 haec
2009 5191 2216 5245 verba:
2249 5196 2303 5244 et
2332 5187 2426 5259 qui
2470 5185 2669 5251 eﬂ’ecit,
2714 5194 2772 5239 ut
2801 5182 3068 5238 adversus
3114 5194 3338 5248 rempu-

1745 5284 1945 5341 blicam
1995 5285 2505 5354 conjnraretnrzct
2553 5279 2645 5349 qui
2703 5279 2757 5333 in
2816 5274 3059 5331 exercitu
3107 5272 3340 5327 insidias

1744 5378 1967 5442 struxit,
1997 5392 2192 5433 eumve
2217 5375 2468 5430 hostibus
2501 5371 2739 5443 prodidit
2765 5388 2778 5424 :
2805 5379 2857 5423 et
2877 5368 2970 5439 qui
2990 5368 3115 5422 dolo
3145 5364 3337 5439 [malo]

1746 5472 2013 5542 impediit,
2057 5470 2354 5541 quominus
2410 5468 2599 5521 hostes
2659 5465 2712 5519 in
2761 5472 3085 5534 poteSIatem
3137 5460 3340 5513 Roma-

1745 5582 1941 5621 norum
1986 5564 2301 5618 devenirent
2333 5578 2346 5615 :
2379 5568 2473 5614 aut
2516 5558 2674 5627 cujus
2714 5572 2880 5628 Opera
2932 5555 3118 5609 hostes
3165 5550 3345 5624 [com-

1748 5656 1984 5729 meatus]
2016 5657 2195 5727 copia,
2223 5654 2413 5719 armis,
2465 5652 2644 5722 equis,
2680 5651 2935 5722 pecunia,
2974 5647 3149 5703 aliove
3179 5645 3343 5700 modo

1748 5750 1919 5822 adjuti
1984 5749 2355 5807 fuerintzaut
2404 5762 2469 5805 ex
2529 5744 2841 5818 rcipuhlicre
2900 5741 3091 5798 amicis
3157 5741 3345 5797 hostes
