3916 6244
387 297 525 363 1139

1526 298 1791 360 PHOTII
1822 297 2327 358 PATRIARCILE
2371 300 2479 360 CP.

3534 300 3679 367 1140

385 410 514 465 fecit
545 426 558 461 ι
593 419 685 463 aut
721 409 815 479 qui
846 407 1149 479 impedivit,
1178 408 1475 478 quominus
1521 409 1627 463 alia
1688 408 1836 461 natio
1871 406 1979 460 rei-

2095 406 2316 476 ὲχθροὺς
2360 411 2615 476 ποιήσας,
2660 409 2691 480 ἢ
2729 409 2979 473 κωλύσας
3011 410 3198 481 ἕτερον
3253 410 3404 474 ἔθνος
3440 410 3669 478 πειθαρ-

386 501 616 573 publica:
669 500 1005 571 obtemperet
1037 518 1049 553 :
1081 509 1174 555 aut
1229 500 1321 569 qui
1376 498 1575 561 effecit,
1626 508 1687 553 ut
1724 496 1966 560 obsides,

386 594 651 662 pecuniae.
702 602 799 648 aut
845 594 1089 662 iumenta
1140 593 1386 648 hostibus
1435 593 1716 647 darentur.
1765 591 1968 659 Digest.

386 687 447 741 11
491 695 546 741 ct
586 685 648 740 l6
679 687 761 741 tit.
827 686 890 741 19
940 687 1033 741 111).
1083 702 1247 741 ιιινιιι
1307 685 1513 755 Digest.
1556 695 1641 739 est
1692 685 1877 737 thema
1938 682 1972 735 5

385 796 505 849 cap.
550 780 609 834 11
652 780 733 833 tit.
764 780 826 835 51
859 780 954 835 lib.
995 796 1087 845 ιιι,
1145 789 1199 833 ct
1249 795 1368 849 cap.
1428 778 1489 832 l6
1518 777 1763 846 ejusdem
1806 777 1888 829 tit.
1920 785 1972 830 et

382 869 528 923 libri.
589 868 892 940 Utrumque
943 870 1088 924 enim
1138 884 1237 924 eos
1274 869 1366 938 qui
1418 867 1827 937 coniurationes
1881 874 1976 919 aut

381 962 650 1019 factiones
682 962 914 1029 iaciunt,
946 963 1123 1033 punit.

455 1148 607 1204 CAP.
663 1148 949 1206 XXXVIII.
1000 1148 1411 1218 —Cujusmodi
1462 1149 1655 1204 delicta
1704 1149 1977 1203 ordinatio

382 1242 582 1296 diluat.

450 1334 679 1389 Concilii
707 1332 912 1389 Nicaani
942 1350 1118 1389 canon
1151 1334 1218 1399 9;
1250 1336 1466 1390 concilii
1500 1337 1772 1408 Ancyrani
1801 1351 1976 1393 canon

384 1428 486 1492 1‘2;
522 1438 575 1482 et
612 1443 735 1497 qua:
766 1429 819 1482 in
850 1444 915 1483 eo
954 1443 985 1482 a
1018 1428 1177 1483 nobis
1206 1431 1409 1499 scripta
1436 1440 1582 1485 sunt.

453 1614 606 1669 CAP.
659 1612 900 1670 XXXIX.
935 1644 1005 1657 υ-
1037 1614 1111 1669 De
1150 1617 1485 1685 paenitentia,
1544 1625 1595 1671 et
1640 1619 1857 1687 quinam
1895 1618 1981 1686 fa-

382 1708 633 1760 cultatem
686 1708 913 1762 habeant
953 1708 1118 1763 dandi
1155 1710 1526 1779 pwnitentibus
1568 1711 1977 1777 absolutionem,

377 1812 427 1853 et
476 1802 615 1870 quod
665 1802 925 1855 sacerdoti
968 1801 1123 1855 liceat
1166 1804 1401 1865 minuere
1427 1811 1477 1857 et
1516 1820 1705 1873 angere
1734 1820 1937 1872 poenas.

454 1989 842 2060 Apostolorum
905 2004 1081 2042 canon
1118 1990 1207 2054 51,
1245 1990 1350 2057 5‘2;
1384 1988 1601 2043 concilii
1644 1988 1850 2043 Nicaeoi
1890 2005 1984 2044 ca—

383 2094 490 2132 non
530 2078 615 2143 11,
650 2077 759 2143 1'2;
796 2078 1013 2133 concilii
1065 2079 1342 2149 Ancyrani
1402 2094 1576 2133 canon
1608 2078 1658 2141 1,
1682 2078 1739 2136 2,
1766 2079 1819 2137 5.
1846 2078 1899 2141 4,
1927 2080 1981 2146 5,

384 2170 439 2233 (ἰ,
484 2171 532 2234 7,
571 2172 626 2236 8,
658 2170 724 2231 9;
759 2169 975 2224 concilii
1004 2169 1470 2224 Neocwsariensis
1495 2184 1671 2224 canon
1712 2172 1761 2235 1,
1800 2169 1855 2231 2,
1896 2171 1982 2240 H,

389 2264 491 2321 5‘2:
522 2264 740 2319 concilii
772 2263 1220 2334 Carthaginensis
1252 2280 1424 2318 canon
1450 2264 1501 2325 6,
1538 2265 1591 2327 7,
1631 2264 1721 2329 27,
1756 2264 1848 2330 47,
1878 2262 1981 2330 48ς

382 2358 596 2413 concilii
621 2358 911 2413 Laodiceni
944 2373 1120 2411 canon
1144 2358 1206 2415 ἒς
1235 2358 1451 2412 concilii
1484 2360 1619 2412 scxri
1653 2359 1980 2423 cauonlO‘z;

381 2452 563 2506 Basilii
616 2468 791 2505 canon
826 2452 881 2515 5,
929 2454 1018 2516 54,
1068 2454 1161 2517 74,
1212 2453 1299 2517 75,
1328 2451 1419 2519 76,
1457 2452 1677 2519 82,84;
1733 2452 1980 2524 Gregorii

380 2544 609 2615 Nyseeni
647 2560 823 2599 canon
858 2545 912 2603 5.
948 2545 1003 2607 4,
1035 2545 1089 2607 7,
1123 2546 1175 2598 8.

453 2639 669 2695 Tt’tl‘lits.
702 2639 935 2694 Constit.
965 2640 999 2693 5
1024 2639 1104 2694 lit.
1135 2642 1164 2694 7
1192 2639 1283 2693 lib.
1314 2655 1329 2694 t
1360 2639 1495 2695 Cod.
1528 2662 1537 2695 :
1567 2639 1821 2703 Sustulit,
1853 2648 1983 2727 etc.’

382 2748 541 2799 usque
566 2733 633 2785 ad
666 2747 924 2786 revocare
960 2747 1067 2787 non
1094 2731 1273 2797 liceat,
1301 2742 1358 2786 ut
1382 2750 1503 2803 pag.
1530 2732 1652 2788 814.

454 2915 745 2970 Scholium.
793 2916 1029 2972 Constit.
1084 2918 1118 2973 5
1152 2918 1234 2973 tit.
1281 2918 1312 2971 7
1344 2917 1435 2973 lib.
1499 2935 1511 2971 ι
1564 2917 1701 2973 Cod.
1744 2934 1851 2973 non
1905 2930 1990 2977 est

384 3010 561 3076 posita
592 3008 643 3061 iu
681 3007 872 3076 Basil.,
900 3024 1215 3079 quanquam
1250 3009 1560 3065 isliusmodi
1594 3011 1675 3063 tit.
1712 3011 1764 3064 in
1802 3010 1893 3065 lib.
1922 3025 1989 3065 ιι

2072 498 2238 568 χῆσαι
2286 502 2352 570 τῇ
2398 500 2681 571 πολιτείᾳ,
2732 500 2764 571 ἢ
2825 503 3256 572 παρασκευάσας
3293 504 3407 565 τοῖς
3451 501 3681 571 ἐχθροῖς

2072 591 2325 662 δεχθῆναι
2380 595 2688 664 ὀμήρουςῆ
2732 597 3016 666 χρήματα,
3063 597 3095 667 ἢ
3157 596 3470 665 ὑποζύγια.³
3497 596 3572 649 Τὸ
3608 600 3684 647 ια’

2080 688 2173 740 καὶ
2239 694 2311 751 ις’
2362 688 2503 742 διάτ.
2536 688 2631 742 τοῦ
2669 688 2731 741 ιθ⁹
2767 688 2874 742 τίτ.
2915 690 3010 743 τοῦ
3079 696 3171 761 μη¹
3220 690 3361 760 βιὸλ.
3397 690 3492 742 τοῦ
3524 689 3678 744 διάτ.

2078 781 2183 834 εἰσὶ
2209 781 2350 852 θέμα
2382 790 2428 850 γ’
2459 781 2553 835 τοῦ
2590 788 2657 834 ια’
2709 799 2834 851 κεφ.
2863 781 2963 834 τοῦ
3006 781 3086 835 va.’
3139 784 3245 837 τίτ.
3293 782 3382 836 τοῦ
3432 783 3473 847 ξ’
3507 781 3683 853 βιϐλ.,

2078 875 2170 927 καὶ
2206 892 2329 944 κεφ.
2374 874 2450 939 ις’
2482 874 2575 929 τοῦ
2627 873 2795 928 αὐτοῦ
2844 874 2951 926 τίτ.
2987 877 3081 928 καὶ
3134 876 3277 945 βιδλ.
3336 876 3446 928 Καὶ
3503 875 3682 945 ἄμφω

2079 966 2187 1038 γὰρ
2236 968 2524 1033 κολάζουσι
2576 970 2706 1033 τοὺς
2764 968 3056 1033 ποιοῦντας
3099 969 3200 1032 τὰς
3246 968 3596 1040 συνωμοσίας
3639 967 3677 1041 ἤ

2080 1063 2373 1131 φρατρίας.

2154 1154 2405 1209 ΚΕΦΑΛ.
2436 1157 2645 1211 ΛΗ’,-
2662 1155 2809 1211 Ποῖα
2834 1155 3228 1227 ἁμαρτήματα
3255 1156 3389 1211 λύει
3414 1154 3451 1222 ἠ
3478 1171 3684 1224 χειρο-

2082 1248 2276 1301 θεσιά.

2155 1340 2383 1394 Συνόδου
2431 1343 2668 1407 Νικαίας
2714 1342 2898 1398 κανὼν
2950 1344 3016 1410 θ’,
3054 1348 3149 1397 καὶ
3178 1342 3279 1412 τῆς
3327 1342 3385 1394 ὲν
3428 1341 3686 1413 Ἀγκύρῃ

2085 1432 2305 1485 συνόδου
2354 1433 2536 1489 κανὼν
2568 1436 2632 1506 ιβ’
2664 1438 2758 1490 καὶ
2788 1434 2857 1489 τὰ
2889 1436 2946 1489 ἐν
2980 1433 3131 1506 αὐτῷ
3162 1434 3293 1505 παρ’
3325 1432 3487 1504 ἡμῶν
3532 1434 3682 1504 γρά-

2086 1527 2275 1597 φέντα.

2158 1618 2409 1671 ΚΕΦΑΛ.
2461 1618 2586 1672 ΛΘν.
2643 1650 2711 1660 -
2756 1618 2897 1687 Περὶ
2954 1616 3318 1687 μετανοίας,
3365 1615 3466 1669 καὶ
3512 1616 3685 1683 τίνες

2086 1704 2293 1759 ἄδειαν
2327 1706 2544 1774 ἔχουσι
2580 1707 2811 1763 διδόναι
2858 1706 3228 1778 μετανοοῦσι
3260 1708 3684 1777 καταλλαγὴν,

2085 1802 2183 1854 καὶ
2211 1800 2298 1853 ὅτι
2320 1799 2525 1865 ἔξεστι
2557 1800 2637 1868 τῷ
2661 1802 2808 1871 ἱερεῖ
2829 1800 3043 1872 μειοῦν
3076 1799 3176 1855 καὶ
3208 1800 3420 1864 αὔξειν
3450 1802 3523 1855 τὰ
3555 1802 3691 1855 ἐπι-

2086 1895 2268 1962 τίμια.

2168 1989 2510 2043 Ἀποστόλων
2538 1989 2719 2043 κανὼν
2747 1990 2848 2055 να’,
2891 1987 2990 2059 νβ’·
3038 1990 3256 2043 συνόδου
3306 1988 3547 2052 Νικαίας
3578 2006 3689 2042 κα-

2088 2078 2193 2133 νὼν
2227 2078 2316 2141 ια’,
2356 2080 2454 2149 ιβ’·
2499 2082 2721 2133 συνόδου
2765 2080 3037 2150 Ἀγκύρας
3090 2080 3270 2133 κανὼν
3303 2078 3373 2145 α’,
3413 2079 3480 2151 β’,
3509 2081 3584 2149 γ’,
3614 2080 3685 2145 δ’,

2088 2178 2149 2237 ε’,
2180 2171 2252 2236 ς’,
2292 2171 2357 2239 ζ’,
2393 2180 2465 2243 η’,
2500 2172 2573 2226 0"
2622 2173 2845 2226 συνόδου
2893 2174 3330 2246 Νεοκαισαρείας
3383 2172 3568 2228 κανὼν
3604 2170 3683 2235 α’,

2091 2266 2157 2337 β’,
2197 2266 2287 2327 ια’,
2322 2267 2418 2337 ιβ”
2451 2266 2668 2322 συνόδου
2696 2267 3093 2339 Καρθαγέννης
3146 2266 3329 2321 κανὼν
3365 2274 3442 2332 ς’,
3476 2267 3542 2331 ζ’,
3572 2266 3689 2333 κζ’,

2093 2356 2203 2429 μγ’,
2241 2365 2360 2428 μη’·
2401 2358 2621 2410 συνόδου
2654 2358 2975 2421 Λαοδικείας
3009 2357 3190 2411 κανὼν
3227 2356 3306 2427 β”
3341 2358 3565 2411 συνόδου
3603 2356 3687 2421 ς’,

2088 2451 2270 2503 κανὼν
2333 2451 2449 2521 ppr-
2488 2449 2771 2502 Βασιλείου
2829 2450 3009 2503 κανὼν
3044 2457 3105 2513 ε’,
3155 2449 3249 2517 λζ,
3299 2451 3390 2512 (ιδ’,
3425 2450 3517 2515 σε’,
3571 2457 3688 2516 οῖ’,

2091 2542 2202 2615 πβ’,
2239 2541 2319 2597 πδ’
2343 2562 2355 2574 ·
2388 2544 2691 2616 Γρηγορίου
2728 2544 2952 2614 Νύσσης
2980 2544 3161 2597 κανὼν
3184 2551 3256 2612 γ’,
3291 2545 3356 2610 δ’,
3387 2544 3453 2609 ζ’,
3484 2551 3558 2616 η’.

2162 2637 2473 2703 Κείμενον.
2520 2635 2584 2688 Ἢ
2614 2643 2661 2704 γ’
2693 2636 2834 2690 διάτ.
2863 2635 2960 2689 τοῦ
2993 2635 3037 2699 ζ’
3066 2636 3172 2691 τίτ.
3196 2636 3291 2689 τοῦ
3322 2644 3372 2691 α’
3404 2636 3547 2705 βιϐλ.
3581 2636 3688 2689 τοῦ

2091 2728 2221 2782 κώδ.
2258 2728 2482 2793 Ἀνεῖλε,
2512 2747 2563 2783 κ.
2592 2747 2643 2783 τ.
2671 2729 2746 2795 λ.,
2785 2745 2957 2799 usque
2981 2731 3045 2783 ad
3080 2730 3177 2783 καὶ
3209 2729 3350 2800 βιθλ.
3384 2730 3429 2783 θ’
3451 2730 3555 2784 τίτ.
3586 2730 3681 2801 μζ⁹

2089 2821 2229 2875 διάτ,
2267 2821 2348 2876 ιε’.

2162 2915 2439 2981 Σχόλιον.
2492 2914 2557 2966 Ἢ
2591 2920 2642 2982 γ’
2670 2915 2813 2967 διάτ.
2846 2916 2941 2968 τοῦ
2966 2917 3009 2979 ζ’
3045 2914 3151 2969 τίτ.
3184 2914 3279 2969 τοῦ
3314 2914 3365 2968 α’
3399 2914 3539 2985 βιὸλ.
3584 2912 3689 2967 τοῦ

2091 3005 2221 3059 κώδ.
2265 3007 2363 3059 οὐκ
2390 3005 2546 3076 ἐτέθη
2581 3007 2660 3069 είς
2697 3006 2764 3059 τὰ
2794 3007 3062 3061 Βασιλικὰ
3094 3007 3195 3062 κᾶν
3242 3010 3269 3061 ὁ
3299 3006 3544 3070 τοιοῦτος
3570 3007 3686 3060 τίτ.

381 3098 616 3168 positus,
644 3098 727 3152 tit.
763 3098 850 3163 54,
889 3115 1008 3169 cap.
1040 3101 1128 3155 45.
1155 3099 1381 3155 Novella
1425 3098 1718 3155 Justiniani
1750 3100 1841 3163 57,
1867 3116 1979 3171 qua

2095 3099 2273 3150 κεῖται
2307 3098 2367 3151 ὲν
2397 3096 2534 3175 βιὸλ.
2563 3095 2603 3162 ξ’
2633 3097 2739 3149 τίτ.
2777 3095 2870 3150 νδ’⁶
2897 3098 2929 3168 ή
2965 3098 3022 3151 δὲ
3047 3097 3175 3170 περὶ
3199 3096 3308 3150 τῶν
3338 3096 3688 3165 Ἐκκλησιών

381 3193 449 3242 de
488 3187 747 3244 Ecclesiis
769 3188 1042 3246 Africanis
1072 3191 1314 3254 disserit,
1347 3206 1455 3245 non
1488 3201 1567 3245 est
1596 3191 1768 3260 posita
1805 3191 1856 3243 in
1889 3189 1990 3245 Ba-

384 3285 497 3350 sil.;
540 3284 633 3338 dat
680 3282 945 3357 [interim]
989 3295 1170 3338 tamen
1220 3283 1305 3339 his
1361 3283 1697 3353 pmoiteutiac
1751 3292 1985 3355 tempus.

382 3377 615 3433 tionstit.
661 3376 729 3431 54
799 3378 885 3430 tit.
932 3376 965 3429 4
1023 3376 1114 3431 lib.
1161 3392 1177 3431 ι
1232 3374 1364 3431 Cod.
1427 3392 1532 3430 non
1579 3384 1663 3430 est
1710 3377 1885 3445 posita
1933 3376 1988 3429 in

384 3470 549 3527 Basil.
609 3468 845 3524 Constit.
886 3469 921 3522 2
987 3468 1127 3523 tit.l
1195 3467 1565 3531 Novellarum,
1619 3477 1701 3522 est
1762 3482 1882 3535 cap.
1918 3468 1990 3521 22

383 3566 465 3617 tit.
496 3566 516 3617 1
544 3563 637 3617 lib.
659 3578 718 3616 ιιι
751 3560 940 3626 Ba>il.,
963 3563 1108 3631 quod
1130 3562 1310 3625 habet,
1336 3573 1392 3615 ut
1422 3562 1475 3615 in
1510 3563 1836 3631 compendio
1863 3579 1990 3633 pro-

386 3655 627 3725 positum
660 3664 762 3721 est,
796 3652 964 3725 [quod
994 3653 1161 3725 idem]
1197 3669 1227 3706 e
1267 3654 1481 3709 novella
1535 3655 1831 3710 Justiniani
1863 3658 1983 3722 19.5,

389 3750 551 3819 rujus
585 3748 651 3801 15
689 3764 810 3817 cap.
862 3758 967 3803 est‘
991 3759 1306 3815 exemptum
1345 3746 1496 3819 [est.]
1530 3748 1815 3817 Digest.l2
1843 3751 1988 3806 e115

388 3837 475 3890 tit.
531 3836 598 3890 19
635 3836 726 3889 lib.
764 3852 929 3890 xum
964 3834 1083 3905 Dig.
1135 3848 1220 3889 cst
1259 3853 1380 3905 cap.
1431 3838 1488 3891 11
1541 3840 1621 3891 tit.
1650 3839 1711 3893 51
1744 3840 1836 3895 lib.
1895 3857 1984 3907 ιχ,

386 3930 532 3999 quod
570 3930 649 3985 sic
692 3930 856 3984 habet
889 3948 902 3982 :
936 3932 1045 3983 Pro
1085 3930 1344 3999 qualitate
1392 3931 1573 3986 delicti
1619 3942 1833 4002 Oportet
1874 3951 1988 4004 pa:-

384 4039 511 4077 nam
546 4022 889 4093 pronuntiari
917 4039 929 4075 :
956 4032 1011 4077 et
1042 4037 1171 4076 vero
1198 4023 1440 4092 judicent
1496 4039 1671 4094 neque
1709 4042 1984 4093 severum,

386 4130 565 4183 neque
621 4115 807 4169 mitcm
862 4115 1297 4184 apparerezsed
1351 4115 1406 4168 in
1456 4115 1752 4173 levioribus
1807 4120 1984 4174 lenem

382 4223 505 4261 esse
538 4208 715 4277 ipsum
745 4218 977 4277 oportet,
1016 4222 1080 4261 ac
1110 4208 1163 4261 in
1196 4208 1542 4278 gravioribus
1586 4227 1710 4265 cum
1749 4212 1985 4283 benigno

386 4310 816 4370 temperamento
835 4315 1107 4355 severum.
1146 4298 1213 4354 Et.
1241 4316 1362 4369 cap.
1406 4302 1515 4356 l4:
1554 4301 1655 4369 Qui
1698 4313 1854 4358 extra
1894 4319 1985 4358 or-

384 4393 569 4447 dinem
612 4394 677 4447 de
705 4393 1030 4449 criminibus
1075 4394 1378 4463 cegnoscit,
1429 4410 1629 4465 augure
1654 4408 1704 4451 et
1737 4398 1985 4453 minuere

2106 3187 2371 3257 Ἀφρικῆς
2418 3187 2779 3257 διαλεγομένη
2812 3185 2889 3251 λζ’
2938 3187 3112 3255 νεαρά
3158 3186 3254 3240 τοῦ
3297 3185 3686 3239 Ἰουστινιανοῦ

2092 3281 2192 3335 οὐκ
2223 3280 2379 3351 ἐτέθη
2430 3282 2508 3343 είς
2552 3280 2623 3333 τὰ
2672 3279 2961 3335 Βασιλικά.
2994 3280 3204 3334 Δέδωκε
3236 3279 3292 3332 δὲ
3325 3279 3537 3342 τούτοις
3568 3298 3690 3333 και-

2094 3374 2187 3446 ρὸν
2220 3373 2527 3443 μετανοίας.
2566 3373 2631 3426 Ἠ
2670 3373 2740 3426 λδ¹
2774 3374 2916 3428 διὰτ.
2967 3373 3063 3427 τοῦ
3096 3373 3137 3427 δ’
3167 3373 3273 3428 τίτ.
3319 3372 3369 3426 α’
3405 3371 3547 3443 βιὸλ.
3585 3372 3686 3426 τοῦ

2093 3467 2224 3521 κώδ.
2257 3468 2357 3521 οὐκ
2391 3467 2549 3538 ἐτέθη
2580 3468 2660 3531 εἰς
2688 3466 2754 3521 τὰ
2799 3467 3081 3521 Βασιλικά.
3127 3467 3189 3520 Ἡ
3238 3466 3283 3537 β’
3324 3467 3466 3523 διάτ.
3500 3466 3594 3519 τοῦ
3635 3465 3687 3520 α’

2089 3561 2197 3615 τίτ.
2219 3560 2326 3612 τῶν
2352 3559 2601 3629 Νεαρῶν,
2634 3560 2750 3613 ἔστι
2782 3577 2906 3628 κεφ.
2937 3560 3021 3630 κβ⁹
3050 3560 3145 3614 τοῦ
3180 3558 3224 3613 α’
3256 3560 3362 3616 τίτ.
3390 3558 3483 3612 τοῦ
3517 3558 3565 3628 γ’
3598 3559 3689 3629 βι-

2092 3652 2176 3707 6λ.
2207 3652 2315 3705 τῶν
2347 3652 2670 3716 Βασιλικῶν,
2717 3651 2891 3713 οὓτως
2925 3652 3049 3723 ἔχον
3099 3654 3175 3716 ὡς
3220 3651 3537 3721 συνωῲίσθη
3572 3653 3688 3705 ἀπὸ

2089 3745 2189 3811 τῆς
2244 3749 2363 3814 ρκγ¹
2423 3744 2624 3813 νεαρᾶς
2678 3743 2770 3796 τοῦ
2830 3743 3213 3796 Ἰουστινιανοῦ
3271 3744 3529 3807 ἑκκοπὲν,
3584 3746 3688 3799 καὶ

2090 3851 2213 3903 κερ.
2250 3833 2307 3886 ὃν)
2338 3834 2509 3905 αὐτῆς
2550 3840 2629 3891 ιε’.
2669 3835 2729 3887 τὸ
2756 3832 2820 3905 ιβ’
2854 3835 2994 3888 διάτ.
3033 3838 3125 3888 καὶ
3157 3838 3219 3889 τὸ
3256 3834 3320 3904 ιγ’
3345 3838 3439 3889 τοῦ
3472 3835 3537 3890 ιθ¹
3572 3840 3685 3894 τίτ.

2090 3926 2184 3981 τοῦ
2223 3933 2313 3998 μη¹
2349 3927 2488 3997 βιϐλ.
2536 3928 2646 3981 τῶν
2691 3928 3011 3993 διατάξεων,
3064 3928 3180 3982 ἔστι
3214 3946 3342 3997 κεφ.
3379 3928 3447 3982 ια’
3472 3930 3568 3984 τοῦ
3597 3931 3683 3985 va.’

2091 4022 2195 4075 τίτ.
2230 4021 2323 4075 τοῦ
2357 4022 2397 4086 ξ’
2431 4021 2573 4091 βιϐλ.
2601 4022 2773 4083 οὕτως
2797 4022 2920 4092 ἕχον
2942 4040 2956 4053 ο
2989 4022 3131 4093 Πρὸς
3166 4024 3264 4094 τὴν
3296 4022 3559 4092 ποιότητα
3584 4023 3686 4077 τοῦ

2090 4118 2495 4189 ἁμαρτήματος
2554 4117 2637 4171 δεῖ
2687 4116 2787 4185 τὴν
2849 4118 3120 4186 τιμωρίαν
3176 4117 3530 4188 ἐκφέρεσθαι,
3584 4120 3688 4171 καὶ

2092 4210 2232 4279 μήτε
2290 4208 2546 4276 σκληρὸν,
2607 4210 2744 4278 μήτε
2800 4208 2901 4277 μὲν
2953 4208 3189 4277 ἐλαφρὸν
3241 4208 3532 4275 φαίνεσθαι
3581 4208 3689 4279 τὴν

2088 4300 2367 4370 δικαστὴν,
2396 4300 2535 4371 πλὴν
2566 4302 2621 4353 ἐν
2648 4302 2756 4363 τοῖς
2787 4301 3044 4371 ἐλαφροῖς
3078 4300 3316 4370 ἐλαφρὸν
3345 4295 3490 4351 εἶναι
3518 4299 3689 4353 αὐτὸν

2089 4394 2189 4460 δεῖ,
2210 4396 2305 4447 καὶ
2336 4396 2393 4447 ἐν
2427 4398 2539 4456 τοῖς
2567 4394 2886 4464 βαρυτέροις
2916 4393 3146 4463 σφοδρὸν
3174 4393 3312 4463 μετὰ
3351 4391 3688 4456 καλοθελοῦς

386 4501 605 4555 poenam
650 4496 868 4555 potest:
902 4486 975 4540 ita
1018 4494 1221 4549 tamen,
1279 4496 1335 4539 ut
1371 4488 1423 4539 in
1484 4499 1715 4556 utroque
1764 4486 1976 4564 [modo]

2095 4486 2451 4557 συμμετρίας.
2496 4486 2604 4538 Καὶ
2656 4503 2779 4556 κεφ.
2810 4484 2871 4539 ιδ’
2917 4485 2975 4539 '0
3013 4485 3403 4557 ὲξτραορδίνεμ
3447 4486 3688 4552 δικάζων

385 4576 653 4631 rationem
708 4592 817 4631 non
875 4578 1122 4631 excedat.
1162 4576 1366 4648 Digest.
1403 4579 1424 4631 1
1461 4579 1541 4633 tit.
1598 4580 1778 4634 16111).
1812 4596 1980 4637 XLVIII

383 4670 508 4740 Dig.
570 4678 654 4725 est
696 4686 818 4740 cap.
873 4670 939 4724 10
1000 4672 1080 4725 tit.
1118 4671 1136 4724 1
1169 4671 1263 4726 lib.
1297 4688 1386 4738 1.x,
1431 4674 1576 4742 quod
1618 4674 1762 4727 circa
1817 4674 1979 4729 linem

362 4763 539 4826 dicit,
584 4762 728 4831 quod
764 4762 890 4818 facti
922 4764 1144 4833 quidem
1174 4750 1429 4835 quazstio
1469 4764 1639 4835 judici
1685 4767 1979 4823 commissa

383 4858 476 4922 sit;
532 4856 667 4928 legis
716 4866 897 4912 autem
942 4858 1250 4927 perSccutio
1297 4876 1404 4913 non
1446 4860 1598 4914 item.
1646 4859 1751 4915 Tit.
1782 4861 1834 4927 1,
1878 4861 1975 4916 lib.

383 4965 414 5003 L
449 4948 566 5019 Dig.
620 4950 831 5018 positus
860 4960 943 5004 est
976 4950 1028 5003 in
1060 4950 1153 5004 lib.
1187 4966 1271 5005 Liv
1296 4952 1488 5016 Basil.,
1545 4954 1626 5008 tit.
1674 4954 1723 5019 1,
1753 4970 1874 5024 cap.
1914 4958 1975 5022 l;

382 5042 492 5111 dig.
565 5052 747 5097 autem
792 5043 852 5097 l5
900 5045 1166 5098 omissum
1216 5056 1318 5099 est.
1393 5044 1627 5101 Coustit.
1678 5047 1698 5099 l
1770 5047 1853 5103 tit.
1910 5046 1979 5102 50

380 5134 475 5187 lib.
514 5150 586 5188 \‘ll
619 5133 756 5189 Cod.
793 5144 875 5190 est
924 5151 1044 5205 cap.
1089 5135 1157 5189 86
1200 5136 1280 5188 tit.
1323 5138 1343 5189 1
1381 5136 1478 5191 lib.
1524 5154 1575 5191 ix
1610 5137 1799 5203 B;tsil.,
1829 5137 1975 5209 quod

381 5228 464 5281 sic
509 5226 672 5281 habet
706 5243 718 5279 :
750 5226 942 5297 Neque
988 5228 1296 5284 decessoris
1328 5244 1507 5299 neque
1547 5245 1703 5285 suam
1757 5242 1978 5287 senten-

378 5320 515 5375 tiam
570 5336 903 5391 quemquam
959 5335 1220 5376 revocare
1278 5336 1461 5391 posse,
1511 5322 1565 5376 iu
1595 5323 1823 5377 dubium
1864 5338 1976 5379 non

381 5414 574 5468 venit:
613 5428 714 5468 nec
758 5412 827 5466 ab
884 5412 1202 5483 hujusmodi
1253 5412 1474 5467 decreto
1531 5415 1975 5483 provocationem

379 5506 634 5578 proponi,
694 5506 963 5575 explorati
1012 5505 1156 5575 juris
1205 5515 1307 5559 est.
1356 5504 1589 5559 Constit.
1650 5506 1717 5559 15
1770 5505 1851 5559 tit.
1906 5506 1975 5560 47

376 5602 472 5656 lib.
504 5617 557 5658 ix
584 5599 717 5655 Cod.
759 5611 844 5655 est
888 5616 1010 5670 cap.
1050 5600 1119 5655 55
1149 5600 1230 5653 tit.
1259 5599 1318 5653 5|
1369 5600 1460 5654 lib.
1495 5614 1560 5653 ιε
1592 5598 1781 5667 Basil.,
1826 5600 1973 5670 quod

379 5712 460 5749 sic
492 5694 624 5748 dicit
661 5712 675 5748 :
711 5691 934 5747 Pieriam
968 5709 1224 5747 retocare
1256 5692 1471 5763 przcsidi
1510 5710 1615 5747 nou
1649 5693 1789 5748 licet.
1823 5693 1975 5760 Quae-

379 5802 471 5840 ras
515 5788 678 5841 etiam
722 5784 805 5839 tit.
866 5786 933 5840 50
993 5786 1238 5857 ejusdem
1289 5802 1355 5841 ιι
1391 5788 1507 5853 lib.,
1546 5802 1662 5858 cap.
1708 5789 1753 5855 l,
1793 5786 1972 5843 thema

2086 4579 2394 4649 ἐγκλήματι
2426 4576 2631 4642 αὔξειν,
2667 4581 2761 4630 καὶ
2812 4577 3004 4649 μειοῦν
3044 4577 3140 4649 τὴν
3183 4580 3376 4650 ποινὴν
3426 4579 3682 4646 δύναται,

2085 4671 2227 4726 ὥστε
2264 4672 2448 4743 μέντοι
2480 4672 2574 4724 ἐπὶ
2608 4672 2869 4742 ἑκατέρου
2915 4672 2990 4743 μὴ
3044 4673 3360 4743 παρεξιέναι
3407 4675 3509 4745 τὴν
3541 4691 3686 4745 συμ-

2088 4767 2337 4836 μετρίαν.
2369 4766 2441 4819 Τὸ
2472 4772 2518 4817 α’
2572 4766 2713 4820 διὰτ.
2746 4764 2841 4817 τοῦ
2875 4763 2950 4829 ις’
2980 4766 3086 4818 τίτ.
3122 4764 3219 4817 τοῦ
3254 4772 3345 4837 μη⁹
3377 4766 3521 4837 βιϐλ.
3568 4768 3686 4821 τῶν

2083 4857 2221 4911 διάτ.
2260 4858 2379 4909 ἐστι
2411 4875 2537 4926 κεφ.
2574 4863 2603 4909 ι’
2635 4856 2728 4910 τοιῖ
2760 4863 2807 4910 α’
2838 4856 2947 4909 τίτ.
2977 4856 3073 4910 τοῦ
3108 4856 3148 4922 ξ’
3176 4857 3318 4928 βιὸλ.
3356 4858 3519 4927 λέγον
3550 4863 3686 4930 περὶ

2082 4950 2142 5004 τὸ
2172 4952 2322 5014 τέλος
2356 4951 2432 5013 ὡς
2468 4952 2498 5021 ἡ
2539 4951 2638 5021 μὲν
2668 4952 2765 5021 τῆς
2787 4950 3097 5015 ὑποθέσεως
3129 4952 3359 5023 ζήτησις
3384 4954 3684 5019 ἐπιτέτρα-

2083 5061 2214 5098 πται
2265 5043 2342 5114 τῲ
2376 5044 2603 5115 δικαστῇ
2636 5045 2697 5097 οὐ
2738 5047 2835 5116 μὲν
2875 5047 3033 5116 ἡτοῦ
3081 5047 3249 5115 νόμου
3301 5047 3681 5112 ἐπεξέλευσις.

2092 5137 2152 5189 ’0
2176 5136 2230 5189 δὲ
2258 5144 2305 5190 α’
2324 5138 2427 5190 τίτ.
2459 5136 2552 5190 τοῦ
2584 5135 2624 5191 ν’
2644 5137 2785 5207 βω..
2814 5138 2921 5190 τῶν
2948 5138 3097 5192 διατ.
3131 5138 3287 5208 ἐτέθη
3328 5140 3409 5202 εἰς
3439 5138 3583 5209 βιόλ.
3603 5140 3682 5193 νδ’

2078 5228 2189 5281 τῶν
2220 5228 2528 5283 Βασιλικῶν
2556 5228 2662 5282 τίτ.
2694 5235 2742 5281 α’
2772 5246 2900 5298 κεφ.
2926 5227 2974 5282 α’
3020 5228 3081 5282 τὸ
3126 5227 3185 5282 ιε’
3238 5229 3380 5283 διάτ.
3413 5230 3680 5303 παρείθη.

2090 5318 2400 5375 ’11α’διάτ.
2447 5320 2540 5374 τοῦ
2578 5327 2620 5374 ν’
2669 5320 2777 5373 τίτ.
2807 5322 2902 5374 τοῦ
2952 5319 2997 5385 ζ’
3041 5320 3185 5391 βιϐλ.
3221 5321 3317 5374 τοῦ
3363 5321 3526 5387 κώδ.,
3562 5322 3682 5377 ἐστι

2080 5431 2207 5483 κεφ.
2240 5422 2338 5479 πς¹
2372 5414 2466 5467 τοῦ
2510 5412 2557 5467 α’
2580 5415 2686 5468 τίτ.
2726 5414 2820 5467 τοῦ
2857 5414 2903 5468 θ’
2934 5414 3075 5485 βιϐλ.
3102 5414 3212 5467 τῶν
3240 5414 3555 5470 Βασιλικῶν
3582 5416 3681 5469 οὖ-

2078 5527 2183 5573 τως
2215 5508 2335 5580 ἔχον
2364 5527 2378 5540 ·
2405 5509 2541 5564 Οθτε
2587 5510 2683 5581 τὴν
2716 5510 2810 5563 τοῦ
2863 5510 3323 5581 προηγησαμένου
3374 5512 3676 5577 ἁπόςασιν,

2079 5603 2201 5657 οὔτε
2223 5606 2321 5674 τὴν
2356 5604 2493 5658 ἰδίαν
2520 5604 2784 5659 δύνασθαί
2808 5623 2930 5657 τινα
2966 5605 3362 5658 ἀνακαλεῖσθαι
3396 5608 3476 5669 εἰς
3504 5607 3677 5674 ἀμφι-

2079 5696 2264 5750 ϐολίαν
2316 5699 2376 5750 οὐ
2430 5702 2677 5768 φέρεται.
2710 5698 2861 5769 Μηδὲ
2897 5697 3003 5752 dm‘:
3034 5698 3132 5768 τῆς
3160 5696 3421 5766 τοιαύτης
3454 5698 3671 5764 ἀποτά-

2082 5806 2215 5854 cato;
2248 5789 2563 5861 προτιθέναι
2607 5790 2871 5861 ἔκκλητον
2921 5789 3156 5862 φανερού
3204 5788 3442 5859 νομίμου
3499 5789 3665 5843 ἔστιν.
