3744 6218
115 255 272 324 1141-

1071 264 1560 327 NOMOCANON.
1597 289 1670 302 --
1701 267 1847 328 TIT.
1889 268 1998 345 IX,
2035 269 2197 330 CAP.
2232 271 2506 332 XXXIX.
2569 267 2579 278 ‘

3304 266 3445 332 1112

126 375 199 429 Ἢ
234 383 305 430 ιε’
352 375 501 432 διάτ.
529 376 624 432 τοῦ
659 375 746 450 μζ¹
775 375 884 432 τίτ.
913 375 1009 431 τοῦ
1043 376 1087 430 θ’
1134 377 1275 448 βιὸλ.
1309 377 1404 432 τοῦ
1430 378 1586 443 κώδ.,
1614 378 1731 434 ἔστι
1767 389 1809 444 Α
1841 381 1938 437 ult.

1916 423 1963 449 ..,
1993 393 2047 438 et
2078 383 2168 440 lib.
2202 401 2299 450 νιι,
2333 385 2444 453 ιίι.,
2465 386 2519 451 2,
2551 401 2670 457 cap.
2690 386 2780 448 20.
2805 395 2858 443 et
2880 386 2978 442 lih.
3008 402 3084 453 Ix,
3119 385 3202 443 tit.
3235 385 3288 453 1,
3320 401 3440 458 cap.

113 486 252 537 κεφ.
305 477 388 524 νε¹
441 469 534 524 τοῦ
566 469 648 525 να⁰
697 470 805 525 τίτ.
853 469 949 524 τοῦ
1007 469 1048 536 ξ’
1081 470 1222 540 βιϐλ.
1275 470 1383 526 τῶν
1425 471 1733 526 Βασιλικῶν
1842 474 1946 529 84η

1916 483 1996 528 -.et
2025 475 2148 540 127,
2181 485 2236 532 et
2263 477 2357 531 lib.
2387 494 2497 541 ινι,
2531 479 2616 535 tit.
2657 479 2714 544 8,
2750 497 2872 552 cap.
2907 481 3000 539 29.

113 560 269 615 οὕτω
305 562 476 632 λέγον
507 581 522 595 ·
564 563 676 636 Τὴν
703 564 978 636 τιμωρίαν
1027 564 1128 618 οὐκ
1157 563 1334 630 ἔξεστι
1377 565 1457 637 τῷ
1503 568 1726 638 ἄρχοντι
1780 568 2190 624 ἀνακαλεῖσθαι.
2236 573 2399 642 Ζήτει
2453 575 2550 627 καὶ
2593 575 2697 630 τίτ.
2743 583 2784 630 ν’
2816 575 2911 630 τοῦ
2981 575 3146 630 αὐτοῦ
3212 576 3253 640 ξ’
3293 575 3438 648 βιϐλο

115 669 254 722 κεφ.
283 652 337 708 α’
377 655 522 725 θέμα
551 658 869 713 τελευταῖον
920 657 1016 713 καὶ
1059 656 1202 729 βισλ.
1239 655 1284 722 ζ’
1313 657 1416 712 τίτ.
1456 657 1500 730 β’
1529 676 1656 729 κεφ.
1697 655 1744 712 κ’
1783 660 1880 714 καὶ
1905 659 2046 732 βιὸλ.
2075 661 2124 716 θ’
2155 663 2262 718 τίτ.
2338 662 2387 717 α’
2419 682 2544 736 κεφ.
2573 667 2655 722 πδ*
2684 667 2780 722 καὶ
2845 666 2988 739 ρκζν,
3023 667 3120 722 καὶ
3148 667 3291 740 βιδλ.
3325 665 3434 733 νς’,

110 742 226 798 τίτ.
260 750 340 814 η’,
375 763 505 815 κεφ.
535 745 642 801 κίΥ.

188 837 528 906 Κείμενον.
567 839 658 893 Ἐν
686 839 743 893 δὲ
782 839 862 912 τῷ
909 841 995 912 με’
1033 842 1366 915 διατάγματι
1399 842 1491 898 τοῦ
1532 851 1579 897 α’
1619 845 1728 900 τίτ.

111 929 211 982 τοῦ
248 929 347 1000 μβ¹
385 929 528 1001 βιὸλ.
564 932 837 1002 φησὶν,.κ.
867 951 920 988 τ.
955 935 1035 1002 λ.,
1081 953 1257 1010 usque
1291 937 1356 992 ad
1389 938 1421 1008 ἢ
1456 937 1732 1010 ἐλευθεροῖ

111 1022 311 1086 αὐτὸν,
354 1023 391 1095 ἢ
426 1026 569 1093 μειοῖ
597 1025 695 1094 τὴν
726 1028 936 1099 ποινήν.

189 1116 494 1184 Σχόλιον.
537 1116 612 1170 T6
648 1124 731 1188 με’
765 1118 906 1175 διάτ.
931 1119 1026 1174 τοῦ
1074 1120 1121 1175 α’
1168 1121 1275 1177 τίτ.
1313 1121 1408 1175 τοῦ
1443 1121 1530 1193 μβ¹
1561 1121 1729 1193 βιϐλ.,

112 1209 232 1262 ἔστι
277 1208 436 1279 Θέμα
467 1213 871 1284 παρατέλευτον
895 1215 989 1269 τοῦ
1029 1214 1125 1287 μς⁹
1151 1234 1276 1286 κεφ.
1310 1217 1404 1270 τοῦ
1427 1225 1477 1287 γ’
1503 1219 1609 1272 τίτ.
1633 1216 1725 1271 τοῦ

115 1302 162 1355 6⁸
218 1301 374 1372 βιὸλ.
439 1304 550 1357 τῶν
599 1307 906 1361 Βασιλικῶν
958 1307 1132 1373 οὕτως
1183 1309 1306 1380 ἕχον
1360 1311 1438 1375 ὡς
1486 1312 1724 1384 ἐγράφη.

125 1395 449 1466 Ἐρωτήσει
482 1397 539 1450 δέ
570 1416 656 1462 τις
687 1399 787 1452 καὶ·
829 1401 928 1471 μὲν
971 1401 1033 1455 τὸ
1077 1403 1465 1473 καταστρωθὲν
1498 1403 1727 1457 ὄπισθεν

118 1487 189 1557 ιγ’
221 1507 361 1559 κεφ.
396 1489 494 1544 τοῦ
530 1498 610 1544 να’
635 1492 744 1548 τίτ.
778 1493 873 1547 τοῦ
904 1493 946 1559 ξ’
978 1493 1120 1564 βιδλ.
1156 1496 1305 1565 λέγει
1332 1496 1596 1551 δύνασθαι
1627 1498 1728 1569 τὴν

112 1581 394 1650 δ·καστὴν
447 1580 634 1647 αὔξειν
686 1585 779 1637 καὶ
833 1584 1021 1654 μειοῦν
1053 1586 1152 1656 τὴν
1199 1591 1410 1658 ποινήν.
1463 1590 1588 1653 Πῶς
1633 1587 1728 1644 οὖν

117 1673 372 1727 ἐνταῦθα
412 1674 562 1744 λέγει
608 1676 674 1730 τὸ
711 1678 978 1746 ἐναντίον,
1010 1679 1038 1732 6
1071 1680 1172 1750 μὲν
1199 1680 1439 1746 δικάζων
1470 1681 1724 1756 ιέξσῖρσιορ⁹

113 1767 370 1838 διναρίου
425 1767 680 1840 ἔγκλημα
724 1769 948 1826 δύναται
997 1770 1183 1839 αὔξειν
1237 1774 1333 1828 καὶ
1385 1775 1572 1845 μειοῦν
1628 1776 1728 1847 τὴν
1762 1758 1805 1814 Β

119 1860 346 1930 ποινὴν,
397 1863 427 1914 ὁ
470 1861 528 1914 δὲ
573 1862 662 1916 διὰ
694 1863 803 1916 τῶν
835 1863 1261 1936 ὲγκληματικῶς
1295 1867 1554 1938 ὲνορδίνῳ
1587 1868 1725 1922 ὐπο-

116 1951 269 2006 θέσει
296 1951 416 2006 ἀπὸ
449 1954 615 2024 νόμου
647 1955 844 2028 ἐχούσῃ
885 1957 1206 2030 ὡρισμένην
1253 1959 1444 2031 ποινὴν
1478 1960 1538 2013 οὐ
1573 1959 1730 2015 δύνα-

117 2061 210 2097 ται
269 2046 444 2099 τοῦτο
491 2049 684 2102 ποιεῖν.
721 2050 792 2101 Ἦ
825 2049 949 2103 εἰπὲ
995 2051 1078 2105 ὅτι
1125 2051 1232 2123 πρὸ
1263 2051 1363 2123 μὲν
1397 2052 1730 2121 ἀποφάσεως

117 2135 351 2191 δύναται
386 2137 577 2204 αὔξειν
603 2139 700 2193 καὶ
733 2141 919 2212 μειοῦν
944 2141 1044 2212 τὴν
1071 2142 1284 2212 ποινὴν,
1313 2141 1415 2196 κᾶν
1446 2143 1728 2214 ὡρισμένη

122 2229 360 2301 ἀπδιτοῦ
393 2229 566 2301 νόμου
591 2231 727 2285 ἐστι.
757 2232 913 2286 Μετὰ
940 2233 998 2286 δὲ
1029 2234 1130 2304 τὴν
1161 2235 1437 2303 ἀπόφασιν
1471 2237 1532 2288 οὐ
1567 2234 1729 2288 δύνα-

121 2341 234 2377 ται.
272 2323 575 2379 Πέπαυται
621 2325 730 2397 γὰρ
761 2326 856 2379 τοῦ
902 2322 1044 2380 εἶναι
1087 2326 1370 2399 δικαστής.
1435 2329 1542 2380 Καὶ
1578 2327 1729 2399 ζήτει

125 2435 254 2488 κεφ.
279 2415 498 2483 ιδ’,ιτοῦ
529 2417 696 2472 αὐτοῦ
724 2425 826 2484 va’,
857 2419 965 2476 τίτ.
1000 2419 1094 2474 τοῦ
1128 2418 1168 2485 ξ’
1202 2419 1344 2492 βιϐλ.
1370 2420 1516 2474 οὕτω
1543 2421 1726 2485 λύσον,

128 2509 223 2561 καὶ
254 2508 317 2561 16
349 2507 414 2580 η’,
469 2509 612 2580 θέμα
638 2509 734 2564 τοῦ
775 2509 844 2578 ιγ’
876 2527 998 2580 κεφ.
1026 2510 1121 2565 τοῦ
1155 2509 1239 2565 κα¹
1273 2511 1438 2582 βιϐλ,
1470 2512 1566 2564 καὶ
1597 2511 1656 2564 τὸ
1684 2517 1732 2580 γ’

130 2600 225 2654 καὶ
256 2601 300 2654 δ’
333 2619 472 2671 κεφ,
502 2602 598 2656 τοῦ
633 2609 680 2673 γ’
715 2603 823 2659 τίτ.
865 2603 962 2658 τοῦ
1004 2603 1170 2658 αὑτοῦ
1223 2603 1364 2675 βιϐλ.
1408 2604 1483 2658 Τὸ
1509 2610 1559 2656 α’
1589 2603 1730 2658 διάτ.

129 2688 224 2741 τοῦ
255 2689 325 2762 ιη’
356 2691 472 2747 τίτ.
506 2691 600 2745 τοῦ
633 2691 724 2764 μη¹
761 2693 928 2765 βιὸλ.,
970 2693 1086 2749 ἔστι
1117 2694 1261 2766 θέμα
1300 2695 1364 2748 ιϐ’
1406 2693 1502 2748 τοῦ
1530 2694 1577 2748 α’
1606 2712 1731 2764 κεφ,

130 2780 222 2834 τοῦ
253 2779 296 2834 ν’
332 2782 448 2838 τίτ.
479 2785 573 2839 τοῦ
611 2785 654 2852 ξ’
689 2786 830 2858 βιϐλ.
887 2788 956 2842 τά
996 2788 1136 2842 αὐτά
1174 2788 1335 2856 λέγον
1362 2788 1461 2842 ὅσα
1498 2789 1733 2860 συνωψίο

135 2870 366 2942 σθησαν.
429 2874 506 2929 Τὸ
563 2876 606 2929 0'
652 2878 797 2933 διάτ.
839 2878 933 2932 τοῦ
964 2879 1132 2934 αὑτοῦ
1157 2878 1268 2937 τίτ.
1317 2880 1412 2933 καὶ
1449 2879 1592 2950 βιϐλ.
1625 2879 1737 2934 τῶν

133 2964 272 3020 διατ.
306 2967 421 3022 οὐκ.
453 2969 611 3042 ἐτέθη
644 2973 724 3035 είς
747 2971 816 3026 τά
843 2971 1132 3030 Βασιλικά.
1160 2972 1234 3026 Τὸ
1261 2970 1345 3037 κζ’
1377 2989 1504 3041 κεφο
1534 2971 1629 3025 ἰτοὖ
1669 2973 1732 3026 ιθ¹

135 3058 237 3112 τίτ.
275 3059 375 3113 τοῦ
432 3069 525 3135 μην
553 3063 694 3134 βιὸλ.
723 3063 834 3120 τῶν
863 3064 1185 3132 διατάξεων,
1217 3064 1334 3119 ἐστι
1382 3065 1526 3135 οέμα
1551 3064 1593 3136 β’
1641 3064 1736 3118 τοῦ

140 3151 222 3214 κζ’
249 3171 375 3225 κεφ.
403 3155 505 3209 τοῦ
535 3155 614 3210 να¹
643 3157 748 3211 τίτ.
780 3156 874 3210 τοῦ
912 3155 952 3222 ξ’
981 3157 1103 3229 βιϐλ
1153 3157 1327 3221 οὕτως
1356 3157 1498 3228 ἔχον,
1526 3157 1658 3211 Ἐἂιν
1690 3160 1756 3212 οί.

144 3245 581 3319 πολιτευόμενοι,
639 3249 672 3322 ἢ
700 3252 749 3304 οί
784 3251 884 3322 τῆς
913 3251 1124 3315 πόλεως
1157 3250 1532 3322 πρωτεύοντες
1560 3251 1742 3323 ἀμάρ-

142 3342 276 3396 τωσί
303 3360 356 3398 τι
387 3344 691 3415 κεφαλικὸν
716 3344 793 3409 ὡς
820 3344 1006 3410 ἀξίους
1040 3347 1241 3409 αὐτοὺς
1269 3340 1410 3399 εἶναι
1440 3345 1676 3418 ὲξορίας,
1705 3346 1751 3417 ἢν

146 3437 532 3508 περιορισμοῦ,
558 3437 591 3510 ἢ
622 3439 927 3510 κεφαλικῆς
955 3439 1247 3512 τιμωρίας,
1267 3441 1349 3493 δεῖ
1377 3440 1468 3494 τὸν
1495 3439 1739 3511 ἄρχοντα

146 3526 469 3600 δεδεμένους
498 3531 700 3595 αὐτοὺς
727 3531 1042 3601 φυλάττειν,
1077 3533 1172 3586 καὶ
1200 3533 1496 3602 ἀναφέρειν
1523 3531 1600 3603 τῷ
1631 3534 1738 3585 Βα-

151 3619 282 3676 σιλεῖ
312 3621 768 3692 προσζευγνύντα
801 3625 867 3694 τῇ
898 3624 1147 3694 ἀναφορᾷ
1180 3623 1276 3675 καὶ
1310 3624 1410 3692 τὴν
1445 3622 1530 3675 ἐπ’
1557 3623 1742 3684 αὐτοῖς

147 3707 344 3779 ιψῆφον.
375 3712 456 3765 T6
486 3710 544 3764 δὲ
573 3718 620 3764 α’
646 3711 790 3784 θέμα
808 3712 904 3766 τοῦ
955 3712 1122 3767 αὐτοῦ
1157 3730 1284 3782 κεφ.
1323 3709 1404 3778 κζ’
1440 3714 1606 3782 φησὶν
1631 3753 1646 3774 ,
1678 3713 1742 3764 Οί

151 3800 408 3871 ἄρχοντες
438 3802 540 3867 τάς
572 3803 710 3869 ἰδίας
744 3805 1053 3875 ἀποφάσεις
1074 3805 1402 3877 ἀνατρέπειν
1418 3805 1479 3859 οὐ
1497 3804 1740 3867 δύναται,

153 3894 246 3946 καὶ
278 3896 364 3966 ἐφ’
390 3898 651 3968 ὲξῆςὸσα
676 3898 1121 3970 συνωψίσθησαν.

221 3988 536 4056 Κειμενον.
592 3989 780 4044 Ταῦτα
832 3991 962 4062 περὶ
1011 3991 1314 4044 αὐτοτελῶν
1361 3991 1578 4062 εἴρηται
1636 3989 1744 4060 LM-
1785 4067 1790 4071 η

156 4093 286 4145 φων,
327 4099 383 4136 κ.
418 4100 472 4137 τ.
506 4082 582 4151 λ.,
644 4100 822 4156 usque
869 4085 940 4140 ad
969 4085 1254 4158 δικαστὴς,
1299 4087 1376 4150 ὡς
1427 4086 1571 4158 βιὸλ.
1627 4085 1774 4158 μβ’,-

153 4169 289 4230 διάτ.
324 4183 421 4229 ve’.

223 4268 504 4336 Σχόλιονε
538 4268 614 4323 Τδ
644 4268 703 4324 ιδ’
727 4270 867 4325 διάτ.
894 4270 990 4324 τοῦ
1021 4270 1070 4325 α’
1101 4271 1208 4326 τίτ.
1239 4271 1332 4325 τοῦ
1358 4272 1444 4343 μβ¹
1465 4271 1605 4343 βιὸλ.
1635 4270 1750 4324 τῶν»

156 4356 474 4428 διατάξεων,
525 4363 642 4418 ἐστι
683 4381 812 4435 κεφ.
847 4365 907 4419 ιδ’
941 4365 1036 4419 τοῦ
1075 4373 1124 4436 γ’
1159 4367 1266 4420 τίτ.
1304 4367 1398 4420 τοῦ
1445 4367 1489 4420 0'
1523 4367 1665 4438 βι6λ.
1717 4369 1746 4421 ὅ

1830 839 1876 873 ⁷
1908 840 2124 897 Textus.
2158 845 2217 898 In
2243 844 2438 914 digest.
2477 845 2547 902 45
2582 847 2665 902 tit.
2698 849 2723 902 1
2761 847 2858 904 lib.
2894 866 3026 914 XLII.
3065 866 3281 922 poenam
3314 869 3437 909 sen-

1835 941 2023 1089 tscinstia,
2041 949 2342 1012 etc.,usque
2367 942 2436 997 ad
2458 953 2552 999 aut
2579 959 2797 1016 poenam
2831 947 3047 1016 minuit,
3073 957 3130 1002 ut
3157 966 3281 1021 pag.
3303 949 3433 1016 814,

1911 1034 1964 1088 5.

1906 1123 2209 1184 Scholium.
2273 1124 2479 1197 Digest.
2511 1127 2583 1182 45
2641 1126 2726 1182 tit.
2781 1127 2805 1181 1
2859 1127 2954 1183 lib.
2993 1143 3105 1183 XLII
3133 1138 3216 1184 est
3248 1129 3434 1183 thema

1831 1222 2040 1294 penult.
2093 1235 2214 1291 cap.
2251 1217 2321 1273 46
2371 1221 2455 1273 tit.
2494 1217 2529 1272 5
2579 1217 2674 1274 lib.
2724 1235 2777 1274 ιιι
2815 1217 3005 1283 Basil.,
3054 1220 3202 1290 quod
3247 1220 3434 1284 habet,

1834 1313 2112 1386 quomodo
2137 1312 2401 1382 scriptum
2435 1320 2539 1366 est.
2574 1312 2932 1383 lnterrogabit
2971 1327 3100 1367 vero
3131 1313 3432 1382 quispiam,

1832 1425 1956 1465 cum
1997 1424 2119 1478 cap.
2176 1409 2242 1462 15
2275 1407 2359 1461 tit.
2395 1405 2454 1460 51
2489 1405 2583 1461 lib.
2619 1421 2708 1471 LII,
2751 1407 2914 1476 paulo
2955 1416 3082 1462 ante
3143 1407 3434 1470 insertum,

1827 1501 2070 1573 jualicem
2119 1517 2318 1572 augere
2360 1511 2410 1556 et
2446 1501 2695 1555 minuere
2744 1515 2960 1571 poenam
3020 1515 3183 1570 posse
3239 1499 3432 1562 dicat,

1831 1610 1940 1665 qua
1989 1595 2202 1649 ratione
2259 1594 2348 1649 hic
2392 1594 2607 1650 dicatur
2662 1594 3048 1661 contrarium;
3099 1592 3258 1665 [sane
3307 1607 3437 1647 vero

1832 1686 1925 1754 qui
1973 1684 2407 1738 extraordinarie
2457 1685 2523 1739 de
2562 1683 2791 1739 crimine
2834 1683 3062 1754 judicat,
3129 1697 3330 1753 augere
3381 1689 3436 1736 et

1836 1774 2085 1829 minuere
2126 1788 2344 1844 pmnam
2388 1774 2734 1845 potestzqui
2790 1783 2974 1828 autem
3028 1773 3095 1828 de
3149 1773 3430 1828 ordinaria

1833 1882 2023 1932 causa,
2056 1881 2179 1936 quae
2207 1866 2423 1935 exlegc
2456 1865 2735 1920 deﬁnitam
2767 1877 2822 1920 et
2855 1871 3059 1920 certam
3088 1880 3305 1935 ptenam
3339 1864 3437 1917 ha-

1833 1958 1944 2023 bet,
1969 1954 2584 2026 criminaliterjudicat,
2629 1955 2677 2008 id
2713 1953 2893 2009 facere
2927 1970 3034 2008 non
3091 1961 3287 2024 potest.
3329 1953 3438 2005 Aut

1833 2049 2009 2114 dicas,
2042 2049 2187 2118 quod
2220 2058 2347 2103 ante
2383 2047 2709 2104 sententiam
2757 2047 2978 2116 quidem
3015 2060 3219 2116 augere
3247 2053 3302 2100 et
3333 2044 3437 2097 mi-

1832 2157 2004 2198 nuere
2034 2156 2277 2211 ptenam,
2320 2141 2485 2195 etiam
2523 2155 2553 2194 a
2584 2140 2702 2210 lege
2725 2138 3028 2201 deﬁnitam,
3064 2136 3238 2208 possit
3269 2152 3282 2188 :
3317 2143 3441 2206 post

1833 2235 2162 2291 sententiam
2198 2246 2381 2289 autem
2420 2247 2530 2287 non
2565 2231 2742 2303 possit
2776 2251 2788 2285 :
2819 2231 2982 2285 desiit
3023 2230 3169 2284 enim
3204 2243 3326 2284 esse
3349 2227 3440 2295 ju-

1835 2331 1962 2383 dex.
2013 2327 2290 2394 Quorsum
2340 2341 2558 2396 quaeras
2604 2341 2737 2395 cap.-
2788 2324 2854 2378 14
2889 2323 3133 2394 ejusdem
3192 2323 3255 2377 51
3293 2321 3438 2375 tituli

1835 2419 1936 2474 lib.
1974 2437 2064 2474 LX.
2105 2417 2332 2491 [Atque]
2368 2418 2421 2471 in
2459 2418 2605 2471 hunc
2650 2414 2922 2487 [quidem]
2978 2415 3200 2470 modum
3256 2413 3439 2466 solvas

1836 2515 1952 2569 e18
1986 2514 2168 2569 thema
2218 2528 2339 2582 cap.
2389 2512 2454 2566 15
2516 2511 2598 2565 tit.
2671 2509 2707 2563 2
2757 2511 2850 2564 lib.
2902 2525 2996 2563 XXI
3034 2518 3088 2562 et
3139 2507 3173 2561 5
3212 2515 3376 2576 atque
3408 2505 3444 2558 4

1837 2621 1960 2675 cap.
2017 2601 2100 2659 tit.
2144 2605 2178 2659 5
2223 2602 2466 2673 ejusdem
2522 2601 2665 2656 libri.
2722 2599 2925 2666 Digest.
2990 2599 3013 2653 1
3095 2597 3178 2653 tit.
3231 2597 3299 2652 18
3344 2595 3442 2650 lib-

1837 2715 2007 2754 ιιτιιι
2058 2706 2141 2753 est
2190 2696 2368 2750 thema
2402 2694 2469 2749 19
2513 2710 2633 2764 cap.
2673 2694 2695 2747 l
2737 2693 2821 2748 tit.
2881 2691 2957 2746 50
3008 2691 3104 2746 lib.
3140 2703 3249 2756 τι,
3297 2689 3441 2759 quod

1839 2791 2030 2848 eadem
2094 2791 2247 2856 dicit,
2310 2806 2430 2858 quae
2480 2789 2534 2843 in
2583 2787 2909 2858 compendio
2959 2795 3089 2841 sunt
3135 2784 3438 2856 proposita.

1841 2884 2048 2955 Digest.
2081 2883 2114 2938 9
2144 2883 2230 2937 tit.
2283 2883 2351 2937 19
2383 2881 2630 2953 ejusdem
2685 2881 2779 2935 lib.
2808 2879 2927 2950 Dig.
2953 2895 3063 2934 nou
3095 2889 3177 2934 est
3201 2877 3442 2948 positum

1840 2979 1896 3034 in
1947 2978 2110 3034 Basil.
2162 2978 2366 3047 Digest.
2435 2975 2512 3030 27
2550 2973 2794 3043 ejusdem
2843 2974 2930 3030 tit.
2979 2983 3034 3028 et
3071 2973 3168 3027 lib.
3205 2971 3323 3042 Dig.
3363 2980 3448 3027 est

1844 3072 2026 3126 thema
2059 3070 2094 3124 2
2128 3085 2248 3140 cap.
2308 3068 2380 3122 27
2415 3068 2496 3123 tit.
2556 3067 2617 3121 51
2651 3067 2747 3121 lib.
2781 3081 2869 3132 ιτ,
2928 3064 3074 3135 quod
3117 3063 3196 3118 sic
3235 3063 3396 3117 habet
3427 3077 3443 3114 :

1845 3162 1900 3219 Si
1963 3163 2290 3218 decuriones
2344 3161 2428 3217 vel
2493 3161 2824 3232 principales
2876 3159 3161 3216 civitatum
3215 3154 3446 3226 capitale

1843 3253 2068 3324 aliquid
2103 3254 2471 3319 committam,
2529 3253 2610 3308 uti
2658 3252 2875 3314 exsilio,
2939 3249 3303 3320 relegatione,
3352 3253 3442 3301 aut

1843 3348 2064 3418 capitali
2128 3363 2288 3418 poena
2343 3346 2492 3418 digni
2546 3345 2678 3410 sint,
2729 3352 2946 3415 oportet
3007 3341 3295 3414 prasidem
3345 3353 3442 3394 eos

1844 3441 2058 3495 vinctos
2107 3440 2407 3503 custodire,
2461 3447 2511 3494 et
2563 3439 2628 3493 ad
2672 3438 2976 3509 principem
3029 3434 3254 3497 referre,
3306 3433 3449 3487 rela-

1846 3533 1982 3587 tioni
2029 3532 2289 3602 adjuncta
2320 3531 2375 3585 in
2409 3530 2558 3601 ipsos
2600 3529 2711 3583 lata
2741 3528 3036 3583 sententia.
3081 3525 3291 3579 Thema
3340 3538 3444 3577 au-

1848 3633 1957 3681 tem
2020 3625 2046 3678 1
2085 3625 2332 3695 ejusdem
2382 3624 2468 3678 tit.
2513 3624 2589 3677 ait
2617 3621 2926 3700 :_Przrs_ides
2969 3619 3268 3675 sententias
3315 3632 3448 3672 suas

1847 3719 2161 3774 rescindere
2201 3728 2480 3786 nequeunt
2513 3725 2607 3773 :et
2645 3730 2769 3787 qua:
2809 3715 3069 3785 deinceps
3099 3712 3153 3767 in
3181 3725 3447 3782 compen-

1847 3813 1940 3868 dio
1968 3819 2098 3868 sunt
2119 3812 2424 3882 proposita.

1923 3994 2138 4050 Textus.
2185 3993 2409 4067 [Atque]
2451 3995 2567 4051 haec
2607 3993 2873 4068 [quidem]
2901 3992 2968 4049 de
3002 3991 3278 4063 perlectis,
3319 4000 3448 4058 etc.,

1850 4102 2011 4157 usque
2035 4087 2104 4141 ad
2136 4086 2437 4159 [docetur],
2470 4097 2526 4140 ut
2546 4102 2668 4157 pag.
2701 4086 2830 4142 815.

1919 4273 2212 4329 Scholittm.
2257 4272 2459 4343 Digest.
2513 4271 2581 4327 M
2639 4271 2723 4327 tit.
2781 4271 2802 4324 1
2839 4271 2935 4325 lib.
2980 4285 3088 4325 XLII
3136 4269 3339 4340 Digest.
3371 4276 3457 4324 est

1851 4383 1974 4438 cap.
2017 4369 2084 4420 M
2125 4367 2210 4422 tit.
2259 4367 2295 4422 5
2346 4367 2437 4421 lib.
2504 4383 2590 4433 IX,
2642 4366 2787 4436 quod
2824 4364 2984 4435 paulo
3034 4363 3446 4418 anteinsertum

159 4468 338 4525 φησιν,
372 4459 443 4512 ’0
479 4457 751 4523 κελεύσει,
779 4459 811 4528 ἢ
867 4458 1105 4513 κωλύσει
1154 4462 1182 4513 ὁ
1234 4460 1488 4532 πραίτωρ
1521 4461 1743 4516 δύναται
1771 4472 1826 4531 1)
1851 4472 1946 4517 est.

1916 4472 1952 4517 t.
2008 4460 2127 4532 Dig.
2181 4460 2246 4516 19
2278 4461 2358 4516 tit.
2390 4461 2422 4516 8
2454 4460 2547 4514 Iih.
2587 4475 2636 4513 Iv
2675 4458 2816 4531 Dig,
2868 4467 2922 4513 et
2980 4458 3072 4520 20,
3110 4466 3238 4513 sunt
3282 4457 3365 4512 tit.
3414 4455 3452 4510 ‘2

126 4548 129 4552 ’
159 4545 504 4618 ἀνατρέπειν,
536 4552 596 4604 οὐ
635 4551 744 4622 μὴν
780 4550 962 4622 ψῆφον
999 4551 1232 4607 οἰκείαν.
1273 4553 1348 4605 Τὸ
1380 4553 1444 4606 ιϐ’
1473 4553 1614 4608 διάτ.
1647 4554 1744 4608 τοῦ

161 4636 210 4708 η’
252 4639 357 4695 τίτ.
411 4641 508 4695 τοῦ
537 4641 580 4695 δ’
612 4641 754 4713 βιδλ.
805 4643 915 4696 τῶν
956 4643 1099 4699 διατ.
1144 4645 1242 4697 καὶ
1287 4644 1348 4698 τὸ
1400 4651 1447 4699 κ’
1495 4646 1602 4699 εἰσὶ
1652 4646 1747 4700 τοῦ

161 4732 313 4803 τίτ.β’
335 4734 432 4788 τοῦ
466 4733 608 4805 βιϐλ.
641 4735 685 4800 ζ’
712 4752 839 4804 κεφ.
861 4734 1116 4800 ιθ¹οῦτως
1147 4736 1293 4808 ἕχον·
1333 4737 1395 4790 ὐ
1419 4737 1635 4808 αἱρετὸς
1665 4739 1747 4792 δι-
1783 4771 1786 4774 -

166 4827 365 4899 καστὴς
391 4828 453 4882 τὸ
474 4827 666 4882 δοκοῦν
691 4827 842 4899 αὐτῷ
863 4828 1185 4899 ψηφίζεται,
1216 4831 1312 4882 καὶ
1330 4830 1392 4882 ού
1425 4831 1751 4902 πολυπραγ-

170 4922 317 4986 μονεί
341 4921 441 4994 τὴν
466 4921 649 4992 ψῆφον
675 4922 705 4974 6
733 4920 1006 4994 πραίτωρ.
1074 4923 1136 4976 Et
1171 4922 1229 4976 δὲ
1261 4923 1434 4988 δόξειε
1464 4927 1578 4988 τοῖς
1603 4927 1753 4997 αἱρε.;

167 5015 334 5078 τικοῖς
392 5015 769 5088 δικαστηρίοις
830 5015 973 5069 ὥστε
1040 5017 1156 5070 τόδε
1216 5017 1583 5088 ψηφίσασθαι,
1650 5021 1752 5073 οὐκ

171 5100 398 5174 ἔρρωται
442 5106 562 5161 οὐδὲ
603 5104 978 5174 ἀναγκάζεται
1029 5107 1395 5178 ψηφίσασθαι.
1431 5110 1751 5182 Ψηφίζεται

171 5195 224 5249 δὶ
257 5201 284 5252 6
305 5203 527 5272 γνώμην
556 5199 810 5272 ἐσχηκὼς
838 5200 928 5253 διὰ
953 5200 1047 5253 τοῦ
1090 5200 1516 5272 διαλαλουμένου
1569 5203 1754 5257 πᾶσαν

172 5291 265 5364 τὴν
291 5295 444 5369 δίκην
477 5300 689 5369 τεμεῖν.
721 5297 786 5352 Εί
810 5297 867 5350 δὲ
895 5297 996 5352 ἐπὶ
1019 5298 1234 5363 πολλοῖς
1277 5301 1636 5371 προσελήφθη
1667 5318 1751 5353 κε-

177 5385 413 5453 φαλαίοις
437 5389 498 5443 οὐ
517 5389 664 5443 δοκεῖ
685 5387 1026 5459 ψηφίζεσθαι
1051 5390 1100 5441 εί
1127 5389 1203 5460 μὴ
1228 5390 1408 5455 πάσας
1441 5392 1542 5454 τὰς
1570 5392 1754 5462 φιλον-

176 5477 344 5542 εικίας
384 5481 714 5552 περατώσει.
756 5482 869 5535 Καὶ
906 5483 956 5534 εἰ
1002 5480 1103 5551 μὲν
1147 5482 1446 5553 ψηφίζεται
1482 5483 1669 5536 δοῦναί
1700 5501 1752 5537 τι

179 5562 212 5634 ἦ
235 5567 562 5643 ἀπολυθῆναι
591 5571 683 5625 τὸν
709 5570 1041 5642 ὲναγόμενον
1060 5571 1120 5624 οὐ
1147 5571 1372 5624 δύναται
1409 5572 1550 5641 μετά
1579 5573 1756 5627 ταῦτα

180 5654 502 5727 ψηφίζεσθαι
560 5665 841 5720 τάναντία.
914 5664 997 5717 Τὰ
1076 5664 1135 5716 δὲ
1197 5663 1598 5734 διαλαλούμενα
1662 5667 1756 5720 ἐπὶ

187 5761 490 5830 παρασκευῇ
513 5757 615 5830 τῆς
643 5759 803 5830 δίκην
837 5755 1090 5827 ἀμείϐειν
1113 5755 1340 5812 δύναται
1365 5799 1378 5824 ,
1429 5751 1542 5812 οἷον
1572 5757 1753 5814 διελά-

1854 4556 1949 4638 lib.
1981 4573 2076 4618 νη,
2115 4571 2238 4626 cap.
2269 4556 2356 4622 19,
2386 4557 2529 4625 quod
2559 4554 2638 4609 sic
2673 4553 2835 4608 habet
2866 4568 2880 4606 :
2913 4553 3130 4607 Arbiter
3157 4561 3318 4623 prout
3345 4550 3452 4606 Siltl

1854 4636 2071 4700 videtur
2111 4646 2346 4714 judicat,
2381 4659 2555 4711 neque
2589 4643 2643 4696 in
2677 4641 2843 4715 [ejus]
2901 4641 3228 4697 sententiam
3273 4636 3456 4706 inqui—

1856 4742 1928 4794 rit
1980 4749 2197 4811 practor.
2234 4738 2390 4804 Quod
2426 4737 2472 4792 si
2503 4737 2556 4790 in
2610 4736 2878 4790 arbitrum
2922 4731 3043 4807 [ita]
3086 4728 3451 4801 compromis-

1857 4851 1976 4889 smu
2040 4835 2131 4898 sit,
2188 4841 2248 4886 ut
2295 4841 2497 4887 certam
2545 4831 2872 4887 sententiam
2924 4828 3071 4883 dicat
3105 4844 3118 4879 :
3151 4841 3259 4880 non
3310 4822 3455 4876 valet

1859 4922 2218 4998 [arbitrium],
2274 4940 2375 4979 nec
2421 4923 2752 4978 sententiam
2803 4921 2987 4976 dicere
3030 4919 3264 4988 cogitur.
3317 4913 3458 4970 Dicit

1857 5030 2040 5074 autem
2081 5018 2432 5084 sententiam,
2463 5017 2555 5087 qui
2591 5016 2651 5070 in-
2683 5015 2871 5069 animo
2901 5015 3064 5066 habet
3099 5009 3456 5079 pronuntiato

1859 5129 1959 5166 suo
1992 5126 2208 5166 omnem
2241 5109 2673 5165 controversiam
2710 5107 2980 5162 decidere.
3010 5102 3115 5158 Sed
3145 5103 3190 5156 si
3221 5101 3289 5156 de
3307 5101 3457 5154 mul-

1863 5205 1932 5259 tis
1971 5204 2135 5258 rebus
2165 5200 2432 5275 [arbiter]
2456 5210 2708 5270 sumptus
2742 5199 2815 5254 sit
2847 5215 2861 5251 :
2899 5196 3227 5252 sententiam
3272 5194 3457 5250 dicere

1859 5313 1968 5352 non
2000 5297 2242 5362 videtur,
2271 5295 2376 5350 nisi
2408 5310 2603 5350 omnes
2632 5291 3038 5349 controversias
3080 5289 3254 5344 ﬁniat.
3281 5288 3458 5346 Carte-

1861 5407 1982 5446 ruvm
2016 5389 2408 5460 sijudicaverit
2448 5387 2652 5458 aliquid
2692 5385 2834 5452 dari,
2879 5395 2974 5439 aut
3002 5400 3155 5438 reum
3199 5382 3408 5437 absolvi
3442 5399 3456 5434 :
3561 5451 3572 5459 _

1863 5497 1971 5536 non
2013 5491 2190 5551 potest
2234 5479 2582 5550 postmodum
2628 5478 2962 5533 contrariam
3015 5476 3342 5530 sententiam
3375 5473 3458 5525 di-

1861 5590 2004 5631 cere.
2033 5574 2165 5641 Qua’
2192 5590 2322 5628 vero
2344 5573 2410 5627 de
2441 5569 2840 5642 prtrparatione
2871 5584 3051 5623 causa:
3096 5567 3458 5620 interlocutus

1860 5679 1967 5738 est,
2022 5679 2237 5724 mutare
2285 5675 2503 5737 pmest:
2541 5676 2598 5722 ut
2656 5674 2783 5735 puta
2829 5665 2874 5720 si
2923 5664 3147 5735 jusserit
3193 5660 3458 5715 Kalendis

1863 5759 2181 5834 [judicium]
2241 5759 2558 5826 observare,
2596 5765 2650 5815 et
2691 5773 2830 5812 mox.
2884 5756 3069 5812 [libus
3136 5754 3343 5826 jubeat.
3384 5750 3454 5806 Et
