3916 6244
360 268 497 337 1143

1500 274 1762 335 ΡΗΟΤΠ
1804 274 2075 334 PATRIA
2086 276 2308 335 RClLE
2345 276 2455 335 (ΖΡ.

3489 270 3613 335 1144

355 400 479 455 cap.
528 384 598 440 20
636 404 649 440 :
696 384 762 444 Et
791 385 839 444 si
875 386 1078 444 erravit
1128 386 1185 441 in
1227 385 1501 442 sententia
1530 384 1782 452 dicenda,
1839 400 1927 439 no:

2053 384 2185 457 λησε
2213 388 2511 451 Καλένδαις
2542 386 2955 457 παραφυλάξαι,
2980 386 3071 439 καὶ
3098 384 3322 455 ὕστερον
3349 384 3619 453 διελάλησε

355 478 602 549 corrigit,
647 480 1093 553 quandoquidem
1137 481 1231 553 qui
1270 479 1562 552 judicavit,
1607 478 1776 549 judex
1824 492 1927 533 οδες

2054 478 2167 540 τοῖς
2202 478 2397 541 Εἰδοῖς.
2431 479 2538 531 Καὶ
2571 495 2697 546 κεφ.
2736 475 2781 529 κ’
2815 476 2918 530 κᾶν
2941 475 3187 547 πλανηθῇ
3216 478 3271 529 ὲν
3304 476 3383 547 τῷ
3405 475 3623 547 ψηφίζε-

353 568 539 626 desiit.

2057 568 2183 622 σθαι
2206 570 2268 621 οὑ
2292 569 2620 640 διορθοῦται.
2644 568 3039 640 Ψηφισάμενος
3064 570 3171 639 γὰρ
3196 567 3469 621 πέπαυται
3494 564 3621 619 εἶναι

352 667 634 743 δικαστής.
667 671 740 725 Τὸ
772 672 832 727 δὲ
867 669 963 737 νε’,
992 671 1133 727 διάτ.
1164 670 1259 724 τοῦ
1286 677 1334 726 α’
1365 669 1472 724 τίτ.
1512 667 1607 722 τοῦ
1642 666 1731 738 μβ’
1766 665 1934 736 βιϐλ.,
1977 663 2094 717 ἔστι
2160 682 2285 734 κεφ.
2330 663 2425 731 νε’,
2456 665 2550 718 τοῦ
2596 672 2643 733 γ’
2676 662 2781 719 τίτ.
2815 663 2908 717 τοῦ
2938 661 2981 717 θ’
3018 662 3161 733 βιϐλ.
3198 660 3371 726 οὕτως
3417 661 3535 733 ἔχον
3570 660 3631 715 ’0

352 756 735 831 ψηφισάμενος
795 748 1072 816 τῗέπαυται
1116 756 1256 814 εἶναι
1309 758 1573 830 δικαστὴς
1622 757 1719 811 καὶ
1760 754 1948 809 οὐκέτι
1987 754 2300 825 διορθοῦται
2330 755 2429 826 τὴν
2454 756 2657 825 ψῆφον.

1479 1153 1883 1250 ΤΙΤΛΟΣ
1961 1160 2177 1251 ΔΕΚ
2195 1164 2504 1252 ΑΤΟΣ.

639 1364 797 1421 ΠΕΡΙ
850 1363 1260 1422 ΔΙΟΙΚΗΣΕΩΣ
1313 1366 1935 1423 ΕΚΚΑΗΣΙΛΣΤΙΚΩΝ

2007 1370 2125 1423 ΚΜ
2184 1369 2343 1422 ΠΕΡΙ
2402 1367 2542 1423 ΤΩΝ

2621 1367 2856 1425 ΙΔῘΚΩΝ
2916 1366 3353 1423 ΕΠῙΣΚΟΠΟΥ.

1986 1578 2058 1591 -ο

1481 1753 1949 1832 TITULUS
2028 1752 2505 1831 DECIMUS.

350 1961 456 2021 DE
509 1962 1267 2027 ADMINISTRATIONE
1326 1961 1603 2024 [UERUM
1653 1961 2479 2034 ECCLESIASTICARUM,
2523 1960 2639 2034 ,ΕΤ
2692 1961 2793 2021 DE
2835 1960 3139 2037 [REBUS]
3210 1958 3634 2023 EPISCOPO-

1687 2062 1855 2123 llUM
1899 2062 2291 2124 PROPRHS.

418 2454 644 2512 CAPUT
682 2455 973 2512 PRIMUM.
1013 2486 1082 2497 —
1128 2456 1284 2523 Quod
1332 2474 1658 2512 arconomum
1687 2475 1752 2512 ex
1789 2458 1927 2514 clero

2107 2453 2506 2508 ΚΕΦΑΛΛΙΟΝ
2537 2452 2615 2507 A'.
2651 2484 2717 2495 -—
2745 2450 2884 2519 Περὶ
2926 2453 3033 2506 τοῦ
3070 2450 3289 2521 χρῆναι
3333 2451 3443 2507 τὸν
3489 2454 3637 2509 οἱκο-

346 2548 602 2615 ecclesiw,
630 2548 807 2622 [cujus
832 2566 1133 2605 mconomus
1163 2550 1269 2623 est]
1301 2568 1415 2605 esse
1445 2560 1707 2620 oporteat.

416 2663 655 2720 Coneilii
672 2667 1143 2723 Chalcedonensis
1170 2683 1347 2723 canon
1368 2669 1468 2738 26;
1491 2670 1709 2725 concilii
1732 2670 1937 2725 Νίσιεηί

344 2758 573 2813 secundi
630 2774 808 2821 canon
864 2760 971 2826 tl;
1035 2759 1329 2832 TheOphili
1384 2778 1452 2817 ex
1501 2762 1937 2820 Commonitorio

347 2860 521 2901 canon
556 2845 613 2901 9.

420 2956 633 3015 Τελείας.
664 2960 854 3017 Const.
882 2962 950 3019 59
987 2965 1071 3020 tit.
1103 2965 1137 3020 '5
1159 2965 1253 3022 lib.
1290 2981 1330 3029 ι,
1362 2965 1494 3021 Cod.
1533 2966 1934 3037 (Eoonomum,

343 3056 477 3115 etc.,
516 3067 676 3121 usque
696 3052 767 3106 ad
796 3055 1096 3123 perveniet,
1121 3066 1175 3110 ut
1195 3073 1318 3129 pag.
1347 3057 1474 3114 818.

415 3246 711 3315 Stlwh'um.
748 3260 937 3317 Const.
984 3260 1057 3315 22
1111 3263 1197 3318 tit.
1251 3265 1286 3319 3
1329 3264 1425 3320 lib.
1462 3264 1641 3320 lCOd.
1691 3282 1803 3320 non
1852 3276 1935 3322 est

341 3354 521 3422 posita
554 3355 605 3408 in
625 3355 813 3423 Basil.,
845 3374 1020 3429 neque
1046 3360 1138 3425 2i,
1172 3376 1352 3431 neque
1382 3361 1474 3427 41,
1504 3378 1682 3431 neque
1704 3362 1795 3418 42.
1828 3362 1932 3419 Le-

342 3462 440 3514 gas
470 3460 649 3502 autem
682 3457 738 3503 et
788 3452 821 3505 5
844 3449 1147 3507 Justiniani
1192 3454 1486 3520 novellam,
1528 3455 1643 3510 sive
1670 3470 1795 3526 cap.
1832 3457 1930 3513 ult.

340 3540 425 3594 tit.
460 3539 495 3593 2
518 3540 610 3596 lib.
643 3558 699 3596 ιιι
721 3542 912 3609 Basil.,
941 3545 1197 3614 quod‘sic
1228 3546 1389 3601 habet
1417 3567 1429 3601 :
1455 3546 1929 3613 Quemadmodum

342 3641 523 3684 autem
554 3632 619 3685 ad
640 3647 759 3687 eam
787 3632 1128 3706 [ecclesiam]
1151 3637 1488 3705 pertinentes
1504 3649 1757 3709 sumptus
1778 3650 1930 3696 certa

342 3724 448 3778 ﬁne
478 3724 900 3795 descripsimus,
935 3727 1007 3781 ita
1032 3728 1313 3792 convenit,
1341 3730 1801 3786 utsanctissimns
1835 3746 1932 3801 pro

2040 2552 2232 2619 νόμον
2257 2549 2325 2602 ἐκ
2353 2548 2459 2603 τοῦ
2494 2547 2727 2617 κλήρου
2754 2547 2863 2613 τῆς
2892 2547 3227 2615 ἐκκλησίας
3252 2542 3437 2601 εἶναι.

2115 2664 2342 2718 Συνόδου
2397 2662 2737 2733 Χαλκηδόνος
2769 2660 2949 2715 κανὼν
2983 2660 3100 2725 κςό
3136 2660 3366 2715 συνόδου
3410 2660 3636 2726 Νικαίας

2039 2756 2100 2810 τὸ
2132 2755 2175 2826 β¹
2207 2756 2385 2810 κανὼν
2416 2761 2511 2810 tat"
2550 2754 2736 2825 Θεοφί)
2750 2771 2808 2807 ου
2834 2755 2897 2807 ὲκ
2922 2752 3016 2806 τοῦ
3050 2752 3499 2824 ’Υπομνηστικοῦ
3539 2771 3636 2806 κα-

2047 2868 2154 2904 νων
2187 2849 2251 2904 θ’.

2114 2965 2422 3033 Κείμενον.
2469 2963 2531 3015 Ἦ
2568 2961 2647 3014 λθ¹
2674 2960 2815 3015 διάτ.
2847 2960 2942 3015 τοῦ
2974 2965 3023 3025 γ’
3053 2958 3157 3017 τὶτ.
3216 2957 3316 3015 τοῦ
3347 2958 3399 3014 α’
3430 2958 3636 3031 βιϐλίου

2038 3056 2132 3113 τοῦ
2169 3056 2419 3123 κώδικος,
2459 3055 2607 3125 λέγει
2639 3073 2694 3111 κ.
2726 3073 2778 3109 τ.
2806 3054 2880 3121 λ.,
2916 3069 3093 3125 usque
3141 3053 3208 3109 ad
3276 3053 3634 3127 περίερχεται

2041 3150 2179 3222 μετὰ
2210 3151 2308 3222 τὴν
2343 3148 2524 3203 αὐτῶν
2545 3149 2823 3219 τελευτήν.

2108 3267 2155 3319 Σ
2157 3264 2387 3332 χόλιον.
2410 3262 2473 3316 Ἡ
2496 3261 2575 3331 λβ⁹
2601 3262 2740 3315 διάτ.
2767 3262 2861 3316 τοῦ
2889 3260 2937 3330 γ’
2955 3261 3060 3317 τίτ.
3084 3260 3132 3315 α’
3160 3262 3373 3333 βιϐλίου
3396 3263 3492 3318 τοῦ
3507 3264 3633 3319 xm.

2037 3356 2135 3411 οὐκ
2167 3356 2325 3429 ἐτέθη
2352 3358 2430 3419 εἰς
2464 3356 2531 3409 τὰ
2570 3356 2856 3422 Βασιλικὰ,
2875 3356 2997 3411 οὐδὲ
3036 3359 3066 3427 ἡ
3094 3357 3202 3423 κα’,
3232 3357 3367 3411 οῦθὲ
3407 3357 3496 3429 μα’
3519 3358 3635 3412 οὐδὲ

2037 3454 2070 3522 ἡ
2103 3450 2209 3521 μβ¹.
2249 3449 2546 3519 Ἀνάγνωθι
2605 3449 2663 3502 δὲ
2723 3450 2824 3520 τὴν
2876 3447 2923 3517 γ’
2968 3450 3350 3504 Ἰουστινιανοῦ
3412 3452 3632 3524 νεαράνο

2038 3542 2190 3612 ζήτει
2217 3559 2343 3609 κεφ.
2371 3542 2683 3595 τελευταῖον
2711 3542 2806 3594 τοῦ
2839 3539 2884 3612 β’
2906 3542 3011 3595 τίτ.
3075 3541 3169 3596 τοῦ
3204 3550 3252 3611 γ’
3284 3542 3502 3613 βιϐλίου
3526 3543 3634 3596 τῶν

2036 3632 2345 3687 Βασιλικῶν
2384 3630 2560 3696 οὕτως
2592 3632 2732 3702 ἔχον·
2787 3633 2997 3704 Ὥσπερ
3030 3632 3085 3685 δὲ
3133 3633 3233 3703 τὴν
3285 3636 3423 3705 περὶ
3479 3632 3636 3689 τοῦτο

2036 3726 2281 3796 δαπάνην
2333 3724 2635 3796 ὠρίσαμεν,
2696 3724 2868 3788 οὕτως
2916 3727 3183 3797 προσήκει
3208 3712 3301 3779 τίν
3335 3728 3482 3781 κατὰ
3513 3745 3632 3781 και-

344 3814 687 3884 temporibus
722 3816 1036 3885 patriarcha
1061 3825 1114 3870 et
1146 3819 1590 3873 reverendissimi
1609 3818 1793 3874 clerici
1823 3820 1927 3874 cir-

2040 3819 2168 3891 ροῦς
2204 3816 2509 3886 ἁγιώτατον
2565 3817 2935 3889 πατριάρχην,
2996 3818 3247 3881 καὶτοὺς
3289 3819 3633 3875 εὐλαϐεστά-

343 3907 731 3978 eunzspiciant,
777 3924 843 3963 ne
903 3910 1101 3980 reliqui
1153 3922 1450 3982 sumptus,
1508 3912 1600 3982 qui
1655 3929 1719 3966 ex
1755 3912 1933 3967 eccle-

341 4000 581 4056 siasticis
608 4003 878 4057 reditibus
912 4003 1071 4067 liunt,
1108 4004 1269 4058 aliter
1300 4021 1463 4074 quam
1496 4006 1547 4059 in
1594 4004 1711 4075 pias
1738 4016 1791 4061 et
1821 4004 1931 4061 Deo

339 4094 570 4163 placitas
590 4111 789 4151 causes
811 4096 1161 4151 insumantur
1190 4114 1201 4150 :
1232 4107 1286 4152 et
1312 4108 1370 4151 ut
1410 4098 1461 4151 in
1492 4098 1613 4153 illos
1641 4098 1931 4154 conferan-

342 4198 449 4253 tur,
483 4188 573 4257 qui
610 4198 664 4243 et
699 4205 891 4244 revera
921 4199 1105 4260 egent,
1138 4206 1238 4246 nec
1288 4192 1511 4246 aliunde
1553 4192 1755 4247 habent
1787 4194 1931 4249 unde

339 4282 545 4335 vixant.
585 4281 735 4349 (Haec
774 4285 923 4337 enim
963 4282 1251 4338 Dominum
1283 4283 1451 4339 Deum
1499 4286 1795 4340 conciliare
1838 4300 1932 4341 so-

340 4374 500 4442 lent);
533 4390 637 4429 non
672 4391 801 4430 vero
834 4392 930 4446 per
986 4377 1288 4447 patrocinia
1329 4388 1382 4433 et
1426 4377 1711 4432 hominum
1749 4377 1929 4433 studia

341 4466 393 4518 in
428 4466 705 4536 Iocupetes
753 4469 1085 4524 distribuant
1118 4486 1180 4525 ea
1230 4487 1352 4540 quae
1392 4472 1461 4526 ad
1516 4474 1928 4530 ecclesiasticos

340 4570 595 4629 sumptus
637 4570 951 4629 suppetunt,
988 4572 1046 4615 ut
1078 4563 1274 4618 eximie
1313 4575 1535 4633 egentes
1573 4566 1693 4620 vitae
1734 4582 1926 4622 neces-

340 4653 504 4705 sariis
544 4652 961 4708 defraudentur.
990 4653 1253 4709 Noverth
1274 4658 1418 4710 enim
1449 4657 1539 4711 Dei
1561 4658 1926 4714 amantissimi

340 4746 634 4809 tDt'UllOtltl,
662 4752 769 4799 tam
802 4747 891 4814 qui
928 4762 1092 4812 nunc,
1131 4764 1292 4816 quam
1335 4751 1428 4817 qui
1466 4750 1595 4804 oliui
1631 4767 1729 4820 pro
1785 4762 1926 4805 tem-

339 4834 565 4902 poribus
598 4833 765 4889 l'uturi
795 4845 945 4900 sunt,
974 4837 1118 4905 quod
1145 4838 1189 4891 si
1223 4840 1353 4907 quid
1382 4839 1434 4893 in
1460 4840 1543 4894 his
1573 4842 1924 4911 deliquerint,

338 4940 445 4979 non
494 4934 703 4981 tantum
758 4927 937 4996 pugnis
986 4928 1305 4983 caelestibus
1341 4940 1503 4984 erunt
1549 4931 1792 4997 obnoxii,
1828 4932 1925 4989 sed

336 5021 499 5073 etiam
529 5018 596 5074 de
623 5020 926 5074 substantia
963 5036 1060 5075 sua
1114 5032 1482 5077 sacrosanctae
1540 5024 1785 5079 ecclesiae
1841 5026 1926 5079 in-

340 5110 692 5168 demnitatem
748 5114 1105 5185 praestabunt.
1172 5113 1337 5170 Notes
1403 5131 1535 5186 ergo
1596 5128 1921 5186 praesentem

335 5205 633 5261 Justiniani
668 5208 938 5262 novellam
975 5218 1197 5279 propter
1218 5208 1446 5273 formas,
1474 5226 1595 5279 quae
1625 5226 1655 5265 a
1690 5212 1923 5281 patriar-

336 5299 455 5353 chis
486 5296 891 5356 fraternitatem
924 5301 1377 5372 reliquarumque
1427 5301 1923 5359 frumentariarum

336 5394 661 5463 pensionum
690 5394 910 5450 nomine
946 5396 1013 5450 ad
1040 5394 1239 5451 divites
1266 5406 1426 5466 atque
1456 5406 1708 5467 potentes
1735 5413 1926 5467 perso-

333 5501 433 5541 nas
466 5486 791 5542 emittuntur
813 5506 825 5541 :
847 5496 1013 5557 atque
1038 5488 1175 5543 duas
1196 5489 1293 5545 has
1316 5490 1618 5545 secundum
1637 5489 1756 5560 ejus
1780 5506 1923 5560 pra:-

332 5581 597 5646 seriptum
627 5594 750 5635 esse
781 5581 1083 5637 invalidas:
1119 5598 1239 5651 qua:
1266 5599 1396 5638 vero
1449 5583 1515 5637 ad
1558 5598 1762 5653 egenos
1796 5586 1921 5638 mit-

332 5681 545 5737 tuntur,
578 5688 698 5727 esse
761 5684 927 5729 ratas.
977 5674 1171 5729 Const.
1202 5675 1237 5727 2
1270 5676 1353 5729 tit.
1388 5676 1421 5728 2
1456 5672 1804 5729 Novellarum
1836 5686 1920 5729 est

1673 5765 1701 5785 ιη

332 5762 541 5815 novella
580 5761 877 5818 Justiniaui
917 5764 1034 5830 l20,
1078 5766 1191 5821 sive
1224 5768 1405 5822 thema
1434 5766 1608 5838 2cap.
1673 5765 1701 5818 7
1768 5765 1849 5822 tit.
1882 5764 1918 5819 2

2033 3931 2159 3976 τους
2216 3912 2533 3981 οἰκονόμους
2578 3914 2931 3983 περισκοπεῖν
2965 3912 3145 3978 τοῦτο,
3210 3914 3435 3978 καὶτὰς
3471 3915 3635 3977 ἄλλας

2033 4004 2276 4068 δαπάνας
2357 4005 2458 4069 τὰς
2510 4004 2802 4075 γινομένας
2860 4007 2925 4059 ὲκ
2986 4006 3093 4059 τῶν
3151 4006 3632 4079 ὲκκλησιαστικῶν

2034 4098 2218 4169 πόρων
2255 4099 2383 4169 περὶ
2413 4097 2658 4162 εὐσεϐεῖς
2687 4100 3035 4153 δαπανᾶσθαι
3072 4100 3326 4169 πράξεις,
3366 4102 3464 4155 καὶ
3511 4100 3631 4171 Θεῷ

2033 4189 2395 4261 ἀρεσκούσας,
2442 4190 2534 4243 καὶ
2560 4192 2638 4254 εἰς
2669 4190 2906 4252 ἐκείνους
2932 4189 3138 4253 ταύτας
3170 4194 3476 4261 χωρηγεῖν.
3506 4192 3630 4255 τοὺς

2032 4284 2152 4345 ταῖς
2194 4281 2477 4352 ἀληθείαις
2508 4281 2818 4353 δεομένους,
2856 4282 2949 4336 καὶ
2991 4283 3090 4335 οὐκ
3126 4282 3356 4353 ἔχοντας
3400 4284 3629 4355 ἑτέρωθι

2031 4375 2237 4446 τροφῆς
2284 4376 2560 4446 ἀφορμήν.
2613 4374 2656 4425 Τ
2662 4374 2799 4427 αῦτα
2848 4374 2957 4445 γὰρ
3013 4376 3105 4428 τὸν
3154 4377 3441 4448 Δεσπότην
3498 4376 3629 4430 Θεὸν

2031 4466 2344 4539 θεραπεύει,
2383 4467 2520 4520 ἀλλὰ
2555 4466 2629 4538 μὴ
2664 4466 3038 4539 προστασίαις,
3097 4467 3187 4521 καὶ
3240 4470 3503 4533 σπουδαῖς
3538 4472 3627 4523 ἀν-

2031 4560 2265 4630 θρώπων
2294 4559 2392 4622 τὰς
2422 4557 2882 4628 ἐκκλησιαστικὰς
2914 4558 3160 4622 δαπάνας
3192 4560 3271 4621 εἰς
3298 4558 3628 4630 ἀνθρώπους

2030 4654 2399 4726 εὐποροῦντας
2452 4652 2766 4716 ἐπιδιδόναι,
2804 4652 2902 4706 καὶ
2937 4652 3190 4707 ἐντεῦθεν
3223 4654 3353 4717 τοὺς
3380 4655 3624 4725 ἀπορου-

2033 4748 2227 4818 μένους
2267 4745 2339 4816 μὴ
2373 4745 2662 4815 τυγχάνειν
2694 4745 2801 4797 τῶν
2832 4743 3166 4813 ἀναγκαίων.
3201 4746 3477 4798 Ἵςῖωσαν
3518 4746 3624 4815 γὰρ

2029 4840 2075 4891 οἱ
2111 4836 2514 4906 θεοφιλέστατοι
2543 4836 2819 4906 οἰκονόμοι
2864 4834 2975 4887 οῖτε
3006 4835 3123 4899 νῦν,
3179 4836 3289 4888 οἵτε
3324 4836 3471 4889 κατὰ
3502 4853 3623 4889 και-

2033 4932 2159 5001 ροὺς
2213 4931 2461 5000 ἐσόμενοι
2493 4930 2568 4992 ὡς
2594 4928 2647 4981 εἴ
2675 4947 2725 4982 τι
2756 4928 2906 4998 παρὰ
2960 4929 3133 4981 ταῦτα
3177 4928 3470 4999 πράξαιεν,
3506 4930 3622 4991 ταῖς

2027 5043 2086 5079 τε
2122 5026 2185 5078 ἐκ
2214 5022 2348 5077 Θεοῦ
2379 5026 2589 5086 ποιναῖς
2648 5022 3057 5083 ὑποκείσονται,
3094 5020 3187 5074 καὶ
3208 5021 3270 5073 ὲκ
3294 5020 3401 5089 τῆς
3443 5020 3620 5073 αὐτῶν

2030 5118 2216 5180 οὐσίας
2244 5118 2304 5171 τὸ
2336 5118 2570 5188 ἀζήμιον
2600 5119 2665 5187 τῇ
2693 5115 2960 5186 ἁγιοτάτῃ
2993 5117 3450 5185 περιποιήσουσιν
3501 5113 3620 5167 Ἐκ-

2032 5210 2250 5281 κλησία.
2291 5210 2354 5262 Ἠ
2394 5209 2438 5280 β’
2476 5209 2614 5263 διάτ.
2665 5208 2759 5262 τοῦ
2791 5206 2833 5279 β’
2874 5208 2979 5262 τίτ.
3040 5207 3148 5262 τῶν
3201 5206 3457 5277 Νεαρῶν,
3504 5205 3620 5259 ἔστι

2030 5304 2201 5372 νεαρὰ
2256 5303 2689 5366 ’Ῑουστινιάνειος
2745 5300 2851 5373 ρκ’.
2892 5302 3014 5371 ἦτοι
3044 5299 3185 5369 θέμα
3211 5298 3254 5369 β’
3282 5298 3375 5351 τοῦ
3415 5297 3460 5362 ζ’
3492 5316 3614 5367 κερ.

2027 5394 2118 5450 τοῦ
2144 5392 2187 5466 β’
2227 5394 2333 5449 τίτ.
2361 5391 2455 5449 τοῦ
2490 5393 2529 5446 ε’
2552 5394 2760 5466 βιϐλεου
2804 5393 2910 5447 τῶν
2950 5392 3255 5448 Βασιλικῶν
3284 5392 3459 5456 οὕτως
3497 5390 3617 5461 ἔχον

2027 5489 2099 5553 ὡς
2138 5489 2471 5560 συνογῷίσθη.
2510 5488 2823 5560 Σημεῖωσαι
2847 5488 2947 5559 τὴν
2977 5488 3258 5559 παροῦσαν
3302 5486 3617 5542 Ἰοῦστινίὰ-

2027 5598 2166 5635 νειον
2198 5583 2399 5653 νεαρὰν
2424 5582 2512 5636 διὰ
2552 5581 2619 5637 τὰ
2648 5584 2914 5653 γινόμενα
2945 5580 3257 5652 τυπώματα
3282 5580 3465 5650 ,παρὰ
3506 5578 3613 5631 τῶν

2026 5675 2383 5747 πατριαρχῶν
2430 5676 2589 5747 χάριν
2647 5677 2986 5745 ἀδελφάτων,
3037 5675 3132 5728 καὶ
3158 5670 3365 5726 λοιπῶν
3392 5688 3609 5740 σιτηρε-

2029 5767 2158 5823 σίων
2217 5769 2376 5842 προς]
2420 5769 2687 5839 πρόσωπα
2747 5766 3081 5822 πλουτοῦντα
3137 5765 3231 5829 καὶ
3297 5763 3608 5835 παραδυνα-
