3916 6244
152 199 157 203 ’
227 199 362 279 1145’

1238 205 1727 271 NOMOCANON.
1768 230 1838 241 -·-
1871 204 2018 265 TlT.
2052 205 2126 265 Χ.
2168 202 2326 263 CAP.
2373 202 2468 261 IV.

3333 187 3473 253 1H6

225 331 478 384 στεύοντα.
538 323 648 378 Καὶ
676 321 804 389 λέγι
828 319 1001 374 ταῦτα
1037 320 1134 390 μὲν
1164 317 1304 373 εἶναι
1334 318 1607 390 ἀνίσχυρα
1641 317 1785 372 κατὰ

1929 317 1982 371 b.
2017 333 2046 370 ν
2077 315 2265 380 Basil.,
2300 313 2446 386 quod
2477 314 2658 380 balet,
2695 322 2753 367 ut
2783 310 2836 365 in
2866 305 3192 377 compendio
3230 303 3479 376 proposi-

225 421 311 492 τὴν
360 417 558 488 ταύτης
590 415 908 487 περίληψιν,
947 414 1016 468 τὰ
1043 412 1101 466 δὲ
1128 411 1266 483 προς
1299 411 1501 476 ἐνδεεῖς
1529 409 1793 480 γινόμενα

225 511 346 568 εἶναι
374 511 554 582 βέϐαια
565 551 579 564 .

287 606 522 660 ΚΕΦΑΛ.
565 601 639 660 Β’.
673 633 742 646 --
775 603 915 672 Περὶ
976 597 1336 670 διοικήσεως
1388 595 1511 653 τῶν
1573 598 1795 664 ἐκκλη-

223 693 533 752 σιαστικῶν
557 692 936 764 πραγμάτων.

294 787 618 842 ’Λποστόλων
665 787 844 840 κανὼν
898 784 1002 856 λη’,
1033 782 1106 854 μ’,
1145 781 1237 854 μα’
1263 800 1276 816 ⁸
1329 783 1548 838 συνόδου
1589 785 1794 838 Ἀντιοο

221 883 357 956 χείας
402 879 582 934 κανὼν
612 877 711 945 κδ’,
746 876 827 932 κε’
849 895 862 908 -
898 876 1168 948 Κυρίλλου
1202 878 1265 930 ἐκ
1289 876 1389 946 τῆς
1417 877 1554 947 πρὸς
1585 877 1793 947 Δόμνον

221 975 489 1045 ἐπιπολῆς
535 989 663 1043 κεφ.
699 970 742 1045 β’
768 988 781 1002 ο
824 971 1086 1042 Θεοφίλου
1117 971 1182 1024 ἐκ
1212 972 1306 1024 τοῦ
1347 969 1790 1043 ’Υπομνηστικοῦ

218 1084 329 1135 xta.
357 1063 452 1130 ις’.

279 1161 576 1227 Κεὶμενον,
609 1157 787 1214 Πολλὰ
820 1159 918 1231 μὲν
939 1157 1156 1231 εἴρηται
1187 1155 1317 1228 περὶ
1341 1156 1440 1227 τῆς
1461 1157 1794 1228 διοικήσεως

216 1249 310 1304 τῶν
354 1248 846 1322 ἐκκλησιαστικῶν,
876 1266 931 1304 κ.
973 1265 1024 1304 τ.
1056 1248 1134 1316 λ.,
1162 1261 1338 1319 usque
1370 1245 1436 1302 ad
1472 1246 1793 1319 διοικήσεων

216 1345 296 1398 καὶ
317 1341 640 1415 προνομίων.

277 1438 542 1507 Σχόλιον.
580 1437 641 1491 '0
663 1434 834 1506 β’τίτ.
875 1435 970 1489 τοῦ
1033 1433 1082 1488 α’
1143 1435 1352 1507 βιϐλίου
1405 1435 1502 1490 τοῦ
1559 1433 1792 1498 κὼδικος

190 1531 358 1602 ’ἐτέθη
409 1533 490 1595 είς
540 1529 745 1603 βιϐλίον
769 1528 809 1582 ε’
835 1529 942 1583 τῶν
978 1528 1283 1583 Βασιλικῶν
1313 1531 1419 1582 τίτ.
1451 1525 1499 1582 α’
1533 1526 1643 1580 ἀπὸ
1694 1525 1790 1580 τοῦ

213 1623 253 1680 α’
278 1643 392 1694 κεφ.
421 1625 584 1697 μέχρι
607 1623 701 1677 τοῦ
727 1621 815 1678 ια’.
859 1623 925 1676 Ἦ
949 1623 1005 1676 δὲ
1038 1621 1084 1694 β’
1114 1623 1208 1677 καὶ
1231 1620 1281 1691 γ’
1310 1621 1450 1678 διάτ.
1478 1620 1574 1676 τοῦ
1605 1618 1650 1692 β’
1681 1637 1785 1675 τιτ.

1897 421 2008 466 tum
2042 418 2147 466 est.

1968 593 2121 651 CAP.
2163 592 2228 648 ll.
2275 623 2346 634 —-—
2403 591 2477 647 De
2512 606 2690 647 rerum
2722 585 3213 643 ecclesiasticarum
3246 578 3494 635 admini-‘

1895 692 2181 747 “ratione.
2658 691 2665 698 ‘
3079 681 3122 712 ⁸

1971 783 2362 854 Apostolorum
2396 792 2572 832 canon
2634 774 2724 838 58,
2758 772 2848 836 40,
2885 772 2943 826 41
2974 789 2987 836 ;
3046 769 3263 824 concilii
3301 767 3486 821 Antio-

1897 880 2054 937 cheni
2082 891 2255 932 canon
2285 873 2378 937 24,
2413 871 2519 938 25;
2546 868 2730 940 Cyrilli
2759 883 2822 922 ex
2851 865 3078 936 epistola
3109 865 3174 918 ad
3212 864 3484 918 Domnum

1896 981 2054 1042 caput
2077 969 2150 1033 2;
2174 963 2464 1035 Theophili
2499 977 2561 1016 ex
2590 957 3032 1015 Commonitorio
3056 964 3220 1025 caput
3255 951 3345 1006 16.

1971 1155 2187 1210 Τεαιιιε.
2219 1149 2388 1205 Multa
2408 1147 2473 1202 de
2505 1159 2714 1211 rerum,
2742 1151 2876 1210 etc.,
2903 1156 3067 1212 usque
3087 1140 3156 1194 ad
3194 1122 3488 1210 pertinent,

1897 1262 1951 1304 ut
1983 1264 2107 1321 pag.
2137 1245 2264 1301 822.

1967 1429 2261 1486 Scholium.
2290 1425 2397 1480 Tit.
2433 1425 2468 1478 2
2516 1422 2613 1477 lib.
2647 1419 2822 1484 lCod.
2879 1417 3091 1488 positus
3128 1425 3206 1469 ρει
3240 1415 3292 1468 in
3323 1413 3420 1468 lib.
3457 1429 3489 1465 ν

1897 1523 2087 1590 Basil.,
2122 1523 2205 1576 tit.
2242 1521 2292 1578 1.
2331 1535 2359 1572 ιι
2394 1533 2514 1585 cap.
2550 1517 2574 1569 l
2626 1529 2798 1584 usque
2836 1511 2900 1565 ad
2929 1512 3013 1565 11.
3060 1507 3249 1563 Const.
3283 1506 3320 1559 2
3356 1514 3411 1559 et
3456 1506 3491 1560 5

1899 1617 1983 1673 tit.
2014 1615 2050 1668 2
2079 1613 2424 1668 Novollarum
2451 1617 2534 1664 est
2563 1607 2770 1662 noveila
2821 1602 3116 1659 Iustiniani
3156 1598 3256 1653 l20
3287 1606 3341 1653 et
3367 1597 3488 1662 151,

212 1719 308 1773 τῶν
350 1718 615 1791 Νεαρῶν,
678 1717 790 1772 εἰσὶ
841 1717 1036 1789 νεαραὶ
1080 1716 1498 1770 Ἰουστινιάνειοι
1529 1712 1634 1786 ρκ’.
1692 1713 1788 1768 καὶ

1927 1701 2136 1782 piarum
2162 1707 2332 1762 altera
2368 1703 2544 1774 posita
2576 1710 2659 1755 est
2702 1701 2754 1752 in
2792 1697 2884 1752 lib.
2917 1695 3081 1750 Basil.
3111 1709 3165 1761 ν,
3190 1693 3272 1747 tit.
3297 1689 3355 1758 2,
3405 1689 3488 1745 al-

214 1809 313 1882 ρλα¹
337 1829 349 1842 ·
389 1806 462 1866 ὧν
492 1814 525 1884 ἡ
563 1813 663 1884 μὲν
716 1814 895 1866 κεῖται
929 1814 987 1866 ἐν
1019 1811 1210 1883 βιϐλίῳ
1241 1809 1282 1865 ε’
1318 1810 1428 1866 τῶν
1479 1810 1788 1865 Βασιλικῶν

211 1904 302 1959 τίτ.
336 1902 400 1976 β’,
431 1907 463 1974 ἡ
489 1905 546 1958 δὲ
570 1906 628 1959 ἐν
661 1904 854 1976 βιϐλίῳ
877 1904 954 1977 τῷ
976 1904 1126 1976 αὐτῷ
1148 1904 1253 1960 τίτ.
1290 1910 1361 1974 γ’⁶
1391 1903 1488 1959 καὶ
1513 1902 1789 1972 ἀνάγνωθι

211 2000 322 2064 τοὺς
345 1998 628 2064 τοιούτους
661 1999 897 2063 τίτλους.

252 2111 514 2213 _KE<l>AA.
548 2110 624 2166 l".
651 2141 721 2152 —
753 2111 895 2180 Περὶ
925 2110 1308 2182 πραγμάτων,
1342 2109 1441 2165 καὶ
1471 2108 1792 2179 προσόδων

212 2205 316 2258 τῶν
362 2207 588 2262 ἀνεπισ
599 2208 805 2262 κόπων
819 2205 1217 2276 Ἐκκλησιῶν.

274 2323 488 2376 Συνόδου
525 2322 801 2395 Ἀγκύρας
828 2321 1010 2377 κανὼν
1037 2319 1096 2375 ιε’
1119 2337 1135 2352 ·
1169 2319 1391 2377 συνόδου
1443 2318 1791 2392 Χαλκηδόνος

213 2415 375 2471 κανὼν
404 2415 501 2470 κε’·
533 2415 754 2470 συνόδου
789 2414 843 2482 ς’
861 2415 1042 2471 κανὼν
1069 2413 1165 2470 λε’.

274 2509 514 2562 ΚΕΦΑΛ.
544 2505 622 2564 Δ’.
659 2535 727 2551 -ο
749 2508 890 2578 Περὶ
940 2505 1317 2575 ἐκποιήσεως
1352 2503 1791 2573 ἐκκλησιαστι-

214 2618 341 2656 κων.

286 2714 624 2770 Ἀποστόλων
672 2713 853 2770 κανὼν
909 2713 1016 2786 λη’,
1069 2710 1172 2782 ογ’.
1223 2710 1452 2765 Συνόδου
1517 2707 1795 2780 Ἀγκύρας

216 2805 380 2861 κανὼν
409 2806 500 2861 ιε”
551 2808 772 2863 συνόδου
826 2806 1224 2879 Καρθαγέννης
1271 2802 1452 2859 κανὼν
1507 2802 1616 2873 κβ’,
1668 2798 1755 2870 κγ
1775 2817 1790 2833 ο

216 2901 418 2955 συνόδου
446 2900 688 2965 Νικαίας
717 2899 780 2954 τὸ
817 2897 885 2970 β’,
917 2898 1097 2952 κανὼν
1132 2899 1232 2969 ιβ’·
1297 2895 1568 2966 Κυρίλλου
1600 2897 1662 2948 ἐκ
1691 2893 1793 2964 τῆς

215 2991 338 3060 πρὸς
361 2993 570 3063 Δόμνον
599 2992 886 3061 ἐπιστολῆς
909 3008 1035 3062 κεφ.
1066 2988 1113 3062 β’
1133 3007 1145 3020 ·
1175 2987 1452 3056 ἀνάγνωθι
1480 2985 1549 3040 τὰ
1609 3003 1792 3058 παραυ

214 3084 563 3156 γεγραμμένα
589 3085 644 3139 ἐν
666 3081 743 3154 τῷ
769 3082 812 3154 β’
865 3099 989 3151 κεφ.
1024 3081 1116 3135 τοῦ
1151 3081 1419 3153 παρόντος
1444 3080 1551 3134 τίτ.

275 3196 518 3254 ΚΕΦΑΛ.
560 3193 635 3251 Ε’.
667 3227 736 3237 -—
769 3196 908 3264 Περὶ
938 3194 1058 3250 τῶν
1079 3195 1230 3266 μετὰ
1253 3195 1368 3265 τὴν
1419 3193 1796 3265 χειροτονίαν

217 3290 513 3359 κτωμένων
548 3291 884 3356 ἐπισκόπει),
911 3290 949 3360 ἣ
971 3287 1259 3359 κληρικῷ.

279 3383 497 3439 Συνόδου
562 3383 960 3456 Καρθαγέννης
1008 3381 1191 3436 κανὼν
1219 3381 1328 3452 λβ¹·
1369 3379 1590 3435 συνόδου
1623 3375 1673 3434 α’
1701 3377 1795 3432 καὶ

219 3472 258 3544 β’
283 3478 334 3531 ἐν
355 3477 429 3550 τῷ
461 3479 576 3551 ναῷ
607 3477 717 3532 τῶν
738 3478 911 3547 ἁγίων
935 3475 1251 3530 ἀποστόλων
1282 3473 1462 3530 κανὼν
1495 3475 1560 3540 ζ’.

285 3663 582 3732 Κείμενον.
631 3660 694 3716 Ἡ
724 3661 805 3731 λγ¹
837 3660 976 3715 διάτ.
1022 3658 1115 3714 τοῦ
1149 3659 1199 3730 γ’
1243 3659 1351 3716 τίτ.
1381 3656 1475 3714 τοῦ
1502 3666 1551 3714 α’
1586 3658 1793 3731 βιϐλίου

216 3752 299 3806 τοῦ
319 3753 562 3820 κώδικος,
594 3773 650 3810 κ.
676 3771 732 3811 τ.
762 3754 839 3822 λ.,
868 3769 1042 3826 usque
1063 3752 1130 3808 ad
1163 3753 1433 3826 ἐκκλησία
1467 3754 1524 3807 ἐν
1613 3770 1794 3825 κεχει-

222 3849 508 3918 ροτόνηται.

279 3942 552 4011 Σχόλιον.
596 3940 662 3994 Ἢ
689 3937 769 4010 λγ¹
790 3938 928 3996 διάτ.
981 3938 1077 3994 τοῦ
1107 3937 1160 4005 ς’
1219 3939 1324 3995 τίτ.
1390 3939 1484 3994 τοῦ
1509 3945 1557 3994 α’
1589 3939 1796 4010 βιϐλίου

217 4034 302 4088 τοῦ
348 4035 598 4101 κὼδικος,
634 4035 749 4089 ἐστι
802 4052 929 4106 κεφ.
960 4041 1008 4105 η’
1038 4033 1132 4088 τοῦ
1165 4040 1212 4104 γ’
1237 4033 1342 4094 τίτ.
1383 4033 1476 4086 τοῦ
1508 4041 1556 4102 γ’
1589 4033 1796 4105 βιϐλίου

218 4128 314 4182 τῶν
334 4129 639 4184 Βασιλικῶν
670 4126 843 4193 οὕτως
875 4126 1018 4198 ἕχον⁸
1037 4128 1146 4180 Καὶ
1171 4129 1199 4181 ό
1230 4125 1622 4198 πρεσϐύτερος,
1652 4127 1746 4180 καὶ
1770 4127 1798 4180 ό

218 4222 447 4286 διάκονος
461 4224 563 4276 ὅσα
576 4222 839 4292 κτήσεται
861 4221 955 4275 καὶ
969 4222 1025 4273 ἐν
1044 4219 1456 4292 ὑπεξουσιότητι
1483 4219 1796 4284 ἐκποιείτω,

220 4317 305 4368 καὶ
348 4315 673 4370 διατιθέσθω
695 4315 782 4369 ἐπ’
810 4315 992 4378 αὐτοῖς
1020 4313 1094 4375 ὼς
1121 4313 1394 4385 βούλεται,
1451 4313 1546 4367 καὶ
1578 4314 1654 4385 μὴ
1709 4314 1801 4366 ἐκ-

1897 1811 2009 1859 tera
2041 1801 2094 1858 in
2119 1800 2312 1856 eodem
2340 1796 2435 1851 lib.
2469 1793 2553 1851 tit.
2579 1793 2635 1859 5,
2661 1806 2801 1863 quos
2829 1789 2914 1844 tit.
2949 1788 3121 1858 legas.

1965 2103 2120 2161 CAP.
2138 2100 2225 2158 111.
2249 2131 2320 2143 -
2343 2099 2417 2155 De
2437 2096 2588 2154 rebus
2606 2104 2654 2152 et
2679 2091 2937 2150 reditibus
2967 2088 3338 2153 ecclesiarum,
3371 2099 3490 2157 qua:

1899 2199 2014 2254 sine
2043 2198 2286 2268 episcopo
2317 2201 2466 2248 sunt.

1965 2307 2196 2364 Concilii
2231 2302 2507 2375 Ancyrani
2540 2315 2718 2358 canon
2767 2297 2871 2362 l5;
2924 2293 3142 2350 concilii
3189 2288 3493 2347 Chalcedo-

1897 2403 2086 2458 nensis
2119 2416 2294 2455 canon
2328 2397 2435 2463 25;
2473 2393 2693 2451 concilii
2725 2390 2863 2446 sexti
2892 2402 3069 2444 canon
3099 2383 3190 2440 55.

1966 2494 2122 2552 CAP.
2153 2492 2246 2559 iV,
2279 2522 2348 2532 —
2385 2489 2463 2544 De
2487 2486 2810 2542 alienatione
2846 2479 3071 2556 [rerum]
3099 2475 3494 2534 ecclesiastica-

1896 2605 2037 2644 rum.

1969 2699 2362 2772 Aposmlorum
2426 2710 2604 2752 canon
2661 2692 2752 2759 58,
2813 2690 2920 2756 75;
2963 2681 3496 2754 concilii‘Ancyrani

1898 2816 2074 2856 canon
2113 2799 2211 2860 15;
2255 2796 2476 2852 concilii
2531 2785 2989 2861 Carthaginensis
3037 2796 3214 2837 canon
3253 2778 3345 2841 22.
3383 2777 3496 2843 25;

1899 2890 2340 2951 conciliiNicmni
2371 2885 2598 2945 secundi
2629 2896 2806 2938 canon
2840 2880 2940 2943 l2;
2963 2874 3150 2949 Cyrilli
3179 2889 3247 2927 ex
3265 2868 3498 2941 epistola

1900 2990 1964 3044 ad
2016 2987 2282 3041 Domnum
2329 2998 2450 3052 cap.
2497 2980 2553 3036 2.
2593 2977 2733 3049 Lege
2787 2988 2909 3045 qua:
2960 2970 3218 3025 adnotata
3259 2972 3389 3021 sunt
3444 2961 3499 3017 in

1903 3100 2023 3155 cap.
2051 3082 2086 3136 2
2119 3079 2403 3152 praesentis
2445 3076 2530 3130 tit.
3528 3053 3539 3063 '

1973 3196 2126 3254 CAP.
2164 3194 2227 3251 V.
2264 3223 2331 3234 -ν
2371 3191 2443 3246 De
2493 3188 2641 3242 bonis
2690 3184 3058 3255 episcoporum
3104 3185 3152 3230 et
3184 3171 3500 3228 clericorum

1901 3300 2019 3362 post
2043 3286 2434 3343 ordinationem
2465 3277 2768 3351 acquisitis.

1972 3381 2204 3438 Concilii
2237 3371 2693 3446 Carthaginiensis
2725 3382 2899 3424 canon
2936 3363 3047 3430 52;
3083 3357 3299 3415 concilii
3337 3352 3499 3426 primi

1903 3488 1956 3534 et
1989 3473 2215 3532 secundi
2247 3472 2301 3526 in
2332 3445 2466 3525 aede
2493 3473 2809 3523 sanctorum
2838 3456 3228 3530 Apostolorum
3277 3445 3502 3524 [habiti]

2051 3584 2081 3619 ιι
2112 3565 2165 3619 7.

2051 3584 2063 3618 ι
2124 3582 2165 3619 ι.

1903 3582 2408 3714 ωιᾶζιύιιισᾯοηει.
2432 3650 2502 3707 55
2546 3649 2632 3704 tit.
2686 3649 2720 3702 5
2755 3645 2851 3700 lib.
2877 3641 3049 3701 lCOd.
3072 3639 3146 3692 ait
3175 3655 3190 3692 :
3229 3635 3502 3702 Qua‘cun-

1904 3761 2182 3824 que,ttc.,
2207 3763 2368 3819 usque
2394 3745 2460 3800 ad
2495 3743 2736 3808 luerunt,
2769 3737 3095 3809 applicatur,
3132 3740 3188 3786 ut
3211 3746 3334 3801 pag.
3370 3722 3499 3789 826,

1905 3846 2032 3902 827.

1977 3937 2270 3994 Scltolium.
2301 3933 2536 3989 Constit.
2573 3933 2644 3987 55
2670 3931 2751 3986 tit.
2777 3928 2809 3982 6
2856 3925 2954 3982 lib.
3001 3938 3018 3977 ι
3045 3920 3182 3977 Cod.
3225 3926 3310 3974 cst
3325 3931 3446 3986 cap.
3467 3914 3501 3969 8

1906 4033 1990 4088 tit.
2027 4033 2060 4086 5
2100 4031 2197 4084 lib.
2234 4045 2291 4082 ιιι
2330 4027 2518 4090 Basil.,
2570 4023 2717 4094 quod
2772 4021 2852 4076 sic
2894 4019 3062 4074 habet
3097 4033 3110 4071 :
3143 4013 3500 4080 Quaecunque

1906 4125 2190 4198 presbyter
2221 4129 2274 4176 et
2301 4120 2566 4174 diaconus
2598 4116 2701 4172 sub
2752 4113 2926 4183 patria
2984 4114 3254 4180 potestate
3303 4100 3499 4172 acqui-

1907 4197 2080 4280 sierit,
2116 4211 2362 4282 quolibet
2407 4206 2570 4262 modo
2603 4205 2872 4270 alienato,
2923 4215 2988 4256 ac
3024 4198 3089 4252 de
3119 4197 3186 4251 iis
3222 4201 3452 4250 testator
3483 4207 3498 4244 :

1911 4324 2087 4380 neque
2128 4308 2217 4362 illa
2247 4306 2314 4361 ab
2353 4305 2420 4359 iis
2455 4303 2548 4374 qui
2603 4302 2782 4371 ipsum
2844 4297 2900 4351 in
2960 4298 3230 4364 potestate
3275 4287 3499 4350 habent,

219 4408 568 4464 δικείσθωσαν
612 4406 766 4480 παρὰ
800 4406 906 4460 τῶν
941 4406 1174 4478 ἐχόντων
1198 4406 1360 4460 αὐτὸν
1390 4405 1732 4473 ύπεξούσιον,
1761 4407 1794 4478 ἢ

1927 4399 2276 4462 ,νίηιιίειιιιιοι,
2306 4403 2399 4449 aut
2429 4408 2554 4448 cum
2593 4387 2858 4444 fratribus
2890 4396 3151 4439 eorumve
3194 4377 3321 4434 [iliis
3367 4392 3503 4432 con-

224 4501 650 4574 συνεισφερέσθω
702 4502 816 4563 τοῖς
837 4499 1109 4569 ἀδελφοῖς,
1139 4500 1172 4572 ἢ
1209 4501 1322 4564 τοῖς
1353 4499 1565 4563 τέκνοις
1598 4498 1804 4564 αὐτῶν,

220 4595 322 4648 ἀλλ’
349 4598 396 4649 οἱ
438 4595 635 4656 παῖδες
669 4591 849 4648 αὐτῶν
900 4592 1330 4663 λαμϐανέτωσαν
1379 4591 1520 4647 αὐτὰ
1573 4590 1676 4646 κᾶν
1730 4592 1807 4662 μὴ

221 4689 519 4761 διαθέμενοι
571 4687 967 4758 τελευτήσωσι.
1006 4687 1069 4740 Ἠ
1121 4685 1212 4758 μα’
1262 4685 1403 4740 διάτ.
1467 4683 1563 4738 τοῦ
1611 4683 1661 4754 γ’
1697 4684 1806 4738 τίτ.

220 4781 306 4835 τοῦ
339 4791 404 4838 α’.
425 4783 538 4854 βιϐ.
593 4780 691 4835 τοῦ
722 4779 954 4844 κώδικος
987 4779 1086 4832 οὐκ
1132 4777 1294 4850 ἐτέθη
1327 4779 1407 4844 είς
1426 4779 1493 4833 τὰ
1520 4778 1807 4833 Βασιλικά.

232 4875 497 4940 Ὡσαύτως
547 4875 671 4928 ούδέ
701 4876 736 4944 ἡ
765 4871 850 4945 μθ¹
911 4872 1052 4926 διὰτ.
1089 4871 1182 4925 τοῦ
1232 4870 1399 4926 αὐτοῦ
1429 4871 1535 4926 τίτ.
1571 4872 1663 4924 καὶ
1697 4870 1806 4942 βιϐ.

222 4969 315 5039 ἡγ⁹
348 4970 486 5025 διάτ.
509 4969 606 5024 τοῦ
635 4967 680 5041 β’
703 4967 807 5022 τίτ.
831 4967 937 5020 τῶν
969 4964 1223 5030 Νεαρῶν,
1249 4963 1363 5019 ἔστι
1390 4964 1559 5035 νεαρὰ
1584 4965 1810 5018 Ἰουστι-

221 5063 442 5127 νιάνειος
496 5063 612 5134 ρλα¹
683 5059 912 5131 κειμένη
964 5060 1022 5111 ἐν
1072 5058 1262 5130 βιϐλίῳ
1310 5055 1372 5124 ε’,
1415 5058 1521 5111 τίτ.
1544 5064 1614 5124 γ’,
1651 5052 1718 5130 ἦς
1756 5057 1814 5111 δὲ

223 5158 411 5227 νεαρᾶς
449 5155 513 5211 τὸ
549 5162 580 5210 ι’
611 5173 739 5226 κεφ.
780 5153 920 5208 αὐτὰ
948 5150 1124 5206 ταῦτα
1148 5150 1389 5205 διδάσκει
1416 5150 1516 5204 ὅσα
1548 5152 1639 5204 καὶ
1685 5168 1813 5204 συν-

225 5247 536 5320 ωψίσθησαν
575 5247 1008 5320 προστιθέμενον
1041 5245 1180 5316 μόνη
1239 5243 1519 5314 σημασίαν
1546 5243 1657 5297 τῶν
1690 5244 1815 5298 ἀκι-

225 5344 411 5412 νήτων.
463 5342 630 5412 Λέγει
675 5342 784 5414 γὰρ
818 5342 954 5414 μήτε
984 5339 1206 5410 κινητὰ,
1248 5339 1280 5410 ἢ
1311 5339 1566 5409 ἀκίνητα,
1593 5338 1626 5408 ἢ
1658 5339 1819 5392 αύτο-

230 5433 438 5504 κίνητα,
497 5436 652 5508 παρὰ
698 5435 810 5490 τῶν
841 5434 1159 5489 ἐπισκόπων
1194 5431 1336 5506 μετὰ
1366 5430 1464 5504 τὴν
1503 5430 1817 5502 ἐπισκοπὴν

229 5527 488 5599 κτηθέντα
520 5528 882 5583 ἐκποιεῖσθαι.
932 5527 990 5582 Ὀ
1016 5527 1073 5582 δὲ
1107 5533 1136 5581 ι’
1174 5527 1280 5582 τίτ.
1310 5525 1420 5580 τῶν
1460 5524 1689 5598 Νεαρῶν
1743 5524 1819 5588 ὡς

233 5620 560 5690 παρίσταται
617 5622 723 5676 ἀπὸ
774 5621 867 5676 τοῦ
929 5619 1185 5689 κειμένου
1222 5619 1402 5689 μόνων
1450 5617 1690 5687 κινητῶν
1724 5618 1818 5670 καὶ

238 5710 556 5785 μέμνηταιή
596 5713 636 5784 β’
675 5712 814 5769 διάτ.
871 5712 966 5768 τοῦ
1000 5719 1046 5768 α’
1076 5713 1181 5766 τίτ.
1229 5710 1339 5768 τῶν
1368 5711 1642 5784 ,Νεαρὼῃ
1705 5709 1819 5764 ἔστι

1912 4495 2201 4550 feruntor:
2244 4491 2337 4546 sed
2370 4487 2542 4559 ipsius
2575 4482 2751 4546 liberi,
2802 4477 3018 4536 tametsi
3062 4477 3354 4530 intestatus
3402 4470 3503 4527 dc-

1910 4589 2162 4653 ccsscrit,
2216 4586 2493 4657 rapiunto.
2525 4582 2716 4638 Const.
2749 4579 2812 4633 41
2855 4576 2939 4633 tit.
2981 4575 3014 4630 5
3041 4574 3134 4629 lib.
3171 4588 3187 4626 ι
3221 4571 3360 4626 Cod.
3389 4582 3502 4622 non

1911 4694 1994 4740 est
2025 4683 2197 4754 posita
2219 4681 2290 4741 in
2327 4653 2514 4744 B‘asiL;
2544 4674 2795 4731 similiter
2824 4683 3001 4740 neque
3035 4674 3208 4721 const.
3241 4662 3310 4717 49
3357 4659 3508 4727 ejus-

1913 4779 2035 4834 dem
2098 4778 2181 4832 tit.
2233 4784 2287 4831 et
2326 4774 2422 4828 lib.
2485 4770 2677 4825 Const.
2725 4767 2760 4822 5
2801 4766 2887 4820 tit.
2943 4764 2969 4817 1
3022 4758 3373 4814 Novellarum
3423 4760 3508 4807 est

1916 4869 2127 4926 novella
2178 4864 2473 4922 Justiniani
2535 4862 2624 4917 l5l
2666 4856 2776 4932 [ac]
2825 4855 3000 4927 posita
3055 4849 3188 4922 [est]
3232 4849 3284 4901 in
3321 4844 3418 4900 lib.
3450 4858 3504 4906 ν,

1916 4966 2000 5020 tit.
2041 4963 2094 5018 5.
2127 4962 2299 5034 Cujus
2327 4975 2456 5016 sane
2482 4955 2708 5012 novella:
2734 4968 2858 5022 cap.
2904 4948 2972 5002 10
3017 4947 3132 5000 haec
3189 4940 3378 4996 eadem
3407 4936 3507 4992 (lo-

1917 5069 2022 5121 cet,
2059 5073 2182 5128 qum
2211 5056 2264 5110 in
2299 5049 2625 5122 compendio
2662 5055 2792 5103 sunt
2823 5039 3101 5114 proposita
3125 5077 3140 5103 ,
3185 5049 3349 5098 voce,
3402 5029 3508 5084 im-

1919 5152 2184 5218 mobiles,
2218 5143 2600 5203 tantummodo
2627 5140 2858 5210 alljeeta.
2905 5133 3048 5187 Dicit
3097 5129 3265 5190 enim,
3329 5136 3508 5194 neque

1919 5244 2164 5309 mobilia,
2190 5254 2370 5311 neque
2402 5235 2728 5292 immobilia,
2762 5243 2940 5300 neque
2979 5241 3038 5281 se
3069 5219 3343 5278 moventia
3370 5257 3385 5282 ,
3440 5215 3509 5271 ab

1919 5307 2193 5409 episcopis
2235 5307 2357 5405 post
2401 5330 2774 5402 epi~copatum
2811 5318 3113 5390 acquisita,
3157 5311 3405 5367 alienari.
3439 5307 3511 5362 At

1921 5402 2007 5485 tit.
2042 5402 2525 5485 ldNoiellarum.
2565 5428 2622 5474 ut
2655 5434 2720 5472 ex
2769 5421 2918 5468 textu
2951 5414 3188 5471 constat,
3224 5402 3507 5458 mobilium

1923 5532 1978 5578 et
2010 5539 2069 5578 se
2110 5519 2447 5575 moventium
2481 5515 2752 5568 duntaxat
2797 5504 3067 5560 meminit.
3092 5502 3280 5555 Const.
3304 5497 3339 5550 2
3367 5495 3448 5549 tit.
3478 5495 3502 5546 1

1921 5611 2292 5673 Novcliatum,
2322 5614 2406 5660 est
2441 5602 2652 5657 novella
2685 5595 2980 5653 Justiniaui
3020 5592 3139 5653 125,
3198 5583 3507 5660 positamue

1923 5704 2032 5780 est}
2062 5705 2118 5785 in
2145 5704 2242 5760 lib.
2265 5717 2326 5758 ιιι
2347 5698 2533 5766 Basil.,
2560 5695 2646 5751 tit.
2681 5693 2733 5762 t,
2763 5701 2928 5765 atque
2952 5686 3022 5744 42
3043 5685 3163 5757 ejus
3195 5695 3317 5754 cap.
3353 5675 3508 5769 elicit,
