3916 6244
351 283 489 355 1147

1516 287 1719 348 ΡῙΙΟΤ
1725 286 1782 346 ΙΙ
1823 277 2330 346 PATRIARCILE
2361 276 2469 337 ΟΡ.

3500 255 3524 320 1
3538 255 3645 320 148

346 424 692 479 quaecunque
736 408 790 462 in
856 416 1005 462 textu
1034 404 1239 476 scripta
1268 412 1415 459 sunt.
1445 402 1681 457 Constit.
1715 401 1748 453 5
1793 400 1877 479 tit.
1902 396 1938 451 2

2064 394 2209 465 νεαρὰ
2243 387 2675 451 ’1ουστινιάνειος
2726 390 2849 458 ρκγ⁹
2881 382 3113 455 κειμένη
3148 381 3206 434 ὲν
3243 376 3434 451 βιϐλίῳ
3454 378 3505 447 γ’
3532 377 3641 431 τῶν

346 478 699 556 Novellarum
742 513 824 557 est
868 499 1079 555 novella
1102 497 1397 554 Justiniaui
1438 495 1562 558 151,
1624 478 1940 565 positaique

344 594 453 666 est]
486 596 538 648 in
564 595 657 649 lib.
687 610 715 645 ν
746 595 933 659 Basi|.,
968 594 1052 647 tit.
1088 592 1141 655 5,
1172 607 1237 645 ac
1267 591 1411 645 circa
1453 589 1520 642 10
1562 604 1684 658 cap.
1731 588 1784 642 in
1834 587 1941 640 line

346 685 501 751 dicit,
538 700 880 756 quaecunque
927 685 981 739 in
1030 690 1182 738 textu
1229 683 1623 752 compendiose
1659 678 1939 751 proposita

347 787 497 833 811111..

418 1059 573 1116 CAP.
606 1060 696 1116 VI.
726 1090 796 1101 —
822 1059 898 1114 De
934 1060 1162 1130 propriis
1218 1059 1450 1130 episcopi
1479 1057 1658 1123 rebus,
1699 1066 1749 1113 et
1801 1056 1942 1129 quod

348 1155 630 1209 intestatus
658 1155 907 1209 decedere
936 1171 1041 1208 non
1069 1153 1277 1209 debeat.

420 1337 811 1407 Apostolorum
848 1351 1027 1391 canon
1080 1336 1190 1400 40;
1221 1334 1438 1390 concilii
1484 1334 1813 1389 Antiocheni
1857 1349 1946 1389 ca-

347 1446 458 1485 non
481 1431 591 1495 24;
626 1430 840 1485 concilii
880 1428 1345 1484 Chalcedonensis
1372 1445 1549 1482 canon
1579 1427 1688 1492 22;
1720 1426 1945 1481 concilii

352 1522 701 1577 Sardicensis
745 1537 924 1575 canon
956 1522 1055 1589 12;
1104 1520 1322 1576 concilii
1351 1520 1814 1590 Carthagenensis
1855 1534 1947 1573 ca-

348 1631 457 1671 non
486 1615 577 1682 22,
602 1615 690 1669 8|.
728 1613 871 1684 Lege
903 1630 1022 1684 quae
1051 1616 1103 1668 in
1137 1615 1170 1671 5
1202 1629 1320 1684 cap.
1343 1615 1630 1685 praesentis
1661 1614 1744 1667 tit.
1781 1613 1952 1666 adno-

350 1720 464 1766 tata
492 1720 638 1765 sunt.

2040 487 2347 543 Βασιλικῶν
2402 484 2510 538 τίτ.
2542 488 2614 547 α’,
2655 479 2749 534 καί
2803 495 2937 547 φησι
2970 476 3032 530 τὸ
3061 474 3133 545 μϐ
3180 473 3352 543 αὐτῆς
3387 488 3514 539 κεφ.
3540 472 3645 524 ὅσα

2015 566 2124 649 ἐίς
2155 585 2216 638 τὸ
2252 581 2504 652 κείμενον
2554 575 2896 647 ἐγράφησαν.
2943 571 3008 622 Ἡ
3042 566 3090 637 γ’
3132 566 3274 621 διάτ.
3334 564 3431 618 τοῦ
3463 563 3507 634 β’
3530 563 3639 616 τίτ.

2040 674 2425 745 τῶνιΝεαρῶν,
2457 671 2573 725 ἔστι
2608 667 2781 737 νεαρὰ
2810 661 3234 721 Ἰουστινιάνειος
3262 656 3375 728 ρλα’
3407 655 3639 725 κειμένη

2042 774 2100 827 ὲν
2132 770 2322 841 βιϐλίῳ
2349 773 2387 820 ε’
2410 764 2517 818 τῶν
2546 758 2851 815 Βασιλικῶν
2899 757 3004 810 τίτ.
3038 761 3108 823 γ’,
3131 753 3223 805 καὶ
3253 746 3641 841 λέγουσανπερὶ

2042 864 2103 919 τὸ
2132 836 2160 917 ι’
2194 836 2322 930 uagi.
2371 857 2513 913 κατὰ
2538 856 2598 910 τὸ
2642 852 2795 916 τέλος
2843 851 2944 904 ὅσα
3005 842 3426 915 συνωψίσθησαν
3463 840 3544 902 είς
3578 836 3645 891 τὸ

2041 957 2368 1103 nigris.
2402 1041 2493 1112 ς’.
2525 1072 2591 1084 -
2626 1038 2765 1108 Περὶ
2794 994 3149 1092 τῶν-ωικῶν
3168 1030 3273 1085 τοῦ
3295 1025 3641 1084 ἐπισκόπου

2044 1140 2422 1212 πραγμάτων,
2455 1136 2553 1191 καὶ
2594 1134 2685 1189 ὅτι
2707 1134 2819 1188 οὐκ
2871 1130 3130 1200 ὠφειλεν
3192 1122 3501 1186 ἀδιάθετος
3546 1136 3643 1173 τε·

1988 1258 2003 1267 ³
2044 1236 2287 1305 λευτᾷν.

2129 1328 2470 1384 Ἀποστόλων
2502 1322 2685 1379 κανὼν
2718 1327 2769 1392 μ’
2791 1336 2804 1351 ο
2839 1318 3058 1373 συνόδου
3093 1311 3426 1383 Ἀντιοχείας
3459 1309 3644 1364 κανὼν

2046 1423 2125 1477 κδ’
2150 1437 2161 1450 ·
2190 1420 2407 1475 συνόδου
2432 1414 2778 1486 Χαλκηδόνος
2807 1408 2991 1464 κανὼν
3021 1408 3106 1479 κβ⁹
3143 1421 3157 1434 ·
3197 1404 3418 1458 συνόδου
3435 1403 3643 1474 Σαρδι-

2047 1517 2151 1585 κῆς
2175 1512 2353 1568 κανὼν
2384 1510 2448 1581 ιβ’
2468 1528 2481 1541 ·
2509 1506 2727 1562 συνόδου
2757 1500 3149 1574 Καρθαγέννης
3171 1494 3354 1550 κανὼν
3378 1493 3481 1564 κβ⁹,
3508 1499 3605 1546 παν
3627 1510 3645 1523 ·

2048 1605 2325 1675 ἀνάγνωθι
2352 1603 2422 1657 τὰ
2469 1593 2984 1670 παραγεγραμμένα
3025 1591 3082 1643 ὲν
3139 1586 3217 1657 τῷ
3252 1586 3295 1639 ε’
3320 1603 3449 1656 κεφ.
3495 1602 3647 1657 παρ-

2050 1702 2202 1761 όντος
2224 1697 2326 1751 τίτ.

767 1833 839 1843 -
883 1802 951 1858 Ut
992 1819 1110 1872 qua:
1147 1802 1201 1855 in
1248 1800 1493 1855 barbaris
1539 1798 1779 1869 gentibus
1824 1808 1945 1852 sunt

2121 1791 2377 1844 ΚΕΦΑΛ.
2405 1791 2478 1844 Z'.
2512 1816 2585 1829 —-
2620 1785 2763 1855 Περὶ
2784 1784 2927 1850 τοὺς
2948 1783 3053 1849 τὰς
3079 1782 3148 1836 ἑν
3176 1779 3302 1845 τοῖς
3350 1775 3648 1845 βαρϐαρι-

352 1898 451 1953 Dei
480 1898 735 1952 Ecclesia:
761 1939 777 1964 ,
837 1896 1126 1950 secundum
1163 1894 1481 1948 obtinentem
1513 1890 1948 1947 consuetudinem

359 1993 828 2046 administrentur.

418 2083 647 2137 Concilii
690 2079 1285 2149 Constantinopolitani
1339 2093 1515 2134 canon
1572 2079 1654 2145 2;
1730 2077 1949 2133 concilii

353 2174 822 2231 Chalcedonensis
862 2187 1041 2229 canon
1075 2171 1181 2239 28;
1232 2170 1449 2227 concilii
1483 2171 1621 2227 sexti
1651 2186 1828 2226 canon
1856 2170 1947 2236 50,

356 2269 445 2334 57,
475 2266 565 2323 59.

425 2360 581 2416 CAP.
613 2358 753 2413 Vill.
781 2390 851 2400 —
882 2358 965 2415 Ne
1009 2361 1283 2430 episcopus
1311 2398 1326 2424 ,
1375 2372 1537 2426 neque
1592 2353 1816 2408 clericus
1859 2368 1953 2421 per

353 2450 700 2504 donationem
755 2459 849 2503 aut
894 2461 1271 2505 testamentum
1319 2444 1656 2521 [quidquam]
1703 2446 1950 2499 hwretico

353 2541 462 2602 det,
498 2543 711 2596 tametsi
740 2543 911 2609 ipsius
943 2552 1199 2612 cognatus
1226 2543 1317 2596 sit.

426 2634 657 2688 Concilii
689 2633 1144 2705 Carthaginiensis
1170 2649 1347 2689 canon
1380 2631 1475 2697 22,
1513 2632 1603 2687 8|.

424 2726 640 2783 Textus.
674 2727 885 2783 Nedum
919 2730 987 2784 ab
1010 2728 1282 2797 episcopis
1307 2737 1358 2783 et
1384 2727 1619 2792 clericis,
1641 2733 1773 2793 etc.,
1792 2740 1954 2796 usque

356 2818 426 2871 ad
461 2816 699 2889 legatum
726 2821 889 2889 capit,
921 2828 1118 2891 utpag.
1152 2818 1277 2873 831.

429 3001 723 3059 Sotiatium.
767 3003 1001 3060 Constit.
1036 3003 1102 3059 10
1156 3005 1239 3060 tit.
1269 3003 1302 3059 5
1330 3002 1455 3057 libri
1496 3020 1511 3058 ι
1546 3000 1681 3059 Cod.
1719 3018 1825 3057 non
1871 3011 1955 3058 est

2050 1883 2181 1951 κοῖς
2230 1883 2477 1937 ἔθνεσιν
2531 1880 2721 1945 οὔσας
2757 1877 2865 1931 τοῦ
2904 1875 3053 1931 Θεοῦ
3098 1872 3435 1941 ἐκκλησίας
3489 1867 3647 1938 μετὰ

2050 1976 2166 2045 τὴν
2189 1978 2589 2045 κρατήσασαν
2623 1969 2971 2025 διοικεῖσθαι
3009 1967 3364 2036 συνήθειαν.

2124 2068 2351 2122 Συνόδου
2398 2063 3028 2125 Κωνσταντινουπόλεως
3086 2058 3262 2113 κανὼν
3300 2056 3378 2128 β⁸ο
3415 2053 3650 2109 Συνόδου

2052 2163 2397 2233 Χαλκηδόνος
2477 2158 2658 2214 κανὼν
2713 2163 2798 2229 κη’
2838 2171 2853 2186 ·
2916 2153 3133 2209 συνόδου
3190 2158 3242 2217 ς’
3325 2148 3508 2203 κανὼν
3564 2144 3609 2198 λ’
3632 2185 3651 2209 ,

1996 2281 2005 2288 -
2051 2258 2151 2326 λζ,
2175 2256 2274 2312 λθν.

2124 2350 2374 2405 ΚΕΦΛΛ.
2417 2346 2499 2403 H'.
2528 2378 2600 2388 —-
2629 2344 2767 2415 Περὶ
2801 2342 2909 2398 τοῦ
2949 2341 3101 2412 μήτε
3130 2339 3493 2397 ἐπίσκοπον,
3529 2330 3651 2401 μή·

2051 2462 2117 2499 τε
2165 2441 2459 2512 κληρικὸν
2514 2438 2747 2493 διδόναι
2795 2435 2893 2489 διὰ
2947 2429 3172 2501 δωρεᾶς
3236 2428 3274 2499 ἢ
3325 2424 3655 2490 διαθέσεως

2052 2532 2324 2605 αἱρετικῷ
2352 2532 2469 2587 κᾶν
2498 2531 2591 2595 εἵη
2624 2524 3145 2601 συγγενὴςαὺτῷ.

2125 2626 2351 2681 Συνόδου
2382 2623 2779 2696 Καρθαγέννης
2807 2619 2987 2674 κανὼν
3010 2616 3115 2689 κβ’,
3148 2623 3262 2672 πα’.

2126 2723 2432 2793 Κείμενον.
2456 2720 2528 2773 Ού
2555 2718 2715 2789 μόνον
2748 2717 2854 2770 ἀπὸ
2883 2714 3200 2768 ἐπισκόπων
3234 2710 3329 2765 καὶ
3360 2706 3649 2781 κληρικῶν

2054 2818 2358 2873 κωλύονται
2398 2812 2719 2885 λαμϐάνειν,
2756 2828 2810 2866 κ.
2840 2826 2891 2863 τ.
2924 2808 3001 2873 λ.,
3030 2821 3206 2877 usque
3235 2804 3303 2860 ad
3336 2803 3370 2875 ἢ
3407 2802 3656 2874 ληγάτον

2054 2912 2121 2966 λα
2129 2911 2343 2983 μϐἀνει.

2128 3004 2409 3072 Σχόλιον.
2446 3001 2515 3055 Ἥ
2555 3007 2588 3055 ι’
2646 2998 2787 3052 διὰτ.
2840 2996 2936 3050 τοῦ
2982 2992 3023 3048 ε’
3054 2994 3161 3047 τίτ.
3213 2990 3307 3046 τοῦ
3341 2988 3393 3043 α’
3442 2986 3656 3059 βιϐλίου

353 3098 533 3167 pOsita
574 3098 625 3151 in
665 3097 831 3153 Basil.
901 3097 1091 3152 Const.
1152 3098 1205 3162 5,
1267 3098 1349 3151 tit.
1401 3096 1436 3150 2
1490 3095 1837 3151 Novellarum
1870 3106 1950 3150 cst

2064 3098 2152 3154 τοῦ
2184 3097 2415 3160 κώδικος
2461 3095 2561 3148 οὐκ
2603 3092 2761 3162 ἐτέθη
2800 3090 2881 3154 είς
2904 3088 2977 3141 τὰ
3000 3086 3288 3141 Βασιλικά.
3343 3080 3477 3150 Ἣ’γ¹
3507 3080 3655 3133 διὰτ,

355 3190 569 3245 novella
632 3189 926 3246 Justiniaui
980 3191 1084 3246 155
1133 3190 1447 3261 pasitamue
1494 3188 1599 3261 est]
1655 3189 1707 3243 in
1771 3189 1863 3243 lib.
1911 3206 1941 3241 ν

2064 3190 2143 3245 τοῦ
2180 3188 2225 3261 β’
2263 3189 2367 3242 τίτ.
2402 3186 2511 3239 τῶν
2567 3182 2820 3249 Νεαρῶν,
2863 3180 2979 3234 ἔστι
3019 3178 3189 3250 νεαρὰ
3223 3173 3660 3242 Ἰουστινιάνειος

252 3350 263 3357 ν
353 3280 519 3336 Basil.
554 3282 637 3336 tit.
684 3284 738 3347 5,
777 3292 942 3352 atque
980 3284 1013 3337 5
1059 3283 1241 3337 thema
1281 3298 1403 3352 cap.
1436 3282 1495 3335 11
1553 3281 1801 3349 ejusdem
1856 3282 1940 3337 tit.

356 3376 510 3441 dicit,
535 3393 879 3447 qumcunque
922 3379 976 3432 in
1008 3386 1157 3432 textu
1191 3376 1395 3445 scripta
1427 3384 1575 3430 sunt.
1607 3375 1841 3430 Constit.
1880 3377 1946 3432 18

354 3468 439 3521 tit.
466 3467 500 3521 5
535 3468 629 3524 lib.
669 3469 843 3525 ICod.
880 3485 989 3525 non
1021 3479 1103 3525 est
1134 3469 1310 3539 posita
1342 3469 1395 3523 in
1417 3467 1611 3537 Basil.,
1638 3483 1819 3539 neque
1857 3470 1945 3538 19,

354 3577 534 3633 neque
562 3562 657 3617 22.

433 3751 652 3807 Textus.
687 3751 819 3818 Quae
835 3751 1337 3808 exhaereditationis
1354 3750 1800 3818 cansasordinat,
1820 3760 1950 3821 etc.,

359 3863 521 3917 usque
547 3848 615 3900 ad
641 3848 1005 3919 publicanlur,
1038 3856 1095 3901 ut
1118 3864 1241 3919 pag.
1267 3848 1391 3915 851,
1424 3847 1548 3902 854.

434 4026 728 4084 Scholium.
783 4026 1005 4084 Novella
1070 4028 1174 4083 115
1240 4028 1589 4099 imperatoris
1660 4027 1955 4097 Iustiniani

2051 3288 2170 3355 ρκε¹
2222 3279 2452 3351 κειμένη
2479 3279 2551 3330 ἐν»
2587 3275 2791 3347 βιϐλίῳ»
2817 3279 2857 3326 ε’
2880 3271 2989 3326 τῶν
3036 3268 3345 3323 Βασιλικῶν
3400 3266 3510 3319 τίτ.
3574 3271 3653 3333 γ’»

2050 3376 2144 3430 καί
2177 3390 2309 3445 φησι
2335 3373 2396 3426 τὸ
2412 3371 2461 3440 γ’
2495 3370 2636 3439 θέμα
2672 3366 2765 3421 τοῦ
2797 3364 2864 3419 ια’
2893 3383 3019 3434 κεφ.
3074 3362 3168 3416 τοῦ
3194 3360 3358 3415 αὑτοῦ
3388 3358 3496 3411 τίτ.
3549 3357 3660 3410 ὅσα

2050 3469 2131 3532 είς
2170 3467 2230 3520 τὸ
2263 3465 2515 3534 κείμενον
2568 3460 2910 3529 ἐγράφησαν.
2954 3457 3019 3509 Ἠ
3060 3462 3130 3525 ιη’
3155 3454 3296 3508 διὰτ.
3345 3449 3440 3504 τοῦ
3474 3448 3516 3503 ε’
3540 3447 3656 3501 τίτ.

2051 3560 2145 3615 τοῦ
2178 3566 2227 3613 α’
2254 3557 2460 3629 βιϐλίου
2485 3555 2580 3625 τοῦ
2603 3555 2831 3617 κώδικος
2853 3552 2953 3606 οὐκ
2982 3549 3141 3620 ἐτέθη
3167 3549 3246 3611 εἰς
3270 3545 3341 3599 τὰ
3360 3540 3660 3605 Βασιλικὰ,

2053 3654 2174 3708 οὐδὲ
2200 3654 2233 3725 ἠ
2259 3651 2345 3715 ιθ’,
2377 3650 2499 3704 οὐδὲ
2532 3648 2638 3720 κβ’.

2128 3747 2438 3817 Κείμενον.
2518 3742 2583 3797 Ἦ
2651 3742 2710 3795 δὲ
2760 3740 2859 3803 τὰς
2914 3737 3097 3799 αἰτίας
3158 3727 3662 3805 ἑξερεδιτατιώνων

2056 3840 2289 3903 τάκτους
2320 3835 2416 3908 ρε’,
2441 3834 2637 3907 νεαρὰ,
2673 3851 2729 3887 κ.
2759 3852 2809 3887 τ.
2842 3831 2919 3897 λ.,
2955 3843 3131 3901 usq-ue
3160 3826 3231 3883 ad
3255 3827 3352 3880 καὶ
3374 3826 3476 3895 τῆς
3516 3821 3663 3892 κτήο

2061 3949 2199 3994 σεως
2221 3928 2609 3993 ἀπελαύνεται,
2634 3926 2737 3980 καὶ
2782 3922 3101 3996 δημεύεται.

2127 4024 2405 4093 Σχόλιον.
2448 4022 2513 4074 Ἦ
2551 4017 2646 4091 ριε¹
2697 4017 2872 4087 νεαρὰ
2894 4016 2989 4069 τοῦ
3025 4013 3289 4086 βασιλέως
3334 4011 3661 4064 Ἰουστινια-

358 4125 537 4194 posita
587 4132 673 4178 est
704 4123 758 4177 in
802 4138 923 4193 cap.
960 4122 1028 4177 58
1072 4124 1158 4178 tit.
1213 4125 1246 4179 8
1275 4123 1371 4177 lib.
1410 4140 1552 4177 xxxv
1592 4123 1761 4179 Basil.
1817 4123 1950 4179 Dicit

2064 4118 2153 4171 νοῦ
2176 4115 2332 4186 ὲτέθη
2360 4117 2439 4177 είς
2468 4130 2590 4183 κεφ.
2626 4110 2728 4182 λη’,
2754 4109 2847 4163 τοῦ
2877 4108 2926 4181 η’
2947 4108 3052 4161 τίτ.
3080 4106 3175 4160 τοῦ
3195 4103 3269 4157 λε’
3306 4103 3520 4175 βιϐλίου
3546 4101 3666 4156 τῶν

360 4226 543 4273 autem
589 4218 709 4289 ejus
762 4218 828 4272 M
876 4233 997 4288 cap.
1052 4218 1166 4273 haec
1203 4219 1269 4273 ad
1316 4219 1590 4275 verbum:
1638 4218 1694 4274 Si
1732 4221 1859 4289 quis
1890 4235 1954 4274 ex

364 4313 686 4368 memoratis
712 4313 1071 4381 parentibus,
1120 4328 1244 4367 cum
1290 4313 1407 4382 ipse
1457 4313 1804 4368 orthodoxus
1861 4314 1954 4378 sit,

363 4405 567 4459 Sentiat
627 4405 796 4459 tilium
838 4419 996 4459 suum
1035 4414 1130 4459 aut
1180 4405 1324 4459 ﬁlios
1364 4420 1473 4459 non
1507 4420 1631 4460 esse
1664 4405 1956 4461 catholica:

2060 4207 2385 4272 Βασιλικῶν,
2419 4207 2568 4275 λέγει
2605 4205 2663 4258 δὲ
2693 4204 2753 4257 τὸ
2776 4200 2836 4257 ιδ’
2860 4220 2988 4273 κεν.
3017 4201 3187 4267 αὐτῆς
3220 4198 3395 4253 ταῦτα
3448 4195 3661 4269 ῥητῶς,

2061 4304 2231 4365 Είτις
2252 4302 2318 4354 ἐκ
2341 4300 2450 4353 τῶν
2481 4317 2585 4370 μνη
2596 4296 2964 4369 μονευθέντων
2993 4293 3198 4363 γονέων
3229 4290 3514 4360 όρθόδοξος
3549 4290 3666 4341 ὑπ-

2064 4400 2249 4466 άρχων
2301 4391 2558 4462 αἴσθηται
2607 4391 2698 4443 τὸν
2731 4389 2861 4442 ἴδιον
2891 4387 3059 4441 παῖδα
3088 4386 3120 4457 ἢ
3158 4385 3355 4447 παῖδας
3404 4383 3482 4455 μὴ
3512 4379 3667 4437 εἶναι

366 4497 650 4564 Εροιεείιρ,
683 4508 814 4559 ctc.,
852 4498 1130 4566 quomodo
1185 4500 1288 4553 sub
1311 4499 1637 4568 compendio
1695 4500 1747 4554 in
1801 4509 1950 4554 textu

2064 4488 2161 4559 τῆς
2192 4487 2485 4552 καθολικῆς
2519 4483 2870 4557 Ἑκκλησίας,
2903 4482 2999 4536 καὶ⁹
3019 4481 3088 4535 τὰ
3135 4479 3287 4549 ἑξῆς,
3310 4478 3387 4543 ὡς
3410 4478 3492 4542 είς
3544 4477 3669 4529 κεί-

361 4603 492 4646 sunt
520 4593 820 4661 proposita.
857 4590 930 4645 De
961 4589 1323 4647 Samaritanis
1355 4592 1575 4647 ‹·οιιειίι.
1609 4591 1663 4654 1,
1694 4607 1817 4661 qua:
1866 4603 1952 4646 est

360 4686 396 4738 2
426 4686 509 4742 tit.
542 4685 575 4738 5
602 4682 974 4747 Novellarum,
1021 4698 1107 4738 est
1132 4686 1343 4740 novella
1372 4684 1669 4740 Justiniani
1705 4685 1827 4750 i29,
1857 4686 1950 4740 sed

361 4792 470 4830 non
504 4785 591 4829 cst
619 4775 794 4843 posita
851 4776 906 4829 in
938 4775 1126 4839 Basil.,
1176 4793 1352 4845 neque
1385 4776 1595 4832 novella
1626 4777 1678 4841 5,
1716 4791 1839 4845 quae
1869 4784 1955 4831 est

360 4865 659 4922 Justiniani
694 4866 816 4922 144.
846 4865 1073 4934 Quaeras
1102 4878 1283 4923 autem
1332 4885 1451 4938 cap.
1487 4868 1549 4923 51
1608 4870 1741 4924 ιὶι.1
1786 4869 1876 4923 lib.
1911 4885 1950 4932 ι,

363 4963 750 5035 aclcgasillnd
768 4980 891 5018 cum
926 4964 1153 5036 reliquis
1188 4979 1311 5033 cap.
1344 4979 1519 5033 usque
1544 4963 1612 5017 ad
1645 4964 1804 5017 linem
1841 4963 1949 5027 tit.,

361 5074 484 5125 qua:
526 5057 969 5128 complectuntur
1016 5071 1360 5126 quaecunque
1413 5056 1466 5108 in
1502 5064 1649 5109 textu
1690 5070 1953 5125 compen-

361 5148 515 5202 diose
540 5157 669 5203 sunt
701 5148 1001 5218 proposita,
1046 5156 1100 5201 et
1134 5144 1404 5218 [insuper]
1437 5146 1504 5200 de
1540 5146 1810 5201 htcreticis
1846 5146 1953 5201 alia

363 5242 533 5295 multa
562 5250 724 5310 atque
755 5240 1088 5295 necessaria.
1124 5239 1206 5293 Ex
1244 5239 1327 5292 his
1354 5238 1500 5292 enim
1535 5238 1744 5309 integra
1771 5248 1954 5292 castra

362 5333 464 5404 (uti
499 5336 738 5402 constat)
773 5342 828 5386 et
868 5332 1120 5401 regiones
1154 5329 1520 5400 Bogomilicas
1551 5345 1756 5395 errare,
1789 5339 1955 5399 atque

362 5427 418 5479 in
472 5425 667 5479 haeresi
702 5439 799 5478 sua
848 5422 985 5477 mori
1014 5422 1249 5477 sinimus
1280 5438 1293 5475 :
1326 5437 1495 5475 unum
1549 5435 1683 5475 vero
1732 5428 1786 5474 et
1834 5420 1954 5475 vilis

364 5518 701 5573 conditionis
736 5518 895 5571 talem
939 5516 1253 5571 haereticnm
1292 5515 1344 5568 in
1374 5513 1523 5584 regia
1549 5516 1683 5569 urbe
1707 5528 1955 5569 commo-

362 5620 574 5665 rautem
597 5610 959 5673 invenientes,
978 5616 1328 5663 vehementer
1346 5607 1627 5678 puuimus.
1642 5606 1879 5663 Constit.
1923 5608 1957 5661 5

369 5702 429 5755 ἱι.
464 5698 877 5765 iNovellarum,
919 5711 1000 5755 est
1034 5700 1245 5754 novella
1272 5698 1571 5754 Iustiniani
1595 5699 1721 5762 151,
1745 5698 1955 5767 posita-

367 5792 498 5863 [quo
526 5791 636 5863 est]
671 5792 725 5847 in
756 5790 852 5847 lib.
886 5789 1054 5848 Basil.
1089 5805 1173 5861 lli,
1196 5790 1353 5862 cujus
1386 5791 1449 5847 11
1483 5806 1603 5863 cap.
1640 5788 1775 5847 dicit
1803 5802 1954 5860 ηυδε-υ

2064 4596 2224 4651 μενον
2273 4576 2713 4647 συνωψίσθησαν.
2752 4575 2820 4627 Ἠ
2849 4576 2981 4647 περὶ
3028 4571 3138 4626 τῶν
3192 4569 3553 4641 Σαμαρειτῶν
3583 4567 3664 4635 α’,

2057 4672 2198 4727 διάτ.
2227 4669 2293 4741 β’,
2322 4669 2458 4725 οὖσα
2498 4668 2593 4723 τοῦ
2622 4667 2669 4738 γ’
2701 4667 2808 4722 τίτ.
2858 4667 2967 4720 τῶν
3018 4664 3270 4737 Νεαρῶν,
3320 4666 3440 4717 ἐστι
3489 4662 3667 4734 νεαρὰ.

2072 4765 2501 4826 Ἰούστινιὰνειος
2543 4760 2658 4830 ρκθ⁹
2706 4763 2809 4817 οὑκ
2854 4761 3014 4830 ἐτέθη
3045 4760 3102 4812 δὲ
3133 4761 3212 4823 εἰς
3266 4758 3335 4812 τὰ
3368 4758 3663 4829 βασιλικὰ,

2058 4857 2235 4928 οὐδὲὴ
2264 4855 2311 4927 γ’
2336 4856 2508 4927 νεαρὰ
2560 4851 2695 4908 οὖσα
2736 4853 3166 4916 Ἰουστινιὰνειος
3221 4850 3341 4923 ρμδ¹
3404 4851 3561 4922 ζήτει
3600 4850 3665 4904 δὲ

2058 4951 2120 5005 τὸ
2146 4949 2225 5006 να¹
2259 4966 2384 5018 κεφ.
2428 4948 2523 5003 τοῦ
2556 4946 2606 5001 α’
2639 4948 2744 5001 τίτ.
2792 4947 2885 5000 τοῦ
2918 4944 2964 4999 α’
2995 4945 3219 5017 βιϐλίου,
3244 4944 3338 4999 καὶ
3380 4943 3664 5014 ἀνάγνωθι

2059 5044 2238 5108 τοῦτο,
2282 5045 2377 5097 καὶ
2426 5043 2495 5095 τὰ
2527 5043 2610 5111 ἐφ’
2639 5041 2769 5112 ἑξῆς
2817 5057 2944 5109 κεφ.
3004 5040 3167 5111 μέχρι
3220 5038 3315 5092 τοῦ
3348 5038 3538 5102 τέλους
3560 5039 3661 5091 τοῦ

2059 5137 2164 5192 τίτ.
2193 5136 2630 5207 διαλαμϐάνοντα
2682 5136 2783 5188 ὅσα
2811 5132 3232 5203 συνωψίσθησαν
3268 5134 3349 5196 εἰς
3374 5132 3437 5185 τὸ
3467 5132 3665 5202 κείμε-

2059 5248 2170 5297 νον,
2223 5232 2321 5284 καὶ
2358 5230 2523 5302 ’ἐτερα
2572 5228 2747 5282 πολλὰ
2799 5227 3037 5299 χρειώδη
3068 5226 3166 5280 καὶ
3221 5226 3499 5295 ἀναγκαῖα
3528 5226 3662 5295 περὶ

2058 5324 2372 5395 αίρετικῶν.
2434 5322 2566 5376 Ἀπὸ
2601 5322 2709 5393 γὰρ
2759 5321 2986 5384 τούτων,
3031 5319 3131 5386 ὡς,
3186 5318 3365 5372 ἔοικεν
3398 5320 3662 5390 ;ὀ.κέραια

2059 5418 2273 5489 κάστρα
2307 5434 2369 5471 τε
2419 5417 2513 5471 καὶ
2582 5416 2756 5487 χωρία
2805 5414 3148 5485 βωγομιλικὰ
3210 5414 3658 5487 παραχωρούμεν

2058 5510 2385 5578 πλανᾶσθαι,
2404 5511 2500 5565 καὶ
2529 5512 2667 5581 μετὰ
2692 5510 2793 5580 τῆς
2825 5509 2957 5573 ιδίας
2981 5509 3349 5579 ἀποθνήσκειν
3364 5511 3651 5582 αἱρέσεως.

2063 5603 2205 5659 "Eva.
2226 5603 2283 5657 δὲ
2318 5604 2413 5657 καὶ
2461 5603 2692 5673 τυχόντα
2720 5601 2961 5655 τοιοῦτον
2991 5602 3272 5671 αἱρετικὸν
3300 5603 3654 5674 εὑρίσκοντες

2060 5696 2121 5749 ὲν
2148 5698 2216 5767 τῇ
2256 5693 2618 5765 βασιλευούσῃ
2684 5692 3031 5765 διατρίϐοντα
3082 5692 3337 5762 μεγάλως
3361 5692 3527 5747 αὐτὸν
3562 5709 3654 5746 xo-

2058 5785 2315 5859 λάζομεν.
2358 5786 2423 5840 Ἡ
2455 5792 2505 5856 γ’
2528 5785 2667 5842 διάτ.
2708 5784 2805 5840 τοῦ
2836 5783 2884 5840 α’
2921 5783 3025 5839 τίτ.
3080 5783 3191 5840 τῶν
3240 5783 3493 5856 Νεαρῶν,
3536 5784 3649 5839 ἐστι
