3744 6218
162 237 339 310 1149

1234 252 1725 316 NOMOCANON-
1761 282 1833 291 -
1871 257 2020 317 TIT-
2060 258 2169 331 XI,
2203 258 2362 319 CAP-
2409 260 2456 319 I-

3354 255 3498 323 1150

157 362 366 431 νεαρὰ
414 360 841 428 Ἰουστινιάνειος
898 362 1013 433 ρλα⁹
1047 363 1275 434 κειμένη
1305 364 1363 417 ὲν
1398 364 1589 434 βιϐλίῳ
1607 363 1646 416 ε’
1674 364 1783 419 τῶν
1815 370 1857 426 Α
1890 382 1904 420 (

1940 384 2106 438 mque
2140 369 2194 423 in
2228 378 2377 424 textu
2409 372 2794 440 cmnpcudiose
2819 372 3097 443 proposita
3136 378 3282 426 sunt.
3316 369 3494 440 Legas

157 450 498 508 Βασιλικῶν
550 456 656 512 τίτ.
686 464 759 525 γ’,
798 458 859 510 τὸ
898 457 955 511 δὲ
993 456 1060 512 ια’
1087 475 1213 527 κεφ.
1268 457 1361 510 τοῦ
1392 458 1635 511 τοιούτου
1672 458 1781 513 τὶτ.

156 542 339 613 λέγει
389 550 488 602 ὅσα
519 548 932 619 συνωψίσθησαν
960 550 1041 612 είς
1092 551 1152 603 τὸ
1182 549 1454 619 κείμενον,
1494 553 1587 605 καὶ
1641 551 1777 606 ἀντὶ.⁴

1895 455 2126 529 [autem]
2159 458 2292 512 illud
2320 475 2492 529 usque
2523 461 2587 514 ad
2638 477 2757 532 cap.
2806 462 2905 530 12;
2952 479 3075 517 nam
3109 462 3293 517 omnia
3339 460 3490 530 ejus-

1885 552 2008 606 dem
2041 551 2098 604 11
2132 566 2252 620 cap.
2288 550 2524 607 themata
2574 555 2879 609 istiusmodi
2915 559 3130 610 docent.

155 642 357 709 γνωθι
403 640 564 695 τοῦτο
596 642 759 713 μέχρι
788 642 881 695 τοῦ
908 639 975 713 ιβ’
1006 658 1130 712 κεφ.
1160 642 1230 697 τὰ
1255 645 1363 714 γὰρ
1384 644 1480 697 ὅλα
1506 643 1719 716 θέματα
1753 644 1848 698 τοῦ
1874 644 2040 699 αὐτοῦ
2073 652 2140 699 ια’
2169 662 2294 715 κεφ.
2333 647 2462 715 περὶ
2490 646 2697 702 τούτων
2724 648 3055 705 διδάσκουσι.

162 832 3459 862 ———————-———-———————.———_—_—_—__———__

1248 990 1655 1080 ΤΙΤΛΟΣ
1731 990 2426 1082 ΕΝΔΕΚΛΤΟΣ.

1048 1204 1238 1260 ΠΕΡΙ
1314 1203 1876 1260 ΜΟΝΑΣΤΡΙΔΣ
1939 1206 2089 1263 ΚΑΙ
2163 1209 2597 1268 ΜΟΝΑΧΩΝ.

1232 1540 1702 1621 TITULUS
1785 1540 2421 1619 UNDECIMUS.

1134 1722 1244 1782 DE
1285 1720 1861 1795 MONASTERIIS‘,
1891 1720 1993 1780 ET
2039 1718 2489 1781 MONACHIS.

236 2048 653 2104 ΚΕΦΑΛΑΙΟΝ
696 2048 776 2106 A'.
813 2080 883 2092 -—
919 2049 1059 2120 Περὶ
1117 2049 1419 2117 ποιήσεως
1462 2066 1769 2120 μοναστη-
1798 2052 1846 2112 Β

1944 2051 2171 2108 CAPUT
2200 2050 2492 2106 PRIMUM.
2524 2080 2597 2090 —
2624 2050 2704 2105 De
2729 2049 3088 2104 exslructione
3124 2048 3475 2103 monasterio-

142 2144 343 2213 ρίων,
400 2144 499 2198 καὶ
556 2144 662 2198 τοῦ
686 2143 773 2213 μὴ
812 2144 1095 2213 γενέσθαι
1133 2146 1287 2199 αὐτὰ
1338 2144 1636 2211 ἰδιωτικὰ,
1674 2146 1774 2200 καὶ

152 2238 538 2309 πραγμάτων
564 2239 683 2293 τῶν
705 2239 1112 2308 μοναζόντων.

236 2333 475 2387 Συνόδου
502 2334 846 2402 Χαλκηδόνος
880 2333 1062 2387 κανὼν
1093 2333 1154 2398 δ’,
1188 2333 1286 2387 κδ’·
1317 2333 1536 2387 συνόδου
1561 2330 1637 2397 ς’,
1675 2350 1775 2385 κα-

151 2427 279 2481 νὼν
316 2428 400 2497 μθ¹
427 2443 439 2455 ⁸
477 2426 697 2479 συνόδου
732 2426 969 2490 Νικαίας
998 2426 1059 2479 τὸ
1091 2423 1159 2491 α’,
1193 2426 1375 2480 κανὼν
1400 2432 1467 2495 ιγ’
1490 2443 1503 2457 ⁸
1550 2426 1773 2480 συνόδου

152 2528 210 2574 α’
246 2522 348 2574 καὶ
373 2520 415 2589 β’
436 2536 450 2550 ’
479 2520 537 2573 ὲν
568 2520 647 2591 τῷ
676 2518 789 2590 ναῷ
804 2519 913 2573 τῶν
940 2519 1141 2589 Ἀγίων
1165 2518 1483 2574 ἀποστόλων
1510 2518 1692 2574 κανὼν
1724 2526 1773 2574 α’

154 2614 258 2667 καὶ
306 2619 380 2677 ς’.

250 2707 564 2776 Κείμενον.
619 2705 683 2760 Ἡ
739 2713 804 2775 ιγ’
866 2705 1006 2762 διάτ.
1068 2704 1162 2760 τοῦ
1218 2704 1265 2759 α’
1313 2705 1418 2760 τίτ.
1472 2707 1580 2760 τῶν
1624 2706 1772 2760 Νεα-

160 2800 312 2873 ρῶν,
348 2818 402 2855 κ.
425 2818 479 2855 τ.
509 2801 581 2866 λ.,
609 2800 866 2872 usquead
886 2802 962 2866 ὼς
993 2802 1026 2873 ή
1061 2800 1133 2855 νδ⁹
1155 2800 1294 2855 διάτ.
1342 2798 1438 2854 τοῦ
1468 2798 1630 2854 αὐτοῦ
1661 2799 1768 2853 τίτ.

240 2988 526 3056 Σχόλιον.
570 2987 635 3041 Ἦ
668 2987 735 3056 ιγ’
778 2987 919 3041 διάτ.
976 2986 1071 3041 τοῦ
1101 2986 1151 3040 α’
1197 2987 1302 3041 τίτ.
1360 2987 1471 3041 τῶν
1516 2987 1766 3058 Νεαρῶν,

153 3078 291 3131 ἔστι
318 3079 484 3149 νεαρά
518 3078 941 3142 Ἰουστινιάνειος
973 3076 1089 3149 ρκγ¹
1115 3080 1211 3132 καὶ
1240 3077 1399 3148 ἐτέθη
1434 3078 1497 3132 τὸ
1528 3078 1607 3148 νβ’
1642 3095 1766 3147 κεφ.

152 3171 350 3241 αὐτῆς
404 3173 484 3234 εἰς
531 3170 735 3242 βιϐλίον
760 3171 870 3224 τῶν
907 3172 1216 3227 Βασιλικῶν
1246 3173 1291 3225 δ’
1318 3171 1450 3239 τίτ.,
1483 3179 1531 3226 α’
1557 3189 1684 3243 κεφ.
1720 3178 1768 3226 α’

153 3267 358 3318 ἐκεῖνα
385 3264 635 3317 διδάσκον
686 3265 786 3318 ὅσα
814 3266 894 3327 εἰς
928 3266 987 3317 τὸ
1018 3264 1269 3335 κείμενον
1314 3264 1659 3337 ἐγράφησαν.
1706 3263 1770 3317 Ἡ

151 3364 202 3426 γ’
247 3356 387 3410 διάτ.
417 3355 511 3410 τοῦ
538 3355 580 3426 β’
604 3356 707 3411 τίτ.
740 3355 848 3409 τῶν
878 3357 1110 3429 Νεαρῶν
1130 3398 1145 3423 ,
1185 3356 1301 3411 ἐστι
1330 3356 1503 3427 νεαρὰ
1546 3355 1768 3409 Ἰουστι-

1879 2163 2017 2213 rum,
2066 2155 2116 2200 et
2177 2161 2240 2199 ne
2284 2145 2380 2199 illa
2447 2145 2644 2215 privati
2687 2140 2893 2215 [juris]
2932 2143 3084 2213 ﬁant,
3123 2151 3173 2196 et
3214 2142 3277 2196 de
3322 2141 3477 2197 rebus

1878 2240 2276 2293 monac/mrum.

1945 2334 2178 2388 Concilii
2228 2330 2693 2388 Chalcedonensis
2747 2345 2924 2385 canon
2973 2331 3037 2395 4,
3089 2329 3193 2396 24,
3254 2329 3473 2383 concilii

1876 2428 2012 2483 sexti
2046 2442 2221 2481 canon
2270 2427 2374 2493 49;
2414 2427 2629 2480 concilii
2670 2425 2874 2481 Nicaeni
2939 2423 3103 2495 primi
3161 2438 3336 2477 canon
3368 2423 3467 2487 l5;

1875 2521 2093 2575 concilii
2126 2520 2283 2587 primi
2309 2529 2361 2575 et
2393 2521 2616 2574 secundi
2656 2520 2707 2573 in
2736 2520 2851 2574 aede
2882 2518 3206 2571 Sanctorum
3241 2517 3475 2584 Aposto-

1873 2614 2052 2667 lorum
2084 2612 2305 2685 [babiti]
2337 2629 2514 2668 canon
2550 2615 2573 2667 1
2609 2624 2665 2667 ει
2692 2614 2745 2666 6.

1946 2707 2162 2762 Texlus.
2230 2707 2418 2762 Const.
2465 2708 2530 2762 l5
2591 2708 2679 2761 tit.
2726 2706 2747 2759 1
2804 2704 3154 2760 Novellarum
3203 2702 3328 2756 ait:
3366 2700 3471 2766 Qui

1875 2804 2436 2871 monasterium,etc.,
2462 2819 2624 2872 usque
2655 2802 2723 2857 ad
2747 2808 2927 2857 const.
2964 2799 3054 2863 54,
3097 2807 3157 2851 ut
3186 2812 3308 2867 pag.
3342 2794 3472 2862 858,

1873 2896 1997 2952 859.

1942 2991 2237 3048 Scholium.
2289 2990 2524 3046 Constit.
2578 2989 2644 3044 15
2705 2989 2788 3044 tit.
2878 2989 2901 3042 1
2977 2987 3326 3042 Novellarum
3381 2992 3467 3039 est

1873 3088 2084 3142 novella
2104 3085 2399 3141 Justiniani
2450 3086 2574 3150 125,
2610 3084 2897 3152 positaque
2945 3091 3027 3136 est
3074 3081 3144 3135 5%
3192 3078 3315 3149 ejus
3345 3092 3465 3146 cap.

1873 3183 1926 3236 in
1963 3182 2061 3235 lib.
2103 3180 2269 3236 Basil.
2297 3196 2370 3245 iv,
2409 3179 2492 3233 tit.
2532 3180 2584 3241 1,
2618 3192 2739 3246 cap.
2775 3177 2826 3237 1,
2860 3183 3023 3243 atque
3052 3173 3143 3226 illa
3172 3171 3332 3225 docet
3354 3183 3477 3239 qua:

1872 3275 1925 3329 in
1962 3286 2113 3330 textu
2141 3274 2344 3343 scripta
2386 3280 2535 3326 sunt.
2574 3270 2809 3326 Constit.
2863 3269 2897 3323 5
2955 3267 3038 3323 tit.
3064 3267 3099 3320 2
3125 3263 3472 3319 Novellarnm

1871 3379 1957 3424 est
2004 3368 2215 3423 novella
2248 3364 2544 3422 Justiniani
2587 3364 2711 3427 l5l,
2750 3360 3057 3431 posita[que
3097 3357 3203 3429 est]
3267 3358 3322 3410 in
3374 3354 3472 3409 lib.

150 3451 403 3513 νιάνειος
462 3450 576 3522 ρλα¹
608 3450 838 3521 κειμένη
872 3451 929 3504 ὲν
980 3450 1168 3522 βιϐλίῳ
1222 3450 1330 3504 τῶν
1376 3451 1679 3504 Βασιλικῶν
1704 3455 1765 3515 ε’,
1796 3443 1838 3501 C
1874 3460 1904 3513 Ε

1940 3459 2039 3513 ιείι.
2074 3475 2129 3525 v,
2176 3458 2259 3513 tit.
2300 3458 2353 3511 5.
2411 3456 2548 3510 Dicit
2593 3463 2773 3509 autem
2821 3454 2855 3507 4
2914 3449 3158 3517 eiusdem
3215 3448 3299 3501 tit.
3350 3460 3473 3513 cap.

149 3545 275 3598 τίτ.
311 3544 360 3613 γ’
383 3560 398 3575 ·
432 3544 580 3614 λέγει
616 3544 673 3598 δὲ
706 3546 767 3599 τὸ
793 3546 835 3598 δ’
866 3545 1160 3614 κεφάλαιον
1208 3544 1303 3599 τοῦ
1357 3545 1523 3599 αὑτοῦ
1581 3545 1764 3599 τίτλου

148 3637 273 3690 ὅσα
303 3639 382 3700 εἰς
436 3639 499 3691 τὸ
540 3638 795 3707 κείμενον
842 3637 1285 3709 συνωψίσθησαν.
1327 3638 1393 3691 Ἠ
1420 3645 1468 3692 α’
1495 3638 1636 3693 διάτ.
1668 3637 1764 3692 τοῦ

152 3732 201 3800 β’
249 3730 353 3785 τίτ.
378 3732 487 3785 τῶν
513 3732 766 3804 Νεαρῶν,
795 3732 912 3785 ἐστι
969 3750 1095 3801 κεφ.
1135 3730 1164 3785 ι’
1187 3732 1287 3802 τῆς
1330 3732 1763 3787 Ἰουστινιανείου

151 3822 200 3889 ζ’
243 3824 462 3892 νεαρᾶς,
508 3824 608 3877 οὐκ
641 3823 799 3895 ἐτέθη
829 3825 885 3877 δὲ
919 3825 999 3888 εἰς
1026 3825 1097 3878 τὰ
1122 3824 1405 3879 Βασιλικά.
1451 3826 1518 3878 Ἠ
1547 3825 1591 3896 β’
1620 3825 1763 3880 διάτ.

148 3916 264 3971 τοῦ
297 3914 341 3987 β’
364 3916 466 3973 τίτ.
491 3918 601 3971 τῶν
627 3918 882 3989 Νεαρῶν,
926 3918 1043 3972 ἔστι
1102 3919 1273 3990 νεαρὰ
1339 3918 1766 3983 Ἰουστινιάνειος

154 4016 252 4081 ρκ’
285 4011 508 4082 κειμένη
538 4013 595 4063 ὲν
631 4010 819 4081 βιϐλίῳ
842 4011 952 4066 τῶν
971 4012 1277 4066 Βασιλικῶν
1300 4018 1340 4064 ε’
1374 4012 1476 4065 τίτ.
1509 4012 1575 4083 β’,
1600 4012 1766 4084 φησὶν

149 4103 223 4155 δὲ
243 4100 305 4153 τὸ
330 4107 391 4153 ιε’
414 4101 506 4155 τοῦ
565 4101 733 4155 αὐτοῦ
779 4102 889 4158 τίτ.
938 4120 1063 4172 κεφ.
1125 4103 1225 4155 ὅσα
1274 4103 1357 4167 εἰς
1419 4102 1480 4155 τὸ
1514 4103 1768 4172 κείμενον

151 4191 515 4264 ἐγράφησαν.
561 4194 624 4248 Ἡ
658 4194 740 4265 λη’
781 4195 924 4250 διάτ.
984 4193 1079 4248 τοῦ
1108 4200 1156 4263 γ’
1189 4197 1295 4248 τίτ.
1333 4193 1429 4247 τοῦ
1476 4201 1525 4247 α’
1560 4193 1766 4264 βιϐλίου

149 4287 258 4342 τοῦ
313 4288 540 4352 κὼδικος
595 4289 695 4343 οὐκ
728 4290 888 4359 ἐτέθη
940 4290 1018 4353 εἰς
1046 4289 1115 4341 τὰ
1144 4287 1427 4343 Βασιλικά,
1464 4287 1599 4341 Οὐδὲ
1632 4289 1664 4359 ὴ
1701 4273 1768 4357 ιγ’

151 4381 303 4435 διάτ.
335 4381 427 4434 τοῦ
450 4380 496 4435 α’
518 4381 622 4437 τίτ.
689 4382 798 4435 τῶν
822 4382 1051 4453 Νεαρῶν
1081 4377 1219 4436 οὖσα
1250 4382 1677 4442 Ἰουστινιάνειος
1701 4386 1766 4443 ε’,

1872 3562 2218 3619 quaecunque
2262 3546 2314 3600 in
2358 3552 2506 3601 textu
2556 3540 2946 3613 compendiose
2989 3547 3117 3593 sunt
3156 3534 3468 3606 pronosita-

1872 3644 2061 3697 Const.
2100 3644 2119 3696 1
2181 3641 2263 3695 tit.
2324 3639 2360 3692 ‘2
2407 3637 2761 3693 Novellarum
2822 3641 2905 3688 est
2951 3648 3070 3701 cap.
3111 3629 3179 3683 10
3211 3625 3477 3681 Justinia-

1874 3753 1991 3792 new
2044 3737 2075 3788 7
2114 3731 2505 3789 novellae.N0n
2557 3741 2642 3785 est
2660 3742 2841 3784 autem
2878 3726 3115 3797 positum
3166 3723 3218 3777 in
3252 3719 3473 3776 Basilio.

1872 3829 2111 3885 Constit.
2135 3827 2171 3881 2
2211 3827 2297 3880 tit.
2326 3827 2361 3880 2
2386 3823 2735 3880 Novellarum
2758 3830 2842 3877 est
2868 3819 3078 3873 novella
3104 3817 3228 3883 19.0,
3270 3814 3479 3885 posita-

1873 3920 2005 3993 [que
2046 3919 2149 3992 εει]
2182 3920 2235 3974 in
2277 3920 2367 3974 lib.
2422 3918 2588 3973 Basil.
2636 3933 2691 3983 v,
2742 3915 2825 3970 tit.
2872 3914 2927 3968 9..
2978 3912 3118 3966 Dicit
3167 3919 3347 3965 autem
3382 3907 3475 3973 15,

1875 4012 2118 4081 ejusdem
2156 4012 2239 4065 tit.
2284 4026 2407 4079 cap.
2435 4024 2781 4079 quaecunque
2809 4008 2864 4060 in
2901 4015 3053 4059 textu
3086 4002 3288 4072 scripta
3323 4008 3477 4055 sunt.

1875 4102 2066 4157 Const.
2114 4102 2183 4156 58
2245 4101 2327 4155 tit.
2370 4102 2404 4155 5
2456 4101 2551 4154 lib.
2609 4116 2622 4153 ι
2669 4098 2802 4153 Cod.
2869 4112 2979 4151 non
3051 4103 3138 4149 est
3186 4093 3363 4163 posita
3418 4090 3473 4144 in

1878 4194 2069 4259 Basil.,
2102 4210 2279 4264 neque
2310 4200 2491 4249 const.
2531 4193 2597 4246 l5
2640 4192 2720 4245 tit.
2762 4192 2784 4245 1
2822 4188 3196 4251 Novellarum,
3230 4200 3353 4255 quae
3390 4193 3473 4239 est

1879 4288 2091 4342 novella
2130 4286 2425 4343 Justiniani
2453 4287 2521 4354 5;
2567 4300 2744 4358 neque
2793 4291 2970 4341 const.
3023 4282 3092 4338 52
3134 4282 3216 4336 tit.
3248 4280 3281 4335 5
3308 4279 3402 4334 lib.
3447 4294 3465 4333 1

1878 4380 2041 4450 Cod.,
2068 4396 2244 4451 neque
2270 4380 2359 4437 54.

152 4475 284 4529 οὐδὲ
318 4477 351 4546 ἠ
383 4476 459 4546 νβ’
516 4475 658 4529 διὰτ.
697 4474 793 4528 τοῦ
821 4481 867 4545 γ’
890 4475 997 4530 sit.
1030 4474 1124 4529 τοῦ
1162 4482 1208 4529 α’
1238 4473 1443 4545 βιϐλίου
1468 4472 1562 4527 τοῦ
1602 4472 1858 4539 κώδικος,
1879 4473 2004 4527 οὐδὲ
2038 4476 2070 4545 ἡ
2100 4471 2171 4528 νδ¹
2185 4511 2202 4529 .

229 4633 544 4702 Κείμενον.
601 4633 769 4706 Καλή
797 4635 931 4707 napi.
972 4633 1274 4706 ρεπουδίων
1310 4632 1760 4704 διαλαμϐάνουσα

156 4725 263 4796 pc?
288 4724 478 4795 νεαρὰ,
520 4743 575 4779 κ.
603 4742 655 4782 τ.
681 4726 757 4794 λ.,
793 4743 967 4798 usque
995 4728 1060 4782 ad
1080 4726 1271 4799 ὥσπερ
1303 4728 1396 4781 καὶ
1413 4728 1500 4781 ὅτε
1530 4728 1604 4800 μὴ
1628 4730 1759 4781 παῖ-

154 4818 256 4881 δας
305 4820 441 4889 μήτε
497 4820 674 4888 γονεῖς
730 4821 763 4891 ἡ
822 4819 962 4893 γυνὴ
1008 4820 1127 4893 ἔχῃ.

228 4934 510 5001 Σχόλιον.
557 4934 622 4988 Ἠ
647 4934 748 5005 ριξ¹
804 4935 977 5006 νεαρὰ
1005 4935 1096 4989 τοῦ
1127 4935 1390 5007 βασιλέως
1437 4937 1754 4992 Ἰουστινια-

154 5026 251 5079 νοῦ
313 5025 471 5099 ἐτέθη
500 5028 579 5091 είς
618 5028 713 5081 ἀπ’
749 5029 924 5098 ἀρχῆς
964 5028 1055 5082 τοῦ
1092 5030 1136 5082 θ’
1160 5047 1287 5100 κεφ.
1321 5032 1401 5093 είς
1432 5031 1522 5084 τὸν
1575 5029 1619 5093 ζ’
1646 5030 1754 5085 τίτ.

156 5117 253 5172 τοῦ
312 5126 396 5189 κη’
444 5118 650 5190 βιϐλίου
700 5119 809 5174 τῶν
858 5120 1187 5175 Βασιλικῶν.
1245 5120 1419 5174 Τοῦτο
1452 5120 1597 5174 δὲτὸ
1626 5138 1756 5190 κεφ.

156 5212 521 5285 παρελείφθη,
570 5213 662 5266 καὶ
692 5213 753 5267 οὐ
807 5213 1164 5283 κατεστρώθη
1222 5215 1301 5277 είς
1339 5213 1409 5269 τὰ
1471 5214 1758 5269 Βασιλικά.

170 5305 466 5376 Ἐτέθησαν
495 5306 615 5360 ἀντὶ
635 5304 825 5359 τούτου
861 5307 918 5359 ὲν
939 5304 1017 5377 τῷ
1048 5305 1198 5375 αὐτῷ
1220 5305 1266 5371 ζ’
1291 5305 1397 5360 τίτ.
1432 5305 1596 5378 χάριν
1644 5306 1757 5360 τῶν

158 5398 398 5467 εὐλόγως
428 5397 705 5469 λυομένων
732 5399 1110 5466 συνοικεσίων,
1134 5400 1229 5452 καὶ
1256 5400 1364 5454 τῶν
1397 5401 1754 5471 ἐπαγομένων

160 5490 365 5544 ποινῶν
425 5490 571 5544 κατὰ
603 5490 711 5546 τῶν
748 5491 1058 5560 ἀνευλόγως
1087 5491 1323 5547 λυόντων
1350 5493 1492 5547 αὐτὰ
1521 5494 1759 5567 διάφορα

161 5601 286 5652 κεφ.
316 5584 381 5638 ἐκ
407 5600 467 5638 τε
493 5587 591 5655 τῆς
647 5590 753 5655 pta.’
819 5586 1021 5655 νεαρᾶς
1070 5584 1172 5655 τῆς
1215 5585 1297 5656 κβ¹
1360 5586 1455 5639 καὶ
1516 5588 1755 5659 ἑτέρωνο

164 5677 259 5731 καὶ
280 5677 435 5747 ζήτει
466 5677 559 5731 τὸν
582 5678 701 5733 ὅλον
728 5676 918 5731 τοῦτον
948 5677 991 5742 ς’
1025 5676 1130 5734 τίτ.
1167 5679 1296 5748 περὶ
1326 5678 1535 5743 λύσεως
1560 5681 1756 5752 γάμων

166 5767 623 5840 διαλαμϐάνοντα.

1787 4854 1843 4915 D

1935 4628 2152 4686 Textns.
2190 4629 2256 4686 Et
2289 4648 2410 4702 quae
2446 4632 2513 4688 de
2546 4635 2798 4707 repudio,
2832 4644 2956 4693 etc.,
2979 4648 3141 4705 usque
3173 4633 3242 4687 ad
3270 4629 3469 4685 mulier

1862 4724 2045 4789 habet,
2079 4733 2136 4777 ut
2165 4740 2286 4796 pag.
2314 4725 2437 4782 859.

1932 4936 2232 4997 Scholium.
2307 4939 2530 4995 Novella
2600 4941 2944 5012 imperatoris
3010 4935 3306 4993 Iustiniani
3358 4933 3460 4988 117

1864 5036 2041 5106 posita
2084 5043 2167 5089 est
2220 5033 2289 5088 ab
2343 5032 2500 5087 initio
2549 5049 2671 5105 cap.
2717 5034 2751 5087 9
2791 5034 2844 5087 in
2910 5034 2940 5085 7
2988 5031 3070 5085 tit.
3119 5028 3217 5082 lib.
3279 5042 3449 5082 xxvm

1864 5130 2031 5183 anil.
2066 5129 2180 5183 Hoc
2213 5138 2394 5183 autem
2435 5145 2556 5199 cap.
2588 5130 2853 5184 omissum
2882 5135 2985 5190 est,
3029 5132 3083 5179 et
3126 5139 3235 5177 non
3280 5124 3458 5176 inser-

1868 5231 1981 5275 tum
2018 5220 2183 5275 Bas].
2222 5219 2326 5275 Sed
2359 5236 2456 5291 pro
2509 5221 2615 5275 hoc
2661 5221 2714 5274 in
2761 5217 2952 5272 eodem
2985 5216 3017 5267 7
3050 5215 3134 5269 tit.
3167 5213 3235 5268 de
3270 5212 3460 5267 matri-

1868 5313 2071 5368 moniis
2115 5312 2264 5381 justa
2315 5312 2385 5368 de
2434 5327 2600 5367 causa
2643 5308 3033 5370 dissolvendis,
3078 5321 3143 5360 ac
3178 5306 3244 5360 de
3276 5304 3459 5375 pomis

1864 5420 1987 5475 quae
2036 5405 2172 5459 citra
2223 5405 2489 5458 rationem
2541 5404 2630 5458 illa
2680 5400 3066 5458 dirimentibus
3113 5397 3456 5468 inﬂigunlur.

1863 5496 2032 5551 multa
2061 5512 2126 5550 ex
2164 5496 2257 5551 111
2304 5495 2520 5550 novella
2548 5504 2603 5549 et
2628 5493 2720 5560 22,
2751 5503 2806 5549 et
2831 5493 2956 5547 aliis
2981 5491 3159 5560 posita
3185 5498 3457 5555 suntcap.

1867 5590 2092 5658 QUa-ras
2154 5601 2337 5643 autem
2377 5588 2407 5640 7
2443 5588 2527 5641 tit.
2572 5597 2743 5643 totum
2772 5588 2839 5642 dc
2864 5586 3140 5641 solutione
3172 5583 3460 5639 matrimo-

1863 5683 2080 5739 niorum
2117 5692 2464 5739 tractantem.
