  <div class='ocr_page' id='page_1' title='image "/cluster/home/n/w/nwhite01/storage/ocr_20150623/104 pt.4/mdp.39015061931229/585.png"; bbox 0 0 3916 6244; ppageno 0'>
   <div class='ocr_carea' id='block_1_1' title="bbox 355 290 490 358">
    <p class='ocr_par' dir='ltr' id='par_1_1' title="bbox 355 290 490 358">
     <span class='ocr_line' id='line_1_1' title="bbox 355 290 490 358; baseline -0.022 0"><span class='ocrx_word' id='word_1_1' title='bbox 355 290 490 358; x_wconf 82' lang='grc'><strong>1151</strong></span> 
     </span>
    </p>
   </div>
   <div class='ocr_carea' id='block_1_2' title="bbox 1532 286 2494 351">
    <p class='ocr_par' dir='ltr' id='par_1_2' title="bbox 1532 286 2494 351">
     <span class='ocr_line' id='line_1_2' title="bbox 1532 286 2494 351; baseline -0.002 -1"><span class='ocrx_word' id='word_1_2' title='bbox 1532 289 1796 351; x_wconf 88' lang='grc' dir='ltr'><strong>ΡΙΙΟΤΙΙ</strong></span> <span class='ocrx_word' id='word_1_3' title='bbox 1838 287 2348 350; x_wconf 72' lang='grc' dir='ltr'><strong>ΡΛΤΒΙΑΒΟΙΙΑΞ</strong></span> <span class='ocrx_word' id='word_1_4' title='bbox 2386 286 2494 348; x_wconf 84' lang='lat' dir='ltr'><strong>CP-</strong></span> 
     </span>
    </p>
   </div>
   <div class='ocr_carea' id='block_1_3' title="bbox 3504 284 3628 351">
    <p class='ocr_par' dir='ltr' id='par_1_3' title="bbox 3504 284 3628 351">
     <span class='ocr_line' id='line_1_3' title="bbox 3504 284 3628 351; baseline 0 -2"><span class='ocrx_word' id='word_1_5' title='bbox 3504 284 3628 351; x_wconf 77' lang='grc'><strong>1152</strong></span> 
     </span>
    </p>
   </div>
   <div class='ocr_carea' id='block_1_4' title="bbox 419 394 1937 475">
    <p class='ocr_par' dir='ltr' id='par_1_4' title="bbox 419 403 1937 465">
     <span class='ocr_line' id='line_1_4' title="bbox 419 403 1937 465; baseline -0.005 0"><span class='ocrx_word' id='word_1_6' title='bbox 419 409 636 465; x_wconf 68' lang='lat' dir='ltr'><strong>Tenus.</strong></span> <span class='ocrx_word' id='word_1_7' title='bbox 673 408 737 462; x_wconf 83' lang='lat' dir='ltr'><strong>Et</strong></span> <span class='ocrx_word' id='word_1_8' title='bbox 766 417 942 462; x_wconf 84' lang='lat' dir='ltr'><strong>const.</strong></span> <span class='ocrx_word' id='word_1_9' title='bbox 1000 407 1034 461; x_wconf 66' lang='grc' dir='ltr'>Ξ</span> <span class='ocrx_word' id='word_1_10' title='bbox 1069 407 1151 461; x_wconf 89' lang='lat' dir='ltr'><strong>tit.</strong></span> <span class='ocrx_word' id='word_1_11' title='bbox 1192 408 1217 462; x_wconf 87' lang='grc'><strong>1</strong></span> <span class='ocrx_word' id='word_1_12' title='bbox 1275 405 1623 460; x_wconf 78' lang='lat' dir='ltr'><strong>Novellarum</strong></span> <span class='ocrx_word' id='word_1_13' title='bbox 1651 407 1767 460; x_wconf 88' lang='lat' dir='ltr'><strong>ait:</strong></span> <span class='ocrx_word' id='word_1_14' title='bbox 1800 403 1937 459; x_wconf 90' lang='lat' dir='ltr'><strong>Cum</strong></span> 
     </span>
    </p>
   </div>
   <div class='ocr_carea' id='block_1_5' title="bbox 2057 394 3634 475">
    <p class='ocr_par' dir='ltr' id='par_1_5' title="bbox 2070 394 3634 475">
     <span class='ocr_line' id='line_1_5' title="bbox 2070 394 3634 475; baseline -0.006 -19"><span class='ocrx_word' id='word_1_15' title='bbox 2070 394 2381 471; x_wconf 84' lang='grc' dir='ltr'>Κείμενον.</span> <span class='ocrx_word' id='word_1_16' title='bbox 2414 400 2519 453; x_wconf 78' lang='grc' dir='ltr'><strong>Καὶ</strong></span> <span class='ocrx_word' id='word_1_17' title='bbox 2552 398 2596 470; x_wconf 91' lang='grc' dir='ltr'>β’</span> <span class='ocrx_word' id='word_1_18' title='bbox 2622 399 2765 454; x_wconf 87' lang='grc' dir='ltr'>διάτ.</span> <span class='ocrx_word' id='word_1_19' title='bbox 2798 399 2895 454; x_wconf 81' lang='grc' dir='ltr'><strong>τοῦ</strong></span> <span class='ocrx_word' id='word_1_20' title='bbox 2924 405 2972 453; x_wconf 83' lang='grc' dir='ltr'>α’</span> <span class='ocrx_word' id='word_1_21' title='bbox 2992 399 3096 454; x_wconf 88' lang='grc' dir='ltr'>τίτ.</span> <span class='ocrx_word' id='word_1_22' title='bbox 3129 398 3237 455; x_wconf 83' lang='grc' dir='ltr'><strong>τῶν</strong></span> <span class='ocrx_word' id='word_1_23' title='bbox 3263 401 3508 472; x_wconf 86' lang='grc' dir='ltr'>Νεαρῶν,</span> <span class='ocrx_word' id='word_1_24' title='bbox 3537 421 3634 475; x_wconf 84' lang='grc' dir='ltr'>φη.</span> 
     </span>
    </p>
   </div>
   <div class='ocr_carea' id='block_1_6' title="bbox 346 494 1942 571">
    <p class='ocr_par' dir='ltr' id='par_1_6' title="bbox 346 494 1942 571">
     <span class='ocr_line' id='line_1_6' title="bbox 346 494 1942 571; baseline -0.005 -15"><span class='ocrx_word' id='word_1_25' title='bbox 346 518 561 569; x_wconf 80' lang='lat' dir='ltr'><strong>servus,</strong></span> <span class='ocrx_word' id='word_1_26' title='bbox 591 510 722 565; x_wconf 90' lang='lat' dir='ltr'><strong>ctc.,</strong></span> <span class='ocrx_word' id='word_1_27' title='bbox 757 517 918 571; x_wconf 76' lang='lat' dir='ltr'><strong>usque</strong></span> <span class='ocrx_word' id='word_1_28' title='bbox 952 500 1020 553; x_wconf 88' lang='lat' dir='ltr'><strong>ad</strong></span> <span class='ocrx_word' id='word_1_29' title='bbox 1054 496 1306 571; x_wconf 77' lang='lat' dir='ltr'><strong>[aliquid]</strong></span> <span class='ocrx_word' id='word_1_30' title='bbox 1335 499 1523 562; x_wconf 88' lang='lat' dir='ltr'><strong>donet,</strong></span> <span class='ocrx_word' id='word_1_31' title='bbox 1565 507 1623 550; x_wconf 84' lang='lat' dir='ltr'><strong>ut</strong></span> <span class='ocrx_word' id='word_1_32' title='bbox 1653 514 1776 568; x_wconf 87' lang='lat' dir='ltr'><strong>pag.</strong></span> <span class='ocrx_word' id='word_1_33' title='bbox 1811 494 1942 561; x_wconf 70' lang='grc'>842,</span> 
     </span>
    </p>
   </div>
   <div class='ocr_carea' id='block_1_7' title="bbox 346 592 470 647">
    <p class='ocr_par' dir='ltr' id='par_1_7' title="bbox 346 592 470 647">
     <span class='ocr_line' id='line_1_7' title="bbox 346 592 470 647; baseline -0.008 0"><span class='ocrx_word' id='word_1_34' title='bbox 346 592 470 647; x_wconf 73' lang='grc'><strong>842.</strong></span> 
     </span>
    </p>
   </div>
   <div class='ocr_carea' id='block_1_8' title="bbox 417 682 1946 740">
    <p class='ocr_par' dir='ltr' id='par_1_8' title="bbox 417 682 1946 740">
     <span class='ocr_line' id='line_1_8' title="bbox 417 682 1946 740; baseline -0.002 0"><span class='ocrx_word' id='word_1_35' title='bbox 417 685 710 740; x_wconf 80' lang='grc' dir='ltr'>8ι·1ιοιίιιηι.</span> <span class='ocrx_word' id='word_1_36' title='bbox 770 685 1006 739; x_wconf 77' lang='lat' dir='ltr'><strong>Cons-tit.</strong></span> <span class='ocrx_word' id='word_1_37' title='bbox 1058 684 1203 739; x_wconf 66' lang='lat' dir='ltr'><strong>Qtit.</strong></span> <span class='ocrx_word' id='word_1_38' title='bbox 1270 686 1292 738; x_wconf 99' lang='grc'><strong>1</strong></span> <span class='ocrx_word' id='word_1_39' title='bbox 1335 682 1687 738; x_wconf 82' lang='lat' dir='ltr'><strong>Novellarum</strong></span> <span class='ocrx_word' id='word_1_40' title='bbox 1722 691 1807 737; x_wconf 86' lang='lat' dir='ltr'><strong>est</strong></span> <span class='ocrx_word' id='word_1_41' title='bbox 1845 696 1946 737; x_wconf 82' lang='lat' dir='ltr'><strong>no-</strong></span> 
     </span>
    </p>
   </div>
   <div class='ocr_carea' id='block_1_9' title="bbox 344 773 1944 846">
    <p class='ocr_par' dir='ltr' id='par_1_9' title="bbox 344 773 1944 846">
     <span class='ocr_line' id='line_1_9' title="bbox 344 773 1944 846; baseline -0.001 -16"><span class='ocrx_word' id='word_1_42' title='bbox 344 779 481 832; x_wconf 73' lang='lat' dir='ltr'><strong>vella</strong></span> <span class='ocrx_word' id='word_1_43' title='bbox 524 776 817 832; x_wconf 80' lang='lat' dir='ltr'><strong>Justinizmi</strong></span> <span class='ocrx_word' id='word_1_44' title='bbox 863 777 964 831; x_wconf 70' lang='lat'><strong>125</strong></span> <span class='ocrx_word' id='word_1_45' title='bbox 1000 779 1288 846; x_wconf 71' lang='lat' dir='ltr'><strong>positaque</strong></span> <span class='ocrx_word' id='word_1_46' title='bbox 1320 786 1405 830; x_wconf 79' lang='lat' dir='ltr'><strong>est</strong></span> <span class='ocrx_word' id='word_1_47' title='bbox 1431 777 1498 830; x_wconf 91' lang='lat' dir='ltr'><strong>ab</strong></span> <span class='ocrx_word' id='word_1_48' title='bbox 1538 776 1695 829; x_wconf 88' lang='lat' dir='ltr'><strong>initio</strong></span> <span class='ocrx_word' id='word_1_49' title='bbox 1730 775 1799 830; x_wconf 76' lang='lat'><strong>52</strong></span> <span class='ocrx_word' id='word_1_50' title='bbox 1854 773 1944 829; x_wconf 88' lang='lat' dir='ltr'><strong>sui</strong></span> 
     </span>
    </p>
   </div>
   <div class='ocr_carea' id='block_1_10' title="bbox 345 869 1946 942">
    <p class='ocr_par' dir='ltr' id='par_1_10' title="bbox 345 869 1946 942">
     <span class='ocr_line' id='line_1_10' title="bbox 345 869 1946 942; baseline -0.004 -14"><span class='ocrx_word' id='word_1_51' title='bbox 345 889 466 940; x_wconf 86' lang='lat' dir='ltr'><strong>cap.</strong></span> <span class='ocrx_word' id='word_1_52' title='bbox 502 873 555 925; x_wconf 87' lang='lat' dir='ltr'><strong>in</strong></span> <span class='ocrx_word' id='word_1_53' title='bbox 596 871 680 927; x_wconf 89' lang='lat' dir='ltr'><strong>tit.</strong></span> <span class='ocrx_word' id='word_1_54' title='bbox 722 873 740 924; x_wconf 92' lang='grc'><strong>1</strong></span> <span class='ocrx_word' id='word_1_55' title='bbox 778 872 876 926; x_wconf 81' lang='lat' dir='ltr'><strong>lib.</strong></span> <span class='ocrx_word' id='word_1_56' title='bbox 910 873 943 925; x_wconf 70' lang='lat'><strong>4</strong></span> <span class='ocrx_word' id='word_1_57' title='bbox 978 870 1142 925; x_wconf 89' lang='lat' dir='ltr'><strong>Basil.</strong></span> <span class='ocrx_word' id='word_1_58' title='bbox 1207 869 1381 942; x_wconf 78' lang='lat' dir='ltr'><strong>Legas</strong></span> <span class='ocrx_word' id='word_1_59' title='bbox 1413 880 1593 924; x_wconf 82' lang='lat' dir='ltr'><strong>autem</strong></span> <span class='ocrx_word' id='word_1_60' title='bbox 1637 885 1756 938; x_wconf 85' lang='lat' dir='ltr'><strong>cap.</strong></span> <span class='ocrx_word' id='word_1_61' title='bbox 1784 870 1818 924; x_wconf 90' lang='grc'><strong>5</strong></span> <span class='ocrx_word' id='word_1_62' title='bbox 1845 869 1946 922; x_wconf 81' lang='lat' dir='ltr'><strong>hu-</strong></span> 
     </span>
    </p>
   </div>
   <div class='ocr_carea' id='block_1_11' title="bbox 346 963 1946 1035">
    <p class='ocr_par' dir='ltr' id='par_1_11' title="bbox 346 963 1946 1035">
     <span class='ocr_line' id='line_1_11' title="bbox 346 963 1946 1035; baseline 0 -18"><span class='ocrx_word' id='word_1_63' title='bbox 346 966 441 1035; x_wconf 86' lang='lat' dir='ltr'><strong>jus</strong></span> <span class='ocrx_word' id='word_1_64' title='bbox 495 966 579 1018; x_wconf 90' lang='lat' dir='ltr'><strong>tit.</strong></span> <span class='ocrx_word' id='word_1_65' title='bbox 632 967 746 1019; x_wconf 86' lang='lat' dir='ltr'><strong>sive</strong></span> <span class='ocrx_word' id='word_1_66' title='bbox 798 966 1025 1019; x_wconf 71' lang='lat' dir='ltr'><strong>novellze</strong></span> <span class='ocrx_word' id='word_1_67' title='bbox 1071 979 1196 1035; x_wconf 86' lang='lat' dir='ltr'><strong>cap.</strong></span> <span class='ocrx_word' id='word_1_68' title='bbox 1234 964 1324 1027; x_wconf 68' lang='grc'><strong>54,</strong></span> <span class='ocrx_word' id='word_1_69' title='bbox 1376 963 1522 1033; x_wconf 91' lang='lat' dir='ltr'><strong>quod</strong></span> <span class='ocrx_word' id='word_1_70' title='bbox 1560 964 1829 1019; x_wconf 85' lang='lat' dir='ltr'><strong>insertum</strong></span> <span class='ocrx_word' id='word_1_71' title='bbox 1862 970 1946 1017; x_wconf 88' lang='lat' dir='ltr'><strong>est</strong></span> 
     </span>
    </p>
   </div>
   <div class='ocr_carea' id='block_1_12' title="bbox 347 1058 1946 1131">
    <p class='ocr_par' dir='ltr' id='par_1_12' title="bbox 347 1058 1946 1131">
     <span class='ocr_line' id='line_1_12' title="bbox 347 1058 1946 1131; baseline -0.001 -15"><span class='ocrx_word' id='word_1_72' title='bbox 347 1061 557 1116; x_wconf 85' lang='lat' dir='ltr'><strong>scholio</strong></span> <span class='ocrx_word' id='word_1_73' title='bbox 613 1061 685 1115; x_wconf 66' lang='grc'><strong>52</strong></span> <span class='ocrx_word' id='word_1_74' title='bbox 737 1076 859 1130; x_wconf 86' lang='lat' dir='ltr'><strong>cap.</strong></span> <span class='ocrx_word' id='word_1_75' title='bbox 918 1061 1004 1115; x_wconf 89' lang='lat' dir='ltr'><strong>tit.</strong></span> <span class='ocrx_word' id='word_1_76' title='bbox 1052 1060 1085 1115; x_wconf 91' lang='lat'><strong>9</strong></span> <span class='ocrx_word' id='word_1_77' title='bbox 1134 1061 1419 1131; x_wconf 68' lang='lat' dir='ltr'><strong>praesentis</strong></span> <span class='ocrx_word' id='word_1_78' title='bbox 1463 1060 1665 1131; x_wconf 86' lang='lat' dir='ltr'><strong>operis.</strong></span> <span class='ocrx_word' id='word_1_79' title='bbox 1707 1058 1946 1114; x_wconf 86' lang='lat' dir='ltr'><strong>Proinde</strong></span> 
     </span>
    </p>
   </div>
   <div class='ocr_carea' id='block_1_13' title="bbox 350 1151 1948 1214">
    <p class='ocr_par' dir='ltr' id='par_1_13' title="bbox 350 1151 1948 1214">
     <span class='ocr_line' id='line_1_13' title="bbox 350 1151 1948 1214; baseline 0 -8"><span class='ocrx_word' id='word_1_80' title='bbox 350 1170 418 1207; x_wconf 89' lang='lat' dir='ltr'><strong>ne</strong></span> <span class='ocrx_word' id='word_1_81' title='bbox 472 1154 725 1208; x_wconf 84' lang='lat' dir='ltr'><strong>monachi</strong></span> <span class='ocrx_word' id='word_1_82' title='bbox 785 1163 842 1208; x_wconf 88' lang='lat' dir='ltr'><strong>et</strong></span> <span class='ocrx_word' id='word_1_83' title='bbox 896 1155 1212 1208; x_wconf 70' lang='lat' dir='ltr'><strong>monastrize</strong></span> <span class='ocrx_word' id='word_1_84' title='bbox 1264 1153 1430 1207; x_wconf 80' lang='lat' dir='ltr'><strong>simul</strong></span> <span class='ocrx_word' id='word_1_85' title='bbox 1491 1152 1766 1214; x_wconf 86' lang='lat' dir='ltr'><strong>habiteut‘,</strong></span> <span class='ocrx_word' id='word_1_86' title='bbox 1814 1151 1948 1206; x_wconf 82' lang='lat' dir='ltr'><strong>dicit</strong></span> 
     </span>
    </p>
   </div>
   <div class='ocr_carea' id='block_1_14' title="bbox 347 1243 1944 1315">
    <p class='ocr_par' dir='ltr' id='par_1_14' title="bbox 347 1243 1944 1315">
     <span class='ocr_line' id='line_1_14' title="bbox 347 1243 1944 1315; baseline 0 -18"><span class='ocrx_word' id='word_1_87' title='bbox 347 1245 525 1299; x_wconf 87' lang='lat' dir='ltr'><strong>thema</strong></span> <span class='ocrx_word' id='word_1_88' title='bbox 544 1245 585 1300; x_wconf 73' lang='lat'><strong>.2</strong></span> <span class='ocrx_word' id='word_1_89' title='bbox 615 1260 738 1314; x_wconf 86' lang='lat' dir='ltr'><strong>cap.</strong></span> <span class='ocrx_word' id='word_1_90' title='bbox 776 1244 809 1297; x_wconf 69' lang='grc'><strong>4</strong></span> <span class='ocrx_word' id='word_1_91' title='bbox 864 1246 951 1300; x_wconf 88' lang='lat' dir='ltr'><strong>tit.</strong></span> <span class='ocrx_word' id='word_1_92' title='bbox 1000 1245 1025 1298; x_wconf 89' lang='grc'><strong>1</strong></span> <span class='ocrx_word' id='word_1_93' title='bbox 1060 1246 1152 1299; x_wconf 90' lang='lat' dir='ltr'><strong>Iih.</strong></span> <span class='ocrx_word' id='word_1_94' title='bbox 1187 1261 1237 1298; x_wconf 80' lang='lat' dir='ltr'><strong>IV</strong></span> <span class='ocrx_word' id='word_1_95' title='bbox 1259 1244 1628 1315; x_wconf 84' lang='lat' dir='ltr'><strong>Basil.,&#39;quod</strong></span> <span class='ocrx_word' id='word_1_96' title='bbox 1653 1252 1737 1298; x_wconf 82' lang='lat' dir='ltr'><strong>est</strong></span> <span class='ocrx_word' id='word_1_97' title='bbox 1763 1243 1944 1297; x_wconf 88' lang='lat' dir='ltr'><strong>thema</strong></span> 
     </span>
    </p>
   </div>
   <div class='ocr_carea' id='block_1_15' title="bbox 344 1334 1942 1406">
    <p class='ocr_par' dir='ltr' id='par_1_15' title="bbox 344 1334 1942 1406">
     <span class='ocr_line' id='line_1_15' title="bbox 344 1334 1942 1406; baseline -0.001 -18"><span class='ocrx_word' id='word_1_98' title='bbox 344 1336 379 1388; x_wconf 73' lang='lat'><strong>‘2</strong></span> <span class='ocrx_word' id='word_1_99' title='bbox 429 1352 552 1404; x_wconf 85' lang='lat' dir='ltr'><strong>cap.</strong></span> <span class='ocrx_word' id='word_1_100' title='bbox 611 1336 681 1390; x_wconf 82' lang='lat'><strong>55</strong></span> <span class='ocrx_word' id='word_1_101' title='bbox 709 1337 934 1391; x_wconf 68' lang='lat' dir='ltr'><strong>novellae</strong></span> <span class='ocrx_word' id='word_1_102' title='bbox 988 1336 1313 1392; x_wconf 67' lang='lat' dir='ltr'><strong>Justiniana:</strong></span> <span class='ocrx_word' id='word_1_103' title='bbox 1350 1338 1474 1403; x_wconf 65' lang='lat'><strong>125,</strong></span> <span class='ocrx_word' id='word_1_104' title='bbox 1506 1350 1852 1406; x_wconf 47' lang='lat' dir='ltr'><strong>quaecunque</strong></span> <span class='ocrx_word' id='word_1_105' title='bbox 1888 1334 1942 1387; x_wconf 91' lang='lat' dir='ltr'><strong>in</strong></span> 
     </span>
    </p>
   </div>
   <div class='ocr_carea' id='block_1_16' title="bbox 347 1427 1945 1499">
    <p class='ocr_par' dir='ltr' id='par_1_16' title="bbox 347 1427 1945 1499">
     <span class='ocr_line' id='line_1_16' title="bbox 347 1427 1945 1499; baseline -0.001 -17"><span class='ocrx_word' id='word_1_106' title='bbox 347 1438 493 1482; x_wconf 80' lang='lat' dir='ltr'><strong>textu</strong></span> <span class='ocrx_word' id='word_1_107' title='bbox 530 1428 921 1495; x_wconf 84' lang='lat' dir='ltr'><strong>compendiose</strong></span> <span class='ocrx_word' id='word_1_108' title='bbox 973 1430 1250 1499; x_wconf 88' lang='lat' dir='ltr'><strong>proposita</strong></span> <span class='ocrx_word' id='word_1_109' title='bbox 1286 1437 1435 1483; x_wconf 87' lang='lat' dir='ltr'><strong>sunt.</strong></span> <span class='ocrx_word' id='word_1_110' title='bbox 1484 1429 1556 1483; x_wconf 92' lang='lat' dir='ltr'><strong>De</strong></span> <span class='ocrx_word' id='word_1_111' title='bbox 1598 1428 1666 1482; x_wconf 92' lang='lat' dir='ltr'><strong>iis</strong></span> <span class='ocrx_word' id='word_1_112' title='bbox 1714 1427 1806 1497; x_wconf 85' lang='lat' dir='ltr'><strong>qui</strong></span> <span class='ocrx_word' id='word_1_113' title='bbox 1841 1427 1945 1482; x_wconf 87' lang='lat' dir='ltr'><strong>sub</strong></span> 
     </span>
    </p>
   </div>
   <div class='ocr_carea' id='block_1_17' title="bbox 344 1521 1942 1592">
    <p class='ocr_par' dir='ltr' id='par_1_17' title="bbox 344 1521 1942 1592">
     <span class='ocr_line' id='line_1_17' title="bbox 344 1521 1942 1592; baseline -0.002 -16"><span class='ocrx_word' id='word_1_114' title='bbox 344 1523 661 1577; x_wconf 88' lang='lat' dir='ltr'><strong>comlitione</strong></span> <span class='ocrx_word' id='word_1_115' title='bbox 723 1523 1063 1577; x_wconf 88' lang='lat' dir='ltr'><strong>matrimonii</strong></span> <span class='ocrx_word' id='word_1_116' title='bbox 1135 1531 1232 1577; x_wconf 87' lang='lat' dir='ltr'><strong>aut</strong></span> <span class='ocrx_word' id='word_1_117' title='bbox 1294 1538 1402 1577; x_wconf 84' lang='lat' dir='ltr'><strong>nun</strong></span> <span class='ocrx_word' id='word_1_118' title='bbox 1463 1521 1942 1592; x_wconf 84' lang='lat' dir='ltr'><strong>suscipiendorum</strong></span> 
     </span>
    </p>
   </div>
   <div class='ocr_carea' id='block_1_18' title="bbox 343 1614 1939 1685">
    <p class='ocr_par' dir='ltr' id='par_1_18' title="bbox 343 1614 1939 1685">
     <span class='ocr_line' id='line_1_18' title="bbox 343 1614 1939 1685; baseline -0.001 -16"><span class='ocrx_word' id='word_1_119' title='bbox 343 1616 647 1669; x_wconf 86' lang='lat' dir='ltr'><strong>liberorum</strong></span> <span class='ocrx_word' id='word_1_120' title='bbox 708 1615 886 1685; x_wconf 79' lang='lat' dir='ltr'><strong>legato</strong></span> <span class='ocrx_word' id='word_1_121' title='bbox 950 1616 1033 1670; x_wconf 90' lang='lat' dir='ltr'><strong>vel</strong></span> <span class='ocrx_word' id='word_1_122' title='bbox 1105 1614 1451 1670; x_wconf 83' lang='lat' dir='ltr'><strong>restitutione</strong></span> <span class='ocrx_word' id='word_1_123' title='bbox 1517 1614 1724 1685; x_wconf 82' lang='lat' dir='ltr'><strong>gravati</strong></span> <span class='ocrx_word' id='word_1_124' title='bbox 1781 1623 1939 1680; x_wconf 87' lang='lat' dir='ltr'><strong>sunt,</strong></span> 
     </span>
    </p>
   </div>
   <div class='ocr_carea' id='block_1_19' title="bbox 341 1707 1937 1779">
    <p class='ocr_par' dir='ltr' id='par_1_19' title="bbox 341 1707 1937 1779">
     <span class='ocr_line' id='line_1_19' title="bbox 341 1707 1937 1779; baseline -0.003 -14"><span class='ocrx_word' id='word_1_125' title='bbox 341 1709 732 1779; x_wconf 88' lang='lat' dir='ltr'><strong>compendiose</strong></span> <span class='ocrx_word' id='word_1_126' title='bbox 796 1710 1083 1779; x_wconf 82' lang='lat' dir='ltr'><strong>preposuit</strong></span> <span class='ocrx_word' id='word_1_127' title='bbox 1148 1709 1483 1779; x_wconf 86' lang='lat' dir='ltr'><strong>patriarcha,</strong></span> <span class='ocrx_word' id='word_1_128' title='bbox 1554 1710 1698 1763; x_wconf 88' lang='lat' dir='ltr'><strong>circa</strong></span> <span class='ocrx_word' id='word_1_129' title='bbox 1772 1707 1937 1763; x_wconf 85' lang='lat' dir='ltr'><strong>tinem</strong></span> 
     </span>
    </p>
   </div>
   <div class='ocr_carea' id='block_1_20' title="bbox 2049 491 3634 567">
    <p class='ocr_par' dir='ltr' id='par_1_20' title="bbox 2049 491 3634 567">
     <span class='ocr_line' id='line_1_20' title="bbox 2049 491 3634 567; baseline -0.001 -20"><span class='ocrx_word' id='word_1_130' title='bbox 2049 495 2156 561; x_wconf 73' lang='grc' dir='ltr'>σὶν,</span> <span class='ocrx_word' id='word_1_131' title='bbox 2182 510 2235 549; x_wconf 92' lang='grc' dir='ltr'>κ.</span> <span class='ocrx_word' id='word_1_132' title='bbox 2264 492 2407 559; x_wconf 90' lang='grc' dir='ltr'>τ.λ.,</span> <span class='ocrx_word' id='word_1_133' title='bbox 2438 507 2614 563; x_wconf 87' lang='lat' dir='ltr'><strong>usque</strong></span> <span class='ocrx_word' id='word_1_134' title='bbox 2638 491 2704 547; x_wconf 86' lang='lat' dir='ltr'><strong>ad</strong></span> <span class='ocrx_word' id='word_1_135' title='bbox 2725 494 2773 545; x_wconf 78' lang='lat' dir='ltr'><strong>et</strong></span> <span class='ocrx_word' id='word_1_136' title='bbox 2803 493 2878 565; x_wconf 81' lang='grc' dir='ltr'>μὴ</span> <span class='ocrx_word' id='word_1_137' title='bbox 2901 492 3042 547; x_wconf 78' lang='grc' dir='ltr'>ἑκών</span> <span class='ocrx_word' id='word_1_138' title='bbox 3064 510 3149 557; x_wconf 90' lang='grc' dir='ltr'><strong>τις</strong></span> <span class='ocrx_word' id='word_1_139' title='bbox 3171 493 3248 567; x_wconf 83' lang='grc' dir='ltr'>τῷ</span> <span class='ocrx_word' id='word_1_140' title='bbox 3270 494 3441 566; x_wconf 80' lang='grc' dir='ltr'><strong>ἑτέρῳ</strong></span> <span class='ocrx_word' id='word_1_141' title='bbox 3464 494 3634 567; x_wconf 85' lang='grc' dir='ltr'>δωρή-</span> 
     </span>
    </p>
   </div>
   <div class='ocr_carea' id='block_1_21' title="bbox 2047 604 2227 658">
    <p class='ocr_par' dir='ltr' id='par_1_21' title="bbox 2047 604 2227 658">
     <span class='ocr_line' id='line_1_21' title="bbox 2047 604 2227 658; baseline 0.017 -18"><span class='ocrx_word' id='word_1_142' title='bbox 2047 604 2227 658; x_wconf 86' lang='grc' dir='ltr'>σηται.</span> 
     </span>
    </p>
   </div>
   <div class='ocr_carea' id='block_1_22' title="bbox 2116 677 3634 750">
    <p class='ocr_par' dir='ltr' id='par_1_22' title="bbox 2116 677 3634 750">
     <span class='ocr_line' id='line_1_22' title="bbox 2116 677 3634 750; baseline 0.001 -16"><span class='ocrx_word' id='word_1_143' title='bbox 2116 680 2397 750; x_wconf 76' lang='grc' dir='ltr'>Σχόλιον.</span> <span class='ocrx_word' id='word_1_144' title='bbox 2436 678 2500 733; x_wconf 85' lang='grc' dir='ltr'><em>Ἢ</em></span> <span class='ocrx_word' id='word_1_145' title='bbox 2528 677 2573 748; x_wconf 86' lang='grc' dir='ltr'>β’</span> <span class='ocrx_word' id='word_1_146' title='bbox 2597 679 2739 733; x_wconf 83' lang='grc' dir='ltr'>διάτ.</span> <span class='ocrx_word' id='word_1_147' title='bbox 2772 677 2868 733; x_wconf 83' lang='grc' dir='ltr'>τοῦ</span> <span class='ocrx_word' id='word_1_148' title='bbox 2898 685 2947 734; x_wconf 90' lang='grc' dir='ltr'>α’</span> <span class='ocrx_word' id='word_1_149' title='bbox 2970 679 3078 733; x_wconf 87' lang='grc' dir='ltr'>τίτ.</span> <span class='ocrx_word' id='word_1_150' title='bbox 3104 679 3212 733; x_wconf 81' lang='grc' dir='ltr'><strong>τῶν</strong></span> <span class='ocrx_word' id='word_1_151' title='bbox 3242 679 3493 750; x_wconf 84' lang='grc' dir='ltr'>Νεαρῶν,</span> <span class='ocrx_word' id='word_1_152' title='bbox 3525 679 3634 735; x_wconf 78' lang='grc' dir='ltr'>ἐστι</span> 
     </span>
    </p>
   </div>
   <div class='ocr_carea' id='block_1_23' title="bbox 2044 771 3634 843">
    <p class='ocr_par' dir='ltr' id='par_1_23' title="bbox 2044 771 3634 843">
     <span class='ocr_line' id='line_1_23' title="bbox 2044 771 3634 843; baseline 0.001 -18"><span class='ocrx_word' id='word_1_153' title='bbox 2044 773 2216 843; x_wconf 84' lang='grc' dir='ltr'>νεαρὰ</span> <span class='ocrx_word' id='word_1_154' title='bbox 2259 772 2693 835; x_wconf 86' lang='grc' dir='ltr'>Ἰουστινιόινειος</span> <span class='ocrx_word' id='word_1_155' title='bbox 2725 776 2847 842; x_wconf 76' lang='grc' dir='ltr'>ρκγ¹</span> <span class='ocrx_word' id='word_1_156' title='bbox 2872 772 2967 824; x_wconf 76' lang='grc' dir='ltr'>καὶ</span> <span class='ocrx_word' id='word_1_157' title='bbox 3033 771 3192 841; x_wconf 73' lang='grc' dir='ltr'>ἐτέθη</span> <span class='ocrx_word' id='word_1_158' title='bbox 3222 773 3315 824; x_wconf 82' lang='grc' dir='ltr'><strong>ἀπ’</strong></span> <span class='ocrx_word' id='word_1_159' title='bbox 3339 773 3514 843; x_wconf 74' lang='grc' dir='ltr'>ἀρχῆς</span> <span class='ocrx_word' id='word_1_160' title='bbox 3543 772 3634 827; x_wconf 79' lang='grc' dir='ltr'><strong>τοῦ</strong></span> 
     </span>
    </p>
   </div>
   <div class='ocr_carea' id='block_1_24' title="bbox 2046 859 3636 931">
    <p class='ocr_par' dir='ltr' id='par_1_24' title="bbox 2046 859 3636 931">
     <span class='ocr_line' id='line_1_24' title="bbox 2046 859 3636 931; baseline 0.003 -18"><span class='ocrx_word' id='word_1_161' title='bbox 2046 859 2126 929; x_wconf 82' lang='grc' dir='ltr'>νβ’</span> <span class='ocrx_word' id='word_1_162' title='bbox 2152 877 2278 928; x_wconf 73' lang='grc' dir='ltr'>κεφ.</span> <span class='ocrx_word' id='word_1_163' title='bbox 2313 860 2486 931; x_wconf 85' lang='grc' dir='ltr'>αὐτῆς</span> <span class='ocrx_word' id='word_1_164' title='bbox 2524 861 2603 923; x_wconf 86' lang='grc' dir='ltr'><strong>είς</strong></span> <span class='ocrx_word' id='word_1_165' title='bbox 2630 860 2737 915; x_wconf 89' lang='grc' dir='ltr'>τίτ.</span> <span class='ocrx_word' id='word_1_166' title='bbox 2771 866 2817 913; x_wconf 86' lang='grc' dir='ltr'>α’</span> <span class='ocrx_word' id='word_1_167' title='bbox 2842 861 2937 913; x_wconf 84' lang='grc' dir='ltr'>τοῦ</span> <span class='ocrx_word' id='word_1_168' title='bbox 2978 862 3024 915; x_wconf 83' lang='grc' dir='ltr'>δ’</span> <span class='ocrx_word' id='word_1_169' title='bbox 3051 860 3257 931; x_wconf 88' lang='grc' dir='ltr'>βιϐλίου</span> <span class='ocrx_word' id='word_1_170' title='bbox 3283 862 3390 916; x_wconf 84' lang='grc' dir='ltr'><strong>τῶν</strong></span> <span class='ocrx_word' id='word_1_171' title='bbox 3426 864 3636 918; x_wconf 83' lang='grc' dir='ltr'>Βασιλι-</span> 
     </span>
    </p>
   </div>
   <div class='ocr_carea' id='block_1_25' title="bbox 2047 952 3635 1028">
    <p class='ocr_par' dir='ltr' id='par_1_25' title="bbox 2047 952 3635 1028">
     <span class='ocr_line' id='line_1_25' title="bbox 2047 952 3635 1028; baseline 0.004 -22"><span class='ocrx_word' id='word_1_172' title='bbox 2047 952 2179 1006; x_wconf 85' lang='grc' dir='ltr'>κῶν.</span> <span class='ocrx_word' id='word_1_173' title='bbox 2209 953 2318 1006; x_wconf 75' lang='grc' dir='ltr'><strong>Καὶ</strong></span> <span class='ocrx_word' id='word_1_174' title='bbox 2352 952 2631 1023; x_wconf 85' lang='grc' dir='ltr'>ἀνάγνωθι</span> <span class='ocrx_word' id='word_1_175' title='bbox 2655 953 2716 1006; x_wconf 87' lang='grc' dir='ltr'><strong>τὺ</strong></span> <span class='ocrx_word' id='word_1_176' title='bbox 2743 960 2793 1020; x_wconf 78' lang='grc' dir='ltr'>γ’</span> <span class='ocrx_word' id='word_1_177' title='bbox 2825 970 2951 1022; x_wconf 83' lang='grc' dir='ltr'>κεφ.</span> <span class='ocrx_word' id='word_1_178' title='bbox 2974 953 3069 1007; x_wconf 83' lang='grc' dir='ltr'>τοῦ</span> <span class='ocrx_word' id='word_1_179' title='bbox 3103 956 3345 1009; x_wconf 84' lang='grc' dir='ltr'>τοιούτου</span> <span class='ocrx_word' id='word_1_180' title='bbox 3380 958 3484 1011; x_wconf 89' lang='grc' dir='ltr'>τίτ.</span> <span class='ocrx_word' id='word_1_181' title='bbox 3520 959 3635 1028; x_wconf 77' lang='grc' dir='ltr'>ἦτοι</span> 
     </span>
    </p>
   </div>
   <div class='ocr_carea' id='block_1_26' title="bbox 2045 1040 3631 1118">
    <p class='ocr_par' dir='ltr' id='par_1_26' title="bbox 2045 1040 3631 1118">
     <span class='ocr_line' id='line_1_26' title="bbox 2045 1040 3631 1118; baseline 0.004 -23"><span class='ocrx_word' id='word_1_182' title='bbox 2045 1060 2172 1110; x_wconf 85' lang='grc' dir='ltr'>κεφ.</span> <span class='ocrx_word' id='word_1_183' title='bbox 2192 1040 2275 1107; x_wconf 21' lang='grc' dir='ltr'>ννδ¹</span> <span class='ocrx_word' id='word_1_184' title='bbox 2307 1043 2405 1113; x_wconf 85' lang='grc' dir='ltr'>τῆς</span> <span class='ocrx_word' id='word_1_185' title='bbox 2449 1044 2657 1114; x_wconf 81' lang='grc' dir='ltr'>νεαρᾶς</span> <span class='ocrx_word' id='word_1_186' title='bbox 2683 1044 3072 1115; x_wconf 81' lang='grc' dir='ltr'>καταστρωθὲν</span> <span class='ocrx_word' id='word_1_187' title='bbox 3107 1048 3190 1107; x_wconf 78' lang='grc' dir='ltr'><strong>εἰς</strong></span> <span class='ocrx_word' id='word_1_188' title='bbox 3218 1046 3279 1100; x_wconf 86' lang='grc' dir='ltr'>τὸ</span> <span class='ocrx_word' id='word_1_189' title='bbox 3305 1048 3518 1118; x_wconf 87' lang='grc' dir='ltr'>σχόλιον</span> <span class='ocrx_word' id='word_1_190' title='bbox 3540 1048 3631 1103; x_wconf 83' lang='grc' dir='ltr'>τοῦ</span> 
     </span>
    </p>
   </div>
   <div class='ocr_carea' id='block_1_27' title="bbox 2044 1134 3636 1215">
    <p class='ocr_par' dir='ltr' id='par_1_27' title="bbox 2044 1134 3636 1215">
     <span class='ocr_line' id='line_1_27' title="bbox 2044 1134 3636 1215; baseline 0.005 -28"><span class='ocrx_word' id='word_1_191' title='bbox 2044 1134 2125 1205; x_wconf 79' lang='grc' dir='ltr'>λβ¹</span> <span class='ocrx_word' id='word_1_192' title='bbox 2157 1154 2284 1205; x_wconf 79' lang='grc' dir='ltr'>κεφ.</span> <span class='ocrx_word' id='word_1_193' title='bbox 2314 1135 2409 1190; x_wconf 78' lang='grc' dir='ltr'><strong>τοῦ</strong></span> <span class='ocrx_word' id='word_1_194' title='bbox 2445 1135 2490 1189; x_wconf 80' lang='grc' dir='ltr'>θ’</span> <span class='ocrx_word' id='word_1_195' title='bbox 2510 1137 2617 1191; x_wconf 87' lang='grc' dir='ltr'>τίτ.</span> <span class='ocrx_word' id='word_1_196' title='bbox 2646 1136 2742 1190; x_wconf 80' lang='grc' dir='ltr'>τοῦ</span> <span class='ocrx_word' id='word_1_197' title='bbox 2772 1137 3044 1209; x_wconf 81' lang='grc' dir='ltr'><strong>παρόντος</strong></span> <span class='ocrx_word' id='word_1_198' title='bbox 3073 1143 3475 1211; x_wconf 81' lang='grc' dir='ltr'>συντάγματος.</span> <span class='ocrx_word' id='word_1_199' title='bbox 3504 1143 3636 1215; x_wconf 80' lang='grc' dir='ltr'>Περὶ</span> 
     </span>
    </p>
   </div>
   <div class='ocr_carea' id='block_1_28' title="bbox 2044 1227 3633 1307">
    <p class='ocr_par' dir='ltr' id='par_1_28' title="bbox 2044 1227 3633 1307">
     <span class='ocr_line' id='line_1_28' title="bbox 2044 1227 3633 1307; baseline 0.005 -25"><span class='ocrx_word' id='word_1_200' title='bbox 2044 1230 2100 1283; x_wconf 85' lang='grc' dir='ltr'>δὲ</span> <span class='ocrx_word' id='word_1_201' title='bbox 2127 1227 2219 1282; x_wconf 83' lang='grc' dir='ltr'>τοῦ</span> <span class='ocrx_word' id='word_1_202' title='bbox 2248 1229 2322 1301; x_wconf 85' lang='grc' dir='ltr'>μὴ</span> <span class='ocrx_word' id='word_1_203' title='bbox 2358 1230 2527 1283; x_wconf 81' lang='grc' dir='ltr'><strong>οἰκεῖν</strong></span> <span class='ocrx_word' id='word_1_204' title='bbox 2578 1229 2697 1299; x_wconf 71' lang='grc' dir='ltr'>ἅμα</span> <span class='ocrx_word' id='word_1_205' title='bbox 2740 1230 2868 1294; x_wconf 75' lang='grc' dir='ltr'>τοὺς</span> <span class='ocrx_word' id='word_1_206' title='bbox 2906 1232 3175 1302; x_wconf 80' lang='grc' dir='ltr'>μοναχοὺς</span> <span class='ocrx_word' id='word_1_207' title='bbox 3218 1234 3314 1287; x_wconf 74' lang='grc' dir='ltr'>καὶ</span> <span class='ocrx_word' id='word_1_208' title='bbox 3343 1234 3445 1297; x_wconf 75' lang='grc' dir='ltr'>τὰς</span> <span class='ocrx_word' id='word_1_209' title='bbox 3474 1253 3633 1307; x_wconf 88' lang='grc' dir='ltr'>μονα-</span> 
     </span>
    </p>
   </div>
   <div class='ocr_carea' id='block_1_29' title="bbox 2046 1321 3634 1395">
    <p class='ocr_par' dir='ltr' id='par_1_29' title="bbox 2046 1321 3634 1395">
     <span class='ocr_line' id='line_1_29' title="bbox 2046 1321 3634 1395; baseline 0.004 -19"><span class='ocrx_word' id='word_1_210' title='bbox 2046 1323 2258 1391; x_wconf 84' lang='grc' dir='ltr'>στρίας,</span> <span class='ocrx_word' id='word_1_211' title='bbox 2290 1323 2424 1392; x_wconf 80' lang='grc' dir='ltr'>φησὶ</span> <span class='ocrx_word' id='word_1_212' title='bbox 2451 1322 2511 1375; x_wconf 77' lang='grc' dir='ltr'>τὸ</span> <span class='ocrx_word' id='word_1_213' title='bbox 2543 1322 2589 1392; x_wconf 81' lang='grc' dir='ltr'>β’</span> <span class='ocrx_word' id='word_1_214' title='bbox 2632 1321 2773 1394; x_wconf 85' lang='grc' dir='ltr'>θέμα</span> <span class='ocrx_word' id='word_1_215' title='bbox 2819 1323 2975 1377; x_wconf 82' lang='grc' dir='ltr'>τοῦδ’</span> <span class='ocrx_word' id='word_1_216' title='bbox 3007 1342 3134 1395; x_wconf 84' lang='grc' dir='ltr'>κεφ.</span> <span class='ocrx_word' id='word_1_217' title='bbox 3187 1325 3281 1380; x_wconf 83' lang='grc' dir='ltr'>τοῦ</span> <span class='ocrx_word' id='word_1_218' title='bbox 3305 1333 3354 1380; x_wconf 87' lang='grc' dir='ltr'>α’</span> <span class='ocrx_word' id='word_1_219' title='bbox 3377 1327 3483 1382; x_wconf 88' lang='grc' dir='ltr'>τίτ.</span> <span class='ocrx_word' id='word_1_220' title='bbox 3546 1328 3634 1382; x_wconf 77' lang='grc' dir='ltr'><strong>τοῦ</strong></span> 
     </span>
    </p>
   </div>
   <div class='ocr_carea' id='block_1_30' title="bbox 2043 1414 3637 1490">
    <p class='ocr_par' dir='ltr' id='par_1_30' title="bbox 2043 1414 3637 1490">
     <span class='ocr_line' id='line_1_30' title="bbox 2043 1414 3637 1490; baseline 0.004 -22"><span class='ocrx_word' id='word_1_221' title='bbox 2043 1416 2085 1468; x_wconf 87' lang='grc' dir='ltr'>δ’</span> <span class='ocrx_word' id='word_1_222' title='bbox 2131 1416 2336 1485; x_wconf 82' lang='grc' dir='ltr'>βιϐλίου</span> <span class='ocrx_word' id='word_1_223' title='bbox 2353 1415 2460 1469; x_wconf 84' lang='grc' dir='ltr'><strong>τῶν</strong></span> <span class='ocrx_word' id='word_1_224' title='bbox 2493 1416 2803 1470; x_wconf 84' lang='grc' dir='ltr'>Βασιλικῶν</span> <span class='ocrx_word' id='word_1_225' title='bbox 2826 1414 2970 1487; x_wconf 85' lang='grc' dir='ltr'>θέμα</span> <span class='ocrx_word' id='word_1_226' title='bbox 2996 1416 3039 1487; x_wconf 89' lang='grc' dir='ltr'>β’</span> <span class='ocrx_word' id='word_1_227' title='bbox 3071 1417 3132 1471; x_wconf 83' lang='grc' dir='ltr'>ὃν</span> <span class='ocrx_word' id='word_1_228' title='bbox 3157 1417 3251 1471; x_wconf 80' lang='grc' dir='ltr'>τοῦ</span> <span class='ocrx_word' id='word_1_229' title='bbox 3285 1417 3360 1472; x_wconf 79' lang='lat' dir='ltr'><strong>vs’</strong></span> <span class='ocrx_word' id='word_1_230' title='bbox 3388 1437 3513 1489; x_wconf 83' lang='grc' dir='ltr'>κεφ.</span> <span class='ocrx_word' id='word_1_231' title='bbox 3545 1422 3637 1490; x_wconf 83' lang='grc' dir='ltr'><strong>τῆς</strong></span> 
     </span>
    </p>
   </div>
   <div class='ocr_carea' id='block_1_31' title="bbox 2047 1510 3635 1585">
    <p class='ocr_par' dir='ltr' id='par_1_31' title="bbox 2047 1510 3635 1585">
     <span class='ocr_line' id='line_1_31' title="bbox 2047 1510 3635 1585; baseline 0.003 -19"><span class='ocrx_word' id='word_1_232' title='bbox 2047 1510 2166 1584; x_wconf 81' lang='grc' dir='ltr'>ρκγ¹</span> <span class='ocrx_word' id='word_1_233' title='bbox 2206 1512 2639 1567; x_wconf 87' lang='grc' dir='ltr'>Ἰουστινιανείου</span> <span class='ocrx_word' id='word_1_234' title='bbox 2666 1514 2870 1584; x_wconf 74' lang='grc' dir='ltr'>νεαρᾶς</span> <span class='ocrx_word' id='word_1_235' title='bbox 2903 1515 3003 1567; x_wconf 86' lang='grc' dir='ltr'>ὅσα</span> <span class='ocrx_word' id='word_1_236' title='bbox 3036 1515 3118 1578; x_wconf 80' lang='grc' dir='ltr'>εἰς</span> <span class='ocrx_word' id='word_1_237' title='bbox 3146 1515 3206 1568; x_wconf 85' lang='grc' dir='ltr'>τὸ</span> <span class='ocrx_word' id='word_1_238' title='bbox 3230 1515 3489 1585; x_wconf 81' lang='grc' dir='ltr'>κείμενον</span> <span class='ocrx_word' id='word_1_239' title='bbox 3518 1534 3635 1570; x_wconf 88' lang='grc' dir='ltr'>συν-</span> 
     </span>
    </p>
   </div>
   <div class='ocr_carea' id='block_1_32' title="bbox 2041 1601 3634 1678">
    <p class='ocr_par' dir='ltr' id='par_1_32' title="bbox 2041 1601 3634 1678">
     <span class='ocr_line' id='line_1_32' title="bbox 2041 1601 3634 1678; baseline 0.002 -22"><span class='ocrx_word' id='word_1_240' title='bbox 2041 1601 2384 1672; x_wconf 83' lang='grc' dir='ltr'>ωψίσθησαν.</span> <span class='ocrx_word' id='word_1_241' title='bbox 2415 1604 2549 1674; x_wconf 75' lang='grc' dir='ltr'>Περὶ</span> <span class='ocrx_word' id='word_1_242' title='bbox 2574 1603 2631 1656; x_wconf 83' lang='grc' dir='ltr'>δὲ</span> <span class='ocrx_word' id='word_1_243' title='bbox 2686 1603 2797 1656; x_wconf 83' lang='grc' dir='ltr'>τῶν</span> <span class='ocrx_word' id='word_1_244' title='bbox 2848 1602 3244 1675; x_wconf 84' lang='grc' dir='ltr'>βεϐαρημένων</span> <span class='ocrx_word' id='word_1_245' title='bbox 3300 1606 3634 1678; x_wconf 82' lang='grc' dir='ltr'>ληγάτων,ἢ</span> 
     </span>
    </p>
   </div>
   <div class='ocr_carea' id='block_1_33' title="bbox 2042 1694 3638 1768">
    <p class='ocr_par' dir='ltr' id='par_1_33' title="bbox 2042 1694 3638 1768">
     <span class='ocr_line' id='line_1_33' title="bbox 2042 1694 3638 1768; baseline 0.004 -21"><span class='ocrx_word' id='word_1_246' title='bbox 2042 1694 2487 1748; x_wconf 82' lang='grc' dir='ltr'>ἀποκαταστάσει</span> <span class='ocrx_word' id='word_1_247' title='bbox 2521 1695 2626 1748; x_wconf 83' lang='grc' dir='ltr'><strong>ὑπὸ</strong></span> <span class='ocrx_word' id='word_1_248' title='bbox 2653 1695 2867 1767; x_wconf 82' lang='grc' dir='ltr'>αἵρεσιν</span> <span class='ocrx_word' id='word_1_249' title='bbox 2911 1696 3093 1766; x_wconf 84' lang='grc' dir='ltr'>γάμου</span> <span class='ocrx_word' id='word_1_250' title='bbox 3128 1698 3161 1768; x_wconf 80' lang='grc' dir='ltr'>ἢ</span> <span class='ocrx_word' id='word_1_251' title='bbox 3194 1698 3474 1763; x_wconf 75' lang='grc' dir='ltr'><strong>ἀπαιδίας,</strong></span> <span class='ocrx_word' id='word_1_252' title='bbox 3516 1717 3638 1755; x_wconf 74' lang='grc' dir='ltr'>συνο</span> 
     </span>
    </p>
   </div>
   <div class='ocr_carea' id='block_1_34' title="bbox 342 1783 1937 1869">
    <p class='ocr_par' dir='ltr' id='par_1_34' title="bbox 342 1792 1934 1869">
     <span class='ocr_line' id='line_1_34' title="bbox 342 1792 1934 1869; baseline 0.001 -18"><span class='ocrx_word' id='word_1_253' title='bbox 342 1815 468 1869; x_wconf 87' lang='lat' dir='ltr'><strong>cap.</strong></span> <span class='ocrx_word' id='word_1_254' title='bbox 504 1801 528 1853; x_wconf 88' lang='grc'><strong>1</strong></span> <span class='ocrx_word' id='word_1_255' title='bbox 566 1802 651 1854; x_wconf 87' lang='lat' dir='ltr'><strong>tit.</strong></span> <span class='ocrx_word' id='word_1_256' title='bbox 678 1800 714 1855; x_wconf 72' lang='lat'><strong>2</strong></span> <span class='ocrx_word' id='word_1_257' title='bbox 752 1801 1041 1869; x_wconf 80' lang='lat' dir='ltr'><strong>praesentis</strong></span> <span class='ocrx_word' id='word_1_258' title='bbox 1097 1801 1303 1869; x_wconf 85' lang='lat' dir='ltr'><strong>Operis,</strong></span> <span class='ocrx_word' id='word_1_259' title='bbox 1342 1792 1609 1855; x_wconf 83' lang='lat' dir='ltr'><strong>novellam</strong></span> <span class='ocrx_word' id='word_1_260' title='bbox 1639 1799 1934 1855; x_wconf 87' lang='lat' dir='ltr'><strong>Justiniani</strong></span> 
     </span>
    </p>
   </div>
   <div class='ocr_carea' id='block_1_35' title="bbox 2057 1783 3633 1869">
    <p class='ocr_par' dir='ltr' id='par_1_35' title="bbox 2057 1786 3633 1860">
     <span class='ocr_line' id='line_1_35' title="bbox 2057 1786 3633 1860; baseline 0.004 -21"><span class='ocrx_word' id='word_1_261' title='bbox 2057 1786 2244 1856; x_wconf 76' lang='grc' dir='ltr'>υψίσεν</span> <span class='ocrx_word' id='word_1_262' title='bbox 2269 1790 2297 1841; x_wconf 90' lang='grc' dir='ltr'><strong>ό</strong></span> <span class='ocrx_word' id='word_1_263' title='bbox 2320 1788 2671 1859; x_wconf 78' lang='grc' dir='ltr'><strong>πατριάρχης</strong></span> <span class='ocrx_word' id='word_1_264' title='bbox 2724 1788 2852 1858; x_wconf 75' lang='grc' dir='ltr'>περὶ</span> <span class='ocrx_word' id='word_1_265' title='bbox 2879 1789 2947 1842; x_wconf 75' lang='grc' dir='ltr'><strong>τὰ</strong></span> <span class='ocrx_word' id='word_1_266' title='bbox 2970 1788 3102 1860; x_wconf 88' lang='grc' dir='ltr'>τέλη</span> <span class='ocrx_word' id='word_1_267' title='bbox 3156 1790 3251 1844; x_wconf 77' lang='grc' dir='ltr'>τοῦ</span> <span class='ocrx_word' id='word_1_268' title='bbox 3278 1798 3329 1845; x_wconf 89' lang='grc' dir='ltr'>α’</span> <span class='ocrx_word' id='word_1_269' title='bbox 3365 1808 3492 1860; x_wconf 82' lang='grc' dir='ltr'>κεφ.</span> <span class='ocrx_word' id='word_1_270' title='bbox 3542 1792 3633 1846; x_wconf 79' lang='grc' dir='ltr'><strong>τοῦ</strong></span> 
     </span>
    </p>
   </div>
   <div class='ocr_carea' id='block_1_36' title="bbox 342 1890 1935 1962">
    <p class='ocr_par' dir='ltr' id='par_1_36' title="bbox 342 1890 1935 1962">
     <span class='ocr_line' id='line_1_36' title="bbox 342 1890 1935 1962; baseline -0.001 -17"><span class='ocrx_word' id='word_1_271' title='bbox 342 1892 463 1958; x_wconf 69' lang='grc'><strong>125,</strong></span> <span class='ocrx_word' id='word_1_272' title='bbox 508 1891 625 1946; x_wconf 83' lang='lat' dir='ltr'><strong>sive</strong></span> <span class='ocrx_word' id='word_1_273' title='bbox 668 1893 701 1945; x_wconf 81' lang='grc'><strong>5</strong></span> <span class='ocrx_word' id='word_1_274' title='bbox 746 1907 869 1962; x_wconf 84' lang='lat' dir='ltr'><strong>cap.</strong></span> <span class='ocrx_word' id='word_1_275' title='bbox 912 1892 999 1946; x_wconf 86' lang='lat' dir='ltr'><strong>tit.</strong></span> <span class='ocrx_word' id='word_1_276' title='bbox 1047 1893 1071 1946; x_wconf 86' lang='grc'><strong>1</strong></span> <span class='ocrx_word' id='word_1_277' title='bbox 1110 1892 1205 1948; x_wconf 89' lang='lat' dir='ltr'><strong>lib.</strong></span> <span class='ocrx_word' id='word_1_278' title='bbox 1266 1909 1321 1947; x_wconf 83' lang='lat' dir='ltr'><strong>tv</strong></span> <span class='ocrx_word' id='word_1_279' title='bbox 1364 1892 1554 1954; x_wconf 88' lang='lat' dir='ltr'><strong>Basil.,</strong></span> <span class='ocrx_word' id='word_1_280' title='bbox 1588 1890 1737 1961; x_wconf 82' lang='lat' dir='ltr'><strong>quod</strong></span> <span class='ocrx_word' id='word_1_281' title='bbox 1768 1891 1935 1960; x_wconf 75' lang='lat' dir='ltr'><strong>legas,</strong></span> 
     </span>
    </p>
   </div>
   <div class='ocr_carea' id='block_1_37' title="bbox 340 1981 1935 2053">
    <p class='ocr_par' dir='ltr' id='par_1_37' title="bbox 340 1981 1935 2053">
     <span class='ocr_line' id='line_1_37' title="bbox 340 1981 1935 2053; baseline 0.001 -18"><span class='ocrx_word' id='word_1_282' title='bbox 340 1990 505 2050; x_wconf 80' lang='lat' dir='ltr'><strong>atque</strong></span> <span class='ocrx_word' id='word_1_283' title='bbox 539 1983 763 2051; x_wconf 83' lang='lat' dir='ltr'><strong>insuper</strong></span> <span class='ocrx_word' id='word_1_284' title='bbox 793 1998 917 2052; x_wconf 60' lang='lat' dir='ltr'><strong>qua;</strong></span> <span class='ocrx_word' id='word_1_285' title='bbox 950 1982 1036 2037; x_wconf 88' lang='lat' dir='ltr'><strong>hic</strong></span> <span class='ocrx_word' id='word_1_286' title='bbox 1060 1983 1447 2053; x_wconf 87' lang='lat' dir='ltr'><strong>compendiose</strong></span> <span class='ocrx_word' id='word_1_287' title='bbox 1478 1981 1761 2053; x_wconf 83' lang='lat' dir='ltr'><strong>proposita</strong></span> <span class='ocrx_word' id='word_1_288' title='bbox 1784 1991 1935 2050; x_wconf 83' lang='lat' dir='ltr'><strong>sunt,</strong></span> 
     </span>
    </p>
   </div>
   <div class='ocr_carea' id='block_1_38' title="bbox 339 2072 1215 2143">
    <p class='ocr_par' dir='ltr' id='par_1_38' title="bbox 339 2072 1215 2143">
     <span class='ocr_line' id='line_1_38' title="bbox 339 2072 1215 2143; baseline 0.006 -20"><span class='ocrx_word' id='word_1_289' title='bbox 339 2088 463 2141; x_wconf 74' lang='lat' dir='ltr'><strong>quae</strong></span> <span class='ocrx_word' id='word_1_290' title='bbox 485 2072 727 2141; x_wconf 85' lang='lat' dir='ltr'><strong>ejusdem</strong></span> <span class='ocrx_word' id='word_1_291' title='bbox 754 2088 875 2143; x_wconf 85' lang='lat' dir='ltr'><strong>cap.</strong></span> <span class='ocrx_word' id='word_1_292' title='bbox 913 2088 1041 2143; x_wconf 89' lang='lat' dir='ltr'><strong>pars</strong></span> <span class='ocrx_word' id='word_1_293' title='bbox 1066 2081 1215 2129; x_wconf 88' lang='lat' dir='ltr'><strong>sunt.</strong></span> 
     </span>
    </p>
   </div>
   <div class='ocr_carea' id='block_1_39' title="bbox 412 2348 1941 2426">
    <p class='ocr_par' dir='ltr' id='par_1_39' title="bbox 412 2348 1941 2426">
     <span class='ocr_line' id='line_1_39' title="bbox 412 2348 1941 2426; baseline 0.003 -23"><span class='ocrx_word' id='word_1_294' title='bbox 412 2348 626 2405; x_wconf 68' lang='lat' dir='ltr'><strong>Tcxtus.</strong></span> <span class='ocrx_word' id='word_1_295' title='bbox 644 2349 778 2417; x_wconf 84' lang='lat' dir='ltr'><strong>Quae</strong></span> <span class='ocrx_word' id='word_1_296' title='bbox 806 2348 873 2405; x_wconf 91' lang='lat' dir='ltr'><strong>de</strong></span> <span class='ocrx_word' id='word_1_297' title='bbox 899 2351 1119 2408; x_wconf 69' lang='lat' dir='ltr'><strong>Vical‘iiS</strong></span> <span class='ocrx_word' id='word_1_298' title='bbox 1144 2351 1388 2422; x_wconf 88' lang='lat' dir='ltr'><strong>disserit,</strong></span> <span class='ocrx_word' id='word_1_299' title='bbox 1419 2363 1549 2423; x_wconf 87' lang='lat' dir='ltr'><strong>etc.,</strong></span> <span class='ocrx_word' id='word_1_300' title='bbox 1579 2370 1741 2426; x_wconf 80' lang='lat' dir='ltr'><strong>usque</strong></span> <span class='ocrx_word' id='word_1_301' title='bbox 1759 2353 1828 2408; x_wconf 90' lang='lat' dir='ltr'><strong>ad</strong></span> <span class='ocrx_word' id='word_1_302' title='bbox 1854 2353 1941 2409; x_wconf 89' lang='lat' dir='ltr'><strong>di-</strong></span> 
     </span>
    </p>
   </div>
   <div class='ocr_carea' id='block_1_40' title="bbox 336 2442 1016 2515">
    <p class='ocr_par' dir='ltr' id='par_1_40' title="bbox 336 2442 1016 2515">
     <span class='ocr_line' id='line_1_40' title="bbox 336 2442 1016 2515; baseline 0.004 -19"><span class='ocrx_word' id='word_1_303' title='bbox 336 2444 617 2507; x_wconf 85' lang='lat' dir='ltr'><strong>viduntur,</strong></span> <span class='ocrx_word' id='word_1_304' title='bbox 642 2451 697 2496; x_wconf 86' lang='lat' dir='ltr'><strong>ut</strong></span> <span class='ocrx_word' id='word_1_305' title='bbox 732 2460 856 2515; x_wconf 84' lang='lat' dir='ltr'><strong>pag.</strong></span> <span class='ocrx_word' id='word_1_306' title='bbox 888 2442 1016 2499; x_wconf 67' lang='lat'><strong>842.</strong></span> 
     </span>
    </p>
   </div>
   <div class='ocr_carea' id='block_1_41' title="bbox 407 2626 1943 2702">
    <p class='ocr_par' dir='ltr' id='par_1_41' title="bbox 407 2626 1943 2702">
     <span class='ocr_line' id='line_1_41' title="bbox 407 2626 1943 2702; baseline 0.001 -19"><span class='ocrx_word' id='word_1_307' title='bbox 407 2627 703 2683; x_wconf 84' lang='lat' dir='ltr'><strong>Scholium.</strong></span> <span class='ocrx_word' id='word_1_308' title='bbox 740 2626 817 2683; x_wconf 89' lang='lat' dir='ltr'><strong>De</strong></span> <span class='ocrx_word' id='word_1_309' title='bbox 853 2628 1075 2684; x_wconf 87' lang='lat' dir='ltr'><strong>vicariis</strong></span> <span class='ocrx_word' id='word_1_310' title='bbox 1101 2626 1446 2686; x_wconf 78' lang='lat' dir='ltr'><strong>Justinianea</strong></span> <span class='ocrx_word' id='word_1_311' title='bbox 1476 2631 1598 2688; x_wconf 65' lang='grc'><strong>151.</strong></span> <span class='ocrx_word' id='word_1_312' title='bbox 1628 2640 1807 2687; x_wconf 89' lang='lat' dir='ltr'><strong>const.</strong></span> <span class='ocrx_word' id='word_1_313' title='bbox 1840 2648 1943 2702; x_wconf 81' lang='lat' dir='ltr'><strong>po-</strong></span> 
     </span>
    </p>
   </div>
   <div class='ocr_carea' id='block_1_42' title="bbox 334 2721 1932 2793">
    <p class='ocr_par' dir='ltr' id='par_1_42' title="bbox 334 2721 1932 2793">
     <span class='ocr_line' id='line_1_42' title="bbox 334 2721 1932 2793; baseline 0.003 -16"><span class='ocrx_word' id='word_1_314' title='bbox 334 2722 440 2777; x_wconf 82' lang='lat' dir='ltr'><strong>sita</strong></span> <span class='ocrx_word' id='word_1_315' title='bbox 464 2722 624 2776; x_wconf 89' lang='lat' dir='ltr'><strong>estin</strong></span> <span class='ocrx_word' id='word_1_316' title='bbox 673 2722 910 2776; x_wconf 89' lang='lat' dir='ltr'><strong>themate</strong></span> <span class='ocrx_word' id='word_1_317' title='bbox 943 2721 978 2774; x_wconf 75' lang='grc'>2</span> <span class='ocrx_word' id='word_1_318' title='bbox 1005 2738 1128 2791; x_wconf 86' lang='lat' dir='ltr'><strong>cap.</strong></span> <span class='ocrx_word' id='word_1_319' title='bbox 1164 2723 1186 2776; x_wconf 86' lang='grc'><strong>1</strong></span> <span class='ocrx_word' id='word_1_320' title='bbox 1222 2723 1305 2779; x_wconf 92' lang='lat' dir='ltr'><strong>tit.</strong></span> <span class='ocrx_word' id='word_1_321' title='bbox 1340 2724 1370 2775; x_wconf 90' lang='lat'><strong>7</strong></span> <span class='ocrx_word' id='word_1_322' title='bbox 1410 2725 1500 2779; x_wconf 87' lang='lat' dir='ltr'><strong>lib.</strong></span> <span class='ocrx_word' id='word_1_323' title='bbox 1534 2742 1705 2781; x_wconf 74' lang='lat' dir='ltr'><strong>xxvm</strong></span> <span class='ocrx_word' id='word_1_324' title='bbox 1737 2726 1932 2793; x_wconf 82' lang='lat' dir='ltr'><strong>Basil.,</strong></span> 
     </span>
    </p>
   </div>
   <div class='ocr_carea' id='block_1_43' title="bbox 337 2811 1931 2889">
    <p class='ocr_par' dir='ltr' id='par_1_43' title="bbox 337 2811 1931 2889">
     <span class='ocr_line' id='line_1_43' title="bbox 337 2811 1931 2889; baseline 0.007 -27"><span class='ocrx_word' id='word_1_325' title='bbox 337 2813 480 2883; x_wconf 88' lang='lat' dir='ltr'><strong>quod</strong></span> <span class='ocrx_word' id='word_1_326' title='bbox 529 2814 697 2883; x_wconf 79' lang='lat' dir='ltr'><strong>legas.</strong></span> <span class='ocrx_word' id='word_1_327' title='bbox 744 2811 844 2868; x_wconf 86' lang='lat' dir='ltr'><strong>Hic</strong></span> <span class='ocrx_word' id='word_1_328' title='bbox 886 2814 1033 2869; x_wconf 89' lang='lat' dir='ltr'><strong>enim</strong></span> <span class='ocrx_word' id='word_1_329' title='bbox 1089 2814 1296 2870; x_wconf 86' lang='lat' dir='ltr'><strong>inserta</strong></span> <span class='ocrx_word' id='word_1_330' title='bbox 1334 2832 1442 2872; x_wconf 88' lang='lat' dir='ltr'><strong>non</strong></span> <span class='ocrx_word' id='word_1_331' title='bbox 1486 2828 1634 2887; x_wconf 89' lang='lat' dir='ltr'><strong>sunt,</strong></span> <span class='ocrx_word' id='word_1_332' title='bbox 1668 2821 1931 2889; x_wconf 84' lang='lat' dir='ltr'><strong>quoniam</strong></span> 
     </span>
    </p>
   </div>
   <div class='ocr_carea' id='block_1_44' title="bbox 345 2906 1929 2984">
    <p class='ocr_par' dir='ltr' id='par_1_44' title="bbox 345 2906 1929 2984">
     <span class='ocr_line' id='line_1_44' title="bbox 345 2906 1929 2984; baseline 0.006 -24"><span class='ocrx_word' id='word_1_333' title='bbox 345 2914 461 2960; x_wconf 90' lang='lat' dir='ltr'><strong>tum</strong></span> <span class='ocrx_word' id='word_1_334' title='bbox 507 2906 615 2973; x_wconf 90' lang='lat' dir='ltr'><strong>hic,</strong></span> <span class='ocrx_word' id='word_1_335' title='bbox 655 2916 769 2960; x_wconf 90' lang='lat' dir='ltr'><strong>tum</strong></span> <span class='ocrx_word' id='word_1_336' title='bbox 804 2907 856 2959; x_wconf 92' lang='lat' dir='ltr'><strong>in</strong></span> <span class='ocrx_word' id='word_1_337' title='bbox 888 2907 920 2960; x_wconf 74' lang='grc'><strong><em>4</em></strong></span> <span class='ocrx_word' id='word_1_338' title='bbox 946 2922 1067 2977; x_wconf 86' lang='lat' dir='ltr'><strong>cap.</strong></span> <span class='ocrx_word' id='word_1_339' title='bbox 1102 2909 1183 2962; x_wconf 88' lang='lat' dir='ltr'><strong>tit.</strong></span> <span class='ocrx_word' id='word_1_340' title='bbox 1221 2909 1286 2963; x_wconf 90' lang='grc'><strong>15</strong></span> <span class='ocrx_word' id='word_1_341' title='bbox 1311 2913 1599 2980; x_wconf 61' lang='lat' dir='ltr'><strong>praesentis</strong></span> <span class='ocrx_word' id='word_1_342' title='bbox 1638 2916 1844 2984; x_wconf 89' lang='lat' dir='ltr'><strong>operis,</strong></span> <span class='ocrx_word' id='word_1_343' title='bbox 1874 2916 1929 2970; x_wconf 89' lang='lat' dir='ltr'><strong>in</strong></span> 
     </span>
    </p>
   </div>
   <div class='ocr_carea' id='block_1_45' title="bbox 334 2996 1928 3067">
    <p class='ocr_par' dir='ltr' id='par_1_45' title="bbox 334 2996 1928 3067">
     <span class='ocr_line' id='line_1_45' title="bbox 334 2996 1928 3067; baseline 0.007 -16"><span class='ocrx_word' id='word_1_344' title='bbox 334 2996 663 3066; x_wconf 79' lang='lat' dir='ltr'><strong>compendio</strong></span> <span class='ocrx_word' id='word_1_345' title='bbox 694 3006 823 3051; x_wconf 88' lang='lat' dir='ltr'><strong>sunt</strong></span> <span class='ocrx_word' id='word_1_346' title='bbox 847 2999 1147 3067; x_wconf 88' lang='lat' dir='ltr'><strong>proposita.</strong></span> <span class='ocrx_word' id='word_1_347' title='bbox 1177 2999 1253 3056; x_wconf 85' lang='lat' dir='ltr'><strong>Ac</strong></span> <span class='ocrx_word' id='word_1_348' title='bbox 1278 3003 1533 3059; x_wconf 90' lang='lat' dir='ltr'><strong>similiter</strong></span> <span class='ocrx_word' id='word_1_349' title='bbox 1576 3008 1786 3061; x_wconf 85' lang='lat' dir='ltr'><strong>novella</strong></span> <span class='ocrx_word' id='word_1_350' title='bbox 1822 3008 1928 3062; x_wconf 89' lang='grc'><strong>117</strong></span> 
     </span>
    </p>
   </div>
   <div class='ocr_carea' id='block_1_46' title="bbox 336 3088 1926 3169">
    <p class='ocr_par' dir='ltr' id='par_1_46' title="bbox 336 3088 1926 3169">
     <span class='ocr_line' id='line_1_46' title="bbox 336 3088 1926 3169; baseline 0.008 -27"><span class='ocrx_word' id='word_1_351' title='bbox 336 3089 389 3142; x_wconf 90' lang='lat' dir='ltr'><strong>in</strong></span> <span class='ocrx_word' id='word_1_352' title='bbox 443 3088 770 3158; x_wconf 90' lang='lat' dir='ltr'><strong>compendio</strong></span> <span class='ocrx_word' id='word_1_353' title='bbox 823 3099 907 3143; x_wconf 84' lang='lat' dir='ltr'><strong>est</strong></span> <span class='ocrx_word' id='word_1_354' title='bbox 955 3093 1276 3160; x_wconf 87' lang='lat' dir='ltr'><strong>proposita:</strong></span> <span class='ocrx_word' id='word_1_355' title='bbox 1324 3111 1490 3165; x_wconf 89' lang='lat' dir='ltr'><strong>quam</strong></span> <span class='ocrx_word' id='word_1_356' title='bbox 1538 3098 1702 3152; x_wconf 87' lang='lat' dir='ltr'><strong>etiam</strong></span> <span class='ocrx_word' id='word_1_357' title='bbox 1755 3100 1926 3169; x_wconf 79' lang='lat' dir='ltr'><strong>legas.</strong></span> 
     </span>
    </p>
   </div>
   <div class='ocr_carea' id='block_1_47' title="bbox 337 3181 1927 3257">
    <p class='ocr_par' dir='ltr' id='par_1_47' title="bbox 337 3181 1927 3257">
     <span class='ocr_line' id='line_1_47' title="bbox 337 3181 1927 3257; baseline 0.006 -21"><span class='ocrx_word' id='word_1_358' title='bbox 337 3182 430 3236; x_wconf 86' lang='lat' dir='ltr'><strong>Illa</strong></span> <span class='ocrx_word' id='word_1_359' title='bbox 462 3198 592 3237; x_wconf 89' lang='lat' dir='ltr'><strong>vero</strong></span> <span class='ocrx_word' id='word_1_360' title='bbox 619 3183 686 3237; x_wconf 88' lang='lat' dir='ltr'><strong>de</strong></span> <span class='ocrx_word' id='word_1_361' title='bbox 712 3181 968 3237; x_wconf 86' lang='lat' dir='ltr'><strong>adulterii</strong></span> <span class='ocrx_word' id='word_1_362' title='bbox 1000 3193 1286 3250; x_wconf 89' lang='lat' dir='ltr'><strong>accusato,</strong></span> <span class='ocrx_word' id='word_1_363' title='bbox 1317 3186 1411 3254; x_wconf 92' lang='lat' dir='ltr'><strong>qui</strong></span> <span class='ocrx_word' id='word_1_364' title='bbox 1445 3203 1540 3256; x_wconf 86' lang='lat' dir='ltr'><strong>per</strong></span> <span class='ocrx_word' id='word_1_365' title='bbox 1562 3190 1927 3257; x_wconf 85' lang='lat' dir='ltr'><strong>proditionem</strong></span> 
     </span>
    </p>
   </div>
   <div class='ocr_carea' id='block_1_48' title="bbox 332 3272 1929 3347">
    <p class='ocr_par' dir='ltr' id='par_1_48' title="bbox 332 3272 1929 3347">
     <span class='ocr_line' id='line_1_48' title="bbox 332 3272 1929 3347; baseline 0.006 -19"><span class='ocrx_word' id='word_1_366' title='bbox 332 3275 535 3344; x_wconf 64' lang='lat' dir='ltr'><strong>juiicis</strong></span> <span class='ocrx_word' id='word_1_367' title='bbox 571 3289 763 3343; x_wconf 71' lang='lat' dir='ltr'><strong>pmuas</strong></span> <span class='ocrx_word' id='word_1_368' title='bbox 799 3272 1077 3345; x_wconf 76' lang='lat' dir='ltr'><strong>effugerit,</strong></span> <span class='ocrx_word' id='word_1_369' title='bbox 1116 3292 1223 3330; x_wconf 85' lang='lat' dir='ltr'><strong>non</strong></span> <span class='ocrx_word' id='word_1_370' title='bbox 1272 3288 1401 3332; x_wconf 85' lang='lat' dir='ltr'><strong>sunt</strong></span> <span class='ocrx_word' id='word_1_371' title='bbox 1449 3280 1626 3347; x_wconf 83' lang='lat' dir='ltr'><strong>posita</strong></span> <span class='ocrx_word' id='word_1_372' title='bbox 1671 3282 1727 3336; x_wconf 91' lang='lat' dir='ltr'><strong>in</strong></span> <span class='ocrx_word' id='word_1_373' title='bbox 1763 3283 1929 3337; x_wconf 79' lang='lat' dir='ltr'><strong>Busil.</strong></span> 
     </span>
    </p>
   </div>
   <div class='ocr_carea' id='block_1_49' title="bbox 338 3361 1932 3441">
    <p class='ocr_par' dir='ltr' id='par_1_49' title="bbox 338 3361 1932 3441">
     <span class='ocr_line' id='line_1_49' title="bbox 338 3361 1932 3441; baseline 0.006 -22"><span class='ocrx_word' id='word_1_374' title='bbox 338 3366 514 3435; x_wconf 62' lang='lat' dir='ltr'><strong>Logas</strong></span> <span class='ocrx_word' id='word_1_375' title='bbox 581 3361 801 3435; x_wconf 77' lang='lat' dir='ltr'><strong>[vero]</strong></span> <span class='ocrx_word' id='word_1_376' title='bbox 866 3364 1033 3418; x_wconf 85' lang='lat' dir='ltr'><strong>etiam</strong></span> <span class='ocrx_word' id='word_1_377' title='bbox 1112 3366 1381 3422; x_wconf 80' lang='lat' dir='ltr'><strong>novellam</strong></span> <span class='ocrx_word' id='word_1_378' title='bbox 1446 3368 1516 3422; x_wconf 75' lang='grc'><strong>52</strong></span> <span class='ocrx_word' id='word_1_379' title='bbox 1579 3370 1932 3441; x_wconf 81' lang='lat' dir='ltr'><strong>Imperatoris</strong></span> 
     </span>
    </p>
   </div>
   <div class='ocr_carea' id='block_1_50' title="bbox 335 3455 1933 3538">
    <p class='ocr_par' dir='ltr' id='par_1_50' title="bbox 335 3455 1933 3538">
     <span class='ocr_line' id='line_1_50' title="bbox 335 3455 1933 3538; baseline 0.007 -26"><span class='ocrx_word' id='word_1_380' title='bbox 335 3458 525 3513; x_wconf 71' lang='lat' dir='ltr'><strong>tiomni</strong></span> <span class='ocrx_word' id='word_1_381' title='bbox 567 3455 768 3511; x_wconf 84' lang='lat' dir='ltr'><strong>Leonis</strong></span> <span class='ocrx_word' id='word_1_382' title='bbox 808 3456 1122 3527; x_wconf 89' lang='lat' dir='ltr'><strong>philosophi</strong></span> <span class='ocrx_word' id='word_1_383' title='bbox 1171 3458 1430 3532; x_wconf 82' lang='lat' dir='ltr'><strong>[cognitu</strong></span> <span class='ocrx_word' id='word_1_384' title='bbox 1467 3464 1640 3538; x_wconf 89' lang='lat' dir='ltr'><strong>sane]</strong></span> <span class='ocrx_word' id='word_1_385' title='bbox 1691 3467 1933 3524; x_wconf 80' lang='lat' dir='ltr'><strong>maxime</strong></span> 
     </span>
    </p>
   </div>
   <div class='ocr_carea' id='block_1_51' title="bbox 340 3553 734 3609">
    <p class='ocr_par' dir='ltr' id='par_1_51' title="bbox 340 3553 734 3609">
     <span class='ocr_line' id='line_1_51' title="bbox 340 3553 734 3609; baseline -0.003 -2"><span class='ocrx_word' id='word_1_386' title='bbox 340 3553 734 3609; x_wconf 79' lang='lat' dir='ltr'><strong>necessariam.</strong></span> 
     </span>
    </p>
   </div>
   <div class='ocr_carea' id='block_1_52' title="bbox 406 3644 1936 3721">
    <p class='ocr_par' dir='ltr' id='par_1_52' title="bbox 406 3644 1936 3721">
     <span class='ocr_line' id='line_1_52' title="bbox 406 3644 1936 3721; baseline 0.003 -21"><span class='ocrx_word' id='word_1_387' title='bbox 406 3644 561 3700; x_wconf 79' lang='lat' dir='ltr'><strong>CAP.</strong></span> <span class='ocrx_word' id='word_1_388' title='bbox 596 3647 660 3700; x_wconf 88' lang='grc'><strong>11.</strong></span> <span class='ocrx_word' id='word_1_389' title='bbox 684 3676 757 3689; x_wconf 89' lang='grc'><strong>--</strong></span> <span class='ocrx_word' id='word_1_390' title='bbox 785 3648 856 3702; x_wconf 90' lang='lat' dir='ltr'><strong>De</strong></span> <span class='ocrx_word' id='word_1_391' title='bbox 888 3649 953 3702; x_wconf 83' lang='lat' dir='ltr'><strong>iis</strong></span> <span class='ocrx_word' id='word_1_392' title='bbox 986 3648 1076 3719; x_wconf 88' lang='lat' dir='ltr'><strong>qui</strong></span> <span class='ocrx_word' id='word_1_393' title='bbox 1109 3664 1173 3702; x_wconf 82' lang='lat' dir='ltr'><strong>ea:</strong></span> <span class='ocrx_word' id='word_1_394' title='bbox 1202 3646 1328 3701; x_wconf 79' lang='lat' dir='ltr'><strong>aliis</strong></span> <span class='ocrx_word' id='word_1_395' title='bbox 1358 3650 1704 3704; x_wconf 72' lang='lat' dir='ltr'><strong>monasteriis</strong></span> <span class='ocrx_word' id='word_1_396' title='bbox 1730 3667 1936 3721; x_wconf 79' lang='lat' dir='ltr'><strong>prwsu-</strong></span> 
     </span>
    </p>
   </div>
   <div class='ocr_carea' id='block_1_53' title="bbox 338 3737 937 3809">
    <p class='ocr_par' dir='ltr' id='par_1_53' title="bbox 338 3737 937 3809">
     <span class='ocr_line' id='line_1_53' title="bbox 338 3737 937 3809; baseline 0.01 -20"><span class='ocrx_word' id='word_1_397' title='bbox 338 3737 413 3791; x_wconf 64' lang='lat' dir='ltr'><strong>les</strong></span> <span class='ocrx_word' id='word_1_398' title='bbox 442 3748 535 3790; x_wconf 90' lang='lat' dir='ltr'><strong>aut</strong></span> <span class='ocrx_word' id='word_1_399' title='bbox 572 3739 749 3793; x_wconf 80' lang='lat' dir='ltr'><strong>clerici</strong></span> <span class='ocrx_word' id='word_1_400' title='bbox 776 3740 937 3809; x_wconf 82' lang='lat' dir='ltr'><strong>ﬁunt.</strong></span> 
     </span>
    </p>
   </div>
   <div class='ocr_carea' id='block_1_54' title="bbox 410 3831 1935 3905">
    <p class='ocr_par' dir='ltr' id='par_1_54' title="bbox 410 3831 1935 3905">
     <span class='ocr_line' id='line_1_54' title="bbox 410 3831 1935 3905; baseline 0.006 -21"><span class='ocrx_word' id='word_1_401' title='bbox 410 3831 642 3885; x_wconf 87' lang='lat' dir='ltr'><strong>Concilii</strong></span> <span class='ocrx_word' id='word_1_402' title='bbox 671 3832 1127 3905; x_wconf 71' lang='lat' dir='ltr'><strong>Carthaginiensis</strong></span> <span class='ocrx_word' id='word_1_403' title='bbox 1149 3850 1325 3890; x_wconf 88' lang='lat' dir='ltr'><strong>canon</strong></span> <span class='ocrx_word' id='word_1_404' title='bbox 1356 3834 1460 3904; x_wconf 87' lang='lat'><strong>80;</strong></span> <span class='ocrx_word' id='word_1_405' title='bbox 1483 3836 1707 3892; x_wconf 88' lang='lat' dir='ltr'><strong>concilii</strong></span> <span class='ocrx_word' id='word_1_406' title='bbox 1731 3834 1935 3894; x_wconf 78' lang='lat' dir='ltr'><strong>Nicaeni</strong></span> 
     </span>
    </p>
   </div>
   <div class='ocr_carea' id='block_1_55' title="bbox 346 3924 908 3984">
    <p class='ocr_par' dir='ltr' id='par_1_55' title="bbox 346 3924 908 3984">
     <span class='ocr_line' id='line_1_55' title="bbox 346 3924 908 3984; baseline 0.007 -5"><span class='ocrx_word' id='word_1_407' title='bbox 346 3924 575 3979; x_wconf 80' lang='lat' dir='ltr'><strong>secundi</strong></span> <span class='ocrx_word' id='word_1_408' title='bbox 610 3941 788 3981; x_wconf 91' lang='lat' dir='ltr'><strong>canon</strong></span> <span class='ocrx_word' id='word_1_409' title='bbox 817 3927 908 3984; x_wconf 70' lang='lat'><strong>21.</strong></span> 
     </span>
    </p>
   </div>
   <div class='ocr_carea' id='block_1_56' title="bbox 410 4034 1936 4114">
    <p class='ocr_par' dir='ltr' id='par_1_56' title="bbox 410 4034 1936 4114">
     <span class='ocr_line' id='line_1_56' title="bbox 410 4034 1936 4114; baseline 0.007 -25"><span class='ocrx_word' id='word_1_410' title='bbox 410 4034 565 4089; x_wconf 85' lang='lat' dir='ltr'><strong>CAP.</strong></span> <span class='ocrx_word' id='word_1_411' title='bbox 612 4034 697 4089; x_wconf 90' lang='grc'><strong>111.</strong></span> <span class='ocrx_word' id='word_1_412' title='bbox 730 4068 801 4077; x_wconf 89' lang='grc'><strong>-</strong></span> <span class='ocrx_word' id='word_1_413' title='bbox 831 4037 909 4092; x_wconf 77' lang='lat' dir='ltr'><strong>De</strong></span> <span class='ocrx_word' id='word_1_414' title='bbox 944 4039 1108 4094; x_wconf 77' lang='lat' dir='ltr'><strong>servis</strong></span> <span class='ocrx_word' id='word_1_415' title='bbox 1136 4040 1227 4111; x_wconf 82' lang='lat' dir='ltr'><strong>qui</strong></span> <span class='ocrx_word' id='word_1_416' title='bbox 1261 4040 1507 4094; x_wconf 82' lang='lat' dir='ltr'><strong>monachi</strong></span> <span class='ocrx_word' id='word_1_417' title='bbox 1545 4042 1706 4111; x_wconf 81' lang='lat' dir='ltr'><strong>ﬁunt,</strong></span> <span class='ocrx_word' id='word_1_418' title='bbox 1742 4053 1795 4098; x_wconf 85' lang='lat' dir='ltr'><strong>et</strong></span> <span class='ocrx_word' id='word_1_419' title='bbox 1823 4046 1936 4114; x_wconf 85' lang='lat' dir='ltr'><strong>pie-</strong></span> 
     </span>
    </p>
   </div>
   <div class='ocr_carea' id='block_1_57' title="bbox 338 4132 1935 4213">
    <p class='ocr_par' dir='ltr' id='par_1_57' title="bbox 338 4132 1935 4213">
     <span class='ocr_line' id='line_1_57' title="bbox 338 4132 1935 4213; baseline 0.008 -30"><span class='ocrx_word' id='word_1_420' title='bbox 338 4132 465 4184; x_wconf 82' lang='lat' dir='ltr'><strong>tatis</strong></span> <span class='ocrx_word' id='word_1_421' title='bbox 518 4144 781 4202; x_wconf 63' lang='lat' dir='ltr'><strong>prietequ</strong></span> <span class='ocrx_word' id='word_1_422' title='bbox 832 4134 1074 4190; x_wconf 85' lang='lat' dir='ltr'><strong>dominos</strong></span> <span class='ocrx_word' id='word_1_423' title='bbox 1129 4146 1508 4203; x_wconf 85' lang='lat' dir='ltr'><strong>contemnunt,</strong></span> <span class='ocrx_word' id='word_1_424' title='bbox 1560 4154 1724 4209; x_wconf 83' lang='lat' dir='ltr'><strong>neque</strong></span> <span class='ocrx_word' id='word_1_425' title='bbox 1781 4139 1935 4213; x_wconf 71' lang='lat' dir='ltr'><strong>[illis]</strong></span> 
     </span>
    </p>
   </div>
   <div class='ocr_carea' id='block_1_58' title="bbox 338 4237 593 4281">
    <p class='ocr_par' dir='ltr' id='par_1_58' title="bbox 338 4237 593 4281">
     <span class='ocr_line' id='line_1_58' title="bbox 338 4237 593 4281; baseline 0.024 -6"><span class='ocrx_word' id='word_1_426' title='bbox 338 4237 593 4281; x_wconf 80' lang='lat' dir='ltr'><strong>servmm.</strong></span> 
     </span>
    </p>
   </div>
   <div class='ocr_carea' id='block_1_59' title="bbox 412 4336 1938 4411">
    <p class='ocr_par' dir='ltr' id='par_1_59' title="bbox 412 4336 1938 4411">
     <span class='ocr_line' id='line_1_59' title="bbox 412 4336 1938 4411; baseline 0.009 -23"><span class='ocrx_word' id='word_1_427' title='bbox 412 4336 639 4390; x_wconf 90' lang='lat' dir='ltr'><strong>Concilii</strong></span> <span class='ocrx_word' id='word_1_428' title='bbox 686 4336 1026 4409; x_wconf 80' lang='lat' dir='ltr'><strong>Gaugrensis</strong></span> <span class='ocrx_word' id='word_1_429' title='bbox 1058 4359 1234 4398; x_wconf 84' lang='lat' dir='ltr'><strong>canon</strong></span> <span class='ocrx_word' id='word_1_430' title='bbox 1283 4346 1347 4411; x_wconf 75' lang='lat'><strong>5;</strong></span> <span class='ocrx_word' id='word_1_431' title='bbox 1390 4346 1609 4401; x_wconf 88' lang='lat' dir='ltr'><strong>concilii</strong></span> <span class='ocrx_word' id='word_1_432' title='bbox 1658 4347 1798 4403; x_wconf 77' lang='lat' dir='ltr'><strong>sexti</strong></span> <span class='ocrx_word' id='word_1_433' title='bbox 1843 4362 1938 4401; x_wconf 88' lang='lat' dir='ltr'><strong>ca-</strong></span> 
     </span>
    </p>
   </div>
   <div class='ocr_carea' id='block_1_60' title="bbox 340 4427 1625 4495">
    <p class='ocr_par' dir='ltr' id='par_1_60' title="bbox 340 4427 1625 4495">
     <span class='ocr_line' id='line_1_60' title="bbox 340 4427 1625 4495; baseline 0.012 -15"><span class='ocrx_word' id='word_1_434' title='bbox 340 4442 450 4480; x_wconf 90' lang='lat' dir='ltr'><strong>non</strong></span> <span class='ocrx_word' id='word_1_435' title='bbox 481 4427 583 4495; x_wconf 81' lang='lat'><strong>85;</strong></span> <span class='ocrx_word' id='word_1_436' title='bbox 616 4432 833 4485; x_wconf 88' lang='lat' dir='ltr'><strong>concilii</strong></span> <span class='ocrx_word' id='word_1_437' title='bbox 870 4433 1334 4493; x_wconf 51' lang='lat' dir='ltr'><strong>Chalcedonensis</strong></span> <span class='ocrx_word' id='word_1_438' title='bbox 1358 4455 1533 4494; x_wconf 84' lang='lat' dir='ltr'><strong>canon</strong></span> <span class='ocrx_word' id='word_1_439' title='bbox 1570 4442 1625 4495; x_wconf 74' lang='grc'><strong>4.</strong></span> 
     </span>
    </p>
   </div>
   <div class='ocr_carea' id='block_1_61' title="bbox 416 4539 1651 4609">
    <p class='ocr_par' dir='ltr' id='par_1_61' title="bbox 416 4539 1651 4609">
     <span class='ocr_line' id='line_1_61' title="bbox 416 4539 1651 4609; baseline 0.011 -17"><span class='ocrx_word' id='word_1_440' title='bbox 416 4539 632 4597; x_wconf 63' lang='lat' dir='ltr'><strong>Tactus.</strong></span> <span class='ocrx_word' id='word_1_441' title='bbox 670 4542 863 4601; x_wconf 87' lang='lat' dir='ltr'><strong>Const.</strong></span> <span class='ocrx_word' id='word_1_442' title='bbox 898 4548 968 4603; x_wconf 85' lang='grc'><strong>56</strong></span> <span class='ocrx_word' id='word_1_443' title='bbox 1023 4550 1107 4605; x_wconf 88' lang='lat' dir='ltr'><strong>tit.</strong></span> <span class='ocrx_word' id='word_1_444' title='bbox 1143 4553 1175 4604; x_wconf 87' lang='grc'><strong>5</strong></span> <span class='ocrx_word' id='word_1_445' title='bbox 1210 4552 1303 4607; x_wconf 90' lang='lat' dir='ltr'><strong>lib.</strong></span> <span class='ocrx_word' id='word_1_446' title='bbox 1340 4554 1362 4607; x_wconf 95' lang='grc'><strong>1</strong></span> <span class='ocrx_word' id='word_1_447' title='bbox 1399 4553 1536 4609; x_wconf 87' lang='lat' dir='ltr'><strong>Cod.</strong></span> <span class='ocrx_word' id='word_1_448' title='bbox 1573 4555 1651 4607; x_wconf 90' lang='lat' dir='ltr'><strong>ait</strong></span> 
     </span>
    </p>
   </div>
   <div class='ocr_carea' id='block_1_62' title="bbox 338 4631 1931 4780">
    <p class='ocr_par' dir='ltr' id='par_1_62' title="bbox 338 4631 1931 4780">
     <span class='ocr_line' id='line_1_62' title="bbox 338 4631 1931 4780; baseline 0.015 -97"><span class='ocrx_word' id='word_1_449' title='bbox 338 4631 455 4780; x_wconf 47' lang='lat' dir='ltr'><strong>guis,</strong></span> <span class='ocrx_word' id='word_1_450' title='bbox 504 4643 636 4700; x_wconf 87' lang='lat' dir='ltr'><strong>etc.,</strong></span> <span class='ocrx_word' id='word_1_451' title='bbox 673 4652 836 4708; x_wconf 67' lang='lat' dir='ltr'><strong>usque</strong></span> <span class='ocrx_word' id='word_1_452' title='bbox 880 4640 949 4693; x_wconf 83' lang='lat' dir='ltr'><strong>ad</strong></span> <span class='ocrx_word' id='word_1_453' title='bbox 1000 4642 1255 4699; x_wconf 82' lang='lat' dir='ltr'><strong>dominus</strong></span> <span class='ocrx_word' id='word_1_454' title='bbox 1315 4647 1497 4715; x_wconf 87' lang='lat' dir='ltr'><strong>capit,</strong></span> <span class='ocrx_word' id='word_1_455' title='bbox 1545 4658 1601 4699; x_wconf 83' lang='lat' dir='ltr'><strong>ut</strong></span> <span class='ocrx_word' id='word_1_456' title='bbox 1645 4660 1769 4715; x_wconf 86' lang='lat' dir='ltr'><strong>pag.</strong></span> <span class='ocrx_word' id='word_1_457' title='bbox 1804 4645 1931 4707; x_wconf 64' lang='lat'><strong>855.</strong></span> 
     </span>
     <span class='ocr_line' id='line_1_63' title="bbox 377 4732 1873 4779; baseline 0.015 -1"><span class='ocrx_word' id='word_1_458' title='bbox 377 4732 406 4778; x_wconf 70' lang='grc'>4</span> <span class='ocrx_word' id='word_1_459' title='bbox 452 4766 466 4779; x_wconf 92' lang='grc'><strong>.</strong></span> <span class='ocrx_word' id='word_1_460' title='bbox 1868 4769 1873 4773; x_wconf 82' lang='grc'><strong>·</strong></span> 
     </span>
    </p>
   </div>
   <div class='ocr_carea' id='block_1_63' title="bbox 377 4732 466 4779">
    <p class='ocr_par' dir='ltr' id='par_1_63' title="bbox 377 4732 466 4779">
     <span class='ocr_line' id='line_1_64' title="bbox 377 4732 466 4779; baseline 0.011 -1"><span class='ocrx_word' id='word_1_461' title='bbox 377 4732 466 4779; x_wconf 70' lang='grc'><strong>46.</strong></span> 
     </span>
    </p>
   </div>
   <div class='ocr_carea' id='block_1_64' title="bbox 411 4832 1937 4902">
    <p class='ocr_par' dir='ltr' id='par_1_64' title="bbox 411 4832 1937 4902">
     <span class='ocr_line' id='line_1_65' title="bbox 411 4832 1937 4902; baseline 0.012 -19"><span class='ocrx_word' id='word_1_462' title='bbox 411 4832 706 4889; x_wconf 77' lang='lat' dir='ltr'><strong>Sclzolium.</strong></span> <span class='ocrx_word' id='word_1_463' title='bbox 748 4836 981 4893; x_wconf 84' lang='lat' dir='ltr'><strong>Constit.</strong></span> <span class='ocrx_word' id='word_1_464' title='bbox 1027 4840 1095 4894; x_wconf 85' lang='grc'><strong>56</strong></span> <span class='ocrx_word' id='word_1_465' title='bbox 1134 4842 1215 4896; x_wconf 88' lang='lat' dir='ltr'><strong>tit.</strong></span> <span class='ocrx_word' id='word_1_466' title='bbox 1272 4843 1306 4897; x_wconf 87' lang='grc'><strong>5</strong></span> <span class='ocrx_word' id='word_1_467' title='bbox 1345 4844 1437 4897; x_wconf 87' lang='lat' dir='ltr'><strong>lib.</strong></span> <span class='ocrx_word' id='word_1_468' title='bbox 1486 4844 1665 4899; x_wconf 84' lang='lat' dir='ltr'><strong>ICnd.</strong></span> <span class='ocrx_word' id='word_1_469' title='bbox 1712 4864 1819 4900; x_wconf 88' lang='lat' dir='ltr'><strong>non</strong></span> <span class='ocrx_word' id='word_1_470' title='bbox 1854 4855 1937 4902; x_wconf 83' lang='lat' dir='ltr'><strong>cst</strong></span> 
     </span>
    </p>
   </div>
   <div class='ocr_carea' id='block_1_65' title="bbox 339 4921 1933 5007">
    <p class='ocr_par' dir='ltr' id='par_1_65' title="bbox 339 4921 1933 5007">
     <span class='ocr_line' id='line_1_66' title="bbox 339 4921 1933 5007; baseline 0.015 -37"><span class='ocrx_word' id='word_1_471' title='bbox 339 4921 515 4987; x_wconf 83' lang='lat' dir='ltr'><strong>posita</strong></span> <span class='ocrx_word' id='word_1_472' title='bbox 558 4922 608 4975; x_wconf 92' lang='lat' dir='ltr'><strong>in</strong></span> <span class='ocrx_word' id='word_1_473' title='bbox 658 4922 845 4991; x_wconf 86' lang='lat' dir='ltr'><strong>Basil.,</strong></span> <span class='ocrx_word' id='word_1_474' title='bbox 880 4943 1056 4998; x_wconf 79' lang='lat' dir='ltr'><strong>neque</strong></span> <span class='ocrx_word' id='word_1_475' title='bbox 1091 4930 1183 4997; x_wconf 88' lang='grc'><strong>57,</strong></span> <span class='ocrx_word' id='word_1_476' title='bbox 1219 4948 1395 5001; x_wconf 84' lang='lat' dir='ltr'><strong>neque</strong></span> <span class='ocrx_word' id='word_1_477' title='bbox 1427 4934 1605 5007; x_wconf 82' lang='lat' dir='ltr'><strong>[item]</strong></span> <span class='ocrx_word' id='word_1_478' title='bbox 1637 4950 1817 4992; x_wconf 87' lang='lat' dir='ltr'><strong>const.</strong></span> <span class='ocrx_word' id='word_1_479' title='bbox 1847 4940 1933 5003; x_wconf 88' lang='grc'><strong>15,</strong></span> 
     </span>
    </p>
   </div>
   <div class='ocr_carea' id='block_1_66' title="bbox 342 5013 1939 5091">
    <p class='ocr_par' dir='ltr' id='par_1_66' title="bbox 342 5013 1939 5091">
     <span class='ocr_line' id='line_1_67' title="bbox 342 5013 1939 5091; baseline 0.014 -26"><span class='ocrx_word' id='word_1_480' title='bbox 342 5015 425 5066; x_wconf 92' lang='lat' dir='ltr'><strong>tit.</strong></span> <span class='ocrx_word' id='word_1_481' title='bbox 460 5015 479 5067; x_wconf 85' lang='grc'><strong>1</strong></span> <span class='ocrx_word' id='word_1_482' title='bbox 521 5013 892 5085; x_wconf 78' lang='lat' dir='ltr'><strong>Novellarum,</strong></span> <span class='ocrx_word' id='word_1_483' title='bbox 919 5038 1042 5091; x_wconf 68' lang='lat' dir='ltr'><strong>qua:</strong></span> <span class='ocrx_word' id='word_1_484' title='bbox 1073 5035 1157 5077; x_wconf 85' lang='lat' dir='ltr'><strong>est</strong></span> <span class='ocrx_word' id='word_1_485' title='bbox 1194 5028 1405 5080; x_wconf 86' lang='lat' dir='ltr'><strong>novella</strong></span> <span class='ocrx_word' id='word_1_486' title='bbox 1436 5027 1732 5085; x_wconf 85' lang='lat' dir='ltr'><strong>Justiniani</strong></span> <span class='ocrx_word' id='word_1_487' title='bbox 1770 5033 1823 5088; x_wconf 82' lang='lat'><strong>5.</strong></span> <span class='ocrx_word' id='word_1_488' title='bbox 1864 5032 1939 5087; x_wconf 89' lang='lat' dir='ltr'><strong>De</strong></span> 
     </span>
    </p>
   </div>
   <div class='ocr_carea' id='block_1_67' title="bbox 340 5106 1937 5189">
    <p class='ocr_par' dir='ltr' id='par_1_67' title="bbox 340 5106 1937 5189">
     <span class='ocr_line' id='line_1_68' title="bbox 340 5106 1937 5189; baseline 0.014 -30"><span class='ocrx_word' id='word_1_489' title='bbox 340 5106 517 5162; x_wconf 84' lang='lat' dir='ltr'><strong>servis</strong></span> <span class='ocrx_word' id='word_1_490' title='bbox 549 5120 753 5175; x_wconf 80' lang='lat' dir='ltr'><strong>autem.</strong></span> <span class='ocrx_word' id='word_1_491' title='bbox 780 5114 871 5178; x_wconf 90' lang='lat' dir='ltr'><strong>qui</strong></span> <span class='ocrx_word' id='word_1_492' title='bbox 915 5115 1099 5169; x_wconf 87' lang='lat' dir='ltr'><strong>clerici</strong></span> <span class='ocrx_word' id='word_1_493' title='bbox 1140 5118 1220 5170; x_wconf 90' lang='lat' dir='ltr'><strong>vel</strong></span> <span class='ocrx_word' id='word_1_494' title='bbox 1254 5122 1506 5174; x_wconf 75' lang='lat' dir='ltr'><strong>niunachi</strong></span> <span class='ocrx_word' id='word_1_495' title='bbox 1558 5123 1712 5189; x_wconf 84' lang='lat' dir='ltr'><strong>liuut,</strong></span> <span class='ocrx_word' id='word_1_496' title='bbox 1749 5136 1840 5180; x_wconf 90' lang='lat' dir='ltr'><strong>aut</strong></span> <span class='ocrx_word' id='word_1_497' title='bbox 1868 5126 1937 5180; x_wconf 86' lang='lat' dir='ltr'><strong>ad</strong></span> 
     </span>
    </p>
   </div>
   <div class='ocr_carea' id='block_1_68' title="bbox 338 5200 1934 5287">
    <p class='ocr_par' dir='ltr' id='par_1_68' title="bbox 338 5200 1934 5287">
     <span class='ocr_line' id='line_1_69' title="bbox 338 5200 1934 5287; baseline 0.013 -36"><span class='ocrx_word' id='word_1_498' title='bbox 338 5200 706 5271; x_wconf 79' lang='lat' dir='ltr'><strong>episcopalem</strong></span> <span class='ocrx_word' id='word_1_499' title='bbox 759 5204 1080 5273; x_wconf 75' lang='lat' dir='ltr'><strong>dignitatem</strong></span> <span class='ocrx_word' id='word_1_500' title='bbox 1142 5210 1463 5279; x_wconf 84' lang='lat' dir='ltr'><strong>procedunt,</strong></span> <span class='ocrx_word' id='word_1_501' title='bbox 1525 5213 1641 5283; x_wconf 79' lang='lat' dir='ltr'><strong>lege</strong></span> <span class='ocrx_word' id='word_1_502' title='bbox 1689 5215 1759 5271; x_wconf 87' lang='grc'><strong>56</strong></span> <span class='ocrx_word' id='word_1_503' title='bbox 1814 5232 1934 5287; x_wconf 83' lang='lat' dir='ltr'><strong>cap.</strong></span> 
     </span>
    </p>
   </div>
   <div class='ocr_carea' id='block_1_69' title="bbox 345 5292 1940 5379">
    <p class='ocr_par' dir='ltr' id='par_1_69' title="bbox 345 5292 1940 5379">
     <span class='ocr_line' id='line_1_70' title="bbox 345 5292 1940 5379; baseline 0.014 -37"><span class='ocrx_word' id='word_1_504' title='bbox 345 5292 427 5343; x_wconf 85' lang='lat' dir='ltr'><strong>lit.</strong></span> <span class='ocrx_word' id='word_1_505' title='bbox 468 5292 491 5344; x_wconf 91' lang='grc'><strong>1</strong></span> <span class='ocrx_word' id='word_1_506' title='bbox 529 5295 812 5361; x_wconf 67' lang='lat' dir='ltr'><strong>praesentis</strong></span> <span class='ocrx_word' id='word_1_507' title='bbox 867 5298 1085 5366; x_wconf 84' lang='lat' dir='ltr'><strong>operis,</strong></span> <span class='ocrx_word' id='word_1_508' title='bbox 1130 5317 1361 5372; x_wconf 69' lang='lat' dir='ltr'><strong>qumque</strong></span> <span class='ocrx_word' id='word_1_509' title='bbox 1410 5304 1461 5357; x_wconf 89' lang='lat' dir='ltr'><strong>in</strong></span> <span class='ocrx_word' id='word_1_510' title='bbox 1498 5305 1616 5375; x_wconf 65' lang='lat' dir='ltr'><strong>ipso</strong></span> <span class='ocrx_word' id='word_1_511' title='bbox 1663 5306 1940 5379; x_wconf 63' lang='lat' dir='ltr'><strong>[compre-~</strong></span> 
     </span>
    </p>
   </div>
   <div class='ocr_carea' id='block_1_70' title="bbox 351 5383 1941 5461">
    <p class='ocr_par' dir='ltr' id='par_1_70' title="bbox 351 5383 1941 5461">
     <span class='ocr_line' id='line_1_71' title="bbox 351 5383 1941 5461; baseline 0.013 -25"><span class='ocrx_word' id='word_1_512' title='bbox 351 5383 711 5458; x_wconf 83' lang='lat' dir='ltr'><strong>henduntur].</strong></span> <span class='ocrx_word' id='word_1_513' title='bbox 749 5398 803 5442; x_wconf 90' lang='lat' dir='ltr'><strong>ct</strong></span> <span class='ocrx_word' id='word_1_514' title='bbox 835 5392 1073 5447; x_wconf 89' lang='lat' dir='ltr'><strong>novellas</strong></span> <span class='ocrx_word' id='word_1_515' title='bbox 1117 5392 1462 5461; x_wconf 82' lang='lat' dir='ltr'><strong>imperatoris</strong></span> <span class='ocrx_word' id='word_1_516' title='bbox 1525 5398 1711 5453; x_wconf 90' lang='lat' dir='ltr'><strong>domui</strong></span> <span class='ocrx_word' id='word_1_517' title='bbox 1747 5399 1941 5458; x_wconf 85' lang='lat' dir='ltr'><strong>Leonis</strong></span> 
     </span>
    </p>
   </div>
   <div class='ocr_carea' id='block_1_71' title="bbox 341 5476 1940 5552">
    <p class='ocr_par' dir='ltr' id='par_1_71' title="bbox 341 5476 1940 5552">
     <span class='ocr_line' id='line_1_72' title="bbox 341 5476 1940 5552; baseline 0.019 -30"><span class='ocrx_word' id='word_1_518' title='bbox 341 5476 649 5545; x_wconf 62' lang='lat' dir='ltr'><strong>philosiiphi</strong></span> <span class='ocrx_word' id='word_1_519' title='bbox 670 5479 723 5541; x_wconf 92' lang='grc'><strong>9,</strong></span> <span class='ocrx_word' id='word_1_520' title='bbox 756 5480 839 5545; x_wconf 87' lang='grc'><strong>10,</strong></span> <span class='ocrx_word' id='word_1_521' title='bbox 872 5482 953 5536; x_wconf 91' lang='grc'><strong>11.</strong></span> <span class='ocrx_word' id='word_1_522' title='bbox 987 5485 1196 5539; x_wconf 82' lang='lat' dir='ltr'><strong>Etenim</strong></span> <span class='ocrx_word' id='word_1_523' title='bbox 1218 5486 1409 5544; x_wconf 77' lang='lat' dir='ltr'><strong>horum</strong></span> <span class='ocrx_word' id='word_1_524' title='bbox 1437 5490 1599 5546; x_wconf 85' lang='lat' dir='ltr'><strong>etiam</strong></span> <span class='ocrx_word' id='word_1_525' title='bbox 1621 5492 1675 5546; x_wconf 90' lang='lat' dir='ltr'><strong>iu</strong></span> <span class='ocrx_word' id='word_1_526' title='bbox 1700 5494 1843 5551; x_wconf 87' lang='lat' dir='ltr'><strong>dicto</strong></span> <span class='ocrx_word' id='word_1_527' title='bbox 1871 5496 1940 5552; x_wconf 89' lang='grc'><strong>56</strong></span> 
     </span>
    </p>
   </div>
   <div class='ocr_carea' id='block_1_72' title="bbox 340 5569 1103 5637">
    <p class='ocr_par' dir='ltr' id='par_1_72' title="bbox 340 5569 1103 5637">
     <span class='ocr_line' id='line_1_73' title="bbox 340 5569 1103 5637; baseline 0.017 -16"><span class='ocrx_word' id='word_1_528' title='bbox 340 5582 462 5637; x_wconf 80' lang='lat' dir='ltr'><strong>cap.</strong></span> <span class='ocrx_word' id='word_1_529' title='bbox 494 5569 822 5628; x_wconf 85' lang='lat' dir='ltr'><strong>mentionem</strong></span> <span class='ocrx_word' id='word_1_530' title='bbox 856 5574 1103 5634; x_wconf 78' lang='lat' dir='ltr'><strong>fecimus.</strong></span> 
     </span>
    </p>
   </div>
   <div class='ocr_carea' id='block_1_73' title="bbox 419 5749 1932 5850">
    <p class='ocr_par' dir='ltr' id='par_1_73' title="bbox 419 5749 1932 5850">
     <span class='ocr_line' id='line_1_74' title="bbox 419 5749 1932 5850; baseline 0.018 -44"><span class='ocrx_word' id='word_1_531' title='bbox 419 5749 711 5814; x_wconf 74' lang='lat' dir='ltr'><strong>Sclzolium.</strong></span> <span class='ocrx_word' id='word_1_532' title='bbox 753 5757 943 5818; x_wconf 86' lang='lat' dir='ltr'><strong>Const.</strong></span> <span class='ocrx_word' id='word_1_533' title='bbox 985 5763 1019 5817; x_wconf 76' lang='lat'><strong>‘2</strong></span> <span class='ocrx_word' id='word_1_534' title='bbox 1076 5766 1155 5824; x_wconf 88' lang='lat' dir='ltr'><strong>tit.</strong></span> <span class='ocrx_word' id='word_1_535' title='bbox 1199 5770 1219 5826; x_wconf 91' lang='grc'><strong>1</strong></span> <span class='ocrx_word' id='word_1_536' title='bbox 1262 5768 1614 5831; x_wconf 79' lang='lat' dir='ltr'><strong>Novellurum</strong></span> <span class='ocrx_word' id='word_1_537' title='bbox 1678 5784 1797 5850; x_wconf 37' lang='lat' dir='ltr'><strong>estd</strong></span> <span class='ocrx_word' id='word_1_538' title='bbox 1836 5791 1932 5833; x_wconf 83' lang='lat' dir='ltr'><strong>no-</strong></span> 
     </span>
    </p>
   </div>
   <div class='ocr_carea' id='block_1_74' title="bbox 1703 4508 2014 4618">
    <p class='ocr_par' dir='ltr' id='par_1_74' title="bbox 1703 4508 2014 4618">
     <span class='ocr_line' id='line_1_75' title="bbox 1703 4508 2014 4618; baseline -0.003 -11"><span class='ocrx_word' id='word_1_539' title='bbox 1703 4569 1719 4607; x_wconf 89' lang='lat'><strong>:</strong></span> <span class='ocrx_word' id='word_1_540' title='bbox 1773 4552 1931 4618; x_wconf 82' lang='lat' dir='ltr'><strong>Quod</strong></span> <span class='ocrx_word' id='word_1_541' title='bbox 1960 4508 2014 4567; x_wconf 84' lang='lat' dir='ltr'><strong>D</strong></span> 
     </span>
    </p>
   </div>
   <div class='ocr_carea' id='block_1_75' title="bbox 2045 1878 3638 1954">
    <p class='ocr_par' dir='ltr' id='par_1_75' title="bbox 2045 1878 3638 1954">
     <span class='ocr_line' id='line_1_76' title="bbox 2045 1878 3638 1954; baseline 0.003 -21"><span class='ocrx_word' id='word_1_542' title='bbox 2045 1878 2088 1951; x_wconf 89' lang='grc' dir='ltr'>β’</span> <span class='ocrx_word' id='word_1_543' title='bbox 2114 1879 2220 1934; x_wconf 89' lang='grc' dir='ltr'>τίτ.</span> <span class='ocrx_word' id='word_1_544' title='bbox 2279 1879 2372 1933; x_wconf 83' lang='grc' dir='ltr'>τοῦ</span> <span class='ocrx_word' id='word_1_545' title='bbox 2406 1881 2674 1951; x_wconf 85' lang='grc' dir='ltr'><strong>παρόντος</strong></span> <span class='ocrx_word' id='word_1_546' title='bbox 2702 1881 3084 1952; x_wconf 80' lang='grc' dir='ltr'>συντάγματος</span> <span class='ocrx_word' id='word_1_547' title='bbox 3117 1884 3216 1953; x_wconf 74' lang='grc' dir='ltr'>τὴν</span> <span class='ocrx_word' id='word_1_548' title='bbox 3253 1890 3379 1954; x_wconf 85' lang='grc' dir='ltr'>ρκγ¹</span> <span class='ocrx_word' id='word_1_549' title='bbox 3425 1883 3638 1939; x_wconf 86' lang='grc' dir='ltr'>Ἰουστι-</span> 
     </span>
    </p>
   </div>
   <div class='ocr_carea' id='block_1_76' title="bbox 2041 1971 3638 2045">
    <p class='ocr_par' dir='ltr' id='par_1_76' title="bbox 2041 1971 3638 2045">
     <span class='ocr_line' id='line_1_77' title="bbox 2041 1971 3638 2045; baseline 0.003 -17"><span class='ocrx_word' id='word_1_550' title='bbox 2041 1974 2275 2029; x_wconf 84' lang='grc' dir='ltr'>νιάνειον</span> <span class='ocrx_word' id='word_1_551' title='bbox 2326 1974 2551 2045; x_wconf 70' lang='grc' dir='ltr'>νεαρὰν,</span> <span class='ocrx_word' id='word_1_552' title='bbox 2602 1974 2728 2044; x_wconf 73' lang='grc' dir='ltr'>ἦτοι</span> <span class='ocrx_word' id='word_1_553' title='bbox 2761 1974 2823 2027; x_wconf 76' lang='grc' dir='ltr'>τὸ</span> <span class='ocrx_word' id='word_1_554' title='bbox 2853 1971 2892 2027; x_wconf 84' lang='grc' dir='ltr'>ε’</span> <span class='ocrx_word' id='word_1_555' title='bbox 2915 1992 3043 2044; x_wconf 85' lang='grc' dir='ltr'>κεφ.</span> <span class='ocrx_word' id='word_1_556' title='bbox 3109 1975 3204 2029; x_wconf 80' lang='grc' dir='ltr'>τοῦ</span> <span class='ocrx_word' id='word_1_557' title='bbox 3239 1984 3287 2031; x_wconf 82' lang='grc' dir='ltr'>α’</span> <span class='ocrx_word' id='word_1_558' title='bbox 3316 1977 3429 2033; x_wconf 89' lang='grc' dir='ltr'>τίτ.</span> <span class='ocrx_word' id='word_1_559' title='bbox 3483 1977 3575 2031; x_wconf 81' lang='grc' dir='ltr'>τοῦ</span> <span class='ocrx_word' id='word_1_560' title='bbox 3597 1975 3638 2032; x_wconf 88' lang='grc' dir='ltr'>δ’</span> 
     </span>
    </p>
   </div>
   <div class='ocr_carea' id='block_1_77' title="bbox 2043 2066 3637 2142">
    <p class='ocr_par' dir='ltr' id='par_1_77' title="bbox 2043 2066 3637 2142">
     <span class='ocr_line' id='line_1_78' title="bbox 2043 2066 3637 2142; baseline 0.004 -23"><span class='ocrx_word' id='word_1_561' title='bbox 2043 2066 2252 2137; x_wconf 84' lang='grc' dir='ltr'>βιϐλίου</span> <span class='ocrx_word' id='word_1_562' title='bbox 2307 2066 2417 2121; x_wconf 85' lang='grc' dir='ltr'>τῶν</span> <span class='ocrx_word' id='word_1_563' title='bbox 2447 2066 2774 2120; x_wconf 83' lang='grc' dir='ltr'>Βασιλικῶν.</span> <span class='ocrx_word' id='word_1_564' title='bbox 2810 2067 2920 2120; x_wconf 78' lang='grc' dir='ltr'><strong>Καὶ</strong></span> <span class='ocrx_word' id='word_1_565' title='bbox 2946 2068 3224 2137; x_wconf 75' lang='grc' dir='ltr'>ἀνάγνωθι</span> <span class='ocrx_word' id='word_1_566' title='bbox 3274 2071 3461 2124; x_wconf 82' lang='grc' dir='ltr'>τοῦτο.</span> <span class='ocrx_word' id='word_1_567' title='bbox 3502 2072 3637 2142; x_wconf 82' lang='grc' dir='ltr'>Πρὸς</span> 
     </span>
    </p>
   </div>
   <div class='ocr_carea' id='block_1_78' title="bbox 2041 2158 3640 2234">
    <p class='ocr_par' dir='ltr' id='par_1_78' title="bbox 2041 2158 3640 2234">
     <span class='ocr_line' id='line_1_79' title="bbox 2041 2158 3640 2234; baseline 0.004 -22"><span class='ocrx_word' id='word_1_568' title='bbox 2041 2159 2098 2212; x_wconf 82' lang='grc' dir='ltr'>δὲ</span> <span class='ocrx_word' id='word_1_569' title='bbox 2120 2160 2215 2212; x_wconf 75' lang='grc' dir='ltr'>καὶ</span> <span class='ocrx_word' id='word_1_570' title='bbox 2236 2159 2305 2214; x_wconf 71' lang='grc' dir='ltr'><strong>τὰ</strong></span> <span class='ocrx_word' id='word_1_571' title='bbox 2325 2159 2563 2214; x_wconf 77' lang='grc' dir='ltr'>ἐνταῦθα</span> <span class='ocrx_word' id='word_1_572' title='bbox 2598 2158 2994 2230; x_wconf 72' lang='grc' dir='ltr'>συνοψισθέντα</span> <span class='ocrx_word' id='word_1_573' title='bbox 3028 2162 3199 2234; x_wconf 82' lang='grc' dir='ltr'>μέρος</span> <span class='ocrx_word' id='word_1_574' title='bbox 3252 2164 3391 2219; x_wconf 79' lang='grc' dir='ltr'>ὄντα</span> <span class='ocrx_word' id='word_1_575' title='bbox 3421 2164 3516 2219; x_wconf 77' lang='grc' dir='ltr'>τοῦ</span> <span class='ocrx_word' id='word_1_576' title='bbox 3543 2168 3640 2221; x_wconf 84' lang='grc' dir='ltr'><strong>αὐ-</strong></span> 
     </span>
    </p>
   </div>
   <div class='ocr_carea' id='block_1_79' title="bbox 2040 2252 2289 2322">
    <p class='ocr_par' dir='ltr' id='par_1_79' title="bbox 2040 2252 2289 2322">
     <span class='ocr_line' id='line_1_80' title="bbox 2040 2252 2289 2322; baseline 0.004 -15"><span class='ocrx_word' id='word_1_577' title='bbox 2040 2252 2134 2307; x_wconf 76' lang='grc' dir='ltr'>τοῦ</span> <span class='ocrx_word' id='word_1_578' title='bbox 2161 2272 2289 2322; x_wconf 83' lang='grc' dir='ltr'>κεφ.</span> 
     </span>
    </p>
   </div>
   <div class='ocr_carea' id='block_1_80' title="bbox 2111 2348 3637 2425">
    <p class='ocr_par' dir='ltr' id='par_1_80' title="bbox 2111 2348 3637 2425">
     <span class='ocr_line' id='line_1_81' title="bbox 2111 2348 3637 2425; baseline 0.005 -24"><span class='ocrx_word' id='word_1_579' title='bbox 2111 2348 2423 2416; x_wconf 78' lang='grc' dir='ltr'>Κείμενον.</span> <span class='ocrx_word' id='word_1_580' title='bbox 2460 2349 2527 2404; x_wconf 84' lang='grc' dir='ltr'><em>Ἦ</em></span> <span class='ocrx_word' id='word_1_581' title='bbox 2553 2349 2611 2404; x_wconf 85' lang='grc' dir='ltr'>δὲ</span> <span class='ocrx_word' id='word_1_582' title='bbox 2644 2353 2773 2424; x_wconf 72' lang='grc' dir='ltr'>περὶ</span> <span class='ocrx_word' id='word_1_583' title='bbox 2813 2352 3212 2425; x_wconf 80' lang='grc' dir='ltr'>τοποτηρητῶν</span> <span class='ocrx_word' id='word_1_584' title='bbox 3268 2352 3637 2425; x_wconf 78' lang='grc' dir='ltr'>διαλεγομένη</span> 
     </span>
    </p>
   </div>
   <div class='ocr_carea' id='block_1_81' title="bbox 2043 2439 3640 2518">
    <p class='ocr_par' dir='ltr' id='par_1_81' title="bbox 2043 2439 3640 2518">
     <span class='ocr_line' id='line_1_82' title="bbox 2043 2439 3640 2518; baseline 0.005 -26"><span class='ocrx_word' id='word_1_585' title='bbox 2043 2439 2151 2510; x_wconf 80' lang='grc' dir='ltr'>ρλδ¹</span> <span class='ocrx_word' id='word_1_586' title='bbox 2187 2441 2377 2510; x_wconf 74' lang='grc' dir='ltr'>νεαρὰ,</span> <span class='ocrx_word' id='word_1_587' title='bbox 2415 2444 2606 2513; x_wconf 72' lang='grc' dir='ltr'>φησὶν,</span> <span class='ocrx_word' id='word_1_588' title='bbox 2644 2462 2704 2499; x_wconf 92' lang='grc' dir='ltr'>κ.</span> <span class='ocrx_word' id='word_1_589' title='bbox 2730 2463 2783 2501; x_wconf 93' lang='grc' dir='ltr'>τ.</span> <span class='ocrx_word' id='word_1_590' title='bbox 2810 2445 2887 2515; x_wconf 91' lang='grc' dir='ltr'><strong>λ.,</strong></span> <span class='ocrx_word' id='word_1_591' title='bbox 2920 2461 3099 2518; x_wconf 87' lang='lat' dir='ltr'><strong>usque</strong></span> <span class='ocrx_word' id='word_1_592' title='bbox 3132 2446 3197 2501; x_wconf 90' lang='lat' dir='ltr'><strong>ad</strong></span> <span class='ocrx_word' id='word_1_593' title='bbox 3235 2447 3335 2500; x_wconf 75' lang='grc' dir='ltr'>καὶ</span> <span class='ocrx_word' id='word_1_594' title='bbox 3374 2446 3479 2500; x_wconf 83' lang='grc' dir='ltr'>τῶν</span> <span class='ocrx_word' id='word_1_595' title='bbox 3506 2446 3640 2501; x_wconf 69' lang='grc' dir='ltr'>κατὰ</span> 
     </span>
    </p>
   </div>
   <div class='ocr_carea' id='block_1_82' title="bbox 2036 2534 2530 2607">
    <p class='ocr_par' dir='ltr' id='par_1_82' title="bbox 2036 2534 2530 2607">
     <span class='ocr_line' id='line_1_83' title="bbox 2036 2534 2530 2607; baseline 0.008 -20"><span class='ocrx_word' id='word_1_596' title='bbox 2036 2534 2201 2588; x_wconf 81' lang='grc' dir='ltr'>τόπον</span> <span class='ocrx_word' id='word_1_597' title='bbox 2230 2536 2530 2607; x_wconf 83' lang='grc' dir='ltr'>ἀρχόντων.</span> 
     </span>
    </p>
   </div>
   <div class='ocr_carea' id='block_1_83' title="bbox 2107 2629 3635 2706">
    <p class='ocr_par' dir='ltr' id='par_1_83' title="bbox 2107 2629 3635 2706">
     <span class='ocr_line' id='line_1_84' title="bbox 2107 2629 3635 2706; baseline 0.001 -23"><span class='ocrx_word' id='word_1_598' title='bbox 2107 2630 2383 2699; x_wconf 83' lang='grc' dir='ltr'>Σχόλιον.</span> <span class='ocrx_word' id='word_1_599' title='bbox 2425 2629 2491 2683; x_wconf 86' lang='grc' dir='ltr'><strong><em>Ἦ</em></strong></span> <span class='ocrx_word' id='word_1_600' title='bbox 2523 2635 2653 2703; x_wconf 79' lang='grc' dir='ltr'>περὶ</span> <span class='ocrx_word' id='word_1_601' title='bbox 2696 2633 3089 2706; x_wconf 87' lang='grc' dir='ltr'>τοποτηρητῶν</span> <span class='ocrx_word' id='word_1_602' title='bbox 3149 2632 3261 2705; x_wconf 86' lang='grc' dir='ltr'>ρλδ¹</span> <span class='ocrx_word' id='word_1_603' title='bbox 3313 2632 3489 2705; x_wconf 74' lang='grc' dir='ltr'>νεαρὰ</span> <span class='ocrx_word' id='word_1_604' title='bbox 3548 2631 3635 2686; x_wconf 75' lang='grc' dir='ltr'>τοῦ</span> 
     </span>
    </p>
   </div>
   <div class='ocr_carea' id='block_1_84' title="bbox 2048 2719 3631 2799">
    <p class='ocr_par' dir='ltr' id='par_1_84' title="bbox 2048 2719 3631 2799">
     <span class='ocr_line' id='line_1_85' title="bbox 2048 2719 3631 2799; baseline 0.003 -25"><span class='ocrx_word' id='word_1_605' title='bbox 2048 2719 2426 2777; x_wconf 84' lang='grc' dir='ltr'>’1ουστινιανοῦ</span> <span class='ocrx_word' id='word_1_606' title='bbox 2444 2725 2604 2795; x_wconf 85' lang='grc' dir='ltr'>ὲτέθη</span> <span class='ocrx_word' id='word_1_607' title='bbox 2639 2728 2717 2791; x_wconf 85' lang='grc' dir='ltr'><strong>είς</strong></span> <span class='ocrx_word' id='word_1_608' title='bbox 2742 2727 2885 2797; x_wconf 87' lang='grc' dir='ltr'>θέμα</span> <span class='ocrx_word' id='word_1_609' title='bbox 2909 2728 2954 2799; x_wconf 88' lang='grc' dir='ltr'>β’</span> <span class='ocrx_word' id='word_1_610' title='bbox 2992 2727 3085 2782; x_wconf 85' lang='grc' dir='ltr'>τοῦ</span> <span class='ocrx_word' id='word_1_611' title='bbox 3107 2734 3157 2781; x_wconf 83' lang='grc' dir='ltr'>α’</span> <span class='ocrx_word' id='word_1_612' title='bbox 3176 2744 3309 2797; x_wconf 79' lang='grc' dir='ltr'>κεφ,</span> <span class='ocrx_word' id='word_1_613' title='bbox 3342 2726 3440 2781; x_wconf 83' lang='grc' dir='ltr'>τοῦ</span> <span class='ocrx_word' id='word_1_614' title='bbox 3466 2726 3510 2791; x_wconf 80' lang='grc' dir='ltr'><strong>ζ’</strong></span> <span class='ocrx_word' id='word_1_615' title='bbox 3535 2726 3631 2779; x_wconf 88' lang='grc' dir='ltr'>τίτ.</span> 
     </span>
    </p>
   </div>
   <div class='ocr_carea' id='block_1_85' title="bbox 2034 2812 3636 2890">
    <p class='ocr_par' dir='ltr' id='par_1_85' title="bbox 2034 2812 3636 2890">
     <span class='ocr_line' id='line_1_86' title="bbox 2034 2812 3636 2890; baseline 0.002 -24"><span class='ocrx_word' id='word_1_616' title='bbox 2034 2812 2128 2866; x_wconf 78' lang='grc' dir='ltr'>τοῦ</span> <span class='ocrx_word' id='word_1_617' title='bbox 2172 2819 2259 2885; x_wconf 85' lang='grc' dir='ltr'>κη’</span> <span class='ocrx_word' id='word_1_618' title='bbox 2319 2813 2529 2884; x_wconf 85' lang='grc' dir='ltr'>βιϐλίου</span> <span class='ocrx_word' id='word_1_619' title='bbox 2572 2816 2697 2890; x_wconf 77' lang='grc' dir='ltr'><strong>τῶν⁶</strong></span> <span class='ocrx_word' id='word_1_620' title='bbox 2726 2817 3052 2881; x_wconf 84' lang='grc' dir='ltr'>Βασιλικῶν,</span> <span class='ocrx_word' id='word_1_621' title='bbox 3080 2819 3176 2872; x_wconf 75' lang='grc' dir='ltr'>καὶ</span> <span class='ocrx_word' id='word_1_622' title='bbox 3200 2817 3481 2887; x_wconf 80' lang='grc' dir='ltr'>ἀνάγνωθι</span> <span class='ocrx_word' id='word_1_623' title='bbox 3508 2815 3636 2869; x_wconf 86' lang='grc' dir='ltr'>ταύ-</span> 
     </span>
    </p>
   </div>
   <div class='ocr_carea' id='block_1_86' title="bbox 2032 2907 3633 2983">
    <p class='ocr_par' dir='ltr' id='par_1_86' title="bbox 2032 2907 3633 2983">
     <span class='ocr_line' id='line_1_87' title="bbox 2032 2907 3633 2983; baseline 0.002 -24"><span class='ocrx_word' id='word_1_624' title='bbox 2032 2923 2174 2976; x_wconf 89' lang='grc' dir='ltr'>την·</span> <span class='ocrx_word' id='word_1_625' title='bbox 2234 2907 2471 2962; x_wconf 77' lang='grc' dir='ltr'>ἐνταῦθα</span> <span class='ocrx_word' id='word_1_626' title='bbox 2526 2909 2636 2980; x_wconf 86' lang='grc' dir='ltr'><strong>γὰρ</strong></span> <span class='ocrx_word' id='word_1_627' title='bbox 2663 2910 2723 2963; x_wconf 79' lang='grc' dir='ltr'>οὐ</span> <span class='ocrx_word' id='word_1_628' title='bbox 2755 2911 3133 2983; x_wconf 84' lang='grc' dir='ltr'>κατεστρώθη.</span> <span class='ocrx_word' id='word_1_629' title='bbox 3188 2912 3270 2965; x_wconf 87' lang='grc' dir='ltr'>ὅτι</span> <span class='ocrx_word' id='word_1_630' title='bbox 3329 2909 3633 2980; x_wconf 67' lang='grc' dir='ltr'>συνωψίσθη</span> 
     </span>
    </p>
   </div>
   <div class='ocr_carea' id='block_1_87' title="bbox 2032 2992 3636 3076">
    <p class='ocr_par' dir='ltr' id='par_1_87' title="bbox 2032 2992 3636 3076">
     <span class='ocr_line' id='line_1_88' title="bbox 2032 2992 3636 3076; baseline 0.003 -24"><span class='ocrx_word' id='word_1_631' title='bbox 2032 2992 2136 3053; x_wconf 83' lang='grc' dir='ltr'>ὧδέ</span> <span class='ocrx_word' id='word_1_632' title='bbox 2159 3016 2219 3053; x_wconf 86' lang='grc' dir='ltr'><strong>τε</strong></span> <span class='ocrx_word' id='word_1_633' title='bbox 2246 3002 2341 3054; x_wconf 76' lang='grc' dir='ltr'>καὶ</span> <span class='ocrx_word' id='word_1_634' title='bbox 2406 3002 2486 3064; x_wconf 77' lang='grc' dir='ltr'><strong>είς</strong></span> <span class='ocrx_word' id='word_1_635' title='bbox 2513 3002 2574 3056; x_wconf 86' lang='grc' dir='ltr'>τὸ</span> <span class='ocrx_word' id='word_1_636' title='bbox 2604 3004 2647 3056; x_wconf 88' lang='grc' dir='ltr'>δ’</span> <span class='ocrx_word' id='word_1_637' title='bbox 2678 3021 2806 3073; x_wconf 73' lang='grc' dir='ltr'>κεφ.</span> <span class='ocrx_word' id='word_1_638' title='bbox 2860 3004 2956 3059; x_wconf 83' lang='grc' dir='ltr'><strong>τοῦ</strong></span> <span class='ocrx_word' id='word_1_639' title='bbox 2995 3011 3063 3074; x_wconf 88' lang='grc' dir='ltr'>ιγ’</span> <span class='ocrx_word' id='word_1_640' title='bbox 3097 3006 3204 3059; x_wconf 86' lang='grc' dir='ltr'>τίτ.</span> <span class='ocrx_word' id='word_1_641' title='bbox 3240 3005 3342 3058; x_wconf 83' lang='grc' dir='ltr'>τοῦ</span> <span class='ocrx_word' id='word_1_642' title='bbox 3378 3004 3636 3076; x_wconf 82' lang='grc' dir='ltr'>παρόντος</span> 
     </span>
    </p>
   </div>
   <div class='ocr_carea' id='block_1_88' title="bbox 2037 3092 3635 3168">
    <p class='ocr_par' dir='ltr' id='par_1_88' title="bbox 2037 3092 3635 3168">
     <span class='ocr_line' id='line_1_89' title="bbox 2037 3092 3635 3168; baseline 0.003 -24"><span class='ocrx_word' id='word_1_643' title='bbox 2037 3092 2438 3162; x_wconf 83' lang='grc' dir='ltr'>συντάγματος.</span> <span class='ocrx_word' id='word_1_644' title='bbox 2478 3094 2757 3159; x_wconf 78' lang='grc' dir='ltr'>Ὡσαύτως</span> <span class='ocrx_word' id='word_1_645' title='bbox 2791 3097 3106 3168; x_wconf 76' lang='grc' dir='ltr'>συνωψίσοη</span> <span class='ocrx_word' id='word_1_646' title='bbox 3139 3099 3232 3152; x_wconf 76' lang='grc' dir='ltr'>καὶ</span> <span class='ocrx_word' id='word_1_647' title='bbox 3263 3099 3298 3167; x_wconf 80' lang='grc' dir='ltr'>ἡ</span> <span class='ocrx_word' id='word_1_648' title='bbox 3337 3098 3439 3168; x_wconf 64' lang='grc' dir='ltr'>ριξ</span> <span class='ocrx_word' id='word_1_649' title='bbox 3475 3096 3635 3167; x_wconf 80' lang='grc' dir='ltr'>νεαρᾶ</span> 
     </span>
    </p>
   </div>
   <div class='ocr_carea' id='block_1_89' title="bbox 2034 3184 3636 3261">
    <p class='ocr_par' dir='ltr' id='par_1_89' title="bbox 2034 3184 3636 3261">
     <span class='ocr_line' id='line_1_90' title="bbox 2034 3184 3636 3261; baseline 0.003 -24"><span class='ocrx_word' id='word_1_650' title='bbox 2034 3184 2100 3255; x_wconf 81' lang='grc' dir='ltr'>ἣν</span> <span class='ocrx_word' id='word_1_651' title='bbox 2130 3185 2221 3238; x_wconf 72' lang='grc' dir='ltr'>καὶ</span> <span class='ocrx_word' id='word_1_652' title='bbox 2285 3186 2578 3254; x_wconf 75' lang='grc' dir='ltr'>ἀνάγνωθι.</span> <span class='ocrx_word' id='word_1_653' title='bbox 2615 3188 2696 3243; x_wconf 76' lang='grc' dir='ltr'><strong>Τὰ</strong></span> <span class='ocrx_word' id='word_1_654' title='bbox 2729 3189 2787 3242; x_wconf 87' lang='grc' dir='ltr'>δὲ</span> <span class='ocrx_word' id='word_1_655' title='bbox 2817 3192 2946 3260; x_wconf 75' lang='grc' dir='ltr'>περὶ</span> <span class='ocrx_word' id='word_1_656' title='bbox 3010 3190 3105 3245; x_wconf 87' lang='grc' dir='ltr'>τοῦ</span> <span class='ocrx_word' id='word_1_657' title='bbox 3164 3189 3636 3261; x_wconf 79' lang='grc' dir='ltr'>κατηγορηθέντος</span> 
     </span>
    </p>
   </div>
   <div class='ocr_carea' id='block_1_90' title="bbox 2034 3277 3635 3354">
    <p class='ocr_par' dir='ltr' id='par_1_90' title="bbox 2034 3277 3635 3354">
     <span class='ocr_line' id='line_1_91' title="bbox 2034 3277 3635 3354; baseline 0.002 -25"><span class='ocrx_word' id='word_1_658' title='bbox 2034 3277 2129 3330; x_wconf 80' lang='grc' dir='ltr'><strong>ἐπὶ</strong></span> <span class='ocrx_word' id='word_1_659' title='bbox 2162 3279 2378 3350; x_wconf 75' lang='grc' dir='ltr'>μοιχείᾳ</span> <span class='ocrx_word' id='word_1_660' title='bbox 2430 3280 2525 3334; x_wconf 75' lang='grc' dir='ltr'>καὶ</span> <span class='ocrx_word' id='word_1_661' title='bbox 2556 3282 2700 3335; x_wconf 81' lang='grc' dir='ltr'>κατὰ</span> <span class='ocrx_word' id='word_1_662' title='bbox 2749 3284 3045 3354; x_wconf 77' lang='grc' dir='ltr'>προδοσίαν</span> <span class='ocrx_word' id='word_1_663' title='bbox 3081 3284 3176 3338; x_wconf 76' lang='grc' dir='ltr'>τοῦ</span> <span class='ocrx_word' id='word_1_664' title='bbox 3210 3283 3480 3338; x_wconf 82' lang='grc' dir='ltr'>δικαστοῦ</span> <span class='ocrx_word' id='word_1_665' title='bbox 3509 3284 3635 3336; x_wconf 84' lang='grc' dir='ltr'>ἀπο-</span> 
     </span>
    </p>
   </div>
   <div class='ocr_carea' id='block_1_91' title="bbox 2036 3371 3630 3446">
    <p class='ocr_par' dir='ltr' id='par_1_91' title="bbox 2036 3371 3630 3446">
     <span class='ocr_line' id='line_1_92' title="bbox 2036 3371 3630 3446; baseline 0.002 -22"><span class='ocrx_word' id='word_1_666' title='bbox 2036 3371 2297 3441; x_wconf 84' lang='grc' dir='ltr'>φυγόντος</span> <span class='ocrx_word' id='word_1_667' title='bbox 2325 3372 2423 3437; x_wconf 78' lang='grc' dir='ltr'><strong>τὰς</strong></span> <span class='ocrx_word' id='word_1_668' title='bbox 2455 3376 2667 3441; x_wconf 75' lang='grc' dir='ltr'>ποινὰς,</span> <span class='ocrx_word' id='word_1_669' title='bbox 2696 3377 2797 3429; x_wconf 72' lang='grc' dir='ltr'>οὐκ</span> <span class='ocrx_word' id='word_1_670' title='bbox 2824 3376 3092 3446; x_wconf 78' lang='grc' dir='ltr'>ἐτέθησαν</span> <span class='ocrx_word' id='word_1_671' title='bbox 3131 3376 3213 3439; x_wconf 88' lang='grc' dir='ltr'><strong>εἰς</strong></span> <span class='ocrx_word' id='word_1_672' title='bbox 3241 3377 3316 3429; x_wconf 74' lang='grc' dir='ltr'><strong>τὰ</strong></span> <span class='ocrx_word' id='word_1_673' title='bbox 3357 3374 3630 3445; x_wconf 72' lang='grc' dir='ltr'>βασιλικά.</span> 
     </span>
    </p>
   </div>
   <div class='ocr_carea' id='block_1_92' title="bbox 2048 3465 3634 3540">
    <p class='ocr_par' dir='ltr' id='par_1_92' title="bbox 2048 3465 3634 3540">
     <span class='ocr_line' id='line_1_93' title="bbox 2048 3465 3634 3540; baseline -0.001 -21"><span class='ocrx_word' id='word_1_674' title='bbox 2048 3465 2345 3533; x_wconf 84' lang='grc' dir='ltr'>Ἀνάγνωθι</span> <span class='ocrx_word' id='word_1_675' title='bbox 2394 3468 2488 3521; x_wconf 78' lang='grc' dir='ltr'>καὶ</span> <span class='ocrx_word' id='word_1_676' title='bbox 2531 3468 2629 3539; x_wconf 80' lang='grc' dir='ltr'>τὴν</span> <span class='ocrx_word' id='word_1_677' title='bbox 2663 3468 2742 3537; x_wconf 85' lang='grc' dir='ltr'>λβ¹</span> <span class='ocrx_word' id='word_1_678' title='bbox 2773 3469 2974 3540; x_wconf 75' lang='grc' dir='ltr'>νεαρὰν</span> <span class='ocrx_word' id='word_1_679' title='bbox 3010 3468 3104 3522; x_wconf 80' lang='grc' dir='ltr'><strong>τοῦ</strong></span> <span class='ocrx_word' id='word_1_680' title='bbox 3147 3467 3421 3539; x_wconf 83' lang='grc' dir='ltr'>βασιλέως</span> <span class='ocrx_word' id='word_1_681' title='bbox 3451 3465 3634 3537; x_wconf 79' lang='grc' dir='ltr'>κυρίου</span> 
     </span>
    </p>
   </div>
   <div class='ocr_carea' id='block_1_93' title="bbox 2033 3557 3424 3633">
    <p class='ocr_par' dir='ltr' id='par_1_93' title="bbox 2033 3557 3424 3633">
     <span class='ocr_line' id='line_1_94' title="bbox 2033 3557 3424 3633; baseline 0.002 -20"><span class='ocrx_word' id='word_1_682' title='bbox 2033 3557 2261 3622; x_wconf 80' lang='grc' dir='ltr'>Λέοντος</span> <span class='ocrx_word' id='word_1_683' title='bbox 2288 3559 2383 3614; x_wconf 77' lang='grc' dir='ltr'>τοῦ</span> <span class='ocrx_word' id='word_1_684' title='bbox 2416 3562 2711 3631; x_wconf 65' lang='grc' dir='ltr'>φιλοσόφου</span> <span class='ocrx_word' id='word_1_685' title='bbox 2746 3562 3193 3633; x_wconf 74' lang='grc' dir='ltr'>ἀναγκαιοτάτην</span> <span class='ocrx_word' id='word_1_686' title='bbox 3232 3558 3424 3616; x_wconf 82' lang='grc' dir='ltr'>οὖσαν.</span> 
     </span>
    </p>
   </div>
   <div class='ocr_carea' id='block_1_94' title="bbox 2116 3652 3628 3726">
    <p class='ocr_par' dir='ltr' id='par_1_94' title="bbox 2116 3652 3628 3726">
     <span class='ocr_line' id='line_1_95' title="bbox 2116 3652 3628 3726; baseline 0.005 -21"><span class='ocrx_word' id='word_1_687' title='bbox 2116 3653 2368 3707; x_wconf 81' lang='grc' dir='ltr'><strong>ΚΕΦΑΛ.</strong></span> <span class='ocrx_word' id='word_1_688' title='bbox 2396 3652 2469 3707; x_wconf 85' lang='grc' dir='ltr'><strong>Β¹.</strong></span> <span class='ocrx_word' id='word_1_689' title='bbox 2495 3684 2568 3696; x_wconf 90' lang='grc'><strong><em>-</em></strong></span> <span class='ocrx_word' id='word_1_690' title='bbox 2622 3657 2762 3725; x_wconf 79' lang='grc' dir='ltr'>Περὶ</span> <span class='ocrx_word' id='word_1_691' title='bbox 2828 3656 2950 3711; x_wconf 83' lang='grc' dir='ltr'>τῶν</span> <span class='ocrx_word' id='word_1_692' title='bbox 2975 3657 3046 3723; x_wconf 78' lang='grc' dir='ltr'><strong>ἐξ</strong></span> <span class='ocrx_word' id='word_1_693' title='bbox 3079 3657 3302 3726; x_wconf 82' lang='grc' dir='ltr'>ἐτέρων</span> <span class='ocrx_word' id='word_1_694' title='bbox 3322 3673 3628 3726; x_wconf 79' lang='grc' dir='ltr'>μοναστη·</span> 
     </span>
    </p>
   </div>
   <div class='ocr_carea' id='block_1_95' title="bbox 2030 3743 3355 3817">
    <p class='ocr_par' dir='ltr' id='par_1_95' title="bbox 2030 3743 3355 3817">
     <span class='ocr_line' id='line_1_96' title="bbox 2030 3743 3355 3817; baseline 0.004 -21"><span class='ocrx_word' id='word_1_695' title='bbox 2030 3743 2182 3813; x_wconf 81' lang='grc' dir='ltr'>ρὶων</span> <span class='ocrx_word' id='word_1_696' title='bbox 2213 3743 2545 3813; x_wconf 72' lang='grc' dir='ltr'>γινομένων</span> <span class='ocrx_word' id='word_1_697' title='bbox 2569 3746 2921 3816; x_wconf 75' lang='grc' dir='ltr'>ἡγουμένων</span> <span class='ocrx_word' id='word_1_698' title='bbox 2957 3746 2995 3817; x_wconf 80' lang='grc' dir='ltr'>ἢ</span> <span class='ocrx_word' id='word_1_699' title='bbox 3027 3745 3355 3814; x_wconf 75' lang='grc' dir='ltr'>κληρικῶν.</span> 
     </span>
    </p>
   </div>
   <div class='ocr_carea' id='block_1_96' title="bbox 2109 3837 3632 3911">
    <p class='ocr_par' dir='ltr' id='par_1_96' title="bbox 2109 3837 3632 3911">
     <span class='ocr_line' id='line_1_97' title="bbox 2109 3837 3632 3911; baseline 0.002 -21"><span class='ocrx_word' id='word_1_700' title='bbox 2109 3837 2336 3891; x_wconf 90' lang='grc' dir='ltr'>Συνόδου</span> <span class='ocrx_word' id='word_1_701' title='bbox 2376 3838 2775 3911; x_wconf 82' lang='grc' dir='ltr'>Καρθαγέννης</span> <span class='ocrx_word' id='word_1_702' title='bbox 2801 3838 2984 3895; x_wconf 85' lang='grc' dir='ltr'>κανὼν</span> <span class='ocrx_word' id='word_1_703' title='bbox 3019 3846 3071 3893; x_wconf 88' lang='grc' dir='ltr'>π’</span> <span class='ocrx_word' id='word_1_704' title='bbox 3100 3855 3114 3869; x_wconf 82' lang='lat'>&#39;</span> <span class='ocrx_word' id='word_1_705' title='bbox 3152 3838 3379 3894; x_wconf 85' lang='grc' dir='ltr'>συνόδου</span> <span class='ocrx_word' id='word_1_706' title='bbox 3403 3838 3632 3902; x_wconf 78' lang='grc' dir='ltr'>Νικαίας</span> 
     </span>
    </p>
   </div>
   <div class='ocr_carea' id='block_1_97' title="bbox 2038 3927 2525 4000">
    <p class='ocr_par' dir='ltr' id='par_1_97' title="bbox 2038 3927 2525 4000">
     <span class='ocr_line' id='line_1_98' title="bbox 2038 3927 2525 4000; baseline 0.008 -17"><span class='ocrx_word' id='word_1_707' title='bbox 2038 3930 2098 3983; x_wconf 84' lang='grc' dir='ltr'>τὸ</span> <span class='ocrx_word' id='word_1_708' title='bbox 2130 3927 2175 4000; x_wconf 86' lang='grc' dir='ltr'>β’</span> <span class='ocrx_word' id='word_1_709' title='bbox 2205 3930 2386 3985; x_wconf 86' lang='grc' dir='ltr'>κανὼν</span> <span class='ocrx_word' id='word_1_710' title='bbox 2417 3930 2525 3987; x_wconf 84' lang='grc' dir='ltr'>κα’.</span> 
     </span>
    </p>
   </div>
   <div class='ocr_carea' id='block_1_98' title="bbox 2094 4041 3629 4116">
    <p class='ocr_par' dir='ltr' id='par_1_98' title="bbox 2094 4041 3629 4116">
     <span class='ocr_line' id='line_1_99' title="bbox 2094 4041 3629 4116; baseline 0.002 -19"><span class='ocrx_word' id='word_1_711' title='bbox 2094 4044 2352 4099; x_wconf 78' lang='grc' dir='ltr'><strong>ΚΕΦΑΛ.</strong></span> <span class='ocrx_word' id='word_1_712' title='bbox 2416 4042 2491 4099; x_wconf 87' lang='grc' dir='ltr'><strong>Γ’.</strong></span> <span class='ocrx_word' id='word_1_713' title='bbox 2538 4077 2607 4086; x_wconf 92' lang='grc'><strong>-</strong></span> <span class='ocrx_word' id='word_1_714' title='bbox 2638 4044 2781 4114; x_wconf 78' lang='grc' dir='ltr'>Περὶ</span> <span class='ocrx_word' id='word_1_715' title='bbox 2825 4045 3063 4100; x_wconf 71' lang='grc' dir='ltr'>δούλων</span> <span class='ocrx_word' id='word_1_716' title='bbox 3109 4045 3537 4116; x_wconf 77' lang='grc' dir='ltr'>μοναζόντων,</span> <span class='ocrx_word' id='word_1_717' title='bbox 3594 4041 3629 4111; x_wconf 78' lang='grc' dir='ltr'><strong><em>ἧ</em></strong></span> 
     </span>
    </p>
   </div>
   <div class='ocr_carea' id='block_1_99' title="bbox 2040 4135 3631 4209">
    <p class='ocr_par' dir='ltr' id='par_1_99' title="bbox 2040 4135 3631 4209">
     <span class='ocr_line' id='line_1_100' title="bbox 2040 4135 3631 4209; baseline 0 -18"><span class='ocrx_word' id='word_1_718' title='bbox 2040 4137 2341 4207; x_wconf 63' lang='grc' dir='ltr'>προφάσει</span> <span class='ocrx_word' id='word_1_719' title='bbox 2397 4139 2713 4205; x_wconf 75' lang='grc' dir='ltr'>εὐλαϐείας</span> <span class='ocrx_word' id='word_1_720' title='bbox 2774 4139 3323 4209; x_wconf 70' lang='grc' dir='ltr'>καταφρονούντων</span> <span class='ocrx_word' id='word_1_721' title='bbox 3350 4180 3366 4205; x_wconf 93' lang='grc'><strong>,</strong></span> <span class='ocrx_word' id='word_1_722' title='bbox 3419 4135 3631 4207; x_wconf 75' lang='grc' dir='ltr'>καὶμὴ</span> 
     </span>
    </p>
   </div>
   <div class='ocr_carea' id='block_1_100' title="bbox 2045 4231 2988 4298">
    <p class='ocr_par' dir='ltr' id='par_1_100' title="bbox 2045 4231 2988 4298">
     <span class='ocr_line' id='line_1_101' title="bbox 2045 4231 2988 4298; baseline 0.003 -13"><span class='ocrx_word' id='word_1_723' title='bbox 2045 4231 2468 4286; x_wconf 79' lang='grc' dir='ltr'>δουλευόντων</span> <span class='ocrx_word' id='word_1_724' title='bbox 2495 4231 2619 4297; x_wconf 82' lang='grc' dir='ltr'>τοῖς</span> <span class='ocrx_word' id='word_1_725' title='bbox 2642 4231 2988 4298; x_wconf 85' lang='grc' dir='ltr'>δεσπόταις.</span> 
     </span>
    </p>
   </div>
   <div class='ocr_carea' id='block_1_101' title="bbox 2116 4343 3627 4415">
    <p class='ocr_par' dir='ltr' id='par_1_101' title="bbox 2116 4343 3627 4415">
     <span class='ocr_line' id='line_1_102' title="bbox 2116 4343 3627 4415; baseline 0.001 -19"><span class='ocrx_word' id='word_1_726' title='bbox 2116 4344 2343 4398; x_wconf 80' lang='grc' dir='ltr'>Συνόδου</span> <span class='ocrx_word' id='word_1_727' title='bbox 2373 4343 2638 4415; x_wconf 76' lang='grc' dir='ltr'>Γαγγρῶν</span> <span class='ocrx_word' id='word_1_728' title='bbox 2663 4344 2843 4398; x_wconf 88' lang='grc' dir='ltr'>κανὼν</span> <span class='ocrx_word' id='word_1_729' title='bbox 2868 4351 2916 4414; x_wconf 86' lang='grc' dir='ltr'>γ’</span> <span class='ocrx_word' id='word_1_730' title='bbox 2940 4362 2953 4375; x_wconf 89' lang='grc'><strong>·</strong></span> <span class='ocrx_word' id='word_1_731' title='bbox 2982 4344 3202 4399; x_wconf 79' lang='grc' dir='ltr'>συνόδου</span> <span class='ocrx_word' id='word_1_732' title='bbox 3227 4353 3278 4412; x_wconf 84' lang='grc' dir='ltr'>ς’</span> <span class='ocrx_word' id='word_1_733' title='bbox 3311 4344 3493 4400; x_wconf 88' lang='grc' dir='ltr'>κανὼν</span> <span class='ocrx_word' id='word_1_734' title='bbox 3516 4349 3594 4398; x_wconf 80' lang='grc' dir='ltr'>πε⁰</span> <span class='ocrx_word' id='word_1_735' title='bbox 3613 4358 3627 4373; x_wconf 89' lang='grc'><strong>·</strong></span> 
     </span>
    </p>
   </div>
   <div class='ocr_carea' id='block_1_102' title="bbox 2046 4436 2934 4508">
    <p class='ocr_par' dir='ltr' id='par_1_102' title="bbox 2046 4436 2934 4508">
     <span class='ocr_line' id='line_1_103' title="bbox 2046 4436 2934 4508; baseline 0.002 -17"><span class='ocrx_word' id='word_1_736' title='bbox 2046 4438 2266 4491; x_wconf 83' lang='grc' dir='ltr'>συνόδου</span> <span class='ocrx_word' id='word_1_737' title='bbox 2297 4437 2638 4508; x_wconf 82' lang='grc' dir='ltr'>Χαλκηδόνος</span> <span class='ocrx_word' id='word_1_738' title='bbox 2664 4437 2844 4491; x_wconf 88' lang='grc' dir='ltr'>κανὼν</span> <span class='ocrx_word' id='word_1_739' title='bbox 2872 4436 2934 4494; x_wconf 83' lang='grc' dir='ltr'><strong>δ’.</strong></span> 
     </span>
    </p>
   </div>
   <div class='ocr_carea' id='block_1_103' title="bbox 2112 4551 3628 4625">
    <p class='ocr_par' dir='ltr' id='par_1_103' title="bbox 2112 4551 3628 4625">
     <span class='ocr_line' id='line_1_104' title="bbox 2112 4551 3628 4625; baseline -0.003 -18"><span class='ocrx_word' id='word_1_740' title='bbox 2112 4554 2421 4623; x_wconf 71' lang='grc' dir='ltr'>Κείμενον.</span> <span class='ocrx_word' id='word_1_741' title='bbox 2476 4552 2541 4607; x_wconf 80' lang='grc' dir='ltr'><em>Ἠ</em></span> <span class='ocrx_word' id='word_1_742' title='bbox 2573 4552 2665 4618; x_wconf 83' lang='grc' dir='ltr'>λς’</span> <span class='ocrx_word' id='word_1_743' title='bbox 2700 4551 2844 4607; x_wconf 77' lang='grc' dir='ltr'>διάτ.</span> <span class='ocrx_word' id='word_1_744' title='bbox 2874 4551 2967 4607; x_wconf 80' lang='grc' dir='ltr'><strong>τοῦ</strong></span> <span class='ocrx_word' id='word_1_745' title='bbox 3002 4560 3051 4623; x_wconf 91' lang='grc' dir='ltr'>γ’</span> <span class='ocrx_word' id='word_1_746' title='bbox 3083 4553 3190 4608; x_wconf 86' lang='grc' dir='ltr'>τίτ.</span> <span class='ocrx_word' id='word_1_747' title='bbox 3213 4553 3309 4607; x_wconf 84' lang='grc' dir='ltr'><strong>τοῦ</strong></span> <span class='ocrx_word' id='word_1_748' title='bbox 3347 4560 3400 4608; x_wconf 83' lang='grc' dir='ltr'>α’</span> <span class='ocrx_word' id='word_1_749' title='bbox 3429 4552 3628 4625; x_wconf 79' lang='grc' dir='ltr'>βιϐλίου</span> 
     </span>
    </p>
   </div>
   <div class='ocr_carea' id='block_1_104' title="bbox 2042 4645 3628 4719">
    <p class='ocr_par' dir='ltr' id='par_1_104' title="bbox 2042 4645 3628 4719">
     <span class='ocr_line' id='line_1_105' title="bbox 2042 4645 3628 4719; baseline -0.003 -18"><span class='ocrx_word' id='word_1_750' title='bbox 2042 4647 2136 4701; x_wconf 79' lang='grc' dir='ltr'><strong>τοῦ</strong></span> <span class='ocrx_word' id='word_1_751' title='bbox 2176 4646 2405 4710; x_wconf 76' lang='grc' dir='ltr'>κώδικος</span> <span class='ocrx_word' id='word_1_752' title='bbox 2444 4647 2629 4718; x_wconf 75' lang='grc' dir='ltr'>φησὶν,</span> <span class='ocrx_word' id='word_1_753' title='bbox 2665 4664 2720 4700; x_wconf 90' lang='grc' dir='ltr'>κ.</span> <span class='ocrx_word' id='word_1_754' title='bbox 2752 4664 2806 4702; x_wconf 87' lang='grc' dir='ltr'>τ.</span> <span class='ocrx_word' id='word_1_755' title='bbox 2845 4645 2895 4701; x_wconf 83' lang='grc' dir='ltr'>λ.</span> <span class='ocrx_word' id='word_1_756' title='bbox 2922 4662 3099 4716; x_wconf 80' lang='lat' dir='ltr'><strong>usque</strong></span> <span class='ocrx_word' id='word_1_757' title='bbox 3118 4648 3186 4702; x_wconf 85' lang='lat' dir='ltr'><strong>ad</strong></span> <span class='ocrx_word' id='word_1_758' title='bbox 3215 4648 3310 4701; x_wconf 81' lang='grc' dir='ltr'>καὶ</span> <span class='ocrx_word' id='word_1_759' title='bbox 3338 4647 3432 4702; x_wconf 75' lang='grc' dir='ltr'>δύο</span> <span class='ocrx_word' id='word_1_760' title='bbox 3466 4662 3628 4719; x_wconf 85' lang='grc' dir='ltr'>μονα-</span> 
     </span>
    </p>
   </div>
   <div class='ocr_carea' id='block_1_105' title="bbox 2043 4739 3203 4812">
    <p class='ocr_par' dir='ltr' id='par_1_105' title="bbox 2043 4739 3203 4812">
     <span class='ocr_line' id='line_1_106' title="bbox 2043 4739 3203 4812; baseline 0.002 -18"><span class='ocrx_word' id='word_1_761' title='bbox 2043 4741 2279 4810; x_wconf 85' lang='grc' dir='ltr'>στηρίων</span> <span class='ocrx_word' id='word_1_762' title='bbox 2312 4741 2372 4795; x_wconf 78' lang='grc' dir='ltr'>οὗ</span> <span class='ocrx_word' id='word_1_763' title='bbox 2408 4740 2616 4810; x_wconf 85' lang='grc' dir='ltr'>γίνεται</span> <span class='ocrx_word' id='word_1_764' title='bbox 2672 4739 2830 4804; x_wconf 80' lang='grc' dir='ltr'>αὐτὸς</span> <span class='ocrx_word' id='word_1_765' title='bbox 2882 4739 3203 4812; x_wconf 80' lang='grc' dir='ltr'>ἡγούμενος.</span> 
     </span>
    </p>
   </div>
   <div class='ocr_carea' id='block_1_106' title="bbox 2113 4852 3629 4924">
    <p class='ocr_par' dir='ltr' id='par_1_106' title="bbox 2113 4852 3629 4924">
     <span class='ocr_line' id='line_1_107' title="bbox 2113 4852 3629 4924; baseline -0.005 -14"><span class='ocrx_word' id='word_1_766' title='bbox 2113 4856 2395 4924; x_wconf 75' lang='grc' dir='ltr'>Σχόλιον.</span> <span class='ocrx_word' id='word_1_767' title='bbox 2449 4854 2513 4908; x_wconf 90' lang='grc' dir='ltr'>Ἡ</span> <span class='ocrx_word' id='word_1_768' title='bbox 2534 4852 2621 4919; x_wconf 82' lang='grc' dir='ltr'>λς’</span> <span class='ocrx_word' id='word_1_769' title='bbox 2652 4855 2793 4911; x_wconf 84' lang='grc' dir='ltr'>διάτ.</span> <span class='ocrx_word' id='word_1_770' title='bbox 2847 4854 2943 4911; x_wconf 81' lang='grc' dir='ltr'>τοῦ</span> <span class='ocrx_word' id='word_1_771' title='bbox 2992 4854 3041 4924; x_wconf 89' lang='grc' dir='ltr'>γ’</span> <span class='ocrx_word' id='word_1_772' title='bbox 3064 4855 3168 4909; x_wconf 87' lang='grc' dir='ltr'>τίτ.</span> <span class='ocrx_word' id='word_1_773' title='bbox 3223 4852 3319 4908; x_wconf 85' lang='grc' dir='ltr'>τοῦ</span> <span class='ocrx_word' id='word_1_774' title='bbox 3355 4852 3404 4908; x_wconf 87' lang='grc' dir='ltr'>α’</span> <span class='ocrx_word' id='word_1_775' title='bbox 3432 4852 3629 4923; x_wconf 82' lang='grc' dir='ltr'>βιϐλίου</span> 
     </span>
    </p>
   </div>
   <div class='ocr_carea' id='block_1_107' title="bbox 2040 4943 3629 5021">
    <p class='ocr_par' dir='ltr' id='par_1_107' title="bbox 2040 4943 3629 5021">
     <span class='ocr_line' id='line_1_108' title="bbox 2040 4943 3629 5021; baseline -0.004 -18"><span class='ocrx_word' id='word_1_776' title='bbox 2040 4948 2135 5003; x_wconf 83' lang='grc' dir='ltr'>τοῦ</span> <span class='ocrx_word' id='word_1_777' title='bbox 2167 4948 2394 5013; x_wconf 79' lang='grc' dir='ltr'>κώδικος</span> <span class='ocrx_word' id='word_1_778' title='bbox 2425 4951 2525 5003; x_wconf 76' lang='grc' dir='ltr'>οὐκ</span> <span class='ocrx_word' id='word_1_779' title='bbox 2550 4949 2711 5021; x_wconf 80' lang='grc' dir='ltr'>ἐτέθη</span> <span class='ocrx_word' id='word_1_780' title='bbox 2742 4952 2822 5013; x_wconf 84' lang='grc' dir='ltr'><strong>είς</strong></span> <span class='ocrx_word' id='word_1_781' title='bbox 2842 4950 2908 5004; x_wconf 85' lang='grc' dir='ltr'><strong>τὰ</strong></span> <span class='ocrx_word' id='word_1_782' title='bbox 2942 4948 3224 5012; x_wconf 76' lang='grc' dir='ltr'>Βασιλικὰ,</span> <span class='ocrx_word' id='word_1_783' title='bbox 3259 4948 3381 5001; x_wconf 83' lang='grc' dir='ltr'>οὐδὲ</span> <span class='ocrx_word' id='word_1_784' title='bbox 3412 4945 3486 5010; x_wconf 79' lang='grc' dir='ltr'><strong>λζ’</strong></span> <span class='ocrx_word' id='word_1_785' title='bbox 3516 4943 3629 4999; x_wconf 82' lang='grc' dir='ltr'>οὐδὲ</span> 
     </span>
    </p>
   </div>
   <div class='ocr_carea' id='block_1_108' title="bbox 2043 5036 3627 5114">
    <p class='ocr_par' dir='ltr' id='par_1_108' title="bbox 2043 5036 3627 5114">
     <span class='ocr_line' id='line_1_109' title="bbox 2043 5036 3627 5114; baseline -0.004 -19"><span class='ocrx_word' id='word_1_786' title='bbox 2043 5043 2077 5114; x_wconf 85' lang='grc' dir='ltr'>ή</span> <span class='ocrx_word' id='word_1_787' title='bbox 2108 5049 2173 5110; x_wconf 80' lang='grc' dir='ltr'>ιγ’</span> <span class='ocrx_word' id='word_1_788' title='bbox 2219 5042 2361 5096; x_wconf 84' lang='grc' dir='ltr'>διὰτ.</span> <span class='ocrx_word' id='word_1_789' title='bbox 2386 5042 2480 5096; x_wconf 82' lang='grc' dir='ltr'>τοῦ</span> <span class='ocrx_word' id='word_1_790' title='bbox 2518 5042 2563 5097; x_wconf 92' lang='grc' dir='ltr'>α’</span> <span class='ocrx_word' id='word_1_791' title='bbox 2588 5045 2694 5098; x_wconf 85' lang='grc' dir='ltr'>τίτ.</span> <span class='ocrx_word' id='word_1_792' title='bbox 2723 5042 2831 5097; x_wconf 86' lang='grc' dir='ltr'><strong>τῶν</strong></span> <span class='ocrx_word' id='word_1_793' title='bbox 2855 5042 3108 5113; x_wconf 80' lang='grc' dir='ltr'>Νεαρῶν,</span> <span class='ocrx_word' id='word_1_794' title='bbox 3132 5042 3298 5112; x_wconf 85' lang='grc' dir='ltr'>νεαρὰ</span> <span class='ocrx_word' id='word_1_795' title='bbox 3319 5036 3455 5094; x_wconf 82' lang='grc' dir='ltr'>οὖσα</span> <span class='ocrx_word' id='word_1_796' title='bbox 3504 5039 3627 5090; x_wconf 82' lang='grc' dir='ltr'>’1ου-</span> 
     </span>
    </p>
   </div>
   <div class='ocr_carea' id='block_1_109' title="bbox 2046 5131 3627 5207">
    <p class='ocr_par' dir='ltr' id='par_1_109' title="bbox 2046 5131 3627 5207">
     <span class='ocr_line' id='line_1_110' title="bbox 2046 5131 3627 5207; baseline -0.003 -18"><span class='ocrx_word' id='word_1_797' title='bbox 2046 5135 2365 5199; x_wconf 80' lang='grc' dir='ltr'>στινιάνειος</span> <span class='ocrx_word' id='word_1_798' title='bbox 2405 5135 2444 5189; x_wconf 86' lang='grc' dir='ltr'>ε’</span> <span class='ocrx_word' id='word_1_799' title='bbox 2473 5154 2485 5167; x_wconf 91' lang='grc'>·</span> <span class='ocrx_word' id='word_1_800' title='bbox 2514 5139 2645 5207; x_wconf 75' lang='grc' dir='ltr'>περὶ</span> <span class='ocrx_word' id='word_1_801' title='bbox 2694 5137 2893 5191; x_wconf 81' lang='grc' dir='ltr'>δούλων</span> <span class='ocrx_word' id='word_1_802' title='bbox 2934 5135 3323 5206; x_wconf 86' lang='grc' dir='ltr'>κληρουμένων</span> <span class='ocrx_word' id='word_1_803' title='bbox 3376 5131 3627 5203; x_wconf 75' lang='grc' dir='ltr'>μοναζόνσ</span> 
     </span>
    </p>
   </div>
   <div class='ocr_carea' id='block_1_110' title="bbox 2041 5225 3621 5301">
    <p class='ocr_par' dir='ltr' id='par_1_110' title="bbox 2041 5225 3621 5301">
     <span class='ocr_line' id='line_1_111' title="bbox 2041 5225 3621 5301; baseline -0.003 -19"><span class='ocrx_word' id='word_1_804' title='bbox 2041 5229 2228 5300; x_wconf 84' lang='grc' dir='ltr'>των,ἢ</span> <span class='ocrx_word' id='word_1_805' title='bbox 2260 5231 2351 5283; x_wconf 75' lang='grc' dir='ltr'>καὶ</span> <span class='ocrx_word' id='word_1_806' title='bbox 2376 5232 2455 5294; x_wconf 83' lang='grc' dir='ltr'><strong>εἰς</strong></span> <span class='ocrx_word' id='word_1_807' title='bbox 2487 5232 2845 5285; x_wconf 80' lang='grc' dir='ltr'>ὲπισκοπικδν</span> <span class='ocrx_word' id='word_1_808' title='bbox 2880 5230 3098 5301; x_wconf 75' lang='grc' dir='ltr'>ἀξίωμα</span> <span class='ocrx_word' id='word_1_809' title='bbox 3126 5225 3621 5298; x_wconf 82' lang='grc' dir='ltr'>προϐιϐαςομένων,</span> 
     </span>
    </p>
   </div>
   <div class='ocr_carea' id='block_1_111' title="bbox 2044 5316 3625 5389">
    <p class='ocr_par' dir='ltr' id='par_1_111' title="bbox 2044 5316 3625 5389">
     <span class='ocr_line' id='line_1_112' title="bbox 2044 5316 3625 5389; baseline -0.001 -20"><span class='ocrx_word' id='word_1_810' title='bbox 2044 5316 2320 5385; x_wconf 80' lang='grc' dir='ltr'>ἀνάγνωθι</span> <span class='ocrx_word' id='word_1_811' title='bbox 2349 5318 2414 5371; x_wconf 86' lang='grc' dir='ltr'>τὸ</span> <span class='ocrx_word' id='word_1_812' title='bbox 2448 5317 2536 5385; x_wconf 83' lang='grc' dir='ltr'>λς’</span> <span class='ocrx_word' id='word_1_813' title='bbox 2588 5338 2715 5389; x_wconf 80' lang='grc' dir='ltr'>κεφ.</span> <span class='ocrx_word' id='word_1_814' title='bbox 2753 5318 2848 5374; x_wconf 81' lang='grc' dir='ltr'><strong>τοῦ</strong></span> <span class='ocrx_word' id='word_1_815' title='bbox 2875 5325 2923 5373; x_wconf 83' lang='grc' dir='ltr'>α’</span> <span class='ocrx_word' id='word_1_816' title='bbox 2964 5319 3071 5375; x_wconf 86' lang='grc' dir='ltr'>τίτ.</span> <span class='ocrx_word' id='word_1_817' title='bbox 3103 5319 3198 5372; x_wconf 82' lang='grc' dir='ltr'><strong>τοῦ</strong></span> <span class='ocrx_word' id='word_1_818' title='bbox 3225 5318 3488 5388; x_wconf 82' lang='grc' dir='ltr'>παρόντος</span> <span class='ocrx_word' id='word_1_819' title='bbox 3509 5331 3625 5368; x_wconf 84' lang='grc' dir='ltr'>συν-</span> 
     </span>
    </p>
   </div>
   <div class='ocr_carea' id='block_1_112' title="bbox 2048 5405 3623 5483">
    <p class='ocr_par' dir='ltr' id='par_1_112' title="bbox 2048 5405 3623 5483">
     <span class='ocr_line' id='line_1_113' title="bbox 2048 5405 3623 5483; baseline -0.001 -22"><span class='ocrx_word' id='word_1_820' title='bbox 2048 5408 2350 5480; x_wconf 83' lang='grc' dir='ltr'>τάγματος,</span> <span class='ocrx_word' id='word_1_821' title='bbox 2384 5411 2480 5465; x_wconf 72' lang='grc' dir='ltr'>καὶ</span> <span class='ocrx_word' id='word_1_822' title='bbox 2509 5412 2577 5466; x_wconf 72' lang='grc' dir='ltr'>τὰ</span> <span class='ocrx_word' id='word_1_823' title='bbox 2607 5415 2664 5466; x_wconf 85' lang='grc' dir='ltr'>ὲν</span> <span class='ocrx_word' id='word_1_824' title='bbox 2689 5411 2860 5483; x_wconf 82' lang='grc' dir='ltr'>αὐτῷ.</span> <span class='ocrx_word' id='word_1_825' title='bbox 2885 5412 3029 5482; x_wconf 78' lang='grc' dir='ltr'>Πρὸς</span> <span class='ocrx_word' id='word_1_826' title='bbox 3057 5410 3115 5464; x_wconf 81' lang='grc' dir='ltr'>δὲ</span> <span class='ocrx_word' id='word_1_827' title='bbox 3144 5410 3244 5482; x_wconf 79' lang='grc' dir='ltr'>τὴν</span> <span class='ocrx_word' id='word_1_828' title='bbox 3290 5409 3357 5473; x_wconf 86' lang='grc' dir='ltr'><strong>θ’,</strong></span> <span class='ocrx_word' id='word_1_829' title='bbox 3394 5416 3422 5461; x_wconf 83' lang='grc' dir='ltr'>ι’</span> <span class='ocrx_word' id='word_1_830' title='bbox 3447 5408 3537 5461; x_wconf 76' lang='grc' dir='ltr'>καὶ</span> <span class='ocrx_word' id='word_1_831' title='bbox 3562 5405 3623 5459; x_wconf 75' lang='grc' dir='ltr'>ια’</span> 
     </span>
    </p>
   </div>
   <div class='ocr_carea' id='block_1_113' title="bbox 2042 5500 3623 5579">
    <p class='ocr_par' dir='ltr' id='par_1_113' title="bbox 2042 5500 3623 5579">
     <span class='ocr_line' id='line_1_114' title="bbox 2042 5500 3623 5579; baseline 0.001 -26"><span class='ocrx_word' id='word_1_832' title='bbox 2042 5501 2137 5554; x_wconf 78' lang='grc' dir='ltr'><strong>τοῦ</strong></span> <span class='ocrx_word' id='word_1_833' title='bbox 2202 5502 2465 5573; x_wconf 80' lang='grc' dir='ltr'>βασιλέως</span> <span class='ocrx_word' id='word_1_834' title='bbox 2488 5505 2680 5577; x_wconf 85' lang='grc' dir='ltr'>κυρίου</span> <span class='ocrx_word' id='word_1_835' title='bbox 2709 5507 2938 5569; x_wconf 84' lang='grc' dir='ltr'>Λέοντος</span> <span class='ocrx_word' id='word_1_836' title='bbox 2967 5502 3063 5557; x_wconf 79' lang='grc' dir='ltr'>τοῦ</span> <span class='ocrx_word' id='word_1_837' title='bbox 3095 5503 3386 5573; x_wconf 82' lang='grc' dir='ltr'>φιλοσόφου</span> <span class='ocrx_word' id='word_1_838' title='bbox 3434 5500 3623 5579; x_wconf 80' lang='grc' dir='ltr'>νεαρὰν</span> 
     </span>
    </p>
   </div>
   <div class='ocr_carea' id='block_1_114' title="bbox 2044 5581 3620 5671">
    <p class='ocr_par' dir='ltr' id='par_1_114' title="bbox 2044 5581 3620 5671">
     <span class='ocr_line' id='line_1_115' title="bbox 2044 5581 3620 5671; baseline 0.001 -24"><span class='ocrx_word' id='word_1_839' title='bbox 2044 5595 2138 5648; x_wconf 74' lang='grc' dir='ltr'>καὶ</span> <span class='ocrx_word' id='word_1_840' title='bbox 2187 5596 2394 5651; x_wconf 83' lang='grc' dir='ltr'>τούτων</span> <span class='ocrx_word' id='word_1_841' title='bbox 2444 5599 2551 5670; x_wconf 83' lang='grc' dir='ltr'>γὰρ</span> <span class='ocrx_word' id='word_1_842' title='bbox 2609 5600 2801 5670; x_wconf 87' lang='grc' dir='ltr'>μνείαν</span> <span class='ocrx_word' id='word_1_843' title='bbox 2845 5598 3226 5671; x_wconf 73' lang='grc' dir='ltr'>ἐποιησάμεθα</span> <span class='ocrx_word' id='word_1_844' title='bbox 3262 5600 3339 5661; x_wconf 84' lang='grc' dir='ltr'>εἰς</span> <span class='ocrx_word' id='word_1_845' title='bbox 3367 5581 3620 5665; x_wconf 29' lang='grc' dir='ltr'>τὸιρηθὲν</span> 
     </span>
    </p>
   </div>
   <div class='ocr_carea' id='block_1_115' title="bbox 2044 5686 2315 5759">
    <p class='ocr_par' dir='ltr' id='par_1_115' title="bbox 2044 5686 2315 5759">
     <span class='ocr_line' id='line_1_116' title="bbox 2044 5686 2315 5759; baseline 0.007 -18"><span class='ocrx_word' id='word_1_846' title='bbox 2044 5686 2134 5753; x_wconf 83' lang='grc' dir='ltr'>λς’</span> <span class='ocrx_word' id='word_1_847' title='bbox 2186 5706 2315 5759; x_wconf 83' lang='grc' dir='ltr'>κεφ.</span> 
     </span>
    </p>
   </div>
   <div class='ocr_carea' id='block_1_116' title="bbox 2128 5776 3616 5857">
    <p class='ocr_par' dir='ltr' id='par_1_116' title="bbox 2128 5776 3616 5857">
     <span class='ocr_line' id='line_1_117' title="bbox 2128 5776 3616 5857; baseline -0.005 -21"><span class='ocrx_word' id='word_1_848' title='bbox 2128 5781 2406 5850; x_wconf 63' lang='grc' dir='ltr'>Σμόλιον.</span> <span class='ocrx_word' id='word_1_849' title='bbox 2443 5782 2506 5840; x_wconf 84' lang='grc' dir='ltr'><em>Ἡ</em></span> <span class='ocrx_word' id='word_1_850' title='bbox 2533 5782 2575 5857; x_wconf 82' lang='grc' dir='ltr'>β’</span> <span class='ocrx_word' id='word_1_851' title='bbox 2606 5783 2743 5844; x_wconf 84' lang='grc' dir='ltr'>διάτ.</span> <span class='ocrx_word' id='word_1_852' title='bbox 2772 5784 2867 5840; x_wconf 83' lang='grc' dir='ltr'>τοῦ</span> <span class='ocrx_word' id='word_1_853' title='bbox 2895 5783 2942 5841; x_wconf 88' lang='grc' dir='ltr'>α’</span> <span class='ocrx_word' id='word_1_854' title='bbox 2967 5785 3069 5842; x_wconf 91' lang='grc' dir='ltr'>τίτ.</span> <span class='ocrx_word' id='word_1_855' title='bbox 3103 5785 3214 5843; x_wconf 86' lang='grc' dir='ltr'><strong>τῶν</strong></span> <span class='ocrx_word' id='word_1_856' title='bbox 3236 5782 3483 5855; x_wconf 69' lang='grc' dir='ltr'>Νευρῶν,</span> <span class='ocrx_word' id='word_1_857' title='bbox 3509 5776 3616 5832; x_wconf 78' lang='grc' dir='ltr'>ἐστι</span> 
     </span>
    </p>
   </div>
  </div>
