3916 6244
342 283 482 348 1153

1271 262 1870 346 nomo-mou?-
1903 266 2052 347 TlTl
2095 285 2202 361 x1,
2242 287 2402 348 CAP-
2442 286 2703 348 Irmi-

3506 287 3641 354 1154

338 396 508 469 νεαρὰ
539 396 967 461 Ἰουστινιάνειος
998 393 1119 469 pan"
1154 396 1383 466 κτίμενη
1428 399 1486 450 ὲν
1523 397 1714 468 βιϐλίῳ
1747 395 1787 449 δ’
1821 396 1929 451 τῶν

2059 400 2169 451 'clla
2200 398 2493 455 Justiniani
2547 401 2672 463 125,
2717 399 2891 469 posita
2929 399 3065 473 [que
3098 402 3203 475 ρει]
3238 403 3289 457 ἰη
3330 402 3425 459 lib.
3462 421 3512 459 IV
3542 405 3643 459 Ba—

336 492 647 547 Βασιλικῶν
694 492 799 546 τίτ.
832 490 881 546 α’
910 509 1034 561 κεφ.
1067 490 1114 560 γ’
1142 491 1234 545 καὶ
1261 491 1448 561 ἔχουσι
1471 492 1540 544 τὰ
1565 490 1660 545 106
1689 490 1933 546 τοιούτου

336 605 465 656 κεφ.
484 585 560 650 ὼς
594 586 675 648 είς
713 585 773 638 τὸ
801 584 1054 655 κείμενον
1087 583 1511 656 συνωψίσθησαν
1534 601 1547 616 ο
1577 584 1932 657 κατεστρώθη

334 680 393 733 δὲ
422 681 555 751 παρ’
610 679 768 750 ἡμῶν
803 678 864 731 τὸ
897 677 1139 733 τοιοῦτον
1169 696 1295 748 κεφ.
1346 677 1548 747 ἔξωθεν
1573 678 1666 734 τοῦ
1697 679 1775 749 λβ⁹
1805 696 1932 749 κεφ.

332 774 432 828 τοῦ
470 772 515 827 θ’
538 773 649 828 τίτ.
681 772 776 826 τοῦ
802 772 1069 844 παρόντος
1097 773 1495 844 συντάγματος.
1528 774 1637 827 Καὶ
1673 772 1824 845 ζήτει
1865 773 1934 826 τὰ

334 868 467 939 περὶ
496 865 686 921 τούτου
737 867 939 921 ἐκεῖσε.
980 867 1045 921 Ἦ
1074 865 1211 937 αὑτὴ
1234 865 1291 919 δὲ
1320 863 1441 938 ρκγ⁷
1479 865 1651 937 νεαρὰ
1679 865 1767 918 διὰ
1824 865 1921 918 106

339 958 386 1029 β’
422 975 549 1028 κεφ.
578 956 673 1011 τοῦ
704 955 750 1012 α’
777 956 884 1012 τίτ.
920 956 1014 1010 τοῦ
1051 954 1091 1009 δ’
1122 956 1329 1027 βιϐλίου
1364 956 1475 1010 τῶν
1502 956 1809 1011 Βασιλικῶν
1833 974 1936 1027 φη-

335 1070 422 1105 σιν
479 1052 577 1104 ὅσα
629 1052 711 1114 εἰς
735 1050 798 1104 τὸ
830 1049 1085 1121 κείμενον
1134 1048 1578 1119 συνωψίσθησαν.
1634 1048 1771 1119 Περὶ
1791 1048 1846 1101 δὲ
1874 1048 1935 1101 τὸ

333 1142 489 1207 τέλος
532 1142 702 1210 λέγει,
763 1142 846 1195 ὅτι
887 1140 1061 1194 ταῦτα
1086 1140 1144 1193 δὲ
1174 1141 1356 1194 πάντα
1386 1140 1453 1195 τὰ
1483 1141 1614 1213 παρ’
1646 1139 1805 1212 ἡμῶν
1830 1140 1936 1193 δια-

333 1232 656 1287 τυπωθέντα
706 1231 797 1285 διὰ
833 1232 933 1301 τὴν
990 1231 1262 1303 προϐολὴν
1290 1231 1400 1283 τῶν
1428 1231 1752 1303 ἡγουμένων
1792 1248 1933 1302 κρα-

331 1322 449 1374 τεῖν
501 1317 993 1390 παρακελευόμεθα
1026 1318 1121 1371 καὶ
1146 1319 1238 1371 ἐπὶ
1264 1316 1373 1371 τῶν
1410 1316 1740 1387 γυναικείων
1765 1335 1934 1388 μονα-

336 1413 596 1484 στηρίων·
623 1412 759 1481 πρὸς
781 1411 836 1465 δὲ
861 1413 954 1465 καὶ
973 1411 1154 1473 τοῦτο,
1182 1410 1277 1465 τοῦ
1303 1411 1606 1465 ὁσιωτάτου
1631 1411 1933 1465 ἐπισκόπου

332 1506 425 1576 ὑφ’
455 1506 515 1560 ὃν
533 1506 594 1559 τὸ
632 1504 999 1576 μοναστήριον
1020 1505 1300 1558 τέτακται
1333 1505 1424 1557 τὸν
1453 1503 1629 1567 οὕτως
1682 1505 1936 1573 ἐπιλεγό-

335 1614 502 1669 μενον
539 1599 676 1650 πὶσι
717 1596 939 1669 τρόποις
995 1596 1301 1668 ἡγούμενον
1352 1595 1819 1667 προϐαλλομένου.
1870 1597 1935 1648 Ἡ

2041 490 2154 555 sil.,
2192 491 2274 545 tit.
2308 495 2360 557 1,
2391 506 2511 561 cap.
2538 491 2594 554 5,
2632 503 2683 546 et
2723 494 2926 547 habent
2956 512 3077 565 quae
3112 497 3166 548 in
3205 499 3305 552 hoc
3336 514 3456 568 cap.
3488 498 3643 571 [con-

2040 581 2350 655 tinentur],
2410 585 2871 654 quemadmodum
2924 588 2979 641 in
3038 600 3185 643 textu
3252 592 3641 661 compendiose

2042 678 2327 745 proposita
2358 685 2505 732 sunt.
2530 677 2801 734 Insertum
2830 688 2914 736 est
2943 690 3125 735 autem
3152 699 3179 735 a
3206 684 3364 738 nobis
3392 685 3495 737 hoc
3517 700 3638 755 cap.

2041 767 2094 821 in
2135 768 2345 823 scbolio
2400 784 2521 840 cap.
2584 771 2655 826 52
2694 772 2777 826 tit.
2812 773 2845 828 9
2876 776 3161 843 praesentis
3205 776 3389 845 Operis
3422 794 3437 833 :
3482 777 3642 847 cujus

2039 860 2151 915 illic
2193 861 2611 931 explicationem
2667 880 2905 935 (ιιιιιξνιιε.
2966 865 3167 922 Eadem
3221 868 3325 922 125
3374 870 3584 923 novella
3620 909 3637 936 ,

2039 968 2135 1022 per
2168 952 2203 1005 2
2231 969 2350 1023 cap.
2388 955 2474 1010 tit.
2516 956 2539 1010 1
2594 955 2687 1010 lib.
2752 972 2805 1011 ιν
2842 956 3006 1012 Basil.
3050 958 3167 1023 ait,
3215 976 3555 1031 qumcunque
3587 962 3640 1016 in

2040 1059 2188 1102 textu
2225 1049 2613 1119 compendiose
2652 1050 2931 1119 proposita
2965 1060 3119 1106 sunt.
3151 1051 3311 1106 Circa
3346 1054 3505 1106 ﬁnem
3537 1069 3641 1108 au-

2043 1148 2147 1193 tem
2174 1139 2305 1194 dicit
2333 1157 2345 1193 :
2380 1140 2558 1211 Atque
2589 1141 2775 1195 omnia
2804 1142 2916 1198 lucc
2948 1158 3067 1211 qua:
3090 1144 3157 1198 de
3189 1147 3485 1215 praesulum
3515 1162 3641 1217 pro-

2039 1233 2283 1286 motinne
2314 1248 2342 1287 a
2386 1234 2546 1288 nobis
2595 1234 2859 1303 disposita
2906 1245 3073 1301 sunt,
3117 1238 3468 1307 praecipimus
3511 1240 3640 1293 item

2039 1324 2219 1379 valere
2268 1324 2320 1377 in
2382 1325 2747 1381 muliebribus
2822 1328 3195 1383 monasteriis.
3252 1327 3478 1399 Insuper
3536 1330 3643 1387 hoc

2036 1416 2202 1467 etiam
2256 1415 2669 1483 religiosiSsimo
2723 1417 3022 1486 cpisr'opo,
3065 1419 3169 1473 sth
3217 1434 3328 1489 quo
3361 1431 3643 1476 monaste-

2040 1505 2179 1559 rium
2217 1508 2578 1561 constitmuin
2618 1515 2702 1561 est
2730 1547 2746 1570 ,
2780 1510 3040 1564 omnibus
3076 1509 3253 1565 modis
3305 1503 3596 1581 praesulem
3624 1552 3640 1573 ,

2039 1597 2131 1665 qui
2179 1612 2246 1651 eo
2303 1599 2466 1651 modo
2514 1598 2720 1653 cleclus
2774 1610 2881 1661 cst.
2929 1610 3271 1667 promotum.
3324 1600 3516 1657 Const.
3576 1602 3643 1657 l5

334 1695 405 1758 ιγ’
431 1689 574 1743 διάτ.
642 1688 737 1742 τοῦ
788 1688 953 1742 αὐτοῦ
983 1695 1031 1742 α’
1063 1688 1168 1743 τίτ.
1200 1690 1310 1742 τῶν
1335 1689 1587 1760 Νεαρῶν,
1614 1690 1731 1742 ἔστι
1764 1689 1931 1759 νεαρὰ

2059 1685 2286 1753 ξῙιιειΙειιι
2327 1687 2412 1739 tit.
2464 1687 2810 1740 Novellarnm
2857 1698 2941 1741 est
2999 1689 3208 1741 novella
3254 1688 3551 1744 Justiniani
3584 1692 3641 1746 5.

345 1756 774 1846 ’1ουστινιάνειος
809 1778 879 1835 ε”
913 1782 1014 1834 οὐκ
1048 1781 1209 1851 ἐτέθη
1235 1781 1291 1835 δὲ
1316 1782 1396 1845 είς
1418 1756 1486 1834 τὰ
1511 1781 1792 1844 Βασιλικὰ,
1821 1756 1931 1835 ἀλλ’

2059 1777 2158 1839 Non
2195 1788 2281 1833 est
2322 1789 2503 1833 autem
2549 1781 2726 1850 posita
2778 1781 2829 1833 in
2885 1778 3079 1845 Basil”
3130 1797 3308 1851 neque
3357 1792 3534 1837 const.
3576 1784 3645 1838 40

329 1876 455 1929 οὐδὲ
489 1877 524 1947 ἡ
554 1872 647 1946 μς¹
697 1873 838 1927 διὰτ.
905 1873 1001 1926 106
1055 1871 1106 1943 γ’
1153 1873 1264 1929 τίτ.
1332 1871 1426 1927 106
1481 1871 1529 1926 α’
1584 1873 1795 1944 βιϐλίου
1838 1873 1934 1927 106

333 1967 590 2034 κὼδικος,
644 1965 935 2037 οὺδὲὴλθ¹
985 1965 1127 2021 διάτ.
1189 1965 1285 2019 106
1347 1965 1516 2019 αὑτοῦ
1573 1965 1786 2037 βιϐλίου
1841 1966 1938 2019 καὶ

333 2058 444 2114 τίτ.

406 2174 658 2227 ΚΕΦΑᾹ.
684 2175 755 2227 Δ’.
788 2204 859 2214 -—
888 2173 1028 2244 Περὶ
1063 2173 1170 2229 τοῦ
1196 2173 1283 2245 μὴ
1323 2174 1404 2241 ὠς
1435 2173 1614 2244 ἔτυχε
1655 2174 1934 2244 μοναχὸν

330 2262 559 2327 ἐξιέναι
582 2264 686 2318 τοῦ
706 2266 1142 2333 μοναστηρίου,
1165 2265 1261 2321 καὶ
1288 2264 1599 2334 πράγματα
1621 2263 1925 2332 πράττειν,

331 2356 436 2409 καί
468 2357 558 2410 ὅτι
592 2357 712 2411 ὑπὸ
747 2360 855 2411 τὸν
885 2359 1230 2413 ἐπίσκοπόν
1252 2360 1394 2414 εἱσι.

406 2469 633 2524 Συνόδου
659 2469 1001 2542 Χαλκηδόνος
1028 2470 1207 2524 κανὼν
1235 2469 1304 2540 γ’,
1336 2468 1400 2535 δ’,
1437 2468 1506 2542 η’,
1544 2478 1630 2540 κγ’
1656 2486 1671 2502 ⁸
1705 2472 1924 2526 συνόδου

333 2561 389 2628 ς’
416 2561 597 2617 κανὼν
653 2568 733 2634 μα
750 2602 767 2625 ,
801 2562 911 2635 μβ’,
938 2562 1065 2635 pg”
1097 2564 1317 2618 συνόδου
1344 2561 1392 2617 α’
1422 2564 1512 2617 καὶ
1540 2562 1606 2635 β’,
1632 2566 1690 2619 ὲν
1714 2563 1790 2635 τῷ
1816 2563 1930 2635 ναῷ

330 2656 445 2710 τῶν
462 2656 659 2726 Ἀγίων
692 2659 1031 2711 Ἀποστόλων
1062 2656 1242 2712 κανὼν
1275 2654 1341 2728 β’,
1372 2655 1434 2711 δ’.

410 2774 719 2842 Κείμενον.
755 2773 821 2828 Ἡ
847 2771 930 2827 κθ¹
958 2773 1097 2827 διάτ.
1129 2772 1225 2826 τοῦ
1274 2779 1324 2843 γ’
1351 2772 1457 2828 τίτ.
1492 2772 1586 2827 106
1636 2772 1686 2827 α’
1716 2774 1924 2846 βιϐλίου

335 2867 432 2921 τοῦ
474 2866 724 2933 κώδικος,
778 2868 972 2937 φησιν,
1026 2884 1082 2921 κ.
1109 2885 1160 2923 τ.
1187 2866 1263 2935 λ.,
1323 2883 1495 2938 usque
1526 2868 1591 2923 ad
1623 2867 1669 2921 θ’
1702 2870 1809 2923 τίτ.
1843 2869 1939 2922 τοῦ

334 2960 608 3032 παρόντος
638 2960 1039 3031 συντάγματος.

400 3075 692 3146 Σχόλιον.
731 3074 796 3128 Ἦ
840 3072 924 3128 κθ¹
961 3074 1101 3131 διάτ.
1135 3073 1231 3128 106
1280 3072 1329 3143 γ’
1357 3074 1463 3129 τίτ.
1496 3072 1543 3129 α’
1601 3074 1809 3146 βιϐλίου
1844 3075 1939 3130 τοῦ

2043 1872 2130 1925 tit.
2163 1871 2196 1923 ὃ
2225 1871 2320 1926 lib.
2358 1871 2562 1936 ICod.,
2612 1888 2789 1941 ncque
2829 1882 3007 1927 consl.
3059 1873 3129 1929 59
3176 1874 3419 1943 cjusdem
3456 1876 3551 1929 lib.
3586 1884 3640 1931 et

2043 1965 2128 2018 ιὶι.

2115 2168 2272 2224 CAP.
2311 2166 2401 2223 1V.
2449 2199 2520 2211 —-
2562 2167 2646 2223 Ne
2692 2179 2882 2224 temere
2922 2170 3212 2225 monac/ms
3264 2173 3649 2227 monasterium

2042 2271 2231 2323 exeat,
2268 2268 2317 2314 et
2380 2260 2590 2330 negotia
2631 2271 2791 2330 agat,
2840 2270 2890 2315 et
2930 2262 3069 2331 quod
3110 2263 3355 2317 monac/ti
3398 2265 3641 2335 episcopo

2040 2352 2269 2407 subsint.

2114 2467 2344 2522 Concilii
2399 2466 2762 2523 Chalcedonis
2795 2474 2971 2521 cauOn
3005 2468 3039 2523 5
3060 2510 3075 2533 ,
3104 2470 3156 2531 4.
3202 2473 3259 2535 8,
3290 2469 3395 2538 25;
3428 2472 3647 2526 concilii

2044 2562 2185 2616 scxti
2230 2576 2407 2614 canon
2451 2560 2555 2625 41,
2591 2560 2695 2623 42,
2731 2560 2842 2627 46;
2885 2563 3104 2615 concilii
3143 2564 3305 2633 primi
3336 2572 3390 2617 et
3419 2564 3646 2619 secundi

2044 2653 2099 2708 in
2127 2654 2242 2708 atde
2262 2654 2590 2708 Sanctorum
2622 2654 3008 2723 Apostolorum
3042 2654 3258 2728 [habiti]
3290 2672 3464 2711 canon
3502 2657 3559 2719 2,
3591 2658 3647 2712 4.

2118 2744 2336 2800 Textus.
2410 2748 2598 2800 Const.
2647 2743 2717 2799 29
2776 2746 2857 2798 tit.
2897 2745 2930 2798 '5
2975 2746 3070 2801 lib.
3112 2764 3125 2800 ι
3185 2748 3316 2803 Cod.
3356 2749 3432 2802 ait
3476 2766 3489 2802 :
3531 2747 3646 2803 Soli

2044 2839 2545 2908 apocrisiarii,etc.,
2559 2854 2721 2909 usque
2736 2838 2804 2892 ad
2826 2840 3122 2911 perscripta
3137 2850 3284 2907 sunt,
3306 2851 3361 2894 ut
3379 2857 3499 2912 pag.
3518 2842 3647 2905 851,

2043 2926 2171 2981 851.

2116 3058 2410 3115 Scholium.
2452 3060 2686 3117 Constit.
2718 3061 2789 3115 29
2822 3061 2907 3115 tit.
2968 3061 3002 3115 ὅ
3045 3062 3185 3116 lib.|
3231 3063 3370 3118 Cod.
3415 3081 3522 3119 non
3565 3075 3650 3120 est

335 3125 704 3229 κώῖςῖζιξξὲιζς
742 3125 900 3236 tua.
933 3125 1113 3228 .tgu
1140 3125 1931 3238 again—54.55.;157...;

2059 3154 2230 3223 posita
2254 3153 2514 3219 inBasil.,
2544 3172 2720 3225 neque
2752 3155 2999 3225 ejusdem
3029 3156 3112 3209 tit.
3135 3166 3311 3211 const.
3338 3157 3428 3211 58.
3453 3157 3646 3214 Const.

334 3257 431 3311 106
463 3257 632 3312 αὐτοῦ
660 3259 767 3314 τίτ.
788 3275 801 3288 ·
833 3260 866 3330 ἡ
898 3260 956 3311 δὲ
988 3256 1033 3328 β’
1067 3259 1209 3312 διάτ.
1229 3258 1322 3311 τοῦ
1347 3257 1518 3314 α’τίτ.
1549 3260 1657 3313 τῶν
1685 3259 1937 3330 Νεαρῶν,

335 3348 453 3403 ἐστι
482 3350 653 3422 νεαρὰ
694 3349 1122 3414 Ἰουστινιὰνειος
1171 3347 1291 3422 ρκ’(
1322 3351 1553 3421 κειμένη
1585 3352 1644 3404 ὲν
1681 3350 1868 3421 βιϐλίῳ
1897 3348 1941 3405 ’δ

334 3441 445 3495 τῶν
476 3443 779 3497 Βασιλικῶν
810 3442 915 3496 τίτ.
950 3441 1030 3495 α’·
1067 3442 1160 3496 καί
1197 3460 1329 3513 φησι
1361 3443 1421 3496 τὸ
1451 3441 1530 3511 ξγ⁹
1560 3460 1685 3512 κεφ.
1720 3441 1816 3495 τοῦ
1849 3442 1942 3495 αὐ·

335 3536 433 3591 106
465 3538 664 3606 νεαρᾶς
686 3578 701 3601 ,
730 3538 849 3607 ἤτοι
875 3536 936 3589 τὸ
966 3543 1033 3589 ια’
1069 3553 1195 3605 κεφ.
1220 3536 1317 3590 106
1351 3536 1609 3606 ῥηθέντος
1635 3536 1740 3589 τίτ.
1771 3534 1864 3589 τοῦ
1897 3533 1941 3589 ’δ

339 3627 555 3699 βιϐλίου
586 3631 688 3682 ὅσα
716 3628 1133 3700 συνυκζνίσθησαν
1164 3628 1315 3700 παρὰ
1340 3625 1435 3681 τοῦ
1466 3628 1831 3699 πατριάρχου.

409 3743 661 3799 ΚΕΦΑΛ.
692 3740 843 3797 Ε’.-
874 3744 1011 3813 Περὶ
1044 3743 1150 3798 τοῦ
1176 3745 1262 3813 μὴ
1303 3743 1515 3814 γαμεῖν
1535 3742 1868 3812 μοναχοὺς,
1898 3740 1938 3811 ἥ

338 3850 509 3890 τισιν
540 3836 620 3902 ὡς
651 3835 946 3905 ἀδελφαῖς
976 3835 1276 3904 συνεῖναι,
1302 3836 1456 3905 μήτε
1496 3837 1605 3903 τὰς
1644 3836 1940 3907 exancl-

337 3927 606 3997 λομένας
636 3928 969 3998 παρθενίαν
994 3927 1220 3998 ἑτέροις
1250 3927 1580 3983 συνοικεῖν.

334 4115 345 4142 ’
371 4113 389 4173 ῗ
412 4112 642 4166 Συνόδου
672 4110 951 4183 Ἀγκύρας
981 4110 1165 4166 κανὼν
1196 4109 1261 4165 ιο⁹
1286 4127 1300 4142 ο
1332 4111 1552 4165 συνόδου
1588 4110 1940 4182 Χαλκηδόνος

338 4203 524 4258 κανὼν
575 4201 687 4268 ις’·
739 4203 957 4257 συνόδου
1009 4201 1085 4268 ς’,
1141 4201 1323 4257 κανὼν
1364 4201 1441 4274 μ’,
1476 4200 1577 4273 μδ’,
1625 4200 1746 4271 μζ·
1778 4203 1940 4255 Βασι-

336 4295 487 4349 λείου
525 4294 704 4348 κανὼν
738 4294 823 4358 ιϐ’,
858 4302 931 4360 κ’,
978 4292 1018 4359 ξ’
1041 4310 1055 4323 ⁸
1093 4293 1368 4363 ἀνάγνωθι
1398 4295 1466 4347 τὰ
1498 4293 1938 4364 παραγραφέντα

335 4392 398 4445 ὲν
452 4388 508 4443 ιδ’
554 4406 678 4459 κεφ.
714 4388 809 4442 τοῦ
842 4387 890 4461 η’
922 4390 1031 4443 τίτ.
1066 4387 1161 4441 106
1217 4387 1484 4459 παρόντος
1533 4386 1935 4458 συντάγματος,

338 4482 437 4537 καὶ
466 4484 526 4536 ὲν
556 4481 634 4554 τῷ
666 4479 747 4535 κϐ⁹
785 4498 913 4552 κεφ.
951 4481 1043 4535 106
1078 4483 1122 4535 0'
1155 4483 1258 4537 τίτ.

414 4593 668 4648 ΚΕΦΑΛ.
706 4590 798 4661 (τ’.
844 4622 911 4634 -
939 4590 1081 4661 Περὶ
1104 4590 1393 4663 μοναχῶν
1420 4590 1758 4645 ποιούντων
1784 4607 1935 4660 φρα-

335 4687 529 4757 τρίας,
570 4686 669 4739 καί
705 4685 1117 4754 συνωμοσίας.

412 4801 639 4856 Συνόδου
687 4802 1029 4873 Χαλκηδόνος
1077 4802 1261 4855 κανὼν
1307 4808 1415 4873 ιη’·
1466 4800 1687 4854 συνόδου
1726 4798 1801 4863 ς’,
1834 4816 1937 4852 κα-

336 4894 447 4949 νὼν
472 4894 575 4948 λό’·
610 4894 882 4956 ἀνάγνωθι
907 4893 977 4946 τὰ
1010 4895 1447 4965 παραγραφέντα
1481 4894 1540 4945 ὲν
1572 4891 1652 4963 τῷ
1680 4888 1755 4955 λζ’
1785 4906 1935 4960 κεφ.,

338 4988 435 5043 τοῦ
469 4986 512 5040 θ’
538 4987 641 5041 τίτ.
678 4988 868 5040 τούτου
906 4985 1311 5057 συντάγματος.

410 5100 668 5153 ΚΕΦΑΛ.
697 5097 842 5152 Ζ’.-
864 5099 1004 5170 Περὶ
1039 5099 1145 5152 τοῦ
1167 5098 1253 5169 μὴ
1295 5098 1711 5153 συλλούεσθαι
1746 5098 1938 5169 ἀσκη-

335 5193 456 5262 τὴν
491 5195 751 5264 γυναικί.
1639 5219 1647 5226 ·

414 5287 642 5340 Συνόδου
694 5286 1021 5351 Λαοδικείας
1094 5285 1272 5341 κανὼν
1317 5285 1400 5340 λ’·
1457 5285 1676 5341 συνόδου
1726 5292 1781 5349 ς’
1836 5303 1937 5340 κα-

340 5380 449 5435 νὼν
478 5377 580 5444 οξ.

382 5496 661 5551 .KE‘PAA.
687 5495 767 5550 H'.
792 5527 863 5536 —
886 5497 1024 5565 Περὶ
1056 5497 1337 5568 φυλακῆς
1370 5498 1544 5569 Ιερῶν
1567 5497 1898 5567 παρθένων.

412 5586 642 5640 Συνόδου
718 5589 1112 5661 Καροαγὲννης
1169 5590 1350 5645 κανὼν
1427 5592 1545 5661 μδ’⁶
1614 5589 1834 5644 συνόδου
1884 5588 1940 5653 ς’

339 5683 522 5736 κανὼν
575 5682 696 5752 pg’,
750 5682 857 5753 μζ,
902 5691 1028 5756 μη¹⁴
1067 5685 1289 5740 συνόδου
1321 5684 1559 5749 Νικαίας
1611 5684 1669 5740 τὸ
1720 5684 1787 5756 β,
1832 5700 1937 5738 κα·

341 5774 448 5829 νὼν
478 5773 567 5845 ιη’,
609 5774 679 5840 κ’,
710 5775 812 5845 κβ’.

2043 3248 2077 3301 2
2097 3249 2178 3301 tit.
2198 3249 2219 3302 1
2236 3246 2582 3303 Novellarum
2606 3260 2685 3303 est
2708 3250 2918 3304 novella
2934 3247 3275 3304 Justinianea
3306 3250 3430 3317 125,
3471 3253 3647 3321 posita

2043 3342 2174 3415 [que
2211 3343 2316 3416 est]
2352 3346 2403 3398 in
2441 3345 2537 3399 lib.
2569 3344 2736 3400 Basil.
2787 3347 2843 3408 4,
2881 3348 2966 3401 tit.
3024 3347 3089 3410 1,
3138 3363 3202 3400 ac
3240 3348 3373 3402 dicit
3407 3347 3477 3403 65
3523 3365 3646 3420 cap.

2043 3437 2285 3506 ejusdem
2321 3439 2566 3504 novella},
2587 3439 2701 3492 sive
2733 3439 2791 3492 11
2823 3454 2945 3508 cap.
2968 3439 3099 3493 dicti
3142 3440 3355 3494 tit..lib.
3392 3456 3463 3506 Iv,
3491 3458 3645 3512 qua:-

2043 3544 2262 3600 cunque
2315 3545 2410 3599 per
2465 3531 2833 3600 pati-iacebam
2892 3533 3284 3601 compendiose
3356 3535 3642 3604 proposita

2043 3631 2193 3675 sunt.

2114 3734 2268 3790 CAP.
2303 3735 2452 3790 V.—
2480 3735 2559 3790 Ne
2594 3738 2840 3793 monac/ti
2868 3739 3269 3793 matrimonium
3302 3740 3647 3805 contrahant,

2045 3838 2138 3882 aut
2185 3847 2303 3883 cum
2352 3830 2622 3902 aliquibus
2670 3831 3025 3905 [mulieribus]
3072 3843 3325 3903 tanquam
3376 3837 3648 3891 sororibus

2042 3934 2433 3989 conuersentur,
2473 3936 2521 3979 et
2556 3943 2619 3980 ne
2670 3927 3027 3997 virginitatem
3058 3926 3309 3997 professa:
3330 3928 3456 3984 viris
3485 3930 3649 3983 coha-

2043 4016 2229 4072 bitent.

2112 4108 2338 4162 Concilii
2372 4110 2647 4180 Ancyrani
2692 4125 2868 4163 canon
2908 4110 3007 4177 l9;
3059 4112 3280 4166 concilii
3329 4113 3637 4170 Chalcedo-

2044 4201 2236 4254 nensis
2265 4216 2441 4255 canon
2480 4201 2587 4266 16;
2624 4201 2841 4255 concilii
2889 4204 3028 4254 sexti
3063 4218 3238 4257 canon
3270 4204 3362 4274 40,
3400 4206 3492 4271 44,
3533 4208 3643 4275 4Ἷς

2046 4290 2235 4348 Basilii
2297 4308 2475 4347 canon
2542 4292 2627 4359 19,
2694 4293 2784 4358 20,
2851 4292 2939 4347 60.
2992 4293 3167 4362 Legas
3225 4313 3347 4366 qua:
3392 4300 3646 4356 adnotata

2043 4400 2174 4441 sunt
2205 4391 2258 4440 in
2298 4403 2421 4458 cap.
2465 4386 2537 4465 44‘
2579 4388 2660 4440 tit.
2729 4385 2783 4450 8,
2824 4394 2879 4440 et
2906 4400 3025 4456 cap.
3064 4386 3136 4441 29
3181 4389 3267 4443 tit.
3301 4390 3334 4445 9
3363 4396 3647 4462 prmsentis

1970 4473 2014 4529 D
2046 4483 2250 4550 operis.

2114 4592 2267 4649 CAP.
2300 4593 2391 4649 Vl.
2416 4627 2484 4637 —
2517 4595 2592 4651 De
2625 4595 2899 4651 monac/tis
2928 4596 3297 4668 quifactianes
3331 4608 3424 4653 aut
3451 4602 3642 4672 conju-

2044 4689 2277 4742 rationes
2302 4689 2527 4759 faciunt.

2067 4785 2091 4800 “
2114 4800 2341 4856 Concilii
2373 4800 2836 4857 Chalcedonensis
2874 4818 3048 4858 canon
3106 4802 3208 4870 48;
3240 4804 3455 4857 concilii
3504 4808 3641 4861 sexti

2042 4908 2217 4946 canon
2247 4893 2335 4947 '54.
2380 4892 2523 4963 Lege
2550 4910 2671 4963 qua:
2698 4895 2957 4949 aduOtata
2992 4902 3121 4949 sunt
3153 4894 3205 4947 in
3248 4909 3369 4964 cap.
3405 4896 3474 4951 57
3507 4897 3589 4952 tit.
3613 4900 3646 4955 9

2044 4986 2208 5056 hujus
2242 4987 2444 5057 Operis.

2119 5101 2270 5167 CAP.
2302 5099 2417 5157 Vll.
2465 5132 2537 5142 —
2575 5100 2659 5158 Ne
2699 5104 2947 5159 monachi
2995 5105 3244 5160 laventur
3288 5124 3409 5161 cum
3456 5109 3644 5164 mulie-

2049 5194 2217 5249 ribus.

2025 5309 2031 5314 -
2114 5288 2344 5344 Concilii
2402 5287 2696 5344 Laodiceni
2740 5305 2918 5345 canon
2996 5292 3102 5361 30;
3166 5292 3384 5349 concilii
3442 5308 3496 5349 γι
3548 5308 3641 5348 ca-

2044 5398 2151 5437 non
2184 5383 2276 5437 77.

2114 5494 2269 5552 CAP.
2310 5495 2445 5552 Vill.
2475 5528 2548 5538 —
2580 5499 2652 5553 De
2695 5500 2937 5553 custodia
2972 5506 3311 5553 sacratorum
3356 5498 3641 5569 virginum.

2114 5589 2347 5645 Concilii
2374 5590 2833 5662 Carthaginensis
2884 5607 3059 5647 canon
3103 5591 3202 5653 44;
3240 5591 3457 5646 concilii
3503 5588 3644 5645 sexti

2044 5699 2216 5738 canon
2237 5683 2328 5750 46,
2355 5686 2446 5750 47,
2478 5686 2578 5749 48;
2607 5686 2822 5742 concilii
2850 5686 3052 5741 Μιξωηί
3095 5686 3320 5741 secundi
3344 5698 3522 5741 canon
3551 5682 3640 5751 18,

2042 5776 2135 5842 20,
2168 5775 2259 5829 22.
