3916 6244
323 320 461 387 1155

389 433 544 490 CAP.
578 431 669 488 IX.
699 464 770 476 —
799 431 871 486 De
899 429 1178 486 vitiatione
1206 425 1490 498 virginum.

391 528 623 584 Concilii
675 526 815 582 sexti
835 541 1013 581 canon
1043 524 1124 603 4"
1154 521 1343 577 Basilii
1390 535 1564 574 canon
1595 516 1795 586 18,20,
1833 516 1922 572 60.

326 621 473 693 Lege
497 620 875 677 adnotationcs
933 616 1002 672 50
1048 632 1171 687 cap.
1213 616 1298 669 tit.
1335 612 1368 668 9
1397 613 1684 684 praesentis
1720 610 1924 680 operis.

391 826 547 882 CAP.
584 825 654 880 X.
684 854 754 864 —-
788 823 862 878 De
893 832 1049 879 (etate
1070 837 1252 877 eorum
1283 821 1375 892 qui
1411 819 1655 874 habitum
1683 827 1922 883 sumunt,

317 928 370 974 et
407 916 706 988 cujusmodi
733 916 878 986 virgo
921 915 1157 968 dicatur.

390 1103 622 1160 Concilii
660 1099 1114 1173 Cartliaginensis
1145 1099 1341 1154 'eanon
1377 1096 1516 1159 122,
1552 1095 1655 1152 126
1687 1113 1702 1163 ;
1739 1093 1927 1149 conci-

321 1198 383 1253 lii
414 1196 557 1253 sexti
595 1211 773 1250 canon
802 1193 893 1258 40,
924 1192 1014 1257 41,
1049 1191 1141 1254 45,
1172 1191 1282 1259 Δ5;
1336 1189 1517 1244 Basilii
1549 1202 1724 1243 canon
1762 1186 1851 1240 18.

391 1311 544 1367 CAP.
581 1309 673 1366 XI.
703 1340 773 1352 —-
805 1309 882 1363 De
928 1305 1201 1362 monachis
1247 1305 1339 1376 qui
1391 1303 1571 1358 clerici
1615 1303 1772 1372 ﬁunt,
1829 1309 1925 1355 aut

321 1408 578 1480 profanos
603 1407 826 1461 honores
859 1413 1273 1473 consequuntur,
1311 1409 1406 1453 aut
1441 1398 1706 1454 militant.

394 1587 627 1644 Concilii
658 1584 863 1641 Nicteni
900 1599 1073 1639 canon
1115 1582 1221 1649 12;
1259 1580 1478 1638 concilii
1505 1578 1926 1635 Chalcedonen-

330 1681 409 1738 sis
435 1696 611 1736 canon
647 1679 677 1730 ’ἲ
707 1696 721 1746 ;
754 1677 940 1750 Cyrilli
969 1694 1036 1732 ex
1066 1677 1298 1746 epistola
1327 1675 1391 1728 ad
1419 1672 1600 1744 Libya:
1632 1683 1686 1728 et
1717 1670 1926 1726 Penta-

1476 312 1742 375 PHOTII
1781 309 2288 373 PATRIARCHE
2326 307 2436 370 CP.

1952 431 1998 486 Α
2096 424 2349 478 ΚΕΦΛΛ.
2374 420 2530 478 Θ’.-
2552 421 2691 491 Περὶ
2723 419 2951 492 φθορᾶς
2981 418 3154 491 ἱερῶν
3180 419 3510 491 παρθένων.

3354 293 3366 306 ’
3477 295 3607 364 1156

2101 517 2330 571 Συνὸδου
2365 514 2439 581 ς’,
2486 513 2667 569 κανὼν
2691 513 2754 582 δ’,
2795 513 3077 568 Βασιλείου
3116 512 3295 567 κανὼν
3328 511 3418 584 ιη’,
3457 510 3525 579 κ’,
3554 507 3613 578 ξ’,

2030 609 2308 679 ἀνάγνωθι
2328 609 2428 674 τὰς
2457 607 2832 681 παραγραφὰς
2849 606 2944 662 τοῦ
2972 605 3017 660 λ’
3037 623 3165 676 κεφ.
3198 605 3290 660 τοῦ
3322 604 3367 660 θ’
3390 606 3496 660 τίτ.
3522 605 3615 660 τοῦ

2029 705 2300 776 παρόντος
2339 703 2545 776 συντόιγ
2553 718 2742 772 ματος.

2097 817 2351 872 ΚΕΦΑΛ.
2394 818 2452 872 I'.
2492 846 2563 857 —
2603 816 2741 885 napi
2787 815 3016 885 χρόνου
3057 813 3169 884 τῆς
3215 814 3458 884 ἡλικίας
3504 814 3619 868 τῶν

2027 911 2461 980 λαμϐανόντων
2490 908 2556 962 τὸ
2573 907 2806 978 σχῆμα,
2831 907 2933 962 καὶ
2962 906 3107 960 ποια
3141 907 3380 978 λέγεται
3405 906 3619 976 παρθέ-

2028 1021 2154 1057 νος.

2099 1023 2328 1146 Ξυνόδου
2367 1073 2763 1166 Καρθαῇἐννης
2807 1091 2988 1147 κανὼν
3023 1090 3165 1166 φιβ’,
3211 1088 3370 1164 ρκς’·
3404 1091 3618 1146 συνόδου

2031 1183 2085 1250 ς’
2109 1185 2289 1240 κανὼν
2321 1184 2395 1256 μ’,
2429 1193 2539 1257 μα’,
2575 1183 2686 1256 μγ’,
2722 1183 2805 1257 με’
2825 1201 2840 1216 ο
2877 1185 3160 1238 Βασιλείου
3187 1183 3368 1239 κανὼν
3397 1183 3488 1256 ιη’.

2106 1301 2355 1355 ΚΕΦΑΛ.
2388 1298 2493 1354 IA'.
2513 1327 2586 1341 -
2609 1301 2750 1370 Περὶ
2777 1299 3088 1370 μοναχῶν,
3124 1297 3457 1368 γινομένων
3477 1300 3622 1366 κλη-

2020 1392 2232 1463 ρικῶν,
2277 1393 2317 1463 ἢ
2369 1393 2597 1448 λαῑκῶν
2645 1392 3081 1462 ἀξιωματικῶν,
3131 1392 3170 1460 ἣ
3225 1390 3621 1460 στρατειομέο

2027 1505 2170 1543 rana

2102 1580 2332 1634 Συνόδου
2365 1579 2601 1643 Νικαίας
2636 1579 2815 1634 κανὼν
2857 1578 2954 1650 ιβ’·
3011 1579 3232 1632 συνόδου
3278 1578 3620 1648 Χαλκηδόνος

2030 1674 2210 1727 κανὼν
2241 1671 2314 1738 ζ’·
2351 1674 2622 1743 Κυρίλλου
2658 1677 2723 1727 ὲκ
2750 1675 2850 1744 τῆς
2880 1673 3019 1745 πρὸς
3047 1675 3176 1737 τοὺς
3209 1675 3268 1726 ὲν
3295 1673 3473 1744 Λιϐύῃ
3494 1714 3507 1736 ,
3535 1674 3623 1726 καὶ

330 1775 470 1847 polis
509 1775 800 1844 episcopos
835 1787 1010 1827 canon
1041 1771 1096 1825 2.
1133 1769 1276 1839 Lege
1305 1768 1688 1823 adnotationes
1710 1779 1832 1834 cap.
1857 1763 1926 1818 52

2062 1767 2367 1820 Ιενταπόλει
2417 1767 2751 1831 ἐπισκόπους
2795 1766 3118 1835 ἐπιστολῆς,
3155 1764 3338 1819 κανὼν
3369 1763 3434 1835 β’.
3471 1765 3622 1818 Ἀνά-

329 1868 416 1923 tit.
446 1867 478 1924 9
510 1867 797 1938 praesentis
829 1865 1033 1934 Operis.

400 2072 556 2129 CAP.
589 2070 704 2128 XII.
732 2071 894 2126 —De
925 2072 991 2124 iis
1023 2070 1111 2141 qui
1136 2069 1430 2124 monastico
1461 2069 1649 2123 habitu
1682 2077 1928 2136 utuntur,

331 2183 397 2222 ac
434 2166 690 2220 damnant
725 2182 811 2220 eos
837 2166 928 2236 qui
967 2165 1165 2219 vestitu
1199 2164 1465 2219 communi
1491 2173 1736 2219 utuntur.

399 2369 631 2426 Concilii
663 2369 997 2440 Gangrensis
1023 2383 1200 2424 canon
1241 2368 1326 2423 l2.

404 2462 620 2517 Textus.
659 2463 865 2518 Dicitur
903 2463 1000 2517 lib.
1040 2479 1079 2528 ι,
1119 2463 1200 2517 tit.
1228 2465 1464 2528 4,const
1489 2465 1561 2522 ιε
1595 2465 1768 2536 Mimi,
1797 2475 1931 2535 etc.,

330 2567 502 2623 usque
535 2551 604 2605 ad
626 2550 1046 2617 exterminatur,
1079 2560 1137 2604 ut
1163 2568 1285 2622 pag.
1316 2551 1444 2609 865.

330 2759 337 2794 ι
405 2734 700 2790 Sotiatium.
739 2733 974 2790 Constit.
1017 2734 1052 2789 4
1095 2735 1181 2790 tit.
1237 2735 1273 2789 4
1330 2735 1427 2792 lib.
1458 2752 1476 2792 ι
1506 2737 1643 2794 Cod.
1684 2755 1788 2796 non
1849 2749 1935 2796 est

332 2829 512 2901 pesita
543 2831 595 2881 in
633 2826 796 2881 Basil.
859 2825 1048 2882 Const.
1099 2829 1136 2882 2
1167 2828 1250 2883 ιὶι.
1285 2829 1306 2883 1
1343 2827 1696 2886 Novellarum
1729 2845 1811 2888 est
1833 2847 1932 2888 no-

331 2922 468 2976 vella
519 2919 859 2974 Justinianca
912 2918 1052 2985 123,
1110 2917 1422 2994 positalque
1485 2919 1590 2994 est]
1647 2921 1704 2976 in
1761 2922 1836 2981 lib
1879 2937 1933 2977 iv

335 3012 501 3068 Basil.
537 3011 792 3082 Ejusdem
849 3026 975 3066 vero
1016 3011 1240 3066 novella:
1270 3028 1392 3082 cap.
1432 3011 1526 3079 64,
1557 3019 1672 3068 sive
1699 3015 1765 3068 15
1807 3029 1928 3084 cap.

333 3106 578 3177 ejusdem
605 3105 702 3160 lib.
730 3114 784 3160 et
819 3105 903 3159 tit.
947 3104 1079 3160 dicit
1111 3107 1177 3160 ad
1222 3106 1444 3176 longum
1474 3147 1489 3173 ,
1531 3124 1653 3177 quze
1697 3109 1752 3162 in
1790 3123 1929 3178 pra”:-

1963 1844 2006 1898 B
2038 1861 2205 1931 γνωϐι
2231 1861 2330 1926 τὰς
2367 1862 2735 1933 παραγραφὰς
2798 1860 2890 1914 τοῦ
2919 1859 2996 1932 λβ’
3031 1879 3157 1932 κεφ.
3184 1860 3280 1914 τοῦ
3315 1861 3360 1914 θ’
3390 1861 3495 1915 τίτ.
3533 1860 3622 1914 τοῦ

2036 1955 2303 2026 παρόντος
2333 1955 2735 2025 συντάγματος.

2108 2071 2362 2123 ΚΕΦΑΛ.
2407 2069 2506 2125 IB'.
2537 2101 2608 2110 —
2637 2070 2778 2138 Περὶ
2834 2069 2952 2124 τῶν
2997 2069 3321 2140 χρωμένων
3365 2068 3623 2139 σχήματι

2030 2162 2359 2231 μοναχικῷ,
2393 2161 2491 2216 καὶ
2519 2159 3094 2232 καταψηφιζομένων
3120 2161 3244 2216 τῶν
3268 2160 3450 2231 κοινῇ
3483 2179 3622 2231 xpu-

2029 2251 2231 2322 μένων
2259 2251 2491 2322 ἐσθῆτι.

2106 2367 2335 2421 Συνόδου
2366 2368 2623 2439 Γάγγρας
2649 2367 2831 2422 κανὼι
2859 2367 2950 2441 ιβ’.

2103 2461 2416 2530 Iis/pavor.
2459 2460 2688 2534 Εἴρηται
2719 2461 2911 2534 βιβλίῳ
2958 2460 3027 2529 α’,
3055 2463 3160 2518 τίτ.
3191 2461 3254 2528 δ’,
3284 2463 3428 2518 διάτ.
3461 2460 3521 2526 δ’,
3550 2464 3624 2518 ὅτι

2032 2553 2082 2606 oi
2115 2556 2295 2626 μίμοι,
2328 2572 2382 2609 κ.
2409 2572 2461 2610 τ.
2489 2554 2563 2622 λ.,
2593 2571 2764 2626 usque
2789 2559 2855 2612 ad
2886 2560 3231 2629 τιμωρεῖται,
3268 2560 3366 2612 καὶ
3395 2557 3626 2630 ἐξορίζε-

2031 2661 2140 2700 ται

2103 2739 2383 2810 Σχόλιον.
2422 2739 2485 2795 Ἢ
2519 2741 2561 2794 δ’
2589 2741 2725 2797 διάτ.
2753 2741 2848 2796 τοῦ
2879 2741 2920 2796 δ’
2952 2744 3057 2799 τίτ.
3094 2744 3190 2798 τοῦ
3231 2744 3285 2798 α’
3310 2745 3514 2816 βιϐλίου
3538 2747 3625 2801 τοῦ

2032 2828 2261 2894 κώδικος
2299 2832 2400 2885 οὐκ
2445 2833 2604 2905 ἐτέθη
2639 2837 2720 2898 εἰς
2762 2835 2832 2890 τὰ
2861 2835 3232 2891 Βασιλικά.Ἠ
3273 2836 3320 2908 β’
3349 2839 3489 2895 διάτ.
3536 2838 3624 2894 τοῦ

2033 2920 2082 2975 α’
2107 2923 2215 2978 τίτ.
2251 2925 2358 2978 τῶν
2401 2925 2650 2995 Νεαρῶν,
2700 2929 2816 2984 ἔστι
2861 2930 3032 2999 νεαρὰ
3053 2931 3484 2997 Ἰουστινιὰνειος
3516 2931 3626 3006 ρκ’γ

2033 3019 2262 3091 κειμένη
2309 3021 2366 3073 ἐν
2414 3019 2605 3092 βιϐλίῳ
2634 3020 2674 3074 δ’
2705 3022 2814 3074 τῶν
2841 3023 3164 3079 Βασιλικῶν.
3201 3027 3276 3082 Τὸ
3312 3026 3368 3078 δὲ
3408 3025 3478 3094 ξδ’
3506 3046 3624 3098 κεφ.

2031 3112 2131 3180 τῆς
2167 3111 2335 3182 αὐτῆς
2367 3115 2568 3185 νεαρᾶς
2589 3114 2713 3186 ᾕτοι
2738 3115 2798 3167 τὸ
2830 3114 2898 3186 ιγ’
2935 3134 3061 3188 κειρ.
3096 3118 3190 3172 τοῦ
3226 3120 3398 3173 αὐτοῦ
3427 3120 3623 3191 βιϐλίου

334 3199 477 3256 senti
513 3198 577 3252 12
609 3214 729 3267 cap.
762 3200 1150 3268 compendiose
1173 3202 1458 3270 proposita
1521 3212 1652 3256 sunt
1685 3220 1699 3256 :
1731 3204 1926 3258 addi-ns

2062 3203 2133 3256 tati.
2176 3203 2282 3257 τίτ.
2329 3205 2494 3275 φησὶν
2545 3209 2626 3269 είς
2673 3207 2877 3272 πλάτος
2915 3210 2988 3264 τὰ
3034 3211 3433 3282 συνοψισθέντα
3465 3217 3540 3278 είς
3571 3214 3627 3267 τὸ

332 3309 428 3349 eos
459 3294 552 3364 qui
585 3293 639 3347 in
673 3305 926 3348 sanetum
958 3293 1204 3348 habitum
1230 3294 1499 3362 illudunt,
1525 3311 1619 3364 per
1644 3296 1936 3366 episcopos

332 3393 388 3441 et
424 3387 780 3455 magistratus
808 3386 1017 3456 puniri.

404 3592 557 3650 CAP.
587 3591 731 3648 XIII.
759 3626 829 3636 —
861 3595 935 3650 De
976 3595 1194 3650 muliere
1232 3596 1410 3651 virilia
1461 3596 1815 3671 [indumenta]
1845 3557 1936 3670 ge:

331 3695 528 3741 stante.

408 3779 642 3835 Concilii
667 3779 1002 3849 Gangrensis
1038 3796 1211 3836 canon
1242 3782 1328 3837 I3.

407 3893 564 3950 CAP.
605 3893 744 3948 XIV.
777 3921 846 3935 -ι
876 3891 960 3948 Ne
993 3895 1241 3953 mulieres
1286 3897 1559 3971 religionis
1586 3918 1710 3974 ergo
1748 3905 1938 3961 deton-

338 3985 592 4041 deantur.

409 4079 642 4136 Concilii
671 4078 1007 4152 Gangrensis
1037 4097 1214 4158 canon
1253 4085 1343 4140 17.

412 4192 566 4248 CAP.
601 4191 718 4248 XV.
743 4224 813 4232 —
841 4192 915 4248 De
944 4211 1003 4249 eo
1025 4199 1116 4266 qui
1147 4207 1410 4268 prwtextu
1438 4199 1711 4273 religionis
1744 4202 1937 4262 liberos

340 4292 434 4338 aut
463 4293 708 4352 parentes
738 4301 842 4338 non
871 4284 989 4340 alit.

411 4373 642 4430 Concilii
671 4373 1007 4446 Gangrensis
1035 4393 1214 4434 canon
1251 4379 1336 4446 15,
1377 4381 1462 4438 16.

409 4487 563 4542 CAP.
599 4486 740 4544 XVI.
773 4520 843 4528 —
868 4490 1182 4561 Cujusmodi
1223 4496 1406 4552 civilia
1448 4501 1658 4571 negotia
1697 4503 1775 4558 vel
1810 4520 1937 4574 pro-

341 4581 644 4636 curationes
680 4583 923 4637 monachi
951 4585 1095 4640 obire
1122 4592 1347 4656 possint.

413 4671 642 4728 Concilii
673 4672 1135 4735 Chalcedonensis
1188 4697 1365 4738 canon
1399 4685 1454 4740 5.
1509 4683 1654 4760 Lege
1701 4688 1931 4747 adnota-

345 4763 520 4820 tiones
552 4780 676 4836 cap.
707 4766 741 4823 5
779 4768 861 4822 tit.
896 4769 930 4823 8
962 4775 1245 4841 praesentis
1271 4776 1473 4846 Operis.

2045 3296 2219 3364 παρὸν
2252 3293 2317 3366 ιβ’
2348 3314 2473 3367 κεφ.
2505 3299 2934 3371 προστιθέμενον
2958 3301 3045 3356 διὰ
3066 3303 3176 3357 τῶν
3197 3307 3516 3361 ἐπισκόπων
3539 3307 3626 3360 καὶ

2043 3387 2152 3440 τῶν
2180 3389 2459 3460 ἀρχόντων
2493 3390 2829 3457 καλάζεσθαι
2854 3396 2982 3460 τοὺς
3027 3396 3088 3450 τὸ
3134 3397 3294 3467 ἅγιον
3326 3401 3509 3473 σχῆμα
3536 3402 3626 3472 ἐμ.

2045 3481 2360 3546 παίζοντας.

2042 3595 2062 3655 ᾖ
2118 3593 2368 3647 ΚΕΦΛΛ.
2410 3591 2508 3647 II".
2544 3624 2615 3634 —
2644 3594 2786 3665 Περὶ
2834 3598 3120 3668 γυναικὸς
3174 3602 3487 3672 φορυύσης
3527 3602 3624 3658 ἀν·

2045 3683 2235 3752 δρεῖα.

2115 3778 2343 3832 Συνόδου
2378 3779 2637 3854 Γάγγρας
2664 3782 2846 3838 κανὼν
2871 3785 3094 3850 δέκατος
3125 3787 3334 3858 τρίτος.

2118 3895 2372 3950 ΚΕΦΑΛ.
2405 3872 2599 3951 1Δ’.-ζ
2626 3899 2765 3968 Περὶ
2808 3900 2915 3955 τοῦ
2952 3900 3042 3971 μὴ
3082 3901 3306 3973 χρῆναι
3351 3903 3627 3975 γυναῖκας

2045 3988 2471 4058 ἀποκείρεσθαι
2504 3991 2604 4046 διὰ
2627 3993 2917 4063 ἄσκησιν.

2116 4083 2344 4138 Συνόδου
2373 4085 2630 4159 Γάγγρας
2665 4087 2844 4142 κανὼν
2876 4085 2962 4154 ιζ’.

2116 4202 2371 4260 ΚΕΦΑΛ.
2402 4203 2500 4260 IE'.
2528 4237 2601 4246 —
2641 4207 2781 4277 Περὶ
2831 4209 2938 4264 τοῦ
2983 4211 3282 4282 προφάσει
3319 4213 3627 4285 ἀσκήσεως

2040 4292 2128 4362 μὴ
2158 4296 2732 4367 τεκνοτροφοῦντος,
2765 4299 2802 4369 ἢ
2829 4304 3414 4373 πατροτροφοῦντος.

2118 4387 2346 4441 Συνόδου
2375 4389 2635 4462 Γάγγρας
2667 4391 2850 4447 κανὼν
2887 4401 2969 4460 ιε’,
3003 4393 3101 4460 ις’.

2117 4503 2369 4560 ΚΕΦΑΛ.
2391 4503 2510 4574 ις’.
2534 4534 2603 4552 ρ-
2621 4509 2772 4563 Ποῖα
2801 4513 3083 4592 πολιτικὰ
3102 4513 3440 4585 πράγματα,
3469 4515 3506 4586 ἢ
3526 4532 3624 4583 κη-

1965 4586 2010 4642 D
2041 4593 2322 4664 δεμονίας
2345 4600 2399 4652 ot
2421 4602 2679 4670 μοναχοὶ
2711 4589 3000 4659 δύνανται
3025 4606 3312 4675 μετιέναι.

2112 4690 2338 4743 Συνόδου
2369 4692 2716 4764 Χαλκηδόνος
2744 4713 2869 4767 κεφ.
2903 4696 2971 4767 γ’.
3018 4701 3316 4770 Ἀνάγνωθι
3340 4703 3408 4757 τὰ
3456 4720 3621 4772 παρα-

2038 4783 2322 4855 γραφέντα
2350 4785 2409 4840 ὲν
2438 4786 2516 4858 τῷ
2545 4786 2593 4857 γ’
2619 4806 2746 4862 κεφ.
2777 4791 2873 4847 τοῦ
2897 4801 2948 4866 η’
2970 4795 3078 4853 τίτ.
3099 4797 3195 4852 τοῦ
3221 4801 3482 4872 παρόντος
3503 4818 3619 4854 συν·

2038 4879 2338 4932 τάγματος.

2038 4895 2338 4949 ταγματος.
