3916 6244
301 261 436 328 1157
1271 267 1850 330 NOMOCANON-—
1890 268 2039 331 TIT.
2081 269 2220 345 ΧΠ,
2267 269 2425 333 CAP.
2469 271 2518 347 1,
2560 271 2643 333 II.
2689 256 2694 260 ’
3455 269 3591 337 1158

1342 590 1752 679 ΤΙΤΛΟΣ
1844 587 2546 680 ΔΩΔΕΚΑΤΟΣ.

1063 774 1224 832 ΠΕΡΙ
1262 772 1682 844 ΑΙΡΕΤΙΚΩΝ,
1724 778 1847 831 ΚΑΙ
1887 777 2252 844 ΙΟΥΔΑΙΩΝ,
2293 778 2414 833 ΚΑΙ
2469 778 2821 836 ΕΛΛΗΝΩΝ.

1920 965 1990 980 -ο

1300 1104 1771 1183 TITULUS
1850 1106 2559 1189 DUODECIMUS.

1189 1280 1293 1341 DE
1330 1282 1806 1359 HJERETICIS,
1852 1285 2152 1348 JUDZEIS
2195 1289 2297 1347 ET
2341 1287 2704 1353 PAGANIS.

344 1632 748 1688 ΚΕΦᾹΛΛΙΟΝ
775 1630 852 1688 Α’.
875 1664 946 1677 -
972 1610 1043 1689 ’τί
1070 1635 1243 1690 ἐστιν
1268 1637 1499 1706 αἵρεσις
1522 1637 1622 1692 και
1653 1638 1710 1693 τί
1731 1639 1866 1710 σχί-

2039 1636 2193 1694 CAP.
2226 1637 2266 1694 Ι.
2295 1669 2367 1680 -
2408 1639 2551 1705 Quid
2586 1640 2657 1694 sit
2692 1639 2934 1705 laceratis,
2974 1638 3102 1710 quid
3157 1637 3404 1705 schisma,
3446 1637 3574 1711 quid

270 1741 399 1796 σμα
431 1725 530 1780 καί
555 1727 613 1780 τί
644 1728 1153 1799 παρασυναγωγή.
1750 1780 1773 1789 ,

1750 1780 1773 1789 ρ
1972 1732 2334 1786 adulteratam
2374 1733 2818 1788 conventiculum.

342 1819 629 1873 Βασιλείου
659 1818 839 1873 κανὼν
868 1819 939 1876 α’.

2043 1824 2233 1879 Basilii
2275 1839 2454 1879 canon
2489 1825 2542 1880 1.

341 1932 597 1987 ΚΕΦΑΛ.
632 1931 708 1987 B’.
728 1964 798 1973 —
829 1933 891 1987 Tl
917 1932 1090 1987 ἐστιν
1114 1935 1431 2002 αἱρετικός.

2037 1940 2191 1997 CAP.
2226 1940 2291 1996 ll.
2327 1975 2397 1984 —
2428 1941 2571 2007 Quid
2603 1942 2670 1995 sit
2710 1943 3012 1997 luet-elicuit.

337 2025 569 2081 Συνόδου
599 2027 1227 2089 Κωνσταντινουπὸλεως
1253 2027 1433 2082 κανὼν
1462 2026 1537 2093 ς’.

2033 2033 2263 2088 Concilii
2295 2034 2891 2104 Constantinopolitani
2922 2050 3097 2090 canon
3126 2033 3181 2089 6.

337 2121 647 2189 Κείμενον.
688 2118 752 2173 Ἦ
772 2126 819 2174 α’
841 2119 980 2173 διάτ.
1008 2118 1104 2173 τοῦ
1132 2118 1181 2174 α’
1208 2120 1315 2175 τίτ.
1343 2120 1437 2175 τοῦ
1460 2120 1507 2174 α’
1534 2121 1739 2191 βιϐλίου
1764 2123 1860 2178 τοῦ

2138 2137 2257 2181 :tus.
2283 2128 2469 2183 Const.
2496 2128 2519 2181 1
2547 2127 2630 2193 tit.
2676 2128 2699 2180 1
2742 2127 2836 2181 lib.
2868 2126 3002 2181 Cod.
3031 2129 3137 2181 ait:
3166 2127 3268 2195 Qui
3294 2138 3566 2196 sanctam,
3678 2140 3684 2143 '

265 2212 518 2280 κώδικος,
551 2214 739 2284 φησὶν,
771 2231 826 2268 κ.
850 2231 901 2268 τ.
924 2212 1002 2278 λ.,
1037 2229 1208 2284 usque
1240 2215 1303 2268 ad
1336 2215 1482 2283 λέγει
1508 2217 1631 2281 τοὺς
1664 2218 1737 2289 μὴ
1769 2217 1811 2271 ’51

1664 2218 1737 2289 μὴ
1769 2217 1860 2271 δν·
1962 2226 2095 2285 etc.,
2118 2234 2280 2289 usque
2311 2218 2380 2271 ad
2411 2233 2516 2272 non
2548 2227 2799 2287 possunt,
2828 2228 2884 2271 ut
2913 2234 3036 2288 pug.
3069 2218 3192 2271 870.

263 2323 362 2369 τας
392 2322 767 2368 κοινωνικους.

328 2401 615 2467 Σχόλιον.
654 2398 719 2452 Ἦ
754 2397 802 2453 α’
827 2398 968 2454 διάτ.
994 2398 1089 2453 τοῦ
1121 2396 1168 2453 α’
1197 2398 1302 2451 τίτ.
1327 2397 1422 2452 τοῦ
1454 2397 1500 2453 α’
1532 2397 1735 2467 βιϐλίου
1760 2398 1853 2452 τοῦ

2030 2402 2325 2457 Scholium.
2360 2399 2594 2458 Constit.
2626 2402 2650 2455 1
2692 2400 2775 2455 tit.
2810 2400 2835 2454 1
2873 2400 2966 2455 lib.
3006 2400 3184 2456 tCod.
3228 2411 3314 2457 est
3362 2418 3484 2474 cap.
3530 2405 3552 2458 1

261 2488 515 2553 κὼδικος,
549 2489 664 2544 ἐστι
708 2509 833 2561 κεφ.
866 2490 917 2543 α’
944 2491 1040 2545 τοῦ
1082 2490 1131 2545 α’
1156 2492 1263 2547 τίτ.
1290 2490 1386 2545 τοῦ
1427 2489 1474 2545 α’
1507 2491 1711 2562 βιϐλίου
1746 2491 1807 2544 τᾶ

2014 2508 2023 2549 t
2056 2498 2079 2549 1
2115 2496 2209 2549 lib.
2245 2511 2260 2549 1
2293 2492 2486 2556 Basil.,
2538 2494 2680 2563 quod
2728 2494 2808 2549 sic
2836 2493 3018 2556 habet,
3052 2501 3111 2548 ut
3149 2495 3200 2547 in
3234 2502 3381 2549 textu
3410 2512 3560 2550 com-

258 2584 565 2639 Βασιλικῶν
587 2584 759 2649 οὕτως
782 2585 903 2656 ἔχον
933 2586 1008 2648 ὡς
1038 2586 1114 2650 είς
1145 2586 1205 2639 τὸ
1234 2585 1488 2655 κείμενον
1515 2584 1804 2655 συνωψίσθι

2007 2587 2218 2641 :ndiose
2243 2585 2581 2655 propositum
2611 2593 2716 2637 est.
2771 2582 3007 2638 Constil.
3041 2583 3076 2636 2
3116 2584 3196 2638 tit.
3232 2583 3266 2637 5
3309 2584 3553 2654 ejusdem

268 2678 331 2731 'H
363 2674 409 2748 β’
439 2677 580 2731 διὰτ.
616 2678 709 2730 τοῦ
744 2675 783 2729 ε’
810 2678 916 2730 τίτ.
952 2676 1046 2730 τοῦ
1091 2677 1258 2732 αὐτοῦ
1295 2676 1342 2731 α’
1377 2677 1581 2749 βιϐλίου
1614 2679 1706 2732 τοῦ
1742 2679 1814 2733 κώ

2009 2694 2048 2734 1.
2083 2695 2096 2732 1
2128 2677 2263 2733 Cod.
2299 2684 2383 2732 est
2435 2677 2617 2730 thema
2656 2674 2690 2728 2
2746 2690 2867 2741 cap.
2923 2674 2988 2729 18
3013 2675 3096 2729 tit.
3128 2676 3150 2727 l
3190 2675 3323 2729 l1b.1
3364 2675 3555 2746 Basil,

255 2769 424 2835 δικος,
458 2769 573 2823 ἔστι
605 2769 749 2840 θέμα
782 2768 825 2840 β’
851 2768 946 2823 τοῦ
977 2769 1044 2840 ιη’
1073 2788 1195 2839 κεφ.
1226 2770 1321 2825 τοῦ
1358 2769 1404 2824 α’
1437 2771 1542 2827 τὶτ.
1569 2772 1661 2825 τοῦ
1690 2771 1738 2825 α’
1762 2772 1801 2843 βι

2005 2771 2097 2825 10d
2135 2772 2323 2825 eadem
2377 2767 2782 2836 complectitur.
2828 2764 3022 2822 Const.
3058 2766 3125 2819 12
3182 2766 3428 2836 ejusdem
3455 2768 3551 2822 lib.

256 2862 406 2914 ϐλίου
453 2863 560 2915 τῶν
612 2862 919 2915 Βασιλικῶν
962 2863 1030 2916 τὰ
1078 2863 1220 2917 αὐτὰ
1267 2864 1736 2935 διαλαμϐάνον.Ἠ
1783 2886 1797 2919 ι

2036 2863 2117 2916 tit.
2149 2861 2285 2915 Cod.
2320 2876 2426 2915 non
2455 2868 2539 2914 est
2580 2860 2757 2929 posita
2790 2858 2842 2911 in
2882 2858 3045 2913 Basil.
3082 2858 3274 2914 Const.
3326 2861 3349 2911 1
3399 2861 3481 2913 tit.
3522 2861 3556 2915 5

251 2956 395 3009 διάτ.
425 2954 520 3008 τοῦ
575 2955 741 3009 αὐτοῦ
794 2953 1002 3025 βιϐλίου
1056 2956 1149 3008 καὶ
1198 2955 1306 3011 τίτ.
1358 2956 1453 3009 τοῦ
1486 2957 1716 3023 κώδικος
1745 2960 1797 3012 οἰ

2009 2955 2295 3009 ivellarum
2323 2953 2500 3023 posita
2523 2962 2607 3007 est
2633 2953 2688 3006 in
2745 2967 2868 3021 cap.
2925 2951 2993 3006 50
3017 2953 3099 3006 tit.
3126 2954 3147 3007 1
3180 2952 3273 3006 lib.
3313 2967 3327 3005 1
3359 2950 3555 3018 Basil.,

252 3046 420 3117 ἐτέθη
468 3048 549 3110 είς
593 3047 662 3101 τὰ
705 3046 989 3101 Βασιλικά.
1024 3047 1089 3100 Ἠ
1122 3045 1170 3100 α’
1202 3047 1341 3102 διάτ.
1374 3046 1469 3101 τοῦ
1524 3046 1572 3119 γ’
1605 3067 1709 3103 τιτ.
1755 3068 1798 3102 τι

2005 3045 2182 3117 atque]
2212 3055 2297 3100 est
2339 3045 2546 3100 novella
2578 3042 2876 3098 Justiniani
2908 3043 3009 3099 169
3030 3086 3044 3111 ,
3075 3046 3551 3114 comprehendens

250 3139 479 3210 Νεαρῶν
527 3139 687 3211 ἐτέθη
739 3142 818 3204 είς
868 3157 992 3210 κεφ.
1020 3138 1060 3192 ν’
1091 3140 1182 3194 τοῦ
1220 3147 1268 3195 α’
1296 3141 1400 3195 τίτ.
1428 3140 1523 3195 τοῦ
1567 3142 1615 3196 α’
1643 3142 1796 3213 βιϐλίς

2003 3148 2040 3194 1t
2077 3141 2130 3195 in
2161 3139 2484 3209 compendio
2518 3139 2723 3208 dicant)
2757 3138 2965 3191 nullam
3002 3139 3262 3191 militiam
3298 3148 3391 3191 aut
3413 3153 3549 3207 qua-

250 3235 358 3287 τῶν
378 3233 685 3289 Βασιλικῶν
707 3233 876 3305 νεαρὰ
898 3230 1035 3288 οὖσα
1052 3234 1483 3299 Ἰουστινιάνειος
1499 3236 1596 3307 pO"
1618 3236 1796 3308 5m.)th

2009 3248 2280 3302 mcunque
2320 3233 2593 3304 publicam
2649 3231 2989 3287 iunctionem
3038 3232 3328 3287 haereticos
3374 3232 3549 3287 obire.

250 3327 489 3382 ϐάνουσα
532 3326 607 3390 ὡς
642 3328 698 3379 ὲν
728 3327 945 3397 συνόψει
978 3328 1153 3380 εἰπεῖν
1174 3368 1187 3391 ,
1229 3327 1502 3399 μηδεμίαν
1532 3328 1792 3400 στρατεία

2001 3328 2093 3382 icit
2137 3334 2319 3380 autem
2369 3326 2653 3380 haereticos
2700 3341 2843 3387 esse,
2888 3326 3204 3395 quicunque
3250 3327 3304 3380 in
3353 3334 3546 3381 sancta

247 3420 279 3490 ἢ
308 3422 407 3491 τὴν
433 3420 649 3474 clavo-3v
680 3418 1021 3491 δημοσιακὴν
1047 3420 1303 3489 φροντίδα
1336 3421 1579 3490 μετιέναι
1613 3420 1738 3484 τοὺς
1761 3439 1793 3473 α

2004 3420 2044 3476 ei
2095 3418 2337 3475 Ecclesia
2388 3434 2482 3489 per
2536 3420 2850 3475 sacerdotes
2904 3420 3202 3489 participes
3254 3436 3362 3473 non
3412 3420 3550 3474 ﬁunt

248 3513 519 3585 ρετικούς.
556 3512 720 3581 Λέγει
746 3512 803 3565 δὲ
830 3513 1143 3581 αἱρετικοὺς
1188 3508 1332 3565 εἶναι
1358 3512 1569 3575 πάντας
1599 3514 1726 3575 τοὺς
1764 3530 1794 3582 μ

1997 3510 2467 3567 ιηοιίίίοιιιὶοιιυηι.
2516 3511 2645 3565 Item
2683 3528 2698 3565 :
2734 3510 3015 3567 llaeretieis
3067 3512 3391 3566 mulieribus
3435 3526 3543 3565 non

247 3604 769 3676 μεταλαμϐάνοντας
821 3602 930 3655 τῶν
963 3603 1324 3673 ἁγιασμάτων
1358 3602 1466 3656 ἀπὸ
1500 3603 1607 3656 τῶν
1651 3604 1793 3673 ἱερέα

1999 3617 2143 3660 tntur
2182 3604 2465 3674 privilegia
2492 3644 2509 3669 ,
2557 3620 2680 3674 quae
2724 3605 2850 3659 data
2897 3614 3022 3659 sunt
3077 3604 3398 3658 orthodoxis
3436 3620 3449 3659 ι
3488 3612 3545 3657 ιιι

245 3696 386 3768 μετὰ
409 3696 509 3767 τὴν
531 3696 694 3765 ἁγίαν
713 3695 1044 3763 Ἐκκλησίαν
1066 3693 1160 3747 τοῦ
1188 3694 1324 3747 Θεοῦ
1349 3710 1362 3724 ⁸
1390 3694 1485 3747 καὶ
1510 3695 1589 3748 ὅτι
1616 3697 1735 3757 ταῖς
1760 3712 1791 3748 α

2007 3696 2241 3768 idelicel]
2277 3698 2395 3752 vice
2435 3697 2757 3753 suﬂicientis
2790 3698 2857 3752 de
2910 3698 3187 3752 dotalibus
3222 3697 3338 3752 suis
3379 3697 3546 3750 rebus

243 3791 489 3861 ρετικαίς
522 3788 766 3857 γυναιξὶν
800 3791 860 3842 οὐ
901 3789 1135 3843 δίδονται
1184 3788 1253 3841 τὰ
1299 3787 1521 3861 δοθέντα
1569 3789 1783 3860 προνόμ

2003 3791 2393 3859 Iptialibusque
2423 3790 2592 3845 lucris
2615 3789 2909 3856 cautionis,
2934 3792 3129 3843 tacitas
3161 3799 3348 3843 contra
3374 3786 3546 3841 mari-

236 3886 358 3946 ταῖς
384 3882 690 3954 ὀρθοδόξοις
733 3882 893 3953 χάριν
922 3883 1015 3935 τοῦ
1052 3882 1196 3952 ἔχειν
1237 3883 1525 3952 σιωπηρᾶς
1560 3882 1782 3951 ὑποθήκε

1996 3898 2120 3937 τυιη
2158 3899 2382 3937 suorum
2435 3900 2523 3937 res
2574 3884 2809 3936 habeant
2863 3883 3223 3954 hypothecas,
3271 3890 3437 3951 atque
3485 3881 3542 3934 in

237 3980 380 4034 κατὰ
425 3979 537 4033 τῶν
572 3978 784 4048 ἀνδρῶν
818 3979 997 4032 αὐτῶν
1035 3977 1399 4049 πραγμάτων,
1442 3978 1601 4048 νικᾷν
1646 3977 1702 4029 δὲ
1748 3994 1782 4029 κ

1946 3976 2263 4048 hypotliecis
2288 3976 2458 4029 etiam
2494 3977 2837 4045 antiquiores
2863 3974 3085 4029 vincant
3115 3975 3436 4029 creditores.

232 4076 360 4138 τοὺς
387 4073 854 4143 προγενεστέρους
892 4072 1291 4142 ,γὲνυποθήκους
1320 4070 1609 4135 δανειστὰς
1639 4070 1720 4134 είς
1794 4068 2061 4123 ἱκάνωσιν
2129 4068 2238 4121 τῶν
2265 4067 2638 4139 προικιμαίων
2682 4067 3026 4138 πραγμάτων
3055 4066 3238 4119 αὐτῶν
3261 4105 3276 4130 ,
3311 4066 3404 4117 καὶ
3436 4062 3547 4117 τῶν

242 4169 500 4241 γαμικῶν
540 4167 771 4241 κερδῶν.

1862 4264 1904 4322 C

298 4333 617 4401 Κείμενον.
656 4332 745 4384 Ἐν
791 4330 984 4385 πλάτει
1031 4331 1087 4385 δὲ
1132 4330 1201 4386 τὰ
1235 4330 1365 4402 περ)⁵
1400 4329 1509 4383 τῶν
1538 4326 1833 4399 αἱρετικῶν

2018 4323 2237 4377 Tenus.
2283 4322 2454 4377 Porro
2500 4338 2620 4391 qua:
2665 4319 2732 4374 de
2774 4317 3066 4386 haereticis,
3108 4326 3240 4391 e’tc.,
3282 4339 3448 4386 usque
3466 4324 3534 4377 ad

227 4423 532 4495 ἀνήνεκται
575 4424 633 4475 ὲν
678 4421 756 4492 τῷ
800 4419 840 4474 ε’
869 4423 1000 4487 τίτ.⁹
1034 4440 1088 4477 κ.
1115 4439 1167 4475 τ.
1194 4421 1270 4482 λ.,
1310 4435 1483 4489 usque
1517 4419 1581 4472 atl
1627 4416 1723 4473 καὶ
1752 4416 1773 4470 ὅ

1454 4435 1483 4474 e
1517 4419 1581 4472 atl
1627 4416 1723 4473 καὶ
1752 4416 1834 4470 ὅτι
1937 4418 2139 4472 audere
2169 4423 2438 4485 Oporteat,
2464 4423 2521 4467 ut
2552 4430 2675 4484 pag.
2711 4410 2843 4477 870,
2875 4411 3000 4467 871.

225 4506 411 4569 οὐδὲνθ
431 4515 618 4576 αὐτοῖς
659 4513 741 4567 δεῖ
787 4512 994 4584 τολμᾷν
1042 4512 1185 4566 κατὰ
1232 4508 1599 4582 Χριστιανῶν.

300 4628 585 4696 Σχόλιον.
625 4625 683 4679 ’0
733 4624 775 4678 ε’
808 4626 917 4683 τίτ.
965 4625 1061 4679 τοῦ
1108 4623 1156 4679 α’
1203 4624 1412 4696 βιϐλίου
1455 4621 1550 4676 τοῦ
1598 4619 1833 4683 κώδικος

2008 4636 2306 4693 Scltolium.
2340 4636 2449 4692 Tit.
2511 4638 2544 4692 5
2600 4636 2697 4691 lib.
2728 4653 2743 4691 1
2789 4636 2923 4691 Cod.
2959 4636 3176 4707 positus
3206 4645 3292 4691 est
3321 4635 3389 4690 ab
3422 4635 3530 4691 ini-

224 4721 391 4792 ὲτὲθη
421 4722 518 4775 ἀπ’
546 4721 719 4791 ἀρχῆς
763 4721 866 4790 τῆς
915 4719 958 4791 β’
990 4720 1133 4774 διάτ.
1186 4721 1267 4783 εἰς
1311 4716 1404 4771 τὸν
1441 4714 1490 4771 α’
1516 4715 1624 4771 τίτ.
1657 4715 1752 4767 τοῦ

1981 4746 2009 4786 o
2039 4743 2220 4786 C0nSl.
2258 4730 2294 4784 2
2330 4730 2386 4785 in
2436 4730 2520 4786 tit.
2561 4731 2586 4785 1
2642 4731 2735 4785 111).
2790 4746 2808 4786 1
2860 4730 3051 4793 Basi|.,
3090 4730 3252 4799 cujus
3299 4728 3367 4783 18
3405 4743 3527 4798 cap.

226 4812 442 4881 βιϐλίου
473 4811 584 4864 τῶν
612 4812 938 4877 Βασιλικῶν,
976 4812 1068 4866 καί
1101 4828 1234 4882 φησι
1281 4809 1344 4863 τὸ
1394 4807 1460 4879 ιη’
1494 4826 1621 4879 κεφ.
1659 4808 1772 4860 αὐτη

1990 4835 2037 4879 t:
2091 4824 2347 4880 [heretici
2401 4840 2468 4879 ne
2499 4824 2758 4886 doceant,
2798 4840 2979 4893 neque
3024 4823 3404 4878 ordinationes
3445 4820 3528 4876 fa-

227 4905 306 4977 μὴ
360 4906 635 4960 διδάσκειν
689 4909 819 4970 τοὺς
874 4906 1231 4978 αἱρετικοὺς,
1287 4904 1424 4975 μηδὲ
1490 4901 1773 4973 χειροτονί‹

1983 4929 2096 4975 ant.
2158 4919 2269 4974 l9:
2311 4917 2561 4973 llaeretici
2607 4918 3035 4988 supplicationes
3084 4930 3151 4970 ne
3201 4914 3439 4968 faciant:
3473 4922 3529 4967 et

223 4999 426 5053 ποιεῖν.
468 4996 541 5050 Τὸ
593 4994 657 5049 10'
696 4997 771 5068 μὴ
814 4997 1117 5051 λιτανεύειν
1166 4995 1505 5067 αἱρετικοὺς,
1537 4993 1633 5045 καὶ
1678 4991 1769 5044 sxa

1981 5029 2050 5067 ire
2078 5013 2147 5066 ab
2190 5012 2326 5082 ipsis
2375 5011 2497 5067 loca
2530 5010 2872 5075 detinentur,
2920 5009 2989 5064 ab
3034 5007 3293 5062 Ecclesiis
3349 5004 3527 5059 vindi-

221 5090 438 5144 κεῖσθαι
494 5091 621 5154 τοὺς
694 5091 845 5161 παρὰ
900 5090 1109 5144 τούτων
1169 5090 1569 5160 κατεχομένους
1626 5086 1767 5139 τόποε

1976 5116 2142 5161 antur.
2175 5105 2246 5161 20
2281 5104 2603 5161 :Manichaei
2649 5114 2704 5158 et
2751 5101 3051 5157 Donatistm
3092 5098 3522 5155 orthodoxorum

221 5184 372 5253 παρὰ
422 5183 531 5237 τῶν
554 5183 915 5255 Ἐκκλησιῶν.
965 5184 1039 5236 Τὸ
1089 5181 1136 5236 κ’
1170 5183 1245 5253 μὴ
1290 5182 1433 5253 ἔχειν
1479 5181 1606 5245 τοὺς
1650 5181 1767 5234 Μαν

1972 5201 2211 5269 rivilegia
2249 5214 2318 5254 ne
2360 5199 2620 5261 habeant,
2651 5204 2705 5250 at
2753 5209 2886 5250 vero
2917 5206 3177 5264 supremo
3210 5190 3518 5244 alliciantur

220 5278 413 5348 χαίους
462 5278 559 5331 καὶ
602 5278 727 5339 τοὺς
765 5277 1090 5343 Δονατιστὰς
1120 5277 1191 5329 τὰ
1222 5276 1493 5347 προνόμια
1529 5274 1637 5328 τῶν
1667 5272 1762 5342 ὀρθ

1975 5287 2215 5358 tpplicio.
2242 5286 2305 5340 2|
2349 5304 2362 5340 ε
2400 5284 2652 5340 Ηιιττοιὶςί
2693 5283 2761 5338 de
2792 5282 3109 5337 civitatibus
3147 5277 3440 5349 pellantur,
3467 5293 3521 5334 et

220 5368 409 5435 δόξων,
442 5368 580 5422 ἀλλὰ
630 5370 725 5423 καὶ
771 5370 1017 5440 ἐσχάτως
1071 5369 1463 5440 τιμωρεῖσθαι.
1500 5367 1574 5420 Τὸ
1604 5364 1690 5421 κα¹
1725 5367 1766 5418 ἐι

1970 5394 2043 5434 nte
2088 5393 2421 5449 quocunque
2459 5377 2623 5432 modo
2655 5374 2942 5437 Ecclesiis,
2970 5388 3093 5443 quae
3124 5369 3394 5444 [quidem]
3446 5370 3516 5425 ab

221 5461 516 5515 ϐάλλεσθαι
547 5462 655 5515 ἀπὸ
694 5462 804 5517 τῶν
848 5463 1057 5515 πόλεων
1086 5462 1216 5525 τοὺς
1249 5462 1565 5530 αἱρετικοὺς
1596 5461 1691 5514 καὶ
1727 5462 1767 5512 ἐς

1969 5472 2030 5524 lis
2068 5473 2329 5525 audacter
2369 5467 2495 5540 {ita]
2529 5475 2818 5532 vocantur,
2854 5465 3046 5518 relicta
3080 5471 3230 5527 sunt,
3258 5478 3289 5516 a
3320 5461 3515 5516 catho-

219 5552 487 5606 δικεῖσθαι
521 5554 672 5625 παρὰ
716 5554 817 5623 τῆς
862 5552 1159 5624 καθολικῆς
1187 5552 1514 5624 Ἐκκλησίας
1546 5554 1614 5606 τὰ
1640 5570 1765 5606 κατε

1967 5579 2021 5618 [ιιι
2054 5560 2299 5617 Ecclesia
2335 5559 2706 5615 vindicentur.
2740 5556 2873 5624 Quae
2907 5558 2973 5610 de
2998 5554 3285 5609 curialium
3321 5551 3513 5609 oﬂiciis

220 5644 606 5717 λιμπανόμενα
634 5648 992 5720 ὁπωσδήποτε
1040 5652 1158 5714 ταῖς
1187 5649 1489 5720 τολμηραῖς
1515 5647 1607 5701 ὑπ’
1629 5645 1766 5699 αὑτιῖ

1966 5656 2143 5711 isserit
2172 5653 2391 5708 conslit.
2425 5653 2456 5705 7
2510 5654 2594 5706 tit.
2623 5651 2657 5705 5
2691 5651 2784 5705 lib.
2822 5666 2843 5704 1
2886 5647 3025 5704 Cod.
3059 5664 3168 5702 non
3207 5655 3291 5702 est
3334 5645 3512 5718 posita

220 5740 540 5812 λεγομέναις
580 5742 956 5814 Ἐκκλησίαις.
992 5744 1060 5798 ’11
1088 5743 1240 5816 ’περὶ
1286 5743 1395 5796 τῶν
1447 5738 1766 5811 βουλευτικᾶ

1968 5763 1980 5800 ι
2024 5744 2211 5811 Basil.,
2251 5760 2425 5815 neque
2455 5753 2630 5801 const.
2678 5743 2711 5797 8
2741 5741 2986 5814 ejusdem
3037 5742 3121 5796 tit.
3153 5747 3209 5797 et
3236 5738 3358 5808 lib.,
3390 5750 3514 5808 qua:
