3916 6244
449 295 588 365 1159

1621 287 1890 352 ΡΠΟΤῙΙ
1929 285 2444 349 PATRIARCHJE
2480 288 2592 352 CP.

3584 293 3706 360 1160

457 407 672 476 statuit,
705 422 774 464 ne
823 407 891 463 ab
932 403 1208 461 haereticis
1242 399 1580 458 monasteria
1615 408 2032 460 construantur,

2150 397 2494 467 λειτουργιῶν
2540 396 2584 460 ζ’
2625 396 2766 454 διόιτ.
2801 398 2898 454 τοῦ
2934 399 2978 452 ε’
3002 401 3105 455 τίτ.
3149 400 3244 454 τοῦ
3297 409 3348 457 α’
3391 401 3584 473 βιϐλίου
3623 407 3707 460 τοῦ

455 512 634 566 neque
663 499 728 552 ad
762 497 1012 551 militiam
1053 495 1349 562 aspiretur.
1391 486 1668 562 [Interim]
1704 497 1885 542 tamen
1913 498 2036 552 cap.

457 585 530 642 ‘25
561 588 643 642 tit.
679 587 702 640 1
745 587 839 640 lib.
876 601 889 638 ι
919 584 1086 639 Basil.
1135 583 1208 637 ait
1252 600 1266 636 :
1308 579 1733 650 Apollinaristze,
1769 575 1862 645 qui
1901 590 2031 630 san-

449 680 554 733 ctis
589 691 823 748 quatuor
853 674 1102 730 conciliis
1153 687 1259 727 non
1294 669 1579 733 obediunt,
1618 677 1667 723 et
1711 667 2029 737 quicunque

452 782 641 827 contra
680 781 932 825 sanctum
984 766 1432 823 Chalcedonense
1483 761 1777 818 concilium
1821 767 1915 814 aut
1947 757 2035 813 di-

455 878 579 918 cere
605 862 886 933 quidpiam
926 859 1008 914 vcl
1043 860 1263 921 docere,
1301 865 1394 910 aut
1436 854 1639 923 scripta
1671 853 1907 907 retinere
1939 865 2042 904 au-

453 956 605 1018 dent,
641 969 672 1009 a
713 952 966 1023 pra‘senti
1009 950 1407 1006 constitutione
1452 947 1616 1002 dictis
1668 944 2040 1014 subjiciuntur

450 1049 653 1118 pomis.
705 1044 839 1115 Cap.
872 1044 943 1099 21
984 1045 1097 1098 ait:
1134 1042 1419 1112 Legititnis
1465 1038 1708 1094 haeretici
1747 1037 2038 1091 tratluntor

453 1138 774 1209 sepulturis.
825 1135 1086 1205 Ejusdem
1140 1131 1315 1205 [vero]
1356 1148 1480 1202 cap.
1551 1131 1734 1184 thema
1773 1129 1808 1182 ‘2
1857 1129 2036 1182 dicit:

457 1226 792 1280 Manichacus
842 1225 895 1278 in
937 1224 1055 1277 loco
1102 1221 1354 1276 Romano
1402 1220 1598 1289 degere
1632 1218 2036 1287 deprehensus,

451 1315 774 1371 decollator.
821 1313 926 1366 Et:
964 1309 1221 1365 llieretici
1253 1309 1491 1362 honores
1523 1322 1632 1360 non
1680 1321 2036 1374 consequun-

455 1419 565 1473 tur,
607 1417 660 1461 et
681 1407 939 1476 deinceps
962 1401 1204 1475 [αιτιοι-θ]
1243 1418 1364 1472 qua:
1396 1401 1448 1455 in
1476 1407 1625 1455 textu
1649 1399 2040 1468 compendiose

453 1509 582 1556 sunt
612 1500 914 1570 proposita.
967 1497 1100 1566 Cap.
1165 1494 1236 1548 9.5
1287 1495 1401 1548 haec
1435 1492 1664 1547 statuit:
1700 1490 1756 1545 Si
1789 1500 2040 1561 parentes

454 1589 686 1644 diversa:
734 1586 856 1641 ﬁdei
911 1595 1076 1655 atque
1109 1584 1390 1653 religionis
1439 1583 1576 1644 sint,
1623 1580 1744 1647 ejus
1783 1579 2039 1633 voluntas

453 1679 643 1754 [atque
689 1680 1022 1735 desiderium
1070 1673 1531 1748 in,sncccssione]
1585 1673 1902 1746 prwvalcto,
1944 1673 2038 1743 qui

450 1774 596 1827 inter
620 1772 760 1826 ﬁlios
794 1773 1155 1827 orthodoxam
1182 1770 1342 1822 [idem
1371 1767 1602 1837 suscipit
1642 1785 1654 1820 :
1691 1765 1906 1819 tametsi
1939 1779 2036 1834 pa-

454 1874 535 1919 ter
587 1865 660 1920 sit
709 1864 800 1934 qui
854 1863 1215 1916 contradicat.
1265 1861 1455 1930 Neque
1491 1876 1621 1914 vero
1651 1857 1721 1931 [is
1749 1856 1898 1929 ﬁliis]
1956 1855 2040 1911 id-

453 1957 602 2011 circo
642 1971 996 2020 succensens,
1046 1954 1354 2008 nec--ss:tria
1395 1954 1546 2023 ipsos
1589 1951 1847 2005 alimonia
1889 1951 2041 2005 aliis-

452 2061 520 2101 ve
552 2047 880 2102 necessariis
913 2047 1226 2116 sumptibus
1259 2046 1506 2115 privato:
1537 2045 1629 2099 sed
1662 2057 1842 2114 neque
1874 2043 2040 2095 ullam

453 2139 614 2193 aliam
666 2136 827 2210 [suae]
872 2138 924 2190 in
958 2139 1082 2192 illos
1121 2137 1217 2191 irae
1263 2152 1486 2192 causam
1539 2145 1864 2206 praetexens,
1915 2135 2040 2188 data

452 2231 579 2286 dote
611 2240 902 2300 propterre
946 2230 1165 2298 nuptias
1188 2228 1509 2295 donatione,
1534 2226 1861 2282 orthodoxis
1891 2226 2042 2297 ipsos

453 2323 706 2394 personis
765 2324 819 2377 in
851 2323 1272 2376 matrimonium
1333 2321 1676 2392 conjungito.
1732 2320 1803 2376 Ut
1859 2329 2042 2374 autem

429 2417 609 2470 'liberi
642 2416 932 2471 orthodoxi
965 2417 1009 2468 si
1041 2415 1173 2486 quid
1215 2416 1269 2470 in
1305 2424 1558 2484 parentes
1603 2414 1892 2469 haereticos
1915 2427 2044 2483 pec-

451 2520 601 2574 cent,
643 2510 964 2578 puniantur,
1018 2517 1236 2562 nonest
1286 2494 1699 2576 transutnptuut
1746 2507 1801 2561 in
1849 2505 2040 2572 Basil.,

453 2601 616 2673 cujus
648 2599 946 2674 [profecto]
977 2602 1142 2655 etiam
1178 2602 1256 2656 rei
1295 2616 1462 2656 causa
1488 2600 1709 2655 illorum
1741 2600 2043 2654 architecto

453 2695 642 2766 gratiae
682 2692 1022 2768 [debentur],
1065 2693 1200 2764 Cap.
1271 2695 1338 2749 18
1373 2694 1458 2749 tit.
1488 2695 1508 2748 1
1547 2694 1643 2750 lib.
1673 2709 1690 2748 ι
1719 2691 1886 2748 Basil.
1916 2693 1992 2747 ait
2025 2711 2039 2747 :

452 2789 599 2844 Nulli
631 2789 858 2842 omnino
898 2790 1138 2843 luerctici
1183 2803 1364 2858 neque
1412 2788 1700 2842 interdicta
1756 2775 2042 2842 conventi-

453 2883 600 2950 cula,
630 2899 806 2953 neque
845 2882 1154 2938 adulterata
1182 2882 1516 2952 baptismata
1553 2882 1907 2936 celebranto:
1942 2893 2044 2936 nec

454 2976 566 3030 ullo
601 2976 764 3031 modo
794 2974 1128 3030 adorandam
1159 2973 1619 3043 communionem
1652 2974 1920 3044 attingere
1943 2987 2044 3026 au-

453 3069 655 3125 dcnto:
701 3084 801 3124 nec
828 3071 882 3123 in
913 3069 1112 3139 quibus
1154 3068 1288 3124 locis
1319 3067 1567 3123 ollit-inas
1596 3067 1818 3134 habent,
1853 3081 2039 3121 eorum

455 3160 785 3233 privilegiis
822 3172 1089 3218 utuntor:
1137 3159 1388 3234 [alioqui]
1444 3176 1634 3215 eorum
1685 3160 1776 3230 qui
1833 3160 2043 3231 legibus
2072 3167 2114 3226 (ι

456 3255 846 3318 adversantur,
906 3269 1100 3325 poenas
1167 3262 1490 3308 metuunto:
1542 3253 1636 3322 qui
1699 3251 1852 3323 [vero
1913 3250 2042 3324 illisjl

453 3348 597 3401 aedes
633 3361 761 3401 suas
805 3348 1029 3416 praebet,
1084 3346 1355 3415 prtedictis
1392 3344 1572 3415 poenis
1615 3345 1885 3400 obnoxius
1939 3353 2042 3398 cst.

454 3439 713 3492 Omnium
765 3440 995 3492 min'me
1048 3437 1400 3493 Montanistzc
1460 3453 1794 3507 quemquam
1851 3452 2042 3490 corum

455 3532 647 3601 quiab
681 3531 814 3600 ipsis
860 3541 952 3584 aut
999 3531 1325 3599 patriarcha:
1378 3539 1472 3584 aut
1519 3529 2042 3594 communicaturus,

456 3633 552 3678 aut
597 3623 864 3694 episcopi,
913 3632 1009 3680 aut
1041 3622 1369 3693 prebysteri,
1415 3634 1508 3676 aut
1560 3622 1778 3676 diaconi
1835 3637 2049 3676 nuncu-

460 3728 682 3788 patitur,
715 3715 1193 3786 Constantitmpoli
1230 3715 1465 3769 habento
1494 3733 1506 3768 :
1547 3724 1711 3784 atque
1739 3715 1880 3768 intra
1913 3715 2047 3769 lines

466 3810 588 3879 t-jus
637 3818 860 3878 prapter
899 3808 1175 3878 subjectas
1206 3812 1404 3878 cuique
1436 3805 1562 3878 [reij
1600 3809 1839 3862 rationes
1883 3823 2048 3876 nego-

457 3902 618 3968 tiari,
679 3901 918 3956 lascivos
971 3910 1148 3956 cmtns
1193 3901 1430 3970 impiare
1461 3903 1710 3954 convitia
1742 3900 2044 3966 celebrare,

460 4002 515 4047 ct
543 3993 817 4062 mancipia
863 3992 1094 4046 mercari
1125 3992 1506 4062 prohibentor.
1537 3991 1607 4046 29
1634 4007 1754 4061 cap.
1797 3992 2044 4062 ejusdem

459 4087 556 4141 lib.
585 4098 640 4141 et
669 4085 755 4140 tit.
784 4088 1051 4141 insertum
1073 4094 1159 4140 est
1185 4086 1250 4139 ad
1286 4085 1446 4139 linem
1477 4101 1597 4153 cap.
1646 4087 1669 4138 l
1704 4087 1784 4138 tit.
1815 4086 1868 4150 9,
1901 4085 2046 4154 quod

463 4180 637 4249 legas.
688 4177 894 4233 Statuit
941 4176 1176 4250 [autem]
1214 4193 1280 4231 ne
1335 4177 1579 4232 haeretici
1623 4187 1813 4232 contra
1859 4181 2047 4233 ortho-

457 4275 632 4328 tloxos
699 4273 1078 4329 testimonium
1127 4271 1332 4325 dicant.
1383 4270 1615 4327 Constit.
1667 4269 1812 4326 2tit.
1864 4271 1897 4325 8
1935 4269 2047 4327 No-

460 4368 725 4420 vellarum
785 4377 869 4422 cst
919 4365 1134 4420 novella
1180 4363 1483 4420 Justiniani
1553 4365 1644 4418 ιτ.
1696 4364 1810 4419 11οο
1862 4374 2044 4420 autem

456 4461 576 4531 ejus
620 4476 740 4530 cap.
775 4476 882 4514 non
924 4470 1010 4514 est
1048 4461 1286 4530 positum
1336 4459 1392 4512 in
1441 4457 1610 4514 Basil.
1659 4457 1766 4512 Tit.
1823 4458 1855 4511 9
1887 4459 1982 4513 lib.
2027 4474 2043 4514 1

460 4554 601 4610 Cod.
632 4554 840 4624 positus
873 4564 957 4610 est
995 4556 1047 4608 in
1111 4569 1232 4623 cap.
1294 4553 1364 4606 52
1413 4552 1497 4605 tit.
1530 4551 1556 4604 1
1591 4551 1687 4605 lib.
1722 4567 1738 4606 ι
1771 4550 1936 4606 Basil.
1975 4553 2044 4607 Et

453 4664 578 4717 qua:
627 4647 680 4700 in
741 4647 1067 4717 compendio
1123 4663 1152 4700 a
1195 4645 1506 4716 patriarcha
1557 4654 1686 4698 sunt
1738 4645 2041 4714 pr0posita,

451 4751 582 4795 sunt
609 4741 855 4812 ejusdem
899 4741 981 4796 tit.
1022 4749 1071 4795 et
1129 4739 1248 4800 ιώ..
1289 4754 1413 4809 cap.
1445 4735 1538 4806 '59,
1571 4737 1662 4803 '53,
1698 4737 1789 4805 54,
1823 4737 1915 4804 55,
1952 4737 2044 4807 56,

450 4835 544 4901 57,
580 4835 670 4899 58,
713 4835 807 4900 59,
836 4835 928 4898 40,
953 4836 1044 4896 41,
1073 4831 1163 4900 42,
1194 4833 1284 4887 45.

2143 487 2374 553 κιῦδικος
2423 491 2522 544 οὑκ
2556 491 2716 563 ἐτέθη
2752 493 2833 556 είς
2869 492 2937 547 τὰ
2973 493 3258 549 Βασιλικά.
3287 495 3420 550 Οὐδὲ
3447 499 3480 568 ἡ
3505 495 3552 568 η’
3581 498 3706 554 διάτ.

2141 581 2237 634 τοῦ
2286 580 2450 634 αὐτοῦ
2492 582 2598 637 τίτ.
2634 586 2727 638 καὶ
2763 586 2874 656 βιϐ.
2905 588 2939 658 ἡ
2984 587 3328 660 διοριζομένη
3375 588 3449 660 μὴ
3485 591 3710 660 γίνεσθαι

2144 673 2294 745 παρὰ
2321 674 2430 728 τῶν
2453 676 2751 747 αἱρετικῶν
2775 682 3136 750 μοναστήρια,
3160 681 3292 754 μηδὲ
3317 683 3707 753 στρατεύεσθαι.

2144 767 2219 822 Τὸ
2249 774 2334 836 κγ’
2365 785 2491 839 κεφ.
2527 770 2621 823 τοῦ
2656 769 2705 824 α’
2729 773 2834 825 τίτ.
2861 772 2956 826 τοῦ
2984 771 3032 827 α’
3066 773 3270 844 βιϐλίου
3297 774 3405 828 τῶν
3431 775 3711 830 Βασιλικῶν

2144 877 2329 929 φησιν,
2351 863 2398 914 οἱ
2414 861 2861 934 Ἀπολιναρισταὶ
2887 864 2962 936 μὴ
2985 869 3105 928 ταῖς
3127 865 3310 935 ἁγίαις
3334 865 3587 938 τέσσαρσι
3612 885 3714 920 συν-

2141 953 2282 1015 όδοις
2314 953 2647 1023 πειθόμενοι,
2675 957 2769 1009 καὶ
2800 957 2914 1010 ὅσοι
2944 958 3086 1012 κατὰ
3118 960 3216 1030 τῆς
3244 960 3404 1027 ἁγίας
3437 963 3493 1012 ἐν
3514 961 3713 1032 Χαλκη-

2141 1043 2251 1098 δόνι
2281 1047 2500 1100 συνόδου
2530 1047 2764 1119 ἢλέγειν
2786 1050 2915 1122 τι,ἢ
2944 1050 3238 1117 διδάσκειν,
3263 1051 3294 1123 ἦ
3327 1055 3713 1123 συγγράμματα

2142 1140 2444 1211 κεκτῆσθαι
2504 1141 2769 1212 τολμῶσι,
2819 1147 2940 1207 ταῖς
2989 1144 3310 1215 εἰρημέναις
3363 1148 3432 1216 τῇ
3484 1147 3714 1219 παρούσῃ

2141 1233 2280 1287 διὰτ.
2318 1235 2612 1306 τιμωρίαις
2644 1235 3252 1293 ὑποϐαλλέσοωςανστὸ
3285 1234 3364 1291 κδ’
3393 1255 3520 1306 κεφ.
3546 1240 3712 1310 φησὶν,

2141 1330 2263 1390 ταῖς
2282 1328 2698 1398 νενομισμέναις
2717 1331 2988 1399 αἱρετικοὶ
3009 1329 3492 1400 παραδιδόσθωσαν
3511 1332 3710 1400 ταφαῖς.

2143 1423 2216 1476 Τὸ
2247 1421 2291 1492 β’
2323 1423 2478 1494 θέμα
2501 1423 2592 1478 τοῦ
2626 1425 2793 1479 αὑτοῦ
2825 1443 2950 1495 κεφ.
2981 1427 3152 1495 λέγει,
3182 1427 3484 1496 Μανιχαϊος
3514 1426 3569 1478 ὲν
3599 1426 3711 1478 Ῥω-

2145 1517 2328 1588 μαϊκῷ
2356 1517 2506 1588 τόπῳ
2539 1518 2744 1588 διάγων
2768 1519 2958 1589 ὀφθεὶς
2987 1520 3381 1591 ἀποτεμνέσθω
3401 1562 3413 1583 ,
3450 1522 3541 1572 καὶ
3570 1521 3706 1574 ὅτιοὶ

2143 1613 2415 1681 αίρετικοὶ
2447 1613 2508 1666 ου
2537 1613 2777 1682 γίνονται
2810 1612 3171 1684 ἁξιωματικοὶ
3195 1658 3210 1679 ,
3239 1613 3333 1667 καὶ
3365 1615 3449 1683 ἐφ’
3481 1611 3602 1682 ἑξῆς
3625 1615 3710 1669 ὅσα

2147 1705 2564 1776 συνωξίσθησαν
2592 1709 2672 1771 εἰς
2705 1708 2768 1760 τὸ
2792 1709 3063 1778 κείμενον.
3083 1709 3157 1762 Τὸ
3191 1705 3269 1761 κε’
3295 1725 3418 1777 κεφ.
3444 1707 3712 1780 διορίζεται

2070 1788 2114 1848 Β
2149 1795 2348 1850 ταῦτα·
2381 1797 2592 1851 Γονέων
2619 1798 2675 1851 δὲ
2704 1799 2964 1870 διαφόρου
2998 1798 3233 1862 πίστεως
3260 1799 3432 1853 ὄντων
3466 1801 3554 1853 καὶ
3595 1799 3711 1868 θρηο

2145 1887 2355 1952 σκείας,
2390 1889 2602 1942 ἐκείνου
2641 1889 2844 1960 μᾶλλον
2897 1891 2929 1960 ἡ
2973 1889 3168 1960 γνώμη
3217 1888 3487 1960 κρατείτω
3519 1887 3604 1940 τοῦ
3632 1887 3712 1958 τὴν

2144 1980 2427 2053 όροόδοξον
2478 1981 2565 2034 ἐπ’
2596 1983 2781 2046 αὐτοῖς
2827 1983 3224 2054 ἀναιρουμένου
3271 1983 3476 2045 πίστιν,
3508 1981 3603 2034 κᾶν
3643 1982 3710 2050 εἴη

2145 2076 2331 2146 πατὴρ
2359 2077 2387 2128 ό
2417 2075 2748 2145 ἀντιλέγων,
2787 2077 2860 2147 μὴ
2901 2075 3152 2130 ἐντεῦθεν
3177 2076 3235 2129 δὲ
3270 2074 3592 2145 ἀγανακτῶν
3628 2074 3711 2142 τῆς

2145 2169 2455 2236 ἀναγκαίας
2503 2169 2700 2232 αὐτοὺς
2753 2169 3016 2240 στερείτω
3064 2169 3295 2241 τροφῆς,
3335 2168 3369 2240 ἢ
3418 2168 3522 2221 τῶν
3564 2166 3713 2221 ἄλλων

2145 2262 2463 2332 ἀναγκαίων
2498 2264 2937 2334 δαπανημάτων·
2971 2262 3106 2316 ἀλλᾶ
3135 2264 3228 2316 καὶ
3257 2263 3460 2334 προῖκα.
3484 2258 3710 2328 διδοὺς,ῆ

2144 2355 2436 2426 προγάμου
2493 2355 2702 2427 δωρεὰν
2767 2353 3069 2427 δρθοδόξοις
3130 2353 3333 2416 αὐτοὺς
3393 2349 3714 2414 συνοικιζέτω

2145 2445 2462 2518 προσώποις
2481 2488 2494 2511 ,
2527 2445 2801 2518 μηδεμίαν
2833 2447 3027 2518 ἑτέραν
3058 2446 3228 2518 ὀργῆς
3259 2446 3384 2500 κατ’
3407 2444 3579 2499 αὐτῶν
3603 2460 3714 2512 προ·

2145 2540 2476 2611 ϐαλλόμενος
2505 2541 2800 2610 πρόφασιν.
2837 2541 2910 2594 Τὸ
2937 2540 2995 2593 δὲ
3023 2539 3388 2612 τιμωρεῖσθαι
3422 2540 3545 2600 τους
3576 2536 3712 2608 6900-

2144 2629 2330 2696 δόξους
2361 2631 2558 2695 παῖδας
2577 2630 3036 2703 πλημμελοῦντας
3057 2632 3197 2685 κατὰ
3217 2629 3516 2701 αἰρετικῶν
3537 2627 3714 2697 γονέων

2144 2717 2247 2770 οὐκ
2281 2717 2553 2789 ὲξελήφθη
2584 2721 2662 2780 είς
2689 2722 2759 2773 τὰ
2789 2721 3090 2785 Βασιλικὰ,
3125 2722 3219 2774 καὶ
3252 2720 3413 2791 χάρις
3453 2719 3530 2790 τῷ
3566 2716 3714 2771 ταῦτα

2148 2810 2481 2882 συνθεμένῳ,
2512 2811 2606 2865 καὶ
2636 2811 2776 2884 ὑπὲρ
2806 2811 3019 2867 τούτου.
3053 2813 3126 2866 Τὸ
3169 2811 3256 2884 κη’
3287 2829 3415 2881 κεφ.
3449 2810 3540 2864 τοῦ
3572 2808 3614 2864 α’
3645 2809 3715 2880 βι-

2147 2901 2298 2956 ϐλίου
2329 2903 2440 2958 τῶν
2466 2904 2774 2958 Βασιλικῶν
2808 2923 2964 2976 φησι,
2990 2908 3192 2970 πάντες
3215 2907 3453 2975 γενικῶς
3479 2908 3524 2960 οἱ
3548 2907 3717 2976 αἱρετι·

2148 2997 2234 3050 κοὶ
2256 2997 2395 3068 μήτε
2427 2998 2852 3069 παρασυνάξεις,
2894 3000 2927 3071 ἦ
2964 3001 3476 3071 παραϐαπτίσματα
3502 2998 3717 3052 ποιείτω-

2152 3106 2271 3152 σαν,
2299 3089 2437 3160 μήτε
2460 3089 2559 3160 τῆς
2587 3093 2972 3162 προσκυνητῆς
3003 3093 3138 3156 ὅλως
3162 3091 3450 3155 κοινωνίας
3469 3089 3716 3160 τολμάτω-

2149 3197 2249 3233 σαν
2286 3180 2554 3235 ἅπτεσθαι
2576 3223 2589 3247 ,
2641 3181 2674 3253 ἢ
2719 3184 2830 3246 τοῖς
2863 3183 2970 3236 τῶν
3002 3184 3142 3253 ὅρων
3169 3184 3521 3258 προνομίοις,
3548 3181 3627 3251 ἐφ’
3651 3174 3717 3243 οἷς

2148 3271 2363 3341 ἔχουσιν
2411 3273 2797 3345 ἐργαστηρίοις
2825 3273 3242 3346 κεχρήσθωσαν,
3271 3276 3372 3339 τὰς
3402 3275 3506 3328 τῶν
3532 3276 3716 3327 ἔναντι.-

2147 3362 2398 3432 ουμένων
2440 3368 2557 3428 τοῖς
2591 3365 2776 3436 νόμοις
2823 3367 3017 3430 ποινὰς
3047 3366 3405 3437 ὑφορώμενος
3453 3364 3545 3418 τοῧ
3574 3381 3716 3435 χορη-

2149 3453 2371 3522 γοῦντος
2395 3454 2485 3508 τὸν
2516 3453 2661 3509 οἷκον
2690 3459 2808 3521 ταῖς
2838 3459 3271 3530 προειρημέναις
3305 3457 3588 3530 τιμωρίαις
3609 3458 3717 3510 ὐπο-

2149 3549 2426 3618 κειμένουο
2462 3549 2832 3604 Μοντανισταὶ
2855 3550 3150 3622 ἐξαιρέτως
3176 3551 3384 3623 μηδένα
3410 3552 3515 3605 τῶν
3545 3550 3716 3603 καλου-

2153 3640 2329 3710 μένων
2359 3641 2488 3713 παρ’
2520 3643 2702 3706 αὐτοῖς
2739 3643 3118 3715 πατριαρχῶν,
3153 3645 3184 3715 ἢ
3220 3645 3495 3698 κοινωνῶν
3542 3644 3573 3714 ἦ
3615 3643 3716 3694 ἐπι-

2152 3730 2392 3794 σκόπων,
2421 3731 2454 3802 ἢ
2483 3732 2892 3804 πρεσϐυτέρων,
3004 3734 3268 3787 διακόνων
3298 3736 3447 3797 ἐντὸς
3473 3734 3715 3804 ὲχέτωααν

2150 3823 2561 3877 Κωνσταντινου
2573 3825 2799 3890 πόλεως,
2819 3826 3216 3880 κωλυέσΟωσαν
3237 3825 3295 3880 δὲ
3315 3827 3464 3891 ἐντὸς
3487 3839 3715 3898 πραγμα·

2148 3915 2404 3968 τεύεσθαι
2435 3917 2544 3970 τῶν
2591 3919 2732 3989 ὅρων
2775 3920 2968 3990 αὐτῆς,
3003 3922 3095 3974 καὶ
3124 3923 3194 3974 τὰ
3227 3921 3435 3990 ἀσελγῆ
3471 3918 3712 3982 συσσίτια,

2150 4005 2182 4077 ἢ
2211 4007 2279 4059 τὰ
2309 4007 2479 4080 ἀσεϐῆ
2514 4011 2792 4082 συμπόσια
2824 4016 3020 4078 ποιεῖν,
3061 4013 3094 4085 ἢ
3127 4013 3440 4086 ἀνδράποδα
3467 4007 3713 4082 ἐμπορεύο

2151 4099 2309 4150 εσθαι
2335 4101 2424 4151 διὰ
2469 4102 2593 4165 τοὺς
2628 4101 3025 4173 ὑποκειμένους
3055 4103 3139 4173 ἐφ’
3168 4105 3386 4176 ἑκάστῳ
3429 4100 3711 4172 λογισμούς·

2151 4192 2225 4245 Τὸ
2254 4191 2335 4246 κο¹
2361 4211 2485 4263 κεφ.
2517 4195 2611 4249 τοῦ
2662 4197 2826 4250 αὐτοῦ
2864 4197 3071 4267 β.ϐλίου
3103 4200 3198 4254 καὶ
3239 4199 3344 4252 τίτ.
3389 4192 3710 4266 κατεστρώθη

2150 4283 2230 4352 είς
2273 4288 2335 4341 τὸ
2393 4289 2544 4354 τέλος
2599 4290 2692 4344 τοῦ
2745 4289 2794 4344 α’
2829 4308 2955 4361 κεφ.
3006 4292 3101 4345 τοῦ
3134 4290 3176 4345 θ’
3201 4292 3309 4346 τίτ.
3333 4293 3426 4345 τοῦ
3481 4290 3712 4360 παρόντος

2156 4383 2561 4453 συντάγματος·
2600 4386 2694 4438 καὶ
2724 4385 2999 4455 ἀνάγνωθι
3038 4387 3198 4440 τοῦτο
3247 4385 3604 4458 διοριζόμενον
3650 4380 3711 4452 μὴ

2075 4517 2122 4577 υ
2155 4476 2453 4577 μαρτυρεῖν
2481 4475 2623 4529 κατὰ
2665 4477 2946 4546 ὀροοδόξου
2975 4479 3301 4550 αίρετικούς,
3323 4480 3385 4532 'll
3412 4476 3454 4548 β’
3479 4476 3609 4561 διάτ.
3634 4470 3710 4577 τοῦ

2148 4562 2198 4632 η’
2230 4565 2338 4619 τίτ.
2380 4565 2489 4619 τῶν
2516 4567 2746 4639 Νεαρῶν
2767 4607 2780 4634 ,
2812 4570 2927 4623 ἔστι
2977 4573 3147 4642 νεαρὰ
3181 4559 3594 4630 ἰουστ.νιὰνειος
3639 4560 3710 4635 μ’β

2149 4655 2308 4738 τουτο
2333 4657 2388 4710 δὲ
2414 4659 2474 4711 τὸ
2504 4676 2629 4728 κεφ.
2664 4661 2834 4732 αὐτῆς
2865 4663 2965 4715 οὐκ
2988 4663 3148 4735 ἐτέθη
3175 4666 3254 4726 είς
3288 4662 3355 4716 τὰ
3383 4659 3647 4714 Βαςιλικά.
3665 4656 3710 4706 'U

2155 4748 2196 4805 0'
2227 4752 2329 4805 τίτ.
2367 4752 2460 4805 τοῦ
2491 4751 2538 4805 α’
2572 4753 2776 4824 βιϐλίου
2821 4755 2917 4808 τοῦ
2947 4755 3175 4820 κώδικος
3210 4755 3369 4826 ἐτέθη
3397 4755 3472 4818 εἰς
3505 4767 3619 4819 κεφ.
3646 4744 3710 4816 ὶ-’β

2157 4844 2252 4896 τοῦ
2287 4843 2331 4898 α’
2354 4845 2460 4902 τίτ.
2483 4845 2532 4900 α’
2563 4847 2911 4918 βιϐλίουητῶν
2936 4849 3261 4916 Βασιλικῶν,
3283 4852 3375 4903 καὶ
3400 4849 3502 4901 εἰσὶ
3531 4845 3592 4898 τὰ
3616 4857 3712 4894 συν-

451 4928 744 5023 οιίμισοέντα
775 4927 929 4998 παρὰ
961 4926 1055 4980 τοῦ
1099 4925 1443 4998 πατριάρχου
1475 4921 1569 4977 τοῦ
1599 4922 1764 4978 αὑτοῦ
1797 4925 1904 4982 τίτ.
1937 4931 2034 4983 καὶ
2065 4934 2273 5006 βιϐλίου
2317 4954 2446 5008 κεφ.
2479 4936 2579 5010 λβ’,
2611 4939 2713 5009 λγ’,
2747 4939 2952 5008 λδ,λε’,
2999 4940 3108 5008 λςε,
3141 4943 3240 5009 λζ’,
3263 4941 3366 5014 λη’,
3394 4938 3486 5007 λεν,
3521 4936 3588 5009 μ’,
3614 4928 3707 5023 μα’,

605 5017 731 5091 WA.

521 5117 673 5171 CAP.
703 5113 793 5169 Ill.
826 5144 898 5154 —
936 5112 1012 5167 De
1039 5113 1190 5167 libris
1217 5113 1606 5167 Ita’reticorum.

522 5211 906 5280 Apostolorum
949 5223 1128 5263 canon
1173 5207 1225 5272 7,
1262 5207 1371 5274 60;
1422 5207 1640 5263 concilii
1673 5209 1814 5264 sexti
1860 5223 2041 5266 canon

452 5303 555 5366 (38;
590 5302 806 5356 concilii
833 5299 1038 5355 Nicaéni
1073 5299 1298 5354 secundi
1333 5314 1508 5353 canon
1537 5299 1591 5354 9.

526 5392 741 5448 Text-us.
787 5392 978 5447 Const.
1027 5393 1061 5446 5
1111 5394 1193 5444 tit.
1245 5394 1262 5444 1
1303 5391 1396 5444 lib.
1473 5405 1485 5444 l
1529 5389 1665 5445 Cod.
1711 5390 1790 5444 ait
1853 5387 2039 5445 :Por-

449 5490 647 5562 pbyrii,
669 5498 798 5554 etc.,
826 5505 989 5559 usque
1017 5487 1085 5540 ad
1114 5486 1530 5554 exterminatur,
1561 5497 1616 5540 ut
1645 5500 1768 5556 pag.
1805 5484 1932 5540 87l.

531 5694 828 5752 Srholium.
865 5696 1055 5751 Const.
1095 5699 1128 5752 ὖ
1180 5697 1264 5752 tit.
1302 5699 1324 5752 1
1357 5696 1452 5752 lib.
1511 5711 1525 5750 ι
1579 5693 1714 5749 Cod.
1744 5702 1829 5749 est
1855 5709 1975 5763 cap.
2006 5693 2040 5748 5

453 5791 597 5844 tituh
639 5791 660 5844 l
694 5791 788 5848 lib.
824 5807 837 5845 ι
881 5789 1074 5857 Basil.,
1136 5807 1200 5847 ac
1231 5793 1387 5848 docet
1418 5804 1761 5864 quaecunque
1802 5788 1854 5842 itt
1888 5796 2038 5842 textu

2226 5124 2478 5179 ΚΕΦΑΛ.
2515 5121 2591 5179 Γ’.
2621 5155 2692 5165 -
2717 5125 2855 5194 Περὶ
2877 5126 3136 5191 βιϐλίων
3164 5123 3487 5194 αἱρετικῶν.

2220 5217 2564 5272 Ἀποστόλων
2580 5219 2761 5273 κανὼν
2784 5217 2850 5282 ζ’,
2874 5217 2916 5285 ξ’
2939 5237 2953 5250 ·
2977 5220 3196 5273 συνόδου
3220 5226 3273 5285 ς’
3291 5219 3467 5273 κανὼν
3480 5215 3581 5289 En“
3605 5231 3705 5270 συν·

2149 5313 2273 5367 όδου
2309 5315 2543 5378 Νικαίας
2568 5315 2628 5368 τδ
2659 5312 2706 5385 β’
2735 5316 2918 5367 κανὼν
2949 5312 3015 5368 0'.

2220 5410 2531 5478 Κείμενον.
2569 5409 2631 5462 Ἠ
2656 5407 2704 5478 γ’
2724 5409 2862 5464 διάτ.
2885 5409 2978 5462 τοῦ
3010 5407 3057 5462 α’
3081 5409 3188 5465 τίτ.
3221 5407 3313 5462 τοῦ
3345 5414 3390 5462 α’
3411 5406 3601 5478 βιϐλίου
3623 5399 3701 5456 τοῦ

2091 5550 2094 5552 .
2149 5502 2379 5566 κώδικός
2429 5519 2593 5574 φησιν
2619 5543 2634 5569 ,
2672 5520 2727 5556 κ.
2752 5520 2803 5559 τ.
2856 5502 2932 5569 λ.,
2975 5519 3147 5576 usque
3193 5503 3258 5559 ad
3302 5501 3583 5574 δημεύεται
3624 5493 3702 5549 καὶ

2149 5596 2477 5666 ὲξορίζεται.

2219 5693 2496 5759 Σχόλιον.
2515 5689 2580 5744 Ἣ
2608 5697 2656 5760 γ’
2689 5690 2829 5746 διάτ.
2861 5689 2955 5744 τοῦ
2996 5688 3044 5746 α’
3068 5691 3174 5746 τίτ.
3207 5691 3297 5745 τοῦ
3329 5688 3376 5744 α’
3404 5685 3591 5759 βιϐλίου
3617 5675 3696 5732 τοῦ⁹

2149 5785 2398 5849 κὼδικος,
2429 5784 2546 5838 ἐστι
2581 5802 2707 5855 κεφ.
2752 5783 2800 5854 γ’
2839 5784 2933 5840 τοῦ
2981 5783 3029 5839 α’
3054 5784 3160 5840 τίτ.
3190 5785 3282 5840 τοῦ
3323 5781 3368 5838 α’
3394 5780 3581 5854 βιϐλίου
3602 5771 3693 5826 τῶν
