3916 6244
218 313 347 379 1161

1137 310 1623 375 NOMOCANON-
1666 338 1734 347 —
1765 310 1913 371 TlT.
1956 310 2093 385 XII,
2129 311 2288 371 CAP-
2326 311 2426 385 1V,
2459 310 2565 387 IX.

3361 304 3498 373 1162

214 433 543 497 Βασιλικῶν,
577 433 672 487 καὶ
708 432 949 488 διδάσκει
978 431 1080 486 ὅσα
1099 433 1179 495 είς
1207 432 1268 485 τὸ
1296 430 1548 501 κείμενον
1576 428 1809 499 συνωψί-
1839 479 1842 488 ,

1968 428 2302 499 mipendiose
2345 437 2477 484 sunt
2524 430 2826 500 proposita.
2866 429 3108 486 Constit.
3160 428 3248 495 10,
3298 428 3382 484 ι1ι.
3433 428 3489 494 ι,

214 526 527 598 σῦησαν.⁹Η
557 524 588 579 ι’
620 524 761 580 stac.
789 522 885 577 τοῦ
914 523 957 577 δ’
985 523 1091 577 τίτ.
1118 523 1213 576 τοῦ
1261 519 1309 574 α’
1340 520 1546 591 βιϐλίου
1573 519 1668 573 τοῦ
1702 517 1811 572 κὼ-

212 615 381 679 ϐικος,
413 614 530 668 ἐστι
578 632 704 683 κεφ.
733 611 838 684 κβ’,
885 613 979 668 τοῦ
1010 611 1060 667 α’
1092 614 1201 666 τίτ.
1238 612 1332 665 τοῦ
1370 609 1419 665 α’
1451 611 1655 683 βιϐλίου
1702 611 1812 665 τῶν

214 707 544 776 Βασιλικῶν,
573 709 670 762 καὶ
715 708 825 779 ἔχει
876 707 1048 772 οὕτως
1101 708 1179 770 ὡς
1228 705 1549 778 ὲγράφη.⁹11
1583 703 1636 769 ς’
1668 704 1811 757 διάτ.

214 800 309 855 τοῦ
326 798 368 854 ε’
388 799 495 855 τίτ.
517 800 614 854 τοῦ
637 799 685 855 α’
711 801 922 871 βιϐλίου
944 801 1035 854 τοῦ
1065 800 1315 863 κὼδικος,
1336 800 1451 852 ἔστι
1469 816 1593 867 κεφ.
1616 796 1697 868 κβ’
1722 799 1813 851 τοῦ

215 888 266 945 α’
298 892 405 945 τίτ.
434 891 531 946 τοῦ
564 890 612 946 α’
649 892 855 962 βιϐλίου
907 892 1013 946 τῶν
1065 892 1375 946 Βασιλικῶν
1424 891 1546 962 ἕχον
1590 890 1811 961 ὁμοίιος.

228 986 295 1040 Ἢ
344 984 393 1056 η’
430 987 572 1041 διάτ.
620 987 738 1040 ἐστι
791 1004 916 1055 κεφ.
950 982 1037 1053 κγ’
1070 986 1165 1039 τοῦ
1219 985 1384 1038 αὑτοῦ
1430 985 1527 1039 καὶ
1570 986 1678 1036 τίτ.
1708 983 1818 1036 τῶν

217 1083 528 1136 Βασιλικῶν
546 1084 639 1136 καὶ
664 1081 985 1154 κατετρώοη
1010 1084 1090 1145 είς
1116 1082 1174 1134 τὸ
1200 1079 1389 1152 βῖμκεφ.
1410 1080 1706 1148 ’Λνάγνωοι
1727 1077 1820 1133 οὗν

218 1175 399 1239 τοῦτο,
419 1176 514 1228 καὶ
534 1173 603 1227 τὰ
628 1174 885 1227 ἐπέκεινα
908 1173 1075 1227 αὑτοῦ
1104 1173 1469 1244 γεγραμμένα
1502 1171 1820 1242 παράτρεχε

219 1268 296 1330 ὡς
331 1266 407 1338 μὴ
436 1265 783 1336 ἐνεργοῦντα,
807 1266 945 1319 ἀλλὰ
969 1266 1311 1337 σχολάσαντα
1340 1266 1406 1318 ἐκ
1432 1264 1526 1317 τοῦ
1559 1266 1634 1336 μὴ
1664 1264 1823 1336 τεθῆ-

220 1377 312 1413 ναι
336 1362 415 1423 ἀς
437 1359 505 1414 τὰ
526 1360 813 1415 Βασιλικά.
832 1360 895 1413 Ἦ
923 1358 998 1424 ις’
1018 1359 1159 1414 διάτ.
1194 1359 1311 1413 ἔστι
1342 1358 1485 1430 Θὲμα
1511 1358 1823 1413 τελευταῖον

220 1453 319 1506 τοῦ
346 1450 427 1517 κζ’
451 1471 577 1521 κεφ.
602 1452 698 1508 τοῦ
725 1452 891 1507 αὐτοῦ
912 1452 1117 1524 βιϐλίου
1144 1454 1239 1506 καὶ
1264 1452 1395 1515 τίτ..
1420 1451 1515 1505 καί
1532 1468 1664 1521 φησι
1688 1450 1825 1522 πρὸς

221 1546 436 1608 τούτοις
468 1546 649 1599 πάντα
678 1544 747 1599 τὰ
773 1545 1095 1616 Μανιχαξων
1127 1543 1479 1598 καιέσθωσαν
1504 1542 1711 1613 βιϐλία,
1732 1543 1825 1595 καὶ

227 1638 424 1709 μηδεὶς
441 1638 579 1692 αὐτὰ
608 1638 709 1709 τὴν
737 1639 1057 1716 οἱανδήποτε
1083 1637 1527 1709 προϐαλλόμενος
1550 1637 1826 1707 πρόφασιν

1914 522 2009 577 lib.
2048 537 2065 576 ι
2121 522 2243 577 cod.
2280 529 2367 577 est
2395 536 2516 593 cap.
2556 522 2644 586 17,
2690 524 2772 578 ι1ι.
2803 523 2857 589 1,
2891 524 2986 579 111).
3041 538 3057 577 ι
3110 522 3279 578 Basil.
3317 530 3370 575 et
3401 524 3501 576 ha-

1915 613 2005 669 bet
2036 615 2498 686 quemadmodum
2533 617 2816 687 'scriptum
2862 625 2965 671 est.
2998 615 3192 672 Const.
3222 615 3275 681 6,
3307 615 3390 669 tit.
3443 614 3497 679 5,

1925 707 2022 762 lib.
2064 723 2080 760 ι
2129 708 2252 762 cod.
2302 719 2386 762 est
2437 723 2557 779 cap.
2594 709 2683 775 22,
2719 709 2803 763 tit.
2853 709 3085 774 1,111).ι
3129 708 3297 763 Basil.
3354 707 3499 778 quod

1918 800 1985 854 ad
2024 800 2275 856 eumdem
2310 802 2533 856 modum
2564 802 2749 858 habet.
2786 800 3025 857 Constit.
3057 800 3110 855 8.
3153 810 3237 856 est
3285 815 3407 869 cap.
3432 799 3505 853 25

1917 892 2165 964 ejusdem
2203 894 2327 948 libri
2358 903 2411 948 et
2440 894 2584 949 tituli
2623 894 2788 949 Basil.
2824 895 3207 962 inscrtumque
3265 902 3351 947 est
3380 907 3504 961 cap.

1920 987 1974 1042 2.
2013 985 2131 1043 Hoc
2159 986 2324 1058 igitur
2347 986 2520 1057 legas,
2548 1002 2783 1057 quaeque
2812 986 2955 1041 ultra
2992 985 3123 1041 illud
3149 984 3353 1055 scripta
3377 991 3509 1038 sunt

1923 1086 2293 1141 transcurras,
2339 1085 2398 1131 ut
2441 1091 2565 1145 quae
2602 1076 2738 1130 nihil
2770 1085 3066 1145 operentur
3097 1093 3110 1128 :
3141 1074 3236 1129 sed
3265 1088 3330 1127 eo
3358 1072 3510 1141 quod

1924 1167 1977 1222 in
2020 1167 2188 1223 Basil.
2230 1183 2338 1221 non
2386 1167 2501 1222 sint
2549 1167 2749 1237 posita,
2804 1176 3019 1221 vacent.
3063 1165 3256 1221 Const.
3286 1165 3389 1233 .16,
3427 1171 3513 1218 est

1928 1260 2109 1314 thema
2140 1258 2240 1313 ult.
2275 1273 2398 1328 cap.
2446 1258 2515 1311 27
2552 1259 2795 1329 ejusdem
2832 1259 2928 1313 lib.
2982 1268 3057 1311 ειν
3080 1258 3165 1313 ι1ι.
3195 1256 3343 1327 quod
3394 1256 3511 1311 ait:

1928 1351 2009 1405 Ad
2062 1352 2177 1407 haec
2206 1367 2399 1407 omnes
2426 1350 2858 1408 Manichmorum
2906 1352 3027 1408 libri
3059 1359 3509 1407 concremantor.

1927 1442 2123 1501 Nullus
2178 1443 2300 1501 illos
2334 1444 2440 1499 ulla
2497 1446 2726 1500 omnino
2780 1461 2951 1501 causa
2986 1453 3249 1517 praetexta
3289 1444 3511 1501 habeto.

1928 1536 2197 1611 [Alioqui]
2242 1546 2297 1594 et
2360 1539 2479 1609 ipse
2542 1546 2948 1608 competentem
2996 1553 3216 1608 poenam
3258 1538 3511 1593 metuito.

1927 1631 2167 1685 Constit.
2220 1630 2272 1695 5,
2308 1631 2395 1684 tit.
2436 1646 2454 1685 1
2496 1627 2870 1696 Novellarum,
2932 1646 3041 1684 non
3082 1639 3165 1685 est
3225 1631 3405 1699 posita
3453 1630 3510 1685 in

221 1730 401 1799 ἐχέτω
449 1729 713 1800 ἁρμοδίαν
746 1730 842 1783 καὶ
888 1723 1044 1792 οὗτος
1086 1728 1275 1794 ποινὴν
1320 1725 1827 1797 εὐλαϐούμενος.Ὴ

1968 1722 2099 1777 iasil.
2126 1721 2234 1776 Tit.
2267 1723 2321 1788 2,
2353 1722 2449 1776 lib.
2487 1738 2523 1776 ι
2553 1723 2668 1792 Dig.
2698 1724 2835 1778 situs
2858 1732 2943 1778 est
2969 1724 3021 1777 in
3052 1725 3137 1779 tit.
3171 1724 3226 1789 5,
3259 1725 3356 1780 lib.
3406 1742 3518 1780 ιιιι

225 1819 267 1873 ε’
304 1820 448 1875 alae.
480 1819 577 1874 τοῦ
607 1818 656 1873 α’
689 1822 793 1876 τίτ.
826 1821 937 1875 τῶν
966 1820 1197 1891 Νεαρῶν
1223 1818 1283 1872 οὐ
1315 1822 1491 1872 κεῖται
1518 1820 1597 1882 είς
1623 1817 1693 1871 τὰ
1721 1819 1829 1872 Ba-

1968 1813 2103 1871 lasil.
2148 1814 2253 1870 Sed
2284 1814 2431 1884 quod
2467 1815 2613 1870 illius
2645 1815 2728 1870 tit.
2758 1815 2871 1883 dig.
2904 1815 2960 1879 4,
3013 1824 3141 1871 ante
3173 1819 3520 1889 repurgatio-

230 1910 514 1965 σιλικά.’0
547 1908 592 1981 β’
621 1911 726 1964 τίτ.
760 1910 855 1964 τοῦ
908 1917 939 1965 ι’
982 1910 1194 1981 βιϐλίου
1223 1909 1333 1963 τῶν
1363 1910 1506 1964 διάτ.
1538 1910 1718 1961 κεῖται
1752 1909 1833 1973 εἷς

1974 1924 2058 1961 em
2092 1908 2326 1977 positum
2360 1907 2486 1974 fuit,
2532 1906 2844 1974 ait:\Quod
2881 1908 3076 1982 magici
3118 1910 3244 1964 libri
3299 1926 3408 1964 non
3438 1911 3524 1965 di-

224 2003 337 2057 τίτ.
372 2002 421 2071 Υ
448 2001 544 2056 τοῦ
590 2001 675 2073 μβ¹
707 2001 915 2073 βιϐλίου
946 2004 1056 2056 τῶν
1083 2000 1412 2055 Βασιλικῶν.
1458 1999 1605 2071 Πλὴν
1635 2000 1696 2053 τὸ
1728 1999 1837 2071 πρὸ

1970 2001 2213 2064 idantur,
2252 2001 2718 2071 quemadmodum
2752 2002 3141 2071 compendiose
3179 2004 3525 2072 propositum

224 2097 327 2165 τῆς
372 2096 801 2168 ἁνακαθάρσεως
852 2097 1107 2167 κείμενον
1150 2096 1291 2149 διάτ.
1321 2094 1416 2147 τοῦ
1446 2092 1693 2147 τοιούτου
1725 2093 1833 2150 τίτ.

1968 2094 2071 2149 uit:
2114 2094 2294 2149 thema
2339 2091 2514 2166 [vero]
2546 2095 2603 2159 2,
2633 2108 2755 2164 cap.
2789 2093 2880 2157 24,
2916 2096 2999 2149 tit.
3032 2096 3087 2161 ‘5,
3120 2095 3216 2149 lib.
3255 2111 3365 2150 XLII
3387 2138 3402 2162 ,
3434 2095 3522 2149 in-

229 2189 401 2259 φησὶν
426 2190 507 2243 ὅτι
533 2190 610 2243 Οὐ
632 2188 967 2260 διαιροῦνται
984 2190 1053 2243 τὰ
1082 2188 1294 2259 μαγικὰ
1321 2187 1501 2257 βιϐλία
1527 2185 1711 2251 καθὼς
1739 2186 1836 2241 καὶ

1968 2196 2142 2243 ertum
2205 2196 2289 2242 est
2317 2201 2439 2257 cap.
2477 2186 2568 2253 25,
2621 2188 2704 2241 tit.
2737 2187 3092 2257 9"praesentis
3132 2189 3337 2257 operis,
3381 2187 3531 2257 quod

235 2279 574 2349 συνιικςιιίσθη.
611 2279 685 2333 Τὸ
719 2277 763 2350 β’
796 2278 940 2352 θέμα
984 2278 1081 2333 τοῦ
1129 2276 1171 2333 δ’
1211 2297 1338 2349 κεφ.
1376 2278 1472 2332 τοῦ
1517 2276 1566 2348 γ’
1607 2278 1714 2333 τίτ.
1738 2277 1834 2332 τοῦ

1968 2280 2110 2335 :tiam
2134 2280 2304 2351 legas.
2339 2279 2531 2336 Const.
2565 2279 2621 2345 5,
2654 2280 2719 2335 tit
2742 2281 2777 2335 5
2800 2279 3173 2348 Novellarum,
3203 2290 3287 2335 est
3314 2280 3530 2335 novella

234 2373 325 2445 μβ¹
364 2373 573 2443 βιϐλίου
624 2374 982 2446 κατεστρώθη
1023 2376 1104 2438 είς
1135 2373 1197 2427 τὸ
1245 2372 1323 2427 κε’
1353 2391 1480 2443 κεφ.
1516 2373 1610 2427 τοῦ
1652 2371 1696 2426 6'
1728 2373 1832 2428 τίτ.

1979 2371 2242 2428 ustiniani
2274 2371 2378 2426 146
2424 2372 2604 2442 posita
2642 2369 2790 2443 [quae
2818 2371 2929 2444 estl
2981 2374 3035 2427 in
3071 2388 3193 2443 cap.
3225 2372 3316 2436 55,
3355 2373 3436 2427 tit.
3476 2373 3531 2439 l,

234 2466 333 2521 τοῦ
360 2469 628 2539 παρόντος
650 2469 1032 2539 συντάγματος
1051 2468 1079 2521 ὃ
1102 2467 1199 2522 καὶ
1222 2466 1519 2536 ἀνάγνωθι.
1540 2467 1603 2521 Ἦ
1630 2466 1668 2520 ε’
1690 2467 1831 2521 διάτ.

1968 2467 2042 2521 ib.
2064 2482 2077 2520 ι
2100 2465 2293 2529 Basil.,
2320 2465 2465 2534 quod
2492 2464 2680 2519 itidem
2713 2465 2881 2535 legas.

234 2558 398 2629 τοῦγ¹
414 2561 520 2616 τίτ.
535 2562 645 2615 τῶν
680 2562 1061 2635 Νεαρῶν,ἔστι
1097 2562 1269 2636 νεαρά
1294 2564 1727 2627 Ἰουστινιὰνειος
1748 2559 1882 2633 ρμς¹
1920 2561 2151 2632 κειμένη
2203 2560 2262 2613 ὲν
2289 2576 2416 2629 κεφ.
2452 2555 2546 2623 ve’,
2576 2558 2672 2613 τοῦ
2692 2556 2759 2626 ,α’
2789 2559 2931 2613 ⁸τίτ.
2972 2559 3067 2613 τοῦ
3112 2566 3159 2614 α’
3187 2559 3393 2631 βιϐλίου
3423 2560 3536 2616 τῶν

230 2651 576 2721 Βασιλικῶν,
616 2656 645 2709 ὃ
683 2658 779 2711 καὶ⁵
819 2657 1121 2727 ἀνάγνωθι.

236 2754 267 2821 5,
315 2750 568 2803 ΚΕΦΑΛ.
604 2747 677 2805 Δ’.
709 2782 780 2791 -
808 2751 946 2821 Περὶ
977 2752 1380 2821 καθαιρέσεως
1410 2751 1666 2818 ξοάνων.

316 2843 547 2897 Συνόδου
584 2843 988 2916 Καρθαγέννης
1023 2845 1205 2899 κανὼν
1241 2844 1343 2918 νη’,
1376 2845 1483 2901 πδ’.

316 2937 629 3006 Κείμενον.
667 2938 730 2991 Ἡ
775 2935 824 2991 α’
868 2938 1009 2993 διάτ.
1042 2939 1135 2993 τοῦ
1172 2947 1239 2993 ια’
1270 2940 1375 2995 τίτ.
1416 2939 1511 2993 τοῦ
1564 2938 1610 2995 α’
1646 2938 1849 3010 βιϐλίου

243 3030 340 3084 τοῦ
371 3030 601 3094 κώδικος
621 3029 837 3084 κελεύει
858 3030 929 3084 τὰ
955 3032 1075 3102 ἱερά
1097 3032 1396 3095 κλείεσθαι,
1413 3033 1537 3104 ἥτις
1559 3033 1659 3086 οὐκ
1680 3032 1841 3103 ὲτέθη

245 3125 327 3187 εἰς
355 3122 424 3176 τὰ
451 3121 735 3177 Βασιλικά.

324 3217 578 3269 ΚΕΦΛΛ.
614 3212 689 3268 E'.
714 3214 941 3283 -Περὶ
972 3216 1323 3283 Νεστορίου,
1358 3216 1696 3278 Μουσαίου,
1726 3214 1842 3269 Εὐ·-

247 3308 566 3379 τυχιάνου,
590 3307 953 3377 Πορφυρίου,
985 3307 1292 3376 Μαξίμου,
1325 3307 1423 3361 καὶ
1450 3308 1843 3370 Κελεστίνου,

251 3405 353 3459 καὶ
400 3403 522 3458 τῶν
561 3404 665 3461 ὑπ’
691 3402 893 3457 αὐτῶν
938 3400 1370 3456 καταστάντων
1419 3400 1751 3471 αἱρετικῶν,
1804 3401 1844 3471 ἣ

250 3494 595 3566 ὀρθοδόξων
616 3495 1051 3563 ἐκϐληθέντων.
1781 3542 1799 3558 ,

323 3589 554 3643 Συνόδου
604 3586 1230 3651 Κωνσταντινουπόλεως
1284 3585 1467 3640 κανὼν
1516 3583 1586 3640 δ”
1625 3586 1847 3641 συνόδου

265 3682 498 3751 Ἐφέσου
550 3679 733 3735 κανὼν
778 3677 850 3745 α’,
893 3677 960 3749 β’,
1003 3678 1075 3748 γ’,
1123 3677 1187 3746 δ’,
1224 3678 1293 3733 ε’·
1328 3678 1549 3733 συνόδου
1581 3679 1849 3750 Σαρδικῖκ

251 3775 438 3832 κανὼν
463 3773 532 3829 κ’.

324 3871 582 3926 ΚΕΦΑΛ.
615 3868 705 3938 ς’.
730 3868 957 3940 -Περὶ
986 3869 1092 3924 τοῦ
1116 3869 1202 3940 μὴ
1236 3868 1504 3939 ὀφείλειν
1540 3865 1853 3936 ἀναφορὰν

255 3966 533 4034 τίνεσθαι
569 3964 864 4033 παρόντος
907 3963 1228 4034 αὶρετικοῦ.

328 4057 600 4129 Τιμοθέου
625 4055 806 4113 κανὼν
827 4055 891 4112 θ’.

330 4150 587 4206 ΚΕΦΑΛ.
616 4148 692 4205 Ζ’.
716 4181 788 4192 -
810 4151 953 4219 Περὶ
982 4148 1291 4219 κληρικῶν
1313 4149 1625 4221 ωρετικῶν
1655 4149 1733 4221 τῇ
1758 4150 1855 4220 ὀρ-

258 4242 493 4308 θοδόξῳ
531 4243 906 4313 προσιόντων
939 4244 1287 4311 Ἐκκλησία.

333 4336 567 4391 Συνόδου
602 4337 997 4408 Καρθαγέννης
1017 4377 1033 4401 ,
1066 4336 1248 4399 κανὼν
1298 4334 1395 4404 νζ’,
1425 4334 1537 4408 En"
1572 4333 1854 4389 Βασιλείου

2025 2746 2181 2803 CAP.
2216 2745 2307 2800 IV.
2334 2773 2407 2785 —
2436 2744 2511 2799 De
2544 2744 2792 2799 tollendis
2823 2746 3149 2803 simulacris.

2022 2840 2255 2897 Concilii
2290 2839 2739 2910 Carthaginensis
2768 2855 2946 2895 canon
2978 2841 3067 2905 58,
3092 2841 3185 2898 81.

2026 2935 2243 2991 Textus.
2274 2936 2463 2990 Const.
2487 2933 2658 3002 1,,11ι.
2685 2934 2741 2998 2,
2777 2934 2870 2989 lib.
2904 2950 2919 2988 ι
2968 2936 3288 3005 cod.jubct,
3314 2949 3374 2995 ut
3400 2921 3539 2996 tem?

1953 3014 2040 3102 pla
2074 3029 2435 3086 claudantur:
2462 3043 2584 3098 qua
2612 3042 2719 3082 non
2750 3036 2835 3084 est
2864 3030 3045 3099 posita
3078 3030 3133 3085 in
3169 3030 3340 3087 Basil.

2023 3213 2174 3269 CAP.
2204 3210 2428 3266 V.--De
2459 3208 2727 3275 Nestorio,
2758 3210 2818 3264 Μ
2822 3228 2982 3273 usazo,
3009 3212 3362 3283 Eutychiano,
3404 3216 3541 3272 Por-

1952 3309 2162 3379 phyrio,
2198 3304 2458 3366 Maximo,
2490 3302 2738 3371 Celestio,
2790 3314 2840 3357 et
2879 3305 3146 3360 Ita'reticis
3183 3308 3273 3376 qui
3298 3309 3363 3362 ab
3410 3312 3540 3381 ipsis

1956 3407 2037 3478 [in
2084 3399 2365 3472 Ecclesiis]
2414 3402 2690 3454 constituti
2737 3410 2884 3465 sunt,
2921 3410 3080 3473 atque
3118 3404 3428 3462 orthodoxis
3454 3410 3548 3479 qui

1954 3498 2107 3568 ejecti
2129 3506 2272 3551 sunt.

2026 3592 2262 3648 Concilii
2318 3588 2913 3659 Constantinopolitani
2967 3603 3144 3644 canon
3194 3591 3258 3657 ις
3311 3590 3535 3646 concilii

1956 3685 2219 3757 Ephesini
2259 3700 2436 3741 canon
2474 3683 2527 3749 1,
2567 3682 2624 3746 2,
2660 3682 2714 3749 5,
2744 3684 2800 3751 4,
2843 3682 2914 3750 5;
2960 3683 3552 3755 conciliiSardicensis

1958 3791 2134 3833 canon
2156 3775 2248 3830 20.

2030 3868 2183 3926 CAP.
2215 3866 2302 3924 Vl.
2333 3899 2404 3907 —
2431 3864 2773 3922 Oblationem
2806 3881 2910 3921 non
2937 3883 3049 3923 esse
3072 3867 3376 3936 faciendam
3404 3884 3548 3939 pm-

1960 3972 2105 4019 sente
2154 3962 2419 4018 haretico.

2033 4054 2307 4111 Timothei
2331 4071 2506 4111 canon
2536 4057 2591 4113 9.

1961 4152 1996 4210 Ξ·
2033 4148 2189 4205 CAP.
2221 4149 2432 4213 Vll.,—
2463 4151 2543 4205 De
2571 4136 2776 4207 clericis
2805 4152 3090 4219 haereticis,
3111 4153 3201 4223 qui
3238 4152 3547 4208 orthodoxa:

1965 4240 2218 4297 Ecclesia:
2270 4245 2551 4299 accedunt.

2036 4335 2266 4393 Concilii
2322 4338 2773 4409 Carthaginensis
2840 4353 3019 4395 canon
3068 4339 3159 4407 57,
3213 4339 3316 4405 68;
3364 4336 3552 4394 Basilii

262 4428 445 4485 κανὼν
476 4427 523 4484 α’
542 4445 555 4459 ·
590 4428 854 4501 Θεοφίλου
882 4431 945 4484 ὲκ
965 4430 1060 4483 τοῦ
1101 4430 1542 4502 ’Υπομνηστικοῦ
1569 4427 1753 4484 κανὼν
1788 4427 1837 4483 α’

1968 4446 2145 4486 canon
2174 4432 2198 4486 l
2226 4448 2241 4498 ;
2275 4431 2565 4502 Theophili
2586 4447 2655 4488 ex
2681 4431 3124 4488 Commonitorio
3154 4446 3334 4488 canon
3362 4432 3418 4485 1.

334 4520 593 4577 ΚΕΦΔΛ.
621 4519 705 4577 Ηῗ.
740 4552 798 4562 -
822 4522 964 4592 Περὶ
998 4522 1352 4577 ἐπισκόπων
1376 4522 1861 4591 συγκοινωνούν-

261 4632 406 4683 των,
436 4614 475 4683 ἣ
506 4613 977 4686 συνευχομένων
1003 4616 1323 4685 αἱρετικῶς
1349 4615 1390 4684 ἢ
1420 4616 1867 4685 ἐπιτρεπόντων

262 4709 475 4775 αὐτοῖς
514 4708 800 4780 ἐνεργεῖν,
828 4707 868 4779 ἣ
900 4709 1245 4781 δεχομένων
1276 4710 1600 4781 βάπτισμα
1643 4707 1865 4775 αὐτῶν,

262 4803 305 4873 ἢ
336 4802 585 4858 θυσίαν.

341 4893 687 4948 Ἀποστόλων
710 4892 893 4950 κανὼν
917 4891 970 4962 ι’,
996 4893 1102 4966 με’,
1130 4893 1226 4966 pg’
1248 4912 1262 4927 ο
1292 4894 1512 4950 συνόδου
1535 4893 1870 4965 Ἀντιοχείας

266 4987 452 5042 κανὼν
470 4986 513 5058 β’
531 5002 545 5017 ⁸
576 4988 798 5043 συνόδου
826 4988 1146 5053 Λαοδικείας
1162 4987 1343 5044 κανὼν
1362 4986 1463 5058 λγ’.
1481 4986 1782 5057 Ἀνάγνωθι
1801 4987 1870 5041 τὰ

268 5082 796 5153 παραγεγραμμένα
817 5082 881 5137 ὲν
921 5082 1002 5155 τῷ
1030 5080 1092 5138 ιε’
1113 5099 1240 5153 κεφ.
1261 5082 1359 5137 τοῦ
1403 5080 1451 5151 γ’
1482 5083 1592 5137 τίτ.
1613 5080 1709 5136 τοῦ
1732 5097 1873 5154 παρ-

268 5175 431 5238 όντος
464 5174 870 5246 συντάγματος.

346 5267 604 5322 ΚΕΦΔΛ.
637 5266 713 5322 Θ’.
736 5299 810 5310 -
844 5268 987 5337 Περὶ
1034 5269 1389 5326 ἐπισκόπων
1410 5313 1425 5335 ,
1472 5268 1514 5338 ἢ
1570 5268 1874 5338 κληρικῶν

269 5361 713 5431 λαμϐανόντων
729 5362 1016 5432 εὐλογίας
1030 5362 1101 5428 ἐξ
1119 5361 1449 5432 αἱρετικῶν⁸
1471 5363 1510 5433 ἢ
1541 5363 1871 5428 Ἰουδαίων,

274 5453 313 5522 ἢ
349 5450 697 5521 εὐχομένων
730 5452 1135 5522 Ἐκκλησίαις,
1162 5454 1201 5522 ἢ
1230 5454 1300 5507 ἐν
1323 5454 1755 5524 μοναστηρίοις
1786 5456 1878 5508 al-

270 5542 553 5612 ρετικῶν,
584 5542 624 5610 ἣ
658 5543 936 5610 ἐθνικῶν,
962 5545 1000 5613 ἢ
1028 5542 1524 5613 σαϐϐατιζόντων,
1556 5547 1595 5614 ἢ
1617 5559 1876 5613 συνεορ-

278 5636 578 5697 ταζόντων
610 5636 737 5704 τοῖς
772 5638 1109 5706 Ἰουδαίοις,
1147 5640 1187 5710 ἢ
1226 5643 1695 5710 προσφερόντων
1724 5656 1877 5695 συν-

280 5724 561 5797 αγωγαῖς,
602 5726 643 5796 ἣ
684 5728 864 5796 ἱεροῖς
893 5729 1107 5797 ἐθνῶν,
1136 5731 1237 5786 καὶ
1268 5732 1401 5801 περὶ
1430 5730 1784 5801 ἀῃελιτὼν.

353 5820 699 5875 ’Δποστόλων
727 5821 907 5878 κανὼν
938 5821 1032 5890 ξε’,
1065 5822 1138 5879 ο”
1173 5825 1395 5883 συνόδου
1422 5823 1749 5891 Λαοδικείας
1781 5842 1880 5879 κα-

614 5924 895 5987 Ριτιιοι..
932 5922 1050 5986 Gn.
1083 5922 1241 5988 CIV.

2039 4524 2195 4579 CAP.
2228 4525 2366 4580 Vlll.
2395 4552 2467 4565 —-
2505 4525 2583 4581 De
2616 4526 2883 4597 episcopis
2923 4534 2975 4579 et
3014 4527 3223 4581 clericis
3271 4528 3362 4597 qui
3408 4541 3556 4580 com-

1967 4617 2240 4671 municant
2270 4618 2350 4673 vel
2398 4634 2575 4688 preces
2620 4619 2947 4689 conjungunt
2993 4636 3113 4673 cum
3141 4620 3430 4684 hcereticis,
3463 4629 3557 4673 aut

1968 4709 2099 4778 ipsis
2140 4708 2356 4782 [sacris]
2385 4712 2598 4780 operari
2627 4712 2940 4778 concedunt,
2986 4723 3078 4767 aut
3108 4715 3347 4783 ipsorum
3371 4712 3561 4783 bapti-

1981 4817 2156 4857 smum
2191 4803 2270 4858 vel
2300 4804 2632 4873 sacriﬁcium
2660 4806 2978 4876 suscipiunt.

2048 4896 2442 4965 Apostolorum
2471 4912 2651 4955 canon
2706 4898 2809 4965 10,
2860 4900 2952 4963 45,
2982 4898 3085 4966 46ς
3117 4898 3338 4954 concilii
3370 4898 3564 4952 Antio-

1972 4989 2133 5045 cheni
2169 5005 2345 5046 canon
2384 4991 2454 5058 2;
2490 4993 2710 5048 concilii
2742 4992 3035 5048 Laodiceni
3065 5007 3244 5048 canon
3292 4993 3386 5049 55.
3422 4992 3566 5063 Lege

1972 5098 2098 5155 qua:
2126 5090 2387 5139 annotata
2408 5093 2539 5140 sunt
2568 5084 2622 5140 in
2653 5101 2775 5158 cap.
2809 5086 2897 5154 15,
2928 5086 3009 5141 ι1ι.
3046 5086 3082 5140 3
3116 5086 3405 5157 praesentis
3432 5101 3568 5157 ope-

1973 5175 2072 5233 ris.

2044 5270 2198 5327 CAP.
2233 5271 2326 5328 IX.
2361 5300 2433 5313 —-
2460 5270 2534 5327 De
2559 5273 2815 5343 episcopis
2859 5280 2908 5327 et
2942 5272 3150 5327 clericis
3176 5274 3267 5344 qui
3299 5274 3363 5326 ab
3396 5274 3566 5328 licere-

1978 5365 2099 5420 ticis
2127 5366 2207 5421 vel
2228 5364 2440 5421 Juda'is
2470 5366 2883 5421 benedictionem
2916 5366 3225 5435 accipiunt:
3255 5376 3349 5420 aut
3383 5368 3439 5421 in
3468 5364 3573 5419 Ec-

1978 5456 2153 5511 clesiis
2206 5457 2287 5512 vel
2332 5459 2667 5513 monasteriis
2731 5457 3128 5523 Iucrcticoruml
3180 5458 3570 5513 ethnicorumve

1980 5559 2175 5606 orant:
2210 5561 2305 5606 aut
2346 5568 2465 5605 cum
2508 5550 2718 5607 ludatis
2762 5550 2999 5606 Sabbala
3026 5567 3269 5606 eorumve
3298 5551 3435 5620 festa
3481 5553 3573 5605 ob-

1980 5649 2238 5695 servant:
2291 5651 2384 5694 aut
2435 5639 3007 5711 synagogistemplisve
3057 5639 3291 5710 gentium
3320 5639 3570 5709 offerunt,

1979 5742 2027 5787 et
2072 5731 2140 5786 de
2169 5732 2437 5803 angelitis.

2053 5827 2443 5898 Apostolorum
2496 5843 2674 5884 canon
2726 5827 2973 5899 65,170;
3023 5826 3239 5883 concilii
3276 5824 3571 5882 Laodiceni

1966 5919 2002 5923 ’“
3160 5922 3239 5983 37
