3916 6244
478 342 616 409 1163

1659 334 1923 398 ΡΗΟΤῙΙ
1963 333 2472 418 ΡΑΤΒΙΛΒΟΗᾹΞ
2498 333 2606 393 CP.

3597 331 3721 396 116i

471 473 670 525 canon,
702 457 757 523 9,
791 454 884 519 ἓξ),
909 453 999 519 59.,
1029 451 1120 518 55,
1160 451 1248 519 37,
1287 449 1380 516 38,
1407 449 1497 517 '59,
1523 448 1626 515 ιε,
1658 449 1880 504 concilii
1915 447 2054 503 sexti

2180 443 2264 497 »ὼν
2301 442 2365 510 θ’,
2397 443 2500 509 κθ’,
2547 442 2647 514 λβν,
2695 442 2789 512 λε’,
2829 442 2925 512 λς’,
2961 444 3062 516 λη’,
3106 442 3205 512 λα’,
3242 441 3363 517 μβ’·
3408 443 3611 499 συνόδου
3657 443 3722 507 ς”

473 552 764 698 ﬂagitii:
808 640 994 696 Const.
1028 640 1081 702 1,
1125 637 1206 693 tit.
1239 635 1296 701 9,
1341 635 1436 690 lib.
1483 647 1498 689 ι
1543 634 1664 690 cod.
1703 633 1778 688 ait
1824 651 1836 688 :
1903 631 2060 699 Quod

470 735 843 799 universitati,
871 747 1184 803 etc.,usque
1224 729 1292 785 ad
1330 737 1692 800 proventum
1743 726 2058 792 insumitur,

472 837 527 880 ut
555 843 678 896 pag.
708 826 834 880 88:2.

544 918 838 973 Scholium.
867 915 1101 972 Constit.
1135 915 1187 981 l,
1229 915 1314 967 tit.
1344 913 1396 977 9,
1443 911 1539 967 lib.
1580 926 1618 974 ι,
1660 911 1782 965 cod.
1835 926 1943 963 non
1977 918 2062 964 est

472 1015 654 1084 posita
682 1013 735 1066 in
769 1011 938 1065 Basil.
972 1009 1178 1078 Digest.
1210 1008 1263 1073 8,
1306 1008 1389 1061 tit.
1423 1006 1475 1071 5,
1524 1005 1620 1059 lib-
1657 1021 1819 1058 xxxrv
1845 1003 2056 1073 Digest.

473 1115 558 1160 est
589 1121 710 1175 cap.
740 1103 831 1169 ‘20,
868 1105 949 1158 tit.
987 1101 1042 1165 8,
1074 1102 1172 1155 lib.
1206 1115 1353 1166 XLIV,
1381 1099 1526 1168 quod
1562 1097 1697 1152 dicit
1720 1111 2064 1166 quaecunque

483 1199 540 1252 iu
579 1207 728 1251 textu
760 1195 1148 1265 compendiose
1186 1203 1309 1248 sunt
1347 1191 1644 1261 proposita.
1693 1188 1799 1242 Tit.
1835 1190 1921 1248 18.
1963 1189 2059 1242 lib.

473 1307 524 1345 Vl
562 1290 684 1344 C(HL
743 1288 952 1360 positus
997 1296 1082 1340 est
1113 1286 1165 1338 in
1203 1300 1323 1354 cap.
1358 1285 1428 1337 51
1480 1282 1730 1352 ejusdem
1794 1284 1860 1333 18
1892 1280 2060 1348 tituli,

473 1384 569 1436 lib.
604 1396 748 1442 xciv,
787 1379 930 1448 quod
989 1392 1224 1446 quaeras,
1277 1387 1440 1445 atque
1473 1371 1744 1446 [insuper]
1779 1376 2061 1442 sequentia

473 1493 595 1546 cap.
638 1477 826 1530 Const.
862 1474 915 1537 9,
951 1474 1038 1526 tit.
1089 1472 1146 1532 2,
1187 1471 1282 1524 lib.
1319 1486 1336 1523 ι
1372 1471 1497 1524 cod.
1527 1479 1612 1523 est
1633 1483 1754 1538 cap.
1785 1468 1872 1532 14,
1899 1470 1981 1522 tit.
2008 1468 2058 1533 1,

482 1572 582 1626 lib.
612 1585 627 1624 1
662 1567 826 1624 Basil.
854 1567 996 1636 quod
1023 1567 1214 1620 eadem
1244 1563 1418 1633 jubet.

2167 534 2350 590 κανὼν
2385 533 2473 590 ια’.
3058 599 3066 606 η

2236 630 2546 694 Κείμενον.
2585 628 2648 683 Ἦ
2673 627 2720 682 α’
2747 627 2891 684 διάτ.
2916 627 3011 683 τοῦ
3038 627 3214 683 θἰτίτ.
3243 627 3333 682 τοῦ
3365 627 3411 682 α’
3435 627 3626 700 βιϐλίου
3646 628 3728 682 τοῦ

2166 720 2418 785 κώδικος,
2438 722 2622 792 φησιν,
2651 740 2703 777 κ.
2730 740 2784 778 τ.
2807 721 2882 787 λ.,
2913 737 3085 794 usque
3109 724 3177 778 ad
3206 721 3498 793 ὁμοιότητα
3520 720 3622 774 τῶν
3643 739 3731 774 πο-

2164 813 2388 867 λιτικῶν
2420 814 2722 886 προσόδων.

2235 908 2514 975 Σχόλιον.
2554 907 2616 960 Ἢ
2652 906 2700 960 α’
2727 907 2867 962 διάτ.
2895 907 2987 962 τοῦ
3016 907 3059 961 θ’
3093 907 3201 962 τίτ.
3225 906 3318 961 τοῦ
3354 905 3402 961 α’
3433 905 3629 978 βιϐλίου
3651 906 3732 960 τοῦ

2165 994 2394 1060 κώδικος
2424 997 2524 1050 οὐκ
2555 998 2712 1069 ἐτέθη
2765 999 2847 1061 εἰς
2891 999 2960 1052 τὰ
3001 997 3285 1054 Βασιλικά.
3317 999 3390 1051 Τὸ
3420 997 3468 1068 η’
3491 997 3622 1052 διὰτ.
3652 997 3731 1050 τοῦ

2196 1086 2208 1107 r
2279 1089 2290 1104 ο
2455 1088 2481 1120 τ
2575 1085 2608 1107 υ
2732 1088 2746 1101 ε
2917 1089 2942 1101 ~
3186 1089 3207 1118 ε
3523 1085 3535 1106 ο
3619 1086 3642 1118 τ
3722 1093 3732 1112 ,

2167 1106 2191 1140 ε
2237 1105 2344 1142 τιτ.
2390 1106 2484 1140 το.)
2534 1089 2594 1142 λο
2640 1088 2845 1158 βιϐλίου
2875 1105 2983 1142 των
3015 1089 3156 1143 διατ.
3184 1105 3298 1141 εστι
3327 1104 3454 1156 κεφ.
3489 1103 3523 1141 α
3558 1103 3645 1140 το)
3673 1105 3719 1159 ιη

2165 1179 2269 1231 τίτ.
2299 1177 2393 1229 τοῦ
2445 1175 2525 1247 μδ³
2557 1177 2763 1248 βιϐλίου
2791 1179 2949 1248 λέγον
2980 1181 3081 1233 ὅσα
3114 1183 3196 1244 είς
3242 1179 3302 1233 τὸ
3339 1179 3588 1250 κείμενον
3628 1197 3734 1232 συν·

2165 1268 2713 1341 ωψίσθησανθοςμῇ
2747 1272 2854 1324 τίτ.
2905 1271 2999 1325 τοῦ
3037 1269 3092 1337 ς’
3135 1271 3342 1342 βιϐλίου
3389 1271 3486 1325 τοῦ
3533 1270 3734 1342 κῴδικος

2167 1362 2324 1432 ἐτέθη
2359 1363 2439 1426 είς
2471 1381 2593 1432 κεφ.
2629 1361 2693 1430 λ’,
2723 1365 2816 1418 τοῦ
2847 1365 3012 1420 αὑτοῦ
3047 1364 3116 1437 ιη’
3138 1341 3248 1420 τίτ.
3279 1363 3372 1419 τοῦ
3416 1362 3497 1436 μδ¹
3527 1341 3731 1433 βιϐλίου·

2167 1453 2260 1507 καὶ
2304 1452 2457 1524 ζήτει
2507 1455 2700 1519 τοῦτο,
2736 1455 2832 1508 καὶ
2863 1458 2932 1510 τὰ
2971 1458 3086 1528 μετ’
3116 1457 3249 1511 αὐτὸ
3271 1473 3398 1526 κεφ.
3437 1454 3500 1509 Ἦ
3534 1455 3574 1509 θ’
3610 1456 3729 1510 διάτ.

2165 1547 2258 1601 τοῦ
2301 1547 2368 1601 ια’
2396 1549 2499 1603 τίτ.
2536 1549 2631 1603 τοῦ
2662 1547 2710 1604 α’
2741 1548 2950 1620 βιϐλίου
2986 1549 3079 1604 τοῦ
3113 1549 3368 1616 κώδικος,
3405 1549 3518 1602 ἔστι
3545 1566 3658 1618 κεφ.
3685 1547 3734 1602 ι’δ

2165 1639 2260 1692 τοῦ
2287 1647 2334 1694 α’
2358 1641 2464 1696 τίτ.
2493 1641 2588 1695 τοῦ
2620 1640 2666 1696 α’
2693 1641 2898 1714 βιϐλίου
2930 1641 3039 1698 τῶν
3063 1643 3370 1697 Βασιλικῶν
3397 1642 3466 1696 τὰ
3496 1642 3625 1695 αὐτὰ
3647 1659 3734 1696 πα-

2173 1735 2437 1806 ρακελευό
2444 1753 2629 1807 μενον.

537 1832 701 1890 CAP.
721 1830 765 1885 Χ
779 1829 945 1886 .-De
963 1829 1202 1897 episcopo
1224 1825 1310 1895 qui
1330 1825 1497 1878 sciens
1520 1821 1824 1877 hmreticum
1840 1821 1909 1874 ad
1928 1837 2061 1875 com-

2249 1828 2433 1881 ΚΕΦΑ
2451 1827 2651 1884 A.I'.-
2666 1829 2809 1900 Περὶ
2836 1829 3175 1885 ἐπισκόπου
3203 1829 3274 1883 ἐν
3302 1826 3529 1896 είδήσει
3554 1827 3735 1898 λέγονο

473 1927 776 1981 munionem
802 1923 1047 1977 idoneum
1080 1918 1236 1992 [esse]
1261 1919 1415 1973 dicit.

549 2015 783 2072 Concilii
813 2013 1266 2080 Carthaginiensis
1296 2023 1471 2063 canon
1512 2006 1636 2060 124.

549 2108 704 2164 CAP.
736 2107 828 2162 Xl.
864 2135 931 2146 -—
965 2103 1086 2157 Non
1141 2105 1370 2156 eundum
1423 2117 1534 2156 esse
1583 2100 1652 2154 ad
1695 2099 2068 2155 haereticorum

481 2205 646 2274 falsos
680 2211 960 2271 martyres.

551 2293 782 2350 Coucilii
813 2292 1105 2348 Laodiceni
1137 2303 1310 2344 canon
1338 2288 1426 2343 ⁸51.

477 2370 510 2392 ὡ
554 2387 707 2445 CAP.
745 2386 862 2442 Xll.
894 2417 967 2430 —
1001 2384 1085 2439 Ne
1107 2384 1343 2438 hwretici
1373 2382 1649 2436 ecclesiam
1681 2381 2068 2452 ingrediantur.

538 2576 784 2633 'Goncilii
815 2572 1110 2629 Laodiceni
1141 2586 1316 2626 canon
1347 2569 1400 2625 6.

553 2668 708 2724 CAP.
750 2665 891 2720 Xlll.
927 2695 998 2706 —
1030 2663 1106 2718 De
1156 2662 1498 2716 matrimonio
1545 2660 1914 2716 hazreticorum
1949 2678 2066 2715 cum

480 2762 812 2818 orthodoxis.

553 2851 782 2907 Concilii
830 2847 1126 2904 Laodiceni
1167 2860 1346 2901 canon
1387 2845 1473 2909 10,
1504 2845 1566 2898 51
1599 2862 1613 2911 ;
1643 2843 1865 2898 concilii
1903 2843 2068 2898 Chal-

482 2943 810 3000 cedonensis
855 2957 1030 2997 canon
1065 2939 1165 3006 ll;
1196 2937 1418 2994 concilii
1461 2937 1913 3008 Carthaginensis
1964 2953 2058 2991 ca-

481 3052 590 3092 non
621 3038 714 3102 ﬁt,
743 3035 814 3088 Ἡ
839 3032 1101 3106 ;;οοιιοίιίἰ
1135 3031 1272 3086 sexti
1313 3045 1490 3086 canon
1526 3029 1613 3084 7'2.

2171 1937 2276 1984 τος
2306 1923 2664 1976 κοινωνικὸν
2691 1923 2797 1977 τὸν
2829 1924 3152 1991 αἱρετικόν.

2246 2012 2474 2066 Συνόδου
2505 2015 2898 2086 Καρθαγέννης
2927 2013 3111 2069 κανὼν
3143 2011 3285 2086 μκδ¹.

2247 2104 2500 2159 ΚΕΦΛΛ.
2529 2104 2630 2160 ΙΑ’.
2662 2137 2732 2146 —
2761 2107 2902 2176 Περὶ
2926 2108 3033 2162 τοῦ
3050 2107 3140 2178 μὴ
3166 2106 3408 2162 ἀπιέναι
3436 2107 3583 2176 πρὸς
3617 2106 3736 2173 τοὺς

2177 2193 2296 2248 τῶν
2331 2195 2641 2264 αἰρετικῶν
2669 2198 3190 2269 ψευδομάρτυρας.

2248 2289 2476 2342 Συνόδου
2505 2289 2826 2353 Λαοδικείας
2857 2289 3038 2344 κανὼν
3062 2287 3156 2344 λό’.

2247 2380 2500 2434 ΚΕΦΔΛ.
2534 2378 2710 2436 lB’.—-
2740 2381 2879 2450 Περὶ
2908 2381 3016 2436 τοῦ
3045 2381 3132 2454 μὴ
3157 2379 3413 2435 είσιέναι
3453 2379 3589 2446 τοὺς
3615 2383 3739 2449 alpe-

2173 2473 2382 2540 τικοὺς
2414 2477 2500 2540 είς
2533 2474 2648 2541 τὴν
2667 2474 3027 2544 ἐκκλησίαν.

2240 2565 2467 2618 Συνόδου
2497 2565 2823 2629 Λαοδικείας
2849 2567 3032 2621 κανὼν
3063 2567 3140 2635 ς’.

2241 2657 2495 2712 ΚΕΦΑΛ.
2521 2657 2619 2711 ll".
2645 2688 2716 2697 —
2754 2658 2895 2728 Περὶ
2921 2659 3124 2731 γάμων
3149 2663 3470 2732 αἰρετικῶν
3497 2661 3637 2732 πρὸς
3662 2661 3738 2730 ὀρ·

2168 2749 2480 2816 θοδόξους.

2242 2843 2469 2897 Συνόδου
2496 2844 2820 2909 Λαοδικείας
2853 2845 3034 2901 κανὼν
3066 2846 3119 2912 ι’,
3155 2848 3266 2904 λα’·
3303 2850 3524 2904 συνόδου
3547 2847 3737 2914 Χαλκη-

2166 2935 2317 3000 δόνος
2369 2935 2552 2991 κανὼν
2607 2935 2702 2990 ιδ’·
2756 2939 2973 2992 συνόδου
3009 2941 3407 3015 Καρθαγέννης
3437 2939 3608 2997 κανὼν
3632 2957 3694 2994 κα
3724 2957 3735 2970 ο

2169 3029 2386 3083 συνόδου
2419 3027 2493 3093 ς’,
2528 3027 2706 3083 κανὼν
2727 3029 2824 3101 οβ’.

551 3131 778 3197 Quaeras
807 3146 933 3185 vero
963 3129 1064 3184 hac
1084 3129 1150 3183 de
1182 3126 1286 3200 [re]
1323 3143 1456 3184 sane
1488 3143 1653 3198 quam
1681 3128 1974 3198 pulchrum
2002 3143 2068 3183 ex
2100 3129 2407 3183 canonibus
2444 3127 2628 3184 Basilii
2707 3127 2886 3200 Magni
2935 3128 3028 3222 ad.
3067 3129 3537 3198 Amphilochium,
3595 3142 3737 3184 cano-

479 3239 604 3281 nem
633 3227 687 3289 9,
720 3224 865 3279 circa
899 3222 1084 3277 ﬁnem.

556 3320 770 3375 Textus.
789 3317 978 3374 Civilis
1005 3318 1088 3371 lex
1125 3313 1364 3383 tametsi,
1383 3323 1514 3380 elc.,
1536 3329 1700 3384 usque
1725 3314 1796 3368 ad
1818 3315 2061 3370 adulterii

2181 3335 2204 3354 ε’
2244 3315 2551 3381 Κειίιενον.
2596 3313 2654 3367 '0
2692 3313 2966 3376 πολιτικὸς
2996 3312 3179 3384 νόμος,
3212 3313 3260 3366 εί
3297 3313 3395 3368 καὶ
3434 3313 3503 3366 τὰ
3532 3312 3738 3383 μάλιστα

465 3421 792 3476 accusatur,
829 3418 886 3462 ut
905 3422 1028 3478 pag.
1048 3405 1176 3462 886.

475 3603 478 3607 ’
549 3596 848 3652 Sehotium.
881 3593 990 3648 Tit.
1030 3593 1087 3655 2,
1127 3594 1221 3647 lib.
1279 3607 1415 3646 χχιιι
1447 3591 1585 3662 Δθὶς.
1625 3592 1835 3662 positus
1882 3603 1966 3647 est
2012 3593 2065 3646 in

2167 3407 2259 3460 τὸν
2297 3407 2474 3477 γάμον
2501 3407 2842 3478 ὁριζόμενος,
2873 3425 2927 3461 κ.
2951 3425 3001 3461 τ.
3025 3407 3101 3475 λ.,
3132 3422 3308 3478 usque
3344 3409 3412 3464 ad
3435 3407 3524 3460 ἐπὶ
3551 3407 3738 3479 μοιχείᾳ

2170 3496 2580 3564 κατηγορεῖται.

2238 3585 2516 3651 Σχόλιον.
2551 3584 2608 3638 Ὁ
2639 3583 2684 3654 β’
2705 3585 2810 3640 τίτ.
2836 3585 2929 3640 τοῦ
2957 3585 3043 3654 κγ’
3073 3585 3280 3658 βιϐλίου
3296 3587 3422 3642 δτῶν
3444 3588 3582 3643 διάτ.
3600 3587 3736 3656 ἐτέθη

471 3690 562 3744 tit.
601 3690 655 3753 4,
701 3688 794 3740 lib.
846 3701 1013 3739 xxvin
1063 3684 1230 3740 Basil.
1265 3695 1430 3755 atque
1477 3685 1676 3756 digest.
1710 3685 1762 3749 l,
1795 3686 1952 3740 -dicit
2001 3687 2061 3738 dc

2180 3678 2248 3741 είς
2276 3679 2379 3730 τίτ.
2411 3676 2450 3732 δ’
2479 3677 2573 3731 τοῦ
2609 3677 2697 3749 κη’
2731 3678 2938 3748 βιϐλίου
2979 3681 3090 3734 τῶν
3135 3680 3464 3749 Βασιλικῶν,
3497 3683 3590 3736 καί
3625 3698 3737 3752 φησι

481 3779 689 3848 nuptiis
721 3778 786 3832 ad
816 3778 1066 3831 eumdem
1116 3776 1359 3831 modum.
1379 3776 1569 3832 Const.
1601 3777 1688 3842 l2,
1719 3777 1804 3834 tit.
1840 3777 1895 3841 5,
1931 3777 2064 3832 lib.t

473 3872 605 3928 cod.
635 3871 751 3927 sive
782 3885 904 3940 cap.
939 3870 1033 3934 ‘25,
1076 3869 1161 3924 tit.
1207 3870 1260 3936 1,
1288 3869 1381 3924 lib.
1413 3885 1430 3923 ι
1462 3869 1630 3936 ΒιιείΙ,
1687 3870 1954 3926 insertum
1983 3880 2068 3926 est

478 3964 662 4020 medio
693 3963 906 4020 scholio
961 3977 1083 4032 cap.
1115 3962 1150 4016 2
1214 3961 1502 4032 prmsentis
1542 3963 1626 4017 tit.
1679 3961 1853 4032 Legas
1886 3961 2064 4033 [vero]

476 4057 643 4111 etiam
673 4056 762 4122 72,
790 4069 1056 4110 canonem
1092 4053 1309 4108 concilii
1331 4053 1469 4108 sexti
1498 4053 1550 4107 in
1583 4052 1774 4108 Trullo
1803 4052 2062 4124 [habiti]:

473 4163 542 4202 ex
575 4161 686 4216 quo
713 4145 904 4201 discas
959 4145 1172 4200 ﬁdelem
1210 4158 1334 4199 cum
1374 4143 1604 4200 muliere
1633 4144 1839 4200 inﬁdeli
1876 4145 2067 4199 matri-

477 4240 650 4293 monii
673 4239 788 4310 lege
818 4253 924 4292 non
958 4234 1220 4306 conjungi
1260 4253 1272 4290 :
1311 4237 1524 4291 tametsi
1581 4236 1832 4292 nonnulli
1859 4251 1924 4292 ex
1957 4234 2066 4290 ﬁne

477 4332 728 4402 ejusdem
776 4330 1026 4394 canonis,
1065 4329 1132 4384 de
1167 4327 1481 4384 inﬁdelibus
1521 4329 1616 4400 qui
1653 4338 1778 4399 post
1815 4325 2064 4400 [initum]

478 4423 892 4478 matrimonium
916 4420 1288 4483 crediderunt,
1321 4421 1572 4483 docente,
1605 4421 1661 4474 in
1693 4435 1937 4475 errorem
1970 4420 2064 4475 de-

478 4518 636 4588 lapsi,
665 4516 944 4570 diversum
969 4515 1229 4584 quiddam
1258 4515 1518 4569 audacter
1550 4513 1831 4568 dixerunt.
1867 4511 2066 4567 Verum

475 4611 757 4664 enimvero
779 4621 905 4661 cum
938 4606 1213 4676 llispanos
1262 4603 1430 4677 [esse]
1466 4605 1831 4666 orthodoxos,
1858 4612 2068 4658 nostra-

2165 3771 2228 3824 τὸ
2253 3769 2300 3824 α’
2329 3770 2469 3826 διάτ.
2505 3772 2631 3842 περὶ
2661 3771 2840 3841 γάμου
2872 3771 3094 3842 ὁμοίως.
3113 3771 3179 3825 Ἦ
3209 3771 3442 3844 ιβίδιάτ.
3467 3775 3559 3829 τοῦ
3588 3781 3624 3828 ε’
3644 3773 3735 3826 τίτ.

2166 3862 2260 3917 τοῦ
2289 3871 2336 3917 α’
2360 3863 2568 3933 βιϐλίου
2589 3864 2682 3917 τοῦ
2716 3863 2947 3928 κώδικος
2977 3865 3094 3936 ἦτοι
3115 3865 3177 3918 τὸ
3206 3864 3283 3919 κε’
3307 3885 3436 3938 κεφ.
3459 3867 3551 3922 τοῦ
3579 3866 3623 3922 α’
3646 3866 3736 3922 τίτ.

2165 3956 2262 4010 τοῦ
2294 3955 2342 4010 α’
2383 3957 2590 4027 βιϐλίου
2639 3957 2749 4011 τῶν
2802 3957 3108 4012 Βασιλικῶν
3158 3961 3518 4033 κατεστρώθη
3567 3961 3639 4024 εἰς
3680 3959 3738 4011 τὰ

2171 4048 2312 4118 μέσα
2357 4049 2450 4102 τοῦ
2487 4048 2701 4120 σχολίου
2731 4050 2825 4104 τοῦ
2859 4049 2903 4120 β’
2932 4067 3056 4121 κεφ.
3094 4050 3188 4104 τοῦ
3222 4053 3493 4125 παρόντος
3519 4053 3737 4108 τίτ.Ἀν·

2169 4140 2376 4208 άγνωθι
2422 4144 2514 4194 καὶ
2547 4139 2623 4211 οβ’
2660 4142 2862 4196 κανόνα
2899 4143 3000 4214 τῆς
3033 4145 3092 4197 ὲν
3124 4143 3202 4214 τῷ
3232 4145 3494 4218 Τρού).λῳ
3522 4145 3734 4206 συνόδου,

2167 4235 2262 4286 καὶ
2289 4232 2468 4307 μάθῃς
2498 4235 2579 4288 ὅτι
2609 4235 2799 4298 πιστὸς
2828 4236 2966 4306 μετὰ
2994 4236 3224 4291 ἀπίστου
3255 4239 3521 4307 γυναικὸς
3546 4239 3603 4292 οὐ
3632 4255 3738 4290 συν-

2167 4328 2397 4382 άπτεται
2432 4328 2581 4400 νόμῳ
2615 4329 2796 4400 γάμου
2818 4371 2831 4395 ,
2861 4330 2965 4384 κᾶν
2994 4347 3140 4395 τινες
3169 4331 3542 4404 πλανηθέντες
3575 4333 3634 4384 ὲκ
3657 4327 3734 4382 τοῦ

2166 4419 2354 4482 τέλους
2391 4418 2486 4472 τοῦ
2520 4421 2686 4475 αὐτοῦ
2739 4421 2965 4486 κανόνος
3000 4424 3130 4494 περὶ
3174 4423 3425 4478 ἀπίστων
3450 4423 3737 4478 πιστευσάνο

2166 4528 2276 4564 των
2304 4512 2443 4582 μετά
2475 4511 2566 4565 τὸν
2604 4514 2782 4583 γάμον
2811 4514 3134 4570 διδάσκοντα
3169 4515 3357 4586 ἕτερόν
3390 4534 3444 4570 τι
3474 4514 3736 4586 τολμηρῶς

2169 4599 2342 4658 εἷπον.
2361 4603 2504 4673 Ἐγὼ
2510 4604 2593 4673 έδὲ
2627 4603 2783 4668 εἰδὼς
2807 4606 3166 4679 τοὺςἼϐηρας
3195 4609 3534 4680 όρθοδόξους,
3568 4607 3656 4662 καὶ
3681 4605 3737 4659 τὰ

473 4718 584 4772 que
618 4701 802 4755 omnia
834 4698 1086 4769 amplecti
1137 4698 1336 4768 sciaml
1374 4708 1540 4768 atque
1587 4697 1710 4753 illos
1745 4697 1884 4752 ﬁlias
1931 4712 2061 4751 suas

2180 4695 2417 4765 ἡμέτερα
2463 4695 2642 4750 πάντα
2681 4695 3040 4766 δεξαμένους,
3073 4699 3168 4753 καὶ
3214 4700 3358 4771 ὀρῶν
3409 4700 3600 4763 αὐτοὺς
3643 4700 3736 4760 τοῖς

479 4795 801 4851 Sarracenis
850 4802 1078 4863 nuptum
1126 4794 1344 4848 elocare
1374 4793 1628 4848 videam:
1671 4792 1846 4845 miror
1873 4800 1928 4844 et
1959 4791 2057 4844 ad-

476 4887 689 4952 dubito,
723 4885 1084 4956 quamobrem
1133 4884 1202 4939 ab
1236 4884 1370 4953 ipsis
1413 4883 1764 4938 antistitibus
1797 4883 1889 4953 qui
1923 4881 2063 4937 divi-

474 4993 674 5032 norum
706 4991 978 5032 canonum
1015 4977 1236 5031 oracula
1261 4975 1360 5048 [et]
1399 4977 1652 5032 sciuutet
1680 4976 1885 5046 legunt,
1917 4977 2059 5030 istud

470 5087 582 5127 non
619 5071 994 5141 prohibeatur.
1023 5071 1295 5136 Quocirca
1331 5071 1432 5126 hoc
1463 5070 1627 5124 etiam
1657 5079 1810 5140 opto,
1836 5080 1895 5125 ut
1923 5086 2057 5126 con-

470 5165 600 5221 silio
636 5173 691 5217 et
721 5164 1049 5218 auctoritate
1089 5163 1283 5232 Optimi
1318 5171 1483 5232 atque
1507 5163 1680 5217 saneti
1712 5163 2062 5233 imperatoris

467 5254 646 5309 nostri
670 5254 998 5322 corrigatur.
1033 5251 1221 5308 Const.
1261 5253 1345 5316 18,
1382 5254 1465 5305 tit.
1503 5251 1559 5315 5,
1595 5253 1691 5307 lib.
1723 5269 1738 5306 l
1792 5254 1918 5309 cod.
1951 5270 2059 5309 non

466 5354 553 5399 est
585 5345 639 5398 in
672 5343 838 5400 Basil.
871 5344 1064 5399 Const.
1106 5358 1236 5398 vero
1279 5343 1332 5409 5,
1394 5344 1476 5398 tit.
1519 5344 1570 5409 1,
1621 5343 1714 5398 lib.
1751 5361 1781 5398 v
1812 5345 1936 5401 cod.
1977 5355 2063 5402 est

467 5453 590 5507 cap.
625 5436 678 5502 2,
716 5439 800 5491 titt
833 5437 886 5499 2,
931 5437 1026 5491 lib.
1061 5453 1230 5490 xxvin
1278 5435 1445 5490 Basil.
1493 5435 1914 5494 Animadvertas
1960 5453 2061 5492 au-

470 5539 580 5586 tem
658 5531 814 5584 illud.
873 5529 1103 5600 Propter
1161 5528 1445 5599 religionis
1494 5529 1894 5596 diversitatem,
1949 5545 2056 5585 non

469 5639 594 5678 eSse
619 5623 868 5676 additum
905 5623 956 5675 in
992 5621 1154 5678 Basil.
1182 5620 1323 5676 Dicit
1347 5621 1491 5675 enim
1523 5621 1558 5675 2
1583 5621 1728 5676 istud
1759 5637 1879 5691 cap.
1908 5623 2056 5677 hac:

472 5717 530 5768 Si
584 5716 780 5768 mulier
837 5731 958 5784 quae
1007 5717 1089 5770 sui
1122 5716 1264 5785 juris
1315 5713 1680 5784 perfccmque
1735 5716 1912 5770 artatis
1949 5724 2056 5786 est,

473 5807 568 5862 ubi
592 5808 790 5864 arrhas
824 5809 1118 5881 acceperit,
1137 5807 1452 5881 coniugium
1486 5814 1701 5864 recuset
1721 5807 1805 5863 :in
1829 5808 2056 5881 duplum

2185 4787 2507 4858 Ἀγαρηνοῖς
2567 4788 2968 4860 ὲκγαμίζοντας
3034 4791 3134 4856 τὰς
3188 4792 3397 4858 οίκείας
3456 4792 3736 4863 θυγατέρας

2172 4879 2556 4950 θαυμάζωκαὶ
2582 4883 2776 4954 ἁπορῶ
2804 4883 2920 4948 πῶς
2944 4885 3096 4957 παρὰ
3114 4885 3224 4939 τῶν
3249 4886 3553 4958 ἀρχιερέων
3577 4884 3737 4938 αὐτῶν

2170 4972 2391 5027 εἰδότων
2438 4974 2534 5027 καὶ
2575 4974 3060 5044 ἀναγινωσκόντων
3090 4977 3158 5032 τὰ
3197 4978 3305 5032 τῶν
3331 4979 3492 5034 θείων
3519 4976 3734 5032 κανόνων

2171 5063 2522 5136 θεσπίσματα
2566 5066 2636 5120 τὰ
2678 5067 2903 5122 τοιαῦτα
2941 5070 3003 5123 οὐ
3035 5069 3357 5125 κωλύονται.
3393 5069 3629 5140 Εὒχομαι
3654 5061 3734 5118 οὖν

2170 5159 2263 5212 καὶ
2296 5158 2456 5213 τοῦτο
2486 5159 2844 5232 διορθωθῆναι
2875 5161 2941 5214 δι’
2969 5162 3136 5234 εὐχῆς
3179 5164 3274 5217 καὶ
3301 5161 3631 5233 ἀντιλήψεως
3652 5156 3732 5212 τοῦ

2169 5252 2466 5322 κρατίστου
2501 5254 2594 5307 καὶ
2628 5254 2782 5322 ἁγίου
2807 5255 2967 5326 ὴμῶν
2992 5254 3498 5329 αὑτοκράτορος.Ἥ
3527 5253 3590 5324 ιη’
3608 5251 3730 5305 διάτ.

2168 5344 2264 5398 τοῦ
2300 5343 2340 5398 ε’
2375 5347 2480 5400 τίτ.
2512 5345 2608 5401 τοῦ
2648 5354 2696 5400 α’
2730 5346 2938 5417 βιϐλίου
2967 5350 3062 5403 τοῦ
3091 5350 3321 5413 κώδικος
3351 5349 3451 5402 οὐκ
3485 5345 3633 5416 ἐτέθη
3665 5345 3733 5406 είς

2167 5435 2238 5490 τὰ
2270 5437 2556 5491 Βασιλικά.
2574 5437 2638 5490 Ἣ
2673 5435 2712 5491 ε’
2745 5437 2886 5492 διάτ.
2915 5438 3012 5492 τοῦ
3036 5438 3085 5494 α’
3106 5441 3212 5496 τίτ.
3239 5439 3332 5495 τοῦ
3364 5438 3404 5492 ε’
3429 5437 3625 5508 βιϐλίου
3647 5431 3728 5485 τοῦ

2166 5525 2418 5593 κώδικος,
2457 5528 2570 5582 ἔστι
2597 5545 2722 5598 κεφ.
2753 5527 2816 5599 β’,
2847 5529 2940 5582 τοῦ
2974 5531 3016 5599 β’
3042 5532 3148 5584 τίτ.
3180 5532 3275 5585 τοῦ
3307 5529 3396 5602 κη’
3426 5529 3619 5601 βιϐλίου
3635 5521 3729 5576 τῶν

2166 5621 2472 5674 Βασιλικῶν
2493 5637 2506 5652 ·
2535 5622 2629 5676 καὶ
2654 5623 3004 5692 πρόσχες·ὃτι
3032 5623 3094 5676 τὸ
3123 5624 3286 5695 ῥητὸν
3314 5621 3542 5692 τὸμέγον
3573 5615 3651 5669 διὰ
3674 5611 3727 5664 τὸ

2163 5714 2263 5783 τῆς
2295 5713 2592 5786 θρησκείας
2620 5714 2878 5788 διάφορον
2912 5715 2973 5769 οὐ
3010 5716 3312 5788 προσετέθη
3338 5717 3418 5779 εἰς
3438 5714 3501 5767 τὰ
3529 5707 3722 5764 Βασιλι-

2165 5805 2270 5879 κᾴ·
2306 5808 2442 5879 φησὶ
2479 5806 2588 5879 γὰρ
2632 5806 2694 5862 τὸ
2723 5805 3036 5879 τοιοῦτονβ¹
3071 5823 3197 5880 κεφ.
3231 5806 3423 5863 ταῦτα·
3461 5801 3578 5857 Ἐὰν
3603 5794 3721 5868 γυνὴ
