3702 6240
50 246 166 312 1165

855 235 1345 299 NOMOCANON.
1389 260 1452 275 --
1494 236 1645 297 TIT.
1680 234 1818 309 XII,
1859 235 2020 297 CAP.
2056 235 2363 297 X-XVIII.

3166 234 3307 301 1166

47 345 331 419 αὐτεξουσία
362 343 577 399 τελείαν
626 342 837 412 ἄγουσα
880 342 982 412 τὴν
1027 341 1245 412 ἠλικίαν
1278 338 1608 412 ἀρραϐῶνας
1635 344 1722 405 Αε

1793 340 1906 394 ἰηιε
1935 338 2172 395 reddito.
2202 338 2260 395 Si
2283 354 2412 396 vero
2436 355 2561 401 cum
2588 343 2766 399 minor
2793 347 2885 413 sit,
2922 347 3138 402 veniam
3168 356 3303 401 aeta-

96 441 277 514 ξαμένη
320 434 637 508 παραιτήσῃ
665 433 758 488 τὸν
787 433 990 502 γάμον,
1024 431 1248 495 διπλοὺς
1292 429 1608 485 ἀντιδιδότω

42 538 150 598 τοὺς
179 526 491 603 ἀρραϐῶνας
511 542 524 555 ·
558 526 606 577 εί
634 523 691 577 δὲ
724 522 819 576 καὶ
843 521 1085 577 ἐλάττων
1115 518 1251 576 οὖσα
1277 520 1609 591 συγγνώμην

44 627 232 702 ἡλικίας
250 619 549 695 ᾔτησεηιαὶ
574 616 904 689 ἀρραϐῶνας
935 615 1096 668 ἔλαϐε
1126 614 1308 679 πάλιν,
1336 613 1396 667 τὸ
1412 612 1608 666 διπλά-

43 738 140 775 σιον
186 710 634 772 ἀναδιδότω.Ἐὰν
679 710 738 764 δὲ
788 710 885 762 καὶ
925 706 1131 780 ἁφήλιξ
1171 708 1286 760 ἐστὶ
1334 708 1427 759 καὶ
1468 704 1607 777 αὐτὴ

43 809 338 881 συγγνώμην
371 804 588 877 ἡλικίας
625 802 725 857 οὐκ
761 801 932 873 ⁴ᾔτησε
959 802 1019 854 τὸ
1054 799 1260 854 ἁπλοῦν
1288 799 1439 870 αὐτῷ
1470 799 1607 869 ὅπερ

40 909 209 963 ἔλαϐεν
252 902 725 973 ἀποκαταστήσει.
762 899 824 952 Εἰ
871 897 928 950 δὲ
974 897 1066 951 καὶ
1116 896 1300 967 πατὴρ
1345 893 1605 966 κόρης,ἦ

41 1003 201 1072 μήτηρ
239 995 563 1068 ἀρραϐῶνας
592 991 783 1045 ἔλαϐον
811 990 953 1059 ὑπὲρ
991 989 1286 1059 θυγατρὸς,
1316 986 1350 1059 ἦ
1380 987 1606 1050 πάππος

37 1093 158 1164 ὑπὲρ
193 1089 415 1159 ὲγγόνης
442 1085 654 1148 τελείας
682 1083 837 1144 ὄντες
869 1080 1087 1153 ἡλικίας
1123 1080 1221 1135 καὶ
1251 1079 1406 1133 αὐτοὶ
1431 1081 1511 1142 εἰς
1544 1075 1606 1130 τὸ

35 1183 287 1239 διπλάσιον
320 1177 761 1250 κατεχέσθωσαν,
798 1175 959 1245 εῐπερ
991 1172 1293 1243 δυνάμενον
1319 1170 1605 1242 ζπροϐἦναι

35 1280 109 1333 τὸν
151 1278 316 1347 γάμον
367 1271 763 1345 παραιτοῦνται
798 1271 1045 1340 ποιῆσαι.
1084 1268 1149 1321 Εί
1178 1266 1235 1319 δὲ
1265 1265 1362 1319 καὶ
1401 1264 1606 1319 ἀνυπό-

36 1388 205 1434 στατος
250 1368 432 1439 μέλλει
482 1368 511 1419 ὁ
554 1364 733 1435 γάμος
782 1358 944 1425 εἶναι,
978 1361 1134 1415 αὐτοὶ
1181 1361 1232 1413 οἱ
1282 1358 1606 1431 ἀρῤαϐὦνες

34 1462 440 1518 ἀναδιδόσθωσαν
464 1458 646 1513 ἁπλοῖ.
675 1459 738 1511 Et
766 1456 823 1509 δὲ
852 1456 926 1527 μὴ
952 1450 1021 1525 ἦν
1048 1453 1427 1517 ἀνυπόστατος
1453 1453 1481 1504 ὁ
1505 1450 1606 1519 γά-

35 1575 118 1628 μος
142 1555 203 1609 δι’
224 1553 445 1623 εὔλογον
473 1552 529 1605 δὲ
560 1551 738 1606 αἰτίαν
768 1549 1137 1621 παραιτεῖται,
1171 1547 1220 1598 εί
1254 1545 1355 1616 μὲν
1382 1544 1604 1615 ᾔδεισαν

32 1652 122 1706 κᾶν
162 1649 261 1721 πρὸ
299 1648 402 1718 τῆς
436 1644 728 1718 μνηστείας
760 1642 860 1713 τὴν
892 1640 1072 1695 αἰτίαν
1101 1640 1318 1702 ἑαυτοῖς
1347 1638 1603 1707 ἐγκαλεί-

1716 433 1787 487 tis
1824 432 2066 503 petierit,
2104 441 2267 503 atque
2292 434 2487 490 arrhas
2519 438 2767 506 ceperit:
2817 454 3040 493 rursum
3079 437 3306 508 duplum

1718 526 1960 581 reddito.
1999 523 2097 581 Sin
2140 526 2324 580 minor
2368 526 2460 593 sit,
2507 542 2609 583 nec
2647 530 2825 585 atatis
2855 530 3073 585 veniam
3108 530 3301 599 petiit:

1721 620 1837 691 ipsa
1879 620 2027 691 quod
2059 620 2223 691 cepit,
2259 620 2516 690 simplum
2551 622 2847 679 restituito.
2898 622 3052 690 Quod
3081 623 3125 678 si
3153 622 3309 690 puel-

1716 714 1781 769 lae
1828 722 2006 785 pater,
2043 724 2134 768 aut
2166 713 2329 768 etiam
2367 722 2545 770 mater
2571 716 2766 771 arrhas
2798 732 2897 787 pro
2938 717 3027 770 illa
3073 714 3305 785 ceperit,

1712 806 1798 861 vel
1842 822 1979 863 avus
2029 822 2129 877 pro
2184 816 2377 876 nepte:
2412 804 2485 878 [si
2529 806 2775 880 quidem]
2833 808 3089 879 perfectae
3123 807 3302 862 aetatis

1726 897 1951 963 fuerint,
1989 898 2089 968 ipsi
2121 914 2342 969 quoque
2381 900 2437 953 in
2472 899 2699 969 duplum
2732 909 3027 955 tenentor:
3061 900 3108 955 si
3140 898 3304 953 modo

1711 1005 1836 1046 cum
1868 992 2289 1046 matrimonium
2342 997 2639 1062 procedere
2671 993 2869 1063 possit,
2921 990 3102 1065 [illud]
3145 1005 3305 1045 recu-

1713 1092 1855 1140 sent.
1896 1084 1966 1139 At
1995 1084 2043 1139 si
2073 1085 2487 1139 matrimonium
2529 1085 2832 1141 consistere
2882 1095 3141 1156 nequeat,
3171 1085 3304 1154 ipsae

1711 1178 1887 1232 arrhae
1903 1176 2111 1247 simplae
2130 1176 2660 1232 redduntor.Verum
2677 1178 2723 1233 si
2742 1193 2867 1233 cum
2886 1177 3302 1232 matrimonium

1709 1269 2015 1325 consistere
2042 1280 2229 1340 queat,
2262 1268 2551 1339 objustam
2586 1267 2688 1341 [id]
2723 1284 2953 1324 causam
2991 1278 3297 1338 recusetur,

1708 1361 1753 1416 si
1782 1360 2003 1431 quidem
2033 1358 2205 1433 [eam]
2255 1374 2478 1415 causam
2527 1369 2654 1414 ante
2679 1359 2958 1429 sponsalia
3012 1359 3294 1428 sciverint,

1708 1453 1814 1523 sjbi
1854 1455 2185 1524 imputanto,
2224 1453 2371 1523 quod
2409 1454 2724 1509 istiusmodi
2770 1469 3034 1524 sponsum
3081 1454 3301 1525 delege-

1708 1550 1857 1603 rint:
1899 1552 1983 1605 sin
2019 1548 2416 1619 ignoraverint,
2448 1559 2546 1605 aut
2588 1557 2715 1619 post
2759 1550 3042 1621 sponsalia
3078 1548 3300 1623 [hujus-

1710 1638 1882 1711 modi]
1906 1656 2074 1696 causa
2106 1656 2250 1711 saepe
2274 1641 2548 1706 inciderit,
2584 1650 2715 1696 tunc
2740 1643 3000 1711 simplum
3032 1643 3298 1699 redditor.

29 1764 185 1800 τωσαν
232 1743 316 1797 διά
366 1759 422 1794 τι
468 1740 561 1794 τὸν
612 1737 856 1791 τοιοῦτον
906 1733 1370 1805 ἐμνηστεύσαντο.
1431 1732 1493 1784 Εἰ
1539 1730 1598 1784 δὲ
1634 1718 1722 1784 Β]

1793 1731 1909 1785 dem
1940 1730 2108 1784 etiam
2144 1732 2212 1786 de
2256 1746 2484 1807 sponso,
2517 1733 2563 1787 si
2598 1734 2879 1802 sponsalia
2930 1734 3292 1799 recusaverit,

28 1839 229 1908 ἠγνόουν
258 1836 289 1905 ἢ
314 1833 580 1896 πολλάκις
616 1830 756 1901 μετὰ
776 1827 875 1900 τὴν
903 1826 1199 1898 μνηστείαν
1232 1826 1265 1896 ἡ
1295 1823 1445 1878 αἰτία
1472 1839 1602 1877 συν-

30 1930 116 2000 έϐη
137 1930 192 1982 τὸ
220 1926 429 1982 ἁπλοῦν
464 1921 823 1980 ἁποδιδόσθω.
858 1920 939 1973 Τά
979 1917 1035 1973 δὲ
1069 1917 1211 1972 αὑτά
1243 1918 1337 1970 καὶ
1374 1915 1472 1970 ἐπὶ
1501 1914 1599 1968 τοῦ

30 2021 311 2091 μνηστῆρος
353 2017 585 2087 λέγομεν
623 2015 722 2086 τὴν
755 2010 1051 2083 μνηστείαν
1079 2007 1595 2081 παραιτησαμένου.

27 2115 90 2168 Τὸ
133 2115 185 2167 δὲ
229 2104 798 2183 τετραπλασιάζεσθαι
853 2104 981 2168 τοὺς
1038 2102 1367 2175 ἀρραϐῶνας
1420 2101 1508 2154 ὅτε
1566 2101 1600 2173 ἡ

30 2207 218 2278 μνηστὴ
242 2206 597 2279 παραιτεῖται
622 2200 800 2271 γάμον
830 2195 926 2251 νῦν
953 2196 1014 2250 οὐ
1046 2197 1261 2266 κρατεῖ,
1294 2195 1342 2247 εί
1377 2193 1453 2266 μὴ
1489 2194 1599 2267 ἄρα

31 2299 189 2361 ἰδικῶς
204 2296 507 2369 αὐτὸ,τοῦτο
528 2312 591 2349 συ
602 2292 888 2365 μφωνηθῇ.
905 2289 1065 2342 Πᾶσα
1080 2288 1136 2341 δὲ
1157 2286 1426 2357 ἀσφάλεια
1445 2286 1599 2358 παρὰ

29 2392 112 2461 τὴν
154 2394 290 2449 διάτ.
334 2390 548 2460 ταύτην
577 2384 839 2459 γινομένη
869 2381 1241 2444 ἀνυπόστατος
1271 2377 1515 2433 ἐστω.Ἡ
1544 2378 1600 2432 δὲ

1707 1823 1961 1879 dicimus.
2020 1822 2188 1878 Plane
2226 1827 2303 1877 uti
2344 1824 2542 1889 arrlne,
2581 1826 2803 1893 quando
2834 1841 3036 1895 sponsa
3086 1840 3301 1881 connu-

1704 1915 1857 1970 bium
1913 1923 2153 1982 recusat,
2208 1916 2670 1986 quadruplcntur,
2708 1932 2854 1971 nunc
2888 1933 2995 1970 non
3049 1917 3295 1974 obtinet:

1703 2019 1856 2065 extra
1883 2025 2048 2079 quam
2091 2000 2138 2065 si
2193 2008 2507 2079 specialiter
2533 2009 2635 2064 hoc
2672 2009 2849 2079 ipsum
2882 2016 3042 2079 pacto
3094 2024 3300 2065 conve-

1709 2101 1873 2156 nerit.
1905 2100 2074 2155 Porro
2106 2100 2253 2154 nulla
2278 2107 2433 2153 extra
2465 2099 2630 2167 hujus
2662 2099 3079 2154 constitutionis
3105 2100 3301 2155 deﬁni-

1707 2194 1911 2251 tionem
1940 2193 2123 2249 cautio
2154 2192 2318 2258 facta,
2349 2192 2653 2248 subsistere
2682 2192 2859 2263 quito.
2888 2190 3077 2248 Const.
3113 2192 3169 2258 6,
3200 2194 3316 2248 tit.‘

1705 2288 1759 2351 9,
1785 2288 1878 2343 lib.
1916 2304 1936 2343 ι
1966 2288 2089 2342 cod.
2140 2296 2227 2342 est
2254 2300 2378 2356 cap.
2411 2286 2501 2351 55,
2548 2287 2631 2340 tit.
2666 2284 2720 2352 1,
2752 2285 2848 2340 lib.
2884 2285 3098 2341 tBasil.
3151 2286 3298 2355 quod

1704 2378 1892 2433 eadem
1920 2378 2073 2433 dicit.

30 2486 73 2552 ς’
96 2486 223 2541 διάτ.
251 2482 347 2539 τοῦ
394 2481 437 2538 θ’
463 2482 571 2536 τίτ.
599 2478 697 2535 τοῦ
722 2476 769 2533 α’
799 2474 1007 2549 βιϐλίου
1035 2472 1130 2528 τοῦ
1174 2471 1406 2536 κώδικος
1426 2511 1441 2537 ,
1469 2471 1585 2525 ἔστι
1628 2487 1755 2541 κεφ.
1782 2469 1864 2540 λγ¹
1892 2469 1988 2525 τοῦ
2019 2477 2068 2525 α’
2103 2471 2211 2526 τίτ.
2249 2470 2346 2525 τοῦ
2374 2468 2421 2525 α’
2484 2469 2693 2542 βιϐλίου
2715 2466 2825 2524 τῶν
2850 2468 3180 2540 Βασιλικῷν,
3203 2473 3299 2529 καί

31 2602 149 2654 φησι
183 2583 249 2637 τὰ
286 2579 451 2636 αὐτά.

60 2703 73 2717 ⁸
92 2701 332 2755 ΚΕΦΑΛ.
359 2695 463 2754 IA'.
487 2727 557 2737 -—
584 2691 721 2762 Περὶ
747 2688 869 2746 τῶν
892 2688 964 2754 ἐξ
992 2686 1307 2756 αἱρετικῶν
1334 2686 1423 2750 εις
1446 2685 1612 2753 ὀρθο-

28 2791 219 2857 δοξίαν
262 2786 779 2858 ἐπιστραφέντων,
815 2783 915 2837 καὶ
963 2782 1017 2835 ει
1055 2778 1320 2834 δυνατὸν
1353 2777 1611 2842 τούτους

29 2883 383 2952 κληροῦσθαι
406 2922 421 2946 ,
457 2880 556 2934 καὶ
594 2878 758 2941 τίνες
796 2870 997 2928 αὐτῶν
1039 2869 1437 2937 ,ϐαπτίζονται
1459 2910 1474 2935 ,
1509 2865 1611 2921 καὶ

1775 2681 1930 2738 CAP.
1962 2679 2105 2736 XIV.
2137 2710 2211 2722 ——
2241 2680 2317 2737 De
2338 2681 2601 2738 hcereticis
2638 2684 2708 2737 ad
2751 2694 2947 2741 rectam
2981 2686 3144 2758 ﬁdem
3170 2702 3299 2743 con-

1702 2778 1887 2843 versis,
1916 2785 1987 2839 et,
2023 2793 2095 2831 an
2116 2776 2171 2830 Iti
2206 2777 2263 2830 in
2292 2776 2493 2831 clerum
2526 2776 2687 2849 allegi
2709 2780 2935 2848 possint,
2971 2790 3045 2844 et,
3078 2781 3298 2851 quinam

1702 2868 1923 2923 illorum
1958 2868 2317 2936 baptizentur,
2369 2869 2590 2938 quinam
2636 2887 2756 2924 vero
2790 2871 3058 2927 duntaxat
3086 2890 3299 2944 angan-

28 2975 170 3040 τίνες
201 2975 397 3043 μόνον
425 2972 723 3043 χρίονται,
756 2967 860 3022 καὶ
896 2966 985 3020 ὅτι
1016 2962 1219 3033 πράως
1248 2961 1345 3015 δεῖ
1367 2960 1605 3028 τοῐςαί-
1631 2967 1678 3024 C
1715 2975 1722 3015 ι

1793 2978 1823 3024 -,
1851 2970 1921 3025 et,
1959 2963 2096 3032 quod
2123 2961 2338 3033 benigne
2369 2978 2486 3015 cum
2525 2963 2791 3019 haereticis
2826 2966 2915 3035 agi
2944 2975 3208 3036 oporteat,
3243 2976 3302 3021 ut

20 3066 255 3134 ρετικοῖς
271 3066 363 3138 μὴ
392 3062 722 3135 κεχρῆσθαι
761 3060 861 3115 διὰ
895 3058 962 3114 τὸ
992 3057 1464 3126 ἐπιστρέφεσθαι
1492 3058 1601 3111 αὺ-

29 3162 174 3229 τούς.

89 3274 303 3329 Συνόδου
335 3271 577 3337 Νικαίας
603 3270 787 3327 κανὼν
808 3267 880 3341 η’,
910 3266 973 3322 ιϐ’
994 3284 1008 3299 ο
1048 3264 1268 3321 συνόδου
1290 3264 1609 3328 Λαοδικείας

29 3367 193 3421 κανὼν
226 3364 302 3439 ei"
326 3385 346 3401 ο
384 3367 606 3421 συνόδου
648 3360 1277 3423 Κωνσταντινουπόλεως
1312 3356 1493 3411 κανὼν
1524 3355 1569 3421 ζ’
1591 3372 1606 3387 ·

29 3459 231 3513 συνόδου
266 3458 672 3530 Καρθαγέννης
718 3452 902 3508 κανὼν
948 3451 1057 3524 μζ,
1100 3449 1199 3517 νζ¹,
1237 3447 1355 3517 ξς’·
1391 3446 1611 3502 συνόδου

33 3546 98 3619 ς’,
124 3552 294 3606 κανὼν
321 3550 409 3620 ιτε⁹
430 3567 443 3579 ·
490 3548 772 3603 Βασιλείου
799 3545 979 3601 κανὼν
1004 3543 1072 3612 α’,
1109 3542 1194 3616 μζ¹
1211 3561 1226 3576 ο
1260 3542 1520 3611 Θεοφίλου
1548 3542 1614 3595 ὲκ

25 3646 112 3714 τῆς
160 3646 294 3717 πρὸς
326 3646 631 3715 Ἀφύγγιον
684 3641 983 3695 ἐπίσκοπον
1030 3636 1344 3705 ἐπιστολῆς.
1370 3635 1438 3688 Ἦ
1474 3633 1615 3688 κατὰ

26 3738 328 3808 Κυπριανὸν
386 3737 603 3800 σύνοδος
644 3737 824 3790 πάντα
853 3732 1126 3804 αἱρετικὸν
1178 3729 1478 3803 ἐρχόμενον
1532 3727 1614 3791 είς

24 3830 317 3900 ὀρθοδοξίαν
355 3831 532 3903 ὁρίζει
564 3827 945 3899 βαπτίζεσθαι,
972 3826 1209 3894 λέγουσα
1237 3826 1298 3877 τὸ
1321 3823 1432 3876 τῶν
1457 3822 1613 3892 αἱρε-

30 3926 185 3981 τικῶν
219 3929 293 3998 μὴ
326 3922 481 3980 εἶναι
511 3923 817 3995 βάπτισμα.

1516 3991 1609 4008 ωλι

28 4134 54 4182 ε’
91 4100 341 4193 ΚΕΦᾹΛ.
364 4133 697 4201 ῙΕ’.--Περὶ
727 4130 836 4186 τοῦ
861 4126 1015 4199 μήτε
1042 4128 1440 4191 ἐπισκόπους,
1461 4123 1617 4194 μήτε

30 4234 344 4301 κληρικοὺς
392 4230 731 4301 δωρεῖσθαι,
774 4227 813 4296 ἢ
858 4226 928 4280 ἐν
973 4223 1241 4278 διαθέσει
1289 4219 1523 4275 διδόναι
1563 4230 1617 4273 τι

28 4327 353 4395 αἱρετικοῐς,
386 4321 504 4380 κᾶν
524 4314 909 4393 ὼινζαὺτῶν
935 4313 1273 4387 συγγενεῖς.

94 4442 318 4496 Συνόδου
367 4437 765 4511 Καρῦαγέννης
795 4432 977 4488 κανὼν
1008 4429 1113 4500 κγ’,
1153 4434 1265 4482 πα¹.
1318 4423 1615 4494 ’Λνάγνωθι

31 4534 94 4586 τὰ
117 4531 592 4606 προγεγραμμένα
621 4530 678 4582 ὲν
706 4527 786 4600 τῷ
814 4525 864 4599 η’
887 4542 1015 4594 κεφ.
1040 4521 1134 4577 τοῦ
1161 4519 1192 4573 ι’
1214 4519 1320 4574 τίτ.
1352 4518 1447 4572 τοῦ
1475 4530 1618 4589 παρ-

31 4627 174 4691 όντος
207 4625 613 4695 συντάγματος.

98 4721 349 4775 ΚΕΦΑΛ.
374 4714 495 4787 IG”.
523 4746 593 4757 —
616 4713 759 4783 Περὶ
797 4708 1110 4782 αἱρετικῶν
1139 4704 1617 4778 μετανοούντων.

96 4813 379 4868 Βασιλείου
412 4808 588 4865 κανὼν
615 4807 676 4863 ε’.
694 4802 993 4874 Ἀνάγνωθι
1015 4803 1083 4857 τὰ
1099 4800 1535 4874 παραγραφέντα
1562 4800 1622 4855 ὲν

31 4906 104 4978 τῷ
130 4906 205 4960 λθ¹
233 4925 365 4977 κεφ.
399 4903 493 4959 τοῦ
526 4901 568 4957 θ’
599 4902 706 4956 τίτ.
741 4899 835 4954 τοῦ
868 4898 1137 4970 παρόντος
1169 4897 1571 4968 συντάγματος.

95 5051 353 5104 ΚΕΦΑΛ.
388 5045 489 5103 ῙΖ⁹.
512 5076 585 5088 --
625 5043 759 5112 Πῶς
804 5041 1156 5098 ἐκδικοῦσιν
1203 5042 1256 5093 οὶ
1303 5038 1625 5093 ἐπίσκοποι

1714 3059 2110 3106 convertantur.

1783 3254 2013 3311 Concilii
2043 3254 2247 3310 Nicaeni
2281 3270 2459 3313 canon
2494 3256 2549 3321 8,
2590 3252 2689 3323 i9;
2744 3255 2964 3313 concilii
3008 3257 3304 3314 Laodiceni

1713 3363 1892 3404 canon
1935 3348 2044 3417 68;
2093 3350 2315 3405 c0ncilii
2360 3348 2965 3419 Constantinopolitani
3014 3366 3194 3407 canon
3236 3351 3303 3419 7;

1714 3442 1933 3498 concilii
1976 3441 2427 3514 Carthaginensis
2479 3458 2654 3499 canon
2680 3443 2772 3509 47,
2801 3444 2894 3507 57,
2935 3444 3043 3511 66;
3089 3446 3306 3500 concilii

1715 3536 1856 3591 sexti
1896 3552 2073 3593 canon
2102 3537 2202 3602 95;
2242 3535 2431 3591 Basilii
2481 3549 2657 3591 canon
2691 3536 2747 3599 1,
2776 3536 2883 3603 47;
2919 3534 3206 3606 Theophili
3239 3553 3309 3593 ex

1715 3630 1946 3701 epistola
1977 3630 2045 3686 ad
2078 3630 2432 3702 Aphyngium
2487 3629 2831 3699 episc0pum.
2867 3629 3176 3685 Concilium
3203 3629 3310 3699 Cy-

1716 3724 1894 3793 priani
1941 3721 2321 3796 [temporibus
2376 3719 2666 3793 habitum]
2728 3722 2920 3776 statuit
2966 3731 3026 3777 ut
3073 3723 3310 3793 quicun-

1716 3830 1826 3885 que
1867 3814 2157 3871 haereticus
2226 3814 2297 3869 ad
2341 3822 2551 3869 rectam
2590 3812 2753 3868 ﬁdem
2798 3813 3019 3868 devenit
3066 3815 3309 3884 baptize-

1720 3914 1848 3961 tur:
1880 3906 2261 3962 hatreticorum
2309 3903 2620 3978 [lotionem]
2660 3918 2774 3959 non
2810 3920 2933 3961 esse
2972 3906 3308 3977 baptismum

1718 4000 1929 4056 dicens.

1790 4114 1948 4173 CAP.
1992 4115 2111 4172 XV.
2152 4146 2220 4155 —
2268 4115 2353 4171 Ne
2399 4116 2632 4184 episcopi
2677 4123 2769 4168 aut
2810 4114 2993 4168 clerici
3045 4114 3309 4169 Ita'reticis

1722 4206 2041 4282 [quidpiam]
2086 4209 2301 4277 donent,
2333 4219 2427 4263 aut
2472 4210 2530 4262 in
2564 4207 2889 4263 testamentis
2918 4206 3075 4271 dent,
3119 4215 3311 4262 tamet-

1650 4336 1695 4390 Β
1722 4302 1769 4355 si
1795 4303 2032 4371 ipsorum
2063 4303 2277 4373 cognati
2304 4302 2433 4356 sint.

1794 4416 2024 4471 Concilii
2062 4415 2510 4487 (larthaginensis
2541 4430 2716 4471 canon
2747 4414 2839 4481 23,
2872 4414 2962 4474 8|.
3017 4413 3158 4487 Lege
3190 4431 3315 4486 quae

1722 4520 1987 4567 annotata
2030 4519 2160 4567 sunt
2219 4506 2273 4565 in
2302 4525 2425 4580 cap.
2463 4509 2517 4575 8,
2551 4511 2635 4566 tit.
2683 4510 2750 4565 10
2780 4509 3067 4581 praesentis
3108 4512 3312 4580 Operis.

1795 4695 1948 4753 CAP.
1980 4692 2122 4749 XVI.
2148 4725 2216 4734 —
2246 4693 2322 4748 De
2343 4694 2607 4749 haereticis
2629 4689 2989 4761 pmnitentiam
3012 4691 3313 4763 agentibus.

1798 4787 1984 4842 Basilii
2016 4800 2193 4840 canon
2217 4782 2270 4838 5.
2298 4783 2439 4854 Lege
2461 4798 2584 4854 quae
2604 4783 2657 4837 in
2686 4783 2970 4854 prwscntis
2987 4780 3170 4852 cperis
3192 4794 3312 4849 cap.

1725 4878 1817 4947 ’59,
1853 4878 1936 4933 tit.
1966 4877 2021 4944 9,
2054 4885 2317 4931 annotata
2348 4885 2476 4931 sunt

1803 5012 1957 5069 CAP.
1989 5009 2510 5076 XVll.—Quomodo
2539 5008 2769 5079 episcopi
2796 5023 2914 5078 qua:
2941 5006 3069 5075 ipsis
3114 5020 3321 5074 compe-

33 5140 171 5209 τοὺς
193 5141 561 5213 ἁρμόζοντας
592 5097 801 5206 αὐτοῖς
826 5137 1074 5203 τόπους,
1115 5135 1273 5204 παρὰ
1315 5131 1627 5203 αΙρετικῶν

1793 5117 1879 5175 nt,
1910 5107 2001 5162 sed
2026 5110 2092 5161 ab
2123 5105 2386 5161 Inereticis
2417 5103 2742 5166 detinentur,
2790 5099 2905 5154 toea
2936 5097 3222 5154 vindicent.

36 5231 497 5305 κατεχομένους.

88 5327 333 5380 Συνόδου
376 5324 771 5398 Καρθαγέννκης
822 5319 1006 5376 κανὼν
1053 5317 1511 5392 ρκα’.Ἀνάγνωθι
1559 5316 1629 5371 τὰ

38 5420 473 5492 παραγραφέντα
503 5421 560 5474 ὲν
591 5418 670 5490 τῷ
694 5416 725 5471 ι’
753 5434 881 5487 κεφ.
914 5414 1010 5468 τοῦ
1031 5412 1204 5486 η’ίτίτ.
1235 5411 1332 5466 τοῦ
1358 5410 1630 5482 παρόντος

41 5511 446 5588 συντάγματος..

1812 5307 2047 5366 Concilii
2088 5301 2542 5375 Carthaginensis
2603 5314 2782 5356 canon
2821 5298 2943 5353 121.
3008 5297 3153 5369 Lege
3202 5312 3325 5368 quae

1731 5408 1994 5459 annotata
2038 5408 2167 5455 sunt
2212 5398 2267 5452 in
2295 5394 2363 5449 10
2417 5408 2540 5464 cap.
2573 5393 2656 5446 tit.
2708 5390 2742 5445 8
2777 5390 3062 5461 praesentis
3120 5390 3324 5460 operis.

104 5578 362 5655 ΚΕΦᾸΛ.
395 5582 575 5657 ΙΙᾸΙἏ-
590 5599 732 5670 Περὶ
761 5599 883 5654 τῶν
905 5594 1281 5669 πειρωμένων
1303 5592 1529 5650 ἀθετεῖν
1559 5593 1632 5646 τὰ

1793 5590 1967 5648 CAP.
2004 5585 2290 5644 XVlll.—-
2324 5583 2408 5637 De
2439 5581 2504 5636 iis
2556 5581 2647 5651 qui
2704 5578 2986 5647 reprobare
3041 5585 3324 5646 conantur,

42 5693 111 5747 ἐν
147 5694 385 5765 Ἐφέσῳ
417 5694 775 5766 πραχθέντα.

859 5767 864 5771 “
920 5754 958 5789 ’τ-
1046 5782 1095 5789 ,-.,
1139 5774 1173 5789 ,ι
1402 5766 1481 5783 ιιι-Δ

1745 5701 1862 5756 quae
1886 5682 2078 5753 Ephesi
2102 5691 2235 5757 acta
2261 5686 2405 5731 sunt.
