3928 6246
389 253 523 319 1107

449 364 681 419 Cnncilii
722 362 981 434 Ephesini
1011 377 1187 417 canon
1220 361 1273 415 6.
1323 358 1462 432 Lege
1514 376 1633 433 qua:
1680 362 1735 417 in
1772 376 1893 431 cap.
1932 361 1967 415 ὅ
1993 370 2045 430 Α

375 437 664 530 praesentis
704 458 842 513 tituli
886 465 1015 513 sunt
1043 463 1325 511 anuotata.

1681 831 2087 917 ΤΙΤΛΟΣ

1552 250 1819 314 ΡΗΟΤΙΙ
1858 246 2368 313 PATRIARCH/E
2406 248 2496 309 CP

3527 236 3675 303 1163

2142 359 2370 413 Συνόδου
2407 357 2633 427 Ἐφέσου
2663 354 2843 410 κανὼν
2877 354 3267 425 ς’.’Ᾱνάγνωοι
3310 353 3381 408 τὰ
3426 368 3678 425 παραγε-

2083 450 2379 524 γραμμένα
2413 452 2470 504 ἐν
2502 449 2577 520 τῷ
2606 456 2653 520 γ’
2682 466 2809 519 κεφ.
2841 449 2936 503 τοῦ
2972 450 3238 522 παρόντος
3268 448 3376 503 τίτ.

2183 825 2349 917 ΙΓ’.

1803 1019 1965 1072 ΠΕΡΙ
2005 1019 2288 1073 ΛΑΙΚΩΝ.

1641 1354 2111 1433 TITULUS
2201 1355 2426 1434 XIII.

1792 1544 1899 1604 DE
1956 1540 2235 1603 LAICIS.

450 1840 603 1932 CAP.
630 1872 925 1928 pnmuu.
955 1903 1023 1914 —
1054 1872 1123 1927 Ut
1162 1873 1253 1943 qui
1287 1872 1481 1939 laicus,
1520 1871 1692 1925 tribus
1727 1867 1949 1923 Domini

2145 1860 2547 1920 ΚΕΦΑΛΑῘΟΝ
2594 1857 2674 1918 A'.
2698 1889 2771 1902 —
2803 1860 2943 1931 Περὶ
2978 1860 3087 1917 τοῦ
3117 1860 3539 1918 ἀποκινεῖσθαι
3565 1864 3677 1919 τὸν

377 1969 452 2023 cis
503 1969 687 2021 diebus
742 1968 796 2021 in
830 1967 1041 2021 civitate
1094 1968 1287 2036 degens
1321 2007 1336 2031 ,
1406 1966 1466 2018 in
1532 1964 1810 2019 ecclesiam
1865 1977 1949 2017 nat

2072 1960 2290 2016 nam.»
2318 1956 2427 2026 τῆς
2481 1956 2657 2026 ἁγίας
2692 1956 3008 2021 κοινωνίας
3034 1954 3133 2008 ἐπὶ
3173 1955 3331 2023 τρεῖς
3375 1957 3675 2025 κυριακὰς

377 2060 698 2124 convenerit,
728 2080 759 2114 ιι
787 2071 983 2114 sancta
1016 2058 1381 2113 communione
1407 2066 1760 2112 removeatur.

376 2240 401 2261 ρ
442 2261 673 2318 Concilii
694 2260 1035 2316 Sardicensis
1052 2259 1268 2327 eam“;
1285 2255 1505 2314 concilii
1524 2256 1663 2312 sexti
1680 2268 1855 2311 canon
1876 2254 1965 2311 80.

444 2375 598 2431 CAP.
632 2376 695 2430 ll.
742 2406 813 2415 —-
849 2374 920 2428 De
964 2375 1116 2428 laicis
1156 2374 1350 2428 iterum
1396 2373 1648 2441 stepiusve
1685 2372 1967 2426 matrimo-

373 2467 521 2521 nium
568 2464 1018 2531 contrahentibus,
1058 2473 1106 2518 et
1134 2464 1309 2518 vetitis
1344 2464 1567 2533 nuptiis,
1620 2479 1684 2517 ac
1741 2462 1963 2517 commi-

370 2559 561 2613 stione.

440 2664 826 2734 Apostolorum
884 2677 1059 2718 canon
1118 2660 1220 2727 i9,
1264 2660 1361 2728 48;
1414 2660 1632 2717 concilii
1683 2659 1961 2732 Ancyraui

368 2772 548 2814 canon
584 2755 1062 2820 16,,17;concilii
1097 2753 1560 2810 Neocresarieusis
1606 2769 1783 2809 canon
1828 2754 1883 2820 2,
1906 2755 1960 2820 5,

367 2849 424 2914 4,
458 2851 524 2915 7;
575 2846 793 2903 concilii
826 2846 1118 2901 Laodiceni
1158 2861 1333 2900 canon
1371 2845 1420 2913 l,
1474 2844 1556 2909 10,
1583 2846 1641 2900 ’51
1674 2863 1690 2913 ;
1732 2846 1950 2900 c0ncilii

367 2939 831 2996 Chalcedonensis
893 2954 1067 2992 canon
1129 2938 1245 3003 16;
1316 2938 1537 2992 concilii
1582 2939 1721 2993 sexti
1780 2954 1957 2993 canon

370 3032 462 3095 53,
502 3033 591 3096 54,
626 3033 717 3095 72,
755 3033 858 3097 98;
892 3030 1279 3086 Basiliicanon
1300 3031 1353 3094 4,
1387 3032 1472 3095 18,
1508 3032 1597 3097 25,
1625 3031 1716 3097 24,
1748 3031 1840 3097 41,
1868 3032 1958 3099 50,

2072 2055 2145 2109 ἐν
2184 2053 2361 2107 πόλει
2401 2048 2706 2120 διάγοντα,
2753 2050 2852 2103 καί
2898 2046 2986 2117 μὴ
3032 2050 3413 2104 συνελθόντα
3458 2048 3541 2119 τῇ
3567 2049 3670 2103 ὲκ-

2072 2143 2320 2212 πλησία.

2142 2251 2374 2306 Συνόδου
2401 2250 2673 2323 Σαρδικῆς
2695 2248 2877 2303 κανὼν
2903 2245 2973 2304 ια’
2992 2265 3007 2280 ο
3039 2249 3261 2304 συνόδου
3281 2247 3357 2318 ς’,
3384 2247 3571 2304 κανὼν
3590 2248 3668 2305 π’.

2141 2363 2394 2417 ΚΕίιιΑΛ.
2420 2360 2498 2421 Β’.
2528 2386 2597 2401 -δ
2620 2361 2762 2429 Περὶ
2787 2360 3018 2416 λαϊκῶν
3040 2360 3669 2433 δευτείογαμούντων,

2068 2455 2107 2525 ἢ
2139 2454 2676 2526 πολυγαμούντων,
2702 2453 2804 2512 καὶ
2834 2454 3269 2525 κεκωλυμένων
3303 2455 3534 2527 γάμων,
3564 2457 3668 2511 καὶ

2064 2547 2308 2618 μίξεως.
3752 2546 3756 2547 ν

2150 2658 2489 2712 Ἀποστόλων
2534 2656 2718 2713 κανὼν
2768 2655 2858 2724 ιϐ’,
2917 2656 3041 2730 μη”
3093 2659 3315 2713 συνόδου
3382 2659 3667 2732 Ἀγκύρας

2067 2752 2251 2808 κανὼν
2286 2751 2385 2818 ις’,
2422 2752 2509 2818 ιζ’·
2550 2753 2773 2807 συνόδου
2811 2754 3245 2824 Νεοκαισαρείας
3269 2753 3453 2808 κανὼν
3486 2753 3553 2825 β’,
3587 2754 3663 2824 γ’,

2066 2842 2133 2909 δ’,
2161 2842 2207 2909 ζ’
2227 2860 2239 2874 ·
2276 2844 2495 2898 συνόδου
2516 2844 2841 2907 Λαοδικείας
2872 2845 3051 2897 κανὼν
3073 2842 3145 2913 α’,
3184 2843 3239 2911 ι’,
3268 2843 3352 2899 λα’
3383 2864 3395 2875 υ
3431 2846 3661 2899 συνόδου

2070 2935 2413 3004 Χαλκηδόνος
2439 2934 2617 2988 κανὼν
2635 2933 2731 3000 ις’·
2762 2935 2981 2989 συνόδου
3007 2933 3085 3000 ς’,
3104 2936 3283 2990 κανὼν
3311 2936 3411 3006 νγ’,
3443 2936 3536 3002 νδ’,
3558 2936 3661 3008 οβ’,

2067 3042 2142 3090 ςη
2168 3042 2180 3054 ·
2204 3026 2482 3080 Βασιλείου
2507 3026 2687 3080 κανὼν
2713 3026 2776 3090 δ’,
2811 3025 2903 3098 ιη’,
2933 3025 3018 3098 κγ’
3050 3026 3147 3091 κδ’,
3185 3025 3295 3099 μα’,
3320 3026 3386 3095 ν’,
3416 3027 3517 3098 vf,
3546 3028 3662 3095 ξς’.

382 3121 474 3187 55,
509 3122 599 3187 66,
632 3122 723 3187 67,
757 3122 846 3186 75,
874 3121 964 3188 76,
990 3121 1081 3187 78,
1119 3120 1204 3185 79,
1243 3120 1343 3188 80;
1367 3121 1611 3190 ejusdem
1646 3138 1712 3176 ex
1728 3123 1949 3190 epistola

2069 3117 2160 3186 ἓξ,
2191 3116 2293 3187 ξη’,
2327 3116 2418 3185 σε’,
2449 3117 2558 3185 ος·’,
2590 3117 2691 3189 (ιη’,
2724 3116 2822 3184 οϐ’,
2854 3117 2939 3172 π’·
2975 3120 3069 3173 τοῦ
3104 3118 3270 3173 αὑτοῦ
3295 3121 3359 3174 ὲκ
3382 3120 3480 3190 τῆς
3518 3122 3665 3193 πρὸς

364 3214 434 3268 ad
467 3212 786 3283 Diodorum;
820 3212 1107 3283 The0phili
1153 3228 1219 3268 ex
1279 3213 1512 3284 cpistola
1553 3214 1621 3269 ad
1662 3214 1949 3285 Agathium

2069 3210 2332 3280 Διόδωρον
2361 3210 2674 3279 ἐπιστολῆς,
2719 3209 2984 3281 Θεοφίλου
3026 3210 3465 3282 ἀρχιεπισκόπου
3499 3210 3665 3265 Ἀλε-

360 3307 706 3379 episcopum,
796 3362 801 3369 ,

356 3502 370 3510 ’
435 3511 652 3567 Tactus.
686 3512 874 3567 Civilis
900 3512 984 3568 lex
1017 3512 1212 3567 iterum
1248 3512 1681 3580 sa°piusve,etc.,
1703 3530 1865 3584 usque
1881 3518 1951 3569 ad

362 3602 560 3677 digest.
590 3604 681 3669 '58,
718 3604 807 3668 51,
835 3603 924 3669 55,
949 3603 1039 3669 67,
1082 3612 1141 3656 ut
1180 3620 1302 3672 pag.
1333 3602 1459 3657 902.

376 3834 379 3835 ν
432 3807 730 3864 Scholium.
761 3807 868 3862 Tit.
926 3807 980 3872 9,
1028 3808 1125 3863 lib.
1176 3824 1209 3862 ν
1241 3809 1389 3876 cod.,
1444 3826 1552 3865 non
1595 3820 1681 3865 est
1734 3811 1949 3881 positus

358 3902 413 3956 in
437 3899 604 3955 Basil.
629 3898 852 3953 Novella
875 3899 940 3953 de
974 3900 1202 3971 nuptiis,
1222 3909 1306 3956 est
1350 3902 1566 3956 novella
1598 3901 1947 3971 imperatoris

355 3992 653 4050 Iustiniani
671 3991 763 4056 22,
780 3993 954 4062 posita
980 3990 1108 4064 [que
1124 3992 1231 4065 est]
1254 3993 1307 4047 in
1340 3993 1432 4048 lib.
1453 3992 1616 4048 Basil.
1641 4009 1836 4058 xxvm,
1856 3994 1943 4048 tit.

358 4089 449 4143 14.
490 4101 609 4156 cap.
634 4103 673 4152 ι,
706 4084 816 4158 [ac]
839 4085 995 4155 jubet
1030 4100 1374 4155 quaecunque
1403 4086 1791 4156 compendiose
1815 4096 1945 4141 sunt

359 4178 660 4248 proposita.
698 4176 873 4247 Legas
912 4187 1092 4232 autem
1134 4187 1303 4233 totum
1334 4178 1486 4233 illum
1515 4178 1581 4232 M
1614 4178 1697 4234 tit.
1737 4178 1811 4233 28
1843 4179 1940 4234 lib.

356 4268 441 4342 [ut
461 4270 553 4339 qui
573 4267 649 4341 et]
674 4268 910 4323 maxime
925 4269 1271 4325 necessarius
1292 4269 1451 4333 sit,et
1468 4269 1535 4325 de
1552 4269 1684 4325 viris
1700 4270 1944 4325 mulieri-

353 4362 573 4432 busque
605 4362 827 4432 nuptias
856 4362 1184 4417 iterantibus
1214 4362 1382 4416 multa
1411 4377 1643 4417 summm
1682 4361 1944 4417 utilitatis

351 4455 565 4511 doceat.
617 4454 821 4526 Digest.
876 4455 939 4510 10
962 4465 1014 4509 ct
1063 4453 1152 4519 11,
1182 4455 1264 4509 tit.
1313 4455 1367 4521 2,
1409 4456 1525 4523 ξΙίι).
1564 4472 1647 4521 ιιι,
1680 4455 1815 4527 dig.,
1859 4466 1942 4511 est

351 4544 448 4599 lib.
485 4544 652 4600 Basil.
686 4560 801 4607 xxx,
838 4542 997 4603 tit.2,
1040 4558 1163 4614 cap.
1216 4543 1302 4610 10,
1325 4544 1467 4613 quod
1526 4545 1601 4597 ita
1632 4544 1808 4599 diett:
1860 4543 1937 4600 Ex

2064 3301 2345 3373 ξανδρείας
2402 3305 2467 3357 ἐκ
2514 3303 2614 3370 τῆς
2666 3302 2806 3374 πρὸς
2876 3302 3129 3372 Ἀγάθιον
3178 3303 3478 3358 ἐπίσκοπον
3533 3306 3664 3359 ἐπι-

2062 3396 2278 3464 στολῆς.

2130 3505 2440 3572 Κείμενον.
2473 3504 2541 3590 "0
2570 3503 2842 3567 πολιτικὸς
2878 3502 3041 3574 νόμος
3073 3503 3135 3557 οὐ
3158 3504 3377 3569 κολάζει
3406 3505 3503 3579 τὴν
3528 3507 3660 3560 δευ-

2052 3598 2414 3668 τερογαμίαν,
2440 3597 2471 3667 ἢ
2503 3596 2955 3667 πολυγαμίανάκ.
2974 3615 3025 3651 τ.
3053 3596 3127 3664 λ.,
3150 3613 3327 3668 usque
3354 3597 3423 3653 ad
3451 3601 3546 3653 καὶ
3572 3598 3664 3671 βι-

2054 3690 2201 3744 ϐλίον
2250 3687 2355 3759 κγ’,
2394 3689 2501 3744 τίτ.
2556 3688 2625 3762 β’,
2674 3691 2815 3746 διάτ.
2849 3689 2953 3763 λη’,
2995 3689 3074 3746 να⁹
3107 3689 3204 3759 νε’,
3255 3690 3353 3757 EC.

2116 3806 2395 3874 Σχόλιον.
2445 3805 2506 3859 Ὀ
2561 3805 2610 3859 0t
2668 3805 2775 3862 τίτ.
2809 3806 2900 3861 τοῦ
2930 3804 2972 3859 ε’
3016 3806 3225 3878 βιϐλίου
3273 3808 3370 3863 τοῦ
3415 3807 3658 3873 κώδικος

2055 3897 2157 3950 οὐκ
2182 3898 2339 3968 ἐτέθη
2379 3899 2458 3961 εἰς
2489 3896 2558 3950 τὰ
2589 3898 2877 3953 Βασιλικά.
2920 3898 2986 3952 Ἠ
3015 3898 3073 3952 δὲ
3099 3899 3232 3972 περὶ
3255 3899 3451 3971 γάμων
3474 3900 3659 3969 νεαρά

2056 3992 2174 4045 ἐστι
2203 3990 2298 4045 τοῦ
2339 3991 2614 4055 Βασιλέως
2656 3992 3037 4048 Ἰουστινιανοῦ
3071 3991 3242 4064 νεαρὰ
3273 3990 3387 4063 κβ’,
3414 3992 3657 4065 κειμένη

2054 4084 2113 4138 ἐν
2146 4082 2337 4154 βιϐλίῳ
2367 4083 2476 4136 τῶν
2519 4082 2826 4141 Βασιλικῶν
2865 4083 2972 4155 κη’,
3012 4085 3119 4139 τίτ.
3152 4082 3235 4149 ιδ’,
3265 4101 3392 4154 κεφ.
3429 4081 3497 4138 α’.
3536 4102 3655 4138 πα-

2056 4174 2467 4249 ρακελευομένη
2504 4175 2607 4229 ὅσα
2646 4178 2727 4240 είς
2775 4176 2838 4230 τὸ
2883 4176 3140 4246 κείμενον
3202 4175 3653 4248 συνωψίσθησαν.

2052 4269 2164 4322 Καὶ
2199 4268 2473 4337 ἀνάγνωθι
2519 4268 2611 4322 τὸν
2652 4269 2773 4323 ὅλον
2807 4269 3046 4324 τοιοῦτον
3086 4268 3147 4324 ιδ’
3176 4268 3283 4323 τίτ.
3319 4269 3413 4322 τοῦ
3441 4267 3526 4342 κη’
3563 4268 3655 4339 βι-

2052 4361 2205 4415 ϐλίου
2273 4361 2706 4429 ἀναγκαιότατον
2751 4362 2904 4428 ὄντα,
2958 4362 3054 4416 καὶ
3098 4361 3271 4417 πολλὰ
3322 4360 3656 4416 διδάσκοντα

2051 4450 2449 4524 χρησιμώτατα
2488 4453 2650 4524 χάριν
2684 4451 3233 4525 δευτερογαμούντων
3266 4452 3499 4525 ἀνδρῶν,
3547 4455 3654 4508 καὶ

2049 4543 2349 4612 γυναικῶν.
2406 4544 2479 4599 Τὸ
2515 4542 2567 4609 ι’,
2593 4547 2688 4600 καλ⁴
2728 4543 2795 4599 ια’
2824 4545 2967 4600 διάτ.
2994 4546 3090 4600 τοῦ
3125 4545 3169 4618 β’
3209 4545 3315 4600 τίτ.
3348 4544 3443 4599 τοῦ
3473 4544 3524 4614 γ’
3557 4546 3655 4616 βι-

349 4637 633 4709 principis
672 4636 829 4708 jussu
866 4635 1229 4691 mulieriutra
1249 4636 1431 4691 luctus
1471 4644 1690 4707 tempus
1723 4637 1940 4707 nuptias

2069 4606 2206 4692 δλίου
2237 4639 2345 4693 τῶν
2369 4606 2689 4705 διατάξεων,
2721 4638 2839 4693 ἔστι
2868 4639 2966 4694 τοῦ
2997 4637 3085 4693 κα’
3107 4606 3314 4710 βιϐλίου
3339 4638 3449 4692 τῶν
3484 4606 3657 4691 bact-

349 4734 552 4786 iterare
584 4738 801 4800 potest;
831 4737 885 4783 et
906 4743 1025 4797 cap.
1054 4725 1141 4794 ﬂ,
1161 4728 1342 4781 thema
1362 4727 1417 4794 2,
1438 4727 1583 4797 quod
1614 4728 1757 4783 circa
1782 4725 1940 4783 ﬁnem

353 4824 435 4879 sic
469 4823 635 4878 habet
676 4840 689 4876 :
730 4820 864 4887 Quae
913 4833 1047 4874 vero
1078 4817 1132 4872 in
1180 4818 1398 4889 lugubri
1469 4816 1660 4891 [armo]
1709 4819 1937 4890 peperit.

347 4916 534 4972 statim
582 4914 791 4969 nubere
848 4919 1047 4982 potest.
1081 4909 1189 4965 Tit.
1221 4911 1465 4978 5,lib.v,
1495 4913 1646 4976 cod.,
1700 4921 1785 4968 est
1836 4913 1933 4967 lib.

346 5006 644 5077 Basil.§28,
683 5007 772 5061 tit.
797 5005 851 5071 5,
872 5020 995 5075 cap.
1024 5004 1114 5071 25,
1140 5004 1287 5075 quod
1322 5004 1404 5059 sic
1433 5004 1597 5060 habet
1620 5022 1632 5059 :
1655 5004 1940 5060 Neminem

345 5100 441 5168 qui
486 5099 595 5153 sub
649 5098 858 5153 ditione
891 5096 964 5151 sit
1003 5094 1234 5151 Romani
1280 5096 1522 5152 nominis
1552 5097 1692 5151 duas
1740 5110 1943 5153 uxores

345 5193 551 5248 habere
609 5206 794 5263 posse,
839 5198 990 5263 patet
1039 5207 1052 5244 :
1109 5205 1232 5244 eum
1259 5198 1316 5245 et
1367 5190 1422 5244 in
1457 5190 1635 5245 edicto
1685 5191 1937 5259 praetoris

351 5282 671 5354 hujusmodi
706 5283 962 5338 homines
998 5281 1222 5337 infamia
1256 5281 1593 5346 notatisint,
1629 5297 1793 5351 quam
1823 5297 1938 5337 rem

347 5383 673 5444 competens
697 5373 868 5444 judex
928 5373 1158 5428 inultam
1186 5387 1309 5429 esse
1344 5388 1453 5427 non
1486 5372 1745 5442 patietur.
1777 5371 1882 5428 Tit.
1908 5373 1942 5428 6

347 5468 594 5537 ejusdem
626 5467 721 5522 lib.
753 5466 806 5533 5,
828 5469 950 5520 cod.
981 5474 1066 5522 est
1094 5466 1187 5521 lib.
1224 5465 1387 5521 Basil.
1412 5481 1604 5531 xxvm,
1626 5466 1711 5521 tit.
1737 5466 1789 5532 4,
1821 5483 1944 5539 cap.

345 5559 453 5626 41,
500 5572 555 5615 et
605 5558 848 5629 ejusdem
885 5559 969 5614 tit.
1030 5574 1155 5629 cap.
1202 5559 1298 5625 44,
1332 5559 1477 5629 quod
1507 5569 1593 5613 est
1642 5558 1831 5615 Const.
1876 5560 1934 5635 β.

346 5652 465 5706 haec
494 5652 572 5704 ait
618 5649 712 5706 :Si
738 5649 825 5705 (lli
861 5649 1102 5720 puelltea
1139 5660 1324 5705 tutore
1350 5649 1432 5705 vel
1458 5659 1715 5706 curatore
1752 5651 1935 5708 tutelae

345 5740 432 5797 vel
470 5756 619 5796 curae
648 5742 791 5798 ratio
816 5740 1170 5816 redditavsit,
1194 5754 1369 5813 eaque
1401 5740 1726 5812 vigesimum
1766 5742 1933 5814 quin-

2052 4730 2223 4785 λικῶν
2254 4732 2358 4785 τίτ.
2391 4730 2456 4802 β’,
2503 4750 2628 4801 κεφ.
2667 4730 2723 4800 ι’,
2774 4731 2918 4787 οὕτω
2962 4732 3143 4802 λέγον,
3193 4731 3354 4787 Κατὰ
3391 4730 3653 4785 κέλευσιν

2053 4823 2321 4895 βασιλέως
2350 4825 2575 4879 δύναται
2602 4827 2635 4896 ἡ
2666 4826 2805 4898 γυνὴ
2855 4827 2912 4879 ὲν
2941 4827 3022 4899 τῷ
3056 4826 3303 4897 πενθίμῳ
3334 4826 3514 4897 χρόνῳ
3540 4842 3655 4893 γα-

2054 4918 2209 4987 μεῖν’
2246 4917 2341 4971 καὶ
2373 4935 2500 4988 κεφ.
2559 4915 2649 4983 ια’,
2679 4917 2823 4989 θέμα
2860 4916 2927 4989 β’,
2981 4919 3114 4991 περὶ
3144 4918 3204 4972 τὸ
3252 4917 3408 4982 τέλος
3463 4916 3654 4980 οὕτως

2046 5009 2193 5082 ἔχον,
2238 5009 2305 5065 Ἦ
2351 5011 2411 5066 δὲ
2434 5010 2671 5066 τεκοῦσα
2703 5012 2761 5066 ὲν
2816 5011 2894 5080 τῷ
2923 5012 3175 5083 πενθίμῳ
3200 5010 3514 5083 παραυτίκα
3549 5010 3656 5065 δύ-

2045 5120 2202 5158 ναται
2231 5106 2455 5173 γαμεῖν.
2495 5105 2554 5159 ’0
2609 5103 2650 5159 ε’
2702 5104 2815 5161 τίτ.
2843 5104 2939 5159 τοῦ
2996 5103 3037 5158 ε’
3080 5103 3195 5176 βιϐ.
3227 5102 3324 5158 τοῦ
3382 5102 3654 5171 κὼδικος,

2045 5194 2161 5249 ἐστι
2199 5195 2406 5267 βιϐλίον
2433 5195 2521 5266 κη’
2570 5197 2681 5251 τῶν
2733 5196 3045 5251 Βασιλικῶν
3091 5196 3201 5250 τίτ.
3237 5193 3323 5261 ιε’,
3349 5212 3477 5264 κεφ.
3531 5194 3653 5264 κγ’,

2043 5287 2218 5352 οὕτως
2248 5288 2390 5359 ἕχον,
2415 5288 2620 5345 Οὐδένα
2655 5290 2803 5354 ὅστις
2833 5290 2941 5345 ὑπὸ
2964 5289 3067 5361 τὴν
3090 5288 3370 5344 πολιτείαν
3400 5286 3521 5342 ἐστὶ
3546 5287 3652 5341 τοῦ

2054 5373 2367 5443 Ῥωμαϊκοῦ
2403 5376 2667 5448 ὀνόματος
2724 5377 2819 5431 δύο
2877 5377 3123 5449 γαμετὰς
3174 5376 3437 5431 δύνασθαι
3496 5376 3653 5447 ἔχειν

2047 5468 2282 5537 φανερόν
2318 5469 2465 5521 ἐστιν
2494 5470 2656 5523 ὁπότε
2692 5470 2788 5524 καὶ
2815 5472 2873 5525 ὲν
2928 5470 3007 5543 τῷ
3028 5470 3169 5524 διάτ.
3196 5469 3290 5523 τοῦ
3321 5469 3655 5541 πραίτωρος

2047 5560 2098 5612 οἱ
2148 5559 2385 5615 τοιοῦτοι
2424 5561 2704 5629 ἄνθρωποι
2749 5564 2782 5635 ἢ
2830 5564 3118 5635 τιμῶνται,
3167 5564 3305 5634 ὅπερ
3346 5564 3581 5634 πρᾶγμα
3617 5563 3649 5614 ὁ

2057 5652 2606 5726 ’Λρμόδιοςδικαστὴς
2646 5655 2997 5729 ἀτιμώρητον
3040 5652 3179 5711 εἶναι
3220 5657 3323 5710 οὐκ
3363 5655 3643 5720 ἀνέξεται.

2057 5745 2116 5799 '0
2150 5753 2239 5811 g“
2275 5747 2384 5805 τίτ.
2439 5746 2536 5804 τοῦ
2568 5748 2737 5804 αὐτοῦ
2773 5749 3195 5823 εἰλβιϐλίουποῦ
3235 5748 3489 5814 κώδικος,
3524 5746 3646 5802 ἔστι
