3702 6240
71 297 200 364 1160

956 296 1446 363 NOMOCANON.
1484 322 1552 333 -
1583 294 1734 356 TlT-
1773 294 1947 370 XIII,
1987 295 2148 358 CAP.
2191 297 2242 374 Ῑ,
2281 299 2366 360 ΙΙ.

3220 289 3356 356 1170

68 417 158 472 τοῦ
185 414 269 487 κη’
311 413 518 486 βιϐλίου
575 415 687 470 τῶν
744 415 1051 471 Βασιλικῶν
1094 417 1202 474 τίτ.
1259 414 1326 479 6',
1367 430 1496 483 κεφ.

1901 423 2106 464 annum
2143 411 2462 479 excesserit,
2516 420 2682 484 atque
2720 407 3354 485 [iitsuperj'constittitus

69 509 159 563 καί
191 525 330 579 φησι
377 507 566 578 τδ,μδ’
609 525 736 577 κεφ.
767 507 863 562 τοῦ
912 508 1082 564 αὑτοῦ
1108 509 1213 563 τίτ.
1264 507 1406 562 διάτ.
1442 505 1503 560 ὃν
1569 503 1648 571 ς’.

69 599 269 663 Ταῦτα,
296 597 446 670 ἐὰνή
475 600 934 670 ὲπιτροπευθεῖσα
957 602 1112 671 παρά
1135 617 1304 664 τινος,
1337 600 1432 654 καὶ
1457 599 1652 668 λόγους

65 691 199 764 λάϐῃ
220 691 322 760 τῆς
349 691 704 764 διοικήσεως,
747 694 845 747 καὶ
887 693 1102 765 ὑπερϐῇ
1133 693 1226 747 τὸν
1272 691 1350 747 κε’
1379 693 1648 760 ἐνιαυτὸν,

67 784 156 837 καὶ
193 784 532 856 παραδράμῃ
571 785 599 837 6
626 785 934 856 ὡρισμένος
960 787 1207 850 ἐνιαυτὸς
1228 785 1454 840 δύναται
1479 786 1651 858 αὐτὴν

60 878 88 930 ό
115 875 206 931 τοῦ
238 876 741 949 ὲπιτροπεύσαντος
774 879 890 941 υίὸς
937 877 1266 947 ἀγαγέσθαι.
1302 878 1366 932 Et
1393 878 1451 932 δὲ
1502 879 1598 932 καὶ
1621 877 1651 932 6

61 969 238 1041 πατὴρ
272 970 376 1039 τῆς
405 968 576 1042 κόρης
598 969 871 1024 τελευτῶν
903 971 1060 1024 τοῦτο
1084 971 1286 1043 ᾔτησεν
1339 971 1480 1024 ὥστε
1525 988 1648 1024 συν-

60 1061 292 1132 αφθῆναι
308 1063 408 1134 τὴν
424 1061 594 1134 κόρην
611 1062 691 1133 τῷ
718 1062 814 1116 τοῦ
835 1063 1133 1136 ἐπιτρόπου
1157 1064 1331 1129 παιδὶ,
1351 1064 1448 1118 καὶ
1476 1062 1649 1128 οὕτως

60 1156 86 1207 6
115 1156 287 1226 γάμος
308 1154 571 1228 ἔρρωται.
619 1155 680 1210 '0
704 1155 748 1222 ζ’
775 1157 886 1212 τίτ.
927 1156 1023 1212 τοῦ
1046 1155 1086 1210 ε’
1122 1157 1326 1228 βιϐλίου
1358 1156 1453 1211 τοῦ
1483 1156 1648 1211 κώδι-

60 1266 148 1312 κος
177 1251 360 1304 κεῖται
385 1251 466 1314 είς
489 1249 697 1321 βιϐλίον
726 1249 813 1322 κη’
830 1251 940 1306 τῶν
971 1251 1280 1318 Βασιλικῶν
1306 1251 1413 1306 τίτ.
1447 1258 1486 1306 ε’
1517 1270 1643 1322 κεφ.

63 1340 140 1405 κζ’
176 1342 268 1395 καί
299 1359 436 1413 φησι
466 1343 530 1397 τὸ
557 1343 801 1400 τοιοῦτον
832 1363 959 1416 κεφ.
995 1346 1188 1400 ταῦτα·
1230 1347 1357 1401 Ἐάν
1387 1365 1474 1411 τις
1498 1349 1648 1402 οἱαν-

57 1434 248 1502 δήποτε
277 1434 543 1506 πράττων
601 1438 779 1509 ἁρχὴν
841 1437 1117 1510 παραθείη
1164 1439 1346 1510 γῆμαι
1399 1441 1646 1496 ἄκουσαν

59 1527 241 1596 κόρην,
275 1527 309 1598 ἢ
347 1528 596 1583 ἀκόντων
634 1530 744 1585 τῶν
783 1531 988 1600 γονέων
1026 1532 1123 1603 τὴν
1150 1532 1476 1604 οἱανδήποτε
1513 1535 1644 1588 δέκα

56 1616 244 1688 λιτρῶν
278 1619 486 1691 χρυσοῦ
531 1620 836 1692 πρόστιμον
887 1621 1030 1693 ὑπὲρ
1071 1623 1243 1694 αὐτῆς
1288 1625 1644 1696 ἐγχειρί-σεως
1696 1657 1698 1659 >

54 1709 254 1766 διδότω.
285 1712 398 1765 Καὶ
434 1713 730 1786 ὀτεδήποτε
755 1716 1069 1787 παυόμενος
1093 1717 1194 1789 τῆς
1219 1719 1393 1790 ἀρχῆς
1421 1719 1498 1792 μὴ
1521 1721 1641 1774 ἐπι-

1759 501 1961 575 [annus
1983 503 2156 577 utilis]
2204 505 2764 578 decurrerit:potest
2797 505 2970 577 ipsam
3024 501 3222 558 tutoris
3273 501 3354 555 vel

1757 596 2030 652 curatoris
2090 597 2236 654 ﬁlius
2294 597 2578 671 [uxorem]
2630 601 2853 654 ducere.
2909 595 3052 652 Sane
3095 595 3145 651 si
3193 601 3353 666 pater

1767 690 1962 760 puellae
1989 707 2115 746 cum
2159 690 2490 762 decederet“
2519 701 2580 748 ut
2627 693 2720 748 illa
2781 692 2864 766 [in
2887 685 3350 762 {matrimonium}

1765 785 1967 840 tutoris
2001 785 2087 841 vel
2146 788 2420 844 curatoris
2465 789 2578 844 ﬁlio
2613 789 2960 860 jungeretur,
2997 784 3298 858 postulavit
3333 801 3346 838 :

1758 879 1904 936 valet
1939 881 2021 937 sic
2049 896 2271 952 quoque
2312 883 2752 939 matrimonium.
2778 881 2888 938 Tit.
2919 881 2976 947 7,
3009 881 3109 937 lib.
3143 897 3176 934 v
3225 877 3349 934 cod.

1757 969 1895 1028 situs
1914 981 2000 1028 est
2021 973 2077 1028 in
2107 973 2202 1029 lib.
2236 973 2400 1030 Basil.
2425 991 2610 1041 xxvnt,
2639 976 2722 1030 tit.
2745 975 2802 1041 5,
2825 989 2947 1046 cap.
2972 974 3230 1044 27,quod
3259 984 3354 1026 ca-

1756 1075 1857 1136 put
1891 1065 2007 1123 haac
2037 1066 2207 1123 dicit:
2266 1069 2322 1122 Si
2343 1068 2484 1138 ,‘quis
2505 1068 2943 1138 qualemcunque
2997 1081 3192 1138 gerens
3233 1080 3352 1118 m7.-

1755 1157 2074 1228 gistratum,
2109 1156 2346 1227 puellam
2377 1159 2627 1225 invitam,
2662 1167 2755 1213 aut
2804 1156 2994 1212 invitis
3029 1154 3352 1226 parentibus

1756 1249 2202 1321 qualemcunque
2236 1267 2474 1308 uxorem
2505 1253 2706 1308 ducere
2729 1260 2964 1308 conatus
2987 1249 3172 1316 ,‘l'uerit
3204 1269 3218 1305 :
3251 1264 3350 1318 pro

1753 1343 1862 1400 isto
1889 1346 2179 1402 conamine
2213 1345 2404 1401 decem
2443 1347 2706 1402 librarum
2750 1348 2873 1401 auri
2927 1345 3160 1400 multam
3213 1358 3349 1414 pcn-

1755 1434 1894 1492 dito.
1921 1435 2156 1504 Quando
2187 1454 2318 1494 vero
2338 1440 2662 1509 magistratu
2699 1439 2915 1502 abierit,
2949 1453 3017 1492 ne
3056 1437 3349 1507 magistra-

1756 1537 1847 1584 tus
1875 1531 2178 1602 privilegiis
2205 1531 2335 1605 [uti]
2365 1542 2598 1590 tentato.
2645 1533 2799 1600 Quod
2826 1533 2870 1588 si
2912 1530 3100 1595 faciat,
3134 1531 3225 1585 illa
3273 1529 3352 1584 ci-

1754 1622 1921 1676 vitate
1967 1623 2019 1677 in
2070 1638 2181 1693 qua
2229 1625 2531 1696 privilegiis
2580 1625 2659 1680 uti
2691 1625 2880 1690 voluit,
2941 1625 3011 1680 ad
3067 1622 3348 1679 biennium

1751 1715 1984 1784 ejicitor.
2029 1717 2182 1773 Licet
2217 1726 2400 1773 autem
2464 1719 2680 1789 puellae,
2725 1718 2956 1790 ejusque
2997 1717 3164 1789 patri,
3200 1713 3350 1787 quod

56 1803 282 1874 χειρείτο
307 1807 427 1870 τοῖς
461 1807 561 1878 τῆς
594 1809 774 1880 ἀρχῆς
799 1810 1120 1880 προνομίοις
1144 1787 1158 1840 έ
1190 1812 1238 1865 εἰ
1354 1787 1508 1883 ἐπιχε

1880 1812 2104 1867 istratus
2127 1813 2539 1868 matrimonium
2570 1811 2834 1883 perﬁcere
2858 1813 3113 1876 voluerit,
3147 1809 3215 1864 de
3238 1810 3342 1864 hoc

60 1910 136 1947 σει
177 1896 514 1968 χρήσασθαι,
548 1899 644 1952 ἐπὶ
680 1900 885 1955 διετίαν
914 1901 1265 1958 ὲκϐαλλὲσθω
1289 1905 1389 1974 τῆς
1433 1905 1642 1970 πόλεως

53 1985 278 2058 ἐκείνης,
305 1991 366 2042 ἐν
399 1984 434 2063 ᾗ
461 1992 576 2055 τοῖς
605 1993 926 2064 προνομίοις
967 1994 1283 2067 χρήσασθαι
1327 1996 1598 2070 ἐϐουλήθη
1617 2014 1632 2029 °
1653 2023 1668 2038 κ

54 2080 221 2145 ἔξεστι
262 2082 321 2137 δὲ
363 2085 463 2139 καὶ
490 2088 560 2158 τῇ
609 2087 770 2162 κόρῃ,
817 2088 914 2142 καὶ
947 2089 1028 2159 τῷ
1077 2090 1285 2160 ταύτης
1318 2092 1490 2161 πατρὶ
1523 2091 1641 2146 δια-

57 2175 434 2248 μαρτύρασθαι
461 2179 591 2250 περὶ
635 2179 851 2248 τούτου,
877 2183 960 2236 δτι
1000 2181 1266 2255 ἐϐουλήθη
1309 2184 1641 2256 ποιήσασθαι

54 2267 136 2320 τὸν
167 2267 344 2339 γάμον
369 2271 402 2322 6
438 2271 622 2341 ἄρχων
651 2271 747 2326 καὶ
778 2273 880 2341 τῆς
902 2273 1304 2346 διαμαρτυρίας
1338 2277 1641 2348 γενομένης

54 2357 240 2422 ἔξωθεν
271 2359 496 2415 ἔσονται
524 2363 624 2433 τῆς
649 2362 742 2416 τοῦ
774 2363 1036 2434 ἄρχοντος
1063 2366 1426 2432 δικαιοδοσίας
1452 2371 1544 2422 ἐπί
1577 2386 1638 2423 τε

55 2453 354 2524 ἐγκλήμασι
392 2456 492 2509 καὶ
534 2458 826 2528 χρήμασι·
862 2459 959 2513 καὶ
992 2461 1042 2513 εί
1091 2460 1193 2531 μὲν
1241 2461 1426 2532 ἄρχων
1468 2465 1641 2535 ἐπαρ-

55 2547 226 2617 χίαςῆ
275 2546 472 2617 ἄρχων
507 2549 905 2619 στρατιωτικός
967 2552 1110 2617 ὲστι,
1159 2552 1501 2620 γινέσθωσαν
1532 2554 1640 2607 ὑπὸ

53 2638 133 2691 τὸν
155 2638 426 2711 ἄρχονται⁹
459 2643 506 2694 oi
541 2643 797 2715 ἑκάτεροι
839 2643 1086 2699 ἔστωσαν
1122 2643 1228 2698 67:6
1253 2645 1344 2698 τὸν
1390 2645 1636 2716 ἔπαρχον

54 2729 152 2782 τῶν
183 2732 564 2804 πραιτωρίων.
599 2734 674 2788 Τὸ
701 2732 784 2805 λη’
825 2735 966 2790 διάτ.
1001 2735 1061 2788 τὸ
1103 2734 1184 2789 va.’
1217 2735 1314 2788 καί⁹
1351 2735 1424 2790 νε’
1457 2735 1636 2790 καὶτὸ

59 2820 126 2884 ξςι
149 2820 238 2873 τοῦ
267 2820 314 2892 β’
342 2823 457 2876 τίτ.
487 2823 582 2877 τοῦ
611 2823 698 2895 κγ’
723 2824 932 2896 βιϐλίου
957 2825 1066 2880 τῶν
1096 2827 1236 2881 διατ.
1263 2828 1371 2881 εἰσὶ⁴
1402 2828 1638 2898 διάφορα

59 2927 169 2980 κεφ.
200 2912 292 2966 τοῦ
321 2910 393 2979 6',
427 2913 524 2968 καὶ
545 2912 608 2983 ε’,
631 2915 738 2970 τίτ.
769 2915 864 2970 τοῦ
910 2914 998 2986 κη’
1031 2916 1244 2987 βιϐλίου
1269 2917 1379 2973 τῶν
1419 2918 1640 2972 Βασιλι-

57 3002 183 3056 κῶν·
213 3005 382 3078 ἐτέθη
411 3007 522 3078 γὰρ
546 3009 576 3060 6
610 3007 654 3079 β’
683 3007 793 3063 τίτ.
829 3007 924 3063 7:06
956 3008 1040 3079 κγ’
1076 3009 1283 3081 βιϐλίου
1311 3010 1420 3064 τῶν
1451 3012 1639 3069 διατά-

57 3096 181 3163 ξεων
201 3101 280 3166 είς
311 3119 448 3173 κεφ.
487 3100 551 3158 ιθ¹
573 3102 669 3157 τοῦ
703 3101 744 3157 δ’
767 3103 870 3157 τίτ.
901 3103 996 3158 τοῦ
1026 3102 1113 3175 κη’
1144 3104 1354 3176 βιϐλίου
1384 3106 1495 3158 τῶν
1534 3107 1640 3161 Βα-

62 3191 287 3260 σιλικῶν,
311 3195 411 3249 καί
449 3213 584 3267 φησι
616 3196 679 3250 τὺ
712 3195 796 3268 κβ¹
835 3214 961 3266 κεφ.
1001 3197 1143 3252 διάτ.
1188 3197 1248 3251 ὃν
1280 3196 1362 3271 λη’
1394 3200 1422 3251 6
1470 3201 1640 3271 ἐπαρ-

61 3285 142 3356 χίᾳ
165 3287 420 3360 χειρίζων
441 3288 700 3359 όφφίκια,
730 3290 791 3343 ού
809 3289 1036 3344 δύναται
1062 3293 1264 3362 γαμεῖν
1292 3291 1390 3362 τὴν
1409 3294 1466 3346 ἐν
1497 3293 1635 3364 αὐτῇ

62 3381 430 3448 γεννηθεῖσαν,
463 3381 496 3453 ἢ
533 3382 633 3454 τὴν
665 3382 884 3454 οἴκησιν
910 3383 1142 3454 ἔχουσαν
1178 3385 1315 3438 ἐκεῖ.
1348 3382 1638 3457 Μνηστεύ-

58 3471 200 3526 εσθαι
231 3473 285 3528 δὲ
310 3476 373 3530 ού
405 3475 698 3542 κωλύεται,
732 3479 828 3530 καὶ
849 3476 944 3530 ἐὰν
976 3481 1007 3548 ἡ
1037 3478 1176 3549 γυνὴ
1211 3477 1350 3549 μετὰ
1371 3477 1469 3548 τὴν
1501 3478 1637 3532 ἁπό-

59 3566 194 3624 θεσιν
214 3571 305 3625 τοῦ
348 3574 612 3644 όφφικίου
645 3573 720 3646 μὴ
751 3573 956 3647 θελήσῃ
988 3574 1265 3646 γαμῆσαι,
1308 3575 1504 3646 μόνους
1531 3577 1635 3648 ἀρα

59 3662 292 3731 ραϐῶνας
308 3665 629 3733 ἀποδίδωσι,
647 3667 748 3738 τὴν
765 3667 823 3721 δὲ
845 3667 1388 3740 προμνηστευθεῖσαν
1409 3667 1636 3723 δύναται

19 3810 22 3813 ,
57 3755 246 3825 λαϐεῖν,
276 3763 372 3816 καὶ
389 3762 453 3816 οὐ
485 3763 696 3832 γίνεται
727 3765 760 3834 ή
791 3763 952 3836 προὶξ
977 3764 1423 3836 ίσπωμένη,ἧτοι
1447 3764 1636 3836 ἐξῃτο-

55 3851 261 3924 νεμὲνη,
295 3854 417 3909 ἀλλ’
479 3854 698 3926 ἰσχυρά.
731 3855 805 3908 T6
858 3853 955 3923 κε’,
988 3873 1114 3927 κεφ.
1156 3855 1364 3924 ταῦταξ,
1409 3857 1501 3910 ἐπὶ
1537 3857 1634 3912 τοῦ

57 3944 314 4018 ἀθεμίτων
335 3950 537 4020 γάμων
561 3948 688 4004 οὔτε
714 3950 878 4021 προὶξ
912 3945 1054 4005 εἶναι
1088 3952 1156 4006 τὰ
1200 3951 1521 4006 ὲπιδοθέντα
1548 3953 1635 4007 δο-

57 4040 167 4090 κεῖ·
215 4041 306 4094 καὶ
346 4041 443 4096 διὰ
474 4042 635 4096 τοῦτο
677 4044 788 4096 πᾶν
831 4043 968 4116 ὅπερ
1015 4046 1079 4097 ἐκ
1122 4044 1231 4098 τῶν
1273 4045 1634 4100 ὲπιδοθέντων

56 4127 184 4201 λόγῳ
207 4134 438 4205 προικὸς
465 4135 660 4189 ἔλαϐεν
691 4137 719 4190 6
755 4136 916 4208 δῆθεν
940 4136 1102 4209 ἀνὴρ,
1147 4138 1464 4210 ἀφαιρεῖται
1500 4140 1633 4210 παρ’

56 4221 206 4278 αὑτοῦ
235 4226 336 4282 κᾶν
359 4227 433 4282 τὰ
464 4227 702 4299 μάλιστα
735 4230 986 4302 καρποὺς
1037 4229 1230 4310 ἔτυχεν
1270 4231 1531 4301 εἰληφώς.
1557 4232 1632 4285 T6

55 4315 251 4391 y'ﬁépa
277 4323 374 4377 τοῦ
403 4323 570 4377 αὐτοῦ
602 4322 678 4377 κε’
716 4341 842 4394 κεφ.
883 4313 1082 4389 ταῦτα,
1116 4324 1213 4378 ἐὰν
1235 4326 1264 4379 ὁ
1308 4325 1630 4398 ἐπίτροπος,

55 4407 84 4478 ἢ
114 4411 448 4486 όγενόμενος
478 4418 770 4490 κουρὰτωρ
806 4419 1190 4491 υίοθετήσηται
1205 4419 1296 4473 τὸν
1321 4419 1495 4492 ἄνδρα
1531 4422 1632 4491 τῆς

55 4504 548 4580 ἑπιτροπευθείσης,
575 4509 608 4581 ἢ
634 4511 1214 4582 κουρατωρευομὲνης,
1240 4511 1274 4584 ἢ
1305 4512 1397 4565 τὸν
1415 4512 1631 4584 πατέρα
1664 4539 1708 4596 ι)

55 4596 234 4670 αὐτῆς,
257 4604 291 4674 ἡ
325 4603 476 4668 θέσις
501 4605 706 4675 ἄκυρός
723 4607 896 4671 ἐστιν,
917 4607 978 4659 ού
1012 4606 1110 4677 μὲν
1145 4609 1172 4660 6
1205 4607 1384 4676 γάμος
1418 4605 1627 4672 λύεται,

55 4688 234 4764 ὥσπερ
274 4695 467 4750 λύεται
500 4696 668 4766 ἡνίκα
704 4715 791 4761 τις
821 4698 911 4752 τὸν
943 4697 1074 4752 ίδιον
1103 4696 1352 4768 γαμϐρὸν
1385 4696 1630 4766 υἱοθετή-

57 4798 223 4855 σηται.
254 4789 363 4844 Καὶ
397 4790 458 4844 τὸ
485 4789 572 4862 μβ¹
604 4809 732 4860 κεφ.
758 4791 899 4846 διάτ.
937 4791 996 4844 ὃν
1025 4792 1068 4862 β’
1102 4792 1196 4845 τοῦ
1250 4789 1304 4857 ς’
1334 4792 1438 4846 τίτ.
1467 4791 1561 4846 τοῦ
1588 4789 1627 4844 ε’

58 4876 158 4944 βιϐ.
179 4881 270 4935 τοῦ
300 4882 533 4946 κώδικος
555 4883 754 4939 ταῦτα·
775 4883 915 4955 ἔχων
943 4902 1027 4948 τις
1060 4883 1411 4949 αὐτεξούσιον
1439 4885 1625 4949 παῖδα,

55 4972 142 5023 καὶ
173 4974 387 5048 νύμφην
407 4976 558 5049 αὐτῷ
577 4978 850 5048 ἀγόμενος
883 4979 1024 5048 μετὰ
1059 4977 1160 5051 τὴν
1195 4979 1288 5032 τοῦ
1320 4979 1499 5049 γάμου
1530 4979 1625 5032 σύ-

58 5080 232 5120 στασιν
260 5069 360 5140 ἢδη
394 5070 603 5124 παίδων
637 5071 938 5140 τεχθέντων
972 5071 1081 5124 ἀπὸ
1117 5071 1218 5140 τῆς
1239 5071 1457 5141 νύμφης
1488 5071 1624 5124 ὠνο-

60 5151 225 5227 μάσθη
261 5161 547 5230 κουράτωρ
579 5165 648 5232 τῇ
682 5160 788 5231 ἰδίᾳ
819 5162 1006 5233 νύμφῃ
1026 5179 1040 5193 ·
1077 5164 1105 5215 6
1131 5161 1188 5214 δὲ
1217 5162 1408 5215 τούτου
1440 5165 1564 5227 ταῖς
1597 5165 1626 5215 6

56 5245 145 5315 τῆς
178 5249 392 5324 νύμφης
439 5253 582 5326 ἀνὴρ
635 5254 958 5325 εὐλαϐηθεὶς
1002 5256 1215 5326 μήποτε
1260 5255 1563 5320 ἀσύστατος
1597 5259 1626 5310 ό

57 5338 220 5407 γάμος
251 5344 476 5416 γένηται
499 5347 776 5418 προφάσει
827 5350 928 5416 τῆς
965 5346 1057 5401 τοῦ
1085 5348 1296 5420 πατρὸς
1342 5366 1624 5419 κουρατω-

61 5431 198 5497 ρείας
248 5437 440 5510 ἐδεήθη
498 5439 802 5509 βασιλέως,
855 5439 952 5494 καὶ
1008 5441 1334 5510 ἀντιγράφει
1390 5441 1480 5494 τὸν
1525 5442 1624 5514 μὲν

57 5524 219 5594 γάμον
279 5532 551 5603 ἐρρῶσθαι
603 5532 744 5603 πλὴν
774 5532 1093 5587 παύσασθαι
1144 5534 1235 5585 τὸν
1285 5534 1497 5604 πατέρα
1525 5537 1625 5605 τῆς

60 5627 464 5695 κθυρατωρείας,
509 5627 604 5680 καὶ
651 5627 829 5682 ἄλλων
885 5624 1299 5680 κατασταθέντα
1329 5626 1623 5697 λογοθετη-

61 5711 205 5781 θῆναι
231 5718 316 5772 ὑπ’
339 5723 498 5776 αὐτοῦ
539 5724 631 5778 τὸν
671 5722 901 5794 πατέρα.
948 5721 1102 5775 Ἐπεὶ
1133 5722 1189 5774 6‘s
1223 5721 1456 5791 6757;0(7a
1493 5738 1619 5790 κεφ.

63 5810 498 5886 κατεστρώσαμεν
528 5815 587 5869 ἐν
635 5814 716 5886 τῷ
750 5815 894 5868 τέλει
940 5814 1035 5867 τοῦ
1088 5814 1357 5884 παρόντος
1389 5813 1456 5884 β’,
1493 5831 1620 5884 κεφ.

1750 1905 2066 1960 contestari.
2109 1905 2289 1976 Atque
2331 1903 2440 1977 [ea]
2469 1904 2870 1960 contestatione
2902 1903 3079 1969 facta,
3130 1911 3249 1957 tum
3289 1902 3345 1955 in

1747 2000 2131 2056 criminalibus
2168 2001 2371 2070 tumin
2404 2000 2742 2070 pecuniariis
2771 1997 3060 2072 [negotiis]
3077 2007 3234 2052 extra
3267 1995 3348 2066 ip-

1749 2095 1867 2150 sius
1901 2093 2346 2165 jurisdictionem
2402 2102 2586 2150 erunt.
2621 2094 2687 2150 Et
2731 2096 2777 2149 si
2819 2093 3040 2163 quidem
3073 2090 3190 2164 [qui
3241 2091 3348 2146 hoc

1748 2186 1947 2260 tentat]
1981 2203 2186 2258 praeses
2216 2187 2516 2259 provinciae
2556 2188 3038 2259 autjmagistratus
3086 2185 3348 2240 militaris

1747 2280 1844 2346 sit,
1881 2280 2112 2336 vicarii:
2142 2281 2226 2337 sin
2253 2289 2506 2352 uterque,
2545 2280 2623 2354 [et
2651 2282 3008 2350 magistratus
3031 2278 3346 2336 ordinarius

1746 2373 2105 2447 etvicarius],
2134 2374 2374 2444 praefecti
2430 2376 2689 2446 praetorio
2720 2372 3146 2448 [jurisdictioni]
3204 2372 3342 2429 sub-

1745 2469 1947 2522 suntoJ
1975 2467 2172 2538 Digest.
2203 2467 2292 2534 58,
2323 2469 2413 2533 5i,
2439 2468 2507 2523 55
2536 2477 2590 2523 et
2621 2468 2710 2534 67,
2741 2469 2882 2522 tituli
2933 2468 2988 2532 2,
3041 2467 3166 2521 libri
3204 2481 3344 2521 χχιιι

1744 2558 2126 2632 Digest..fsunt
2149 2560 2373 2615 divorsa
2405 2559 2586 2630 capita
2611 2561 2644 2614 4
2676 2570 2731 2614 et
2753 2560 2786 2615 5
2817 2559 2978 2624 tituli,
3014 2559 3136 2614 libri
3175 2557 3340 2613 Basil.

1743 2666 1935 2707 xxviii.
1968 2650 2192 2708 Positus
2224 2661 2309 2708 est
2343 2652 2488 2707 enim
2516 2654 2598 2708 tit.
2628 2653 2684 2719 “2,
2715 2653 2810 2708 lib.
2838 2667 2976 2708 χχιιι
3033 2652 3235 2723 Digest.
3285 2650 3341 2705 iu

1746 2761 1870 2816 cap.
1927 2747 2122 2814 19,.tit.
2194 2747 2249 2813 4,
2302 2745 2397 2802 lib.
2453 2763 2622 2802 xxvut
2669 2746 2836 2801 Basil.
2868 2755 3034 2814 atque
3088 2760 3213 2816 cap.
3245 2743 3341 2808 22,

1747 2839 1894 2910 quod
1927 2849 2011 2895 est
2056 2839 2255 2911 digest.
2302 2839 2394 2906 '58,
2427 2841 2561 2896 dicit
2617 2858 2631 2896 :
2673 2839 2778 2906 Qui
2815 2839 2868 2892 in
2900 2837 3186 2908 provincia
3223 2835 3342 2892 olﬁ-

1741 2931 1893 2986 cium
1914 2930 2297 2987 administrat:
2317 2933 2444 2988 inde
2466 2933 2780 2997 oriundam,
2800 2933 2881 2988 vel
2909 2932 2982 2986 ibi
3001 2930 3340 2987 domicilium

1746 3023 2036 3080 habentem
2062 3039 2292 3079 uxorem
2332 3025 2534 3080 ducere
2589 3040 2697 3081 non
2748 3033 2948 3097 petest,
2985 3041 3094 3080 non
3155 3032 3338 3080 tamen

1747 3133 2013 3189 sponsare
2035 3119 2378 3188 prohibetur.
2411 3118 2482 3173 At
2511 3119 2558 3174 si
2586 3119 2782 3174 mulier
2814 3126 2937 3189 post
2959 3117 3122 3172 ollicii
3153 3117 3340 3187 dispo-

1745 3209 2000 3264 sitionem
2035 3209 2254 3279 nuptias
2285 3209 2612 3264 contrahere
2666 3208 2824 3274 nolit,
2851 3209 3047 3263 arrhas
3095 3215 3340 3262 tantum;

1749 3301 1913 3357 modo
1931 3302 2129 3357 reddit.
2172 3301 2378 3357 Verum
2418 3310 2580 3357 antea
2633 3301 2993 3371 desponsam,
3030 3301 3108 3372 [in
3141 3300 3337 3355 matri-

1747 3391 2021 3465 monium]
2048 3408 2332 3449 assumere
2381 3403 2559 3463 potest
2595 3412 2610 3460 ;
2640 3408 2816 3465 neque
2849 3393 2951 3449 dos
2984 3393 3209 3449 'caduca
3253 3392 3334 3462 ﬁt,

1749 3486 1856 3541 sed
1902 3496 2021 3540 rata
2059 3484 2318 3558 [manet.]
2337 3486 2470 3557 Cap.
2529 3486 2765 3553 ‘25,haec
2805 3486 2972 3553 :Qua:
3027 3487 3083 3540 in
3131 3486 3337 3541 illicitis

1745 3577 1952 3649 nuptiis
2001 3579 2129 3644 data
2175 3587 2324 3644 sunt,
2364 3579 2466 3634 dos
2519 3594 2642 3636 esse
2677 3594 2785 3633 non
2843 3579 3119 3643 videntur,
3172 3586 3338 3647 atque

1743 3672 1950 3728 idcirco
2000 3688 2344 3744 quazcunque
2379 3689 2445 3728 ex
2477 3673 2545 3730 iis
2589 3689 2711 3744 qua:
2758 3674 2973 3728 ratione
3027 3673 3170 3729 dotis
3198 3673 3328 3728 data

1744 3773 1893 3830 sunt,
1943 3767 2178 3822 maritus
2234 3767 2488 3837 ceperit:
2540 3767 2757 3823 tametsi
2803 3767 3081 3838 praecipue
3124 3767 3338 3824 fructus

1743 3859 1968 3929 ceperit,
1996 3859 2065 3914 ab
2098 3859 2194 3915 illo
2225 3859 2570 3927 auferuntur.
2615 3844 2876 3930 Ejusdem
2929 3860 3001 3916 25
3028 3875 3150 3932 cap.
3213 3863 3335 3916 the-

1743 3964 1832 4004 ma
1861 3950 1916 4015 5,
1960 3949 2075 4006 haec
2115 3970 2130 4006 :
2189 3949 2245 4006 Si
2274 3960 2422 4006 tutor
2493 3960 2590 4006 aut
2639 3961 2885 4018 curator,
2945 3952 3077 4006 dum
3144 3968 3336 4007 curam

1744 4041 1904 4111 gerit,
1957 4040 2305 4112 adoptaverit
2334 4041 2594 4097 maritum
2625 4044 2904 4114 quondam
2963 4044 3204 4113 pupillae,
3243 4054 3339 4098 aut

1742 4134 1900 4206 cujus
1928 4145 2149 4191 curator
2175 4135 2372 4203 est,vel
2391 4134 2604 4208 [etiam]
2626 4135 2804 4189 mariti
2838 4145 3049 4205 patrem
3073 4154 3087 4189 ι
3112 4136 3334 4206 adoptio

1741 4228 1900 4284 irrita
1921 4235 2024 4295 est,
2056 4243 2168 4283 non
2209 4236 2391 4284 autem
2425 4227 2772 4298 perimuntur
2795 4228 3038 4298 nuptiae;
3071 4228 3333 4299 quemad-

1744 4320 1968 4376 modum
2000 4320 2080 4388 ﬁt,
2115 4320 2337 4391 quando
2371 4321 2496 4391 quis
2530 4335 2791 4391 generum
2837 4336 3004 4376 somn
3037 4321 3334 4391 adoptaveo

1743 4413 1834 4468 rit.
1863 4412 1928 4468 Et
1959 4428 2084 4483 cap.
2119 4413 2209 4479 42,
2244 4413 2390 4483 quod
2431 4423 2515 4469 cst
2545 4413 2768 4468 constit.
2801 4415 2859 4481 2,
2891 4414 3033 4469 tituli
3052 4415 3106 4482 ϐ,
3138 4415 3235 4472 lib.
3276 4431 3329 4470 v.

1741 4505 1862 4560 cod.
1915 4505 2078 4561 haec:
2137 4504 2558 4576 Emancipatum
2614 4506 2837 4577 quidam
2877 4508 3050 4563 lilium
3098 4508 3327 4574 habens,

1736 4603 2029 4665 postquam
2071 4594 2174 4665 ipsi
2201 4610 2430 4650 uxorem
2495 4595 2751 4661 duxerat,
2798 4599 3157 4654 matrimonio
3208 4597 3323 4668 jam

1735 4687 1894 4753 inito,
1923 4696 2089 4758 atque
2113 4687 2387 4759 susceptis
2414 4687 2628 4754 liberis,
2660 4688 2982 4760 designatus
3015 4699 3100 4745 est
3161 4694 3323 4745 nurui

1735 4796 1851 4837 suae
1879 4790 2120 4836 curator.
2152 4779 2298 4852 Ergo
2337 4780 2503 4851 hujus
2537 4781 2708 4847 ﬁlius,
2759 4798 2933 4838 nurus
2965 4783 3220 4846 maritus,
3256 4797 3324 4836 ne

1740 4873 1952 4930 idcirco
2003 4872 2422 4930 matrimonium
2455 4875 2756 4946 perimatur
2787 4885 3062 4941 metuens,
3115 4877 3324 4947 suppli-

1736 4959 2276 5044 cavitﬁimperatori.
2318 4968 2370 5025 Is
2402 4971 2684 5041 rescripsit
2740 4970 3150 5026 matrimonium
3197 4971 3321 5040 qni-

1730 5061 1852 5116 dem
1888 5069 2069 5115 ratum
2114 5077 2259 5129 esse,
2292 5061 2388 5116 sed
2420 5073 2630 5132 patrem
2657 5078 2688 5117 a
2724 5078 2856 5117 cura
2901 5061 3169 5116 desistere
3202 5063 3320 5134 [de-

1729 5155 1886 5227 bere]
1928 5170 2031 5210 :ac
2063 5154 2360 5210 substituto
2395 5157 2524 5224 alio,
2559 5158 2628 5212 ab
2668 5156 2759 5209 illo
2784 5155 3023 5210 rationes
3052 5169 3317 5225 repetere.

1731 5248 1887 5303 Enim
1915 5264 2040 5303 vero
2071 5249 2330 5319 quoniam
2354 5249 2422 5305 de
2466 5248 2765 5320 illegitimis
2799 5248 3131 5319 nefariisque
3177 5265 3317 5319 nup-

1729 5341 1817 5396 tiis
1858 5340 2025 5396 multa
2053 5340 2211 5413 [jam]
2241 5357 2362 5411 cap.
2407 5342 2459 5397 in
2497 5342 2604 5397 line
2639 5341 2926 5412 praesentis
2956 5343 2992 5396 2
3045 5361 3169 5415 cap.
3217 5362 3316 5415 po-

1729 5436 1965 5502 suimus,
1996 5451 2230 5506 quorum
2273 5437 2380 5492 alia
2421 5437 2664 5507 legitime
2699 5437 3063 5494 constitutum
3125 5442 3318 5496 matri-

1729 5529 1974 5584 monium
2021 5544 2088 5584 ex
2147 5528 2498 5598 postmodum
2533 5531 2956 5599 superveniente
3007 5532 3151 5588 malo
3203 5549 3314 5590 non

1728 5624 1960 5680 dissolvi
1997 5624 2174 5690 aiunt,
2224 5624 2328 5679 alia
2377 5640 2507 5679 vero
2551 5625 2682 5680 illud
2718 5625 3030 5683 dissolvunt
3059 5647 3072 5684 :
3101 5646 3311 5698 quaero,

1728 5717 1794 5772 dc
1819 5733 1928 5787 quo
1948 5731 2090 5787 saepe
2122 5717 2176 5772 in
2218 5716 2468 5771 conciliis
2516 5718 2750 5787 quaestio
2784 5729 2929 5774 mota
2951 5732 3056 5785 est,
3091 5723 3135 5776 si
3186 5725 3312 5792 quis

1727 5821 2022 5883 postquam
2057 5820 2198 5868 recte
2238 5811 3033 5884 matrimoniumcontraxerit,
3059 5833 3186 5874 cum
3218 5835 3314 5876 so-
