3928 6246
438 321 577 389 1171

1634 316 1903 378 ΡΗΟΤΙΙ
1940 315 2451 377 ΡΛΤΒῘΑΒΟΗᾸΞ
2486 314 2595 377 CP-

3560 313 3684 383 1172

439 455 538 498 cru
569 452 669 495 sua
716 435 876 511 [alia]
918 451 983 493 ve
1041 450 1149 509 qua
1176 446 1406 492 uxorem
1468 446 1626 489 suam
1688 431 2038 504 contingente

2145 434 2305 504 χάριν
2358 433 2717 504 παρανόμων,
2768 430 2865 485 καὶ
2915 430 3190 501 ἀθεμίτων
3241 428 3452 502 γάμων,
3478 431 3567 487 καὶ
3588 434 3698 489 τινὰ

436 546 677 604 persona
713 545 773 587 se
799 530 1052 597 incestet,
1082 528 1327 586 solvetur
1359 525 1475 599 |ne]
1501 525 1936 589 matrimonium,
1961 540 2031 580 an

438 619 1045 693 non?ENeqnaquam;
1104 620 1199 677 sed
1260 620 1455 675 incesti
1513 608 1836 690 punientur.
1890 617 2036 675 Dicit

438 729 681 784 namque
721 714 807 770 lex
838 715 892 769 in
935 716 1030 770 lib.
1064 730 1125 779 ιι,
1154 714 1237 769 tit.
1299 714 1355 781 3,
1393 729 1515 785 cap.
1574 715 1669 777 85,
1702 713 1940 767 themate
1973 710 2030 765 2.

440 806 577 876 Quae
597 808 666 862 ab
698 808 857 863 initio
888 818 1007 864 rata
1041 807 1338 881 [fuerunt,]
1374 825 1439 863 ex
1474 817 1599 879 post
1640 806 1785 863 facto
1812 820 1920 861 non
1949 805 2033 859 iu-

437 899 751 956 ﬁrmantur.
783 900 987 956 Verum
1018 904 1065 956 si
1111 918 1237 957 cum
1272 903 1517 956 nondum
1554 900 1802 957 solemne
1855 896 2030 953 sacri-

439 993 627 1049 ficium
688 995 1024 1050 celebratum
1079 994 1263 1063 fuerit,
1297 996 1390 1051 sed
1428 995 1710 1067 sponsalia
1762 993 2033 1048 duntaxat

435 1087 853 1155 intervenerint,
909 1088 1175 1163 [futurus]
1225 1091 1456 1146 maritus
1482 1105 1608 1144 cum
1660 1104 1822 1144 socru
1857 1086 2033 1143 aliave

438 1195 702 1251 sponsam
767 1198 923 1237 suam
976 1184 1244 1251 sanguine
1283 1183 1635 1254 contingente
1685 1194 1920 1252 persona
1973 1194 2032 1234 se

438 1270 724 1339 polluerit,
756 1271 1213 1327 'mortilicabitur
1266 1272 1682 1327 matrimonium
1741 1289 1755 1325 :
1814 1267 2028 1341 [idque]

436 1350 663 1431 propter
728 1364 969 1433 regulam
1007 1379 1130 1434 quae
1171 1363 1326 1429 dicit,
1387 1364 1435 1420 si
1468 1379 1555 1419 res
1603 1360 1920 1436 [quaepiam]
1973 1361 2029 1414 in

443 1454 619 1531 [eum]
653 1464 856 1511 statum
890 1456 1164 1522 deveniat,
1192 1473 1300 1527 quo
1341 1457 1397 1511 in
1448 1453 1643 1528 [statu]
1691 1455 1848 1511 initio
1894 1469 2031 1509 con-

437 1547 639 1603 sistere
667 1548 971 1618 nequisset,
1002 1550 1156 1603 irrita
1174 1557 1258 1605 est
1291 1568 1304 1602 :
1342 1548 1481 1622 [tum
1505 1546 1647 1620 ideo]
1673 1548 1859 1613 etiam,
1883 1546 2030 1617 quod

437 1637 688 1694 incestus
719 1639 956 1694 scienter
982 1655 1090 1695 non
1123 1641 1499 1710 permittatur.
1538 1642 1719 1710 Atque
1750 1640 1866 1695 haec
1910 1638 2032 1709 qui-

438 1731 561 1785 dem
600 1746 793 1787 eorum
820 1748 941 1801 quae
988 1749 1017 1788 a
1047 1734 1364 1803 patriarcha
1402 1734 1794 1804 compendiose
1830 1747 2031 1803 propo-

2145 527 2243 597 μὲν
2278 527 2344 580 ὲκ
2384 526 2593 580 τούτων
2638 525 2805 594 φασιν
2855 522 2931 593 μὴ
2975 522 3199 576 λύεσθαι
3228 523 3317 576 τὸν
3342 523 3442 594 ἤδη
3472 523 3699 595 νομίμως

2143 617 2416 671 συστάντα
2491 616 2671 685 γάμον
2728 617 2793 669 ὲκ
2850 612 2947 668 τοῦ
3005 612 3297 686 γενομένου
3356 615 3521 668 κακοῦ
3577 618 3702 687 μετὰ

2139 710 2338 775 ταῦτα,
2374 709 2497 763 τινὰ
2527 704 2584 764 δὲ
2609 708 2797 762 λύουσι
2849 708 2940 762 τὸν
2970 708 3170 779 γάμον.
3229 707 3445 780 Ἐρωτῶ
3468 708 3592 777 περὶ
3616 709 3700 763 τοῦ

2142 803 2404 866 πολλάκις
2436 802 2808 873 ἐρωτηθέντος
2861 800 3180 865 συνοδιικῶς,
3213 800 3305 854 ἐὰν
3332 800 3469 872 μετὰ
3497 801 3585 854 τὸν
3611 819 3701 854 κα-

2139 895 2248 959 λῶς
2282 895 2558 949 συστάντα
2588 895 2768 964 γάμον
2794 893 3088 965 συμφθαρῇ
3118 911 3201 958 τις
3231 895 3366 966 μετὰ
3398 894 3495 964 τῆς
3514 895 3703 959 οίκείας

2141 989 2436 1060 πενθερᾶς,
2478 988 2660 1060 ῆτινος
2697 987 2994 1061 προσώπου
3041 987 3370 1057 συγγενικοῦ
3401 990 3465 1058 τῇ
3507 992 3701 1060 γαμετῇ

2141 1082 2308 1138 αὑτοῦ
2339 1082 2631 1153 λυθήσεται
2659 1084 2686 1135 6
2710 1081 2963 1153 γάμος,ἥ
3002 1081 3062 1134 οὐ
3089 1080 3360 1152 οὐδαμῶς,
3395 1080 3507 1134 ἀλλ’
3541 1082 3700 1134 ἐπιτι-

2144 1175 2485 1247 μηθήσονται
2538 1174 2587 1226 οί
2633 1173 2732 1243 τὴν
2780 1172 3107 1243 αἱμομιξίαν
3155 1173 3533 1243 ποιησάμενοι.
3582 1174 3706 1243 Φησὶ

2139 1269 2250 1341 γὰρ
2284 1271 2311 1322 6
2342 1269 2505 1339 νόμος
2540 1268 2599 1320 ἐν
2632 1267 2820 1338 βιϐλίῳ
2852 1264 2895 1337 β’
2943 1267 3053 1320 τίτ.
3087 1264 3136 1334 γ’
3162 1283 3286 1335 κεφ.
3338 1263 3420 1319 πε¹
3449 1265 3635 1336 θέματι
3657 1265 3701 1319 ι”

2142 1364 2223 1417 Τά
2256 1364 2313 1431 ἐξ
2363 1363 2541 1433 ἀρχῆς
2577 1361 2770 1431 βέϐαια
2819 1361 2884 1414 ὲκ
2912 1360 3023 1413 τῶν
3078 1358 3583 1429 ὲπισυμὸαινὸντων
3618 1360 3705 1413 οὐκ

2139 1458 2491 1528 ἀκυροῦν-ται.
2536 1457 2599 1509 El
2622 1455 2680 1508 δὲ
2713 1455 2815 1509 οὐκ
2851 1454 3055 1524 ἔφθασε
3085 1451 3339 1522 γενέσθαι
3372 1451 3547 1505 τελεία
3578 1452 3703 1522 ίεροο

2138 1554 2412 1619 τελεστία,
2446 1549 2581 1604 ἀλλὰ
2634 1549 2772 1619 μόνη
2818 1547 3084 1619 μνηστεία
3125 1545 3591 1617 παρηκολούθησε,
3624 1545 3706 1599 καὶ

2142 1648 2283 1719 μετὰ
2340 1645 2546 1715 ταύτην
2579 1643 2894 1713 συνεφθάρη
2946 1643 2974 1695 ὁ
3017 1640 3268 1712 γαμϐρὸς
3294 1642 3359 1710 τῇ
3402 1636 3704 1709 πενθερᾷ,ῆ

2141 1742 2315 1812 ἑτέρῳ
2351 1735 2664 1810 συγγενικῷ
2692 1733 2972 1808 προσώπῳ
2999 1733 3099 1803 τῆς
3132 1734 3381 1804 μνηστῆς
3410 1728 3592 1795 αὐτοῦ,
3618 1730 3705 1798 ἐμ-

439 1825 546 1883 sita
603 1835 755 1891 sunt,
800 1826 1338 1897 interpretandorum
1408 1842 1575 1884 causa
1636 1826 1841 1898 scripta
1900 1828 2031 1883 sint.

2145 1831 2529 1902 ποδισθήσεται
2578 1833 2606 1883 6
2647 1829 2825 1899 γάμος
2856 1826 2947 1880 διὰ
2991 1826 3085 1880 τὸν
3123 1823 3331 1879 κανόνα
3363 1822 3456 1876 τὸν
3500 1820 3705 1889 λέγοντα

442 1918 601 1975 Scias
667 1934 798 1974 vero
856 1921 1005 1990 quod
1060 1920 1167 1975 hoc
1212 1936 1456 1991 praesens
1504 1922 1805 1976 secundum
1862 1931 2026 1991 caput

438 2012 618 2068 multa
674 2014 1018 2083 expositione
1085 2013 1346 2083 indigeat.
1396 2014 1579 2068 Multae
1638 2014 1909 2083 siquidem
1981 2023 2036 2070 et

443 2102 679 2159 diversa:
707 2105 855 2175 leges
886 2105 951 2160 de
980 2104 1273 2177 prohibitis
1320 2107 1528 2177 nuptiis
1561 2107 1683 2162 latae
1707 2115 1858 2163 sunt.
1912 2106 2033 2162 Cm-

442 2206 627 2253 terum
682 2199 940 2269 quoniam
1001 2208 1300 2255 tractatum
1331 2201 1398 2255 de
1442 2201 1664 2271 nuptias
1708 2200 2035 2255 iterantibus

437 2292 554 2363 jam
590 2292 1007 2361 explanavimus
1038 2311 1052 2347 :
1084 2294 1267 2350 discas
1320 2294 1487 2349 etiam
1524 2310 1647 2365 quae
1685 2296 1886 2366 sacpius
1920 2310 2035 2349 ma.

443 2385 768 2441 trimonium
811 2386 1222 2453 contrahentes,
1275 2387 1585 2457 vetitasque
1624 2388 1844 2458 nuptias
1895 2403 2029 2443 con-

442 2482 698 2541 cernunt,
729 2474 777 2529 A
802 2477 972 2531 veleri
996 2475 1229 2549 [itaque]
1253 2477 1369 2549 lege
1397 2487 1569 2534 terna:
1590 2481 2036 2550 agnoscebantur

439 2562 1063 2641 nuptian'Posteaquam
1100 2581 1284 2627 autem
1318 2575 1663 2644 temporibus
1686 2574 2035 2647 imperatoris

442 2659 631 2715 domni
673 2661 875 2719 Leonis
916 2661 1194 2735 Sapientis
1226 2664 1280 2719 in
1305 2665 1551 2721 Ecclesia
1592 2667 1735 2723 inter
1760 2669 2035 2738 principes

420 2754 795 2808 sacerdotum
822 2754 1062 2811 schisma
1092 2755 1294 2811 factttm
1313 2766 1459 2813 esset
1491 2759 1688 2828 (major
1732 2762 1879 2812 enim
1909 2775 2036 2829 pars

441 2847 637 2903 tertias
666 2850 889 2918 nuptias
908 2865 1017 2904 non
1044 2849 1615 2923 concedebat),eaqne
1645 2853 1841 2908 divisio
1859 2869 2036 2924 usque

443 2935 513 2990 ad
540 2935 834 3010 [tempora]
872 2938 967 2993 filii
992 2940 1112 3010 ejus
1159 2940 1509 3010 imperatoris
1546 2942 1735 2997 domni
1758 2942 2036 2999 Constan-

445 3028 548 3083 tini
612 3030 1151 3103 Porphyrogennetae
1208 3034 1522 3089 durasset:
1589 3036 1838 3105 evulgata
1905 3045 2038 3092 tunc

446 3121 656 3178 decisio
694 3132 799 3191 est,
844 3140 967 3195 quae
1016 3126 1486 3182 reconciliationis
1516 3128 1738 3193 dicitur,
1771 3145 1894 3200 qua:
1927 3140 2039 3185 tra-

2142 1924 2287 1995 θέμα
2319 1923 2607 1993 περιϊστᾷν
2655 1921 2736 1983 είς
2760 1916 2916 1983 τάξιν
2970 1917 3099 1987 ἑξῆς
3129 1916 3230 1987 τὴν
3260 1916 3441 1987 ἀρχὴν
3478 1913 3576 1967 οὑκ
3601 1910 3705 1966 ἐδύ-

2137 2034 2268 2073 νατο
2305 2016 2593 2086 συστῆναι,
2621 2013 2827 2086 ἄκυρόν
2856 2013 2993 2077 ἐστι,
3029 2012 3124 2065 καὶ
3153 2010 3240 2064 διά
3269 2010 3334 2063 τὸ
3355 2009 3429 2079 μὴ
3467 2024 3707 2079 παραχω-

2140 2110 2375 2184 ρηθῆναι
2407 2110 2464 2162 ὲν
2496 2108 2699 2176 εἰδήσει
2726 2104 3072 2177 αίμομιξίαν.
3105 2104 3217 2157 Kal
3234 2101 3413 2156 ταῦτα
3445 2100 3540 2172 μὲν
3564 2099 3709 2169 ἐγρά-

2139 2221 2320 2274 φησαν
2352 2204 2431 2265 εἰς
2481 2200 2779 2272 ἑρμηνείαν
2819 2198 2928 2251 τῶν
2969 2194 3407 2267 συνοψισθέντων
3456 2190 3706 2265 παρὰτοῦ

2138 2298 2507 2369 πατριάρχου.
2534 2297 2777 2349 Γίνωσκε
2809 2294 2865 2346 δὲ
2891 2295 2972 2347 ὅτι
3005 2290 3066 2344 τὸ
3092 2290 3265 2360 παρὸν
3298 2287 3343 2359 β’
3370 2305 3498 2357 κεφ.
3532 2285 3709 2355 πολλῆς

2137 2390 2457 2461 ἐξηγήσεως
2503 2386 2715 2442 δέεται·
2775 2386 2948 2439 πολλὰ
2975 2384 3085 2456 γάρ
3130 2382 3225 2437 καὶ
3252 2381 3492 2453 διάφορα
3521 2380 3705 2448 νόμιμα

2138 2485 2510 2557 ἐξηνέχθησαν
2558 2483 2716 2554 χάριν
2748 2480 2945 2550 γάμων
3004 2477 3434 2547 κεκωλυμένων.
3469 2473 3576 2528 Kal
3604 2471 3709 2526 ἐπεὶ

2136 2578 2208 2633 τὰ
2242 2576 2371 2647 περὶ
2399 2574 2508 2630 τῶν
2529 2571 3079 2646 δευτερογαμούντων
3112 2567 3466 2638 ἐδηλώσαμεν
3496 2563 3703 2628 ἄνωθεν,

2141 2672 2283 2744 μάθε
2313 2673 2406 2725 καὶ
2431 2670 2500 2724 τὰ
2526 2687 2591 2722 πε
2603 2670 2653 2738 ρί
2676 2667 2784 2721 τῶν
2809 2663 3274 2736 πολυγαμούντων
3308 2664 3403 2716 καὶ
3424 2656 3711 2728 κεκωλυμέ-

2139 2784 2247 2822 νων
2291 2767 2509 2836 γάμων.
2556 2762 2690 2816 Ἀπὸ
2745 2759 2841 2813 τοῦ
2889 2756 3124 2811 παλαιοῦ
3165 2757 3337 2824 νόμου
3388 2755 3535 2824 τρεῖς
3564 2751 3710 2820 γάμοι

2138 2858 2601 2928 ὲπεγινώσκοντο,
2654 2856 2747 2908 ἐπὶ
2804 2854 2863 2906 δὲ
2908 2852 3020 2904 τῶν
3075 2849 3302 2922 ἡμερῶν
3346 2846 3441 2901 τοῦ
3475 2843 3711 2917 βασιλέως

2139 2951 2332 3022 κυρίου
2361 2951 2590 3012 Λέοντος
2619 2946 2710 3001 τοῦ
2738 2946 3032 3017 φιλοσόφου
3072 2946 3264 3014 γέγονε
3302 2942 3508 3013 σχίσμα
3528 2938 3602 3001 είς
3627 2936 3712 3007 τὴν

2157 3045 2489 3115 Ἐκκλησίαν
2523 3043 2689 3114 μέσον
2711 3043 2818 3096 τῶν
2850 3040 3153 3112 ἀρχιερέων
3177 3055 3192 3069 ⁸
3226 3038 3279 3089 οἱ
3306 3034 3521 3097 πλείους
3541 3030 3641 3103 γάρ
3660 3027 3711 3082 οὐ

2147 3138 2509 3211 παρεχώρουν
2539 3136 2639 3207 τὴν
2658 3134 2981 3207 τριγαμίαν,
3008 3132 3106 3185 καὶ
3142 3129 3383 3200 ἔφθασεν
3413 3129 3447 3199 ἡ
3474 3126 3713 3196 διαίρεσις

451 3225 587 3281 ctat,
619 3217 840 3286 quando
876 3217 1051 3273 tertiae
1071 3219 1275 3289 nuptiae
1306 3221 1717 3290 permittantur,
1741 3197 2037 3293 et—quando

2147 3233 2312 3305 μέχρι
2339 3231 2433 3284 καὶ
2457 3229 2550 3283 τοῦ
2578 3229 2695 3282 υἱοῦ
2724 3226 2891 3280 αὑτοῦ
2919 3225 3014 3279 τοῦ
3058 3224 3330 3296 βασιλέως
3356 3220 3547 3293 κυρίου
3579 3218 3715 3270 Κωνε

446 3323 593 3377 non;
638 3325 805 3381 quam
837 3311 1176 3367 decisionem
1237 3313 1681 3383 interpretationi
1711 3314 1747 3370 4
1807 3316 2038 3371 canonis

447 3402 625 3457 sancti
658 3401 847 3458 Basilii
898 3404 1162 3460 insertam
1218 3405 1356 3477 lege.
1392 3407 1571 3477 Supra
1619 3409 1808 3464 tertias
1854 3421 2035 3465 autem

445 3495 670 3566 nuptias
694 3496 837 3552 haud
864 3511 1109 3569 unquam
1140 3500 1278 3554 alias
1301 3499 1417 3554 ﬁeri
1452 3500 1677 3556 dixeris.
1697 3499 1835 3556 Nam
1865 3502 2039 3557 tertiae

446 3586 615 3641 etiam
649 3587 855 3656 nuptiae
890 3603 922 3642 a
956 3590 1234 3645 veteribus
1265 3590 1480 3660 legibus
1518 3590 1839 3661 πολυγαμία
1886 3592 2038 3648 dice-

445 3676 672 3733 bantur.
742 3678 918 3737 Porro
948 3681 1015 3737 de
1057 3682 1241 3738 vetitis
1280 3684 1484 3754 nuptiis
1525 3686 1641 3755 lege
1673 3687 1697 3740 1
1727 3694 1783 3740 et
1832 3685 2036 3757 2cap.,

455 3770 597 3824 tituli
622 3771 678 3834 5,
738 3770 866 3827 libri
921 3790 1113 3829 xxvm.
1173 3775 1434 3831 Dividunt
1463 3778 1609 3832 enim
1653 3782 2037 3849 cognationem

450 3861 748 3929 trifariam,
806 3865 860 3919 in
925 3868 1307 3939 ascendentes,
1358 3869 1775 3937 descendentes,
1833 3878 1887 3926 et
1947 3870 2041 3943 qui

452 3956 829 4030 [contingunt]
862 3972 929 4012 ex
955 3970 1290 4016 transverso.
1318 3962 1395 4016 Ex
1431 3963 1635 4032 quibus
1658 3963 2038 4032 ascendentes,

452 4051 675 4121 quidem
718 4053 851 4119 sint,
895 4063 1173 4124 parentes,
1213 4057 1323 4121 avi,
1362 4064 1419 4111 et
1456 4058 1714 4128 deinceps
1747 4076 1759 4112 :
1808 4058 2040 4115 descen-

450 4145 643 4201 dentes
674 4160 824 4212 vero,
847 4145 966 4214 filii,
996 4158 1243 4218 nepotes,
1272 4130 1621 4221 pronepotes,
1661 4160 1716 4206 et
1742 4151 1997 4222 deinceps
2026 4174 2041 4207 :

451 4254 519 4292 ex
548 4247 864 4296 transverso
896 4250 1080 4295 autem
1115 4241 1332 4307 fratres,
1366 4243 1553 4299 fratris
1583 4242 1865 4300 sororisve
1923 4244 2041 4310 filii,

456 4332 641 4398 patrui
680 4332 765 4385 vel
817 4332 1101 4398 avunculi,
1152 4337 1454 4405 patrueles,
1510 4348 1565 4394 et
1597 4340 1875 4409 deinceps.
1919 4336 2042 4411 [Ac]

452 4420 650 4475 deinde
680 4422 908 4478 alteram
936 4426 1102 4481 etiam
1125 4428 1351 4484 abusive
1383 4431 1767 4502 cognationem
1825 4431 2039 4497 dicunt,

454 4528 578 4583 quae
605 4530 667 4569 ex
700 4515 959 4573 afﬁnitate
990 4519 1107 4574 sive
1150 4522 1554 4593 συμπενθερίας
1587 4534 1692 4579 est.
1724 4522 1827 4579 Ubi
1857 4534 2041 4579 autem
2079 4555 2122 4609 ο

452 4607 559 4664 hac
577 4608 643 4663 de
673 4608 781 4682 [re]
840 4627 1153 4669 sermonem
1210 4615 1538 4681 habuerunt,
1570 4625 1735 4687 atque
1776 4619 2046 4689 cujusque

454 4699 801 4768 cognationis
822 4702 1026 4771 gradus
1051 4703 1359 4759 docuerunt
1392 4723 1405 4758 :
1436 4706 1847 4761 ascendentium
1882 4717 2048 4778 atque

453 4790 904 4848 descendentium
941 4796 1182 4865 nuptias,
1211 4798 1431 4853 etiamsi
1456 4816 1520 4853 ex
1555 4799 1812 4872 legitimis
1840 4802 2048 4872 nuptiis

459 4883 624 4958 [nati]
653 4900 758 4941 non
789 4886 920 4952 sint,
972 4888 1028 4940 in
1077 4887 1352 4944 infinitum
1412 4891 1690 4961 prohiberi
1738 4902 2045 4949 asserunt:

458 4992 524 5031 ex
553 4987 869 5033 transverso
901 4988 1082 5034 autem
1108 4991 1470 5051 cognatorum
1499 4984 1945 5054 conjunctionem
1976 4985 2045 5040 ab

457 5082 655 5126 octavo
691 5073 862 5143 gradu
897 5072 1123 5127 liberam
1154 5072 1383 5141 faciunt,
1419 5092 1483 5132 ac
1516 5078 1771 5133 similiter
1796 5078 2044 5134 affinium

459 5165 681 5235 nuptias
719 5180 897 5236 usque
927 5166 995 5221 ad
1021 5177 1235 5221 sextum
1261 5170 1490 5239 gradum
1529 5174 2044 5228 connumerandum

462 5257 787 5326 impediunt.
840 5255 1043 5312 Verum
1082 5270 1378 5331 postquam
1419 5267 1763 5336 temporibus
1808 5269 2045 5325 sanctis-

459 5353 635 5406 simus
676 5350 823 5407 illius
876 5352 1205 5421 patriarchae
1237 5355 1423 5410 domui
1456 5358 1654 5423 Alexii,
1689 5360 1757 5415 de
1814 5361 2049 5430 septimo

459 5445 631 5514 gradu
655 5444 1189 5515 consanguineorum
1225 5446 1492 5504 dubitatio
1524 5452 1716 5509 incidit
1752 5454 2050 5525 (negabant

459 5539 605 5593 enim
639 5540 860 5610 quidam
892 5554 1056 5597 oosse
1088 5544 1400 5614 quempiam
1435 5549 1613 5615 patrui
1643 5549 1825 5619 magni
1880 5564 2050 5620 nepo-

462 5637 532 5691 tis
569 5637 735 5691 ﬁliam
768 5639 967 5696 duccre
990 5656 1239 5702 uxorem,
1269 5649 1556 5711 propterea
1588 5643 1733 5713 quod
1776 5658 1805 5696 a
1836 5642 2051 5713 legibus

464 5732 1009 5801 consanguineorum
1068 5734 1273 5805 nuptiae
1313 5736 1382 5788 ab
1416 5735 1572 5789 initio
1600 5737 1779 5793 octavi
1845 5737 2050 5808 gradus

462 5831 899 5904 permittantur:
956 5833 1047 5888 alii
1108 5848 1238 5889 vero
1304 5832 1655 5902 apponebant
1707 5833 2051 5907 cognationis

2147 3319 2430 3373 σταντίνου
2500 3316 3016 3389 Πορφυρογενήτου.
3080 3312 3383 3383 Ἐξηνέχθη
3438 3306 3713 3381 τηνικαῦτα

2144 3411 2311 3481 τόμος
2341 3411 2368 3461 ὁ
2398 3412 2694 3481 λεγόμενος
2726 3410 2827 3478 τῆς
2865 3408 3114 3470 ὲνώσεως
3134 3404 3525 3476 διαλαμϐάνων
3554 3402 3669 3455 πότε
3692 3400 3723 3451 ὁ

2142 3502 2327 3575 τρίτος
2360 3502 2536 3572 γάμος
2584 3504 3022 3571 παραχωρεῖται,
3054 3500 3151 3553 καὶ
3187 3499 3327 3551 πότε
3349 3496 3434 3551 οὔ.
3474 3496 3580 3548 Καὶ
3605 3491 3717 3545 dva-

2142 3592 2314 3663 γνωθι
2368 3593 2459 3646 τον
2502 3591 2748 3645 τοιοῦτον
2787 3591 2956 3662 τόμον
2998 3588 3465 3660 καταστρωθέντα
3507 3586 3583 3648 εἰς
3629 3582 3714 3652 τὴν

2143 3688 2442 3759 ἑρμηνείαν
2472 3684 2565 3739 τοῦ
2601 3683 2641 3738 δ’
2672 3685 2896 3748 κανόνος
2920 3682 3013 3736 τοῦ
3044 3684 3202 3751 ἁγίου
3258 3679 3568 3733 Βασιλείου.
3607 3677 3715 3728 Ἐπ-

2144 3779 2333 3835 έκεινα
2361 3781 2417 3834 δὲ
2445 3780 2538 3833 τοῦ
2569 3782 2615 3849 γ’
2652 3780 2835 3848 γάμου
2863 3780 2937 3850 μὴ
2964 3777 3091 3849 εἴπῃ
3118 3775 3367 3845 γίνεσθαί
3389 3790 3520 3827 ποτε
3552 3772 3716 3839 ἕτερον

2144 3873 2345 3944 γάμον,
2379 3874 2461 3926 ὅτι
2493 3875 2588 3925 καὶ
2617 3875 2643 3925 ὀ
2674 3873 2722 3941 γ’
2749 3873 2926 3941 γάμος
2962 3871 3115 3942 παρὰ
3136 3872 3248 3931 τοῖς
3274 3868 3526 3930 παλαιοῖς
3551 3863 3715 3932 νόμοις

2145 3963 2464 4034 πολυγαμία
2509 3963 2750 4031 ἐλέγετο·
2798 3963 2926 4032 περὶ
2967 3961 3023 4014 δὲ
3088 3959 3492 4030 κεκωλυμένων
3543 3955 3715 4023 γάμων

2145 4058 2421 4126 ἀνάγνωθι
2454 4057 2515 4110 τὸ
2546 4055 2594 4110 α’
2624 4059 2717 4111 καὶ
2743 4054 2788 4127 β’
2816 4056 3110 4125 κεφάλαιον
3141 4053 3236 4107 τοῦ
3263 4051 3304 4105 ε’
3328 4052 3509 4105 τίτλου
3529 4048 3617 4102 τοῦ
3645 4041 3717 4113 κη’

2151 4151 2389 4222 βιϐλίου.
2442 4150 2725 4221 Διαιροῦσι
2756 4149 2863 4219 γὰρ
2895 4150 2993 4218 τὴν
3028 4148 3356 4215 συγγένειαν
3384 4148 3463 4206 εἰς
3484 4142 3623 4214 τρία,
3651 4138 3716 4199 ei;

2146 4246 2416 4311 ἀνιόντας,
2448 4245 2757 4309 κατιόντας,
2784 4244 2877 4297 καὶ⁸
2900 4243 3024 4305 τοὺς
3046 4244 3109 4294 ἐκ
3138 4240 3395 4309 πλαγίου.
3420 4238 3529 4293 Καὶ
3560 4233 3717 4289 ἀνιόνι

2148 4356 2239 4402 τες
2274 4339 2373 4410 μέν
2430 4340 2569 4393 εἰσιν
2626 4340 2676 4391 οἱ
2731 4340 2929 4406 γονεῖς,
2986 4338 3035 4388 οί
3066 4335 3309 4399 πάπποι,
3366 4332 3461 4386 καὶ
3493 4328 3558 4383 τὰ
3585 4326 3715 4395 ἑξῆς

2150 4432 2434 4495 κατιόντες
2477 4434 2525 4484 οί
2560 4433 2770 4494 παῖδες,
2800 4432 2848 4483 οί
2878 4430 3112 4499 ἔγγονοι,
3144 4429 3195 4481 οἱ
3214 4427 3503 4495 διέγγονοι,
3530 4421 3617 4475 καὶ
3645 4418 3719 4487 ἐφ’

2150 4524 2299 4594 ἑξῆς.
2347 4524 2441 4577 Ἐκ
2467 4524 2700 4592 πλαγίου
2732 4524 2786 4578 δὲ
2808 4524 2859 4576 οί
2889 4522 3134 4590 ἀδελφοὶ,
3158 4521 3208 4574 οί
3230 4519 3463 4588 ἀνεψιοὶ,
3496 4517 3543 4568 οἱ
3580 4514 3717 4571 θεῖοι,

2150 4617 2200 4669 οἱ
2226 4616 2439 4687 πρῶτοι
2465 4615 2767 4684 έξάδελφοι,
2818 4616 2913 4669 καὶ
2961 4614 3178 4683 ἐφεξῆς.
3231 4607 3368 4665 Εἶτα
3394 4610 3607 4677 λέγουσι
3638 4602 3720 4657 καὶ

2150 4708 2348 4775 ἑτέραν
2370 4707 2830 4779 καταχρηστικῶς
2848 4707 3173 4775 συγγένειαν
3191 4704 3289 4776 τὴν
3312 4702 3373 4767 ἐξ
3396 4696 3716 4771 ἀγχιστείας,

2151 4803 2272 4874 ἦτοι
2304 4800 2729 4872 συμπενθερίας.
2784 4801 2892 4853 Καὶ
2953 4800 3095 4871 μετὰ
3123 4797 3186 4852 τὸ
3232 4798 3462 4869 ποιῆσαι
3487 4793 3577 4846 τὸν
3605 4788 3718 4858 περὶ

2149 4896 2341 4949 τούτου
2373 4895 2533 4962 λόγον
2558 4892 2654 4947 καὶ
2684 4893 2893 4960 διδάξαι
2940 4893 3070 4955 τοὺς
3101 4890 3348 4961 βαθμοὺς
3378 4889 3478 4959 τῆς
3502 4883 3719 4947 ἑκάστης

2152 4989 2476 5059 συγγενείας
2519 4987 2839 5061 διορίζονται
2888 4985 3118 5056 τῶνξμὲν
3149 4983 3432 5047 ἀνιόντων,
3474 4976 3567 5033 καὶ
3599 4988 3718 5028 κατ-

2155 5085 2344 5137 ιόντων
2398 5082 2524 5146 τοὺς
2559 5082 2774 5152 γάμους
2805 5083 2883 5145 είς
2913 5080 3220 5152 ἀπέραντον
3253 5072 3579 5135 κωλύεσθαι,
3623 5064 3716 5120 κᾶν

2158 5177 2232 5248 μὴ
2262 5175 2319 5242 ἐξ
2353 5175 2606 5245 εὐνόμων
2630 5169 2732 5228 ῶσι
2762 5173 2958 5245 γάμων
2980 5189 2993 5203 ·
3029 5173 3139 5225 τῶν
3161 5171 3218 5226 δὲ
3252 5173 3316 5223 ὲκ
3338 5164 3567 5234 πλαγίου
3598 5174 3715 5225 συγ·

2155 5269 2332 5339 γενῶν
2364 5266 2660 5321 ἀπολύουσι
2688 5265 2787 5339 τὴν
2825 5267 3125 5335 συνάφειαν
3154 5262 3263 5318 ἀπὸ
3301 5259 3398 5314 τοῦ
3421 5256 3472 5327 η’
3503 5254 3714 5325 βαθμουο

2152 5364 2248 5417 καί·
2278 5362 2387 5416 τῶν
2425 5361 2483 5427 ἐξ
2512 5362 2835 5431 ἀγχιστείας
2865 5362 2994 5425 τοὺς
3022 5359 3239 5429 γάμους
3262 5352 3606 5427 έμπόδιζουσι
3634 5343 3716 5417 μέ-

2153 5474 2279 5529 χρις
2315 5453 2368 5521 ς’
2399 5455 2612 5526 βαθμοῦ
2640 5455 2736 5508 καὶ
2761 5455 2950 5509 αὐτοῦ.
2996 5453 3150 5507 Ἐπεὶ
3176 5452 3231 5505 δὲ
3263 5450 3354 5503 ἐπὶ
3381 5446 3488 5501 τῶν
3514 5437 3715 5513 ἡμερῶν

2152 5553 2247 5607 τοῦ
2297 5551 2843 5621 ἀγιωτάτουὲκείνου
2886 5549 3229 5620 πατριάρχου
3270 5540 3461 5614 κυρίου
3498 5530 3712 5596 Ἀλεξίου

2152 5650 2377 5718 γέγονεν
2405 5646 2707 5717 ἀμφιϐολία
2736 5645 2898 5715 χάριν
2929 5643 3023 5697 τοῦ
3060 5641 3092 5707 ζ
3127 5636 3336 5710 βαθμοῦ
3367 5633 3460 5688 τοῦ
3486 5626 3711 5694 ὲξξαῖμα·

2153 5758 2265 5806 τος.
2285 5740 2463 5809 (Τινὲς
2503 5740 2601 5807 μὲν
2629 5738 2737 5809 γὰρ
2774 5737 2962 5806 ἔλεγον
2989 5734 3063 5806 μὴ
3091 5729 3346 5787 δύνασθαι
3376 5726 3463 5780 τὸν
3484 5718 3709 5785 δεύτερον

2159 5835 2452 5904 ἑξάδελφον
2480 5832 2783 5905 λ.αμ6;ἱνειν
2814 5831 2912 5902 τὴν
2937 5827 3213 5898 θυγατέρα
3242 5821 3330 5877 τοῦ
3353 5810 3704 5882 δισεξαδέλφτνι
