3928 6246
266 249 407 315 1173

1309 252 1798 314 NOMOCANON.
1840 255 1990 315 TIT.
2033 254 2206 331 XIII,
2247 257 2408 318 CAP.
2451 257 2529 316 II.

3408 243 3558 308 1174.

261 371 425 424 αὐτοῦ
455 373 535 435 είς
553 373 793 440 γυναῖκα
822 370 910 424 διὰ
941 371 1003 425 τὸ
1025 370 1398 444 ἐπιτραπῆναι
1420 369 1527 423 ὐπδ
1547 367 1656 422 τῶν
1676 369 1855 441 νόμων

1969 380 2176 428 sextum
2221 372 2452 442 gradum
2508 370 2787 444 prohiberi
2835 369 3122 435 duntaxat,
3175 380 3239 422 ac
3265 361 3542 440 [proinde]

261 462 385 523 τοὺς
416 462 632 532 γάμους
669 463 776 515 τῶν
827 463 885 528 ἐξ
935 462 1170 532 αἵματος
1218 461 1498 530 συγγενῶν
1550 461 1647 514 ἀπ’
1675 459 1852 532 ἀρχῆς

260 555 356 607 τοῦ
385 553 435 625 η’
469 552 704 625 βαθμοῦ.
736 554 954 625 ’Έτεροι
984 553 1041 606 δὲ
1073 552 1414 608 ἀπετίθεντο
1438 551 1530 606 τὸν
1564 553 1629 606 ὲκ
1655 569 1854 621 συγγε-

260 647 412 710 νείας
445 649 498 714 ς⁸
525 647 732 719 βαθμὸν
759 646 1075 715 κωλυθῆναι
1105 648 1286 718 μόνον,
1308 645 1402 699 καὶ
1429 646 1666 716 ὀφείλειν
1694 645 1786 698 τὸν
1809 644 1853 709 ζ¹

260 733 403 821 εἶναι
438 738 741 805 ἀκώλυτον,
770 741 845 804 ὡς
870 739 1009 812 μηδὲ
1034 738 1370 810 κωλυθέντα)
1396 738 1591 805 διέγνω
1619 739 1646 789 ὁ
1667 735 1854 808 ῥηθεὶς

271 831 622 904 πατριάρχης
655 833 795 903 μετά
820 835 919 904 τῆς
949 831 1250 902 τηνικαῦτα
1267 829 1702 902 παρευρεθείσης
1726 844 1854 880 συν-

259 923 384 978 όδου
421 925 594 979 ταῦτα
632 922 834 997 ῥητῶς.
873 926 1027 979 Ἐπεὶ
1056 923 1149 978 οῦν
1176 926 1203 977 ὁ
1233 923 1329 994 μὲν
1350 922 1628 984 Βασίλειος
1669 921 1714 984 ζ’
1755 919 1855 991 βα·

209 1079 218 1082 .
259 1017 399 1086 alio“
431 1020 496 1089 τῇ
553 1017 840 1090 θεοκτίστῃ
869 1018 1230 1088 καθέστηκεν,
1265 1019 1292 1070 ὁ
1340 1016 1396 1069 δὲ
1429 1016 1592 1086 νόμος
1626 1013 1849 1084 ἐπιτρέ-

259 1125 353 1162 πει
381 1111 495 1173 τοῖς
524 1109 570 1179 η’
608 1109 823 1180 βαθμοῦ
857 1109 994 1179 πρὸς
1030 1108 1295 1180 ἀλλήλους
1330 1105 1453 1160 οὖσι
1497 1105 1588 1159 τὸν
1641 1107 1851 1176 γάμον·

259 1202 602 1273 ἀπαγορεύει
636 1203 693 1256 δὲ
720 1204 834 1266 τοῖς
866 1200 919 1268 ς’
950 1203 1062 1266 τοῖς
1099 1219 1163 1270 γε
1193 1201 1290 1273 μὲν
1315 1200 1357 1264 ζ’
1391 1199 1629 1270 οὐδαμοῦ
1647 1198 1852 1270 ᾠκονό-

264 1311 439 1365 μηται
461 1293 553 1348 τὸν
585 1293 832 1349 τοιοῦτον
858 1294 1036 1364 γάμον
1064 1292 1169 1362 πρὸ
1196 1291 1294 1362 μὲν
1324 1290 1418 1344 τοῦ
1450 1289 1746 1362 προϐῆναι,
1779 1288 1855 1360 μὴ

262 1385 692 1457 ἐπιτρέπεσθαι,
728 1387 870 1456 μετά
910 1385 967 1442 δὲ
1003 1383 1062 1438 τὸ
1106 1382 1378 1454 προϐῆναι
1421 1383 1496 1454 μὴ
1520 1381 1854 1436 διασπᾶσθαι

265 1479 388 1548 μὲν,
423 1479 722 1550 ἐπιτιμίοις
750 1478 806 1532 δὲ
828 1476 1360 1532 καθυποϐάλλεσθαι.
1408 1476 1656 1547 Ἐκράτει
1680 1470 1774 1527 οὖν
1794 1473 1856 1527 τὸ

257 1570 506 1625 τοιοῦτον
537 1570 820 1625 συνοδικὸν
869 1569 1152 1641 θέσπισμα
1207 1569 1370 1642 μέχρι
1409 1567 1509 1638 τῆς
1545 1565 1855 1638 ἐφημερίας

254 1664 353 1718 τοῦ
399 1665 711 1734 ἀγιωτάτου
758 1664 972 1719 ἐκείνου
1003 1663 1351 1735 πατριάρχου
1405 1661 1597 1734 κυρίου
1646 1661 1850 1715 Λουκᾶ.

1958 463 2253 533 septimum
2289 465 2515 536 gradum
2546 465 2941 534 impedimento
2975 475 3170 517 vacare
3207 459 3424 523 debere,
3455 464 3543 511 ut-

1957 562 2086 623 pote
2112 555 2206 626 qui
2230 557 2544 626 prohibitus
2594 572 2703 612 non
2736 557 2828 626 sit)
2867 553 3060 611 statuit
3087 553 3267 607 dictus
3309 549 3547 606 sanctis-

1957 648 2133 705 simus
2184 651 2647 722 patriarcbacum
2684 648 2898 720 synodo
2932 655 3065 702 tunc
3101 653 3292 701 coacta
3326 629 3443 698 huc
3477 641 3547 695 ad

1956 743 2183 798 verbum
2222 763 2235 800 :
2266 743 2719 814 Quandoquidem
2742 743 2910 814 igitur
2934 740 3172 796 Basilius
3195 736 3549 793 Theoctisteu

1958 836 2193 904 septimo
2227 838 2399 907 gradu
2435 836 2725 905 contingit,
2758 844 2813 890 et
2833 833 2921 888 lex
2952 839 3148 888 octavo
3168 829 3342 900 gradu
3373 842 3433 883 se
3461 827 3548 880 in-

1956 924 2133 984 vicem
2166 926 2616 998 contingentibus
2672 923 3088 980 matrimonium
3130 918 3448 992 permittitﬂ
3479 930 3545 970 ac

1965 1033 2101 1074 vero
2126 1030 2285 1076 sexto
2318 1019 2769 1090 contingentibus
2793 1015 3091 1080 interdicit,
3114 1013 3346 1084 septimo
3365 1020 3558 1063 autem.

1959 1128 2332 1184 nequaquam,
2367 1112 2682 1166 ordinatum
2710 1121 2797 1165 est
2826 1117 2885 1163 ut
2927 1104 3239 1164 istiusmodi
3262 1101 3548 1158 matrimo-

1959 1205 2140 1272 nium,
2172 1206 2500 1276 priusquam
2518 1204 2799 1275 procedat,
2821 1217 2929 1256 non
2964 1199 3312 1272 permittatur
3345 1211 3358 1248 :
3397 1202 3550 1265 post-

1959 1315 2125 1370 quam
2168 1309 2348 1353 autem
2385 1297 2736 1368 processerit,
2781 1309 2891 1350 non
2944 1293 3237 1348 divellatur
3266 1305 3280 1342 :
3306 1289 3402 1343 sed
3453 1285 3551 1354 qui

1959 1395 2032 1448 ita
2061 1392 2342 1462 conjuncti
2361 1390 2586 1458 fuerint,
2615 1389 2796 1461 pinnis
2841 1386 3230 1456 subjiciantur.
3292 1380 3552 1436 Obtinuit

1958 1482 2144 1554 itaque
2161 1483 2485 1556 synodicum
2517 1483 2621 1537 hoc
2680 1479 2966 1535 oraculum
2984 1485 3178 1547 "usque
3209 1475 3274 1529 ad
3303 1481 3550 1541 tempora

1959 1578 2295 1634 sanctissimi
2354 1577 2500 1632 illius
2565 1575 2890 1646 patriarchae
2928 1570 3117 1627 domui
3158 1567 3340 1623 Lucae.
3397 1565 3553 1620 Tunc

1958 1682 2164 1738 autem,
2207 1671 2322 1727 sive
2360 1684 2550 1726 mense
2571 1668 2766 1739 Aprili,
2793 1665 3094 1721 indictione
3133 1663 3221 1727 Η,
3273 1674 3419 1714 anno
3459 1656 3552 1730 [ab

265 1759 313 1810 Τ
317 1757 589 1827 ηνικαῦτα
627 1758 683 1812 δὲ
715 1758 836 1829 ἦτοι
870 1756 1012 1811 κατά
1038 1757 1130 1810 τὸν
1145 1754 1628 1829 Ἀπρίλλιονξμῆνα
1660 1753 1763 1824 τῆς
1792 1753 1848 1806 ιδ“

1969 1771 2089 1825 orbe
2139 1765 2386 1839 condito]
2437 1765 2598 1832 6676,
2657 1764 2750 1819 ubi
2797 1760 3076 1833 quondam
3139 1753 3552 1813 saeratissimus

261 1850 582 1915 ίνδικτιὸνος
629 1850 723 1906 τοῦ
787 1848 950 1922 ςχος¹
1028 1850 1184 1914 ἔτους
1250 1849 1637 1919 ἀνενεγκόντος
1698 1865 1855 1902 συνοοι

257 1942 432 2005 δικῶς
486 1941 584 1995 τοῦ
637 1941 1006 2013 ἀποιχομένου
1083 1941 1380 2012 ίερωτάτου
1447 1937 1850 2011 μητροπολίτου

270 2035 540 2106 ’Λθηνῶν,
569 2037 663 2090 καὶ
690 2035 995 2107 ὑπερτίμου
1021 2034 1215 2106 κυρίου
1243 2032 1514 2086 Νικολάου
1547 2030 1642 2084 τοῦ
1678 2032 1859 2100 Ἀγιο-

257 2128 604 2199 θεοδωρήτου
637 2127 880 2198 μεγάλην
907 2125 1159 2180 ἐντεῦθεν
1180 2125 1424 2197 ψυχικὴν
1461 2123 1668 2196 βλάϐην
1703 2124 1857 2191 γίνε-

261 2221 389 2274 σθαι
410 2223 494 2285 εἰς
525 2221 680 2284 τινὰς
713 2220 822 2276 τῶν
864 2220 969 2273 ὐπὸ
998 2219 1098 2291 τὴν
1130 2218 1346 2291 ἐνορίαν
1369 2217 1535 2273 αὐτοῦ
1576 2217 1858 2290 κρυφογά-

265 2333 404 2385 μους
464 2314 510 2379 ζ’
563 2313 774 2386 βαθμοῦ
827 2313 1202 2386 πεποιηκότας
1257 2313 1348 2366 διὰ
1413 2313 1502 2366 τὸν
1544 2311 1712 2382 φόὸον
1750 2311 1860 2364 τῶν

261 2409 586 2479 ἐπιτιμίων,
619 2409 914 2478 διάγνωσις
944 2407 1137 2478 γέγονε
1163 2406 1418 2478 συνοδικὴ
1439 2406 1611 2460 ταῦτα
1633 2407 1864 2477 διαλαμ-

267 2501 534 2558 ϐάνουσα.
571 2502 670 2555 Διά
709 2500 842 2570 γοῦν
885 2501 1063 2556 ταῦτα
1097 2503 1132 2574 ἡ
1162 2501 1452 2574 μετριότης
1512 2500 1670 2572 ήμῶν
1724 2498 1863 2571 μετὰ

264 2594 366 2664 τῆς
393 2595 544 2666 ἱερᾶς
564 2595 929 2666 ἀδελφότητος
955 2594 1054 2666 τὴν
1077 2595 1366 2664 γεγονυῖαν
1395 2592 1546 2665 παρά
1569 2590 1668 2645 τοῦ
1695 2592 1864 2661 ἀγιω-

265 2690 432 2741 τάτου
465 2687 676 2740 ἐκείνου
708 2688 1050 2761 πατριάρχου
1080 2686 1272 2760 κυρίου
1315 2685 1552 2750 Ἀλεξίου
1580 2685 1866 2754 συνοδικὴν

268 2780 590 2851 οἰκονομίαν
626 2780 720 2834 ἐπὶ
753 2780 832 2852 τῷ
865 2779 1047 2851 ῥητῶς
1077 2780 1197 2849 ,ὑπὸ
1245 2778 1339 2834 τοῦ
1372 2777 1654 2833 πολιτικοῦ
1697 2777 1863 2847 νόμου

273 2874 349 2945 μὴ
383 2873 692 2928 κωλυθέντι
722 2875 816 2927 ἐπὶ
840 2873 950 2928 τῶν
968 2873 1028 2940 ἐξ
1057 2874 1290 2945 αἵματος
1323 2872 1366 2938 ζ’
1397 2871 1610 2944 βαθμοῦ
1645 2872 1864 2942 γάμων,

274 2967 412 3038 μήτε
445 2966 704 3036 καθαρῶς
753 2965 1111 3038 ὲπιτραπέντι
1151 2967 1521 3039 κρατύνουσα,
1549 2967 1644 3021 καὶ
1677 2965 1868 3038 στηρί-

271 3058 468 3124 Cous-at,
510 3059 607 3112 καὶ
653 3051 766 3112 οἷον
801 3059 1279 3130 έφερμηνεύουσα,
1315 3060 1410 3113 καὶ
1466 3058 1866 3129 σαφηνίζουσα,

270 3149 395 3220 ἅμα
435 3149 492 3202 δὲ
523 3149 619 3202 καὶ
650 3149 714 3202 τὸ
745 3148 856 3203 τῶν
912 3148 1124 3203 πολλῶν
1197 3149 1510 3222 κακοῦργόν
1555 3167 1615 3204 τε
1653 3150 1746 3204 καὶ
1774 3165 1868 3202 πε-

273 3241 502 3313 ρίεργον
536 3241 970 3312 περικόπτουσα,
1004 3242 1100 3296 καὶ
1119 3237 1232 3295 οἷον
1265 3243 1330 3295 ἐκ
1354 3240 1512 3314 ῥίζης
1534 3243 1710 3312 αὐτῆς
1738 3243 1872 3295 ἀνα-

269 3333 492 3399 σπῶσα,
525 3332 614 3388 ἵνα
648 3332 725 3406 μὴ
757 3337 851 3389 καὶ
879 3333 963 3389 ἔτι
996 3335 1346 3407 παρανομίας
1385 3335 1706 3407 έξανατείλῃ
1742 3335 1872 3406 βλα-

269 3427 376 3498 στή
387 3444 556 3498 ματα,
579 3428 672 3480 καὶ
699 3429 868 3482 τέκνα
899 3430 1137 3502 μωμητά
1163 3428 1470 3501 πληθυνθῇ,
1501 3430 1596 3482 καὶ
1621 3431 1729 3486 υίοὶ
1761 3429 1870 3483 τῶν

269 3515 438 3570 θείων
472 3517 657 3585 νόμων
705 3517 1020 3588 αὐξηθῶσιν
1063 3519 1348 3591 ἀλλότριον
1380 3520 1473 3573 τὸν
1508 3522 1572 3574 ὲκ
1624 3519 1717 3573 τοῦ
1757 3537 1870 3572 τοιο

267 3605 434 3662 ούτου
469 3606 680 3678 βαθμοῦ
713 3609 893 3682 γάμον
926 3611 985 3663 οὐ
1029 3609 1190 3680 μόνον
1249 3608 1604 3680 ἐρωτώμενον
1638 3607 1871 3679 προϐαί-

269 3714 388 3750 νειν
417 3698 641 3766 κωλύει,
671 3699 808 3755 ἀλλά
845 3701 944 3754 καὶ
973 3701 1111 3771 πρὸς
1141 3699 1468 3771 ἐρωτήσεως
1498 3699 1871 3770 γεγενημένον

265 3791 608 3848 διασπᾶσθαι
647 3792 1020 3847 διακελεύεται
1079 3792 1320 3864 παντελῆ
1364 3790 1458 3845 τοῦ
1488 3791 1733 3845 τοιούτου
1766 3793 1871 3862 γά-

275 3903 383 3958 μου
411 3886 614 3955 ἀργίαν
657 3886 1158 3960 καταψηφιζομένη
1197 3885 1306 3940 ἀπὸ
1343 3886 1443 3954 τῆς
1494 3887 1734 3958 σήμερον
1765 3885 1873 3939 τῶν

272 3979 608 4050 φθασάντων
641 3981 897 4049 γενέσθαι
931 3981 1192 4034 τοιούτων
1221 3980 1416 4050 γάμων
1467 3980 1616 4050 μένει
1652 3979 1873 4033 πάντων

271 4071 607 4142 ὀφειλόντων
635 4073 1046 4132 ἀδιασπάστων.
1079 4075 1152 4126 Τὸ
1189 4073 1320 4143 γοῦν
1347 4073 1456 4127 ἀπὺ
1492 4073 1645 4126 τοῦδε
1684 4075 1731 4127 oi
1764 4091 1874 4128 τοι-

274 4168 438 4223 οῦτον
463 4169 644 4239 γάμον
696 4170 964 4239 συστῆσαι
1004 4168 1392 4240 τολμήσοντες,
1442 4167 1504 4220 οὐ
1563 4169 1724 4237 μόνον
1774 4167 1870 4221 τοῦ

273 4260 482 4313 οἰκείου
513 4258 717 4314 σκοποῦ
740 4259 995 4330 οὐδαμῶς
1025 4258 1414 4322 ἀπολαύσουσι,
1446 4256 1584 4311 ἀλλά
1609 4258 1704 4311 καὶ
1734 4256 1874 4328 μετά

273 4350 382 4420 τῆς
412 4348 512 4403 τοῦ
563 4350 809 4404 τοιούτου
867 4349 1316 4422 συναλλάγματος
1365 4349 1735 4416 διασπάσεως,
1781 4349 1874 4402 καὶ

1957 1861 2417 1932 metropolitanus
2455 1857 2806 1914 Atheniensis
2853 1865 2908 1909 et
2937 1851 3266 1908 venerabilis
3315 1849 3554 1904 domnus

1957 1955 2244 2012 Nicotlaus
2268 1950 2837 2025 gllagiotheodoritus,
2869 1961 3124 2018 magnam
3165 1944 3293 2001 inde
3339 1943 3554 1997 anima-

1960 2063 2083 2104 rum
2126 2048 2403 2116 jacturam
2452 2043 2751 2110 aliquibus,
2783 2042 2880 2110 qui
2916 2041 2970 2094 in
3005 2035 3394 2110 jurisdictione
3453 2048 3555 2087 sua

1968 2155 2256 2212 poenarum
2312 2148 2458 2194 metu
2491 2138 2635 2192 clam
2681 2137 2736 2191 in
2770 2134 3007 2204 septimo
3043 2130 3220 2204 gradu
3269 2127 3557 2183 matrimo-

1968 2235 2125 2290 nium
2186 2231 2618 2295 contraxissent,
2651 2227 2914 2284 obvenire
2948 2226 3002 2279 in
3047 2222 3283 2280 concilio
3337 2218 3558 2276 retulis-

1963 2335 2087 2382 sent
2129 2343 2144 2388 ι
2177 2323 2381 2380 factum
2426 2332 2512 2378 est
2571 2321 2896 2394 synodicum
2928 2325 3219 2382 statutum,
3254 2314 3402 2384 quod
3441 2312 3558 2366 haec

1965 2418 2370 2488 complectitur.
2399 2414 2630 2483 Propter
2660 2414 2777 2467 haec
2807 2412 2972 2482 igitur
3001 2409 3336 2482 [moderatio
3368 2413 3555 2460 nostra

1967 2526 2092 2566 cum
2124 2503 2470 2577 sanctorum]
2509 2503 2739 2559 fratrum
2770 2512 2942 2566 coetu,
2976 2499 3174 2555 factum
3201 2514 3232 2552 a
3264 2495 3552 2551 sanctissi-

1966 2618 2058 2658 mo
2113 2602 2206 2656 illo
2254 2598 2569 2675 patriarcha
2609 2598 2813 2652 domno
2874 2592 3065 2648 Alexio
3109 2591 3176 2645 de
3221 2585 3558 2655 consangui-

1968 2710 2199 2753 neorum
2231 2695 2283 2747 in
2305 2691 2540 2762 septimo
2567 2688 2738 2760 gradu
2780 2685 3158 2748 matrimonio,
3193 2697 3221 2736 a
3259 2680 3410 2736 civili
3443 2679 3560 2748 lege

1970 2802 2148 2859 neque
2163 2799 2426 2856 expresse
2452 2782 2750 2853 prohibito,
2767 2794 2944 2850 neque
2969 2777 3247 2832 evidenter
3263 2772 3558 2844 permisso,

1971 2880 2290 2954 synodicam
2344 2875 2746 2933 ordinationem
2818 2872 3186 2927 corroborans
3243 2874 3298 2922 et
3357 2863 3558 2920 contir-

1973 2991 2152 3040 mans,
2191 2989 2255 3028 ac
2315 2970 2485 3026 veluti
2509 2970 2900 3038 ~interpretans
2928 2974 2986 3019 et
3031 2963 3355 3034 explanans,
3392 2955 3560 3014 simul

1973 3083 2104 3123 vero
2131 3065 2276 3137 quod
2332 3061 2522 3118 multis
2577 3060 2807 3115 noxium
2859 3065 2944 3113 est
2992 3065 3047 3111 et
3086 3063 3556 3124 supervacaneum

1974 3173 2252 3223 reserans,
2284 3152 2550 3226 quasique
2575 3152 2644 3206 ab
2680 3151 2801 3220 ipsa
2837 3147 3021 3202 radice
3052 3143 3321 3199 revellens
3354 3159 3368 3194 :
3412 3147 3560 3194 utne

1974 3252 2210 3324 amplius
2237 3247 2520 3319 illegitima
2553 3241 2926 3315 suppullulent
2960 3237 3232 3307 germina,
3264 3247 3441 3324 neque
3475 3231 3560 3284 vi-

1973 3323 2308 3412 tuperabiles
2344 3336 2772 3408 rnultipliceutur
2811 3330 2988 3397 liberi,
3046 3342 3226 3397 neque
3263 3323 3502 3377 ﬁliorum
3529 3336 3559 3375 a

1973 3433 2172 3489 divinis
2211 3431 2424 3503 legibus
2471 3425 3136 3493 alienorum’inaugcscat
3188 3413 3502 3490 [numerus]
3542 3430 3556 3468 :

1974 3527 2138 3583 istius
2187 3525 2390 3596 gradus
2441 3519 2856 3578 matrimonium
2914 3531 3022 3570 non
3077 3513 3238 3568 modo
3266 3527 3392 3566 cum
3439 3508 3560 3578 ejus

1976 3617 2387 3695 [contrahendi]
2442 3615 2675 3672 facultas
2732 3613 2956 3684 petitur,
3003 3606 3300 3680 prohibet:
3344 3618 3566 3659 verum-

1973 3713 2137 3768 etiam
2170 3719 2295 3765 ante
2321 3709 2636 3780 petitionem
2663 3710 3003 3760 contractum
3037 3696 3269 3753 distrahi
3290 3695 3479 3766 jubet:
3507 3703 3568 3748 ut

1975 3801 2045 3858 ab
2081 3802 2349 3857 hodierno
2378 3799 2466 3862 die
2493 3796 2810 3866 hujusmodi
2859 3789 3273 3849 matrimonium
3334 3803 3567 3854 prorsus

1976 3907 2175 3961 cesset,
2207 3908 2440 3950 censcns
2472 3911 2486 3947 :
2516 3901 2697 3946 tamen
2725 3898 2782 3944 ut
2803 3889 2915 3959 jam
2943 3894 3225 3943 contracta
3254 3881 3570 3938 istiusmodi

1977 3988 2332 4045 matrimonia
2369 3988 2552 4042 modis
2601 3983 2857 4040 omnibus
2908 3982 3182 4037 iudivulsa
3224 3993 3446 4034 manere
3472 3977 3567 4032 de-

1976 4085 2163 4140 beant.
2192 4082 2298 4149 Qui
2333 4082 2520 4151 itaque
2553 4077 2875 4149 hujusmodi
2914 4073 3326 4130 matrimonium
3360 4073 3427 4126 de
3457 4087 3564 4126 cm-

1979 4183 2096 4229 tero
2151 4171 2480 4228 contrahere
2536 4169 2842 4232 audebunt,
2876 4181 2985 4221 non
3041 4166 3219 4221 solum
3275 4162 3558 4235 proposito

1977 4266 2081 4322 sibi
2113 4264 2270 4338 [line]
2312 4261 2539 4322 omnino
2565 4275 2674 4316 non
2705 4259 2957 4314 fruentur
2992 4275 3006 4323 ;
3039 4271 3231 4312 verum
3265 4262 3390 4325 post
3439 4253 3561 4322 ejus

1976 4367 2294 4438 contractus
2335 4355 2769 4422 distractionem,
2821 4360 3079 4421 tanquam
3137 4347 3425 4418 praesentis
3473 4360 3567 4416 sy-

277 4441 579 4514 ἀφορισμῷ
610 4441 1210 4514 καθυποϐληθήσονται,
1233 4442 1307 4506 ὡς
1336 4441 1431 4498 τοῦ
1459 4441 1725 4512 παρόντος
1751 4457 1865 4495 συν·

1980 4453 2195 4508 nodalis
2255 4451 2445 4508 statuti
2510 4455 2960 4516 contemptores,
3027 4442 3232 4513 quique
3271 4448 3568 4513 cognatum

273 4535 460 4589 οδικοῦ
513 4534 747 4607 ὁρισμοῦ
798 4537 1235 4608 καταφρονηταὶ,
1279 4536 1374 4590 καὶ
1441 4535 1515 4598 ὡς
1568 4535 1872 4604 συγγενικά

278 4628 607 4699 συγχέοντες
663 4628 906 4699 αἵματα,
947 4629 1060 4682 οἵτε
1098 4630 1211 4692 τοῖς
1256 4627 1400 4681 οὕτω
1447 4626 1871 4681 συναλλάττουσι

283 4721 704 4785 συναινέσοντες
733 4721 1039 4793 αὐστηρίας
1083 4724 1379 4792 κανονικῆς
1414 4719 1870 4792 πειραθήσονται,

278 4818 373 4869 καὶ
408 4816 461 4868 οἱ
491 4814 840 4887 ίερολογῆσαι
873 4815 1240 4887 τολμήσοντες
1271 4814 1591 4885 καθαιρέσει
1633 4815 1874 4887 ὑποϐλη-

281 4906 567 4978 θήσονται.
605 4907 804 4976 Γέγονε
837 4907 895 4960 δὲ
922 4908 1015 4960 ἐπὶ
1039 4906 1251 4970 τούτοις
1287 4907 1382 4961 καὶ
1412 4907 1748 4978 πρόσταγμα
1779 4903 1871 4958 τοῦ

276 4997 547 5068 κραταιοῦ
581 4999 674 5052 καὶ
719 4998 880 5068 ἁγίου
918 4999 1076 5070 ἡμῶν
1129 4998 1393 5070 βασιλέως
1433 4997 1703 5052 ἀπολυθὲν
1732 4998 1876 5052 κατά

278 5092 372 5146 τὸν
406 5092 586 5146 Μάῐον
619 5091 766 5164 μῆνα
806 5096 906 5165 τῆς
936 5095 1104 5163 αὐτῆς
1146 5094 1456 5155 ίνδικτιόνος
1503 5092 1874 5165 διοριζόμενον

281 5185 340 5238 ἐν
392 5184 553 5256 μέρει
582 5184 776 5253 ταῦτα,
816 5186 1096 5258 τοιγάρτοι
1124 5187 1220 5240 καὶ
1249 5189 1281 5256 ἡ
1318 5186 1562 5260 βασιλεία
1585 5185 1745 5257 ἡμῶν
1774 5184 1874 5256 τήν

281 5275 573 5348 συνοδικὴν
603 5275 810 5349 ταύτην
848 5279 941 5330 ἐπὶ
985 5277 1064 5350 τῷ
1106 5278 1396 5351 ζητηθέντι
1426 5280 1722 5350 ἀπόκρισιν
1781 5261 1871 5350 ἦτ’

280 5368 484 5439 ἀληθὲς
515 5369 693 5422 εἰπεῖν
738 5369 1083 5444 ὁροθέτησιν,
1117 5371 1191 5435 ὡς
1227 5371 1514 5438 ἑπομένως
1553 5374 1667 5436 τοῖς
1709 5353 1874 5434 θείοις

282 5462 476 5517 κανόσι
501 5501 516 5524 ,
551 5463 649 5516 καὶ
680 5465 792 5525 τοῖς
831 5464 1132 5529 πολιτικοῖς
1176 5465 1492 5520 ὲκτεθείσαν
1532 5468 1717 5539 νόμοις
1779 5469 1876 5520 ἐπ-

285 5558 470 5628 έκρινε
501 5556 598 5611 καὶ
622 5559 866 5632 ικρατεῖν
917 5560 995 5621 είς
1026 5558 1091 5611 τὸ
1129 5558 1276 5632 ἑξῆς,
1303 5560 1396 5614 καὶ
1437 5560 1876 5631 ἀμετατρέπτως

286 5649 430 5721 ἔχειν
461 5650 544 5714 εἰς
572 5649 634 5704 τὸ
664 5649 917 5720 διηνεκὲς
958 5651 1280 5724 διορίζεται,
1330 5653 1430 5723 τῆς
1465 5654 1638 5725 αὐτῆς
1678 5672 1870 5708 κοινω-

287 5745 454 5800 νοῦσα
482 5744 714 5817 γνώμης
744 5745 838 5798 ἐπὶ
875 5749 939 5819 τῇ
966 5746 1118 5800 λύσει
1167 5746 1259 5801 τοῦ
1305 5749 1669 5820 προκειμένου
1708 5747 1873 5822 ζητή-

1978 4545 2302 4616 sanguinem
2356 4539 2726 4604 confundunt,
2769 4533 3350 4610 excommunicationi
3403 4533 3568 4588 etiam

1975 4638 2357 4710 subjicientur.
2406 4632 2511 4701 Qui
2543 4649 2670 4688 vero
2702 4633 2776 4687 ita
2826 4625 3289 4704 [matrimonium]
3344 4634 3567 4680 contra-

1975 4733 2230 4790 hentibus
2253 4744 2544 4787 assensum
2573 4725 2928 4798 praebuerint,
2949 4723 3267 4779 austeritate
3302 4719 3570 4775 canonica

1977 4827 2355 4884 tentabuntur.
2399 4822 2468 4877 Et
2493 4822 2583 4893 qui
2612 4819 2745 4895 [tale
2778 4815 3216 4887 matrimonium]
3242 4827 3569 4870 consecrare

1976 4920 2097 4975 ausi
2126 4918 2358 4982 fuerint,
2381 4914 2671 4986 dejectioni
2701 4912 2790 4986 [de
2816 4909 3152 4982 sacerdotio]
3181 4907 3567 4979 subjicientur.

1977 5005 2133 5062 Edita
2159 5015 2242 5062 est
2294 5005 2457 5060 etiam
2497 5011 2758 5074 praeterea
2792 5017 2981 5059 mense
3014 4999 3156 5054 Maio
3183 4999 3426 5068 ejusdem
3485 4997 3572 5050 in-

1977 5101 2235 5158 dictionis
2284 5098 2527 5170 potentis
2559 5104 2725 5167 atque
2768 5094 2942 5150 sancti
2992 5092 3165 5146 nostri
3218 5089 3569 5160 imperatoris

1972 5191 2174 5265 jussio,
2231 5205 2353 5258 quae
2394 5186 2596 5259 partim
2651 5185 2770 5239 haec
2821 5180 3054 5237 statuit:
3099 5177 3367 5245 Quocirca
3400 5177 3568 5232 etiam

1980 5283 2340 5356 imperatoria
2380 5289 2568 5335 nostra
2597 5277 2883 5348 majestas,
2924 5274 3174 5328 eamdem
3205 5273 3272 5327 de
3296 5272 3570 5326 solutione

1979 5376 2274 5448 propositae
2320 5372 2640 5444 quaestionis
2682 5367 3008 5426 sententiam
3039 5381 3164 5422 cum
3200 5363 3556 5420 sanctissimo

1977 5469 2202 5525 domino
2233 5481 2356 5522 meo
2399 5463 2755 5520 oecumenico
2785 5458 3098 5532 patriarcha
3125 5467 3183 5515 et
3207 5465 3395 5514 sancta
3425 5457 3567 5511 divi-

1979 5578 2159 5635 naque
2185 5559 2396 5633 synodo
2424 5558 2731 5622 sustinens,
2766 5551 3028 5626 synodale
3061 5552 3168 5607 hoc
3207 5551 3275 5605 ad
3306 5549 3559 5605 eamdem

1979 5655 2338 5727 quatstioncm
2363 5664 2710 5722 responsum,
2737 5655 2832 5702 aut
2862 5655 2923 5700 ut
2951 5644 3098 5717 quod
3125 5660 3214 5700 res
3247 5652 3332 5698 est
3361 5644 3563 5708 dicam,

1982 5758 2268 5817 statutum,
2305 5748 2382 5804 uti
2425 5746 2572 5819 quod
2607 5743 2911 5802 secundum
2942 5741 3158 5798 divinos
3210 5751 3446 5795 canones
3483 5736 3565 5794 ci-
