3928 6246
336 265 477 332 1179

1539 271 1804 334 ΡΗΟΤΙΙ
1842 271 2357 334 ΡΑΤΗΙΑΒΟΗΕ
2395 274 2502 335 CP.

3482 274 3623 337 1180

332 384 464 440 dum
514 382 724 439 habet:
769 382 1122 455 Sponsalium
1174 385 1603 456 nuptiarumque
1658 385 1922 441 terminos

2036 386 2277 440 ἐπίδοσιν
2306 387 2375 440 τὰ
2402 386 2498 440 τοῦ
2527 385 2647 457 βίου
2688 387 3094 461 περεληλύθασι
3135 388 3463 460 πράγματα,
3492 389 3628 439 κάν-

331 487 544 533 vetusta
562 479 972 548 superiorisque
1001 479 1179 536 aetatis
1198 479 1470 551 legislatio
1505 495 1714 552 susque
1743 480 1922 549 deque

2036 477 2222 532 τεῦθεν
2245 478 2343 548 οὐχ
2372 479 2400 531 6
2429 479 2605 550 γάμος
2635 480 2797 551 μόνον
2819 481 2958 534 ἀλλὰ
2984 481 3078 535 καὶ
3111 481 3248 549 αὐτὴ
3284 483 3318 551 ἡ
3351 478 3625 550 μνηστεία

288 579 300 588 “
333 571 546 626 habuit.
602 569 807 627 Eorum
883 583 1067 627 autem
1120 573 1417 630 efﬁcientes
1498 588 1698 629 causas
1750 573 1925 644 magis

332 679 499 734 quam
522 662 799 735 Mysorum
836 674 890 719 et
937 663 1216 738 Phrygum
1244 666 1539 738 [terminos
1567 665 1650 738 ut]
1702 681 1927 736 prover-

329 755 482 810 bium
510 754 718 828 [habet]
754 757 1035 813 indicavit.
1068 757 1274 815 Verum
1315 761 1406 831 qui
1444 761 1546 816 sub
1591 759 1766 815 felicis
1811 774 1926 814 me-

331 847 523 902 moria;
555 847 868 916 patriarcha
899 848 1106 906 domno
1148 850 1362 906 Joanne
1406 851 1690 922 Xiphilino
1732 850 1926 923 synodi

333 953 498 1008 opera
533 939 819 997 confectus
853 950 938 997 est
965 946 1423 1011 commentarius,
1467 945 1557 1001 cui
1611 945 1775 1000 etiam
1803 959 1929 1014 per-

332 1032 658 1102 petuointer
682 1035 1041 1106 imperatores
1061 1038 1451 1093 celebrandum
1487 1039 1749 1093 domnum
1776 1037 1928 1094 Nice-

335 1121 572 1192 phorum
591 1121 932 1180 Botaniatam
951 1141 1050 1197 per
1081 1143 1261 1182 aureae
1276 1127 1443 1184 bullae
1477 1132 1925 1199 scripturam-au-

337 1215 651 1270 ctoritatem
673 1216 930 1287 largitum
947 1234 1068 1275 esse
1081 1229 1422 1291 compertum
1437 1232 1541 1286 est,
1556 1237 1677 1291 quae
1693 1221 1924 1276 multum

335 1305 479 1361 inter
508 1323 567 1364 se
618 1308 919 1377 distabant,
972 1312 1028 1366 in
1083 1328 1254 1369 unum
1285 1314 1634 1370 contraxisse
1659 1315 1925 1370 cernitur.

337 1400 455 1466 Qua
486 1402 698 1459 ratione
743 1404 888 1474 quod
927 1407 1188 1476 synodica
1225 1407 1433 1464 deeisio
1469 1409 1537 1462 de
1567 1408 1773 1478 nuptiis
1804 1423 1929 1478 pro-

339 1494 705 1566 mulgaveral,
764 1497 868 1553 hoc
904 1498 996 1553 ille
1025 1498 1244 1555 disertis
1277 1501 1457 1557 verbis
1487 1503 1554 1556 de
1579 1501 1930 1571 sponsalibus

337 1596 550 1650 censet,
601 1587 822 1644 duobus
874 1587 1139 1646 fratribus
1165 1589 1301 1646 duas
1357 1591 1632 1662 patrueles
1663 1606 1931 1662 sponsare

338 1693 451 1734 non
505 1680 850 1750 permittens.
925 1682 1105 1752 Atque
1146 1684 1460 1754 promiscua
1519 1685 1740 1755 quidem
1777 1684 1929 1755 plebs

2031 571 2183 643 ἱερὰν
2209 571 2462 641 εὐλογίαν
2496 573 2928 645 ἐπιτελουμένην
2969 573 3085 645 ἔχει
3117 574 3244 645 παρ’
3273 574 3438 643 ἑαυτῇ
3466 570 3564 623 καὶ
3598 571 3628 622 6

2028 663 2221 731 καιρὸς
2247 661 2552 733 ὡρισμένος
2577 662 2669 716 διὰ
2714 663 3061 735 νεαρωτέρου
3092 661 3470 732 θεσπίσματος
3525 657 3624 711 τοῦ

2029 753 2475 824 φιλοσοφωτὰτου
2534 754 2804 824 βασιλέως
2865 756 3059 826 κυρίου
3118 753 3347 815 Λέοντος
3398 749 3494 804 ἐπὶ
3553 751 3624 819 τῇ

2029 847 2223 921 πρώτῃ
2253 847 2363 901 τῶν
2422 847 2749 918 ξυμϐάντων
2810 848 3131 918 συναρμογῇ
3172 843 3395 912 ἐξετέθη
3447 843 3624 912 ἡγουν

2028 939 2122 992 ἐπὶ
2161 939 2260 1010 μέν
2319 938 2590 1012 ἀρρένων,
2619 942 2648 993 6
2679 939 2842 992 πέντε
2889 939 2984 992 καὶ
3013 937 3235 1001 δέκατος
3277 935 3377 1004 τῆς
3404 931 3627 1005 ἡλικίας

2029 1030 2294 1094 ἐνιαυτὸς,
2322 1029 2416 1083 ἐπὶ
2456 1028 2513 1083 δέ
2542 1029 2773 1101 θηλειῶν
2800 1031 2827 1081 6
2864 1029 3316 1100 τρισκαιδέκατος
3349 1025 3410 1078 ὃν
3445 1024 3623 1094 δήπου

2028 1122 2221 1194 χρόνον
2277 1122 2370 1174 καὶ
2419 1120 2558 1191 πρὸς
2602 1121 2850 1192 γαμικὴν
2902 1119 3191 1173 συναυλίαν
3222 1117 3433 1172 τελείαν
3482 1117 3626 1168 ἀπο-

2029 1217 2290 1287 χρώντως
2333 1214 2478 1285 ἔχειν
2508 1217 2536 1270 6
2572 1214 2802 1277 παλαιὸς
2835 1213 3000 1285 νόμος
3023 1211 3293 1282 ἐπέσκεψε
3319 1211 3454 1276 δεῖν,
3479 1208 3628 1276 ἔγνω

2028 1308 2117 1362 διὰ
2140 1308 2235 1361 τοῦ
2270 1308 2539 1378 παρόντος
2581 1306 2955 1378 θεσπίσματος
2997 1308 3058 1361 16
3100 1306 3370 1376 ἡμέτερον
3417 1300 3628 1370 κράτος

2038 1394 2298 1466 ἀσφαλῶς
2348 1395 2738 1467 ἀποφήνασθαι
2789 1396 3005 1459 ἐκείνας
3066 1392 3209 1449 εἶναι
3254 1393 3458 1465 κυρίως
3492 1409 3634 1462 μνη-

2046 1489 2235 1553 στείας
2279 1491 2374 1542 καὶ
2409 1489 2835 1559 ἰσοδυναμούσας
2889 1490 2968 1562 τῷ
2996 1489 3160 1560 γάμῳ
3188 1487 3331 1557 κατά
3368 1485 3466 1558 τὴν
3499 1501 3629 1537 συν-

2031 1582 2217 1653 οδικῆς
2249 1582 2539 1654 ἀκριϐείας
2581 1583 2868 1654 διάσκεψιν
2902 1584 3024 1637 ὅσαι
3052 1582 3263 1636 καὶτὸν
3284 1581 3476 1650 χρόνον
3506 1577 3565 1630 ὃν
3597 1578 3632 1647 ὴ

2035 1675 2302 1747 βασιλέως
2330 1677 2529 1749 κυρίου
2576 1677 2810 1741 Λέοντος
2849 1676 3181 1748 θεσμοθεσία
3223 1675 3462 1745 ὡρίσατο
3503 1671 3634 1730 ἀκέ-

335 1770 820 1827 indiscriminatim
873 1790 988 1830 rem
1021 1777 1368 1847 aggrediens,
1426 1787 1481 1832 et
1535 1776 1640 1850 [se]
1675 1778 1729 1832 in
1763 1794 1924 1850 syno-

2037 1787 2190 1842 ραιον
2227 1772 2384 1842 ἔσχον
2437 1770 2561 1823 καθ’
2611 1771 2835 1837 ἐαυτάς,
2895 1771 2990 1824 καὶ
3018 1769 3118 1840 τὴν
3180 1769 3333 1840 ἱερὰν
3378 1767 3634 1835 εὐλογίαν

336 1861 478 1918 dalis
548 1867 738 1920 statuti
774 1880 996 1922 sensum
1041 1883 1292 1939 mergere
1345 1883 1568 1940 prorsus
1631 1870 1928 1940 nequiens,

338 1956 460 2011 sine
525 1958 739 2013 ratione
783 1960 1046 2030 quidnam
1095 1963 1372 2032 sponsalia
1414 1972 1602 2019 essent
1650 1963 1929 2034 fingebat,

335 2062 516 2118 neque
561 2065 671 2119 quo
728 2064 887 2119 pacto
916 2053 1132 2108 cautius
1187 2053 1542 2111 firmarentur
1570 2065 1763 2111 exacte
1801 2071 1936 2111 con-

337 2140 567 2196 stituere
596 2143 829 2199 valebat.
865 2144 1057 2218 [Quin]
1095 2145 1367 2201 interdum
1409 2148 1573 2202 etiam
1598 2150 1799 2204 mentis
1821 2164 1935 2204 sua:

338 2233 861 2293 inconsiderantiam
905 2241 1170 2296 adversus
1197 2242 1503 2298 absolutam
1534 2242 1776 2299 erclssiae
1806 2259 1936 2299 nor-

335 2341 484 2382 mam
513 2331 848 2388 venditabat.
917 2331 1118 2388 Verum
1170 2336 1538 2405 imperatoriae
1579 2347 1784 2392 nostrae
1822 2353 1936 2391 ma-

334 2417 552 2489 jestatis
622 2422 797 2492 pietas
858 2423 1126 2482 scientius
1176 2427 1677 2484 considerationem
1735 2428 1934 2501 [illam]

336 2512 644 2582 auspicata,
705 2514 796 2569 ubi
865 2525 1218 2587 apparentem
1284 2519 1726 2575 contrarietatem
1785 2529 1938 2576 recte

335 2602 713 2673 dijudicasset,
765 2623 862 2678 per
891 2619 1214 2679 praesentem
1244 2610 1640 2681 legislationem
1665 2613 1927 2682 optimam

335 2696 617 2752 adinvenit
663 2702 1115 2759 consonantiam.
1161 2703 1531 2774 Posteaquam
1586 2705 1732 2760 enim
1765 2716 1928 2761 vetus

337 2787 423 2843 lex
484 2792 763 2860 sponsalia
810 2793 864 2847 in
919 2795 1037 2849 sola
1127 2797 1576 2852 contrahentium
1647 2797 1929 2854 voluntate

337 2881 655 2948 constituit,
701 2882 949 2955 nihilque
1008 2888 1246 2957 amplius
1279 2885 1584 2959 [quamde]
1625 2903 1928 2953 consensu.

337 2973 747 3041 instrumentis,
792 2987 961 3048 atque
1017 2979 1357 3049 sponsalitiis
1389 2981 1568 3036 arrhis
1626 2981 1876 3036 elaborat
1917 3000 1932 3038 :

334 3067 542 3122 nostris
573 3076 754 3123 autem
789 3067 1157 3142 [temporibus
1179 3073 1510 3146 communis]
1542 3075 1666 3129 vitae
1719 3076 1934 3146 negotia

337 3161 408 3217 ad
470 3162 630 3234 longe
661 3165 915 3222 ornatius
936 3167 1224 3239 magisque
1270 3145 1507 3224 sacrum]
1540 3168 1725 3224 dirina
1754 3145 1931 3240 gratia
1960 3145 2002 3204 c

335 3254 676 3312 devenerunt
724 3258 1149 3326 incrementum,
1185 3271 1352 3332 atque
1409 3263 1535 3318 hinc
1568 3280 1675 3320 non
1726 3265 1933 3334 nuptiae

340 3348 523 3404 solum
553 3391 568 3417 ,
620 3366 808 3406 verum
861 3352 1026 3408 etiam
1090 3356 1369 3425 sponsalia
1420 3356 1783 3427 peragendam
1844 3372 1934 3413 sa-

335 3458 486 3499 cram
547 3444 986 3503 benedictionem
1018 3447 1126 3503 sibi
1187 3449 1539 3519 conjunctam
1571 3450 1820 3507 habent:
1870 3466 1935 3508 ac

338 3534 516 3608 [vero]
565 3545 780 3592 certum
859 3545 1081 3609 tempus
1123 3540 1314 3609 primae
1348 3557 1378 3595 c
1410 3541 1672 3612 onjugum
1703 3541 1934 3609 coniun—

333 3626 507 3682 Ctioni
542 3642 643 3697 per
689 3628 1054 3684 recentiorem
1139 3630 1535 3700 sapientissimi
1586 3633 1932 3701 imperatoris

335 3718 524 3773 domni
582 3718 784 3774 Leonis
843 3719 1185 3775 sanctionem
1237 3729 1322 3776 est
1380 3722 1786 3793 promulgatum
1838 3724 1932 3796 (in

334 3809 585 3865 maribus
609 3825 824 3881 nempe,
861 3826 1040 3867 annus
1088 3811 1268 3868 aetatis
1293 3813 1542 3869 decimus
1573 3814 1801 3884 quintus
1830 3833 1844 3870 :
1876 3815 1932 3870 in

334 3897 581 3963 feminis,
640 3900 891 3958 decimus
933 3902 1162 3959 tertius:
1202 3904 1349 3973 quod
1410 3903 1656 3973 prefecto
1710 3913 1928 3976 tempus

335 3992 404 4048 ad
436 3991 735 4064 perfectam
780 3995 1078 4067 coniugum
1135 3997 1601 4052 eohabitationem
1652 4008 1809 4054 vetns
1843 3999 1930 4054 lex

335 4085 613 4142 sufﬁciens
648 4101 771 4142 csse
827 4086 1027 4159 jussit)
1085 4088 1462 4142 necessarium
1519 4103 1642 4144 esse
1681 4091 1928 4158 potentia

335 4187 527 4234 nostra
576 4178 866 4248 judicavit,
888 4188 948 4233 ut
983 4195 1080 4250 per
1112 4195 1357 4249 praesens
1384 4180 1667 4236 oraculum
1696 4181 1928 4258 firmiter

339 4271 587 4338 deﬁniat,
623 4271 841 4342 proprie
875 4272 967 4328 illa
1015 4287 1136 4327 esse
1183 4273 1482 4342 sponsalia,
1526 4282 1580 4326 et
1610 4289 1798 4329 revera
1850 4289 1935 4330 se-

334 4364 576 4418 cundum
630 4372 835 4419 exactae
871 4363 1148 4434 synodalis
1194 4380 1406 4420 normae
1435 4365 1932 4422 considerationem

2035 1862 2512 1917 ἐπακολουθοῦσαν
2541 1862 2873 1935 ἐγνώρισαν,
2910 1861 3004 1916 καὶ
3046 1862 3130 1916 ἐπ’
3157 1861 3381 1916 ἐκείνων
3412 1861 3513 1930 τὴν
3534 1859 3633 1913 τοῦ

2037 1955 2322 2010 συνοδικοῦ
2363 1956 2535 2027 τόμου
2569 1958 2793 2027 κρατεῖν
2831 1956 3070 2025 ὀφείλειν
3117 1956 3523 2026 παρατήρησιν.
3568 1955 3635 2010 Ei

2035 2049 2145 2118 γὰρ
2202 2050 2299 2103 καὶ
2349 2049 2578 2120 θάτερον
2626 2051 2757 2114 ἴσως
2817 2048 2925 2104 τῶν
2975 2048 3395 2119 συμϐαλλόντων
3448 2047 3636 2119 μερῶν

2036 2141 2310 2215 θανάτῳῆ
2345 2143 2668 2213 περιστάσει
2713 2143 2886 2217 τύχης
2940 2143 3103 2216 ἑτέρᾳ
3131 2144 3164 2216 ἦ
3197 2142 3423 2215 γνώμης
3463 2161 3636 2215 μετα-

2036 2235 2167 2306 ϐολῇ
2216 2235 2616 2304 ἀποδιαστῆναι
2663 2237 2930 2308 συμϐαίη,
2980 2238 3075 2290 καὶ
3118 2237 3255 2307 πρὸς
3293 2236 3484 2306 ἐτέρου
3517 2235 3638 2307 βίου

2039 2329 2425 2399 συγκλήρωσιν
2477 2329 2884 2399 μετατάξασθαι
2944 2330 3046 2384 οὐκ
3078 2329 3264 2398 ὀλίγον
3295 2327 3537 2382 ἐνταῦθα
3575 2327 3638 2380 16

2049 2422 2254 2476 ἄτοπον
2285 2423 2613 2494 ἐπισύρεται
2637 2422 2735 2486 τάς
2764 2423 3173 2494 προσεισοδίους
3201 2421 3309 2475 τῶν
3327 2422 3523 2491 γάμων
3547 2419 3640 2472 εὐο

2039 2514 2140 2584 χάς
2171 2513 2267 2566 ἐπὶ
2294 2513 2563 2585 μνηστείᾳ
2603 2513 3052 2578 συντελεσθείσας
3083 2513 3159 2578 ὥς
3183 2532 3237 2566 τι
3259 2513 3370 2567 τῶν
3407 2511 3637 2566 είκαίων

2043 2608 2139 2660 καὶ
2173 2608 2608 2680 συμφερομένων
2634 2607 2953 2676 λογίσασθαι
2980 2613 3076 2662 καὶ
3105 2607 3376 2680 διαφόρως
3404 2605 3636 2660 ἐκλαϐέ-

2057 2700 2181 2753 σθαι
2203 2700 2321 2753 τόδε
2346 2701 2408 2753 16
2458 2703 2712 2773 πρᾶγμα,
2743 2700 2931 2771 ὥσπερ
2963 2701 3030 2756 ἂν
3081 2703 3130 2755 εί
3184 2702 3258 2772 μὴ
3297 2701 3429 2764 Θεὸς
3469 2701 3634 2772 μέσος

2040 2793 2156 2846 τῶν
2211 2794 2636 2864 συναπτομένων
2679 2792 2990 2864 προσώπων
3041 2793 3128 2847 διὰ
3175 2793 3279 2862 τῆς
3333 2793 3634 2863 μνηστείας

2039 2886 2315 2957 εἰσήγετο.
2349 2887 2538 2958 Τούτῳ
2570 2885 2680 2959 γὰρ
2711 2887 2806 2940 κοιλ¹
2855 2889 2883 2940 ὀ
2917 2886 3433 2958 προμνημονευθε“ις
3463 2887 3633 2940 ἀοίδι-

2043 2996 2142 3047 μος
2199 2979 2454 3049 βασιλεὺς
2511 2979 2863 3050 εὐεπηϐόλως
2911 2979 3356 3049 ἀνακολουθὴσας
3407 2979 3501 3032 τὸν
3537 2977 3637 3049 τῆς

2042 3070 2205 3139 ἁγίας
2237 3071 2330 3123 καὶ
2361 3069 2660 3141 καθολικῆς
2693 3068 2745 3135 ς’
2783 3070 3002 3124 συνόδου
3043 3071 3243 3125 κανόνα
3274 3071 3333 3134 ὃς
3360 3070 3464 3142 τὴν
3497 3088 3634 3141 μνη-

2037 3163 2416 3234 στευσαμένην
2442 3163 2523 3217 ἔτι
2553 3164 2646 3218 τοῦ
2685 3165 3000 3235 μνηστῆρος
3036 3165 3094 3216 ὲν
3133 3162 3447 3235 ἀνθρώποις
3469 3164 3629 3226 ὀντος

2036 3259 2178 3331 πρὸς
2209 3259 2456 3330 γαμικὴν
2482 3258 2700 3330 ὁμιλίαν
2726 3258 2900 3330 ἑτέρῳ
2922 3257 3280 3331 συνέρχεσθαι
3305 3257 3634 3312 ἀπεκώλυσε

2041 3352 2292 3422 μοιχείαν
2326 3351 2386 3405 16
2441 3353 2679 3422 πρᾶγμα
2722 3351 3113 3422 διορισαμένης
3150 3351 3334 3420 σαφῶς
3365 3352 3504 3423 πρὸς
3532 3351 3637 3422 τὴν

2037 3446 2450 3516 ἐμφαινομένην
2512 3445 2607 3499 τοῦ
2661 3443 3028 3513 παλαιγενοῦς
3081 3444 3397 3499 ἐναντίωσιν
3463 3445 3636 3515 νόμου

2036 3537 2220 3600 καλῶς
2269 3537 2628 3592 συνεϐίϐασεν
2678 3538 2760 3591 ὅτι
2805 3538 2955 3608 καὶὴ
3011 3538 3150 3608 μετά
3201 3536 3299 3609 τὴν
3347 3539 3462 3600 τοῖς
3497 3553 3641 3608 μνη-

2049 3629 2247 3699 στῆρσι
2307 3631 2605 3701 γινομένην
2665 3629 2918 3698 εὐλογίαν
2964 3629 3246 3692 διάστασις
3306 3629 3468 3682 τοῦτὸ
3519 3631 3636 3682 ἐστι

2041 3719 2184 3772 κατά
2215 3717 2313 3789 τὴν
2345 3718 2556 3772 ἐκείνου
2589 3720 2777 3791 φωνὴν
2831 3719 3127 3789 μνηστείας
3170 3717 3408 3788 ἀληθοῦς
3453 3719 3634 3780 λύσις.

2037 3811 2101 3864 Εἰ
2141 3811 2198 3864 δὲ
2233 3811 2521 3882 μνηστεῖαί
2579 3827 2725 3874 τινες
2774 3811 2918 3866 κατὰ
2950 3811 3181 3882 τὴντῶν
3218 3810 3431 3863 πολλῶν
3471 3814 3637 3880 συνή-

2038 3903 2191 3956 θειαν
2228 3902 2538 3966 ἀκολούθως
2573 3904 2675 3974 ἤδη
2743 3904 3000 3972 γεγόνασι
3046 3906 3143 3957 καὶ
3190 3902 3497 3974 συμϐόλαια
3534 3904 3636 3974 μέν

2036 3994 2387 4066 ἐξετέθησαν,
2419 3993 2573 4048 οὔπω
2596 3995 2652 4049 δὲ
2674 3997 2701 4049 6
2729 3996 2929 4059 τακτὸς
2969 3996 3174 4067 ἐπέστη
3208 3997 3396 4068 καιρὸς
3424 3997 3548 4050 καθ’
3577 3995 3638 4049 ὃν

2034 4095 2068 4166 ἡ
2115 4096 2229 4157 τοῖς
2274 4095 2623 4166 Χριστιανοῖς
2645 4093 2971 4165 ὀφειλομένη
3022 4094 3450 4166 εὐλογίαζείωθε
3491 4095 3639 4164 γίνε-

2038 4187 2185 4252 σθαι,
2225 4187 2318 4241 καὶ
2340 4187 2463 4240 οὐδὲ
2494 4189 2550 4240 al
2579 4186 2829 4257 συνήθεις
2866 4187 2960 4240 ἐπὶ
2981 4190 3096 4252 τοῖς
3127 4189 3636 4260 μνηστευσαμένοις

2036 4279 2194 4350 οὐχαὶ
2241 4279 2332 4333 διὰ
2381 4279 2477 4334 τοῦ
2511 4280 2702 4351 ίερέως
2751 4279 3175 4352 ἐξεφωνήθησαν
3227 4280 3430 4344 ταύτας
3495 4298 3638 4351 μνη-

2038 4372 2221 4434 στείας
2251 4373 2350 4442 μὲν
2381 4373 2604 4444 ἀληθεῖς
2649 4376 2773 4428 ὅσον
2821 4375 2964 4430 κατά
3012 4374 3112 4444 τὴν
3167 4373 3638 4444 ἐκκλησιαστικὴν

337 4467 465 4508 cum
512 4456 720 4525 nuptiis
763 4456 1140 4526 aequipollere,
1170 4472 1515 4528 quaecunque
1546 4468 1763 4529 tempus
1788 4459 1931 4530 quod

2041 4463 2453 4534 ἀκριϐολογίαν,
2485 4465 2618 4535 μηδὲ
2673 4461 2836 4530 εἶναι,
2891 4466 3027 4538 μηδὲ
3076 4466 3460 4537 ὀνομάζεσθαι,
3495 4469 3636 4538 μήτε

337 4545 683 4616 imperatoris
742 4549 930 4604 domui
985 4548 1187 4605 Leonis
1247 4551 1462 4606 sanctio
1523 4552 1926 4616 determinavit,

336 4636 612 4709 integrum
664 4638 769 4694 sibi
832 4638 1212 4712 [conjunctum
1277 4643 1608 4708 habuerunt,
1651 4655 1704 4699 et
1758 4642 1930 4718 [qqu

337 4745 494 4787 sacra
548 4730 821 4805 [insuper]
852 4734 1156 4789 benedictio
1180 4747 1476 4792 consecuta
1520 4746 1605 4792 est
1637 4757 1652 4793 :
1687 4749 1850 4808 atque
1877 4738 1932 4792 in

342 4824 453 4880 illis
489 4826 768 4897 synodalis
800 4828 1093 4885 decisionis
1116 4829 1550 4886 observationem
1570 4831 1748 4887 valere
1777 4832 1936 4888 debe-

339 4931 419 4973 re.
453 4917 512 4973 Si
545 4935 777 4990 namqne
805 4918 1134 4994 [sponsalia]
1191 4924 1640 4979 contrahentium
1696 4926 1930 4980 alteram

340 5019 550 5081 partem
575 5009 716 5084 [aut]
751 5023 927 5070 morte
977 5014 1119 5072 forte
1165 5016 1345 5071 aliove
1370 5015 1605 5072 fortuna
1633 5032 1791 5084 casu,
1839 5029 1936 5075 aut

343 5108 632 5160 sententiae
668 5107 973 5163 mutatione
1037 5109 1330 5173 recedere,
1393 5108 1461 5162 ad
1493 5109 1752 5181 aliudque
1810 5113 1936 5167 vitae

343 5199 686 5253 consortium
750 5200 1038 5257 transferri
1115 5203 1399 5274 contingat
1451 5221 1464 5257 :
1519 5219 1630 5258 non
1702 5205 1936 5275 exiguus

346 5287 638 5362 [profecto]
689 5291 778 5346 hic
829 5293 1185 5349 absurditatis
1222 5304 1430 5351 tractus
1511 5296 1770 5359 exsistet,
1843 5295 1936 5369 [si]

345 5383 696 5452 praeambulae
731 5387 1047 5454 nuptiarum
1109 5402 1298 5457 preces
1325 5388 1380 5442 in
1444 5388 1791 5457 sponsalibus
1813 5403 1936 5459 prr-

346 5483 523 5540 actae,
586 5485 857 5546 tanquam
913 5494 1112 5533 vanum
1171 5479 1376 5549 aliquid
1431 5478 1679 5552 [temere]
1712 5496 1819 5551 que
1845 5496 1939 5535 ac-

342 5569 708 5634 cumulatum,
750 5579 1090 5639 reputentur,
1129 5585 1184 5627 et
1238 5573 1726 5629 indiscriminatim
1753 5591 1816 5631 ea
1851 5588 1940 5630 res

356 5663 717 5736 intelligatur,
772 5668 932 5738 quasi
1008 5669 1054 5724 si
1109 5670 1252 5724 Deus
1306 5685 1403 5739 per
1453 5670 1731 5741 sponsalia
1798 5669 1939 5724 inter

345 5757 762 5829 conjungendas
803 5775 1068 5830 personas
1095 5761 1443 5819 introductus
1484 5777 1592 5819 non
1626 5771 1789 5819 esset.
1825 5759 1938 5818 I-loc

2038 4557 2138 4629 μὲν
2177 4558 2277 4628 τὴν
2312 4557 2596 4629 συνοδικὴν
2630 4560 2934 4631 σημείωσιν
2978 4561 3120 4614 κατά
3148 4560 3354 4613 τούτων
3402 4560 3552 4630 ἔχειν
3573 4559 3639 4612 τὸ

2035 4651 2278 4721 ἐνεργὸν,
2310 4649 2385 4714 ὡς
2425 4651 2613 4716 ἁπλῶς
2651 4653 2709 4705 δέ
2765 4653 3062 4724 ἀρεσκείας
3095 4648 3400 4724 ἀνθρώπων
3433 4652 3502 4706 δι’
3534 4656 3636 4706 ἐπ-

2035 4742 2359 4814 ερωτήσεως
2380 4744 2903 4816 κατησφαλισμένας
2930 4746 2990 4799 16
3021 4745 3238 4817 ἐνεργὸν
3259 4745 3640 4816 ἀποφέρεσθαι

2035 4835 2129 4888 καὶ
2181 4835 2279 4906 τὴν
2335 4834 2572 4889 παλαιάν
2627 4836 2773 4907 ἔχειν
2811 4838 3132 4908 νομοθεσίαν
3170 4839 3264 4892 ἐπὶ
3314 4837 3525 4891 τούτων
3573 4838 3640 4891 16

2034 4927 2253 4996 πάγιον.
2291 4927 2479 4999 Τούτῳ
2523 4929 2632 5000 γὰρ
2682 4929 2761 5001 τῷ
2798 4931 2982 5002 τρόπῳ
3034 4931 3128 4984 καλ⁸
3167 4933 3195 4985 ό
3253 4930 3640 5001 πρεσϐυγένης

2035 5021 2441 5093 φυλαχθήσεται
2472 5022 2638 5093 νόμος
2685 5023 2948 5094 ἀκέραιος
2988 5023 3063 5088 ώς
3097 5025 3189 5077 ἐπὶ
3219 5023 3328 5076 τῶν
3361 5024 3638 5094 νηστειῶν

2037 5114 2098 5168 16
2130 5114 2322 5186 πρώην
2353 5115 2697 5185 ἐξεφωνήθη.
2739 5117 2847 5169 Καὶ
2874 5116 2907 5186 ὴ
2941 5116 3041 5186 τῆς
3086 5115 3308 5168 συνόδου
3336 5115 3635 5183 διάγνωσις

2035 5207 2234 5277 ἀθιγὴς
2279 5207 2508 5260 καθόλου
2564 5211 2658 5261 καὶ
2688 5208 3104 5279 ἀνεπιχείρητος
3152 5209 3635 5279 συντηρηθήσεται

2037 5300 2302 5370 νοουμένη
2337 5300 2430 5354 καὶ
2463 5301 2883 5373 ἐρμηνευομένη
2918 5302 3062 5355 κατά
3111 5300 3209 5370 τὴν
3241 5299 3482 5354 ἐνταῦθα
3522 5318 3634 5353 πα-

2041 5395 2362 5466 ρατήρησιν.
2406 5394 2561 5447 Ἐπεὶ
2586 5393 2642 5447 δέ
2669 5395 2813 5448 οὕτω
2841 5393 3014 5448 ταῦτα
3049 5395 3143 5448 καὶ
3196 5395 3485 5464 μνηστεῖαι
3533 5394 3638 5462 μέν

2038 5484 2258 5555 ἀληθεῖς
2297 5483 2658 5556 ἐτυπώθησαν
2707 5487 2830 5540 ὅσαι
2873 5485 3014 5558 μετά
3052 5486 3154 5557 τῆς
3195 5486 3349 5556 ἱερᾶς
3378 5484 3636 5552 εὐλογίας

2038 5576 2181 5631 κατά
2238 5577 2331 5631 τὸν
2393 5576 2702 5648 ὡρισμένον
2753 5579 2945 5650 καιρὸν
2990 5575 3632 5646 συντελεθείσαιγνωρί-

2039 5669 2246 5734 ζονται·
2279 5671 2337 5724 αί
2369 5670 2426 5724 δὲ
2461 5671 2605 5724 κατά
2635 5671 2734 5742 τὴν
2773 5669 3156 5742 πρεσϐυτέραν
3185 5667 3514 5739 νομοθεσίαν
3545 5683 3602 5734 γι
3623 5696 3634 5709 ι

2041 5761 2288 5832 νόμεναι,
2326 5762 2400 5827 ὡς
2435 5761 2736 5836 ἀνθρώπων
2764 5762 2986 5835 ἀρέσκει
3019 5760 3530 5833 κατησφαλισμέναι
3563 5758 3628 5810 δι’
