3928 6246
325 293 466 364 1183

1541 298 1808 362 ΡΗΟΤΙΙ
1847 297 2357 360 ΡΑΤΒΙΑΒΟΗᾸΕ
2395 297 2504 359 CP-

3475 294 3620 360 1184

321 410 694 483 legitimorum
730 410 1121 483 tirmorumque
1148 411 1555 484 sponsaliorum
1599 416 1778 470 vicem
1809 431 1914 470 non

2045 414 2332 488 προσώπων
2361 413 2746 486 ἀπαρίθμησιν
2772 412 3072 477 ἐποιήσατο
3120 415 3196 487 μὴ
3235 414 3411 484 ἐφιεὶς
3443 414 3625 468 ταῦτα

325 506 608 561 obtineant
642 505 778 561 :sed
814 504 1011 561 saltem
1054 512 1319 576 tanquam
1377 507 1717 562 conﬁrmata:
1744 508 1918 576 stipu-

330 595 565 652 lationes
582 597 908 662 habeantur,
925 606 1089 667 atque
1114 597 1415 653 secundum
1437 598 1671 654 aliorum
1701 608 1921 656 contra-

327 698 518 744 ctunm
575 697 830 744 naturam
871 697 1172 759 operentur
1197 728 1213 746 .
1248 688 1318 744 Et
1353 691 1420 746 ad
1447 693 1593 747 bunc
1643 690 1920 764 [quidem]

326 779 554 836 modum
571 781 713 851 apud
732 795 924 838 omnes
945 782 1198 839 subditos
1226 791 1446 840 nostros
1475 783 1566 840 illa
1597 785 1920 842 obtineant:

332 871 420 944 [ut
471 881 652 931 tamen
697 873 941 947 interim]
972 883 1131 932 vetus
1174 877 1282 944 lex,
1324 893 1447 949 qure
1503 877 1925 949 desponsalibus

322 966 674 1037 promulgata
717 976 820 1034 est,
875 967 928 1022 in
979 984 1244 1035 personas
1299 972 1367 1027 ad
1400 972 1708 1043 seiunctam
1749 990 1925 1046 spon-

330 1073 450 1114 sam
483 1059 691 1129 ingredi
725 1060 1055 1131 probibitas,
1126 1063 1343 1132 plenam
1394 1065 1690 1122 efﬁcaciam
1722 1069 1926 1125 habere

331 1149 737 1223 debeat:idque
766 1169 874 1223 quo
893 1152 988 1228 [is]
1011 1165 1184 1212 status
1213 1172 1376 1226 quem
1409 1158 1463 1213 in
1485 1158 1924 1218 Christianorum

330 1241 612 1310 republica
664 1243 850 1314 vigere
905 1245 1207 1311 convenit,
1267 1257 1622 1317 augmentum
1671 1249 1924 1319 accipiat.

329 1332 468 1389 Nam
507 1337 724 1392 tametsi
759 1337 844 1405 ea]
878 1353 966 1394 res
991 1340 1296 1396 secundum
1327 1350 1577 1396 exactam
1631 1343 1926 1408 rationem,

333 1431 579 1501 perfecta
642 1434 922 1504 sponsalia
978 1450 1089 1491 non
1143 1438 1290 1493 sint:
1326 1447 1569 1494 attamen
1608 1441 1736 1510 quia
1772 1440 1926 1511 quod

331 1524 531 1591 agitur,
568 1527 970 1595 sponsaliorum
1021 1530 1360 1599 propositum
1427 1532 1631 1588 habere
1685 1533 1924 1601 videtur,

338 1626 505 1688 atque
529 1618 656 1674 inde
710 1621 1028 1691 nuptiarum
1088 1621 1507 1679 fundamentum
1538 1625 1651 1697 jaci
1689 1627 1928 1697 incipit:

333 1725 532 1779 magna
573 1711 823 1781 profecto
867 1714 1006 1768 ratio
1034 1724 1139 1778 est,
1191 1717 1551 1785 quamobrem
1593 1733 1622 1772 a
1651 1719 1771 1790 lege
1802 1735 1932 1790 pro-

260 1804 265 1809 '
336 1800 526 1856 bibitm
571 1817 821 1872 persona:
898 1805 1098 1860 iterum
1153 1807 1542 1877 impediantur,
1586 1810 1768 1884 [adeo]
1823 1809 2005 1882 queB

339 1907 505 1948 nemo
538 1894 890 1964 impudenter
916 1899 1135 1967 procari
1177 1910 1497 1970 praesumat,
1531 1912 1604 1966 [ut
1629 1905 1680 1957 in
1708 1920 1933 1960 uxorem

336 1999 623 2041 assumere
655 1988 874 2054 audeat,
906 2006 1068 2059 quam
1099 2003 1253 2047 vetus
1306 1994 1392 2049 lex
1413 2009 1675 2065 Sponsam
1701 1998 1934 2068 alicujus

337 2072 565 2140 factam,
609 2076 896 2148 diremptis
956 2083 1306 2150 sponsalibus
1347 2085 1402 2139 in
1445 2086 1674 2142 alterius
1707 2104 1931 2145 manum

337 2167 633 2223 convenire
709 2185 820 2226 non
890 2171 1128 2228 sinebat.
1213 2175 1600 2233 Verumtamen
1685 2182 1777 2236 ubi
1833 2181 1931 2255 [id]

338 2270 557 2330 tempus
605 2264 908 2331 advenerit,
954 2268 1100 2336 quod
1123 2271 1478 2338 sponsalibus
1539 2273 1786 2329 simulet
1831 2292 1933 2329 nu—

343 2353 475 2423 ptiis
539 2357 834 2412 convenire
875 2358 1246 2428 judicavimus
1309 2362 1692 2437 [nbi]]nempe
1733 2368 1934 2424 femina

341 2446 733 2504 duodecimum
808 2467 1039 2519 annum,
1103 2459 1386 2513 masculus
1462 2474 1594 2514 vero
1661 2462 1934 2520 decimum

341 2550 598 2610 quartum
672 2545 1022 2616 excesserit),
1090 2558 1223 2604 tunc
1279 2548 1334 2602 in
1406 2552 1616 2622 primus
1663 2556 1935 2624 sponsalia

343 2631 704 2691 decantandis
762 2641 939 2694 sacris
969 2642 1248 2709 precibus,
1308 2644 1641 2718 illorumque
1673 2649 1936 2705 solemni-

345 2726 451 2782 bus
512 2726 700 2798 (arrha
753 2731 1030 2802 videlicet,
1065 2747 1356 2808 .‘gratnque
1391 2740 1737 2810 desponsatis
1772 2761 1935 2800 oscu-

347 2818 422 2888 lo)
467 2821 828 2878 observandis
857 2829 1212 2894 perﬁciantur
1244 2851 1257 2886 :
1301 2843 1465 2904 atque
1497 2835 1695 2891 deinde
1741 2838 1937 2909 exiguo

349 2913 665 2983 longioreve
763 2924 1032 2988 tempore,

352 3007 536 3062 visum
594 3006 782 3076 fuerit,
812 3010 1147 3078 intermisso,
1182 3015 1318 3070 citra
1370 3020 1771 3075 recusationem
1807 3023 1939 3093 legi-

349 3100 500 3156 tima:
531 3101 695 3158 etiam
733 3105 938 3176 nuptiae
968 3108 1264 3176 procedant
1292 3127 1304 3164 :
1348 3127 1456 3167 non
1484 3124 1670 3169 autem
1705 3117 1936 3170 multum

1112 2925 1388 2993 quomodo
1478 2930 1978 2986 contrahentibus.

2024 510 2101 572 εἰς
2139 508 2238 578 τὴν
2261 506 2698 578 ἀποζευχθεῖσαν
2727 505 2974 577 μνηστὴν
2994 506 3090 559 τοῦ
3115 505 3431 575 ἐγγίζοντος
3452 523 3626 577 προσ-

2024 600 2176 655 ώπου
2211 600 2579 672 εἰσέρχεσθαι,
2605 600 2698 654 καὶ
2721 597 2784 652 τὸ
2816 599 3008 672 νεαρδν
3051 597 3145 653 τοῦ
3171 598 3625 670 φιλοσοφωτάτου

2024 695 2167 750 διάτ.
2197 695 2445 766 κοσμίως
2467 695 2525 748 ἐν
2547 693 2721 748 ἅπασι
2754 691 2898 759 δόξει
2936 693 3178 765 κρατοῦν
3211 695 3307 748 καὶ
3336 692 3626 747 πολιτευό-

2029 805 2212 860 μενον,
2263 788 2360 842 ml.
2386 787 2457 842 τὰ
2491 786 2871 858 συμσάλλοντα
2922 785 3197 858 πρόσωπα
3254 785 3363 840 τῶν
3421 786 3628 856 ἀώρων

2029 881 2297 954 ἀπρεπῶν
2335 879 2661 950 κωλυόμενοι
2698 877 3066 933 συνελεύσεων
3097 877 3431 948 ἀγνεύουσαν
3463 875 3629 944 ποιή-

2031 992 2216 1029 σονται
2249 973 2349 1045 τὴν
2380 971 2728 1045 ἀναστροφὴν
2762 973 2822 1025 ἐν
2863 972 3069 1044 εὐθέτῳ
3095 970 3274 1041 καιρῷ
3315 969 3436 1041 μεθ’
3469 969 3630 1040 ἱερᾶς

2029 1066 2375 1138 ἐπικλήσεως
2401 1069 2480 1131 είς
2505 1065 2711 1137 ἄλληλα
2742 1064 3138 1136 συνερχόμενα.
3181 1062 3450 1133 Ὀπηνίκα
3483 1061 3540 1114 δὲ
3591 1060 3626 1131 ἥ

2032 1161 2330 1233 μνηστείαν
2380 1159 2478 1214 καὶ
2530 1157 2709 1229 γάμον
2750 1158 2935 1220 αὐτοῖς
2961 1153 3412 1227 καταρτίζεσθαι,
3447 1151 3545 1205 καὶ
3579 1150 3633 1204 εῐ

2027 1272 2113 1318 τις
2138 1253 2289 1326 παρὰ
2321 1252 2392 1307 τὰ
2417 1251 2822 1324 διηγορευμένα
2859 1252 2927 1322 τῇ
2964 1247 3215 1320 παρούσῃ
3262 1245 3359 1300 τοῦ
3390 1246 3631 1316 κράτους

2028 1347 2189 1420 ήμῶν
2231 1347 2374 1402 διάτ.
2412 1344 2710 1418 μνηστείας
2757 1341 3022 1415 τολμήσει
3066 1337 3478 1412 διαπράξασθαι
3530 1337 3630 1390 καὶ

2034 1439 2108 1512 μὴ
2168 1439 2396 1501 ταύταις
2441 1435 2684 1506 γενικῶς
2712 1434 2854 1488 κατὰ
2919 1433 3142 1488 πάντων
3189 1429 3634 1502 ἐκφωνηθείσαις

2031 1539 2128 1593 καὶ
2157 1541 2237 1602 είς
2268 1537 2332 1591 τὸ
2372 1536 2500 1606 ἑξῆς
2531 1533 2880 1606 ὀφειλούσαις
2910 1533 3137 1604 κρατεῖν
3175 1530 3372 1601 φανείη
3421 1529 3632 1600 ἑπόμε-

2031 1651 2121 1696 νος
2153 1631 2248 1687 ἀπ’
2279 1632 2450 1702 αὐτῆς
2471 1631 2572 1700 τῆς
2601 1627 2648 1682 α’
2700 1627 2915 1699 ἡμέρας
2942 1625 3040 1680 τοῦ
3076 1623 3307 1678 εἰσιέναι
3340 1623 3635 1694 μέλλοντος

2046 1725 2265 1780 Ἰουλίου
2333 1723 2503 1796 μηνὸς
2548 1721 2649 1793 τῆς
2680 1718 2990 1790 ἐνεστώσης
3033 1716 3077 1783 ζ’
3112 1716 3492 1788 ἐπινεμήσεως
3524 1713 3634 1783 ςτοῦ

2038 1817 2210 1891 gpr
2243 1818 2398 1881 ἐτους
2437 1817 2537 1870 καὶ⁵
2589 1812 2918 1887 ἀρραϐῶνας
2973 1811 3081 1882 πρὸ
3111 1807 3207 1865 τοῦ
3239 1806 3638 1878 νενομισμένου

2038 1914 2134 1969 καὶ
2159 1913 2259 1984 τῆς
2287 1912 2439 1985 ἱερᾶς
2471 1909 2724 1976 εὐλογίας
2753 1906 3016 1978 τολμήσει
3038 1899 3443 1974 διαπράξασθαι
3477 1902 3513 1972 ἢ
3539 1899 3638 1953 καὶ

2037 2009 2115 2072 είς
2158 2007 2288 2060 θέαν
2350 2003 2601 2074 ἀλλήλοις
2660 2001 2854 2070 ἐφήσει
2908 1997 2978 2051 τὰ
3033 1993 3473 2050 συναλλάσσοντα
3516 2009 3638 2046 συν-

2037 2100 2256 2173 έχεσθαι
2293 2097 2566 2171 πρόσωπα
2607 2095 2702 2149 καὶ
2733 2090 3054 2163 ἀδιαφορίαν
3088 2090 3232 2161 ἐχειν
3280 2091 3336 2142 ἐν
3365 2088 3578 2151 αὐτοῖς,
3610 2087 3642 2140 ὁ

2042 2193 2142 2262 μὲν
2182 2188 2700 2261 συμϐολαιογράφος
2734 2188 2761 2240 ό
2790 2185 2852 2238 τὸ
2879 2181 3264 2255 ἀρραὅωνικὸν
3300 2177 3637 2249 συμόόλαιον

2037 2284 2395 2354 ἐκτιθέμενος
2432 2283 2532 2351 τῆς
2581 2281 2715 2343 ἰδίας
2761 2276 3057 2339 στατιῶνος
3109 2272 3636 2344 μετακινηθήσεται,

2038 2383 2088 2434 οἱ
2116 2379 2173 2434 δὲ
2209 2379 2308 2450 τὴν
2337 2379 2638 2449 μνηστείαν
2673 2371 2781 2442 πρὸ
2839 2369 2988 2442 ὥρας
3037 2365 3512 2438 κατεργαζόμενοι
3543 2367 3640 2420 ἀνο

2043 2470 2306 2545 θρωπίνῳ
2332 2469 2426 2523 καὶ
2453 2467 2586 2538 θείῳ
2631 2466 2870 2519 ἴστωσαν
2921 2461 3152 2524 ἑαυτοὺς
3186 2456 3640 2529 ἐνοχοποιοῦντας

2043 2567 2335 2639 μηνίματι.
2397 2563 2457 2618 Ὀ
2515 2561 2614 2639 μὲν
2657 2560 2919 2631 δημόσιον
2953 2557 3042 2611 διὰ
3091 2554 3186 2609 τοῦ
3227 2552 3508 2626 σεκρέτου.
3524 2551 3643 2605 τῶν

2041 2637 2332 2714 οἰκειανῶν
2358 2657 2420 2710 τὸ
2448 2658 2562 2719 τοῖς
2578 2637 2944 2725 ’συμϐολαίοις
2967 2648 3290 2719 ἐγκείμενον
3330 2645 3393 2710 ἐξ
3422 2647 3642 2716 ἐπερω-

2040 2757 2253 2826 τήσεως
2307 2753 2612 2821 πρόστιμον
2667 2748 2751 2815 ἐφ’
2785 2747 3000 2814 ἐκάστῳ
3053 2741 3235 2797 αὐτῶν
3274 2739 3642 2811 εἰσπράξεται

2048 2849 2166 2903 καθ’
2192 2845 2489 2915 ὁλόκληρον
2510 2843 2600 2897 διὰ
2621 2845 2721 2911 τὴν
2744 2838 2839 2894 τοῦ
2879 2837 3149 2910 παρόντος
3179 2835 3321 2891 stac.
3366 2833 3641 2905 περιφρό-

2044 2957 2200 3011 νησιν
2227 2935 2559 3006 πιστεύομεν
2585 2932 2642 2985 δὲ
2671 2932 2767 2985 καὶ
2797 2929 2961 2984 αὐτὸν
2987 2928 3078 2982 τὸν
3103 2927 3238 2980 Θεὸν
3259 2925 3403 2980 κατά
3428 2924 3641 2979 τούτων

2043 3029 2502 3100 διαναστήσεσθαι
2536 3025 2624 3079 ’ὅτι
2665 3022 2935 3095 πονηρίαν
2979 3020 3123 3079 κατὰ
3172 3018 3501 3090 προαίρεσιν
3547 3017 3644 3073 ἆν-

2049 3142 2238 3198 τικρυς
2271 3123 2364 3176 ἐπὶ
2397 3120 2562 3192 μέσον
2595 3117 2706 3172 τῶν
2734 3117 2872 3169 νέων
2905 3114 3221 3182 εἰσαγαγεῖν
3259 3111 3361 3165 οὐκ
3391 3111 3638 3184 ἐνάρκη-

349 3196 522 3270 [inter
565 3199 648 3274 se]
731 3200 1025 3273 disiunctae
1073 3217 1159 3259 res
1212 3206 1377 3261 simul
1433 3225 1541 3263 uno
1587 3210 1699 3275 die,
1737 3218 1794 3268 et
1836 3210 1938 3286 [ut]

2048 3196 2167 3276 σαν.
2205 3219 2268 3270 El
2310 3215 2409 3287 μὲν
2453 3211 2562 3284 γὰρ
2593 3213 2622 3264 ὁ
2656 3207 2885 3271 παλαιὸς
2937 3207 3103 3276 νόμος
3140 3205 3202 3258 ού
3250 3204 3641 3274 κατήργηται,

350 3307 496 3364 saepe
532 3293 672 3368 [ﬁeri
719 3298 878 3367 solet,
921 3299 1054 3373 una]
1109 3298 1243 3355 hora
1292 3302 1544 3359 etl‘ectum
1609 3305 1931 3362 sortiantur.

349 3386 555 3445 Taliter
585 3393 732 3449 enim
764 3396 957 3452 ordine
1001 3397 1055 3452 in
1083 3413 1154 3452 nu
1168 3399 1296 3467 ptiis
1326 3399 1674 3469 procedente,
1702 3416 1826 3454 cum
1854 3400 1941 3456 lex

347 3491 527 3550 vetus,
558 3501 682 3556 quae
752 3489 1156 3559 prohibitarum
1202 3506 1566 3562 personarum
1630 3493 1940 3564 catalogum

347 3576 498 3643 fecit,
545 3579 653 3635 illis
697 3598 808 3638 non
855 3588 1180 3655 permittens
1224 3587 1292 3641 ad
1324 3585 1633 3657 seiunctam
1691 3597 1939 3658 cognata:

347 3684 598 3740 persona:
628 3689 884 3745 sponsam
934 3679 1167 3750 ingredi,
1209 3679 1637 3736 observabitur:
1675 3688 1788 3734 tum
1847 3695 1936 3736 sa-

356 3761 695 3831 pientissimi
750 3767 1102 3838 imperatoris
1146 3773 1357 3827 novella
1399 3773 1576 3844 jussio
1638 3772 1836 3828 decore
1887 3773 1943 3826 in

351 3856 610 3915 omnibus
651 3869 705 3916 ct
763 3863 945 3920 valere
968 3876 1023 3921 et
1061 3865 1119 3922 in
1159 3868 1438 3938 republica
1509 3868 1758 3924 obtinere
1788 3883 1940 3932 Icon-

351 3951 673 4020 spicietur:
733 3957 918 4032 [quin]
973 3971 1029 4016 et
1108 3965 1500 4022 contrahentes
1563 3982 1818 4037 personae
1872 3967 1942 4022 ab

352 4042 753 4117 intempestivis
809 4059 865 4107 et
885 4053 1158 4111 indecoris
1182 4059 1597 4129 [congressibus
1651 4059 1943 4125 coercitze,

351 4147 559 4194 castam
621 4144 785 4200 vitam
816 4147 1037 4216 ducent,
1071 4161 1381 4219 opportuno
1424 4162 1692 4222 tempore,
1722 4153 1945 4225 quando

352 4229 631 4296 sponsalia
676 4234 1008 4306 nuptiasque
1037 4237 1171 4308 ipsis
1218 4239 1411 4309 perfici
1451 4242 1758 4307 conveniet,
1819 4256 1946 4296 cum

354 4332 511 4374 sacra
541 4321 889 4384 invocatione
919 4328 1155 4385 invicem
1180 4331 1746 4404 congressurae.Quod
1761 4335 1805 4390 si
1827 4336 1950 4404 quis

337 4419 546 4466 econtra
606 4423 774 4485 atque
827 4420 1080 4486 praesenti
1137 4423 1394 4490 potentiae
1433 4432 1637 4478 nostra:
1679 4425 1950 4478 constitu-

357 4500 511 4558 tione
536 4485 873 4574 probibitum
897 4519 1001 4579 est,
1037 4485 1312 4583 sponsalia
1336 4515 1610 4570 coniicere
1637 4529 1944 4585 praesump-
1971 4485 2027 4545 Β

354 4595 510 4662 serit,
588 4614 769 4671 neque
806 4603 923 4659 haec
971 4607 1303 4676 generaliter
1332 4616 1406 4662 fet
1449 4608 1715 4663 adversus
1753 4623 1948 4663 omnes

356 4691 726 4764 promulgata,
780 4711 901 4768 quae
934 4699 989 4754 in
1038 4711 1322 4771 posterum
1354 4701 1600 4756 obtinere
1631 4701 1852 4766 debent,
1880 4701 1949 4757 ab

359 4788 498 4857 ipsis
527 4786 789 4846 Kalendis
839 4791 1081 4847 ineuntis
1123 4792 1330 4847 mensis
1380 4789 1535 4858 Julii,
1605 4793 1860 4849 instantis
1917 4793 1949 4847 7

359 4881 698 4950 indictionis,
768 4883 1046 4957 anniﬂab
1112 4885 1247 4940 orbe
1273 4883 1520 4957 condito]
1571 4885 1732 4951 6592,
1791 4887 1950 4956 sequi

360 4973 514 5029 visus
561 4976 749 5041 fuerit,
819 4985 876 5032 et
930 4987 1055 5032 ante
1106 4978 1409 5050 legitimum
1450 4988 1665 5048 tempus
1707 4995 1952 5034 sacram‘

361 5083 470 5138 que
516 5068 954 5125 benedictionem
972 5071 1180 5141 [arrbas
1219 5073 1417 5141 pacisci
1438 5071 1601 5126 fuerit
1633 5051 1955 5137 aususf'au’t

359 5163 526 5218 etiam
595 5164 652 5218 in
728 5174 987 5220 mutuum
1073 5175 1424 5234 coospectum
1493 5165 1950 5221 contrahentibus

362 5259 612 5327 personis
643 5261 960 5327 convenire,
1007 5268 1168 5330 atque
1201 5261 1345 5314 inter
1373 5276 1430 5315 se
1463 5259 1700 5334 [omnia]
1741 5260 1950 5330 promi-

366 5368 498 5407 scua
533 5353 734 5409 habere
779 5355 1090 5426 permiserit
1121 5353 1379 5409 :tabellio
1409 5357 1500 5425 qui
1529 5356 1953 5410 arrliabonicum

365 5455 707 5502 contractura
728 5447 1135 5518 conscripserit,
1151 5464 1179 5502 a
1197 5465 1293 5503 sua
1311 5449 1543 5504 statione
1561 5449 1953 5514 removebitur,

366 5542 456 5611 qui
480 5556 606 5595 vero
627 5551 752 5596 ante
783 5552 994 5613 tempus
1015 5542 1288 5613 sponsalia
1313 5541 1676 5607 confecerint,
1703 5543 1956 5596 humana:

370 5636 677 5706 divinaeque
728 5636 826 5690 iraa
909 5652 969 5692 se
1018 5636 1290 5691 obnoxios
1328 5635 1705 5691 reddiderunt.
1763 5633 1956 5690 Fiscus

371 5745 610 5800 namque
663 5739 885 5800 propter
959 5729 1532 5800 przescntisjnssionis
1582 5736 1955 5798 (‘Olllt‘lllptlﬂll

376 5835 470 5891 per
526 5839 710 5879 rerum
756 5823 1184 5881 domesticarum
1227 5824 1578 5881 secretarium
1615 5822 1845 5894 positam
1891 5835 1958 5876 cx

2045 3312 2138 3366 καὶ
2175 3307 2471 3382 μνηστείας
2501 3304 2716 3368 τελείας
2768 3302 2830 3355 ού
2864 3300 3089 3354 δύναται
3146 3296 3639 3368 καταπράξασθαι.

2044 3406 2125 3460 Τά
2167 3405 2224 3458 δέ
2257 3403 2356 3471 τῆς
2385 3399 2658 3469 νεωτέρας
2685 3393 3011 3466 νομοθεσίας
3041 3393 3120 3455 είς
3149 3391 3310 3462 ἔργον
3344 3389 3646 3460 ἐξαγαγεῖν

2046 3499 2097 3552 οἱ
2149 3493 2612 3553 συναλλάσσοντες
2646 3484 3005 3544 ἀπαναίνοντί
3057 3501 3108 3536 τι
3161 3483 3291 3537 ἄλλο
3324 3479 3576 3534 ποιοῦσιν
3605 3481 3640 3552 ἢ

2044 3587 2365 3662 ἀνθρώπους
2397 3585 2550 3639 οὐδὲν
2583 3581 2835 3652 ἀλλήλοις
2867 3577 3009 3634 κατά
3031 3579 3229 3649 νόμους
3253 3575 3644 3646 προσήκοντας

2045 3683 2260 3744 ἑαυτοῖς
2317 3675 2662 3750 συγχωροῦσι
2711 3673 2862 3744 ποιρά
2887 3673 2978 3726 τὸν
3005 3670 3170 3741 νόμον
3203 3666 3645 3739 συμφθείρεσθαι

2047 3776 2258 3849 ἔρωτας
2293 3774 2542 3840 ἀσελγεῖς
2571 3771 2692 3834 ταῖς
2717 3767 2826 3821 τῶν
2862 3766 2998 3819 νέων
3027 3764 3230 3835 ψυχαῖς
3252 3761 3340 3815 διὰ
3368 3760 3471 3831 τῆς
3495 3760 3654 3815 ἀνίε⁶

2051 3885 2143 3940 ρου
2189 3861 2656 3933 κατεργαζόμενοι
2693 3854 3162 3926 συναναστροφῆς.
3201 3851 3481 3915 Ὡσαύτως
3536 3853 3650 3904 ἀπ-

2048 3960 2214 4032 ελύθη
2243 3959 2337 4011 καὶ
2362 3955 2525 4026 ἐτέρα
2551 3949 2847 4025 πρόσταξις
2874 3946 2968 4002 τοῦ
3005 3945 3167 4001 αὐτοῦ
3200 3944 3468 4016 βασιλέως
3485 3944 3651 4014 χάριν

2047 4056 2146 4126 τῆς
2172 4051 2344 4122 αὐτῆς
2370 4045 2698 4120 νομοθεσίας
2739 4041 2883 4096 οὕτω
2909 4040 3194 4109 δυνάμεως
3220 4036 3444 4107 ἔχουσα,
3477 4035 3642 4104 ἴσμεν

2049 4144 2194 4200 κατὰ
2225 4139 2597 4211 τὸνξιἸούλιον
2632 4138 2778 4209 μῆνα
2819 4137 2918 4206 τῆς
2944 4139 2984 4186 ε’
3019 4130 3331 4194 ίνδικτιόνος
3353 4128 3446 4182 τοῦ
3485 4126 3654 4198 ςφιιβ

2050 4239 2204 4301 ἔτους
2236 4235 2703 4307 νομοθετήσαντες
2738 4228 2870 4300 περὶ
2896 4226 3078 4296 γάμου
3118 4241 3178 4278 τε
3209 4223 3304 4277 καὶ
3346 4221 3654 4293 μνηστείας

2048 4333 2151 4386 ὅσα
2187 4333 2252 4401 τῇ
2291 4347 2352 4381 τε
2395 4325 2620 4396 τοιαύτη
2669 4320 2966 4393 νομοθεσία
3016 4317 3112 4371 καὶ⁹
3145 4317 3213 4388 τῇ
3259 4314 3517 4386 ἀναφορᾷ
3549 4330 3651 4364 πε-

2058 4423 2395 4496 ριείληπται,
2430 4417 2754 4473 καὶτούτων
2796 4415 2948 4468 οὐδὲν
2979 4411 3425 4484 παρακινηθῆναι
3460 4409 3657 4481 ἀνεχό-

2059 4517 2220 4587 μεθα,
2278 4513 2414 4568 ἀλλά
2466 4511 2647 4582 μένειν
2698 4507 3154 4578 ἁπαρεγχείρητα
3205 4503 3510 4576 βουλόμεθα
3556 4504 3657 4556 καὶ

2057 4607 2393 4664 ἀναλλοίωτα
2424 4606 2589 4677 μέχρι
2640 4602 2864 4666 παντὸς,
2901 4601 2998 4655 καὶ
3027 4601 3126 4672 τήν
3156 4616 3217 4652 τε
3263 4597 3525 4652 σύστασιν
3553 4598 3659 4668 τῆς

2061 4700 2358 4773 μνηστείας
2412 4699 2503 4752 καὶ
2551 4696 2645 4750 τοῦ
2679 4695 2859 4766 γάμου
2891 4692 3082 4765 ὥσπερ
3125 4691 3344 4763 εἴρηται
3379 4691 3658 4760 γίνεσθαι,

2057 4796 2148 4850 τόν
2195 4812 2255 4848 τε
2303 4795 2498 4864 χρόνον
2549 4790 2840 4862 τηρεῖσθαι
2901 4789 3358 4858 ἀκαινοτόμητον,
3413 4790 3512 4839 καὶ
3544 4783 3657 4840 τῶν

2061 4887 2558 4960 συναρμοζομένων
2590 4886 2701 4939 τῶν
2757 4884 2857 4954 μὲν
2902 4883 3012 4936 τῶν
3048 4883 3108 4935 ιδ’
3154 4881 3293 4935 ἐτῶν
3348 4876 3493 4933 εἶναι
3528 4880 3654 4951 μεί-

2060 4984 2209 5048 ζονα,
2235 4981 2332 5052 τὴν
2353 4982 2412 5034 δὲ
2435 4980 2545 5034 τῶν
2571 4979 2635 5050 ιβ’
2666 4979 2788 5032 ἐπεὶ
2811 4978 2865 5030 δὲ
2895 4976 3047 5030 οὐδὲν
3069 4975 3188 5029 τότε
3224 4973 3661 5037 διατετύπωται,

2061 5081 2170 5133 εἴτε
2240 5078 2502 5147 λυόμεναι
2556 5072 2874 5145 προστίμων
2950 5069 3162 5122 ἔσονται
3223 5066 3558 5130 καταϐολαῖς
3600 5069 3660 5120 αἱ

2061 5168 2498 5239 τοιουτοτρόπως
2551 5162 2941 5232 συνιστάμεναι
2999 5159 3328 5231 μνηστεῖαιξ,
3393 5157 3503 5210 εἴτε
3563 5158 3662 5211 καὶ

2063 5262 2338 5316 ἀδιάλυτοι
2377 5258 2602 5330 μενοῦσι
2651 5255 2711 5309 τὸ
2755 5254 3041 5325 παράπαν.
3078 5253 3188 5305 Καὶ
3225 5251 3313 5305 διά
3359 5251 3521 5305 τοῦτο
3563 5251 3664 5304 καὶ

2064 5356 2192 5426 περὶ
2224 5353 2414 5408 τούτου
2464 5352 2625 5415 αὐτὸς
2658 5349 2942 5422 ἐρωτήσας
2969 5345 3303 5414 θεσπίζομεν
3339 5343 3436 5409 τὰς
3470 5343 3664 5397 τοιαύο

2062 5468 2160 5512 τας
2189 5448 2482 5519 μνηστείας
2515 5445 2570 5498 αἳ
2598 5445 2800 5517 κυρίως
2843 5443 3127 5514 μνηστεῖαι
3161 5438 3492 5510 τυγχάνουσι
3524 5441 3664 5509 ἀμε-

2064 5543 2392 5612 τακινήτους
2453 5539 2636 5610 μένειν
2688 5538 2784 5592 καὶ
2844 5533 3271 5607 ἀμεταπτώτους
3316 5534 3411 5587 καὶ
3444 5534 3506 5586 τὸ
3537 5534 3661 5586 ὅλον

2066 5635 2295 5697 ἀλύτους
2317 5632 2380 5697 ὄις
2411 5650 2466 5686 τε
2496 5630 2632 5684 Θεοῦ
2662 5629 2827 5700 μέσον
2848 5628 2956 5682 τῶν
2981 5626 3407 5696 συναπτομένων
3438 5627 3659 5692 εἰσαγο-

2070 5729 2233 5797 μένιυ
2268 5728 2362 5780 καὶ
2410 5727 2509 5797 τὴν
2536 5725 2793 5798 τοιαύτην
2823 5723 3176 5796 συναρμογὴν
3216 5721 3304 5774 διὰ
3336 5720 3448 5774 τῶν
3481 5721 3656 5790 εὐχῶν

2070 5819 2462 5892 ἱεροτελεστίας
2521 5817 2904 5890 κρατύνοντος,
2970 5817 3063 5872 καὶ
3122 5813 3393 5887 μηδέποτε
3452 5814 3653 5876 ταύτας
