3928 6246
268 243 406 312 I185

1251 244 1739 311 NOMOCANON.
1780 241 2027 312 νΪΤΙΤ.
2068 244 2242 322 XIII,
2283 247 2440 311 CAP.
2484 241 2595 308 II."

3418 252 3561 318 1186

267 359 555 434 προστίμῳ
586 361 921 419 ἀναλύεσθαι
953 362 1189 431 δόσεσιν,
1230 364 1320 419 ὅτε
1350 364 1473 418 οὐδὲ
1502 366 1615 427 τοῖς
1648 361 1857 433 συμϐο-

1978 357 2322 428 stipulatione
2375 360 2430 415 in
2490 361 2879 420 instrumentis
2928 380 3151 436 poenam
3206 365 3277 422 ab
3314 365 3559 436 ipsorum

265 452 437 518 λαίοις
468 454 531 508 τὸ
564 454 751 511 λοιπὸν
782 458 1250 528 ὲγγραφήσονται,
1282 458 1367 510 ὄτι
1417 457 1553 528 μηδὲ
1598 457 1861 529 παρ’παύ-

268 546 373 599 τῶν
408 549 464 601 ai
491 551 780 619 μνηστεῖαι
832 549 1236 621 κρατύνονται,
1289 550 1427 605 ἀλλὰ
1484 550 1573 604 διὰ
1615 552 1715 618 τῆς
1765 549 1861 604 τοῦ

267 638 401 692 Θεοῦ
434 640 797 712 ἐπικλήσεως,
825 645 992 715 αἴπερ
1021 644 1117 697 καὶ
1145 643 1331 716 ᾶμιτοι
1372 643 1435 696 τὺ
1465 643 1729 715 παράπαν
1764 661 1863 714 με-

268 730 417 786 νοῦσι
447 733 638 804 μόναις
667 733 929 805 λυόμεναι
966 738 1092 799 ταῖς
1118 735 1322 801 αἰτίαις
1370 730 1459 800 αἷς
1487 736 1581 790 καὶ
1607 739 1655 791 οἱ
1692 736 1863 807 γάμοι

267 818 345 888 οἷς
375 825 731 898 ἰσοδυνάμους
763 822 1135 893 εἷναιταύτας
1169 830 1615 900 νενομοθέτηται.
1652 830 1763 883 Καὶ
1791 830 1862 885 τὰ

267 918 625 989 κεκωλυμένα
653 921 711 974 δὲ
740 922 930 990 γενικά
975 922 1250 993 πρόσωπα
1278 922 1414 993 πρὸς
1454 922 1686 996 γάμονῆ
1729 940 1866 993 μνη-

268 1011 454 1064 στείαν
480 1013 623 1066 κατὰ
664 1012 726 1067 τὸ
754 1013 914 1081 δόξαν
941 1014 1059 1081 ἕξει
1102 1013 1202 1085 τὴν
1238 1014 1473 1067 κώλυσιν
1503 1016 1597 1068 καὶ
1624 1016 1774 1086 παρὰ
1798 1018 1861 1087 τῇ

266 1103 671 1178 διηγορευμένῃ
697 1108 763 1178 τῇ
794 1106 851 1159 δε
888 1108 953 1177 τῇ
999 1106 1142 1162 διάτ.
1181 1105 1274 1160 ὑπ’
1308 1105 1520 1170 οὐδενός
1548 1123 1600 1159 τι
1628 1106 1865 1178 διαπρα-

268 1196 537 1267 χθήσεται
573 1197 624 1250 εἰ
668 1197 840 1267 μήπω
881 1194 1138 1267 βασιλεὺς
1182 1194 1516 1267 οἰκονομικῷ
1569 1212 1677 1248 τινι
1721 1194 1865 1265 λόγῳ

266 1289 369 1360 τήν
399 1306 460 1342 τε
486 1288 785 1359 μνηστείαν
822 1289 917 1342 καὶ
945 1287 1044 1359 τὴν
1090 1287 1149 1354 ἐξ
1176 1286 1481 1358 ἰερολογίας
1513 1286 1867 1357 συναρμογὴν

267 1381 422 1445 ἐντὸς
448 1380 558 1433 τῶν
586 1380 915 1453 όρισθέντων
938 1380 1075 1433 ἐτῶν
1099 1376 1734 1450 ἐπιτρέψειεΒασιλεῦσι
1753 1377 1863 1450 γάρ

267 1472 479 1537 ἔξεστιν
504 1471 823 1543 ὑπερτέρως
849 1472 884 1542 ἢ
915 1470 1063 1525 κατὰ
1091 1472 1292 1542 νόμους
1317 1472 1646 1540 οἰκονομεῖν,
1673 1468 1864 1540 ὥσπερ

264 1565 295 1617 ὁ
319 1563 487 1632 σοφός
519 1580 580 1616 τε
614 1563 806 1634 εἴρηκε
855 1560 1132 1631 βασιλεὺς,
1175 1560 1268 1614 καὶ
1297 1558 1409 1612 τῶν
1433 1556 1770 1629 νομοθεσιῶν
1804 1558 1862 1611 αἱ

264 1655 665 1729 πρεσϐύτεραι.
693 1654 803 1711 Καὶ
830 1654 989 1710 αὐτοί¹
1027 1654 1085 1707 δὲ
1112 1652 1206 1706 τὸν
1240 1652 1435 1724 χρόνον
1469 1650 1864 1721 συντέμνοντες

264 1748 389 1821 οὐχὶ
420 1748 517 1803 καὶ
548 1748 649 1819 τὴν
682 1747 919 1817 φυσικὴν
951 1747 1213 1819 ὲφήσουσι
1238 1745 1458 1799 σύνοδον
1498 1744 1605 1809 ἕως
1635 1743 1744 1798 τῶν
1766 1744 1867 1815 ἀρ-
1896 1731 1938 1786 Β

267 1843 612 1914 μοζομένων.
670 1841 729 1894 '0
773 1843 871 1913 μὲν
905 1841 997 1895 τὸν
1050 1838 1108 1894 ιδ’
1153 1839 1422 1906 ἐνιαυτὸν,
1474 1841 1507 1910 ἠ
1546 1838 1604 1892 δὲ
1649 1838 1743 1893 τὸν
1794 1836 1864 1909 ιβ’

265 1936 487 2008 ὑπερϐῇ
523 1936 634 1990 τῶν
663 1936 867 2005 γονέων
896 1933 1134 2006 ἐπιμελῆ
1160 1932 1410 1988 τίθεσθαι
1438 1932 1690 2003 φυλακὴν
1709 1933 1865 1999 ὀφει-

265 2030 474 2084 λόντων
509 2028 605 2082 τοῦ
640 2029 772 2099 μήτι
802 2029 911 2098 πρὸ
944 2028 1039 2081 τοῦ
1092 2026 1351 2099 ῥηθέντος
1388 2026 1709 2098 ’πραχθῆναι
1738 2025 1871 2097 χρό-

270 2139 368 2176 νου
395 2119 473 2183 ὡς
497 2119 597 2173 τοῦ
636 2137 695 2173 τε
720 2117 1168 2191 διαπραξαμένου
1215 2118 1314 2189 τὴν
1360 2116 1539 2189 ἄωρον
1575 2116 1739 2186 μίξιν,
1774 2115 1869 2170 καὶ

267 2212 381 2266 τῶν
411 2211 725 2282 γενητόρων
751 2210 918 2266 αὐτοῦ
948 2212 1061 2273 τοῖς
1084 2209 1226 2263 κατὰ
1250 2209 1360 2261 τῶν
1393 2207 1642 2280 φθορέων
1670 2206 1867 2277 νόμοις

269 2306 728 2378 ὑποκεισομένου.
765 2306 877 2360 Καὶ
932 2306 1025 2359 ὅτε
1082 2304 1141 2358 δὲ
1198 2303 1455 2375 βασιλεὺς
1506 2303 1801 2373 μνηστείας
1832 2302 1866 2372 ἢ

269 2400 453 2470 γάμου
489 2398 843 2469 καινοτομοίη
879 2396 1073 2468 καιρὸν
1102 2396 1361 2466 ἀθανάτῳ
1390 2395 1665 2449 διασταῖεν
1684 2392 1735 2446 οἰ
1765 2393 1869 2464 ἀρ-

275 2492 571 2563 μοζόμενοι
606 2495 713 2564 πρὸ
736 2491 829 2545 τοῦ
875 2490 1187 2563 ὁρισθέντος
1230 2489 1309 2559 τῷ
1354 2488 1642 2561 πράγματι
1671 2487 1867 2558 χρόνου

272 2586 389 2652 ἕξει
421 2587 518 2641 καὶ
553 2585 698 2639 οὕτω
737 2585 836 2656 τὴν
868 2585 1105 2638 κώλυσιν
1137 2586 1209 2637 τὰ
1246 2583 1565 2653 κωλυόμενα
1601 2582 1871 2653 πρόσωπα

276 2680 376 2734 καὶ
423 2679 527 2733 οὐκ
572 2678 725 2732 ἔσται
757 2678 972 2742 τούτοις
1024 2676 1337 2747 ὲνάφορμον
1383 2676 1521 2746 πρὸς
1566 2675 1627 2728 τὸ
1663 2674 1872 2745 τολμᾷν

274 2773 347 2827 τὰ
376 2772 659 2843 ἀτόλμητα
700 2771 762 2825 τὸ
798 2771 909 2843 πρὸ
936 2770 1030 2824 τοῦ
1070 2769 1357 2833 δοκοῦντος
1408 2771 1530 2832 ταῖς
1570 2767 1872 2839 ἡμετέραις

275 2863 559 2932 διατάξεσι
589 2864 786 2937 χρόνου
844 2865 944 2934 τὴν
1005 2864 1304 2936 μνηστείαν
1353 2860 1512 2933 ἢτδν
1560 2861 1740 2931 γάμον
1773 2859 1872 2931 τὴν

275 2961 434 3014 λύσιν
464 2958 695 3013 θανάτου
714 2957 989 3025 δέξασθαι.
1023 2956 1098 3010 Τὸ
1118 2956 1227 3028 γὰρ
1253 2955 1500 3009 ἐλλεῖπον
1531 2953 1627 3007 τοῦ
1659 2953 1871 3007 τελείου

1968 452 2197 522 singulis
2262 453 2528 524 integram
2596 455 2796 526 exiget.
2857 456 3144 514 Credimus
3194 475 3325 516 vero
3397 463 3563 517 etiam

1968 544 2148 614 ipsum
2198 543 2369 599 Deum
2420 546 2687 603 adversus
2724 548 2825 604 hos
2892 549 3358 619 insurrectnrum,
3411 553 3561 623 quod

1968 636 2375 705 interjuvenes
2413 640 2717 711 nequitiam
2768 642 2947 712 palam
3010 643 3221 719 [atque]
3289 647 3565 703 destinato

1968 731 2319 787 introducere
2366 748 2477 787 non
2525 737 2869 794 erubuerint.
2934 739 3140 795 Etenim
3182 742 3227 797 si
3261 752 3417 798 vetus
3477 742 3566 798 lex

1966 824 2121 879 irrita
2176 824 2320 880 faeta
2372 835 2474 894 est,
2528 836 2582 882 et
2614 828 2853 897 perfecta
2906 834 3182 902 Sponsalia
3213 835 3410 891 conﬁci
3467 851 3567 891 ne-

1966 927 2222 988 queunt:
2262 918 2374 993 [ac]
2443 938 2577 976 vero
2620 926 2947 981 recentioris
2991 928 3355 997 legislationis
3412 942 3563 999 prte-

1968 1011 2233 1080 scriptum
2267 1014 2332 1067 ad
2365 1012 2618 1068 ell‘ectum
2650 1017 2922 1073 deducere
2979 1022 3372 1077 contrahentes
3403 1037 3564 1078 recu-

1967 1113 2137 1159 sant:
2187 1106 2318 1174 quid
2389 1106 2538 1161 aliud
2600 1105 2832 1175 faciunt,
2917 1126 3080 1181 quam
3137 1112 3393 1171 homines
3458 1114 3567 1171 sibi

1968 1208 2160 1253 mutuo
2212 1198 2515 1253 secundum
2575 1200 2749 1270 legem
2801 1216 2912 1256 non
2986 1204 3320 1270 obstrictos,
3374 1214 3567 1261 contra

1967 1292 2140 1363 legem
2172 1293 2314 1348 inter
2365 1309 2425 1350 se
2480 1295 2761 1366 corrumpi
2818 1298 3026 1363 sinunt,
3071 1297 3338 1367 juvenum
3409 1297 3565 1371 [que]

1966 1381 2165 1437 animis
2200 1383 2432 1440 lascivos
2488 1401 2705 1442 amores
2739 1402 2837 1456 per
2897 1388 3159 1459 pollutam
3193 1390 3568 1445 conversatio-

1964 1487 2089 1528 nem
2161 1473 2526 1543 ingenerant?
2554 1475 2690 1532 Nota
2723 1494 2853 1535 vero
2909 1497 2975 1535 ex
3036 1483 3290 1552 praesenti
3330 1482 3569 1549 novella,

1964 1563 2109 1633 quod
2144 1566 2287 1619 male
2312 1568 2645 1636 permissum
2678 1568 2782 1624 fuit
2810 1571 3069 1628 bellicoso
3096 1575 3296 1629 domno
3319 1572 3570 1630 Michaeli

1970 1651 2373 1730 [matrimonio]
2422 1661 2681 1731 conjungi
2731 1678 2857 1718 cum
2908 1664 3206 1720 rarissima;
3246 1665 3435 1721 formae
3468 1667 3570 1721 do-

1968 1746 2115 1801 mina
2145 1747 2324 1816 Anna,
2361 1766 2483 1820 quae
2522 1753 2783 1822 patruelis
2816 1765 2936 1810 erat
2960 1754 3142 1811 Mariae
3172 1754 3369 1813 Serblii
3397 1756 3567 1831 [tiliae]

1967 1846 2131 1894 antea
2209 1839 2287 1894 illi
2342 1841 2649 1912 desponsae.
2720 1842 2857 1899 Nam
2920 1847 3137 1903 tametsi
3208 1848 3325 1919 lege
3378 1850 3575 1905 mortis

1968 1940 2095 1988 ante
2146 1934 2369 2004 nuptias
2396 1936 2465 1989 ab
2481 1951 2545 1991 ea
2577 1951 2779 2008 Sponsa
2799 1950 3083 2009 separatus
3116 1950 3220 2006 est,
3251 1956 3431 2011 neque
3447 1957 3573 1997 cum

1969 2024 2058 2079 illa
2126 2040 2184 2080 se
2248 2026 2644 2092 commiscuit,
2729 2038 2972 2085 attamen
3049 2031 3224 2101 ipsius
3268 2034 3573 2103 patruelem

1972 2132 2200 2172 uxorem
2246 2120 2449 2174 ducere
2482 2135 2589 2174 non
2608 2121 2816 2177 debuit.
2846 2120 3035 2191 Neque
3056 2124 3205 2179 enim
3236 2124 3575 2195 conjunctio,

1972 2211 2065 2266 sed
2095 2211 2473 2282 precationum
2516 2215 2971 2282 caeremoniteﬁut
2994 2216 3267 2286 sponsalia
3307 2225 3570 2288 tanquam

1971 2305 2175 2373 nuptiae
2224 2316 2569 2375 reputentur,
2614 2306 2843 2361 faciunt.
2930 2308 2986 2362 Si
3053 2309 3219 2378 igitur
3249 2309 3424 2364 laicus
3464 2311 3574 2364 tale

1971 2396 2251 2467 quidpiam
2308 2397 2487 2451 facere
2518 2399 2858 2467 prohibetur,
2891 2398 3183 2472 [profecto]
3218 2411 3573 2457 consecratus

1973 2490 2149 2544 multo
2207 2491 2405 2560 magis.
2430 2491 2547 2545 Tali
2585 2495 3197 2563 namque"temporihus
3234 2494 3573 2550 sanctissimi

1972 2583 2117 2637 illius
2163 2583 2489 2653 patriarchae
2525 2585 2709 2638 tlornni
2738 2584 3030 2641 Michaelis
3060 2586 3312 2641 Anchiali
3359 2602 3455 2657 per
3480 2602 3573 2658 sy-

1972 2677 2227 2732 nodalem
2304 2679 2766 2733 commentarium
2852 2680 3078 2735 vetitum
3168 2689 3253 2735 est
3332 2681 3577 2752 legitime

1973 2767 2232 2838 conjungi
2307 2783 2432 2822 cum
2510 2766 2619 2841 [ea]
2686 2769 2937 2837 muliere,
2998 2786 3123 2837 qua:
3173 2782 3401 2841 cognata
3457 2771 3579 2841 ejus

1981 2857 2170 2927 fuerit,
2211 2876 2334 2931 qua:
2358 2861 2701 2933 ohligatoriis
2754 2863 2978 2932 scriptis
3032 2865 3299 2919 duntaxat
3344 2864 3421 2919 illi
3478 2866 3579 2919 ob.

1974 2954 2165 3011 Stricta
2221 2954 2439 3019 fuisset,
2517 2970 2695 3026 neque
2749 2957 3153 3026 sponsaliorum
3213 2972 3401 3027 preces
3449 2972 3575 3012 cum

277 3052 474 3126 χρόνου
503 3052 601 3123 τῆς
639 3050 995 3123 μνηστείαςῆ
1030 3049 1124 3103 τοῦ
1163 3049 1345 3119 γάμου
1392 3049 1426 3115 ἡ
1449 3047 1560 3117 ξτοῦ
1606 3046 1871 3118 βασιλέως

1982 3048 2102 3119 ipso
2150 3049 2475 3118 excepisset,
2499 3050 2645 3120 quod
2699 3060 2795 3105 aut
2822 3058 3058 3117 mortua,
3097 3059 3194 3105 aut
3234 3050 3578 3121 paenitudine

276 3144 494 3213 ἀναπλη
506 3144 674 3217 ροῦσα
703 3142 983 3213 οἰκονομία
1013 3142 1369 3211 ἀπαράϐατον
1393 3140 1626 3211 τηρήσει
1656 3140 1767 3201 τοῖς
1787 3155 1874 3191 κε-

278 3237 624 3309 κωλυμένοις
651 3237 751 3309 τὴν
787 3237 1025 3291 κώλυσιν
1055 3237 1151 3289 καὶ
1181 3234 1440 3305 οὐδαμῶς
1474 3234 1701 3305 θήσουσι
1748 3248 1877 3285 συν-

282 3329 543 3399 ἀλλαγμα
568 3327 915 3398 κωλυόμενον
944 3327 1061 3380 ἀλλ’
1084 3328 1184 3379 ὅσα
1209 3325 1269 3391 ἐξ
1289 3324 1553 3396 ἀκριϐοῦς
1583 3322 1878 3394 μνηστείας

281 3417 316 3489 ἢ
348 3417 561 3470 τελείου
588 3416 769 3485 γάμου
802 3415 1104 3470 κωλύονται
1135 3415 1550 3485 συναλλάγματι
1581 3414 1755 3468 ταῦτα
1780 3415 1877 3467 καὶ

283 3510 390 3564 ὑπὸ
415 3510 525 3563 τῶν
558 3509 709 3572 ἐντὸς
731 3508 824 3563 τοῦ
851 3508 1242 3581 νενομισμένου
1274 3510 1467 3579 χρόνου
1491 3508 1591 3580 τὴν
1618 3502 1884 3561 σύστασιν’

281 3603 650 3674 οἰκονομικῶς
679 3603 775 3656 καί¹
815 3602 913 3674 τὴν
954 3603 1108 3656 λύσιν
1142 3601 1388 3671 φυσικῶς
1419 3600 1731 3671 δεξαμένων
1762 3602 1876 3672 εἰρ-

284 3695 577 3769 χθήσεται,
616 3695 935 3766 Σημείωσαι
957 3694 1055 3767 τὴν
1090 3695 1373 3766 παροῦσαν
1402 3694 1698 3767 ἑρμηνείαν
1716 3692 1879 3764 mch

284 3807 413 3860 κειρ.
442 3789 539 3843 τοῦ
581 3796 649 3858 ιγ’
687 3789 1048 3844 διδάσκουσαν
1075 3788 1272 3857 ξπολλὰ
1306 3790 1554 3861 χρήσιμα
1584 3787 1748 3859 χάριν
1780 3786 1881 3857 γά-

287 3899 407 3954 μων
455 3882 858 3953 κεκωλυμένων
906 3883 1001 3937 καὶ
1051 3881 1547 3953 ὲκκεχωρημένων.
1607 3881 1731 3936 Ἔτι
1777 3898 1879 3951 ση«

288 3975 523 4046 μείωσαι
590 3975 692 4046 τὴν
756 3975 989 4046 δύναμιν
1059 3974 1154 4028 τοῦ
1224 3974 1529 4045 γραφέντος
1600 3972 1878 4027 συνοδικοῦ

283 4068 458 4138 τὸμου
512 4069 571 4121 ὲν
606 4070 729 4132 ταῖς
766 4068 1006 4140 ἡμέραις
1051 4066 1144 4121 τοῦ
1195 4068 1505 4136 ἁγιωτάτου
1539 4066 1879 4136 πατριάρχου

286 4161 483 4231 κυρίου
526 4159 767 4227 ’Λλεξίου
801 4162 897 4214 καὶ
937 4158 1188 4223 τεθέντος
1220 4158 1280 4211 ὲν
1323 4162 1387 4227 τῇ
1426 4158 1678 4230 παρούσῃ
1711 4158 1883 4228 ἑρμη-

286 4254 428 4325 νεία.
462 4254 706 4309 Γίνωσκε
735 4254 817 4308 ὅτι
845 4254 949 4308 κᾶν
970 4256 999 4308 ὁ
1019 4253 1265 4327 τοιοῦτος
1284 4252 1470 4324 τόμος,
1504 4252 1598 4306 καὶ
1625 4254 1658 4323 ἡ
1694 4251 1882 4307 τοῦτον

289 4346 633 4418 ἒπικυροῦσα
692 4346 945 4417 βασιλικὴ
1002 4346 1320 4417 πρόσταξις,
1381 4346 1499 4416 μετ’
1562 4343 1883 4416 ὲμϐριθείας

1984 3144 2150 3198 ducta
2183 3141 2341 3196 alteri
2394 3144 2514 3199 viro
2568 3142 2860 3212 conjuncta
2901 3152 3047 3199 esset
3085 3165 3095 3197 :
3133 3152 3286 3197 extra
3328 3158 3491 3214 quam
3528 3142 3577 3198 si

1982 3247 2104 3288 eam
2164 3232 2396 3288 necdum
2451 3247 2748 3288 sexcnnem
2815 3247 2965 3287 mors
3024 3232 3347 3288 arrhabonis
3395 3232 3575 3287 instar

1980 3322 2288 3379 abstulerit.
2333 3323 2523 3379 Visum
2562 3332 2647 3379 est
2682 3324 2829 3378 enim
2867 3323 3103 3379 concilio
3168 3324 3221 3377 in
3276 3339 3576 3380 sexennem

1981 3414 2273 3469 mulierem
2353 3415 2565 3485 copulae
2618 3415 3124 3486 concupiscentiam
3178 3430 3288 3469 non
3337 3415 3575 3485 concipi.

1981 3508 2185 3564 Verum
2248 3508 2431 3563 hocin
2468 3507 2623 3563 laicis
2670 3525 2777 3563 non
2820 3509 3107 3564 obtinebit.
3132 3507 3268 3563 Nam
3300 3512 3391 3579 qui
3416 3510 3579 3564 altari

1984 3598 2343 3673 [deserviunt]
2370 3599 2468 3655 soli
2514 3601 2679 3655 unius
2718 3602 2927 3664 uxoris,
2963 3600 3323 3670 ejusdemque
3349 3600 3578 3670 virginis

1980 3691 2082 3746 viri
2117 3692 2410 3755 nominari,
2468 3692 2681 3761 ipsique
2708 3692 2952 3760 ejusdem
2981 3700 3156 3747 status
3198 3706 3319 3746 esse
3357 3691 3576 3746 debent.

1980 3784 2155 3839 Porro
2185 3801 2304 3854 quae
2334 3782 2482 3856 [hac]
2517 3784 2728 3839 novella
2754 3785 2820 3839 de
2851 3785 3199 3853 sponsalibus
3220 3784 3580 3853 comprehen-

1982 3878 2208 3941 duntur,
2240 3894 2305 3931 ex
2338 3879 2455 3947 ipsa
2478 3876 2765 3931 manifesta
2798 3883 2945 3929 sunt.
2979 3875 3132 3931 Scias
3164 3889 3294 3929 vero
3342 3875 3487 3945 quod
3524 3874 3581 3929 in

1983 3970 2413 4041 chartophylacii
2472 3982 2626 4038 septo
2672 3969 3007 4024 sanctissimi
3056 3970 3202 4023 illius
3256 3968 3585 4038 patriarchae

1983 4062 2173 4116 domni
2227 4060 2431 4116 Νίσοιοί
2466 4062 2736 4133 (quidamj
2798 4061 3231 4116 commentarius
3267 4070 3584 4115 asscrvatur

1985 4153 2079 4223 qui
2110 4152 2225 4208 haec
2250 4153 2318 4207 ad
2346 4154 2572 4209 verbum
2597 4154 3016 4223 complectitur:
3040 4154 3246 4208 mensis
3265 4151 3394 4206 Julii
3420 4152 3507 4206 die
3525 4153 3581 4218 4,

1986 4243 2287 4299 indictione
2320 4246 2407 4301 15.
2439 4245 2576 4300 Cum
2617 4246 3001 4302 sanctissimus
3030 4255 3218 4302 noster
3238 4246 3496 4301 dominus
3531 4256 3585 4301 et

1986 4338 2360 4394 mconomicus
2398 4340 2713 4410 patriarcha
2753 4338 3008 4395 Nicolaus
3046 4340 3099 4393 in
3124 4338 3415 4395 Thomaita
3448 4356 3586 4410 pra:-

286 4441 479 4514 κωλύῃ
506 4442 599 4495 τὸν
629 4438 689 4506 ἐξ
725 4441 959 4512 αἵματος
983 4439 1027 4506 ζ’
1058 4441 1269 4512 βαθμοῦ
1302 4440 1500 4511 γάμον.
1541 4438 1702 4493 Ἀλλά
1737 4437 1875 4493 κατὰ

1986 4433 2207 4500 sideret,
2229 4448 2293 4487 ac
2324 4448 2448 4489 cum
2481 4434 2601 4503 ipso
2628 4433 2721 4490 Dei
2758 4433 3131 4489 amantissimi
3168 4434 3586 4503 metropolitani

286 4534 451 4607 τὴνδ’
488 4533 781 4588 ἰνδικτιόνα
833 4533 928 4586 τοῦ
977 4533 1136 4604 ςχιιᾶ
1175 4533 1335 4596 ἔτους
1365 4530 1661 4601 πρόσταξις
1689 4530 1883 4601 γέγονε

287 4629 385 4683 τοῦ
416 4626 686 4700 κραταιοῦ
714 4627 811 4680 καὶ
834 4625 994 4695 ἁγίου
1026 4625 1185 4697 ἡμῶν
1208 4625 1473 4697 βασιλέως
1491 4624 1682 4695 κυρίου
1703 4624 1886 4701 ’Ἰσαα-

289 4723 417 4777 κίου
469 4720 565 4775 τοῦ
602 4720 834 4789 ἀγγέλου
878 4717 1375 4791 πατριαρχεύοντος
1421 4716 1516 4771 τοῦ
1559 4716 1885 4788 καματηροῦ

306 4814 503 4888 κυρίου
552 4813 835 4867 Βασιλείου
876 4811 1219 4883 διοριζομένη
1258 4811 1333 4883 μὴ
1355 4808 1888 4881 προκριματίζεσθαι

304 4911 374 4965 ἐκ
428 4908 543 4963 τῶν
597 4906 868 4979 ρηθεισῶν
919 4905 1172 4979 πράξεων
1202 4904 1295 4958 τὸν
1320 4906 1325 4909 “
1351 4902 1491 4975 μετὰ
1534 4902 1635 4975 τὴν
1670 4904 1889 4972 ποίησιν

288 4998 476 5053 αὐτῶν
507 4998 783 5051 συστάντα
814 4997 995 5066 γάμον
1025 4998 1189 5068 μέσον
1220 4994 1329 5049 τῶν
1366 4994 1890 5065 πανευτυχεστάτων

290 5092 587 5164 καισάρων
620 5092 792 5163 ἤγουν
827 5088 922 5143 τοῦ
956 5088 1381 5159 Κατακουξηνοῦ
1408 5088 1601 5159 κυρίου
1642 5088 1889 5141 Ἰωάννου

291 5188 390 5243 καὶ
422 5186 526 5257 τῆς
552 5184 895 5255 αὐταδέλφης
938 5183 1032 5237 τοῦ
1077 5182 1343 5254 βασιλέως
1368 5184 1465 5254 τῆς
1498 5182 1693 5253 κυρίας
1722 5181 1891 5251 Εἰρή-

298 5298 401 5351 νης
441 5279 539 5332 καί⁸
585 5280 667 5343 εἰς
707 5275 753 5343 ζ’
787 5276 994 5349 βαθμὸν
1025 5276 1085 5343 ἐξ
1127 5278 1360 5348 αἵματος
1386 5276 1743 5345 ἀναγόμενον,
1775 5272 1890 5327 ἀλλ’

288 5372 421 5427 ϐσον
451 5370 514 5425 τὸ
545 5372 624 5436 εἰς
647 5371 849 5431 αὐτοὺς
894 5370 989 5425 καὶ
1021 5371 1217 5441 μόνους
1253 5368 1607 5441 άπρακτῆσαι
1638 5366 1706 5420 τὰ
1740 5364 1895 5435 παρὰ

296 5471 398 5543 τῆς
434 5470 657 5524 συνόδου
695 5470 791 5523 καὶ
819 5467 915 5522 τοῦ
963 5466 1232 5531 βασιλέως
1264 5465 1456 5537 κυρίου
1489 5463 1752 5535 Μανουηλ
1783 5463 1893 5517 διο-

303 5562 555 5633 ρισθέντα
589 5562 753 5633 χάριν
790 5562 885 5615 τοῦ
920 5560 1166 5614 τοιούτου
1198 5559 1294 5612 καὶ
1349 5556 1565 5628 ἐδείχθη
1607 5556 1700 5610 καὶ
1742 5554 1894 5626 παρὰ

298 5655 400 5727 τῆς
429 5656 676 5710 συνόδου.
711 5654 831 5707 Ἔτι
866 5654 1176 5724 σημείωααι
1223 5651 1304 5705 ὅτι
1338 5650 1407 5704 τὰ
1432 5651 1491 5703 ὲν
1518 5648 1597 5720 τῷ
1620 5646 1895 5719 Βασιλικῷ

302 5750 692 5822 προστάγματι
726 5749 1098 5822 περιεχόμενα
1140 5747 1221 5810 εἰς
1260 5742 1545 5817 ἀναίρεσιν
1594 5738 1756 5812 δῆθεν
1797 5738 1893 5795 τοῦ

1986 4524 2078 4581 ille
2111 4532 2166 4581 et
2197 4526 2308 4593 ille,
2351 4526 2445 4583 Dei
2484 4526 2898 4582 amantissimus
2920 4526 3374 4596 metropolitanus
3400 4525 3586 4597 Cyzici

1988 4616 2213 4673 Simeon
2258 4633 2381 4672 cum
2421 4628 2609 4672 nostra
2652 4617 3028 4672 moderatione
3064 4615 3380 4682 considens,
3424 4616 3582 4683 dixit,

1987 4710 2267 4783 quomodo
2304 4709 2908 4783 [[quidamjimatricis
2961 4724 3076 4764 sua:
3138 4708 3289 4763 urhis
3346 4708 3586 4762 clericus

1990 4806 2211 4861 nomine
2240 4803 2503 4875 Joannes}
2533 4805 2865 4859 Diahatenus
2910 4802 3189 4873 sponsalia
3220 4802 3419 4856 inierat
3458 4816 3595 4855 cum

1989 4898 2229 4971 quadam
2271 4898 2439 4953 Maria
2502 4898 2793 4969 Theophili
2853 4897 3020 4963 dicta,
3070 4910 3195 4965 quae
3237 4902 3385 4951 esset
3430 4902 3591 4949 aetate

1992 4993 2279 5063 septennis
2313 5011 2327 5047 :
2366 5001 2533 5063 atque
2584 4991 2898 5061 intellecto},
2953 4996 3177 5060 propter
3223 5002 3439 5057 sponsae
3488 4986 3592 5040 im-

1992 5086 2334 5157 pubertatem
2379 5093 2575 5155 praeter
2611 5083 2702 5155 jus
2751 5082 3031 5154 sponsalia
3064 5094 3191 5135 esse
3220 5076 3426 5152 [inita],
3454 5086 3588 5134 tunc

1994 5163 2063 5235 ab
2099 5180 2193 5235 illa
2247 5185 2571 5244 recesserat,
2649 5192 2714 5233 ac
2760 5184 2887 5247 post
2944 5189 3119 5230 annos
3164 5181 3290 5229 octo
3346 5171 3590 5243 legitime

1995 5274 2171 5344 ipsam
2210 5274 2263 5328 in
2315 5270 2728 5328 matrimonium
2785 5274 3178 5339 assumpserat.
3241 5264 3419 5337 Atque
3471 5265 3591 5321 haec

1996 5382 2121 5423 cum
2154 5367 2402 5434 dixisset,
2434 5366 2565 5437 quid
2592 5364 2878 5419 de'clerico
2910 5360 3051 5437 [illo]
3080 5359 3393 5416 faciendum
3421 5370 3590 5429 esset,

1997 5456 2208 5513 discere
2230 5455 2424 5513 voluit.
2483 5453 2709 5511 Audirit
2789 5451 2957 5523 igitur
3014 5466 3045 5505 a
3096 5460 3287 5505 nostra
3331 5449 3592 5505 modera-

1998 5557 2173 5616 ttonc,
2225 5548 2740 5618 considentiumqne
2784 5545 3023 5601 fratrum
3073 5554 3243 5611 C(Btu,
3284 5542 3430 5615 quod
3481 5555 3594 5597 non

1998 5644 2175 5700 solum
2207 5643 2265 5697 in
2306 5643 2535 5714 nuptiali
2568 5648 2853 5697 contractu
2882 5638 3076 5696 arrhas
3136 5638 3256 5694 dari
3287 5645 3594 5706 'receptum

2000 5736 2099 5796 sit:
2126 5749 2315 5793 verum
2384 5733 2548 5792 etiam
2586 5730 2657 5809 iu_
2692 5728 2955 5805 [caeteris]
3017 5727 3391 5789 contractibus
3417 5728 3597 5786 omni-
