3928 6246
342 273 479 337 1187

1560 272 1828 335 ΡΗΟΤΙΙ
1868 274 2379 339 PATRIARCHAE
2414 278 2524 339 CP-

3501 283 3642 348 1188

336 390 475 444 bus:
526 396 691 459 atque
729 386 811 459 [id
844 385 1089 459 quidem]
1132 402 1240 441 non
1293 394 1505 453 eoacte,
1557 389 1655 443 sed
1713 397 1926 460 sponte.

2033 391 2202 461 τόμου
2228 391 2323 445 τοῦ
2363 390 2603 445 Σιστνίου
2665 390 2767 445 οὐκ
2800 390 3187 464 ὲνηργήθησαν
3226 392 3364 459 τέως
3402 395 3498 448 ἐπὶ
3533 398 3644 449 τῶν

336 480 809 549 Quemadmodum
858 481 1025 552 igitur
1083 480 1138 534 in
1190 480 1319 555 aliis,
1383 482 1761 537 contractibus
1824 498 1936 537 nou

333 576 567 630 dicimus
605 574 747 644 quod
768 582 950 629 actum
975 582 1077 639 est,
1114 572 1160 627 si
1188 574 1370 628 arrha:
1401 573 1543 629 datae
1569 590 1677 629 non
1708 573 1934 641 fuerint,

334 682 460 723 esse
511 666 763 720 irritum:
828 664 902 719 ita
974 680 1194 735 quoque
1238 665 1292 718 in
1341 672 1628 719 contractu
1682 665 1934 735 nuptiali,

334 757 551 812 tametsi
576 756 737 810 arrha
760 756 874 811 sive
896 756 1171 825 sponsalia
1197 754 1355 828 [non]
1385 757 1749 824 processerint
1767 755 1935 827 [quod

336 861 516 905 actum
550 848 758 922 fuerit],
804 849 1023 904 ﬁrmum
1046 856 1208 919 atque
1233 849 1569 905 indivulsum
1599 852 1720 905 erit.
1749 850 1937 920 Itaque

335 941 700 1014 [quanquam8
724 959 847 1013 qua:
884 943 1027 997 inter
1051 942 1314 997 clericum
1362 952 1416 996 et
1450 941 1681 996 Mariam
1731 943 1815 1012 (ut
1852 943 1936 997 di-

334 1047 481 1090 ctum
521 1036 626 1109 est)
692 1037 967 1107 sponsalia
1010 1042 1418 1104 processerunt,
1470 1036 1774 1091 subsistere
1835 1050 1935 1089 ne-

334 1137 540 1197 queant
573 1126 614 1189 εξ
636 1128 853 1181 habebit
901 1126 1137 1199 [tamen]
1202 1127 1653 1183 indissolubiliter
1704 1126 1935 1181 clericus

334 1232 562 1271 uxorem
596 1218 696 1286 ipsi
736 1232 830 1286 per
880 1218 1053 1272 solam
1110 1215 1413 1285 nuptialem
1459 1216 1932 1271 consecrationem

333 1311 417 1380 (ut
473 1310 808 1379 explicatum
867 1311 973 1380 est)
1038 1311 1415 1380 coniunctam.
1500 1308 1577 1364 De
1636 1308 1935 1363 donatione

334 1410 521 1456 tamen
573 1412 797 1472 propter
864 1403 1108 1472 nuptias,
1163 1413 1386 1475 propter
1420 1417 1586 1473 quam
1646 1402 1925 1472 sponsalia

331 1495 497 1550 etiam
546 1497 664 1553 fieri
722 1511 1058 1552 consuevere
1114 1499 1257 1553 inter
1302 1497 1564 1567 coniuges
1618 1496 1934 1565 ipsorumve

332 1598 539 1659 partes,
570 1604 679 1644 non
722 1591 1047 1645 tractabitur
1075 1609 1087 1645 :
1116 1592 1209 1646 sed
1239 1592 1466 1661 perinde
1488 1600 1656 1658 atque
1684 1589 1730 1643 si
1761 1604 1930 1657 spon-

2041 482 2325 554 ἡμετέρων
2374 482 2619 554 ⁴ἡμερῶν.
2667 482 2915 554 Εὕχομαι
2957 478 3052 539 οὖν
3105 485 3243 555 μηδὲ
3276 485 3645 557 ὲνεργηθῆναί

2040 592 2172 629 ποτε
2203 574 2278 638 ὡς
2315 573 2470 638 εἰδὼς
2499 574 2602 647 τὴν
2637 575 2819 629 αἰτίαν
2850 575 2918 628 δι’
2959 577 3026 647 ἦν
3053 575 3425 648 διωρίσθησαν
3466 577 3641 649 θελη-

2043 668 2284 738 ματικὴν
2333 663 2501 721 οὖσαν
2530 669 2627 721 καὶ
2661 666 2752 721 διὰ
2793 667 2953 722 τοῦτο
3004 669 3140 741 μηδὲ
3169 669 3643 740 τελεσφορήσασιν

2038 759 2241 827 ἀγαθόν
2267 777 2340 813 τι.
2372 760 2494 813 Ἔτι
2555 759 2864 829 σημείωσαι
2907 762 3017 815 ἀπὸ
3052 762 3149 833 τῆς
3179 763 3383 833 νεαρᾶς
3413 762 3509 815 τοῦ
3542 762 3644 832 βαο

2041 850 2231 912 σιλέως
2289 849 2481 921 κυρίου
2528 848 2769 913 Ἀλεξίου
2825 848 2921 903 τοῦ
2978 848 3269 921 Κομνηνοῦ
3308 851 3392 903 ὅτι
3446 850 3642 913 κακῶς

2038 943 2355 1013 ὲξεχωρήθη
2399 943 2427 995 ὁ
2464 941 2707 1014 πλευρῆς
2748 943 2939 1014 κυρίου
2991 943 3208 1015 Μιχαὴλ.
3240 942 3639 1016 συζυγῆναιτῇ

2040 1034 2451 1105 σπανσπουλίνᾳ
2507 1035 2676 1105 κυρίᾳ
2722 1036 2891 1107 Ἀννῃ
2935 1035 3127 1107 πρώτῃ
3181 1034 3316 1108 οὔσῃ
3359 1036 3640 1108 έξαδέλφῃ

2036 1127 2138 1196 τῆς
2172 1128 2720 1198 προμνηστευθείσης
2774 1125 2921 1197 αὐτῷ
2957 1127 3182 1197 Μαρίας
3228 1130 3329 1197 τῆς
3358 1127 3453 1180 τοῦ
3495 1127 3639 1197 Σερ·

2036 1218 2215 1271 κλίου·
2253 1218 2357 1272 κᾶν
2408 1218 2518 1290 γὰρ
2558 1220 2709 1290 νόμῳ
2753 1217 2986 1272 θανάτου
3021 1218 3158 1289 πρὸς
3202 1219 3297 1273 τοῦ
3340 1220 3523 1289 γάμου
3556 1219 3639 1273 δι-

2037 1309 2207 1382 εζύγη
2241 1314 2341 1383 τῆς
2366 1310 2623 1382 τοιαύτης
2656 1312 2899 1383 μνηστῆς
2923 1312 3017 1365 καὶ
3052 1312 3174 1366 οὐδὲ
3207 1313 3476 1383 συνεμίγη
3504 1311 3637 1365 ταύ-

2035 1420 2104 1475 τῃ
2133 1404 2247 1457 ἀλλ’
2276 1405 2377 1457 οὐκ
2418 1402 2647 1473 ὤφειλεν
2696 1404 2992 1475 ὲξαδέλφην
3041 1405 3212 1476 αὐτῆς
3259 1405 3487 1476 πρώτην
3538 1404 3638 1457 λα·-

2036 1497 2171 1551 ϐεἰν.
2204 1497 2340 1550 Οὐδὲ
2391 1498 2500 1567 γὰρ
2550 1499 2584 1566 ἡ
2627 1497 2912 1566 συνάφεια,
2950 1495 3088 1550 ἀλλὰ
3121 1498 3155 1567 ὴ
3191 1496 3292 1567 τῆς
3334 1496 3503 1566 εὐχῆς
3540 1512 3634 1549 τε-

2036 1592 2164 1664 λετὴ
2209 1594 2356 1645 ποιεῖ
2390 1591 2489 1664 τὴν
2522 1591 2822 1661 μνηστείαν
2870 1591 2945 1655 ὡς
2980 1591 3157 1661 γάμον
3201 1589 3534 1659 λογίζεσθαι.
3566 1590 3633 1643 Εἰ

333 1680 469 1735 salia
503 1696 611 1735 non
635 1683 1061 1751 processissent,
1111 1698 1289 1752 neque
1311 1691 1437 1737 ante
1462 1682 1683 1751 nuptias
1706 1680 1926 1735 donatio

2033 1685 2165 1755 γοῦν
2226 1686 2418 1749 λαῖκὸς
2468 1684 2713 1739 τοιοῦτόν
2754 1702 2807 1737 τι
2848 1687 3024 1739 ποιεῖν
3070 1683 3404 1749 κεκώλυται,
3446 1682 3634 1755 πολλῷ

331 1772 628 1829 subsecuta
678 1784 846 1838 esset,
893 1773 1113 1828 firmum
1163 1775 1269 1829 erit
1312 1774 1729 1828 matrimonium
1762 1781 1926 1842 atque

2040 1750 2241 1850 μᾶλλον
2296 1778 2617 1849 ἱερωμένος.
2670 1777 2729 1830 Ὁ
2765 1775 3007 1838 τοιοῦτος
3060 1776 3169 1847 γὰρ
3228 1773 3481 1845 ἐκωλύθη
3542 1750 3639 1830 διά

331 1866 724 1936 indisruptum.
781 1866 1050 1922 Similiter
1097 1868 1199 1921 alia
1230 1868 1394 1922 etiam
1455 1867 1701 1936 ejusdem
1760 1866 1931 1937 impe-

330 1961 532 2016 ratoris
562 1960 629 2014 de
682 1960 873 2013 eadem
952 1959 1298 2028 Iegislatione
1349 1960 1489 2013 edita
1561 1958 1740 2029 jussio
1801 1966 1928 2025 est,

329 2071 452 2125 quae
495 2054 637 2109 hanc
665 2054 774 2108 vim
814 2054 1007 2108 habet:
1048 2052 1122 2107 De
1152 2054 1357 2123 nuptiis
1387 2062 1551 2120 atque
1581 2053 1930 2122 sponsalibus

330 2162 522 2201 mense
569 2145 715 2201 Julio
773 2145 1094 2201 indictionis
1133 2146 1187 2211 5,
1243 2144 1374 2199 anni
1420 2144 1489 2199 ab
1526 2146 1660 2200 orbe
1705 2144 1929 2200 condito

328 2240 493 2303 6592,
552 2239 807 2294 statuisse
844 2238 990 2310 (nos]
1021 2240 1230 2293 scimus
1253 2279 1269 2306 ,
1306 2254 1431 2308 qua:
1456 2238 1509 2291 in
1544 2238 1637 2292 illa
1702 2237 1919 2309 legisla-

330 2333 481 2387 tioue
530 2341 696 2401 atque
768 2331 1033 2385 relatione
1087 2331 1484 2400 comprehensa
1538 2338 1687 2385 sunt.
1749 2332 1927 2399 Atque

332 2414 526 2480 eorum
588 2422 854 2495 [quidem]
886 2423 1020 2477 nihil
1078 2423 1395 2478 labefactari
1430 2422 1789 2490 sustinemus,
1827 2421 1922 2477 sed

329 2515 385 2570 in
425 2523 693 2569 aeternum
725 2515 992 2568 internata
1044 2522 1098 2568 et
1158 2512 1524 2567 immutabilia
1566 2528 1789 2567 manere
1826 2530 1925 2569 vo-

328 2607 534 2661 lumus.
604 2606 669 2661 Ut
705 2603 1001 2677 [videlicet]
1028 2604 1308 2674 sponsalia
1342 2602 1439 2675 [et]
1473 2605 1676 2674 nuptiae
1708 2604 1925 2676 [quem-

328 2698 623 2753 admodum
661 2699 868 2752 dictum
922 2695 1026 2766 est)
1054 2705 1509 2766 coagmententur
1539 2713 1551 2749 :
1587 2704 1647 2749 ut
1704 2696 1757 2749 in
1789 2694 1923 2766 [sta-

330 2784 469 2856 tuto]
500 2795 742 2855 tempore
798 2784 937 2838 nihil
1007 2786 1320 2849 innovetur,
1349 2795 1403 2839 et
1435 2799 1499 2839 ex
1523 2785 1915 2843 consociandis

332 2894 453 2933 mas
504 2878 917 2948 quatuordecim
965 2879 1127 2933 annis
1188 2878 1362 2945 major
1432 2877 1527 2944 sit,
1557 2876 1758 2933 femina
1792 2894 1919 2934 vero

335 2972 651 3027 duodecim.
679 2970 1119 3037 Quoniamvero
1164 2971 1299 3024 nihil
1343 2980 1456 3025 tum
1504 2979 1773 3026 statutum
1812 2982 1915 3037 est,

330 3082 399 3120 an
449 3080 515 3120 eo
559 3065 724 3120 modo
767 3063 901 3117 inita
936 3062 1235 3132 sponsalia,
1266 3062 1311 3117 si
1340 3060 1527 3134 [forte]
1560 3061 1919 3128 dirimantur,

330 3160 605 3217 solvendae
658 3174 833 3229 paenae
880 3156 1161 3229 [obnoxia]
1218 3157 1442 3223 futura,
1498 3174 1567 3211 an
1610 3172 1740 3211 vero
1795 3172 1915 3211 om-

329 3255 463 3310 nino
495 3252 892 3310 indissolubilia
925 3266 1184 3307 mansura
1212 3249 1327 3305 sint
1399 3259 1566 3320 atque
1585 3249 1707 3305 ideo
1744 3251 1913 3305 etiam

331 3365 397 3406 ea
430 3350 495 3404 de
531 3348 611 3421 [re
641 3346 760 3420 nos]
792 3348 907 3417 ipse
943 3346 1323 3417 interrogasti:
1350 3345 1630 3400 sancimus
1663 3355 1724 3400 ut
1756 3345 1918 3401 istius

332 3441 481 3497 modi
508 3440 804 3511 sponsalia,
836 3455 958 3509 qua:
1033 3439 1252 3507 proprie
1293 3436 1382 3509 [ac
1434 3435 1582 3509 vere]
1644 3439 1922 3508 sponsalia

334 3546 485 3598 sunt,
550 3535 800 3597 immota,
860 3530 1245 3593 immutabilia,
1283 3539 1337 3584 et
1368 3530 1595 3585 omnino
1650 3530 1921 3586 insolubi-

332 3630 404 3683 lia
470 3634 727 3682 maneant
767 3625 989 3696 (quippe
1014 3622 1187 3694 [quia]
1225 3621 1365 3677 Deus
1398 3623 1541 3677 inter
1588 3624 1916 3679 consocian-

334 3720 437 3775 dos
486 3720 798 3783 inducatur,
857 3732 1090 3785 eamque
1166 3713 1607 3781 conjunctionem
1654 3729 1752 3783 per
1798 3729 1919 3783 pre-

334 3826 461 3867 cum
519 3808 878 3866 carremonias
935 3803 1321 3875 communiat)
1371 3813 1425 3858 et
1491 3820 1775 3873 nunquam
1824 3804 1914 3858 illa

335 3903 515 3974 pomis
603 3900 801 3956 dandis
888 3898 1193 3964 solvantur,
1256 3912 1377 3965 qua:
1451 3894 1675 3967 [poenae]
1738 3910 1917 3965 neque

333 3995 714 4053 contractibus
763 3993 1024 4063 deinceps
1076 3990 1446 4045 inscribentur
1480 4007 1494 4043 :
1524 3989 1651 4059 quia
1686 4004 1795 4044 non
1853 3989 1923 4043 ab

336 4090 467 4153 illis,
535 4087 626 4143 sed
657 4101 752 4157 per
793 4084 891 4139 Dei
954 4084 1361 4139 invocationem
1406 4081 1681 4152 sponsalia
1737 4095 1925 4135 corro-

333 4185 623 4244 borantur,
663 4177 1038 4249 cujuscemodi
1081 4172 1432 4247 [sponsalia]
1482 4173 1706 4228 omnino
1761 4173 1926 4226 etiam

335 4275 653 4331 insolubilia
709 4270 1007 4325 manebunt
1040 4266 1266 4339 [iisque]
1316 4268 1585 4322 duntaxat
1630 4267 1697 4319 de
1740 4264 1925 4319 causis

335 4371 640 4430 solventur,
735 4366 937 4435 quibus
1001 4361 1381 4427 matrimonia,
1443 4361 1645 4431 quibus
1714 4358 1807 4412 illa
1869 4365 1929 4411 ut

2036 1870 2429 1943 σημειώματος
2466 1868 2746 1925 συνοδικοῦ
2780 1871 2873 1922 ἐπὶ
2904 1870 3003 1940 τῆς
3043 1868 3354 1940 ἐφημερίας
3390 1867 3635 1936 ἁγιωτά·

2031 1982 2124 2018 του
2156 1964 2369 2018 ἐκείνου
2406 1964 2749 2034 πατριάρχου
2782 1962 2972 2031 κυρίου
3004 1961 3225 2032 Μιχαὴλ
3254 1960 3346 2013 τοῦ
3394 1960 3623 2031 Ἀγχιά-

2030 2055 2122 2109 λου
2157 2056 2525 2110 συνάπτεσθαι
2563 2056 2813 2126 νομίμως
2840 2054 3063 2123 γυναικὶ
3095 2056 3353 2123 συγγενεῖ
3384 2052 3521 2126 οῠσῃ
3553 2056 3627 2127 τῇ

2027 2148 2120 2201 διὰ
2184 2149 2538 2219 δεσμωτικῶν
2589 2149 2748 2219 μόνον
2819 2147 3118 2218 ἐγγράφων
3179 2148 3629 2218 κατεγγυηθείσῃ

2038 2241 2214 2310 τούτῳ
2242 2242 2339 2295 καὶ
2374 2243 2448 2312 μὴ
2479 2241 2736 2314 φθασάσῃ
2760 2240 2947 2294 λαϐεῖν
2980 2240 3278 2311 μνηστείας
3308 2240 3476 2310 εὐχὴν
3503 2240 3629 2311 μετ’

2027 2331 2193 2385 αὑτοῦ
2224 2372 2239 2397 ,
2288 2332 2321 2404 ἢ
2376 2332 2453 2395 ὡς
2509 2331 2784 2404 θανούσῃ,
2850 2332 2925 2395 ὡς
2962 2332 3136 2403 ἑτέρῳ
3181 2331 3515 2403 συναφθείσῃ
3560 2332 3629 2384 ὲκ

2030 2425 2342 2495 μεταμέλου
2375 2424 2530 2497 ἀνδρὶ
2566 2426 2616 2477 εί
2653 2424 2824 2496 μήπω
2879 2424 3087 2495 ταύτην
3147 2423 3342 2495 ἐξαετῆ
3388 2418 3557 2477 οὖσαν
3596 2425 3628 2476 ὁ

2027 2517 2258 2580 θάνατος
2291 2517 2737 2588 ὴρῤαϐωνίσατο.
2780 2516 2967 2583 Ἔδοξε
2999 2516 3109 2587 γὰρ
3138 2519 3205 2588 τῇ
3243 2516 3446 2587 συνόδῳ
3482 2516 3627 2585 μετὰ

2027 2608 2284 2674 έξαετοῦς
2313 2608 2573 2677 γυναικὸς
2606 2608 2909 2680 ἐπιθυμίαν
2938 2606 3143 2679 φθορᾶς
3177 2608 3253 2680 μὴ
3271 2607 3622 2679 μεσολαϐεῖν,

2020 2700 2183 2753 τοῦτο
2215 2700 2273 2753 δὲ
2312 2701 2406 2753 ἐπὶ
2440 2699 2645 2754 λαῖκῶν
2677 2701 2740 2753 οὐ
2772 2701 3061 2770 κρατήσει.
3086 2699 3255 2752 Μόνοι
3289 2700 3397 2769 γὰρ
3440 2699 3491 2751 οί
3522 2697 3623 2752 τοῦ

2025 2792 2270 2864 βήματος
2312 2793 2444 2863 μιᾶς
2466 2792 2729 2861 γυναικὸς
2768 2792 2863 2845 καὶ
2895 2792 2995 2863 τῆς
3024 2791 3195 2861 αὐτῆς
3222 2790 3497 2862 παρθένου
3524 2790 3626 2844 άν-

2022 2881 2149 2953 δρες
2192 2881 2468 2952 ὀφείλουσι
2522 2880 2911 2953 ὀνομάζεσθαι,
2948 2879 3044 2932 καὶ
3097 2879 3255 2933 αὐτοὶ
3309 2876 3408 2947 τῆς
3446 2876 3628 2947 αὐτῆς

2023 2975 2165 3031 εἶναι
2210 2978 2625 3039 καταστάσεως.
2661 2975 2784 3027 Ἔτι
2820 2973 3126 3044 σημείωσαι
3175 2972 3258 3026 ὅτι
3310 2972 3379 3026 τὰ
3411 2970 3512 3042 μὲν
3543 2972 3614 3041 τῇ

2026 3070 2197 3140 νεαρᾷ
2238 3067 2590 3138 παρεχόμενα
2623 3065 2785 3137 χάριν
2826 3065 2923 3136 τῆς
2963 3062 3259 3135 μνηστείας
3284 3062 3423 3134 δῆλά
3440 3060 3624 3128 gelant

2027 3169 2093 3221 ὲκ
2138 3167 2235 3237 τῆς
2264 3163 2361 3218 τοῦ
2395 3163 2563 3217 αὑτοῦ
2612 3162 2854 3227 Ἀλεξίου
2908 3161 3100 3233 κυρίου
3136 3160 3402 3232 βασιλέως
3434 3159 3624 3213 δευτέ-

2034 3275 2130 3331 ρας
2177 3256 2548 3328 προστάξεως.
2573 3256 2846 3317 ,Γίνωσκε
2883 3254 2939 3308 δὲ
2976 3256 3061 3308 ὅτι
3101 3253 3181 3325 τῷ
3239 3251 3479 3324 σεκρέτῳ
3520 3250 3623 3305 τοῦ

2031 3348 2470 3422 χαρτοφυλακίου
2521 3347 2817 3419 σημείωμα
2850 3347 3227 3418 κατέστρωται
3252 3344 3346 3399 τοῦ
3379 3344 3630 3412 ἁγιωτά-

2028 3460 2123 3497 του
2155 3442 2363 3495 ἐκείνου
2394 3439 2580 3511 κυρίου
2619 3440 2887 3494 Νικολάου
2914 3440 3279 3511 πατριάρχου.
3311 3438 3395 3491 Τὰ
3422 3436 3479 3490 δὲ
3510 3453 3621 3491 κα·-

2028 3536 2098 3590 τὰ
2139 3537 2290 3607 ῥῆμα
2336 3533 2721 3605 διαλαμϐάνων
2769 3533 2899 3603 μηνὶ
2954 3532 3157 3602 Ἰουλίῳ
3202 3524 3311 3596 καθ,
3339 3531 3524 3603 ἡμέρᾳ
3574 3529 3622 3583 δ’

2042 3629 2377 3691 ἰνδικτιόνος
2407 3625 2489 3691 ιε’,
2531 3627 2956 3697 προκαθημένου
3002 3622 3095 3677 τοῦ
3131 3624 3436 3692 άγιωτάτου
3459 3621 3623 3692 ἡμῶν

2028 3722 2291 3776 δεσπότου
2326 3723 2423 3775 καὶ
2460 3718 2840 3791 οίκουμενικοῦ
2883 3719 3223 3791 πατριάρχου
3258 3717 3527 3772 Νικολάου
3558 3718 3625 3770 ὲν

2256 3812 2711 3882 συνεδριαζόντων
2757 3812 2907 3883 αὑτῷ
2951 3811 3368 3884 μητροπολιτῶν
3394 3809 3486 3863 τοῦ
3509 3809 3626 3863 δεῖ-

2029 3926 2119 3971 νος
2169 3908 2264 3961 καὶ
2314 3908 2507 3972 δεῖνος,
2548 3911 2577 3961 ὁ
2617 3907 3031 3977 θεοφιλέστατος
3081 3907 3486 3979 μητροπολίτης
3521 3904 3624 3959 τοῦ

2030 4001 2278 4066 Κυζίκου
2328 4000 2558 4071 Συμεὼν
2611 3998 2976 4071 συνεδριάζων
3006 4002 3071 4071 τῇ
3104 4000 3263 4071 ἡμῶν
3300 3998 3625 4070 μετριότητι

2030 4089 2209 4159 εἶπεν,
2264 4093 2339 4156 ὡς
2394 4093 2658 4164 κληρικὸς
2709 4094 2808 4162 τῆς
2856 4096 2977 4146 κατ’
3012 4092 3174 4146 αὐτὸν
3224 4091 3620 4163 μητροπόλεως

2044 4186 2297 4255 Ἰωάννης
2350 4185 2721 4255 Διαϐακτηνὸς
2747 4182 3149 4255 ὀνομαζόμενος
3197 4182 3625 4255 ἐμνηστεύσατο

2030 4277 2269 4347 γυναῖκά
2291 4294 2414 4332 τινα
2442 4276 2663 4347 Μαρίαν
2694 4275 2787 4330 τοῦ
2823 4276 3085 4346 Θεοφίλου
3118 4276 3456 4347 καλουμένην
3496 4275 3625 4345 ἠλι-

2032 4369 2157 4432 κίας
2210 4366 2376 4421 οὖσαν
2434 4365 2761 4432 ἑπταετοῦς,
2823 4365 3010 4437 μαθὼν
3066 4366 3124 4420 δὲ
3180 4366 3279 4438 τὴν
3350 4366 3627 4438 μνηστίαν

334 4460 547 4514 viribus
580 4456 809 4526 aequalia
867 4461 1036 4518 sunt,
1068 4461 1335 4538 statutum
1371 4460 1475 4506 est.
1506 4450 1767 4521 Cognata:
1796 4463 1924 4504 vero

2033 4455 2171 4514 εἴναι
2202 4459 2519 4530 παράνομον
2568 4458 2655 4512 διὰ
2703 4457 2802 4530 τὴν
2852 4458 2950 4529 τῆς
2999 4458 3243 4531 μνηστῆς
3285 4459 3625 4531 ἀνηϐότητα,

335 4566 587 4623 persona:
619 4551 670 4603 in
729 4532 1411 4620 [contrahendisfnuptiis
1446 4544 1528 4597 vel
1558 4540 1916 4612 sponsalibus

336 4654 505 4717 prout
536 4642 694 4714 [jam]
732 4642 993 4712 placitum
1030 4650 1134 4706 est,
1163 4638 1552 4708 impedientur,
1584 4649 1762 4703 neque
1791 4648 1924 4689 con-

338 4747 424 4792 tra
476 4749 641 4805 quam
670 4734 773 4788 hac
801 4733 1188 4787 constitutione
1226 4730 1455 4783 vetitum
1490 4736 1592 4791 est,
1627 4724 1927 4796 quidquam

337 4845 373 4885 a
412 4843 688 4899 quoquam
724 4828 944 4890 contiet,
984 4825 1089 4880 nisi
1122 4824 1165 4880 si
1195 4822 1418 4893 quando
1466 4821 1762 4890 imperator
1786 4833 1927 4888 quo-

339 4922 465 4979 dam
508 4920 934 4991 dispensationis
979 4920 1143 4973 modo
1199 4927 1253 4971 et
1289 4915 1572 4985 sponsalia
1636 4921 1691 4968 et
1731 4928 1926 4969 conse-

317 5017 585 5072 .cratione
634 5015 995 5085 peragendam
1044 5010 1496 5079 conjunctionem
1540 5009 1684 5064 intra
1719 5006 1932 5078 praesti-

343 5115 489 5161 tutos
516 5118 693 5158 annos
726 5101 1058 5171 permiserit.
1102 5099 1340 5155 Licitum
1390 5107 1475 5155 est
1503 5100 1652 5155 enim
1688 5098 1929 5169 impera-

341 5193 557 5249 toribus
590 5191 664 5245 uti
696 5191 853 5245 aliter
878 5205 1042 5260 quam
1071 5188 1371 5245 secundum
1408 5189 1551 5259 leges
1584 5188 1925 5258 dispenseut:

343 5284 809 5357 quemadmodum
870 5293 923 5337 et
972 5282 1196 5351 sapiens
1239 5282 1539 5353 imperator
1566 5291 1618 5337 et
1662 5284 1931 5338 vetustio-

345 5392 435 5433 res
470 5375 837 5445 legislationes
874 5374 1081 5428 dixere.
1141 5371 1323 5443 Neque
1349 5389 1478 5429 vero
1512 5373 1611 5444 ipsi
1643 5389 1771 5428 cum
1794 5383 1934 5428 tem-

344 5486 449 5544 pus
494 5468 912 5535 abbreviabunt,
965 5468 1284 5536 priusquam
1362 5466 1457 5538 qui
1498 5467 1932 5536 conjungentur,

348 5580 539 5620 eorum
598 5564 877 5617 masculus
940 5570 1197 5633 quartum
1230 5561 1527 5629 decimum,
1564 5561 1769 5618 femina
1803 5578 1934 5618 vero

349 5655 734 5710 duodecimum
791 5670 997 5709 annum
1049 5655 1369 5719 excesserit,
1421 5655 1731 5711 naturalem
1805 5670 1937 5711 con-

351 5764 603 5817 gressum
660 5750 994 5819 perniittcnt.
1055 5746 1220 5820 [Quin
1278 5746 1355 5821 et]
1389 5750 1696 5819 parcntes,§
1731 5748 1935 5820 nequid

2028 4553 2150 4607 τότε
2182 4552 2281 4623 μὲν
2313 4551 2525 4621 ἀπέστη
2569 4550 2796 4622 ταύτης,
2835 4550 2975 4621 μετὰ
3000 4551 3057 4605 δὲ
3103 4552 3327 4623 χρόνους
3357 4548 3511 4606 ὀκτὼ
3526 4570 3629 4606 νο-

2032 4643 2215 4715 μίμως
2257 4642 2464 4713 ταύτην
2492 4642 2812 4713 πρόσγαμον
2858 4642 3116 4713 ἠγάγετο,
3155 4645 3249 4697 καὶ
3312 4643 3487 4699 ταῦτα
3516 4643 3619 4697 λέ-

2028 4753 2142 4806 γων
2174 4735 2334 4807 ἦθελε
2381 4735 2440 4788 τὸ
2483 4736 2738 4804 ποιητέον
2773 4735 2867 4789 ἐπὶ
2912 4736 2972 4789 τὺ
3024 4735 3369 4807 κληρωθῆναι
3400 4736 3627 4807 μαθεῖν,

2029 4828 2263 4900 ἤκουσεν
2319 4821 2414 4879 οὖν
2460 4824 2569 4878 ἀπὸ
2605 4826 2705 4895 τῆς
2752 4825 2911 4896 ἡμῶν
2964 4828 3353 4898 μετριότητος,
3390 4826 3631 4897 καὶτῆς

2034 4916 2494 4991 συνεδριαξούσης
2523 4915 2885 4989 ἀδελφότητος
2917 4917 2992 4981 ὡς
3024 4919 3125 4971 οὐκ
3169 4920 3263 4972 ἐπὶ
3311 4918 3472 4989 μόνου
3520 4919 3629 4974 τοῦ

2030 5012 2271 5084 γαμικοῦ
2323 5010 2771 5082 συναλλάγματος
2822 5011 3150 5083 ἀρραϐῶνας
3181 5012 3495 5083 νενόμισται
3545 5011 3633 5067 δί-

2030 5105 2239 5170 δοσθαι,
2268 5104 2405 5158 ἀλλὰ
2450 5104 2544 5157 καὶ
2574 5103 2667 5156 ἐπὶ
2706 5103 2923 5157 πάντων
2968 5104 3079 5157 τῶν
3110 5102 3631 5174 ρσυναλλαγμάτων,

2032 5195 2172 5266 πλὴν
2218 5195 2320 5249 οὐκ
2370 5192 2806 5265 ἠναγκασμένως
2858 5193 2975 5246 ἀλλ’
3021 5192 3381 5264 αὐθαιρέτως,
3427 5192 3632 5265 ὥσπερ

2031 5286 2211 5341 τοίνυν
2240 5286 2333 5340 ἐπὶ
2383 5286 2490 5340 τῶν
2536 5285 2711 5341 ἄλλων
2744 5285 3205 5357 συναλλαγμάτων
3260 5286 3323 5339 ού
3378 5285 3622 5356 λέγομεν

2032 5364 2235 5449 ἄκυρον
2265 5374 2405 5433 εἶναι
2460 5379 2522 5432 τὸ
2572 5378 2796 5447 γεγονὸς
2837 5378 2911 5448 μὴ
2954 5377 3219 5432 δοθέντων
3257 5378 3625 5450 ἁρῤαϐὡνων,

2034 5470 2176 5526 οὕτω
2211 5472 2303 5526 καὶ
2333 5472 2427 5524 ἐπὶ
2455 5469 2548 5547 τοῦ
2579 5469 2823 5541 γαμικοῦ
2885 5470 3336 5539 συναλλάγματος
3366 5471 3469 5524 κᾶν
3518 5471 3631 5541 dp-

2037 5564 2216 5637 ραϐὼν
2259 5563 2380 5635 ἦτοι
2432 5562 2700 5635 μνηστεία
2728 5564 2789 5616 οὐ
2829 5563 3030 5633 προϐῇ,
3083 5563 3298 5634 βέϐαιον
3330 5563 3482 5619 ἔσται
3525 5567 3629 5620 καὶ

2034 5640 2406 5713 ἀδιάσπαστον
2427 5673 2442 5688 ο
2482 5657 2582 5728 τῆς
2632 5655 2764 5726 γοῦν
2793 5655 3078 5726 προϐάσης
3108 5657 3407 5727 μνηστείας
3436 5656 3513 5719 ὡς
3543 5658 3627 5709 ετ-

2040 5766 2198 5821 ρηται
2242 5748 2405 5820 μέσον
2431 5748 2525 5802 τοῦ
2556 5747 2821 5821 κληρικοῦ
2850 5750 2944 5803 καὶ
2964 5750 3063 5821 τῆς
3096 5747 3291 5820 μανίας
3327 5747 3495 5819 οὔσης
3526 5749 3630 5803 ἁν-
