3928 6246
226 292 233 297 “
280 302 419 367 1189
1186 299 1695 364 'NOMOCANON.
1733 325 1803 335 —
1841 299 1988 360 TIT.
2029 296 2201 372 XIII,
2246 297 2405 357 CAP.
2446 297 2563 373 III,
2601 290 2700 359 1V.
3441 294 3579 359 1190

278 436 591 490 υποστάτου
631 437 839 492 ἐσεῖται
865 437 1174 508 ὁκληρικὸς
1209 437 1349 505 ἔχων
1390 432 1748 494 ἁδιασείστως
1783 429 1879 502 τὴν

2028 437 2111 482 nte
2167 426 2374 482 dictum
2436 436 2655 500 tempus
2677 426 2804 483 ﬁat.
2836 428 3153 498 diligentem
3208 441 3397 481 curam
3427 409 3581 480 adhi-

277 526 368 578 διὰ
422 527 594 597 μόνης
646 529 893 599 γαμικῆς
944 527 1251 599 ίερολογίας
1303 522 1677 595 ἁρμοσθεῖσαν
1731 521 1880 593 αὑτῷ

2028 536 2111 576 ere
2186 521 2483 577 debebunt.
2568 522 2788 593 Alioqui
2864 532 2919 578 et
2980 523 3076 593 qui
3136 522 3579 592 intempestivum

280 616 519 684 σύζυγον
561 619 636 683 ὡς
667 620 998 690 διείληπται·
1044 619 1337 689 προγάμου
1380 617 1444 687 δὴ
1475 615 1686 687 δωρεᾶς
1718 615 1785 668 δι’
1815 616 1882 685 ἢν

2028 614 2191 668 )itum
2259 615 2551 684 peregerit,
2620 626 2676 670 et
2747 624 3018 685 parentes
3076 614 3250 684 ipsius
3316 613 3579 683 legibus,

278 710 377 762 καὶ
437 710 536 781 τὴν
590 712 891 783 μνηστείαν
944 712 1364 782 νενομοθέτηται
1410 707 1658 778 γίνεσθαι
1722 706 1886 778 μέσον

2028 707 2249 761 dversus
2282 715 2624 776 stupratores
2665 708 2838 780 (latis]
2879 707 3105 763 obnoxii
3168 713 3350 761 erunt.
3408 704 3581 760 Porro

276 800 388 853 τῶν
424 802 735 872 ὁμοζύγων,
769 804 801 874 ἢ
835 803 944 857 τῶν
990 803 1173 875 μερῶν
1209 802 1390 855 αὐτῶν
1418 801 1479 854 οὐ
1520 798 1891 872 τρακταισθή-

2028 799 2301 869 iquando
2364 800 2663 868 imperator
2724 800 3130 871 sponsaliorum
3194 797 3595 873 nuptiartnnve‘

281 910 462 959 σεται,
506 897 620 949 ἀλλ’
661 896 852 968 ὥσπερ
900 898 949 951 εἰ
1004 896 1139 968 μηδέ
1184 894 1393 966 προέϐη
1434 893 1698 965 μνηστεία
1745 893 1883 965 μηδέ

2028 906 2211 961 empus
2248 892 2551 958 innovavit,
2585 892 2950 964 coniungendi
2974 902 3101 946 ante
3129 890 3458 960 przeﬁnitnm
3481 884 3581 960 [ei]

278 988 577 1058 προγάμου
628 988 1082 1060 παρηκολούθησε
1132 988 1334 1060 δωρεὰ,
1389 985 1607 1055 βέϐαιος
1642 988 1670 1037 ὁ
1702 985 1882 1056 γάμος

2028 983 2069 1039 ei
2126 995 2342 1055 tempus
2376 994 2554 1040 morte
2604 984 2864 1053 disiuncti
2921 984 3127 1040 fuerint
3162 1004 3177 1040 :
3213 986 3583 1058 impedientur

278 1078 441 1133 ἔσται
471 1083 567 1135 καὶ
593 1082 983 1153 ἁδιάρρηκτος.

2028 1094 2120 1133 inc
2167 1078 2334 1132 etiam
2402 1078 2689 1147 prohibita:
2755 1093 3033 1147 personae,
3106 1094 3287 1148 neque
3350 1078 3458 1133 illis
3514 1074 3586 1131 ad

272 1174 600 1230 audendum
643 1192 749 1230 non
782 1174 1031 1231 audenda
1064 1174 1265 1229 bonam
1299 1170 1645 1227 occasionem
1677 1170 2065 1241 suppeditabit,
2130 1174 2277 1242 quod
2338 1173 2618 1242 sponsalia
2668 1173 2942 1244 nuptiaeve
3014 1182 3139 1227 ante
3186 1181 3402 1242 tempus
3440 1172 3587 1242 quod

286 1274 495 1328 nostris
547 1273 1037 1329 constitutionibus
1073 1272 1315 1342 placuit,
1344 1278 1521 1325 morte
1569 1269 1837 1323 dissoluta
1879 1268 2009 1323 sint.
2049 1268 2208 1335 Quod
2262 1270 2406 1324 enim
2465 1269 2704 1340 perfecto
2759 1267 3160 1339 sponsaliorum
3203 1267 3588 1344 nuptiarumve

290 1371 530 1439 tempori
574 1370 744 1437 deest,
798 1368 897 1441 iiii)
948 1368 1211 1439 supplens
1307 1364 1658 1435 imperatoris
1707 1364 2047 1433 dispensatio
2106 1373 2433 1435 perpetuum
2504 1365 2745 1419 servabit
2800 1362 3587 1433 prohibitisimpedimentum

285 1474 349 1519 ut
409 1461 536 1536 [illi]
606 1463 757 1518 nullo
819 1461 982 1516 modo
1062 1460 1296 1515 vetitum
1356 1466 1701 1513 contractum
1759 1456 1897 1511 inire
1974 1456 2251 1531 [possint].
2325 1457 2507 1525 Quare
2570 1459 2886 1528 quicunque
2937 1466 3252 1516 contractus
3298 1476 3365 1516 ex
3421 1459 3588 1530 iustis

288 1554 649 1627 sponsalibus
706 1551 1036 1622 perlectisve
1096 1549 1303 1620 nuptiis
1374 1548 1771 1617 impediuntur,
1839 1547 1893 1600 lii
1931 1550 2097 1604 etiam
2124 1550 2194 1605 ab
2251 1550 2361 1605 illis
2430 1560 2565 1620 quae
2649 1550 2793 1603 intra
2882 1549 3188 1619 legitimum
3240 1560 3458 1622 tempus
3494 1565 3589 1620 per

292 1647 760 1719 dispensationem
796 1643 1113 1705 constituta
1154 1653 1207 1698 et
1255 1642 1582 1697 naturaliter
1627 1641 1897 1697 dissoluta
1939 1652 2091 1708 sunt,
2117 1644 2479 1699 arcebuntur.

359 1761 615 1815 ΚΕΦΑΛ.
642 1760 717 1812 Γ’.
739 1790 809 1800 --
832 1758 979 1827 Περὶ,
997 1757 1116 1811 τῶν
1137 1756 1539 1813 ὺπονοουσῶν
1558 1756 1886 1813 ἀποθανεῖν

2028 1735 2210 1809 ~CAP.
2244 1755 2333 1810 Ill.
2361 1785 2431 1795 —
2462 1754 2539 1810 De
2573 1755 2881 1811 mulieribus
2907 1799 2921 1823 ,
2954 1775 3072 1829 qua:
3103 1756 3341 1813 absentes
3368 1757 3590 1811 maritos

288 1852 436 1917 τοὺς
464 1850 689 1919 ἄνδρας
712 1850 934 1913 αὐτῶν,
962 1848 1062 1903 καὶ
1093 1846 1443 1919 γαμουσῶν.

362 1966 595 2020 Συνόδου
627 1971 704 2033 ς’,
738 1962 921 2018 κανὼν
962 1967 1048 2031 ἥγ’
1074 1980 1087 1993 ο
1121 1962 1403 2017 Βασιλείου
1434 1964 1614 2020 κανὼν
1642 1964 1746 2029 λα’,
1777 1962 1887 2030 λς’,

294 2057 421 2130 tuf-

362 2151 682 2221 Κείμενον.
744 2150 810 2202 Ἠ
862 2148 992 2220 περὶ
1042 2147 1327 2219 ρεπουδίου
1369 2147 1733 2219 διαλεγομένη
1785 2142 1889 2219 ριζ’

291 2244 490 2315 νεαρὰ,
517 2260 574 2296 κ.
616 2259 665 2294 τ.
701 2241 779 2306 λ.,
811 2256 987 2311 usque
1011 2240 1079 2296 ad
1110 2240 1158 2294 εἰ
1179 2239 1237 2295 δὲ
1273 2240 1589 2315 φοιδεράτος
1616 2239 1770 2312 παρὰ
1795 2239 1890 2293 τοῦ

290 2336 577 2398 ὀπτίοντος
604 2332 791 2388 αὑτοῦ.

363 2428 649 2496 Σχόλιον.
692 2425 757 2478 Ἦ
789 2425 919 2496 περὶ
959 2424 1242 2494 διαζυγίου
1281 2422 1370 2495 ριζ
1410 2423 1581 2495 νεαρὰ
1610 2422 1702 2477 τοῦ
1739 2423 1892 2494 βασι-

292 2520 434 2583 λέως
465 2517 843 2573 Ἰουστινιανοῦ
868 2560 882 2584 ,
919 2516 1035 2571 ἔστι
1085 2517 1207 2586 κεφ*
1231 2517 1278 2585 γ’
1322 2516 1417 2570 τοῦ
1452 2516 1496 2581 ς’
1535 2516 1640 2570 τίτ.
1682 2514 1776 2568 τοῦ
1805 2520 1891 2585 κη’

293 2610 529 2681 βιβλίου,
573 2609 669 2663 καί
721 2608 857 2679 φησι
926 2608 1037 2661 τῶν
1074 2608 1351 2676 γυναικῶν
1390 2608 1499 2661 τῶν
1546 2605 1891 2659 ὑπονοουσῶν

291 2703 615 2772 τελευτῆσαι
665 2701 792 2763 τοὺς
844 2699 1286 2771 ἀποδημοῦντας]
1314 2699 1516 2770 ἄνδρας
1549 2697 1893 2769 στρατιώτας

294 2791 503 2856 αὐτῶν,
545 2793 646 2845 ὅσα
681 2790 1102 2863 συνωψίσθησαν
1135 2794 1215 2856 είς
1250 2791 1311 2845 τὸ
1339 2792 1615 2862 κείμενον.

365 2906 621 2961 ΚΕΦΑΑ.
647 2904 722 2959 Δ’.
759 2937 830 2948 --
857 2905 1000 2975 Περὶ
1036 2903 1714 2974 τῶν⁹διαζευγνυμένων.

380 3001 724 3054 Ἀποστόλων
760 2998 940 3053 κανὼν
973 2997 1015 3052 ε’
1054 2999 1274 3052 συνόδου
1310 3000 1564 3071 Γάγγρας
1597 2998 1780 3054 κανὼν
1805 3000 1845 3053 δ’
1878 3017 1891 3029 ·

1993 1862 2117 1899 suos
2151 1846 2344 1900 abiisse
2389 1848 2721 1915 suspicantes
2759 1848 2981 1902 nubunt.

2063 1958 2293 2019 Concilii
2326 1961 2464 2016 sexti
2508 1975 2683 2017 canon
2706 1960 2798 2027 95;
2856 1961 3044 2018 Basilii
3101 1976 3278 2017 canon
3337 1961 3427 2028 3i,
3496 1960 3590 2028 36,

1993 2051 2082 2106 46.

2067 2143 2284 2199 Tactus.
2310 2143 2444 2211 Qua:
2472 2145 2538 2200 de
2563 2146 2808 2217 repudiis
2838 2147 3058 2203 disserit
3084 2145 3438 2211 novellall7,
3460 2154 3589 2214 etc.,

1992 2252 2158 2307 usque
2193 2238 2262 2291 ad
2292 2238 2360 2294 ab
2386 2238 2561 2308 ipsius
2595 2239 2839 2309 optione,
2867 2250 2924 2294 ut
2959 2258 3082 2312 pag.
3114 2242 3240 2298 903.

2064 2418 2357 2476 Scholium.
2387 2419 2460 2475 De
2490 2422 2734 2489 repudiis
2787 2422 2891 2475 H7
2918 2422 3263 2491 imperatoris
3289 2420 3589 2479 Iustiniani

1994 2514 2228 2578 novella,
2264 2523 2348 2570 est
2377 2528 2498 2581 cap.
2532 2516 2587 2579 5,
2619 2516 2703 2571 tit.
2737 2515 2788 2580 7,
2832 2515 2927 2570 lib.
2965 2530 3138 2569 “vni
3175 2513 3338 2569 Basil.
3374 2526 3431 2571 et
3459 2514 3595 2572 dicit

1996 2604 2064 2659 de
2100 2606 2425 2661 mulieribus
2454 2607 2686 2662 maritos
2717 2622 2849 2663 suos
2872 2608 3074 2663 milites
3106 2608 3595 2679 absentesobiisse

1996 2699 2425 2767 suSpicautibus,
2476 2715 2818 2771 quaecunque
2866 2701 2920 2755 in
2975 2710 3152 2772 textu,
3205 2702 3595 2773 compendiose

2002 2791 2285 2861 proposita
2329 2803 2481 2847 sunt.

2072 2904 2227 2959 CAP.
2266 2904 2359 2960 1V.
2384 2935 2456 2946 —
2487 2906 2564 2961 De
2614 2906 2684 2960 iis
2718 2907 2810 2977 qui
2855 2906 3146 2962 divortium
3188 2908 3415 2978 faciunt.

2070 2997 2456 3065 Apostolorum
2548 3013 2725 3053 canon
2786 2999 2869 3066 5;
2957 3000 3176 3055 concilii
3263 2998 3596 3069 Gangrensis

296 3094 521 3148 συνόδου
549 3092 939 3164 Καρθαγέννης
962 3092 1141 3147 κανὼν
1167 3091 1248 3165 ρβ⁹
1268 3109 1281 3121 ·
1315 3092 1537 3147 συνόδου
1585 3091 1672 3159 ς’,
1704 3093 1886 3148 κανὼν

2030 3106 2170 3145 anon
2197 3092 2297 3158 lxi;
2320 3092 2514 3147 concili
2542 3090 3190 3163 Carlliaginensislcanon
3227 3091 3332 3148 106
3355 3109 3370 3158 ;
3400 3108 3491 3148 cor
3506 3092 3597 3148 cili

297 3185 386 3250 πζ¹
407 3204 421 3215 ⁵
452 3185 735 3238 Βασιλείου
767 3183 948 3238 κανὼν
967 3182 1033 3249 θ’,
1066 3183 1163 3251 λε’,
1203 3183 1313 3257 μη’,
1349 3184 1447 3249 οζ’.

370 3278 681 3346 Κείμενον.
736 3274 874 3345 Περὶ⁸
929 3274 1258 3341 διαζεύξεως
1300 3274 1482 3346 γάμου
1548 3276 1607 3329 ἐν
1674 3274 1891 3339 πολλοῖς

296 3370 508 3435 τόποις,
538 3386 594 3423 κ.
618 3384 671 3422 τ.
701 3367 776 3434 λ.,
810 3383 985 3438 usque
1012 3367 1078 3421 ad
1108 3368 1367 3436 γυναικὸς
1384 3368 1676 3440 ὁρισθεῖσι.

369 3484 650 3553 Σχόλιον.
692 3481 754 3536 '0
784 3479 829 3552 β’
860 3481 967 3535 τίτ.
998 3480 1093 3533 τοῦ
1125 3486 1202 3534 κε’
1230 3480 1435 3551 βιϐλίου
1466 3482 1574 3535 τῶν
1607 3481 1749 3536 διατ.
1776 3484 1892 3536 κεῖ-

295 3593 390 3630 ται
412 3579 494 3638 εἰς
524 3576 618 3627 τὸν
652 3571 741 3637 ια’,
767 3573 875 3628 τίτ.
910 3573 1005 3626 τοῦ
1034 3571 1119 3644 κη’
1147 3573 1355 3644 βιϐλίου
1409 3573 1519 3627 τῶν
1554 3574 1887 3639 Βασιλικῶν,

296 3668 395 3721 καὶ
427 3668 456 3719 ὁ
490 3664 553 3730 ιζ’
578 3664 685 3718 τίτ.
732 3665 827 3719 τοῦ
870 3663 909 3718 ε’
952 3664 1159 3737 βιϐλίου
1205 3666 1303 3719 τοῦ
1339 3666 1570 3731 κώδικος
1601 3668 1761 3738 ἐτέθη
1813 3670 1894 3733 είς

294 3777 430 3828 κεφ.
476 3757 505 3812 ι’
538 3757 633 3811 τοῦ
670 3757 713 3822 ζ’
747 3759 853 3813 τίτ.
884 3758 980 3812 τοῦ
1031 3757 1117 3829 κη’
1147 3757 1354 3829 βιϐλίου
1408 3760 1517 3813 τῶν
1557 3760 1890 3829 Βασιλικῶν,

302 3854 404 3907 καὶ
448 3856 482 3924 ὴ
516 3853 619 3925 ριξ¹
661 3853 1091 3915 Ἰουστινιάνειος
1129 3852 1300 3923 νεαρὰ
1347 3853 1509 3924 ἐτέθη
1566 3854 1643 3918 ὡς
1691 3854 1893 3910 πολλὰ-

295 3963 390 4009 κις
404 3945 630 4016 εἴπομεν
654 3945 733 4008 εἰς
750 3944 954 4015 βιϐλίον
981 3942 1066 4016 κη’
1088 3944 1193 3998 τίτ.
1218 3941 1263 4008 ζ’
1282 3961 1410 4012 κεφ.
1427 3942 1475 3996 a'
1497 3943 1672 4008 οὕτως
1692 3945 1893 4016 ἔχουσα

297 4039 362 4091 ὲν
387 4037 543 4111 μέρει
569 4037 645 4101 ὡς
673 4038 985 4107 συνωψίσθη
1023 4038 1104 4099 εἰς
1146 4035 1206 4089 τὸ
1236 4036 1513 4106 κείμενον.
1571 4036 1636 4089 Ἠ
1668 4036 1723 4089 δὲ
1760 4037 1893 4108 περὶ

297 4130 499 4201 γάμων
533 4128 617 4184 κα¹
652 4130 822 4202 νεαρὰ
872 4129 1031 4199 ἐτέθη
1060 4131 1139 4193 είς
1176 4129 1381 4200 βιϐλίον
1414 4126 1500 4199 κη’
1535 4129 1641 4183 τίτ.
1695 4128 1754 4183 ιδ’
1799 4129 1895 4201 καὶ

300 4224 411 4277 τίτ.
440 4221 481 4274 δ’
506 4223 569 4275 τὸ
603 4224 701 4292 τῆς
745 4221 861 4295 ρκζ⁹
897 4224 1099 4292 νεαρᾶς
1138 4239 1265 4290 κεφ.
1309 4222 1371 4275 τὺ
1421 4223 1552 4293 περὶ
1604 4222 1891 4293 ρεπουδίου

300 4315 689 4386 διαλεγόμενον
719 4316 819 4367 οὐκ
842 4314 1000 4386 ἐτέθη
1025 4317 1104 4379 εἰς
1136 4315 1204 4368 τὰ
1227 4313 1516 4380 summa,
1548 4312 1664 4367 ἀλλ’
1698 4313 1892 4384 ἐδέχθη

2007 3186 2150 3240 sexti
2189 3201 2367 3240 canon
2398 3186 2502 3254 87;
2538 3186 2728 3241 Basilii
2758 3202 2937 3242 canon
2961 3186 3016 3252 9,
3049 3186 3141 3253 35,
3165 3186 3256 3252 48,
3292 3186 3379 3240 77.

2081 3278 2298 3333 Textus.
2328 3278 2405 3335 De
2424 3279 2789 3351 disiunctione
2821 3279 3321 3348 matrimoniorum,
3342 3289 3475 3350 etc.,
3510 3296 3600 3336 us-

2005 3390 2103 3444 que
2138 3374 2209 3427 ad
2235 3376 2534 3445 ignoretur,
2560 3384 2615 3427 ut
2648 3390 2779 3444 pag.
2815 3372 2947 3429 907.

2078 3488 2376 3544 Scholium.
2415 3488 2522 3543 Tit.
2551 3488 2606 3556 2,
2632 3488 2727 3543 lib.
2755 3503 2864 3543 xxv
2902 3486 3021 3560 Dig.
3054 3495 3137 3542 est
3168 3487 3223 3542 in
3264 3487 3346 3543 tit.
3401 3488 3461 3543 11
3498 3488 3597 3543 lib.
3666 3552 3673 3561 ρ

2010 3581 2177 3639 Basil.
2209 3599 2403 3638 xxvni.
2442 3583 2548 3637 Tit.
2583 3598 2711 3637 vero
2736 3583 2825 3645 17,
2865 3582 2959 3636 lib.
3009 3598 3064 3647 ν,
3089 3581 3213 3635 cod.
3266 3582 3485 3651 positus
3513 3588 3600 3637 est

2006 3675 2062 3728 in
2094 3690 2213 3744 cap.
2236 3673 2322 3740 10,
2351 3675 2438 3731 tit.
2467 3674 2518 3739 7,
2551 3675 2646 3730 lib.
2676 3690 2867 3729 xxvnt.
2893 3673 3061 3729 Basil.
3089 3672 3392 3728 Justiniani
3415 3683 3600 3728 autem

2007 3767 2221 3821 novella
2253 3766 2379 3831 117,
2412 3768 2591 3837 posita
2623 3777 2707 3822 est
2758 3767 2837 3838 (ut
2872 3767 3073 3836 saepius
3115 3765 3383 3837 diximus)
3418 3767 3475 3820 in
3500 3766 3597 3821 lib.

2007 3875 2203 3923 xxvnt,
2238 3859 2324 3913 tit.
2353 3860 2403 3925 7,
2433 3876 2554 3930 cap.
2605 3877 2646 3926 ι,
2679 3875 2801 3929 quae
2848 3859 2926 3913 sic
2954 3873 3053 3928 pro
3106 3866 3265 3929 parte
3316 3858 3500 3922 habet,
3538 3866 3605 3916 ut.

2008 3951 2065 4005 in
2114 3960 2266 4007 textu
2300 3952 2695 4021 compendiose
2746 3953 3088 4022 propositum
3120 3960 3225 4005 est.
3277 3950 3349 4006 De
3382 3951 3592 4020 nuptiis

2009 4044 2221 4098 novella
2238 4043 2330 4107 22,
2354 4046 2527 4113 posita
2558 4053 2643 4099 est
2667 4045 2719 4097 in
2751 4044 2845 4097 lib.
2873 4058 3065 4107 xxvnl,
3093 4041 3174 4095 tit.
3196 4041 3231 4094 4
3255 4049 3312 4095 et
3334 4041 3421 4095 14.
3445 4039 3603 4106 Quod

2014 4136 2191 4209 [vero]
2210 4138 2440 4191 novellae
2475 4137 2599 4201 127,
2624 4144 2787 4205 caput
2827 4136 2894 4190 de
2920 4134 3166 4204 repudiis
3206 4134 3451 4197 disserit,
3490 4149 3601 4189 non

2011 4239 2096 4285 est
2118 4231 2355 4299 positum
2382 4230 2435 4283 in
2462 4228 2651 4295 Basil.,
2674 4227 2767 4283 sed
2799 4227 2973 4297 magis
2997 4224 3355 4296 approbatum
3384 4235 3599 4295 estcap.

2012 4320 2080 4376 15
2117 4322 2340 4376 novellae
2357 4322 2460 4376 154
2482 4340 2496 4376 ι
2520 4320 2666 4391 quod
2689 4335 2813 4389 cap.
2843 4319 2898 4395 4,
2923 4319 3007 4373 tit.
3029 4318 3082 4383 7,
3104 4319 3200 4373 lib.
3226 4334 3392 4374 xxvm
3414 4326 3517 4383 est,
3537 4333 3604 4373 ac

303 4406 510 4478 μᾶλλον
535 4407 596 4460 τὸ
628 4412 694 4475 ιγ’
728 4424 854 4476 κεφ.
887 4406 985 4475 τῆς
1019 4404 1126 4475 ρλδ⁹
1169 4407 1369 4476 νεαρᾶς
1397 4406 1493 4458 καὶ
1539 4403 1655 4457 ἔστι
1701 4422 1829 4475 κεφ.
1852 4402 1892 4457 δ’

2028 4415 2428 4470 ,emerariorum
2465 4416 2818 4485 repudiorum
2838 4413 2894 4468 in
2919 4421 3150 4483 utraque
3177 4420 3333 4483 parte
3358 4412 3600 4484 aequales

302 4501 399 4556 τοῦ
428 4500 473 4565 ζ’
503 4500 613 4554 τίτ.
647 4498 740 4553 τοῦ
769 4504 854 4570 κη’
894 4498 1124 4569 βιϐλίου,
1157 4497 1252 4552 καὶ
1280 4497 1429 4566 λέγει
1472 4497 1594 4561 ἴσας
1628 4494 1770 4553 εἶναι
1798 4498 1892 4564 τὰς

2028 4524 2123 4565 isse
2152 4525 2342 4580 poenas
2369 4509 2521 4565 dicit.

303 4594 500 4661 ποινὰς
531 4594 643 4648 τῶν
675 4593 885 4662 ἀλόγων
921 4592 1243 4664 ρεπουδίων,
1298 4592 1396 4646 καὶ
1438 4592 1527 4645 ἐπ’
1556 4593 1898 4664 ἀμφοτέροις

300 4693 418 4752 τοῖς
453 4688 668 4759 μέρεσι.

375 4782 690 4850 Κείμενον.
733 4778 1007 4849 Ἀζημίως
1030 4776 1086 4830 δέ
1114 4776 1322 4843 λύεται,
1357 4794 1413 4832 κ.
1440 4794 1491 4831 τ.
1516 4774 1594 4842 λ.,
1628 4792 1805 4847 usque
1833 4777 1901 4832 ad

300 4872 602 4942 πενταετίᾳ
632 4870 814 4940 μείνη,
851 4871 898 4923 εἰ
926 4870 1015 4940 ζῇ.

376 4967 661 5037 Σχόλιον.
696 4964 770 5017 Τὸ
793 4961 834 5016 δ’
868 4980 993 5031 κειρ.
1029 4962 1131 5032 τῆς
1162 4959 1248 5031 κβ¹
1299 4961 1741 5016 Ἰουστινιανείου
1776 4981 1902 5018 νεα-

306 5062 411 5134 ρᾶς
463 5063 522 5113 ἐν
553 5057 632 5130 τῷ
686 5056 729 5121 ζ’
773 5056 880 5113 τίτ.
914 5053 1124 5127 τοῦικη¹
1184 5054 1389 5126 βιϐλίου
1416 5055 1693 5127 ικείμενόν
1729 5073 1899 5128 φησι·

2020 4858 2032 4865 ,
2081 4786 2298 4841 Textus.
2334 4786 2562 4858 Impune
2605 4795 2787 4842 autem
2836 4787 3091 4852 solvitur,
3124 4796 3256 4855 etc.,
3302 4802 3465 4857 usque
3505 4770 3598 4854 ad,

2007 4880 2252 4951 quinque
2278 4896 2453 4936 annos
2481 4890 2721 4943 maneat,
2754 4881 2799 4936 si
2826 4881 2998 4935 vivat.
3032 4889 3093 4934 ut
3119 4896 3243 4950 pag.
3284 4878 3413 4933 910.

2079 4970 2372 5029 Sc/iolium.
2433 4972 2672 5027 Novella:
2730 4971 3029 5028 Justiniani
3096 4970 3207 5036 22,
3258 4972 3293 5024 4
3343 4984 3465 5039 cap.
3543 4968 3601 5025 in

2008 5063 2093 5118 tit.
2132 5064 2183 5130 7,
2228 5064 2325 5117 lib.
2378 5080 2573 5130 xxviii,
2610 5065 2873 5135 positum,
2917 5064 2991 5118 ait
3046 5082 3059 5117 :
3103 5062 3388 5119 Przedictis
3417 5061 3601 5119 causis

304 5155 441 5217 Ταῖς
473 5153 532 5205 δέ
595 5151 922 5221 εἰρημέναις
962 5147 1165 5211 αἰτίαις
1222 5148 1536 5219 συνείδομεν
1585 5149 1682 5202 καὶ
1730 5148 1892 5202 ταῦτα

2028 5158 2188 5212 risum
2224 5156 2380 5211 nobis
2430 5166 2516 5212 est
2562 5157 2890 5212 nominatim
2915 5164 2969 5210 et
3000 5156 3164 5211 hasce
3208 5169 3505 5226 apponere,
3532 5170 3602 5209 ex

304 5244 580 5316 ὀνομαστὶ
610 5243 930 5314 προσθεῖναι
966 5243 1024 5308 ἐξ
1053 5234 1128 5295 ὧν
1156 5242 1283 5304 τοὺς
1312 5241 1527 5311 γάμους
1555 5241 1741 5308 ἔξεστι
1776 5242 1892 5313 δίχα

2028 5250 2210 5320 [uibus
2227 5249 2579 5305 matrimonia
2602 5250 2903 5307 dissolvere
2929 5248 3015 5303 vel
3038 5249 3173 5304 citra
3198 5263 3419 5319 poenam
3442 5248 3593 5303 licet:

305 5336 509 5407 ποινῆς
538 5336 797 5391 διαλύειν.
831 5335 942 5390 Καὶ
966 5334 1168 5389 αὐτίκα
1192 5332 1448 5405 ἐπιφέρει
1470 5334 1565 5387 καὶ
1598 5335 1696 5398 τὰς
1727 5334 1892 5399 αἰτίας

2028 5350 2177 5413 itque
2207 5344 2470 5398 continuo
2495 5358 2692 5398 causas
2714 5343 2876 5398 etiam
2909 5340 3151 5407 adducit,
3174 5340 3301 5395 vitae
3330 5339 3597 5395 monasti-
3690 5325 3697 5413 ξ

306 5430 408 5501 τὴν
437 5430 537 5499 τῆς
567 5428 857 5498 ἀσκήσεως
879 5424 1106 5497 δηλαδὴ,
1140 5424 1239 5494 τὴν
1269 5424 1363 5478 ἐπὶ
1411 5424 1629 5496 τριετίᾳ
1661 5424 1892 5479 ἁσύναπ-

2028 5446 2089 5486 ξω
2112 5446 2325 5502 nempe,
2345 5430 2423 5505 [et
2448 5431 2636 5504 siqui]
2671 5434 2815 5488 intra
2846 5433 3145 5487 triennium
3178 5431 3466 5501 coniugem
3490 5445 3603 5486 non

308 5536 402 5573 τον
431 5517 856 5590 ὁμοζωίαν,¹καὶ
886 5516 984 5587 τὴν
1029 5516 1127 5586 τῆς
1171 5515 1572 5585 αἰχμαλωσίας.
1616 5515 1765 5587 Πλὴν
1797 5518 1892 5569 ἁπέ

2028 5525 2271 5593 attingat,
2290 5534 2346 5580 et
2363 5526 2697 5595 captivitatis
2721 5524 2968 5598 [causam
2997 5523 3283 5596 denique.]
3308 5523 3603 5579 Verumta-

316 5614 417 5683 μὲν
442 5612 549 5666 τῶν
574 5611 668 5665 δύο
698 5610 886 5663 αἰτιῶν
915 5608 1090 5680 χωρὶς
1118 5610 1311 5679 ποινῆς
1336 5609 1430 5662 καὶ
1458 5609 1660 5674 δόσεως
1688 5610 1892 5681 οἱασδή-

2028 5633 2143 5673 men
2177 5633 2244 5673 ex
2273 5618 2485 5674 duabus
2517 5620 2701 5675 causis
2737 5619 2875 5677 citra
2910 5635 3127 5690 poenam
3159 5627 3324 5689 atque
3352 5617 3603 5686 qualem-

313 5706 457 5768 τινός
474 5722 609 5776 φησι
642 5703 866 5756 λύεσθαι
888 5701 950 5754 τὸ
978 5701 1335 5755 συνοικέσιον.
1378 5700 1509 5753 Ἀπὸ
1534 5699 1592 5753 δὲ
1622 5700 1715 5754 τοῦ
1744 5702 1892 5773 μονά-

2028 5724 2242 5780 cunque
2284 5709 2567 5766 dationem
2627 5710 2943 5783 coniugium
3006 5713 3165 5776 solvi,
3195 5713 3318 5767 ait:
3366 5708 3602 5776 Quando

316 5814 404 5851 σαι
436 5795 669 5866 θάτερον
719 5793 829 5851 τῶν
859 5792 1147 5865 ὁμοζύγων
1204 5791 1343 5864 φησὶ
1375 5792 1570 5865 ταῦτα,
1601 5794 1892 5865 τηνικαῦτα

2028 5813 2150 5856 vero
2173 5800 2311 5856 alter
2356 5800 2656 5873 coniugum
2688 5800 2860 5859 vitam
2915 5805 3283 5863 monasticam
3344 5801 3599 5872 suscipit,
