3928 6246
432 286 563 355 1191
1654 293 1921 359 PlIOTII
1960 297 2018 358 Ρ,

2127 296 2471 357 UARCH/E
2502 296 2612 360 CP.
3000 352 3005 359 .
3573 301 3694 367 1199⁴
3718 292 3719 295 η

432 414 551 469 haec
595 413 770 470 dicit:
804 414 941 470 Nam
996 414 1104 471 hoc
1151 412 1284 472 ca'su
1314 414 1599 486 iubemus,
1649 425 1711 472 ut
1760 428 1871 472 tam
1915 416 2018 472 virt

2137 416 2245 487 γάρ
2270 415 2568 486 κελεύομεν
2602 415 2921 487 παρρησίαν
2948 410 3090 471 εἶναι
3142 417 3238 472 καὶ
3291 418 3445 490 ἀνδρὶ
3478 423 3565 475 καὶ
3604 440 3693 490 γυ-

424 523 597 576 quam
626 507 863 572 mulieri,
889 508 956 563 ad
988 508 1215 563 meliora
1242 510 1529 580 migranti,
1562 509 1811 565 solvendi
1834 509 2018 564 matri

2143 508 2294 561 ναικὶ
2341 507 2481 577 πρὸς
2521 506 2591 560 τά
2653 507 2858 561 καλλίω
2886 509 3331 579 έμεθισταμένοις
3382 510 3609 567 διαλύειν
3643 514 3697 567 τὸ

431 602 605 655 monii
643 603 810 657 simul
844 611 899 657 et
924 603 1236 658 divertendi
1296 613 1543 674 potestas
1574 605 1684 659 sit:
1718 604 1896 677 [prius
1944 614 2018 658 ta-

2140 600 2501 664 συνοικέσιον,
2545 599 2640 653 καὶ
2687 599 2995 671 ἀναχωρεῖν
3061 602 3203 670 μετά
3258 619 3399 667 τινος
3455 602 3695 675 βραχείας

430 692 584 766 ιηεη]
614 696 759 749 brevi
809 697 1000 766 aliquo
1040 696 1271 751 desertas
1296 697 1437 767 parti
1500 697 1701 753 solatio
1745 697 2018 751 derelicto.

2137 692 2609 763 ὑπολελειμμένης
2662 692 2742 760 τῷ
2806 693 3325 765 καταλελειμμένων
3369 699 3698 769 παραμυθίας

431 785 711 857 Quidquid
758 788 905 843 enim
955 789 1353 845 contrahentes
1384 791 1530 861 pacti
1594 797 1745 857 sunt,
1783 799 1845 843 ut
1909 801 2018 859 p051

2137 786 2318 858 Ὅπερ
2347 788 2456 857 γὰρ
2509 787 2575 841 ἂν
2636 789 3059 859 συμφωνήσαιεν
3101 789 3151 841 οι
3188 789 3575 859 συμϐάλλοντες
3604 793 3700 846 ἀπὸ

432 888 669 934 mortem
700 880 924 935 alterius
954 868 1108 935 lucro
1127 881 1367 947 cederet,
1391 882 1441 936 id
1464 882 1533 937 ab
1576 883 1753 937 altera
1780 882 2018 937 obtinere

2132 879 2391 948 τελευτῆς
2419 879 2664 947 γίνεσθαι
2686 879 2895 951 κέρδος,
2928 881 3086 934 τοῦτο
3110 881 3256 950 ἔχειν
3282 881 3363 935 δεῖ
3381 881 3471 935 τὸν
3494 885 3701 938 καταλε-

430 972 592 1039 debet
620 988 749 1043 pars
777 972 1017 1039 deserta,
1066 976 1181 1029 sive
1207 976 1290 1029 vir
1343 976 1460 1031 sive
1490 976 1687 1030 mulier
1742 978 1978 1031 exsistat
2011 993 2018 1029 :

2134 971 2436 1041 λειμμένον
2462 971 2614 1041 παρά
2645 970 2875 1042 θατέρου
2912 972 3022 1025 εἴτε
3041 972 3201 1043 ἀνὴρ,
3258 973 3365 1027 εἴτε
3394 976 3529 1047 γυνὴ
3553 976 3700 1030 καθε-

435 1074 728 1135 pr0pterea
758 1068 902 1137 quod
932 1076 985 1121 et
1007 1066 1111 1123 iste
1131 1066 1419 1138 (quantum
1444 1070 1510 1123 ad
1542 1070 1855 1139 conjugem)
1887 1069 2018 1123 mori

2136 1066 2350 1134 στήκει.
2371 1065 2514 1117 Διότι
2532 1066 2625 1118 καὶ
2646 1059 2800 1128 οὗτος
2820 1066 2877 1119 τό
2897 1083 2958 1134 γε
2978 1066 3071 1120 ἐπὶ
3086 1067 3173 1138 τῷ;
3184 1069 3555 1140 συνοικήσαντι
3570 1069 3701 1123 δοκεῖ

431 1162 708 1226 videatur,
728 1177 857 1216 cum
892 1162 1125 1216 alterum
1154 1162 1276 1217 vitae
1308 1161 1410 1217 iter
1435 1178 1533 1232 pro
1563 1164 1741 1218 altero
1770 1164 2018 1233 capessit.

2130 1159 2408 1228 τελευτᾷν,
2442 1157 2636 1228 ἑτέραν
2665 1156 2782 1211 ἀνθ’
2809 1158 3005 1229 ἐτέρας
3032 1158 3148 1228 βίου
3176 1160 3405 1230 πορείαν
3435 1160 3697 1231 ἐλόμενος.

431 1253 541 1309 Sed
582 1263 636 1308 et
689 1254 900 1309 novella
950 1252 1248 1309 Justiniani
1283 1254 1407 1319 1‘25,
1442 1256 1555 1311 sive
1591 1255 1625 1310 8
1671 1271 1817 1326 cap.,
1855 1256 1881 1309 1
1944 1256 2018 1310 tit.

2145 1250 2309 1304 Ἀλλὰ
2338 1251 2434 1303 καὶ
2465 1248 2588 1321 ρκγ¹
2624 1251 3055 1314 ἰουστινιάνειος
3084 1251 3255 1324 νεαρά
3283 1252 3401 1323 ῆτοι
3421 1253 3482 1307 τὸ
3512 1260 3562 1324 η’
3582 1271 3697 1324 κεφ.

428 1347 526 1402 1ἱ1).
556 1346 719 1402 Basil.
759 1362 813 1400 ιν
856 1346 1033 1417 jubet,
1096 1356 1151 1402 ut
1198 1356 1319 1402 uter
1352 1347 1646 1419 coniugum
1715 1349 1769 1403 in
1822 1351 2018 1403 mundo

2130 1343 2288 1397 τοῦα¹
2310 1343 2416 1397 τίτ.
2445 1343 2537 1397 τοῦ
2568 1340 2613 1397 δ’
2642 1342 2848 1413 βιϐλίου
2868 1345 2977 1397 τῶν
3010 1344 3319 1398 Βασιλικῶν
3347 1346 3697 1417 παρακελεύε-

429 1442 658 1497 relictus
688 1450 793 1507 est,
828 1457 859 1495 a
892 1448 1046 1511 parte
1077 1458 1200 1511 quae
1230 1451 1389 1497 tonsa
1419 1443 1720 1513 estcapiat,
1752 1443 2018 1513 quidquid

2133 1455 2220 1492 ται
2240 1436 2331 1490 τὸν
2357 1437 2515 1507 ἐνρῷ
2542 1436 2734 1507 κόσμῳ
2760 1437 3183 1508 περιλειφθέντα
3207 1438 3271 1492 ἐκ
3298 1437 3408 1491 τῶν
3435 1439 3699 1510 ὁμοζύγων

427 1549 497 1590 ex
534 1540 710 1589 morte
745 1534 868 1604 eius
890 1534 1105 1588 ratione
1137 1536 1280 1604 pacti
1330 1535 1635 1608 [conventi]
1662 1538 1764 1608 ipsi
1805 1554 2018 1609 compei

2131 1529 2427 1601 λαμϐάνειν
2461 1529 2568 1583 ἀπὸ
2601 1529 2694 1583 τοῦ
2727 1530 2927 1601 μέρους
2951 1531 3045 1583 τοῦ
3078 1530 3472 1601 ἀποκαρέντος,
3496 1530 3617 1584 εἴτι
3644 1532 3700 1586 ὲκ

425 1630 660 1683 titurum
698 1626 917 1683 fuisset.
953 1626 1111 1694 Quod
1141 1631 1362 1700 quidem
1418 1632 1632 1687 novella
1679 1632 1770 1699 22,
1800 1634 2018 1689 omnino

2130 1622 2231 1692 τῆς
2247 1620 2615 1692 πῳτελευτῆς
2648 1619 2837 1674 τούτου
2869 1619 2975 1672 ἀπὸ
3003 1618 3297 1690 συμφώνου
3330 1618 3521 1690 ἔμελλε
3545 1635 3698 1689 προσ-

428 1720 499 1777 ad
520 1721 759 1777 dandam
788 1736 853 1776 ex
882 1721 1007 1777 aliis
1060 1724 1245 1778 causis
1282 1739 1501 1793 pwnam
1538 1725 1864 1795 respiciens,
1901 1740 2018 1796 par.

2133 1714 2375 1786 αρμόσαι
2401 1712 2552 1781 αὐτῷ
2578 1729 2592 1743 ο
2629 1714 2767 1782 ὅπερ
2797 1712 2892 1765 καὶ
2919 1710 3181 1782 βραχείαν
3206 1710 3560 1782 παραμυθίαν
3579 1708 3693 1763 ἐκά-

424 1830 556 1870 vum
597 1816 762 1870 etiam
794 1815 1053 1871 solatium
1079 1816 1405 1875 nominavit.
1443 1815 1728 1888 Siquidem
1766 1820 1911 1890 quod
1946 1835 2015 1875 ex

2132 1807 2310 1863 λεσεν,
2359 1805 2421 1859 Ἦ
2447 1805 2531 1877 κβ⁹
2554 1805 2727 1877 νεαρά
2760 1805 2976 1867 πάντως
3008 1804 3145 1875 πρὸς
3174 1804 3273 1875 τὴν
3293 1806 3360 1857 ὲκ
3394 1802 3501 1856 τῶν
3520 1802 3700 1873 ἐτέρων

427 1913 585 1975 pacto
606 1904 813 1978 [datur]
847 1920 1008 1975 poena
1037 1923 1143 1961 non
1175 1916 1481 1977 reputatur.
1531 1911 1711 1979 Atque
1748 1912 1865 1967 haec
1895 1913 2018 1982 qni-

2131 1898 2324 1952 αἰτιῶν
2357 1897 2640 1969 διδομένην
2680 1896 2873 1967 ποινὴν
2915 1894 3293 1964 ἀποϐλέψασα.
3333 1893 3408 1946 Τὸ
3452 1891 3562 1964 γὰρ
3606 1891 3701 1945 ἀπὸ

424 1998 549 2054 dem
582 2000 647 2053 ad
676 1998 823 2053 hunc
860 1998 965 2070 [se]
1010 2000 1232 2053 modum
1298 2000 1517 2056 habent.
1554 2001 1754 2069 Qumro
1811 2013 2017 2072 autem,

428 2105 553 2146 cum
584 2089 799 2144 novella
849 2090 1197 2159 imperatoris
1230 2091 1419 2145 domui
1468 2091 1668 2149 Leonis
1697 2094 2018 2166 Philosophi

430 2183 558 2247 117,
593 2183 662 2237 ob
693 2191 977 2238 tonsuram
1007 2184 1189 2237 mariti
1210 2185 1367 2239 uxori
1401 2185 1759 2243 donationem
1796 2200 2020 2261 propter

431 2274 651 2345 nuptias
683 2291 791 2328 non
837 2274 954 2329 dari
988 2274 1139 2330 dicat
1184 2296 1197 2328 :
1232 2291 1297 2330 ac
1338 2275 1513 2349 [vero]
1546 2279 1759 2334 novella
1788 2280 2019 2351 impera-

428 2366 567 2420 toris
598 2364 894 2419 Justiniani
922 2365 1012 2430 Ἡ,
1047 2382 1170 2436 quae
1206 2368 1465 2436 superius
1501 2370 1705 2440 scripta
1738 2381 1865 2426 sunt
1904 2380 2021 2428 sta-

428 2466 567 2519 tuat,
593 2466 941 2527 repeteturne
964 2472 994 2511 a
1027 2458 1261 2514 muliere
1288 2459 1572 2532 quidpiam
1601 2462 1821 2516 nomine
1849 2464 2020 2517 dona-

426 2550 595 2606 tionis
627 2563 855 2619 prOpter
889 2551 1119 2619 noptias
1156 2566 1185 2605 a
1224 2551 1423 2607 marito
1478 2562 1638 2608 tonso
1690 2552 1903 2628 [datae]
1948 2572 2016 2610 an

430 2641 579 2697 non?
603 2640 891 2707 Quondam
915 2644 1043 2701 {non
1072 2658 1139 2696 ex
1166 2646 1357 2713 'paeto,
1407 2645 1502 2699 sed
1542 2662 1609 2699 ex
1637 2647 1755 2717 lege
1793 2648 2017 2705 donatio

427 2747 653 2807 pr0pter
682 2735 903 2805 nuptias
924 2734 1180 2789 dabatur.
1212 2734 1268 2788 Si
1306 2737 1437 2805 quid
1469 2737 1614 2791 enim
1650 2738 1849 2793 mulier
1875 2738 2018 2796 dotis

428 2828 652 2884 nomine
673 2828 859 2891 dabat,
888 2828 1227 2882 tantumdem
1258 2828 1311 2881 in
1364 2844 1689 2885 communes
1727 2830 2016 2887 facultates

2137 1992 2433 2064 συμφώνου
2453 1992 2575 2045 οὐδὲ
2606 1992 2763 2061 ποινὴ
2792 1989 3029 2058 λέγεται.
3049 1989 3159 2041 Καὶ
3173 1987 3352 2040 ταῦτα
3383 1986 3482 2057 μὲν
3510 1985 3702 2057 ἔχουσιν

2133 2080 2298 2135 οὕτω.
2343 2080 2564 2152 Ἐρωτῶ
2594 2080 2651 2133 δὲ
2680 2080 2779 2148 τῆς
2809 2076 2872 2143 ιζ’
2897 2079 3100 2149 νεαρᾶς
3116 2077 3208 2130 τοῦ
3242 2076 3511 2148 βασιλέως
3530 2073 3700 2144 κυρίου

2135 2175 2367 2239 Λέοντος
2395 2174 2492 2228 τοῦ
2528 2174 2823 2243 φιλοσόφου
2854 2171 3121 2243 λεγούσης
3151 2170 3209 2237 ἐξ
3240 2169 3600 2241 ἀποκάρσεως
3618 2165 3699 2220 τοῦ

2134 2266 2329 2337 ἀνδρὸς
2369 2266 2444 2338 μὴ
2473 2265 2713 2320 δίδοσθαι
2745 2264 3009 2318 ὑποϐολον
3065 2265 3129 2335 τῇ
3181 2262 3432 2331 γυναικί.
3478 2260 3584 2315 Καὶ
3613 2258 3699 2329 τῆς

2134 2361 2215 2435 ρβ⁹
2244 2364 2446 2431 νεαρᾶς
2476 2360 2573 2415 τοῦ
2607 2360 2874 2431 βασιλέως
2917 2358 3300 2413 Ἰουστινιανοῦ
3348 2355 3701 2428 διοριζομένης

2130 2453 2199 2506 τά
2224 2452 2509 2523 γραφέντα
2552 2453 2781 2517 ἄνωθεν,
2844 2451 3289 2522 ἀπαιτηθησεταί
3333 2467 3385 2503 τι
3440 2448 3584 2521 παρὰ
3611 2446 3700 2517 τῆς

2131 2545 2393 2613 γυναικὸς
2446 2546 2629 2615 χάριν.
2656 2543 2922 2597 ύποόόλου
2971 2545 3034 2597 ἐκ
3077 2541 3173 2595 τοῦ
3226 2543 3595 2613 ἀποκαρέντος
3624 2538 3700 2591 ἀν-

2132 2638 2277 2706 δρὸς,
2311 2636 2463 2707 ἢοῦ·
2520 2637 2581 2690 τὸ
2617 2638 2848 2691 παλαιὸν
2892 2637 2992 2690 οὐκ
3031 2636 3140 2689 ἀπὸ
3190 2634 3489 2706 συμφώνου
3520 2632 3698 2687 ἐδίδοτο

2132 2733 2192 2785 τὸ
2224 2731 2485 2785 ὐπόϐολον
2520 2731 2656 2785 ἀλλὰ
2683 2731 2791 2785 ἀπὸ
2817 2729 2911 2783 τοῦ
2945 2729 3135 2801 νόμου.
3173 2728 3242 2783 Εἴ
3287 2744 3345 2782 τι
3380 2726 3545 2796 γάρὴ
3578 2722 3697 2793 γυνὴ

2132 2824 2303 2877 ἐδίδου
2334 2826 2495 2895 χάριν
2530 2824 2778 2896 προικὸς,
2819 2823 3075 2878 τοσοῦτον
3103 2825 3198 2875 καὶ
3231 2823 3259 2874 ὁ
3306 2820 3447 2893 ἀνὴρ
3483 2817 3699 2873 ὑποϐάλ-

2133 2918 2245 2970 λειν
2285 2921 2453 2971 ποσὸν
2478 2920 2559 2981 είς
2606 2922 2707 2988 τὴν
2751 2918 2938 2989 κοινὴν
2993 2916 3322 2989 περιουσίαν
3358 2914 3695 2985 ἠναγκάζετο,

2133 3011 2255 3065 ὅθεν
2278 3012 2374 3064 καὶ
2420 3010 2687 3065 ὑπόεολον
2721 3009 3096 3081 ὠνοματίσθη.
3145 3008 3323 3063 Τοῦτο
3365 3009 3421 3063 δὲ
3454 3004 3695 3079 ἀνῃρέθη.

432 2920 664 2974 maritus
694 2920 935 2990 objicere
970 2920 1277 2991 cogebatur
1305 2939 1319 2975 :
1352 2922 1498 2977 unde
1544 2923 1709 2977 etiam
1756 2925 2019 2978 ὑπόϐολον

428 3011 450 3086 [
489 3011 564 3084 (id
596 3023 699 3079 est,
722 3013 976 3083 objectio,
1009 3016 1301 3085 oppositio,
1333 3016 1661 3086 suppositio,
1687 3026 1741 3071 ει
1761 3025 2016 3088 tanquam

439 3105 731 3160 contraria
772 3106 1055 3177 obligatio)
1100 3105 1227 3178 |est
1274 3109 1641 3164 nominatum.
1676 3110 1876 3166 Verum
1921 3113 2018 3167 hoc

2136 3104 2246 3156 Kal.
2276 3105 2518 3175 σήμερον
2566 3103 2813 3156 τοιοῦτον
2851 3102 3115 3155 ὑπόϐολον
3146 3103 3174 3154 ὁ
3207 3101 3352 3173 ἀνὴρ
3378 3100 3439 3154 οὐ
3467 3099 3697 3161 ’δίδωσιν,

429 3196 755 3267 abrogatum
775 3206 879 3262 est,
899 3207 1064 3268 atque
1086 3199 1399 3254 istiusmodi
1420 3200 1773 3257 donationem
1802 3214 2018 3275 propter

2129 3196 2267 3250 ἀλλὰ
2296 3196 2406 3249 ἀπὸ
2450 3195 2746 3266 συμφώνου
2797 3195 2980 3249 δίδωσί
3026 3213 3076 3249 τι
3122 3194 3287 3265 μέρος
3326 3195 3451 3247 ὅσον
3500 3208 3697 3261 συμφω-

427 3293 651 3361 nuptias
682 3292 915 3348 maritus
951 3292 1112 3348 hodie
1147 3308 1256 3347 non
1302 3293 1394 3347 dat
1432 3312 1444 3347 :
1479 3294 1570 3349 sed
1600 3310 1667 3349 ex
1709 3305 1865 3365 pacto
1896 3314 2018 3367 par-

2127 3294 2264 3364 νήσῃ
2296 3295 2360 3346 ἐκ
2390 3294 2760 3365 προτελευτῆς
2790 3296 2856 3364 τῇ
2900 3292 3143 3361 γυναικί.
3182 3292 3245 3345 Εἰ
3298 3292 3358 3345 δὲ
3391 3290 3466 3361 μὴ
3496 3304 3697 3359 συμφω·

434 3394 545 3441 tem
572 3386 812 3457 aliquam
840 3388 954 3453 dat,
989 3398 1252 3457 quantam
1292 3386 1567 3459 [videlicet
1608 3390 1651 3444 si
1687 3390 1827 3461 ipse]
1878 3408 2018 3460 prte-

2127 3388 2293 3461 νήσῃξ
2314 3386 2497 3440 δοῦναί
2547 3405 2599 3439 τι
2632 3386 2773 3456 ὑπὲρ
2805 3385 3068 3439 ὑποϐόλου
3102 3385 3203 3438 οὐκ
3237 3382 3697 3453 ἀναγκασθήσεται

433 3478 725 3545 moriatur,
754 3479 915 3534 uxori
946 3488 1108 3549 pacto
1140 3481 1475 3549 promiserit.
1528 3480 1682 3547 Quod
1704 3482 1750 3536 si
1792 3484 1929 3537 nihil
1964 3498 2018 3538 se

2127 3477 2313 3531 δοῦναί
2349 3496 2421 3531 τι.
2452 3478 2680 3545 Νομίζω
2705 3476 2799 3531 οὖν
2828 3478 2966 3546 ὁτιή
2998 3478 3095 3547 μὲν
3124 3477 3300 3547 νεαρά
3330 3475 3425 3529 τοῦ
3460 3472 3697 3545 βασιλέως

426 3573 743 3627 donationis
774 3581 999 3642 propter
1046 3573 1270 3642 nuptias
1323 3573 1544 3628 nomine
1580 3573 1835 3629 daturum
1892 3591 2018 3645 pro-

2127 3572 2316 3642 κυρίου
2368 3571 2597 3635 Λέοντος
2644 3571 2739 3623 τοῦ
2768 3571 3082 3640 ξφιλοσόφου
3128 3571 3267 3641 περὶ¹
3304 3569 3401 3622 τοῦ
3452 3567 3694 3622 ὑποὸόλου

430 3664 662 3730 miserit,
693 3680 871 3734 neque
904 3666 1036 3718 dare
1076 3666 1381 3736 quidquam
1408 3668 1787 3737 compelletur.
1822 3667 2022 3725 Novel-

428 3753 536 3808 lam
576 3755 742 3825 igitur
770 3755 1123 3825 imperatoris
1155 3755 1350 3810 domui
1378 3755 1578 3813 Leonis
1608 3759 1929 3829 Philosophi
1956 3761 2023 3815 (Ιε

436 3846 737 3901 donatione
760 3857 985 3915 propter
1031 3848 1251 3917 nuptias
1275 3890 1289 3913 ,
1320 3864 1442 3917 qua:
1474 3866 1540 3903 ex
1576 3852 1744 3906 veteri
1782 3851 1898 3922 lege
1925 3867 2021 3907 co-

428 3939 581 4009 gnita
608 3948 710 4004 est,
739 3950 905 4008 atque
942 3942 1259 3998 necessario
1289 3942 1490 3997 datur:
1528 3942 1878 4013 imperatoris
1922 3960 2021 3998 au—

430 4031 869 4087 temJustiniaui
918 4034 983 4087 de
1040 4033 1195 4088 lucro
1225 4036 1369 4105 quod
1397 4051 1462 4090 ex
1497 4046 1673 4091 morte
1720 4036 2019 4091 secundum

428 4132 648 4193 pactum
689 4124 873 4191 datur,
918 4125 1067 4196 loqui
1100 4127 1537 4195 arbitror.Quod
1564 4144 1695 4197 ergo
1747 4147 1809 4186 ex
1844 4143 2021 4189 morte

428 4219 656 4275 alterius
684 4221 980 4290 conjugum
1019 4222 1305 4292 superstiti
1351 4223 1471 4277 dari
1507 4225 1788 4289 convenit,
1838 4227 2021 4298 exiget

427 4322 553 4384 post
579 4314 807 4369 alterius
839 4315 1276 4385 tonsionem‘qui
1327 4317 1379 4372 in
1416 4316 1746 4391 [communi]
1777 4319 1886 4375 vita
1935 4337 2018 4377 re-

2127 4309 2262 4377 ἔστι,
2293 4310 2385 4363 καὶ
2412 4309 2560 4372 ὅπως
2586 4309 2653 4363 ἂν
2682 4309 2954 4374 καλεῖται,
2986 4309 3082 4362 καὶ
3126 4306 3422 4377 συμϐαίνει
3476 4301 3685 4370 τοιούτῳ

427 4403 591 4459 lictus
624 4410 731 4466 est,
776 4405 1158 4477 qualecunque
1195 4406 1465 4479 [tandem]
1511 4409 1604 4472 sit,
1633 4424 1698 4464 ac
1716 4411 2018 4480 quomodo-

2127 4403 2312 4474 τρόπῳ
2338 4401 2433 4456 ἐὰν
2456 4402 2716 4473 ἁποκαρῇ
2749 4401 3213 4473 ήγυνὴζάπαιτείν
3237 4401 3331 4454 τὸν
3365 4399 3533 4470 ἄνδρα
3562 4396 3619 4449 τδ
3637 4396 3691 4449 ὲκ

426 4512 643 4566 cunque
678 4508 1046 4567 nuncupetur.
1094 4500 1274 4570 Atque
1329 4502 1381 4555 id
1416 4503 1686 4573 contingit
1746 4503 2018 4576 [quidem]

2127 4494 2492 4563 προτελευτῆς
2515 4493 2709 4563 ἐκεινῳ
2734 4491 3096 4561 συμφωνηθὲν
3128 4491 3353 4563 δοθῆναι
3372 4489 3451 4561 τῷ
3468 4486 3694 4559 περιόντι

426 4589 534 4645 hoc
574 4590 758 4653 modo,
785 4601 846 4645 ut
870 4592 917 4646 si
941 4592 1137 4646 mulier
1161 4593 1473 4659 tondeatur,
1500 4597 1731 4650 maritus
1749 4611 1813 4651 ex
1848 4605 2018 4653 morte

2128 4586 2295 4639 ποσὸν
2324 4585 2429 4640 κᾶν
2453 4584 2715 4639 ὑπόὁολον
2746 4584 2991 4639 καλεῖται
3016 4582 3501 4656 καταχρηστικῶς.

426 4680 548 4752 ejus
578 4681 731 4754 [sibi]
781 4685 1070 4754 superstiti
1107 4687 1225 4741 dari
1289 4688 1619 4755 promissam
1656 4690 2023 4757 quantitatem

429 4776 644 4831 tametsi
679 4776 944 4831 ὑπόὸολον
971 4778 1201 4833 abusive
1224 4786 1472 4843 vocetur,
1503 4778 1711 4850 exigat.

503 4868 723 4924 Textus.
755 4870 911 4937 Quod
953 4885 1117 4939 porro
1148 4873 1785 4943 consensu,etc.,[usque
1811 4872 1881 4927 ad
1912 4887 2021 4929 non

424 4970 508 5018 est
527 4962 790 5027 obnoxia,
826 4973 884 5017 ut
911 4979 1038 5034 pag.
1067 4960 1197 5019 910.

2125 3664 2261 3733 φησὶ
2282 3664 2375 3717 τοῦ
2405 3666 2468 3717 ἐκ
2498 3664 2593 3717 τοῦ
2618 3664 2848 3717 παλαιοῦ
2868 3665 3034 3735 νόμου
3061 3663 3588 3733 ὲπιγινωσκομένου,
3618 3658 3697 3712 καὶ

2124 3756 2183 3823 ἐξ
2207 3757 2452 3826 ἀνάγκης
2492 3756 2799 3827 διδομένου.
2846 3757 2911 3811 Ἦ
2945 3757 3003 3811 δὲ
3034 3758 3129 3810 τοῦ
3187 3757 3458 3827 βασιλέως
3497 3757 3695 3809 Ἰουστι-

2124 3848 2308 3903 νιανοῦ
2338 3852 2466 3919 περὶ
2504 3851 2599 3903 τοῦ
2632 3850 2857 3920 κέρδους
2886 3849 2980 3903 τοῦ
3038 3851 3104 3903 ὲκ
3147 3850 3521 3921 προτελευτῆς
3572 3845 3695 3901 κατά

2123 3944 2184 3997 τὸ
2220 3943 2520 4014 σύμφωνον
2560 3944 2865 4014 διδομένου.
2926 3942 3001 3997 Τὸ
3050 3942 3185 4011 γοῦν
3228 3945 3297 3997 ὲκ
3346 3939 3689 4015 προτελευτῆς

2124 4036 2243 4101 ἐνὸς
2279 4038 2386 4090 τῶν
2414 4035 2703 4106 ὁμοζύγων
2727 4035 3091 4106 συμφωνηθὲν
3120 4034 3364 4089 δίδοσθαι
3391 4034 3554 4088 ποσὸν
3576 4030 3694 4102 πρὸς

2122 4127 2214 4180 τὸν
2240 4127 2676 4197 ὲναπομείναντα
2708 4127 2986 4196 ἀπατήσει
3016 4126 3157 4195 μετά
3176 4124 3275 4196 τὴν
3307 4127 3373 4179 ὲκ
3401 4124 3496 4179 τοῦ
3519 4123 3690 4192 ἐτέρου

2122 4221 2450 4291 ἀπόκαρσιν,
2478 4222 2507 4273 ὁ
2558 4220 2639 4283 είς
2690 4219 2781 4272 τὸν
2804 4218 2921 4289 βίον
2964 4216 3329 4291 περιληφθεὶς
3355 4213 3474 4271 οἷον
3519 4213 3582 4268 ἂν
3608 4210 3693 4265 καὶ

2131 4843 2176 4865 ﬁ
2198 4865 2513 4935 ΚεΙμενον.
2553 4865 2629 4920 Τὸ
2656 4866 2716 4921 δὲ
2746 4866 2891 4921 κατὰ
2933 4868 3241 4924 συναίνεσιν
3293 4868 3433 4942 πρὸς
3478 4870 3537 4924 τὸ
3566 4883 3693 4936 συμ-

2126 4959 2496 5031 φωνούμενον,
2530 4976 2587 5015 κ.
2619 4976 2673 5016 τ.
2703 4959 2784 5027 λ.,
2822 4976 3005 5032 usque
3038 4963 3107 5018 ad
3141 4963 3527 5036 ἀναχωροῦσα,
3563 4959 3689 5029 ὡςὴ

2126 5054 2265 5125 αὑτὴ
2293 5053 2394 5126 ριξ¹
2419 5054 2611 5125 νεαρά.
3163 5092 3168 5101 ι

497 5142 796 5200 Scholium.
825 5144 1015 5200 Const.
1041 5146 1098 5211 9,
1125 5147 1214 5202 tit.
1242 5146 1333 5213 17,
1357 5147 1457 5205 lib.
1502 5166 1556 5205 ν.
1587 5150 1709 5208 cod.
1742 5167 2018 5209 consensu

2196 5151 2473 5220 Σχόλιον.
2512 5150 2575 5203 Ἣ
2624 5147 2668 5204 θ’
2713 5149 2859 5204 διάτ.
2908 5150 3003 5204 τοῦ
3035 5149 3099 5217 ιζ’
3147 5151 3253 5207 τίτ.
3290 5150 3387 5205 τοῦ
3428 5152 3467 5203 ε’
3501 5145 3690 5220 βιϐλίου

425 5241 842 5295 matrimonium
879 5240 1014 5295 solvi
1041 5242 1254 5306 statuit,
1287 5258 1413 5311 qua:
1468 5244 1520 5297 in
1556 5242 1726 5299 Basil.
1758 5260 1868 5300 non
1908 5254 2014 5302 est.

424 5331 531 5387 Sed
564 5348 740 5402 neque
761 5330 939 5404 [illud]
981 5332 1083 5385 117
1135 5334 1367 5389 novella:
1404 5338 1694 5407 cap.quod
1741 5352 2017 5394 consensu

434 5423 773 5497 [faciendas]
809 5427 1143 5481 matrimonii
1203 5427 1600 5485 dissolutiones
1648 5432 1899 5501 abrogat,
1961 5433 2015 5487 in

426 5512 593 5568 Basil.
618 5516 860 5583 positum
889 5524 992 5583 est,
1026 5517 1123 5571 sed
1154 5534 1252 5589 pro
1287 5534 1354 5575 eo
1393 5522 1635 5591 positum
1675 5532 1759 5578 est
1788 5523 2020 5579 novellae

429 5603 559 5668 154,
590 5618 712 5673 cap.
748 5604 836 5671 15,
860 5608 1010 5676 quod
1060 5618 1144 5665 est
1174 5624 1296 5683 cap.
1354 5614 1410 5679 4,
1463 5614 1545 5668 ιίι.
1598 5614 1651 5680 7,
1684 5615 1785 5669 lib.
1841 5616 2013 5673 Basil.

429 5709 623 5761 xan;
658 5698 803 5767 quod
825 5713 948 5754 cum
972 5700 1318 5771 imperatoris
1343 5704 1638 5763 Justiniani
1660 5707 1780 5776 117,
1803 5708 2017 5780 legisla-

432 5783 575 5842 tione
602 5787 745 5844 idem
777 5790 935 5846 valet.
965 5789 1061 5849 Est
1089 5803 1269 5852 autem
1313 5797 1530 5854 novella
1560 5795 1859 5857 Iustiniani
1887 5799 2013 5869 MO,

2125 5242 2221 5298 τοῦ
2253 5242 2488 5307 κώδικος
2520 5242 2817 5314 διορίζεται
2846 5244 2989 5299 κατὰ
3019 5246 3327 5299 συναίνεσιν
3354 5243 3573 5297 λύεσθαι
3606 5238 3687 5291 τὸν

2123 5335 2320 5405 γάμον,
2352 5335 2476 5406 ἥτις
2503 5335 2563 5388 οὐ
2596 5336 2774 5388 κεῖται
2810 5337 2890 5399 είς
2926 5336 2995 5391 τὰ
3021 5336 3307 5404 Βασιλικά,
3348 5336 3463 5391 ἀλλ’
3500 5329 3687 5389 οὐδὲτὸ

2122 5429 2220 5498 τῆς
2244 5427 2344 5498 ριζ¹
2372 5430 2573 5499 νεαρᾶς
2607 5446 2734 5497 κεφ.
2756 5429 2818 5482 τὸ
2843 5429 3107 5502 ἁναιροῦν
3146 5431 3246 5494 τὰς
3269 5429 3415 5483 κατά
3459 5425 3687 5482 συναινε-

2124 5538 2209 5575 σιν
2244 5522 2431 5585 λύσεις
2460 5521 2554 5575 τοῦ
2588 5521 2792 5593 γάμου,
2821 5523 2979 5595 ἐτέθη
3016 5526 3097 5588 εἰς
3127 5524 3197 5577 τὰ
3235 5522 3515 5577 Βασιλικά.
3559 5515 3684 5572 Ἀλλ’

2120 5614 2241 5668 ἀντὶ
2266 5617 2472 5669 τούτων
2508 5615 2676 5687 ἐτέθη·
2719 5616 2788 5685 ιγ’
2828 5633 2955 5686 κεφ.
2996 5616 3096 5688 τῆς
3128 5616 3234 5687 ρλδ¹
3262 5618 3483 5688 νεαρᾶς.
3518 5613 3680 5677 Ὅπερ

2122 5708 2239 5762 ἔστι
2268 5726 2396 5778 κεφ.
2424 5708 2464 5763 δ’
2483 5709 2578 5764 τοῦ
2602 5708 2646 5775 ζ’
2676 5710 2783 5765 τίτ.
2839 5710 2933 5765 τοῦ
2968 5712 3052 5785 κη’
3100 5710 3304 5783 βιϐλίου
3354 5700 3682 5775 ἰσοδυναμοῦν

2120 5804 2185 5874 τῇ
2223 5803 2532 5875 ριξ“νεαρᾷ.
2578 5804 2643 5858 Ἢ
2672 5805 2964 5877 νομοθεσία
2992 5805 3089 5861 τοῦ
3118 5805 3380 5878 βασιλέως
3415 5797 3674 5858 Ἰουστίνου
