3702 6240
58 230 180 293 1193
1025 231 1514 296 NOMOCANON.

1868 239 2022 315 K111,
2066 243 2224 305 CAP.
2265 247 2313 306 V
3197 246 3330 312 1194

51 345 156 398 ἐστὶ
177 341 338 414 νεαρά
381 340 814 404 Ἰουστινιάνειος
835 342 945 413 pta‘,
974 343 1099 415 ἥτις
1131 344 1254 398 οὐδὲ
1282 345 1420 408 ὅλως
1449 347 1508 398 ὲτ

1869 353 2020 406 ιιυ11ο
2051 355 2213 409 modo
2243 355 2300 410 in
2322 353 2510 425 ,Basil.
2547 357 2736 426 posita
2775 364 2883 412 est.
2939 355 3096 424 Quod
3143 370 3328 416 autem

49 438 119 499 εἰς
146 431 421 487 Βασιλικά.
449 431 558 486 Καὶ
595 431 656 486 τὸ
684 433 786 504 τὴν
819 432 1092 501 ἄπροικον
1120 438 1370 507 γαμετὴν
1402 436 1511 507 λαμ

1867 453 1971 500 tata
2033 435 2174 506 uxor
2225 464 2294 504 ex
2358 450 2704 504 maritalibus
2768 450 2946 515 bonis,
3037 468 3164 506 cum
3241 453 3329 509 ille

51 544 149 582 νειν
176 525 234 578 τὸ
258 526 354 596 τῆς
398 525 1010 596 ἁνδρώαςνπεριουσιας
1035 529 1100 581 ὲκ
1131 528 1226 583 τοῦ
1267 530 1479 598 ἀλόγως

1857 534 1946 608 nn]
1977 538 2113 592 citra
2150 540 2418 595 rationem
2447 541 2717 612 repudiat,
2745 543 3112 612 quadrantem
3147 547 3319 614 capit,

52 619 410 674 πουδιατεῦσαι
449 620 603 684 αὐτὸ,
639 620 807 690 μέρος
835 621 954 673 ἐστὶ
1000 623 1102 692 τῆς
1147 619 1252 694 ριζ¹
1283 624 1486 694 νεαρᾶς

1868 643 1956 683 ars
2022 632 2250 684 novellae
2307 631 2657 703 imperatoris
2706 633 3005 690 Justiniani
3065 637 3186 701 117,
3223 637 3327 694 sed

50 711 295 782 βασιλέως
334 711 738 768 Ἰουστινιανοῦ.
774 711 922 784 Πλὴν
957 714 1083 768 οὐδὲ
1125 714 1288 769 τοῦτο
1329 717 1490 789 ἐτέθη

1210 714 1288 769 ito
1329 717 1490 789 ἐτέθη
1527 718 1611 782 εἰς
1723 735 1903 791 neque
1931 721 2048 777 hare
2078 722 2133 777 in
2159 721 2328 782 Basil.
2365 728 2542 798 posita
2565 737 2672 782 est.

49 805 108 858 τὰ
135 803 399 875 βασιλικά.

108 897 402 966 Κείμενον.
448 895 717 955 Τοσοῦτον
761 897 818 950 δὲ
868 896 1150 953 ἀκώλυτον
1195 901 1346 954 ἐστιν
1402 902 1435 972 ἡ
1505 900 1570 954 τᾶ

1865 920 1938 958 us.
1966 902 2152 974 Usque
2181 906 2316 964 adeo
2348 918 2528 963 autem
2561 909 3060 976 matrimoniorum,
3090 920 3197 967 etc.
3233 929 3327 969 us-

46 990 220 1058 γάμων
247 989 507 1054 διάλυσις,
537 1007 591 1042 κ.
637 1007 688 1044 τ.
740 989 792 1045 λ.
856 1007 1033 1060 usque
1080 996 1149 1047 ad
1199 993 1508 1064 ἐπερωτηοε

1202 993 1619 1064 ἐπερωτηοεῖσα
1720 1011 1820 1065 que
1854 999 1923 1049 ad
1954 998 2106 1052 irrita
2139 1006 2243 1061 est,
2277 1011 2334 1053 ut
2361 1015 2482 1070 pag.
2520 1001 2664 1056 910.

45 1084 206 1153 ποινή.

108 1175 387 1231 Scliolium.
438 1174 558 1246 Dig.
618 1176 706 1239 18,
741 1178 822 1232 tit.
852 1179 902 1242 1,
949 1178 1042 1234 lib.
1088 1176 1205 1248 Dig.
1235 1193 1362 1240 ην,
1393 1188 1476 1232 est
1503 1192 1565 1230 ca

1860 1223 1861 1226 η
1896 1178 1947 1246 1,
1973 1180 2065 1234 lib.
2100 1191 2234 1235 mn
2285 1179 2454 1235 Basil.
2488 1181 2634 1252 quod
2657 1182 2740 1238 sic
2771 1183 2932 1240 habet
2973 1203 3008 1250 εν
3044 1185 3202 1240 Irrita
3236 1195 3322 1242 est

45 1271 372 1340 stipulatione
416 1272 714 1324 constituta
771 1285 954 1341 poma,
1001 1271 1047 1326 si
1096 1272 1257 1341 culpa
1303 1271 1534 1326 alterius
1581 1273 1878 1344 conjugum
1932 1274 2226 1328 divortium
2273 1273 2475 1331 factum
2537 1274 2732 1342 fuerit,
2779 1287 2838 1332 ut
2867 1295 2932 1332 ne
2980 1280 3322 1348 privatorum

46 1365 302 1420 hominum
347 1363 524 1433 pactis
567 1377 726 1431 poena
756 1364 973 1433 publica
1001 1365 1322 1435 perimatur.
1369 1365 1595 1431 Quaeras
1631 1364 1726 1420 lih.
1760 1381 1916 1431 xxnx,
1943 1367 2022 1421 tit.
2042 1366 2094 1433 5,
2129 1383 2252 1438 cap.
2284 1367 2340 1434 5,
2383 1380 2438 1422 et.
2487 1368 2573 1422 tit.
2602 1369 2656 1435 6,
2713 1371 2808 1424 lib.
2835 1387 2987 1436 xuii,
3012 1387 3133 1441 cap.
3159 1376 3214 1438 ‘2,
3269 1392 3328 1437 ει

43 1460 204 1513 thema
257 1456 312 1522 '5,
362 1471 484 1526 cap.
525 1454 618 1522 97,
657 1456 734 1509 tit.
769 1457 822 1518 1,
860 1457 956 1512 lib.
1001 1473 1160 1523 mn,
1211 1467 1265 1511 et
1313 1459 1491 1512 thema
1528 1459 1580 1524 1,
1617 1459 1740 1528 cap.
1784 1459 1888 1514 154
1919 1459 2161 1529 ejusdem
2191 1461 2288 1515 lib.
2325 1471 2380 1516 et
2427 1461 2533 1528 tit.,
2565 1472 2618 1517 et
2653 1463 2832 1517 thema
2868 1462 2924 1528 2,
2958 1480 3078 1536 cap.
3114 1467 3236 1533 121,
3266 1478 3323 1522 et

41 1552 162 1606 lib.n
193 1588 208 1612 ,
239 1550 320 1602 tit.
348 1547 406 1611 2.
441 1563 562 1618 cap.
590 1547 718 1611 245,
759 1559 814 1605 et
853 1549 946 1604 lib.
976 1565 1166 1614 xxvm,
1211 1550 1364 1615 tit.7,
1387 1565 1511 1621 cap.
1549 1551 1599 1614 7,
1626 1550 1679 1618 8,
1703 1551 1754 1606 9.
1784 1551 1988 1622 Digest.
2024 1551 2149 1618 154,
2176 1554 2259 1607 tit.
2294 1551 2347 1616 1,
2377 1553 2472 1608 lib.
2497 1568 2622 1607 XLV.
2661 1552 2860 1624 Digest.
2907 1563 2991 1608 est
3028 1571 3149 1628 cap.
3199 1556 3322 1635 154⁹

42 1645 113 1701 ιίι.
147 1642 303 1706 1,111).
337 1655 492 1696 xuii.
524 1640 685 1696 Basil.
720 1642 865 1711 quod
923 1642 1088 1696 habet
1131 1644 1594 1712 quemadmodum
1661 1646 1714 1698 in
1757 1655 1904 1700 textu
1967 1647 2230 1716 scriptum
2287 1655 2391 1702 est.
2434 1647 2720 1701 Chnmnus
2763 1645 2816 1700 in
2869 1647 3114 1716 margine
3165 1653 3326 1704 scim-

38 1737 155 1792 lium
207 1737 498 1806 ascripsit,
540 1738 682 1806 quod
734 1738 926 1806 paucis
963 1737 1150 1811 [illud]
1203 1752 1323 1807 cap.
1379 1737 1812 1806 interpretatur:
1862 1740 2128 1808 etdocet,
2183 1743 2405 1812 quando
2446 1743 2511 1797 de
2561 1742 2747 1799 futuro
2801 1747 3154 1800 matrimonio
3193 1759 3326 1800 con-

37 1830 234 1900 scriptae
269 1828 631 1901 obligationes
669 1826 968 1882 eilicaciam
1019 1827 1221 1882 habere
1279 1827 1544 1889 debeant,
1577 1837 1632 1880 et
1679 1828 1898 1897 quando
1924 1843 2054 1883 non.
2103 1827 2305 1884 Verum
2341 1838 2397 1885 tu
2440 1831 2515 1884 illi
2536 1832 2746 1887 scholio
2783 1849 2851 1888 ne
2881 1834 3324 1907 auscultaveris;

35 1923 115 1975 sed
135 1932 282 1977 notes
308 1936 377 1976 ex
428 1922 535 1976 hoc
573 1937 695 1990 cap.
744 1921 889 1994 quod
939 1921 1418 1974 matrimoniorum
1451 1921 1776 1990 obligatoria
1819 1921 2203 1988 instrumenta,
2255 1925 2300 1977 si
2343 1924 2565 1995 quidem
2629 1942 2659 1980 a
2706 1927 2839 1982 solis
2887 1926 3084 1982 futuris
3128 1929 3325 1995 conju-

33 2016 179 2086 gihus
221 2013 472 2070 confecta
519 2013 748 2082 fuerint,
794 2022 1062 2083 quantum
1101 2013 1168 2068 ad
1222 2029 1441 2083 poenam
1483 2013 1554 2068 ob
1603 2013 1819 2068 illorum
1880 2016 2373 2086 transgressionem
2409 2018 2767 2087 exigendam,
2831 2019 3066 2072 invalida
3140 2030 3270 2074 sunt
3308 2031 3322 2066 :

33 2111 218 2162 :ivero
246 2107 314 2161 ab
372 2107 484 2162 illis
511 2105 866 2176 quibuspiam
899 2106 1200 2160 efficaciam
1245 2105 1504 2171 habeant,
1555 2106 1681 2160 etsi
1712 2107 1870 2176 culpa
1917 2110 2320 2178 utriuscnnque
2385 2108 2696 2165 futurorum
2752 2111 3052 2183 conjugum
3129 2114 3326 2166 matri-

34 2202 253 2254 monium
293 2201 600 2270 perfectum
640 2215 747 2254 non
789 2197 975 2261 fuerit,
999 2198 1146 2253 abeo
1195 2197 1289 2268 qui
1343 2213 1404 2252 se
1439 2197 1784 2264 effecturum,
1814 2209 1872 2254 ut
1935 2200 2028 2254 ille
2075 2201 2485 2258 matrimonium
2539 2203 2708 2268 ineat,
2763 2204 3099 2273 promiserit,
3161 2219 3326 2274 poena

29 2295 278 2360 exigatur.
320 2293 555 2361 Quaeras
605 2295 771 2348 etiam
800 2291 1040 2346 Palaeum
1073 2289 1174 2364 [in]
1199 2308 1320 2362 cap.
1351 2295 1400 2360 1,
1437 2293 1586 2358 tit.1,
1621 2294 1714 2348 lib.
1762 2310 1932 2349 xxvm
1960 2339 1975 2363 ,
2003 2307 2058 2349 et
2091 2313 2213 2366 cap.
2247 2297 2384 2351 Met
2422 2299 2488 2352 15
2533 2298 2893 2376 ejusdemlib.
2929 2310 2982 2354 et
3011 2299 3092 2353 tit.
3133 2302 3322 2354 Const-

30 2393 78 2456 2,
109 2392 184 2445 tit.
210 2391 299 2456 58,
319 2391 418 2445 lib.
460 2406 553 2445 vnn
581 2390 705 2445 cod.
734 2398 822 2443 est
851 2403 974 2458 cap.
998 2388 1055 2453 2,
1075 2392 1156 2442 tit.
1184 2389 1238 2455 6,
1267 2389 1360 2446 lib.
1399 2405 1560 2457 mn,
1590 2391 1734 2459 quod
1772 2391 1934 2446 habet
1961 2402 2019 2446 ut
2041 2393 2092 2447 in
2125 2403 2274 2448 textu
2319 2395 2585 2464 scriptum
2613 2405 2716 2450 est.
2748 2396 2926 2464 Atque
2970 2398 3024 2450 in
3053 2397 3136 2451 his
3169 2396 3322 2468 [qni-

33 2481 166 2554 dem]
191 2482 372 2538 civilis
423 2482 510 2537 lex
597 2479 909 2554 [vertitur.]
959 2477 1116 2534 Scias
1162 2496 1292 2534 vero
1315 2483 1459 2551 quod
1512 2497 1892 2550 saepenumero
1927 2483 2222 2553 quaesitum
2276 2485 2366 2549 sit,
2426 2500 2496 2539 an
2540 2487 2632 2556 qui
2682 2487 2995 2541 istiusmodi
3041 2487 3319 2555 obligato-

39 2577 112 2629 ria
148 2577 212 2630 de
247 2576 458 2644 nuptiis
507 2575 898 2642 instrumenta,
951 2575 1242 2628 autetiam
1274 2573 1329 2628 in
1383 2573 1617 2628 infirmis
1665 2575 2053 2643 sponsalibus,
2111 2576 2385 2645 nuptiales
2437 2579 2719 2646 pactiones
2765 2594 2889 2632 cum
2942 2581 3170 2633 muliere
3213 2579 3316 2633 ali-

37 2684 135 2736 qua
164 2667 510 2738 interposuit,
566 2676 856 2738 postquam
899 2667 1220 2742 obligatoria
1251 2665 1637 2731 instrumenta,
1684 2667 1768 2721 vel
1811 2678 2008 2738 praeter
2053 2667 2144 2738 jns
2195 2667 2378 2740 [inita]
2452 2670 2732 2739 sponsalia
2773 2671 3102 2741 reprobarit,
3152 2672 3313 2726 aliam

38 2773 242 2812 uxorem
283 2758 523 2821 ducere,
580 2764 675 2810 aut
730 2756 786 2810 in
837 2756 1139 2827 presbyteri
1189 2764 1395 2811 statum
1454 2756 1610 2810 evehi
1663 2758 1858 2825 possit.
1893 2759 1972 2812 Tu
2006 2758 2317 2829 igiturdie,
2369 2761 2514 2828 quod
2567 2761 2612 2814 si
2671 2779 2928 2832 persona,
2977 2781 3100 2834 qua:
3137 2768 3185 2817 ei
3219 2768 3316 2834 qni

33 2849 272 2904 sacerdos
323 2850 440 2903 ﬁeri
484 2849 620 2914 vult,
685 2848 958 2920 desponsa
1009 2858 1113 2914 est,
1168 2858 1416 2920 tempore
1461 2852 1866 2926 reprobatiouis
1917 2853 2411 2908 instrumentorum
2459 2864 2675 2909 sextum
2730 2873 2935 2911 annum
2993 2861 3316 2920 excesserit,

38 2957 132 2995 non
159 2945 504 3012 permittetur
554 2946 603 3000 ei
635 2946 727 3015 qui
773 2945 1141 3000 instrumenta
1194 2945 1278 2998 vel
1320 2959 1348 2997 a
1402 2945 1517 3015 lege
1552 2960 1662 3000 non
1708 2948 2034 3001 contirmata
2085 2949 2363 3020 sponsalia
2401 2948 2753 3019 interposuit,
2793 2962 2852 3006 ut
2885 2953 3041 3008 alteri
3099 2953 3317 3008 mulieri

36 3037 411 3109 coniungatur,
463 3048 560 3092 aut
613 3038 694 3094 sic
743 3037 1002 3092 sacerdos
1043 3036 1170 3102 ﬁat,
1225 3045 1487 3107 tanquam
1556 3039 1644 3093 bis
1718 3040 2128 3094 matrimonium
2233 3041 2582 3097 contraxisse
2671 3054 2955 3113 reputctur
3038 3063 3053 3111 ;
3120 3044 3324 3117 [idque

35 3139 238 3198 propter
279 3129 803 3200 concupiscentiam,
851 3135 906 3182 et
955 3128 1100 3200 quod
1154 3129 1347 3181 mulier
1393 3132 1602 3184 amoris
1663 3146 1835 3200 capax
1864 3131 1956 3185 sit.
1994 3130 2049 3185 Si
2085 3147 2212 3188 vero
2242 3147 2368 3186 cum
2394 3141 2550 3206 pacta
2592 3135 3036 3204 reprobarcntur,
3089 3153 3323 3208 persona

37 3222 116 3276 illa
172 3239 261 3279 sex
295 3225 455 3279 annis
486 3223 669 3277 minor
736 3221 946 3276 fuerit:
992 3221 1224 3276 firmiter
1272 3222 1396 3276 talis
1476 3223 1632 3277 alteri
1687 3224 1906 3278 mulieri
1956 3224 2361 3295 conjungatnr,
2409 3233 2504 3277 aut
2551 3239 2616 3278 ex
2665 3241 2730 3279 eo
2772 3238 3018 3298 tempore
3061 3235 3321 3288 sacerdos

36 3316 137 3373 fiat.
163 3321 390 3374 Astruas
422 3332 554 3372 vero
587 3317 704 3371 haec
732 3315 898 3370 etiam
932 3329 999 3369 ex
1031 3313 1244 3368 novella
1298 3313 1640 3385 legislatione
1689 3317 2041 3386 imperatoris
2090 3318 2276 3372 domni
2331 3318 2508 3374 Alexii
2558 3320 2863 3387 Connieni,
2913 3337 3035 3390 quae
3077 3324 3322 3393 legitima

37 3411 294 3481 sponsalia
344 3407 661 3464 insolubilia
687 3421 814 3462 esse
869 3404 1062 3460 statuit
1098 3422 1113 3458 :
1153 3412 1208 3458 et
1248 3403 1431 3472 jubet,
1479 3414 1537 3457 ut
1580 3405 1627 3458 si
1678 3407 1979 3474 Sponsalia,
2016 3415 2278 3476 tanquam
2310 3407 2570 3478 legitimis
2617 3411 2957 3479 temporibus
3001 3429 3109 3468 non
3152 3413 3320 3477 facta,

36 3505 157 3558 solvi
193 3503 499 3573 contingat,
553 3499 870 3554 facultatem
910 3513 1017 3552 non
1048 3495 1306 3562 [habeant
1353 3509 1596 3566 cognata:
1651 3513 1880 3560 eorum,
1933 3499 2025 3570 qui
2064 3499 2488 3557 adversantibus
2525 3502 2738 3570 legibus
2777 3503 2829 3557 in
2863 3504 3102 3576 conjugii
3146 3508 3324 3562 socie-

36 3606 186 3652 tatem
234 3594 518 3666 conjuncti
580 3591 834 3656 fuerant,
886 3591 1175 3660 prohibita:
1225 3604 1496 3662 personae,
1556 3601 1614 3644 ut
1664 3589 1812 3663 [cum
1848 3591 1976 3664 illis]
2015 3593 2443 3663 conjungantur.
2497 3593 2672 3662 Quam
2721 3594 2990 3668 [quidem]
3046 3599 3318 3654 novellam

34 3705 144 3759 cap.
164 3691 199 3744 2
219 3689 508 3759 praesentis
541 3686 681 3741 tituli
709 3685 972 3740 insertam
1010 3685 1174 3739 etiam
1211 3684 1379 3754 legas.

100 3785 348 3837 KE'MA.
385 3779 466 3835 E'.
497 3808 568 3820 -—
614 3783 755 3850 Περι
801 3782 1111 3846 πορνείας,
1161 3776 1461 3846 μοιχείας,
1519 3793 1562 3830 2a

1850 3779 1954 3835 AP.
1995 3778 2056 3835 γ.
2077 3810 2148 3821 -
2179 3777 2257 3834 De
2284 3779 2664 3850 fornicatione,
2697 3780 2986 3846 adulterio,
3049 3794 3234 3855 stupro
3261 3798 3312 3844 et

34 3874 266 3944 φθορᾶς.
315 3875 420 3929 καὶ
479 3874 944 3942 ἀρῤενοκοιτιάς.
1721 3874 2095 3942 ρωάίεαιὶοηε.

110 3970 450 4023 ’Δποστόλων
476 3966 658 4020 κανὼν
696 3967 803 4032 ea."
859 3966 1077 4020 συνόδου
1126 3964 1402 4036 Ἀγκύρας
1437 3963 1572 4020 κοινὰ

1854 3969 2188 4037 postolorum
2221 3983 2401 4026 canon
2420 3969 2481 4021 61
2523 3986 2538 4034 ;
2563 3968 2782 4022 concilii
2805 3969 3118 4041 Ancryrani
3136 3990 3316 4028 ration

34 4067 108 4128 η’·
140 4063 356 4115 συνόδου
407 4059 843 4130 Νεοκαισαρείας
889 4057 1073 4111 κανὼν
1122 4054 1205 4127 η’·
1263 4057 1484 4110 συνόδου

1856 4061 2041 4115 oncilii
2083 4059 2557 4114 Neocmsaricnsis
2599 4061 2871 4127 canon8;
2916 4065 3134 4118 concilii
3176 4069 3318 4120 sexti

35 4153 202 4208 κανὼν
229 4153 356 4220 πς·’,
409 4151 533 4217 ’κζ’-
591 4152 875 4205 Βασιλείου
923 4149 1104 4204 κανὼν
1159 4147 1228 4213 ζ’,
1256 4155 1328 4220 η’,
1369 4155 1473 4214 καθ,

1853 4170 1900 4206 ιη
1936 4152 2027 4216 86,
2065 4153 2168 4218 87;
2200 4151 2386 4204 Basilii
2424 4167 2600 4205 canon
2637 4154 2689 4216 7,
2731 4153 2814 4215 18,
2849 4155 2943 4218 21,
2978 4155 3070 4221 9.2,
3094 4157 3188 4218 25,
3224 4158 3315 4218 ‘26,

37 4243 124 4309 κε’,
157 4247 269 4323 ειςκ
296 4245 362 4313 λ’,
387 4245 486 4311 λδ’,
513 4243 611 4311 λζ’,
649 4244 758 4316 μθ’,
787 4251 894 4315 νι,’,
918 4246 1017 4308 νθ¹.
1057 4241 1156 4313 ξβ’,
1189 4241 1284 4305 οξν.
1314 4242 1495 4312 Γρηγο

1877 4245 1927 4308 4,
1957 4245 2044 4307 57,
2073 4246 2160 4309 59,
2195 4245 2286 4311 tt,
2315 4243 2405 4308 58,
2426 4243 2518 4307 59,
2547 4243 2640 4307 os,
2674 4245 2763 4299 77.
2801 4244 3050 4314 Gregorii
3080 4233 3339 4318 Nysseni

37 4338 242 4411 Νύσσης
266 4339 448 4394 κανὼν
477 4338 524 4407 γ’
544 4380 557 4392 .

522 4338 557 4392 ’.
1722 4356 1898 4394 camm
1931 4341 1984 4394 5.

121 4433 430 4501 ΚεΙμενον.
458 4432 594 4501 Περὶ
619 4430 846 4502 φθορᾶς,
874 4429 1146 4500 μοιχείας,
1175 4429 1269 4483 καὶ
1301 4429 1583 4499 ἁρῤενοκοι

1856 4443 2018 4486 artus.
2051 4431 2128 4486 Dc
2155 4442 2368 4502 stupro,
2409 4431 2677 4486 adulterio
2707 4441 2838 4499 etc.,
2867 4449 3027 4504 usque
3060 4435 3128 4489 ad
3161 4436 3318 4492 insti-

34 4523 143 4586 τὶας
179 4543 233 4582 κ.
263 4544 315 4580 τ.
353 4527 404 4588 Ἀ
445 4541 622 4596 usque
650 4525 740 4590 ad,
772 4525 865 4577 καὶ
904 4523 1227 4594 μνηστείας,
1261 4523 1356 4575 καί
1403 4519 1496 4573 παῖ

904 4523 1227 4594 μνηστείας,
1261 4523 1356 4575 καί
1403 4519 1614 4573 παλλα-
1729 4538 1936 4590 tnatnr,
1972 4539 2028 4580 ut
2061 4544 2184 4598 pag.
2217 4526 2341 4582 915.

35 4634 243 4686 κισμου.

101 4708 388 4766 Schotium.
431 4713 540 4766 Tit.
597 4711 652 4775 9,
687 4711 780 4764 lib.
832 4725 884 4764 ix
920 4709 1058 4764 Cod.
1105 4707 1318 4778 positus
1363 4715 1447 4760 cst
1494 4706 1547 4758 in
1589 4719 1709 4770 cap.
1755 4699 1819 4754 47
1859 4699 1941 4752 tit.
1993 4697 2064 4751 57
2124 4695 2218 4749 111).
2264 4693 2432 4748 BaSil-
2479 4711 2566 4760 LX.
2608 4705 2662 4747 Cl
2717 4695 2800 4749 ιῖιο
2864 4695 2897 4749 5
2977 4697 3071 4751 ΠΙ).
3107 4695 3311 4768 01808!-

36 4818 189 4860 XLVIII
225 4809 438 4876 positus
503 4817 591 4862 est
660 4807 715 4861 in
769 4822 888 4875 cap.
955 4805 989 4858 5
1037 4805 1120 4859 tit.
1173 4804 1238 4858 '57
1295 4803 1542 4871 ejusdem
1591 4816 1661 4854 1.x
1716 4797 1862 4852 libri.
1906 4795 2082 4864 Cujus
2124 4794 2207 4847 tit.
2266 4791 2481 4846 diversa
2535 4807 2656 4860 cap.
2727 4793 2914 4860 legas,
2967 4810 3088 4860 quae
3147 4793 3315 4847 multa

35 4895 332 4955 istiusmodi
393 4904 618 4966 docent,
673 4901 983 4970 cnjnsmodi
1025 4898 1415 4970 compendiose
1467 4906 1595 4950 sunt
1657 4891 1954 4963 proposita.
2012 4886 2217 4942 Verum
2290 4887 2434 4956 quod
2492 4886 2761 4950 adulteri,
2819 4887 3161 4956 pmdicones,
3220 4897 3316 4940 aut

35 5000 361 5060 stupratores
399 4995 617 5064 capitali
663 4995 935 5062 supplicio
980 4993 1319 5056 adiciantur,
1374 5009 1481 5044 non
1525 4998 1609 5045 est
1655 4989 1890 5058 positum
1936 4983 1988 5036 in
2051 4980 2244 5042 Basil.,
2291 4978 2386 5034 sed
2440 4978 2506 5032 75
2556 4995 2677 5048 cap.
2733 4978 2864 5031 dicti
2926 4978 2992 5028 57
3056 4978 3138 5031 tit.
3187 4979 3310 5040 ait,

35 5083 268 5139 Adnlteri
332 5087 599 5143 verberati
657 5096 711 5140 et
783 5083 922 5138 tonsi
989 5085 1211 5139 naribus
1262 5084 1626 5136 mutilantor:
1695 5077 1788 5148 qui
1855 5090 1982 5129 vero
2043 5069 2364 5125 internuntii
2418 5079 2582 5138 atque
2648 5067 2956 5121 administri
3023 5067 3076 5120 in
3148 5069 3316 5138 impio

37 5174 123 5227 illo
192 5180 400 5234 scelere
465 5180 708 5242 fuerint,
771 5179 1040 5234 verberati
1108 5189 1162 5231 et
1218 5177 1362 5232 tonsi
1422 5177 1474 5229 in
1535 5183 1854 5244 perpetuum
1896 5166 2146 5220 exsiliunt
2187 5164 2498 5217 mittuntor.
2547 5159 2767 5214 Novella
2829 5168 3011 5212 autem
3071 5159 3312 5229 impera-

37 5270 162 5323 turis
220 5271 515 5328 Iustiniani
564 5274 690 5338 154,
728 5274 842 5328 sive
890 5274 1009 5342 ejus
1087 5272 1156 5326 12
1208 5287 1327 5340 cap.
1382 5269 1529 5340 quod
1581 5268 1632 5320 in
1678 5266 1760 5318 tit.
1818 5263 1847 5316 7
1913 5260 2005 5315 lib.
2066 5273 2237 5312 xxvm
2303 5255 2538 5326 positum
2586 5263 2687 5316 est,
2742 5251 2884 5306 circa
2938 5252 3152 5306 initium
3203 5255 3320 5307 lucc.

37 5367 208 5419 dicit:
246 5365 303 5419 Si
331 5368 400 5422 de
445 5369 711 5422 adulterio
753 5366 981 5418 inuritus
1024 5372 1175 5433 putet
1204 5378 1362 5416 suam
1405 5360 1656 5413 convinci
1715 5371 1877 5425 posse
1919 5366 2178 5412 uxorem,
2223 5346 2501 5406 coiivenit,
2545 5353 2603 5397 ut
2648 5343 2876 5397 maritus
2927 5360 2957 5412 p
2995 5344 3079 5397 ius
3126 5356 3318 5400 contra

39 5474 288 5525 uxorem,
335 5469 431 5514 ant
474 5461 635 5513 etiam
694 5459 1000 5513 adulterum
1047 5459 1098 5510 in
1145 5456 1352 5509 crimen
1411 5453 1742 5506 subscribal.
1790 5447 1854 5500 lit
1898 5446 1942 5500 si
1997 5443 2214 5513 quidem
2273 5437 2524 5493 adulterii
2581 5437 2786 5490 crimen
2854 5436 3144 5493 manifeste
3190 5456 3316 5508 pro-

41 5553 218 5607 batum
294 5553 494 5620 fuerit,
550 5563 680 5608 tunc
738 5552 1067 5606 transmisso
1115 5550 1298 5602 libello
1369 5545 1608 5616 repudii,
1667 5543 1947 5612 jubemus,
1983 5547 2042 5589 nt
2093 5534 2198 5588 illze
2266 5547 2437 5601 poena:
2495 5528 2942 5631 delinquentibus
2997 5532 3317 5631 -it'l'"39"‘"_'f

42 5661 169 5712 quas
223 5646 589 5717 przcscribnnt
640 5645 785 5711 leges
843 5663 855 5696 :
911 5644 1016 5698 illis
1063 5657 1284 5711 quoque
1351 5640 1622 5710 legitimas
1687 5629 2086 5688 Sustiimnilms
2127 5639 2350 5698 poenas.
2415 5623 2506 5692 tl"i
2578 5622 2797 5691 (ιυίιιοηι
2856 5624 2936 5710 “'1
2997 5623 3315 5681 ί¹¹¹ί¹¹Ἰ¹η¹¹ίίί

42 5741 370 5796 ulministri
408 5750 516 5792 tam
570 5739 736 5807 ἰιιηιίυ
788 5738 1003 5791 crimini
1057 5736 1403 5790 ρλδιὶιιιιυιιῑ.
1459 5725 1776 5802 [Praeterea]
1825 5726 1890 5782 de
1937 5722 2242 5780 substantia
2279 5719 2530 5784 adulteri,
2589 5717 2634 5772 si
2687 5731 2912 5772 uxorem
2968 5718 3184 5785 habent,
3222 5722 3322 5779 dos

379 5840 644 5896 1ATllOL.
681 5837 797 5895 (in.
841 5835 909 5896 tll
929 5836 996 5893 κ’.

2895 5812 2967 5835 (\(\

2891 5841 2967 5871 υ.)
