3928 6246
351 258 492 326 1195
1492 268 1755 328 ΡΗΟΤΙΙ
1795 266 2304 329 ΡΑΤΒΙΑΒΟΙΙίΕ
2343 266 2454 328 CP.
3503 254 3642 322 1196

344 381 394 434 ei
442 382 772 453 doiiatiane
821 394 947 437 ante
1023 382 1241 452 nuptias
1317 393 1718 436 conservetur:
1783 390 1874 434 aut
1943 380 1989 435 si
2055 379 2258 434 dotalia
2323 377 2690 433 instrumenta
2744 372 2905 448 [non]
2964 375 3402 436 intervenerunt,
3461 374 3644 444 portio

345 494 470 547 quae
536 489 724 534 nostra
805 478 1049 534 defertur
1113 478 1249 549 lege.
1322 478 1607 550 Reliquam
1688 481 1808 550 ejus
1891 477 2253 534 substantiam
2323 475 2722 532 descendentes
2793 479 2888 526 aut
2970 470 3330 526 ascendentes
3388 460 3640 539 (si'qui

344 574 504 638 sunt)
552 586 723 641 usque
760 571 826 624 ad
879 571 1097 625 tertium
1143 569 1396 638 gradum,
1443 571 1662 640 capiant
1695 571 1898 625 secund

2047 569 2271 622 ordines
2315 576 2370 622 et
2408 565 2611 638 gradus
2653 579 2804 620 suos.
2844 561 2901 618 Si
2934 561 3064 617 nulli
3103 561 3412 630 bujusmodi
3438 577 3555 630 Sttpt
3581 577 3639 612 r-

345 663 477 728 sint,
511 661 643 716 ﬁsco
699 662 815 715 haec
857 661 1032 717 addici
1069 661 1347 728 jubemns.
1415 660 1608 716 Mulier
1663 676 1792 716 vero
1826 675 1948 730 qua:
2003 658 2333 714 adulterium
2389 657 2700 722 commisit,
2753 657 3191 725 competentibus
3240 655 3455 710 subdita
3519 670 3645 723 pue-

342 756 454 816 nis,
489 756 542 808 in
595 755 1380 825 monasteriumconjiciatur:
1413 763 1468 810 et
1501 754 1626 828 [sic]
1663 756 1953 827 deinceps,
2012 771 2136 826 quae
2185 755 2496 825 patriarcha
2547 753 2603 808 in
2659 751 3046 822 compendium
3102 750 3397 805 contraxit.
3461 749 3641 816 Legas

346 843 521 917 [vero]
557 845 723 899 etiam
785 847 1054 900 novellam
1089 846 1434 915 imperatoris
1481 847 1668 900 domui
1745 847 1948 902 Leonis
2013 845 2327 917 philosophi
2384 845 2475 906 52,
2517 859 2640 914 quae
2678 843 2807 912 quid
2854 842 3102 898 adultero
3127 851 3180 897 et
3223 843 3486 896 adulterae
3518 842 3640 896 fieri

344 935 556 1000 debeat,
587 937 798 990 statuit.
831 936 1066 992 Proinde
1095 940 1160 992 de
1200 938 1410 993 incestu
1440 953 1560 1007 cap.
1597 939 1663 993 76
1704 937 1787 994 tit.
1820 938 1889 994 57
1948 938 2041 994 lib.
2093 955 2184 1001 ιχ,
2239 939 2353 992 haec
2428 936 2562 992 dicit
2595 954 2608 990 :
2658 935 2877 999 Incesti,
2936 934 3051 990 sive
3083 943 3334 1000 parentes
3392 948 3517 988 cum
3568 932 3641 986 li-

345 1030 511 1096 beris,
546 1031 659 1084 sive
695 1031 848 1085 liberi
881 1047 1004 1086 cum
1039 1032 1378 1101 parentibus,
1435 1033 1549 1087 sive
1576 1031 1774 1088 fratres
1807 1048 1933 1087 cum
1999 1031 2282 1088 sororibus
2326 1028 2410 1102 [se
2461 1025 2914 1098 connuisceant],
2946 1026 3127 1098 gladio
3164 1027 3484 1097 puniuntor.
3531 1023 3641 1092 Qui

348 1139 476 1178 vero
519 1126 574 1177 in
621 1123 727 1177 alia
763 1123 1086 1193 cognatione
1118 1139 1176 1178 se
1221 1124 1452 1179 invicem
1483 1124 1824 1192 incestarint,
1870 1134 1998 1196 puta
2064 1133 2218 1194 pater
2255 1131 2308 1178 et
2335 1122 2432 1176 lilii
2474 1137 2634 1186 uxor,
2666 1129 2762 1175 aut
2804 1121 2948 1175 filius
3007 1130 3062 1174 et
3119 1120 3290 1190 patris
3327 1135 3467 1175 uxor
3520 1121 3641 1175 sive

345 1231 602 1280 noverca,
654 1225 750 1270 aut
800 1216 1024 1271 vitricus
1077 1226 1138 1271 et.
1177 1215 1455 1286 privigna,
1501 1226 1594 1271 aut
1639 1216 1806 1272 frater
1839 1227 1893 1272 et
1942 1217 2130 1272 fratris
2167 1231 2328 1281 uxor,
2359 1225 2453 1270 aut
2485 1225 2713 1284 patruus
2761 1224 2817 1269 et
2864 1229 2927 1268 ex
2975 1211 3145 1268 fratre
3203 1213 3398 1283 neptis,
3437 1223 3533 1268 aut
3564 1228 3634 1266 ex

342 1312 513 1364 fratre
563 1324 731 1378 nepos
772 1317 825 1364 et
874 1309 1074 1374 amita,
1121 1318 1216 1363 aut
1259 1309 1600 1384 [extraneus]
1633 1318 1698 1382 ;et
1741 1314 1862 1367 dure
1919 1327 2159 1376 sorores,
2195 1321 2290 1365 aut
2329 1307 2670 1384 [extr-ancus]
2721 1318 2776 1363 et
2820 1315 2995 1363 mater
3031 1323 3139 1363 una
3186 1323 3312 1362 cum
3367 1307 3476 1362 tilia
3513 1325 3526 1362 :
3577 1303 3639 1361 hi

341 1413 394 1456 et
459 1417 640 1456 mares
693 1409 747 1456 et
803 1402 1022 1458 femina:
1072 1403 1139 1472 (si
1172 1401 1440 1476 [quidem]
1499 1407 1736 1462 scientes
1783 1405 1948 1479 [sese]
2002 1405 2469 1474 commiscuerint)
2526 1401 2794 1458 verberati
2860 1401 3087 1456 naribus
3139 1401 3480 1457 mutilantor.
3541 1401 3635 1458 Si-

344 1495 548 1550 utiliter
596 1493 860 1562 etianr77
896 1497 1170 1566 cap.dicit
1205 1515 1217 1551 :
1253 1497 1308 1551 Si
1359 1500 1631 1567 patrueles
1683 1500 1946 1554 horumve
2016 1498 2217 1563 liberi,
2261 1513 2360 1552 nec
2395 1497 2536 1552 ultra
2587 1495 2754 1568 [inter
2804 1493 2972 1567 sese],
3025 1494 3109 1550 vel
3163 1501 3320 1563 pater
3374 1504 3431 1550 et
3487 1494 3638 1548 ﬁlius

340 1607 466 1646 cum
519 1600 690 1646 matre
739 1599 794 1646 et
827 1591 970 1656 ﬁlia,
1026 1594 1108 1647 vel
1149 1593 1259 1648 duo
1311 1593 1505 1650 fratres
1560 1610 1686 1650 cum
1736 1595 1951 1650 duabus
1982 1595 2286 1660 sororibus,
2327 1593 2410 1648 vel
2451 1594 2561 1648 duo
2607 1593 2804 1648 fratres
2858 1606 2983 1645 cum
3033 1598 3207 1645 matre
3257 1596 3312 1645 et
3367 1587 3499 1656 tilia,
3549 1584 3641 1642 vel

340 1701 405 1741 ex
437 1685 605 1741 fratre
652 1700 824 1756 nepos
867 1701 991 1741 cum
1042 1687 1226 1756 patrui
1291 1687 1375 1742 sui
1417 1690 1694 1757 quondam
1730 1704 1920 1755 uxore,
1984 1689 2336 1743 matrimonio
2381 1683 3110 1757 conjnugantur,alioquive
3152 1682 3449 1738 carnaliter
3483 1697 3639 1737 com-

339 1778 606 1831 mercium
679 1776 956 1841 habeant,
1031 1793 1196 1848 supra
1253 1781 1652 1849 separationem
1728 1783 2100 1837 verberantur.
2155 1780 2298 1854 [Et]
2331 1797 2453 1851 cap.
2503 1779 2572 1835 78
2626 1780 2742 1833 ait:
2780 1776 2885 1844 Qui
2944 1793 3071 1833 cum
3126 1778 3447 1845 monachis,
3520 1779 3635 1834 dia-

339 1869 614 1934 conissis,
680 1881 775 1924 aut
840 1872 1088 1925 ascelriis
1150 1871 1431 1925 libidinem
1499 1883 1786 1939 exercent,
1839 1881 2101 1942 tanquam
2159 1874 2254 1943 qui
2316 1871 2616 1927 Ecclesiam
2679 1885 2940 1941 spottsam
2991 1869 3191 1924 Christi
3231 1870 3631 1940 coinquinent,

338 1968 394 2012 et
425 1957 529 2026 ipsi
578 1968 632 2013 et
688 1975 810 2028 qua:
839 1974 963 2013 cum
1004 1959 1138 2028 ipsis
1192 1975 1251 2014 se
1301 1961 1710 2025 contaminant,
1768 1961 1993 2017 naribus
2038 1963 2375 2017 mutilantur.
2412 1960 2546 2031 Cap.
2580 1969 2758 2015 autem
2795 1959 2862 2016 79
2891 1975 2902 2010 :
2932 1958 3038 2026 Qui
3068 2000 3084 2026 ,
3114 1959 3313 2030 inquit,
3339 1976 3464 2016 cum
3497 1976 3636 2016 con-

339 2051 537 2102 cubina
588 2050 682 2104 ﬁlll
717 2050 801 2104 sui
836 2062 924 2104 ant
969 2050 1307 2104 matrimonii
1352 2061 1618 2121 praztextn
1668 2051 1771 2125 [se]
1818 2052 2158 2114 commiscet,
2219 2061 2314 2107 aut
2354 2051 2559 2123 alioqui
2623 2051 2762 2107 clam
2819 2051 3212 2106 commercium
3275 2052 3472 2117 habet,
3521 2070 3634 2108 una

338 2158 461 2195 cum
517 2143 632 2211 ipsa
673 2141 899 2197 naribus
943 2143 1222 2212 mutilator
1257 2163 1270 2198 :
1307 2155 1366 2196 ut
1400 2152 1582 2198 tamen
1618 2147 1770 2215 prius
1811 2161 1842 2200 a
1873 2160 1930 2200 se
1963 2146 2194 2201 invicem
2235 2155 2589 2216 separentur.
2645 2142 2845 2197 Verum
2901 2145 2948 2199 si
2989 2159 3114 2200 cum
3176 2144 3270 2198 filii
3320 2146 3633 2201 concubina

338 2235 591 2288 maritate
637 2234 689 2288 id
743 2244 1033 2304 perpetret,
1087 2251 1248 2305 pcena
1291 2237 1485 2291 eodem
1533 2236 1697 2292 modo
1747 2237 2054 2307 procedito,
2113 2249 2278 2310 atque
2329 2235 2486 2309 [illi]
2541 2237 2768 2308 insuper
2820 2235 3197 2292 verberantur.
3233 2235 3410 2308 Legas
3465 2239 3632 2294 etiam

336 2327 369 2382 6
423 2328 605 2382 thema
662 2343 786 2398 cap.
844 2326 911 2380 10
963 2327 1044 2381 tit.
1104 2327 1138 2381 5
1180 2329 1273 2381 lib.
1315 2327 1483 2382 Basil.
1518 2344 1687 2384 xxvnt
1718 2329 1862 2398 quod
1901 2330 2025 2384 ait:
2065 2329 2480 2399 Quivirginem
2543 2337 2639 2384 aut
2703 2328 2923 2383 viduam
2971 2326 3175 2397 rapuit,
3233 2326 3376 2382 hanc
3449 2345 3634 2399 neque

333 2419 712 2474 consentiente
764 2418 937 2488 ipsius
989 2427 1143 2488 patre
1195 2434 1260 2474 ac
1292 2420 1549 2476 delictum
1603 2423 1971 2487 condonante,
2041 2421 2246 2477 ducere
2293 2436 2520 2478 uxorem
2583 2429 2783 2492 potest.
2829 2420 3100 2476 Caeterum
3165 2421 3259 2490 qui
3308 2421 3376 2476 de
3433 2433 3631 2479 sancto

332 2513 660 2583 baptismate
721 2511 960 2580 aliquam
1021 2511 1302 2582 suscepit,
1366 2529 1476 2568 non
1537 2521 1718 2584 potest
1772 2514 1949 2585 ipsam
2002 2515 2352 2586 postmodum
2420 2514 2475 2568 in
2531 2513 2943 2569 matrimonium
3012 2528 3353 2570 assumere:
3422 2517 3629 2585 quippe

329 2619 452 2672 quae
500 2612 758 2672 tanquam
796 2602 967 2672 ipsius
1034 2601 1142 2655 lilia
1200 2601 1345 2657 facta
1403 2602 1521 2657 sit:
1561 2620 1738 2674 neque
1763 2603 1940 2677 [item]
2008 2604 2129 2675 ejus
2171 2613 2399 2659 matrem
2449 2613 2543 2659 aut
2572 2604 2738 2658 tiliam
2775 2623 2789 2658 :
2821 2606 2954 2675 quin
3008 2619 3186 2674 neque
3233 2605 3408 2674 ipsius
3454 2606 3625 2661 filius.

329 2695 785 2766 Quandoquidem
841 2695 976 2749 nihil
1027 2695 1174 2751 aliud
1209 2696 1434 2766 perinde
1485 2706 1770 2766 paternum
1825 2699 2076 2754 affectum
2114 2699 2435 2769 justumque
2527 2697 2864 2752 matrimonii
2922 2696 3371 2767 impedimentum
3439 2699 3622 2753 intro-

327 2795 530 2846 ducere
576 2799 791 2861 potest,
853 2798 1018 2858 atque
1073 2791 1176 2846 hoc
1226 2792 1545 2857 vinculum,
1598 2809 1709 2864 quo
1766 2793 1964 2849 animae
2019 2792 2264 2864 ipsorum
2309 2792 2586 2848 mediante
2626 2792 2737 2847 Deo
2791 2789 3127 2846 coalescunt.
3179 2789 3318 2862 Lege
3369 2791 3622 2862 ejusdem

327 2885 422 2939 lib.
458 2893 514 2938 et
561 2883 646 2937 tit.
677 2898 795 2952 cap.
842 2883 896 2948 5,
930 2885 1108 2938 thema
1153 2884 1188 2937 2
1221 2895 1274 2939 et
1309 2885 1362 2949 3,
1387 2895 1439 2939 et
1486 2901 1606 2956 cap.
1659 2888 1718 2941 ll
1749 2929 1763 2952 ,
1804 2897 1859 2942 et
1907 2888 2001 2946 lib.
2050 2903 2148 2952 vit,
2206 2889 2289 2942 tit.
2341 2887 2396 2953 8,
2435 2901 2556 2957 cap.
2608 2885 2663 2951 4,
2728 2893 2784 2940 et
2833 2885 2928 2940 lib.
2979 2899 3122 2950 ην,
3177 2883 3260 2938 tit.
3300 2884 3355 2945 2.
3410 2900 3531 2956 cap.
3563 2886 3623 2954 6,

330 2977 511 3030 thema
567 2976 620 3042 5,
673 2987 885 3045 ριβορ.
934 2976 1022 3039 10,
1088 2977 1266 3030 thema
1307 2977 1343 3031 2
1393 2986 1448 3032 et
1498 2979 1552 3044 5,
1602 2987 1656 3033 et
1699 2979 1795 3034 lib.
1837 2991 1898 3043 lt,

2017 2998 2037 3037 ι.
2082 2981 2137 3046 '5,
2180 2997 2301 3050 cap.
2346 2979 2379 3034 8
2426 2990 2480 3035 et
2512 2994 2632 3050 cap.
2667 2977 2790 3032 197.

399 3067 617 3122 Textus.
668 3067 906 3123 Proinde
968 3066 1255 3123 fornicatio
1308 3086 1416 3124 non
1485 3069 1759 3137 laudatur,
1817 3083 1901 3127 etc

2110 3072 2421 3142 Κείμενον.
2465 3070 2530 3123 Ἦ
2567 3069 2751 3141 μέντοι
2784 3068 3012 3140 πορνεία
3039 3069 3143 3122 οὐκ
3182 3069 3487 3124 ἐπαινεῖται
3513 3070 3618 3141 μὲν

321 3180 488 3235 usque
513 3163 582 3217 ad
614 3174 877 3233 tanquam
912 3162 1020 3228 fur,
1053 3176 1110 3218 ut
1150 3180 1273 3235 pag.
1313 3164 1438 3222 915.

394 3342 697 3398 Scholium.
729 3342 935 3414 Digest.
965 3343 1017 3409 4,
1055 3343 1138 3400 tit.
1168 3342 1221 3408 5,
1257 3342 1348 3398 lib.
1387 3360 1483 3408 xu,
1517 3354 1600 3399 est
1632 3346 1814 3400 thema
1855 3345 1912 3412 2,

320 3449 443 3504 cap.
478 3433 512 3488 5
543 3435 626 3486 tit.
661 3432 698 3486 2
731 3432 822 3488 lib.
865 3433 1029 3487 Basil.
1081 3448 1244 3497 xxiv,
1299 3434 1444 3500 quod
1515 3434 1703 3489 eadem
1758 3434 1909 3489 dicit.

319 3527 523 3598 Digest.
571 3524 626 3591 6,
657 3525 739 3581 tit.
807 3526 861 3591 5,
897 3526 992 3580 lib.
1035 3542 1225 3588 χχχιχ,
1254 3536 1339 3582 est
1374 3541 1493 3596 cap.
1547 3526 1581 3580 5
1626 3528 1710 3583 tit.
1756 3528 1776 3582 i
1811 3528 1906 3583 lib.

317 3624 484 3679 Basil.
511 3638 679 3686 vatt,
700 3620 849 3692 quod
877 3622 1062 3686 habet,
1083 3621 1545 3691 quemadmodum
1571 3622 1907 3676 declaratum

316 3727 420 3772 est.
460 3715 629 3770 Recte
660 3724 840 3768 autem
874 3712 1033 3778 dixit,
1067 3715 1212 3784 quod
1243 3714 1338 3784 qui
1378 3714 1609 3790 alienam
1651 3714 1906 3768 ancillam

314 3807 664 3861 meretricem
695 3805 858 3874 rapit,
892 3819 1000 3858 non
1027 3814 1276 3860 teneatur
1296 3816 1554 3876 tanquam
1581 3805 1900 3876 plagiarins,

315 3899 434 3953 sive
468 3900 519 3951 in
556 3896 836 3952 metallum
863 3912 971 3952 non
1003 3897 1420 3964 condemnetur,
1464 3907 1522 3952 ut
1544 3908 1627 3953 est
1663 3901 1714 3952 in
1737 3899 1901 3955 Ilasil.

317 3989 453 4045 Nam
490 3990 582 4060 qui
615 3990 871 4046 ancillam
902 4005 1025 4061 quae
1055 3990 1312 4046 meretrix
1344 4006 1452 4044 non
1495 3999 1600 4055 est,
1636 3991 1801 4061 rapit,
1852 3991 1907 4046 in

318 4085 599 4139 metallum
634 4083 1075 4151 condemnatur,
1133 4082 1312 4156 [cujus
1343 4084 1422 4140 rei
1453 4081 1648 4156 causa]
1681 4084 1774 4139 lib.
1813 4100 1903 4151 1.x,

311 4187 488 4232 totum
520 4177 591 4234 58
633 4178 716 4234 lit.
759 4193 993 4249 quaeras.

2022 3166 2174 3237 παρὰ
2218 3164 2298 3236 τῷ
2328 3162 2593 3233 πολιτικῷ
2638 3163 2822 3232 νόμῳ,
2856 3178 2911 3216 κ.
2965 3178 3017 3214 τ.
3069 3159 3120 3214 λ.
3169 3175 3346 3230 usque
3398 3161 3468 3216 ad
3515 3163 3621 3217 οὐκ

2019 3259 2263 3328 ἐνέχεται
2289 3257 2364 3321 ὡς
2393 3254 2653 3326 κλέπτης.

2087 3350 2368 3416 Σχόλιον.
2395 3349 2468 3402 Τὸ
2492 3347 2535 3402 δ’
2569 3347 2712 3402 διάτ.
2743 3346 2839 3401 τοῦ
2870 3343 2913 3398 ε’
2969 3345 3076 3400 τίτ.
3122 3344 3217 3399 τοῦ
3269 3344 3336 3415 ιβ’
3384 3345 3604 3417 βιϐλίου

2013 3441 2132 3494 ἐστι
2167 3440 2307 3511 θέμα
2337 3439 2381 3510 β’
2412 3437 2508 3492 τοῦ
2537 3436 2579 3492 ε’
2617 3456 2744 3508 κεφ.
2779 3437 2872 3491 τοῦ
2907 3436 2953 3509 β’
2981 3437 3088 3491 τίτ.
3135 3437 3232 3489 τοῦ
3265 3434 3350 3490 κδ’
3397 3436 3612 3508 βιϐλίου

2012 3533 2128 3587 τῶν·
2147 3533 2451 3588 Βασιλικῶν
2486 3532 2558 3587 τὰ
2589 3529 2730 3586 αὐτὰ
2756 3529 2934 3598 λέγον.
2968 3529 3039 3583 Τὸ
3063 3527 3118 3593 ς’
3147 3529 3290 3584 διάτ.
3315 3529 3410 3583 τοῦ
3437 3528 3480 3583 ε’
3499 3531 3612 3586 τίτ.

2009 3625 2104 3679 τοῦ
2128 3623 2205 3678 λθ¹
2238 3625 2443 3697 βιϐλίου
2487 3623 2604 3678 ἐστι
2644 3640 2770 3691 κεφ.
2803 3619 2843 3675 ε’
2893 3619 2990 3675 τοῦ
3043 3621 3090 3674 α’
3125 3621 3233 3674 τίτ.
3265 3619 3359 3674 τοῦ
3390 3621 3479 3691 ρξ’
3521 3621 3611 3692 βι-

2009 3718 2156 3772 ϐλίου
2181 3718 2287 3772 τῶν
2319 3716 2624 3771 Βασιλικῶν
2655 3714 2829 3779 οὕτως
2857 3714 2981 3785 ἔχον
3009 3713 3087 3776 ὡς
3120 3715 3201 3776 εἰς
3244 3713 3307 3766 τὸ
3331 3713 3610 3783 κείμενοι

2015 3807 2352 3880 συνωψίσθη.
2387 3807 2461 3861 Τὸ
2491 3806 2569 3861 λθ¹
2608 3806 2746 3862 διάτ.
2774 3805 2868 3860 τοῦ
2901 3803 2945 3876 β’
2971 3806 3077 3861 τίτ.
3127 3803 3223 3858 τοῦ
3258 3802 3347 3876 μζ⁹
3392 3804 3608 3876 βιϐλίου

2013 3903 2130 3956 ἔστι
2155 3919 2281 3972 κεφ.
2308 3899 2385 3956 λθ¹
2428 3900 2520 3955 τοῦ
2565 3899 2632 3972 ιβ’
2682 3901 2789 3956 τίτ.
2831 3899 2924 3953 τοῦ
2963 3896 3003 3965 ξ’
3043 3898 3250 3970 βιϐλίου
3283 3898 3397 3951 τῶν
3451 3899 3611 3953 Βασι-

2009 3995 2180 4050 λικῶν
2210 3995 2384 4059 οὕτως
2420 3995 2545 4066 ἔχον
2575 3993 2650 4059 ὼς
2680 3991 2928 4065 ἐδηλώθη
2951 4009 2964 4023 ·
3012 3992 3196 4056 καλῶς
3223 3993 3282 4046 δὲ
3316 3987 3474 4045 εἶπεν
3513 3993 3602 4045 ὅτι

2006 4091 2035 4144 ὁ
2063 4088 2330 4161 ἁρπάζων
2361 4088 2652 4160 ἀλλοτρίαν
2695 4087 2892 4157 δούλην
2935 4085 3142 4156 πόρνην
3169 4079 3337 4138 οὖσαν
3375 4084 3478 4136 οὐκ
3515 4084 3606 4136 ὲνο

2010 4182 2194 4253 έχεται
2221 4181 2297 4245 ὡς
2324 4179 2778 4253 ἀνδραποδιστὴς,
2809 4180 2979 4250 ἤγουν
3021 4179 3083 4232 οὐ
3114 4176 3498 4248 μεταλλίξεται
3525 4176 3603 4239 ὡς

307 4276 367 4327 ἐν
396 4276 475 4345 τῷ
508 4274 774 4345 βασιλικῷ
805 4279 1005 4330 κεῖται.
1055 4275 1113 4329 ’0
1143 4275 1251 4344 γὰρ
1295 4274 1558 4346 ἁρπάζων
1601 4275 1795 4346 δούλην
1827 4276 1904 4347 μὴ
1941 4276 2108 4332 οὖσαν
2143 4278 2374 4350 πόρνην,
2448 4276 2847 4348 μεταλλίζεται,
2913 4277 3010 4330 καὶ
3037 4276 3193 4348 ζητεί
3229 4273 3323 4327 τὸν
3371 4271 3450 4344 μὴ
3478 4272 3601 4327 ὅλον

307 4368 411 4422 τίτ.
443 4370 537 4421 τοῦ
573 4367 612 4438 ξ’
650 4369 879 4440 βιϐλίου.

383 4461 599 4516 Τρίτειιδ.
638 4462 780 4517 D.cit
808 4478 936 4517 vero
964 4464 1128 4517 etiam
1159 4462 1253 4517 lib.
1288 4479 1525 4527 xxxvm,
1558 4463 1640 4518 tit.
1691 4461 1745 4528 8,
1785 4472 1890 4516 etc.

2073 4459 2380 4529 Κείμενον.
2415 4458 2579 4529 Λέγει
2608 4457 2665 4512 δὲ
2698 4459 2794 4512 καὶ
2826 4456 3033 4527 βιϐλίον
3065 4454 3147 4527 λη’
3173 4455 3279 4510 τίτ.
3324 4454 3376 4526 η’
3429 4456 3515 4510 ὅτι
3543 4459 3594 4511 oi

305 4565 466 4620 usque
507 4551 575 4604 ad
599 4553 882 4622 percipere
912 4554 1144 4622 possint,
1175 4560 1230 4604 ut
1265 4567 1388 4621 pag.
1418 4549 1542 4605 9l5.

2005 4555 2379 4624 πορνογενεῖς,
2413 4570 2470 4607 κ.
2503 4569 2553 4608 τ.
2591 4553 2642 4608 λ.
2683 4566 2855 4620 usque
2883 4553 2951 4606 ad
2983 4550 3172 4604 λαϐεῖν
3205 4551 3314 4604 τῖεν
3349 4549 3445 4604 τοῦ
3479 4568 3588 4605 πι-

2004 4645 2160 4714 τέρος
2193 4644 2557 4713 πραγμάτων.

373 4733 672 4792 Scholium.
721 4735 826 4791 Tit.
853 4734 885 4789 8
925 4735 1018 4788 lib.
1054 4750 1262 4789 xxxviii
1291 4733 1490 4805 DigeSt.
1525 4734 1738 4804 positus
1769 4744 1849 4788 cst
1875 4734 1926 4788 in
1959 4750 2080 4804 cap.
2113 4736 2146 4788 6
2197 4738 2277 4788 tit.
2309 4733 2343 4786 2
2387 4734 2481 4787 lib.
2531 4750 2630 4787 xcv
2684 4733 2875 4798 Basil.,
2918 4742 3082 4802 atque
3113 4731 3192 4785 ait
3224 4731 3473 4802 ejusdem
3504 4731 3590 4787 tit.

303 4844 422 4898 cap.
467 4830 496 4881 7
528 4849 539 4882 :
573 4829 696 4885 Haec
770 4831 1038 4884 bonorum
1072 4829 1351 4898 pussossio
1401 4845 1592 4883 omnes
1633 4839 1791 4883 vocat
1819 4837 2102 4899 cognatos,
2150 4829 2275 4884 licet
2311 4828 2478 4901 [jttre]
2512 4828 2654 4882 civili
2694 4844 2800 4884 non
2842 4838 3125 4882 vocentur.
3165 4826 3316 4881 Untle
3342 4837 3396 4880 et
3425 4829 3591 4894 vulgo

302 4920 518 4988 quaesiti
567 4919 762 4976 fratres
809 4921 952 4975 inter
996 4935 1075 4985 se,
1114 4929 1166 4974 et
1197 4919 1250 4972 in
1288 4917 1498 4991 [bonis]
1529 4920 1738 4985 matris,
1768 4921 2112 4990 cognationis
2154 4922 2459 4976 subsidium
2497 4921 2714 4986 habent,
2744 4931 2796 4975 et
2815 4930 2989 4974 mater
3017 4921 3072 4974 in
3097 4920 3312 4974 illorum
3353 4917 3585 4992 [bonis].

301 5013 501 5068 Eadem
552 5029 770 5084 quoque
821 5014 889 5069 de
942 5013 1136 5068 ancilla
1193 5022 1507 5082 praegnante
1568 5013 1908 5069 manumissa
1943 5013 2202 5069 dicimus.
2250 5013 2314 5068 Et
2379 5030 2500 5085 cap.
2553 5015 2610 5081 9,
2657 5014 2828 5082 spurii
2882 5013 3280 5084 haereditasfad
3320 5029 3585 5087 COgnatos

299 5117 537 5175 paterna:
588 5107 774 5177 stirpis
831 5123 938 5162 non
989 5107 1255 5177 pertinet;
1311 5122 1438 5160 nam
1475 5117 1683 5177 patrem
1739 5122 1847 5161 non
1885 5109 2065 5164 habet.
2106 5107 2235 5180 Ejus
2283 5120 2466 5164 autem
2514 5111 2697 5174 matri,
2743 5107 3043 5176 eademque
3077 5116 3250 5161 matre
3269 5109 3436 5163 ‘natis
3477 5108 3585 5163 fra-

301 5200 472 5256 tribus
513 5200 882 5270 proximitatis
945 5199 1252 5254 subsidium
1309 5199 1489 5254 datur.
1546 5203 1723 5270 Atque
1771 5201 1883 5254 hinc
1924 5200 2144 5270 quidem
2190 5202 2345 5256 aiunt
2386 5202 2552 5272 leges,
2587 5215 2776 5254 eorum
2817 5197 3180 5254 differentiam
3210 5200 3304 5268 qui
3341 5215 3438 5270 per
3466 5199 3583 5256 fur-

295 5295 630 5349 nicatiouem
663 5294 1070 5365 conjunguntur
1124 5291 1420 5356 docentes,
1477 5308 1538 5348 ac
1587 5293 1789 5364 spurii:
1852 5293 2074 5348 succedi
2109 5310 2136 5348 a
2195 5272 2458 5350 materna:
2496 5295 2683 5365 stirpis
2728 5294 3026 5363 cognatis:
3094 5300 3304 5361 patrem
3360 5304 3572 5358 autem,

298 5395 394 5440 aut
455 5397 692 5456 paternae.
751 5384 938 5453 stirpis
1015 5393 1302 5453 cognatos,
1374 5384 1522 5454 ipsos
1590 5399 1702 5439 non
1785 5387 2265 5457 agnoscerezsed
2339 5403 2406 5442 ex
2471 5401 2579 5441 una
2672 5385 2942 5440 duntaxat
2991 5384 3155 5441 unica
3224 5385 3572 5457 illegitimnm

302 5481 471 5535 tilium
520 5480 662 5551 patri
711 5479 980 5534 baeredem
1042 5478 1160 5533 fieri
1214 5479 1481 5536 dicentes.
1536 5479 1738 5537 Verum
1785 5481 1951 5556 [quae]
2001 5483 2070 5539 de
2108 5484 2311 5553 nuptiis
2370 5482 2653 5556 [tractant]
2715 5482 2859 5550 leges
2913 5490 3078 5551 atque
3146 5497 3429 5548 canones,
3508 5495 3564 5539 et

293 5582 640 5646 agnoscunt,
713 5589 778 5628 ex
852 5571 1213 5627 fornicatione
1277 5576 1702 5645 cognationem,
1761 5586 1816 5630 et
1874 5578 1964 5646 qui
2025 5593 2092 5632 ex
2161 5578 2525 5634 fornicatione
2589 5573 2991 5650 [invicemse]
3047 5575 3408 5646 contingunt,
3479 5595 3574 5633 co-

291 5676 517 5732 gnatos,
575 5665 622 5720 si
692 5665 964 5719 incestum
1035 5667 1420 5735 committant,
1497 5679 1757 5739 tanquam
1811 5670 2082 5740 legitimos
2161 5682 2424 5738 cognatos
2489 5671 2746 5741 puniunt.
2840 5668 3114 5735 Quorsum
3194 5669 3343 5739 legas
3410 5672 3464 5726 in
3535 5674 3569 5726 5

289 5771 411 5827 cap.
475 5758 681 5828 positos
729 5772 965 5817 canones
990 5799 1004 5826 ,
1074 5770 1128 5816 et
1180 5763 1448 5818 novellam
1491 5763 1835 5834 imperatoris
1876 5764 2176 5821 Justiniani
2238 5766 2358 5832 tta,
2393 5781 2516 5836 qute
2541 5763 2708 5820 estin
2744 5763 2851 5819 fine
2908 5763 2993 5819 tit.
3047 5762 3081 5818 5
3119 5762 3213 5820 lib.
3247 5762 3414 5821 Basil.
3441 5782 3564 5823 ην.
