3928 6246
314 205 453 275 1197
906 260 907 263 η
1203 220 1695 283 NOMOCANON.
1732 248 1804 260 --
1842 225 1991 288 TlT.
2028 228 2200 305 XIII,
2242 232 2402 293 CAP.
2443 233 2726 297 VI-VIII:
3461 240 3600 308 1193

310 322 502 378 Const.
541 323 574 380 5
622 324 703 382 tit.
759 324 849 393 57,
896 327 992 384 lib.
1028 345 1078 384 vr
1128 329 1264 386 Cod.
1318 341 1402 386 est
1443 348 1565 403 cap.
1612 335 1684 389 12
1713 335 1797 392 tit.
1840 339 1864 390 1
1927 337 2023 393 lib.
2078 339 2243 397 Basil.
2296 360 2421 412 ην,
2478 349 2625 416 quod
2660 348 2794 403 dicit
2830 366 2843 404 :
2878 348 2933 404 Si
2966 366 3075 421 qua
3132 352 3360 410 illustris
3395 358 3596 413 mulier

313 412 485 468 lilium
532 432 596 471 ex
636 417 800 488 justis
838 421 1047 494 nuptiis
1090 426 1484 493 procreaverit,
1520 437 1574 482 et
1615 430 1848 485 alterum
1881 432 2128 502 spurium
2164 436 2439 505 habuerit,
2474 412 2563 495 cui
2613 452 2769 513 pater
2798 444 3043 503 incertus
3084 449 3153 505 sit
3184 467 3197 504 :
3230 452 3594 521 quemadmo-

309 506 440 562 dum
476 525 564 565 res
605 522 865 568 materna:
917 516 983 570 ad
1030 533 1125 572 eos
1175 521 1536 589 perveniant,
1603 524 1718 578 sive
1782 530 2162 585 tantummodo
2207 532 2274 585 ad
2336 533 2539 591 liberos
2598 536 2804 607 justos,
2867 541 2983 596 sive
3032 542 3198 598 etiam
3242 545 3308 599 ad
3347 546 3587 615 spurios,

309 599 611 657 dubitatur.
647 603 939 664 Sancimus
969 609 1183 681 itaque,
1222 623 1281 667 ut
1311 628 1489 684 neque
1522 630 1585 669 ex
1615 627 1962 687 testamento,
2007 638 2187 692 neque
2217 625 2285 678 ab
2306 599 2791 702 intextam-neque
2820 649 2885 688 ex
2916 635 3240 691 liberalitate
3271 599 3415 693 inte'r
3438 640 3590 694 vivos

311 693 516 757 habita,
562 698 725 767 jnstis
758 702 946 759 liberis
971 705 1400 773 exsistentibus,
1437 709 1642 780 aliquid
1675 712 1893 781 penitus
1942 715 2012 770 ab
2062 715 2370 774 illustribus
2424 693 2805 781 matribus-ad
2838 729 3060 797 spnrios
3103 732 3381 798 perveniat
3415 749 3428 784 :
3463 746 3591 785 cum

311 785 363 838 in
424 790 748 848 mulieribus
799 794 1049 867 ingenuis
1079 808 1133 853 et
1168 800 1513 867 illustribus,
1566 807 1768 874 quibus
1816 808 2089 865 castitatis
2145 812 2457 868 observatio
2504 819 2837 889 praecipuum
2886 822 3129 878 debitum
3160 837 3278 890 est,
3320 822 3596 879 nominari

308 881 568 949 spurius,
606 885 742 940 satis
775 886 1101 957 injuriosuln
1130 932 1144 955 ,
1207 893 1452 963 satisque
1508 898 1765 949 acerbum
1796 936 1811 961 ,
1874 911 1930 952 et
1983 901 2189 956 nostris
2244 905 2577 973 temporibus
2628 909 2913 980 indignum
2961 913 3274 982 judicemus
3304 935 3317 970 :
3350 926 3405 972 et
3451 916 3598 971 hanc

310 974 480 1044 legem
533 977 636 1047 ipsi
680 981 975 1049 pudicitiae,
1030 1000 1195 1055 quant
1240 1002 1458 1057 semper
1496 991 1780 1045 colendam
1840 1008 2170 1062 censemus,
2229 1000 2430 1054 merito
2486 1000 2825 1060 dedicamus.
2886 1007 2983 1062 Sin
3042 1019 3225 1065 autem
3285 1012 3594 1069 concubina

308 1067 493 1139 libera:
546 1070 875 1127 conditiOnis
932 1078 1262 1142 constituta,
1323 1080 1489 1137 lilium
1537 1094 1632 1137 aut
1668 1084 1834 1137 tiliam
1882 1101 1946 1140 ex
1980 1086 2128 1143 licita
2178 1092 2575 1149 consuetudine
2621 1110 2745 1150 cum
2795 1098 3018 1155 homine
3046 1102 3219 1159 libero
3246 1104 3430 1160 habita
3465 1122 3596 1177 pro-

303 1162 593 1224 creaverit,
619 1178 715 1217 cos
732 1165 895 1218 etiam
920 1182 1045 1221 cum
1068 1169 1325 1238 legitimis
1346 1172 1533 1228 liberis
1569 1179 1635 1227 ad
1672 1185 1917 1231 materna
1971 1180 2159 1235 venire
2191 1180 2354 1246 bona,
2380 1200 2504 1254 quae
2549 1187 2640 1241 illa
2666 1188 2791 1255 jure
2821 1190 3065 1262 legitimo
3086 1205 3141 1249 et
3172 1197 3225 1250 in
3258 1162 3594 1267 patrimonio

307 1269 409 1309 suo
455 1256 719 1325 possidet,
755 1260 901 1314 nulla
935 1263 1137 1347 invidia
1178 1264 1523 1336 est.;Digesl.
1564 1269 1635 1323 25
1676 1271 1761 1325 tit.
1803 1270 1837 1325 5
1895 1272 1991 1327 lib.
2047 1290 2060 1327 ι
2110 1273 2229 1347 Dig.
2290 1288 2375 1333 est
2421 1294 2541 1349 cap.
2613 1281 2683 1335 19
2739 1284 2823 1337 tit.
2877 1256 2908 1338 1
2964 1287 3058 1341 lib.
3101 1256 3423 1361 uva-quod
3462 1294 3590 1352 ait:

303 1346 409 1413 Qui
440 1364 507 1402 ex
538 1348 783 1419 legitimo
826 1346 1180 1411 matrimoitio
1232 1367 1395 1412 natus
1447 1371 1548 1421 est,
1581 1371 1793 1431 patrem
1853 1367 2138 1434 sequitur;
2175 1370 2337 1439 vulgo
2380 1346 2645 1441 quaisitus
2687 1386 2906 1443 autem,
2961 1391 3213 1437 matrem.
3362 1386 3581 1459 24cap.

300 1441 546 1511 ejusdem
580 1443 675 1497 lib.
702 1452 755 1497 et
790 1447 873 1499 tit.
912 1462 926 1498 :
956 1445 1062 1513 Qui
1093 1465 1197 1503 non
1227 1467 1291 1505 ex
1310 1451 1553 1523 legitimo
1583 1457 1935 1511 matrimonio
1965 1462 2233 1525 nascitur,
2265 1475 2496 1519 matrem
2533 1469 2784 1538 sequitur
2815 1489 2829 1524 :
2882 1473 2986 1528 nisi
3024 1476 3108 1530 lex
3137 1478 3407 1548 ispecialis
3436 1441 3590 1537 aliud

302 1540 585 1609 quidpiam
622 1549 844 1597 statuat.
873 1541 981 1597 Tit.
1013 1543 1044 1596 7
1088 1545 1180 1600 lib.
1206 1562 1311 1603 xxv
1334 1548 1454 1617 Dig.
1486 1566 1591 1604 non
1622 1559 1707 1607 est
1750 1553 1962 1621 positus
1996 1556 2048 1608 in
2098 1557 2259 1612 Basil.
2294 1556 2401 1613 Tit.
2438 1559 2472 1615 5
2507 1561 2604 1620 lib.
2643 1580 2810 1619 xcvm
2852 1566 3053 1636 Digest.
3087 1540 3258 1626 est-in
3291 1573 3387 1628 lib.
3418 1573 3587 1633 Basil.

300 1651 371 1689 Ls
395 1637 480 1692 tit.
522 1639 613 1692 57.
647 1637 850 1709 Digest.
878 1651 1059 1695 autem
1091 1643 1149 1695 11
1176 1660 1283 1699 non
1316 1654 1398 1699 est
1424 1648 1836 1717 transcriptum.
1891 1649 2094 1707 Verum
2158 1656 2235 1708 ait
2297 1655 2479 1711 thema
2525 1659 2559 1710 2
2595 1674 2716 1729 cap.
2753 1661 2775 1713 1
2808 1662 2890 1718 ιίι.
2928 1665 2997 1718 57
3049 1666 3143 1721 lib.
3174 1683 3243 1724 ιχ
3278 1670 3422 1737 :Qui
3469 1689 3594 1728 mu—

300 1730 490 1783 lierem
520 1729 799 1784 honestam
828 1743 882 1786 et
913 1732 1203 1803 ingenuam
1241 1736 1293 1789 in
1323 1740 1935 1809 concubinatubabet,
1987 1759 2165 1815 neque
2212 1761 2309 1816 per
2356 1753 2810 1807 contestationem
2860 1756 2962 1810 boc
3014 1760 3368 1818 manifestum
3423 1765 3549 1823 facit
3572 1774 3599 1832 ,'

298 1823 385 1876 vel
412 1837 637 1876 uxorem
665 1838 785 1876 eam
810 1824 1007 1879 habet:
1036 1828 1116 1879 vel
1154 1829 1197 1880 si
1233 1827 1337 1882 boc
1368 1842 1613 1894 recusat,
1660 1840 1935 1902 stuprum,
1993 1846 2158 1905 atque
2208 1838 2344 1891 adeo
2391 1839 2724 1897 adulterium
2774 1858 2900 1899 cum
2953 1862 3019 1901 ea
3065 1853 3358 1908 committit
3400 1874 3414 1909 ε
3460 1860 3589 1913 dum

301 1916 557 1971 videlicet
597 1932 824 1987 corpore
866 1931 1290 1991 suozquacstum
1339 1922 1499 1996 [illa]
1539 1943 1649 1980 non
1681 1926 1891 1984 fecerit.
1949 1929 2142 1985 Const.
2174 1932 2209 1986 5
2260 1934 2341 1989 tit.
2383 1935 2453 1990 57
2486 1937 2579 1991 lib.
2642 1953 2693 1991 vt
2738 1938 2877 1995 Cod.
2943 1958 3052 1999 non
3090 1954 3174 1999 est
3205 1946 3413 2018 integra
3449 1954 3595 2020 posi-

296 2021 375 2073 ta,
413 2010 572 2081 cujus
598 2010 813 2065 initium
845 2024 928 2067 est
960 2028 1082 2084 cap.
1131 2016 1202 2069 42
1253 2017 1335 2071 tit.
1369 2018 1396 2071 1
1430 2020 1525 2074 lib.
1585 2038 1687 2075 va
1730 2022 1895 2077 Basil.
1961 2024 2095 2095 Cap.
2136 2025 2170 2079 2
2200 2030 2425 2085 novellae
2475 2028 2769 2087 Justiniani
2810 2035 2896 2100 12,
2932 2048 2987 2090 et
3014 2052 3137 2107 cap.
3190 2039 3262 2094 15
3315 2010 3590 2119 {novellae}

302 2104 392 2168 l8,
452 2112 507 2158 et
555 2104 766 2158 novella
824 2105 911 2170 19,
967 2115 1023 2160 et
1048 2123 1171 2177 cap.
1230 2106 1284 2173 5,
1320 2109 1405 2178 78,
1457 2122 1512 2167 et
1545 2128 1667 2183 cap.
1702 2114 1766 2176 5,
1813 2114 1883 2169 89
1936 2118 2271 2173 novellarum
2323 2122 2664 2192 imperatoris
2708 2122 3031 2195 Iustiniani,
3076 2104 3132 2184 et
3172 2130 3281 2186 alia
3315 2104 3443 2203 cap.
3475 2104 3598 2205 qua;

298 2197 458 2250 deiis
483 2196 704 2263 docent,
733 2198 827 2267 qui
848 2214 914 2253 ex
939 2200 1583 2274 legitimis[postmodum
1612 2209 1896 2272 uxoribus,
1957 2210 2074 2284 aut]
2110 2214 2273 2268 etiam
2318 2233 2383 2270 ex
2420 2218 2746 2274 concubinis
2774 2216 2962 2292 [nati],
3029 2230 3086 2278 et
3121 2238 3190 2279 ex
3238 2228 3425 2285 nOtbis
3456 2230 3595 2302 legi-

300 2289 423 2342 timi
456 2287 549 2341 lilii
579 2285 768 2358 [liunt:
800 2284 1018 2359 ]posita
1046 2300 1175 2344 sunt
1214 2294 1264 2345 in
1300 2296 1380 2348 tit.
1414 2295 1437 2347 l
1471 2304 1524 2349 et
1552 2293 1588 2348 2
1624 2296 1717 2350 lib.
1754 2313 1904 2351 χχχιι
1941 2298 2110 2357 Basil.
2146 2317 2287 2371 quos
2318 2305 2487 2375 legas.

376 2381 689 2450 Κείμενον.
722 2381 830 2434 Καὶ
857 2381 1051 2446 δούλας
1075 2383 1132 2443 δὲ
1174 2384 1309 2450 ἰδίας
1359 2387 1637 2458 δυνάμεθα
1689 2390 1892 2444 παλλα-

2075 2393 2290 2451 Textus.
2310 2396 2543 2454 Proinde
2561 2410 2615 2455 et
2635 2402 2863 2458 ancillas
2884 2405 3177 2477 nostrasjn
3199 2411 3595 2483 concubinatu,

306 2474 571 2528 κεύεσθαι
596 2516 609 2539 ,
643 2494 698 2529 κ.
736 2492 788 2529 τ.
815 2474 865 2528 λ.
894 2492 1068 2547 usque
1094 2478 1160 2533 ad
1187 2478 1433 2548 λέγεται,
1461 2481 1537 2546 ὡς
1591 2482 1797 2553 βιϐλίον
1830 2483 1893 2550 ν’,

304 2571 409 2624 τίτ.
440 2568 537 2635 ις’,
572 2570 713 2623 διάτ.
759 2567 900 2640 ρμδ’.

378 2663 660 2730 Σχόλιον.
690 2663 763 2715 Τὸ
795 2662 835 2715 δ’
869 2661 1010 2719 διὰτ.
1035 2663 1128 2718 τοῦ
1160 2665 1203 2718 δ’
1235 2666 1343 2721 τίτ.
1371 2666 1467 2721 τοῦ
1500 2666 1554 2734 ς’
1576 2668 1780 2740 βιϐλίου
1800 2669 1895 2724 τοῦ

305 2754 561 2819 κώδικος,
590 2754 705 2809 ἔστι
728 2755 871 2825 Οέμα
886 2756 981 2809 τοῦ
1016 2756 1102 2826 κη’
1134 2776 1262 2828 κεφ.
1284 2759 1379 2812 τοῦ
1422 2758 1468 2814 α’
1501 2762 1607 2815 τίτ.
1648 2761 1745 2816 τοῦ
1790 2762 1878 2834 μθ⁹

307 2845 516 2914 βιϐλίου
541 2843 713 2908 οὕτως
743 2844 866 2916 ἕχον
898 2846 973 2909 ὡς
1004 2849 1083 2911 εἰς
1130 2848 1192 2900 τὸ
1246 2848 1501 2918 κείμενον
1552 2853 1889 2924 συνωψίσθη.

316 2937 385 2991 Ἦ
413 2935 461 3005 γ’
497 2936 746 3002 διάταξις
783 2938 878 2992 τοῦ
943 2946 1001 2993 ιε’
1053 2940 1237 2995 τίτλου
1293 2940 1390 2995 τοῦ
1437 2941 1482 3008 ζ’
1534 2943 1744 3014 βιϐλίου
1798 2947 1894 3001 τοῦ

304 3032 564 3095 κώδικος,
592 3032 706 3085 ἐστι
733 3049 861 3101 κεφ.
893 3029 943 3101 γ’
971 3031 1067 3086 τοῦ
1097 3032 1160 3087 ιο⁹
1188 3035 1294 3088 τίτ.
1327 3035 1421 3088 τοῦ
1453 3043 1543 3106 μη¹
1568 3036 1774 3106 βιϐλίου
1806 3038 1895 3091 λέ-

304 3140 402 3192 γον
442 3122 636 3187 οὕτως,
683 3121 809 3177 Ἐάν
836 3141 920 3187 τις
941 3122 1136 3193 δούλην
1168 3124 1267 3198 ἔχῃ
1296 3126 1354 3179 ὲν
1389 3129 1455 3196 τῇ
1490 3127 1595 3197 ἰδίᾳ
1629 3128 1899 3199 συναφείᾳ

309 3215 385 3285 μὴ
417 3214 557 3285 ἔχων
586 3216 854 3287 γαμετὴν,
901 3217 997 3269 καὶ
1023 3215 1184 3289 μείνῃ
1233 3220 1352 3288 μετ’
1383 3219 1556 3289 αὐτῆς
1609 3219 1775 3292 μέχρι
1808 3238 1896 3273 τε-

305 3303 669 3376 λευτῆς,εἷτε
718 3305 858 3377 ἔχων
908 3304 1204 3379 παῖδαςξὲξ
1247 3306 1437 3379 αὐτῆς,
1493 3310 1603 3364 εἴτε
1640 3312 1738 3381 μὴ,
1801 3312 1897 3364 καὶ

307 3399 480 3471 μηδὲν
506 3400 635 3469 εἴπῃ
667 3399 796 3470 περὶ
822 3396 991 3469 αὐτῆς
1018 3400 1076 3452 ὲν
1107 3401 1175 3472 τῇ
1210 3399 1318 3471 ἰδίᾳ
1363 3400 1623 3472 διαθήκῃ,
1680 3402 1895 3470 γίνεται

308 3491 535 3562 κάκείνη
586 3490 869 3562 ἐλευθέρα.
930 3490 1170 3544 Ἀκούων
1220 3488 1279 3546 δὲ
1336 3492 1444 3545 ἀπὸ
1482 3493 1576 3547 τοῦ
1624 3495 1894 3566 παρόντος

306 3583 559 3647 κακόνος,
583 3579 665 3635 ὅτι
691 3582 899 3651 γίνεται
924 3581 1106 3651 ἐκείνη
1129 3578 1412 3653 ἐλευθέρα,
1446 3580 1522 3653 μὴ
1551 3583 1783 3655 νομίσῃς
1813 3580 1896 3637 ὅτι

303 3674 357 3726 oi.
380 3672 572 3736 παῖδες
596 3672 769 3743 αὐτῆς
814 3670 1031 3743 δουλείᾳ
1080 3671 1415 3727 ὑπόκεινται·
1476 3673 1894 3746 ἐλευθεροῦνται

2002 2496 2107 2543 etc.
2140 2505 2304 2560 usque
2337 2491 2408 2545 ad
2438 2491 2635 2563 digest.
2662 2495 2765 2550 144
2785 2494 3093 2570 [traditur],
3121 2509 3180 2554 ut
3196 2516 3320 2573 pag.
3348 2502 3477 2561 918.

2074 2652 2369 2710 Scholium.
2408 2657 2595 2714 Const.
2628 2660 2662 2714 4
2693 2661 2777 2716 tit.
2829 2661 2866 2716 4
2898 2662 2994 2718 lib.
3028 2680 3079 2720 vr
3110 2665 3245 2721 Cod.
3280 2678 3365 2723 est
3407 2670 3591 2728 tbema

1999 2746 2034 2801 4
2082 2763 2203 2819 cap.
2248 2750 2319 2804 28
2375 2753 2457 2811 tit.
2494 2753 2518 2806 1
2573 2755 2666 2810 lib.
2707 2771 2820 2821 xu,
2852 2757 2998 2827 quod
3039 2759 3222 2827 habet,
3256 2771 3314 2815 ut
3351 2763 3404 2816 in
3438 2780 3592 2820 com-

2004 2844 2200 2911 pendio
2250 2847 2590 2915 propositum
2640 2858 2745 2903 est.
2793 2850 2984 2906 Const.
3021 2854 3075 2919 5,
3110 2855 3194 2909 tit.
3240 2855 3330 2910 14.
3364 2857 3459 2913 lib.
3503 2875 3583 2915 vu

2000 2932 2135 2988 Cod.
2170 2945 2254 2990 est
2279 2951 2401 3007 cap.
2433 2935 2467 2991 5
2502 2938 2585 2993 tit.
2611 2938 2699 3005 19,
2747 2940 2843 2997 lib.
2877 2957 3065 3009 XLVIII,
3098 2945 3246 3015 quod
3279 2946 3361 3001 sic
3404 2948 3539 3004 dicit
3574 2968 3589 3006 :

2003 3026 2061 3083 Si
2111 3031 2235 3100 quis
2286 3048 2509 3086 uxorem
2561 3049 2669 3088 non
2724 3034 2955 3102 habens,
3008 3053 3135 3094 cum
3191 3041 3385 3095 ancilla
3440 3040 3590 3114 [sua]

2000 3125 2455 3179 consuetudinem
2497 3126 2716 3194 babeat,
2751 3144 2817 3183 ac
2850 3146 2974 3184 cum
3022 3131 3113 3187 illa
3139 3132 3207 3187 ad
3238 3146 3469 3191 mortem
3496 3152 3591 3191 us-

2001 3229 2107 3283 que
2146 3225 2481 3283 permaneat,
2523 3234 2701 3289 neque
2745 3220 3045 3291 quidquam
3095 3227 3161 3278 de
3200 3225 3293 3279 illa
3337 3226 3394 3280 in
3424 3236 3594 3282 testa-

2002 3317 2185 3361 mento
2205 3322 2307 3361 suo
2333 3307 2499 3376 dicat,
2518 3310 2633 3365 sive
2658 3311 2863 3368 liberos
2880 3329 2946 3368 ex
2967 3330 3033 3369 ea
3057 3315 3277 3383 habeat,
3308 3317 3425 3373 sive
3454 3335 3593 3387 non,

2003 3401 2093 3457 illa
2123 3404 2292 3458 libera
2319 3406 2521 3461 evadit.
2549 3406 2686 3462 Cum
2715 3421 2896 3463 autem
2929 3410 3156 3467 liberam
3184 3413 3331 3469 illam
3356 3414 3472 3470 ﬁeri
3521 3432 3591 3472 ex

2001 3496 2258 3564 praesenti
2290 3498 2468 3568 capite
2493 3500 2653 3555 audis
2685 3518 2701 3554 :
2734 3501 2940 3557 liberos
2980 3503 3098 3573 ejus
3123 3508 3374 3561 servituti
3411 3508 3592 3562 obno-

2002 3586 2120 3641 xios
2161 3603 2285 3643 eSse
2331 3604 2400 3644 ne
2444 3590 2748 3647 existimes.
2797 3590 2934 3648 Nam
2974 3605 3029 3650 et
3067 3596 3172 3666 ipsi
3217 3598 3376 3653 liberi
3432 3602 3589 3665 liunt,

2000 3679 2274 3747 quomodo
2307 3681 2563 3751 superius
2591 3698 2714 3755 cap.
2762 3684 2859 3739 lib.
2903 3702 2992 3741 xu
3017 3728 3032 3753 ,
3064 3698 3120 3743 et
3149 3690 3436 3759 praesentis
3465 3707 3589 3761 cap.

304 3766 416 3837 γὰρ
446 3764 625 3833 αὐτοὶ,
674 3764 749 3828 ὡς
780 3762 841 3817 τὸ
886 3765 1159 3835 ἀνώτερον
1215 3783 1342 3834 κεφ.
1393 3764 1489 3818 τοῦ
1547 3764 1630 3837 μθ¹
1686 3766 1890 3837 βιϐλίου

2016 3780 2209 3827 retercs
2248 3771 2443 3849 [leges]
2476 3775 2651 3831 aiunt.
2697 3778 2903 3851 Digest.
2942 3780 3010 3833 12
3039 3793 3093 3837 et
3139 3782 3207 3836 15
3254 3782 3337 3837 tit.
3398 3782 3433 3838 5
3488 3784 3588 3840 lib.

306 3859 496 3930 φησὶν,
528 3858 625 3912 καὶ
656 3858 707 3911 οἱ
738 3856 832 3909 τοῦ
871 3857 1141 3927 παρόντος
1164 3874 1291 3927 κεφ.
1322 3857 1667 3929 παράτιτλοι.
1718 3854 1794 3912 Τὸ
1824 3857 1890 3929 ιβ’

305 3954 403 4005 καὶ
430 3948 501 4018 ιγ’
544 3950 684 4004 διάτ.
721 3949 816 4002 τοῦ
845 3946 886 4002 ε’
925 3950 1035 4001 τίτ.
1081 3944 1176 4001 τοῦ
1216 3955 1305 4020 μη’
1347 3944 1552 4020 βιϐλίου
1588 3951 1688 4003 οὐκ
1740 3951 1899 4021 ἐτέθη

305 4044 387 4106 εἰς
431 4040 502 4093 τὰ
530 4038 820 4093 Βασιλικά.
858 4038 931 4090 Τὸ
980 4035 1098 4108 ρμδ¹
1150 4038 1286 4093 διάτ.
1321 4038 1415 4091 τοῦ
1465 4036 1540 4102 ις’
1588 4040 1693 4093 τίτ.
1727 4040 1820 4109 τοῦ
1857 4036 1897 4093 ν’

308 4133 517 4205 βιϐλίου
547 4130 655 4185 τὼν
678 4131 975 4196 διατάξεων
1004 4132 1121 4185 ἐστι
1154 4147 1279 4201 κεφ.
1314 4131 1431 4201 ρμδ¹
1462 4130 1557 4184 τοῦ
1595 4130 1623 4201 β
1670 4131 1777 4185 τίτ.
1802 4130 1897 4185 τοῦ

307 4224 352 4297 β’
374 4224 586 4297 βιϐλίου
618 4224 726 4277 τῶν
756 4223 1061 4278 Βασιλικῶν
1091 4221 1265 4286 οὕτως
1286 4223 1430 4292 ἕχον,
1463 4223 1719 4294 Παλλακή
1748 4225 1899 4278 ἐστιν

306 4321 341 4390 ἡ
372 4317 596 4382 συζῶσὰ
645 4334 753 4370 τινι
804 4318 863 4369 ὲν
914 4315 992 4386 τῷ
1027 4316 1160 4386 οἴκῳ
1222 4315 1389 4369 αὐτοῦ
1441 4317 1676 4385 νομίμου
1726 4316 1898 4387 χωρὶς

304 4414 519 4484 γάμου·
558 4413 591 4481 ἡ
618 4411 674 4463 δὲ
700 4405 865 4482 ἦττον
895 4409 1197 4480 τιμιωτέρα
1231 4408 1363 4479 φίλη
1399 4408 1638 4477 λέγεται.

375 4526 639 4580 ΚΕΦΑΛτ
657 4522 747 4593 (τ’.
779 4554 846 4566 ——-
893 4523 1030 4577 Ἐὰν
1048 4522 1208 4592 γυνὴ
1238 4524 1458 4578 lateo?)
1482 4522 1801 4593 μοιχευθῆ.
1834 4580 1837 4581 ν

372 4618 602 4673 Συνόδου
654 4617 930 4686 Ἀγκύρας
965 4616 1148 4669 κανὼν
1201 4612 1280 4668 κ’·
1325 4616 1547 4670 συνόδου
1588 4617 1896 4671 Νεοκαισα-

305 4710 460 4783 ρείας
511 4709 693 4763 κανὼν
731 4705 1125 4780 η”’ἀνὰγν‹ι›οι
1179 4707 1245 4761 τὰ
1278 4710 1797 4779 παραγεγραμμένοι
1835 4712 1893 4763 ἐν

304 4804 382 4875 τῷ
410 4801 492 4875 λβ⁹
522 4818 649 4871 κειρ.
682 4800 777 4855 τοῦ
804 4798 851 4854 α’
892 4799 998 4855 τίτ.
1026 4799 1122 4853 τοῦ
1148 4800 1419 4871 παρόντος
1449 4802 1855 4871 συντάγματος.

374 4916 632 4971 ΚΕΦΑΛ.
659 4911 734 4969 Z'.
766 4943 836 4955 ——
863 4913 999 4982 Περὶ
1040 4910 1292 4983 φθορᾶς,
1328 4912 1431 4966 καὶ
1453 4912 1646 4983 γάμου
1674 4913 1887 4983 χήρας,

303 5013 403 5068 καὶ
430 5013 521 5078 τις
548 5010 791 5080 λέγεται
821 5009 999 5079 χήρα.

373 5103 660 5158 Βασιλείου
692 5100 871 5156 κανὼν
903 5099 991 5173 ιη’,
1025 5102 1127 5158 κδ’.
1518 5108 1542 5165 ἒ

374 5218 633 5274 ΚΕΦΑΛ.
669 5214 751 5271 Η’.
785 5248 853 5258 -—
890 5216 1030 5285 Περὶ
1080 5215 1201 5271 τῶν
1245 5219 1344 5273 ἐπὶ
1393 5218 1560 5288 γάμῳ
1603 5220 1896 5290 γυναῖκας

303 5309 712 5383 ἁρπαζόντων,
745 5310 784 5379 ἢ
854 5309 1231 5379 βιαζομένων
1277 5310 1315 5379 ἢ
1354 5312 1720 5381 φθειρόντων
1751 5328 1901 5383 παρ-

305 5406 545 5472 θένους,
595 5406 696 5461 καὶ
725 5404 860 5472 περὶ
886 5404 1273 5471 συνιστόρων
1301 5402 1523 5458 αὐτῶν.

385 5497 733 5553 Ἀποστόλων
762 5497 945 5551 κανὼν
979 5494 1052 5562 ξζ¹
1073 5513 1086 5526 ·
1126 5497 1346 5551 συνόδου
1392 5497 1669 5570 Ἀγκύρας
1717 5497 1897 5553 κανὼν

307 5594 397 5660 ια’,
422 5592 503 5648 κε’
526 5609 541 5624 ο
579 5591 801 5646 συνόδου
829 5590 1175 5661 Χαλκηδόνος
1217 5589 1398 5645 κανὼν
1423 5590 1536 5654 xC"
1583 5590 1805 5646 συνόδου
1843 5596 1898 5656 ς’

311 5687 491 5745 κανὼν
520 5686 635 5755 ιιϐ⁹⁶
670 5685 952 5742 Βασιλείου
982 5684 1163 5741 κανὼν
1188 5684 1293 5756 κβ’,
1325 5683 1393 5754 λ’,
1446 5685 1550 5756 λγ’,
1600 5686 1705 5758 λη’,
1760 5694 1838 5756 νγ¹
1869 5703 1883 5718 ο

2004 3880 2173 3918 XLVIII
2212 3882 2320 3921 non
2374 3879 2502 3924 sunt
2548 3871 2728 3940 posita
2767 3872 2823 3926 in
2866 3871 3030 3929 Basil.
3076 3874 3283 3943 Digest.
3332 3876 3436 3930 “4
3504 3878 3591 3934 tit.

2005 3956 2191 4012 16lib.
2223 3973 2253 4011 ι.
2296 3953 2501 4029 Digest.
2542 3972 2627 4016 est
2675 3978 2797 4032 cap.
2833 3964 2971 4019 HM
3007 3965 3091 4019 tit.
3123 3964 3159 4018 2
3186 3966 3277 4021 lib.
3321 3982 3354 4020 ιι
3396 3967 3588 4031 Basil.,

2002 4047 2147 4114 quod
2197 4050 2278 4103 sic
2320 4049 2481 4103 habet
2516 4069 2528 4103 :
2579 4049 2896 4107 Coucubina
2937 4061 3042 4120 est,
3085 4070 3208 4124 quae
3241 4071 3366 4109 eum
3407 4057 3592 4125 aliquo

2004 4138 2055 4192 in
2095 4138 2260 4193 domo
2294 4138 2414 4207 ejus
2454 4150 2608 4196 extra
2648 4143 2920 4212 legitimas
2964 4147 3184 4213 nuptias
3220 4145 3377 4201 vivit.
3410 4146 3590 4205 Minus

2002 4240 2183 4286 autem
2212 4233 2461 4299 honesta,
2494 4233 2671 4288 atniea
2709 4234 3031 4305 appellatur.

2065 4533 2219 4591 CAP.
2263 4533 2351 4589 Vl.
2378 4566 2448 4577 —
2472 4535 2532 4590 Si
2561 4535 2688 4589 laici
2717 4552 2852 4591 uxor
2874 4537 3202 4595 adulterium
3237 4556 3399 4609 passa
3421 4545 3512 4597 sit.
3550 4544 3565 4551 ’

2066 4624 2297 4679 Concilii
2322 4626 2594 4697 Ancyrani
2623 4642 2797 4681 canon
2828 4628 2919 4693 20;
2947 4631 3162 4687 concilii
3187 4631 3590 4688 Neocaesarien-

1998 4716 2076 4773 sis
2124 4732 2303 4773 canon
2333 4717 2386 4773 8.
2420 4717 2563 4789 Lege
2596 4736 2719 4790 quae
2752 4721 3012 4779 adnotata
3070 4733 3201 4781 sunt
3233 4727 3290 4780 in
3329 4740 3449 4797 cap.
3483 4726 3587 4791 52,

2000 4809 2082 4863 tit.
2116 4810 2137 4862 1
2184 4811 2471 4879 praesentis
2505 4812 2707 4881 operis.

2063 4921 2218 4977 CAP.
2249 4922 2355 4977 Vll.
2376 4952 2447 4963 -
2479 4922 2555 4978 De
2602 4934 2784 4995 stupro
2830 4935 2879 4981 et
2920 4927 3120 4998 nuptiis
3149 4926 3345 4989 vidule,
3389 4936 3439 4982 et
3472 4944 3588 4999 qua:

1996 5015 2159 5068 vidua
2192 5016 2424 5070 dicatur.

1927 5119 1971 5175 ο
2076 5104 2263 5160 Basilii
2289 5122 2465 5161 canon
2492 5106 2581 5175 10,
2621 5106 2710 5161 24.

3258 5098 3309 5108 σο.
3331 5098 3387 5109 ,μ

2066 5219 2221 5277 CAP.
2252 5218 2387 5277 Vlll.
2416 5250 2487 5262 -—-
2517 5222 2594 5278 De
2621 5224 2688 5277 iis
2716 5224 2807 5294 qui
2833 5226 3159 5279 matrimonii
3195 5242 3359 5281 causa
3398 5225 3591 5280 mulie-

2000 5331 2080 5369 res
2114 5318 2354 5385 rapiunt,
2392 5327 2484 5369 aut
2514 5316 2748 5384 violant,
2802 5329 2895 5372 aut
2936 5320 3164 5392 virgines
3210 5330 3585 5392 constuprant,

1999 5422 2043 5462 et
2076 5409 2140 5463 de
2171 5409 2237 5464 iis
2259 5411 2347 5478 qui
2369 5409 2477 5463 illis
2509 5412 2710 5465 conscii
2742 5422 2887 5467 sunt.

2071 5503 2459 5573 Apostolorum
2508 5519 2683 5558 canon
2729 5506 2836 5573 67;
2898 5508 3117 5562 concilii
3169 5508 3441 5580 Ancyrani
3498 5522 3591 5563 ca-

2001 5607 2109 5648 non
2134 5592 2222 5661 ll,
2247 5593 2350 5661 25;
2380 5594 2594 5670 concilii
2623 5594 3089 5655 Chalcedonensis
3115 5614 3293 5654 canon
3327 5599 3427 5665 ‘27;
3457 5616 3588 5653 con-

1999 5687 2463 5755 ciliisexticanon
2491 5687 2592 5755 92;
2625 5689 2809 5748 Basilii
2832 5708 3007 5750 canon
3028 5691 3121 5761 22,
3155 5692 3244 5759 50,
3270 5692 3359 5761 55,
3385 5691 3475 5762 58,
3502 5691 3593 5749 55.
