3928 6246
369 276 505 341 119.)
1526 280 1709 340 ΡΠοἹ
1730 281 1787 339 II
1822 281 1920 339 PA'

2067 280 2327 340 \RCH/E
2367 281 2475 342 CP.
3500 280 3618 345 19.00

433 392 609 455 chns
642 408 762 459 qua'
793 408 822 446 a
847 394 1049 447 luctata
1078 402 1205 448 sunt
1250 393 1303 447 in
1331 407 1453 463 cap.
1500 394 1591 457 30,
1628 396 1710 448 lit.
1738 394 1771 448 9
1809 410 1947 463 prac-
1982 449 1984 456 λ

2069 393 2329 462 Ξινάγνωθι
2356 395 2427 447 τὰ
2459 410 2791 465 παραγεγρα
2809 393 2989 465 μμένα
3032 394 3088 445 ἐν
3114 390 3191 462 τῷ
3217 390 3259 443 λ’
3302 409 3425 461 κειρ.
3465 395 3552 445 τοῦ
3582 394 3620 448 0'

364 486 539 542 sentis
564 487 769 556 operis.

2061 486 2167 539 τίτ.
2197 485 2392 540 τούτου
2425 486 2828 557 συντάγματος.

361 593 375 602 ’
435 602 589 659 CAP.
626 602 717 658 IX.
751 635 825 646 —
861 601 939 657 De
976 604 1059 657 his
1102 618 1222 673 qua:
1264 610 1459 671 prazter
1500 600 1823 657 voluntatem
1851 618 1912 672 pa

2131 601 2385 655 ΚΕΦΑΛ.
2420 600 2498 660 Θ’.
2552 630 2623 643 —-
2678 601 2821 671 Περὶ
2861 600 2982 654 τῶν
3028 599 3187 669 παρά
3224 598 3458 668 γνώμην
3508 599 3618 653 τῶι·

364 707 572 751 rentum
599 706 693 750 aut
725 697 1060 750 dominorum
1094 696 1319 751 nubunt.

2063 695 2301 749 οἰκείων
2333 696 2561 765 γονέων
2589 695 2628 765 ἢ
2661 694 2979 750 δεσποτῶν
3005 692 3348 771 γαμουσὼν.

394 852 399 861 η
434 792 622 847 Basilii
658 808 832 847 canon
861 792 953 858 38,
983 792 1073 857 41,
1110 793 1202 846 42.

2133 788 2423 841 Βασιλείου
2461 788 2645 842 κανὼν
2671 788 2779 860 λη’,
2823 796 2933 859 μα’,
2968 789 3074 859 μβκ

437 883 656 939 Textus.
684 887 790 951 Qui
816 900 1005 954 quaeve
1029 886 1082 938 in
1114 887 1341 941 alterius
1367 893 1636 956 potestate
1663 895 1814 949 sunt,
1848 902 1956 942 non

2132 882 2447 950 Κείμενον.
2480 881 2832 948 Ὑπεξουσία,
2862 882 2895 954 ἣ
2921 882 2949 934 ὁ
2984 879 3301 948 ὑπεξούσιος
3334 880 3391 932 οὐ
3419 878 3631 934 δύναται

364 984 599 1047 possunt
623 976 862 1046 legitime
885 978 1298 1032 matrimonium
1324 978 1671 1043 contrahere,
1698 993 1807 1031 non
1830 992 1915 1031 cor

2081 974 2314 1045 οομίμως
2344 977 2544 1047 γαμεῖν
2572 976 2647 1047 μὴ
2680 974 3058 1037 συναινοῦντος
3085 972 3179 1027 τοῦ
3205 973 3418 1044 ἔχοντος
3449 974 3632 1037 αὐτοὺς

364 1067 636 1123 sentiente
669 1083 735 1122 eo
772 1069 865 1138 qui
895 1070 1020 1123 illos
1063 1072 1113 1123 in
1156 1081 1425 1140 potestate
1461 1073 1667 1125 habet:
1697 1082 1757 1125 ut
1800 1071 1897 1125 lib.

2083 1066 2424 1133 iueioociwg,
2456 1068 2532 1131 ὡς
2555 1068 2759 1139 βιϐλίον
2809 1076 2847 1121 ε’
2901 1067 2994 1121 τοῦ
3046 1066 3276 1129 κώδικος
3308 1066 3412 1120 τίτ.
3450 1066 3515 1119 δ”
3549 1067 3634 1118 καὶ

364 1158 524 1222 Cod,
553 1158 636 1213 tit.
670 1158 724 1224 4,
749 1168 804 1213 et
831 1160 925 1213 lib.
946 1176 1072 1224 xxv,
1096 1160 1180 1215 tit.
1206 1160 1241 1213 ‘2
1269 1160 1545 1234 [traditur]
1575 1180 1587 1217 :
1612 1170 1763 1216 extra
1791 1178 1915 1233 quat

2086 1158 2269 1212 1ι6λίον
2296 1166 2403 1229 κγ’,
2431 1162 2538 1213 τίτ.
2566 1160 2633 1231 β’,
2680 1161 2730 1214 εἰ
2763 1160 2838 1233 μὴ
2888 1161 3178 1229 γεγονυῖαν
3223 1158 3322 1229 τὴν
3373 1158 3637 1228 θυγατέρα

365 1255 409 1306 si
433 1250 599 1324 [quis]
632 1252 795 1307 ﬁliam
828 1253 1017 1325 viginti
1043 1254 1285 1323 quinque
1316 1270 1491 1310 annos
1522 1266 1701 1309 natam
1732 1255 1808 1328 [in
1843 1272 1916 1310 m:

2085 1258 2144 1305 ιε’
2196 1253 2464 1306 ἐνιαυτῶν
2518 1253 2816 1323 ὑπερέθετο
2875 1253 3098 1321 ζεῦξαν
3146 1252 3270 1305 τότε
3309 1253 3415 1322 γὰρ
3451 1251 3636 1321 ἑαυτὴν

365 1345 712 1419 trimonium]
747 1346 959 1401 elocare
979 1346 1215 1403 differat.
1243 1345 1397 1401 Tunc
1432 1347 1576 1400 enim
1607 1347 1749 1420 [illa]
1777 1348 1916 1402 liber.

2086 1344 2369 1417 ;λευθέρως
2402 1345 2591 1413 ζεῦξαι
2630 1346 2852 1401 δύναται
2876 1347 2951 1411 ὠς
2979 1349 3014 1418 ἡ
3064 1346 3193 1417 περὶ
3226 1343 3335 1399 τῶν
3378 1346 3435 1399 ἐν
3465 1343 3637 1416 κλήρῳ

366 1435 700 1491 conditionis
741 1437 951 1492 homini
991 1438 1228 1507 seipsam
1282 1435 1682 1509 [matrimonio]
1727 1436 1917 1508 jungei

1282 1435 1682 1509 [matrimonio]
1727 1436 1959 1508 jungcre
2063 1436 2433 1509 εὐχαριστιῶν
2468 1439 2789 1511 ριεννεαρά.

364 1535 585 1595 petest:
618 1528 1082 1596 quemadmodum
1108 1545 1231 1599 qua:
1267 1527 1335 1583 de
1359 1528 1752 1599 ingratitudine
1786 1530 1959 1585 luere-

365 1619 494 1674 dum
531 1618 772 1692 [tractat]
807 1622 1021 1675 novella
1058 1621 1159 1675 115
1190 1618 1420 1692 [docet].

436 1710 728 1767 Scholium.
759 1712 924 1768 Tit.‘
945 1714 1041 1772 lib.
1063 1712 1250 1770 vCod.
1275 1714 1484 1783 positus
1506 1722 1591 1769 est
1638 1712 1692 1767 in
1743 1726 1866 1784 cap.
1887 1714 1959 1768 27
2006 1716 2089 1771 tit.
2118 1717 2151 1772 4
2188 1718 2285 1773 lib.
2332 1718 2499 1776 Basil.
2537 1734 2729 1775 xxvm.
2759 1718 2931 1787 Quale
2962 1728 3142 1774 tamen
3208 1733 3331 1788 cap.
3393 1714 3448 1770 in
3505 1722 3640 1769 textu

366 1807 629 1877 scriptum
668 1817 774 1873 est,
818 1808 1026 1862 nullum
1073 1808 1126 1862 in
1172 1817 1287 1863 toto
1338 1806 1488 1879 [illo]
1521 1808 1603 1862 tit.
1646 1817 1752 1862 est.
1794 1809 1949 1875 Quod
2006 1824 2189 1867 autem
2226 1814 2318 1884 qui
2378 1830 2567 1885 quaeve
2620 1816 2671 1869 in
2706 1824 2975 1886 potestate
3018 1821 3181 1877 sunt,
3226 1813 3375 1865 circa
3420 1821 3641 1863 consen-

364 1914 487 1953 sum
515 1899 636 1964 ejus
656 1901 749 1970 qui
775 1916 872 1955 eos
896 1902 948 1955 in
976 1910 1245 1971 potestate
1283 1902 1475 1966 habet,
1525 1900 1766 1972 legitime
1820 1903 2235 1959 matrimonium
2284 1907 2611 1961 contrahere
2652 1922 2760 1961 non
2815 1905 3067 1976 possint:
3116 1903 3193 1976 [id
3221 1899 3376 1972 vero]
3414 1916 3478 1955 ex
3522 1897 3646 1952 mul-

367 1988 439 2042 tis
493 2006 613 2059 cap.
677 1992 1029 2047 manifestum
1066 2002 1171 2049 est.
1211 1992 1319 2047 Tit.
1352 1994 1386 2046 2
1429 1993 1521 2047 lib.
1569 2009 1702 2048 χχιιι
1740 1994 1859 2065 Dig.
1897 2005 1980 2051 est
2026 1997 2079 2051 in
2107 2014 2228 2068 cap.
2280 1999 2305 2053 1
2357 1999 2482 2054 tit.‘
2529 1999 2623 2056 lib.
2668 2016 2883 2066 xxviii;
2935 2008 3098 2069 atque
3126 1996 3377 2067 ejusdem
3412 1994 3495 2048 tit.
3530 2007 3643 2060 cap.

370 2081 408 2134 2
462 2083 536 2138 ait
597 2101 612 2136 :
669 2082 786 2138 Non
840 2086 1154 2141 consistunt
1219 2087 1455 2156 nuptiae,
1516 2087 1621 2143 nisi
1658 2088 1752 2157 qui
1805 2088 2242 2159 conjungantur,
2299 2093 2507 2162 quique
2557 2108 2655 2149 eos
2712 2092 2766 2148 in
2823 2099 3091 2162 potestate
3135 2089 3365 2152 habent,
3428 2100 3645 2140 consen-

368 2178 527 2231 tiant.
585 2176 808 2233 Novella
846 2180 950 2233 115
997 2190 1080 2234 est
1122 2180 1177 2234 in
1222 2196 1342 2251 cap.
1392 2180 1461 2235 '58
1493 2181 1575 2237 tit.
1628 2181 1661 2235 8
1690 2182 1783 2236 lib.
1816 2197 1948 2245 xxv,
2005 2182 2196 2249 Basil.,
2223 2194 2385 2254 atque
2416 2186 2484 2240 12
2513 2185 2633 2256 ejus
2678 2200 2801 2255 cap.
2830 2186 2946 2239 haec
2994 2182 3129 2237 dicit
3164 2200 3177 2237 :
3213 2181 3271 2236 Si
3303 2180 3390 2235 cui
3427 2195 3491 2233 ex
3523 2193 3648 2248 pra:-

366 2271 528 2326 dictis
579 2272 900 2341 parentibus
951 2272 1073 2327 ﬁliae
1121 2273 1339 2343 neptive
1388 2288 1503 2328 suae
1544 2273 1801 2327 maritum
1835 2275 2003 2340 dare,
2062 2283 2117 2330 et
2174 2278 2479 2332 secundum
2535 2276 2684 2332 vires
2736 2274 3051 2346 patrimonii
3109 2273 3193 2329 sui
3227 2287 3330 2343 pro
3370 2287 3433 2326 ea
3483 2273 3646 2325 dotem

367 2365 565 2421 offerre
622 2365 848 2431 volenti,
900 2365 990 2419 illa
1039 2381 1145 2420 non
1197 2366 1563 2433 consenserit,
1604 2367 1701 2423 sed
1737 2374 1955 2437 turpem
2010 2368 2174 2423 vitam
2220 2370 2479 2441 delegerit
2514 2388 2527 2424 :
2562 2370 2656 2425 sed
2693 2370 2739 2425 si
2798 2370 2905 2424 ﬁlia
2949 2368 3017 2423 ad
3061 2382 3262 2422 annum
3314 2365 3490 2420 aetatis
3516 2364 3648 2418 vice-

366 2460 569 2516 simum
627 2459 877 2529 quintum
931 2460 1262 2528 pervenerit,
1299 2466 1353 2513 et
1405 2468 1658 2528 parentes
1700 2458 1953 2515 differant
2012 2464 2215 2517 marito
2260 2479 2381 2518 eam
2436 2465 2793 2533 conjungere,
2844 2472 2897 2518 et
2942 2478 3009 2516 ex
3045 2461 3151 2516 hoc
3200 2460 3488 2530 contingat
3510 2468 3565 2511 ut
3591 2457 3642 2511 in

366 2567 569 2621 corpus
615 2552 755 2606 forte
801 2565 961 2606 suum
998 2561 1219 2621 peccet,
1273 2551 1377 2606 hoc
1427 2552 1495 2606 ad
1546 2552 1989 2624 ingratitudinem
2048 2555 2307 2626 imputari
2358 2555 2483 2610 ﬁlia:
2539 2556 2847 2609 nolumus:
2894 2551 3343 2625 quandoquidem
3376 2567 3481 2605 non
3536 2564 3648 2616 sua,

366 2640 465 2695 sed
523 2652 812 2712 parentum
879 2643 1039 2712 culpa
1064 2644 1169 2697 hoc
1226 2642 1525 2711 deliquisse
1589 2644 1950 2715 dignoscitur.
2005 2647 2185 2716 Atque
2230 2647 2346 2701 haec
2392 2646 2614 2716 quidem
2673 2643 2883 2717 [habet]
2936 2644 3105 2699 Basil.
3167 2642 3376 2697 inserta
3426 2639 3646 2695 novella.

367 2734 449 2789 Tu
501 2751 629 2791 vero
668 2736 1094 2801 animadvertas,
1141 2734 1287 2804 quod
1340 2734 1448 2789 ﬁlia
1503 2744 1625 2805 post
1651 2736 1973 2793 vicesimum
2018 2738 2269 2808 quintum
2352 2752 2556 2792 annum
2613 2752 2670 2791 se
2720 2745 2916 2806 printer
2971 2735 3313 2789 voluntatem
3363 2732 3534 2802 patris
3575 2730 3649 2785 sui

368 2828 555 2885 liberae
611 2829 943 2885 conditionis
996 2828 1205 2882 homini
1252 2828 1510 2883 connubii
1556 2828 1681 2899 jure
1740 2829 1970 2901 jnngere
2023 2831 2218 2900 possit,
2243 2828 2343 2903 [id]
2394 2831 2447 2885 in
2494 2830 2658 2885 Basil.
2696 2846 2803 2885 non
2844 2844 2967 2885 esse
3015 2838 3392 2898 assumptum,
3431 2828 3649 2898 ideoque

368 2922 669 2979 efficaciam
723 2937 832 2975 non
898 2920 1122 2975 habere.
1147 2919 1306 2973 Aliud
1358 2920 1651 2974 Scholium.
1699 2919 1835 2976 Nota
1875 2938 1997 2991 qua:
2057 2923 2110 2977 in
2148 2923 2406 2994 praesenti
2460 2922 2495 2978 9
2526 2938 2648 2993 cap.
2686 2922 2754 2977 de
2782 2921 3002 2977 ﬁliabus
3052 2922 3107 2975 in
3147 2930 3424 2992 potestate
3452 2921 3649 2975 consti-

370 3016 505 3074 tutis
559 3016 762 3083 scripta
831 3019 979 3066 sunt.
1034 3009 1306 3077 Quoniam
1338 3024 1468 3063 vero
1528 3010 1778 3064 nonnulli
1859 3011 2140 3078 dixerunt,
2177 3013 2341 3067 tiliam
2398 3026 2521 3080 quae
2579 3022 2703 3082 post
2763 3012 3088 3067 vicesimum
3153 3013 3415 3081 quintum
3461 3026 3650 3065 annum

368 3105 696 3171 fornicatur,
748 3104 1050 3162 secundum
1113 3103 1182 3158 12
1246 3117 1366 3172 cap.
1414 3101 1500 3155 tit.
1548 3100 1583 3155 8
1641 3101 1736 3157 lib.
1786 3117 1931 3156 xxxv
1988 3102 2179 3168 Basil.,
2237 3104 2377 3173 quod
2467 3102 2557 3158 hic
2619 3105 2785 3157 etiam
2843 3104 3108 3159 insertum
3164 3113 3282 3167 est,
3338 3118 3446 3157 non
3507 3116 3655 3174 posse

370 3200 705 3259 exhaeredari
743 3217 760 3265 ;
809 3214 930 3269 quae
966 3210 1094 3253 vero
1136 3197 1310 3261 nubit,
1349 3211 1514 3265 posse
1550 3214 1563 3250 :
1599 3197 1743 3265 quod
1791 3196 1957 3251 ﬁliam
2025 3208 2143 3265 p05t
2175 3197 2497 3252 vicesimum
2543 3196 2805 3266 quintum
2836 3213 3041 3252 annum
3094 3209 3295 3268 prazter
3330 3200 3651 3253 voluntatem

368 3296 541 3369 patris
574 3294 658 3350 sui
687 3308 745 3349 se
773 3290 1035 3348 connubii
1070 3290 1193 3360 jure
1216 3290 1334 3343 viro
1360 3288 1588 3359 jungere
1614 3302 1793 3358 posse,
1827 3304 1936 3342 non
1992 3290 2062 3343 sit
2110 3290 2377 3345 insertum
2433 3288 2625 3354 Basil.,
2681 3288 2827 3352 dico,
2887 3290 3032 3359 quod
3089 3306 3213 3344 cum
3279 3292 3506 3355 eadem,
3546 3304 3657 3360 qua:

374 3405 572 3448 causas
604 3388 675 3443 ob
691 3402 830 3457 quas
856 3393 1111 3456 parentes
1143 3382 1348 3437 liberos
1384 3395 1444 3435 ex
1459 3380 1733 3435 ha-redare
1758 3391 1993 3451 possunt
2019 3390 2327 3446 enumerat,
2381 3379 2724 3436 Justinianea
2775 3382 2989 3437 novella
3038 3392 3265 3447 statuat,
3302 3394 3361 3437 ut
3396 3382 3487 3455 qui
3518 3384 3652 3441 ﬁlius

370 3493 570 3556 printer
622 3476 1001 3555 [consensum]
1040 3477 1210 3548 patris
1239 3490 1364 3531 cum
1418 3475 1602 3529 mimis
1656 3482 1751 3530 aut
1810 3476 2078 3531 arenariis
2128 3476 2486 3531 venatoribus
2544 3487 2944 3540 conversatur,
2996 3476 3417 3541 exhwredetur,
3466 3478 3655 3533 debea-

372 3593 500 3634 mus
520 3578 720 3641 dicere,
748 3572 1165 3629 fornicationem
1192 3575 1358 3638 atque
1383 3566 1601 3637 nuptias
1625 3567 1761 3623 alias
1793 3568 1951 3621 venia
2010 3569 2317 3638 dignandas
2343 3609 2357 3635 ,
2419 3569 2558 3625 alias
2596 3583 2730 3624 non.
2783 3567 3063 3639 Siquidem
3100 3568 3145 3623 si
3198 3570 3334 3636 tilia,
3388 3571 3503 3626 sive
3541 3581 3656 3627 ante

374 3672 671 3749 perfectam
712 3673 925 3721 aitatem
968 3662 1082 3717 sive
1112 3670 1254 3730 post,
1302 3659 1641 3713 matrimonii
1681 3660 1799 3729 lege
1830 3675 1952 3712 cum
2017 3661 2134 3715 viro
2175 3660 2309 3734 [non
2357 3660 2610 3733 omnino]
2644 3660 2994 3731 vituperabili
3041 3661 3341 3731 conjuncta
3403 3663 3582 3729 fuerit,
3604 3665 3658 3715 υι

376 3781 486 3823 non
548 3774 765 3835 gravem
810 3766 966 3827 pater
1014 3769 1083 3808 ex
1129 3752 1333 3820 nuptiis
1387 3751 1645 3820 injuriam
1705 3752 1959 3821 accipiat,
2014 3755 2428 3810 matrimonium
2472 3755 2693 3825 quidem
2744 3763 3001 3824 tanquam
3033 3757 3181 3825 quod
3235 3757 3542 3812 consistere
3566 3772 3652 3809 nc-

377 3866 565 3931 queat,
612 3870 677 3909 ex
723 3850 963 3906 aditione
992 3844 1164 3918 patris
1199 3844 1290 3918 [ad
1334 3843 1600 3915 judicem]
1640 3844 1994 3910 dissolvetur,
2044 3847 2139 3903 sed
2185 3846 2295 3902 ﬁlia
2325 3864 2434 3902 non
2461 3847 2922 3904 cxhaaredabitur.
2955 3846 3113 3914 Quod
3146 3848 3325 3919 ipsum
3368 3866 3500 3905 sane
3523 3849 3656 3906 futu-

377 3970 500 4013 rum
534 3952 699 4008 etiam
729 3955 833 4013 est,
877 3946 921 4001 si
956 3943 1121 3999 simili
1159 3940 1320 3994 modo
1361 3939 1629 3996 fornicata
1677 3939 1861 3996 fuerit.
1886 3941 1957 3996 At
2008 3942 2124 3998 sive
2166 3958 2283 4014 per.
2312 3944 2569 4014 nuptias,
2620 3943 2736 4001 sive.
2795 3959 2891 4013 per
2928 3943 3351 3999 fornicationem
3398 3941 3655 4019 [omnino]

379 4064 599 4125 gravem
619 4044 758 4117 patri
778 4040 1033 4113 injuriam
1057 4038 1323 4103 intulerit,
1340 4036 1795 4093 exhaeredabitur.
1821 4037 1964 4093 Idem
2034 4054 2165 4094 vero
2190 4048 2244 4094 et
2282 4040 2336 4095 in
2366 4040 2478 4095 lilio
2512 4039 2624 4095 ﬁet.
2673 4038 2750 4094 De
2792 4039 3154 4095 fornicatione
3203 4049 3389 4096 autem
3422 4040 3656 4095 adhibito

378 4142 701 4202 discrimine
731 4144 1028 4210 quaeretur.
1052 4132 1173 4186 Alia
1197 4132 1344 4186 enim
1373 4129 1661 4197 diuturna,
1692 4129 1799 4184 alia
1826 4132 2157 4201 temporaria
2185 4143 2290 4188 est.

456 4278 610 4333 CAP.
662 4274 735 4331 Χ.
766 4304 832 4315 -
860 4270 937 4325 De
984 4267 1293 4323 mulieribus
1340 4264 1761 4336 fornicantibus,
1800 4266 1965 4335 fetum
2000 4266 2007 4319 Ι

2141 4273 2396 4328 ΚΕΦΑΛ.
2423 4271 2479 4327 l'.
2496 4302 2569 4312 ——
2583 4270 2724 4339 Περὶ
2761 4270 2881 4325 τῶν
2901 4271 3358 4339 πορνευουσῶν,
3380 4274 3476 4327 καὶ
3504 4274 3657 4329 ἀναι-

381 4369 776 4442 pcrimentibus,
828 4366 903 4419 vel
961 4364 1030 4417 ad
1077 4364 1338 4415 necandos
1389 4359 1529 4429 fetus
1584 4360 1932 4413 medicament

1918 4368 1972 4411 la
2072 4365 2321 4435 ρουσῶν
2354 4366 2427 4421 τὰ
2455 4368 2791 4437 τικτόμενα,
2821 4364 2859 4434 ἢ
2885 4364 3195 4419 ποιουσῶν
3225 4366 3460 4435 φθόρια.

385 4462 805 4534 conﬁcientibus.

455 4574 686 4633 Concilii
715 4570 991 4641 Aneyrani
1021 4583 1197 4624 canon
1231 4568 1292 4621 2|
1331 4583 1346 4633 ;
1376 4566 1596 4621 concilii
1626 4565 1765 4622 sexti
1792 4578 1969 4618 canon

2150 4570 2381 4624 Συνόδου
2426 4568 2703 4640 Ἀγκύρας
2752 4568 2935 4622 κανὼν
2965 4567 3080 4621 xu"
3131 4566 3353 4621 συνόδου
3380 4574 3435 4633 ς’
3480 4565 3649 4622 κανὼν

384 4674 445 4728 91
492 4688 507 4738 ;
541 4667 723 4724 Basilii
760 4680 936 4720 canon
964 4663 1019 4727 2,
1046 4663 1100 4727 8,
1134 4662 1224 4717 52.

2082 4669 2171 4732 bal
2192 4681 2204 4695 θ
2244 4663 2527 4717 Βασιλείου
2561 4661 2744 4716 κανὼν
2773 4661 2840 4732 β’,
2866 4666 2941 4731 η’,
2969 4659 3069 4729 νβ’.

360 4796 379 4805 “
459 4785 678 4841 Toxlus.
720 4780 933 4836 Dicitur
973 4778 1069 4834 lib.
1127 4792 1271 4831 van
1303 4818 1317 4842 ,
1345 4776 1427 4831 tit.
1458 4776 1544 4841 11,
1604 4773 1721 4844 Dig.
1778 4774 1831 4836 4,
1863 4780 1911 4825 et

2156 4778 2480 4846 ΚεΙμενον.
2514 4775 2746 4846 Εἴρηται
2776 4772 2969 4844 βιϐλίῳ
3002 4770 3091 4841 tu?
3112 4812 3127 4836 ,
3162 4772 3269 4831 xix.
3306 4769 3397 4835 ια’,
3430 4770 3568 4826 διάτ.
3598 4768 3655 4836 δ’,

382 4896 545 4951 usque
571 4880 642 4931 ad
666 4877 852 4930 datum
878 4875 968 4938 sit,
1001 4881 1058 4925 ut
1086 4888 1209 4941 pag.
1237 4869 1361 4924 925.

2100 4871 2220 4938 5τιὴ
2253 4868 2529 4938 ἐπιτηδὲς,
2557 4885 2612 4922 κ.
2645 4886 2696 4922 τ.
2730 4867 2780 4921 λ.
2835 4880 3009 4936 usque
3045 4865 3136 4930 ad,
3166 4865 3274 4918 κᾶν
3307 4865 3477 4937 χωρὶς
3507 4864 3651 4917 δόλον

2081 4964 2142 5014 τὸ
2172 4961 2325 5031 πόμα
2354 4960 2608 5014 δέδωκεν.

384 5046 415 5065 ᾖ
458 5065 753 5123 Sclzolium.
804 5063 1006 5131 Digest.
1042 5061 1077 5114 4
1112 5060 1194 5113 lit.
1225 5060 1287 5113 11
1335 5059 1435 5113 lib.
1466 5074 1610 5113 XLVII
1673 5058 1792 5128 Dig.
1833 5066 1917 5112 est
1977 5072 2097 5128 cap.
2156 5058 2226 5111 24
2272 5057 2354 5111 tit.
2412 5056 2485 5110 22
2536 5056 2631 5111 lib.
2688 5070 2753 5109 1.x
2821 5054 3011 5117 Basil.,
3043 5052 3190 5123 quod
3228 5052 3381 5117 dicit,
3431 5062 3489 5106 ut
3527 5050 3654 5104 scri-

381 5168 530 5229 ptum
564 5166 666 5212 cst.
702 5153 817 5223 Dig.
848 5152 985 5207 8tit.
1012 5149 1045 5203 8
1078 5151 1168 5204 lib.
1201 5164 1364 5203 vant
1393 5164 1501 5203 non
1550 5149 1785 5219 positum
1820 5159 1903 5203 est
1969 5147 2024 5200 in
2078 5148 2244 5203 Basil.
2301 5146 2421 5216 Dig.
2480 5146 2550 5202 59
2624 5146 2708 5200 tit.
2754 5145 2821 5200 19
2888 5146 2982 5199 lib.
3025 5161 3190 5200 xum
3242 5146 3363 5217 Dig.
3407 5155 3493 5199 est
3533 5158 3648 5214 cap.

380 5254 450 5315 29
500 5252 582 5305 tit.
627 5250 687 5303 51
729 5246 823 5300 lib.
882 5261 947 5299 ωε
996 5243 1186 5307 Basil.,
1228 5258 1292 5298 ac
1347 5242 1479 5296 dicit
1535 5258 1875 5314 quaecunque
1920 5244 2123 5314 scripta
2191 5252 2338 5299 sunt.
2388 5243 2503 5315 Dig.
2542 5242 2611 5298 58
2642 5242 2889 5312 ejusdem
2933 5240 3028 5296 lib.
3074 5250 3129 5297 et
3183 5241 3265 5296 tit.
3288 5248 3372 5296 est
3409 5242 3586 5297 thema
3623 5241 3653 5291 6

381 5359 500 5412 cap.
533 5340 601 5395 58
634 5339 717 5392 tit.
758 5337 820 5390 51
861 5336 950 5390 lib.
1006 5350 1073 5388 1.x
1130 5332 1319 5399 Basil.,
1362 5336 1527 5399 quod,
1559 5350 1681 5405 qum
1721 5336 2106 5405 compendiose
2134 5340 2416 5407 proposita
2441 5345 2588 5400 sunt,
2625 5343 2834 5390 narrat.

426 5462 581 5519 CAP.
635 5459 729 5513 Χῐ.
772 5478 845 5494 --
880 5457 956 5511 De
1007 5459 1073 5511 iis
1102 5458 1192 5527 qui
1275 5455 1653 5511 abominantur
1697 5455 1974 5507 matrimo-

2149 5454 2399 5507 ΚΕΦΛΛ.
2438 5450 2538 5505 lA"
2571 5481 2637 5492 --
2674 5450 2813 5519 Περὶ
2840 5449 2960 5504 τῶν
2984 5428 3503 5519 βδελυσσομένων
3552 5448 3650 5500 τὸν

380 5557 546 5620 nium,
581 5571 791 5608 carnem
829 5563 877 5605 ct
910 5552 1109 5606 viuum.

1988 5580 1993 5595 ν
2074 5546 2286 5617 γάμον,
2322 5546 2421 5600 καὶ
2452 5546 2617 5614 κρέα,
2649 5545 2745 5598 καὶ
2773 5542 2960 5600 οἶνον.

455 5668 841 5737 Apostolorum
880 5678 1055 5718 canon
1102 5664 1161 5716 51
1204 5682 1216 5729 ;
1252 5663 1468 5718 concilii
1510 5660 1851 5732 Gangrensus
1876 5676 1967 5715 ca-
1999 5680 2006 5722 4

2162 5661 2506 5717 ’Λποστόλων
2543 5661 2724 5712 κανὼν
2755 5666 2834 5711 ναν
2867 5674 2880 5689 ο
2921 5659 3141 5711 συνόδου
3180 5658 3433 5729 Γάγγρας
3482 5655 3646 5709 κανὼν

380 5776 487 5813 non
526 5762 571 5825 1,
597 5761 649 5824 ‘2,
676 5761 727 5826 4,
762 5759 835 5824 9;
874 5756 1046 5812 Basil.
1080 5770 1255 5811 canon
1281 5757 1369 5821 28,
1401 5755 1486 5809 85.

2094 5761 2161 5819 α’,
2190 5753 2255 5824 β’,
2285 5754 2347 5821 δ’,
2377 5754 2419 5807 ϐ’
2444 5772 2455 5784 ·
2496 5755 2777 5807 Βασιλεὶου
2816 5754 2995 5809 κανὼν
3032 5761 3136 5823 κη’,
3174 5759 3273 5808 πε’.
