3928 6246
323 255 455 322 1201

1178 268 1666 334 NOMOCANON.
1706 297 1775 309 -
1813 274 1960 335 TIT.
2004 277 2151 339 XIII
2214 280 2371 342 CAP.
2414 281 2754 347 IX-XVIII.

3468 283 3606 350 1202

383 376 637 470 ΚΕΦΑΛ.
669 377 771 433 lB’.
797 409 867 421 —
893 382 1034 452 Περὶ
1072 385 1304 442 λαῖκῶν
1327 389 1585 456 ἑαυτοὺς
1633 391 1904 463 ἀκρωτη-

2081 392 2237 448 CAP.
2270 392 2388 451 XII.
2431 426 2500 437 —
2530 395 2606 453 De
2632 397 2787 453 laicis
2815 397 2919 453 sibi
2966 398 3145 453 virilia
3178 402 3600 470 amputantibus.

304 467 538 538 ριαζόντ
548 489 651 525 ων.

402 561 744 620 Ἀποστόλων
770 566 953 623 κανὼν
981 568 1090 639 κβ’,
1122 571 1199 625 κδ’
1221 587 1236 603 ·
1294 574 1515 628 συνόδου
1545 576 1781 642 Νικαίας
1810 597 1907 634 καο

314 650 422 705 νὼν
468 660 517 708 α’
545 672 559 685 ο
597 658 874 727 ἀνάγνωθι
921 661 992 716 τὰ
1046 668 1566 738 παραγεγραμμένοι
1618 672 1676 724 ἐν
1710 671 1789 743 τῷ
1842 671 1904 725 ιδ’

313 763 441 817 κεφ.
472 748 569 803 τοῦ
595 756 643 803 α’
669 750 776 806 τίτ.
806 753 902 807 τοῦ
933 756 1202 827 παρόντος
1235 760 1638 830 συντάγματος.

386 886 641 942 ΚΕΦΑΔ.
678 886 778 944 ῙΓ’.
801 920 874 932 --
919 890 1061 962 Περὶ
1085 892 1319 947 λαῖκῶν
1365 896 1698 951 ἐσθιόντων
1732 898 1900 953 εἰδω-

307 980 556 1045 λόθυτα,
575 980 613 1051 ἢ
640 981 785 1051 κρέα
803 983 873 1038 ἐν
893 986 1115 1055 αἵματι,
1137 986 1176 1058 ἢ
1203 988 1446 1055 πνικτὰ,
1471 988 1510 1059 ἣ
1530 990 1895 1062 θηριάλωτα,

307 1068 346 1136 ἢ
380 1073 726 1142 θνησιμαῒα.

395 1164 736 1223 ’Δποστόλων
765 1171 948 1226 κανὼν
973 1171 1101 1240 ξς’.
1137 1176 1359 1230 συνόδου
1404 1178 1682 1251 Ἀγκύρας
1716 1181 1901 1236 κανὼν

309 1260 373 1308 ι’·
413 1259 636 1313 συνόδου
688 1263 945 1336 Γάγγρας
997 1267 1178 1321 κανὼν
1226 1269 1304 1339 ﬂ"
1358 1271 1577 1325 συνόδου
1623 1280 1677 1337 ς’
1718 1274 1899 1328 κανὼν

309 1344 423 1411 ξξ¹⁶
458 1351 762 1425 Γρηγορίου
825 1358 920 1411 τοῦ
952 1358 1384 1433 Θαυματουργοῦ
1434 1368 1499 1418 ὲκ
1536 1366 1637 1437 τῆς
1686 1368 1902 1421 ἐπιστο-

305 1443 407 1515 λῆς
437 1448 537 1519 τῆς
575 1454 705 1524 περὶ
743 1455 851 1509 τῶν
894 1457 964 1511 τὰ
996 1458 1331 1514 εἰδωλόθυτα
1366 1462 1672 1531 φαγόντων,
1726 1462 1893 1519 Βασι-

303 1539 450 1595 λείου
475 1545 660 1600 κανὼν
690 1547 803 1603 πα’.

378 1658 633 1723 ΚΕΦΑΛ.
670 1659 767 1722 1Δ¹.
804 1665 1027 1735 -Περὶ
1047 1667 1202 1723 λαοῦ
1233 1669 1575 1741 ὑϐρίζοντος
1597 1674 1892 1738 βασιλέα.

389 1843 730 1898 ’Λποστόλων
750 1846 933 1901 κανὼν
960 1848 1065 1903 πδό
1083 1851 1359 1919 ἀνάγνωθι
1381 1854 1451 1908 τὰ
1480 1873 1890 1930 παραγεγραμ-

301 1935 443 2004 μὲνα
473 1938 531 1990 ὲν
561 1938 642 2009 τῷ
670 1940 758 2005 λς’
786 1958 911 2011 κεφ.
939 1943 1034 1997 τοῦ
1066 1943 1111 1998 6⁹
1160 1946 1264 2001 τὶτ.
1301 1948 1397 2002 τοῦ
1446 1950 1713 2021 παρόντος
1764 1971 1893 2008 συν·
1946 2008 1961 2035 ι

298 2030 606 2100 τάγματος.

374 2141 631 2198 ΚΕΦΑΛ.
656 2146 757 2203 ιιίο.
784 2180 850 2189 -—
894 2152 1033 2220 Περὶ
1075 2153 1413 2223 όρθοδόξων
1440 2136 1896 2228 λαμϐανόντων

299 2237 589 2305 εὐλογίας
625 2238 743 2293 ἀπὸ
774 2243 1105 2310 αἱρετικῶν,
1138 2244 1175 2313 ἣ
1225 2246 1544 2311 Ἰουδαίων,
1570 2248 1607 2317 ἢ
1642 2265 1897 2318 συνεορ-

298 2327 634 2394 ταζόντων,
672 2330 709 2401 ἢ
763 2337 1308 2403 συννηστευόντων
1381 2339 1692 2409 Ἰουδαίοις
1721 2385 1736 2407 ,
1798 2343 1900 2398 καὶ

300 2419 391 2472 ὅτι
420 2423 491 2475 οὐ
516 2421 613 2475 δεῖ
638 2421 720 2489 τῷ
738 2427 1016 2493 σαϐϐάτῳ
1043 2429 1386 2498 σχολάζειν,
1422 2433 1582 2487 ἀλλὰ
1630 2437 1783 2489 κατὰ
1830 2436 1898 2489 τὸ

300 2510 573 2567 δυνατόν
595 2515 711 2583 τὴν
744 2519 1064 2589 κυριακὴν,
1118 2522 1218 2576 καὶ
1264 2523 1398 2591 περὶ
1450 2526 1797 2596 εὐχομένων
1822 2528 1893 2581 ἐν

295 2607 712 2675 μοναστηρίῳ,
744 2607 781 2679 ἢ
809 2609 1169 2681 ἐκκλησίαις
1207 2616 1536 2685 αΙρετικῶν.

389 2699 735 2757 ’Λποστόλων
791 2704 972 2759 κανὼν
1014 2706 1105 2773 ge,
1163 2716 1245 2762 0"
1302 2711 1524 2765 συνόδου
1574 2712 1895 2779 Λοοδικείας

304 2792 492 2847 κανὼν
517 2795 583 2860 0',
614 2795 719 2859 10',
742 2797 843 2868 λβ¹,
877 2798 973 2865 λδ’,
1010 2799 1110 2864 λζ’,
1146 2801 1250 2873 λη’,
1284 2805 1363 2856 λθ⁹
1391 2820 1403 2832 '
1472 2804 1691 2857 συνόδου
1744 2808 1897 2877 Καρ-

301 2881 546 2955 θαγένης
572 2886 753 2942 κανὼν
789 2890 852 2955 ξ’,
883 2890 986 2962 λη’,
1042 2891 1120 2945 λϐ¹
1146 2910 1159 2925 ·
1186 2893 1461 2963 ἀνάγνωθι
1498 2894 1569 2948 τὰ
1595 2914 1891 2969 παραγρα-

303 2977 479 3044 φέντα
519 2980 577 3031 ἐν
602 2978 677 3051 τῷ
702 2981 773 3035 νε⁹
802 3001 927 3054 κεφ.
965 2984 1060 3040 τοῦ
1092 2994 1140 3056 γ’
1174 2987 1280 3042 τίτ.
1322 2988 1417 3042 τοῦ
1452 2989 1723 3060 παρόντος
1766 3008 1894 3045 συν-

303 3069 612 3140 τάγματος,
648 3074 740 3127 καὶ
767 3073 809 3128 δ’
840 3093 965 3147 κεφ.
994 3076 1089 3131 τοῦ
1124 3078 1167 3145 ζ’
1192 3080 1296 3133 τίτ.

378 3182 632 3239 ΚΕΦᾹΛ.
661 3184 773 3253 IG'.
824 3218 894 3228 --
923 3190 1065 3258 Περὶ
1109 3190 1339 3245 λαὶκῶν
1396 3195 1779 3263 πειρωμένων
1805 3195 1893 3265 μὴ
1927 3149 1972 3211 C

302 3266 463 3326 εἶναι
490 3274 632 3340 τοὺς
653 3279 980 3346 κληρικοὺς
1004 3278 1124 3334 τῶν
1133 3284 1583 3353 μοναστηρίων,
1617 3290 1718 3339 καὶ
1736 3298 1891 3340 πτω-

302 3366 507 3433 χεῐων,
567 3371 663 3423 καὶ
706 3374 1051 3443 μαρτυρίων
1099 3374 1221 3431 ὑπὸ
1259 3376 1375 3446 τὴν
1431 3377 1725 3444 ἐξουσίαν
1776 3377 1896 3434 τῶν

302 3456 678 3517 ἐπισκόπων.

380 3549 609 3605 Συνόδου
648 3554 991 3627 Χαλκηδόνος
1014 3561 1194 3615 κανὼν
1222 3569 1296 3633 η’.

379 3662 635 3721 ΚΕΦΑΛ.
681 3670 778 3726 ΙΖ¹.
825 3704 897 3713 -
945 3677 1087 3744 Περὶ
1134 3676 1362 3733 λαῐκῶν
1409 3682 1897 3751 προστιθεμένων

303 3756 433 3824 τοῖς
462 3758 928 3835 ἁφοριζομένοις,
948 3768 988 3837 ἣ
1012 3770 1422 3841 ἀποσχίζουσι
1444 3774 1895 3846 πρεσϐυτέροις,

304 3851 406 3903 καὶ
460 3852 643 3921 χωρὶς
687 3856 810 3912 τῶν
851 3859 1203 3918 ἐπισκόπων
1250 3862 1451 3919 αὐτῶν
1488 3868 1896 3937 θυσιαστήρια

306 3948 729 4012 πηῖνυόντων.

392 4038 734 4097 Ἀποστόλων
783 4045 963 4099 κανὼν
1025 4045 1127 4101 λα”
1188 4049 1469 4117 ἀνάγνωθι
1507 4049 1577 4104 τὰ
1635 4068 1887 4122 παραγε-

306 4134 612 4204 γραμμένα
661 4137 718 4188 ὲν
776 4136 854 4208 τῷ
895 4138 957 4192 ιδ’
997 4157 1124 4210 κεφ.
1178 4141 1274 4195 τοῦ
1338 4140 1609 4212 παρόντος
1660 4142 1894 4211 συντάγ-

312 4242 505 4295 ματος.

382 4344 635 4400 ΚΕΦΛΛ.
670 4346 775 4404 ιη’.
809 4378 879 4388 -—
910 4349 1050 4419 Περὶ
1082 4349 1399 4417 ἐπιόρκων,
1435 4350 1533 4404 καὶ
1570 4349 1641 4402 ἐν
1698 4350 1897 4416 ποίοις

309 4433 407 4489 δεῖ
429 4437 573 4503 τοὺς
604 4440 941 4508 ὀμνύοντας
959 4442 1046 4512 μὴ
1072 4444 1366 4513 εὐορκεῖν.

382 4547 670 4602 Βασιλείου
709 4551 889 4606 κανὼν
914 4559 966 4617 ι’,
1003 4550 1089 4619 ιζ,
1121 4553 1225 4620 κθ’,
1251 4555 1324 4621 ξδ’
1355 4554 1467 4627 πβ’.

382 4642 693 4709 Κείιιενον.
732 4643 867 4716 Περὶ
900 4646 1174 4718 ἐπιόρκων
1202 4650 1419 4719 εἴρηται
1446 4649 1636 4721 βιϐλίῳ
1657 4649 1746 4722 ιβ’,
1788 4649 1897 4705 τίτ.

316 4731 382 4801 β’,
416 4732 511 4786 καὶ
544 4732 759 4806 βιϐλίῳ,
788 4753 842 4791 κ.
861 4754 913 4793 τ.
938 4736 991 4791 λ.
1031 4754 1205 4811 usque
1226 4739 1317 4807 ad,
1343 4742 1444 4795 οὐκ
1472 4741 1898 4812 ἁναψηλαφᾶται

314 4829 347 4899 ἡ
373 4827 652 4892 ὑπόθεσις.

2083 579 2473 648 Apostolorum
2527 596 2703 637 canon
2742 581 2967 649 22,24;
3021 585 3242 640 concilii
3268 584 3471 641 Μείεηί
3511 605 3603 641 cu-

2015 683 2123 722 non
2175 669 2227 723 1.
2262 668 2406 742 Lege
2437 686 2558 741 qua:
2609 673 2868 729 adnotata
2909 682 3041 731 sunt
3067 675 3121 730 iu
3151 692 3274 749 cap.
3320 678 3390 734 14
3445 678 3525 734 ιὶι.
3573 679 3596 732 1

2022 763 2309 834 praesentis
2344 766 2549 834 operis.

2072 899 2229 955 CAP.
2266 897 2406 955 XIII.
2438 932 2507 943 —
2530 900 2607 955 De
2625 900 2777 955 laicis
2805 903 2896 970 qui
2922 903 3202 956 comedunt
3225 902 3384 957 idolis
3414 903 3604 956 immo-

2006 993 2145 1055 lata,
2202 993 2282 1047 vel
2339 1008 2525 1047 carnes
2573 992 2631 1046 in
2680 994 2959 1064 sanguine,
3011 994 3089 1048 vel
3127 994 3415 1065 su/Tocata,
3462 995 3540 1050 uel
3572 1013 3605 1049 a

2006 1086 2184 1139 bestiis
2215 1094 2391 1154 capta,
2431 1085 2512 1140 vel
2542 1086 2849 1141 morticina.

2077 1178 2469 1247 Apostolorum
2505 1193 2679 1233 canon
2712 1177 2820 1244 66;
2872 1180 3093 1235 concilii
3118 1179 3395 1251 Ancyrani
3424 1195 3603 1235 canon

2004 1270 2038 1324 5
2075 1286 2088 1334 ;
2125 1271 2347 1325 concilii
2388 1270 2728 1340 Gangrensis
2755 1286 2931 1325 canon
2966 1272 3040 1339 2;
3084 1273 3304 1329 concilii
3339 1276 3479 1329 sexti
3508 1290 3603 1329 ca-

2006 1378 2113 1418 non
2169 1364 2236 1419 67
2279 1381 2295 1431 ;
2349 1363 2598 1436 Gregorii
2638 1364 2927 1420 miraculis
2969 1365 3104 1420 clari
3144 1382 3210 1421 ex
3261 1365 3493 1436 epistola
3535 1366 3603 1421 de

2004 1457 2425 1513 comedentihus
2469 1457 2630 1513 idolis
2676 1456 2999 1522 immolata;
3046 1456 3233 1513 Basilii
3275 1472 3453 1514 canon
3510 1458 3599 1513 81.

2076 1661 2230 1719 CAP.
2281 1662 2424 1719 XIV.
2467 1694 2536 1704 —
2562 1663 2640 1718 De
2681 1663 2822 1718 laico
2866 1664 3242 1735 imperatorem
3278 1664 3603 1719 contumelia

1932 1787 1973 1841 Β
2004 1755 2276 1824 a/j‘iciente.

2081 1848 2467 1919 Apostolorum
2499 1864 2674 1903 canon
2704 1847 2793 1903 84.
2846 1848 2988 1919 Lege
3031 1863 3153 1918 quae
3180 1848 3439 1904 adnotata
3476 1855 3605 1904 sunt

2011 1941 2063 1995 in
2098 1956 2219 2011 cap.
2282 1939 2351 1997 56
2394 1940 2478 1995 tit.
2531 1940 2565 1996 9
2616 1942 2905 2012 praesentis
2934 1940 3142 2011 operis.

2082 2141 2234 2198 CAP.
2267 2140 2387 2198 XV.
2418 2173 2487 2183 —
2522 2143 2597 2199 De
2624 2144 2954 2211 orthodoxis,
2994 2145 3083 2214 qui
3127 2145 3192 2198 ab
3227 2144 3488 2198 haereticis
3513 2154 3605 2198 aut

2008 2232 2214 2289 Iudaeis
2270 2234 2659 2291 benedictiones
2702 2238 2988 2307 accipiunt,
3034 2236 3110 2293 vel
3148 2255 3269 2292 cum
3298 2238 3407 2292 illis
3444 2239 3603 2305 festos

2010 2328 2122 2383 dies
2146 2339 2330 2399 agunt,
2361 2329 2438 2383 vel
2459 2328 2803 2398 cumiJudteis
2824 2331 3096 2401 jejunum,
3129 2340 3199 2393 et,
3224 2332 3363 2399 quod
3386 2330 3605 2386 Sabbati

2009 2421 2093 2473 die
2147 2420 2454 2489 feriundum
2501 2438 2605 2476 non
2634 2424 2728 2486 sit,
2769 2422 2857 2476 sed
2897 2423 3073 2492 quoad
3107 2422 3219 2491 ejus
3262 2423 3378 2491 ﬁeri
3408 2432 3601 2492 potest,

2012 2512 2321 2576 Dominica,
2350 2523 2424 2578 et,
2457 2514 2520 2568 de
2546 2515 2613 2568 iis
2654 2516 2746 2585 qui
2779 2516 2830 2569 in
2870 2514 3213 2568 monasteriis
3246 2523 3337 2567 aut
3368 2514 3605 2569 ecclesiis

2008 2604 2380 2659 Itazreticorum
2423 2616 2602 2660 orant.
3284 2656 3289 2661 .

2083 2698 2467 2767 Apostolorum
2523 2713 2699 2753 canon
2744 2697 2834 2763 65,
2889 2697 2996 2761 70;
3046 2696 3269 2751 concilii
3307 2695 3603 2751 Laodiceni

2013 2807 2189 2845 canon
2233 2789 2287 2855 9,
2322 2788 2414 2857 29,
2448 2790 2539 2852 52,
2573 2790 2668 2854 54,
2696 2790 2785 2851 ⁸57,
2832 2790 2920 2855 58,
2956 2790 3023 2844 59
3057 2807 3070 2855 ;
3115 2790 3333 2844 concilii
3376 2788 3607 2845 Cartlta~

2012 2884 2257 2954 gincusis
2280 2899 2454 2939 canon
2489 2884 2578 2949 60,
2611 2882 2701 2948 58,
2736 2883 2823 2938 59.
2875 2882 3014 2953 Lege
3040 2898 3163 2953 qua:
3193 2883 3450 2937 adnotata
3481 2890 3609 2937 sunt

2009 2978 2065 3030 in
2100 2991 2221 3046 cap.
2268 2976 2353 3043 15,
2386 2976 2467 3031 tit.
2504 2975 2537 3031 '5
2572 2976 2858 3047 praesentis
2900 2976 3101 3047 operis.

2077 3182 2231 3240 CAP.
2270 3183 2410 3240 XVI.
2437 3217 2505 3228 -—
2536 3185 2610 3240 De
2634 3185 2816 3249 laicis,
2857 3187 2949 3257 qui
2979 3186 3201 3242 clericos
3252 3188 3607 3243 monasterio-

2008 3294 2146 3340 rum,
2198 3280 2551 3347 ptocltiorum,
2614 3290 2708 3333 aut
2742 3280 3128 3351 martyriorum
3173 3281 3503 3348 sollicitant,
3540 3297 3604 3336 ne

2014 3379 2107 3429 sub
2143 3384 2403 3445 potestate
2436 3378 2804 3446 episcoporum
2831 3386 3103 3431 maneant.

2083 3562 2315 3618 Concilii
2342 3562 2807 3621 Chalcedonensis
2834 3579 3008 3619 canon
3037 3563 3092 3619 8.

2084 3673 2239 3728 CAP.
2276 3672 2445 3729 XVII.
2494 3711 2570 3723 --
2616 3676 2695 3730 De
2758 3676 2935 3741 laicis,
2978 3678 3070 3747 qui
3127 3678 3603 3735 cer-communicatis

2010 3766 2087 3820 vel
2141 3766 2371 3821 schisma
2446 3768 2760 3839 facientibus
2816 3768 3135 3839 presbyteris
3202 3769 3497 3837 attinerent,
3551 3784 3604 3828 et

2010 3858 2123 3911 sine
2181 3858 2490 3934 [consensu]
2543 3862 2911 3932 episcoporum
2960 3879 3180 3917 suorum
3242 3864 3445 3919 altaria
3496 3867 3605 3920 eri-

2007 3961 2158 4023 gunh

2083 4049 2469 4117 Apostolorum
2499 4064 2671 4103 canon
2701 4050 2791 4104 51.
2830 4049 2970 4121 Lege
2997 4065 3122 4120 quae
3165 4052 3424 4109 adnotata
3474 4062 3604 4110 sunt

2012 4141 2065 4195 in
2108 4156 2228 4211 cap.
2264 4143 2440 4213 “itit.
2476 4142 2511 4196 9
2539 4145 2823 4212 praesentis
2860 4145 3060 4213 operis.

2090 4348 2245 4405 CAP.
2283 4349 2474 4408 XVIII.
2505 4388 2576 4397 —
2606 4355 2684 4411 De
2708 4357 2956 4422 perjuris,
2988 4365 3036 4409 et
3076 4358 3126 4410 in
3152 4357 3449 4427 cujusmodi
3482 4357 3599 4432 [ca-

2012 4443 2179 4516 sibus]
2216 4462 2303 4501 eos
2334 4449 2425 4518 qui
2453 4449 2664 4518 jurant,
2698 4465 2802 4504 non
2837 4457 2972 4503 recte
2996 4450 3184 4519 jurare
3214 4460 3475 4520 oporteat.
3572 4440 3597 4452 ’κ

1935 4533 1981 4588 D
2084 4555 2271 4613 Basilii
2313 4574 2487 4615 canon
2520 4559 2609 4625 to,
2642 4560 2729 4625 t7,
2762 4559 2854 4623 29,
2893 4560 2983 4626 64,
3012 4561 3102 4617 se.

2088 4650 2304 4708 Textus.
2338 4652 2412 4709 De
2443 4654 2681 4724 perjuris
2709 4654 2935 4718 dicitur,
2963 4665 3069 4709 etc.
3104 4673 3266 4726 usque
3282 4656 3352 4711 ad
3378 4666 3601 4713 contro-

2012 4745 2211 4809 versia,
2239 4753 2294 4798 ut
2327 4760 2448 4815 pag.
2483 4744 2607 4799 951.

386 4924 682 4979 8‹;Ιιοίὶιιυι.
745 4925 851 4983 Tit.
892 4928 928 4981 2
964 4930 1055 4983 lib.
1103 4946 1179 4985 xu
1233 4929 1374 5001 Dig.,
1424 4931 1514 5000 qui
1562 4930 1629 4984 de
1662 4928 2047 5000 jurejurando,
2109 4929 2226 4985 sive
2276 4929 2610 4996 voluntario,
2680 4930 2786 4985 hoc
2829 4940 2914 4986 est
2970 4930 3173 4996 delato,
3228 4930 3343 4985 sive
3402 4944 3600 4985 neces-

311 5020 478 5084 Sut'io,
517 5019 635 5075 sive
673 5020 920 5090 judiciali
964 5023 1142 5090 docet,
1192 5033 1277 5079 est
1318 5023 1371 5078 in
1421 5024 1687 5094 principio
1720 5024 1800 5078 tit.
1837 5025 1871 5076 5
1924 5023 2018 5077 lib.
2057 5040 2170 5078 χχιι
2226 5022 2416 5089 Basil.,
2463 5035 2516 5079 et
2549 5024 2627 5079 ait
2685 5024 2719 5079 4
2769 5024 2951 5079 thema
2997 5040 3121 5093 cap.
3161 5025 3193 5077 5
3231 5022 3462 5078 :Mulier
3512 5026 3602 5095 ju-

314 5131 444 5169 raus
499 5126 561 5171 se
622 5125 991 5187 praegnantem
1038 5132 1182 5185 esse,
1233 5116 1467 5172 mittitur
1526 5117 1580 5171 in
1642 5117 2098 5188 possessionem:
2143 5132 2318 5187 neque
2356 5128 2480 5188 post
2524 5116 2907 5190 [praestitum]
2952 5116 3342 5187 jusjurandum
3402 5132 3602 5173 conve-

312 5208 503 5270 nitur,
573 5208 731 5277 quasi
788 5208 1079 5263 calumnia:
1135 5224 1301 5265 causa
1375 5209 1427 5263 in
1490 5210 1895 5279 possessionem
1964 5212 2129 5265 missa
2163 5211 2277 5265 sit:
2337 5227 2513 5278 neque
2570 5211 2623 5265 in
2670 5211 3022 5279 possessione
3060 5209 3167 5263 vim
3220 5209 3443 5277 patitur.
3494 5210 3602 5266 Sed

312 5302 356 5355 si
393 5300 746 5356 adversarius
797 5300 971 5371 ipsam
1023 5317 1130 5356 non
1181 5310 1555 5372 prtegnantem
1618 5318 1740 5358 esse
1802 5303 2090 5373 juraverit,
2153 5318 2259 5356 non
2318 5303 2574 5358 mittitur.
2611 5300 2839 5358 uVerum
2895 5318 2960 5355 ex
3024 5303 3337 5372 hujusmodi
3386 5303 3602 5374 jureju-

313 5395 485 5447 rando
542 5410 650 5447 non
713 5394 1102 5464 praejudicatur
1153 5396 1442 5465 quaestioni
1515 5396 1582 5450 de
1632 5408 1812 5466 partu.
1873 5397 2117 5452 Alterius
2173 5412 2410 5466 namque
2470 5396 2861 5468 jusjurandum
2923 5396 3080 5450 alteri
3147 5411 3325 5466 neque
3379 5398 3604 5465 prodest

313 5504 492 5557 neque
546 5486 718 5542 obest.
779 5487 845 5543 Et
884 5489 963 5542 tit.
1004 5489 1027 5542 1
1073 5490 1169 5547 lib.
1220 5506 1271 5544 Iv
1321 5490 1456 5545 Cod.
1508 5499 1592 5545 est
1647 5506 1767 5560 cap.
1810 5490 1880 5545 45
1938 5489 2181 5560 ejusdem
2211 5489 2245 5544 5
2283 5490 2366 5544 tit.
2403 5489 2497 5546 lib.
2552 5504 2664 5544 uti
2714 5487 2910 5554 B,asil.,
2950 5498 3005 5543 et
3052 5489 3127 5544 ait
3166 5507 3178 5543 :
3228 5489 3409 5546 Causa
3450 5490 3601 5561 jure-

309 5583 554 5653 jurando
613 5599 680 5637 ex
741 5598 1015 5639 consensu
1072 5584 1363 5652 utriusque
1399 5582 1593 5653 partis,
1634 5583 1717 5638 vel
1762 5583 2082 5639 adversario
2131 5581 2417 5650 inferente,
2475 5582 2734 5653 praestito,
2767 5581 2852 5637 vel
2901 5582 3155 5647 remisso,
3208 5582 3430 5638 decisa:
3499 5596 3602 5637 nec

315 5678 543 5751 periurii
595 5686 860 5748 prwtextu
902 5676 1187 5734 retraetari
1232 5686 1447 5747 potest,
1506 5676 1610 5732 nisi
1668 5677 1979 5747 specialiter
2038 5680 2141 5733 hoc
2196 5679 2311 5749 lege
2367 5676 2694 5749 excipiatur.
2762 5676 2964 5747 Digest.
3025 5678 3087 5731 51
3128 5676 3211 5732 tit.
3264 5678 3299 5731 2
3370 5676 3464 5731 lib.
3510 5692 3595 5759 sit

318 5776 435 5843 Dig.
472 5780 697 5843 estcap.
746 5772 808 5827 5i
861 5772 1105 5843 ejusdem
1142 5772 1173 5826 5
1216 5775 1301 5827 tit.
1334 5772 1427 5827 lib.
1473 5788 1585 5828 χχιι
1616 5771 1809 5837 Βιιείιη
1854 5785 1915 5826 ac
1958 5769 2108 5835 dicit,
2144 5785 2488 5840 qurecunque
2518 5770 2903 5841 compendiose
2934 5771 3211 5843 proposita
3248 5781 3395 5826 sunt.
