3928 6246
363 279 501 343 1203
1554 282 1819 343 PHO’I‘II
1858 284 2369 346 PATRIARCHrE
2391 285 2500 345 CP.
3491 282 3618 349 120‘;

431 390 649 447 Textus.
684 389 779 446 Est
801 403 981 447 tamen
1009 392 1103 446 lib.
1129 408 1203 459 tv,
1226 402 1332 448 etc.
1368 408 1534 462 usque
1561 391 1633 445 ad
1666 391 1863 460 reddit,
1896 406 1945 447 ut

2128 397 2438 466 Κείμενον.
2476 400 2633 454 Ἔστι
2661 401 2717 455 δὲ
2757 400 2945 471 εὑρεῖν
2985 397 3191 469 βιϐλίον
3219 395 3259 451 δ’
3286 398 3378 451 τοῦ
3405 396 3620 463 κὼδικος

354 501 478 555 pag.
512 484 639 541 951.
923 518 929 523 -

2071 488 2164 545 τίτ.
2198 496 2270 554 α’,
2305 490 2448 559 διάτ,
2481 511 2537 548 κ.
2565 511 2618 549 τ.
2648 494 2699 548 λ.
2732 509 2908 563 usque
2940 492 3029 557 ad,
3057 491 3145 545 διὰ
3195 491 3287 545 τὸν
3333 492 3619 561 φαλκίδιον,

2056 584 2366 640 ἀναδίδωσι.

428 688 723 745 Scholium.
774 690 1123 745 Meminimus
1183 689 1436 759 superius
1488 689 1623 757 legis
1683 689 2070 759 lusjurandum
2129 694 2429 761 praestitum
2511 712 2619 751 non
2698 697 2983 752 retractari
3052 694 3319 751 decentis.
3400 694 3524 749 ltem
3574 705 3626 751 et

357 782 584 837 alterius
634 782 770 851 legis
812 783 1186 840 meminimus.
1240 796 1435 849 nempe
1501 796 1622 850 cap.
1674 780 1736 834 5i
1793 782 1875 835 lit.
1942 781 1975 836 5
2033 782 2127 836 lib.
2201 800 2310 837 XXII
2370 784 2670 860 [similiter]
2727 790 3029 859 prtcstitum
3078 786 3458 857 jusjurandum
3522 800 3621 839 non

349 878 667 939 retractari,
697 877 962 932 docentis.
1012 880 1080 930 At
1131 877 1303 930 sancti
1366 876 1549 929 Basilii
1598 875 1850 946 permulti
1899 892 2138 932 canones
2200 880 2447 948 perjuros
2504 884 2660 937 valde
2717 884 2895 953 puniri
2951 890 3221 938 statuunt.
3273 878 3623 945 Quaerendum

354 979 441 1025 est
498 971 681 1040 igitur,
730 970 953 1037 quando
1002 971 1300 1039 praestitum
1356 968 1741 1039 jusjurandum
1791 980 2160 1035 retractetur,
2221 982 2280 1026 ut
2331 975 2595 1031 adversus
2649 976 2959 1047 pejerantes
3012 974 3293 1030 canonica:
3338 986 3508 1041 ptena:
3556 970 3629 1023 lo-

357 1075 482 1115 cum
541 1061 819 1114 habeant:
871 1072 924 1113 et
978 1061 1198 1128 quando
1260 1073 1393 1112 non.
1450 1057 1695 1113 Dicimus
1761 1062 1942 1128 itaque
1990 1062 2210 1130 proprie
2254 1065 2591 1135 quadruplex
2643 1083 2766 1123 esse
2798 1066 3184 1137 jusjurandum
3220 1062 3617 1119 :voluutarium

359 1152 627 1226 [nempe],
656 1153 805 1224 quod
833 1152 1087 1208 videlicet
1110 1152 1176 1206 de
1202 1152 1486 1206 voluntate
1515 1152 1748 1221 partium
1807 1161 1962 1208 extra
2016 1154 2288 1223 judicium
2346 1168 2640 1228 praestatur
2673 1178 2687 1214 :
2727 1160 3124 1224 necessarium,
3175 1158 3319 1228 quod
3360 1155 3628 1210 deferente

360 1257 566 1309 actore,
595 1255 650 1301 et
679 1263 744 1300 ex
782 1245 1205 1301 interlocutione
1230 1245 1433 1314 judicis
1467 1246 1627 1300 datur
1656 1245 1979 1315 :judiciale,
2032 1248 2175 1316 quod
2222 1264 2285 1303 ex
2348 1252 2621 1306 sententia
2678 1252 2880 1322 judicis
2921 1252 3001 1306 vel
3056 1250 3239 1303 invitis
3282 1248 3632 1319 litigatoribus

355 1342 793 1396 controversiam
821 1338 1056 1403 decidit;
1091 1347 1145 1392 et
1196 1336 1630 1409 [jusjuranduml
1678 1338 1731 1392 in
1766 1338 1939 1402 litem,
1993 1339 2138 1407 quod
2174 1340 2423 1408 litigiosa:
2470 1342 2545 1396 rei
2589 1343 2822 1413 pretium
2852 1383 2866 1407 ,
2900 1340 3122 1413 quando
3176 1340 3267 1394 illa
3296 1340 3421 1393 dolo
3447 1349 3629 1393 contu-

355 1429 604 1483 maciave
650 1429 728 1483 rei
782 1442 888 1487 non
924 1427 1115 1489 datur,»
1161 1425 1215 1478 in
1251 1437 1457 1482 certam
1525 1428 1888 1497 quantitatem
1953 1428 2169 1497 redigit.
2227 1427 2324 1483 Est
2390 1429 2655 1505 [tamen]
2719 1433 2885 1487 etiam
2962 1432 3378 1502 jusjurandum,
3448 1428 3630 1502 [quod]

356 1532 581 1593 propter
635 1520 968 1576 calumniam
1028 1518 1259 1593 [datur.]
1312 1520 1392 1574 Ac
1441 1520 1810 1574 voluntarium
1892 1520 2116 1590 quidem
2199 1537 2482 1592 nunquam
2546 1534 2893 1580 retractatur.
2959 1524 3349 1581 Necessarium
3405 1540 3532 1578 vero
3581 1523 3632 1577 in

355 1629 469 1668 uno
520 1627 694 1682 eoque
744 1612 860 1666 solo
914 1627 1045 1667 casu
1100 1618 1452 1684 retractatur,
1505 1625 1701 1681 nempe
1761 1610 1936 1669 ultimi
2006 1626 2127 1681 cap.
2153 1615 2237 1666 tit.
2275 1611 2308 1667 5
2367 1613 2461 1669 lib.
2490 1631 2603 1670 xxii
2658 1616 2824 1672 Basil.
2866 1616 3000 1671 Nam
3055 1618 3274 1673 tametsi
3316 1616 3550 1672 Gobidas
3584 1625 3632 1687 et

356 1706 688 1776 Stephanus,
732 1719 857 1759 cum
898 1704 1325 1773 interpretantur
1390 1719 1513 1775 cap.
1541 1705 1605 1759 51
1660 1704 1743 1759 tit.
1814 1704 1847 1759 5
1894 1704 1991 1759 lib.
2023 1721 2159 1769 χχιι,
2194 1706 2370 1762 solum
2408 1708 2777 1767 voluntarium
2816 1727 2925 1767 non
2976 1712 3261 1768 retractari
3302 1713 3529 1768 dicant:
3574 1723 3624 1767 tu

354 1810 539 1855 tamen
598 1797 675 1851 illi
722 1797 838 1867 Dig.
899 1796 1151 1865 ascripta
1221 1797 1659 1867 interpretationi
1728 1812 1797 1852 ne
1857 1798 2147 1853 auscultes.
2214 1798 2425 1855 Etenim
2501 1803 2573 1857 45
2656 1820 2778 1875 cap.
2839 1805 2924 1861 tit.
2963 1806 3124 1861 5lib.
3176 1821 3315 1871 xm,
3370 1806 3511 1876 quod
3558 1814 3634 1861 est

355 1891 589 1945 const.!
629 1890 711 1945 tit.
762 1890 788 1943 1
848 1888 943 1942 lib.
997 1902 1049 1941 tv
1078 1888 1236 1955 Cod.,
1285 1890 1349 1944 ad
1411 1890 1559 1949 hunc
1619 1890 1842 1947 modum
1888 1891 2015 1945 ait:
2084 1891 2261 1947 Causa
2298 1893 2662 1963 jurejurando
2700 1914 2765 1952 ex
2816 1914 3091 1955 consensu
3138 1900 3428 1970 utriusque
3474 1898 3637 1969 partis

355 1986 439 2040 vel
471 1984 790 2039 adversario
844 1982 1131 2048 inferente,
1185 1984 1366 2040 delato
1423 1992 1478 2039 et
1538 1984 1826 2055 praastito,
1884 1984 1968 2038 vel
2032 1986 2271 2042 remisso
2319 1988 2527 2052 decisa,
2585 2005 2688 2045 nec
2746 1991 2974 2062 perjurii
3035 2000 3307 2063 praetextu
3359 1991 3632 2046 retractari

359 2090 556 2150 potest,
612 2080 716 2133 nisi
773 2080 1080 2147 specialiter
1140 2080 1241 2134 hac
1294 2080 1412 2150 lege
1438 2080 1792 2149 excipiatur:
1843 2081 2321 2138 sustulitGobida:
2375 2092 2429 2139 et
2484 2082 2745 2154 Stephani
2800 2086 2867 2139 ad
2911 2084 3029 2157 Dig.
3076 2084 3447 2156 conscriptam
3477 2082 3636 2137 inter-

356 2176 741 2247 pretationem.
800 2162 1053 2243 Reliquae
1091 2181 1273 2228 autem
1316 2173 1677 2242 jurisjurandi
1697 2170 1976 2246 [species].
2028 2175 2491 2244 quemadmodum
2537 2177 2586 2231 id
2618 2188 2978 2233 memoratum
3029 2178 3095 2233 51
3134 2194 3256 2249 cap.
3313 2178 3429 2240 ait,
3487 2178 3634 2231 novis

361 2265 748 2322 instrumentis
791 2266 1022 2336 repertis
1056 2273 1447 2319 retractantur.
1482 2261 1608 2318 Haec
1670 2264 1836 2333 igitur
1879 2278 2005 2318 cum
2070 2266 2143 2319 ita
2201 2263 2369 2337 [sese]
2416 2266 2674 2333 habeant,
2711 2268 3078 2339 quodcunque
3121 2268 3508 2339 jusjurandum
3554 2283 3633 2322 re-

359 2358 605 2421 tractari,
648 2373 758 2428 quo
804 2358 849 2411 si
903 2357 997 2426 qui
1060 2354 1204 2411 forte
1258 2355 1465 2427 perjuri
1541 2355 1927 2419 inveniantur,
1990 2358 2271 2412 canonicis
2324 2359 2503 2428 pcenis
2562 2360 2892 2431 plectantur,
2951 2376 3019 2416 ne
3081 2361 3306 2417 dixeris.
3363 2359 3467 2416 Sed
3522 2360 3636 2415 illos

356 2454 667 2521 secundum
738 2452 919 2524 legum
977 2462 1259 2519 tenorem,
1323 2462 1583 2521 tanquam
1637 2453 1885 2520 perjuros
1933 2450 2263 2524 [canonicis]
2330 2454 2509 2523 ptenis
2566 2454 2716 2510 feriri
2778 2456 2964 2519 dicas,
3025 2456 3117 2527 qui
3159 2472 3221 2510 ex
3281 2452 3629 2524 jurisjurandi

358 2550 744 2603 retractatione
785 2548 1242 2603 condemnamur.
1301 2548 1481 2617 Atque
1527 2547 1593 2601 ad
1657 2546 1801 2600 hunc
1832 2545 2130 2620 [quidem]
2188 2548 2409 2603 modum
2460 2564 2700 2605 canones
2732 2549 2879 2624 [cum
2926 2548 3163 2621 legibus]
3200 2549 3459 2605 concilia.
3504 2544 3628 2599 Nam

354 2658 533 2713 neque
584 2652 812 2697 sanctus
873 2640 1109 2697 Basilius
1170 2641 1224 2694 in
1279 2639 1643 2711 jurejurando
1696 2640 1843 2709 quod
1908 2654 1974 2694 ex
2037 2654 2312 2697 consensu
2369 2644 2549 2706 tiatur,
2605 2644 2673 2697 de
2724 2643 2967 2714 perjurio
3006 2652 3241 2698 tractat:
3284 2644 3382 2699 sed
3412 2656 3505 2697 eos
3545 2639 3627 2709 qui

349 2739 609 2807 jurarint,
668 2736 837 2793 Deum
876 2738 1145 2792 vindicem
1187 2737 1386 2793 habere
1434 2737 1654 2799 asserit,
1713 2744 1880 2806 atque
1924 2735 1979 2790 in
2045 2736 2275 2806 reliquis
2309 2737 2578 2810 [casibus]
2608 2740 2972 2809 quaestionem
3004 2739 3071 2793 de
3105 2738 3354 2807 perjario
3380 2734 3626 2798 instituit,

353 2844 410 2891 et
441 2851 635 2905 pmnas
660 2834 938 2904 proponit.
991 2832 1284 2907 [Cmterum
1318 2832 1468 2906 hinc]
1513 2834 1645 2887 mihi
1673 2832 1935 2901 excipias,
1995 2833 2143 2903 quod
2184 2850 2212 2887 a
2263 2835 2543 2890 nonnullis
2589 2851 2684 2905 per
2737 2832 3285 2904 pusillanimitatem,
3355 2844 3461 2884 non
3520 2825 3627 2899 [au-

357 2910 490 3001 tem]
524 2929 590 2983 ad
626 2927 956 2983 delationem
979 2928 1310 2991 adversarii,
1343 2943 1523 2997 neque
1550 2943 1613 2981 ex
1641 2924 1935 2995 iudiciaria
1998 2929 2327 2982 necessitate
2389 2939 2680 2997 praestatur
2733 2926 3124 2997 jusjurandum
3157 2942 3170 2978 :
3220 2932 3376 2993 puta,
3424 2919 3632 2991 quando

356 3021 484 3091 quis
519 3022 600 3093 (se
629 3018 744 3091 aut)
778 3034 886 3074 non
929 3035 1154 3074 esurum
1202 3034 1421 3085 carnes,
1450 3022 1575 3087 {aut
1617 3020 1997 3092 Hierosolyma
2052 3020 2451 3089 profecturum,
2493 3034 2583 3075 aut
2631 3022 2778 3075 aliud
2840 3020 2969 3075 boni
3024 3016 3315 3088 quidpiam
3370 3015 3629 3069 facturum

350 3116 524 3187 jurat,
582 3129 682 3168 nec
740 3112 791 3167 id
837 3111 1011 3167 facit:
1063 3113 1317 3167 similiter
1346 3113 1510 3166 etiam
1563 3112 1785 3180 quando
1834 3111 1960 3181 quis
2017 3109 2121 3164 hoc
2150 3120 2245 3166 aut
2305 3111 2436 3165 illud
2492 3113 2697 3166 malum
2754 3110 2859 3183 (se)
2917 3108 3190 3164 facturum
3255 3122 3382 3161 cum
3433 3104 3634 3177 jureju-

357 3208 530 3263 rando
590 3217 772 3276 negat,
836 3216 890 3261 et
947 3204 1077 3261 facit
1138 3205 1521 3261 nihilominus.
1544 3204 1698 3260 Tunc
1757 3205 1905 3259 enim
1954 3211 2212 3274 tanquam
2262 3207 2517 3277 perjttrtts
2593 3221 2702 3260 non
2767 3203 3103 3275 puniendus,
3166 3200 3258 3256 sed
3341 3198 3633 3271 quomodo-

352 3316 572 3372 cunque
618 3314 651 3354 a
696 3299 801 3353 loci
843 3300 1102 3368 episcopo
1158 3298 1328 3371 (velut
1388 3299 1636 3354 adhibita
1690 3301 1981 3371 medicina)
2032 3301 2311 3357 curandus
2361 3300 2487 3355 erit.

424 3399 615 3452 Const.
667 3395 732 3449 15
774 3394 857 3448 tit.
898 3397 924 3446 1
979 3394 1074 3450 lib.
1115 3409 1168 3447 tv
1212 3392 1349 3447 Cod.
1392 3403 1475 3449 est
1528 3408 1647 3461 cap.
1700 3395 1800 3449 ult.
1869 3395 1945 3449 tit.

2132 3395 2413 3463 Σχόλιον.
2459 3394 2522 3445 Ἢ
2556 3391 2624 3462 ιγ’
2644 3392 2887 3461 διάταξις
2900 3389 2996 3446 τοῦ
3030 3398 3077 3445 α’
3106 3390 3213 3445 τίτ.
3245 3390 3344 3444 τοῦ
3366 3389 3406 3442 δ’
3444 3383 3634 3459 βιϐλίου

357 3492 392 3547 5
430 3491 525 3546 lib.
558 3504 675 3545 ιιι]
706 3486 902 3557 Basil.,
944 3499 1111 3557 atque
1144 3485 1415 3556 explicata
1459 3496 1543 3541 est
1596 3486 1873 3557 superius.

440 3769 659 3825 Textus.
686 3766 820 3824 Item
838 3782 961 3836 qua:
981 3766 1048 3824 de
1074 3766 1369 3838 judicialis,
1396 3775 1502 3823 etc.
1528 3783 1692 3838 usque
1712 3767 1782 3821 ad
1809 3765 1949 3820 facta

357 3862 543 3919 fuerit.
577 3868 634 3920 ιιι
665 3876 788 3925 pag.
820 3859 949 3913 951.

435 4049 729 4113 Scliolt'um.
782 4046 1006 4101 Novella
1054 4043 1399 4100 Justinianea
1449 4045 1553 4101 121
1601 4054 1686 4101 est
1743 4045 1798 4099 in
1848 4044 1946 4100 lib.

359 4146 527 4201 Basil.
579 4145 629 4207 7,
677 4142 759 4198 tit.
795 4141 852 4203 4,
900 4156 1022 4210 cap.
1059 4140 1115 4206 6,
1166 4140 1309 4210 quod
1344 4141 1609 4195 insertum
1643 4148 1727 4194 est
1773 4139 1948 4193 inter-

360 4237 654 4302 pretationi
706 4252 830 4291 can.
874 4235 941 4289 15
990 4249 1149 4289 conc.
1216 4233 1642 4303 Cartltaginens.
1696 4233 1840 4301 quod
1886 4232 1952 4287 de

360 4329 607 4401 judiciali
638 4327 967 4403 jusjurando
1000 4326 1128 4385 hinc
1169 4326 1515 4381 retractando
1562 4340 1750 4393 agens,
1783 4325 1952 4395 legas.

369 4424 576 4493 Digest.
658 4423 727 4490 15
779 4423 863 4487 tit,
911 4422 949 4476 2
1002 4422 1101 4481 lib.
1162 4438 1239 4482 xtl
1289 4422 1452 4478 habet
1496 4422 1724 4492 perinde
1792 4431 1955 4492 atque

367 4517 631 4587 scriptum
691 4523 794 4571 est.
863 4514 1055 4578 Const.
1103 4514 1164 4570 41
1220 4516 1307 4581 tit,
1356 4515 1391 4568 4
1439 4514 1537 4569 lib.
1589 4530 1629 4569 ιι
1665 4513 1801 4569 Cod.
1869 4522 1955 4569 est

370 4623 493 4678 cap.
542 4605 613 4661 58
664 4604 776 4671 ltit.
856 4604 893 4669 2
946 4604 1039 4661 lib.
1098 4622 1137 4665 tt
1196 4606 1341 4676 quod
1396 4604 1549 4668 dicit,
1610 4620 1956 4673 quaecunque

370 4682 763 4770 compendiose
804 4698 1084 4768 proposita
1126 4708 1275 4753 sunt.
1311 4697 1584 4753 Caeterum
1624 4697 1757 4752 illud
1786 4697 1951 4753 etiam

2058 3486 2154 3542 τοῦ
2196 3484 2450 3547 κὼδικος,
2483 3484 2598 3537 ἔστι
2642 3484 2957 3537 τελευταῖον
2990 3500 3117 3552 κεφ.
3177 3481 3271 3535 τοῦ
3310 3487 3352 3534 ε’
3397 3479 3501 3533 τίτ.
3549 3471 3636 3528 τοῦ

2059 3578 2145 3648 κβ¹
2179 3577 2290 3630 τῶν
2330 3576 2650 3647 βασιλικῶν,
2680 3578 2777 3631 καὶ
2811 3575 3164 3649 ἐδηλώθησαν
3187 3574 3257 3628 τὰ
3288 3575 3421 3643 περὶ
3452 3569 3634 3624 τούτου

2060 3674 2141 3735 είς
2173 3672 2235 3724 τὸ
2265 3672 2539 3743 προλαϐὸν
2569 3673 2801 3743 σχόλιον.

2061 3773 2088 3825 ἱ
2139 3765 2448 3834 Κείμενον.
2488 3766 2552 3819 Ἦ
2584 3765 2641 3818 δὲ
2692 3767 2824 3838 περὶ
2855 3766 2955 3836 τῆς
2986 3765 3369 3836 καθαρότητος
3429 3762 3534 3813 τῶν
3561 3757 3641 3827 ὄρ·

2064 3872 2177 3910 κων
2206 3856 2315 3909 τῶν
2340 3856 2530 3922 δικῶν,
2559 3874 2615 3909 κ.
2642 3874 2693 3911 τ.
2720 3857 2772 3912 λ.
2793 3873 2967 3929 usque
2992 3858 3079 3919 ad,
3103 3858 3151 3911 εί
3172 3857 3247 3928 μὴ
3278 3857 3375 3910 καὶ
3393 3853 3478 3908 ἐπ’
3504 3849 3642 3920 αὐτῷ

2063 3948 2257 4017 γέγονε
2286 3949 2549 4013 διάλυσις.

2062 4048 2098 4103 ὁ·
2134 4045 2418 4112 Σχόλιοίν.
2453 4046 2521 4098 Ἠ
2543 4044 2659 4115 ρκδ²
2734 4045 3161 4106 ’Ῑουστινιάνειος
3191 4043 3367 4115 νεαρὰ
3396 4042 3569 4095 κε’ίται
3589 4037 3643 4089 ὲν

2068 4137 2259 4209 βιϐλίῳ
2285 4137 2351 4205 ζ⁸,
2383 4140 2488 4193 τίτ.
2517 4139 2581 4204 δ’,
2634 4158 2762 4211 κεφ.
2808 4137 2885 4205 ς’,
2919 4136 3365 4208 καταστρωθὲντι
3425 4134 3501 4196 είς
3551 4129 3643 4199 τὴν

2068 4232 2365 4303 ἑρμηνείαν
2410 4231 2505 4286 τοῦ
2548 4230 2609 4285 ιε’
2648 4233 2872 4296 κανόνος
2901 4232 3000 4298 τῆς
3034 4233 3091 4284 ἐν
3130 4222 3493 4299 Καρθαγέννῃ
3525 4238 3643 4276 συν-

2068 4326 2211 4389 ὁδου,
2246 4328 2339 4380 καὶ
2364 4326 2637 4395 ἀνάγνωθι
2662 4328 2755 4384 καὶ
2784 4325 2941 4380 τοῦτο
2967 4325 3096 4396 περὶ
3138 4321 3467 4378 ίουδικαλίου
3490 4319 3642 4387 ὅρκου

2068 4415 2435 4488 διαλαμϐάνον
2485 4416 2779 4473 κάντεῦθεν
2856 4415 3385 4486 ἀναψηλαφωμένου.
3437 4409 3508 4462 Τὸ
3584 4402 3644 4473 ιγ’

2067 4506 2205 4563 διάτ.
2239 4508 2332 4561 τοῦ
2358 4507 2388 4579 β
2456 4508 2564 4561 τίτ.
2594 4507 2689 4561 τοῦ
2723 4507 2769 4577 β’
2822 4507 3030 4578 βιϐλίου
3062 4508 3172 4559 τῶν
3199 4502 3512 4570 διατάξεων,
3538 4496 3644 4549 ἔστι

2070 4599 2213 4669 Θέμα
2264 4603 2569 4656 τελευταῖον
2613 4602 2706 4656 τοῦ
2738 4600 2803 4671 ιγ’
2828 4602 2968 4657 διάτ.
3024 4599 3117 4654 τοῦ
3146 4596 3186 4652 ε’
3259 4597 3368 4651 sit.
3416 4592 3509 4647 τοῦ
3563 4586 3639 4659 κβ¹

2071 4694 2279 4766 βιδλίου
2312 4695 2485 4760 οὕτως
2533 4696 2654 4767 ἕχον
2682 4697 2757 4760 ὡς
2797 4697 2875 4756 εἰς
2927 4694 2988 4748 τὸ
3033 4694 3285 4764 κείμενον
3310 4688 3544 4762 ἐγράφη.
3584 4681 3646 4734 Ὶί

366 4791 758 4864 jusjurandum
788 4791 1049 4860 judiciale
1084 4789 1253 4863 [esse]
1285 4791 1443 4845 dixit.
1488 4789 1784 4860 Propterea
1813 4790 1945 4844 enin“

2075 4789 2185 4862 μα’,
2218 4791 2357 4846 διάτ.
2421 4791 2515 4845 τοῦ
2541 4789 2611 4854 α’,
2663 4791 2768 4847 τίτ.
2811 4788 2905 4843 τοῦ
2960 4787 3003 4859 β’
3041 4787 3249 4859 βιϐλίου
3275 4782 3370 4838 τοῦ
3404 4778 3641 4838 κώδικος,

374 4903 439 4941 ex
492 4884 879 4955 reprobatione
933 4883 1058 4954 ejus
1091 4882 1246 4958 [una]
1301 4899 1428 4941 cum
1484 4881 1689 4945 damno
1741 4882 1945 4937 infami:

2071 4883 2184 4936 ἔστι
2212 4901 2336 4953 κεφ.
2371 4880 2450 4955 νη¹
2507 4883 2599 4936 τοῦ
2639 4881 2682 4953 β’
2726 4883 2834 4937 τίτ.
2869 4880 2963 4934 τοῦ
3000 4877 3068 4933 ια’
3109 4877 3315 4949 βιϐλίου
3368 4874 3521 4941 λέγον
3551 4868 3643 4920 ὅσα

374 4975 541 5030 etiam
590 4975 972 5045 consequitur.
1012 4974 1203 5029 Const.
1239 4973 1309 5027 Η
1354 4973 1602 5045 ejusdem
1652 4973 1752 5028 lib.
1785 4982 1841 5029 et
1882 4974 1945 5028 tit

2071 4975 2150 5039 είς
2182 4976 2244 5027 τὸ
2283 4975 2537 5045 κείμενον
2572 4974 2918 5046 ὲγράυησαν.
2956 4970 3101 5041 Πλὴν
3140 4970 3235 5023 καὶ
3280 4967 3371 5020 τὸν
3418 4959 3644 5017 τοιοῦτον

377 5077 609 5137 estcap.
643 5068 711 5123 59
747 5068 829 5122 tit.
868 5067 903 5121 2
956 5068 1053 5131 lib.
1104 5082 1141 5130 tt
1165 5106 1181 5133 ,
1240 5068 1389 5138 quod
1423 5068 1649 5143 perinde
1684 5067 1845 5123 habet
1883 5078 1945 5123 at.

2071 5069 2228 5139 ὅρκον
2254 5068 2576 5121 ἰουδικάλιον
2608 5066 2730 5121 είπέ
2755 5084 2769 5097 ·
2800 5067 2891 5121 διὰ
2918 5065 3027 5137 γὰρ
3058 5063 3216 5118 τοῦτο
3259 5060 3353 5117 καὶ
3383 5057 3443 5121 ἐξ
3462 5050 3641 5119 ἀθετή-

378 5175 487 5215 nue
513 5160 778 5226 scriptum
828 5167 933 5213 est.

2071 5180 2207 5226 σεως
2242 5162 2407 5217 αὑτοῦ
2450 5164 2548 5216 σὺν
2587 5164 2651 5233 τῇ
2685 5162 2860 5234 ζημίᾳ
2904 5161 3000 5215 καὶ
3050 5158 3247 5229 ἀτιμίᾳ
3276 5145 3641 5209 ἐπακολουθεῖ.

390 5254 455 5307 Ἥ
488 5252 573 5323 μβ⁹
632 5253 772 5307 διάτ.
802 5253 899 5306 τοῦ
957 5252 1125 5307 αὑτοῦ
1163 5250 1379 5323 βιϐλίου
1427 5251 1522 5305 καὶ
1554 5250 1661 5306 τίτ.
1708 5250 1824 5306 ἔστι
1891 5268 2017 5322 κεφ.
2061 5250 2137 5305 νϐ’
2204 5254 2300 5307 τοῦ
2352 5254 2382 5324 β
2462 5254 2569 5307 τίτ.
2614 5252 2708 5305 τοῦ
2764 5250 2832 5305 ια’
2924 5248 3134 5322 βιϐλίου
3190 5245 3363 5310 οὕτως
3411 5241 3530 5312 ἕχον
3571 5234 3643 5295 ὡς

375 5349 615 5427 ἐγράφη·

458 5440 677 5496 Textus.
717 5438 785 5495 Et
818 5440 913 5495 lib.
938 5456 993 5508 ιν
1028 5439 1185 5504 Cod.,
1219 5439 1303 5499 tit.
1334 5440 1387 5505 1,
1424 5448 1605 5497 const.
1636 5440 1690 5494 2.
1720 5438 1962 5500 Tametsi

382 5542 489 5587 etc.
522 5547 686 5602 usque
724 5532 793 5585 ad
818 5538 1091 5602 oportere,
1121 5539 1178 5584 ut
1208 5547 1332 5602 pag.
1361 5530 1487 5586 931.

2144 5435 2452 5501 Κείμενον.
2480 5433 2591 5487 Καὶ
2615 5431 2819 5503 βιϐλίον
2849 5430 2890 5484 δ’
2929 5429 3025 5484 τοῦ
3044 5428 3271 5491 κώδικος
3291 5426 3393 5481 τίτ.
3420 5423 3485 5489 α’,
3510 5423 3638 5478 διάτ.

2072 5526 2139 5603 β’,
2186 5528 2268 5581 ὅτι
2328 5527 2377 5580 εἰ
2428 5527 2522 5580 καὶ
2574 5527 2739 5593 κατὰ,
2768 5543 2820 5580 κ.
2860 5544 2911 5581 τ.
2957 5525 3034 5590 λ.,
3073 5539 3247 5595 usque
3275 5520 3340 5576 ad
3370 5520 3429 5574 οὑ
3458 5519 3533 5575 δεῖ
3557 5516 3641 5569 τὸν

2066 5623 2228 5694 ὅρκον
2262 5621 2572 5689 φυλάττειν.

453 5716 748 5773 Sotiatium.
786 5716 977 5773 Const.
1010 5716 1047 5772 2
1078 5717 1160 5773 tit.
1207 5718 1230 5773 1
1280 5716 1377 5773 lib.
1416 5732 1469 5772 tv
1511 5714 1647 5773 Cod.
1706 5720 1791 5771 cst
1846 5729 1945 5786 cap

2071 5731 2083 5758 ι
2140 5717 2417 5785 Σχόλιον.
2462 5716 2526 5771 'll
2566 5714 2606 5787 β’
2632 5712 2883 5772 auiam?
2912 5713 2960 5770 α’
2984 5714 3085 5775 ait.
3128 5711 3223 5773 τοῦ
3267 5711 3305 5765 δ’
3338 5707 3532 5772 βιϐλίου
3554 5700 3637 5753 τοῦ
