3928 6246
330 261 472 326 1205

1191 259 1682 325 NOMOCANON.
1721 286 1794 297 —
1827 260 1975 321 TIT.
2017 260 2192 334 XIII,
2233 259 2391 321 CAP.
2433 260 2598 335 XIX,
2639 259 2770 320 XX.

3484 255 3623 319 1206

327 378 583 442 κώόικος,
624 375 742 431 ἐστι
783 394 909 448 κεφ.
950 376 1057 449 μδ,
1098 377 1194 432 τοῦ
1232 384 1273 430 ε’
1318 378 1428 435 τίτ.
1458 376 1553 431 τοῦ
1583 375 1666 448 κβ
1718 377 1922 448 βιϐλίου

2028 376 2097 429 44
2129 376 2210 431 tit.
2255 375 2289 429 5
2321 374 2413 429 lib.
2463 390 2578 430 χχιι
2629 372 2821 437 Basil.,
2880 371 3027 443 quod
3078 371 3161 427 sic
3207 369 3370 425 habet
3402 387 3415 423 :
3447 367 3622 421 Nemo

326 471 436 523 τῶν
467 469 776 524 Βασιλικῶν
807 468 979 535 οὕτως
1013 470 1156 542 ἕχον,
1189 469 1381 533 Οὐδεὶς
1428 469 1573 524 κατὰ
1610 469 1746 523 Θεοῦ
1777 470 1909 539 ὀμό-

328 581 450 629 σας,
511 562 855 616 κινδυνεύει·
912 565 1097 626 ἱκανὸς
1140 562 1251 635 γὰρ
1286 566 1313 617 ὁ
1337 563 1499 632 ὅρκος
1520 563 1634 632 ἔχει
1671 562 1913 633 τιμωρὸν

322 656 385 709 τὸ
411 655 589 723 Θεῖον,
621 657 669 709 εί
705 654 899 725 γέγονε
933 654 1074 711 κατά
1094 654 1252 709 Θεοῦ.
1282 655 1346 708 El.
1382 654 1439 708 δέ
1468 654 1607 708 κατά
1646 653 1912 723 βασιλέως

322 748 472 801 κατά
498 765 621 801 τινα
650 746 962 819 θερμότητα
1000 747 1185 819 ὤμοσέ
1234 765 1344 813 τις,
1387 748 1752 817 συγχωρεῖται
1803 747 1911 817 ἄρα

322 832 419 892 οὖν
445 837 527 891 ὅτι
553 838 658 892 κᾶν
720 838 782 891 τὸ
801 856 928 909 κεφ.
974 838 1303 910 διελάμϐανε
1351 839 1617 909 πρότερον
1653 838 1745 891 τὸν
1773 838 1915 892 κατά

323 929 640 1002 θερμότητα
662 931 940 1002 ὀμόσαντα
970 932 1113 986 κατά
1141 931 1407 1003 βασιλέως
1442 934 1562 1003 ἦτοι
1609 934 1688 996 εἰς
1742 932 1913 1002 ὖνομα

325 1021 596 1095 βασιλέως
633 1024 709 1095 μὴ
741 1025 1065 1079 ύπόκεισθαι
1104 1024 1450 1090 καθοσιώσει,
1490 1025 1627 1097 μηδέ
1659 1024 1914 1094 βασιλικὰ

248 1126 261 1134 ’
320 1114 621 1185 ἐκθέμενος
647 1117 870 1183 τελείως
920 1118 1322 1189 συγχωρεῖσθαι
1342 1116 1529 1172 τοῦτον
1567 1113 1710 1183 εἶπε,
1736 1117 1828 1171 τὸν
1856 1117 1913 1171 δὲ

322 1206 405 1277 μὴ
452 1207 540 1261 διὰ
601 1208 916 1283 θερμότητα
969 1212 1378 1283 ἐπιορκήσαντα
1407 1212 1553 1280 λέγει
1588 1211 1912 1276 παλίζεσθαι

319 1301 465 1354 κατά
479 1301 540 1354 τὸ
555 1302 862 1357 τελευταῖον
881 1304 1023 1374 θέμα
1039 1303 1133 1357 τοῦ
1151 1302 1219 1373 ιγ’
1244 1321 1370 1374 κεφ.
1390 1306 1483 1358 τοῦ
1505 1304 1669 1357 αὑτοῦ
1682 1305 1785 1357 τίτ.
1814 1303 1911 1357 καὶ

320 1392 529 1462 βιϐλίου
553 1393 728 1459 οὕτως
740 1396 862 1467 ἕχον
883 1413 897 1427 ⁶
928 1399 988 1450 '0
1010 1398 1103 1451 ἐπὶ
1122 1400 1370 1470 χρήμασι
1391 1398 1532 1451 κατά
1558 1397 1823 1468 βασιλέως
1849 1397 1905 1449 ό-

319 1486 495 1554 μὸσας
525 1488 620 1539 καὶ
646 1488 985 1565 ἐπιορκήσας
1038 1492 1119 1545 ὅτι
1156 1492 1218 1545 ού
1262 1494 1528 1563 χρεωστεῖ
1555 1494 1587 1561 ἢ
1620 1495 1911 1564 χρεωστεί-

314 1594 430 1643 ται,
452 1577 485 1647 ἢ
507 1579 590 1631 ὅτι
612 1579 795 1633 δίδωσι
820 1582 952 1635 εἵσω
978 1583 1339 1655 προθεσμίας,
1361 1583 1735 1657 ροπαλίζεται.
1757 1584 1838 1639 Τὰ
1852 1585 1907 1638 δὲ

315 1670 449 1741 περὶ
482 1671 577 1724 τοῦ
600 1671 758 1743 ἔχειν
797 1674 858 1727 τὸ
889 1675 1031 1729 θεῖον
1064 1677 1306 1748 τιμωρὸν
1344 1677 1435 1730 τὸν
1467 1678 1723 1749 ἐπίορκον
1769 1695 1908 1749 γρα-

2028 469 2120 538 qui
2163 483 2260 538 per
2291 468 2462 522 Deum
2495 466 2666 535 jurat,
2720 466 3082 536 periclitatur.
3128 464 3274 519 Satis
3305 463 3452 516 enim
3495 461 3618 529 jus-

2024 560 2321 630 jurandum
2356 560 2523 614 Deum
2567 560 2800 613 ultorem
2850 559 3034 620 habet,
3077 557 3123 612 si
3156 571 3251 622 per
3291 554 3442 608 illum
3478 569 3619 623 prm-

2026 656 2217 710 Stitum
2255 656 2345 710 sit.
2393 653 2547 721 Quod
2582 655 2628 710 si
2673 653 2846 727 [quis]
2884 669 2980 724 per
3035 651 3337 723 principem
3375 650 3615 719 quodam

2027 748 2211 803 calore
2257 748 2544 815 juraverit,
2582 750 2929 802 connivetur.
2979 743 3371 798 Animadverte
3419 740 3623 812 igitur,

2026 841 2171 910 quod
2222 841 2439 898 tametsi
2477 856 2599 912 cap.
2636 839 2819 913 [illud]
2870 839 3023 909 prius
3075 838 3324 895 haberet.
3356 850 3482 889 eum
3516 835 3611 903 qui

2027 937 2211 993 Calore
2238 936 2479 1006 quodam
2515 950 2612 1007 per
2658 935 2983 1006 principem,
3034 931 3149 989 sive
3196 936 3294 999 per
3343 927 3612 999 principis

2026 1046 2231 1087 nomen
2275 1031 2540 1102 jurasset,
2604 1045 2715 1085 non
2770 1028 2941 1084 teneri
2995 1025 3300 1098 majestatis
3356 1021 3612 1081 crimine.

2027 1140 2202 1192 neque
2228 1124 2409 1194 puniri
2446 1142 2460 1178 :
2494 1122 2661 1178 Basil.
2693 1120 3024 1176 architectus
3067 1117 3295 1173 omnino
3325 1112 3613 1169 conuiveri

2025 1217 2243 1273 dixerit.
2276 1216 2380 1283 Qui
2412 1232 2541 1271 vero
2585 1230 2693 1269 non
2747 1213 2928 1270 calore
2974 1209 3258 1284 [quodam]
3312 1206 3621 1278 pejerarit,

2028 1309 2220 1383 [hunc]
2254 1308 2503 1381 fustigari
2555 1308 2750 1364 dicas:
2802 1304 3012 1380 [idque]
3067 1303 3371 1360 secundum
3426 1301 3611 1354 thema

2028 1406 2228 1460 nlui?)
2262 1419 2383 1473 cap.
2412 1403 2663 1473 ejusdem
2712 1401 2796 1456 tit.
2831 1410 2886 1455 et
2922 1399 3041 1465 lib.,
3096 1397 3239 1467 quod
3284 1395 3365 1451 sic
3406 1391 3563 1447 habet
3594 1407 3607 1443 :

2022 1497 2126 1566 Qui
2154 1498 2209 1552 in
2247 1512 2304 1551 re
2350 1495 2663 1566 pecuniaria
2718 1492 2824 1567 [se]
2874 1509 2983 1548 non
3030 1491 3250 1554 debere,
3310 1496 3405 1543 aut
3453 1483 3607 1559 [sibi]

2021 1591 2204 1646 deberi
2237 1606 2329 1660 per
2363 1589 2664 1660 principem
2704 1586 2996 1659 juraverit,
3030 1592 3087 1639 et
3114 1580 3443 1654 pejeraverit
3472 1598 3485 1635 :
3524 1580 3610 1633 vel

2029 1684 2168 1738 intra
2197 1691 2408 1737 certum
2439 1690 2655 1752 tempus
2690 1678 2794 1754 [se]
2825 1680 3105 1744 daturum,
3152 1676 3288 1751 [nec
3333 1674 3526 1731 fecerit
3558 1671 3607 1745 :]

312 1759 492 1828 φέντα
546 1761 628 1825 εἰς
679 1763 741 1816 τὸ
794 1765 959 1834 ῥηθὲν
1011 1764 1092 1836 μδ¹
1130 1784 1256 1837 κειρ.
1294 1768 1632 1839 ἐρμήνευσον
1678 1769 1911 1824 κατὰ-τὸ

2025 1777 2335 1846 instigatur.
2384 1773 2555 1831 Porro
2583 1792 2705 1847 quae
2748 1782 2816 1831 de
2853 1790 2921 1831 eo
2966 1774 3111 1845 quod
3142 1772 3397 1844 perjurus
3431 1769 3608 1823 Deum

310 1851 542 1907 ὄπισθεν
571 1854 816 1926 γραφθέν
844 1858 975 1928 παρ’
1015 1858 1175 1928 ἡμῶν
1206 1860 1349 1929 μέγα
1381 1860 1614 1932 σχόλιον,
1663 1863 1759 1918 καὶ
1790 1863 1912 1916 εἰπὲ

309 1945 395 1997 ὅτι
426 1946 666 2011 τοιοῦτος
690 1950 851 2020 ὅρκος
880 1949 1318 2023 βουμλυπτάριος
1350 1948 1490 2025 ἧν,ἢ
1522 1956 1873 2028 νεκεσσάριος
1897 1972 1909 1985 °

311 2040 342 2093 ὁ
369 2040 479 2112 γὰρ
507 2041 583 2112 μὴ
598 2042 843 2097 τοιούτου
876 2045 1041 2116 ὅρκου
1090 2048 1423 2117 ἐπιορκήσας
1466 2049 1719 2119 μεγάλως
1756 2051 1914 2105 κολά-

314 2132 492 2197 ζεται.
528 2135 640 2187 Καὶ
668 2136 822 2205 ζήτει
847 2136 940 2189 τὸν
972 2136 1059 2191 πα’
1087 2139 1287 2193 κανόνα
1315 2140 1410 2193 τοῦ
1446 2142 1604 2209 ἁγίου
1628 2143 1912 2197 Βασιλείου

314 2226 411 2278 καὶ
452 2226 842 2281 τὸτελευταῖον
896 2247 1022 2299 κεφ.
1051 2230 1147 2284 τοῦ
1194 2230 1275 2302 λη’
1308 2234 1411 2287 τίτ.
1468 2234 1561 2287 τοῦ
1598 2236 1639 2302 ξ’
1679 2236 1910 2305 βιϐλίου,

316 2310 415 2372 καὶ
442 2320 503 2371 τὸ
530 2317 571 2371 δ’
606 2337 733 2388 κεφ.
764 2320 858 2373 τοῦ
879 2321 920 2374 λ’
955 2322 1063 2381 τίτ.
1092 2322 1188 2376 τοῦ
1216 2325 1381 2378 αὐτοῦ
1419 2325 1653 2396 βιϐλίου,
1682 2331 1777 2383 καὶ
1823 2331 1915 2401 ἐρ-

322 2410 597 2481 μήνευσον
624 2410 809 2476 καθὼς
855 2414 1089 2483 εἴπομεν
1138 2416 1235 2470 καὶ
1266 2419 1347 2479 είς
1379 2416 1449 2470 τὺ.
1478 2419 1643 2487 ῥηθὲν
1700 2420 1913 2491 σχόλιον

320 2504 499 2566 ἄλλως
558 2508 654 2559 καὶ
709 2507 885 2571 ἄλλως
934 2508 1269 2573 κολάζεσθαι.
1305 2512 1432 2574 τοὺς
1466 2511 1555 2565 διὰ
1601 2511 1915 2583 θερμότητα

322 2598 768 2669 ἐπιορκήσαντας
805 2601 902 2656 καὶ
944 2603 1071 2665 τοὺς
1124 2603 1198 2673 μὴ
1249 2602 1548 2668 τοιούτους.
1596 2605 1657 2658 Ἡ
1692 2603 1734 2675 β’
1767 2606 1910 2660 διάτ.

321 2687 416 2744 τοῦ
441 2687 489 2760 η’
511 2690 616 2745 τίτ.
644 2690 737 2744 τοῦ
768 2689 813 2745 θ’
868 2691 1075 2763 βιϐλίου
1121 2694 1215 2746 τοῦ
1250 2692 1503 2760 κώδικος,
1540 2696 1653 2750 ἐστι
1693 2715 1817 2765 κεφ.
1853 2695 1912 2751 ιε’

321 2783 418 2836 τοῦ
456 2782 545 2849 λς’
572 2784 685 2839 τίτ.
710 2784 806 2838 τοῦ
833 2784 877 2852 ξ’
899 2786 1103 2857 βιϐλίου
1146 2786 1317 2851 οὕτως
1345 2789 1466 2859 ἐχον
1493 2789 1569 2853 ὡς
1598 2791 1677 2856 είς
1702 2794 1912 2863 ’κείμε-

323 2892 415 2927 νον
435 2876 667 2948 ἐγράφη.
702 2877 838 2931 Εἰπὲ
863 2878 918 2931 δὲ
943 2880 1036 2932 καὶ
1064 2880 1193 2951 περὶ
1229 2880 1424 2933 τούτου
1453 2882 1535 2935 ὅτι
1565 2884 1614 2935 εί
1649 2884 1748 2953 μὲν
1772 2886 1916 2940 κατά

323 2966 640 3037 θερμότητα
674 2967 887 3038 ὤμοσεν
920 2971 1017 3040 οὐχ
1045 2972 1354 3036 ὑπόκειται,
1375 2974 1423 3026 εί
1446 2973 1500 3028 δὲ
1528 2974 1602 3047 μὴ
1629 2976 1915 3033 ὑπόκειται

322 3060 397 3124 ὡς
433 3061 639 3114 ἄνωθεν
675 3064 912 3134 εἴρηται.
941 3065 1017 3118 Td
1039 3066 1083 3130 ζ’
1120 3065 1259 3122 διάτ.
1293 3067 1388 3120 τοῦ
1425 3066 1467 3120 δ’
1490 3070 1593 3125 τίτ.
1625 3070 1718 3124 τοῦ
1750 3071 1796 3141 β’
1828 3071 1913 3142 βι-

322 3151 475 3206 ϐλίου
508 3153 615 3205 τῶν
642 3153 781 3209 διάτ.
810 3154 926 3208 ἐστι
954 3156 1095 3226 θέμα
1129 3155 1197 3226 ιγ’
1234 3157 1330 3213 τοῦ
1362 3156 1410 3213 α’
1446 3159 1552 3213 τίτ.
1585 3161 1680 3214 τοῦ
1710 3160 1779 3215 ια’
1802 3163 1913 3216 τῶν

321 3244 633 3298 Βασιλικῶν
656 3245 828 3311 οὕτως
872 3247 996 3317 ἕχον
1028 3248 1105 3312 ὡς
1136 3251 1217 3313 είς
1256 3250 1317 3303 τὺ
1362 3250 1615 3322 κείμενον
1644 3252 1911 3325 ἐδηλώθη.

324 3338 460 3391 Εἰπὲ
488 3339 669 3392 τοίνυν
707 3341 817 3394 ἀπὸ
861 3343 1106 3396 τοιούτου
1140 3344 1303 3414 ὅρκου
1346 3344 1549 3416 μηδένα
1589 3346 1917 3410 κολάζεσθαι

321 3432 401 3495 ὡς
457 3433 736 3500 ἐπίορκον,
786 3436 874 3488 διὰ
914 3436 975 3488 τὸ
1010 3436 1306 3507 προφανῶς
1335 3436 1475 3492 εἶναι
1511 3439 1703 3494 τοῦτον
1740 3442 1917 3512 παρά-

321 3541 490 3594 νομον
512 3527 608 3578 καὶ
640 3528 1039 3597 ἀνυπόστατον,
1079 3532 1174 3584 καὶ
1211 3530 1286 3595 ὡς
1342 3534 1478 3602 μηδὲ
1510 3536 1805 3605 γενόμενον
1832 3537 1918 3589 λο-

317 3618 595 3686 γίζεσθαι.
640 3618 705 3672 Ἡ
740 3618 817 3673 να⁹
863 3624 1034 3695 νεαρὰ
1087 3624 1182 3677 τοῦ
1240 3624 1504 3695 βασιλέως
1540 3626 1917 3681 Ἰουστινιανοῦ

318 3711 485 3781 ἐτέθη
518 3714 596 3776 είς
623 3712 725 3767 τίτ.
765 3711 845 3784 λη’
875 3713 970 3767 τοῦ
1009 3715 1052 3780 ξ’
1085 3716 1290 3786 βιϐλίου
1336 3718 1446 3771 τῶν
1471 3719 1781 3773 Βασιλικῶν
1805 3738 1917 3774 κω-

319 3802 527 3856 λύουσα
558 3807 738 3858 πᾶσαν
768 3808 1188 3878 πορνοϐοσκίαν.
1208 3812 1295 3864 Ἐν
1321 3812 1378 3865 δέ
1411 3813 1488 3884 τῷ
1517 3813 1658 3867 τέλει
1681 3814 1775 3866 τοῦ
1807 3814 1915 3868 τίτ.

319 3895 439 3949 ἔστι
462 3914 588 3966 κεφ.
620 3897 794 3961 οὕτως
844 3900 988 3971 ἔχον,
1028 3901 1185 3955 Ἰίὲπὶ
1230 3906 1435 3975 σκηνῆς
1472 3902 1606 3958 οὖσα
1638 3908 1774 3977 γυνὴ
1816 3908 1928 3960 κᾶν.

317 3990 495 4059 ὀμόσῃ
528 3990 623 4043 καὶ
662 3991 867 4060 ἐγγύας
893 3993 1040 4066 δώσῃ
1075 3996 1150 4065 μὴ
1182 3996 1488 4068 ἀναχωρεῖν
1510 3999 1606 4068 τῆς
1635 4000 1917 4069 πορνείας,

319 4081 624 4145 ἀκινδύνοις
689 4084 1028 4153 ἀφίσταται,
1070 4088 1166 4141 καὶ
1235 4090 1286 4141 εἰ
1344 4091 1641 4161 ἀπαιτήσει
1687 4109 1773 4154 τις
1821 4092 1921 4155 τὰς

316 4176 579 4239 τοιαύτας
603 4177 825 4247 ἐγγύας,
852 4180 1136 4235 ὑπόκειται
1158 4181 1236 4250 τῷ
1258 4183 1357 4252 τῆς
1376 4183 1690 4253 ἐπιορκείας
1716 4184 1917 4254 ἐγκλή-

322 4285 479 4337 ματι.
518 4268 941 4339 Σημείωσαιοῦν
968 4272 1029 4324 τὸ
1059 4288 1183 4339 κεφ.
1201 4271 1455 4327 διδάσκον
1478 4272 1577 4344 τὴν
1610 4273 1709 4344 μὲν
1733 4276 1922 4345 ἐπιορ-

322 4362 579 4428 κήσασαν
621 4359 696 4430 μὴ
726 4362 1115 4434 τιμωρεῖσθαι,
1148 4365 1240 4417 τὸν
1264 4365 1322 4418 δέ
1370 4364 1720 4438 τιμωροῦντα
1749 4368 1919 4438 αὐτὴν

2023 1873 2258 1926 ultorem
2294 1870 2510 1935 habeat,
2544 1869 2599 1924 in
2634 1870 2779 1924 dicto
2824 1868 2895 1923 M
2938 1884 3059 1938 cap.
3101 1867 3307 1936 scripta
3338 1871 3487 1927 sunt,
3522 1863 3611 1916 in-

2018 1962 2389 2033 terpretabere
2439 1961 2739 2017 secundum
2784 1960 3042 2031 superius
3074 1973 3104 2014 a
3145 1957 3309 2013 nobis
3343 1956 3607 2027 scriptum

2018 2054 2285 2125 magnum
2306 2052 2605 2117 scholium,
2641 2067 2705 2106 ac
2736 2051 2906 2116 dices,
2945 2050 3093 2121 quod
3139 2047 3452 2104 istiusmodi
3490 2046 3612 2116 jus-

2014 2143 2312 2215 jurandum
2345 2140 2413 2195 sit
2448 2139 2589 2213 [aut]
2628 2140 3026 2199 voluntarium.
3082 2146 3178 2193 aut
3208 2134 3604 2191 necessarium.

2014 2235 2150 2291 Nam
2192 2235 2285 2306 qui
2318 2235 2372 2289 in
2414 2232 2742 2304 jusjurando
2790 2247 2897 2287 non
2949 2232 3051 2287 tali
3092 2232 3321 2303 pejerat,
3372 2229 3611 2300 graviter

2014 2328 2261 2400 punitur.
2353 2326 2631 2392 Quorsum
2689 2339 2906 2395 quaeras
2965 2322 3026 2377 81
3102 2337 3365 2403 οιιυοιιοιιι
3420 2319 3613 2373 Basilii

2014 2420 2217 2486 Magni,
2284 2426 2338 2472 et
2392 2433 2513 2487 cap.
2550 2417 2648 2472 ult.
2697 2418 2780 2470 tit.
2819 2415 2888 2469 38
2925 2416 3015 2468 lib.
3056 2430 3160 2479 Lx;
3191 2423 3247 2468 et
3293 2429 3412 2482 cap.
3449 2411 3483 2465 4
3522 2412 3603 2465 Iit.

2014 2509 2083 2563 50
2114 2506 2356 2575 ejusdem
2380 2506 2501 2568 lib.,
2535 2521 2599 2560 ac
2624 2504 3014 2573 interpreteris,
3047 2502 3513 2573 quemadmodum
3549 2502 3603 2554 in

2014 2602 2162 2656 dicto
2210 2600 2418 2655 scholio
2459 2598 2723 2664 diximus,
2773 2612 2868 2653 eos
2913 2599 3008 2665 qui
3049 2598 3232 2652 calore
3280 2592 3604 2666 [quodam],

2015 2705 2066 2748 et
2105 2694 2194 2763 qui
2238 2692 2389 2746 nullo
2421 2690 2689 2761 pejeranl,
2729 2690 2837 2744 alio
2864 2698 3030 2759 atque
3066 2689 3175 2742 alio
3204 2686 3383 2757 puniri
3416 2686 3602 2739 modo.

2014 2789 2204 2845 Const.
2264 2787 2299 2841 2
2342 2788 2423 2841 tit.
2480 2785 2513 2840 8
2553 2786 2647 2839 lib.
2694 2800 2746 2839 ιχ
2799 2784 2934 2839 Cod.
2966 2792 3050 2838 est
3089 2799 3210 2853 cap.
3265 2783 3332 2837 15
3399 2783 3482 2835 tit.
3537 2781 3607 2834 56

2016 2884 2106 2937 lib.
2144 2899 2232 2946 nx,
2264 2881 2407 2951 quod
2440 2881 2623 2942 habet.
2648 2890 2707 2933 ut
2739 2880 2791 2933 in
2828 2888 2974 2934 textu
3005 2879 3272 2947 scriptum
3310 2884 3416 2932 est.
3448 2875 3607 2929 Dicas

2016 2977 2199 3045 itaque
2226 2975 2292 3029 de
2326 2976 2453 3038 hoc,
2485 2973 2631 3045 quod
2668 2974 2708 3029 si
2759 2974 2944 3029 calore
2988 2970 3277 3044 [quodam]
3312 2970 3604 3039 iuraverit,

2020 3085 2128 3122 non
2172 3074 2419 3122 teneatur
2455 3084 2468 3121 :
2516 3067 2561 3121 si
2614 3066 2763 3120 nullo
2817 3075 3087 3131 teneatur,
3141 3071 3201 3117 ut
3235 3061 3489 3131 superius
3523 3060 3618 3114 di«

2019 3173 2165 3219 ctum
2196 3167 2299 3216 est.
2332 3159 2534 3230 Digest.
2584 3159 2614 3211 7
2660 3160 2744 3214 tit.
2806 3158 2873 3212 14
2932 3157 3029 3212 lib.
3084 3171 3123 3210 ιι
3162 3155 3281 3227 Dig.
3314 3163 3400 3210 est
3425 3154 3607 3207 thema

2021 3254 2089 3308 15
2126 3254 2206 3307 tit.
2236 3254 2259 3307 1
2295 3252 2388 3307 lib.
2441 3268 2498 3307 XI
2550 3251 2740 3318 Basil.,
2766 3252 2913 3321 quod
2940 3252 3025 3305 sic
3064 3251 3246 3315 habet,
3289 3259 3350 3303 ut
3377 3249 3429 3301 in
3458 3257 3610 3302 textu

2020 3346 2283 3415 scriptum
2313 3354 2416 3399 est.
2451 3343 2613 3398 Dicas
2650 3344 2814 3414 igitur
2858 3344 2931 3397 ob
2967 3341 3277 3397 istiusmodi
3321 3340 3611 3410 jusjuran-

2022 3440 2150 3494 dum
2197 3440 2472 3492 nemincm
2527 3437 2733 3508 puniri,
2800 3447 2861 3491 ut
2912 3435 3194 3507 perjurum
3250 3452 3263 3488 :
3321 3441 3610 3502 propterea

2021 3530 2166 3601 quod
2200 3529 2251 3584 id
2287 3529 2551 3584 adversus
2591 3528 2736 3598 leges
2773 3527 3076 3597 praestitum
3104 3540 3248 3592 esse,
3294 3539 3394 3579 nec
3432 3523 3613 3579 subsi-

2022 3634 2188 3686 stere,
2216 3622 2568 3677 manifestum
2617 3622 2734 3676 sit:
2782 3631 2949 3692 atque
2993 3630 3253 3690 tanquam
3307 3619 3610 3688 prmslitum

2022 3731 2128 3769 non
2173 3721 2341 3780 esset,
2381 3720 2685 3783 reputetur.
2730 3710 2956 3768 Novella
3039 3711 3387 3782 imperatoris
3439 3710 3611 3765 Justi-

2023 3808 2171 3863 niani
2211 3808 2305 3873 5|,
2337 3822 2459 3876 qua:
2510 3821 2674 3861 omne
2724 3806 3055 3862 lenocinium
3108 3805 3380 3875 prohibet,
3430 3803 3610 3874 posita

2022 3916 2104 3957 est
2140 3903 2193 3956 in
2222 3903 2305 3957 tit.
2338 3903 2407 3957 '58
2452 3901 2547 3956 lib.
2587 3901 2752 3956 Basil.
2787 3917 2877 3954 ιχ.
2910 3899 3007 3955 Est
3059 3909 3238 3954 autem
3274 3899 3330 3952 in
3364 3898 3471 3952 ﬁne
3525 3898 3609 3951 tit.

2023 4014 2142 4065 cap.
2181 3994 2326 4065 quod
2349 3995 2429 4049 sic
2466 4003 2668 4050 sonat:
2710 3997 2767 4047 ln
2809 3994 3050 4048 tabernis
3078 3993 3366 4062 prostituta
3413 3990 3613 4044 mulier

2026 4089 2237 4145 tametsi
2276 4086 2380 4161 [se]
2408 4104 2437 4143 a
2471 4087 2833 4143 fomicatione
2860 4101 2966 4140 non
3004 4099 3345 4139 recessuram
3388 4083 3610 4153 jurarit,

2022 4184 2278 4251 datisque
2327 4180 2743 4250 ﬁdejussoribus
2792 4176 3078 4250 [caverit]:
3130 4178 3267 4231 citra
3305 4176 3610 4245 periculum

2022 4275 2258 4330 desistit.
2302 4272 2409 4340 Qui
2444 4288 2574 4328 vero
2617 4272 2928 4327 istiusmodi
2984 4270 3367 4341 Iidejussiones
3411 4283 3613 4339 exege-

2026 4369 2118 4429 rit,
2161 4366 2385 4437 perjurii
2428 4367 2659 4421 crimine
2695 4374 2936 4426 tenetur,
2985 4374 3038 4417 et
3096 4363 3253 4418 denis
3282 4362 3463 4431 pondo
3494 4362 3613 4415 auri

319 4450 410 4503 διὰ
440 4450 540 4523 τὴν
574 4453 869 4524 ἐπιορκίαν
896 4454 970 4516 ὼς
1026 4454 1286 4525 ἐπίορκον
1336 4456 1699 4528 τιμωρεῖσθαι
1731 4474 1743 4486 ’
1778 4459 1914 4530 ὅπερ

2025 4457 2308 4510 multatur.
2340 4453 2477 4509 Nota
2514 4455 2678 4523 igitur
2705 4468 2833 4523 cap.
2869 4451 3076 4525 [illutm
3098 4452 3241 4520 quod
3273 4451 3610 4521 pejerautem

319 4542 436 4599 ἐστι
492 4545 701 4599 καινόν.
734 4547 855 4600 Ἔτι
911 4548 1217 4619 σημείωσαι
1251 4551 1333 4603 ὅτι
1386 4550 1641 4621 ἔγκλημά
1693 4552 1910 4624 ἐστινὴ

321 4638 606 4708 ἐπιορκία,
638 4639 732 4691 καὶ
759 4638 944 4711 οἴομαι
983 4641 1103 4695 τόδε
1136 4642 1494 4699 πεκουλάτον.

391 4943 647 4997 ΚΕΦΑΛ.
677 4943 779 4999 19'.
818 4936 881 4986 -έ-
919 4945 1059 5013 Περὶ
1132 4942 1253 4999 τῶν
1305 4944 1653 5015 ὀμνυόντων
1699 4947 1917 5017 ὅρκους

334 5036 755 5104 Ἑλληνικούς.
1468 5054 1481 5072 ι

390 5130 624 5183 Συνόὃου
686 5132 855 5201 ἕκτης
904 5131 1082 5185 κανὼν
1139 5130 1242 5201 ἤδη
1277 5133 1560 5188 Βασιλείου
1594 5134 1775 5189 κανὼν
1799 5136 1910 5191 πα’.

392 5222 714 5292 Κείμενον.
754 5225 843 5276 Ἐν
889 5225 970 5293 τῷ
1003 5222 1041 5277 ε’
1098 5224 1429 5296 διατάγματι
1477 5226 1570 5280 τοῦ
1607 5226 1651 5297 β’
1683 5228 1788 5282 τίτ.
1818 5227 1913 5283 τοῦ

322 5312 387 5383 ιβ’
449 5314 658 5386 βιϐλίου
695 5315 881 5385 φησὶν,
910 5334 964 5370 κ.
994 5334 1046 5371 τ.
1081 5315 1158 5384 λ.,
1192 5334 1364 5389 usque
1388 5319 1454 5373 ad
1479 5319 1700 5390 ὀμοθεὶς
1751 5320 1913 5390 ὅρκος

317 5408 378 5461 οὐ
418 5408 768 5479 φυλάττεται.
805 5409 982 5481 Supra
1015 5425 1137 5481 pag.
1175 5410 1302 5475 Ml,
1334 5412 1458 5467 “2.

2024 4547 2306 4600 mulierem
2342 4561 2447 4600 non
2488 4545 2692 4616 puniri,
2731 4545 2826 4601 sed
2884 4560 3008 4599 eum
3039 4544 3131 4614 qui
3183 4543 3331 4598 illam
3391 4552 3613 4613 propter

2021 4640 2324 4711 perjurium
2373 4640 2615 4704 alilictat,
2651 4651 2907 4710 tanquam
2954 4639 3235 4709 perjurum
3277 4638 3456 4708 ptmiri
3507 4638 3610 4692 do-

2021 4743 2139 4787 cet.
2175 4734 2323 4803 quod
2377 4750 2577 4788 novum
2625 4742 2725 4788 est.
2764 4734 2893 4788 Item
2929 4743 3078 4799 nota,
3115 4732 3261 4803 quod
3308 4732 3610 4801 perjurium

2020 4827 2230 4880 crimen
2266 4826 2357 4892 sit,
2389 4834 2443 4881 et
2475 4824 2741 4899 [quidem,
2775 4824 2857 4897 ut]
2893 4826 3154 4891 arbitror,
3189 4824 3495 4893 peculatus.

2093 4955 2245 5011 CAP.
2299 4954 2532 5010 XIX.-—
2576 4956 2654 5012 De
2697 4957 2762 5012 iis
2815 4959 2906 5029 qui
2944 4958 3185 5028 profana:
3223 4955 3615 5025 superstitionis.

2022 5049 2400 5117 jusjurandum
2432 5050 2646 5121 jurant.

2090 5144 2317 5198 Concilii
2362 5160 2412 5198 v1
2478 5159 2651 5199 canon
2704 5145 2809 5212 94;
2842 5144 3005 5199 Basil.
3042 5158 3219 5198 canon
3250 5143 3340 5198 8|.

2095 5231 2311 5289 Tenus.
2339 5232 2397 5288 In
2434 5234 2630 5305 digest.
2661 5234 2693 5289 5
2721 5236 2806 5289 tit.
2837 5235 2871 5287 2
2909 5236 3001 5290 lib.
3040 5250 3145 5300 xu,
3191 5247 3294 5291 etc.
3348 5252 3513 5307 usque
3541 5241 3611 5295 ad

2021 5338 2127 5377 non
2154 5331 2421 5387 servatur,
2449 5333 2506 5376 ut
2532 5340 2658 5395 pag.
2688 5323 2812 5389 Ml,
2836 5322 2966 5381 442.

391 5522 689 5579 Sclwlz'um.
744 5523 946 5596 Digest.
1009 5524 1044 5579 5
1114 5523 1196 5579 tit.
1268 5523 1305 5577 ‘2
1363 5525 1457 5580 ιιι).
1533 5543 1605 5581 xu
1660 5528 1778 5601 Dig.
1826 5537 1913 5585 est
1960 5543 2079 5598 cap.
2119 5530 2173 5593 5,
2216 5529 2275 5583 ll
2319 5538 2373 5584 et
2414 5529 2449 5584 3‘
2498 5530 2578 5585 tit.
2614 5531 2646 5585 5
2691 5531 2784 5585 lib.
2823 5548 2935 5587 χχιι
2994 5531 3186 5599 Basil.,
3240 5534 3385 5604 quod
3420 5535 3611 5593 eadem

321 5620 473 5675 dicit.

394 5734 653 5791 ΚΕΦΑΛ.
688 5730 771 5789 ις’.
802 5764 871 5773 —
900 5734 1037 5802 Περὶ
1096 5735 1488 5805 ἀποστατῶν,
1542 5736 1639 5793 καὶ
1694 5738 1921 5803 θυτῶν.

2097 5739 2249 5798 CAP.
2284 5739 2400 5798 XX.
2431 5741 2594 5799 ——l)c
2628 5746 2910 5814 apostatis,
2942 5746 3381 5810 immolatoribus,
3419 5750 3609 5817 magis,
