3928 6246
382 252 516 317 1201

1558 274 1821 336 ΡΠΟΤΙΙ
1854 277 2363 343 ΡΑΤΒΙΛΗΟΗᾹΞ
2402 286 2513 355 CP.

3528 288 3654 353 1208

379 370 823 438 int-autatoribus,
872 377 1280 449 mathematicis,
1305 382 1720 451 divinatoribus,
1745 398 1795 441 et
1822 404 1958 441 amu'

2082 392 2178 443 καὶ
2214 392 2445 464 μάγων,
2507 400 2602 451 καί
2640 398 2959 467 ἐπαοιῦὥν,
2995 402 3091 456 καὶ
3117 402 3530 474 ἀστρολόγων,
3561 404 3651 459 και

378 460 488 513 leta
521 468 958 533 appendentibus.

441 552 828 623 Apostolorum
885 577 1058 615 canon
1098 562 1197 630 62;
1252 566 1468 620 concilii
1522 567 1726 622 Nieaeni
1790 585 1966 625 canon

372 645 474 709 11,
530 648 632 713 12;
676 653 891 705 concilii
929 656 1203 725 AucyI-aui
1260 673 1435 711 canon
1478 662 1530 721 5,
1563 661 1617 724 4,
1647 662 1701 724 5,
1739 662 1793 725 6,
1825 664 1881 728 8,
1911 664 1966 730 9,

373 737 462 800 12,
494 739 601 806 94;
634 744 851 798 concilii
894 744 1183 800 Laudiceni
1217 764 1393 802 canon
1440 749 1544 813 '56;
1581 754 1795 808 concilii
1829 756 1966 809 Car-

376 833 720 902 thaginensis
750 853 925 891 canon
958 842 1065 907 45;
1101 843 1317 896 concilii
1352 846 1490 898 sexti
1523 861 1699 901 canon
1733 848 1820 911 61,
1857 848 1963 916 65;

369 923 515 979 Petri
567 928 921 985 Alexa‘hdriui
978 950 1151 987 σοι·οη
1209 938 1259 999 1,
1295 937 1349 998 9,
1380 937 1437 1000 5,
1467 938 1521 1001 4,
1557 939 1608 1001 5,
1648 938 1702 1001 6,
1736 939 1786 1002 7,
1816 941 1869 1003 8,
1909 943 1962 1008 9,

372 1018 459 1085 10,
498 1021 586 1085 11,
624 1023 711 1085 12,
747 1024 835 1089 15,
874 1027 977 1091 M;
1017 1026 1202 1082 Basilii
1234 1046 1412 1085 canon
1446 1031 1501 1095 7,
1531 1031 1584 1090 8.
1618 1033 1710 1092 44.
1745 1036 1834 1097 18,
1866 1036 1962 1098 49,

370 1111 463 1175 65,
492 1112 581 1179 66,
612 1114 698 1178 72,
728 1117 818 1177 75.
848 1118 937 1182 81,
969 1118 1068 1186 85;
1096 1119 1341 1193 Gregorii
1367 1123 1595 1194 Nysseui
1623 1140 1801 1178 canon
1832 1128 1885 1191 1,
1907 1127 1962 1180 2.

370 1204 513 1275 Lege
545 1224 666 1275 quae
699 1210 958 1266 adnotata
1021 1221 1152 1266 sunt
1180 1215 1231 1267 in
1263 1230 1386 1285 cap.
1414 1216 1484 1270 25
1549 1218 1632 1272 tit.
1666 1218 1699 1274 9
1727 1233 1967 1287 praesen-

368 1299 441 1353 tis
469 1302 675 1369 aperis.

434 1391 589 1447 CAP.
625 1392 763 1448 ΧΧΙ.
788 1426 861 1436 -
885 1395 957 1450 De
1000 1398 1345 1453 histrionibus
1367 1441 1383 1466 ,
1412 1398 1590 1454 mimis
1624 1410 1674 1455 et
1698 1402 1965 1457 similibus

367 1485 731 1551 pwuilentiam
763 1487 1059 1557 agentibus.

436 1577 669 1631 Coucilii
700 1579 1148 1650 Carthaginensis
1197 1598 1375 1638 canon
1422 1584 1492 1639 45
1519 1626 1535 1649 ,
1576 1584 1686 1652 65;
1743 1585 1961 1642 concilii

367 1670 509 1724 Sexti
540 1686 717 1725 canon
752 1672 841 1739 50,
873 1673 962 1727 51.

442 1760 661 1817 Textus.
693 1762 925 1820 Coustit.
964 1768 1034 1822 55
1071 1769 1153 1821 tit.
1184 1768 1219 1823 4
1253 1769 1346 1823 lib.
1381 1768 1405 1821 1
1445 1769 1606 1837 Cod.,
1644 1781 1751 1826 etc.
1806 1788 1965 1843 usque
1998 1741 2042 1798 Β

365 1849 435 1904 ad
467 1854 551 1909 tit.
588 1853 643 1917 9,
669 1864 848 1909 coust.
882 1856 938 1917 :2,
970 1865 1025 1909 ut
1049 1873 1173 1928 pag.
1207 1857 1333 1925 934,
1363 1858 1491 1915 955.

440 2040 740 2096 Sit/lolium.
808 2042 918 2097 Tit.
964 2045 998 2099 4
1041 2045 1133 2099 111).
1178 2063 1193 2101 I
1246 2045 1406 2114 Cod.,
1462 2059 1517 2102 et
1589 2049 1734 2104 tit.‘
1786 2050 1882 2105 lib.
1930 2066 1965 2105 v

366 2133 503 2189 Cod.
544 2140 902 2205 transsumpti
951 2148 1078 2192 sunt
1112 2140 1164 2191 in
1202 2139 1299 2193 lib.
1341 2138 1508 2195 Basil.
1544 2156 1747 2207 XXVIII,
1786 2144 1870 2196 tit.
1903 2142 1959 2197 4.

367 2226 464 2283 liae
496 2240 675 2283 autem
713 2240 889 2285 coust.
926 2248 1035 2285 non
1066 2242 1193 2287 sunt
1226 2236 1419 2303 posin
1446 2236 1499 2288 iu
1529 2234 1698 2290 Basil.
1732 2235 1841 2293 Tit.
1891 2239 1955 2292 41

367 2320 463 2374 lib.
506 2337 543 2374 II
576 2320 713 2377 Cod.
741 2332 823 2377 est
854 2324 953 2376 tit.
987 2324 1053 2377 57
1091 2322 1185 2378 lib.
1229 2340 1318 2379 LIV
1350 2325 1541 2391 Basil.,
1573 2328 1733 2396 cujus
1771 2330 1790 2380 1
1833 2345 1957 2399 cap.

364 2412 438 2467 ita
475 2413 638 2467 habet
672 2433 685 2468 :
730 2415 805 2469 De
838 2416 1047 2485 reliquo
1078 2417 1376 2473 certamina
1410 2419 1576 2474 libere
1607 2433 1959 2490 peragautur.

364 2507 535 2563 Nemo
586 2508 791 2563 invitus
838 2512 1139 2565 certamina
1191 2513 1370 2577 edito,
1420 2515 1766 2569 voluntarios
1811 2518 1957 2571 enim

368 2609 622 2669 sumptus
684 2601 861 2655 facere
907 2603 1050 2657 volo.
1107 2602 1282 2674 Legas
1362 2608 1526 2660 etiam
1576 2623 1697 2677 cap.
1749 2608 1785 2662 2
1819 2619 1874 2664 et
1926 2611 1960 2665 5

368 2696 474 2750 Tit.
532 2696 556 2749 1
610 2695 708 2750 lib.
757 2712 837 2750 III.
877 2696 1078 2765 Digest.
1131 2707 1215 2752 est
1272 2698 1366 2753 lib.
1407 2698 1573 2754 Basil.
1634 2717 1765 2766 VIII;
1797 2702 1879 2757 tit.
1922 2703 1958 2756 2

2071 2711 2152 2762 τοῦ
2182 2711 2367 2765 λοιποῦ
2403 2730 2415 2744 ·

372 2791 465 2843 lib.
498 2805 556 2843 III
592 2790 793 2859 Digest.
840 2800 924 2845 est
962 2792 1053 2845 lib.
1091 2790 1258 2845 Basil.
1292 2793 1417 2861 ut},
1464 2792 1546 2846 tit.
1582 2793 1721 2848 2111.
1770 2795 1803 2848 2
1861 2796 1954 2851 111),

367 2899 501 2937 xxtII
541 2883 745 2954 Digest.
792 2884 1003 2952 positus
1026 2894 1107 2937 est
1138 2884 1190 2938 in
1224 2884 1316 2938 lib.
1351 2901 1520 2939 xxvnt
1544 2885 1752 2956 Basil.,
1784 2888 1866 2941 tit.
1901 2889 1954 2941 5.

368 2978 571 3047 Digest.
621 2986 802 3031 autem
845 2978 965 3045 ejus
1016 2978 1085 3034 48
1138 2993 1246 3032 non
1286 2992 1368 3033 est
1415 2981 1653 3049 positum
1701 2982 1755 3035 in
1789 2982 1953 3039 Basil.

2069 484 2514 551 μαθηματικῶν,
2547 487 2850 557 μάντεων,
2888 494 2985 546 καὶ
3020 492 3381 561 περιάπτων.

2157 574 2496 629 ’Λποστόλων
2528 578 2710 633 κανὼν
2744 580 2855 652 ξβ¹⁶
2917 585 3134 637 συνόδου
3196 586 3436 648 Νικαίας
3482 586 3651 641 κανὼν

2076 662 2161 730 ια’,
2188 664 2285 735 ιβ”
2318 669 2535 722 συνόδου
2584 670 2860 744 Ἀγκύρας
2885 677 3063 729 κανὼν
3094 676 3163 745 γ’,
3191 676 3252 742 δ’,
3284 676 3355 741 ε’.
3382 676 3461 744 ς’,
3498 676 3568 746 η’.
3595 679 3622 732 θ
3643 721 3657 745 9

2074 755 2161 827 ιβ’,
2232 758 2341 811 κδ”
2396 763 2617 817 συνόδου
2676 767 2997 833 Λαοδικείας
3050 771 3230 824 κανὼν
3282 769 3409 837 λς’·
3443 773 3659 827 συνόδου

2071 851 2465 926 Καροαγέννης
2494 856 2674 911 κανὼν
2702 867 2785 929 με’
2811 878 2827 892 ·
2862 863 3080 917 συνόδου
3110 881 3149 928 ς
3199 864 3383 917 κανὼν
3426 863 3526 929 ξα’,
3557 864 3656 930 Ea"

2070 943 2280 1014 Πέτρου
2323 946 2729 1019 Ἀλεξανδρείας
2769 953 2948 1005 κανὼν
2997 952 3065 1021 α’,
3107 953 3172 1026 β’,
3203 953 3274 1023 γ’,
3314 956 3376 1019 δ’,
3407 953 3469 1018 ε’.
3497 963 3569 1019 ς’,
3595 953 3656 1020 ξ’,

2069 1034 2137 1107 η’,
2164 1035 2227 1099 θ’,
2258 1036 2307 1099 ι’,
2338 1037 2427 1101 ια’,
2465 1040 2552 1111 ιβ’,
2584 1041 2677 1111 ιγ’,
2706 1043 2767 1097 ιδ’
2788 1062 2801 1076 ·
2834 1046 3121 1100 Βασιλείου
3149 1046 3330 1101 κανὼν
3355 1046 3422 1112 ζ’,
3452 1045 3522 1116 η’,
3560 1045 3655 1116 μδ¹.

2072 1137 2183 1199 μη’ν
2223 1129 2315 1195 νεύ
2349 1133 2441 1197 ξε¹ν
2472 1133 2579 1201 ξς’,
2623 1134 2723 1207 οβ’,
2749 1136 2847 1206 στ’,
2878 1138 2994 1204 πα’,
3024 1139 3113 1209 πγ⁹
3136 1160 3150 1173 ο
3186 1140 3493 1212 Γρηγορίου
3522 1141 3658 1193 Νύσ-

2070 1237 2169 1291 σης
2198 1222 2381 1275 κανὼν
2406 1230 2475 1291 α’,
2510 1225 2555 1296 3‘
2578 1243 2592 1259 ·
2630 1230 2908 1299 ἀνάγνωθι
2929 1232 2996 1285 τὰ
3028 1234 3472 1304 παραγραφέντα
3504 1233 3561 1286 ὲν
3584 1233 3658 1304 τῷ

2069 1314 2147 1368 κε’
2177 1334 2304 1386 κεφ.
2338 1318 2433 1371 τοῦ
2466 1318 2513 1371 θ’
2545 1320 2651 1376 τίτ.
2683 1326 2779 1376 τοῦ
2804 1324 3072 1394 παρόντος
3103 1327 3508 1396 συντάγματος.

2140 1413 2396 1469 ΚΕΦΑΛ.
2425 1414 2658 1480 ΚΑ’.ξο-
2675 1419 2813 1485 Περὶ
2830 1418 3162 1487 σκηνικῶν,
3193 1420 3292 1474 καὶ
3321 1420 3542 1491 μίμων,
3566 1419 3657 1474 καὶ

2067 1503 2187 1557 τῶν
2210 1508 2430 1574 ὁμοίων
2446 1512 2930 1579 μετανοούντων.

2139 1598 2368 1653 Συνόδου
2419 1603 2813 1677 Καρθαγέννης
2842 1605 3024 1660 κανὼν
3059 1604 3163 1678 με’,
3210 1604 3314 1675 ξγ’·
3358 1605 3574 1661 συνόδου
3609 1605 3659 1672 ς’

2069 1700 2250 1744 κανων
2282 1700 2382 1747 να’.

2145 1789 2452 1855 Ιιέίμενον.
2493 1789 2558 1844 Ἠ
2608 1790 2693 1860 λγ¹
2737 1793 2877 1848 διάτ.
2911 1792 3004 1847 τοῦ
3048 1792 3091 1846 δ’
3113 1793 3219 1847 τίτ.
3253 1793 3351 1847 τοῦ
3378 1791 3426 1846 α’
3460 1793 3653 1864 βιϐλίου

2064 1878 2159 1933 τοῦ
2194 1879 2445 1947 κώδικος,
2509 1902 2563 1938 κ.
2604 1903 2656 1938 τ.
2692 1885 2768 1951 λ.,
2814 1901 2989 1957 usque
3016 1888 3105 1955 ad,
3136 1888 3212 1952 ὡς
3236 1888 3446 1960 βιϐλίον
3482 1884 3526 1940 θ’
3566 1885 3653 1940 τοῦ

2065 1970 2296 2036 κώδικος
2326 1974 2431 2027 τίτ.
2467 1973 2534 2041 θ’,
2574 1976 2716 2031 διάτ.
2756 1977 2822 2049 β’.
2854 1986 2880 2045 α

2135 2068 2416 2132 Σχόλιον.
2463 2069 2520 2121 '0
2572 2068 2614 2122 δ’
2638 2071 2745 2127 τίτ.
2811 2072 2905 2125 τοῦ
2967 2071 3016 2127 α’
3066 2073 3279 2146 βιϐλίου
3344 2074 3439 2128 τοῦ
3490 2073 3649 2128 κώδι-

2064 2171 2181 2219 κος,
2233 2160 2328 2211 καὶ
2369 2160 2397 2212 6
2425 2160 2468 2213 δ’
2512 2163 2619 2217 τίτ.
2655 2163 2750 2216 τοῦ
2794 2171 2835 2217 ε’
2880 2164 3088 2235 βιϐλίου
3137 2166 3233 2219 τοῦ
3276 2167 3507 2233 κὼδικος
3548 2169 3655 2236 ἐξες

2062 2244 2347 2316 λήιρθησαν
2388 2250 2446 2302 ὲν
2505 2252 2696 2324 βιϐλίῳ
2740 2254 2850 2307 τῶν
2903 2255 3208 2309 Βασιλικῶν
3273 2255 3383 2327 κη’,
3432 2258 3533 2312 τίτ.
3586 2267 3653 2317 α’.

2061 2342 2125 2392 Αἱ
2159 2340 2214 2392 δὲ
2251 2342 2527 2407 διατάξεις
2559 2346 2721 2401 αὗται
2744 2348 2844 2401 οὑκ
2876 2348 3143 2416 ἐτέθησαν
3162 2350 3245 2411 εἰς
3274 2352 3342 2402 τὰ
3370 2346 3651 2406 Βασιλικά.

2074 2434 2132 2487 Ὀ
2165 2433 2382 2503 μα’τίτ.
2405 2437 2502 2490 τοῦ
2544 2437 2612 2491 ια’
2650 2439 2857 2509 βιϐλίου
2901 2439 2995 2493 τοῦ
3025 2440 3282 2505 κώδικος,
3320 2442 3436 2495 ἔστι
3461 2441 3651 2509 τίτ.λζ²

2060 2526 2153 2579 τοῦ
2198 2527 2282 2596 μδ¹
2311 2528 2515 2597 βιϐλίου
2539 2531 2647 2583 τῶν
2667 2531 2995 2596 Βασιλικῶν,
3028 2534 3125 2585 καὶ
3176 2531 3294 2602 ἔχει
3324 2533 3387 2586 τὸ
3427 2533 3475 2586 α’
3498 2534 3649 2589 αὐτοῦ

2062 2635 2190 2687 κεφ.
2218 2618 2412 2685 οὕτως,
2434 2622 2925 2675 Ἐπιτελείσθωσαν
2952 2622 3050 2692 μὲν
3070 2624 3117 2675 οἱ
3135 2623 3350 2692 ἀγῶνες
3373 2625 3652 2689 ἀκωλύτως

2491 2714 2679 2783 μηδεὶς
2720 2715 2778 2768 δὲ
2830 2715 3182 2784 ἀγωνιζέσθω
3210 2716 3366 2770 ἄκων
3387 2734 3400 2748 ’
3431 2719 3648 2781 ἑκόντας

2058 2804 2169 2874 γὰρ
2234 2805 2541 2877 βουλόμεθα
2592 2808 2860 2879 δαπανᾷν.
2905 2808 3204 2877 Ἀνάγνωθι
3260 2812 3361 2863 καὶ
3414 2829 3539 2881 κεφ.
3585 2810 3645 2883 β’,

2058 2897 2155 2948 καὶ
2182 2895 2251 2965 γ’.
2295 2899 2351 2951 '0
2383 2899 2557 2952 α’τίτ.
2591 2899 2687 2953 τοῦ
2719 2908 2766 2969 γ’
2795 2900 3001 2971 βιϐλίου
3040 2901 3151 2954 τῶν
3190 2901 3514 2970 διατάξεων,
3542 2907 3648 2958 ἔστι

2060 2985 2263 3056 βιϐλίον
2316 2987 2364 3060 η’
2413 2990 2522 3043 τῶν
2565 2990 2937 3049 Βασιλικῶν...
2984 2993 3088 3047 τίτ.
3136 2992 3201 3065 β’.
3249 2996 3314 3050 Ὃ
3350 2994 3394 3067 β’
3426 3014 3530 3050 τιτ.
3558 2993 3645 3049 τοῖ’)

367 3068 511 3123 Sane
570 3069 752 3124 thema
785 3070 882 3123 ult.
928 3085 1048 3139 cap.
1090 3071 1124 3122 εὶ
1160 3072 1243 3124 tit.
1272 3070 1307 3123 2
1338 3071 1431 3125 111).
1481 3088 1596 3135 χιι,
1627 3074 1702 3128 ait
1734 3092 1747 3128 :
1784 3073 1955 3129 Porro

2071 3078 2147 3147 κγ’
2182 3080 2387 3149 βιϐλίου
2433 3083 2597 3153 ἐτέθη
2626 3087 2705 3148 είς
2738 3084 2847 3152 βιϐ.
2892 3093 2981 3156 κη’
3009 3087 3117 3140 τῶν
3145 3086 3452 3142 Βασιλικῶν
3475 3087 3644 3157 τίτ.ε⁹,

366 3168 529 3216 scena
562 3170 666 3227 est,
705 3161 794 3216 tibi
820 3164 946 3232 quis
978 3163 1230 3217 consistit
1258 3179 1269 3215 :
1315 3174 1369 3217 et
1399 3165 1656 3234 deinceps
1689 3182 1957 3235 quaecum

364 3272 470 3326 que
491 3256 558 3311 de
586 3255 947 3310 histrionibus
971 3255 1025 3308 in
1058 3264 1206 3309 textu
1238 3257 1440 3325 scripta
1481 3266 1629 3311 sunt.
1663 3256 1738 3311 De
1768 3258 1833 3311 iis
1862 3260 1954 3328 qui

365 3366 489 3405 cum
546 3349 738 3405 bestiis
782 3360 1061 3419 pugnant,
1106 3350 1348 3419 loquitur
1385 3351 1451 3415 8,
1503 3348 1537 3404 9
1580 3359 1634 3404 et
1678 3350 1748 3407 10
1777 3352 1957 3406 thema

365 3459 488 3513 cap.
523 3444 575 3509 1,
610 3444 695 3497 111.
728 3460 764 3509 ι,
796 3444 895 3498 lib;
926 3443 1093 3497 Basil.
1122 3460 1239 3505 VIII,
1277 3459 1399 3513 qua:
1431 3444 1483 3497 in
1512 3454 1660 3499 textu
1697 3460 1957 3514 compen-

365 3541 519 3592 diose
545 3538 825 3607 pt'oposita
853 3546 1001 3591 sunt.
1032 3536 1188 3605 Quod
1218 3538 1548 3593 athletarum
1582 3555 1672 3594 ars
1714 3539 1956 3595 famosos

367 3648 472 3687 non
529 3632 721 3697 faciat,
753 3640 838 3685 est
870 3631 926 3684 in
953 3647 1075 3701 cap.
1110 3633 1143 3685 4
1172 3633 1254 3686 tit.
1304 3631 1340 3685 2
1399 3632 1497 3686 lib.
1538 3649 1628 3697 xxI
1661 3631 1828 3687 Basil.
1866 3632 1953 3698 Et,

366 3725 509 3794 quod
558 3724 681 3777 leno
728 3724 833 3786 sit,
867 3723 959 3792 qui
993 3724 1302 3777 istiusmodi
1332 3735 1599 3792 quantum
1623 3767 1637 3789 ,
1686 3734 1791 3779 etc.
1820 3764 1834 3787 ,
1873 3733 1958 3780 est

370 3821 549 3872 thema
584 3818 681 3870 ﬂet
706 3819 739 3872 5
765 3817 1009 3886 ejusdem
1032 3832 1178 3885 cap.,
1201 3833 1321 3886 qua:
1346 3819 1418 3873 ita
1445 3834 1702 3887 expresse
1730 3819 1954 3886 habent,

368 3910 829 3981 quemadmodum
859 3908 960 3982 [id]
996 3911 1446 3966 textuiiusertum
1481 3910 1820 3978 est.Qua3ret
1844 3912 1955 3966 l'or-

366 4018 509 4059 tasse
551 4006 862 4074 quiSpiauI,
911 4014 1247 4073 quapropter
1296 4003 1388 4073 qui
1436 4017 1659 4072 operam
1711 4019 1864 4058 suam
1900 4004 1952 4058 in

369 4108 542 4152 artem
572 4097 837 4151 ludicram
872 4096 1094 4159 locavit,
1122 4110 1298 4165 neque
1332 4094 1499 4167 [eam]
1541 4095 1813 4159 exhibuit,
1843 4112 1951 4150 non

364 4200 624 4247 notetur:
672 4190 767 4259 qui
811 4204 941 4244 vero
991 4197 1049 4242 ut
1096 4202 1220 4242 cum
1259 4188 1446 4243 bestiis
1489 4188 1862 4258 depugnaret,
1895 4202 1955 4244 se

365 4283 588 4346 locavit,
658 4281 874 4337 tametsi
948 4296 1057 4334 non
1105 4280 1382 4351 pugnarit,
1425 4280 1671 4335 famosus
1715 4280 1844 4335 liat?
1893 4280 1952 4335 III

367 4384 484 4431 arte
510 4375 718 4430 ludicra
751 4374 930 4444 ipsum
959 4372 1186 4440 factum,
1222 4388 1329 4427 non
1365 4380 1546 4427 autem
1582 4374 1949 4442 propositum,

2066 3172 2126 3225 τὸ
2155 3173 2211 3226 δὲ
2248 3172 2339 3245 μη’
2372 3175 2512 3228 διάτ.
2544 3176 2639 3228 τοῦ
2661 3177 2829 3232 αὑτοῦ
2848 3180 2950 3232 οὐκ
2978 3179 3136 3252 ἐτέθη
3166 3184 3247 3245 εἰς
3280 3183 3349 3235 τὰ
3372 3182 3641 3236 Βασιλικά.

2064 3266 2203 3333 Φησὶ
2219 3266 2275 3318 δὲ
2291 3267 2350 3319 τὸ
2377 3267 2688 3322 τελευταῖον
2704 3269 2848 3340 θέμα
2869 3272 2963 3325 τοῦ
2988 3272 3031 3342 3'
3060 3274 3169 3327 τίτ.
3195 3273 3293 3327 τοῦ
3324 3274 3409 3329 κα¹
3427 3275 3642 3346 βιϐλίου,

2065 3360 2245 3431 Σκηνή
2275 3360 2422 3413 ἐστιν
2459 3362 2588 3415 ἔνθα
2618 3380 2703 3427 τις
2750 3364 2989 3433 ἵσταται,
3041 3369 3135 3420 καὶ
3166 3369 3252 3436 ἐφ’
3290 3370 3417 3439 ἑξῆς
3445 3372 3540 3423 ὅσα
3573 3369 3644 3431 είς

2064 3450 2126 3501 τὸ
2145 3450 2399 3519 κείμενον
2423 3453 2747 3523 ἐγράφησαν
2791 3458 2954 3525 χάριν
3013 3456 3121 3509 τῶν
3164 3458 3548 3526 πηνικῶν.Τὸ
3578 3464 3641 3527 η’,

2066 3537 2109 3591 θ’
2144 3542 2238 3593 καὶ
2270 3539 2298 3594 ι’
2333 3540 2475 3612 θέμα
2517 3542 2613 3595 τοῦ
2644 3542 2691 3596 α’
2721 3561 2848 3612 κεφ.
2885 3545 2980 3597 τοῦ
3010 3543 3059 3597 α’
3102 3545 3207 3598 τίτ.
3242 3546 3339 3598 τοῦ
3373 3553 3420 3616 η’
3452 3543 3643 3615 βιϐλίου

2064 3631 2173 3682 τῶν
2199 3632 2506 3685 Βασιλικῶν
2537 3650 2672 3703 φησι
2721 3634 2881 3705 χάριν
2932 3635 3042 3688 τῶν
3074 3634 3427 3706 θηριομάχων
3458 3637 3552 3688 ὅσα
3573 3635 3644 3697 εἰς

2064 3720 2124 3774 τὸ
2153 3722 2407 3792 κείμενον
2454 3724 2896 3795 συνωῲίσθησαν.
2946 3725 3019 3778 Τὸ
3057 3726 3131 3796 μὴ
3168 3722 3312 3780 εἶναι
3342 3726 3644 3797 ἀτιμοποιδν

2063 3814 2163 3885 τὴν
2193 3816 2389 3887 τέχνην
2424 3816 2534 3869 τῶν
2554 3816 2830 3887 ἀθλητῶν,
2854 3817 2971 3870 ἔστι
3005 3835 3132 3888 κεφ.
3161 3816 3202 3871 δ’
3230 3818 3327 3871 τοῦ
3358 3818 3402 3888 β’
3436 3814 3641 3871 τίτ.τοῦ

2063 3907 2147 3962 κα¹
2172 3909 2379 3979 βιϐλίου
2409 3909 2520 3962 τῶν
2556 3909 2880 3975 Βασιλικῶν,
2912 3912 3095 3964 καὶτὸ
3144 3912 3468 3982 προαγωγὸς
3504 3913 3641 3963 ἐστιν

2063 4002 2092 4053 6
2137 4000 2306 4071 πόρον
2357 4001 2625 4067 τοιοῦτον,
2663 4001 2761 4055 καὶ
2810 4003 2880 4055 τὰ
2928 4001 3055 4071 ἑξῆς
3094 4004 3204 4055 εἰσι
3239 4002 3451 4073 θέματα
3489 3999 3530 4072 β’
3558 4001 3642 4054 καί

2062 4090 2111 4161 γ’
2146 4092 2241 4146 τοῦ
2265 4093 2428 4145 αὐτοῦ
2457 4110 2582 4162 κεφ.
2614 4094 2758 4147 οὕτω
2796 4094 2977 4166 ῥητῶς
3008 4096 3201 4166 ἔχοντα
3230 4095 3307 4159 ὡς
3344 4092 3638 4164 κατεστρώ-

2064 4185 2236 4257 θησαν
2256 4186 2336 4249 ei;
2362 4186 2425 4239 τὸ
2453 4188 2732 4257 κείμενον.
2786 4187 3089 4259 Ἐρωτήσει
3118 4187 3177 4241 δέ
3222 4205 3309 4252 τις
3331 4187 3418 4241 διὰ
3436 4186 3485 4239 τί
3506 4188 3533 4239 ό
3553 4184 3641 4256 μὲν

2066 4278 2347 4348 μισθώσας
2380 4280 2572 4332 ἑαυτὸν
2616 4281 2698 4344 εις
2745 4282 3045 4352 παιγνικὴν
3077 4282 3275 4353 τέχνην
3317 4283 3412 4336 καὶ
3442 4279 3514 4351 μὴ
3539 4282 3641 4330 tm-

2062 4371 2384 4442 δειξάμενος
2415 4372 2516 4424 οὐκ
2547 4372 2865 4443 ἀτιμοῦται,
2896 4374 2924 4425 ὁ
2958 4373 3015 4425 δὲ
3054 4373 3331 4444 μισθώσας
3363 4372 3547 4427 ἑαυτὸν
3568 4370 3640 4432 είς

368 4469 650 4523 infamiam
675 4468 900 4538 irrogat.
929 4466 1087 4534 Quod
1119 4465 1473 4522 manifestum
1502 4466 1559 4521 111
1588 4482 1653 4520 ex
1687 4483 1775 4533 eo,
1806 4467 1949 4536 quod

2071 4465 2120 4517 τὸ
2151 4464 2558 4535 θηριομαχῆσαι
2613 4465 2719 4519 κᾶν
2780 4466 2855 4537 μὴ
2921 4467 3306 4539 θηριομαχήσῃ
3341 4464 3634 4535 ἁτιμοῦται.

366 4579 475 4617 non
521 4561 737 4636 [modo]
785 4562 877 4631 qui
922 4577 1021 4631 pro
1056 4563 1342 4628 mercede,
1384 4563 1476 4616 sed
1520 4561 1740 4633 [etiam]
1768 4561 1955 4631 gloria

363 4674 529 4712 causa
564 4665 737 4717 artem
770 4656 1033 4711 ludicram
1067 4655 1334 4721 fecerunt,
1363 4655 1599 4709 infames
1631 4654 1951 4709 reddantur.

364 4752 421 4803 in
455 4764 521 4804 eo
546 4764 677 4808 vero
713 4749 803 4815 qtti
834 4763 957 4803 cum
987 4748 1178 4805 bestiis
1202 4758 1423 4821 pugnat,
1458 4763 1567 4801 non
1603 4747 1829 4813 factum,
1859 4747 1953 4801 sed

362 4842 739 4911 propositum,
770 4841 1022 4895 odiosum
1054 4851 1157 4897 est.
1206 4839 1343 4894 Nam
1391 4856 1548 4911 reges
1587 4840 1750 4894 etiam
1791 4849 1956 4910 atque

364 4936 593 5001 milites,
626 4934 1047 5003 generositatem
1087 4950 1243 4993 suam
1275 4942 1618 4989 ostentantes
1642 4975 1658 4999 ,
1694 4947 1818 4987 cum
1861 4933 1955 4987 he-

362 5027 483 5082 stiis
519 5028 850 5097 depugnant.
888 5028 966 5082 Ac
1005 5035 1293 5097 propterea
1343 5025 1600 5096 quidem,
1629 5024 1722 5093 qui
1776 5025 1954 5093 turpis

362 5121 499 5175 lucri
524 5135 686 5176 causa
719 5122 885 5185 vitam
937 5136 1093 5175 suam
1128 5119 1397 5188 prodidit,
1447 5121 1663 5177 tametsi
1700 5138 1823 5181 cum
1860 5122 1953 5182 hee

362 5216 486 5268 sliis
521 5230 625 5267 non
658 5213 932 5283 pttguarit,
970 5211 1216 5283 famosus
1248 5214 1307 5264 lit
1350 5228 1364 5277 ;
1411 5212 1503 5279 qui
1537 5228 1669 5267 vero
1702 5214 1780 5266 rei
1809 5212 1953 5266 ludi-

359 5321 467 5359 crte
513 5305 775 5360 faciendae
845 5321 1011 5359 causa
1063 5301 1348 5373 pecuniam
1399 5302 1560 5371 cepit,
1594 5304 1639 5356 si
1673 5317 1793 5356 eam
1843 5318 1951 5356 non

361 5400 573 5463 hacerit,
633 5414 742 5453 non
806 5408 1049 5459 notatur.
1080 5396 1186 5467 Tit.
1233 5413 1265 5466 9
1314 5396 1410 5450 lib.
1446 5412 1501 5451 Ix
1550 5395 1685 5449 Cod.
1740 5397 1954 5465 positus

359 5504 443 5549 est
500 5494 552 5547 in
606 5493 703 5547 lib.
746 5491 913 5548 Basil.
955 5509 1061 5554 ωε,
1116 5492 1200 5547 tit.
1246 5493 1348 5551 55.
1406 5506 1529 5559 cap.
1559 5490 1668 5553 48;
1722 5491 1949 5546 constit.

356 5581 597 5636 autem?
653 5583 859 5637 omissa
897 5592 1000 5636 est.
1038 5581 1130 5636 Est
1172 5583 1387 5636 inierint
1434 5581 1611 5634 simile
1644 5579 1951 5652 [quiddam]

360 5676 412 5731 iu
438 5676 529 5729 lib.
570 5693 623 5731 IV
646 5675 802 5742 Cod.,
830 5676 909 5730 tit.
944 5676 995 5743 7,
1028 5686 1206 5731 const.
1238 5677 1292 5744 5;
1324 5674 1484 5730 Basil.
1508 5690 1640 5729 vero
1668 5674 1760 5729 lib.
1799 5690 1947 5740 XXIV,

359 5766 445 5833 tit.
498 5767 568 5833 2,
611 5784 735 5837 cap.
782 5769 892 5835 M,
930 5770 1075 5838 quod
1127 5770 1207 5824 sic
1261 5769 1423 5825 habet
1478 5769 1532 5824 in
1589 5764 1789 5821 initio:
1842 5765 1945 5832 Qui

2072 4559 2195 4612 Ἐπὶ
2224 4559 2325 4626 μὲν
2351 4560 2450 4629 τῆς
2478 4560 2775 4628 παιγνικῆς
2804 4560 3004 4630 τέχνης
3034 4561 3093 4613 τὸ
3134 4562 3296 4632 ἔργον
3336 4560 3524 4626 ἐπάγει
3548 4556 3637 4627 τὴν

2057 4650 2309 4718 ἀτιμίαν,
2363 4652 2422 4703 οὐ
2463 4651 2561 4721 μὲν
2620 4653 2649 4704 6
2680 4652 2883 4715 σκοπός
2908 4667 2921 4680 ·
2955 4652 3232 4706 καὶτοῦτο
3262 4650 3509 4723 δηλοῦται
3537 4646 3636 4701 ἀπὸ

2054 4742 2148 4795 τοῦ
2180 4743 2508 4814 ἀτιμοῦσθαι
2563 4745 2659 4798 καὶ
2710 4745 2802 4798 τὸν
2855 4745 2930 4817 μὴ
2977 4747 3072 4799 ἐπὶ
3122 4746 3320 4817 μισθῷ,
3353 4744 3484 4798 ἀλλὰ
3506 4739 3634 4796 κατὰ

2056 4836 2368 4906 φιλοτιμίαν
2417 4838 2830 4909 ἐπιδειξάμενον
2882 4845 3182 4910 παιγνικὴν
3238 4840 3458 4908 τέχνην.
3520 4828 3631 4887 Ἐπὶ

2054 4929 2113 4982 δὲ
2142 4929 2237 4981 τοῦ
2266 4930 2736 5001 θηριομαχοῦντος
2775 4932 2839 4985 οὐ
2862 4932 2925 4984 τὸ
2967 4932 3133 5004 ἔργον
3184 4934 3440 5002 μισεῖται,
3473 4928 3578 4982 ἀλλ’
3604 4927 3630 4978 6

2059 5023 2282 5086 σκοπός.
2311 5024 2723 5094 Θηριομιαχοῦσι
2749 5024 2860 5096 γὰρ
2914 5026 3009 5077 καὶ
3045 5023 3285 5095 βασιλεῖς
3320 5020 3626 5094 στρατιῶται

2055 5115 2153 5185 τὴν
2207 5114 2418 5169 οἰκείαν
2465 5117 2826 5188 γενναιότητα
2879 5116 3342 5187 ἐπιδεικνύμενοι.
3396 5115 3500 5169 Καὶ
3548 5109 3628 5164 διὰ

2056 5207 2213 5261 τοῦτο
2238 5210 2265 5261 6
2299 5208 2398 5278 μὲν
2428 5208 2518 5262 διὰ
2556 5209 2748 5279 μισθὸν
2790 5211 2887 5263 καὶ
2920 5212 3365 5283 αἰσχροκέρδειαν
3414 5205 3626 5277 προδοὺς

2055 5299 2152 5369 τὴν
2176 5301 2385 5353 οἰκείαν
2433 5300 2577 5371 ζωὴν
2627 5299 2728 5353 κᾶν
2769 5302 2845 5373 μὴ
2890 5301 3281 5374 θηριομαχήσῃ
3332 5296 3622 5369 ἁτιμοῦται.

2071 5393 2130 5447 '0
2150 5394 2206 5446 δὲ
2234 5391 2414 5446 λαϐὼν
2442 5395 2700 5464 χρήματα
2731 5393 2891 5467 χάριν
2906 5393 3001 5448 τοῦ
3021 5393 3389 5462 ἐπιδείξασθαι
3424 5404 3623 5455 παιγνι-

2058 5489 2161 5559 κὴν
2186 5488 2402 5557 τέχνην.
2433 5488 2481 5539 εἰ
2509 5488 2586 5557 μὴ
2620 5486 2957 5555 ἐπιδείξηται
2980 5488 3175 5559 αὐτὴν,
3211 5488 3308 5540 οὐκ
3335 5480 3620 5554 ἀτιμοῦται.

2069 5579 2125 5633 Ὀ
2143 5576 2185 5631 θ’
2207 5578 2311 5631 τίτ.
2338 5578 2430 5631 τοῦ
2453 5578 2496 5631 θ’
2530 5577 2738 5648 βιϐλίου
2764 5574 2859 5632 τοῦ
2882 5578 3112 5643 κώδικος
3133 5578 3288 5648 ἐτέθη
3310 5573 3556 5646 ὲνβιὸλίῳ
3581 5569 3605 5633 ξ

2061 5671 2170 5725 τῶν
2189 5670 2493 5724 Βασιλικῶν
2510 5671 2611 5724 τίτ.
2637 5669 2712 5735 λζ’
2735 5689 2860 5741 κεφ.
2884 5679 2995 5744 μη¹ο
3015 5672 3117 5743 ἡδὲ
3137 5671 3181 5742 β’
3208 5662 3644 5738 διάτ.παρελείᾳε⁸

2055 5764 2140 5837 θη.
2175 5765 2368 5817 Κεῖται
2402 5763 2458 5817 δὲ
2485 5763 2668 5835 ὅμοιον
2699 5765 2755 5819 ἐν
2786 5764 2976 5836 βιϐλίῳ
3014 5763 3057 5818 δ’
3079 5764 3173 5833 τοῦ
3204 5762 3419 5824 κώδικος
3472 5752 3612 5822 τίτλῳ
