3928 6246
244 269 382 334 1209
1066 266 1554 329 NOMOCANUN.
1597 291 1655 301 -
1704 265 1855 327 Tl'l‘.
1896 264 2069 339 Xlll,
2110 264 2271 325 CAP.
2307 264 2694 325 XXII-XXV.
3403 256 3541 323 1210

237 385 304 447 ζ’,
339 383 481 436 διάτ.
517 380 582 452 β’,
605 380 714 435 τῶν
754 379 1143 435 δὲ’Βασιλικῶν
1168 377 1373 449 βιϐλίον
1386 378 1463 432 κδ’
1485 376 1590 431 τίτ.
1622 375 1815 447 β,⁹·κεφ

1950 389 2177 429 uxorem
2241 390 2398 430 suam
2440 374 2701 430 fornicari
2753 371 2937 429 sciens
2987 379 3149 440 tacet,
3207 371 3537 429 lenocinium

240 475 297 530 ιδ’
306 474 507 538 ,οὕτως
532 474 708 545 ἔχοντι
724 474 867 528 κατὰ
878 474 976 536 τὰς
996 474 1191 544 ἀρχὰς,
1207 472 1267 525 Ὀ
1289 470 1445 535 εἰδὼς
1476 468 1835 540 πορνεύεσθαι
1941 466 2093 523 facit.

234 570 335 639 τὴν
373 568 539 621 αὐτοῦ
578 569 831 635 γυναῖκα,
875 566 971 619 καὶ
1000 564 1222 618 σιωπῶν
1253 561 1646 633 πορνοϐοσκίαν
1669 563 1831 615 ποιεῖ.

308 661 563 714 ΚΕΦΑΧ.
597 660 725 713 ΚΒ’.
764 689 837 699 --
880 657 1021 726 Περὶ
1073 654 1331 724 θεωριῶν
1364 654 1463 708 καί
1515 654 1832 723 παιγνίων.

304 754 536 807 Συνόδου
586 750 981 822 Καρθαγέννης
1034 749 1218 803 κανὼν
1277 754 1358 811 ιε’,
1407 744 1481 812 ξ’,“
1530 744 1646 812 Eo.“
1702 761 1835 798 συν-

232 848 355 900 όδου
389 844 443 911 ς’
479 844 659 899 κανὼν
686 842 790 909 να’,
827 844 929 915 νβ’,
970 844 1071 910 EB’,
1108 840 1203 909 ξε’,
1240 848 1341 906 οα’,
1378 837 1494 909 μετ’,
1521 837 1587 911 ρ’.

1950 838 2049 892 :ilii
2076 856 2127 893 γι
2163 854 2339 893 canon
2372 838 2460 903 ει,
2494 840 2583 905 se,
2612 840 2701 905 62,
2731 838 2823 903 65,
2852 837 2943 901 τι,
2972 838 3061 892 96.
3096 838 3222 893 ιοε.

307 940 616 1009 Κείμενον.
647 936 774 1000 Πῶς
838 936 905 989 τὰ
936 934 1172 1005 θεώρεια
1227 931 1530 993 τελοῦνται,
1575 928 1667 984 καὶ¹
1713 928 1821 992 πῶς

2012 930 2231 986 Τειτιιιει.
2248 932 2534 999 Quomodo
2562 932 2898 1003 spectacula,
2923 940 3026 987 etc.
3053 949 3216 1003 usque
3242 933 3311 987 ad
3330 932 3537 1005 gladia-

230 1032 445 1099 γίνεται
472 1032 507 1101 ὴ
535 1030 750 1099 δαπάνη
776 1027 978 1094 αὐτῶν,
1014 1045 1067 1081 κ.
1100 1046 1151 1082 τ.
1176 1026 1249 1089 λ.,
1286 1040 1460 1096 usque
1482 1024 1549 1079 ad
1579 1022 1679 1094 τὴν
1703 1021 1821 1077 θέαι

1950 1038 2139 1091 Lorum,
2172 1036 2227 1079 ut
2253 1042 2377 1096 pag.
2416 1024 2544 1080 958.

229 1123 340 1175 τῶν
383 1122 729 1193 μονομάχιον.

301 1217 584 1285 Σχόλιον.
621 1216 679 1268 Ὀ
712 1211 801 1285 μα’
826 1211 1003 1276 τίτλος
1046 1210 1139 1265 τοῦ
1173 1209 1239 1264 ια’
1275 1210 1483 1280 βιϐλίου
1515 1208 1612 1262 τοῦ
1665 1208 1831 1261 κώδι-

229 1329 348 1370 κος.
377 1309 491 1361 ἔστι
518 1308 696 1370 τίτλος
749 1308 826 1372 λζ’
870 1306 964 1359 τοῦ
1005 1306 1078 1359 νδ⁹
1123 1304 1330 1375 βιϐλίου
1357 1304 1463 1357 τῶν
1497 1300 1821 1366 Βασιλικῶν,

1950 1304 2099 1361 3asd.
2139 1322 2206 1361 ac
2234 1307 2549 1361 declaratus
2583 1316 2669 1361 est
2701 1305 2978 1375 superius.
3014 1303 3127 1360 Tit.
3160 1305 3252 1372 42,
3283 1306 3533 1376 ejusdem

229 1406 325 1455 καὶ
363 1402 608 1474 ἐδηλώθη
660 1401 730 1455 τὰ
786 1400 917 1471 περὶ¹
956 1399 1148 1453 τούτου
1197 1396 1444 1452 ὄπισθεν.
1491 1395 1552 1450 'U
1581 1397 1681 1466 μὲν
1722 1396 1821 1452 τίτ.

1956 1398 2024 1452 ib.
2064 1406 2147 1452 est
2178 1398 2233 1451 in
2281 1398 2364 1453 tit.
2399 1397 2489 1462 '58,
2526 1397 2659 1453 dicti
2699 1397 2789 1463 54,
2821 1396 2916 1451 lib.
2945 1396 3136 1460 Basil.:
3169 1410 3359 1451 verum
3412 1394 3533 1467 ejus

229 1495 325 1547 τοῦ
372 1493 539 1547 αὑτοῦ
574 1492 781 1563 βιϐλίου
812 1494 992 1545 κεῖται
1033 1492 1113 1553 είς
1144 1494 1249 1545 τίτ.
1281 1488 1364 1559 λη’
1420 1488 1515 1542 τοῦ
1569 1488 1821 1559 ῥηθέντος

1950 1504 2051 1559 :ap.
2090 1505 2197 1544 non
2234 1497 2364 1545 sunt
2387 1488 2568 1559 posita
2599 1490 2654 1542 in
2686 1488 2856 1543 Basil.
2892 1486 3079 1557 Neque
3116 1484 3300 1558 [vero]
3324 1485 3410 1541 tit.
3436 1484 3529 1551 44,

228 1586 299 1638 νϐ’
326 1585 537 1655 βιϐλίου
568 1584 677 1637 τῶν
714 1584 1016 1638 Βασιλιδῶν
1038 1600 1052 1615 ο
1083 1583 1224 1653 πλὴν
1265 1582 1333 1636 τὰ
1371 1581 1564 1635 τούτου
1596 1599 1724 1649 κεφ.
1749 1583 1821 1645 είς

1950 1599 2113 1651 ινψιε
2139 1583 2232 1648 45,
2264 1598 2444 1653 neque
2480 1582 2567 1637 46.
2599 1579 2709 1636 Tit.
2751 1590 2933 1636 autem
2970 1580 3031 1633 41
3099 1581 3132 1635 5
3184 1580 3366 1649 priora
3397 1594 3519 1646 cap.

225 1681 293 1732 τὰ
322 1678 582 1749 βασιλικὰ
606 1678 706 1730 οὐκ
727 1677 1013 1746 ἐτέθησαν.
1045 1676 1181 1729 Οὐδὲ
1214 1676 1243 1728 ὁ
1276 1673 1355 1744 μδ⁹
1377 1675 1482 1729 τίτ.
1515 1675 1637 1728 οὐδὲ
1676 1677 1705 1728 ὁ
1743 1680 1821 1744 με’

1950 1674 2110 1729 Insita
2133 1684 2261 1729 sunt
2293 1676 2376 1746 (ut
2411 1674 2619 1729 dictum
2654 1674 2758 1744 est)
2789 1674 2843 1728 in
2873 1675 2957 1728 tit.
2992 1675 3061 1728 57
3124 1675 3219 1729 lib.
3254 1690 3369 1739 LIv;
3405 1674 3534 1727 reli-

224 1771 321 1823 τοῦ
352 1771 407 1823 δὲ
445 1776 556 1839 μα’,
585 1770 654 1823 τὰ
687 1769 785 1839 μὲν
822 1774 863 1820 ε’
904 1785 1029 1836 κεφ.
1078 1768 1147 1820 τά
1195 1767 1389 1838 πρῶτα
1450 1766 1717 1838 ἐτέθησαν
1749 1767 1821 1829 ὡς

1950 1782 2041 1837 μισ
2087 1767 2139 1821 in
2175 1767 2257 1821 tit.
2293 1766 2362 1821 58
2412 1767 2509 1822 lib.
2548 1783 2617 1820 1.x
2656 1765 2824 1822 Basil.
2854 1782 2978 1837 qua:
3010 1767 3077 1821 de
3109 1767 3402 1823 lenonibus
3432 1766 3532 1822 do-

222 1863 445 1931 εἴρηται
467 1862 549 1923 είς
581 1861 674 1912 τὸν
732 1860 811 1924 λζ’
834 1860 941 1913 τίτ.
977 1858 1071 1912 τοῦ
1097 1857 1166 1912 νδ⁹
1205 1858 1433 1929 βιϐλίου.
1470 1860 1551 1912 Τὰ
1578 1859 1636 1913 δὲ
1658 1858 1821 1912 λοιπὰ

1950 1871 2077 1922 :ent,
2132 1874 2196 1915 ac
2229 1859 2446 1930 iubent,
2483 1868 2541 1914 ut
2569 1860 2662 1930 qui
2713 1860 2856 1914 servi
2900 1870 3057 1929 turpe
3101 1860 3306 1930 aliquid
3350 1858 3535 1915 facere

220 1953 498 2022 ἐτέθησαν
525 1953 604 2016 είς
656 1952 745 2004 τὸν
772 1951 854 2023 λη’
890 1952 984 2004 τοῦ
1036 1950 1079 2018 ξ’
1148 1951 1356 2021 βιϐλίου
1388 1952 1495 2005 τῶν
1522 1952 1821 2006 Βασιλικῶν

1950 1962 2223 2021 :oguntur,
2278 1967 2308 2007 a
2363 1953 2604 2021 regionis
2658 1952 2917 2022 episcopo
2972 1952 3294 2006 liberentur.
3354 1950 3529 2017 Quem

222 2047 358 2115 περὶ
392 2045 783 2115 πορνοϐοσκῶν
836 2044 1161 2098 διδάσκοντα
1193 2045 1289 2098 καὶ
1330 2045 1821 2116 παρακελευόμενα

1950 2048 2024 2102 Lit.
2062 2051 2233 2100 totum
2267 2047 2403 2116 lege,
2433 2056 2486 2099 et
2523 2042 2798 2117 [insuper]
2827 2060 2949 2113 quae
2980 2044 3033 2098 in
3064 2061 3129 2098 eo
3153 2053 3235 2099 est
3265 2043 3532 2099 Justinia-

220 2135 645 2206 ὲλευθεροῦσθαι
702 2135 790 2190 διὰ
842 2132 939 2188 τοῦ
989 2135 1130 2189 κατὰ
1156 2134 1340 2206 χώραν
1366 2136 1672 2189 ἐπισκόπου
1697 2139 1821 2201 τοὺς

1950 2156 2036 2193 τρε
2088 2139 2322 2203 novella,
2371 2154 2494 2208 qua!
2545 2137 2803 2193 lenocinii
2859 2137 3183 2192 exercitium
3235 2146 3291 2192 et
3334 2153 3529 2207 quem-

1975 652 2129 709 CAP.
2168 650 2527 710 XXll.—-De
2564 654 2913 724 spectaculis,
2953 664 3004 708 et
3048 656 3203 710 rebus
3250 655 3495 709 ludicris.

2008 744 2237 801 Coocilii
2278 745 2733 815 Carthaginiensis
2782 761 2959 800 canon
3012 747 3096 807 l5,
3129 746 3218 810 60,
3250 746 3352 817 61;
3403 762 3538 803 eun-

2004 1212 2296 1267 Scholium.
2339 1212 2448 1270 Tit.
2485 1213 2548 1268 4i
2582 1213 2676 1268 lib.
2704 1228 2741 1267 II
2781 1211 2914 1268 Cod.
2940 1222 3021 1267 est
3051 1214 3135 1267 tit.
3182 1212 3252 1269 57
3297 1213 3391 1268 lib.
3444 1229 3533 1269 LIV

220 2228 709 2299 ἀναγκαζομένους
762 2227 983 2291 δούλους
1039 2227 1264 2297 ποιῆσαί
1324 2244 1377 2280 τι
1430 2228 1680 2298 αἰσχρόν.
1711 2231 1824 2284 Καὶ

1930 2247 2149 2300 cunque
2180 2233 2431 2287 lenonem
2466 2231 2705 2302 graviter
2736 2231 2912 2302 punit.

220 2325 499 2392 ἀνάγνωθι
528 2325 622 2377 τὸν
679 2324 799 2377 ὅλον
823 2324 1023 2389 τίτλον,
1048 2324 1141 2377 καὶ
1180 2324 1279 2391 τὴν
1319 2329 1377 2378 ἐν
1405 2326 1555 2396 αὐτῷ
1600 2326 2030 2381 Ἰουστινιανείου
2099 2330 2303 2399 νεαρᾶς
2358 2327 2699 2392 κολάζουσαν
2760 2325 3017 2397 μεγάλως
3062 2324 3124 2377 τὸ
3147 2323 3247 2394 τῆς
3270 2324 3528 2393 πορνείας

226 2417 591 2487 ἐπιτήδευμα,
614 2418 709 2471 καὶ
736 2417 913 2471 πάντα
942 2417 1330 2487 πορνοϐοσκόν.

300 2509 551 2563 ΚΕΦΑΛ.
598 2509 724 2562 Kl".
758 2538 825 2550 --
860 2510 998 2578 Περὶ
1032 2509 1333 2571 κλεπτῶν,
1372 2508 1471 2563 καί
1512 2513 1823 2580 τυμϐωρύ-

224 2619 368 2671 χων,
398 2601 500 2654 καὶ
526 2599 775 2667 λῃστῶν
808 2602 903 2653 καὶ
945 2602 1298 2667 ἱεροσύλων.

299 2696 579 2749 Βασιλείου
606 2694 788 2748 κανὼν
838 2692 937 2761 ξεί,
969 2693 1054 2758 Eg’
1078 2710 1089 2722 '
1123 2692 1426 2764 Γρηγορίου
1464 2693 1689 2762 Νύσσης
1719 2711 1823 2748 κα-

226 2788 332 2842 νὼν
363 2788 430 2853 ζ’,
461 2794 533 2858 η’,
566 2787 641 2840 θ’*
680 2787 954 2856 ἀνάγνωθι
977 2788 1046 2840 τὰ
1070 2786 1507 2858 ωραγραφέντα
1545 2788 1603 2839 ἐν
1633 2785 1712 2858 τῷ
1739 2786 1825 2852 κζ’

224 2899 349 2950 κεφ.
379 2879 474 2934 τοῦ
498 2878 541 2933 θ’
565 2881 669 2932 τίτ.
700 2880 796 2933 τοῦ
827 2880 1095 2950 παρόντος
1123 2880 1522 2949 συντάγματος.

298 2974 607 3042 Κείμενον.
632 2973 765 3042 Περὶ
793 2973 850 3026 δὲ
875 2972 1087 3046 λῃστῶν
1107 2973 1320 3042 εἴρηται
1345 2974 1535 3046 βιϐλίῳ
1557 2974 1670 3045 μη’,
1706 2977 1815 3031 τίτ.

1999 2516 2155 2571 CAP.
2198 2515 2391 2571 XXIII.
2425 2549 2495 2558 —
2526 2517 2599 2571 De
2632 2517 2863 2586 furibus,
2900 2514 3264 2588 sepulcrorum
3299 2512 3527 2567 violato-

1927 2609 2094 2670 ribus,
2129 2610 2425 2665 latronibus
2458 2620 2507 2663 et
2539 2610 2833 2681 sacrilegis.

2000 2702 2184 2756 Basilii
2254 2718 2430 2758 canon
2489 2704 2595 2769 6l,
2656 2702 2765 2767 66;
2822 2702 3071 2773 Gregorii
3136 2700 3368 2773 Nysseni
3421 2715 3514 2753 ca-

1926 2811 2033 2848 non
2063 2797 2118 2854 7.
2157 2800 2209 2861 8,
2244 2796 2291 2851 9.
2348 2795 2491 2867 Lege
2519 2813 2640 2867 qua:
2701 2797 2959 2852 adnolata
3031 2806 3159 2850 sunt
3196 2797 3247 2849 in
3283 2810 3403 2865 cap.
3432 2792 3524 2855 Q7,

1926 2888 2008 2941 tit.
2047 2888 2079 2942 9
2116 2890 2402 2958 praesentis
2436 2890 2633 2959 operis.

2001 2979 2219 3034 Textus.
2254 2981 2325 3035 De
2358 2983 2662 3037 latronibus
2690 2982 2916 3048 dicitur,
2947 2992 3053 3037 etc.
3088 2998 3250 3053 usque
3276 2979 3345 3035 ad
3363 2980 3528 3035 liber-

230 3068 312 3128 ιθ’,
345 3068 487 3120 διάτ.
526 3073 632 3137 κη’,
666 3083 723 3120 κ.
753 3083 807 3123 τ.
839 3066 888 3121 λ.
919 3082 1096 3137 usque
1128 3067 1219 3129 ad,
1250 3066 1458 3130 δούλοις
1508 3070 1817 3141 ἀναιρεῖται

1952 3084 2115 3139 atem,
2144 3083 2200 3128 ut
2230 3090 2353 3145 pag.
2384 3074 2512 3129 959.

227 3164 257 3231 ή
283 3160 590 3230 ἐλευθερία.

297 3255 584 3323 Σχόλιον.
618 3253 692 3306 Τὸ
723 3251 809 3323 κη’
832 3254 973 3309 διάτ.
998 3255 1090 3307 τοῦ
1128 3253 1192 3308 ιθ⁹
1215 3255 1320 3310 τίτ.
1352 3256 1447 3310 τοῦ
1486 3254 1576 3329 μη⁹
1608 3256 1820 3328 βιϐλίου

222 3348 330 3399 τςτλν
360 3347 501 3401 διάτ.
531 3346 646 3400 ἐστι
668 3346 813 3418 θέμα
853 3354 906 3411 ι’,
940 3346 1035 3401 τοῦ
1069 3347 1157 3419 κη’
1192 3367 1318 3419 κεφ.
1344 3349 1440 3403 τοῦ
1489 3350 1569 3405 να¹
1593 3352 1700 3405 τίτ.
1727 3349 1821 3405 τοῦ

228 3440 265 3504 ξ’
299 3440 536 3510 βιϐλίου,
573 3442 643 3494 τὰ
683 3440 827 3494 αὐτὰ
851 3440 1012 3508 λέγον
1043 3442 1143 3495 ὅσα
1167 3445 1247 3506 εἰς
1272 3443 1331 3495 τὸ
1367 3444 1618 3514 κείμενον
1652 3446 1822 3518 ἐγρά-

224 3554 426 3604 φησαν.
472 3537 537 3589 Ἦ
580 3537 625 3606 β’
654 3537 797 3591 διάτ.
858 3536 954 3591 τοῦ
1005 3544 1076 3603 ιη’
1112 3538 1217 3591 τίτ.
1266 3537 1360 3591 τοῦ
1411 3537 1455 3604 ζ’
1498 3539 1703 3609 βιϐλίου
1728 3539 1821 3594 τοῦ

220 3629 479 3693 κῦδικος,
536 3629 653 3684 ἔστι
687 3648 813 3701 κειρ.
858 3637 913 3699 γ’
969 3631 1136 3685 τοῦθ’
1187 3632 1296 3686 τίτ.
1326 3632 1420 3685 τοῦ
1478 3631 1567 3704 μη⁹
1615 3633 1821 3704 βιϐλίου

221 3716 333 3769 τῶν
368 3717 678 3772 Βασιλικῶν
710 3721 885 3784 οὕτως
914 3722 1059 3792 ἔχον,
1090 3720 1164 3784 ὡς
1193 3724 1275 3787 εἰς
1314 3724 1377 3776 τὸ
1409 3724 1662 3795 κείμενον
1693 3743 1822 3779 συνσ

222 3808 462 3879 ιυψίτθη.
502 3811 639 3881 Περὶ
698 3809 753 3864 δὲ
806 3813 918 3865 τῶν
946 3814 1324 3883 ψηλαφῶντων
1368 3815 1543 3885 θήκας
1567 3814 1820 3886 τελευτη-

226 3902 440 3954 σάντων
461 3902 621 3973 χάριν
651 3901 746 3956 τοῦ
798 3904 1203 3975 ὲναποσυλῆσαι
1230 3905 1298 3959 τὰ
1336 3908 1397 3959 ὲν
1418 3905 1653 3970 τούτοις,
1689 3907 1823 3961 ἀνά-

222 3994 397 4060 γνιιιθι
435 3996 535 4066 τὴν
569 4000 666 4063 ις’
694 3997 897 4068 νεαρὰν
927 3997 1020 4050 τοῦ
1054 3997 1319 4068 βασιλέως
1357 3998 1547 4070 κυρίου
1590 4000 1822 4065 Λέοντος

223 4087 393 4140 αὖτοῦ
431 4088 597 4157 σοφοῦ
654 4088 1028 4161 διοριζομένου
1056 4091 1185 4154 τοὺς
1229 4090 1379 4156 ἅπαξ
1417 4092 1518 4161 μὲν
1559 4094 1641 4152 είς
1660 4092 1823 4146 τοῦτο

225 4181 457 4241 ἀὲόντας
494 4182 827 4253 συγγνώμης
887 4184 1199 4253 τυγχάνειν,
1247 4186 1374 4246 τοὺς
1421 4183 1477 4237 δὲ
1506 4183 1823 4254 τολμῶντας

226 4273 322 4325 καὶ
347 4268 505 4334 αὖθις
539 4272 599 4324 τὸ
625 4274 797 4327 κακὸν
852 4274 1287 4344 σωφρονίζεσθαι
1333 4274 1420 4327 διὰ
1463 4273 1822 4345 μαγκλαϐίων

226 4368 323 4419 Iul.
345 4369 572 4437 κουρᾶς.
630 4368 829 4438 Οἵομαι
877 4367 933 4421 δὲ
972 4367 1047 4422 τά
1095 4368 1195 4439 τῆς
1234 4368 1493 4438 τοιαύτης
1522 4370 1721 4439 νεαρᾶς
1745 4367 1821 4441 μὴ

1928 3262 1963 3322 ἓ
2007 3260 2299 3315 Scholium.
2342 3259 2551 3331 Digest.
2587 3259 2657 3314 28
2705 3260 2791 3315 tit.
2848 3259 2915 3315 l9
2960 3259 3055 3314 lib.
3092 3276 3260 3314 XLVIII
3318 3259 3525 3329 Digest.

1930 3363 2015 3410 est
2047 3357 2227 3407 thema
2260 3353 2325 3407 10
2358 3369 2477 3422 cap.
2518 3352 2609 3417 28,
2645 3354 2727 3407 tit-
2754 3354 2815 3408 5|
2861 3353 2951 3407 lib.
2992 3368 3082 3416 ωε,
3141 3351 3285 3423 quod
3330 3351 3525 3407 eadem

1929 3447 2083 3509 dicit,
2119 3462 2239 3515 quae
2296 3446 2349 3499 in
2398 3455 2546 3499 textu
2608 3445 2814 3513 scripta
2858 3456 3006 3499 sunt.
3041 3442 3229 3499 Const.
3259 3443 3295 3496 2
3330 3443 3410 3496 tit.
3456 3442 3525 3496 l8

1929 3537 2025 3593 lib.
2074 3554 2146 3592 \'ll
2187 3536 2322 3593 Cod.
2390 3547 2477 3592 cst
2551 3553 2670 3606 cap.
2719 3538 2753 3591 ‘5
2789 3537 2869 3591 tit.
2905 3538 2937 3591 9
2988 3536 3083 3591 lib.
3137 3552 3304 3590 XLVIII
3351 3533 3523 3589 Basil.

1929 3633 2071 3704 quod
2102 3634 2182 3688 sic
2219 3633 2402 3695 liabet,
2438 3641 2497 3684 Iit
2525 3631 2576 3685 in
2610 3642 2757 3685 textu
2786 3629 3182 3700 compendiose
3207 3637 3291 3683 est
3323 3642 3521 3697 propo-

1930 3726 2120 3780 situm.
2157 3726 2229 3779 De
2272 3726 2339 3780 iis
2372 3741 2503 3779 vero
2536 3725 2626 3791 qui
2666 3734 3006 3781 mortuorum
3050 3737 3248 3792 capsas
3290 3719 3522 3776 investi-

1929 3828 2080 3888 gant,
2115 3826 2174 3872 ut
2202 3834 2324 3887 quae
2372 3817 2425 3871 in
2471 3816 2579 3872 illis
2627 3826 2757 3871 sunt
2782 3814 3094 3887 praedenlur
3126 3832 3138 3867 :
3174 3812 3289 3883 lege
3331 3809 3521 3865 n0velo

1933 3909 2039 3964 lam
2082 3910 2431 3979 imperatoris
2479 3909 2667 3964 domui
2708 3908 2909 3963 Leonis
2958 3904 3237 3975 Sapientis
3267 3902 3358 3970 96,
3399 3919 3525 3974 qua:

1930 4003 2144 4065 statuit,
2200 4012 2257 4057 ut
2303 4001 2394 4072 qui
2442 4002 2612 4057 semel
2662 4001 2716 4055 in
2775 4000 2879 4053 hoc
2913 3996 3240 4066 deprehensi
3288 3994 3519 4059 fuerint,

1930 4095 2144 4146 veniam
2196 4101 2612 4161 consequantur
2660 4106 2674 4143 :
2717 4090 2811 4159 qui
2859 4088 3056 4167 iterum
3108 4085 3159 4140 id
3214 4084 3341 4137 mali
3401 4083 3521 4141 ausi

1929 4185 2059 4248 sint,
2100 4184 2251 4238 dorsi
2307 4183 2689 4237 verberatione
2735 4181 3101 4249 tousioneque
3156 4178 3521 4247 castigentur.

1933 4271 2206 4326 Existimo
2262 4283 2443 4326 autem
2502 4272 2647 4326 hanc
2704 4270 2975 4324 novellam
3042 4269 3095 4323 in
3142 4268 3523 4337 sepulcrorum

1927 4363 2290 4417 violatoribus
2326 4378 2432 4416 non
2473 4362 2679 4417 habere
2707 4362 2916 4417 locum.
2950 4360 3110 4415 Aliud
3144 4359 3292 4414 enim
3320 4367 3405 4415 est
3432 4375 3523 4415 re-

227 4460 367 4529 ἔχειν
401 4461 587 4533 χώραν
614 4463 693 4526 είς
716 4463 843 4526 τοὺς
894 4461 1293 4535 τυμϐωρύχους
1317 4479 1331 4494 ο
1372 4462 1503 4517 ἄλλο
1552 4462 1662 4533 γάρ
1705 4463 1820 4515 ἐστι

1950 4456 2127 4525 iquias
2191 4464 2537 4510 mortuorum
2593 4453 2916 4520 transferre,
2974 4462 3028 4508 et
3086 4453 3235 4508 aliud
3296 4451 3521 4507 furandi

227 4555 285 4605 τὸ
334 4554 651 4623 μεταθεῖναι
696 4553 931 4624 λείψανα
971 4555 1323 4623 τεθνεώτων,
1382 4556 1478 4609 καὶ
1530 4554 1717 4624 ἕτερον
1760 4554 1821 4607 τὸ

227 4645 495 4716 κλεπτικῇ
528 4646 766 4700 διαθέσει
796 4647 1086 4716 ὑφελέσθαι
1116 4665 1169 4701 τι
1201 4651 1266 4702 ὲκ
1282 4648 1391 4703 τῶν
1430 4650 1489 4701 ὲν
1512 4648 1698 4710 αὐτοῖς
1728 4646 1822 4700 δν-

224 4755 353 4804 των,
386 4739 490 4793 κᾶν
518 4741 973 4812 καταχρηστικῶς
1010 4742 1105 4794 καὶ
1149 4740 1308 4795 τοῦτο
1337 4740 1707 4816 τυμϐωρυχία,
1730 4740 1822 4793 λέ-

224 4849 404 4898 γεται.
442 4832 553 4885 Καὶ
597 4833 875 4902 ἀνάγνωθι
914 4833 976 4886 τὺ
1017 4832 1097 4898 κζ’
1137 4850 1264 4902 κεφ.
1313 4832 1406 4887 τοῦ
1439 4830 1483 4887 θ’
1511 4832 1694 4885 τίτλου
1726 4830 1822 4884 τοῦ

222 4922 495 4993 παρόντος
530 4923 913 4995 συντάγματος
965 4924 1097 4995 περὶ
1139 4923 1201 4977 τὸ
1239 4923 1393 4988 τέλος
1420 4923 1672 4978 διδάσκον
1693 4922 1822 4993 περὶ

228 5018 327 5081 τῖς
356 5015 567 5087 κυρίως
590 5016 1002 5089 τυμϐωρυχίας.

297 5109 550 5163 ΚΕΦΑΛ.
581 5108 709 5166 ΚΔ’.
740 5140 811 5149 -
845 5112 985 5181 Περὶ
1011 5110 1236 5183 τοῦεμὴ
1279 5110 1599 5177 βαλλίζειν
1634 5109 1673 5181 ἢ
1722 5110 1821 5180 ὀρ-

225 5201 465 5271 χεῖσθαι
492 5204 566 5257 ἐν
593 5202 829 5274 γάμοις.

297 5296 529 5351 Συνὸδου
565 5300 888 5362 Λαοδικείας
917 5298 1099 5353 κανὼν
1132 5305 1236 5366 νγ’.

298 5389 551 5443 ΚΕΦΑΛ.
584 5391 708 5445 κεν.
734 5419 805 5431 --
836 5391 977 5461 Περὶ
1002 5390 1109 5445 τοῦ
1144 5391 1226 5462 μὴ
1266 5393 1680 5447 συλλούεσθαι
1720 5410 1825 5461 rv-

227 5483 434 5547 ναιξίν
468 5482 714 5550 ἄνδρας.
1774 5496 1777 5499 ’

302 5575 532 5627 Συνὸδου
572 5575 894 5641 Λαοδικείας
930 5575 1111 5631 κανὼν
1152 5576 1236 5629 λ’·
1269 5576 1488 5630 συνόδου
1536 5582 1605 5647 ς’,
1642 5577 1824 5631 κανὼν

227 5667 333 5731 οζί·
361 5667 637 5738 ἀνάγνωθι
657 5670 724 5722 τὰ
747 5670 1179 5741 παραγραφέντα
1206 5672 1263 5725 ὲν
1283 5670 1359 5743 τῷ
1382 5669 1467 5726 λα’
1502 5688 1625 5742 κεφ.
1656 5671 1749 5725 τοῦ
1780 5664 1823 5725 θ’

229 5762 333 5825 τίτ.
363 5759 458 5814 τοῦ
490 5760 758 5832 παρόντος
791 5762 1190 5833 συντάγματος.

1926 4550 2113 4603 animo
2160 4548 2365 4618 aliquid
2416 4564 2605 4603 eorum
2642 4565 2763 4617 quae
2798 4547 2942 4601 inter
2971 4547 3121 4618 ipsas
3169 4555 3299 4600 sunt
3341 4545 3525 4601 subri-

1924 4658 2052 4715 pere
2081 4662 2094 4697 :
2128 4643 2346 4698 tametsi
2402 4642 2534 4697 illud
2590 4659 2818 4713 quoque
2866 4642 3246 4712 Sepulcrorum
3298 4638 3529 4696 violatio

1925 4736 2152 4791 abusive
2198 4735 2431 4790 dicatur.
2473 4732 2647 4803 Li-gas
2692 4734 2856 4788 etiam
2897 4734 2967 4786 27
3017 4748 3137 4802 cap.
3193 4732 3274 4784 tit.
3308 4730 3342 4785 9
3380 4746 3520 4800 pra:-

1926 4829 2098 4883 sentis
2153 4829 2359 4899 operis,
2408 4828 2551 4897 quod
2603 4828 2750 4882 circa
2804 4826 2971 4881 linem
3018 4826 3087 4881 de
3138 4822 3518 4894 sepulcrorum

1925 4920 2221 4977 violatione
2251 4923 2471 4994 proprie
2501 4922 2679 4977 docet.

1997 5109 2152 5164 CAP.
2210 5108 2398 5165 XXIV.
2434 5108 2616 5163 —-Ne
2664 5092 2721 5163 in
2778 5108 2976 5175 nuptiis
3031 5104 3102 5159 ad
3162 5103 3519 5157 instrumenta

1926 5206 2132 5258 musica
2164 5203 2411 5269 saltetur,
2452 5214 2545 5257 aut
2578 5204 2918 5273 tripudielur.

2001 5298 2233 5354 Concilii
2268 5296 2557 5352 Laudiceni
2587 5312 2764 5350 canon
2797 5293 2887 5347 55.

2000 5391 2153 5447 CAP.
2198 5391 2367 5446 XXV.
2397 5422 2467 5436 -—-
2500 5390 2579 5445 Ne
2606 5390 2705 5444 t'iri
2737 5405 2856 5442 cum
2881 5384 3194 5440 mulieribus
3234 5398 3289 5436 se
3317 5380 3515 5435 lavent.

2001 5576 2233 5631 Concilii
2271 5573 2565 5630 Laudiceni
2616 5587 2793 5629 canon
2841 5571 2930 5632 '50,
2978 5564 3195 5624 concilii
3249 5563 3385 5618 sexti
3428 5576 3519 5617 ca-

1929 5686 2040 5724 non
2068 5670 2154 5724 75.
2184 5667 2323 5737 Lege
2356 5685 2478 5737 quae
2518 5668 2775 5724 adnotata
2819 5674 2947 5723 sunt
2994 5664 3047 5719 in
3091 5676 3210 5733 cap.
3243 5658 3333 5728 5|,
3366 5657 3449 5712 til.
3483 5657 3517 5713 9

1930 5764 2214 5836 praesentis
2246 5762 2446 5832 operis.
