3928 6246
446 253 580 321 1211

448 446 451 449 _
519 370 677 427 CAP.
720 370 911 429 XXVI.
944 404 1015 417 —-
1047 372 1121 429 De
1150 373 1441 430 imbecillos
1471 375 1857 430 subsannante.

519 559 903 626 Apostolorum
937 574 1113 615 canon
1141 559 1230 615 5'7.

518 648 671 705 CAP.
714 650 932 706 XXVII.
959 683 1027 691 —
1055 651 1138 706 Ne
1170 652 1417 708 mulieres
1449 654 1519 707 ad
1550 652 1719 707 altare
1747 654 2033 718 introeant,

447 753 497 796 et
547 744 686 811 quod
715 744 842 797 solis
878 747 1019 798 sacri
1050 746 1254 800 ordinis
1283 747 1584 802 hominibus
1614 750 1669 802 in
1698 749 1865 803 altari
1890 766 2039 804 com-

447 835 721 888 municare
746 836 925 889 liceat.

517 922 750 977 Concilii
788 923 1078 980 Laodicenl
1115 940 1291 982 canon
1335 927 1428 995 I9,
1470 927 1577 996 44;
1630 929 1852 984 concilii
1891 929 2033 986 sexti

444 1030 622 1069 canon
660 1014 746 1070 69.

517 1104 668 1159 CAP.
727 1104 969 1163 XXVIII.
1000 1139 1073 1148 -—
1109 1109 1188 1164 Ne
1242 1126 1308 1164 ex
1354 1112 1741 1167 contributione
1794 1115 2036 1169 convivia

450 1198 825 1251 instituantur.

521 1289 747 1344 (Ioncilii
789 1288 1086 1346 Laodiceni
1125 1309 1302 1348 canon
1337 1295 1426 1350 55.

519 1378 672 1433 CAP.
716 1380 910 1436 XXIX.
936 1413 1009 1425 —-
1042 1384 1116 1439 De
1146 1386 1211 1439 iis
1241 1387 1332 1456 qui
1364 1387 1483 1441 alea
1515 1387 1725 1453 ludunt,
1783 1399 1879 1443 aut
1927 1391 2043 1443 ine-

453 1472 721 1528 briantur.

520 1562 906 1632 Apostolorum
943 1580 1118 1620 canon
1154 1567 1264 1632 4'5;
1301 1569 1519 1624 concilii
1562 1573 1699 1627 sexti
1733 1589 1910 1629 canon
1948 1575 2042 1631 50.

522 1653 739 1710 Textus.
769 1656 957 1711 Const.
994 1658 1018 1711 1
1086 1659 1170 1717 tit.
1205 1660 1275 1715 45
1330 1662 1423 1716 lib.
1449 1678 1511 1716 Ill
1542 1662 1654 1718 Cod
1700 1670 1808 1721 ait:
1851 1667 1953 1734 Qui
1987 1670 2038 1722 in

449 1756 596 1801 cotto
632 1758 740 1805 etc.
780 1766 943 1819 usque
978 1750 1448 1822 adapplicantur,
1492 1766 1551 1809 ut
1591 1774 1713 1829 pag.
1750 1727 1894 1827 962,.
1910 1760 2039 1815 965.
2074 1727 2117 1787 Β

520 1928 812 1985 Scholium.
866 1931 1054 1989 Const.
1121 1935 1287 2005 thlt.
1347 1939 1419 1993 ιδ
1484 1940 1578 1995 lib.
1640 1958 1700 1998 tu
1768 1944 1906 2000 Cod.
1961 1955 2046 2001 est

453 2035 574 2090 cap.
636 2021 670 2075 ὕ
727 2023 810 2076 tit.
870 2025 903 2080 8
952 2025 1047 2081 lib.
1096 2026 1262 2083 Basil.
1304 2045 1394 2099 ιτ,
1435 2035 1580 2102 quod
1624 2035 1705 2091 sic
1748 2036 2043 2107 loquitur:

451 2112 790 2170 Constitutio
824 2116 979 2172 lusus
1016 2120 1274 2189 prohibet
1321 2141 1335 2177 :
1380 2139 1444 2179 ac
1486 2127 1729 2198 quinque
1775 2131 2043 2199 exceptis,

450 2204 716 2273 quasdam
737 2208 901 2262 etiam
929 2224 1119 2279 poenas
1142 2213 1411 2272 adversus
1433 2231 1530 2272 eos
1552 2222 1646 2288 qui
1678 2218 1795 2274 alea
1824 2220 2044 2286 ludunt,

450 2297 742 2352 constituit
786 2317 801 2354 :
858 2301 1116 2370 prafeeto
1163 2306 1343 2374 urbis,
1394 2310 1804 2379 provinciarum
1858 2313 2048 2383 praesi-

449 2387 614 2442 dibus
645 2397 699 2443 et
733 2389 1008 2463 episcopis
1036 2392 1138 2465 [uti
1172 2396 1310 2469 haec]
1339 2398 1620 2469 inquirant
1648 2412 1702 2457 et
1726 2403 2047 2474 quicunque

448 2480 517 2532 de
558 2480 626 2536 iis
672 2494 989 2541 contractus
1056 2488 1176 2544 initi
1223 2490 1355 2559 sint,
1402 2502 1671 2561 evertant,
1728 2496 2043 2567 injungens.

452 2567 532 2623 Ex
564 2572 848 2641 permissis
898 2587 1081 2633 autem
1120 2580 1334 2637 lusibus
1384 2587 1680 2650 actiOnem,
1726 2604 2046 2660 eorumque

445 2678 569 2732 quae
599 2664 725 2721 inde
775 2666 1062 2735 debentur,
1098 2674 1439 2730 exactionem
1479 2678 1567 2733 dat
1628 2678 1729 2751 [Ac
1785 2682 2045 2755 denique]

455 2758 729 2813 adversus
768 2775 864 2816 eos
894 2764 987 2832 qui
1023 2766 1473 2823 constitutionem
1502 2774 1756 2826 temerari
1812 2776 2048 2843 permit-

445 2859 589 2911 tunt,
614 2850 800 2906 decem
836 2854 1096 2910 librarum
1122 2860 1362 2914 multam
1391 2864 1703 2918 constituit.
1748 2864 1986 2921 Constit.
2013 2869 2049 2922 2

450 2942 534 2994 tit.
592 2941 663 2995 45
702 2943 795 2998 lib.
828 2961 885 3000 ιιι
922 2948 1055 3003 Cod.
1113 2959 1197 3005 est
1231 2967 1352 3023 cap.
1381 2954 1412 3007 6
1442 2955 1525 3010 tit.
1565 2954 1598 3009 8
1634 2957 1728 3011 lib.
1760 2956 1926 3015 Basil.
1954 2976 2043 3026 ως,

1618 260 1883 322 ΡΗΟΤῐΙ
1920 259 2428 323 PATRIABCIUE
2466 261 2577 323 ΕΡ.

2066 380 2114 436 Α
2222 375 2475 428 ΚΕΦΑΛ.
2516 375 2660 441 καί.
2696 372 2926 442 -Περὶ
2992 371 3099 428 τοῦ
3150 370 3535 442 χλευάζοντος
3568 375 3694 440 τοὺς

3570 256 3692 325 1212

2141 468 2443 534 ἀσθενεῖς.

2226 560 2566 613 ’Δποστόλων
2608 558 2789 613 κανὼν
2813 555 2911 623 νζ⁹.

2218 653 2467 706 ΚΕΦΛΛ.
2498 652 2627 707 KZ’.
2651 681 2719 691 —
2745 650 2884 719 Περὶ
2928 649 3036 705 τοῦ
3061 648 3147 719 μὴ
3191 650 3435 703 εἰσιέναι
3468 648 3699 716 γυναῖκα

2140 749 2228 811 εὶς
2246 745 2704 816 θυσιαστήριον,
2745 746 2847 800 καὶ
2877 745 2965 799 ὅτι
3006 746 3213 811 μόνοις
3253 744 3376 808 τοῖς
3414 741 3697 811 ἱερατικοῖς

2140 837 2343 902 ἔξεστι
2375 836 2686 891 κοινωνεῖν
2715 837 2785 890 ἐν
2820 834 2902 901 τῷ
2935 833 3366 901 θυσιαστηρίῳ.

2212 928 2444 981 Συνόδου
2492 927 2820 990 Λαοδικείας
2885 924 3066 980 κανὼν
3125 921 3211 989 ιϐ’,
3250 922 3328 994 μδ¹
3353 940 3367 953 ·
3403 921 3607 976 συνόδου
3652 918 3695 985 ς’

2142 1018 2324 1074 κανὼν
2356 1019 2454 1084 ξθ’.

2217 1115 2470 1168 ΚΕΦΑΛ.
2503 1114 2638 1168 KH’.
2660 1142 2731 1154 --
2756 1111 2898 1180 Περί
2931 1110 3037 1165 τοῦ
3061 1109 3147 1180 μὴ
3190 1107 3387 1163 ποιεῖν
3413 1106 3528 1163 ἀπὸ
3567 1120 3699 1175 συμ-

2143 1202 2332 1274 ϐολῆς
2361 1206 2699 1275 συμπόσια.

2212 1296 2439 1350 Συνόδου
2471 1296 2793 1359 Λαοδικείας
2827 1294 3009 1348 κανὼν
3048 1292 3143 1348 νε⁹.

2214 1392 2467 1445 ΚΕΦΑΛ.
2504 1390 2633 1444 KG'.
2662 1422 2734 1431 —
2766 1388 2908 1457 Περὶ
2938 1388 3316 1443 κυϐευόντων
3355 1384 3394 1453 ἦ
3432 1385 3701 1454 μεθυσκο-

2138 1483 2361 1553 μένων.

2228 1576 2566 1631 Ἀποστόλων
2598 1575 2775 1631 κανὼν
2801 1574 2894 1648 μγ¹
2918 1593 2933 1607 ο
2966 1575 3186 1630 συνόδου
3214 1571 3268 1638 ς’
3318 1569 3497 1625 κανὼν
3534 1567 3594 1622 ν’.

2216 1671 2525 1739 Κείμενον.
2589 1670 2654 1723 Ἦ
2689 1678 2739 1723 α’
2804 1669 2947 1723 διάτ.
3004 1667 3099 1722 τοῦ
3171 1664 3259 1737 μγ¹
3296 1665 3401 1717 τίτ,
3434 1660 3525 1715 τοῦ
3547 1659 3589 1729 γ’
3613 1660 3703 1731 βιϐ.

2144 1764 2242 1816 τοῦ
2289 1762 2543 1828 κώδικος,
2600 1762 2789 1832 φησιν,
2834 1777 2891 1815 κ.
2931 1778 2982 1815 τ.
3020 1758 3071 1812 λ.
3121 1770 3300 1826 usque
3333 1753 3401 1809 ad
3447 1754 3536 1806 καὶ
3566 1768 3707 1822 προσ-

2154 1856 2453 1927 κυροῦνται
2506 1854 2619 1917 τοῖς
2676 1852 2858 1924 ἔργοις
2918 1852 3027 1905 τῶν
3083 1850 3319 1904 πόλεων.

2221 1947 2503 2016 Σχόλιον.
2551 1944 2620 1999 Ἥ
2644 1942 2692 1997 α’
2732 1944 2873 1999 διάτ.
2926 1942 3024 1996 τοῦ
3071 1938 3287 2014 μγ¹τίτ.
3328 1939 3421 1994 τοῦ
3453 1938 3496 1993 α’
3532 1937 3708 2009 βιϐλίου

2149 2039 2241 2094 τοῦ
2274 2039 2528 2103 κώδικος,
2564 2037 2680 2092 ἐστι
2711 2054 2839 2105 κεφ.
2901 2034 2942 2090 ε’
2967 2035 3063 2089 τοῦ
3111 2033 3160 2106 η’
3194 2035 3301 2088 τίτ.
3331 2033 3428 2087 τοῦ
3470 2032 3511 2099 ξ’
3532 2032 3708 2103 βιϐλίου

2147 2134 2258 2187 τῶν
2288 2131 2591 2187 Βασιλικῶν
2624 2130 2767 2185 οὕτω
2784 2129 2963 2200 λέγον,
3006 2129 3071 2183 Ἠ
3097 2128 3237 2183 διάτ.
3273 2126 3477 2181 κωλύει
3501 2126 3579 2193 ξτά
3605 2125 3712 2179 παί-

2148 2242 2295 2297 γνια,
2343 2226 2438 2279 καὶ
2471 2223 2511 2278 ε’
2564 2222 3043 2296 ὑπεξαιρουμένων
3080 2221 3249 2293 ὁρίζει
3277 2220 3375 2275 καί
3398 2237 3518 2274 τινα
3564 2217 3712 2271 ἐπιτί-

2154 2334 2251 2389 μια
2276 2315 2421 2371 κατὰ
2451 2315 2558 2369 τῶν
2582 2314 2950 2377 κυϐευόντων,
2992 2312 3371 2383 ἐπιτρέπουσα
3398 2310 3473 2382 τῷ
3517 2311 3711 2379 ἐπάρχῳ

2147 2409 2250 2479 τῆς
2284 2408 2494 2471 πόλεως
2525 2408 2753 2469 καὶτοῖς
2783 2405 3011 2478 ἄρχουσι
3035 2405 3146 2458 τῶν
3169 2402 3471 2475 ἐπαρχιῶν,
3506 2402 3593 2456 καὶ
3618 2402 3711 2462 τοῖς

2150 2502 2473 2564 ἐπισκόποις
2510 2500 2692 2570 ζητεῖν
2721 2500 2818 2553 καὶ
2864 2498 3098 2553 κωλύειν
3120 2498 3213 2551 καὶ
3252 2496 3435 2550 πάντα
3468 2494 3535 2549 τὰ
3557 2497 3607 2548 ἐν
3631 2494 3710 2547 αὖ·

2148 2597 2264 2659 τοῖς
2298 2595 2565 2664 γινόμενα
2598 2592 3030 2663 συναλλάγματα
3070 2590 3432 2663 ἀποτρέπειν.
3459 2590 3635 2642 Δίδωσι
3663 2586 3711 2639 δὲ

2152 2687 2377 2755 ἀγωγὰς
2412 2686 2478 2738 ὲκ
2500 2684 2608 2737 τῶν
2632 2683 3121 2756 ὲπιτετραμμένων
3139 2683 3429 2750 παιγνίων,
3458 2681 3547 2734 καὶ
3570 2678 3708 2733 ἀπαί-

2150 2796 2308 2848 τησιν
2348 2778 2458 2831 τῶν
2518 2777 2774 2831 ἐντεῦθεν
2832 2775 3291 2847 χρεωστηθεισῶν
3352 2775 3481 2828 δέκα
3539 2771 3709 2842 λιτρῶν

2151 2872 2423 2939 ἐπιτίμιον
2455 2870 2714 2940 ὁρίζουσα
2767 2870 2910 2924 κατά
2939 2869 3047 2923 τῶν
3099 2867 3530 2939 συγχωρούντων
3556 2882 3710 2936 παρα-

2151 2962 2315 3031 ϐῆναι
2382 2961 2481 3032 τὴν
2527 2961 2667 3016 διάτ.
2722 2960 2785 3013 Ἣ
2813 2960 2872 3014 δὲ
2932 2959 3072 3014 διάτ.
3134 2958 3178 3028 β’
3255 2958 3354 3010 τοῦ
3393 2953 3707 3029 μγ¹τίτ.τοῦ

455 3035 604 3102 quod
665 3036 739 3092 ita
788 3040 853 3092 ad
910 3042 1135 3097 verbum
1182 3046 1259 3099 ait
1303 3064 1317 3100 :
1363 3048 1701 3106 ConSIilutio
1740 3052 2044 3123 ligneorum

2156 3053 2198 3124 Υ
2251 3052 2457 3124 βιϐλίου
2500 3052 2595 3105 τοῦ
2638 3052 2891 3115 κώδικος,
2944 3051 3061 3104 ἔστι
3112 3068 3235 3119 κεφ.
3308 3048 3361 3115 ς·’
3426 3048 3515 3103 τοῦ
3546 3046 3590 3119 η’
3620 3048 3708 3103 τίτ.

450 3129 791 3197 equestrium
836 3130 980 3202 (quae
1020 3144 1311 3209 vocantur)
1361 3140 1682 3216 [lusionem]
1719 3143 2043 3201 interdicit:

446 3220 752 3287 periculum
801 3224 1074 3282 adversus
1116 3228 1358 3296 Iusores,
1407 3243 1571 3302 atque
1620 3235 2049 3304 publicationem

447 3312 712 3367 adversus
744 3312 955 3383 domos,
1008 3317 1063 3370 in
1098 3318 1312 3388 quibus
1367 3320 1684 3389 huiusmodi
1740 3324 1893 3379 lusus
1922 3340 2050 3395 per-

450 3402 558 3457 acti
594 3412 743 3469 sunt,
810 3406 1135 3476 deposcens.
1192 3408 1352 3466 Victo
1394 3426 1578 3468 autem
1628 3417 1723 3485 qui
1773 3418 1936 3471 solvit
1972 3416 2048 3490 [id

453 3495 602 3562 quod
626 3495 819 3569 dedit],
846 3499 1178 3556 restituitur.
1206 3504 1425 3574 Alioqui
1456 3506 1501 3560 si
1528 3522 1859 3578 recuperare
1890 3510 2047 3573 nolit,

448 3585 500 3640 id
539 3587 590 3639 in
640 3589 759 3655 ejus
814 3591 1064 3649 civitatis
1116 3596 1335 3664 publica
1390 3613 1557 3668 opera
1599 3603 1835 3672 expendi
1871 3600 2045 3672 jubet.

449 3678 607 3734 Unde
640 3694 786 3747 nota,
822 3683 875 3737 in
910 3684 1073 3741 Basil.
1107 3703 1211 3742 non
1239 3705 1363 3745 esse
1384 3693 1649 3761 positum,
1678 3694 1823 3764 quod
1854 3711 2047 3750 eorum

451 3787 575 3841 qua:
613 3789 678 3826 ex
714 3775 989 3842 prohibito
1021 3778 1142 3834 lusu
1174 3781 1298 3836 data
1330 3793 1478 3848 sunt,
1504 3787 1719 3841 exactio
1749 3788 2047 3843 triennium

448 3866 714 3919 excedat.
768 3865 1032 3924 Similiter
1080 3887 1258 3943 neque
1309 3875 1456 3945 quod
1509 3878 1709 3934 divites
1750 3880 1816 3934 ad
1873 3896 2046 3935 unum

454 3970 633 4024 usque
690 3958 925 4014 solidum
983 3962 1035 4017 in
1087 3964 1276 4020 ludum
1336 3970 1712 4035 constituant,
1764 3972 2050 4044 multaque

450 4051 578 4104 alia.
609 4050 742 4117 Quae
774 4053 862 4108 ubi
893 4055 967 4109 ita
1014 4073 1135 4114 sese
1209 4059 1431 4127 habent,
1477 4064 1658 4119 dicere
1695 4064 1861 4121 debes
1901 4067 2047 4135 quod

449 4159 572 4212 qua:
628 4160 691 4199 ex
752 4147 1064 4218 huiusmodi
1126 4151 1339 4209 lusibus
1390 4156 1636 4213 actiones
1700 4156 2045 4231 [exsistunt],

452 4242 914 4307 quemadmodum
973 4248 1155 4304 Omnis
1222 4252 1529 4319 personalis
1580 4254 1745 4321 actio,
1810 4256 2049 4311 triennio

451 4332 837 4401 terminentur,
901 4346 1066 4408 atque
1122 4341 1177 4394 in
1212 4342 1455 4413 quinque
1500 4346 1784 4401 concessis
1838 4347 2047 4402 lusibus

2150 3146 2246 3200 τοῦ
2282 3144 2321 3210 ξ’
2356 3144 2561 3215 βιϐλίου
2588 3145 2698 3199 τῶν
2742 3143 3049 3198 Βασιλικῶν
3078 3143 3236 3212 λέγον
3256 3145 3403 3197 οὕτω
3439 3143 3624 3214 ῥητῶς·
3657 3139 3711 3193 Ἥ

2149 3238 2287 3295 διάτ.
2312 3238 2512 3291 κωλύει
2544 3239 2613 3291 τά
2636 3236 2903 3307 λεγόμενα
2935 3236 3128 3303 ςυλικὰ
3172 3237 3400 3300 ἱππικὰ,
3437 3235 3709 3291 ἀπαιτοῦσα

2152 3334 2400 3388 κίνδυνον
2426 3332 2535 3385 ἀπὸ
2561 3332 2670 3385 τῶν
2700 3330 3028 3397 παιζόντων,
3063 3332 3159 3385 καὶ
3179 3331 3446 3401 δήμευσιν
3468 3330 3597 3382 κατᾶ
3621 3326 3709 3379 τῶν

2149 3427 2315 3479 οἴκων
2338 3426 2395 3477 ὲν
2423 3419 2506 3488 οἷς
2537 3425 2606 3476 τὰ
2632 3423 2859 3477 τοιαῦτα
2913 3423 3141 3492 γένηται
3173 3423 3426 3491 παίγνια.
3449 3420 3641 3473 Δῐδοται
3664 3417 3710 3469 δὲ

2151 3520 2247 3572 καὶ
2287 3517 2539 3581 ἀνάδοσις
2576 3517 2654 3589 τῷ
2683 3516 2971 3587 ἡττηθέντι
2998 3516 3091 3569 καὶ
3135 3515 3557 3569 καταϐάλλοντι·
3583 3512 3611 3581 ἣ
3634 3510 3711 3563 ἐὰν

2154 3611 2229 3681 μὴ
2249 3610 2503 3682 βούληται
2520 3608 2811 3663 ἀναλαϐεῖν
2832 3648 2845 3670 ,
2874 3607 3088 3660 κελεύει
3115 3607 3293 3662 ταῦτα
3313 3610 3391 3670 είς
3418 3607 3548 3678 ἔργα
3570 3601 3709 3672 δημά.

2155 3722 2255 3758 σια
2281 3705 2378 3774 τῆς
2412 3703 2619 3766 πόλεως
2642 3702 3007 3757 δαπανᾶσθαι.
3029 3702 3193 3755 Ὥστε
3224 3702 3529 3773 σημείωσαι
3561 3700 3634 3751 ὅτι
3664 3699 3711 3748 ὲν

2150 3797 2228 3869 τῷ
2258 3796 2535 3866 Βασιλικῷ
2568 3796 2669 3850 οὐκ
2706 3795 2869 3867 ἐτέθη
2898 3796 2961 3849 τὸ
2984 3794 3342 3864 ὑπερϐαίνειν
3369 3795 3467 3864 τὴν
3490 3806 3711 3861 τριιυιον⁸

2150 3889 2370 3945 ταετίαν
2393 3890 2492 3957 τὴν
2520 3888 2820 3959 ἀπαίτησιν
2877 3889 2989 3943 τῶν
3042 3889 3203 3959 χάριν
3242 3887 3497 3955 παιγνίου
3535 3884 3710 3938 κωλυο-

2153 3983 2315 4056 μένου
2346 3982 2627 4037 δοθέντων.
2676 3981 2954 4044 Ὡσαύτως
2981 3981 3103 4035 οὐδὲ
3135 3982 3195 4034 τὸ
3238 3979 3577 4051 συνθηκίζειν
3606 3976 3710 4036 τοὺς

2152 4074 2445 4138 πλουσίους
2477 4074 2674 4145 μέχρις
2701 4074 2819 4138 ἐνὸς
2856 4074 3197 4143 νομίσματος
3247 4074 3346 4127 καί
3376 4073 3508 4127 ἀλλα
3544 4067 3705 4122 πολλὰ.

2152 4169 2267 4222 Καλ⁸
2321 4168 2444 4221 ἐπεὶ
2490 4166 2664 4220 ταῦτα
2704 4165 2880 4230 οὕτως
2913 4165 3129 4236 ἔχουσιν
3167 4165 3405 4233 ὀφείλεις
3456 4163 3616 4215 εἰπεῖν
3645 4160 3711 4212 ὅτι

2151 4261 2245 4313 καὶ
2278 4259 2334 4312 at
2374 4260 2503 4331 περὶ
2536 4259 2794 4313 τοιούτων
2844 4259 3113 4327 παιγνίων
3138 4259 3358 4327 ἀγωγαὶ
3393 4261 3458 4329 τῇ
3486 4270 3709 4328 τριακον-

2152 4352 2342 4422 ταετίᾳ
2358 4351 2651 4419 κλείονται,
2684 4351 2866 4416 καθὼς
2884 4352 2979 4405 καὶ
3007 4353 3158 4406 πᾶσα
3178 4349 3503 4422 προσωπικὴ
3524 4343 3709 4416 ἀγωγὴ,

454 4422 729 4490 deponere
780 4426 831 4480 in
865 4440 1143 4484 certamen
1179 4431 1361 4498 liceat,
1404 4437 1871 4504 quemadmodum
1917 4455 2044 4509 par-

2156 4444 2249 4498 καὶ
2307 4445 2399 4498 ἐπὶ
2442 4443 2521 4511 τῷ
2573 4442 2614 4499 ε’
2694 4443 2748 4498 δὲ
2800 4444 3037 4516 παιγνίῳ
3084 4444 3196 4497 τῶν
3232 4439 3711 4513 ὲπιτετραμμένων.

452 4514 600 4569 tibus
667 4516 939 4585 videatur,
1002 4538 1111 4578 non
1168 4537 1352 4581 autem
1444 4530 1748 4583 secundum
1805 4542 2045 4585 veterem

450 4601 850 4674 lcgislationcm
885 4626 1061 4681 usque
1087 4614 1153 4667 ad
1194 4632 1364 4671 unum
1419 4616 1737 4693 [duntaxat]
1785 4622 2047 4678 solidum.

450 4694 610 4753 Scias
644 4714 809 4769 porro
844 4704 989 4773 quod
1020 4707 1311 4777 μονόϐολον
1340 4710 1558 4767 dicatur
1590 4729 1790 4770 cursus
1823 4733 1835 4767 :
1863 4731 2049 4769 κοντο-

451 4788 766 4860 μονόϐολον,
838 4793 1015 4849 saltus
1065 4815 1079 4851 :
1140 4800 1403 4865 κυντανὸς
1454 4802 1653 4870 κόνταξ
1698 4804 1819 4860 sine
1860 4805 2046 4873 libula,

445 4878 710 4949 jaculatio
762 4884 883 4941 sine
912 4886 1102 4955 ﬁbula,
1145 4891 1260 4946 sive
1314 4890 1483 4960 ferro,
1515 4910 1544 4948 a
1575 4895 1813 4963 quodam
1843 4894 2048 4962 Quinto

449 4972 524 5027 ita
561 4977 863 5044 nominata,
896 4982 1187 5054 περιχυτὴ,
1225 4985 1371 5040 lucta
1403 5006 1415 5041 :
1446 4994 1502 5042 et
1536 4988 1758 5057 ἱππικὴ,
1785 4990 2045 5044 circenses

450 5064 585 5119 ludi.
617 5066 889 5124 Caeterum
922 5072 988 5127 de
1018 5078 1258 5144 equestri
1304 5077 1485 5149 ligneo
1519 5079 1817 5152 aliquando
1856 5098 2045 5137 coram

451 5158 810 5227 imperatorio
835 5165 1095 5221 tribunali
1131 5168 1431 5245 [quaedam]
1468 5174 1650 5229 incidit
1689 5177 2042 5248 ambiguitas.

447 5246 710 5305 Nonnulli
752 5254 901 5309 enim
958 5256 1011 5311 id
1062 5274 1185 5314 esse
1229 5260 1487 5318 dicebant
1533 5265 1712 5322 lusum
1748 5246 1919 5333 illum,
1952 5270 2046 5340 qui

450 5339 772 5410 frequenter
794 5360 825 5399 a
857 5349 1044 5416 pueris
1070 5360 1225 5406 extra
1253 5354 1461 5409 circum
1490 5358 1792 5429 peragitur,
1821 5376 1945 5415 cum
1974 5339 2042 5415 in

450 5434 800 5504 aurigatione
828 5454 1096 5510 equorum
1128 5445 1249 5500 vice
1288 5447 1605 5504 hominibus
1640 5462 1898 5507 utuntur.
1930 5451 2036 5505 Alii

450 5536 634 5581 autem
688 5529 740 5584 id
796 5530 1035 5601 ligneam
1081 5540 1379 5607 quamdam
1426 5557 1549 5598 esse
1594 5542 1885 5611 iabricam,
1920 5561 2043 5617 quae

450 5635 548 5688 per
591 5620 798 5691 ligneos
836 5627 1097 5696 gradulos
1130 5632 1299 5687 multa
1342 5649 1437 5704 per
1484 5637 1726 5691 medium
1769 5636 2037 5693 foramina

451 5709 740 5781 habentes,
787 5722 1148 5787 protendatur
1184 5722 1236 5780 in
1282 5727 1473 5783 altum.
1508 5729 1612 5796 Qui
1657 5731 1799 5785 enim
1838 5730 1892 5786 in
1934 5732 2036 5788 hoc

2153 4536 2329 4601 ἔξεστι
2364 4536 2713 4607 συνθηκίζειν
2738 4535 2924 4601 καθὼς
2959 4538 3075 4599 τοῖς
3110 4535 3306 4609 μέρεσι
3347 4534 3507 4599 δόξει,
3548 4530 3632 4584 καὶ
3657 4528 3706 4581 ού

2154 4632 2315 4700 μέχρι
2338 4628 2672 4700 νομίσματος
2696 4628 2815 4692 ἐνὸς
2847 4628 3104 4699 κατάτὴν
3128 4628 3365 4682 παλαιὰν
3384 4623 3705 4695 νομοθεσίαν.

2152 4720 2393 4774 Γίνωσκε
2423 4721 2479 4775 δὲ
2511 4722 2594 4775 ὅτι
2640 4720 2930 4792 μονόϐολον
2985 4721 3203 4789 λέγεται
3232 4722 3260 4774 ό
3284 4719 3480 4791 δρόμος
3505 4733 3519 4748 ⁵
3556 4729 3708 4769 κοντο-

2153 4812 2402 4879 μόϐολον,
2473 4812 2733 4884 πήδημαθ
2812 4812 3075 4876 κυντανὸς
3136 4812 3331 4879 κόνταξ
3398 4812 3562 4882 χωρὶς
3623 4806 3706 4875 τῆς

2149 4904 2396 4973 πόρπης,
2426 4902 2485 4956 Θό
2503 4902 2833 4973 ἀκοντισμὸς
2856 4903 2985 4958 ἄνευ
3005 4903 3236 4975 περόνης
3251 4906 3370 4973 ἦτοι
3397 4902 3602 4972 σιδήρου
3618 4896 3711 4951 ἀπὸ

2152 4993 2374 5047 κυτντου
2400 4993 2541 5057 τινὸς
2568 4993 2709 5048 οὕτω
2750 4992 2994 5065 κληθεὶς,
3045 4994 3312 5066 περιχυτὴ
3357 4993 3388 5064 ἢ
3430 4992 3586 5061 πάλή.
3614 4986 3707 5040 Καὶ

2150 5084 2373 5138 ἱππικὸν
2406 5084 2468 5138 τὸ
2523 5084 2906 5155 ἱπποδρόμιον.
2940 5084 3076 5155 Περὶ
3123 5084 3179 5138 δὲ
3218 5083 3309 5137 τοῦ
3344 5083 3544 5149 ξυλίνου
3572 5083 3703 5133 ἱππι-

2148 5174 2245 5228 κοῦ
2293 5191 2423 5227 ποτε
2466 5175 2689 5243 γέγονεν
2718 5174 3018 5245 ἀμφιϐολία
3064 5177 3219 5246 παρά
3242 5175 3319 5245 τῷ
3344 5171 3594 5244 βασιλικῷ
3625 5169 3702 5239 βή-

2150 5286 2303 5336 ματι.
2347 5267 2459 5321 Καὶ
2502 5265 2653 5330 τινὲς
2714 5264 2814 5336 μὲν
2844 5261 3000 5318 εἷπον
3035 5258 3174 5319 εἶναι
3205 5265 3363 5318 τοῦτο
3398 5265 3454 5316 τὸ
3486 5258 3701 5356 συνήθως

2147 5358 2299 5427 παρά
2326 5357 2435 5410 τῶν
2502 5356 2707 5410 παίδων
2750 5357 3038 5428 γινόμενον
3087 5358 3337 5425 παίγνιον
3385 5355 3572 5421 ἔξωθεν
3620 5355 3698 5402 τοῦ

2147 5450 2396 5512 ἱππικοῦ.
2443 5450 2564 5505 ἀντὶ
2601 5450 2784 5504 ἵππων
2828 5451 3129 5521 χρωμένων
3188 5450 3494 5521 imprimat;
3539 5447 3608 5506 είς
3627 5443 3692 5496 δι’

2146 5543 2474 5615 (ιερηλασίανο
2524 5544 2679 5606 Τινὲς
2716 5543 2772 5596 δὲ
2829 5539 2985 5595 εἷπον
3037 5541 3174 5597 εἷναι
3235 5542 3389 5596 τοῦτο
3424 5539 3615 5607 ξύλινόν
3652 5551 3694 5584 τι

2143 5636 2575 5707 κατασκεύασμα
2610 5636 2696 5690 διά
2725 5635 3010 5707 κλιμάκων
3044 5635 3323 5701 ξυλοειεῶν
3362 5630 3692 5701 ἁνυψούμενον

2143 5730 2381 5801 ἐχουσῶν
2405 5729 2491 5785 διὰ
2521 5730 2687 5802 μέσον
2736 5731 2873 5795 ὀπὰς
2899 5729 3213 5802 διαφόρους.
3249 5731 3306 5784 Οἱ
3335 5727 3437 5799 γὰρ
3471 5717 3687 5789 συνθηκί-
