3928 6246
203 232 347 301 1213

1065 220 1557 286 NOMOCANON.
1586 243 1658 254 -
1686 217 1836 279 ΤΙΤ,
1878 215 2055 291 XIII,
2094 213 2253 274 CAP.
2295 208 2764 274 XXVIXXXII.

3362 196 3503 263 1214

201 354 389 420 ζοντες
421 350 515 404 ἐπὶ
570 348 650 419 τῷ
703 342 933 415 τοιούτῳ
996 340 1236 410 παιγνίῳ
1288 338 1496 409 βώλους
1533 335 1806 405 τέσσαρας

1927 334 2038 387 lusu
2070 328 2323 400 deposito
2356 323 2589 399 pignore
2623 330 2859 388 certant,
2907 331 3148 392 quatuor
3187 316 3494 374 diversico-

202 448 290 500 ὲτε
302 444 559 518 ροϐαφεῖς
590 439 797 493 ἄνωθεν
822 435 932 490 τῶν
958 434 1246 505 κλιμάκων
1275 430 1554 500 τιθέμενοι
1581 426 1718 498 πρὸς
1741 426 1803 478 τὸ

202 541 474 601 κάταντες
500 534 831 604 ἁπομύουσι.
867 530 978 584 Καὶ
1002 530 1032 582 ό
1061 525 1294 597 πρώτως
1324 522 1433 576 ἀπὸ
1471 521 1582 574 τῶν
1618 518 1803 590 βώλων

203 632 565 702 ἐξερχόμενος
593 628 681 680 διὰ
743 625 854 678 τῶν
903 621 1055 677 ὀπῶν
1080 622 1145 673 ὲκ
1170 621 1269 688 τῆς
1309 613 1631 676 τελευταίας
1660 610 1803 680 ὀπῆς

201 728 303 796 τὴν
328 724 573 778 νικῶσαν
634 720 821 774 δίδωσι
876 716 955 787 τῷ
999 715 1177 785 ἔχοντι
1226 710 1411 766 αὐτόν.
1451 710 1670 762 Ἔοικεν
1708 703 1803 758 οὖν

202 817 373 886 κάμοὶ
400 814 559 870 τοῦτο
614 814 675 867 τὸ
736 810 989 882 δεύτερον
1036 806 1292 875 παίγνιον
1330 803 1482 872 παρὰ
1511 798 1607 853 τοῦ
1635 798 1801 868 νόμου

208 906 622 979 ἀποτρέπεσθαι
663 905 739 969 ὡς
790 903 913 974 ἔχον
941 901 1120 955 αἰτίαν
1170 899 1392 952 κόττον’
1438 894 1575 963 Περὶ
1610 892 1668 944 δὲ
1705 908 1803 943 κυ-

204 1002 478 1055 ϐευόντων
529 997 810 1069 κληρικῶν
852 991 1128 1063 ἀνάγνωθι
1188 990 1282 1043 καὶ
1334 987 1437 1056 τὴν
1484 981 1572 1049 πζ¹
1598 980 1800 1054 νεαρὰν

201 1095 297 1149 τοῦ
333 1092 601 1166 βασιλέως
621 1089 814 1162 κυρίου
849 1088 1079 1149 Λέοντος
1108 1082 1425 1155 φιλοσόφου.

273 1252 532 1306 ΚΕΦΑΛ.
568 1252 648 1304 Λ’.
682 1277 753 1287 —
776 1246 916 1315 Περὶ
939 1240 1462 1308 δαιμονιζομένων.

288 1386 631 1441 Ἀποστόλων
677 1383 861 1438 κανὼν
923 1382 1033 1436 οθ’⁶
1094 1379 1316 1434 συνόδου
1362 1375 1416 1443 ς’
1461 1372 1645 1429 κανὼν
1687 1369 1797 1438 Eg’,

206 1479 278 1547 ξς
301 1499 310 1509 ·
337 1479 607 1549 Τιμοθέου
641 1475 823 1531 κανὼν
841 1473 907 1546 β’,
935 1473 1007 1543 γ’,
1038 1473 1119 1537 ιδ’,
1150 1470 1233 1525 ιε’.

274 1575 588 1643 Κείμενον.
632 1570 860 1641 Εἴρηται
902 1566 1093 1637 βιϐλίῳ
1146 1571 1188 1618 ε’
1214 1562 1308 1617 τοῦ
1342 1560 1573 1623 κώδικος
1595 1559 1702 1612 τίτ.
1731 1552 1795 1620 o',

203 1666 341 1721 διάτ.
393 1663 456 1731 δ’,
508 1681 564 1719 κ.
616 1679 670 1719 τ.
722 1661 811 1729 λ.,
866 1674 1047 1732 usque
1096 1657 1164 1714 ad
1199 1656 1326 1710 ocul.
1388 1652 1568 1714 ἄλλοις
1623 1650 1798 1703 ἐπιτι-

207 1755 374 1827 μίοις.

273 1891 560 1958 Σχόλιον.
597 1885 807 1941 Διέσιόν
837 1888 953 1953 ἐστι
981 1884 1219 1954 φθόγγος
1243 1880 1501 1954 μουσικὸς
1528 1875 1673 1931 οὕτω
1709 1874 1802 1928 λε-

205 1981 438 2052 γόμενος
467 1980 618 2051 παρὰ
650 1979 959 2050 φιλοσόφοις
981 1979 1075 2033 καὶ
1098 1974 1350 2049 χωρίζων
1370 1973 1468 2045 τὴν
1490 1972 1578 2026 διὰ
1609 1969 1800 2024 πασῶν

204 2074 476 2145 ἁρμονίαν
508 2073 569 2138 ὲξ
608 2065 670 2126 οὗ
704 2073 801 2129 καὶ
825 2072 992 2142 διέχει
1020 2071 1056 2126 δι
1080 2072 1316 2142 εἴρηται,
1358 2070 1470 2122 τῶν
1494 2062 1801 2136 δμωζύγων

208 2168 339 2237 μιᾶς
366 2166 634 2238 ἁρμονίας
663 2166 829 2221 τόπον
846 2165 1175 2236 ἐπεχόντωνο
1201 2163 1414 2217 ἔσονται
1442 2160 1579 2229 γὰρ,
1608 2157 1798 2228 φησὶν,

206 2263 287 2323 εἰς
322 2260 502 2331 σάρκα
535 2260 663 2330 μίαν
720 2262 816 2314 ἐὰν
850 2258 910 2323 ἐξ
966 2258 1188 2325 εὐλόγου
1230 2256 1409 2318 αἰτίας
1444 2253 1803 2322 ὁπωσδήποτε

206 2352 488 2414 διάστασις
510 2353 605 2404 καὶ
635 2351 913 2424 χωρισμὸς
944 2350 1177 2420 γένηται
1220 2348 1383 2418 μέσον
1425 2344 1605 2398 αὐτῶν
1646 2342 1801 2408 λέγο-

213 2461 313 2513 μεν
365 2442 613 2511 γίνεσθαι
650 2443 847 2495 διέσιον
892 2443 1031 2510 ὅπερ
1063 2443 1156 2494 ἐπὶ
1202 2439 1309 2492 τῶν
1336 2437 1666 2508 μνηστήρων
1694 2432 1804 2504 χώ-

215 2554 314 2606 ραν
340 2536 443 2589 ούκ
467 2534 579 2605 ἔχει
618 2535 846 2606 κυρίως,
880 2534 1017 2587 ἀλλὰ
1040 2531 1340 2601 διαζύγιον,
1377 2531 1549 2601 μήπω
1580 2530 1691 2598 γὰρ
1715 2544 1809 2594 γε·

212 2629 444 2698 νομένου
472 2628 652 2698 γάμου
683 2626 778 2683 καὶ
803 2626 1123 2695 συναφείας,
1157 2624 1259 2677 κᾶν
1297 2622 1497 2677 δοκῶσι
1532 2618 1809 2688 συναφθῆ-

212 2735 302 2771 ναι
343 2717 393 2770 οἱ
423 2716 755 2787 μνηστῆρες,
796 2715 932 2769 ἀλλὰ
983 2717 1097 2777 τοῖς
1130 2712 1344 2782 σώμασι
1402 2709 1806 2781 κεχωρισμένοι

1906 425 2054 480 lores
2105 423 2358 493 globulos
2398 435 2562 490 supra
2608 417 2870 488 gradulos
2909 422 3194 485 ponentes,
3222 406 3368 482 [eos]
3402 422 3500 477 per

1909 518 2127 574 declive
2164 516 2463 571 demittunt
2507 533 2520 567 :
2556 521 2609 568 et
2639 513 2730 582 qui
2766 509 3113 581 globulorum
3156 503 3369 575 primus
3404 515 3501 571 per

1906 610 2176 667 foramina
2202 626 2266 663 ex
2294 609 2488 662 ultimo
2516 605 2786 660 foramine
2813 601 3108 672 egreditur,
3132 596 3181 651 ei
3214 595 3308 666 qui
3340 594 3497 648 illum

1909 702 2098 767 habet,
2126 700 2420 755 victoriam
2443 698 2638 751 defert.
2661 695 2885 749 Videtur
2912 692 3077 761 igitur
3102 688 3237 743 mihi
3254 701 3497 758 quoque,

1906 797 2139 851 alterum
2191 794 2341 848 hunc
2392 791 2580 845 ludum
2614 804 2644 842 a
2689 788 2806 858 lege
2841 782 3223 839 aversabunde
3251 781 3412 835 vitari
3444 787 3501 833 et

1902 890 2086 962 puniri
2116 908 2130 944 :
2168 897 2358 957 utpote
2385 886 2478 956 qui
2515 893 2724 939 cottum
2754 880 3066 935 conﬁrmet.
3095 878 3265 931 Porro
3293 876 3360 930 de
3387 876 3499 929 cle-

1904 983 2035 1037 ricis
2064 981 2157 1053 qui
2184 982 2302 1035 alea
2337 980 2549 1041 ludunt,
2584 977 2703 1045 lege
2726 973 2794 1029 87
2837 972 3108 1027 novellam
3140 967 3497 1039 imperatoris

1906 1073 2100 1129 domui
2133 1072 2333 1127 Leonis
2359 1068 2697 1142 philosophi.

1972 1237 2126 1294 CAP.
2166 1234 2339 1292 XXX.
2370 1266 2439 1278 -——
2464 1233 2542 1288 De
2571 1232 2798 1287 obsessis
2826 1247 2859 1284 a
2882 1229 3139 1285 daemone.

1977 1378 2363 1450 Apostolorum
2382 1390 2557 1431 canon
2584 1372 2690 1439 79;
2716 1370 2938 1427 concilii
2960 1366 3099 1424 sexti
3123 1378 3366 1421 canones
3391 1361 3485 1429 66,

1901 1475 1993 1543 67;
2020 1473 2298 1529 Timothei
2325 1486 2567 1526 canones
2594 1467 2651 1532 2,
2677 1470 2731 1532 ’5,
2762 1465 2851 1531 14,
2880 1465 2969 1521 15.

1977 1568 2194 1622 Textus.
2231 1564 2439 1619 Dicitur
2464 1562 2561 1618 lib.
2592 1562 2625 1616 5
2652 1558 2811 1625 Cod.,
2849 1558 2933 1612 tit.
2974 1554 3068 1622 70,
3101 1560 3279 1610 const.
3307 1551 3363 1619 Δ,
3392 1557 3498 1606 etc.

1903 1678 2067 1731 usque
2095 1660 2165 1714 ad
2190 1657 2465 1728 subjiciat,
2501 1663 2558 1709 ut
2581 1670 2704 1725 pag.
2741 1649 2869 1709 966.

1976 1892 2187 1946 Διέσιον
2227 1900 2411 1944 autem
2458 1893 2545 1942 est
2589 1898 2761 1940 sonus
2809 1879 3056 1935 musicus
3092 1878 3168 1931 ita
3200 1891 3231 1930 a
3262 1874 3507 1943 philoso-

1908 1985 2034 2056 phis
2055 1992 2428 2052 nuncupatus,
2446 1977 2537 2046 qui
2566 1975 2814 2030 omnium
2838 1967 3144 2044 [tonorum]
3169 1974 3498 2022 concentum

1907 2055 2127 2148 separat
2155 2093 2169 2130 :
2197 2074 2337 2128 unde
2392 2080 2447 2126 et
2470 2068 2674 2139 διέχεια
2708 2064 2786 2138 [id
2830 2075 2914 2119 est
2959 2057 3241 2129 distantia]
3276 2055 3501 2112 dicitur.

1907 2172 2045 2228 Cum
2083 2171 2269 2239 itaque
2318 2166 2582 2234 coniuges
2613 2161 2777 2215 unius
2812 2165 3114 2214 concentus
3152 2155 3324 2208 vicem
3364 2147 3507 2204 obti-

1908 2278 2076 2325 neant
2098 2268 2272 2337 (erunt
2296 2264 2465 2327 enim,
2502 2262 2680 2329 inquit
2703 2258 2883 2331 [sacra
2910 2248 3241 2323 Scriptura],
3270 2249 3322 2302 in
3343 2262 3503 2301 carne

1911 2360 2067 2428 una),
2096 2359 2141 2412 si
2190 2372 2255 2411 ex
2304 2355 2454 2424 justa
2498 2366 2667 2407 causa
2715 2347 2918 2404 divisio
2957 2354 3012 2400 et
3042 2339 3315 2412 separatio
3362 2339 3504 2392 inter

1911 2452 2037 2506 illos
2115 2447 2617 2519 quomodocunque
2695 2438 3057 2501 interveniat,
3120 2433 3319 2488 διέσιον
3383 2428 3502 2484 ﬁeri

1913 2543 2171 2603 dicimus,
2202 2539 2347 2609 quod
2404 2538 2458 2591 in
2484 2533 2701 2605 sponsis
2723 2530 2943 2603 proprie
2967 2529 3148 2584 locum
3174 2540 3282 2578 non
3317 2524 3501 2586 habet,

1913 2639 2006 2695 sed
2061 2636 2188 2709 [pro
2234 2631 2328 2705 eo]
2379 2632 2691 2701 repudiutn.
2739 2625 2873 2680 Nam
2931 2620 3150 2678 tametsi
3203 2618 3370 2690 [inter
3416 2612 3501 2685 se]

1913 2727 2217 2795 desponsi,
2281 2721 2639 2778 matrimonio
2695 2715 3195 2787 conjunctioneque
3259 2710 3502 2764 nondum

215 2810 358 2864 εἰσιν
396 2809 472 2871 ὡς
500 2808 569 2861 τὰ
602 2809 706 2861 ὑπὸ
760 2808 852 2861 τὸν
910 2807 1072 2876 ζυγὸν
1122 2806 1249 2859 ὄντα
1298 2804 1444 2869 ζῶα·
1478 2802 1616 2873 πλὴν
1643 2801 1806 2874 ήρεσε

1927 2821 2092 2883 initis,
2127 2816 2403 2888 conjuncti
2431 2830 2551 2870 esse
2578 2811 2869 2865 videantur
2904 2827 2917 2863 :
2966 2815 3213 2861 attamen
3256 2800 3499 2871 corpori-

213 2904 328 2964 τοῖς
366 2898 690 2969 νομοθέταις
719 2898 1033 2968 ἀδιαφόρως
1066 2898 1160 2950 καὶ
1185 2895 1406 2949 ἐπὶτῶν
1432 2893 1719 2963 όμοζύγων
1748 2890 1806 2944 τὸ

1927 2915 2020 2967 bus
2062 2922 2191 2968 sunt
2243 2908 2526 2978 separati,
2557 2900 3023 2975 quemadmodum
3058 2912 3181 2967 qua:
3224 2895 3326 2949 sub
3372 2893 3506 2960 iugo

214 2994 494 3061 δισζύγιον
522 2992 776 3077 λέγεσθαι
821 2993 959 3061 ὅπερ
1013 2990 1327 3059 ὠνόμασται
1366 2986 1517 3057 παρὰ
1550 2984 1806 3046 Λατίνοις

1927 3001 2091 3077 sunt]
2141 3000 2463 3056 animantia.
2522 2994 2745 3052 Interim
2801 3003 2982 3047 tamen
3028 2990 3095 3044 de
3172 2985 3503 3055 coniugibus

220 3076 654 3158 ρεπούδιονῖΚαὶ
675 3083 951 3156 ἀνάγνωθι
978 3082 1188 3155 βιϐλίου
1227 3078 1272 3153 β’
1307 3080 1415 3135 τίτ.
1448 3076 1515 3151 β’,
1545 3094 1668 3149 κεφ.
1698 3073 1801 3149 ρβ¹.

231 3368 295 3422 'll
341 3367 383 3425 δῗ
466 3367 609 3423 διάτ.
665 3368 758 3422 τοῦ
786 3374 827 3421 o'
858 3368 961 3422 τίτ.
986 3366 1081 3420 τοῦ
1119 3372 1160 3419 ε’
1194 3365 1399 3436 βιϐλίου
1417 3362 1512 3417 τοῦ
1554 3362 1810 3426 κώδικος,

218 3463 336 3518 ἔστι
380 3479 509 3533 κεφ.
550 3460 634 3517 κα¹
691 3462 788 3516 τοῦ
829 3459 859 3515 ι’
909 3461 1015 3515 τίτ.
1045 3458 1141 3513 τοῦ
1172 3457 1251 3529 λη’
1283 3458 1490 3530 βιϐλίου
1533 3456 1626 3522 τὰ,
1670 3455 1812 3509 αὐτὰ

218 3557 379 3625 λέγον
406 3555 509 3609 ὅσα
536 3557 616 3620 είς
650 3554 901 3626 κείμενον
954 3553 1294 3624 ἐγράφησαν.
1328 3553 1402 3605 Τὸ
1430 3550 1509 3621 κβ¹
1534 3551 1674 3605 διάτ.
1714 3546 1808 3602 τοῦ

219 3647 267 3718 γ’
302 3649 411 3701 τίτ.
448 3646 544 3701 τοῦ
606 3644 683 3701 κδ’
744 3646 950 3718 βιϐλίου
982 3645 1095 3698 τῶν
1140 3644 1279 3699 διάτ.
1308 3642 1424 3696 ἔστι
1458 3642 1600 3713 θέμα
1618 3639 1684 3705 θ’,
1727 3637 1811 3710 ἰβ’

1914 3076 2080 3152 etiam
2115 3095 2222 3149 dici
2256 3091 2552 3159 διαζύγιον,
2586 3086 2736 3158 quod
2775 3084 2918 3154 apud
2947 3081 3173 3135 Latinos
3209 3076 3497 3147 repudium

1914 3195 2254 3259 nominatur,
2286 3186 2694 3260 legislatoribus
2723 3180 2947 3254 placuit.
2984 3178 3123 3251 [Qua
3154 3176 3221 3230 de
3244 3171 3326 3245 re]
3355 3171 3505 3242 legas

1913 3290 2009 3346 lib.
2044 3305 2108 3349 It.
2146 3302 2268 3357 cap.
2300 3283 2423 3338 102.

1986 3380 2276 3437 Schalium.
2336 3374 2578 3431 Consﬁt.
2646 3371 2681 3426 4
2730 3370 2813 3425 tit.
2865 3366 2933 3422 '70
2993 3364 3089 3418 lib.
3140 3376 3172 3413 v
3233 3358 3371 3414 Cod.
3420 3365 3506 3411 est

1915 3489 2034 3543 cap.
2083 3471 2176 3532 21,
2220 3471 2304 3524 tit.
2348 3467 2436 3532 10,
2486 3466 2579 3519 lib.
2649 3475 2858 3517 xxxvm
2898 3456 3045 3527 quod
3103 3451 3295 3507 eadem
3368 3448 3503 3502 dicit

1915 3539 2037 3635 qua:
2104 3564 2158 3617 in
2213 3569 2360 3615 textu
2443 3558 2650 3626 scripta
2708 3559 2860 3608 sunt.
2918 3548 3125 3617 Digest.
3196 3543 3268 3597 22
3329 3542 3413 3593 tit.
3471 3539 3507 3593 5

1914 3631 2011 3713 lib.
2046 3671 2170 3709 xxiv
2206 3653 2412 3722 Digest.
2445 3657 2530 3704 est
2576 3647 2756 3702 thema
2801 3642 2857 3708 9,
2897 3656 3020 3707 cap.
3051 3637 3145 3700 22,
3188 3634 3274 3690 tit.
3312 3632 3368 3698 8,
3403 3631 3499 3686 lib.

220 3764 325 3813 κεφ
348 3743 444 3797 τοῦ
471 3749 545 3813 η’,
578 3742 683 3797 τίτ.
699 3740 794 3795 τοῦ
818 3738 902 3811 κη’
925 3738 1130 3811 βιϐλίου
1158 3737 1266 3790 τῶν
1289 3735 1615 3800 Βασιλικῶν,
1638 3732 1806 3795 οὕτως

1927 3751 2086 3807 Basil.
2115 3765 2312 3812 xxvm,
2344 3743 2489 3815 quod
2532 3740 2720 3801 habet,
2748 3734 3029 3807 quomodo
3072 3732 3128 3786 in
3167 3736 3320 3783 textu
3371 3725 3508 3782 scri-

221 3836 344 3906 ἒχον
366 3834 445 3898 ὡς
476 3835 557 3897 είς
603 3831 662 3886 τὸ
697 3831 951 3902 κείμενον
1016 3830 1363 3900 ἐγράφησαν.
1396 3826 1545 3896 Πλὴν
1575 3826 1812 3895 γίνωσκε

220 3933 302 3986 ὃτι
329 3930 394 3983 τδ
422 3927 662 3983 τοιοῦτον
692 3945 818 3996 κεφ,
849 3924 1091 3998 ἀνῃρέθη
1136 3924 1241 3978 ὑπὸ
1290 3923 1393 3992 τῆς
1434 3919 1534 3991 ριζ¹
1597 3922 1810 3975 Ἰουστι·

1914 3856 2067 3920 ptum
2125 3852 2227 3899 est.
2278 3839 2665 3895 Verumtamen
2717 3833 2885 3894 scias,
2948 3826 3095 3898 quod
3154 3824 3289 3879 illud
3341 3828 3509 3890 caput.

1916 3909 2239 4004 abrogatum
2275 3930 2346 3985 sit
2396 3943 2425 3983 a
2484 3924 2703 3980 novella
2750 3917 3044 3975 Justiniani
3100 3914 3228 3978 117,
3281 3926 3404 3981 qum
3452 3909 3507 3962 in

222 4023 463 4079 νισινείου
492 4022 695 4093 νεαρᾶς
719 4020 821 4090 τῆς
848 4020 1110 4090 κειμένης
1148 4019 1206 4071 ὲν
1236 4015 1427 4087 βιϐλίῳ
1467 4012 1550 4085 κη’
1571 4008 1680 4067 τιῖἱν
1706 4013 1806 4066 Βα-

1927 4028 2011 4081 lib.
2046 4002 2216 4080 Dasil.
2249 4036 2441 4083 xxvm,
2468 4018 2553 4072 tit.
2590 4015 2643 4080 7,
2674 4013 2853 4085 posita
2882 4021 2988 4072 est,
3022 4016 3076 4061 et
3106 4002 3281 4078 [cum]
3308 4016 3507 4057 causas

223 4117 451 4172 σιλικῶν
474 4116 580 4169 τίτ.
624 4111 689 4180 ζ’,
723 4114 818 4167 καὶ
869 4110 1139 4179 λεγούσης
1189 4110 1287 4171 τὰς
1320 4108 1498 4168 αἰτίας
1535 4105 1599 4156 δι’
1632 4103 1697 4165 ἃς
1722 4105 1806 4172 ῥε-

1927 4120 1986 4173 bb
2021 4132 2159 4186 quas
2191 4113 2418 4183 repudia
2457 4110 2751 4165 mittuntur
2796 4108 3103 4161 recenseat,
3148 4097 3353 4151 nullam
3386 4094 3510 4167 ,[ta-

222 4209 441 4262 πούδιον
453 4206 752 4274 πέμπεται,
778 4204 875 4274 τῆς
892 4204 946 4256 δὲ
968 4200 1163 4271 μανίας
1190 4199 1326 4261 ὅλως
1358 4197 1432 4267 μὴ
1455 4191 1806 4265 ἐπιμνησθεί-

1927 4182 2070 4279 mon]
2101 4207 2329 4261 omnino
2350 4201 2553 4257 furoris
2587 4195 2922 4251 mentionem
2959 4189 3109 4245 facit.
3142 4188 3213 4241 At
3244 4201 3370 4239 vero
3401 4182 3508 4236 100

225 4319 347 4371 σης.
393 4301 456 4352 Ἡ
490 4300 672 4369 μέντοι
708 4294 752 4368 ρ’
785 4296 881 4349 καὶ
904 4298 986 4365 ρα¹
1015 4292 1188 4363 νεαρὰ
1201 4289 1298 4343 τοῦ
1328 4287 1590 4359 βασιλέως
1622 4286 1806 4356 κυρίου

1927 4311 1976 4357 et
2028 4276 2122 4355 illi
2166 4295 2517 4367 imperatoris
2562 4288 2752 4347 domui
2795 4284 2993 4341 Leonis
3038 4278 3353 4353 philosophi
3402 4276 3512 4330 No-

221 4349 455 4454 Λέοντος
615 4349 780 4456 σοφοῦ
803 4349 1132 4457 διορίζονταί
1157 4381 1248 4436 τὸν
1291 4349 1391 4452 μέν
1412 4349 1583 4447 ἄνδρα
1619 4349 1806 4447 καρτε-

1927 4393 2077 4448 vella:
2110 4397 2380 4453 statuunt,
2407 4395 2468 4441 ut
2498 4385 2581 4439 vir
2616 4380 2914 4438 triennium
2945 4377 3127 4440 duret,
3160 4387 3338 4444 neque
3367 4371 3511 4425 intra

226 4488 341 4557 ρείν
378 4483 472 4535 ἐπὶ
518 4479 733 4552 τριετίᾳ
763 4478 861 4532 καὶ
900 4479 1052 4541 ἐντὸς
1106 4474 1311 4546 ταύτης
1343 4473 1419 4544 μὴ
1455 4468 1695 4525 διαλύειν
1718 4468 1806 4540 rip

1927 4488 2083 4551 illud,
2140 4493 2429 4556 pOStquam
2487 4494 2627 4534 uxor
2672 4476 2858 4531 furere
2908 4469 3136 4542 coeperit
3189 4465 3509 4536 conjugium

224 4575 369 4647 μετὰ
425 4573 685 4643 γυναικὸς
740 4568 907 4625 αὐτοῦ
971 4569 1237 4641 μανείσης
1273 4565 1560 4634 συζυγίαν,
1616 4562 1719 4633 τὴν
1761 4562 1806 4616 δὲ

1927 4580 2176 4643 dirimat;
2210 4576 2407 4631 mulier
2440 4582 2647 4634 autem,
2681 4567 2784 4622 nisi
2807 4560 3247 4636 quinquennium
3276 4567 3511 4628 praeter-

220 4669 465 4738 γυναῖκα
484 4665 561 4736 μὴ
579 4662 1000 4733 διαζεύγνυσθαι
1028 4661 1123 4715 τοῦ
1150 4660 1413 4735 μανέντος
1433 4657 1625 4728 ἀνδρὸς
1647 4655 1806 4726 αὐτῆς

1927 4671 2066 4734 ierit,
2122 4685 2153 4724 a
2185 4667 2403 4722 furente
2435 4662 2636 4718 marito
2680 4673 2789 4713 non
2827 4663 3132 4726 separetur.
3166 4649 3338 4720 Legas
3365 4663 3510 4716 quo-

222 4763 272 4819 εί
309 4759 387 4831 μὴ
417 4757 667 4829 παρέλθῃ
684 4755 1001 4810 πενταετία.
1044 4751 1345 4822 Ἀνάγνωθι
1370 4751 1460 4803 καὶ
1489 4749 1590 4821 τὴν
1620 4747 1806 4819 νεαραη

1927 4781 2029 4835 que
2068 4762 2335 4817 novellam
2371 4754 2719 4827 imperatoris
2754 4747 2944 4805 domni
2992 4740 3286 4813 Nieephori
3338 4739 3505 4794 Beta-

221 4829 319 4909 τού
362 4829 631 4925 βασιλέως
664 4850 856 4923 κυρίου
888 4848 1205 4921 Νικηφόρου
1233 4845 1615 4899 Βοτανειὰτου.

1939 4829 2125 4919 niatte,
2157 4868 2280 4923 quae
2326 4851 2395 4907 de
2439 4846 2750 4903 furentibus
2795 4836 3119 4909 coniugibus
3159 4834 3352 4888 eadem
3396 4829 3510 4885 dis-

1923 4947 2079 5005 serit.

1994 5060 2150 5117 CAP.
2189 5057 2385 5113 XXXI.
2426 5087 2499 5098 —
2532 5055 2606 5109 De
2647 5053 2784 5107 laico
2826 5046 3302 5105 excommunicato,
3347 5049 3396 5094 et
3440 5038 3506 5093 ab

1923 5154 2093 5210 altero
2137 5163 2330 5223 praeter
2361 5150 2685 5206 voluntatem
2733 5144 2846 5215 ejus
2882 5143 2971 5214 qui
3011 5133 3507 5199 excommunicauit,

1924 5256 2150 5315 recepto.

298 5059 557 5114 ΚΕΦΑΔ.
587 5057 714 5111 AA'.
744 5084 811 5100 -—-
830 5055 972 5126 Περὶ
1000 5052 1217 5109 λατκοῦ
1235 5049 1693 5123 ἀφορισθέντος,
1719 5048 1819 5103 καὶ

225 5155 547 5226 δεχθέντος
590 5153 660 5218 ἐξ
706 5149 912 5220 ἐτέρου
952 5150 1113 5220 παρὰ
1169 5149 1413 5220 γνώμην
1456 5146 1564 5202 τοῦ
1614 5146 1824 5215 ἀφορί-

226 5268 472 5316 σαντος.

1993 5362 2382 5433 Apostolorum
2423 5374 2601 5417 canon
2650 5356 2736 5422 12,
2777 5354 2878 5421 13;
2922 5350 3137 5408 c0ucilii
3179 5343 3504 5402 Antiochcni

1924 5469 2098 5509 canon
2132 5454 2188 5507 6.

1993 5567 2147 5624 CAP.
2184 5566 2405 5622 XXXII.
2432 5597 2499 5609 —-—
2526 5565 2602 5621 De
2643 5564 2711 5621 iis
2759 5563 2847 5636 qui
2900 5558 3173 5617 Dominico
3229 5552 3508 5612 Sabbatire

1924 5665 2009 5720 die
2040 5663 2303 5733 iejunant.

309 5365 655 5422 Ἀποστόὶων
706 5363 885 5419 κανὼν
938 5362 1026 5437 ιβ’,
1063 5368 1164 5430 ιγ’·
1214 5359 1435 5415 συνόδου
1489 5357 1822 5429 Ἀντιοχείας

227 5460 404 5517 κανὼν
427 5459 502 5525 ς’.

298 5579 554 5633 ΚΕΦΑΛ.
587 5574 713 5631 AB’.
746 5606 814 5614 —
840 5574 979 5644 Περὶ
1032 5573 1151 5629 τῶν
1181 5574 1252 5627 ἐν
1291 5569 1562 5643 Κυριακῇ
1591 5569 1629 5642 ἣ
1670 5570 1820 5624 Σαϐ-

231 5680 386 5746 ἴιξτῳ
417 5676 864 5746 νηστευόντων.
