3928 6246
216 240 358 306 1217

1182 254 1677 323 NOMOCANON.
1718 289 1788 301 -
1826 264 1974 326 TIT.
2018 267 2176 342 XIV,
2218 270 2380 331 CAP.
2424 272 2621 334 l-VJI.

3375 277 3514 343 1218

212 356 323 417 καί,
347 355 452 426 κβ’,
515 364 624 424 κγ’,
685 365 761 413 κε’
785 376 797 389 ’
854 361 1141 418 Βασιλειου
1166 367 1348 421 κανὼν
1388 368 1458 433 ζ’,
1485 378 1561 441 η’,
1606 370 1692 439 ια’,
1723 372 1799 443 ιγ’,

1933 394 2029 432 non
2065 379 2158 443 2|,
2183 380 2274 445 2‘2,
2305 382 2396 445 ‘25,
2429 383 2528 451 QE);
2565 383 2751 439 Basilii
2787 398 2963 441 canon
3005 387 3059 452 7,
3091 388 3145 456 8,
3181 389 3269 457 Η,
3300 392 3388 455 15,
3417 394 3510 459 55,

209 447 315 515 λγ’,
344 456 455 519 μγ’,
486 448 587 521 νβ’,
614 452 706 518 νδ’,
729 450 825 520 νε’,
849 471 945 519 νς,
974 456 1051 521 νζ¹
1076 473 1091 488 ο
1112 458 1417 533 Γρηγορίου
1453 462 1675 536 Νύσσης
1706 484 1808 520 κα·-

209 538 323 594 νὼν
352 542 416 601 δ’.

282 654 538 713 ΚΕΦΑΛ.
566 661 640 714 Δ’.
667 690 738 702 -
760 665 904 734 Περὶ
935 667 1042 722 τοῦ
1074 669 1216 738 τοὺς
1236 672 1533 744 ἐπιτίμιον
1554 677 1804 733 ἀκοινω-

203 750 432 816 νησίας
480 753 738 823 ἔχοντας
788 760 1057 829 ὀφείλειν
1114 767 1427 822 κοινωνεῖν
1463 769 1806 841 μέλλοντας

202 842 523 912 τελευτᾷν,
558 848 659 901 καὶ
710 851 768 903 τί
799 853 1049 920 γίνεται,
1090 855 1200 911 ἐὰν
1222 856 1323 914 διὰ
1347 860 1526 917 τοῦτο
1540 870 1804 934 μεταλα-

204 939 419 1005 ϐόντες
434 940 521 1009 μὴ
542 940 911 1001 ἀποθάνωσι.

272 1055 508 1109 Συνόδου
561 1058 798 1126 Νικαίας
845 1063 1025 1118 κανὼν
1056 1072 1159 1135 ιγ”

203 1145 395 1200 κανὼν
420 1153 487 1203 ε’.

274 1261 531 1315 ΚΕΦΛΛ.
562 1264 640 1319 E’.
666 1296 736 1308 —
760 1270 901 1338 Περὶ
935 1270 1044 1325 τοῦ
1076 1272 1539 1346 ὀνείρασθέντος
1598 1280 1637 1349 ἣ
1679 1282 1799 1337 ἀπὸ

200 1354 415 1422 κοίτης
452 1353 562 1424 τῆς
604 1358 761 1426 ιδίας
800 1361 1064 1432 γαμετῆς
1121 1365 1301 1434 ὄντος
1360 1372 1458 1424 καὶ
1517 1372 1803 1443 θέλοντος

199 1447 595 1516 κοινωνῆσαι,
620 1451 721 1504 καὶ
750 1454 929 1521 ποίας
948 1456 1174 1526 ἡμέρας
1190 1458 1410 1533 δεῖτ-ῆς
1430 1465 1581 1534 πρὸς
1604 1466 1765 1537 ἀλλιῇ
1786 1498 1800 1509 -

197 1539 355 1604 λους
374 1539 599 1608 μίξεως
619 1541 720 1597 διὰ
752 1544 932 1602 τοῦτο
963 1548 1317 1619 ἀπέχεσθαι.

268 1650 553 1705 Διονυσίου
586 1653 655 1707 ὲκ
684 1655 784 1726 τῆς
811 1658 948 1729 πρὸς
1000 1661 1321 1737 Βασιλείδην
1364 1667 1656 1745 ἐπιστολῆς
1690 1691 1797 1729 κα-

194 1739 307 1796 νὼν
336 1742 410 1809 γ’,
440 1743 515 1796 δ’·
549 1746 817 1817 Τιμοθέου
851 1752 1032 1807 κανὼν
1054 1754 1117 1823 ε’,
1151 1756 1242 1828 ιβ’,
1282 1766 1371 1830 ιγ’.

1245 1068 1547 1142 Γρηγορίου
1579 1074 1660 1127 Νύ
1670 1091 1805 1146 σσης

266 1858 529 1953 ΙξΕΦΑΛγ.
581 1866 673 1931 ς’.
704 1895 775 1905 -
814 1866 949 1936 Πῶς
976 1870 1201 1941 γίνεται
1256 1880 1577 1949 προσφορὰ
1642 1882 1797 1953 ὑπὲρ

194 1946 309 2003 τοῦ
338 1950 561 2006 ἑαυτὸν
588 1954 940 2026 ἀνελόντος.

267 2042 546 2112 Τιμοθέου
577 2048 758 2101 κανὼν
789 2050 871 2104 ιδ’.

266 2157 530 2212 ΚΕΦΑΛ.
561 2158 635 2215 Z'.
667 2194 739 2204 —
768 2166 906 2233 Περὶ
938 2169 1047 2223 τοῦ
1081 2170 1335 2240 ἔχοντος
1373 2177 1642 2247 γαμετὴν
1669 2181 1801 2236 δαι-

189 2248 597 2323 μονιζομένην
658 2255 759 2310 καὶ
797 2258 897 2313 διὰ
940 2261 1117 2317 τοῦτο
1146 2265 1433 2335 θέλοντος
1458 2269 1660 2342 ἄλλην
1686 2277 1798 2331 λα-

197 2342 354 2397 ϐεῒν.

273 2434 544 2505 Τιμοθέου
572 2440 753 2497 κανὼν
775 2443 880 2507 ιε’.ξ

274 2532 557 2598 Σχόλιον.
618 2536 756 2608 Περὶ
820 2540 913 2594 τοῦ
955 2544 1224 2613 παρόντος
1284 2567 1413 2620 κεφ.
1473 2552 1796 2625 ἐγράψαμεν

191 2622 519 2693 ἀρκούντως
554 2628 612 2681 ὲν
636 2629 715 2701 τῷ
743 2632 786 2685 λ’
839 2651 965 2705 κεφ.
999 2638 1094 2692 τοῦ
1136 2639 1205 2709 ιγ’
1233 2643 1341 2698 τίτ.
1384 2644 1482 2699 τοῦ
1525 2648 1795 2719 παρόντος

195 2716 607 2787 συντάγματος,
639 2724 733 2777 καὶ
758 2725 1033 2797 ἀνάγνωθι
1065 2731 1166 2797 τὰς
1200 2737 1282 2799 εἰς
1300 2736 1364 2789 τὸ
1393 2716 1617 2808 σκόλιον.
1631 2742 1794 2797 τοῦτο

195 2808 639 2899 συνωψισθείσας
666 2816 865 2889 νεαρὰς
918 2820 1015 2874 τοῦ
1045 2822 1311 2892 βασιλέως
1336 2829 1532 2899 κυρίου
1563 2831 1794 2899 Λέοντος

193 2898 296 2951 τοῦ
328 2900 644 2974 φιλοσόφου,
674 2908 770 2961 καὶ
800 2911 923 2964 κατ’
957 2914 1174 2980 ὲκείνας
1202 2916 1328 2988 λέγε
1371 2898 1439 2975 τὰ
1461 2923 1571 2976 τῶν
1600 2923 1792 2997 δαιμοο

195 2991 421 3049 νώντων
443 2995 689 3066 γίνεσθαι
716 3000 995 3075 διαζύγια.

1912 472 2005 539 45,
2036 473 2127 541 52,
2155 474 2246 540 54,
2273 476 2363 543 55,
2392 477 2483 542 56,
2517 478 2606 545 5Ἱ;
2639 478 2890 550 Gregorii
2927 480 3159 553 Nysseni
3193 499 3368 539 canon
3410 488 3463 541 4.

1908 682 1930 740 ἵ
1981 680 2137 738 CAP.
2179 681 2267 739 IV.
2303 713 2372 723 —-
2410 682 2479 740 Ut
2513 687 2604 757 qui
2638 688 2695 741 in
2736 704 2942 756 paznam
2986 692 3510 749 incommunicabili-

1911 780 2040 832 tatis
2090 779 2441 845 inciderunt,
2490 784 2742 837 morituri
2820 788 3210 849 communicare
3262 790 3507 857 debeant,

1908 880 1957 925 et
1991 870 2118 941 quid
2148 872 2266 940 ﬁat,
2310 875 2356 928 si
2405 886 2685 944 postquam
2724 878 2839 931 ideo
2882 882 3361 947 communicarunt,
3404 899 3509 936 non

1910 963 2231 1016 moriantur.

1978 1073 2211 1131 Coucilii
2246 1074 2455 1133 Nicaeni
2489 1092 2666 1134 canon
2715 1079 2812 1147 i5;
2850 1079 3095 1154 Gregorii
3143 1083 3374 1155 Nysseni
3417 1102 3506 1141 ca-

1906 1180 2017 1221 non
2052 1167 2105 1221 5.

1977 1276 2133 1332 CAP.
2180 1278 2243 1334 V.
2273 1311 2344 1321 —
2372 1280 2450 1337 De
2483 1298 2543 1336 eo
2568 1284 2655 1337 cui
2687 1285 2741 1339 in
2791 1288 2993 1341 somnis
3044 1304 3221 1344 semen
3263 1291 3508 1361 ﬂuxerit,

1904 1377 1953 1424 et
1975 1370 2041 1425 de.
2062 1389 2121 1426 eo
2145 1375 2237 1443 qui
2259 1373 2323 1426 ab
2338 1390 2502 1429 uxore
2519 1392 2617 1429 sua
2640 1378 2876 1444 secubat,
2898 1380 3073 1434 volens
3093 1387 3505 1450 communicare,

1905 1469 1957 1515 et
1986 1478 2089 1531 quo
2131 1464 2217 1517 die
2269 1475 2486 1535 propter
2508 1466 2605 1521 hoc
2636 1486 2668 1521 a
2696 1480 2886 1525 mutua
2940 1474 3184 1529 mixtione
3215 1474 3508 1549 [conjuges]

1903 1554 2131 1611 debeant
2166 1556 2452 1615 abstinere.

1984 1666 2232 1740 Dionysii
2260 1685 2329 1725 ex
2371 1672 2607 1742 epistola
2655 1675 2721 1729 ad
2775 1675 3070 1734 Basilidem
3119 1696 3293 1736 canon
3343 1687 3395 1751 5,
3429 1686 3502 1751 4;

1840 1786 1881 1841 Β
1910 1760 2184 1817 Timothei
2216 1780 2394 1820 canon
2424 1767 2477 1832 5,
2514 1766 2600 1835 1‘2,
2636 1769 2722 1823 15.

1977 1872 2133 1929 CAP.
2176 1875 2365 1930 VL—
2404 1878 2712 1951 Quomodo;
2747 1881 2945 1936 oblatio
2993 1883 3095 1953 ﬁat
3147 1902 3243 1954 pro
3298 1903 3358 1941 eo
3415 1889 3507 1959 qui

1907 1970 2137 2039 seipsum
2171 1970 2459 2027 interemit.

1979 2060 2251 2119 Timothei
2286 2080 2464 2121 canon
2500 2066 2589 2122 M.

1978 2174 2130 2232 CAP.
2172 2176 2287 2233 VII.
2311 2208 2385 2218 —
2408 2179 2481 2235 De
2509 2196 2569 2235 eo
2595 2182 2686 2252 qui
2714 2197 2934 2237 uxorem
2960 2182 3199 2239 daemone
3230 2185 3501 2241 obsessam

1908 2265 2088 2336 habet,
2117 2284 2181 2323 ac
2210 2279 2491 2341 propterea
2519 2272 2689 2328 aliam
2717 2274 2910 2330 ducere
2940 2274 3070 2332 rult.

1974 2450 2245 2510 Timothei
2277 2471 2453 2511 canon
2475 2457 2563 2513 15.

1966 2541 2260 2601 Scholium.
2288 2546 2361 2601 De
2385 2557 2651 2617 prasente
2680 2564 2802 2621 cap.
2831 2551 3163 2608 sufﬁcienter
3178 2554 3504 2626 scripsimus

1897 2635 1953 2690 in
1993 2652 2117 2708 cap.
2157 2638 2226 2693 50
2265 2640 2350 2694 tit.
2375 2642 2440 2695 15
2483 2646 2768 2711 praesentis
2799 2646 3001 2715 operis.
3026 2646 3085 2701 In
3112 2648 3270 2717 cujus
3292 2651 3504 2705 scholio

1896 2731 2283 2802 compendiose
2321 2736 2629 2804 propositas
2678 2739 3026 2807 imperatoris
3056 2740 3246 2796 domni
3298 2743 3503 2800 Leonis

1896 2826 2205 2897 philosophi
2239 2826 2490 2885 Novellas
2524 2830 2691 2901 legas,
2721 2840 2776 2887 et
2802 2834 3105 2890 secundum
3153 2850 3250 2893 eas
3294 2838 3503 2893 daemo-

1896 2920 2003 2976 niis
2031 2921 2382 2978 obsessorum
2416 2923 2650 2981 divortia
2678 2926 2796 2981 ﬁeri
2830 2925 3003 2983 dicas.
