3928 6246
425 283 564 353 1219

1622 275 1889 338 ΡΗΟΤΙΙ
1929 272 2439 337 ΡΑΤΒΙΑΒΟΗᾹΞ
2478 272 2591 333 CP.

2724 400 3692 414 ———————---——.__..

1893 447 2703 459 ....--4....___.__—-——-——-—
2731 444 3295 455 -._____-.__.__.
3320 443 3363 451 ο

1307 584 1739 675 ΦΩΤΙΟΥ
1774 582 2017 679 ιΤΟΥ
2061 575 2797 670 ’ΠΑΤΡΙΑΡΧΟΥ

1155 772 2357 965 ΕΡΩΤΗΜΑΤΑ
2480 770 3002 908 ΔΕΚΑ

1549 1016 1688 1070 ΣΥΝ
1739 1013 1919 1069 ΙΣΑΙΣ
1963 1011 2125 1065 ΤΑΙΣ
2154 1009 2595 1065 ΑΠΟΚΡΙΣΕΣῙ.

1420 1353 1848 1446 ΡΗΟΤΙΙ
1932 1350 2728 1444 ΡΑΤΒΙΑΠΟΙΙΔΞ

742 1577 941 1732 IN
959 1572 2593 1732 TERROGATIONES
2736 1572 3383 1728 DECEM

1392 1846 1557 1908 CUM
1613 1845 1985 1908 TOTIDEM
2036 1840 2748 1907 RESPONSIONIBUS.

1946 2166 2201 2220 ΦΩΤΙΟΥ

423 2322 539 2380 Τοῦ
578 2323 1295 2395 ἀγιωτάτουᾼπατριίὶρχου
1328 2324 1696 2393 συναγωγαὶ,
1734 2323 1832 2395 καὶ
1873 2321 2215 2395 ἀποδείξεις
2273 2319 2533 2395 ἀκρισεζς
2579 2319 3027 2395 συνηλεγμένειι
3088 2318 3315 2395 ,ἐκ-τῶν
3348 2318 3705 2395 οξυνοὸικῷν

496 2396 595 2448 καὶ
626 2390 979 2462 ’ἱστορικῶν
1029 2390 1273 2465 γραφῶν
1341 2394 1476 2462 περὶ
1502 2390 1892 2460 ἐπισκόπων,
1959 2393 2059 2447 καὶ
2104 2391 2593 2463 μητροπολιτῶν,
2654 2391 2757 2445 καὶ
2806 2390 3037 2445 λοιπῶν
3093 2390 3311 2459 ἐτέρων
3357 2392 3715 2462 ἀναγκαίων

493 2465 862 2535 ζητημάτων.

1881 2576 2193 2641 ΡΗΟΤΙΙ

419 2748 821 2829 Sanctissimi
852 2747 936 2829 (1)
972 2747 1356 2829 patriarchae
1399 2748 1823 2823 collectiones,
1876 2757 2307 2828 accuratwque
2364 2746 2945 2829 demonstrationes
2992 2748 3066 2809 de
3116 2749 3431 2829 episcopis
3482 2761 3537 2811 et
3578 2770 3711 2811 me-

506 2826 858 2907 tropolitis,
882 2826 936 2889 et
958 2826 1227 2907 reliquis
1255 2830 1402 2891 aliis
1432 2832 1809 2892 necessariis
1844 2826 2295 2908 quwstiomlius
2339 2847 2421 2890 ex
2448 2828 2798 2907 synodicis,
2830 2839 2888 2891 et
2929 2826 3255 2892 historicis
3282 2826 3711 2892 monumenti:

504 2917 841 2986 excerpta.

913 3051 1431 3111 INTERROGATIO
1470 3054 1513 3111 ι.

420 3167 667 3235 Quanam
694 3167 748 3221 in
781 3184 835 3221 re
862 3183 1010 3222 secus
1048 3184 1208 3236 quam
1236 3169 1437 3222 rationi
1467 3178 1875 3224 consentaneum
1904 3176 2004 3234 est,

844 3237 1076 3293 Romani
1104 3241 1271 3308 egisse
1288 3241 1579 3310 apparent?

1007 3352 1417 3410 RESPONSlO.

493 3464 609 3520 Sub
650 3463 977 3520 Constantio
1028 3465 1279 3521 Liberius
1315 3465 1505 3520 Romae
1545 3466 1837 3537 episcopus
1883 3473 2009 3536 post

420 3555 658 3610 reditum
682 3556 751 3609 ab
772 3556 989 3616 exsilio.
1026 3556 1149 3612 lidei
1180 3558 1231 3611 in
1256 3558 1546 3612 Antiochia
1579 3558 1840 3628 expositae
1866 3558 2007 3614 scri-

419 3657 513 3718 pto
537 3647 833 3703 consensit.
869 3646 1111 3704 Seorsim
1146 3664 1276 3704 vero
1330 3649 1453 3705 ﬁdei
1492 3649 1886 3720 professionem
1939 3651 2008 3704 ab

421 3739 613 3793 eodem
653 3747 979 3808 receperunt
1008 3737 1245 3794 Basilius
1293 3742 1554 3811 Ancyrae,
1604 3750 1658 3795 et
1690 3739 2008 3796 Eustathius

423 3828 690 3885 Sebastia:
708 3831 973 3900 episcopi,
993 3846 1149 3902 aeque
1168 3848 1233 3887 ac
1255 3832 1530 3897 Eleusius,
1558 3849 1665 3904 qua
1703 3834 2007 3889 secundum

420 3918 602 3973 omnia
636 3919 873 3974 similem
912 3919 1061 3975 Patri
1100 3921 1297 3977 Filium
1332 3940 1438 3978 non
1470 3938 1594 3980 esse
1627 3934 2008 3980 asseverantes

419 4012 740 4075 damnabat,
772 4021 827 4068 et
871 4014 1233 4071 nihilominus
1280 4017 1348 4071 ab
1379 4031 1574 4070 eorum
1617 4018 2009 4073 communione

421 4122 530 4161 non
562 4106 810 4161 secessit.
845 4105 951 4162 Sed
983 4118 1038 4163 et
1073 4107 1221 4164 Felix
1260 4110 1313 4164 in
1346 4110 1466 4181 ejus
1506 4110 1685 4165 locum
1718 4110 2006 4176 suffectus,

417 4197 716 4268 sedemque
740 4214 848 4252 una
882 4215 1003 4255 cum
1034 4199 1256 4255 Liberio
1286 4218 1479 4272 regens
1505 4213 1795 4273 postquam
1828 4205 1917 4259 hic
1939 4205 2009 4271 ab

418 4288 615 4342 exsilio
649 4289 834 4355 rediit,
879 4291 1282 4347 ordinationem
1342 4295 1412 4349 ab
1457 4296 1730 4353 haereticis
1774 4301 2005 4369 accepit,

417 4387 476 4433 et
503 4394 624 4434 cum
650 4381 730 4435 eis
760 4381 931 4437 libere
962 4386 1411 4442 communionem
1449 4389 1711 4443 servavit.
1740 4389 2007 4447 Praeterea

2039 3084 2086 3142 A

2704 3054 3044 3109 ΕΡΩΤΗΣΙΣ
3068 3056 3146 3111 A'.

2128 3166 2235 3220 Ἐν
2284 3167 2436 3234 ποίῳ
2504 3168 2825 3236 φαίνονται
2888 3168 3265 3239 πεπραχότες
3309 3170 3365 3222 οἱ
3430 3166 3711 3239 Ῥωμαῖοι

2719 3238 3077 3306 παραλόγως
3113 3255 3134 3305 ;

2715 3351 3114 3407 ΑΠΟΚΡΙΣΙΣ.

2199 3459 2322 3515 Ἐπὶ
2353 3460 2737 3516 Κωνσταντίου
2759 3462 3013 3535 Λιόἐριος
3044 3462 3306 3535 ὀῬώμης
3341 3466 3482 3536 μετὰ
3512 3468 3614 3536 τὴν
3644 3469 3710 3521 ἐκ

2115 3553 2215 3623 τῆς
2246 3552 2541 3624 ὑπερορίας
2573 3552 2834 3607 ἐπάνοδον
2860 3594 2876 3620 ,
2900 3557 2967 3624 τῇ
2994 3554 3054 3607 ὲν
3090 3554 3392 3626 Ἀντιοχείᾳ
3419 3557 3709 3628 ὲκτεθείσῃ

2116 3643 2298 3697 πίστει
2332 3643 2628 3714 ἐγγράφως
2663 3644 2974 3716 συνῄνεσεν.
3020 3646 3242 3719 Ἐμέρει
3274 3647 3332 3701 δὲ
3376 3652 3473 3702 καὶ
3514 3650 3711 3719 ὁμολο-

2115 3737 2243 3804 γίαν
2274 3736 2406 3807 παρ’
2434 3735 2601 3789 αὑτοῦ
2626 3739 2924 3807 ἐκομίσατο
2954 3737 3232 3803 Ιιασιλείός
3266 3758 3325 3793 τε
3350 3742 3378 3794 ὁ
3406 3742 3706 3811 Ἀγκύρας,

2116 3832 2211 3885 καὶ
2252 3829 2551 3894 Εὐστάθιος
2576 3832 2604 3884 ὁ
2636 3831 3002 3898 Σεϐαστείας,
3035 3833 3115 3886 ἔτι
3142 3850 3207 3903 γε
3242 3834 3350 3907 μὴν
3380 3837 3475 3889 καὶ
3523 3837 3710 3890 Ἐλεύ-

2117 3943 2253 3990 σιος.
2290 3924 2782 3996 ἁποκηρύττουσαν
2826 3927 2957 3989 τοὺς
2992 3924 3069 3998 μὴ
3112 3927 3255 3980 κατὰ
3304 3925 3487 3981 πάντα
3517 3927 3709 3998 ὅμοιον

2115 4018 2193 4091 τῷ
2228 4019 2405 4091 Πάτρι
2434 4020 2528 4073 τὸν
2551 4020 2679 4074 Υἱδν
2711 4020 2974 4088 λέγοντας
2995 4063 3010 4087 ,
3056 4022 3151 4075 καὶ
3191 4022 3290 4092 τῆς
3328 4023 3621 4086 κοινωνίας
3649 4022 3711 4076 δὲ

2117 4110 2298 4165 αὐτῶν
2324 4111 2387 4165 οὐ
2414 4110 2678 4167 διΐστατο.
2724 4111 2888 4165 Ἀλλὰ
2949 4113 3043 4166 καὶ
3088 4113 3256 4184 Φῆλιξ
3295 4116 3324 4168 ὁ
3366 4114 3483 4167 ἀντ’
3533 4113 3706 4168 αὐτοῦ

2117 4202 2539 4274 χειροτονηθεὶς,
2570 4201 2799 4274 ὕστερον
2847 4203 2989 4272 μετὰ
3030 4204 3091 4258 τὸ
3140 4206 3205 4258 ἐκ
3254 4204 3355 4274 τῆς
3406 4204 3710 4276 ὑπερορίας

2117 4296 2282 4350 αὐτὸν
2311 4295 2631 4350 ἐπανελθεῖν
2678 4296 2772 4349 τὸν
2803 4294 2993 4367 θρόνον
3034 4296 3185 4367 αὐτῷ
3222 4297 3549 4361 συνδιέπων,
3600 4298 3709 4350 ὐπδ

2117 4388 2412 4460 αἱρετικῶν
2459 4388 2867 4458 ἐχειροτονήθη,
2895 4389 2991 4441 καὶ
3025 4388 3233 4453 τούτοις
3266 4389 3444 4453 ἀδεῶς
3473 4388 3707 4442 ἐκοινώ-

419 4486 545 4541 quae
580 4474 724 4543 apud
775 4474 1160 4548 Carthaginem
1197 4480 1267 4534 ab
1295 4482 1571 4552 episcopis
1597 4484 1691 4553 qui
1721 4484 1832 4539 illic
1870 4500 2006 4539 con-

2120 4498 2213 4535 νει.
2239 4482 2382 4550 Πρὸς
2411 4474 2492 4543 οἷς
2523 4481 2621 4533 καὶ
2646 4481 2713 4534 τὰ
2746 4482 2803 4534 ὲν
2836 4481 3169 4552 Καρθαγένῃ
3190 4482 3311 4535 κατ’
3335 4482 3518 4535 αὐτῶν
3549 4481 3709 4551 παρὰ

418 4574 685 4619 venerant
723 4566 986 4623 adversus
1020 4579 1315 4641 utrumque
1351 4582 1503 4643 gesta
1567 4572 1755 4641 fuere,
1814 4589 2008 4629 eorum

416 4653 585 4707 animi
618 4653 1011 4724 inﬁrmitatem,
1065 4660 1350 4731 malosque
1403 4662 1566 4717 simul
1619 4678 1800 4718 mores
1831 4672 1886 4717 et
1912 4664 2009 4718 do-

418 4746 662 4801 minandi
684 4746 967 4804 libidinem
996 4759 1121 4821 apte
1154 4752 1509 4824 redarguunt.
1541 4754 1829 4808 Canonum
1857 4753 2003 4808 enim

417 4839 733 4894 sanctiones
780 4840 913 4910 ipsis
977 4844 1388 4912 astipulantur,
1442 4856 1501 4900 ut
1556 4857 1609 4901 ct
1646 4847 2004 4916 sequentibus

418 4931 756 5001 temporibus
792 4935 949 4989 alteri
980 4933 1145 4992 Felici
1186 4936 1436 4993 Romano
1465 4940 1744 5010 episcopo,
1779 4941 1871 5011 qui
1904 4938 2007 4996 Ze—

418 5038 561 5079 none
585 5025 887 5096 imperanle
915 5030 1153 5096 vivebat,
1190 5042 1248 5086 ut
1275 5041 1462 5101 aperte
1488 5035 1765 5106 colligitur
1800 5050 1866 5088 ex
1914 5036 2005 5088 lit-

414 5115 545 5169 teris
589 5116 659 5169 ab
705 5117 826 5187 ipso
866 5121 931 5173 ad
981 5120 1239 5176 Vitalium
1292 5134 1346 5177 et
1384 5124 1663 5181 Emesium
1716 5128 2006 5198 episcopos

415 5208 658 5277 scriptis,
687 5211 779 5280 qui
812 5212 977 5266 etiam
1014 5216 1082 5267 ab
1114 5215 1232 5286 ipso
1248 5215 1786 5289 Constantinopolim
1814 5220 2009 5276 adver-

415 5313 510 5352 sus
544 5301 804 5355 Acacium
840 5304 994 5358 missi
1046 5303 1285 5360 fuerant.
1359 5306 1416 5362 1n
1453 5324 1515 5363 ea
1566 5311 1711 5364 enim
1775 5312 2006 5381 epistola

417 5402 684 5444 canonem
733 5392 1005 5449 dicentem
1041 5395 1299 5452 Romana:
1359 5400 1511 5454 urbis
1569 5402 1892 5474 episcopum
1951 5404 2006 5458 in

415 5496 745 5555 unaquaque
775 5488 985 5557 synodo
1015 5505 1326 5559 snprcmam
1360 5494 1720 5549 conlirmamli
1767 5506 2005 5565 potesta-

482 5639 558 5722 (1)
598 5639 832 5722 ilonoris
886 5661 1083 5722 nomen
1142 5658 1197 5702 et
1251 5648 1569 5717 dignitatis,
1614 5667 1721 5705 non
1779 5652 1999 5722 pictatis

411 5718 569 5777 putes
599 5711 702 5768 hoc
728 5729 893 5783 penes
912 5715 1153 5785 Graecos,
1181 5738 1209 5773 a
1234 5711 1436 5789 quibus
1464 5723 1530 5776 ad
1560 5711 1665 5778 nos
1699 5711 1989 5793 deiiravrt,

2115 4572 2223 4626 τῶν
2246 4574 2362 4626 ἐκεῖ
2385 4572 2826 4644 συνεληλυθότων
2854 4573 3192 4644 πραχθέντα,
3219 4573 3422 4637 ἱκανῶς
3454 4574 3515 4626 τὸ
3540 4572 3708 4625 ἀσθεο

2114 4666 2203 4728 ve;
2232 4665 2414 4718 αὐτῶν
2436 4707 2450 4729 ,
2484 4665 2580 4717 καὶ
2618 4665 2963 4734 κακότροπον
2998 4664 3114 4734 ἅμα
3160 4664 3253 4717 καὶ
3288 4664 3555 4735 φίλαρχον
3598 4665 3709 4716 ἀπ-

2115 4758 2349 4827 ελέγχει.
2384 4756 2721 4827 Πράττονται
2760 4758 2871 4828 γὰρ
2898 4758 3082 4820 αὐτοῖς
3108 4759 3202 4810 καὶ
3239 4756 3487 4819 κανόνες,
3516 4754 3709 4825 ὥσπερ

2116 4852 2214 4905 καὶ
2249 4850 2477 4922 ὕστερον
2506 4850 2585 4920 τῷ
2618 4851 2790 4921 ἑτέρῳ
2820 4849 3015 4920 Φήλικι
3047 4848 3125 4918 τῷ
3153 4848 3393 4918 Ῥώμης,
3425 4847 3485 4909 ὃς
3513 4842 3583 4917 ἦν
3613 4849 3710 4899 ἐπὶ

2115 4945 2386 5012 Ζήνωνος,
2411 4942 2595 5006 καθὼς
2618 4942 2874 5015 δηλοῦται
2903 4941 2993 4995 διὰ
3022 4940 3131 4994 τῶν
3155 4940 3291 5012 πρὸς
3320 4938 3591 5003 Βιτάλιον,
3614 4942 3709 4992 καὶ

2128 5035 2381 5105 Ἐμέσιον
2409 5036 2534 5099 τοὺς
2571 5036 2911 5098 ἐπισκόπους
2950 5033 3274 5106 γραφέντων
3305 5032 3477 5086 αὐτοῦ
3523 5049 3709 5101 γραμ-

2116 5128 2327 5199 μάτων,
2369 5128 2419 5181 οἳ
2466 5130 2562 5182 καὶ
2616 5128 2747 5200 παρ’
2798 5127 2965 5181 αὑτοῦ
3027 5131 3085 5182 ὲν
3128 5124 3709 5181 Κωνσταντινουπὸλει

2118 5218 2255 5291 πρὸς
2298 5220 2553 5274 Ἀκάκιον
2580 5220 3009 5291 ἀπεστάλησαν
3042 5218 3276 5280 ἀναιδῶς
3308 5218 3418 5287 γὰρ
3450 5219 3570 5269 ἐκεῖ
3614 5218 3708 5267 τὸν

2115 5314 2321 5367 κανόνα
2362 5314 2455 5367 τὸν
2487 5313 2719 5382 λέγοντα
2757 5313 2848 5367 τὸν
2886 5314 3109 5384 Ῥώμης
3148 5312 3450 5366 ἐπίσκοπον
3483 5312 3542 5363 ἐν
3579 5309 3709 5362 ὲκάο

2118 5421 2219 5479 στῃ
2251 5406 2455 5477 συνόδῳ
2483 5406 2545 5460 τὸ
2582 5405 2755 5477 κῦρος
2791 5406 2964 5476 ἔχειν,
2995 5406 3097 5476 τῆς
3153 5405 3211 5457 ὲν
3241 5403 3451 5474 Νικαίᾳ
3485 5402 3704 5455 συνόδου

2118 5496 2261 5553 εἶναι
2304 5502 2691 5570 ἀποφαίνεται.
2737 5501 2900 5554 Ἀλλὰ
2958 5501 3053 5554 καὶ
3103 5497 3358 5569 Ὀνώριος
3401 5499 3429 5551 ὁ
3483 5495 3706 5566 Ῥώμης

2106 5672 2280 5782 eqque
2300 5658 2466 5713 etiam
2495 5672 2641 5715 nunc
2669 5657 3066 5729 compellamus
3092 5655 3355 5711 Romana:
3378 5654 3532 5711 urbis
3554 5656 3703 5723 pun-

2106 5732 2142 5781 ti
2168 5731 2332 5782 icem.

2105 5731 2332 5784 tilicem.
