3928 6246
236 224 372 290 1:321

1423 221 2154 284 INTERROGATIONES
2192 224 2369 285 Ι-ΙΙῘ.

3402 223 3538 290 1222

229 347 327 417 τὴν
357 344 464 399 τῶν
486 344 884 416 Μονοθελητῶν
914 342 1308 414 ἀσπασάμενος
1334 344 1571 413 αἰρεσιν,
1594 344 1694 411 τῆς
1719 342 1816 394 τῶι

1937 349 2043 396 tem
2075 342 2296 406 habere,
2329 341 2564 397 Nicacnae
2589 341 2793 414 synodi
2812 356 2934 399 esse
2960 324 3311 413 impudenter
3339 344 3531 399 decla-

227 437 535 509 ἀρχιερέων
565 441 733 509 τιμῆς
752 478 769 503 ,
798 439 1015 509 καὶτῆς
1047 435 1157 490 τῶν
1188 437 1398 490 πιστῶν
1430 436 1827 507 ἀποϐέϐληται.

241 532 405 585 Ἀλλά
456 532 552 587 καὶ
580 534 613 604 ή
649 535 707 586 ἐν
734 534 976 605 Σαρδικῇ
1028 533 1249 598 σύνοδος
1278 534 1464 588 Ὀσιον
1495 533 1697 605 ἔχουσα
1734 533 1830 585 τὸν

226 626 395 679 τόπον
446 626 715 696 ἐπέχοντα
759 624 980 698 Ῥώμης
1011 668 1025 693 ,
1066 626 1159 680 τὸν
1211 626 1489 699 αἱρετικὸν
1538 624 1829 680 ἐδικαίωσε

226 717 579 788 Μάρκελλον.

794 943 1133 999 ΕΡΩΤΗΣΙΣ
1191 944 1265 998 B'.

227 1038 487 1122 Πόσους(
524 1057 623 1111 καὶ
680 1058 897 1124 ποίους
951 1060 1065 1112 οὐκ
1118 1056 1407 1121 ἐδέξαντο
1452 1058 1509 1110 οἱ
1561 1055 1830 1123 Ῥωμαῖοι

300 1127 491 1197 ὀρθῶς
519 1128 893 1199 πατριάρχας
916 1146 931 1160 ·
966 1128 1151 1182 οὐδὲν
1179 1128 1249 1181 δὲ
1287 1129 1326 1196 ἠ
1380 1127 1829 1195 ἀπερίσκεπτος

300 1199 504 1253 αὐτῶν
526 1199 799 1269 ἔϐλαψεν
827 1199 1053 1265 αὐτοὺς
1090 1199 1449 1268 ἀποστροφή
1483 1215 1501 1261 ;

799 1332 1198 1389 ΑΠΟΚΡΙΣῙΣ.

296 1447 601 1501 Φλαυιανδν
656 1446 750 1501 τὸν
789 1446 1123 1517 Ἀντιοχείας
1183 1448 1335 1517 τρεῖς
1394 1447 1480 1516 ἐφ’
1538 1446 1668 1518 ἑξῆς
1728 1448 1829 1520 τῆς

238 1538 464 1609 Ῥώμης
510 1539 613 1592 οὐκ
655 1537 927 1604 ἐδέξαντο,
961 1538 1076 1592 ἀλλ’
1134 1538 1258 1593 οὐδὲ
1306 1538 1659 1610 Ἀλέξανδρος
1696 1541 1828 1594 Θεό-

225 1630 383 1699 φιλος
412 1630 536 1684 κατ’
566 1630 774 1703 ἀρχάς’
830 1629 1061 1701 ὕστερον
1087 1631 1146 1685 δὲ
1179 1630 1361 1686 αὐτῶν
1393 1634 1421 1685 6
1449 1632 1633 1704 τρίτος
1670 1632 1825 1704 μόλις

1936 444 2110 490 ratur.
2159 434 2265 492 Sed
2291 447 2345 490 et
2379 434 2655 492 Honorius
2707 451 2847 507 papa
2880 436 3361 491 Monothelitarum
3411 454 3533 492 am-

1936 525 2131 596 plexus
2166 526 2420 581 haeresim
2457 542 2487 581 a
2540 526 2816 597 pontiﬁcia
2873 527 3137 598 dignitate
3186 538 3242 583 et
3288 529 3529 585 ﬁdelium

1935 618 2329 673 communione
2360 618 2608 683 deiectus
2638 616 2760 672 fuit.
2800 616 3147 673 Sardicensis
3178 634 3400 688 quoque
3436 635 3529 690 sy-

1934 710 2115 764 nodus
2145 709 2373 763 Hosium
2405 709 2585 765 locum
2614 708 2852 764 Romani
2888 709 3134 780 episcopi
3186 711 3529 766 obtinentem

1936 800 2166 867 habens,
2189 802 2507 858 haereticum
2541 803 2781 858 absolvit
2804 802 3119 858 Marcellum
3152 801 3530 874 Aucyranum.

2397 934 2919 992 INTERROGATIO
2972 935 3037 990 ll.

1937 1048 2082 1114 Quot
2105 1064 2294 1116 quosve
2329 1048 2594 1119 legitimos
2647 1050 2984 1119 patriarchas
3008 1046 3236 1105 Romani
3264 1066 3366 1103 non
3390 1065 3534 1103 rece-

2002 1122 2196 1190 perint,
2226 1120 2461 1192 nihilque
2498 1120 2626 1189 ipsis
2657 1120 2892 1174 nocuerit
2921 1135 3104 1174 eorum
3130 1119 3529 1176 inconsiderata

1931 1197 1967 1259 ε
2003 1192 2240 1260 rejectio.

2491 1319 2897 1377 RESPONSIO.

2000 1435 2318 1492 Flavianum
2351 1438 2755 1493 Antiochenum
2785 1448 2895 1493 tres
2925 1438 3028 1493 sibi
3084 1437 3278 1494 ordine
3331 1454 3517 1493 succe-

1928 1530 2124 1586 dentes
2157 1532 2422 1587 Romanae
2451 1531 2597 1587 sedis
2651 1531 2899 1601 episcOpi
2960 1532 3014 1585 in
3077 1531 3523 1587 communionem

1932 1636 2039 1676 non
2072 1632 2420 1693 receperunt,
2454 1638 2611 1693 aeque
2644 1638 2710 1678 ac
2738 1624 2897 1678 initio
2921 1622 3329 1678 Alexandrinus
3344 1623 3523 1676 Theo-

221 1722 471 1790 ἐδέξατο,
504 1724 600 1778 καὶ
635 1726 663 1778 6
699 1722 1078 1795 Ἀλέξανδρος.
1116 1715 1287 1787 Οὗτος
1322 1724 1379 1778 δέ
1406 1726 1557 1778 ἐστιν
1580 1727 1609 1778 6
1638 1742 1816 1797 χειρο-

1929 1713 2153 1784 philus;
2181 1714 2379 1769 deinde
2411 1729 2542 1769 vero
2578 1714 2795 1768 illorum
2837 1716 3053 1778 tertius,
3086 1722 3141 1769 et
3186 1713 3525 1784 Theophilus

218 1816 463 1886 τονήσας
491 1815 586 1868 τὸν
640 1817 701 1869 ἐν
739 1815 920 1883 ἁγίοις
954 1815 1049 1868 καὶ
1093 1816 1447 1887 ἀρχιερεῦσιν
1484 1816 1821 1889 ἀσύγκριτον

222 1906 369 1960 θεῖον
425 1905 838 1978 Χρυσόστομον,
887 1906 1284 1979 πρεσϐύτερον.
1339 1910 1454 1964 Οὐκ
1509 1910 1729 1975 ἐδέξατο
1765 1911 1824 1965 δὲ

219 1994 523 2066 Φραυίταν,
556 1996 678 2049 οὐδὲ
703 1996 797 2050 τὸν
836 1999 893 2050 ἐν
925 1997 1101 2065 ἁγίοις
1139 1998 1449 2069 Εύφήμιον,
1480 1999 1603 2053 οὐδὲ
1635 2001 1825 2053 Μακε-

218 2089 416 2151 δόνιον,
451 2088 587 2141 διότι
614 2088 706 2141 τὸν
745 2088 1000 2143 Ἀκάκιον
1050 2084 1197 2142 οὗτοι
1250 2090 1361 2143 τῶν
1408 2089 1684 2161 διπτύχων
1720 2093 1822 2145 ούκ

220 2180 537 2247 ἐξέϐαλλον.
582 2180 724 2233 Ἀλλ’
749 2181 873 2237 ούδέ
915 2181 1009 2235 τὸν
1034 2185 1101 2254 τῇ
1142 2182 1275 2255 ἁγίᾳ
1308 2182 1502 2254 Τριάδι
1534 2184 1822 2254 ἀγαπητὸν

222 2276 486 2345 πανίερον
519 2275 936 2346 Χρυσόστομον,
975 2278 1098 2330 κατ’
1150 2278 1327 2346 ἀρχάς
1382 2276 1659 2343 ἐδέξαντο,
1711 2278 1816 2345 ὅτι,

222 2369 413 2439 φασὶν,
443 2369 554 2422 ἀπὸ
595 2369 928 2439 Ἀντιοχείας
959 2370 1123 2424 αὑτὸν
1151 2370 1257 2423 ούκ
1288 2370 1395 2423 ἔδει
1426 2372 1507 2433 είς
1529 2373 1820 2424 Κωνσταν-
1878 2430 1881 2433 _

222 2464 537 2519 τινούπολιν
577 2463 1068 2543 χειροτονηθῆναι’
1126 2464 1357 2537 ὕστερον
1390 2465 1448 2518 δὲ
1496 2467 1590 2519 καὶ
1643 2466 1819 2537 ὑπερ-

223 2560 485 2629 ήσπισαν.
523 2559 638 2613 Οὐκ
667 2554 786 2612 οἴδα
827 2558 886 2612 δὲ
932 2560 981 2612 εί
1022 2544 1136 2612 “nat
1159 2558 1420 2612 Μελέτιον
1446 2557 1697 2624 ἐδέξαντο
1728 2558 1821 2612 τὸν

236 2650 606 2721 Ἀντιοχείας⁸
662 2651 877 2722 μήποτε
924 2650 1036 2722 γὰρ
1092 2652 1304 2705 ἐκεῖνον
1363 2652 1819 2723 ἀποστρέφωνται

224 2743 313 2796 διὰ
350 2743 616 2796 Παυλῖνον
645 2745 737 2796 τὸν
782 2744 890 2797 ὑπὸ
918 2744 1028 2796 τῶν
1062 2743 1296 2798 δυτικῶν
1334 2745 1814 2815 χειροτονηθέντα·

226 2835 323 2889 καὶ
356 2834 465 2906 γὰρ
502 2834 598 2889 καὶ
628 2835 923 2906 ἐπιστολὴν
956 2832 1077 2890 οἶδα
1102 2837 1198 2891 τοῦ
1238 2839 1477 2907 μεγάλου
1524 2839 1814 2894 Βασιλείου

226 2928 366 2999 πρὸς
421 2928 709 2997 Τερέντιον
754 2927 994 2999 κόμητα,
1028 2923 1147 3000 ἐνῇ
1204 2928 1483 2982 διαϐάλλει
1514 2932 1641 2994 τοὺς
1669 2931 1817 2985 δυτι-

224 3021 355 3084 κοὺς
402 3019 492 3073 διὰ
522 3019 621 3090 τὴν
670 3019 815 3074 κατά
856 3020 1133 3074 Μελετίου
1181 3022 1554 3093 ἀποστροφὴν,
1602 3023 1679 3087 ὡς
1718 3026 1818 3096 οὐχ

224 3111 393 3180 ὑγιῶς
421 3110 700 3182 κρίνοντες
731 3109 799 3163 τὰ
834 3109 1330 3182 πράγματα.’1σως
1354 3109 1413 3163 δὲ
1439 3110 1605 3164 αὑτὸν
1639 3111 1729 3164 διὰ
1755 3112 1817 3164 τὸ

223 3208 281 3259 ἐν
343 3207 410 3276 τῇ
465 3204 699 3277 δευτέρᾳ
750 3204 1091 3277 καθεσθῆναι
1137 3205 1344 3277 συνόδῳ
1390 3206 1491 3260 ούκ
1540 3196 1818 3274 ἀποστρέ-

224 3314 440 3368 φονται.
1685 3316 1689 3320 ·

790 3613 1131 3669 ΕΡΩἸῊΣΙΣ
1182 3613 1258 3668 Γ’.

219 3734 419 3789 Ποίων
477 3729 890 3800 ἐκϐληθέντων
930 3727 1313 3800 πατριάρχῶν
1339 3766 1353 3789 ,
1392 3724 1469 3800 ζῆ
1507 3723 1629 3800 τῶν
1670 3742 1814 3800 κραέ

290 3805 562 3858 mortem
593 3794 744 3868 πρὸς
794 3801 1019 3866 αὐτοὺς
1046 3794 1345 3868 ἀπεχθείᾳ
1389 3794 1726 3868 βασιλέων,
1761 3799 1815 3851 οἱ

285 3875 418 3946 μετ’
448 3867 672 3940 αὐτοὺς
701 3871 1011 3941 ὀρθόὸοξοι
1042 3870 1216 3934 ὄντες
1253 3867 1655 3937 ἀποδέχονται
1689 3884 1709 3934 ;

795 4004 1193 4060 ΑΠΟΚΡΙΣΙΣ.

300 4140 662 4197 Ἀναστασίου
704 4138 1065 4210 ἐκϐληθέντος
1091 4136 1186 4191 τοῦ
1222 4134 1571 4207 θαυμαστοῦ,
1600 4136 1627 4188 ὁ
1667 4132 1811 4186 Θαυ-

222 4236 536 4308 ματουργδς
584 4234 888 4305 Γρηγόριος
944 4232 1252 4303 ἐκράτησεν
1311 4230 1411 4300 τὴν
1481 4226 1814 4297 Ἀντιοχείας

228 4328 573 4398 Ἐκκλησίαν
609 4325 706 4397 ἐτη
738 4324 838 4379 κδ’.
868 4325 980 4378 Καὶ
1027 4321 1301 4393 ἀπεδέχθη
1323 4364 1337 4386 ,
1386 4320 1481 4374 καὶ
1535 4318 1677 4389 μετὰ
1712 4317 1812 4387 τὴν

1926 1805 2018 1859 vix
2054 1814 2437 1874 susceperunt.
2455 1804 2557 1861 Hic
2589 1805 2679 1859 ille
2711 1804 3006 1861 Flavianus
3027 1815 3114 1860 est
3144 1806 3237 1875 qui
3264 1814 3515 1861 sanctum

1929 1897 2399 1967 archiepiscopum
2426 1896 2918 1965 incomparabilem
2933 1904 2987 1951 et
3010 1896 3257 1950 divinum
3280 1894 3527 1965 Chryso-

1925 1998 2167 2045 stomum
2224 1988 2497 2042 ordinavit
2528 1988 2931 2059 presbyterum.
2989 1985 3260 2041 Praeterea
3290 1985 3528 2039 Romani

1924 2081 2215 2153 pontiﬁces
2241 2096 2344 2135 nec
2376 2078 2653 2135 Fravitam
2692 2094 2971 2149 recepere,
3011 2094 3110 2133 uec
3132 2087 3382 2133 sanctum
3414 2076 3528 2130 En-

1923 2174 2235 2244 phemium,
2272 2188 2375 2229 nec
2419 2172 2802 2228 Macedonium
2830 2187 2896 2227 eo
2922 2172 3051 2241 quia
3087 2171 3350 2225 Acacium
3379 2186 3410 2223 e
3442 2170 3526 2222 dis

1927 2265 2145 2338 plycbis
2202 2282 2310 2321 non
2362 2265 2645 2335 ejecerint.
2686 2262 2791 2319 Sed
2844 2281 2945 2319 nec
3005 2271 3213 2319 sanctae
3265 2262 3525 2315 Trinita'i

1922 2357 2187 2420 charum,
2246 2357 2511 2427 omnique
2576 2356 2904 2425 sacerdotali
2957 2355 3161 2410 virtute
3218 2354 3520 2423 praeditum

1922 2448 2379 2521 Chrysostomum
2426 2449 2582 2503 initio
2604 2449 2822 2518 quidem
2858 2456 3243 2516 susceperunt,
3273 2447 3523 2501 dicentes

1921 2540 2075 2595 illum
2130 2540 2474 2597 Antiochena
2533 2540 2760 2605 relicta,
2812 2556 2923 2595 non
2977 2539 3235 2594 debuisse
3273 2539 3339 2593 ad
3375 2538 3525 2592 Con-

1923 2634 2476 2704 stantinopolitanam
2505 2635 2692 2690 sedem
2729 2632 3039 2704 promoveri
3069 2650 3085 2700 ;
3144 2631 3343 2687 deinde
3388 2647 3521 2686 vero

1919 2722 2042 2793 ejus
2072 2740 2293 2793 quoque
2358 2725 2588 2779 tutelam
2639 2740 2876 2796 gessere.
2936 2722 3133 2780 Nescio
3176 2737 3312 2778 vero
3359 2737 3427 2776 an
3467 2732 3529 2777 et

1888 2812 2195 2879 ~Meletium
2223 2815 2630 2871 Antiochenum
2663 2817 2898 2873 aversati
2929 2817 3036 2872 sint
3061 2833 3075 2870 :
3113 2815 3229 2871 ﬁeri
3251 2816 3395 2871 enim
3425 2830 3525 2885 po-

1924 2909 2030 2963 tuit
2058 2917 2116 2962 ut
2153 2909 2307 2963 illum
2362 2924 2470 2962 non
2519 2908 2827 2978 receperint
2863 2907 3079 2963 Paulini
3128 2922 3300 2977 ergo,
3352 2922 3519 2976 quem

1922 2999 2306 3055 Occidentales
2336 2998 2684 3053 ordinarunt.
2730 2996 2866 3051 Nam
2904 3006 2961 3053 et
3002 2997 3291 3066 epistolam
3334 2995 3521 3065 magni

1935 3090 2124 3147 Basilii
2155 3107 2276 3145 esse
2296 3091 2421 3146 novi
2443 3090 2510 3145 ad
2538 3080 2856 3146 Terentium
2888 3091 3169 3155 comitem,
3203 3089 3257 3143 in
3288 3103 3396 3157 qua
3449 3091 3521 3144 ob

1919 3196 2171 3237 aversum
2207 3197 2235 3233 a
2271 3180 2489 3235 Meletio
2518 3181 2768 3236 animum
2806 3180 3186 3236 Occidentales
3215 3180 3518 3249 exagitant,

1917 3277 1999 3332 vel
2032 3292 2096 3331 ac
2118 3275 2186 3330 de
2215 3276 2386 3332 rebus
2412 3274 2596 3330 minus
2619 3282 2767 3329 recte
2792 3274 3126 3345 jndicareut.
3147 3271 3349 3327 Verum
3374 3271 3517 3327 forte

1916 3368 2229 3433 Meletium,
2265 3368 2412 3439 quod
2447 3368 2503 3423 in
2532 3368 2771 3423 secunda
2812 3367 3125 3423 consederit
3158 3366 3390 3437 synodo,
3418 3381 3519 3422 sua

1920 3460 2171 3532 ipsorum
2207 3458 2597 3514 communione
2624 3473 2737 3513 non
2760 3467 3103 3514 censuerunt
3134 3455 3444 3527 indignum.

2374 3614 2898 3673 INTERROGATIO
2948 3615 3039 3672 Ill.

1918 3731 2151 3800 Quinam
2154 3732 2511 3857 fatriarchte
2538 3732 2923 3802 imperatorum
2950 3732 3073 3785 odio
3098 3748 3129 3785 a
3155 3748 3255 3786 sua
3279 3734 3517 3802 ipsorum

1986 3805 2107 3857 sede
2190 3804 2444 3857 eturbati.
2481 3804 2672 3857 deinde
2722 3802 2787 3857 ab
2826 3801 3156 3857 Orthodoxis
3187 3806 3517 3857 principibus

1986 3805 2107 3858 sede
2154 3801 2444 3871 deturbati,
2481 3801 2672 3859 deinde
2722 3802 2787 3858 ab
2826 3801 3156 3859 Orthodoxis
3184 3801 3519 3876 principibus

1989 3879 2181 3931 recenti
2206 3875 2371 3930 sunt?

2103 3884 2179 3945 ρει
2206 3884 2357 3930 sunt:

2513 4005 2920 4063 RESPONSIO.

1986 4142 2311 4197 Admirabili
2337 4141 2629 4199 Anastasio
2662 4140 2837 4211 ejecto
2886 4139 3333 4210 Thaumaturgus
3374 4137 3515 4195 Gre-

1917 4235 2107 4305 gorius
2151 4234 2551 4289 Antiochenam
2589 4231 2893 4287 Ecclesium
2928 4230 3000 4285 24
3054 4230 3214 4284 annis
3269 4230 3517 4284 obtinut

1917 4324 2175 4379 omnibus
2210 4331 2493 4395 acceptus,
2556 4337 2748 4376 verum
2784 4329 2908 4390 post
2954 4320 3077 4389 ejus
3114 4319 3179 4373 ad
3216 4319 3511 4373 Dominum

215 4418 386 4476 αὐτοῦ
421 4419 558 4490 πρὸς
589 4417 794 4488 Κύριον
825 4417 1162 4487 μετάστασιν
1193 4413 1351 4475 αὖθις
1377 4410 1630 4481 εἰσῆλθεν
1646 4409 1808 4461 Ἀνα-

1928 4414 2327 4486 migrationem,
2364 4413 2565 4468 iterum
2588 4410 2937 4466 Antiochiam
2971 4425 3228 4466 reversus
3254 4419 3340 4465 est
3365 4410 3514 4463 Ann-

215 4512 463 4573 στάσιος.
518 4508 667 4561 Ἀντὶ
724 4505 819 4559 τοῦ
886 4505 1135 4575 σωτῆρος
1194 4502 1289 4556 τοῦ
1354 4501 1561 4571 κόσμου
1621 4501 1808 4570 τιμίου

214 4604 613 4676 Χρυσοστόμου
639 4603 666 4655 6
704 4600 1019 4671 Ἀρσάκιος,
1050 4598 1080 4650 6
1109 4596 1374 4661 Ἀττικὸς,
1406 4596 1501 4649 καί
1531 4612 1612 4647 τοι
1642 4595 1811 4664 ἄμφω

213 4700 294 4762 εἰς
322 4697 424 4768 τὴν
458 4694 626 4748 αὐτοῦ
676 4692 998 4764 καθαίρεσιν
1030 4690 1355 4761 εύδόκησαν,
1385 4689 1480 4743 καὶ
1515 4687 1629 4740 τῶν
1659 4685 1810 4757 αύτῴ

213 4782 744 4847 ἐπιϐουλευσάντων,
802 4777 945 4853 ἦσαν
1000 4781 1275 4851 ἑκάτεροι.
1345 4778 1495 4832 Ἀντὶ
1545 4778 1809 4848 Εύτυχίου

213 4875 848 4938 Κωνσταντινουπόλεως
894 4874 1153 4945 Ἰωάννης
1196 4871 1470 4941 ἀπεδέχθη
1496 4911 1511 4934 ,
1543 4869 1638 4923 καὶ
1674 4870 1811 4940 μετὰ

192 4970 492 5033 θάνατον,
555 4966 820 5037 Εὐτύχιος
896 4965 1079 5020 πάλιν.
1157 4964 1303 5018 Ἀντὶ
1345 4964 1500 5017 Ἠλία
1577 4963 1809 5033 Ἰεροσο-

208 5064 400 5133 λύμων
424 5061 720 5132 Ἳωάννης,
754 5059 934 5113 καίτοι
992 5058 1057 5112 δι’
1092 5057 1375 5111 εὐσέϐειαν
1421 5055 1580 5109 Ἠλία
1640 5054 1804 5124 διωχ-

214 5156 424 5217 θέντος.
465 5153 581 5207 υύκ
643 5149 759 5207 οἶδα
804 5154 854 5206 εἰ
908 5151 990 5204 δεῖ
1037 5152 1396 5222 καταριθμεῖν
1474 5151 1533 5203 ἐν
1596 5149 1810 5212 τούτοις

214 5250 308 5302 καὶ
336 5249 430 5301 τὸν
461 5248 599 5316 μετά
630 5246 957 5299 Καλλίνικον
978 5244 1072 5298 τὸν
1103 5245 1255 5316 παρά
1295 5242 1677 5298 Ὶουστινιανού
1712 5243 1808 5296 τοῦ

212 5343 390 5398 κακοῦ
424 5341 798 5411 τυφλωθέντα,
851 5341 939 5394 ὅτε
990 5340 1086 5393 καὶ
1132 5339 1192 5391 τὸ
1222 5336 1474 5409 δεύτερον
1507 5338 1606 5407 τῆς
1653 5336 1809 5407 βασι-

213 5438 363 5501 λείας
395 5438 703 5508 ἐκράτησεν
726 5478 740 5503 ,
779 5434 1155 5506 προϐληθέντα
1187 5434 1371 5503 Κῦρον
1401 5432 1493 5486 τὸν
1532 5431 1593 5497 ἐξ
1634 5432 1808 5502 Ἀμά-

217 5533 452 5607 στριδος,
486 5531 545 5595 ὃς
574 5532 670 5584 καὶ
703 5529 1016 5598 ἐγκλειστος
1044 5527 1121 5581 ὢν
1151 5528 1268 5579 ἐκεῖ
1295 5569 1309 5591 ,
1339 5527 1601 5595 προεῖπεν
1636 5523 1805 5594 αύτῷ,

214 5626 288 5687 ὼς
346 5625 511 5679 πάλιν
570 5624 650 5687 εἰς
704 5621 803 5694 τὴν
857 5622 1066 5675 οἰκείαν
1114 5619 1293 5691 ἀρχὴν
1347 5615 1804 5686 ἐπανελεύσηται.

226 5720 591 5790 Ἑκϐέϐληται
637 5718 695 5771 δὲ
745 5715 841 5772 καὶ
872 5714 1024 5787 παρὰ
1068 5710 1418 5783 Βελλισαρίου
1469 5710 1545 5774 ὡς
1580 5708 1800 5764 ἐπιϐου-

1918 4506 2142 4560 stasius.
2178 4503 2324 4559 Loco
2345 4503 2663 4567 venerandi,
2694 4516 2759 4557 ac
2791 4501 2979 4555 mundi
3016 4500 3251 4557 salutem
3282 4516 3513 4569 cperan-

1917 4595 1986 4651 tis
2012 4594 2414 4667 Chrysostomi,
2445 4594 2704 4649 Arsacius
2743 4601 2793 4646 et
2827 4591 3038 4647 Atticus
3056 4592 3295 4661 suscepti
3329 4591 3505 4656 fuere,

1914 4685 2167 4756 quamvis
2207 4686 2370 4739 ambo
2410 4684 2530 4754 ejus
2563 4683 2964 4753 depositionem
3013 4682 3405 4753 probaverim,
3458 4693 3513 4735 ct

1914 4790 1981 4829 ex
2018 4774 2190 4844 ipsius
2220 4772 2568 4826 inimicorum
2598 4786 2829 4825 numero
2852 4778 3057 4824 essent.
3099 4768 3205 4823 Pro
3247 4768 3513 4839 Eutychio

1914 4865 2526 4934 Constantinopolitano
2569 4862 2691 4932 pari
2742 4863 2907 4917 modo
2941 4861 3182 4916 Joannes
3216 4869 3510 4929 susceptus

1914 4963 2020 5020 est,
2049 4962 2243 5023 etpost
2274 4952 2396 5022 ejus
2419 4950 2626 5005 obitum
2655 4965 2850 5005 rursus
2882 4948 3200 5019 Eutychius.
3231 4949 3333 5001 l’ro
3357 4946 3507 5003 Helia

1915 5049 2414 5122 Hierosolymitano
2445 5047 2685 5103 Joannes
2715 5087 2729 5112 ,
2793 5044 3048 5117 quamvis
3102 5044 3324 5114 pietatis
3375 5059 3505 5115 ergo

1915 5144 2065 5200 Elius
2088 5140 2527 5214 persecutionem
2555 5139 2833 5194 toleraret.
2865 5136 3063 5191 Nescio
3086 5151 3152 5190 an
3170 5142 3424 5205 oporteat
3452 5147 3508 5192 et

1914 5238 2002 5294 his
2030 5235 2308 5293 accenseri
2332 5234 2534 5305 Cyrum
2564 5233 2634 5287 ab
2652 5230 2996 5290 ‘Amastride,
3026 5228 3117 5299 qui
3141 5227 3511 5299 postCallini-

1914 5346 2039 5386 cum
2071 5345 2099 5383 a
2130 5327 2447 5383 Justiniano
2483 5325 2627 5379 malo
2651 5366 2666 5390 ,
2731 5338 2856 5378 cum
2913 5319 3158 5377 secundo
3213 5317 3507 5388 imperium

1914 5422 2140 5493 recepit,
2166 5428 2497 5484 excaecatus,
2544 5418 2597 5470 in
2646 5413 3018 5487 patriarcham
3050 5411 3510 5480 Constantinopo-

1913 5518 2145 5571 litanum
2180 5510 2263 5567 est
2304 5511 2532 5576 electus,
2566 5524 2631 5563 eo
2662 5507 2829 5577 quod,
2863 5505 2992 5559 dum
3031 5503 3121 5557 illa
3158 5500 3294 5557 urbe
3330 5500 3507 5571 pmnie

1916 5608 2097 5664 tentias
2132 5620 2298 5661 causa
2330 5602 2580 5657 inclusus
2600 5593 3178 5668 degeret,.|ustiuiano
3209 5590 3295 5648 sui
3330 5591 3507 5661 ipsius

1914 5699 2133 5773 imperii
2191 5693 2663 5769 recuperationem
2702 5686 3069 5761 praedixisset.
3106 5684 3379 5758 Expulsus
3423 5690 3512 5738 est
