3928 6246
446 263 587 330 1223
1614 259 1880 322 PHOTII
1921 259 2043 320 PA']

2158 257 2430 318 ARCHIE
2457 257 2566 318 CP.
3579 257 3703 321 1221

440 386 606 441 etiam
637 400 667 438 a
699 381 968 439 Belisario
996 381 1285 446 Silverius,
1321 380 1502 450 quasi,
1543 390 1602 434 ut
1628 380 1762 434 mihi
1795 378 2032 442 videtur,

2150 377 2313 432 λεύων
2349 379 2464 442 τοῖς
2500 377 2836 448 Ῥωμαϊκοῖς
2863 374 3154 444 πράγμασι
3178 415 3194 435 .
3227 372 3515 446 Σιλϐέριος,
3546 373 3704 448 οἶμαι·

443 475 713 531 adversus
741 473 1117 529 Romanorum
1145 488 1234 528 res
1257 471 1691 537 machinaretur,
1714 479 1878 542 atque
1902 471 2042 526 alter

2151 471 2247 525 καὶ
2277 469 2634 540 ἀντεισῆκται
2661 469 2783 522 ἀντ’
2812 468 2984 522 αὐτοῦ
3023 467 3234 539 ἕτερος.

443 567 502 623 in
535 569 660 639 ejus
687 566 871 623 locum
903 566 1170 620 sutIectus
1193 575 1298 620 est.

905 651 1427 711 INTERROGATIO
1461 651 1552 708 IV.

452 734 470 747 ’
515 751 850 816 Quibusnam
879 747 1152 802 damnatis
1176 748 1456 816 episcopis,
1481 746 1719 800 ordinati
1761 747 1826 802 ab
1855 747 1988 818 ipsis

834 819 968 874 nihil
992 819 1299 874 detrimenti
1323 820 1470 888 passi
1497 820 1654 874 sunt?

1055 913 1465 970 RESPONSIO.

521 1005 789 1060 Damnato
827 1003 1003 1060 Paulo
1039 1005 1402 1061 Samosateno
1427 1049 1442 1070 ,
1500 1021 1666 1060 nemo
1714 1022 1905 1062 eorum
1946 1008 2041 1078 qui

448 1101 555 1156 sub
589 1100 709 1169 ipso
752 1108 931 1164 erant,
961 1098 1245 1170 dignitatis
1287 1113 1401 1154 suae
1424 1099 1696 1167 jacturam
1727 1098 1877 1162 fecit,
1919 1104 2045 1157 licet

447 1208 644 1249 eorum
680 1193 974 1249 criminum
1006 1192 1302 1262 participes
1336 1202 1547 1259 essent,
1587 1195 1789 1262 quibus
1838 1193 2042 1252 Paulus

448 1283 652 1354 deponi
689 1283 912 1338 meruit.
945 1281 1204 1338 Nestorio
1229 1282 1481 1351 deposito
1511 1299 1671 1336 nemo
1697 1300 1762 1338 ex
1796 1285 1922 1350 illis,
1946 1287 2040 1353 qui

452 1376 520 1429 ab
553 1375 674 1445 ipso
696 1373 933 1428 ordinati
969 1372 1146 1438 fuere,
1184 1373 1255 1427 ab
1281 1373 1636 1428 ordinatione
1663 1375 1914 1430 descivit.
1942 1376 2044 1431 Pe-

451 1475 572 1521 trus
599 1465 829 1537 Mongns
856 1465 1039 1520 adhuc
1080 1465 1363 1534 presbyter
1389 1479 1418 1517 a
1448 1474 1640 1522 sancto
1671 1465 1919 1524 Proterio
1945 1469 2041 1524 dc-

449 1558 704 1628 positus,
763 1572 895 1612 mox
947 1557 1003 1611 in
1053 1557 1297 1627 ejusdem
1340 1572 1530 1612 necem
1578 1575 1706 1616 cum
1750 1558 2041 1618 Tim01heo

448 1647 784 1718 conspiravit
814 1647 1084 1714 occisore,
1141 1647 1337 1702 deinde
1373 1647 1799 1705 Alexandrinam
1851 1652 2039 1707 sedem

2715 654 3064 716 ΕΡΩΤΗΣΙΣ
3099 653 3175 709 A'.
3210 653 3246 701 ll

2152 751 2348 807 Τίνων
2392 751 2872 818 κατακριθέγτων
2920 753 2975 804 ol
3014 749 3130 819 ea”
3165 746 3364 803 αὐτῶν
3395 764 3710 819 χειροτονη-

2531 823 2738 889 θέντες
2767 821 2950 876 οὺδὲν
2987 818 3338 889 ἐϐλάϐησαν
3361 836 3380 885 ;

2747 913 3142 970 ΑΠΟΚΡΙΣΙΣ.

2221 1013 2438 1068 Παύλου
2469 1011 2565 1066 τοῦ
2600 1013 2665 1066 ἐκ
2687 1010 3052 1080 Σαμοσατέων
3083 1007 3530 1079 κατακριθέντος,
3556 1007 3711 1072 οὐδεὶς

2148 1108 2258 1162 τῶν
2291 1107 2386 1162 ὑπ’
2429 1107 2595 1160 αὐτοῦ
2646 1104 2979 1178 καθῄρηται,
3026 1103 3206 1157 καίτοι
3266 1103 3711 1172 συμπεπραχότων

2151 1198 2303 1270 αὑτῷ
2336 1199 2547 1261 ἐκεῖνα,
2570 1197 2640 1250 δι’
2672 1195 2709 1250 ἃ
2733 1197 2939 1260 ἐκεῖνος
2970 1193 3278 1268 καθῃρέθη.
3307 1193 3415 1248 Τοῦ
3438 1195 3708 1264 Νεστορίου

2151 1291 2601 1363 καθαιρεθέντος,
2630 1290 2806 1354 οὐδεὶς
2834 1289 2944 1342 τῶν
2987 1289 3080 1342 ὑπ’
3125 1289 3291 1342 αὐτοῦ
3330 1288 3708 1360 χειροτονηθέν-

2152 1399 2260 1436 των
2280 1381 2611 1453 καθῄρηται.
2645 1380 2857 1453 Πέτρου
2888 1379 2984 1432 τοῦ
3009 1379 3234 1448 Μόγγου
3256 1378 3339 1432 ἔτι
3361 1379 3706 1450 πρεσϐυτέρου

2149 1473 2327 1539 ὄντος,
2360 1474 2456 1528 καὶ
2489 1473 2916 1545 καθαιρεθέντος
2949 1472 3057 1528 ὑπὸ
3091 1472 3183 1526 τοῦ
3220 1471 3379 1540 ἁγίου
3414 1473 3708 1544 Προτερίου,

2150 1563 2271 1620 εἶτα
2309 1566 2389 1630 εἰς
2416 1567 2510 1620 τδν
2543 1566 2710 1620 αὑτὸν
2737 1566 2903 1620 αὑτοῦ
2940 1565 3171 1620 θάνατον
3197 1564 3454 1634 Τιμοθέῳ
3480 1563 3550 1633 τῷ
3579 1567 3711 1634 φονεῖ

2153 1659 2677 1729 συνδεδραμηκότος,
2728 1659 2825 1715 καὶ
2859 1657 3000 1729 μετὰ
3043 1657 3219 1714 ταῦτα
3267 1656 3362 1713 τὸν
3397 1655 3582 1726 θρόνον
3624 1656 3709 1726 τῆς

449 1741 671 1805 invasit,
692 1751 744 1795 et
761 1739 1264 1795 Chalcedonensem
1282 1742 1552 1811 synodum
1568 1741 1623 1796 in
1649 1742 1904 1798 omnibus
1927 1758 2043 1798 ana-

2164 1753 2578 1825 Ἀλεξανδρείας
2632 1755 2770 1822 μετὰ
2826 1752 3057 1806 θάνατον
3105 1751 3318 1806 ἐκείνου
3367 1752 3708 1821 ἁρπάσαντος,

450 1832 679 1886 themati
713 1831 984 1901 subjecit,
1043 1842 1101 1886 et
1145 1831 1513 1888 nihilominus
1551 1833 1789 1892 ordinati
1823 1835 1893 1890 ah
1923 1835 2044 1906 ipso

449 1923 579 1978 licet
629 1923 898 1993 deposito,
938 1923 1189 1979 occisore
1215 1961 1231 1986 ,
1279 1933 1334 1978 et
1369 1926 1661 1990 haeretica,
1697 1937 1954 1996 praeterea
1987 1938 2044 1984 et

451 2014 555 2084 ipsi
578 2013 828 2070 haeresim
854 2012 1198 2085 proﬁtentes,
1223 2029 1348 2068 cum
1375 2017 1752 2085 paenitentiam
1780 2019 2042 2090 egissent.

450 2106 506 2159 in
543 2105 991 2160 communionem
1029 2105 1231 2175 recepti
1267 2105 1441 2161 fuere.
1477 2106 1628 2164 Felix
1677 2125 1898 2180 quoque
1926 2111 2043 2164 Ro-

450 2210 554 2250 mae
587 2196 882 2266 episcopus
909 2196 975 2249 ad
1004 2194 1280 2250 Zenonem
1332 2198 1720 2266 imperatorem
1774 2201 2041 2264 scribens,

448 2287 902 2344 constitutionem
937 2287 1082 2357 ejus,
1129 2304 1238 2358 qua
1287 2289 1511 2346 Petrum
1547 2291 1769 2361 quidem
1803 2292 2045 2350 Ecclesia

449 2382 635 2451 ejecit,
669 2379 956 2437 ordinatos
990 2396 1122 2435 vero
1147 2382 1217 2435 ah
1259 2397 1346 2441 eo.
1380 2384 1703 2452 ptenitentia
1733 2396 1878 2450 acta,
1915 2403 2043 2445 sus-

448 2471 614 2540 cepit,
653 2469 902 2524 divinum
941 2480 1128 2540 typum
1159 2479 1318 2527 vocat
1352 2489 1365 2525 :
1398 2489 1522 2529 cum
1571 2474 1693 2543 ipso
1759 2487 1942 2532 autem
1988 2479 2043 2548 in

451 2562 570 2615 suis
604 2561 801 2614 litteris
837 2560 1149 2629 expostulat
1196 2562 1359 2632 cujus
1416 2564 1489 2618 rei
1525 2567 1701 2634 gratia
1736 2567 1954 2625 Petrum
1989 2573 2042 2628 in

453 2654 751 2708 Ecclesium
785 2653 1085 2720 induxerit,
1113 2669 1141 2708 a
1172 2670 1278 2724 qua
1305 2657 1558 2712 eumdem
1589 2669 1716 2714 ante
1739 2664 2043 2733 pepulerat,

448 2759 505 2804 et
530 2748 796 2804 Joannem
835 2759 1282 2820 persequeretur.
1311 2750 1560 2808 Meletius
1581 2754 1960 2812 Antiochenus
1988 2759 2042 2813 in

452 2839 726 2900 Eustathii
774 2837 1062 2894 Sebasteni
1129 2841 1372 2910 episcopi
1416 2841 1596 2898 locum
1642 2845 1712 2898 ab
1775 2847 2044 2905 haareticis

453 2927 771 2989 onlinatus.
832 2927 1068 2998 indeque
1112 2926 1432 2984 Ben-hmani
1463 2931 1793 2997 translatus,
1847 2936 2045 2992 deinde

453 3019 652 3072 iterum
679 3018 747 3071 al)
777 3018 912 3088 ipsis
941 3019 1248 3074 Antiochiae
1274 3020 1568 3091 episcopus
1587 3034 1671 3079 est
1686 3028 2038 3094 constitutus,

450 3110 672 3180 illisque
707 3110 900 3166 haeresi
932 3111 1137 3165 notatis
1193 3112 1341 3166 hunc
1372 3112 1615 3172 Ecclesia
1652 3119 1914 3187 suscepit.
1937 3117 2042 3186 Qui
2069 3105 2114 3168 C

453 3217 486 3255 a
522 3199 738 3270 Sergio,
773 3200 985 3272 Pyrrho
1007 3211 1061 3254 et
1094 3200 1332 3257 Macario
1377 3203 1450 3258 ob
1481 3205 1734 3262 haeresim
1770 3208 1840 3263 ab
1862 3207 2049 3266 Eccle-

2148 1847 2248 1902 καὶ
2274 1846 2372 1918 τὴν
2401 1847 2460 1900 ὲν
2495 1845 2810 1917 Καλχηδόνι
2837 1844 3056 1899 σύνοδον
3083 1843 3207 1899 καθ’
3234 1845 3471 1914 ἑκάστην
3497 1846 3568 1913 τῷ
3597 1843 3711 1896 ἀνα-

2147 1939 2346 2010 θέματι
2378 1937 2800 2003 ὑποϐάλλοντος,
2835 1939 2884 1992 οί
2921 1935 3015 1990 ὑπ’
3047 1935 3218 1990 αὑτοῦ
3242 1934 3709 2007 χειροτονηθέντες,

2147 2031 2352 2103 καίπερ
2381 2031 2776 2104 καθῃρημένου
2819 2032 2915 2084 καὶ
2939 2029 3147 2100 φονέως
3177 2029 3274 2082 καὶ
3309 2026 3604 2098 αἱρετικοῦ,
3635 2028 3707 2081 αἱ·

2149 2126 2357 2198 ρετικοὶ
2377 2126 2532 2188 ὄντες
2558 2125 2653 2178 καὶ
2687 2124 2847 2177 αὐτοὶ
2862 2122 2964 2186 ἑτι,
3004 2121 3398 2194 μετανοοῦντες
3420 2119 3708 2202 ἐδέχθησαν.

2147 2220 2256 2272 Καὶ
2292 2217 2463 2288 Φῆλιξ
2499 2219 2528 2270 ὁ
2573 2215 2799 2287 Ῥώμης
2835 2215 3067 2285 γράφων
3099 2213 3237 2283 πρὸς
3266 2214 3494 2282 Ζήνωνα
3523 2211 3608 2263 τὸν
3633 2211 3710 2278 βα-

2149 2309 2327 2372 σιλέα,
2354 2307 2454 2379 τὴν
2488 2306 2736 2372 διάταξιν
2761 2305 2953 2370 αὐτοῦ,
2986 2306 3110 2376 ἥτις
3133 2305 3345 2375 Πέτρον
3377 2302 3476 2372 μὲν
3501 2301 3708 2370 τῆςἘκ-

2147 2403 2376 2472 κλησίας
2427 2399 2752 2468 ἐξέϐαλλεν,
2795 2400 3039 2462 ἐκείνους
3089 2398 3147 2453 δὲ
3195 2395 3589 2468 μετανοοῦντας
3613 2391 3710 2448 ἑδέ-

2151 2497 2301 2564 ξατο,
2340 2496 2484 2550 θεῖον
2530 2494 2800 2548 ἀποκαλεῖ
2844 2491 3038 2548 τύπον.
3089 2490 3348 2559 Ἐγκαλεῖ
3389 2489 3445 2543 δὲ
3487 2486 3621 2557 αὐτῷ
3650 2485 3706 2539 δι’

2146 2583 2222 2642 ὧν
2267 2589 2536 2659 γέγραφε,
2572 2587 2716 2650 τίνος
2759 2586 2923 2658 χάριν
2974 2584 3065 2640 τὸν
3095 2583 3310 2654 Πέτρον
3364 2580 3598 2636 ἐκϐαλὼν
3624 2579 3706 2646 τῆς

2160 2682 2510 2752 Ἐκκλησίας,
2541 2681 2700 2744 αὖθις
2727 2680 2891 2734 αὐτὸν
2922 2680 3208 2750 εἰσήγαγε,
3239 2676 3455 2732 καὶτὸν
3485 2672 3707 2741 Ἰωάννην

2148 2775 2358 2841 ἐδίωξε.
2391 2774 2656 2838 Μελέτιος
2685 2777 2714 2827 ὁ
2750 2773 3062 2843 Ἀντιοχεὺς
3099 2769 3207 2824 ὑπὸ
3235 2765 3528 2840 αἰρετικῶν
3550 2779 3706 2835 χειρο-

2146 2867 2396 2936 τονηθεὶς
2451 2868 2575 2922 ἀντὶ
2625 2865 2958 2920 Εὐσταθείου
3011 2862 3347 2924 Σεϐαστείας
3410 2858 3702 2918 ἐπισκόπου.

2147 2960 2408 3014 κακείθεν
2451 2961 2801 3030 μετενεχθεὶς
2835 2961 2916 3022 εἰς
2954 2959 3243 3029 Βέρροιαν,
3287 2951 3411 3011 εἶτα
3448 2953 3599 3007 πάλιν
3629 2947 3706 3002 ὑπ’

2147 3051 2333 3104 αὐτῶν
2359 3051 2644 3114 καταστὰς
2673 3049 3008 3119 Ἀντιοχείας
3041 3047 3374 3110 ἐπίσκοπος,
3410 3044 3621 3100 ἐκείνων
3642 3041 3705 3103 ὠς

2146 3144 2442 3214 αίρετικῶν
2475 3143 2970 3214 δυσφημουμένων,
3002 3136 3157 3204 οὗτος
3182 3141 3342 3211 παρὰ
3365 3140 3464 3210 τῆς
3506 3135 3707 3204 Ἐκκλη-

2149 3237 2273 3302 σίας
2324 3235 2620 3306 ἀπεδέχθη.
2658 3237 2724 3288 Ol.
2753 3235 2860 3290 ὑπὸ
2891 3236 3123 3305 Σεργίου
3159 3233 3253 3288 καὶ
3285 3233 3526 3306 Πύρῥουν
3547 3245 3707 3300 χειρο-

453 3293 534 3348 sia
568 3292 748 3364 pulsis
794 3292 1194 3347 ordinationem
1234 3295 1520 3350 consecuti
1569 3297 1825 3366 fuerant,
1872 3303 2048 3371 pceni-

463 3385 630 3439 tentia
661 3393 902 3453 peracta,
929 3384 984 3438 in
1011 3384 1255 3440 Ecclesia
1283 3401 1626 3445 manserunt.
1655 3389 1803 3446 Idem
1832 3409 1966 3450 sane
1993 3404 2049 3452 et

453 3479 806 3533 observatum
843 3476 950 3531 fuit
980 3493 1112 3550 erga
1138 3494 1235 3534 eos
1256 3479 1461 3549 quibus
1485 3480 1844 3540 Macedonius
1866 3485 2048 3542 Pneu-

455 3569 839 3625 matomachus
875 3585 1072 3624 manus
1105 3571 1389 3640 imposuit.
1428 3573 1694 3630 Acacium
1725 3579 1867 3632 inter
1891 3581 2047 3636 vivos

455 3664 638 3718 adhuc
663 3663 900 3717 Romani
933 3663 1281 3731 depositione
1327 3676 1495 3735 atque
1531 3670 1880 3726 anathemate
1927 3689 2050 3743 per-

462 3753 762 3822 culerunt,
804 3764 929 3824 post
979 3755 1189 3810 obitum
1245 3771 1414 3825 vero,
1474 3759 1778 3828 imperante
1833 3761 2049 3821 Justino

458 3847 736 3901 Anastasii
766 3861 1114 3915 successore,
1154 3858 1209 3903 et
1245 3848 1458 3906 Joanne
1487 3851 2049 3926 Constantinopolita-

459 3954 588 3992 nam
621 3939 804 3994 sedem
843 3939 1144 4005 obtinente,
1171 3942 1429 3996 eumdem
1465 3944 1752 4012 Acacium,
1781 3948 2050 4017 legatione

457 4030 527 4085 ad
551 4031 936 4100 imperatorem
965 4032 1159 4099 missa,
1188 4047 1220 4087 e
1249 4033 1526 4104 diptychis
1552 4035 1665 4090 tolli
1693 4039 2045 4106 mandarunt,

456 4122 551 4177 sed
581 4121 865 4176 ordinatos
893 4120 961 4174 ab
995 4121 1088 4174 illo
1110 4121 1454 4177 conl'ratrum
1484 4124 1603 4179 loco
1632 4125 1963 4193 habuerunt,
1995 4138 2051 4184 et

454 4229 579 4268 cum
597 4213 664 4267 iis
677 4212 1176 4267 communicarunt.
1192 4213 1301 4268 Eos
1315 4223 1577 4286 praeterea
1591 4216 1794 4286 quibus
1813 4219 2049 4275 Anasta-

458 4306 576 4360 sius
604 4314 659 4359 et
687 4303 875 4360 Niceta
911 4305 1153 4359 haeretici
1189 4315 1602 4361 sacramentum
1635 4306 1848 4364 ordinis
1879 4311 2047 4365 mini-

459 4404 790 4462 straverant,
824 4397 1056 4466 septima
1087 4398 1330 4468 synodus
1379 4401 1756 4455 ecclesiaStica
1798 4417 2048 4458 commu-

459 4489 624 4542 nione
642 4503 989 4558 nequaquam
1010 4490 1224 4544 censuit
1247 4489 1523 4562 indignos.
1545 4491 1790 4562 Denique
1807 4493 2051 4552 Meletius

455 4581 874 4635 innumerorum
948 4596 1076 4636 reus
1141 4582 1356 4637 exstitit
1416 4584 1760 4651 criminum,
1843 4586 2056 4644 alienos

454 4676 689 4729 thronos
740 4673 966 4765 ingasit,
1016 4687 1287 4748 martyres
1320 4692 1556 4732 maerore
1590 4677 1793 4745 aliecit,
1861 4690 2043 4736 contra

456 4783 618 4795 annulum
646 4767 1016 4795 καίηῖη-ιηιηι-ηη
1047 4769 1324 4795 ..ηιιηιιηυει
1381 4770 1537 4795 ατη..-
1564 4770 1819 4795 ιιι-η-..-...
1847 4776 2026 4795 ..η-..2.

2154 4673 2319 4772 αὐτοῦ
2345 4673 2545 4791 ςθρόνον
2575 4673 2817 4793 ἥρπασε,
2839 4673 3170 4795 συναπήχθη
3204 4673 3533 4789 Ἀἵρείζκ-..ὼς
3555 4714 3606 4767 δὲ
3633 4710 3706 4761 λέ-

455 4783 620 4823 suum
645 4737 1018 4838 patriarcham
1047 4769 1352 4834 rebellavit,
1378 4770 1538 4840 eique
1564 4770 1821 4825 thronum
1847 4776 2043 4844 rapuit,

2154 4737 2319 4772 αυτου
2355 4737 2545 4791 ιιρονον
2575 4737 2817 4793 ηρπασε,
2849 4737 3170 4795 συναπηχυη
3207 4737 3427 4789 Ἀρειῳ·
3461 4737 3533 4776 ως
3555 4737 3606 4767 os
3634 4737 3706 4761 u-

2154 4825 2240 4877 γει
2266 4809 2587 4881 Σωκράτης,
2621 4812 2717 4865 καὶ
2749 4814 2828 4876 εἰς
2853 4814 2946 4867 τὸν
2979 4812 3216 4884 διωγμὸν
3241 4809 3490 4866 ὲπέθυσε.
3509 4804 3609 4858 Καὶ
3633 4799 3708 4852 διὰ

456 4884 583 4925 cum
617 4870 746 4924 Ario
775 4869 1095 4925 societatem
1146 4870 1311 4934 iniit,
1369 4870 1480 4925 imo
1541 4883 1598 4938 et
1650 4877 2043 4942 persecutionis

2167 4849 2240 4877 ,η
2267 4849 2587 4881 “uvam”,
2623 4849 2717 4865 ω...
2749 4849 2826 4876 ως
2865 4849 2946 4867 ιν.
2979 4849 3215 4884 omn,"
3241 4849 3608 4866 νων--.-η-
3638 4849 3649 4852 -

2157 4901 2332 4956 ταῦτα
2368 4902 2473 4955 ὑπὸ
2507 4903 2602 4957 τοῦ
2636 4905 2848 4974 Πέτρου
2890 4905 3172 4977 καθῃρέθη
3193 4921 3207 4936 ”
3240 4902 3355 4956 ἀλλ’
3385 4903 3528 4968 ὅμως
3559 4895 3604 4946 εἰ
3628 4887 3705 4942 καὶ

457 4977 742 5038 tempore,
803 4979 864 5024 ut
915 4969 1099 5039 inquit
1155 4967 1438 5032 Socrates,
1494 4970 1659 5027 idolis
1718 4972 2043 5044 immolavit,

2158 4994 2438 5066 καθῃρέθη
2490 4946 2782 5062 πολλάκιςῖ
2814 4946 3124 5068 ὕστερονγεὶ
3156 4946 3247 5049 καὶ
3281 4994 3355 5064 μὴ
3377 4955 3472 5061 ,την
3503 4982 3704 5059 ἱερωσύ-

453 5082 658 5137 easque
686 5069 756 5121 ob
792 5083 880 5122 res
915 5083 945 5121 a
978 5066 1142 5122 Petro
1176 5067 1461 5138 depositus
1492 5068 1614 5137 fuit;
1654 5071 1826 5128 nihilo
1865 5083 2043 5134 tamen

2158 5101 2280 5155 νην,
2313 5086 2450 5141 ἀλλὰ
2473 5090 2535 5142 τὸ
2568 5089 2742 5160 ὄνομα
2773 5091 2866 5144 τοῦ
2892 5066 3195 5144 ἐπισκόπου
3221 5088 3536 5154 ἀπείληφεν.

457 5159 660 5221 minus,
680 5161 953 5228 quamvis
978 5160 1100 5226 ejus
1127 5159 1397 5229 depositio
1417 5161 1694 5218 multoties
1724 5165 2049 5226 conﬁrmata
2089 5169 2274 5244 fuerit,
2311 5180 2355 5234 si
2387 5195 2494 5234 non
2519 5159 2810 5236 ordinandi
2842 5182 3182 5248 facultatem,
3223 5189 3455 5234 attamen
3483 5164 3702 5245 episcopi

452 5267 652 5306 nomen
693 5265 954 5326 recupera
965 5263 1060 5304 \‘ll.

2146 3328 2466 3398 τονηθέντες
2500 3328 2594 3381 καὶ
2621 3326 2933 3398 Μακαρίου,
2963 3325 3172 3380 τούτων
3205 3325 3286 3390 ὡς
3317 3323 3598 3397 αἱρετικῶν
3623 3319 3707 3386 τῆς

2160 3421 2493 3491 Ἐκκλησίας
2543 3420 2947 3490 ὲκδιωχθέντων
2988 3419 3430 3489 μετανοήσαντες
3472 3413 3705 3485 προσεδέ-

2150 3513 2380 3585 χθησαν.
2413 3512 2526 3566 Καὶ
2559 3512 2611 3566 οἱ
2636 3513 2742 3566 ὑπὸ
2767 3511 3106 3566 Μακεδονίου
3151 3509 3246 3564 τοῦ
3277 3506 3705 3579 πνευματομάχου

2149 3602 2627 3677 χειροτονηθέντες
2655 3602 2941 3666 ὡσαύτως.
2969 3603 3075 3657 Τὸν
3107 3603 3366 3658 Ἀκάκιον
3400 3603 3448 3655 οἱ
3475 3599 3706 3668 Ῥωμαῖοι

2150 3696 2232 3749 ἔτι
2279 3696 2380 3766 μὲν
2412 3697 2672 3766 περιόντα
2707 3694 3030 3766 καθαιρέσει
3068 3694 3375 3748 ὑπέϐαλλον
3415 3694 3508 3747 καὶ
3539 3688 3708 3744 ἀναθέ-

2153 3802 2319 3858 ματιο
2351 3786 2491 3857 μετὰ
2547 3787 2810 3860 τελευτὴν
2839 3787 2918 3855 δὲ,
2961 3787 3252 3841 Ἰουστίνου
3291 3785 3432 3859 μετὰ
3457 3784 3546 3837 τὸν
3579 3782 3709 3835 Ἀνα-

2151 3880 2374 3934 στάσιον
2404 3879 2852 3952 βασιλεύσαντος,
2881 3880 3360 3954 πρεσϐευσάμενοι
3392 3879 3522 3946 πρὸς
3547 3873 3706 3935 αὑτὸν,

2151 3964 2385 4027 καὶτῶν
2435 3973 2711 4044 διπτύχων
2770 3974 3113 4039 ἐκϐαλόντες,
3158 3973 3412 4028 Ἰωάννου
3439 3965 3707 4041 τηνικαῦτα

2150 4067 2243 4119 τὸν
2269 4065 2460 4137 θρόνον
2489 4067 2769 4132 διέποντος
2795 4068 3449 4129 Κωνσταντινουπόλεως,
3489 4065 3604 4124 τοὺς
3632 4058 3707 4112 ὑπ’
3734 4090 3741 4099 -

2151 4158 2318 4213 αὐτοῦ
2380 4160 2860 4234 χειροτονηθέντας
2909 4161 3361 4232 συλλειτουργοὺς
3415 4154 3592 4228 εῐχον,
3633 4149 3708 4206 καὶ

2153 4253 2479 4308 ἐκοινώνουν
2507 4255 2716 4319 αὐτοῖς.
2749 4254 2817 4312 Ol.
2853 4257 2959 4310 ὑπὸ
2996 4255 3355 4310 Ἀναστασίου
3392 4254 3484 4308 καὶ
3518 4251 3708 4318 Νικήτσ.

2153 4347 2262 4400 τῶν
2290 4349 2586 4420 αίρετικῶν
2619 4349 3094 4421 χειροτονηθέντες
3149 4351 3304 4420 παρά
3353 4351 3451 4418 τῆς
3499 4343 3707 4412 ἑϐδόμης

2084 4465 2128 4522 D
2159 4440 2456 4510 ἐδέχθησαν
2487 4442 2728 4496 συνόδου.
2767 4443 2876 4496 Καὶ
2923 4442 3184 4503 Μελὲτιος
3223 4442 3284 4496 δὲ
3320 4441 3526 4511 μυρίων
3551 4436 3707 4503 ἔνοχος

2158 4534 2405 4602 γέγονεν,
2453 4536 2772 4607 ἐπεπήδησε
2821 4535 3035 4607 θρόνοις
3103 4535 3432 4605 ἀλλοτρίοις,
3495 4528 3706 4594 ἐλύπησε

2157 4627 2468 4698 μάρτυρας,
2501 4629 2776 4701 ἐπανέστη
2804 4628 2884 4701 τῷ
2913 4630 3100 4698 οἰκείῳ
3137 4628 3473 4700 πατριάρχῃ,
3517 4622 3605 4675 καὶ
3631 4616 3707 4669 τὸν

939 5345 1467 5403 lNTERRUGATlO
1512 5348 1574 5404 ν.

458 5437 688 5503 Quando
731 5437 976 5492 nonnulli
1009 5439 1288 5495 simultate
1323 5442 1523 5508 adacti,
1560 5447 1698 5500 alter
1727 5449 1782 5501 in
1819 5451 2051 5505 alterum

526 5511 844 5562 sententiam
878 5512 1021 5586 tulit,
1072 5523 1256 5565 neuter
1281 5530 1398 5566 vero
1428 5516 1662 5583 ipsorum
1697 5521 1822 5586 quid
1867 5523 2051 5578 damni

524 5595 712 5648 passus
742 5590 841 5645 est,
874 5596 964 5634 nec
991 5582 1275 5648 lacessens,
1315 5602 1405 5638 nec
1436 5582 1756 5641 lacessitus."

1073 5741 1115 5792 ll
1127 5741 1475 5798 liSPONSIt-i.

531 5826 757 5884 Divinus
791 5827 1032 5887 Joannes
1063 5844 1255 5888 contra
1300 5838 1564 5908 Cyrillum
1618 5842 1724 5913 egit
1754 5883 1769 5910 ,
1830 5843 2039 5914 placide

2734 5364 3074 5417 ΕΡΩΤΗΣΙΣ
3098 5364 3168 5417 Ε’.

2163 5456 2314 5509 Πότε
2347 5456 2693 5523 κινηθέντες
2712 5459 2795 5522 εἰς
2825 5458 3050 5526 ἔχθραν
3079 5459 3203 5512 κατ’
3231 5455 3538 5523 ἀλλήλων,
3566 5449 3700 5511 τινὲς

2233 5528 2648 5605 ἀπερῄνςιῖτο,
2667 5531 2775 5605 καὶ⁸
2793 5529 3107 5597 οὐδέτερος
3126 5526 3323 5581 αὐτῶν
3339 5529 3418 5605 μέκ
3444 5526 3635 5605 τούτου
3656 5535 3697 5605 τέ

2229 5593 2596 5678 πσίκνὲϐνίιὶϐη,
2651 5600 2777 5653 οὔθ’
2821 5603 2852 5653 ὁ
2891 5593 3173 5668 ποιῆσιις,
3227 5599 3351 5653 οὔθ’
3405 5601 3435 5651 ό
3480 5593 3598 5648 καθ’
3636 5593 3695 5643 οὐ

2228 5681 2555 5737 πεποίηκεν
2575 5687 2594 5735 ;

2748 5759 3138 5813 ΑΠΟΚΡΙΣΙΣ.

2243 5847 2298 5900 't)
2343 5847 2484 5911 θεῖος
2522 5849 2773 5922 Ἰωάννης
2821 5853 2962 5906 κατὰ
3024 5852 3288 5926 Κύριλλον
3321 5851 3450 5923 πλὴν
3497 5848 3681 5919 ἠὲὑχωξ

2125 5935 2150 5945 υ.
2165 5934 2198 5948 -ε
