3928 6246
405 236 541 302 ῙΞΞἸ

1521 225 1791 291 PHOTII
1833 220 2350 292 PATRIABCHE
2389 219 2500 282 CP.

3517 209 3642 276 1228

385 368 440 414 ct
465 354 785 428 quaestionis
802 352 1070 411 arbitrum
1089 349 1282 408 Osium
1307 348 1686 406 confessorem
1709 345 1776 400 ad
1797 344 1978 416 ipsum
2008 346 2034 405 ,Α

2145 345 2275 392 ίσιον
2291 339 2382 392 τὸν
2407 334 2751 410 ὁμολογητὴν
2779 331 3050 400 ἔστειλεν,
3073 328 3164 384 ὅτε
3187 323 3284 382 καὶ
3311 322 3558 398 ἔγραψεν,
3581 325 3649 392 ὼς

387 447 558 511 misit,
593 461 704 518 quo
738 452 985 516 tempore
1039 441 1202 498 etiam
1236 438 1461 510 scripsit
1517 452 1608 502 se,
1641 450 1766 490 cum
1820 431 1983 488 vellet

388 547 581 596 sancta
630 535 1146 608 Hierosolymitanas
1197 532 1352 589 urbis
1404 531 1523 586 loca
1554 525 1982 585 venerabundus

385 645 588 706 petere,
614 641 668 690 et
690 633 761 689 ibi
788 631 998 689 Pascha
1021 628 1243 686 efﬁcere
1267 629 1337 683 ob
1362 637 1581 681 mutuas
1609 624 1729 679 illas
1764 620 1984 676 dissen-

388 727 572 784 siones
609 725 835 781 vetitum
892 723 1086 779 fuisse.
1136 721 1274 790 Ario
1313 728 1496 774 autem
1533 715 1695 772 dictis
1741 728 1848 769 non
1892 725 1990 781 pa-

393 829 565 886 rente,
625 833 881 888 magnam
922 814 1194 887 synodum
1250 811 1465 866 indixit.
1506 805 1852 863 Theodosius
1889 801 1990 856 De-

395 911 637 982 tnOphilo
688 911 890 964 Ariano
937 907 1283 979 signiﬁcavit,
1341 906 1385 960 si
1413 901 1698 959 'licclesias
1745 898 1992 952 obtinere

397 1005 574 1069 vellet,
604 1003 833 1074 paciﬁce
860 1017 987 1073 erga
1011 999 1311 1055 Ecclesiam
1346 1011 1404 1051 se
1428 1002 1659 1066 gereret,
1692 987 1992 1060 sinﬁminus

397 1097 640 1153 Ecclesia
664 1095 949 1150 excederet
988 1111 1001 1146 :
1029 1093 1080 1148 id
1115 1092 1260 1162 quod
1293 1091 1495 1145 factum
1528 1087 1650 1151 fuit,
1684 1082 1994 1139 ordinatus-

397 1206 504 1260 que
535 1199 618 1245 est
666 1187 968 1243 Nectar-ius.
1019 1185 1163 1240 Idem
1203 1182 1290 1238 hic
1321 1183 1634 1251 imperator,
1673 1171 1992 1229 Innocentio

399 1299 465 1335 ac
489 1281 771 1351 3Flaviano
807 1279 1040 1333 invicem
1069 1275 1484 1337 dissidentibus,
1525 1286 1620 1340 per
1657 1283 1717 1324 se
1759 1262 1998 1320 inimici-

402 1376 530 1428 tiam
558 1372 781 1428 sustulit
813 1385 843 1425 e
875 1368 1077 1430 medio,
1111 1381 1176 1422 ac
1212 1363 1537 1436 proﬂigavit.

829 1478 1270 1537 INTERROGA']
1289 1476 1355 1531 10
1397 1472 1531 1532 V’lll.

407 1602 741 1668 Quibusnam
799 1598 850 1650 in
880 1596 1116 1668 synodis,
1159 1609 1222 1668 ex
1251 1592 1470 1668 diversis
1496 1591 1616 1668 licet
1650 1587 2002 1668 archiepisco-

477 1673 688 1742 palibus
740 1659 940 1722 throni}-
981 1667 1184 1742 collecti
1240 1664 1436 1734 fuerint
1471 1662 1731 1730 episcopi,
1783 1659 2001 1738 illorum

482 1729 784 1798 sanctiones
835 1753 931 1793 suo
990 1739 1179 1790 robore
1234 1729 1564 1794 caruerunt,
1612 1747 1672 1785 eo
1727 1729 1850 1797 quia
1907 1742 2001 1780 nec

472 1815 640 1886 juste,
682 1829 772 1867 nec
800 1810 1086 1865 secundum
1115 1805 1502 1862 ecclesiasricas
1532 1801 1742 1872 regulas
1773 1798 2001 1852 condita:

484 1885 704 1956 [uer-int.

1014 1991 1422 2050 RESPONSIO.

489 2116 703 2174 Accidit
735 2115 838 2171 hoc
865 2114 1140 2186 episcopis
1176 2113 1316 2183 apud
1351 2107 1698 2164 Antiochiam
1728 2103 2001 2161 Constan-

2029 1704 2078 1764 B

420 2214 498 2271 tio
539 2213 842 2282 imperante
897 2209 954 2262 in
1005 2205 1241 2277 speciem
1293 2201 1611 2260 dedicandae
1644 2198 1904 2256 Ecclesiae
1935 2196 2011 2252 ibi

423 2308 492 2362 ab
520 2306 638 2375 ipso
669 2302 950 2359 aadiﬁcatze
981 2297 1350 2368 congregatis.
1379 2297 1440 2350 Hi
1469 2295 1614 2351 enim
1647 2291 2014 2348 Athanasium

423 2401 646 2471 quidem
679 2397 792 2467 jam
820 2404 977 2450 antea
1009 2409 1040 2448 a
1073 2391 1286 2464 synodo
1325 2389 1490 2462 Tyrio
1525 2390 1846 2460 episcopatu
1892 2399 2017 2457 spo-

425 2493 641 2555 liatum,
685 2501 880 2543 rursus
910 2485 1248 2554 deposuere;
1281 2480 1609 2552 Gregorium
1646 2493 1777 2534 vero
1816 2478 1870 2531 in
1896 2477 2020 2546 ejus

429 2587 612 2640 locum
645 2580 974 2636 ordinarunt
1002 2576 1344 2648 episc0pum,
1372 2587 1608 2644 quorum
1639 2581 1892 2626 neutrum
1929 2569 2021 2623 ﬁr—

431 2693 579 2733 mum
602 2685 697 2732 aut
717 2672 912 2730 stabile
931 2670 1255 2741 permansit.
1293 2665 1665 2722 [interfuerunt
1688 2677 1870 2720 autem
1894 2662 2026 2717 huic

433 2767 648 2840 synodo
684 2762 955 2820 Eusebius
1013 2771 1148 2816 tunc
1177 2757 1688 2828 Constantinopolis
1715 2797 1730 2821 ,
1786 2767 1840 2811 et
1869 2752 2029 2808 Flac-

435 2864 596 2918 cillus
625 2857 931 2915 Antiochiae
953 2855 1214 2926 episcopi,
1247 2867 1484 2923 cumque
1526 2851 1595 2906 iis
1647 2848 1742 2905 alii
1793 2861 2028 2902 numero

437 2956 742 3026 nonaginta
783 2961 1014 3023 septem.
1051 2950 1198 3004 Idem
1226 2947 1432 3018 pariter
1461 2945 1664 3001 accidit
1696 2944 1781 2999 his
1827 2942 1920 3013 qui
1974 2942 2030 2995 in

2087 431 2413 503 βουλόμενος
2461 426 2854 502 προσκυνητὴς
2901 424 3012 480 τῶν
3047 422 3220 492 ἁγίων
3265 419 3444 474 τόπων
3473 418 3574 472 τῶν
3598 419 3651 472 ἐν

2097 525 2497 600 Ἰεροσολύμοις
2525 522 2804 595 γενέσθαι,
2839 520 3005 576 κάκεῖ
3051 517 3112 572 τὺ
3136 514 3330 586 Πάσχα
3370 512 3652 600 ἐκτελέσαι,

2087 599 2180 675 διὰ
2205 621 2334 684 τοὺς
2359 620 2497 692 πρὸς
2525 617 2793 690 ἀλλήλους
2821 610 3217 675 στασιάζοντας
3236 605 3500 678 ἐκωλύθη.
3531 599 3654 658 Εἶτα

2093 710 2169 783 μὴ
2204 711 2403 774 πείσας
2429 751 2446 778 ,
2509 707 2609 782 τὴν
2644 704 2891 779 μεγάλην
2923 701 3189 774 ἐκρότησε
3221 696 3451 752 σύνοδον.
3483 693 3658 748 Θεοδό-
3709 711 3712 716 -

2093 822 2208 869 σιος
2258 806 2499 876 ἐμήνυσε
2544 800 2838 874 Δημοφίλῳ
2879 796 2959 865 τῷ
3019 791 3284 866 Ἀρειανῷ
3334 792 3383 844 εἰ
3431 787 3657 860 βούλοιτο

2093 901 2316 970 κρατεῖν
2355 897 2466 951 τῶν
2503 891 2842 965 Ἐκκλησιῶν
2885 887 3204 963 είρηνεῦσαι
3235 883 3369 956 πρὸς
3405 881 3502 953 τὴν
3548 881 3660 934 Ἐκ-

2095 991 2324 1062 κλησίαν
2347 1008 2360 1020 ·
2394 991 2442 1044 εἱ
2471 989 2528 1043 δὲ
2560 984 2945 1059 μὴείρηνεύοι,
2981 980 3358 1053 ἀναχωρῆσαι·
3389 977 3418 1032 ὃ
3442 976 3531 1032 καὶ
3555 975 3664 1044 ἐγέ-

2097 1061 2242 1153 νετο,
2271 1084 2377 1139 καὶ
2412 1079 2803 1154 ἐχειροτονήθη
2844 1076 3172 1147 Νεκτάριος.
3214 1073 3274 1127 ὐ
3313 1071 3473 1134 αὐτὸς
3503 1061 3665 1132 οὗτος,

2098 1177 2222 1233 κατ’
2270 1175 2521 1245 ἀλλήλων
2549 1171 2860 1243 γενομένων
2901 1165 3252 1224 Ἰννοκεντίου
3307 1163 3402 1218 καὶ
3446 1161 3666 1216 Φλαυῖα-

2099 1271 2217 1338 νοῦ,
2236 1270 2335 1342 τὴν
2363 1266 2676 1340 άναμεταξὺ
2710 1263 2894 1319 αὐτῶν
2925 1260 3128 1333 ἔχθραν
3155 1262 3220 1313 ἐκ
3257 1256 3433 1312 ποδῶν
3457 1254 3666 1324 ἐποίησε

2104 1368 2200 1422 καὶ
2231 1365 2486 1438 ἠφάνισε.
2580 1399 2584 1404 ι

2657 1470 2996 1530 ΕΡΩΤΗΣΙΣ
3033 1456 3117 1525 H'.

2117 1599 2216 1652 Ἐν
2243 1596 2446 1660 ποίαις
2481 1591 2774 1657 συνόδοις
2795 1631 2808 1652 ,
2851 1587 3068 1654 καίπερ
3101 1585 3169 1638 ἐκ
3188 1581 3515 1660 ,διαφόρ-ων
3545 1581 3674 1652 ἆρχ-

2182 1653 2494 1737 (spatiatim
2557 1653 2787 1737 θρόνων·
2835 1653 3338 1737 συνειᾷετμρνωζ
3376 1653 3490 1737 τῶτ
3541 1668 3675 1737 συντ

2178 1722 2504 1796 ενῗθόέντων.
2538 1722 2651 1790 of»:
2687 1734 2875 1802 ἔσχεν
2914 1722 3197 1802 ἰσχὺν’τᾲ
3230 1722 3572 1802 δεδογμένα,
3592 1724 3679 1778 διὰ

2179 1811 2245 1864 τὸ
2273 1808 2358 1880 μὴ
2389 1795 2642 1880 ἐνδίκως
2674 1795 2955 1858 καῖ’κατὰ
2981 1795 3217 1869 θεσμὸν
3270 1795 3679 1864 ἐκκλησιαστι-

2183 1877 2295 1936 κὸν
2331 1877 2632 1950 γενέσθαι.

2709 1989 3106 2049 ΑΠΟΚΡΙΣΙΣ.

2201 2112 2328 2167 Ἐπὶ
2372 2111 2482 2167 τῶν
2539 2111 2598 2165 ἐν
2640 2107 2946 2180 Ἀντιοχείᾳ
2991 2105 3362 2161 συνελθόντων
3403 2099 3504 2154 sui.
3543 2075 3684 2152 Κωνὶ

2118 2204 2393 2270 σταντίου,
2434 2201 2706 2274 προφάσει
2735 2198 2846 2254 τῶν
2871 2196 3164 2268 ἐγκαινίων
3193 2193 3297 2264 τῆς
3324 2193 3442 2247 ἐκεῖ
3476 2186 3687 2245 κτισθεί-

2121 2314 2220 2370 σης
2263 2297 2356 2351 ὑπ’
2401 2294 2570 2349 αὑτοῦ
2622 2293 2786 2362 ἁγίας
2823 2288 3184 2360 Ἐκκλησίαςο
3226 2277 3511 2355 οὗτοιγὰρ
3546 2281 3686 2334 ’Δθα-

2120 2369 2305 2449 νάσιον
2340 2391 2441 2464 μὲν
2493 2384 2653 2452 αὖθις
2703 2386 2980 2449 καθεῖλον,
3012 2384 3114 2454 ἤδη
3149 2381 3244 2435 καὶ
3297 2378 3559 2451 πρότερον
3593 2369 3685 2426 imit

2123 2487 2230 2540 τῶν
2262 2489 2319 2540 ἐν
2350 2483 2515 2554 Τύρῳ
2563 2477 2993 2550 καθαιρεθέντα·
3041 2475 3081 2527 Γ
3089 2472 3348 2546 ρηγόριον
3382 2469 3440 2523 δέ
3467 2465 3574 2522 ἀντ’
3603 2464 3687 2518 αύ-

2125 2580 2219 2634 τοῦ
2256 2581 2334 2641 είς
2381 2576 2472 2629 τὸν
2509 2571 2674 2628 αὐτοῦ
2709 2570 2900 2642 θρόνον
2934 2566 3380 2640 ἐχειροτόνησαν,
3411 2554 3485 2616 ὧν
3512 2558 3692 2613 ούδὲτε-

2130 2690 2222 2744 ρον
2272 2671 2456 2741 ἔμεινε
2495 2666 2734 2738 βέϐαιον.
2767 2659 2951 2716 τΗσαν
2993 2661 3052 2714 δὲ
3088 2661 3147 2713 ἐν
3197 2657 3341 2727 αὐτῇ
3395 2649 3638 2714 Εὐσέϐιος
3667 2649 3693 2702 ὁ

2128 2765 2252 2818 τότε
2300 2755 2953 2818 Κωνσταντινουπόλεως,
3007 2752 3102 2805 καὶ¹
3147 2750 3420 2811 Πλάκιτος
3453 2747 3481 2799 ὁ
3516 2744 3704 2798 Ἀντισσ-

2131 2856 2283 2928 χείας
2309 2895 2326 2921 ,
2381 2851 2502 2926 μεθ’
2536 2844 2614 2906 ὧν
2643 2850 2936 2904 ἐπίσκοποι
2968 2846 3300 2917 ἐνενήκοντα
3329 2841 3424 2897 καὶ
3465 2837 3596 2893 ἑπτὰ
3618 2834 3696 2888 τὸν

2132 2927 2367 3021 αριθμὸν
2418 2945 2662 3000 ἐτέλουν.
2701 2941 2979 3004 Ὡσαύτως
3016 2938 3110 2994 καὶ
3146 2936 3238 2990 ἐπὶ
3273 2933 3384 2990 τῶν
3411 2935 3468 2987 ἐν
3513 2927 3698 2999 Ἐφέσῳ

437 3048 709 3119 Ephesina
733 3046 869 3100 urbe
893 3045 1159 3097 adversus
1192 3054 1446 3111 magnum
1467 3036 1789 3091 Flavianum
1826 3048 2029 3088 conve-

2145 3043 2283 3098 κατὰ
2315 3040 2411 3094 τοῦ
2445 3037 2684 3109 μεγάλου
2718 3031 3160 3106 συνεληλυθότων
3205 3023 3538 3083 Φλαυῖανοῦ·
3573 3037 3699 3092 παρ·

442 3149 668 3206 neraut;
695 3139 924 3194 aderant
952 3135 1098 3191 enim
1135 3135 1191 3188 in
1220 3134 1312 3187 illa
1342 3131 1550 3203 synodo
1572 3128 1868 3184 Dioscorus
1900 3126 2028 3180 Ale-

443 3236 764 3299 xandrinus,
784 3230 1066 3287 Juvenalis
1085 3226 1632 3298 liierosolymitanus,
1659 3219 2034 3278 etAntiochite

442 3329 735 3400 episcopus
761 3341 889 3382 cum
941 3323 1066 3377 aliis
1107 3321 1284 3377 doctis
1315 3316 1775 3386 orthodoxisquc,
1805 3313 1899 3385 qui
1930 3311 2038 3368 Eu-

446 3425 661 3495 tychem
693 3419 914 3492 quidem
955 3415 1275 3471 haereticuin
1325 3413 1676 3468 innocentem
1711 3407 2040 3480 pronuntia-

450 3526 599 3582 runt,
633 3528 698 3569 ac
741 3510 1082 3568 sacerdotale
1110 3506 1214 3576 ipsi
1249 3519 1450 3558 munus
1477 3498 1873 3567 reddiderunt,
1920 3514 2042 3553 san-

449 3617 598 3661 ctum
662 3617 794 3660 vero
845 3601 1170 3655 Flavianum
1231 3597 1762 3651 condemnaverunt.
1825 3589 1931 3645 Sed
1990 3599 2044 3642 ct

451 3700 719 3753 adversus
768 3693 1199 3754 Theodoretum,
1258 3687 1462 3760 Cyl-illo
1509 3685 1883 3742 Alexandrino
1923 3690 2048 3752 post

454 3792 666 3846 obitum
699 3787 1116 3860 gratiﬁcantes,
1175 3784 1504 3839 sententiam
1558 3781 1754 3845 tulere,
1807 3793 2045 3849 quorum

458 3882 596 3937 nihil
625 3883 1020 3934 inconcussum
1052 3876 1287 3941 exstitit,
1320 3873 1506 3928 omnia
1542 3873 1688 3927 enim
1718 3871 1884 3942 paulo
1929 3877 2051 3939 post

459 3987 656 4049 quarta
686 3977 964 4050 synodus,
1021 3975 1237 4053 aliaque
1291 3972 1433 4043 apud
1485 3969 1810 4042 Byzantium
1861 3975 2053 4022 coacta

460 4071 748 4134 subvertit,
796 4069 944 4124 nulla
981 4067 1164 4122 habita
1200 4065 1426 4122 absurdi
1470 4065 1582 4119 illic
1609 4061 2052 4118 convenientium

461 4165 846 4233 episcoporum
905 4173 1211 4216 consensus
1265 4158 1499 4212 ratione.
1557 4154 1704 4209 Idem
1759 4153 2052 4208 dicendum

464 4259 533 4314 de
566 4257 634 4311 iis
671 4256 764 4326 qui
795 4265 988 4309 contra
1017 4254 1204 4308 divum
1236 4252 1696 4321 Chrysostomum
1755 4246 2055 4302 concilium

467 4365 661 4421 egere,
723 4350 813 4405 cui
871 4347 1048 4404 adfuit
1089 4335 1431 4416 Tthphilus
1466 4341 1874 4398 Alexandrinus
1930 4354 2058 4395 cum

2134 3139 2273 3207 ἦσαν
2315 3133 2426 3204 γὰρ
2476 3133 2535 3185 ἐν
2591 3130 2731 3200 αὐτῇ
2779 3127 3075 3197 Διόσκορος
3133 3117 3572 3192 Ἀλεξανδρείας,
3621 3117 3702 3168 καὶ

2149 3229 2501 3292 Ἰουόενάλιος
2547 3224 2962 3298 Ἰεροσολύμων,
3018 3222 3114 3278 καὶ
3161 3223 3190 3276 ό
3241 3217 3577 3290 Ἀντιοχείας
3621 3214 3701 3267 σὺν

2143 3327 2347 3388 ἱκανοῖς
2395 3321 2703 3396 ὀρθοδόξοις
2746 3317 3068 3379 ἐπισκόποις
3092 3355 3106 3380 ,
3152 3315 3203 3376 οἳ
3240 3311 3460 3384 Εὐτυχῆ
3495 3311 3587 3381 μὲν
3627 3305 3703 3361 τὸν

2143 3417 2419 3491 αἱρετικὸν
2444 3415 2620 3471 ἀθῶον
2644 3416 2955 3485 ἀπέφηναν,
2993 3411 3089 3466 καὶ
3119 3409 3219 3482 τὴν
3254 3409 3553 3482 ἱερωσύνην
3577 3399 3703 3471 αὐτῷ

2144 3513 2470 3568 ἀπέδωκανο
2527 3507 2824 3562 Φλαυῖανὸν
2880 3506 2938 3559 δὲ
2994 3504 3086 3558 τὸν
3143 3503 3304 3572 ἆγιον
3353 3499 3704 3556 κατεδίκασαν.

2158 3605 2320 3658 Ἀλλὰ
2358 3602 2455 3657 καὶ
2482 3601 2845 3673 Θεοδώριτον,
2885 3597 3144 3671 Κυρίλλῳ
3186 3594 3331 3666 μετὰ
3357 3591 3605 3662 τελευτὴν
3629 3601 3708 3658 γα-

2151 3697 2452 3770 ριζόμενοι,
2497 3695 2853 3764 κατέκριναν,
2885 3687 2960 3745 ὧν
2995 3689 3148 3744 οὐδὲν
3185 3687 3488 3741 ἀσάλευτον
3517 3683 3707 3753 ἕμεινε’

2152 3768 2333 3843 πάντα
2381 3788 2491 3858 γὰρ
2528 3785 2647 3856 μετ’
2683 3784 2863 3853 ὀλίγον
2900 3785 2934 3855 ὴ
2963 3781 3200 3854 τετάρτη
3251 3778 3471 3842 σύνοδος
3504 3778 3536 3847 ἠ
3567 3774 3638 3836 είς
3662 3768 3711 3824 τὸ

2153 3883 2446 3948 Βῡζάντιον
2486 3879 2846 3952 μετέστρεφε,
2893 3878 2994 3948 τὴν
3040 3875 3359 3948 παράλογον
3410 3871 3518 3926 τῶν
3559 3869 3712 3923 ἐκεῖσε

2156 3974 2599 4047 συνεληλυθότων
2658 3969 2980 4041 συμφωνίαν
3015 3971 3073 4023 ἐν
3107 3968 3286 4024 οὐδενὶ
3328 3966 3544 4038 θέμενοι
3573 3960 3710 4030 λόγῳ.

2167 4068 2405 4140 Ὁμοίως
2448 4068 2544 4120 ἐπὶ
2574 4065 2683 4120 τῶν
2720 4065 2864 4119 κατὰ
2905 4063 3004 4118 τοῦ
3057 4065 3114 4118 ὲν
3141 4062 3324 4132 ἁγίοις
3355 4056 3714 4132 Χρυσοστόμῡυ

2159 4157 2622 4229 συνεληλυθότωνο
2685 4155 2870 4228 παρῆν
2924 4153 3036 4225 γὰρ
3091 4155 3150 4208 ὲν
3207 4153 3349 4225 αὐτῇ
3411 4144 3715 4220 Θεόφιλοςό

2173 4249 2586 4323 Ἀλεξανδρείας
2633 4249 2729 4303 σὺν
2775 4246 2870 4302 καί
2913 4263 3024 4300 τισι
3055 4245 3167 4300 τῶν
3211 4245 3383 4300 αὑτοῦ
3411 4242 3716 4304 ἐπισκόπων,

2162 4345 2258 4399 καὶ
2281 4342 2448 4398 αὑτοῦ
2480 4343 2537 4396 δὲ
2577 4340 2671 4395 τοῦ
2700 4343 2757 4394 ἐν
2801 4340 2980 4409 ἁγίοις
3019 4333 3637 4397 Κωνσταντινουπόλεὼς
3653 4347 3719 4384 τι·

469 4420 593 4499 aliis
617 4442 950 4515 quibusdam
983 4439 1258 4510 episcopis
1281 4479 1296 4504 ,
1327 4437 1720 4506 nonnullisque
1777 4436 1940 4490 etiam
1988 4448 2034 4488 ei

2164 4454 2253 4502 νες
2276 4439 2344 4508 τῇ
2376 4435 2696 4506 καθαιρέσει
2730 4434 3082 4504 συνήργησαν
3111 4430 3310 4506 ταύτῃ.
3353 4429 3511 4483 Ἀλλὰ
3539 4426 3624 4481 καὶ
3647 4420 3722 4476 ἐπὶ

469 4536 588 4606 ipsa
621 4531 1001 4610 Chrysostonii
1031 4528 1252 4585 dioecesi
1283 4526 1680 4598 depositioncm
1712 4525 1830 4593 ejus
1857 4535 2064 4592 urgen-

473 4629 622 4684 tibus
645 4638 806 4697 atque
829 4623 1242 4695 adjuvantibus.
1273 4619 1535 4686 Quiniino
1564 4633 1674 4671 non
1697 4629 1858 4670 secus
1881 4622 2064 4667 actum

473 4732 560 4777 est
587 4721 653 4775 de
686 4718 961 4790 episcopis
987 4715 1055 4769 76
1087 4712 1448 4768 orientalibus
1481 4709 1622 4779 apud
1642 4703 2066 4776 Philippopolim

476 4815 725 4872 Thracia:
753 4808 1228 4874 convenientibus,
1276 4819 1400 4859 cum
1431 4803 1669 4857 Serdicae
1706 4798 1950 4873 synodus
1977 4811 2069 4852 ce-

479 4909 740 4966 lebranda
759 4915 898 4962 erat.
921 4902 1262 4958 Celebriores
1285 4897 1432 4955 enim
1461 4906 1515 4951 et
1537 4896 1811 4951 dectiores
1829 4890 2070 4961 episcopi

481 5021 549 5060 ex
608 4998 880 5058 universis
932 4992 1333 5067 propemodum
1385 4988 1628 5044 Orientis
1685 4986 1910 5055 sedibus
1958 4985 2072 5040 illic

482 5093 800 5167 congregati
855 5090 1063 5146 .iulium
1101 5085 1321 5158 quidem
1357 5081 1670 5138 Romanum
1731 5079 2070 5151 pontiﬁcem,

484 5199 538 5245 et
565 5189 760 5244 Osium
795 5183 1197 5243 confessorem,
1223 5178 1475 5246 aliosque
1525 5174 1822 5231 nonnullos
1855 5173 2078 5228 damna-

485 5293 654 5349 runt;
685 5277 969 5334 Athanasii
1001 5290 1136 5330 vero
1186 5281 1241 5326 cl.
1286 5270 1438 5325 Pauli
1474 5284 1799 5341 magnorum
1831 5267 2074 5322 virorum

489 5374 912 5445 depositioncm,
943 5377 1001 5422 ut
1029 5366 1132 5421 sibi
1163 5365 1472 5428 videbatur,
1509 5363 1930 5431 conﬁrmarunt,
1957 5377 2081 5432 qua:

491 5469 674 5523 omnia
722 5464 980 5532 deinceps
1011 5468 1217 5514 mutata
1241 5471 1296 5513 et
1322 5457 1596 5512 inﬁrmata
1628 5455 1802 5512 fuere.
1827 5456 2082 5513 Marcello

492 5577 712 5634 quoque
741 5563 1035 5627 Ancyrano
1071 5554 1333 5625 episcopo
1369 5551 1506 5603 nihil
1540 5550 1771 5621 proluit,
1805 5551 2084 5607 unanimis

492 5659 874 5726 episcoporum
908 5649 1177 5724 synodum
1202 5646 1342 5718 apud
1376 5644 1661 5700 Sardicam
1699 5646 2000 5715 agentium,
2030 5645 2083 5697 in

496 5767 560 5806 eo
616 5751 682 5804 ab
727 5747 888 5801 illatis
934 5744 1259 5802 criminibus
1315 5741 1692 5808 absolrendo,
1755 5754 2082 5806 consensus,

2166 4532 2276 4585 τῶν
2306 4533 2368 4585 ἐν
2390 4527 2875 4590 Φιλιππουπόλεως
2909 4527 3009 4597 τῆς
3038 4525 3263 4598 Θρᾴκης
3292 4526 3358 4578 ἐκ
3390 4525 3488 4595 τῆς
3514 4520 3586 4574 ἐω
3616 4533 3722 4571 συν-

2169 4621 2436 4677 ελθόντων
2482 4627 2569 4686 ος¹
2602 4618 2939 4682 ἐπισκόπων,
2977 4617 3067 4671 ὅτε
3095 4618 3128 4688 ἡ
3177 4617 3236 4669 ἐν
3267 4615 3504 4687 Σαρόικῇ
3539 4607 3723 4669 σύνοδος

2169 4714 2364 4788 ἔμελλε
2413 4711 2873 4784 συγκροτεῖσθαι·
2923 4711 2973 4764 οἱ
3019 4708 3341 4780 λογιώτεροι
3370 4707 3480 4780 γὰρ
3509 4705 3610 4760 άπὸ
3643 4701 3724 4771 τῆς

2170 4807 2439 4876 ἀνατολῆς
2478 4808 2656 4860 ἐκεῖσε
2690 4803 3175 4876 συναθροισθέντες
3219 4803 3285 4855 ἐκ
3323 4801 3503 4869 πάσης
3531 4800 3725 4850 ἐπισκο-

2174 4900 2316 4973 πῆς,
2361 4899 2583 4954 Ἰούλιον
2616 4897 2715 4970 μὲν
2747 4882 2849 4968 τῆς
2881 4895 3144 4966 ἀνατολῆς
3172 4895 3355 4948 ἐκεῖσε
3387 4895 3483 4946 σὺν
3512 4888 3585 4960 τῷ
3619 4883 3728 4940 Ῥώ-

2180 5009 2286 5063 μης
2326 4990 2598 5055 καθεῖλον,
2653 4988 2750 5042 καὶ¹
2780 4989 2969 5042 ’Ὀσιον
3006 4987 3099 5040 τὸν
3151 4982 3508 5056 ὁμολογητην,
3540 4974 3728 5034 x116).-

2176 5085 2318 5149 λους.
2368 5083 2762 5156 Ἐπεκύρωσαν
2807 5081 2887 5148 δὲ,
2942 5080 3019 5144 ὡς
3049 5080 3288 5143 ἐδόκουν,
3321 5077 3420 5148 τὴν
3449 5075 3552 5129 τῶν
3582 5069 3728 5143 μεγά-

2179 5177 2287 5231 λων
2327 5175 2652 5229 Ἀθανασίου
2705 5175 2801 5227 καὶ
2843 5172 3059 5227 Παύλου
3104 5170 3200 5225 τοῦ
3251 5163 3586 5240 ὁμοληγητοῦ
3615 5156 3730 5214 καθ·

2183 5269 2419 5339 αἰρεσιν,
2450 5260 2525 5322 ὧν
2575 5265 2728 5320 οὐδὲν
2764 5266 3034 5338 ἄτρεπτον
3064 5264 3096 5335 ἢ
3139 5261 3514 5334 ἀμετάϐλητον
3541 5254 3727 5326 ἔμεινε·

2184 5365 2281 5419 καὶ
2324 5361 2648 5434 Μάρκελλον
2694 5361 2751 5414 δὲ
2797 5359 2890 5413 τὸν
2933 5359 3208 5429 Ἀγκύρας
3242 5359 3276 5426 ἡ
3317 5354 3521 5408 τούτων
3561 5347 3658 5402 τῶν
3684 5343 3731 5396 ἒν

2184 5457 2427 5529 Σαρδικῇ
2479 5453 2845 5510 συνελθόντων
2879 5452 3171 5522 συμφωνία
3201 5449 3296 5503 ἐπὶ
3323 5450 3388 5519 τῇ
3420 5443 3577 5500 αὐτοῦ
3611 5437 3729 5494 diluto

2185 5551 2342 5614 ώσει,
2372 5551 2574 5623 καίπερ
2604 5547 2769 5602 αὑτοῦ
2803 5545 2897 5600 τοῦ
2935 5531 3160 5616 Ῥώμης
3187 5543 3255 5597 δι’
3301 5541 3478 5596 Ὀσίου
3506 5534 3594 5590 τοῦ
3621 5534 3728 5601 ὀμο-

2187 5645 2417 5714 λογητοῦ
2450 5641 2910 5715 παραγεγονότος,
2935 5640 2994 5703 ὃς
3029 5639 3120 5693 τὸν
3147 5636 3312 5693 αὑτοῦ
3342 5638 3501 5690 τόπον
3529 5623 3728 5690 ἀνεπλή-

2193 5758 2314 5813 ρου,
2369 5741 2463 5794 καὶ
2505 5738 2606 5808 τῆς
2643 5737 2864 5790 συνόδου
2891 5734 3114 5800 δεκτέκς
3143 5732 3334 5804 οὔσης,
3383 5727 3528 5782 οὐδὲν
3556 5721 3725 5789 ὤνησε,
