3928 6246
239 277 383 345 1229

1329 283 2056 351 INTERROGATIONES
2088 293 2251 357 VIII.
2298 291 2404 354 1X.

3392 295 3526 361 1230

233 396 326 452 διὰ
373 393 436 452 τδ
483 393 813 468 παραλόγοις
861 396 1034 470 αὐτὴν
1079 396 1376 467 γενέσθαιο
1433 401 1688 473 φανερῶς
1718 401 1828 474 γὰρ

1956 406 2182 474 [namvis
2223 406 2507 466 Romanus
2538 409 2655 481 ipse
2685 409 2976 482 episcopus
3034 425 3134 482 per
3163 416 3358 468 ustum
3386 427 3522 470 con-

232 489 398 544 αὑτὸν
424 490 459 560 ἠ
482 488 713 561 δευτέρα
740 489 958 554 σύνοδος
993 489 1391 561 ἀποκηρύττει.

233 593 301 635 ac
343 587 606 649 praterea
635 579 878 650 synodus
928 581 1020 636 illa
1064 591 1322 652 suscepta
1363 579 1569 649 fuerit,
1603 581 1732 653 quia
1763 583 2021 644 nimirum
2057 607 2157 646 nec
2187 591 2291 647 rite
2340 609 2439 649 nec
2473 595 2621 666 juste
2690 595 3009 652 Marcellum
3052 596 3369 667 absolvit;a

231 673 383 730 enim
410 672 514 744 ipsi
536 673 776 758 secunda
805 675 1049 746 synodus
1077 677 1705 734 excommunicationem
1737 678 1953 738 inﬂixit.

807 783 1144 847 ΕΡΩΤΗΣΙΣ
1172 791 1251 850 Θ’.

229 910 386 965 Πότε
404 909 836 978 καθῃρέθησαν
863 909 1212 975 ἐπίσκοποι,
1240 909 1339 964 καί
1361 913 1550 965 πάλιν
1571 908 1826 979 ἐδέχθητ

301 997 429 1036 σαν
467 979 761 1052 κανονικῇ
790 981 1092 1051 εὐθύτητι,
1129 982 1168 1052 ἢ
1202 979 1276 1052 τῇ
1315 981 1422 1037 τοῦ
1466 981 1625 1036 ἰδίου
1668 978 1826 1034 λαοῦ

301 1051 688 1123 παρακλήσει
709 1067 732 1115 ;

827 1168 1224 1224 ΑΠΟΚΡΙΣΙΣ.

315 1305 410 1360 Ἐν
458 1304 737 1376 διαφόροις
789 1303 890 1374 μὲν
945 1304 1188 1368 συνόδοις
1235 1305 1336 1358 καὶ
1393 1304 1499 1358 ὑπὸ
1546 1301 1824 1374 διαφόρων

228 1397 390 1452 τοῦτο
435 1397 697 1460 πολλάκις
746 1396 984 1467 ἐγένετο,
1027 1395 1219 1467 ῶσπερ
1251 1395 1348 1450 καὶ
1383 1397 1478 1450 ἐπὶ
1519 1394 1614 1450 τοῦ
1665 1395 1822 1464 ἁγίου

245 1490 570 1545 Ἀθανασίου
619 1491 834 1558 γέγονε,
867 1492 963 1542 καὶ
1010 1489 1103 1542 ἐπὶ
1145 1488 1471 1558 Μαρκέλλου
1518 1489 1820 1542 ἐπισκόπου

242 1583 544 1655 Ἀγκύρας,
591 1583 688 1636 καὶ
722 1581 1037 1652 Μακαρίου,
1091 1581 1187 1634 καὶ
1232 1581 1437 1650 ἑτέρων
1471 1579 1704 1645 πολλῶν,
1745 1578 1821 1643 ὡς

230 1677 477 1746 εἴρηται.
529 1672 882 1745 Παρακλήσει
933 1671 991 1725 δὲ
1047 1671 1179 1726 λαοῦ
1214 1669 1506 1741 ζητοῦντος
1551 1670 1644 1723 τὸν
1691 1670 1824 1722 ῐδιον

1927 496 2194 555 fessorem
2234 501 2356 572 ejus
2408 503 2554 559 vices
2595 513 2873 575 gerentem
2907 519 3152 576 praesens
3195 505 3517 572 exstitisset,

3377 609 3526 672 perte

2407 805 2922 862 INTERROGATIO
2969 805 3060 862 ΙΧ.

1937 919 2164 986 Quando
2199 921 2435 976 abdicati
2468 924 2717 991 episcopi,
2749 925 2940 978 iterum
2967 923 3129 992 juxta
3153 939 3379 978 canones
3399 967 3415 989 ,
3443 925 3525 979 uel

2004 992 2194 1059 populo
2227 994 2329 1048 sibi
2355 995 2633 1068 commisso
2669 995 2992 1064 postulante,
3039 994 3325 1064 pristinam
3347 997 3524 1068 digni-

2007 1073 2168 1118 tatem
2217 1075 2517 1134 receperunt
2540 1066 2564 1118 ?

2529 1176 2938 1249 Resronsto.

2003 1309 2061 1366 in
2092 1312 2329 1369 diversis
2347 1313 2566 1384 quidem
2589 1314 2835 1384 synodis,
2862 1323 2916 1370 et
2944 1330 2972 1370 a
3000 1315 3229 1374 diversis
3249 1318 3524 1389 episcopis

1932 1406 1985 1462 id
2007 1423 2384 1478 saepenumero
2417 1406 2625 1463 factum
2653 1408 2780 1476 fuit,
2814 1409 3279 1479 quemadmodum
3313 1421 3366 1467 et
3394 1428 3526 1468 san-

1932 1511 2022 1557 cto
2072 1501 2368 1559 Anastasio
2418 1511 2472 1557 et
2524 1501 2783 1559 Marcello
2840 1505 3103 1576 episcopo
3149 1507 3414 1577 Ancyrae,
3474 1515 3528 1562 et

1931 1592 2189 1661 Macario,
2225 1596 2458 1666 aliisque
2491 1596 2700 1660 multis,
2739 1605 2795 1652 ut
2824 1606 2952 1653 ante
2989 1597 3256 1664 diximus,
3299 1598 3522 1654 accidit.

1932 1685 2143 1742 Favere
2175 1695 2356 1742 autem
2390 1688 2574 1758 populi
2635 1688 2921 1758 proprium
2977 1699 3251 1758 pastorem
3287 1690 3523 1759 petentis

229 1767 472 1838 ποιμένα
504 1766 725 1835 ἐγένετο
751 1767 843 1820 ἐπὶ
881 1765 1131 1838 Ἦρακλᾶ
1157 1764 1252 1818 τοῦ
1287 1764 1594 1833 ἁγιωτάτου
1625 1779 1826 1833 πατρι-

1956 1779 2072 1834 dem
2107 1779 2291 1834 evenit
2341 1778 2586 1835 l-ieraclze
2641 1781 2980 1837 sanctissimi
3030 1784 3376 1838 Alexandriae
3429 1799 3526 1854 pa~

232 1861 406 1932 ἀρχου
448 1858 859 1931 Ἀλεξανδρείας
885 1897 899 1923 ,
951 1853 1014 1912 οὗ
1062 1858 1309 1928 διάδοχος
1342 1855 1654 1921 Διονύσιος,
1703 1850 1823 1909 εἶτα

1956 1871 2205 1938 riarcltze,
2231 1872 2318 1926 cui
2359 1875 2628 1928 successit
2664 1873 2983 1945 Dionysius,
3015 1874 3212 1930 deinde
3233 1875 3526 1944 Maximus,

230 1950 512 2023 Μάξιμος,
564 1951 756 2004 ἔπειτα
801 1951 1039 2015 Θεωνᾶς,
1089 1951 1184 2003 καὶ
1234 1948 1353 2017 μετ’
1391 1947 1553 2000 αὐτὸν
1601 1950 1628 2001 ὁ
1669 1948 1825 2015 ἅγιος

1932 1978 2062 2018 mox
2080 1962 2354 2029 Theonas,
2393 1975 2445 2020 et
2477 1975 2602 2035 post
2638 1965 2787 2020 hunc
2817 1975 3041 2022 sanctus
3068 1976 3278 2039 martyr
3302 1966 3526 2023 Petrus.

236 2046 578 2118 ίερομὰρτυρ
609 2043 836 2114 Πέτρος.
855 2043 1104 2110 Ἐγένετο
1135 2041 1194 2094 δὲ
1223 2040 1472 2094 τοιῶσδε·
1493 2035 1602 2094 τΗν
1631 2042 1687 2093 ἐν
1711 2042 1829 2103 ταῖς

1956 2055 2040 2110 {es
2073 2063 2254 2111 autem
2285 2057 2359 2112 ita
2399 2073 2457 2112 se
2497 2057 2726 2110 habuit:
2776 2057 2974 2128 agebat
3005 2058 3061 2113 in
3099 2035 3354 2115 humanis
3383 2059 3535 2129 ejus-

236 2137 478 2210 ἡμέραις
509 2136 604 2190 τοῦ
635 2134 803 2190 αὐτοῦ
846 2133 1157 2203 ἁγιωτάτου
1196 2132 1444 2204 Ἠρακλᾶ
1485 2133 1766 2203 Ὠριγένης
1802 2133 1830 2185 6

238 2227 580 2297 καλούμενος
597 2225 978 2297 Ἀδαμάντιος,
1008 2226 1108 2296 τὴν
1148 2223 1288 2277 ἰδίαν
1319 2224 1572 2296 φανερῶς
1598 2221 1830 2295 ἐξηγού-

242 2339 404 2392 μενος
433 2319 669 2391 αἴρεσιν,
703 2318 926 2388 τετράδι
951 2317 1049 2371 καὶ
1090 2320 1442 2390 παρασκευῇ.
1476 2317 1678 2370 Τοῦτον
1715 2315 1831 2368 τοί-

239 2431 339 2467 νυν
359 2411 438 2475 ὡς
477 2408 896 2481 παραποιούντα
934 2408 1034 2478 τὴν
1073 2409 1426 2478 ὑγιαίνουσαν
1455 2405 1828 2470 διδασκαλίαν,

243 2506 341 2559 καὶ
369 2503 876 2575 παραχαρὰσσοντα
923 2502 1024 2573 τὴν
1066 2501 1346 2573 ὀρθόδοξον
1373 2500 1577 2565 πίστιν,
1624 2495 1836 2570 ἐχώρη-

249 2613 341 2648 σεν
371 2595 400 2647 6
435 2594 599 2657 αὐτὸς
645 2593 801 2664 ἅγιος
850 2591 1154 2655 ἐπίσκοπος
1194 2589 1475 2661 Ἠρακλᾶς
1525 2589 1621 2642 καὶ
1646 2587 1834 2652 ἐδίωξε

241 2691 344 2760 τῆς
387 2687 818 2760 Ἀλεξανδρείας.
869 2686 926 2741 '0
956 2686 1014 2740 δὲ
1053 2684 1216 2749 αὐτὸς
1247 2686 1587 2757 ὲκκήρυκτος
1623 2682 1836 2753 Ὠριγέ-

249 2804 370 2859 νης,
405 2787 780 2857 ἀπερχόμενος
826 2785 905 2848 είς
934 2783 1033 2847 τὰς
1070 2784 1171 2852 τῆς
1207 2783 1410 2854 Συρίας
1457 2779 1662 2842 πόλεις,
1703 2794 1838 2832 κατ-

249 2881 489 2952 ήντησεν
523 2881 602 2942 είς
631 2878 787 2932 πόλιν
816 2876 1229 2948 ὀνομαζομένην
1251 2873 1502 2945 Θμούην,
1535 2872 1838 2926 ἐπίσκοπον

248 2974 481 3045 ἔχουσαν
525 2971 806 3044 ὀρθόδοξον
850 2970 1076 3040 ὀνόματι
1118 2965 1455 3038 Ἀμμώνιον,
1503 2964 1561 3028 ὃς
1609 2965 1702 3018 καὶ
1735 2965 1837 3016 ὲπ-

253 3067 451 3139 έτρεψε
477 3067 556 3136 τῷ
581 3062 1016 3137 αύτῷὨριγένει
1045 3061 1306 3133 ὁμιλῆσαι
1345 3059 1503 3128 λόγον
1531 3057 1840 3112 διδακτικὸν

253 3164 315 3215 ὲν
357 3162 426 3231 τῇ
471 3158 638 3213 αὐτοῦ
668 3157 958 3228 ἐκκλησίᾳ.
985 3153 1161 3209 Τοῦτο
1197 3153 1254 3207 δὲ
1287 3151 1529 3215 ἀκούσας
1571 3150 1600 3202 6
1650 3149 1842 3213 πάπας

264 3252 544 3324 Ἦρακλᾶς
579 3253 608 3304 6
644 3249 959 3320 εἰρημένος,
991 3245 1218 3318 ἐξῆλθεν
1258 3248 1339 3310 εἰς
1371 3243 1618 3316 Θμούην,
1654 3244 1750 3295 καὶ
1773 3239 1842 3294 δι’

253 3345 388 3400 αύτδ
411 3344 572 3398 τοῦτο
602 3343 877 3415 καθῄρεσε
903 3341 996 3395 τὸν
1031 3339 1363 3411 Ἀμμώνιον,
1385 3339 1481 3392 καὶ
1520 3335 1841 3408 παρέδωκεν

253 3437 613 3510 ἀμφοτέροις,
647 3436 728 3507 τῷ
767 3434 1090 3505 Ἀμμωνίῳ,
1135 3433 1300 3503 φημὶ,
1334 3432 1428 3486 καὶ
1466 3429 1545 3502 τῷ
1571 3429 1845 3499 Φιλίππῳ,

252 3530 354 3602 τὴν
404 3529 711 3599 ἐπισκοπὴν
741 3526 988 3598 Θμούης.
1041 3524 1200 3580 Μετὰ
1230 3523 1287 3578 δὲ
1315 3522 1378 3576 τὸ
1407 3521 1716 3592 ἀποστῆναι
1753 3518 1845 3572 τὸν

257 3622 416 3690 ἆγιον
457 3619 736 3691 Ἡρακλᾶν
783 3617 1016 3683 ἐκεῖθεν,
1049 3620 1077 3672 6
1107 3619 1206 3689 μὲν
1238 3613 1549 3684 θαυμαστὸς
1579 3612 1846 3674 Φίλιππος

255 3712 366 3767 οὐδ’
397 3713 536 3774 ὅλως
564 3710 820 3765 ἐκάθισεν
857 3711 950 3763 ἐπὶ
991 3708 1087 3763 τοῦ
1122 3707 1414 3780 συνθρόνου
1437 3721 1450 3737 °
1500 3704 1616 3758 ἀλλ’
1649 3702 1848 3774 ἐξημέ-

255 3825 349 3863 νου
403 3805 502 3859 τοῦ
541 3804 876 3876 Ἀμμωνίου,
923 3803 1094 3876 ἤγουν
1130 3800 1610 3872 λειτουργοῦντος,
1662 3797 1851 3851 ἵστατο

257 3900 438 3954 ὀπίσω
465 3897 635 3953 αὑτοῦ
668 3898 852 3960 πάσας
883 3897 984 3960 τὰς
1025 3894 1237 3967 ἡμέρας
1275 3894 1377 3965 τῆς
1402 3891 1496 3946 τοῦ
1539 3889 1851 3962 Ἀμμωνίου

260 3994 431 4065 ζωῆς.
466 3992 600 4046 Ὅτε
631 3991 690 4046 δὲ
720 3989 990 4060 ἐκοιμήθη
1023 3991 1050 4042 6
1086 3987 1423 4060 Ἀμμώνιος,
1446 3985 1569 4039 τότε
1598 3984 1855 4038 ἐκάθισεν

259 4092 354 4145 ἐπὶ
379 4089 481 4144 τοῦ
513 4089 706 4161 θρόνου
733 4089 763 4141 6
795 4089 1094 4152 Φίλιππος,
1127 4086 1224 4139 καὶ
1264 4083 1485 4154 ἐγένετο
1513 4082 1626 4136 τῶν
1654 4083 1853 4152 ἐπισή-

265 4202 385 4256 μων
412 4185 470 4237 ὲν
499 4183 670 4254 ἀρετῇ
696 4222 711 4247 ,
751 4181 847 4236 καὶ
877 4178 1313 4252 θαυμαζομένων
1353 4176 1690 4230 ἐπισκόπων.
1731 4175 1854 4226 Ὅτι

260 4278 358 4332 τὸν
405 4277 628 4348 Ἀρειον
675 4275 927 4329 διάκονον
968 4273 1100 4327 ὄντα
1140 4271 1448 4343 καθῄρεσεν
1492 4271 1522 4323 6
1571 4270 1630 4321 ὲν
1677 4267 1855 4335 ἁγίοις

263 4370 604 4441 ὁσιομάρτυρ
637 4367 866 4436 Πέτρος,
898 4365 995 4419 καὶ
1044 4364 1424 4435 ὲξωστράκισε
1467 4360 1569 4432 τῆς
1623 4359 1856 4429 Ἐκκλη-

1933 2147 2058 2203 dem
2100 2148 2440 2205 sanctissimi
2467 2149 2713 2204 Heraclea
2759 2151 3103 2220 temporibus
3134 2149 3396 2220 Origenes
3430 2166 3530 2206 co-

1934 2242 2194 2310 gnomine
2245 2242 2641 2310 Adamantius,
2695 2251 2751 2298 et
2811 2251 3010 2313 quarta
3057 2251 3112 2298 et
3177 2251 3332 2299 sexta
3395 2242 3531 2299 feria

1934 2332 1993 2388 in
2059 2334 2177 2390 suis
2238 2334 2308 2389 ad
2354 2335 2614 2405 populum
2667 2335 3020 2391 sermonibus
3074 2336 3443 2405 excogitatam
3503 2349 3536 2390 a

1935 2441 1997 2483 se
2057 2426 2313 2480 haeresim
2374 2426 2666 2481 manifeste
2728 2427 3062 2482 declarabat.
3122 2427 3284 2483 Hunc
3347 2435 3535 2498 utpote

1936 2517 2346 2575 subvertentem
2413 2533 2606 2572 sanam
2685 2517 3028 2584 doctrinam,
3093 2530 3147 2573 et
3213 2519 3532 2576 adulteran-

1936 2612 2047 2660 tem
2071 2605 2438 2660 orthodoxam
2488 2606 2647 2660 ﬁdem
2687 2622 2718 2662 e
2762 2606 3002 2662 ﬁdelium
3034 2619 3181 2665 coetu
3231 2611 3543 2683 segregavit.

1938 2698 2082 2753 idem
2147 2706 2374 2754 sanctus
2412 2701 2706 2768 cpiscopus
2766 2697 3050 2767 Heraclas,
3109 2711 3163 2756 et
3199 2699 3536 2758 Alexandria

1937 2789 2166 2860 pepulit.
2200 2789 2419 2860 Ejectus
2451 2799 2632 2845 autem
2657 2807 2723 2845 eo
2748 2800 2909 2862 pacto
2927 2792 3193 2863 Origenes
3223 2793 3280 2849 in
3317 2793 3534 2866 Syriam

1940 2883 2098 2946 abiit,
2127 2882 2484 2953 pervenitque
2511 2884 2578 2938 ad
2617 2884 2806 2938 urbem
2841 2885 3064 2940 nomine
3099 2884 3380 2952 Thmuim,
3440 2888 3533 2944 cui

1942 2977 2286 3031 orthodoxus
2317 2976 2610 3046 episcopus
2650 2987 2884 3046 praeerat
2933 2979 3156 3033 nomine
3189 2978 3536 3037 Ammonius.

1948 3066 2052 3123 Hic
2077 3083 2388 3123 sermonem
2422 3069 2742 3138 praeceptori
2755 3085 2844 3124 um
2886 3070 2941 3124 in
2971 3069 3214 3127 Ecclesia
3248 3071 3540 3144 Origenem

1955 3159 2157 3214 habere
2188 3159 2458 3230 permisit.
2495 3161 2654 3226 Quod
2679 3175 2806 3215 cum
2832 3171 2957 3215 ante
2987 3161 3166 3217 dictus
3193 3178 3328 3233 papa
3367 3162 3539 3220 Hera-

1955 3254 2066 3310 clas
2091 3252 2473 3319 intellexisset,
2499 3251 2757 3307 Tlnnuim
2786 3255 3041 3321 accessit,
3070 3264 3128 3309 et
3151 3271 3273 3310 eam
3304 3256 3375 3312 ob
3403 3272 3543 3313 cau-

1954 3359 2072 3400 sam
2115 3346 2372 3415 deposuit
2419 3345 2813 3410 Ammonium,
2863 3346 3200 3417 tradiditque
3249 3348 3540 3416 ambobus,

1954 3437 2251 3492 Ammonio
2284 3440 2505 3507 inquam
2555 3445 2612 3493 et
2645 3437 2918 3509 Philippo,
2953 3439 3098 3494 illius
3131 3441 3284 3496 urbis
3319 3442 3546 3512 episco-

1955 3541 2164 3600 patum.
2226 3523 2523 3601 Postquam
2579 3539 2761 3586 autem
2822 3541 3050 3587 sanctus
3105 3531 3368 3588 Heraclas
3419 3531 3546 3588 inde

1960 3622 2249 3686 discessit,
2305 3623 2539 3678 eximius
2574 3623 2796 3693 quidem
2847 3621 3140 3694 Philippus
3181 3625 3333 3679 nullo
3387 3635 3550 3696 pacto

1961 3715 2158 3770 adduci
2194 3717 2373 3786 potuit
2419 3727 2480 3770 ut
2532 3717 2587 3770 in
2622 3715 2902 3771 communi
2934 3717 3134 3773 throno
3195 3717 3547 3785 consideret;

1959 3808 2054 3862 scd
2089 3807 2382 3864 Ammonio
2415 3807 2662 3873 sedente,
2689 3807 2794 3863 hoc
2820 3816 2905 3863 est
2935 3824 3092 3865 sacra
3120 3810 3378 3882 mysteria
3411 3810 3554 3865 cele-

1965 3900 2177 3964 brante,
2215 3901 2364 3956 stetit
2403 3911 2549 3955 retro
2575 3901 2755 3972 ipsum
2811 3903 3029 3959 ‘eunctis
3089 3903 3308 3969 diebus,
3349 3904 3553 3974 quibus

1965 3993 2020 4046 in
2056 3994 2313 4048 humanis
2345 3994 2492 4065 degit
2531 3995 2897 4062 Ammonius;
2953 4012 3142 4051 verum
3192 4012 3259 4052 eo
3293 3997 3552 4064 obeunte,

1965 4094 2097 4140 tunc
2132 4085 2186 4139 in
2223 4087 2422 4141 throno
2450 4087 2593 4142 sedit
2624 4087 2928 4158 Philippus,
2963 4104 3214 4159 unusque
3246 4105 3312 4144 ex
3343 4091 3558 4160 episcoo

1967 4177 2050 4247 pis
2084 4176 2286 4232 virtute
2316 4179 2644 4249 insignibus,
2673 4189 2728 4235 et
2763 4196 2795 4235 a
2827 4183 3042 4236 cunctis
3075 4183 3426 4239 admirationi
3457 4185 3552 4240 ha-

1968 4271 2096 4325 bitis
2148 4272 2342 4327 evasit.
2381 4272 2596 4338 Arium,
2662 4287 2786 4327 cum
2851 4275 3032 4330 adhuc
3072 4277 3341 4334 diaconus
3389 4287 3556 4346 esset,

1967 4372 2198 4421 sanctus
2237 4375 2445 4436 martyr
2462 4365 2658 4421 Petrus
2687 4367 2966 4438 deposuit,
2989 4377 3043 4424 et
3072 4382 3224 4424 extra
3255 4369 3560 4427 Ecelesiam

267 4461 395 4525 σίας
428 4460 674 4523 τελείως.
725 4458 974 4530 Ἀχιλλᾶς
1010 4456 1068 4510 δὲ
1112 4458 1141 4510 6
1191 4458 1248 4509 ὲν
1281 4455 1459 4523 ἁγίοις
1485 4452 1733 4524 διάδοχος
1767 4449 1847 4504 αύι

1975 4458 2196 4528 penitus
2232 4459 2556 4514 eliminavit.
2600 4459 2838 4517 Sanctus
2871 4477 3004 4517 vero
3033 4463 3276 4521 Achillas
3306 4465 3558 4536 ejusdem

267 4554 366 4608 τοῦ
391 4551 487 4607 τοῦ
526 4551 924 4624 ίερομὰρτυρος
967 4549 1177 4622 Πέτρου
1227 4545 1644 4619 Ἀλεξανδρείας
1671 4543 1864 4598 τοῦτον

267 4650 331 4704 o6
373 4647 536 4721 μόνον
567 4645 805 4712 ἐδέξατο,
839 4642 977 4697 ἀλλὰ
1024 4643 1121 4696 καὶ
1169 4639 1552 4714 πρεσϐύτερον
1587 4637 1865 4710 ἐχειροτό-

269 4755 432 4815 νησε,
485 4740 584 4794 καὶ
614 4736 920 4810 φροντίζειν
947 4734 1042 4788 τοῦ
1091 4736 1150 4788 ἐν
1188 4732 1572 4804 Ἀλεξανδρεία
1606 4731 1865 4784 διδασκα-

271 4835 422 4890 λείου
450 4833 662 4899 ἐταξεν.
688 4832 812 4886 Ὅτι
839 4830 932 4884 τὸν
963 4829 1183 4899 Εὐτυχῆ
1215 4826 1614 4899 καθαιρεθέντα
1641 4824 1747 4877 ὑπὸ
1772 4821 1867 4875 τοῦ

276 4929 339 4984 ὲν
366 4926 546 4997 ἁγίοις
573 4921 900 4990 Φλαυῖανοῦ,
929 4923 958 4976 6
990 4920 1422 4992 Ἀλεξανδρείας,
1458 4919 1555 4973 καὶ
1585 4919 1612 4970 ὁ
1659 4916 1870 4970 Ἀντιο-

274 5020 473 5094 χείας,
534 5021 628 5073 καὶ
685 5015 1078 5088 Ἰεροσολύμων
1139 5014 1388 5080 ἐδέξαντο
1453 5009 1595 5084 μετὰ
1641 5010 1871 5065 θάνατον

276 5115 519 5186 ἐκείνου.
542 5111 672 5188 ’Ότι
698 5110 790 5164 τὸν
813 5110 966 5180 ἥλιον
1009 5112 1106 5163 καὶ
1136 5107 1405 5178 φωστῆρα
1450 5105 1558 5158 τῶν
1589 5102 1871 5174 ἀνθρωπί-

276 5224 390 5267 νων
428 5205 620 5276 ψυχῶν
663 5203 754 5258 τὸν
790 5203 1098 5272 ἁγιώτατον
1151 5201 1562 5274 Χρυσόστομον,
1612 5197 1874 5266 καθαιρεο
1939 5200 1950 5210 ’

280 5301 449 5357 θέντα
501 5299 642 5370 (πῶς
693 5297 858 5366 ἔφερε
890 5297 1030 5369 ίδίκη
1061 5296 1124 5369 ;)
1161 5295 1267 5350 ὑπὸ
1309 5294 1570 5364 Θεοφίλου
1618 5291 1874 5362 ὁμοδόξου

283 5396 590 5452 ἐπισκόπου
622 5391 792 5465 χωρὶς
824 5391 934 5446 τῶν
967 5390 1146 5445 ἄλλων
1192 5388 1574 5462 πατριαρχῶν,
1626 5387 1877 5450 ἐδέξαντο

284 5491 383 5545 καὶ
416 5485 873 5551 συναπεδέξαντο.
907 5485 1032 5539 Ὅτι
1064 5487 1270 5555 Πέτρον
1294 5483 1388 5538 τὸν
1443 5480 1710 5553 Μηλίτου,
1745 5478 1878 5532 καθ-

285 5580 581 5653 αιρεθέντα
629 5579 735 5632 ὑπὸ
782 5579 878 5632 τοῦ
914 5578 1074 5646 ἁγίου
1110 5576 1410 5641 Μεθοδίου,
1447 5576 1509 5628 ού
1566 5574 1726 5645 μόνον
1777 5572 1882 5626 ὲδι·

287 5676 612 5748 κα-ιώσαμεν
642 5677 826 5746 ἡμεῖς,
851 5673 989 5728 ἀλλὰ
1021 5671 1118 5726 καὶ
1151 5671 1243 5724 τὸν
1265 5670 1515 5741 Σάρδεων
1546 5666 1882 5740 μητροπολί-

288 5789 388 5844 την
415 5769 824 5839 πεποιήκαμεν.
859 5767 984 5821 Ὀτι
1022 5766 1117 5820 καὶ
1160 5763 1380 5836 ἐτέρους
1419 5761 1708 5827 πλείστους
1742 5759 1919 5843 καθ-,λ

1971 4551 2230 4623 martyris
2267 4550 2413 4607 Petri
2461 4553 2816 4608 Alexandrini
2853 4570 3187 4622 successor,
3245 4557 3394 4614 hunc
3451 4576 3562 4614 non

1969 4645 2134 4698 modo
2154 4644 2208 4697 in
2236 4645 2682 4700 communionem
2715 4648 2914 4718 recepit
2942 4689 2956 4713 ,
2985 4650 3079 4704 sed
3111 4661 3162 4705 et
3182 4651 3563 4721 presbyterum

1970 4737 2118 4802 fecit,
2167 4754 2402 4808 eumque
2442 4739 2800 4796 Alexandrini
2852 4743 3119 4814 gymnasii
3157 4758 3341 4798 curam
3375 4761 3565 4814 gerere

1971 4830 2164 4884 voluit.
2218 4829 2515 4904 Entychem
2573 4847 2602 4887 a
2673 4844 2868 4890 sancto
2927 4835 3560 4906 Flztx'iant‘depositum,

1973 4921 2402 4987 Alexandrinus,
2461 4924 2867 4994 Antiocltemts,
2919 4938 2976 4983 et
3031 4928 3564 5000 Hierosolyt'nitanus

1974 5015 2216 5086 episcopi
2259 5026 2384 5088 post
2414 5016 2534 5088 ejus
2566 5019 2778 5075 obitum
2814 5021 2868 5075 in
2919 5037 3076 5076 suam
3134 5023 3379 5092 ipsorum
3407 5038 3565 5078 com-

1974 5109 2291 5164 munionem
2330 5125 2605 5179 recepere.
2643 5112 3070 5168 Sanctissimum
3107 5114 3564 5186 Chrysostomum

1975 5203 2345 5258 humanarum
2376 5203 2686 5261 animarum
2715 5208 2884 5261 solem
2933 5218 2988 5263 et
3021 5192 3292 5265 luminare
3324 5225 3355 5266 a
3381 5209 3564 5266 Theo-

1975 5297 2126 5366 philo
2155 5296 2404 5366 ejusdem
2450 5313 2575 5353 cum
2609 5300 2730 5370 ipso
2765 5299 2891 5355 ﬁdei
2919 5301 3200 5372 episcopo,
3233 5304 3448 5360 caeteris
3477 5320 3567 5376 ρας

1977 5389 2236 5446 triarchis
2271 5390 2461 5447 insciis
2483 5401 2650 5462 atque
2693 5393 3016 5451 inconsultis
3073 5395 3377 5467 (quomodo
3405 5413 3568 5470 passa

1979 5490 2064 5538 est
2086 5482 2408 5554 justitia?),
2442 5485 2794 5555 depositum,
2852 5486 3107 5544 universa
3165 5488 3413 5548 Ecclesia
3468 5506 3570 5562 pro

1979 5575 2240 5646 episcopo
2270 5576 2484 5643 habuit,
2525 5586 2582 5633 et
2603 5577 2850 5633 unanimi
2879 5594 3152 5637 consensu
3191 5583 3247 5638 in
3278 5599 3378 5639 sua
3411 5597 3568 5639 com-

1981 5667 2244 5723 munione
2264 5669 2512 5725 rctinuit.
2532 5667 2754 5725 Petrum
2785 5669 3288 5746 Melitiepiseopum
3317 5692 3347 5731 a
3378 5686 3572 5734 sancto

1920 5817 1928 5826 ,
1984 5760 2260 5821 Methodio
2313 5763 2438 5820 dam
2519 5771 2634 5820 tum
2698 5769 2861 5836 non:
2921 5765 3178 5839 odojnos
3211 5767 3570 5838 absolvimus,
