3928 6246
438 208 566 272 1231
1290 214 1590 276 PETRUS
1624 214 1947 277 SICULUS
1986 217 2082 278 ET
2120 218 2420 280 PETRUS
2458 219 2862 284 ARGORUM.
3551 234 3666 302 1232

435 323 530 379 sed
560 332 614 379 et
651 322 908 380 Sardium
942 327 1350 398 metr0politam
1387 330 1724 386 creavimus.
1776 330 1986 403 Deniqu

2134 334 2453 401 αιρεοέντας
2512 335 2608 390 ἐπὶ
2661 337 2977 408 ἐγκλήμασι
3047 335 3202 410 παρὰ
3253 337 3345 393 τοῦ
3397 342 3666 414 ἀγιωτάτου

431 416 570 472 alios
591 417 860 488 plurimos
889 419 958 475 ob
983 419 1182 476 delicta
1215 436 1243 475 a
1277 429 1468 478 sancto
1489 421 1703 493 lgnatio
1721 422 1982 494 deposito:

2144 425 2406 492 Ἰγνατίου
2437 428 2601 498 ἡμεῖς
2625 428 2952 500 ἐδεξάμεθα,
2998 429 3095 483 καὶ
3121 431 3250 496 τοὺς
3275 432 3362 502 ὑφ’
3390 436 3531 508 ἡμῶν
3553 441 3668 498 καθ.

431 522 533 563 nos
562 510 931 581 suscepimus,
982 512 1232 582 aliosque
1280 530 1308 567 a
1340 515 1502 568 nobis
1553 513 1834 584 depositos
1879 516 1982 572 idet

1819 532 1834 570 ς
1879 516 2025 572 idem
2128 516 2448 588 αιρεθέντας
2475 521 2504 572 ὁ
2539 519 2600 574 ὲν
2627 519 2808 589 ἁγίοις
2851 520 3109 590 Ἰγνάτιος
3136 521 3370 589 ἐδέξατο.

430 611 652 655 sanctus
684 600 926 671 Ignatius
963 604 1017 657 in
1052 605 1137 658 sui
1173 606 1619 660 communionem
1653 606 1877 678 recepit.

903 694 1429 754 INTERROGATIO
1489 697 1552 750 Χ.

2713 698 3056 753 ΕΡΩΤΗΣΙΣ
3085 701 3140 754 1'.

635 787 776 854 Quot
825 788 890 841 ab
922 791 1255 844 meumenicis
1283 790 1499 860 synodis
1537 789 1770 858 defecere
1793 792 1819 844 ?
1879 824 1884 834 ι
2121 791 2186 841 Πε

2121 790 2310 842 Πόσοι
2356 788 2480 843 τῶν
2517 789 2952 860 οὶκουμενικῶν
3000 790 3282 845 συνόδων
3311 792 3671 864 ἀπέστησαν;

1006 881 1412 939 BESPONSIO.

2709 884 3106 940 ΑΠΟΚΡΙΣΙΣ.

497 972 541 1026 Α
575 973 750 1044 prima
783 975 973 1046 utique
996 975 1406 1046 duodeviginti,
1441 986 1495 1032 et
1536 979 1588 1032 hi
1617 979 1838 1049 quidem
1877 979 2021 1034 cele-

2189 972 2302 1043 Τῆς
2339 973 2436 1043 μὲν
2473 972 2700 1046 πρώτης
2742 973 2888 1027 ὀκτὼ
2930 975 3027 1028 καὶ
3073 975 3209 1030 δέκα
3257 977 3307 1028 οἱ
3351 977 3668 1051 λογιωτέροι·

425 1065 657 1122 briores.
686 1065 879 1123 Plures
911 1083 1044 1124 vero
1078 1069 1146 1123 ab
1177 1069 1374 1136 altera,
1412 1071 1500 1141 qni
1549 1087 1655 1126 una
1687 1073 1976 1127 conveniet

2122 1065 2217 1136 τῆς
2249 1065 2307 1118 δὲ
2337 1065 2597 1138 δευτέρας
2641 1067 2908 1132 πλείονες,
2956 1068 3006 1122 οἳ
3067 1069 3162 1122 καὶ
3213 1069 3544 1136 συνελθόντες
3573 1072 3673 1144 ἅμα

425 1165 506 1213 tes
528 1159 746 1230 triginta
769 1177 860 1216 sex
887 1178 1176 1216 numerum
1195 1163 1503 1233 explebant.
1527 1166 1570 1219 A
1590 1166 1746 1220 tertia
1772 1166 1976 1236 triginta

2122 1156 2421 1229 τριάκοντα
2445 1161 2541 1214 καὶ
2567 1158 2626 1225 ἒξ
2655 1160 2893 1214 ἐτέλουν.
2927 1160 3038 1230 Τῆς
3071 1159 3264 1231 τρίτης
3294 1161 3576 1234 τριάκοντα
3595 1166 3673 1220 καὶ

423 1257 480 1305 et
502 1250 743 1319 pontifex
761 1253 1160 1309 Antiochenus.
1182 1254 1224 1306 A
1250 1262 1443 1324 quarta
1464 1255 1673 1310 infinita
1698 1256 1974 1311 multitudt

2121 1251 2150 1303 ὁ
2181 1250 2281 1319 τῆς
2340 1249 2689 1320 Ἀντιοχείας.
2736 1250 2848 1321 Τῆς
2893 1250 3160 1321 τετάρτης
3204 1249 3407 1322 πλῆθος
3453 1252 3671 1326 ἄπειρον,

423 1343 537 1399 imo
564 1353 617 1398 et
648 1360 842 1401 omnes
879 1349 973 1416 qui
1017 1346 1280 1403 Dioscoro
1315 1348 1642 1414 studebant,
1673 1349 1878 1420 quique
1914 1364 1974 1404 ne

2122 1343 2216 1398 καὶ
2255 1345 2302 1397 οξ
2337 1343 2434 1398 τοῦ
2463 1343 2793 1417 Διοσκούρου
2825 1345 3047 1412 πάντες,
3078 1343 3128 1397 οἳ
3154 1343 3264 1398 οὐδ’
3296 1344 3619 1417 ὑπέγραψαν.

420 1436 886 1506 subscripserunt.

427 1623 3671 1668 Μ

1459 1803 1648 1847 ANNIS
1682 1803 1914 1847 DOMINI
1935 1802 2240 1848 DCCCLIX
2270 1821 2346 1830 --
2371 1805 2651 1852 ΒΩΟΕΧΟ.’

1058 1925 1942 2170 ΡΕΤΒΠΞ
2074 1987 2609 2172 SICU]

1493 1989 1942 2170 ‘RUS
2074 1987 3044 2202 SICULUS,

769 2478 1444 2648 PETRUS,
1525 2479 2312 2616 ARGORUM
2379 2466 3326 2636 ‘EPISCOPUS.

1769 2901 2321 2997 NOTITIA.

1247 3097 1666 3168 (Moncn‘omus,
1698 3096 2031 3153 Bibliotheca
2062 3098 2251 3155 Sicula
2280 3109 2317 3155 t.
2351 3098 2416 3168 1|,
2445 3116 2567 3172 pag.
2608 3099 2893 3172 158-160.)

459 3411 653 3470 Petrus
683 3411 929 3478 Siculus,
977 3412 1050 3467 ita
1094 3410 1276 3466 dictus
1322 3410 1452 3480 quia
1485 3410 1536 3464 in
1587 3409 1776 3466 Sicilia
1800 3410 2004 3478 fortus,
2056 3412 2140 3466 vir
2174 3427 2373 3483 genere
2405 3412 2609 3478 clarus,
2651 3409 3005 3467 doctissimus
3033 3426 3097 3466 ac
3142 3412 3554 3476 celeberrimus.
3596 3415 3659 3473 Ut

386 3501 790 3558 Saracenorum
830 3499 1172 3572 tyrannidem
1218 3499 1272 3552 in
1323 3497 1511 3553 Sicilia
1549 3497 2019 3554 incrndescentem
2061 3501 2383 3564 declinaret,
2433 3501 2486 3555 in
2519 3498 2798 3555 Orientem
2831 3499 2969 3570 fugit
2998 3515 3142 3555 anno
3171 3500 3300 3570 850,
3360 3517 3426 3558 ex
3447 3501 3656 3561 Octavio

381 3590 624 3644 Gaetano
677 3589 730 3643 in
769 3587 1022 3643 Animad.
1070 3587 1138 3640 ad
1173 3597 1299 3641 tom.
1339 3584 1398 3639 ll
1435 3583 1538 3640 SS.
1575 3584 1808 3640 Siculor.
1840 3603 1964 3657 pag.
2002 3589 2088 3653 18,
2131 3590 2202 3642 ibi
2235 3591 2554 3644 diuturnam
2601 3588 2865 3658 protraxit
2898 3603 3149 3655 moram;
3195 3599 3252 3644 et
3297 3591 3371 3646 ob
3411 3592 3655 3648 eximiam

382 3679 693 3733 doctrinam
730 3678 935 3733 Basilio
967 3677 1283 3746 imperatori
1306 3675 1537 3745 ejusque
1575 3675 1703 3732 filiis
1724 3675 2090 3732 Constantino
2119 3688 2171 3732 et
2214 3677 2379 3732 Leoni
2410 3677 2759 3746 gratissimus
2810 3676 2929 3731 fuit.
2965 3679 3122 3747 Apud
3183 3679 3336 3749 ipsos
3370 3695 3653 3750 permagna

379 3767 553 3821 valuit
582 3767 929 3830 auctoritate,
971 3767 1065 3836 qui
1113 3775 1168 3819 ct
1227 3765 1508 3820 nonnullis
1539 3765 1822 3821 beneficiis
1875 3765 2097 3820 Petrum
2151 3774 2511 3820 exornarunt.
2543 3763 2626 3819 Ab
2654 3765 2786 3834 ipsis
2830 3764 3041 3834 legatus
3088 3765 3296 3822 missus
3333 3765 3651 3822 Timbricam

377 3855 650 3910 Armeniae
680 3855 870 3909 urbem
895 3869 1041 3908 anno
1069 3854 1194 3919 870,
1232 3862 1290 3908 ut
1316 3854 1560 3923 captivos
1585 3854 1796 3910 Christi
1843 3854 2030 3909 lidcles
2074 3863 2436 3925 permutaret,
2472 3853 2659 3923 ibique
2689 3853 3027 3908 nonimestre
3071 3855 3310 3922 spatium
3345 3857 3542 3926 exegit,
3593 3871 3652 3912 ac

377 3945 764 4000 demandatam
796 3945 899 3999 sibi
953 3944 1291 4011 provinciam
1328 3943 1562 3998 feliciter
1595 3941 1850 4000 absolvit.
1889 3943 2030 3999 Cum
2089 3953 2272 3996 autem
2318 3943 2534 4012 plenam
2563 3942 2790 3996 ltaaresis
2818 3933 3252 3996 Manichawrum
3286 3944 3648 4015 cognitionem

377 4034 700 4102 accepisset,
732 4032 894 4102 hujus
919 4032 1203 4086 historiam
1237 4031 1455 4100 scripsit
1481 4045 1809 4100 erroresque
1835 4029 1996 4087 docte
2032 4031 2390 4101 impugnavit.
2415 4033 2487 4085 De
2514 4048 2580 4086 eo
2609 4029 2898 4096 Baronius,
2929 4039 3062 4085 tom.
3089 4029 3141 4084 X
3175 4031 3379 4087 Annal.
3413 4048 3501 4088 an.
3531 4032 3646 4099 870,

373 4137 430 4175 n.
473 4119 594 4188 66.;
630 4120 792 4189 hujus
820 4121 984 4174 etiam
1018 4119 1268 4173 meminit
1305 4127 1438 4174 tom.
1477 4117 1606 4181 Vlll,
1638 4135 1726 4172 an.
1762 4117 1890 4183 655,

2095 4161 2106 4173 .
2141 4121 2212 4174 At
2251 4129 2383 4174 tom.
2439 4118 2531 4184 IX,
2561 4134 2694 4173 ann.
2726 4118 2854 4184 722,
2893 4135 2949 4174 n.
2985 4121 3052 4183 1;
3080 4135 3228 4174 anno
3255 4120 3386 4188 810,
3419 4139 3475 4176 n.
3517 4121 3570 4186 4,
3599 4130 3646 4176 et

371 4230 462 4270 an.
497 4213 624 4278 685,
657 4230 711 4268 n.
743 4213 797 4273 2,
836 4211 1040 4267 Lucam
1074 4210 1320 4266 Siculum
1353 4219 1532 4266 vocat.
1566 4209 1642 4264 De
1671 4225 1738 4264 eo
1767 4210 1933 4266 etiam
1983 4209 2260 4264 Caetanus
2305 4208 2398 4262 cit.
2429 4222 2555 4277 pag.
2593 4207 2660 4262 18
2689 4212 2744 4261 et
2799 4207 2908 4273 9.7;
2963 4204 3306 4265 Possevinus
3356 4209 3414 4264 in
3451 4213 3642 4280 Appar.

371 4302 525 4358 Sacr.
565 4311 698 4356 tom.
734 4301 822 4365 111,
861 4316 982 4371 pag.
1018 4299 1107 4355 69.
1144 4299 1214 4355 At
1242 4308 1375 4354 tom.
1409 4297 1469 4363 ll,
1507 4316 1633 4369 pag.
1669 4298 1796 4365 554,
1835 4299 1941 4353 sub
1990 4297 2152 4352 Luca:
2184 4295 2352 4351 Siculi
2411 4295 2676 4363 nomine;
2717 4294 2998 4350 diversum
3047 4297 3193 4351 enim
3248 4296 3458 4354 Lucam
3491 4299 3642 4354 Sicu-

371 4392 482 4446 lum
519 4407 548 4445 a
578 4389 743 4445 Petro
777 4389 962 4445 Siculo
999 4405 1064 4445 ex
1097 4389 1316 4444 Baronii
1347 4404 1533 4443 errore
1564 4390 1778 4457 putavit
1809 4404 1824 4442 :
1851 4387 1946 4442 sed
1990 4396 2049 4442 ut
2077 4384 2490 4441 oculatissimus
2526 4383 2805 4439 Gerardus
2836 4381 2926 4440 εἷο.
2963 4382 3195 4441 Vossius
3231 4386 3312 4440 De
3339 4388 3468 4444 hist.
3498 4385 3640 4443 Cne-

367 4481 463 4545 cis,
489 4479 582 4535 lib.
620 4495 694 4544 ιν,
729 4493 850 4548 cap.
879 4478 964 4544 19,
995 4494 1049 4549 p.
1081 4477 1208 4538 400.
1237 4465 1812 4532 Casin'tirus0m1inus
1850 4475 1903 4529 in
1929 4475 2302 4545 Supplementa
2335 4475 2405 4528 ad
2426 4472 2810 4528 Bellarminum
2849 4472 2923 4528 De
2960 4475 3210 4544 scriptor.
3250 4460 3638 4543 ecclesiasticis;

362 4585 485 4642 pag.
528 4567 654 4634 261,
684 4575 738 4621 et
785 4565 1044 4622 Nicolaus
1075 4567 1348 4620 Antonius
1396 4565 1448 4618 in
1494 4563 1752 4619 Biblioth.
1800 4563 2047 4633 Hispana
2077 4572 2179 4630 uel.
2227 4573 2360 4618 tom.
2388 4564 2427 4628 l,
2459 4563 2554 4618 lib.
2587 4578 2643 4629 v,
2671 4577 2791 4633 cap.
2825 4561 2878 4628 7,
2924 4580 2981 4619 n.
3017 4562 3143 4630 595,
3173 4565 3636 4632 animadvertunt,

362 4659 508 4714 idem
544 4665 645 4712 est.
682 4654 817 4711 Vide
844 4657 1008 4711 etiam
1039 4653 1306 4707 Joannem
1342 4651 1667 4706 Bollandum
1700 4653 1754 4706 in
1778 4652 1924 4706 Actis
1958 4650 2055 4706 SS.
2087 4651 2340 4707 Januarii
2391 4661 2523 4706 tom.
2555 4650 2597 4706 ll
2631 4652 2717 4706 die
2761 4652 2852 4707 25.
2888 4651 3116 4716 Januar,
3156 4651 3339 4719 “25;
3375 4653 3638 4710 Hautber-

358 4758 473 4801 tum
501 4746 770 4811 Μὶνωιιιιι,
804 4744 857 4798 in
884 4745 1107 4797 Auctar.
1160 4733 1420 4795 Biblioth.
1472 4739 1677 4794 Eccles.
1751 4756 1872 4811 cap.
1896 4739 2023 4804 9.56,
2060 4756 2112 4810 p.
2168 4740 2311 4796 230:
2349 4739 2663 4795 Matthteum
2711 4740 2986 4796 Raderum
3021 4743 3072 4795 in
3109 4740 3371 4796 Observat
3406 4743 3475 4797 ad
3514 4744 3632 4798 hist.

355 4835 506 4890 Petri
535 4833 705 4890 Siculi
730 4828 829 4903 ﬁni
863 4833 916 4886 in
957 4831 1187 4885 dubium
1219 4837 1442 4884 revocat
1486 4829 1628 4883 sitne
1656 4829 1764 4894 ille,
1798 4845 1961 4899 quem
1999 4828 2240 4883 Joannes
2267 4829 2621 4898 Carapotales
2652 4829 2705 4883 in
2749 4845 2862 4883 suae
2915 4829 3162 4884 historia:
3188 4831 3447 4896 exordio,
3481 4831 3632 4886 Sicu-

354 4927 467 4978 lum
513 4923 840 4993 magistrum
880 4933 1058 4987 vocet,
1087 4929 1140 4973 ct
1197 4917 1420 4974 Petrum
1468 4916 1715 4972 Siculum
1763 4918 2174 4988 intelligendum
2218 4916 2552 4985 suspicatur.
2600 4917 2669 4971 At
2702 4917 2979 4972 Caetanus
3022 4917 3115 4972 cit.
3160 4933 3216 4988 p.
3256 4917 3350 4985 18,
3387 4929 3540 4990 putat
3567 4919 3630 4976 de

353 5013 615 5068 Michaelc
644 5011 808 5082 Glyca
837 5007 1099 5063 historico
1142 5005 1327 5060 Siculo
1367 5005 1540 5074 accipi
1574 5005 1794 5072 debere,
1849 5007 1997 5075 quod
2048 5019 2112 5060 ex
2144 5006 2429 5076 utriusque
2459 5006 2703 5061 historiae
2739 5006 2843 5060 fine
2874 5006 3039 5076 plane
3056 5005 3358 5076 colligitur.
3399 5006 3624 5064 Vossius

347 5111 479 5150 vero
510 5097 601 5150 cit.
643 5095 700 5148 in
733 5093 952 5146 Addict.
982 5107 1104 5160 pag.
1139 5087 1262 5153 542,
1297 5088 1554 5143 dubitans
1590 5104 1657 5142 an
1689 5088 1778 5143 hic
1825 5091 2085 5161 magister
2112 5092 2331 5148 Siculus
2363 5095 2678 5164 Carapotali
2709 5102 2763 5150 et
2815 5095 3066 5150 Cedreno
3096 5098 3146 5150 in
3200 5094 3465 5151 Exordiis
3499 5099 3620 5153 hist.

349 5191 710 5246 memoratus,
743 5179 1064 5236 sitMichael
1093 5177 1312 5249 Glycas,
1347 5175 1540 5232 Petrus
1575 5175 1813 5244 Siculus,
1847 5194 1913 5234 an
1944 5179 2186 5238 Joannes
2229 5181 2472 5249 Siculus,
2509 5183 2869 5238 verisimilius
2899 5193 3058 5254 putat
3099 5184 3165 5239 de
3191 5182 3413 5240 Joanne
3438 5187 3621 5242 Siculo

351 5272 574 5342 intelligi
605 5291 618 5338 ;
661 5281 714 5326 at
749 5269 841 5324 lib.
868 5285 942 5335 tv,
977 5283 1100 5338 cap.
1131 5266 1221 5332 2|,
1263 5281 1384 5336 pag.
1417 5265 1541 5327 490,
1579 5267 1645 5320 de
1675 5266 1886 5323 Joanne
1917 5268 2105 5324 Siculo
2147 5271 2406 5325 historico
2439 5271 2688 5326 scribens
2717 5272 2792 5325 ait
2821 5289 2834 5325 :
2863 5271 3168 5341 Philippum
3202 5270 3528 5339 Labbmum,
3563 5274 3618 5327 in

342 5361 704 5416 Delineatione
737 5367 1025 5430 apparatus
1049 5356 1117 5410 ad
1148 5355 1427 5408 historiam
1456 5353 1833 5424 Byzantinam,
1872 5372 1925 5426 p.
1949 5359 2039 5424 4.1,
2070 5362 2199 5416 alibi
2235 5361 2437 5416 nodum
2476 5363 2623 5416 hunc
2667 5361 3068 5417 dissoluturum
3100 5363 3445 5433 promisisse.
3487 5362 3616 5418 Vide

339 5452 504 5506 etiam
543 5447 906 5503 Franciscum
944 5446 1204 5500 Scorsum
1235 5443 1288 5496 in
1319 5441 1562 5510 Epistola
1603 5445 1669 5496 ad
1699 5441 1982 5500 Lectorcm
2017 5447 2220 5504 Homil.
2255 5449 2501 5521 Theoph.
2539 5450 2835 5515 Ceramaai;
2875 5449 3182 5520 Philippum
3221 5449 3519 5506 Labbzeum
3555 5451 3606 5504 in

340 5539 443 5595 SS.
499 5536 753 5602 Patrum,
798 5544 903 5590 etc.
941 5532 1274 5588 Bibliotheca
1319 5530 1570 5584 (.‘hronol.
1608 5547 1662 5600 p.
1711 5533 1844 5600 106;
1883 5536 2232 5592 Guillclmum
2255 5541 2416 5605 Cave,
2462 5540 2517 5593 in
2547 5539 2808 5607 Scriptor.
2841 5536 3154 5592 Ecclesiast.
3186 5539 3384 5593 histor.
3422 5540 3604 5604 littera,

340 5645 432 5682 an.
469 5627 595 5693 870,
626 5643 680 5696 p.
713 5624 850 5691 592;
884 5623 1021 5678 Lud.
1051 5621 1346 5676 Morcrium
1381 5620 1433 5674 in
1469 5618 1608 5681 ωσι.
1653 5631 1785 5676 tom.
1820 5623 1884 5684 Il.
1915 5641 1966 5697 ρ.
1991 5625 2133 5695 857;
2166 5637 2220 5682 et
2254 5628 2314 5682 L.
2353 5629 2514 5684 Ellies
2546 5627 2741 5698 Dupin,
2777 5629 2830 5682 in
2893 5625 3144 5682 Biblioth.
3179 5636 3396 5682 auctor.
3423 5626 3600 5682 cedes.

341 5735 470 5777 tom.
501 5721 640 5786 Vill,
674 5735 793 5790 cap.
831 5720 916 5782 17,
956 5733 1075 5788 pag.
1123 5716 1246 5772 104.
