  <div class='ocr_page' id='page_1' title='image "/cluster/home/n/w/nwhite01/storage/ocr_20150623/104 pt.4/mdp.39015061931229/628.png"; bbox 0 0 3702 6240; ppageno 0'>
   <div class='ocr_carea' id='block_1_1' title="bbox 62 328 3387 411">
    <p class='ocr_par' dir='ltr' id='par_1_1' title="bbox 62 328 3387 411">
     <span class='ocr_line' id='line_1_1' title="bbox 62 328 3387 411; baseline 0.004 -15"><span class='ocrx_word' id='word_1_1' title='bbox 62 328 220 397; x_wconf 76' lang='grc'>1237</span> <span class='ocrx_word' id='word_1_2' title='bbox 923 336 1290 399; x_wconf 77' lang='lat' dir='ltr'><strong>MONITUM</strong></span> <span class='ocrx_word' id='word_1_3' title='bbox 1330 337 1414 399; x_wconf 88' lang='lat' dir='ltr'><strong>IN</strong></span> <span class='ocrx_word' id='word_1_4' title='bbox 1453 336 1889 398; x_wconf 82' lang='lat' dir='ltr'><strong>HISTORIAM</strong></span> <span class='ocrx_word' id='word_1_5' title='bbox 1926 339 2544 403; x_wconf 77' lang='lat' dir='ltr'><strong>MANICIUEORUM.</strong></span> <span class='ocrx_word' id='word_1_6' title='bbox 3252 344 3387 411; x_wconf 74' lang='lat'><strong>19.38</strong></span> 
     </span>
    </p>
   </div>
   <div class='ocr_carea' id='block_1_2' title="bbox 66 452 3383 526">
    <p class='ocr_par' dir='ltr' id='par_1_2' title="bbox 66 452 3383 526">
     <span class='ocr_line' id='line_1_2' title="bbox 66 452 3383 526; baseline 0.002 -17"><span class='ocrx_word' id='word_1_7' title='bbox 66 454 348 511; x_wconf 89' lang='lat' dir='ltr'><strong>ineditus</strong></span> <span class='ocrx_word' id='word_1_8' title='bbox 388 453 457 510; x_wconf 89' lang='lat' dir='ltr'><strong>de</strong></span> <span class='ocrx_word' id='word_1_9' title='bbox 495 452 733 524; x_wconf 77' lang='lat' dir='ltr'><strong>Spiritus</strong></span> <span class='ocrx_word' id='word_1_10' title='bbox 761 454 941 509; x_wconf 82' lang='lat' dir='ltr'><strong>sancti</strong></span> <span class='ocrx_word' id='word_1_11' title='bbox 975 454 1351 524; x_wconf 88' lang='lat' dir='ltr'><strong>processione,</strong></span> <span class='ocrx_word' id='word_1_12' title='bbox 1387 469 1571 510; x_wconf 86' lang='lat' dir='ltr'><strong>nonne</strong></span> <span class='ocrx_word' id='word_1_13' title='bbox 1614 454 1670 509; x_wconf 92' lang='lat' dir='ltr'><strong>in</strong></span> <span class='ocrx_word' id='word_1_14' title='bbox 1711 460 1997 526; x_wconf 86' lang='lat' dir='ltr'><strong>pervetere</strong></span> <span class='ocrx_word' id='word_1_15' title='bbox 2036 454 2227 514; x_wconf 85' lang='lat' dir='ltr'><strong>codice</strong></span> <span class='ocrx_word' id='word_1_16' title='bbox 2273 456 2540 515; x_wconf 80' lang='lat' dir='ltr'><strong>Vaticano</strong></span> <span class='ocrx_word' id='word_1_17' title='bbox 2572 459 2892 516; x_wconf 75' lang='lat' dir='ltr'><strong>inscribitur</strong></span> <span class='ocrx_word' id='word_1_18' title='bbox 2932 462 3147 517; x_wconf 87' lang='lat' dir='ltr'><strong>auctori</strong></span> <span class='ocrx_word' id='word_1_19' title='bbox 3176 460 3383 516; x_wconf 73' lang='lat' dir='ltr'><strong>)fetro-</strong></span> 
     </span>
    </p>
   </div>
   <div class='ocr_carea' id='block_1_3' title="bbox 70 541 1488 615">
    <p class='ocr_par' dir='ltr' id='par_1_3' title="bbox 70 541 1488 615">
     <span class='ocr_line' id='line_1_3' title="bbox 70 541 1488 615; baseline 0.001 -18"><span class='ocrx_word' id='word_1_20' title='bbox 70 544 269 615; x_wconf 88' lang='lat' dir='ltr'><strong>phani</strong></span> <span class='ocrx_word' id='word_1_21' title='bbox 312 541 669 615; x_wconf 86' lang='lat' dir='ltr'><strong>Smyrnarum</strong></span> <span class='ocrx_word' id='word_1_22' title='bbox 704 548 863 597; x_wconf 87' lang='lat' dir='ltr'><strong>aetate</strong></span> <span class='ocrx_word' id='word_1_23' title='bbox 891 542 1151 613; x_wconf 88' lang='lat' dir='ltr'><strong>photiana</strong></span> <span class='ocrx_word' id='word_1_24' title='bbox 1182 543 1488 614; x_wconf 78' lang='lat' dir='ltr'><strong>episcopo?</strong></span> 
     </span>
    </p>
   </div>
   <div class='ocr_carea' id='block_1_4' title="bbox 67 629 3382 710">
    <p class='ocr_par' dir='ltr' id='par_1_4' title="bbox 67 629 3382 710">
     <span class='ocr_line' id='line_1_4' title="bbox 67 629 3382 710; baseline 0.003 -25"><span class='ocrx_word' id='word_1_25' title='bbox 67 647 91 673; x_wconf 62' lang='grc' dir='ltr'><strong>ι</strong></span> <span class='ocrx_word' id='word_1_26' title='bbox 148 631 214 686; x_wconf 81' lang='lat'><strong>2.</strong></span> <span class='ocrx_word' id='word_1_27' title='bbox 263 630 429 686; x_wconf 83' lang='lat' dir='ltr'><strong>Nunc</strong></span> <span class='ocrx_word' id='word_1_28' title='bbox 474 638 533 685; x_wconf 94' lang='lat' dir='ltr'><strong>ut</strong></span> <span class='ocrx_word' id='word_1_29' title='bbox 578 629 644 685; x_wconf 88' lang='lat' dir='ltr'><strong>ad</strong></span> <span class='ocrx_word' id='word_1_30' title='bbox 692 644 807 685; x_wconf 89' lang='lat' dir='ltr'><strong>rem</strong></span> <span class='ocrx_word' id='word_1_31' title='bbox 857 637 1102 685; x_wconf 90' lang='lat' dir='ltr'><strong>nostram</strong></span> <span class='ocrx_word' id='word_1_32' title='bbox 1152 630 1405 699; x_wconf 89' lang='lat' dir='ltr'><strong>proprius</strong></span> <span class='ocrx_word' id='word_1_33' title='bbox 1460 631 1824 700; x_wconf 77' lang='lat' dir='ltr'><strong>accedamus,</strong></span> <span class='ocrx_word' id='word_1_34' title='bbox 1888 634 2335 693; x_wconf 86' lang='lat' dir='ltr'><strong>Paulicianorum</strong></span> <span class='ocrx_word' id='word_1_35' title='bbox 2385 637 2469 693; x_wconf 88' lang='lat' dir='ltr'><strong>sui</strong></span> <span class='ocrx_word' id='word_1_36' title='bbox 2518 637 2786 710; x_wconf 90' lang='lat' dir='ltr'><strong>temporis</strong></span> <span class='ocrx_word' id='word_1_37' title='bbox 2824 637 3241 705; x_wconf 66' lang='lat' dir='ltr'><strong>haereticorum,</strong></span> <span class='ocrx_word' id='word_1_38' title='bbox 3287 639 3382 709; x_wconf 91' lang='lat' dir='ltr'><strong>qui</strong></span> 
     </span>
    </p>
   </div>
   <div class='ocr_carea' id='block_1_5' title="bbox 70 717 3384 797">
    <p class='ocr_par' dir='ltr' id='par_1_5' title="bbox 70 717 3384 797">
     <span class='ocr_line' id='line_1_5' title="bbox 70 717 3384 797; baseline 0.002 -22"><span class='ocrx_word' id='word_1_39' title='bbox 70 718 499 776; x_wconf 83' lang='lat' dir='ltr'><strong>Manichaicam</strong></span> <span class='ocrx_word' id='word_1_40' title='bbox 537 718 854 774; x_wconf 81' lang='lat' dir='ltr'><strong>doctrinam</strong></span> <span class='ocrx_word' id='word_1_41' title='bbox 898 717 1312 787; x_wconf 86' lang='lat' dir='ltr'><strong>proﬁtebantur,</strong></span> <span class='ocrx_word' id='word_1_42' title='bbox 1349 719 1634 775; x_wconf 85' lang='lat' dir='ltr'><strong>historiam</strong></span> <span class='ocrx_word' id='word_1_43' title='bbox 1668 722 1893 794; x_wconf 86' lang='lat' dir='ltr'><strong>scripsit</strong></span> <span class='ocrx_word' id='word_1_44' title='bbox 1921 724 2118 779; x_wconf 84' lang='lat' dir='ltr'><strong>Petrus</strong></span> <span class='ocrx_word' id='word_1_45' title='bbox 2163 740 2271 781; x_wconf 89' lang='lat' dir='ltr'><strong>uno</strong></span> <span class='ocrx_word' id='word_1_46' title='bbox 2306 725 2449 781; x_wconf 91' lang='lat' dir='ltr'><strong>libro</strong></span> <span class='ocrx_word' id='word_1_47' title='bbox 2484 726 2978 797; x_wconf 84' lang='lat' dir='ltr'><strong>comprehensam;</strong></span> <span class='ocrx_word' id='word_1_48' title='bbox 3017 741 3183 797; x_wconf 88' lang='lat' dir='ltr'><strong>quam</strong></span> <span class='ocrx_word' id='word_1_49' title='bbox 3218 725 3384 783; x_wconf 81' lang='lat' dir='ltr'><strong>altius</strong></span> 
     </span>
    </p>
   </div>
   <div class='ocr_carea' id='block_1_6' title="bbox 66 805 3382 886">
    <p class='ocr_par' dir='ltr' id='par_1_6' title="bbox 66 805 3382 886">
     <span class='ocr_line' id='line_1_6' title="bbox 66 805 3382 886; baseline 0.002 -22"><span class='ocrx_word' id='word_1_50' title='bbox 66 817 352 880; x_wconf 81' lang='lat' dir='ltr'><strong>repetens</strong></span> <span class='ocrx_word' id='word_1_51' title='bbox 384 818 440 864; x_wconf 90' lang='lat' dir='ltr'><strong>ut</strong></span> <span class='ocrx_word' id='word_1_52' title='bbox 466 807 577 879; x_wconf 90' lang='lat' dir='ltr'><strong>jam</strong></span> <span class='ocrx_word' id='word_1_53' title='bbox 604 807 868 873; x_wconf 82' lang='lat' dir='ltr'><strong>diximus,</strong></span> <span class='ocrx_word' id='word_1_54' title='bbox 900 806 970 861; x_wconf 88' lang='lat' dir='ltr'><strong>ab</strong></span> <span class='ocrx_word' id='word_1_55' title='bbox 999 805 1210 863; x_wconf 83' lang='lat' dir='ltr'><strong>Manete</strong></span> <span class='ocrx_word' id='word_1_56' title='bbox 1248 808 1390 878; x_wconf 84' lang='lat' dir='ltr'><strong>ipso,</strong></span> <span class='ocrx_word' id='word_1_57' title='bbox 1421 808 1533 865; x_wconf 90' lang='lat' dir='ltr'><strong>imo</strong></span> <span class='ocrx_word' id='word_1_58' title='bbox 1568 818 1623 865; x_wconf 90' lang='lat' dir='ltr'><strong>et</strong></span> <span class='ocrx_word' id='word_1_59' title='bbox 1662 820 1807 866; x_wconf 90' lang='lat' dir='ltr'><strong>retro</strong></span> <span class='ocrx_word' id='word_1_60' title='bbox 1842 812 2207 883; x_wconf 83' lang='lat' dir='ltr'><strong>aliquantum,</strong></span> <span class='ocrx_word' id='word_1_61' title='bbox 2240 828 2469 869; x_wconf 79' lang='lat' dir='ltr'><strong>exorsus</strong></span> <span class='ocrx_word' id='word_1_62' title='bbox 2502 823 2606 872; x_wconf 91' lang='lat' dir='ltr'><strong>est.</strong></span> <span class='ocrx_word' id='word_1_63' title='bbox 2648 811 2762 870; x_wconf 83' lang='lat' dir='ltr'><strong>Hac</strong></span> <span class='ocrx_word' id='word_1_64' title='bbox 2808 814 3151 881; x_wconf 88' lang='lat' dir='ltr'><strong>elucubrata,</strong></span> <span class='ocrx_word' id='word_1_65' title='bbox 3190 814 3382 886; x_wconf 88' lang='lat' dir='ltr'><strong>reique</strong></span> 
     </span>
    </p>
   </div>
   <div class='ocr_carea' id='block_1_7' title="bbox 70 896 3382 972">
    <p class='ocr_par' dir='ltr' id='par_1_7' title="bbox 70 896 3382 972">
     <span class='ocr_line' id='line_1_7' title="bbox 70 896 3382 972; baseline 0.002 -22"><span class='ocrx_word' id='word_1_66' title='bbox 70 905 428 967; x_wconf 84' lang='lat' dir='ltr'><strong>argumento</strong></span> <span class='ocrx_word' id='word_1_67' title='bbox 459 896 735 966; x_wconf 85' lang='lat' dir='ltr'><strong>exposito,</strong></span> <span class='ocrx_word' id='word_1_68' title='bbox 768 910 860 951; x_wconf 80' lang='lat' dir='ltr'><strong>sex</strong></span> <span class='ocrx_word' id='word_1_69' title='bbox 891 896 1087 952; x_wconf 90' lang='lat' dir='ltr'><strong>deinde</strong></span> <span class='ocrx_word' id='word_1_70' title='bbox 1117 911 1405 953; x_wconf 90' lang='lat' dir='ltr'><strong>sermones</strong></span> <span class='ocrx_word' id='word_1_71' title='bbox 1441 897 1807 963; x_wconf 86' lang='lat' dir='ltr'><strong>continuavit,</strong></span> <span class='ocrx_word' id='word_1_72' title='bbox 1851 900 2055 970; x_wconf 89' lang='lat' dir='ltr'><strong>quibus</strong></span> <span class='ocrx_word' id='word_1_73' title='bbox 2082 902 2357 972; x_wconf 90' lang='lat' dir='ltr'><strong>pessimos</strong></span> <span class='ocrx_word' id='word_1_74' title='bbox 2390 911 2555 958; x_wconf 85' lang='lat' dir='ltr'><strong>sectae</strong></span> <span class='ocrx_word' id='word_1_75' title='bbox 2599 918 2819 959; x_wconf 90' lang='lat' dir='ltr'><strong>errores</strong></span> <span class='ocrx_word' id='word_1_76' title='bbox 2846 903 3078 958; x_wconf 85' lang='lat' dir='ltr'><strong>viriliter</strong></span> <span class='ocrx_word' id='word_1_77' title='bbox 3102 901 3382 959; x_wconf 89' lang='lat' dir='ltr'><strong>refutavit.</strong></span> 
     </span>
    </p>
   </div>
   <div class='ocr_carea' id='block_1_8' title="bbox 74 985 3385 1059">
    <p class='ocr_par' dir='ltr' id='par_1_8' title="bbox 74 985 3385 1059">
     <span class='ocr_line' id='line_1_8' title="bbox 74 985 3385 1059; baseline 0.002 -19"><span class='ocrx_word' id='word_1_78' title='bbox 74 985 138 1042; x_wconf 84' lang='lat' dir='ltr'><strong>Id</strong></span> <span class='ocrx_word' id='word_1_79' title='bbox 174 1002 327 1043; x_wconf 91' lang='lat' dir='ltr'><strong>vero</strong></span> <span class='ocrx_word' id='word_1_80' title='bbox 359 994 627 1059; x_wconf 69' lang='lat' dir='ltr'><strong>praestans</strong></span> <span class='ocrx_word' id='word_1_81' title='bbox 652 1000 792 1057; x_wconf 89' lang='lat' dir='ltr'><strong>opus</strong></span> <span class='ocrx_word' id='word_1_82' title='bbox 819 985 873 1040; x_wconf 93' lang='lat' dir='ltr'><strong>in</strong></span> <span class='ocrx_word' id='word_1_83' title='bbox 905 986 1070 1042; x_wconf 90' lang='lat' dir='ltr'><strong>unico</strong></span> <span class='ocrx_word' id='word_1_84' title='bbox 1105 995 1487 1042; x_wconf 89' lang='lat' dir='ltr'><strong>conservatum</strong></span> <span class='ocrx_word' id='word_1_85' title='bbox 1516 987 1638 1054; x_wconf 86' lang='lat' dir='ltr'><strong>fuit,</strong></span> <span class='ocrx_word' id='word_1_86' title='bbox 1670 997 1940 1058; x_wconf 90' lang='lat' dir='ltr'><strong>quantum</strong></span> <span class='ocrx_word' id='word_1_87' title='bbox 1976 989 2243 1047; x_wconf 83' lang='lat' dir='ltr'><strong>hactenus</strong></span> <span class='ocrx_word' id='word_1_88' title='bbox 2269 999 2506 1057; x_wconf 88' lang='lat' dir='ltr'><strong>constat,</strong></span> <span class='ocrx_word' id='word_1_89' title='bbox 2540 988 2808 1047; x_wconf 91' lang='lat' dir='ltr'><strong>Vaticano</strong></span> <span class='ocrx_word' id='word_1_90' title='bbox 2843 991 3032 1047; x_wconf 87' lang='lat' dir='ltr'><strong>codice</strong></span> <span class='ocrx_word' id='word_1_91' title='bbox 3054 990 3178 1057; x_wconf 84' lang='lat' dir='ltr'><strong>5H,</strong></span> <span class='ocrx_word' id='word_1_92' title='bbox 3209 1005 3385 1046; x_wconf 89' lang='lat' dir='ltr'><strong>mem-</strong></span> 
     </span>
    </p>
   </div>
   <div class='ocr_carea' id='block_1_9' title="bbox 75 1075 3384 1154">
    <p class='ocr_par' dir='ltr' id='par_1_9' title="bbox 75 1075 3384 1154">
     <span class='ocr_line' id='line_1_9' title="bbox 75 1075 3384 1154; baseline 0.002 -23"><span class='ocrx_word' id='word_1_93' title='bbox 75 1075 337 1143; x_wconf 86' lang='lat' dir='ltr'><strong>braneo,</strong></span> <span class='ocrx_word' id='word_1_94' title='bbox 369 1083 580 1141; x_wconf 77' lang='lat' dir='ltr'><strong>vetere,</strong></span> <span class='ocrx_word' id='word_1_95' title='bbox 615 1086 666 1130; x_wconf 83' lang='lat' dir='ltr'><strong>et</strong></span> <span class='ocrx_word' id='word_1_96' title='bbox 694 1075 763 1130; x_wconf 87' lang='lat' dir='ltr'><strong>ab</strong></span> <span class='ocrx_word' id='word_1_97' title='bbox 795 1075 1040 1130; x_wconf 89' lang='lat' dir='ltr'><strong>auctoris</strong></span> <span class='ocrx_word' id='word_1_98' title='bbox 1078 1075 1418 1145; x_wconf 85' lang='lat' dir='ltr'><strong>temporibus</strong></span> <span class='ocrx_word' id='word_1_99' title='bbox 1450 1091 1646 1146; x_wconf 91' lang='lat' dir='ltr'><strong>parum</strong></span> <span class='ocrx_word' id='word_1_100' title='bbox 1678 1079 1936 1136; x_wconf 88' lang='lat' dir='ltr'><strong>distante.</strong></span> <span class='ocrx_word' id='word_1_101' title='bbox 1964 1078 2183 1137; x_wconf 87' lang='lat' dir='ltr'><strong>Partem</strong></span> <span class='ocrx_word' id='word_1_102' title='bbox 2211 1082 2330 1154; x_wconf 89' lang='lat' dir='ltr'><strong>ejus</strong></span> <span class='ocrx_word' id='word_1_103' title='bbox 2358 1081 2703 1149; x_wconf 89' lang='lat' dir='ltr'><strong>historieam,</strong></span> <span class='ocrx_word' id='word_1_104' title='bbox 2739 1081 2793 1137; x_wconf 90' lang='lat' dir='ltr'><strong>id</strong></span> <span class='ocrx_word' id='word_1_105' title='bbox 2824 1089 2907 1138; x_wconf 89' lang='lat' dir='ltr'><strong>est</strong></span> <span class='ocrx_word' id='word_1_106' title='bbox 2939 1081 3138 1137; x_wconf 90' lang='lat' dir='ltr'><strong>librum</strong></span> <span class='ocrx_word' id='word_1_107' title='bbox 3172 1096 3384 1137; x_wconf 88' lang='lat' dir='ltr'><strong>sermo-</strong></span> 
     </span>
    </p>
   </div>
   <div class='ocr_carea' id='block_1_10' title="bbox 70 1163 3384 1241">
    <p class='ocr_par' dir='ltr' id='par_1_10' title="bbox 70 1163 3384 1241">
     <span class='ocr_line' id='line_1_10' title="bbox 70 1163 3384 1241; baseline 0.002 -22"><span class='ocrx_word' id='word_1_108' title='bbox 70 1164 254 1221; x_wconf 86' lang='lat' dir='ltr'><strong>nibus</strong></span> <span class='ocrx_word' id='word_1_109' title='bbox 291 1178 391 1220; x_wconf 81' lang='lat' dir='ltr'><strong>sex</strong></span> <span class='ocrx_word' id='word_1_110' title='bbox 423 1164 800 1235; x_wconf 70' lang='lat' dir='ltr'><strong>praepositum,</strong></span> <span class='ocrx_word' id='word_1_111' title='bbox 833 1163 1165 1234; x_wconf 83' lang='lat' dir='ltr'><strong>exscriptam</strong></span> <span class='ocrx_word' id='word_1_112' title='bbox 1189 1165 1318 1219; x_wconf 89' lang='lat' dir='ltr'><strong>hinc</strong></span> <span class='ocrx_word' id='word_1_113' title='bbox 1344 1180 1578 1237; x_wconf 87' lang='lat' dir='ltr'><strong>magnus</strong></span> <span class='ocrx_word' id='word_1_114' title='bbox 1604 1165 1725 1223; x_wconf 87' lang='lat' dir='ltr'><strong>Jac.</strong></span> <span class='ocrx_word' id='word_1_115' title='bbox 1759 1168 2091 1228; x_wconf 91' lang='lat' dir='ltr'><strong>Sirmundus</strong></span> <span class='ocrx_word' id='word_1_116' title='bbox 2118 1172 2186 1227; x_wconf 91' lang='lat' dir='ltr'><strong>ad</strong></span> <span class='ocrx_word' id='word_1_117' title='bbox 2212 1170 2497 1229; x_wconf 88' lang='lat' dir='ltr'><strong>Velserum</strong></span> <span class='ocrx_word' id='word_1_118' title='bbox 2534 1172 2589 1227; x_wconf 90' lang='lat' dir='ltr'><strong>in</strong></span> <span class='ocrx_word' id='word_1_119' title='bbox 2625 1171 2977 1227; x_wconf 88' lang='lat' dir='ltr'><strong>Germaniam</strong></span> <span class='ocrx_word' id='word_1_120' title='bbox 3009 1172 3192 1241; x_wconf 91' lang='lat' dir='ltr'><strong>misit;</strong></span> <span class='ocrx_word' id='word_1_121' title='bbox 3225 1169 3384 1241; x_wconf 91' lang='lat' dir='ltr'><strong>cujus</strong></span> 
     </span>
    </p>
   </div>
   <div class='ocr_carea' id='block_1_11' title="bbox 73 1250 3363 1333">
    <p class='ocr_par' dir='ltr' id='par_1_11' title="bbox 73 1250 3363 1333">
     <span class='ocr_line' id='line_1_11' title="bbox 73 1250 3363 1333; baseline 0.002 -26"><span class='ocrx_word' id='word_1_122' title='bbox 73 1260 294 1308; x_wconf 88' lang='lat' dir='ltr'><strong>nactus</strong></span> <span class='ocrx_word' id='word_1_123' title='bbox 328 1252 705 1323; x_wconf 85' lang='lat' dir='ltr'><strong>apographum</strong></span> <span class='ocrx_word' id='word_1_124' title='bbox 751 1250 942 1307; x_wconf 83' lang='lat' dir='ltr'><strong>Matth.</strong></span> <span class='ocrx_word' id='word_1_125' title='bbox 996 1250 1245 1309; x_wconf 77' lang='lat' dir='ltr'><strong>Raderus</strong></span> <span class='ocrx_word' id='word_1_126' title='bbox 1278 1254 1419 1325; x_wconf 82' lang='lat' dir='ltr'><strong>typis</strong></span> <span class='ocrx_word' id='word_1_127' title='bbox 1456 1270 1580 1310; x_wconf 93' lang='lat' dir='ltr'><strong>cum</strong></span> <span class='ocrx_word' id='word_1_128' title='bbox 1628 1255 1821 1314; x_wconf 90' lang='lat' dir='ltr'><strong>Latina</strong></span> <span class='ocrx_word' id='word_1_129' title='bbox 1875 1261 2324 1331; x_wconf 83' lang='lat' dir='ltr'><strong>interpretatione</strong></span> <span class='ocrx_word' id='word_1_130' title='bbox 2371 1260 2649 1319; x_wconf 89' lang='lat' dir='ltr'><strong>commisit</strong></span> <span class='ocrx_word' id='word_1_131' title='bbox 2692 1260 3006 1333; x_wconf 86' lang='lat' dir='ltr'><strong>lngolstadii</strong></span> <span class='ocrx_word' id='word_1_132' title='bbox 3042 1275 3187 1315; x_wconf 88' lang='lat' dir='ltr'><strong>anno</strong></span> <span class='ocrx_word' id='word_1_133' title='bbox 3224 1259 3363 1314; x_wconf 73' lang='grc'><strong>1604</strong></span> 
     </span>
    </p>
   </div>
   <div class='ocr_carea' id='block_1_12' title="bbox 74 1340 3385 1421">
    <p class='ocr_par' dir='ltr' id='par_1_12' title="bbox 74 1340 3385 1421">
     <span class='ocr_line' id='line_1_12' title="bbox 74 1340 3385 1421; baseline 0.002 -25"><span class='ocrx_word' id='word_1_134' title='bbox 74 1341 409 1410; x_wconf 64' lang='grc' dir='ltr'><strong>ϐωιθτοίιυὶ</strong></span> <span class='ocrx_word' id='word_1_135' title='bbox 441 1340 771 1397; x_wconf 90' lang='lat' dir='ltr'><strong>Sirmondus</strong></span> <span class='ocrx_word' id='word_1_136' title='bbox 802 1349 1115 1406; x_wconf 86' lang='lat' dir='ltr'><strong>monuerat,</strong></span> <span class='ocrx_word' id='word_1_137' title='bbox 1168 1349 1310 1398; x_wconf 89' lang='lat' dir='ltr'><strong>teste</strong></span> <span class='ocrx_word' id='word_1_138' title='bbox 1355 1341 1599 1413; x_wconf 81' lang='lat' dir='ltr'><strong>Radero,</strong></span> <span class='ocrx_word' id='word_1_139' title='bbox 1633 1344 1739 1401; x_wconf 87' lang='lat' dir='ltr'><strong>alia</strong></span> <span class='ocrx_word' id='word_1_140' title='bbox 1780 1349 1890 1404; x_wconf 90' lang='lat' dir='ltr'><strong>duo</strong></span> <span class='ocrx_word' id='word_1_141' title='bbox 1938 1349 1992 1405; x_wconf 92' lang='lat' dir='ltr'><strong>in</strong></span> <span class='ocrx_word' id='word_1_142' title='bbox 2022 1348 2291 1406; x_wconf 89' lang='lat' dir='ltr'><strong>Vaticano</strong></span> <span class='ocrx_word' id='word_1_143' title='bbox 2322 1350 2512 1406; x_wconf 92' lang='lat' dir='ltr'><strong>codice</strong></span> <span class='ocrx_word' id='word_1_144' title='bbox 2542 1349 2644 1421; x_wconf 82' lang='lat' dir='ltr'><strong>legi</strong></span> <span class='ocrx_word' id='word_1_145' title='bbox 2678 1349 2935 1421; x_wconf 87' lang='lat' dir='ltr'><strong>capitula,</strong></span> <span class='ocrx_word' id='word_1_146' title='bbox 2975 1349 3199 1403; x_wconf 91' lang='lat' dir='ltr'><strong>totidem</strong></span> <span class='ocrx_word' id='word_1_147' title='bbox 3236 1345 3385 1403; x_wconf 88' lang='lat' dir='ltr'><strong>refu-</strong></span> 
     </span>
    </p>
   </div>
   <div class='ocr_carea' id='block_1_13' title="bbox 72 1428 3382 1504">
    <p class='ocr_par' dir='ltr' id='par_1_13' title="bbox 72 1428 3382 1504">
     <span class='ocr_line' id='line_1_13' title="bbox 72 1428 3382 1504; baseline 0.001 -20"><span class='ocrx_word' id='word_1_148' title='bbox 72 1429 266 1485; x_wconf 85' lang='lat' dir='ltr'><strong>tantia</strong></span> <span class='ocrx_word' id='word_1_149' title='bbox 302 1428 733 1484; x_wconf 73' lang='lat' dir='ltr'><strong>Manichaeorum</strong></span> <span class='ocrx_word' id='word_1_150' title='bbox 782 1444 1021 1495; x_wconf 89' lang='lat' dir='ltr'><strong>errores,</strong></span> <span class='ocrx_word' id='word_1_151' title='bbox 1065 1430 1160 1485; x_wconf 92' lang='lat' dir='ltr'><strong>sed</strong></span> <span class='ocrx_word' id='word_1_152' title='bbox 1207 1446 1269 1486; x_wconf 90' lang='lat' dir='ltr'><strong>ea</strong></span> <span class='ocrx_word' id='word_1_153' title='bbox 1315 1431 1484 1487; x_wconf 90' lang='lat' dir='ltr'><strong>nudis</strong></span> <span class='ocrx_word' id='word_1_154' title='bbox 1529 1435 1926 1504; x_wconf 86' lang='lat' dir='ltr'><strong>prepemodum</strong></span> <span class='ocrx_word' id='word_1_155' title='bbox 1980 1436 2291 1493; x_wconf 88' lang='lat' dir='ltr'><strong>divinarum</strong></span> <span class='ocrx_word' id='word_1_156' title='bbox 2343 1435 2675 1493; x_wconf 87' lang='lat' dir='ltr'><strong>Litterarum</strong></span> <span class='ocrx_word' id='word_1_157' title='bbox 2727 1436 3061 1492; x_wconf 88' lang='lat' dir='ltr'><strong>testimoniis</strong></span> <span class='ocrx_word' id='word_1_158' title='bbox 3107 1443 3382 1491; x_wconf 88' lang='lat' dir='ltr'><strong>constare.</strong></span> 
     </span>
    </p>
   </div>
   <div class='ocr_carea' id='block_1_14' title="bbox 75 1518 3384 1597">
    <p class='ocr_par' dir='ltr' id='par_1_14' title="bbox 75 1518 3384 1597">
     <span class='ocr_line' id='line_1_14' title="bbox 75 1518 3384 1597; baseline 0.001 -23"><span class='ocrx_word' id='word_1_159' title='bbox 75 1518 310 1575; x_wconf 83' lang='lat' dir='ltr'><strong>Revera</strong></span> <span class='ocrx_word' id='word_1_160' title='bbox 339 1527 520 1575; x_wconf 90' lang='lat' dir='ltr'><strong>tamen</strong></span> <span class='ocrx_word' id='word_1_161' title='bbox 548 1518 827 1575; x_wconf 91' lang='lat' dir='ltr'><strong>Sirmondi</strong></span> <span class='ocrx_word' id='word_1_162' title='bbox 866 1520 1153 1576; x_wconf 77' lang='lat' dir='ltr'><strong>afﬁrmatio</strong></span> <span class='ocrx_word' id='word_1_163' title='bbox 1181 1521 1250 1593; x_wconf 91' lang='lat' dir='ltr'><strong>(si</strong></span> <span class='ocrx_word' id='word_1_164' title='bbox 1278 1521 1420 1577; x_wconf 87' lang='lat' dir='ltr'><strong>forte</strong></span> <span class='ocrx_word' id='word_1_165' title='bbox 1458 1523 1505 1579; x_wconf 91' lang='lat' dir='ltr'><strong>is</strong></span> <span class='ocrx_word' id='word_1_166' title='bbox 1536 1525 1816 1580; x_wconf 85' lang='lat' dir='ltr'><strong>memoriae</strong></span> <span class='ocrx_word' id='word_1_167' title='bbox 1859 1525 2015 1594; x_wconf 86' lang='lat' dir='ltr'><strong>lapsu</strong></span> <span class='ocrx_word' id='word_1_168' title='bbox 2056 1525 2128 1579; x_wconf 92' lang='lat' dir='ltr'><strong>ita</strong></span> <span class='ocrx_word' id='word_1_169' title='bbox 2156 1526 2311 1597; x_wconf 80' lang='lat' dir='ltr'><strong>dixit)</strong></span> <span class='ocrx_word' id='word_1_170' title='bbox 2349 1525 2434 1582; x_wconf 91' lang='lat' dir='ltr'><strong>bis</strong></span> <span class='ocrx_word' id='word_1_171' title='bbox 2472 1526 2714 1593; x_wconf 88' lang='lat' dir='ltr'><strong>laborat;</strong></span> <span class='ocrx_word' id='word_1_172' title='bbox 2746 1525 2923 1596; x_wconf 89' lang='lat' dir='ltr'><strong>primo</strong></span> <span class='ocrx_word' id='word_1_173' title='bbox 2947 1524 3076 1594; x_wconf 90' lang='lat' dir='ltr'><strong>quia</strong></span> <span class='ocrx_word' id='word_1_174' title='bbox 3107 1539 3213 1578; x_wconf 90' lang='lat' dir='ltr'><strong>non</strong></span> <span class='ocrx_word' id='word_1_175' title='bbox 3254 1523 3384 1589; x_wconf 89' lang='lat' dir='ltr'><strong>duo,</strong></span> 
     </span>
    </p>
   </div>
   <div class='ocr_carea' id='block_1_15' title="bbox 75 1609 3387 1685">
    <p class='ocr_par' dir='ltr' id='par_1_15' title="bbox 75 1609 3387 1685">
     <span class='ocr_line' id='line_1_15' title="bbox 75 1609 3387 1685; baseline 0.001 -22"><span class='ocrx_word' id='word_1_176' title='bbox 75 1609 179 1665; x_wconf 90' lang='lat' dir='ltr'><strong>sed</strong></span> <span class='ocrx_word' id='word_1_177' title='bbox 244 1618 388 1672; x_wconf 89' lang='lat' dir='ltr'><strong>tres.</strong></span> <span class='ocrx_word' id='word_1_178' title='bbox 437 1619 562 1680; x_wconf 83' lang='lat' dir='ltr'><strong>post</strong></span> <span class='ocrx_word' id='word_1_179' title='bbox 614 1609 902 1665; x_wconf 86' lang='lat' dir='ltr'><strong>historiam</strong></span> <span class='ocrx_word' id='word_1_180' title='bbox 961 1619 1250 1665; x_wconf 88' lang='lat' dir='ltr'><strong>remanent</strong></span> <span class='ocrx_word' id='word_1_181' title='bbox 1304 1611 1358 1665; x_wconf 91' lang='lat' dir='ltr'><strong>in</strong></span> <span class='ocrx_word' id='word_1_182' title='bbox 1410 1612 1601 1668; x_wconf 90' lang='lat' dir='ltr'><strong>codice</strong></span> <span class='ocrx_word' id='word_1_183' title='bbox 1648 1611 1771 1667; x_wconf 86' lang='lat' dir='ltr'><strong>Vat.</strong></span> <span class='ocrx_word' id='word_1_184' title='bbox 1813 1627 2137 1669; x_wconf 86' lang='lat' dir='ltr'><strong>sermones:</strong></span> <span class='ocrx_word' id='word_1_185' title='bbox 2174 1615 2401 1675; x_wconf 90' lang='lat' dir='ltr'><strong>iterum.</strong></span> <span class='ocrx_word' id='word_1_186' title='bbox 2432 1614 2561 1685; x_wconf 86' lang='lat' dir='ltr'><strong>quia</strong></span> <span class='ocrx_word' id='word_1_187' title='bbox 2597 1629 2769 1669; x_wconf 86' lang='lat' dir='ltr'><strong>sacrae</strong></span> <span class='ocrx_word' id='word_1_188' title='bbox 2816 1612 3036 1684; x_wconf 89' lang='lat' dir='ltr'><strong>quidem</strong></span> <span class='ocrx_word' id='word_1_189' title='bbox 3092 1612 3387 1682; x_wconf 68' lang='lat' dir='ltr'><strong>Scriptum-</strong></span> 
     </span>
    </p>
   </div>
   <div class='ocr_carea' id='block_1_16' title="bbox 79 1697 3385 1773">
    <p class='ocr_par' dir='ltr' id='par_1_16' title="bbox 79 1697 3385 1773">
     <span class='ocr_line' id='line_1_16' title="bbox 79 1697 3385 1773; baseline 0.001 -20"><span class='ocrx_word' id='word_1_190' title='bbox 79 1697 417 1754; x_wconf 88' lang='lat' dir='ltr'><strong>testimonia</strong></span> <span class='ocrx_word' id='word_1_191' title='bbox 453 1698 539 1753; x_wconf 87' lang='lat' dir='ltr'><strong>his</strong></span> <span class='ocrx_word' id='word_1_192' title='bbox 576 1700 930 1755; x_wconf 88' lang='lat' dir='ltr'><strong>sermonibus</strong></span> <span class='ocrx_word' id='word_1_193' title='bbox 965 1700 1354 1766; x_wconf 82' lang='lat' dir='ltr'><strong>subtexuntur,</strong></span> <span class='ocrx_word' id='word_1_194' title='bbox 1387 1717 1568 1772; x_wconf 89' lang='lat' dir='ltr'><strong>neque</strong></span> <span class='ocrx_word' id='word_1_195' title='bbox 1603 1711 1784 1773; x_wconf 85' lang='lat' dir='ltr'><strong>tamen</strong></span> <span class='ocrx_word' id='word_1_196' title='bbox 1821 1717 1916 1758; x_wconf 91' lang='lat' dir='ltr'><strong>eos</strong></span> <span class='ocrx_word' id='word_1_197' title='bbox 1952 1702 2324 1762; x_wconf 71' lang='lat' dir='ltr'><strong>constituunt.</strong></span> <span class='ocrx_word' id='word_1_198' title='bbox 2368 1702 2586 1757; x_wconf 90' lang='lat' dir='ltr'><strong>Interim</strong></span> <span class='ocrx_word' id='word_1_199' title='bbox 2624 1703 2919 1757; x_wconf 89' lang='lat' dir='ltr'><strong>dolendum</strong></span> <span class='ocrx_word' id='word_1_200' title='bbox 2960 1711 3063 1770; x_wconf 87' lang='lat' dir='ltr'><strong>est,</strong></span> <span class='ocrx_word' id='word_1_201' title='bbox 3101 1702 3247 1773; x_wconf 90' lang='lat' dir='ltr'><strong>quod</strong></span> <span class='ocrx_word' id='word_1_202' title='bbox 3291 1716 3385 1758; x_wconf 88' lang='lat' dir='ltr'><strong>sex</strong></span> 
     </span>
    </p>
   </div>
   <div class='ocr_carea' id='block_1_17' title="bbox 81 1788 3385 1863">
    <p class='ocr_par' dir='ltr' id='par_1_17' title="bbox 81 1788 3385 1863">
     <span class='ocr_line' id='line_1_17' title="bbox 81 1788 3385 1863; baseline 0.001 -20"><span class='ocrx_word' id='word_1_203' title='bbox 81 1802 424 1843; x_wconf 84' lang='lat' dir='ltr'><strong>sermonum</strong></span> <span class='ocrx_word' id='word_1_204' title='bbox 452 1804 482 1843; x_wconf 90' lang='lat' dir='ltr'><strong>a</strong></span> <span class='ocrx_word' id='word_1_205' title='bbox 510 1788 673 1844; x_wconf 86' lang='lat' dir='ltr'><strong>Petro</strong></span> <span class='ocrx_word' id='word_1_206' title='bbox 704 1790 1133 1860; x_wconf 88' lang='lat' dir='ltr'><strong>compositorum</strong></span> <span class='ocrx_word' id='word_1_207' title='bbox 1164 1790 1377 1861; x_wconf 87' lang='lat' dir='ltr'><strong>priores</strong></span> <span class='ocrx_word' id='word_1_208' title='bbox 1409 1800 1519 1848; x_wconf 88' lang='lat' dir='ltr'><strong>tres</strong></span> <span class='ocrx_word' id='word_1_209' title='bbox 1552 1793 1930 1847; x_wconf 88' lang='lat' dir='ltr'><strong>tantummodo</strong></span> <span class='ocrx_word' id='word_1_210' title='bbox 1974 1792 2028 1846; x_wconf 92' lang='lat' dir='ltr'><strong>in</strong></span> <span class='ocrx_word' id='word_1_211' title='bbox 2071 1792 2336 1848; x_wconf 87' lang='lat' dir='ltr'><strong>Vaticano</strong></span> <span class='ocrx_word' id='word_1_212' title='bbox 2380 1794 2684 1862; x_wconf 87' lang='lat' dir='ltr'><strong>exemplari</strong></span> <span class='ocrx_word' id='word_1_213' title='bbox 2732 1801 3049 1863; x_wconf 86' lang='lat' dir='ltr'><strong>supersunt,</strong></span> <span class='ocrx_word' id='word_1_214' title='bbox 3097 1800 3157 1846; x_wconf 93' lang='lat' dir='ltr'><strong>ut</strong></span> <span class='ocrx_word' id='word_1_215' title='bbox 3197 1798 3385 1862; x_wconf 87' lang='lat' dir='ltr'><strong>postea</strong></span> 
     </span>
    </p>
   </div>
   <div class='ocr_carea' id='block_1_18' title="bbox 80 1877 2671 1957">
    <p class='ocr_par' dir='ltr' id='par_1_18' title="bbox 80 1877 2671 1957">
     <span class='ocr_line' id='line_1_18' title="bbox 80 1877 2671 1957; baseline 0.002 -25"><span class='ocrx_word' id='word_1_216' title='bbox 80 1877 348 1933; x_wconf 90' lang='lat' dir='ltr'><strong>dicemus</strong></span> <span class='ocrx_word' id='word_1_217' title='bbox 370 1917 385 1941; x_wconf 89' lang='lat'><strong>,</strong></span> <span class='ocrx_word' id='word_1_218' title='bbox 418 1878 646 1948; x_wconf 86' lang='lat' dir='ltr'><strong>reliquis</strong></span> <span class='ocrx_word' id='word_1_219' title='bbox 675 1888 877 1933; x_wconf 65' lang='lat' dir='ltr'><strong>acterna</strong></span> <span class='ocrx_word' id='word_1_220' title='bbox 914 1878 1148 1935; x_wconf 83' lang='lat' dir='ltr'><strong>fortasse</strong></span> <span class='ocrx_word' id='word_1_221' title='bbox 1179 1889 1338 1935; x_wconf 89' lang='lat' dir='ltr'><strong>nocte</strong></span> <span class='ocrx_word' id='word_1_222' title='bbox 1369 1882 1620 1951; x_wconf 86' lang='lat' dir='ltr'><strong>sepultis,</strong></span> <span class='ocrx_word' id='word_1_223' title='bbox 1656 1890 1751 1936; x_wconf 92' lang='lat' dir='ltr'><strong>aut</strong></span> <span class='ocrx_word' id='word_1_224' title='bbox 1780 1882 2041 1951; x_wconf 89' lang='lat' dir='ltr'><strong>temporis</strong></span> <span class='ocrx_word' id='word_1_225' title='bbox 2074 1881 2277 1957; x_wconf 88' lang='lat' dir='ltr'><strong>injuria</strong></span> <span class='ocrx_word' id='word_1_226' title='bbox 2303 1882 2671 1951; x_wconf 86' lang='lat' dir='ltr'><strong>consumptis.</strong></span> 
     </span>
    </p>
   </div>
   <div class='ocr_carea' id='block_1_19' title="bbox 154 1966 3384 2041">
    <p class='ocr_par' dir='ltr' id='par_1_19' title="bbox 154 1966 3384 2041">
     <span class='ocr_line' id='line_1_19' title="bbox 154 1966 3384 2041; baseline -0.001 -20"><span class='ocrx_word' id='word_1_227' title='bbox 154 1968 215 2021; x_wconf 80' lang='lat'><strong>5.</strong></span> <span class='ocrx_word' id='word_1_228' title='bbox 257 1966 400 2034; x_wconf 60' lang='lat' dir='ltr'><strong>Quae.</strong></span> <span class='ocrx_word' id='word_1_229' title='bbox 430 1983 554 2023; x_wconf 88' lang='lat' dir='ltr'><strong>cum</strong></span> <span class='ocrx_word' id='word_1_230' title='bbox 592 1968 669 2023; x_wconf 92' lang='lat' dir='ltr'><strong>ita</strong></span> <span class='ocrx_word' id='word_1_231' title='bbox 702 1970 834 2037; x_wconf 88' lang='lat' dir='ltr'><strong>sint,</strong></span> <span class='ocrx_word' id='word_1_232' title='bbox 872 1970 1122 2041; x_wconf 85' lang='lat' dir='ltr'><strong>equidem</strong></span> <span class='ocrx_word' id='word_1_233' title='bbox 1158 1971 1447 2027; x_wconf 86' lang='lat' dir='ltr'><strong>observato</strong></span> <span class='ocrx_word' id='word_1_234' title='bbox 1490 1981 1616 2026; x_wconf 89' lang='lat' dir='ltr'><strong>ante</strong></span> <span class='ocrx_word' id='word_1_235' title='bbox 1664 1974 1764 2027; x_wconf 85' lang='lat' dir='ltr'><strong>hos</strong></span> <span class='ocrx_word' id='word_1_236' title='bbox 1794 1987 1969 2027; x_wconf 91' lang='lat' dir='ltr'><strong>annos</strong></span> <span class='ocrx_word' id='word_1_237' title='bbox 2005 1970 2268 2025; x_wconf 86' lang='lat' dir='ltr'><strong>Vaticano</strong></span> <span class='ocrx_word' id='word_1_238' title='bbox 2314 1972 2524 2030; x_wconf 86' lang='lat' dir='ltr'><strong>codice.</strong></span> <span class='ocrx_word' id='word_1_239' title='bbox 2560 1970 2651 2038; x_wconf 90' lang='lat' dir='ltr'><strong>qui</strong></span> <span class='ocrx_word' id='word_1_240' title='bbox 2687 1984 2813 2025; x_wconf 91' lang='lat' dir='ltr'><strong>cum</strong></span> <span class='ocrx_word' id='word_1_241' title='bbox 2843 1969 2915 2024; x_wconf 90' lang='lat' dir='ltr'><strong>sit</strong></span> <span class='ocrx_word' id='word_1_242' title='bbox 2948 1969 3165 2033; x_wconf 91' lang='lat' dir='ltr'><strong>unicus,</strong></span> <span class='ocrx_word' id='word_1_243' title='bbox 3200 1969 3384 2035; x_wconf 83' lang='lat' dir='ltr'><strong>magni</strong></span> 
     </span>
    </p>
   </div>
   <div class='ocr_carea' id='block_1_20' title="bbox 82 2054 3386 2127">
    <p class='ocr_par' dir='ltr' id='par_1_20' title="bbox 82 2054 3386 2127">
     <span class='ocr_line' id='line_1_20' title="bbox 82 2054 3386 2127; baseline -0.001 -17"><span class='ocrx_word' id='word_1_244' title='bbox 82 2056 257 2127; x_wconf 89' lang='lat' dir='ltr'><strong>pretii</strong></span> <span class='ocrx_word' id='word_1_245' title='bbox 309 2064 415 2123; x_wconf 89' lang='lat' dir='ltr'><strong>est,</strong></span> <span class='ocrx_word' id='word_1_246' title='bbox 454 2067 506 2113; x_wconf 90' lang='lat' dir='ltr'><strong>et</strong></span> <span class='ocrx_word' id='word_1_247' title='bbox 546 2058 804 2127; x_wconf 74' lang='lat' dir='ltr'><strong>periculis</strong></span> <span class='ocrx_word' id='word_1_248' title='bbox 838 2058 1000 2113; x_wconf 90' lang='lat' dir='ltr'><strong>etiam</strong></span> <span class='ocrx_word' id='word_1_249' title='bbox 1049 2058 1284 2115; x_wconf 64' lang='lat' dir='ltr'><strong>fortuna:</strong></span> <span class='ocrx_word' id='word_1_250' title='bbox 1320 2061 1614 2125; x_wconf 80' lang='lat' dir='ltr'><strong>obnoxius,</strong></span> <span class='ocrx_word' id='word_1_251' title='bbox 1666 2062 2060 2117; x_wconf 86' lang='lat' dir='ltr'><strong>constitueram</strong></span> <span class='ocrx_word' id='word_1_252' title='bbox 2102 2068 2212 2115; x_wconf 88' lang='lat' dir='ltr'><strong>tres</strong></span> <span class='ocrx_word' id='word_1_253' title='bbox 2248 2058 2484 2114; x_wconf 89' lang='lat' dir='ltr'><strong>ineditos</strong></span> <span class='ocrx_word' id='word_1_254' title='bbox 2520 2057 2899 2112; x_wconf 88' lang='lat' dir='ltr'><strong>tantummodo</strong></span> <span class='ocrx_word' id='word_1_255' title='bbox 2947 2064 3071 2125; x_wconf 84' lang='lat' dir='ltr'><strong>post</strong></span> <span class='ocrx_word' id='word_1_256' title='bbox 3102 2054 3386 2109; x_wconf 86' lang='lat' dir='ltr'><strong>historiam</strong></span> 
     </span>
    </p>
   </div>
   <div class='ocr_carea' id='block_1_21' title="bbox 94 2142 3390 2219">
    <p class='ocr_par' dir='ltr' id='par_1_21' title="bbox 94 2142 3390 2219">
     <span class='ocr_line' id='line_1_21' title="bbox 94 2142 3390 2219; baseline -0.001 -20"><span class='ocrx_word' id='word_1_257' title='bbox 94 2159 398 2200; x_wconf 86' lang='lat' dir='ltr'><strong>sermones</strong></span> <span class='ocrx_word' id='word_1_258' title='bbox 448 2154 703 2216; x_wconf 80' lang='lat' dir='ltr'><strong>Iyporum</strong></span> <span class='ocrx_word' id='word_1_259' title='bbox 736 2149 1083 2203; x_wconf 88' lang='lat' dir='ltr'><strong>munimento</strong></span> <span class='ocrx_word' id='word_1_260' title='bbox 1120 2151 1219 2205; x_wconf 88' lang='lat' dir='ltr'><strong>abs</strong></span> <span class='ocrx_word' id='word_1_261' title='bbox 1250 2150 1448 2219; x_wconf 89' lang='lat' dir='ltr'><strong>quovis</strong></span> <span class='ocrx_word' id='word_1_262' title='bbox 1497 2149 1724 2205; x_wconf 90' lang='lat' dir='ltr'><strong>fortuito</strong></span> <span class='ocrx_word' id='word_1_263' title='bbox 1775 2149 2001 2203; x_wconf 89' lang='lat' dir='ltr'><strong>interitu</strong></span> <span class='ocrx_word' id='word_1_264' title='bbox 2051 2147 2354 2212; x_wconf 90' lang='lat' dir='ltr'><strong>vindicare,</strong></span> <span class='ocrx_word' id='word_1_265' title='bbox 2391 2155 2442 2201; x_wconf 90' lang='lat' dir='ltr'><strong>et</strong></span> <span class='ocrx_word' id='word_1_266' title='bbox 2481 2147 2735 2202; x_wconf 90' lang='lat' dir='ltr'><strong>obrutam</strong></span> <span class='ocrx_word' id='word_1_267' title='bbox 2781 2145 2832 2198; x_wconf 91' lang='lat' dir='ltr'><strong>in</strong></span> <span class='ocrx_word' id='word_1_268' title='bbox 2862 2144 2949 2198; x_wconf 90' lang='lat' dir='ltr'><strong>his</strong></span> <span class='ocrx_word' id='word_1_269' title='bbox 2977 2142 3285 2198; x_wconf 87' lang='lat' dir='ltr'><strong>doctrinam</strong></span> <span class='ocrx_word' id='word_1_270' title='bbox 3323 2143 3390 2195; x_wconf 90' lang='lat' dir='ltr'><strong>ad</strong></span> 
     </span>
    </p>
   </div>
   <div class='ocr_carea' id='block_1_22' title="bbox 87 2230 3388 2306">
    <p class='ocr_par' dir='ltr' id='par_1_22' title="bbox 87 2230 3388 2306">
     <span class='ocr_line' id='line_1_22' title="bbox 87 2230 3388 2306; baseline -0.001 -21"><span class='ocrx_word' id='word_1_271' title='bbox 87 2246 456 2287; x_wconf 82' lang='lat' dir='ltr'><strong>communem</strong></span> <span class='ocrx_word' id='word_1_272' title='bbox 508 2250 670 2289; x_wconf 91' lang='lat' dir='ltr'><strong>usum</strong></span> <span class='ocrx_word' id='word_1_273' title='bbox 717 2236 985 2305; x_wconf 85' lang='lat' dir='ltr'><strong>perferre.</strong></span> <span class='ocrx_word' id='word_1_274' title='bbox 1028 2234 1239 2291; x_wconf 89' lang='lat' dir='ltr'><strong>Etenim</strong></span> <span class='ocrx_word' id='word_1_275' title='bbox 1284 2252 1350 2291; x_wconf 82' lang='lat' dir='ltr'><strong>ex</strong></span> <span class='ocrx_word' id='word_1_276' title='bbox 1394 2252 1505 2306; x_wconf 91' lang='lat' dir='ltr'><strong>quo</strong></span> <span class='ocrx_word' id='word_1_277' title='bbox 1547 2236 1877 2291; x_wconf 87' lang='lat' dir='ltr'><strong>Sirmondus</strong></span> <span class='ocrx_word' id='word_1_278' title='bbox 1912 2236 2120 2292; x_wconf 87' lang='lat' dir='ltr'><strong>codicis</strong></span> <span class='ocrx_word' id='word_1_279' title='bbox 2157 2236 2407 2290; x_wconf 85' lang='lat' dir='ltr'><strong>notitiam</strong></span> <span class='ocrx_word' id='word_1_280' title='bbox 2440 2235 2688 2305; x_wconf 88' lang='lat' dir='ltr'><strong>protulit,</strong></span> <span class='ocrx_word' id='word_1_281' title='bbox 2729 2243 2783 2289; x_wconf 87' lang='lat' dir='ltr'><strong>et</strong></span> <span class='ocrx_word' id='word_1_282' title='bbox 2819 2231 3145 2288; x_wconf 89' lang='lat' dir='ltr'><strong>historicum</strong></span> <span class='ocrx_word' id='word_1_283' title='bbox 3189 2230 3388 2284; x_wconf 92' lang='lat' dir='ltr'><strong>librum</strong></span> 
     </span>
    </p>
   </div>
   <div class='ocr_carea' id='block_1_23' title="bbox 94 2320 3390 2397">
    <p class='ocr_par' dir='ltr' id='par_1_23' title="bbox 94 2320 3390 2397">
     <span class='ocr_line' id='line_1_23' title="bbox 94 2320 3390 2397; baseline 0 -24"><span class='ocrx_word' id='word_1_284' title='bbox 94 2320 359 2377; x_wconf 78' lang='lat' dir='ltr'><strong>Raderus</strong></span> <span class='ocrx_word' id='word_1_285' title='bbox 393 2322 658 2393; x_wconf 80' lang='lat' dir='ltr'><strong>vulgavit,</strong></span> <span class='ocrx_word' id='word_1_286' title='bbox 692 2324 912 2379; x_wconf 87' lang='lat' dir='ltr'><strong>ducenti</strong></span> <span class='ocrx_word' id='word_1_287' title='bbox 947 2324 1057 2380; x_wconf 86' lang='lat' dir='ltr'><strong>fere</strong></span> <span class='ocrx_word' id='word_1_288' title='bbox 1088 2326 1569 2397; x_wconf 86' lang='lat' dir='ltr'><strong>etquinquaginta</strong></span> <span class='ocrx_word' id='word_1_289' title='bbox 1605 2326 1733 2381; x_wconf 92' lang='lat' dir='ltr'><strong>anni</strong></span> <span class='ocrx_word' id='word_1_290' title='bbox 1774 2327 2121 2394; x_wconf 82' lang='lat' dir='ltr'><strong>efiluxerunt,</strong></span> <span class='ocrx_word' id='word_1_291' title='bbox 2156 2327 2289 2397; x_wconf 89' lang='lat' dir='ltr'><strong>quin</strong></span> <span class='ocrx_word' id='word_1_292' title='bbox 2329 2336 2509 2381; x_wconf 92' lang='lat' dir='ltr'><strong>tamen</strong></span> <span class='ocrx_word' id='word_1_293' title='bbox 2544 2326 2725 2396; x_wconf 89' lang='lat' dir='ltr'><strong>operis</strong></span> <span class='ocrx_word' id='word_1_294' title='bbox 2766 2322 2986 2393; x_wconf 88' lang='lat' dir='ltr'><strong>reliqui,</strong></span> <span class='ocrx_word' id='word_1_295' title='bbox 3024 2330 3291 2392; x_wconf 90' lang='lat' dir='ltr'><strong>quantum</strong></span> <span class='ocrx_word' id='word_1_296' title='bbox 3320 2320 3390 2375; x_wconf 93' lang='lat' dir='ltr'><strong>ibi</strong></span> 
     </span>
    </p>
   </div>
   <div class='ocr_carea' id='block_1_24' title="bbox 92 2410 3386 2486">
    <p class='ocr_par' dir='ltr' id='par_1_24' title="bbox 92 2410 3386 2486">
     <span class='ocr_line' id='line_1_24' title="bbox 92 2410 3386 2486; baseline 0 -23"><span class='ocrx_word' id='word_1_297' title='bbox 92 2410 448 2474; x_wconf 87' lang='lat' dir='ltr'><strong>continetur,</strong></span> <span class='ocrx_word' id='word_1_298' title='bbox 484 2411 655 2465; x_wconf 89' lang='lat' dir='ltr'><strong>editio</strong></span> <span class='ocrx_word' id='word_1_299' title='bbox 686 2411 785 2467; x_wconf 89' lang='lat' dir='ltr'><strong>abs</strong></span> <span class='ocrx_word' id='word_1_300' title='bbox 814 2412 1013 2481; x_wconf 88' lang='lat' dir='ltr'><strong>quovis</strong></span> <span class='ocrx_word' id='word_1_301' title='bbox 1040 2422 1232 2469; x_wconf 89' lang='lat' dir='ltr'><strong>curata</strong></span> <span class='ocrx_word' id='word_1_302' title='bbox 1271 2416 1362 2469; x_wconf 90' lang='lat' dir='ltr'><strong>sit.</strong></span> <span class='ocrx_word' id='word_1_303' title='bbox 1394 2414 1535 2481; x_wconf 86' lang='lat' dir='ltr'><strong>Quin</strong></span> <span class='ocrx_word' id='word_1_304' title='bbox 1571 2416 1708 2470; x_wconf 89' lang='lat' dir='ltr'><strong>adeo</strong></span> <span class='ocrx_word' id='word_1_305' title='bbox 1739 2418 1879 2486; x_wconf 86' lang='lat' dir='ltr'><strong>parti</strong></span> <span class='ocrx_word' id='word_1_306' title='bbox 1924 2416 2085 2473; x_wconf 69' lang='lat' dir='ltr'><strong>editze</strong></span> <span class='ocrx_word' id='word_1_307' title='bbox 2117 2417 2363 2472; x_wconf 90' lang='lat' dir='ltr'><strong>nonnulli</strong></span> <span class='ocrx_word' id='word_1_308' title='bbox 2397 2417 2617 2486; x_wconf 82' lang='lat' dir='ltr'><strong>quidem</strong></span> <span class='ocrx_word' id='word_1_309' title='bbox 2645 2413 2951 2469; x_wconf 88' lang='lat' dir='ltr'><strong>doctissimi</strong></span> <span class='ocrx_word' id='word_1_310' title='bbox 2978 2412 3230 2466; x_wconf 91' lang='lat' dir='ltr'><strong>homines</strong></span> <span class='ocrx_word' id='word_1_311' title='bbox 3260 2411 3386 2482; x_wconf 90' lang='lat' dir='ltr'><strong>(loc.</strong></span> 
     </span>
    </p>
   </div>
   <div class='ocr_carea' id='block_1_25' title="bbox 97 2496 3389 2576">
    <p class='ocr_par' dir='ltr' id='par_1_25' title="bbox 97 2496 3389 2576">
     <span class='ocr_line' id='line_1_25' title="bbox 97 2496 3389 2576; baseline 0 -24"><span class='ocrx_word' id='word_1_312' title='bbox 97 2498 192 2553; x_wconf 88' lang='lat' dir='ltr'><strong>cit.</strong></span> <span class='ocrx_word' id='word_1_313' title='bbox 226 2499 379 2567; x_wconf 86' lang='lat' dir='ltr'><strong>apud</strong></span> <span class='ocrx_word' id='word_1_314' title='bbox 404 2496 619 2553; x_wconf 88' lang='lat' dir='ltr'><strong>Fabric.</strong></span> <span class='ocrx_word' id='word_1_315' title='bbox 650 2508 703 2554; x_wconf 91' lang='lat' dir='ltr'><strong>et</strong></span> <span class='ocrx_word' id='word_1_316' title='bbox 733 2498 940 2571; x_wconf 84' lang='lat' dir='ltr'><strong>Wolf.)</strong></span> <span class='ocrx_word' id='word_1_317' title='bbox 984 2502 1256 2557; x_wconf 90' lang='lat' dir='ltr'><strong>secundas</strong></span> <span class='ocrx_word' id='word_1_318' title='bbox 1287 2518 1449 2557; x_wconf 87' lang='lat' dir='ltr'><strong>curas</strong></span> <span class='ocrx_word' id='word_1_319' title='bbox 1481 2503 1740 2557; x_wconf 89' lang='lat' dir='ltr'><strong>adhibere</strong></span> <span class='ocrx_word' id='word_1_320' title='bbox 1773 2513 1938 2575; x_wconf 90' lang='lat' dir='ltr'><strong>prout</strong></span> <span class='ocrx_word' id='word_1_321' title='bbox 1968 2522 2053 2559; x_wconf 88' lang='lat' dir='ltr'><strong>res</strong></span> <span class='ocrx_word' id='word_1_322' title='bbox 2084 2506 2343 2576; x_wconf 87' lang='lat' dir='ltr'><strong>poscebat</strong></span> <span class='ocrx_word' id='word_1_323' title='bbox 2376 2511 2673 2575; x_wconf 81' lang='lat' dir='ltr'><strong>Optarunt;</strong></span> <span class='ocrx_word' id='word_1_324' title='bbox 2710 2502 2805 2557; x_wconf 89' lang='lat' dir='ltr'><strong>sed</strong></span> <span class='ocrx_word' id='word_1_325' title='bbox 2842 2509 3025 2554; x_wconf 84' lang='lat' dir='ltr'><strong>tamen</strong></span> <span class='ocrx_word' id='word_1_326' title='bbox 3054 2514 3215 2555; x_wconf 87' lang='lat' dir='ltr'><strong>casso</strong></span> <span class='ocrx_word' id='word_1_327' title='bbox 3243 2515 3389 2555; x_wconf 90' lang='lat' dir='ltr'><strong>sem-</strong></span> 
     </span>
    </p>
   </div>
   <div class='ocr_carea' id='block_1_26' title="bbox 98 2587 3393 2662">
    <p class='ocr_par' dir='ltr' id='par_1_26' title="bbox 98 2587 3393 2662">
     <span class='ocr_line' id='line_1_26' title="bbox 98 2587 3393 2662; baseline -0.001 -20"><span class='ocrx_word' id='word_1_328' title='bbox 98 2603 199 2658; x_wconf 88' lang='lat' dir='ltr'><strong>per</strong></span> <span class='ocrx_word' id='word_1_329' title='bbox 230 2587 439 2642; x_wconf 81' lang='lat' dir='ltr'><strong>effectu</strong></span> <span class='ocrx_word' id='word_1_330' title='bbox 470 2589 522 2643; x_wconf 90' lang='lat' dir='ltr'><strong>id</strong></span> <span class='ocrx_word' id='word_1_331' title='bbox 555 2589 955 2659; x_wconf 88' lang='lat' dir='ltr'><strong>promiserunt.</strong></span> <span class='ocrx_word' id='word_1_332' title='bbox 994 2589 1106 2661; x_wconf 81' lang='lat' dir='ltr'><strong>Ego</strong></span> <span class='ocrx_word' id='word_1_333' title='bbox 1142 2605 1271 2646; x_wconf 86' lang='lat' dir='ltr'><strong>vero</strong></span> <span class='ocrx_word' id='word_1_334' title='bbox 1306 2590 1504 2645; x_wconf 74' lang='lat' dir='ltr'><strong>Radeti</strong></span> <span class='ocrx_word' id='word_1_335' title='bbox 1532 2591 1829 2647; x_wconf 88' lang='lat' dir='ltr'><strong>editionem</strong></span> <span class='ocrx_word' id='word_1_336' title='bbox 1862 2608 1989 2647; x_wconf 85' lang='lat' dir='ltr'><strong>cum</strong></span> <span class='ocrx_word' id='word_1_337' title='bbox 2022 2591 2215 2647; x_wconf 65' lang='lat' dir='ltr'><strong>Grmco</strong></span> <span class='ocrx_word' id='word_1_338' title='bbox 2246 2606 2543 2662; x_wconf 89' lang='lat' dir='ltr'><strong>parumper</strong></span> <span class='ocrx_word' id='word_1_339' title='bbox 2572 2588 2883 2655; x_wconf 85' lang='lat' dir='ltr'><strong>conferens,</strong></span> <span class='ocrx_word' id='word_1_340' title='bbox 2912 2587 3205 2643; x_wconf 90' lang='lat' dir='ltr'><strong>dolendam</strong></span> <span class='ocrx_word' id='word_1_341' title='bbox 3237 2588 3393 2642; x_wconf 90' lang='lat' dir='ltr'><strong>valde</strong></span> 
     </span>
    </p>
   </div>
   <div class='ocr_carea' id='block_1_27' title="bbox 99 2675 3395 2751">
    <p class='ocr_par' dir='ltr' id='par_1_27' title="bbox 99 2675 3395 2751">
     <span class='ocr_line' id='line_1_27' title="bbox 99 2675 3395 2751; baseline -0 -21"><span class='ocrx_word' id='word_1_342' title='bbox 99 2683 154 2730; x_wconf 86' lang='lat' dir='ltr'><strong>et</strong></span> <span class='ocrx_word' id='word_1_343' title='bbox 183 2675 555 2732; x_wconf 88' lang='lat' dir='ltr'><strong>intolerandis</strong></span> <span class='ocrx_word' id='word_1_344' title='bbox 584 2677 799 2733; x_wconf 88' lang='lat' dir='ltr'><strong>mendis</strong></span> <span class='ocrx_word' id='word_1_345' title='bbox 846 2677 1103 2734; x_wconf 83' lang='lat' dir='ltr'><strong>refertam</strong></span> <span class='ocrx_word' id='word_1_346' title='bbox 1132 2681 1562 2750; x_wconf 88' lang='lat' dir='ltr'><strong>comperiebam.</strong></span> <span class='ocrx_word' id='word_1_347' title='bbox 1614 2680 1670 2735; x_wconf 87' lang='lat' dir='ltr'><strong>Id</strong></span> <span class='ocrx_word' id='word_1_348' title='bbox 1710 2688 1894 2735; x_wconf 90' lang='lat' dir='ltr'><strong>autem</strong></span> <span class='ocrx_word' id='word_1_349' title='bbox 1926 2680 2218 2749; x_wconf 75' lang='lat' dir='ltr'><strong>contigisse</strong></span> <span class='ocrx_word' id='word_1_350' title='bbox 2249 2688 2402 2751; x_wconf 90' lang='lat' dir='ltr'><strong>puto,</strong></span> <span class='ocrx_word' id='word_1_351' title='bbox 2436 2694 2545 2733; x_wconf 91' lang='lat' dir='ltr'><strong>non</strong></span> <span class='ocrx_word' id='word_1_352' title='bbox 2574 2677 2704 2748; x_wconf 88' lang='lat' dir='ltr'><strong>quia</strong></span> <span class='ocrx_word' id='word_1_353' title='bbox 2733 2676 3063 2731; x_wconf 79' lang='lat' dir='ltr'><strong>Sirmundus</strong></span> <span class='ocrx_word' id='word_1_354' title='bbox 3090 2676 3395 2731; x_wconf 64' lang='lat' dir='ltr'><strong>Graecitatis</strong></span> 
     </span>
    </p>
   </div>
   <div class='ocr_carea' id='block_1_28' title="bbox 104 2764 3395 2840">
    <p class='ocr_par' dir='ltr' id='par_1_28' title="bbox 104 2764 3395 2840">
     <span class='ocr_line' id='line_1_28' title="bbox 104 2764 3395 2840; baseline -0 -20"><span class='ocrx_word' id='word_1_355' title='bbox 104 2774 160 2820; x_wconf 88' lang='lat' dir='ltr'><strong>ct</strong></span> <span class='ocrx_word' id='word_1_356' title='bbox 190 2764 453 2821; x_wconf 90' lang='lat' dir='ltr'><strong>codicum</strong></span> <span class='ocrx_word' id='word_1_357' title='bbox 510 2765 885 2835; x_wconf 83' lang='lat' dir='ltr'><strong>peritissimus</strong></span> <span class='ocrx_word' id='word_1_358' title='bbox 929 2768 997 2839; x_wconf 89' lang='lat' dir='ltr'><strong>(si</strong></span> <span class='ocrx_word' id='word_1_359' title='bbox 1038 2778 1185 2823; x_wconf 89' lang='lat' dir='ltr'><strong>certe</strong></span> <span class='ocrx_word' id='word_1_360' title='bbox 1221 2783 1384 2823; x_wconf 88' lang='lat' dir='ltr'><strong>manu</strong></span> <span class='ocrx_word' id='word_1_361' title='bbox 1428 2769 1649 2840; x_wconf 90' lang='lat' dir='ltr'><strong>propria</strong></span> <span class='ocrx_word' id='word_1_362' title='bbox 1708 2785 1842 2826; x_wconf 89' lang='lat' dir='ltr'><strong>usus</strong></span> <span class='ocrx_word' id='word_1_363' title='bbox 1891 2768 2013 2836; x_wconf 86' lang='lat' dir='ltr'><strong>fuit)</strong></span> <span class='ocrx_word' id='word_1_364' title='bbox 2049 2784 2217 2840; x_wconf 88' lang='lat' dir='ltr'><strong>prave</strong></span> <span class='ocrx_word' id='word_1_365' title='bbox 2249 2768 2632 2840; x_wconf 85' lang='lat' dir='ltr'><strong>exscripserit,</strong></span> <span class='ocrx_word' id='word_1_366' title='bbox 2673 2766 2769 2823; x_wconf 90' lang='lat' dir='ltr'><strong>sed</strong></span> <span class='ocrx_word' id='word_1_367' title='bbox 2801 2766 2930 2837; x_wconf 90' lang='lat' dir='ltr'><strong>quia</strong></span> <span class='ocrx_word' id='word_1_368' title='bbox 2979 2764 3181 2821; x_wconf 80' lang='lat' dir='ltr'><strong>Raderi</strong></span> <span class='ocrx_word' id='word_1_369' title='bbox 3227 2765 3395 2820; x_wconf 87' lang='lat' dir='ltr'><strong>editio</strong></span> 
     </span>
    </p>
   </div>
   <div class='ocr_carea' id='block_1_29' title="bbox 104 2854 3395 2930">
    <p class='ocr_par' dir='ltr' id='par_1_29' title="bbox 104 2854 3395 2930">
     <span class='ocr_line' id='line_1_29' title="bbox 104 2854 3395 2930; baseline -0 -22"><span class='ocrx_word' id='word_1_370' title='bbox 104 2870 215 2910; x_wconf 87' lang='lat' dir='ltr'><strong>non</strong></span> <span class='ocrx_word' id='word_1_371' title='bbox 253 2869 322 2909; x_wconf 79' lang='lat' dir='ltr'><strong>ex</strong></span> <span class='ocrx_word' id='word_1_372' title='bbox 373 2854 492 2925; x_wconf 88' lang='lat' dir='ltr'><strong>ipso</strong></span> <span class='ocrx_word' id='word_1_373' title='bbox 538 2855 817 2911; x_wconf 91' lang='lat' dir='ltr'><strong>Sirmondi</strong></span> <span class='ocrx_word' id='word_1_374' title='bbox 865 2858 1229 2929; x_wconf 85' lang='lat' dir='ltr'><strong>autographo,</strong></span> <span class='ocrx_word' id='word_1_375' title='bbox 1281 2858 1377 2915; x_wconf 88' lang='lat' dir='ltr'><strong>sed</strong></span> <span class='ocrx_word' id='word_1_376' title='bbox 1424 2875 1488 2914; x_wconf 86' lang='lat' dir='ltr'><strong>ex</strong></span> <span class='ocrx_word' id='word_1_377' title='bbox 1537 2859 1753 2915; x_wconf 89' lang='lat' dir='ltr'><strong>traditis</strong></span> <span class='ocrx_word' id='word_1_378' title='bbox 1797 2859 2094 2930; x_wconf 85' lang='lat' dir='ltr'><strong>typothetae</strong></span> <span class='ocrx_word' id='word_1_379' title='bbox 2129 2858 2348 2913; x_wconf 91' lang='lat' dir='ltr'><strong>schedis</strong></span> <span class='ocrx_word' id='word_1_380' title='bbox 2379 2856 2624 2911; x_wconf 79' lang='lat' dir='ltr'><strong>derivata</strong></span> <span class='ocrx_word' id='word_1_381' title='bbox 2660 2856 2907 2921; x_wconf 89' lang='lat' dir='ltr'><strong>videtur;</strong></span> <span class='ocrx_word' id='word_1_382' title='bbox 2946 2854 3105 2925; x_wconf 88' lang='lat' dir='ltr'><strong>cujus</strong></span> <span class='ocrx_word' id='word_1_383' title='bbox 3138 2855 3217 2909; x_wconf 88' lang='lat' dir='ltr'><strong>rei</strong></span> <span class='ocrx_word' id='word_1_384' title='bbox 3259 2855 3395 2908; x_wconf 91' lang='lat' dir='ltr'><strong>mihi</strong></span> 
     </span>
    </p>
   </div>
   <div class='ocr_carea' id='block_1_30' title="bbox 102 2944 3394 3019">
    <p class='ocr_par' dir='ltr' id='par_1_30' title="bbox 102 2944 3394 3019">
     <span class='ocr_line' id='line_1_30' title="bbox 102 2944 3394 3019; baseline 0 -20"><span class='ocrx_word' id='word_1_385' title='bbox 102 2944 375 2999; x_wconf 90' lang='lat' dir='ltr'><strong>indicium</strong></span> <span class='ocrx_word' id='word_1_386' title='bbox 407 2953 565 3000; x_wconf 90' lang='lat' dir='ltr'><strong>erant</strong></span> <span class='ocrx_word' id='word_1_387' title='bbox 606 2946 712 3001; x_wconf 91' lang='lat' dir='ltr'><strong>loci</strong></span> <span class='ocrx_word' id='word_1_388' title='bbox 753 2947 1023 3014; x_wconf 89' lang='lat' dir='ltr'><strong>nonnulli,</strong></span> <span class='ocrx_word' id='word_1_389' title='bbox 1061 2947 1149 3001; x_wconf 89' lang='lat' dir='ltr'><strong>ubi</strong></span> <span class='ocrx_word' id='word_1_390' title='bbox 1186 2947 1378 3002; x_wconf 87' lang='lat' dir='ltr'><strong>Latina</strong></span> <span class='ocrx_word' id='word_1_391' title='bbox 1413 2948 1613 3004; x_wconf 78' lang='lat' dir='ltr'><strong>Raderi</strong></span> <span class='ocrx_word' id='word_1_392' title='bbox 1647 2948 1816 3004; x_wconf 87' lang='lat' dir='ltr'><strong>editio</strong></span> <span class='ocrx_word' id='word_1_393' title='bbox 1846 2964 1876 3004; x_wconf 92' lang='lat' dir='ltr'><strong>a</strong></span> <span class='ocrx_word' id='word_1_394' title='bbox 1908 2948 2095 3004; x_wconf 63' lang='lat' dir='ltr'><strong>Grieca</strong></span> <span class='ocrx_word' id='word_1_395' title='bbox 2127 2948 2371 3019; x_wconf 79' lang='lat' dir='ltr'><strong>ejusdem</strong></span> <span class='ocrx_word' id='word_1_396' title='bbox 2407 2946 2608 3013; x_wconf 62' lang='lat' dir='ltr'><strong>differt,</strong></span> <span class='ocrx_word' id='word_1_397' title='bbox 2636 2945 2688 3001; x_wconf 90' lang='lat' dir='ltr'><strong>id</strong></span> <span class='ocrx_word' id='word_1_398' title='bbox 2715 2946 2860 3017; x_wconf 88' lang='lat' dir='ltr'><strong>quod</strong></span> <span class='ocrx_word' id='word_1_399' title='bbox 2890 2945 3009 3001; x_wconf 85' lang='lat' dir='ltr'><strong>ﬁeri</strong></span> <span class='ocrx_word' id='word_1_400' title='bbox 3033 2945 3153 3002; x_wconf 91' lang='lat' dir='ltr'><strong>sine</strong></span> <span class='ocrx_word' id='word_1_401' title='bbox 3174 2944 3394 3001; x_wconf 89' lang='lat' dir='ltr'><strong>diverso</strong></span> 
     </span>
    </p>
   </div>
   <div class='ocr_carea' id='block_1_31' title="bbox 105 3032 3394 3109">
    <p class='ocr_par' dir='ltr' id='par_1_31' title="bbox 105 3032 3394 3109">
     <span class='ocr_line' id='line_1_31' title="bbox 105 3032 3394 3109; baseline -0.001 -20"><span class='ocrx_word' id='word_1_402' title='bbox 105 3032 301 3089; x_wconf 71' lang='lat' dir='ltr'><strong>Grazco</strong></span> <span class='ocrx_word' id='word_1_403' title='bbox 342 3034 644 3105; x_wconf 86' lang='lat' dir='ltr'><strong>exemplari</strong></span> <span class='ocrx_word' id='word_1_404' title='bbox 672 3051 781 3089; x_wconf 90' lang='lat' dir='ltr'><strong>non</strong></span> <span class='ocrx_word' id='word_1_405' title='bbox 815 3036 1010 3107; x_wconf 84' lang='lat' dir='ltr'><strong>potuit.</strong></span> <span class='ocrx_word' id='word_1_406' title='bbox 1045 3036 1314 3092; x_wconf 85' lang='lat' dir='ltr'><strong>Praeterea</strong></span> <span class='ocrx_word' id='word_1_407' title='bbox 1366 3037 1670 3109; x_wconf 81' lang='lat' dir='ltr'><strong>insigniora</strong></span> <span class='ocrx_word' id='word_1_408' title='bbox 1719 3039 1970 3108; x_wconf 55' lang='lat' dir='ltr'><strong>quadam</strong></span> <span class='ocrx_word' id='word_1_409' title='bbox 2001 3037 2199 3093; x_wconf 90' lang='lat' dir='ltr'><strong>menda</strong></span> <span class='ocrx_word' id='word_1_410' title='bbox 2232 3037 2357 3091; x_wconf 89' lang='lat' dir='ltr'><strong>inde</strong></span> <span class='ocrx_word' id='word_1_411' title='bbox 2384 3043 2701 3100; x_wconf 89' lang='lat' dir='ltr'><strong>manarunt,</strong></span> <span class='ocrx_word' id='word_1_412' title='bbox 2733 3034 2879 3104; x_wconf 89' lang='lat' dir='ltr'><strong>quod</strong></span> <span class='ocrx_word' id='word_1_413' title='bbox 2926 3032 3215 3104; x_wconf 74' lang='lat' dir='ltr'><strong>scriptura:</strong></span> <span class='ocrx_word' id='word_1_414' title='bbox 3240 3049 3394 3089; x_wconf 82' lang='lat' dir='ltr'><strong>corn-</strong></span> 
     </span>
    </p>
   </div>
   <div class='ocr_carea' id='block_1_32' title="bbox 107 3122 3393 3196">
    <p class='ocr_par' dir='ltr' id='par_1_32' title="bbox 107 3122 3393 3196">
     <span class='ocr_line' id='line_1_32' title="bbox 107 3122 3393 3196; baseline -0.001 -19"><span class='ocrx_word' id='word_1_415' title='bbox 107 3124 446 3192; x_wconf 88' lang='lat' dir='ltr'><strong>pendia,seu</strong></span> <span class='ocrx_word' id='word_1_416' title='bbox 476 3124 792 3192; x_wconf 83' lang='lat' dir='ltr'><strong>verborum,</strong></span> <span class='ocrx_word' id='word_1_417' title='bbox 820 3132 879 3179; x_wconf 90' lang='lat' dir='ltr'><strong>ut</strong></span> <span class='ocrx_word' id='word_1_418' title='bbox 910 3125 1359 3192; x_wconf 85' lang='lat' dir='ltr'><strong>dicimus,nexus</strong></span> <span class='ocrx_word' id='word_1_419' title='bbox 1392 3142 1499 3182; x_wconf 91' lang='lat' dir='ltr'><strong>non</strong></span> <span class='ocrx_word' id='word_1_420' title='bbox 1535 3137 1665 3183; x_wconf 92' lang='lat' dir='ltr'><strong>sunt</strong></span> <span class='ocrx_word' id='word_1_421' title='bbox 1694 3126 1977 3191; x_wconf 89' lang='lat' dir='ltr'><strong>intellecti,</strong></span> <span class='ocrx_word' id='word_1_422' title='bbox 2016 3126 2247 3196; x_wconf 75' lang='lat' dir='ltr'><strong>ideoque.</strong></span> <span class='ocrx_word' id='word_1_423' title='bbox 2286 3139 2571 3196; x_wconf 88' lang='lat' dir='ltr'><strong>perperam</strong></span> <span class='ocrx_word' id='word_1_424' title='bbox 2606 3123 2883 3194; x_wconf 77' lang='lat' dir='ltr'><strong>explicati,</strong></span> <span class='ocrx_word' id='word_1_425' title='bbox 2913 3122 2963 3177; x_wconf 91' lang='lat' dir='ltr'><strong>id</strong></span> <span class='ocrx_word' id='word_1_426' title='bbox 2998 3123 3142 3193; x_wconf 91' lang='lat' dir='ltr'><strong>quod</strong></span> <span class='ocrx_word' id='word_1_427' title='bbox 3176 3122 3393 3177; x_wconf 89' lang='lat' dir='ltr'><strong>eviden-</strong></span> 
     </span>
    </p>
   </div>
   <div class='ocr_carea' id='block_1_33' title="bbox 114 3211 3396 3285">
    <p class='ocr_par' dir='ltr' id='par_1_33' title="bbox 114 3211 3396 3285">
     <span class='ocr_line' id='line_1_33' title="bbox 114 3211 3396 3285; baseline 0 -20"><span class='ocrx_word' id='word_1_428' title='bbox 114 3212 262 3268; x_wconf 93' lang='lat' dir='ltr'><strong>tibus</strong></span> <span class='ocrx_word' id='word_1_429' title='bbox 290 3213 492 3268; x_wconf 88' lang='lat' dir='ltr'><strong>deinde</strong></span> <span class='ocrx_word' id='word_1_430' title='bbox 521 3214 786 3284; x_wconf 86' lang='lat' dir='ltr'><strong>exemplis</strong></span> <span class='ocrx_word' id='word_1_431' title='bbox 814 3214 1206 3285; x_wconf 70' lang='lat' dir='ltr'><strong>comprobabo.</strong></span> <span class='ocrx_word' id='word_1_432' title='bbox 1256 3215 1360 3270; x_wconf 89' lang='lat' dir='ltr'><strong>Sed</strong></span> <span class='ocrx_word' id='word_1_433' title='bbox 1405 3216 1550 3271; x_wconf 87' lang='lat' dir='ltr'><strong>enim</strong></span> <span class='ocrx_word' id='word_1_434' title='bbox 1599 3231 1669 3271; x_wconf 90' lang='lat' dir='ltr'><strong>ne</strong></span> <span class='ocrx_word' id='word_1_435' title='bbox 1713 3214 1902 3269; x_wconf 87' lang='lat' dir='ltr'><strong>Latina</strong></span> <span class='ocrx_word' id='word_1_436' title='bbox 1949 3215 2169 3285; x_wconf 88' lang='lat' dir='ltr'><strong>quidem</strong></span> <span class='ocrx_word' id='word_1_437' title='bbox 2203 3213 2400 3268; x_wconf 82' lang='lat' dir='ltr'><strong>Raderi</strong></span> <span class='ocrx_word' id='word_1_438' title='bbox 2446 3213 2843 3283; x_wconf 89' lang='lat' dir='ltr'><strong>interpretatio,</strong></span> <span class='ocrx_word' id='word_1_439' title='bbox 2879 3226 3192 3281; x_wconf 79' lang='lat' dir='ltr'><strong>quanquam</strong></span> <span class='ocrx_word' id='word_1_440' title='bbox 3242 3211 3396 3265; x_wconf 74' lang='lat' dir='ltr'><strong>bonae</strong></span> 
     </span>
    </p>
   </div>
   <div class='ocr_carea' id='block_1_34' title="bbox 114 3299 3396 3375">
    <p class='ocr_par' dir='ltr' id='par_1_34' title="bbox 114 3299 3396 3375">
     <span class='ocr_line' id='line_1_34' title="bbox 114 3299 3396 3375; baseline 0 -22"><span class='ocrx_word' id='word_1_441' title='bbox 114 3299 430 3358; x_wconf 81' lang='lat' dir='ltr'><strong>Latinitatis</strong></span> <span class='ocrx_word' id='word_1_442' title='bbox 472 3310 672 3357; x_wconf 89' lang='lat' dir='ltr'><strong>ornatu</strong></span> <span class='ocrx_word' id='word_1_443' title='bbox 717 3319 776 3359; x_wconf 90' lang='lat' dir='ltr'><strong>se</strong></span> <span class='ocrx_word' id='word_1_444' title='bbox 817 3304 1203 3369; x_wconf 88' lang='lat' dir='ltr'><strong>commendat,</strong></span> <span class='ocrx_word' id='word_1_445' title='bbox 1254 3304 1445 3360; x_wconf 84' lang='lat' dir='ltr'><strong>Graeco</strong></span> <span class='ocrx_word' id='word_1_446' title='bbox 1494 3306 1665 3360; x_wconf 82' lang='lat' dir='ltr'><strong>textui</strong></span> <span class='ocrx_word' id='word_1_447' title='bbox 1718 3314 1921 3375; x_wconf 90' lang='lat' dir='ltr'><strong>quanta</strong></span> <span class='ocrx_word' id='word_1_448' title='bbox 1965 3314 2244 3375; x_wconf 89' lang='lat' dir='ltr'><strong>oporteret</strong></span> <span class='ocrx_word' id='word_1_449' title='bbox 2279 3303 2543 3358; x_wconf 88' lang='lat' dir='ltr'><strong>fidelitate</strong></span> <span class='ocrx_word' id='word_1_450' title='bbox 2589 3302 2913 3372; x_wconf 88' lang='lat' dir='ltr'><strong>respondet;</strong></span> <span class='ocrx_word' id='word_1_451' title='bbox 2948 3300 3254 3356; x_wconf 84' lang='lat' dir='ltr'><strong>manifestis</strong></span> <span class='ocrx_word' id='word_1_452' title='bbox 3284 3299 3396 3355; x_wconf 92' lang='lat' dir='ltr'><strong>imo</strong></span> 
     </span>
    </p>
   </div>
   <div class='ocr_carea' id='block_1_35' title="bbox 111 3389 3398 3463">
    <p class='ocr_par' dir='ltr' id='par_1_35' title="bbox 111 3389 3398 3463">
     <span class='ocr_line' id='line_1_35' title="bbox 111 3389 3398 3463; baseline -0 -20"><span class='ocrx_word' id='word_1_453' title='bbox 111 3392 401 3445; x_wconf 90' lang='lat' dir='ltr'><strong>erroribus</strong></span> <span class='ocrx_word' id='word_1_454' title='bbox 436 3407 465 3445; x_wconf 91' lang='lat' dir='ltr'><strong>a</strong></span> <span class='ocrx_word' id='word_1_455' title='bbox 508 3392 741 3447; x_wconf 86' lang='lat' dir='ltr'><strong>veritate</strong></span> <span class='ocrx_word' id='word_1_456' title='bbox 788 3407 897 3446; x_wconf 91' lang='lat' dir='ltr'><strong>non</strong></span> <span class='ocrx_word' id='word_1_457' title='bbox 932 3393 1101 3447; x_wconf 88' lang='lat' dir='ltr'><strong>semel</strong></span> <span class='ocrx_word' id='word_1_458' title='bbox 1132 3392 1364 3447; x_wconf 88' lang='lat' dir='ltr'><strong>discedit</strong></span> <span class='ocrx_word' id='word_1_459' title='bbox 1393 3412 1405 3447; x_wconf 93' lang='lat'>:</span> <span class='ocrx_word' id='word_1_460' title='bbox 1443 3409 1551 3463; x_wconf 92' lang='lat' dir='ltr'><strong>qua</strong></span> <span class='ocrx_word' id='word_1_461' title='bbox 1585 3409 1643 3448; x_wconf 90' lang='lat' dir='ltr'><strong>re</strong></span> <span class='ocrx_word' id='word_1_462' title='bbox 1674 3402 1887 3449; x_wconf 90' lang='lat' dir='ltr'><strong>mature</strong></span> <span class='ocrx_word' id='word_1_463' title='bbox 1918 3394 2185 3449; x_wconf 89' lang='lat' dir='ltr'><strong>intellecta</strong></span> <span class='ocrx_word' id='word_1_464' title='bbox 2225 3392 2455 3449; x_wconf 87' lang='lat' dir='ltr'><strong>Wolfius</strong></span> <span class='ocrx_word' id='word_1_465' title='bbox 2502 3390 2656 3463; x_wconf 65' lang='lat' dir='ltr'><strong>praef.</strong></span> <span class='ocrx_word' id='word_1_466' title='bbox 2704 3393 2800 3447; x_wconf 91' lang='lat' dir='ltr'><strong>cit.</strong></span> <span class='ocrx_word' id='word_1_467' title='bbox 2830 3406 2886 3462; x_wconf 92' lang='lat' dir='ltr'><strong>p.</strong></span> <span class='ocrx_word' id='word_1_468' title='bbox 2924 3393 2975 3456; x_wconf 88' lang='grc'><strong>6,</strong></span> <span class='ocrx_word' id='word_1_469' title='bbox 3010 3389 3164 3453; x_wconf 90' lang='lat' dir='ltr'><strong>dixit,</strong></span> <span class='ocrx_word' id='word_1_470' title='bbox 3200 3405 3398 3443; x_wconf 87' lang='lat' dir='ltr'><strong>novam</strong></span> 
     </span>
    </p>
   </div>
   <div class='ocr_carea' id='block_1_36' title="bbox 114 3476 3397 3553">
    <p class='ocr_par' dir='ltr' id='par_1_36' title="bbox 114 3476 3397 3553">
     <span class='ocr_line' id='line_1_36' title="bbox 114 3476 3397 3553; baseline -0 -22"><span class='ocrx_word' id='word_1_471' title='bbox 114 3476 258 3534; x_wconf 84' lang='lat' dir='ltr'><strong>Petri</strong></span> <span class='ocrx_word' id='word_1_472' title='bbox 306 3479 479 3535; x_wconf 88' lang='lat' dir='ltr'><strong>Siculi</strong></span> <span class='ocrx_word' id='word_1_473' title='bbox 524 3480 834 3536; x_wconf 90' lang='lat' dir='ltr'><strong>versionem</strong></span> <span class='ocrx_word' id='word_1_474' title='bbox 865 3482 1091 3535; x_wconf 90' lang='lat' dir='ltr'><strong>omnino</strong></span> <span class='ocrx_word' id='word_1_475' title='bbox 1123 3481 1350 3550; x_wconf 87' lang='lat' dir='ltr'><strong>requiri.</strong></span> <span class='ocrx_word' id='word_1_476' title='bbox 1394 3480 1521 3536; x_wconf 73' lang='lat' dir='ltr'><strong>Haec</strong></span> <span class='ocrx_word' id='word_1_477' title='bbox 1566 3497 1655 3536; x_wconf 91' lang='lat' dir='ltr'><strong>me</strong></span> <span class='ocrx_word' id='word_1_478' title='bbox 1700 3482 1779 3537; x_wconf 87' lang='lat' dir='ltr'><strong>rei</strong></span> <span class='ocrx_word' id='word_1_479' title='bbox 1811 3493 2090 3538; x_wconf 89' lang='lat' dir='ltr'><strong>momenta</strong></span> <span class='ocrx_word' id='word_1_480' title='bbox 2123 3483 2483 3553; x_wconf 85' lang='lat' dir='ltr'><strong>impulerunt,</strong></span> <span class='ocrx_word' id='word_1_481' title='bbox 2517 3490 2577 3536; x_wconf 86' lang='lat' dir='ltr'><strong>ut</strong></span> <span class='ocrx_word' id='word_1_482' title='bbox 2618 3480 2864 3535; x_wconf 72' lang='lat' dir='ltr'><strong>historia:</strong></span> <span class='ocrx_word' id='word_1_483' title='bbox 2905 3480 3075 3550; x_wconf 88' lang='lat' dir='ltr'><strong>ipsius</strong></span> <span class='ocrx_word' id='word_1_484' title='bbox 3106 3478 3397 3533; x_wconf 78' lang='lat' dir='ltr'><strong>editionem</strong></span> 
     </span>
    </p>
   </div>
   <div class='ocr_carea' id='block_1_37' title="bbox 116 3567 3397 3641">
    <p class='ocr_par' dir='ltr' id='par_1_37' title="bbox 116 3567 3397 3641">
     <span class='ocr_line' id='line_1_37' title="bbox 116 3567 3397 3641; baseline -0 -20"><span class='ocrx_word' id='word_1_485' title='bbox 116 3583 310 3623; x_wconf 90' lang='lat' dir='ltr'><strong>novam</strong></span> <span class='ocrx_word' id='word_1_486' title='bbox 346 3584 409 3623; x_wconf 75' lang='lat' dir='ltr'><strong>ex</strong></span> <span class='ocrx_word' id='word_1_487' title='bbox 437 3569 692 3640; x_wconf 88' lang='lat' dir='ltr'><strong>originali</strong></span> <span class='ocrx_word' id='word_1_488' title='bbox 726 3570 913 3625; x_wconf 89' lang='lat' dir='ltr'><strong>codice</strong></span> <span class='ocrx_word' id='word_1_489' title='bbox 960 3585 1221 3641; x_wconf 83' lang='lat' dir='ltr'><strong>perquam</strong></span> <span class='ocrx_word' id='word_1_490' title='bbox 1266 3581 1531 3624; x_wconf 90' lang='lat' dir='ltr'><strong>accurate</strong></span> <span class='ocrx_word' id='word_1_491' title='bbox 1566 3570 1976 3640; x_wconf 88' lang='lat' dir='ltr'><strong>exprimendam</strong></span> <span class='ocrx_word' id='word_1_492' title='bbox 2016 3589 2304 3639; x_wconf 88' lang='lat' dir='ltr'><strong>curarem;</strong></span> <span class='ocrx_word' id='word_1_493' title='bbox 2349 3570 2607 3627; x_wconf 86' lang='lat' dir='ltr'><strong>Latinam</strong></span> <span class='ocrx_word' id='word_1_494' title='bbox 2638 3584 2859 3641; x_wconf 89' lang='lat' dir='ltr'><strong>quoque</strong></span> <span class='ocrx_word' id='word_1_495' title='bbox 2889 3567 3397 3638; x_wconf 88' lang='lat' dir='ltr'><strong>interpretationem</strong></span> 
     </span>
    </p>
   </div>
   <div class='ocr_carea' id='block_1_38' title="bbox 117 3652 3402 3731">
    <p class='ocr_par' dir='ltr' id='par_1_38' title="bbox 117 3652 3402 3731">
     <span class='ocr_line' id='line_1_38' title="bbox 117 3652 3402 3731; baseline 0 -23"><span class='ocrx_word' id='word_1_496' title='bbox 117 3664 289 3711; x_wconf 91' lang='lat' dir='ltr'><strong>marte</strong></span> <span class='ocrx_word' id='word_1_497' title='bbox 343 3657 568 3727; x_wconf 86' lang='lat' dir='ltr'><strong>proprio</strong></span> <span class='ocrx_word' id='word_1_498' title='bbox 616 3657 758 3729; x_wconf 83' lang='lat' dir='ltr'><strong>stylo</strong></span> <span class='ocrx_word' id='word_1_499' title='bbox 807 3657 1042 3727; x_wconf 87' lang='lat' dir='ltr'><strong>simplici</strong></span> <span class='ocrx_word' id='word_1_500' title='bbox 1091 3657 1418 3713; x_wconf 87' lang='lat' dir='ltr'><strong>adornarem</strong></span> <span class='ocrx_word' id='word_1_501' title='bbox 1467 3677 1481 3714; x_wconf 91' lang='lat'><strong>:</strong></span> <span class='ocrx_word' id='word_1_502' title='bbox 1538 3674 1647 3713; x_wconf 91' lang='lat' dir='ltr'><strong>non</strong></span> <span class='ocrx_word' id='word_1_503' title='bbox 1699 3661 1828 3731; x_wconf 90' lang='lat' dir='ltr'><strong>quia</strong></span> <span class='ocrx_word' id='word_1_504' title='bbox 1879 3676 1967 3716; x_wconf 93' lang='lat' dir='ltr'><strong>me</strong></span> <span class='ocrx_word' id='word_1_505' title='bbox 2012 3652 2227 3716; x_wconf 63' lang='lat' dir='ltr'><strong>R&#39;adcro</strong></span> <span class='ocrx_word' id='word_1_506' title='bbox 2279 3659 2599 3725; x_wconf 88' lang='lat' dir='ltr'><strong>anteferam,</strong></span> <span class='ocrx_word' id='word_1_507' title='bbox 2645 3658 2737 3713; x_wconf 88' lang='lat' dir='ltr'><strong>sed</strong></span> <span class='ocrx_word' id='word_1_508' title='bbox 2786 3658 2914 3728; x_wconf 90' lang='lat' dir='ltr'><strong>quia</strong></span> <span class='ocrx_word' id='word_1_509' title='bbox 2963 3658 3043 3712; x_wconf 92' lang='lat' dir='ltr'><strong>sie</strong></span> <span class='ocrx_word' id='word_1_510' title='bbox 3100 3657 3402 3711; x_wconf 89' lang='lat' dir='ltr'><strong>necessitas</strong></span> 
     </span>
    </p>
   </div>
   <div class='ocr_carea' id='block_1_39' title="bbox 115 3744 3399 3820">
    <p class='ocr_par' dir='ltr' id='par_1_39' title="bbox 115 3744 3399 3820">
     <span class='ocr_line' id='line_1_39' title="bbox 115 3744 3399 3820; baseline 0 -24"><span class='ocrx_word' id='word_1_511' title='bbox 115 3747 397 3815; x_wconf 73' lang='lat' dir='ltr'><strong>postulare</strong></span> <span class='ocrx_word' id='word_1_512' title='bbox 445 3746 773 3801; x_wconf 81' lang='lat' dir='ltr'><strong>videbatur:</strong></span> <span class='ocrx_word' id='word_1_513' title='bbox 825 3747 1033 3802; x_wconf 87' lang='lat' dir='ltr'><strong>scholia</strong></span> <span class='ocrx_word' id='word_1_514' title='bbox 1088 3748 1252 3802; x_wconf 90' lang='lat' dir='ltr'><strong>etiam</strong></span> <span class='ocrx_word' id='word_1_515' title='bbox 1310 3748 1608 3803; x_wconf 89' lang='lat' dir='ltr'><strong>identidem</strong></span> <span class='ocrx_word' id='word_1_516' title='bbox 1657 3749 2011 3820; x_wconf 83' lang='lat' dir='ltr'><strong>adjuugerem</strong></span> <span class='ocrx_word' id='word_1_517' title='bbox 2064 3765 2186 3820; x_wconf 75' lang='lat' dir='ltr'><strong>qua:</strong></span> <span class='ocrx_word' id='word_1_518' title='bbox 2237 3750 2317 3804; x_wconf 91' lang='lat' dir='ltr'><strong>vel</strong></span> <span class='ocrx_word' id='word_1_519' title='bbox 2364 3749 2597 3803; x_wconf 87' lang='lat' dir='ltr'><strong>instituti</strong></span> <span class='ocrx_word' id='word_1_520' title='bbox 2653 3748 2759 3802; x_wconf 90' lang='lat' dir='ltr'><strong>mei</strong></span> <span class='ocrx_word' id='word_1_521' title='bbox 2809 3748 3077 3802; x_wconf 90' lang='lat' dir='ltr'><strong>rationem</strong></span> <span class='ocrx_word' id='word_1_522' title='bbox 3130 3744 3399 3810; x_wconf 91' lang='lat' dir='ltr'><strong>reddunt,</strong></span> 
     </span>
    </p>
   </div>
   <div class='ocr_carea' id='block_1_40' title="bbox 117 3832 3399 3910">
    <p class='ocr_par' dir='ltr' id='par_1_40' title="bbox 117 3832 3399 3910">
     <span class='ocr_line' id='line_1_40' title="bbox 117 3832 3399 3910; baseline 0 -25"><span class='ocrx_word' id='word_1_523' title='bbox 117 3834 201 3888; x_wconf 91' lang='lat' dir='ltr'><strong>vel</strong></span> <span class='ocrx_word' id='word_1_524' title='bbox 241 3834 443 3890; x_wconf 79' lang='lat' dir='ltr'><strong>Radeti</strong></span> <span class='ocrx_word' id='word_1_525' title='bbox 479 3836 677 3890; x_wconf 89' lang='lat' dir='ltr'><strong>librum</strong></span> <span class='ocrx_word' id='word_1_526' title='bbox 718 3838 1035 3903; x_wconf 82' lang='lat' dir='ltr'><strong>emendant,</strong></span> <span class='ocrx_word' id='word_1_527' title='bbox 1078 3838 1159 3892; x_wconf 92' lang='lat' dir='ltr'><strong>vel</strong></span> <span class='ocrx_word' id='word_1_528' title='bbox 1189 3838 1427 3907; x_wconf 89' lang='lat' dir='ltr'><strong>denique</strong></span> <span class='ocrx_word' id='word_1_529' title='bbox 1462 3837 1747 3893; x_wconf 86' lang='lat' dir='ltr'><strong>historiam</strong></span> <span class='ocrx_word' id='word_1_530' title='bbox 1795 3849 1887 3893; x_wconf 88' lang='lat' dir='ltr'><strong>aut</strong></span> <span class='ocrx_word' id='word_1_531' title='bbox 1924 3839 2276 3910; x_wconf 82' lang='lat' dir='ltr'><strong>phiIOIOgiam</strong></span> <span class='ocrx_word' id='word_1_532' title='bbox 2313 3837 2633 3907; x_wconf 86' lang='lat' dir='ltr'><strong>respiciunt.</strong></span> <span class='ocrx_word' id='word_1_533' title='bbox 2692 3836 2854 3898; x_wconf 84' lang='lat' dir='ltr'><strong>Certe</strong></span> <span class='ocrx_word' id='word_1_534' title='bbox 2899 3836 3002 3891; x_wconf 91' lang='lat' dir='ltr'><strong>nisi</strong></span> <span class='ocrx_word' id='word_1_535' title='bbox 3050 3842 3223 3889; x_wconf 91' lang='lat' dir='ltr'><strong>totum</strong></span> <span class='ocrx_word' id='word_1_536' title='bbox 3256 3832 3399 3887; x_wconf 84' lang='lat' dir='ltr'><strong>Petri</strong></span> 
     </span>
    </p>
   </div>
   <div class='ocr_carea' id='block_1_41' title="bbox 123 3922 3399 3998">
    <p class='ocr_par' dir='ltr' id='par_1_41' title="bbox 123 3922 3399 3998">
     <span class='ocr_line' id='line_1_41' title="bbox 123 3922 3399 3998; baseline -0.001 -21"><span class='ocrx_word' id='word_1_537' title='bbox 123 3922 293 3980; x_wconf 83' lang='lat' dir='ltr'><strong>Siculi</strong></span> <span class='ocrx_word' id='word_1_538' title='bbox 341 3926 608 3995; x_wconf 79' lang='lat' dir='ltr'><strong>scriptum</strong></span> <span class='ocrx_word' id='word_1_539' title='bbox 655 3925 817 3980; x_wconf 91' lang='lat' dir='ltr'><strong>simul</strong></span> <span class='ocrx_word' id='word_1_540' title='bbox 866 3926 1246 3997; x_wconf 88' lang='lat' dir='ltr'><strong>protulissem,</strong></span> <span class='ocrx_word' id='word_1_541' title='bbox 1294 3927 1464 3982; x_wconf 89' lang='lat' dir='ltr'><strong>editio</strong></span> <span class='ocrx_word' id='word_1_542' title='bbox 1505 3927 1800 3983; x_wconf 90' lang='lat' dir='ltr'><strong>admodum</strong></span> <span class='ocrx_word' id='word_1_543' title='bbox 1852 3928 2169 3998; x_wconf 85' lang='lat' dir='ltr'><strong>imperfecta</strong></span> <span class='ocrx_word' id='word_1_544' title='bbox 2218 3927 2396 3995; x_wconf 86' lang='lat' dir='ltr'><strong>foret;</strong></span> <span class='ocrx_word' id='word_1_545' title='bbox 2444 3939 2683 3995; x_wconf 89' lang='lat' dir='ltr'><strong>namque</strong></span> <span class='ocrx_word' id='word_1_546' title='bbox 2733 3934 2793 3979; x_wconf 91' lang='lat' dir='ltr'><strong>ut</strong></span> <span class='ocrx_word' id='word_1_547' title='bbox 2832 3926 3060 3979; x_wconf 82' lang='lat' dir='ltr'><strong>histOria</strong></span> <span class='ocrx_word' id='word_1_548' title='bbox 3110 3922 3399 3979; x_wconf 88' lang='lat' dir='ltr'><strong>refutatio-</strong></span> 
     </span>
    </p>
   </div>
   <div class='ocr_carea' id='block_1_42' title="bbox 121 4006 3404 4087">
    <p class='ocr_par' dir='ltr' id='par_1_42' title="bbox 121 4006 3404 4087">
     <span class='ocr_line' id='line_1_42' title="bbox 121 4006 3404 4087; baseline -0.002 -22"><span class='ocrx_word' id='word_1_549' title='bbox 121 4027 278 4075; x_wconf 89' lang='lat' dir='ltr'><strong>nem.</strong></span> <span class='ocrx_word' id='word_1_550' title='bbox 334 4015 407 4069; x_wconf 91' lang='lat' dir='ltr'><strong>ita</strong></span> <span class='ocrx_word' id='word_1_551' title='bbox 452 4017 567 4069; x_wconf 78' lang='lat' dir='ltr'><strong>lucc</strong></span> <span class='ocrx_word' id='word_1_552' title='bbox 614 4015 861 4071; x_wconf 90' lang='lat' dir='ltr'><strong>vicissim</strong></span> <span class='ocrx_word' id='word_1_553' title='bbox 922 4017 1208 4072; x_wconf 88' lang='lat' dir='ltr'><strong>historiam</strong></span> <span class='ocrx_word' id='word_1_554' title='bbox 1280 4017 1546 4081; x_wconf 86' lang='lat' dir='ltr'><strong>illustrat,</strong></span> <span class='ocrx_word' id='word_1_555' title='bbox 1596 4013 2112 4087; x_wconf 64' lang='lat' dir='ltr'><strong>qumconjunctim</strong></span> <span class='ocrx_word' id='word_1_556' title='bbox 2171 4012 2357 4066; x_wconf 90' lang='lat' dir='ltr'><strong>omnia</strong></span> <span class='ocrx_word' id='word_1_557' title='bbox 2411 4011 2477 4065; x_wconf 91' lang='lat' dir='ltr'><strong>ad</strong></span> <span class='ocrx_word' id='word_1_558' title='bbox 2531 4010 2747 4066; x_wconf 87' lang='lat' dir='ltr'><strong>lectoris</strong></span> <span class='ocrx_word' id='word_1_559' title='bbox 2806 4007 3172 4064; x_wconf 82' lang='lat' dir='ltr'><strong>eruditionem</strong></span> <span class='ocrx_word' id='word_1_560' title='bbox 3228 4006 3404 4063; x_wconf 83' lang='lat' dir='ltr'><strong>oculis</strong></span> 
     </span>
    </p>
   </div>
   <div class='ocr_carea' id='block_1_43' title="bbox 124 4103 745 4172">
    <p class='ocr_par' dir='ltr' id='par_1_43' title="bbox 124 4103 745 4172">
     <span class='ocr_line' id='line_1_43' title="bbox 124 4103 745 4172; baseline 0.005 -16"><span class='ocrx_word' id='word_1_561' title='bbox 124 4103 463 4172; x_wconf 79' lang='lat' dir='ltr'><strong>subjicienda</strong></span> <span class='ocrx_word' id='word_1_562' title='bbox 506 4104 745 4159; x_wconf 87' lang='lat' dir='ltr'><strong>fuerunt.</strong></span> 
     </span>
    </p>
   </div>
   <div class='ocr_carea' id='block_1_44' title="bbox 191 4183 3401 4266">
    <p class='ocr_par' dir='ltr' id='par_1_44' title="bbox 191 4183 3401 4266">
     <span class='ocr_line' id='line_1_44' title="bbox 191 4183 3401 4266; baseline -0.003 -20"><span class='ocrx_word' id='word_1_563' title='bbox 191 4192 247 4246; x_wconf 77' lang='grc'><strong>4.</strong></span> <span class='ocrx_word' id='word_1_564' title='bbox 292 4191 429 4249; x_wconf 77' lang='lat' dir='ltr'><strong>Pars</strong></span> <span class='ocrx_word' id='word_1_565' title='bbox 473 4195 771 4266; x_wconf 70' lang='lat' dir='ltr'><strong>cwteroqui</strong></span> <span class='ocrx_word' id='word_1_566' title='bbox 815 4211 992 4258; x_wconf 89' lang='lat' dir='ltr'><strong>nova,</strong></span> <span class='ocrx_word' id='word_1_567' title='bbox 1042 4194 1275 4265; x_wconf 88' lang='lat' dir='ltr'><strong>ideoque</strong></span> <span class='ocrx_word' id='word_1_568' title='bbox 1319 4194 1575 4259; x_wconf 84' lang='lat' dir='ltr'><strong>nobilior,</strong></span> <span class='ocrx_word' id='word_1_569' title='bbox 1619 4194 1743 4248; x_wconf 90' lang='lat' dir='ltr'><strong>libri</strong></span> <span class='ocrx_word' id='word_1_570' title='bbox 1787 4190 1961 4246; x_wconf 91' lang='lat' dir='ltr'><strong>nostri</strong></span> <span class='ocrx_word' id='word_1_571' title='bbox 2004 4200 2116 4259; x_wconf 88' lang='lat' dir='ltr'><strong>est,</strong></span> <span class='ocrx_word' id='word_1_572' title='bbox 2170 4190 2381 4261; x_wconf 81' lang='lat' dir='ltr'><strong>insigne</strong></span> <span class='ocrx_word' id='word_1_573' title='bbox 2422 4190 2605 4258; x_wconf 90' lang='lat' dir='ltr'><strong>operis</strong></span> <span class='ocrx_word' id='word_1_574' title='bbox 2648 4187 3056 4251; x_wconf 85' lang='lat' dir='ltr'><strong>addimentum,</strong></span> <span class='ocrx_word' id='word_1_575' title='bbox 3092 4198 3239 4239; x_wconf 90' lang='lat' dir='ltr'><strong>nunc</strong></span> <span class='ocrx_word' id='word_1_576' title='bbox 3288 4183 3401 4253; x_wconf 76' lang='grc' dir='ltr'><strong>ιπί-</strong></span> 
     </span>
    </p>
   </div>
   <div class='ocr_carea' id='block_1_45' title="bbox 127 4276 3402 4353">
    <p class='ocr_par' dir='ltr' id='par_1_45' title="bbox 127 4276 3402 4353">
     <span class='ocr_line' id='line_1_45' title="bbox 127 4276 3402 4353; baseline -0.003 -19"><span class='ocrx_word' id='word_1_577' title='bbox 127 4296 272 4335; x_wconf 90' lang='lat' dir='ltr'><strong>mum</strong></span> <span class='ocrx_word' id='word_1_578' title='bbox 298 4298 366 4337; x_wconf 83' lang='lat' dir='ltr'><strong>ex</strong></span> <span class='ocrx_word' id='word_1_579' title='bbox 401 4281 665 4338; x_wconf 87' lang='lat' dir='ltr'><strong>Vaticano</strong></span> <span class='ocrx_word' id='word_1_580' title='bbox 694 4284 882 4340; x_wconf 88' lang='lat' dir='ltr'><strong>codice</strong></span> <span class='ocrx_word' id='word_1_581' title='bbox 913 4294 1214 4353; x_wconf 90' lang='lat' dir='ltr'><strong>sumptum,</strong></span> <span class='ocrx_word' id='word_1_582' title='bbox 1244 4284 1293 4337; x_wconf 92' lang='lat' dir='ltr'><strong>id</strong></span> <span class='ocrx_word' id='word_1_583' title='bbox 1334 4294 1419 4338; x_wconf 87' lang='lat' dir='ltr'><strong>est</strong></span> <span class='ocrx_word' id='word_1_584' title='bbox 1455 4293 1564 4338; x_wconf 88' lang='lat' dir='ltr'><strong>tres</strong></span> <span class='ocrx_word' id='word_1_585' title='bbox 1591 4280 1935 4337; x_wconf 89' lang='lat' dir='ltr'><strong>antirrhetici</strong></span> <span class='ocrx_word' id='word_1_586' title='bbox 1967 4288 2159 4335; x_wconf 90' lang='lat' dir='ltr'><strong>contra</strong></span> <span class='ocrx_word' id='word_1_587' title='bbox 2191 4278 2522 4333; x_wconf 75' lang='lat' dir='ltr'><strong>Manichzeos</strong></span> <span class='ocrx_word' id='word_1_588' title='bbox 2555 4276 2695 4331; x_wconf 85' lang='lat' dir='ltr'><strong>Petri</strong></span> <span class='ocrx_word' id='word_1_589' title='bbox 2726 4277 3041 4339; x_wconf 86' lang='lat' dir='ltr'><strong>Sermones,</strong></span> <span class='ocrx_word' id='word_1_590' title='bbox 3079 4289 3145 4328; x_wconf 87' lang='lat' dir='ltr'><strong>ex</strong></span> <span class='ocrx_word' id='word_1_591' title='bbox 3172 4287 3402 4326; x_wconf 88' lang='lat' dir='ltr'><strong>numero</strong></span> 
     </span>
    </p>
   </div>
   <div class='ocr_carea' id='block_1_46' title="bbox 128 4364 3399 4454">
    <p class='ocr_par' dir='ltr' id='par_1_46' title="bbox 128 4364 3399 4454">
     <span class='ocr_line' id='line_1_46' title="bbox 128 4364 3399 4454; baseline -0.001 -31"><span class='ocrx_word' id='word_1_592' title='bbox 128 4373 347 4426; x_wconf 88' lang='lat' dir='ltr'><strong>senario</strong></span> <span class='ocrx_word' id='word_1_593' title='bbox 386 4372 750 4443; x_wconf 88' lang='lat' dir='ltr'><strong>superstites;</strong></span> <span class='ocrx_word' id='word_1_594' title='bbox 786 4387 1022 4441; x_wconf 90' lang='lat' dir='ltr'><strong>quorum</strong></span> <span class='ocrx_word' id='word_1_595' title='bbox 1065 4372 1279 4443; x_wconf 90' lang='lat' dir='ltr'><strong>primus</strong></span> <span class='ocrx_word' id='word_1_596' title='bbox 1312 4372 1577 4428; x_wconf 88' lang='lat' dir='ltr'><strong>adversus</strong></span> <span class='ocrx_word' id='word_1_597' title='bbox 1611 4372 1897 4441; x_wconf 88' lang='lat' dir='ltr'><strong>capitalem</strong></span> <span class='ocrx_word' id='word_1_598' title='bbox 1927 4380 2087 4428; x_wconf 68' lang='lat' dir='ltr'><strong>secta:</strong></span> <span class='ocrx_word' id='word_1_599' title='bbox 2119 4373 2183 4427; x_wconf 88' lang='lat' dir='ltr'><strong>de</strong></span> <span class='ocrx_word' id='word_1_600' title='bbox 2212 4370 2430 4454; x_wconf 74' lang='lat' dir='ltr'><strong>duobus</strong></span> <span class='ocrx_word' id='word_1_601' title='bbox 2465 4370 2751 4441; x_wconf 89' lang='lat' dir='ltr'><strong>principiis</strong></span> <span class='ocrx_word' id='word_1_602' title='bbox 2780 4382 3063 4422; x_wconf 87' lang='lat' dir='ltr'><strong>errorem:</strong></span> <span class='ocrx_word' id='word_1_603' title='bbox 3106 4364 3399 4430; x_wconf 88' lang='lat' dir='ltr'><strong>secundus,</strong></span> 
     </span>
    </p>
   </div>
   <div class='ocr_carea' id='block_1_47' title="bbox 131 4453 3401 4535">
    <p class='ocr_par' dir='ltr' id='par_1_47' title="bbox 131 4453 3401 4535">
     <span class='ocr_line' id='line_1_47' title="bbox 131 4453 3401 4535; baseline -0.002 -22"><span class='ocrx_word' id='word_1_604' title='bbox 131 4474 237 4528; x_wconf 88' lang='lat' dir='ltr'><strong>quo</strong></span> <span class='ocrx_word' id='word_1_605' title='bbox 262 4460 598 4518; x_wconf 62' lang='lat' dir='ltr'><strong>beatissima:</strong></span> <span class='ocrx_word' id='word_1_606' title='bbox 635 4461 872 4535; x_wconf 85' lang='lat' dir='ltr'><strong>Virginis</strong></span> <span class='ocrx_word' id='word_1_607' title='bbox 904 4462 1154 4532; x_wconf 84' lang='lat' dir='ltr'><strong>Deiparae</strong></span> <span class='ocrx_word' id='word_1_608' title='bbox 1181 4462 1357 4518; x_wconf 88' lang='lat' dir='ltr'><strong>honor</strong></span> <span class='ocrx_word' id='word_1_609' title='bbox 1385 4460 1698 4516; x_wconf 90' lang='lat' dir='ltr'><strong>defenditur</strong></span> <span class='ocrx_word' id='word_1_610' title='bbox 1727 4480 1739 4516; x_wconf 92' lang='lat'><strong>:</strong></span> <span class='ocrx_word' id='word_1_611' title='bbox 1771 4462 1967 4517; x_wconf 91' lang='lat' dir='ltr'><strong>tertius</strong></span> <span class='ocrx_word' id='word_1_612' title='bbox 1989 4462 2227 4531; x_wconf 82' lang='lat' dir='ltr'><strong>denique</strong></span> <span class='ocrx_word' id='word_1_613' title='bbox 2257 4453 2534 4530; x_wconf 82' lang='lat' dir='ltr'><strong>perbrevis</strong></span> <span class='ocrx_word' id='word_1_614' title='bbox 2563 4460 2629 4513; x_wconf 89' lang='lat' dir='ltr'><strong>de</strong></span> <span class='ocrx_word' id='word_1_615' title='bbox 2652 4464 3005 4513; x_wconf 90' lang='lat' dir='ltr'><strong>sacrosancta</strong></span> <span class='ocrx_word' id='word_1_616' title='bbox 3033 4453 3401 4509; x_wconf 89' lang='lat' dir='ltr'><strong>Eucharistia.</strong></span> 
     </span>
    </p>
   </div>
   <div class='ocr_carea' id='block_1_48' title="bbox 132 4543 3404 4623">
    <p class='ocr_par' dir='ltr' id='par_1_48' title="bbox 132 4543 3404 4623">
     <span class='ocr_line' id='line_1_48' title="bbox 132 4543 3404 4623; baseline -0.002 -21"><span class='ocrx_word' id='word_1_617' title='bbox 132 4548 307 4619; x_wconf 80' lang='lat' dir='ltr'><strong>Atque</strong></span> <span class='ocrx_word' id='word_1_618' title='bbox 347 4552 435 4608; x_wconf 89' lang='lat' dir='ltr'><strong>hic</strong></span> <span class='ocrx_word' id='word_1_619' title='bbox 470 4552 688 4617; x_wconf 80' lang='lat' dir='ltr'><strong>tertius,</strong></span> <span class='ocrx_word' id='word_1_620' title='bbox 726 4553 815 4606; x_wconf 79' lang='lat' dir='ltr'><strong>vix</strong></span> <span class='ocrx_word' id='word_1_621' title='bbox 850 4553 1044 4623; x_wconf 73' lang='lat' dir='ltr'><strong>emptis</strong></span> <span class='ocrx_word' id='word_1_622' title='bbox 1096 4567 1264 4607; x_wconf 67' lang='lat' dir='ltr'><strong>Sacra:</strong></span> <span class='ocrx_word' id='word_1_623' title='bbox 1311 4550 1609 4621; x_wconf 74' lang='lat' dir='ltr'><strong>Scriptura:</strong></span> <span class='ocrx_word' id='word_1_624' title='bbox 1640 4551 1993 4619; x_wconf 88' lang='lat' dir='ltr'><strong>testimoniis,</strong></span> <span class='ocrx_word' id='word_1_625' title='bbox 2042 4552 2097 4605; x_wconf 91' lang='lat' dir='ltr'><strong>in</strong></span> <span class='ocrx_word' id='word_1_626' title='bbox 2144 4550 2333 4605; x_wconf 89' lang='lat' dir='ltr'><strong>codice</strong></span> <span class='ocrx_word' id='word_1_627' title='bbox 2380 4547 2748 4618; x_wconf 86' lang='lat' dir='ltr'><strong>abrumpitur,</strong></span> <span class='ocrx_word' id='word_1_628' title='bbox 2783 4545 3015 4601; x_wconf 89' lang='lat' dir='ltr'><strong>revulsis</strong></span> <span class='ocrx_word' id='word_1_629' title='bbox 3049 4543 3179 4598; x_wconf 91' lang='lat' dir='ltr'><strong>olim</strong></span> <span class='ocrx_word' id='word_1_630' title='bbox 3221 4544 3404 4597; x_wconf 87' lang='lat' dir='ltr'><strong>nescio</strong></span> 
     </span>
    </p>
   </div>
   <div class='ocr_carea' id='block_1_49' title="bbox 133 4632 3403 4713">
    <p class='ocr_par' dir='ltr' id='par_1_49' title="bbox 133 4632 3403 4713">
     <span class='ocr_line' id='line_1_49' title="bbox 133 4632 3403 4713; baseline -0.004 -19"><span class='ocrx_word' id='word_1_631' title='bbox 133 4652 237 4707; x_wconf 86' lang='lat' dir='ltr'><strong>quo</strong></span> <span class='ocrx_word' id='word_1_632' title='bbox 280 4657 410 4697; x_wconf 81' lang='lat' dir='ltr'><strong>casu</strong></span> <span class='ocrx_word' id='word_1_633' title='bbox 455 4643 937 4713; x_wconf 90' lang='lat' dir='ltr'><strong>quateruionibus,</strong></span> <span class='ocrx_word' id='word_1_634' title='bbox 985 4644 1187 4713; x_wconf 85' lang='lat' dir='ltr'><strong>quibus</strong></span> <span class='ocrx_word' id='word_1_635' title='bbox 1233 4651 1343 4697; x_wconf 88' lang='lat' dir='ltr'><strong>tres</strong></span> <span class='ocrx_word' id='word_1_636' title='bbox 1372 4641 1705 4711; x_wconf 88' lang='lat' dir='ltr'><strong>posteriores</strong></span> <span class='ocrx_word' id='word_1_637' title='bbox 1735 4654 2022 4694; x_wconf 80' lang='lat' dir='ltr'><strong>Sermones</strong></span> <span class='ocrx_word' id='word_1_638' title='bbox 2050 4637 2567 4709; x_wconf 82' lang='lat' dir='ltr'><strong>perscribebantur;</strong></span> <span class='ocrx_word' id='word_1_639' title='bbox 2603 4650 2797 4707; x_wconf 87' lang='lat' dir='ltr'><strong>nempe</strong></span> <span class='ocrx_word' id='word_1_640' title='bbox 2823 4641 3077 4705; x_wconf 90' lang='lat' dir='ltr'><strong>quartus,</strong></span> <span class='ocrx_word' id='word_1_641' title='bbox 3103 4632 3170 4687; x_wconf 90' lang='lat' dir='ltr'><strong>de</strong></span> <span class='ocrx_word' id='word_1_642' title='bbox 3200 4637 3403 4685; x_wconf 66' lang='lat' dir='ltr'><strong>sancte</strong></span> 
     </span>
    </p>
   </div>
   <div class='ocr_carea' id='block_1_50' title="bbox 135 4717 3401 4803">
    <p class='ocr_par' dir='ltr' id='par_1_50' title="bbox 135 4717 3401 4803">
     <span class='ocr_line' id='line_1_50' title="bbox 135 4717 3401 4803; baseline -0.003 -21"><span class='ocrx_word' id='word_1_643' title='bbox 135 4729 311 4785; x_wconf 89' lang='lat' dir='ltr'><strong>crucis</strong></span> <span class='ocrx_word' id='word_1_644' title='bbox 344 4732 732 4797; x_wconf 85' lang='lat' dir='ltr'><strong>veneratione;</strong></span> <span class='ocrx_word' id='word_1_645' title='bbox 764 4734 1012 4803; x_wconf 86' lang='lat' dir='ltr'><strong>quintus,</strong></span> <span class='ocrx_word' id='word_1_646' title='bbox 1049 4733 1115 4787; x_wconf 90' lang='lat' dir='ltr'><strong>de</strong></span> <span class='ocrx_word' id='word_1_647' title='bbox 1167 4730 1379 4786; x_wconf 88' lang='lat' dir='ltr'><strong>Veteris</strong></span> <span class='ocrx_word' id='word_1_648' title='bbox 1409 4730 1749 4786; x_wconf 84' lang='lat' dir='ltr'><strong>Testamenti</strong></span> <span class='ocrx_word' id='word_1_649' title='bbox 1782 4729 2152 4795; x_wconf 89' lang='lat' dir='ltr'><strong>auctoritate;</strong></span> <span class='ocrx_word' id='word_1_650' title='bbox 2193 4735 2379 4782; x_wconf 86' lang='lat' dir='ltr'><strong>sextus</strong></span> <span class='ocrx_word' id='word_1_651' title='bbox 2407 4725 2473 4780; x_wconf 88' lang='lat' dir='ltr'><strong>de</strong></span> <span class='ocrx_word' id='word_1_652' title='bbox 2504 4725 2880 4797; x_wconf 77' lang='lat' dir='ltr'><strong>presbyteratu</strong></span> <span class='ocrx_word' id='word_1_653' title='bbox 2909 4738 3005 4779; x_wconf 90' lang='lat' dir='ltr'><strong>seu</strong></span> <span class='ocrx_word' id='word_1_654' title='bbox 3049 4717 3357 4803; x_wconf 86' lang='lat' dir='ltr'><strong>sacerdotio</strong></span> <span class='ocrx_word' id='word_1_655' title='bbox 3389 4736 3401 4770; x_wconf 92' lang='lat'><strong>:</strong></span> 
     </span>
    </p>
   </div>
   <div class='ocr_carea' id='block_1_51' title="bbox 136 4805 3403 4891">
    <p class='ocr_par' dir='ltr' id='par_1_51' title="bbox 136 4805 3403 4891">
     <span class='ocr_line' id='line_1_51' title="bbox 136 4805 3403 4891; baseline -0.004 -23"><span class='ocrx_word' id='word_1_656' title='bbox 136 4831 369 4890; x_wconf 87' lang='lat' dir='ltr'><strong>namque</strong></span> <span class='ocrx_word' id='word_1_657' title='bbox 406 4820 525 4876; x_wconf 86' lang='lat' dir='ltr'><strong>haec</strong></span> <span class='ocrx_word' id='word_1_658' title='bbox 556 4820 727 4876; x_wconf 89' lang='lat' dir='ltr'><strong>fuisse</strong></span> <span class='ocrx_word' id='word_1_659' title='bbox 769 4821 1177 4891; x_wconf 88' lang='lat' dir='ltr'><strong>depcrditorum</strong></span> <span class='ocrx_word' id='word_1_660' title='bbox 1222 4828 1547 4891; x_wconf 87' lang='lat' dir='ltr'><strong>argumenta</strong></span> <span class='ocrx_word' id='word_1_661' title='bbox 1577 4822 1918 4880; x_wconf 79' lang='lat' dir='ltr'><strong>sermonum,</strong></span> <span class='ocrx_word' id='word_1_662' title='bbox 1949 4833 2016 4871; x_wconf 82' lang='lat' dir='ltr'><strong>ex</strong></span> <span class='ocrx_word' id='word_1_663' title='bbox 2054 4816 2283 4872; x_wconf 87' lang='lat' dir='ltr'><strong>historia</strong></span> <span class='ocrx_word' id='word_1_664' title='bbox 2315 4811 2434 4885; x_wconf 77' lang='lat' dir='ltr'><strong>Ca&#39;p.</strong></span> <span class='ocrx_word' id='word_1_665' title='bbox 2470 4814 2555 4882; x_wconf 80' lang='grc'><strong>10,</strong></span> <span class='ocrx_word' id='word_1_666' title='bbox 2591 4814 3001 4885; x_wconf 84' lang='lat' dir='ltr'><strong>cognoscimus.</strong></span> <span class='ocrx_word' id='word_1_667' title='bbox 3030 4809 3204 4864; x_wconf 89' lang='lat' dir='ltr'><strong>Porro</strong></span> <span class='ocrx_word' id='word_1_668' title='bbox 3238 4821 3304 4859; x_wconf 91' lang='lat' dir='ltr'><strong>an</strong></span> <span class='ocrx_word' id='word_1_669' title='bbox 3350 4805 3403 4858; x_wconf 92' lang='lat' dir='ltr'><strong>hi</strong></span> 
     </span>
    </p>
   </div>
   <div class='ocr_carea' id='block_1_52' title="bbox 139 4902 3402 4978">
    <p class='ocr_par' dir='ltr' id='par_1_52' title="bbox 139 4902 3402 4978">
     <span class='ocr_line' id='line_1_52' title="bbox 139 4902 3402 4978; baseline -0.004 -16"><span class='ocrx_word' id='word_1_670' title='bbox 139 4911 391 4973; x_wconf 87' lang='lat' dir='ltr'><strong>postremi</strong></span> <span class='ocrx_word' id='word_1_671' title='bbox 445 4910 647 4966; x_wconf 91' lang='lat' dir='ltr'><strong>alicubi</strong></span> <span class='ocrx_word' id='word_1_672' title='bbox 697 4911 923 4977; x_wconf 88' lang='lat' dir='ltr'><strong>lateant,</strong></span> <span class='ocrx_word' id='word_1_673' title='bbox 961 4910 1212 4964; x_wconf 86' lang='lat' dir='ltr'><strong>lucemve</strong></span> <span class='ocrx_word' id='word_1_674' title='bbox 1246 4909 1385 4964; x_wconf 86' lang='lat' dir='ltr'><strong>forte</strong></span> <span class='ocrx_word' id='word_1_675' title='bbox 1430 4907 1708 4978; x_wconf 88' lang='lat' dir='ltr'><strong>aspecturi</strong></span> <span class='ocrx_word' id='word_1_676' title='bbox 1742 4908 1875 4973; x_wconf 91' lang='lat' dir='ltr'><strong>sint,</strong></span> <span class='ocrx_word' id='word_1_677' title='bbox 1918 4906 2076 4961; x_wconf 90' lang='lat' dir='ltr'><strong>valde</strong></span> <span class='ocrx_word' id='word_1_678' title='bbox 2124 4904 2335 4972; x_wconf 87' lang='lat' dir='ltr'><strong>dubito,</strong></span> <span class='ocrx_word' id='word_1_679' title='bbox 2369 4903 2812 4976; x_wconf 87' lang='lat' dir='ltr'><strong>quandoquidem</strong></span> <span class='ocrx_word' id='word_1_680' title='bbox 2842 4902 3052 4973; x_wconf 84' lang='lat' dir='ltr'><strong>priores</strong></span> <span class='ocrx_word' id='word_1_681' title='bbox 3080 4909 3299 4967; x_wconf 88' lang='lat' dir='ltr'><strong>quouue</strong></span> <span class='ocrx_word' id='word_1_682' title='bbox 3339 4909 3402 4949; x_wconf 81' lang='lat' dir='ltr'><strong>ex</strong></span> 
     </span>
    </p>
   </div>
   <div class='ocr_carea' id='block_1_53' title="bbox 141 4996 2090 5071">
    <p class='ocr_par' dir='ltr' id='par_1_53' title="bbox 141 4996 2090 5071">
     <span class='ocr_line' id='line_1_53' title="bbox 141 4996 2090 5071; baseline 0 -23"><span class='ocrx_word' id='word_1_683' title='bbox 141 4997 341 5068; x_wconf 81' lang='lat' dir='ltr'><strong>codice,</strong></span> <span class='ocrx_word' id='word_1_684' title='bbox 373 5010 431 5058; x_wconf 92' lang='lat' dir='ltr'><strong>ut</strong></span> <span class='ocrx_word' id='word_1_685' title='bbox 463 5002 599 5071; x_wconf 83' lang='lat' dir='ltr'><strong>dixi,</strong></span> <span class='ocrx_word' id='word_1_686' title='bbox 635 5002 814 5070; x_wconf 89' lang='lat' dir='ltr'><strong>unico,</strong></span> <span class='ocrx_word' id='word_1_687' title='bbox 859 5002 947 5056; x_wconf 81' lang='lat' dir='ltr'><strong>vix</strong></span> <span class='ocrx_word' id='word_1_688' title='bbox 991 5001 1209 5056; x_wconf 85' lang='lat' dir='ltr'><strong>tandem</strong></span> <span class='ocrx_word' id='word_1_689' title='bbox 1259 4996 1550 5071; x_wconf 85' lang='lat' dir='ltr'><strong>aliquando</strong></span> <span class='ocrx_word' id='word_1_690' title='bbox 1590 5012 1735 5053; x_wconf 91' lang='lat' dir='ltr'><strong>nunc</strong></span> <span class='ocrx_word' id='word_1_691' title='bbox 1781 5002 2090 5066; x_wconf 84' lang='lat' dir='ltr'><strong>emergunt.</strong></span> 
     </span>
    </p>
   </div>
  </div>
