3928 6246
454 287 596 354 1243

1826 300 2059 362 PETRI
2099 302 2354 364 SICULI

3563 313 3674 379 1244

456 403 697 476 suscipe,
739 404 880 462 nihil
934 414 988 463 te
1044 407 1272 480 dignum
1340 409 1608 482 exigens:
1664 426 1846 483 neque
1898 413 2047 468 enim

2172 417 2340 486 ιίμοις
2369 414 2727 487 τραπεζίταις
2777 419 3132 490 προστίθημι.
3173 418 3360 486 Αὐτὸς,
3394 415 3432 476 ὦ
3474 425 3574 482 θεία
3602 436 3681 488 καὶ

455 496 627 551 ullum
658 496 713 551 in
773 498 936 575 nobis
986 501 1293 570 comperies
1323 502 1538 557 virtutis
1587 504 1902 576 vestigium,
1961 515 2056 562 aut

457 589 732 645 orationis
781 591 1139 662 elegantiam,
1193 600 1255 648 ut
1314 609 1508 665 reapse
1565 595 1620 650 in
1695 598 2056 667 sequentibus

458 683 801 755 exploratum
849 685 944 740 tibi
971 685 1086 742 ﬁet.

637 995 732 1054 ΔΙ)
785 995 1160 1054 BULCARL‘E
1199 999 1567 1056 PRIMATEM
1630 999 1839 1060 PETlll

1033 1091 1424 1150 PROLOGUS.

533 1201 626 1257 lll.
667 1201 834 1258 Lucis
883 1203 1122 1260 adventu
1161 1205 1505 1276 dissipantur
1554 1207 1820 1274 tenebrm,
1879 1214 1934 1262 et
1967 1223 2059 1279 pa-

459 1305 671 1351 storum
712 1311 844 1352 cura
894 1297 1046 1354 fures
1103 1314 1168 1354 ac
1207 1299 1444 1354 ferarum
1482 1299 1698 1355 insidire
1752 1300 2055 1371 pelluntur.

462 1386 748 1443 Gcnuinus
803 1391 1152 1445 rationalium
1186 1391 1369 1445 ovium
1412 1400 1596 1461 pastor
1664 1391 1755 1447 ille
1809 1403 1930 1460 est,
1967 1393 2061 1463 qui

466 1479 584 1535 veri
653 1481 893 1552 pastoris
939 1481 1183 1538 imitator
1216 1481 1320 1551 ﬁt;
1371 1484 1461 1554 qui
1486 1485 1761 1553 propriam
1797 1486 2058 1550 animum,

473 1579 531 1626 ut
557 1571 669 1639 ille,
706 1587 801 1643 pro
831 1573 1012 1628 ovibus
1048 1575 1159 1629 suis
1196 1575 1342 1646 ponit
1365 1574 1420 1633 δε
1446 1575 1602 1646 cujus
1644 1575 1859 1644 justitia
1923 1577 2064 1633 lucis

470 1665 648 1720 instar
689 1665 1039 1734 diffunditur,
1096 1667 1190 1738 qui
1229 1667 1470 1725 sollicito
1538 1667 1726 1724 animo
1751 1677 1808 1724 et
1861 1679 2064 1726 conatu

464 1757 637 1826 omni,
696 1758 896 1815 diaboli
982 1760 1148 1815 malis
1235 1761 1446 1816 artibus
1531 1770 1657 1832 apte
1717 1762 2137 1842 adversatum};

467 1847 584 1904 Etsi
641 1849 789 1905 enim
849 1851 1038 1907 multa:
1099 1861 1231 1907 sunt
1282 1853 1617 1909 veteratoris
1690 1853 1924 1921 insidiae,
1994 1871 2065 1912 ne

467 1949 652 1996 tamen
684 1941 805 2011 ejus
830 1943 1067 2016 cogitata
1098 1945 1436 2016 ignoremus,
1468 1947 1728 2018 magistra
1779 1947 1936 2002 adest
1984 1946 2066 2002 di-

468 2032 598 2088 vina
627 2031 942 2106 Scriptura:
988 2036 1201 2092 scilicet
1231 2046 1492 2109 tanquam
1551 2040 1686 2094 telas
1713 2054 2062 2106 araneorum,

467 2123 696 2194 laqueos
733 2125 904 2196 ipsius
932 2127 1133 2183 debere
1175 2145 1272 2185 nos
1297 2139 1576 2200 reputare,
1639 2130 1810 2186 fretos
1861 2131 2068 2186 auxilio

468 2219 718 2291 gloriosae
753 2219 1040 2278 Trinitatis
1064 2262 1079 2288 ,
1110 2221 1203 2278 Dei
1262 2225 1426 2280 unius
1464 2225 1588 2282 coeli
1612 2234 1900 2296 terraeque,
1925 2224 2068 2279 invi-

472 2311 714 2367 sibilium
744 2313 802 2384 6
849 2322 904 2368 et
941 2314 1238 2370 visibilium
1294 2325 1604 2372 creatarum
1637 2333 1818 2372 rerum
1839 2333 2066 2373 conscr-

470 2405 679 2461 vatoris
717 2421 782 2461 ac
819 2405 1058 2462 Domini.
1114 2405 1289 2464 Porro
1340 2410 1492 2466 haud
1547 2410 1921 2482 perfunctorie
1981 2411 2068 2466 his

469 2513 594 2568 qum
627 2498 883 2554 dicentur
937 2500 1357 2555 auscultandum
1409 2511 1544 2570 est;
1591 2503 1796 2558 etenim
1856 2501 1990 2556 hinc
2032 2501 2068 2556 ii

469 2592 562 2661 qui
609 2591 937 2663 perfectiore
983 2594 1300 2650 conditione
1361 2604 1513 2662 sunt,
1569 2595 1866 2651 validiores
1926 2594 2069 2650 vires

473 2686 544 2743 ad
592 2687 797 2742 luctam
853 2696 1044 2744 contra
1095 2689 1375 2745 diabolum
1418 2705 1768 2762 pugnamque
1817 2689 2067 2745 ciendam

472 2779 768 2850 accipient,
818 2781 947 2837 dum
989 2782 1256 2838 adversus
1288 2784 1564 2838 contraria
1595 2783 1847 2855 dogmata
1874 2797 2072 2837 manus

477 2882 798 2940 conserent,
853 2887 1027 2946 eaque
1071 2876 1125 2930 in
1185 2876 1568 2932 ecclesiastico
1619 2876 1932 2932 divinorum
1983 2875 2072 2930 do-

477 2975 718 3037 gmatum
776 2967 967 3040 pelago
1020 2969 1164 3024 victa
1199 2970 1578 3040 submergent.
1622 2967 2069 3039 Simplicioribus

474 3067 685 3124 autem,
715 3069 770 3115 et
807 3060 988 3116 adhuc
1043 3061 1204 3129 lacte,
1265 3069 1324 3117 ut
1357 3077 1483 3116 cum
1539 3061 1806 3132 Apostolo
1866 3059 2066 3126 dicam,

471 3151 694 3208 nutritis
744 3151 1046 3210 infantibus
1091 3162 1206 3209 tuta
1262 3153 1546 3225 parabitur
1603 3155 1788 3221 statio,
1854 3170 1924 3210 ne
1979 3134 2140 3209 ali-C

476 3246 700 3316 quando
774 3248 1140 3304 succumbant
1225 3248 1357 3305 boni
1403 3249 1771 3304 deterioribus
1816 3248 1859 3303 ⁵.
1933 3245 2069 3302 Nam

477 3339 795 3396 rudioribus
872 3340 980 3396 hoc
1057 3341 1327 3413 optimum
1414 3341 1732 3413 praesidium
1812 3341 1916 3397 erit
1949 3381 1964 3406 ,
2027 3340 2072 3396 si

474 3429 736 3501 profanos
767 3429 888 3486 illos
941 3441 1270 3487 aversentur
1309 3438 1474 3502 atque
1508 3431 1918 3495 abominentur,
1970 3443 2071 3483 ne-

475 3538 584 3592 que
629 3522 849 3578 illorum
900 3523 1362 3596 interrogationes
1432 3539 1698 3596 responso
1733 3524 2069 3593 dignentur:

480 3615 578 3670 sed
637 3615 685 3670 si
740 3615 870 3687 quid
922 3617 959 3671 ii
1018 3618 1278 3674 sciscitati
1336 3616 1561 3686 iuerint,
1620 3618 1802 3673 idiota:
1852 3617 2071 3689 quidem

479 3711 759 3768 auditores
812 3713 1029 3780 sileant,
1081 3729 1147 3769 ac
1214 3730 1312 3785 pro
1368 3715 1578 3793 viribus
1610 3729 1712 3769 ceu
1763 3719 2074 3783 serpentem

485 3804 757 3860 dcvitent.
790 3805 938 3862 Nihil
997 3808 1146 3863 enim
1179 3807 1540 3873 emolumenti
1587 3809 1769 3881 capiet
1816 3809 1906 3879 qui
1951 3823 2076 3863 cum

480 3899 589 3954 illis
615 3899 955 3972 colloquetur
991 3919 1004 3957 :
1037 3903 1245 3959 idcirco
1267 3902 1418 3958 enim
1473 3919 1598 3959 cum
1633 3903 1818 3958 idiotis
1846 3901 2078 3956 miscere

481 4007 764 4050 sermones
815 4005 999 4062 avent,
1026 4005 1081 4051 ut
1117 4013 1206 4052 res
1257 4006 1472 4052 sanctas
1528 3998 1746 4069 pedibus
1797 3996 1908 4050 suis
1948 4010 2076 4049 cen-

484 4085 691 4140 culcent
742 4089 803 4152 ⁸,
879 4097 935 4144 et
997 4089 1242 4144 cmlestia
1289 4101 1454 4160 atque
1517 4096 1750 4159 augusta
1827 4086 2081 4157 dogmata

485 4177 752 4244 lacerent,
812 4179 856 4234 si
893 4179 1033 4235 forte
1052 4181 1144 4250 qui
1206 4181 1507 4251 prudenter
1549 4177 1889 4235 contradicat
1918 4176 2082 4231 desit.

2159 507 2282 578 ἱερά
2313 507 2547 580 κεφαλὴ,
2580 508 2642 562 τὸ
2674 508 2909 572 ἀκαλλὲς
2939 510 3046 562 τῶν
3069 508 3270 575 λέξεων
3302 511 3634 588 παραδραμὼν
3647 533 3684 587 τ,

2155 598 2333 670 δέχοις
2374 599 2474 671 τὴν
2514 599 2778 671 πρόθεσιν
2807 601 2990 672 ἡμῶν,
3041 600 3116 673 μὴ
3149 603 3215 656 τά
3247 604 3375 674 πρὸς
3414 607 3556 672 ἀξίαν
3587 614 3687 666 ἐπι-

2157 689 2339 762 ζητῶν
2359 708 2373 723 ⁸
2402 692 2657 764 οὐδαμῶς
2685 693 2794 764 γὰρ
2817 695 3073 765 εὑρήσεις
3104 696 3161 748 ὲν
3187 696 3319 765 ἡμῖν
3346 698 3529 770 ἀρετῆς
3548 702 3688 773 ίχνος,

2156 783 2280 838 οὐδὲ
2325 785 2590 856 καλλονὴν
2645 786 2828 854 λόγου,
2867 785 3050 852 καθὼς
3081 787 3268 860 γνώσῃ
3302 789 3356 842 ὲν
3393 793 3492 857 τοῖς
3527 793 3690 850 ὑποτε-

2155 876 2476 947 ταγμένοις.

2265 992 2352 1067 Τῼ
2412 992 2727 1067 ΠΡΟΕΔΡῼ
2773 993 3208 1048 ΒΟΥΛΓΑΡΙΑΣ
3267 996 3527 1052 ΠΕΤΡΟΥ
3560 1001 3608 1038 τ’

2764 1087 3142 1143 ΠΡΟΛΟΓΟΣ.

2231 1201 2305 1256 Γ.
2348 1201 2531 1267 Φωτδς
2577 1201 2851 1274 παρουσία
2897 1203 3014 1258 λύει
3067 1205 3291 1270 σκότος·
3328 1205 3418 1259 καὶ
3466 1206 3699 1277 ποιμένων

2161 1297 2454 1352 ἐπιστασία
2507 1296 2804 1350 ἀπελαύνει
2863 1280 3110 1353 κλεπτών
3145 1299 3241 1353 καὶ
3289 1299 3486 1370 θηρίων
3535 1303 3698 1370 aucti.-

2165 1408 2332 1463 ματα.
2368 1391 2582 1463 Ποιμὴν
2625 1391 2862 1462 λογικῶν
2895 1391 3103 1464 ἀληθὴς
3147 1392 3352 1456 ἐκεῖνός
3384 1394 3521 1446 ἐστιν
3561 1395 3587 1447 ό
3620 1392 3695 1448 τοῦ

2162 1483 2418 1556 ἀληθινοῦ
2472 1485 2730 1554 ποιμένος
2776 1483 3068 1549 ἀκόλουθος
3095 1501 3108 1516 ·
3153 1483 3301 1557 [cod.
3340 1483 3376 1540 ί.
3422 1483 3529 1557 82.]
3554 1487 3582 1540 ὁ
3608 1483 3702 1551 τὴν

2163 1577 2326 1634 ἰδίαν
2353 1575 2560 1646 ὥσπερ
2589 1577 2819 1644 ἐκεῖνος
2849 1579 3030 1645 τιθείς
3053 1577 3267 1647 ψυχὴν
3291 1577 3438 1645 ὑπὲρ
3461 1576 3568 1630 τῶν
3588 1590 3702 1646 προ-

2164 1672 2360 1728 ϐάτων
2404 1673 2592 1728 αὑτοῦ
2614 1690 2628 1705 ·
2668 1667 2730 1728 οὗ
2763 1674 2796 1744 ἡ
2825 1672 3140 1743 δικαιοσύνη
3174 1671 3249 1736 ὡς
3282 1671 3396 1741 φῶς
3446 1668 3704 1740 ἐκπορεύε-

2163 1784 2291 1822 ταιο
2338 1769 2366 1822 ὁ
2399 1765 2859 1839 μεμεριμνημένῃ
2895 1765 3042 1837 ψυχῇ
3063 1807 3078 1831 ,
3133 1763 3286 1836 πάσῃ
3340 1765 3544 1835 μηχανῇ
3565 1768 3585 1798 ³
3612 1764 3708 1825 ταῖς

2165 1860 2261 1916 τοῦ
2306 1858 2556 1914 διαϐόλου
2587 1859 2812 1922 κακίαις
2855 1858 3128 1928 εὐστόχως
3177 1853 3711 1926 ἀντιτεχνώμενος.Εί

2165 1952 2276 2024 γὰρ
2296 1952 2392 2006 καὶ
2419 1950 2590 2006 πολλὰ
2613 1949 2684 2004 τὰ
2705 1948 2897 2021 ἕνεδρα
2924 1948 3018 2002 τοῦ
3045 1947 3244 2013 δολίου,
3276 1946 3393 2000 ἀλλ’
3413 1946 3510 2000 οὐκ
3535 1946 3713 2014 ἀγνοεῖν

2167 2047 2236 2102 τὰ
2259 2046 2512 2118 νοήματα
2538 2041 2705 2098 αὑτοῦ
2733 2041 2886 2112 παρά
2919 2040 3018 2111 τῆς
3054 2040 3204 2104 Θείας
3233 2039 3250 2077 ⁸
3276 2038 3494 2109 Γραφῆς
3521 2036 3707 2102 ἐξεπαι·

2167 2140 2329 2211 δεύθη
2341 2156 2459 2211 μεν,
2492 2137 2568 2202 ὡς
2597 2138 2654 2190 δὲ
2683 2136 2828 2190 ἰστὸν
2857 2134 3098 2206 ἀράχνου
3128 2135 3226 2195 τὰς
3257 2130 3421 2186 αὑτοῦ
3452 2130 3671 2203 ἡγεῖσθαι
3695 2137 3716 2164 ιι

2170 2233 2429 2302 παγίδας,
2460 2233 2526 2302 τῇ
2562 2229 2787 2302 βοηθείᾳ
2811 2226 2913 2298 τῆς
2943 2227 3260 2299 ζωαρχικῆς
3286 2225 3383 2279 καὶ
3411 2223 3715 2294 πανυμνήτου

2169 2328 2404 2399 Τριάδος
2444 2324 2542 2380 τοῦ
2579 2325 2740 2392 μόνου
2772 2321 2908 2375 Θεοῦ
2941 2319 3172 2392 ποιητοῦ
3213 2319 3310 2373 τοῦ
3339 2313 3559 2390 οὐρανοῦ
3588 2326 3611 2354 ν
3645 2316 3720 2370 καὶ

2170 2423 2270 2492 τῆς
2322 2422 2450 2491 γῆς,
2499 2419 2681 2488 πάσης
2721 2435 2779 2470 τε
2821 2416 3056 2488 ἀοράτου
3098 2413 3194 2468 καλ⁴
3243 2412 3446 2484 ὁρατῆς
3494 2410 3718 2472 κτίσεως,

2173 2511 2443 2582 συνοχέως
2497 2527 2557 2563 τε
2609 2508 2703 2562 καὶ
2765 2504 3119 2573 ἑξουσιαστοῦ
3175 2501 3634 2574 νενομοθετήμεθα
3670 2508 3721 2536 ι·

2171 2605 2464 2676 προσέχειν
2499 2602 2543 2656 δ’
2575 2601 2756 2668 ἀξιον,
2801 2599 2896 2653 καὶ
2933 2599 3008 2670 μὴ
3041 2597 3342 2669 παρέργως
3375 2595 3483 2650 τῶν
3525 2593 3723 2668 ῥηθησο-

2175 2695 2354 2767 μένων
2385 2691 2624 2746 ἀκούειν.
2663 2691 2966 2762 Γενήσεται
3001 2690 3109 2761 γάρ
3140 2691 3256 2754 τοῖς
3291 2689 3390 2760 μὲν
3422 2685 3727 2756 τελεωτέροις

2171 2786 2268 2857 τὴν
2295 2786 2409 2853 ἕξιν
2450 2783 2737 2856 προσθήκη
2789 2781 3047 2852 νικητικὴ
3077 2781 3179 2851 τῆς
3218 2780 3367 2834 κατά
3395 2777 3486 2834 τοῦ
3515 2775 3725 2831 διαϐόλου

2173 2879 2355 2949 πάλης
2403 2878 2500 2932 καὶ
2532 2877 2737 2949 μάχης,
2775 2876 2835 2928 ὲν
2871 2875 2950 2946 τῷ
2998 2877 3109 2937 τοῖς
3143 2873 3416 2937 ἐναντίοις
3461 2870 3729 2943 συμπλέκε-

2174 2972 2301 3026 σθαι
2332 2970 2622 3041 δόγμασιν,
2653 2968 2751 3023 καὶ
2777 2968 2952 3022 ταῦτα
2981 2968 3040 3020 ἐν
3081 2966 3158 3037 τῷ
3187 2963 3621 3037 ἓκκλησιαστικῷ
3645 2961 3730 3014 τῶν

2175 3062 2336 3118 θείων
2371 3061 2660 3133 δογμάτων
2703 3058 2934 3128 πελάγει
2974 3061 3148 3112 ποιεῖν
3193 3058 3540 3130 ὑποϐρύχιαο
3569 3056 3668 3117 τοῖς
3701 3051 3736 3105 δ’

2173 3153 2566 3225 ἁπλουστέροις
2595 3151 2677 3206 ἔτι
2705 3151 2799 3205 κοιλ⁹
2823 3149 3375 3220 γαλαποτιζομένοις,
3399 3142 3734 3205 ἀτυοστολικῶς

2173 3250 2371 3311 εἰπεῖν,
2405 3246 2482 3313 ὡς
2512 3245 2734 3317 νηπίοις
2759 3243 3009 3315 ἀσφαλὴς
3035 3244 3169 3316 ἕδρα
3196 3243 3260 3296 τὸ
3291 3243 3370 3316 μὴ
3401 3240 3736 3316 περιπίπτειν,

2174 3341 2249 3405 ὡς
2292 3339 2479 3403 καλοῖς
2511 3341 2625 3400 τοῖς
2663 3337 2931 3410 χείροσιν.
2972 3336 3199 3409 Ἀρίστη
3239 3335 3355 3407 γάρ
3382 3333 3521 3406 αὕτη
3553 3328 3734 3403 μηχανὴ

2173 3435 2288 3498 τοῖς
2315 3431 2713 3504 ἁπλουστέροις
2742 3431 2803 3484 τὸ
2845 3431 2971 3494 τοὺς
3005 3430 3236 3501 μιαροὺς
3271 3428 3518 3491 ἐκείνους
3544 3420 3739 3494 ἀποτρέ-

2177 3525 2379 3580 πεσθαι
2411 3525 2510 3596 μὲν
2539 3525 2632 3578 καὶ
2663 3521 3083 3595 βδελύττεσθαι·
3127 3521 3203 3593 μὴ
3239 3521 3538 3592 πειρᾶσθαι
3570 3518 3620 3571 δὲ
3645 3516 3741 3576 ταῖς

2177 3620 2362 3676 αὐτῶν
2398 3618 2659 3672 πεύσεσιν
2695 3616 3195 3688 ἀνταποκρίνεσθαι
3221 3633 3238 3649 ο
3273 3615 3393 3670 ἀλλ’
3429 3617 3489 3668 ὲν
3533 3611 3608 3684 τῷ
3638 3627 3742 3664 πυν-

2178 3712 2436 3768 θάνεσθαι
2485 3711 2716 3776 αὐτοὺς,
2750 3711 2910 3782 σιγᾷν
2939 3711 3036 3764 καὶ
3065 3709 3298 3778 φεύγειν
3330 3712 3380 3764 εἰ
3419 3707 3633 3763 δυνατὸν
3655 3713 3678 3752 Ι
3699 3701 3744 3764 ἐξ

2179 3803 2359 3860 αὐτῶν
2385 3806 2476 3857 τὸν
2505 3802 2722 3876 ἰδιώτην
2746 3803 3027 3874 ἀκροατὴν
3057 3801 3133 3865 ὡς
3163 3801 3222 3869 ἐξ
3249 3802 3434 3872 ὄφεως
3458 3818 3472 3831 '
3501 3799 3642 3854 οὐδὲν
3661 3795 3746 3865 γὰρ

2179 3895 2380 3966 ὠφελεῖ
2401 3897 2430 3948 ό
2454 3893 2693 3957 τοιοῦτος
2719 3892 2856 3964 πρὸς
2886 3892 3084 3956 αὐτοὺς
3111 3888 3611 3961 διαλεγόμενος(7)’
3629 3883 3745 3959 [σού.

2181 3989 2221 4046 Γ.
2274 3988 2364 4046 8‘2.
2414 3987 2495 4060 b.]
2571 3986 2662 4041 διὰ
2693 3984 2852 4040 τοῦτο
2885 3985 2992 4055 γάρ
3021 3986 3136 4048 τοῖς
3173 3984 3421 4049 ἰδιώταις
3466 3979 3748 4057 προσδιαλέ-

2182 4098 2394 4151 γονται,
2419 4079 2575 4134 ὥστε
2597 4077 2669 4134 τὰ
2690 4078 2826 4150 ἅγια
2842 4078 2967 4143 τοῖς
2988 4075 3223 4131 ἑαυτῶν
3247 4075 3592 4148 σιυμπατεῖν
3611 4071 3747 4130 ποσὶ,

2185 4173 2280 4228 καὶ
2301 4171 2732 4244 διασπαράττειν
2758 4172 2826 4226 τὰ
2845 4170 3074 4242 οὐράνια
3093 4169 3189 4224 καὶ
3211 4168 3500 4242 θεοπρεπῆ
3520 4167 3750 4238 δόγματα,

484 4271 772 4336 Quomodo
799 4271 944 4326 enim
979 4271 1289 4343 quempiam
1313 4273 1540 4328 omnino
1560 4270 1835 4327 hominem
1860 4269 2070 4325 audienl

2189 4267 2264 4337 μὴ
2295 4265 2445 4329 ὄντος
2480 4263 2574 4318 τοῦ
2604 4264 2894 4336 ἐμφρόνως
2938 4263 3385 4334 ἀντιμαχομένου
3414 4262 3598 4324 αὐτοῖς
3617 4275 3631 4288 ·
3659 4254 3752 4315 πῶς

487 4361 566 4427 bi,
635 4363 727 4431 qui
761 4363 937 4432 Deum,
977 4364 1199 4420 unicum
1241 4363 1474 4436 singulis
1503 4373 1557 4419 et
1591 4363 1786 4419 diebus
1810 4371 1866 4417 et
1906 4361 2079 4428 boris,

485 4453 795 4509 innumeris
857 4455 1076 4526 injuriis
1121 4464 1176 4511 et
1241 4456 1596 4512 contumeliis
1664 4470 1730 4510 ac
1771 4452 2079 4510 maledictis

2186 4358 2296 4430 γὰρ
2321 4358 2459 4423 ὅλως
2481 4355 2788 4428 ἀνθρώπων
2814 4355 3163 4420 ἀκούσουσιν,
3198 4357 3248 4409 οἱ
3277 4365 3300 4392 ι
3342 4355 3438 4409 τὸν
3469 4353 3623 4424 μόνον
3648 4347 3753 4403 Θεὸν

2173 4450 2334 4518 ,κατά
2372 4451 2555 4504 πᾶσαν
2587 4449 2810 4520 ἡμέραν
2863 4465 2922 4502 τε
2990 4449 3084 4502 καὶ
3119 4447 3270 4519 ὥραν
3335 4447 3561 4519 μυρίαις
3599 4441 3755 4512 ὕϐρεσι

486 4546 756 4618 pulsant?
801 4547 867 4602 Et
912 4524 1147 4618 perutile
1196 4549 1417 4619 quidem
1453 4557 1559 4614 est,
1631 4555 1692 4601 ut
1735 4560 1830 4601 eos
1894 4544 2070 4600 idiotm

2187 4545 2282 4598 καὶ
2311 4543 2640 4614 ὀνειδισμοῖς
2675 4543 2771 4596 καὶ
2826 4542 2987 4613 ἀραῖς
3046 4541 3514 4613 περιϐάλλοντες;
3567 4537 3755 4608 ἄριστον

487 4637 846 4711 dignoscant;
891 4638 1038 4695 haud
1073 4638 1195 4695 ideo
1221 4645 1405 4694 tamen
1454 4638 1508 4692 in
1569 4636 1903 4708 colloquium
1951 4651 2078 4690 cum

487 4731 557 4789 iis
610 4733 856 4799 veniant,
899 4749 970 4788 ne
1005 4733 1148 4790 forte
1207 4731 1598 4803 periclitentur
1657 4730 1753 4801 qui
1825 4727 2081 4800 imperite

489 4842 779 4883 sermones
833 4835 1174 4883 conserunt:
1206 4825 1297 4881 vix
1353 4825 1501 4880 enim
1563 4823 1632 4879 ab
1665 4823 1732 4880 iis
1781 4821 2082 4878 transversi

487 4936 601 4990 non
641 4930 896 4990 agentur,
933 4920 1075 4991 siqui
1103 4927 1232 4975 sunt
1258 4917 1487 4973 indocti.
1521 4917 1738 4972 Etenim
1762 4917 1835 4972 illi
1884 4927 2084 4972 cuneta

488 5013 681 5085 utique
715 5011 994 5086 Evangelii
1024 5009 1379 5083 Apostolique
1410 5009 1632 5065 oracula
1685 5023 1781 5064 ore
1824 5017 2084 5080 crepant:

571 5205 594 5239 ⁸
621 5203 778 5262 Joan.
818 5221 872 5270 ι,
926 5204 1012 5260 ll.

2187 4634 2281 4690 οῦν
2313 4636 2429 4689 ἐστι
2479 4634 2540 4688 τὸ
2588 4634 2974 4703 διαγινώσκειν
3006 4634 3204 4698 αὐτοὺς
3250 4632 3349 4685 τὸν
3400 4630 3650 4700 ἰδιώτηνο
3696 4624 3757 4683 εἷς

2189 4728 2384 4797 λόγους
2409 4727 2466 4782 δὲ
2497 4727 2679 4782 αὐτῶν
2712 4725 2788 4799 μὴ
2817 4727 3097 4799 ἔρχεσθαι,
3127 4727 3347 4797 μήποτε
3378 4724 3477 4777 καὶ
3515 4713 3759 4776 κινδυνεῦ-

2192 4837 2360 4875 σωσιν
2408 4820 2459 4873 oi.
2496 4819 2746 4890 ἀπείρως
2800 4819 2939 4890 πρὸς
2973 4819 3172 4882 αὐτοὺς
3213 4815 3640 4885 διαλεγόμενον
3685 4823 3761 4879 χαι

2191 4912 2360 4967 λεπδν
2405 4911 2516 4984 γὰρ
2568 4912 2628 4966 τὸ
2662 4912 2738 4984 μὴ
2793 4912 3247 4984 συναρπασθῆναι
3289 4910 3388 4965 ὑπ’
3439 4907 3618 4962 αὐτῶν
3660 4905 3761 4963 τοὺς

2196 5003 2626 5078 ἁπλουστέρους·
2655 5003 2793 5059 διότι
2812 5004 2990 5060 πάντα
3009 5004 3079 5059 τά
3100 5004 3195 5059 τοῦ
3217 5003 3566 5074 Εὔαγγελίου
3589 4993 3764 5055 καὶτοῦ

1092 5205 1112 5238 ⁵
1145 5203 1162 5258 l
1193 5202 1320 5259 Cor.
1364 5218 1448 5267 tn,
1487 5201 1554 5268 9.;
1589 5202 1607 5257 l
1642 5203 1785 5258 Petr.
1820 5202 1874 5268 Ξ,
1898 5203 1954 5256 2.
2033 5199 2269 5255 “Matth.
2296 5216 2387 5263 vn,
2449 5198 2502 5254 6.

1729 5309 1740 5319 ’
1782 5341 2018 5399 VARUE
2058 5337 2469 5397 LECTIONES.

577 5455 600 5484 τ
633 5443 700 5499 Β.
731 5443 828 5499 ὢν.
934 5445 978 5482 τ’
1010 5440 1135 5498 cod.
1174 5441 1400 5509 Πέτρος.

503 5525 532 5555 ν
562 5515 629 5571 R.
651 5516 680 5569 ὁ
707 5530 808 5585 pro
841 5513 1093 5584 ούρανοῦ.
1193 5520 1220 5549 ι
1254 5504 1849 5585 Πηνενομοθεθήμεθα.
1942 5504 1985 5556 ⁷7
2011 5504 2078 5561 R.

503 5581 971 5658 Compendiaria'm
997 5585 1234 5641 litteram
1267 5582 1360 5636 καὶ
1382 5581 1466 5637 vel
1496 5582 1575 5648 κὶ,
1605 5595 1704 5651 pro
1734 5581 1804 5636 οί.

2128 5435 2154 5505 ᾗ
2183 5431 2290 5486 alio
2309 5431 2720 5505 _trausler_tur_a
2759 5431 2824 5486 R.

1500 5451 1522 5480 ⁸
1556 5437 1898 5512 γςοαῢιιιιιιη
1939 5437 2157 5512 μηχανῇ
2183 5437 2290 5486 alio
2309 5440 2332 5512 _t

2163 5518 2396 5557 υνατων.

2912 5434 2937 5470 ι
2973 5431 3035 5486 ῐι.
3073 5429 3255 5484 θειῶν.
3378 5439 3406 5468 ιι
3441 5428 3508 5482 n.
3538 5395 3768 5494 ἡγῆσθεειὲ

2505 5513 2527 5540 ι
2558 5503 2623 5558 Β.
2667 5487 2757 5559 hic
2807 5516 2861 5560 et
2888 5519 3031 5574 sazpe
3064 5503 3326 5571 deinceps
3365 5499 3526 5572 ponit
3559 5487 3770 5551 absurde

2028 5693 2263 5752 NOTAE.

589 5815 948 5888 (7)Excmplo
988 5825 1071 5873 est
1125 5817 1347 5875 Simeon
1375 5817 1668 5890 palatinus,
1704 5817 1770 5874 de
1793 5833 1899 5889 quo
1925 5815 2103 5872 iuliae
2141 5813 2370 5872 historia
2405 5829 2585 5871 sermo
2637 5809 2749 5866 (iet.
