3928 6246
294 248 436 319 1245

1426 249 1799 313 HISTORIA
1840 248 2454 314 MANICHEORUM.

3458 249 3609 317 1246

305 370 634 430 ’Δποστόλου
688 371 844 441 λόγια
876 369 1253 440 διαλέγονταιο
1296 368 1395 425 καλ⁸
1426 368 1580 441 μόνοι
1622 369 1875 440 διαγινώ-

1997 368 2084 425 soli
2120 376 2305 425 tamen
2360 368 2515 424 dolos
2562 366 2948 439 hzereticorum
3002 366 3038 422 ii
3088 364 3437 435 discernunt,
3488 370 3586 441 qui

294 483 491 521 σκουσι
526 464 620 520 τδν
643 465 795 519 δόλον
825 465 1030 533 αὐτῶν,
1060 465 1111 518 οἱ
1138 464 1197 518 έν
1220 462 1390 536 πολλῇ
1418 463 1582 536 τριϐῇ
1610 463 1711 536 τῆς
1735 463 1888 529 θείας

292 560 519 633 Γραφῆς
555 559 918 631 ὑπάρχοντες.
1238 590 1241 597 -

361 653 440 707 A’.
485 650 716 705 Ἐκεῖνοι
746 649 858 720 γάρ
887 648 937 703 oi
972 649 1184 722 μιαροὶ,
1218 650 1307 704 ὅτε
1329 649 1437 703 τινὶ
1470 647 1531 714 ἐξ
1569 646 1747 720 ἀρχῆς
1769 646 1889 702 δια-

289 744 567 814 λέγονται,
617 742 859 815 χρηστὸν
913 740 1398 813 σχηματίζονταια
1453 740 1599 813 ἔχειν
1638 741 1700 794 τὸ
1730 736 1885 812 ἦθος,

290 835 435 891 καὶι)
487 836 670 891 πάντα
700 834 771 889 τά
821 834 976 905 παρά
1008 837 1122 899 τοῖς
1171 832 1481 904 όρθοδόξοις
1536 834 1890 904 Χριστιανοῖς

288 929 542 1002 δόγματα
571 929 896 1002 ἐπικυροῦσι
916 940 940 969 ο
971 929 1161 992 δολίως
1182 929 1279 983 καὶ
1312 927 1690 998 ἀναφωνοῦσιν
1711 926 1739 967 εἰ
1759 944 1774 959 ’
1794 928 1890 981 ἀλ-

285 1022 656 1095 ληγοροῦντες
681 1032 705 1062 ⁸
740 1020 1001 1093 ἀθέσμως
1041 1020 1136 1076 καὶ
1165 1020 1287 1075 λίαν
1324 1018 1556 1090 ἀμαθῶς
1589 1018 1689 1091 τὴν
1725 1016 1890 1087 ἁγίαν

286 1115 502 1189 Τριάδα
525 1115 659 1170 Θεδν
686 1114 976 1187 ὁμολογεῖν
1006 1114 1228 1185 λέγουσι
1253 1130 1270 1147 ο
1301 1114 1396 1168 καὶ
1424 1110 1891 1184 ἀναθεματίζουσι

284 1206 419 1271 τοὺς
458 1204 535 1280 μὴ
570 1205 969 1279 ὁμολογοῦντας
1010 1206 1181 1278 αὐτήν
1200 1218 1216 1236 ο
1254 1205 1346 1259 τὸν
1372 1203 1580 1277 Κύριον
1604 1206 1635 1275 ἡ
1645 1202 1767 1274 μῶν
1796 1203 1890 1259 καὶ

286 1298 426 1361 Θεὸν
454 1297 616 1371 ἡμῶν
654 1298 1083 1372 ὲνανθρωπῆσαι
1123 1299 1183 1352 ὲν
1225 1296 1485 1370 παρθένῳ
1511 1297 1800 1367 λέγουσιν,
1840 1298 1890 1351 εί

285 1390 387 1446 καὶ
428 1389 644 1454 ἀσεϐῶς
668 1390 761 1444 καὶ
780 1390 956 1456 ἀθέως
981 1407 995 1421 ο
1031 1390 1127 1445 καὶ
1164 1387 1655 1462 ἀναθεματίζουσιτ
1669 1387 1798 1452 τοὺς
1816 1387 1890 1461 μὴ

283 1480 464 1543 οὕτως
488 1480 887 1552 ὁμολογοῦντας
906 1497 920 1513 ο
958 1482 1052 1537 καὶ
1092 1481 1271 1537 πάντα
1303 1481 1375 1535 τά
1398 1480 1501 1553 τῆς
1533 1479 1890 1552 ὲνανθρωπή-

287 1592 431 1639 σεως
455 1572 549 1627 τοῦ
584 1573 798 1646 Κυρίου
838 1574 1131 1644 ἰδιώματα,
1168 1574 1345 1639 ἄλλως
1378 1574 1478 1645 μὲν
1511 1573 1591 1646 τῷ
1634 1573 1887 1646 στόματι,

282 1666 512 1732 ἄλλωςε
556 1665 613 1721 δὲ
655 1669 720 1739 τῇ
767 1668 967 1740 καρδίᾳ
1012 1667 1296 1737 λέγοντες,
1330 1668 1589 1723 Μάνεντα
1630 1668 1885 1732 καὶτοὺς

1994 477 2330 535 magnopere
2366 461 2420 516 in
2448 459 2649 516 divinis
2692 476 2753 516 se
2793 459 3095 531 Scripturis
3126 470 3417 517 exercent.

2065 651 2157 711 IV.
2214 652 2291 707 Illi
2344 652 2549 723 quippe
2624 650 2821 708 nefarii
2866 666 2992 707 cum
3044 651 3282 721 primum
3350 649 3595 706 aﬁ‘antur

1990 745 2254 816 aliquem,
2286 744 2462 801 bonos
2497 744 2755 800 simulant
2772 759 2831 799 se
2856 744 3059 799 habere
3086 758 3290 809 mores,
3313 753 3370 799 et
3397 744 3584 797 omnia

1998 839 2433 918 orthodoxorum
2463 836 2903 892 Christianorum
2926 838 3175 908 dogmata
3194 835 3381 891 dolose
3397 850 3598 907 appro-

1992 930 2124 985 bant
2172 938 2228 984 et
2286 928 2674 999 proclamant:
2738 936 3121 981 verumtamen
3195 925 3364 996 impie
3422 936 3591 996 atque

1994 1022 2349 1078 inscitissime
2382 1022 2432 1093 ’1
2467 1028 2714 1076 sanctam
2764 1018 3091 1073 Trinitatem
3148 1034 3275 1074 cum
3337 1018 3597 1091 allegoria

1993 1116 2245 1173 conﬁteri
2290 1132 2350 1171 se
2407 1115 2611 1181 aiunt;
2646 1114 2756 1169 imo
2816 1114 2861 1168 si
2906 1113 3000 1183 qui
3027 1128 3149 1169 eam
3180 1128 3289 1167 non
3324 1111 3598 1169 conﬁten-

1995 1218 2105 1277 tur,
2162 1210 2630 1265 anathematizare
2653 1224 2713 1263 se
2746 1208 2923 1262 aiunt.
2964 1207 3260 1262 Dominum
3292 1221 3512 1277 quoque
3542 1216 3599 1262 et

1996 1300 2166 1357 Deum
2220 1310 2468 1356 nostrum
2498 1300 2701 1355 factum
2733 1298 3012 1355 hominem
3049 1300 3104 1353 in
3147 1298 3357 1370 virgine
3384 1298 3596 1364 dicunt,

1994 1395 2091 1453 sed
2136 1395 2241 1451 hoc
2298 1394 2478 1466 ipsum
2510 1393 2677 1465 impie
2736 1403 2792 1448 et
2829 1392 3171 1463 irreligiose;
3201 1399 3256 1446 et
3306 1389 3597 1447 anathema

1994 1488 2140 1545 haud
2175 1488 2249 1543 ita
2291 1487 2687 1543 conﬁtentibus
2716 1486 2906 1543 dicunt
2935 1503 2951 1554 ;
2983 1495 3363 1542 verumtamen
3395 1500 3592 1542 omnes

1996 1581 2397 1636 incarnationis
2470 1580 2769 1637 Dominicae
2823 1580 3194 1652 proprietates
3227 1582 3387 1637 aliter
3414 1596 3548 1638 voce
3580 1623 3596 1646 ,

1994 1674 2153 1729 aliter
2213 1675 2401 1741 corde,
2461 1673 2752 1729 aﬂirmant.
2797 1672 2937 1728 Tum
2989 1674 3155 1729 etiam
3199 1674 3469 1730 Manetem
3542 1683 3599 1730 et

284 1760 388 1813 σὺν
428 1759 579 1831 αὐτῷ
612 1760 846 1832 μιαροὺς
886 1761 1237 1831 αἱρετικοὺς.
1288 1760 1439 1834 [cod.
1484 1761 1521 1816 ί.
1558 1760 1677 1833 85.]
1716 1761 1798 1815 ἔτι
1826 1762 1885 1815 δὲ

1998 1766 2236 1837 reliquos
2267 1782 2392 1821 cum
2428 1781 2494 1822 eo
2522 1766 2764 1822 nefarios
2806 1766 3112 1833 haereticos,
3177 1783 3389 1824 necnon
3451 1769 3597 1823 Pauo

282 1852 387 1906 καὶ
416 1852 633 1907 Παῦλον
664 1854 757 1907 τὸν
793 1854 1138 1925 Σαμοσατέα,
1168 1854 1634 1921 ἀναθεματίζουσι
1674 1854 1883 1926 προθύ-

284 1959 440 2016 μως’
474 1944 669 2010 ἄλλους
702 1945 813 2018 γάρ
840 1945 1000 2018 ἔσχον
1026 1946 1166 1999 πολὺ
1197 1947 1417 2018 χείρους
1444 1946 1625 2001 αὐτῶν
1658 1947 1758 2016 τῆς
1786 1964 1886 2001 κα-

280 2036 411 2101 κίας
435 2036 797 2103 διδασκάλους
828 2037 924 2091 καὶ
946 2038 1262 2109 ἀρχηγέτας
1287 2036 1662 2109 ὑπάρξαντας,
1700 2038 1885 2103 καθὼς

284 2127 432 2196 μετὰ
466 2128 663 2200 μικρὸν
694 2128 1111 2199 δηλωθήσεται·
1162 2128 1258 2183 καὶ
1290 2130 1479 2193 ἁπλῶς
1524 2130 1682 2201 δίκην
1722 2130 1887 2184 πολύ-

283 2218 449 2281 ποδος
487 2216 521 2287 ἢ
555 2216 949 2289 χαμαιλέοντος
987 2217 1064 2289 (8)
1099 2218 1178 2288 τῷ
1214 2218 1393 2290 καιρῴ
1435 2222 1531 2273 καὶ
1572 2220 1653 2290 τῷ
1696 2221 1886 2292 τρόπῳ

281 2305 384 2359 καὶ
419 2305 497 2375 τῷ
534 2305 815 2378 προσώπῳ
847 2307 1414 2377 συμμεταϐάλλονται,
1447 2310 1596 2374 ὅπως
1621 2312 1743 2363 τινά
1777 2310 1885 2365 τῶν

280 2398 634 2471 κουφοτέρων
664 2400 1011 2472 θηρεύσωσι·
1031 2403 1126 2454 καὶ
1154 2403 1243 2455 ὅτε
1272 2403 1476 2471 γνῶσιν
1510 2404 1673 2458 αὑτὸν
1712 2423 1885 2474 προσ-

283 2494 482 2565 έχοντα
520 2494 640 2556 ταῖς
684 2493 1095 2564 ματαιολογίαις
1121 2495 1322 2561 αὐτῶν,
1358 2496 1482 2549 τότε
1518 2497 1715 2568 μικρὸν
1747 2515 1887 2569 παρ-

284 2585 644 2656 εκφαίνουσιν
687 2585 836 2656 αὑτῷ
864 2585 960 2639 καὶ
999 2586 1070 2639 τὰ
1096 2586 1228 2658 παρ’
1251 2588 1437 2651 αὐτοῖς
1465 2590 1759 2662 μυστήρια.
1785 2592 1885 2646 Διά

285 2677 451 2732 τοῦτο
484 2677 731 2749 χρησίμη
768 2678 863 2731 καὶ
905 2679 941 2749 ἡ
973 2676 1081 2731 τῶν
1115 2678 1396 2752 βλαϐερῶν
1428 2680 1746 2750 διάγνωσις,
1787 2683 1886 2755 οὐχ

280 2766 451 2846 ἧττον
485 2773 594 2827 τῶν
625 2771 900 2843 ὑγιεινῶν.
950 2772 1325 2841 Διαγνωστέον
1380 2775 1491 2847 γὰρ
1531 2776 1744 2842 ταῦτα,
1786 2778 1887 2849 οὐχ

282 2866 430 2923 ὥστε
464 2866 703 2940 χρᾶσθαι
740 2866 948 2934 αὐτοῖς,
982 2866 1099 2920 ἀλλ’
1149 2866 1292 2921 ὥστε
1326 2867 1645 2939 διαφεύγειν
1682 2871 1775 2925 τὸν
1816 2872 1884 2926 δι’

286 2961 471 3017 αὐτῶν
514 2962 944 3034 προσγινόμενον
992 2959 1214 3033 ὀλεθρον
1240 2978 1255 2993 ο
1298 2961 1440 3017 ἰτέον
1479 2964 1661 3019 τοίνυν
1698 2963 1793 3020 ἐπὶ
1823 2965 1885 3020 τὸ

286 3053 674 3128 προκείμενον.

940 3179 1227 3233 ΙΣΤΟΡῘΛ.

294 3292 313 3309 ’
359 3308 438 3367 E'.
478 3311 538 3366 Ὀ
568 3312 876 3385 ἀρχέκακος
905 3313 1029 3384 ὄφις
1055 3314 1155 3369 καὶ
1185 3312 1561 3385 πονηρότατος
1588 3312 1830 3383 δράκων,
1858 3310 1885 3363 6

283 3401 402 3456 τῶν
430 3401 687 3467 ζιζανίων
721 3405 958 3476 σπορεὺς
981 3447 995 3471 ,
1028 3405 1126 3460 καὶ
1167 3404 1351 3476 πάσης
1380 3404 1598 3469 ἀδικίας
1643 3402 1887 3476 ἀρχηγὸς

284 3492 388 3546 καὶ
417 3491 762 3559 διδάσκαλος,
793 3496 821 3547 6
849 3493 945 3548 τοῦ
974 3492 1205 3565 ψεύδους
1237 3492 1572 3565 καθηγεμὼν
1594 3493 1624 3533 Ιι
1663 3492 1757 3546 καὶ
1783 3508 1888 3544 πα-

281 3584 395 3655 τὴρ
426 3583 667 3656 αὐτοῦ,ή
707 3585 806 3657 τῆς
839 3585 1217 3657 ὑπερηφανίας
1268 3583 1890 3657 βορϐορώδηςλίμνη,τὸ

281 3676 392 3748 τῆς
418 3676 738 3743 ἀλαζονείας
763 3681 779 3720 ί
806 3679 1143 3750 σαθρότατον
1168 3679 1390 3751 ὕψωμα,
1414 3682 1441 3733 6
1464 3678 1622 3751 δίκην
1646 3676 1659 3729 i
1692 3677 1888 3749 νηπίου

282 3771 403 3833 τοῖς
454 3769 585 3823 ποσὶ
630 3770 741 3825 τῶν
790 3772 1003 3827 πιστῶν
1058 3773 1540 3845 συμπατούμενος,
1590 3772 1657 3843 τῇ
1710 3770 1889 3841 οἰκεία

288 3862 575 3935 συμϐουλῇ
610 3862 637 3904 Ῑι
702 3864 797 3919 τοῦ
858 3866 997 3920 Θεοῦ
1052 3867 1297 3939 χωρίσας
1351 3866 1413 3920 τὸ
1473 3864 1642 3921 αὑτοῦ
1708 3864 1891 3937 τίμιον

286 3955 524 4026 πλάσμα
572 3956 665 4010 τὸν
698 3957 1010 4029 ἄνθρωπον,
1044 3960 1142 4014 καὶ
1173 3960 1274 4029 τῆς
1322 3961 1379 4013 ὲν
1411 3958 1729 4031 παραδείσῳ
1784 3976 1893 4029 μα-

286 4048 490 4119 καρίας
520 4050 800 4123 διαγωγῆς
845 4052 913 4106 δι’
956 4052 1267 4125 ὑπερϐολὴν
1308 4054 1507 4117 κακίας
1552 4051 1890 4123 ἐκϐληθῆναι

286 4141 483 4196 τοῦτον
520 4145 975 4216 παρασκευάσας,
1011 4148 1040 4200 6
1078 4145 1377 4209 πανάθλιος
1419 4144 1524 4213 τῆς
1553 4144 1754 4207 κακίας
1795 4145 1894 4216 τὴν

285 4233 491 4306 ἡδονὴν
548 4235 796 4300 ἀντιδοὺς
852 4237 1209 4311 πεπραμένον
1259 4237 1421 4293 αὑτὸν
1457 4235 1650 4307 ὥσπερ
1695 4237 1895 4307 ἀνδρά-

290 4327 457 4381 ποδον
491 4326 637 4399 [cod.
681 4326 719 4384 Γ.
753 4328 842 4385 85.
872 4329 950 4402 Ι).Ἰ
988 4332 1052 4384 ἐκ
1085 4331 1183 4401 τῆς
1215 4331 1465 4385 ἑκουσίου
1500 4329 1667 4385 αὐτοῦ
1697 4347 1893 4404 προσι-

292 4420 524 4491 ρέσεως,
550 4423 615 4491 τῇ
648 4421 893 4494 ἁμαρτίᾳ
924 4421 1071 4493 οἶμοι
1110 4422 1361 4493 ὠνήσατο
1385 4440 1396 4453 ’
1428 4422 1522 4477 τοῦ
1556 4422 1719 4494 μόνου
1755 4420 1891 4476 Θεοῦ

288 4508 454 4563 τοῦτο
482 4511 571 4565 διὰ
602 4512 700 4584 τήν
749 4514 1028 4587 ἁμαρτίαν
1061 4516 1554 4587 συγχωρήσαντος,
1594 4516 1690 4569 καὶ
1719 4514 1792 4579 ῶς
1832 4516 1891 4568 ὲν

288 4602 658 4676 δεσμωτηρίῳ
696 4606 755 4659 ὲν
794 4606 872 4678 τῷ
901 4606 995 4660 τοῦ
1036 4608 1164 4680 ᾅδου
1202 4607 1388 4679 χωρίῳ
1442 4608 1540 4671 τάς
1576 4606 1755 4679 ψυχὰς
1784 4607 1893 4662 τῶν

289 4695 605 4768 ἀνθρώπων
660 4697 1031 4767 φυλάττεσθαι
1094 4700 1393 4764 ἐάσαντος,
1458 4701 1621 4772 μέχρι
1684 4701 1783 4771 τῆς
1835 4703 1893 4754 ὲν

295 4788 466 4858 σαρκὶ
508 4791 813 4861 παρουσίας
844 4793 938 4845 τοῦ
972 4792 1103 4847 Υἰοῦ
1138 4792 1233 4847 τοῦ
1272 4792 1431 4857 Θεοῦ,
1464 4793 1675 4865 Κυρίου
1704 4794 1763 4847 δὲ
1800 4793 1895 4847 καὶ

294 4882 433 4937 Θεοῦ
465 4885 627 4957 ήμῶν
661 4885 835 4958 Ἰησοῦ
879 4886 1149 4959 Χριστοῦ,
1184 4886 1278 4942 τοῦ
1320 4886 1437 4951 ἑνὸς
1467 4887 1569 4957 τῆς
1604 4887 1770 4955 ἁγίας
1801 4888 1895 4941 καὶ

1990 1861 2105 1915 lum
2159 1859 2602 1915 Samosatensem
2669 1860 2815 1914 ultro
2883 1860 3397 1916 anathematizant:
3457 1862 3597 1918 alios

1992 1952 2193 2023 quippe
2249 1953 2560 2007 habuerunt
2593 1952 2875 2021 multoque
2937 1956 3154 2022 pejores
3219 1953 3594 2023 improbitatis

1993 2062 2107 2101 sua:
2166 2047 2476 2118 magistros,
2538 2054 2703 2116 prout
2770 2046 2933 2116 paulo
2965 2053 3088 2116 post
3136 2047 3459 2101 ostendetur
3494 2064 3508 2101 :
3543 2055 3599 2103 et

1989 2136 2218 2192 omnino
2279 2135 2459 2207 polypi
2526 2136 2700 2191 instar
2747 2144 2805 2191 et
2856 2135 3284 2198 chammleontis,
3314 2152 3413 2205 pro
3455 2145 3597 2191 tem-

1990 2245 2123 2301 pore
2195 2240 2253 2285 et
2324 2246 2429 2284 usu
2481 2244 2827 2300 personaque
2884 2237 3205 2284 mutantur:
3250 2237 3309 2282 ut
3361 2229 3596 2299 aliquem

1989 2322 2197 2377 scilicet
2223 2323 2445 2377 levioris
2504 2322 2709 2393 ingenii
2737 2321 3015 2376 hominem
3072 2330 3379 2384 venentur;
3430 2336 3593 2391 quem

1992 2415 2036 2471 si
2067 2416 2183 2471 suis
2259 2416 2420 2488 nugis
2471 2415 2847 2470 attendentem
2903 2414 3180 2477 noverint,
3238 2413 3369 2467 huic
3402 2429 3463 2469 se
3492 2429 3593 2484 pe-

1989 2508 2313 2579 detemptim
2346 2524 2471 2564 cum
2506 2510 2622 2563 suis
2657 2506 2931 2578 mysteriis
2973 2505 3239 2561 revelant.
3295 2505 3588 2575 Propterea

1989 2600 2141 2655 utilis
2202 2610 2286 2655 est
2332 2601 2619 2655 noxiarum
2675 2614 2891 2669 quoque
2946 2613 3132 2652 rerum
3199 2597 3394 2651 notitia
3444 2598 3592 2653 haud

1989 2708 2150 2749 secus
2194 2709 2360 2764 quam
2404 2693 2750 2747 salutarium.
2792 2692 2935 2746 Sunt
2956 2691 3102 2746 enim
3149 2691 3541 2762 cognoscenda:
3573 2734 3589 2758 ,

1988 2802 2096 2841 non
2123 2796 2182 2841 ut
2217 2785 2322 2841 illis
2373 2795 2612 2850 utamur,
2649 2785 2745 2839 sed
2785 2794 2845 2839 ut
2899 2792 3211 2837 manantem
3259 2798 3325 2838 ex
3350 2783 3435 2837 his
3462 2798 3592 2853 per-

1990 2879 2192 2933 niciem
2227 2879 2489 2934 vitemus.
2515 2878 2685 2950 Igitur
2733 2877 2800 2932 ad
2834 2875 3175 2948 propositum
3206 2883 3589 2945 argumentum

1991 2971 2344 3027 veniendum.
2564 2966 2569 2971 ⁸

2556 3172 2907 3233 HISTORIA.

2068 3303 2132 3360 ν.
2192 3303 2461 3361 Malorum
2515 3305 2735 3361 initium
2796 3321 3025 3377 serpens
3055 3320 3121 3361 ae
3164 3306 3590 3363 scelestissimus

1989 3396 2176 3467 draco,
2202 3397 2538 3454 zizaniorum
2570 3400 2875 3455 seminator
2893 3408 2949 3455 et
2987 3399 3167 3455 omnis
3190 3401 3408 3455 malitiae
3432 3401 3588 3471 prin-

1990 3506 2122 3561 ceps
2154 3506 2219 3548 ac
2251 3491 2535 3563 magister,
2580 3492 2850 3547 mendacii
2898 3493 3287 3565 antesignanus
3314 3493 3589 3564 ejusdem-

1990 3601 2097 3656 que
2129 3594 2303 3656 patcr,
2330 3585 2605 3656 superbia:
2644 3601 2864 3641 ctenosa
2897 3585 3076 3656 palus,
3130 3585 3408 3656 iactantiae
3435 3585 3591 3640 inﬁr-

1991 3678 2220 3732 missum
2250 3677 2493 3745 culmen,
2538 3676 2586 3732 is
2634 3677 2727 3749 qui
2760 3678 2916 3748 pueri
2944 3677 3117 3733 instar
3148 3693 3179 3731 a
3221 3678 3465 3733 ﬁdelium
3496 3694 3591 3749 pe-

1993 3770 2154 3825 dibus
2205 3770 2587 3836 conculcatur,
2653 3770 2744 3841 qui
2804 3770 3026 3841 propria
3075 3770 3336 3827 suasione
3390 3786 3420 3826 a
3480 3771 3592 3826 Deo

1994 3862 2252 3918 abstrain
2285 3862 2582 3934 pretiosam
2615 3862 2738 3933 ejus
2789 3873 3098 3918 creaturam
3149 3862 3468 3929 hominem;
3499 3862 3591 3918 dc-

1995 3956 2182 4027 ditque
2219 3970 2466 4026 operam,
2493 3964 2554 4010 ut
2608 3957 2759 4011 hunc
2801 3955 2961 4010 beato
3016 3954 3254 4024 paradisi
3320 3954 3587 4021 incolatu,

1996 4064 2213 4103 summo
2274 4048 2497 4103 malitiae
2553 4048 2787 4103 artiﬁcio
2814 4046 3152 4118 depelleret;
3205 4046 3314 4110 hic,
3345 4046 3593 4115 inquam,

1995 4140 2526 4196 aerumnossissimus
2555 4180 2569 4205 ,
2604 4141 2884 4211 voluptate
2942 4139 3140 4194 vitium
3183 4154 3551 4210 compcnsans
3576 4177 3592 4201 ,

1997 4234 2267 4289 Adamum
2316 4233 2473 4303 quasi
2530 4233 2902 4288 venundatum
2958 4231 3317 4302 mancipium,
3372 4246 3484 4287 non
3538 4232 3597 4302 8

2000 4325 2119 4381 sine
2165 4325 2410 4396 ejusdem
2465 4324 2774 4380 voluntario
2836 4340 3133 4388 consensu,
3173 4323 3385 4394 peccati
3442 4322 3591 4378 heu!

2003 4428 2259 4488 tanquam
2306 4418 2483 4489 pretio
2558 4418 2782 4481 coemit,
2851 4417 2961 4472 Deo
3028 4419 3190 4472 unico
3246 4416 3297 4471 id
3369 4428 3597 4487 prOpter

1998 4510 2194 4565 Adami
2254 4510 2470 4581 culpam
2526 4509 2878 4581 permittente
2912 4527 2925 4575 ;
2958 4518 3012 4564 et
3066 4519 3323 4580 tanquam
3376 4523 3598 4564 carcere

2000 4602 2053 4657 in
2091 4601 2396 4657 inferorum
2428 4603 2745 4674 regionibus
2793 4604 3002 4657 animas
3036 4603 3324 4658 hominum
3354 4599 3592 4658 detineri

2002 4696 2237 4761 sinente,
2294 4713 2471 4767 usque
2536 4697 2603 4751 ad
2658 4697 2953 4752 adventum
2996 4697 3049 4751 in
3101 4712 3267 4753 carne
3306 4695 3427 4749 Filii
3477 4692 3592 4759 Dei,

2004 4789 2215 4844 Domini
2252 4790 2458 4861 Deique
2512 4791 2683 4846 nostri
2734 4791 2866 4846 .lesu
2914 4789 3143 4855 Christi,
3179 4788 3343 4843 unius
3375 4787 3442 4842 de
3464 4802 3596 4841 san-

2003 4890 2090 4938 cla
2138 4891 2194 4937 ct
2232 4882 2608 4940 laudatissima
2644 4882 2934 4939 Trinitate.
2964 4881 3257 4938 Veterator
3285 4882 3431 4936 idem
3452 4877 3598 4933 mul-

1574 5067 1809 5123 VAIII/E
1864 5068 2272 5125 LECTIONES.

374 5240 402 5269 ι
440 5226 507 5280 R.
541 5244 652 5290 τες.
731 5227 758 5268 b
788 5227 852 5280 li.
884 5226 940 5279 δὲ
974 5242 1070 5294 pro
1092 5226 1205 5279 καί.
1279 5238 1295 5263 τ
1336 5226 1397 5277 li.
1433 5224 1742 5295 ἐπικροῦσι.
1818 5223 1843 5263 ἀ
1877 5223 1940 5279 Il.
1969 5225 2176 5279 omisso
2203 5226 2319 5287 mi,
2346 5226 2533 5280 scribit
2566 5222 3033 5294 ζετεανσιςκιυνοῦσιν.
3112 5236 3135 5263 ο
3166 5222 3233 5277 Β.
3262 5219 3596 5295 ἀνηγοροῦνο

295 5316 410 5363 τες.
499 5298 514 5337 ί
554 5297 618 5352 R.
646 5299 854 5353 omisso
879 5297 1065 5350 zaiait
1091 5296 1640 5367 ἐπαναθεματίςουσι.

296 5381 355 5427 ct
388 5385 515 5425 mox
545 5369 776 5441 νηπίων.
858 5369 883 5408 ¹ι
920 5370 985 5423 Β.
1024 5367 1210 5439 βουλῇ.

1721 5304 1747 5345 8
1779 5295 1844 5351 Β.
1866 5296 2029 5361 ἀνως.

2105 5299 2134 5337 h
2168 5298 2232 5352 li.
2257 5296 2379 5350 καθ’
2404 5295 2647 5369 ἡγεμών.
2732 5292 2764 5337 ἶ
2787 5295 2853 5350 R.
2873 5295 3180 5360 ἀλαζονίας.
3264 5302 3280 5346 ι
3312 5293 3378 5349 Β.
3415 5292 3595 5364 νίκην,

1827 5481 2054 5541 NOTAE.

376 5632 454 5703 (8)
475 5629 683 5703 Plinius
718 5627 860 5703 Hist.
915 5627 1041 5703 Nat._
1068 5625 1215 5703 _Ylll.
1265 5624 1323 5679 51
1362 5640 1374 5675 :
1410 5623 1650 5680 Colorem
1714 5630 1886 5676 mutat

301 5698 626 5758 cha'nta'leon
667 5700 905 5762 subinde,
950 5698 1222 5768 redditque
1274 5712 1480 5763 semper
1528 5710 1890 5768 quemcunque

300 5776 543 5846 proxime
583 5772 818 5844 attingit.
854 5769 929 5828 Dc
962 5765 1356 5825 chamalaconte
1390 5775 1446 5823 et
1474 5767 1672 5849 polypo
1690 5765 1885 5839 .Thco-

1999 5624 2257 5694 phrastus
2283 5640 2500 5695 quoque
2532 5622 2586 5679 in
2639 5622 2947 5697 fragmento
2977 5622 3046 5680 de
3066 5620 3397 5680 animalibus
3424 5619 3579 5678 colo-

2002 5712 2116 5751 rem
2148 5697 2508 5752 mutantibus.
