  <div class='ocr_page' id='page_1' title='image "/cluster/home/n/w/nwhite01/storage/ocr_20150623/104 pt.4/mdp.39015061931229/633.png"; bbox 0 0 3928 6246; ppageno 0'>
   <div class='ocr_carea' id='block_1_1' title="bbox 348 304 484 374">
    <p class='ocr_par' dir='ltr' id='par_1_1' title="bbox 348 304 484 374">
     <span class='ocr_line' id='line_1_1' title="bbox 348 304 484 374; baseline 0.015 -2"><span class='ocrx_word' id='word_1_1' title='bbox 348 304 484 374; x_wconf 72' lang='grc'><strong>124⁷1</strong></span> 
     </span>
    </p>
   </div>
   <div class='ocr_carea' id='block_1_2' title="bbox 1714 305 2245 372">
    <p class='ocr_par' dir='ltr' id='par_1_2' title="bbox 1714 305 2245 372">
     <span class='ocr_line' id='line_1_2' title="bbox 1714 305 2245 372; baseline -0.004 0"><span class='ocrx_word' id='word_1_2' title='bbox 1714 307 1940 372; x_wconf 85' lang='lat' dir='ltr'><strong>PETRI</strong></span> <span class='ocrx_word' id='word_1_3' title='bbox 1987 305 2245 370; x_wconf 84' lang='lat' dir='ltr'><strong>SICULI</strong></span> 
     </span>
    </p>
   </div>
   <div class='ocr_carea' id='block_1_3' title="bbox 3498 306 3638 372">
    <p class='ocr_par' dir='ltr' id='par_1_3' title="bbox 3498 306 3638 372">
     <span class='ocr_line' id='line_1_3' title="bbox 3498 306 3638 372; baseline 0.007 -1"><span class='ocrx_word' id='word_1_4' title='bbox 3498 306 3638 372; x_wconf 69' lang='grc'><strong>1248</strong></span> 
     </span>
    </p>
   </div>
   <div class='ocr_carea' id='block_1_4' title="bbox 340 419 1950 497">
    <p class='ocr_par' dir='ltr' id='par_1_4' title="bbox 340 420 1939 496">
     <span class='ocr_line' id='line_1_4' title="bbox 340 420 1939 496; baseline 0 -20"><span class='ocrx_word' id='word_1_5' title='bbox 340 421 414 480; x_wconf 88' lang='lat' dir='ltr'><strong>tis</strong></span> <span class='ocrx_word' id='word_1_6' title='bbox 435 420 714 495; x_wconf 84' lang='lat' dir='ltr'><strong>variisque</strong></span> <span class='ocrx_word' id='word_1_7' title='bbox 733 423 1001 483; x_wconf 83' lang='lat' dir='ltr'><strong>idolorum</strong></span> <span class='ocrx_word' id='word_1_8' title='bbox 1036 423 1295 490; x_wconf 74' lang='lat' dir='ltr'><strong>cultibus,</strong></span> <span class='ocrx_word' id='word_1_9' title='bbox 1317 422 1556 496; x_wconf 82' lang='lat' dir='ltr'><strong>flagitiis,</strong></span> <span class='ocrx_word' id='word_1_10' title='bbox 1587 421 1939 495; x_wconf 85' lang='lat' dir='ltr'><strong>turpitudini—</strong></span> 
     </span>
    </p>
   </div>
   <div class='ocr_carea' id='block_1_5' title="bbox 2056 419 3640 497">
    <p class='ocr_par' dir='ltr' id='par_1_5' title="bbox 2056 425 3640 497">
     <span class='ocr_line' id='line_1_5' title="bbox 2056 425 3640 497; baseline 0.007 -26"><span class='ocrx_word' id='word_1_11' title='bbox 2056 425 2397 495; x_wconf 77' lang='grc' dir='ltr'>τανυμνήτου</span> <span class='ocrx_word' id='word_1_12' title='bbox 2442 426 2707 497; x_wconf 81' lang='grc' dir='ltr'><strong>Τριάδος·</strong></span> <span class='ocrx_word' id='word_1_13' title='bbox 2751 427 2972 492; x_wconf 80' lang='grc' dir='ltr'>πολλαῖς</span> <span class='ocrx_word' id='word_1_14' title='bbox 3007 427 3065 482; x_wconf 75' lang='grc' dir='ltr'><strong>δὲ</strong></span> <span class='ocrx_word' id='word_1_15' title='bbox 3105 427 3199 482; x_wconf 79' lang='grc' dir='ltr'><strong>καὶ</strong></span> <span class='ocrx_word' id='word_1_16' title='bbox 3226 426 3504 492; x_wconf 84' lang='grc' dir='ltr'>ποικίλαις</span> <span class='ocrx_word' id='word_1_17' title='bbox 3545 427 3640 482; x_wconf 70' lang='grc' dir='ltr'><strong>τὸν</strong></span> 
     </span>
    </p>
   </div>
   <div class='ocr_carea' id='block_1_6' title="bbox 338 504 1937 589">
    <p class='ocr_par' dir='ltr' id='par_1_6' title="bbox 338 504 1937 589">
     <span class='ocr_line' id='line_1_6' title="bbox 338 504 1937 589; baseline 0 -20"><span class='ocrx_word' id='word_1_18' title='bbox 338 504 444 572; x_wconf 75' lang='lat' dir='ltr'><strong>bus</strong></span> <span class='ocrx_word' id='word_1_19' title='bbox 470 530 537 571; x_wconf 90' lang='lat' dir='ltr'><strong>ac</strong></span> <span class='ocrx_word' id='word_1_20' title='bbox 558 515 931 587; x_wconf 78' lang='lat' dir='ltr'><strong>voluptatibus</strong></span> <span class='ocrx_word' id='word_1_21' title='bbox 962 518 1298 589; x_wconf 88' lang='lat' dir='ltr'><strong>captivatum</strong></span> <span class='ocrx_word' id='word_1_22' title='bbox 1330 516 1633 581; x_wconf 86' lang='lat' dir='ltr'><strong>hominem,</strong></span> <span class='ocrx_word' id='word_1_23' title='bbox 1662 531 1760 572; x_wconf 88' lang='lat' dir='ltr'><strong>ceu</strong></span> <span class='ocrx_word' id='word_1_24' title='bbox 1790 532 1937 571; x_wconf 88' lang='lat' dir='ltr'><strong>nun-</strong></span> 
     </span>
    </p>
   </div>
   <div class='ocr_carea' id='block_1_7' title="bbox 335 607 1937 679">
    <p class='ocr_par' dir='ltr' id='par_1_7' title="bbox 335 607 1937 679">
     <span class='ocr_line' id='line_1_7' title="bbox 335 607 1937 679; baseline 0.002 -21"><span class='ocrx_word' id='word_1_25' title='bbox 335 618 502 675; x_wconf 83' lang='lat' dir='ltr'><strong>quam</strong></span> <span class='ocrx_word' id='word_1_26' title='bbox 533 607 923 673; x_wconf 89' lang='lat' dir='ltr'><strong>revocandum,</strong></span> <span class='ocrx_word' id='word_1_27' title='bbox 974 608 1120 679; x_wconf 87' lang='lat' dir='ltr'><strong>apud</strong></span> <span class='ocrx_word' id='word_1_28' title='bbox 1139 623 1199 663; x_wconf 92' lang='lat' dir='ltr'><strong>se</strong></span> <span class='ocrx_word' id='word_1_29' title='bbox 1223 607 1463 663; x_wconf 88' lang='lat' dir='ltr'><strong>retinere</strong></span> <span class='ocrx_word' id='word_1_30' title='bbox 1496 607 1774 678; x_wconf 81' lang='lat' dir='ltr'><strong>sperabat,</strong></span> <span class='ocrx_word' id='word_1_31' title='bbox 1810 622 1937 663; x_wconf 89' lang='lat' dir='ltr'><strong>cum</strong></span> 
     </span>
    </p>
   </div>
   <div class='ocr_carea' id='block_1_8' title="bbox 337 698 1935 771">
    <p class='ocr_par' dir='ltr' id='par_1_8' title="bbox 337 698 1935 771">
     <span class='ocr_line' id='line_1_8' title="bbox 337 698 1935 771; baseline 0 -18"><span class='ocrx_word' id='word_1_32' title='bbox 337 704 524 753; x_wconf 87' lang='lat' dir='ltr'><strong>tamen</strong></span> <span class='ocrx_word' id='word_1_33' title='bbox 588 698 707 769; x_wconf 89' lang='lat' dir='ltr'><strong>ipse</strong></span> <span class='ocrx_word' id='word_1_34' title='bbox 746 700 930 770; x_wconf 91' lang='lat' dir='ltr'><strong>potius</strong></span> <span class='ocrx_word' id='word_1_35' title='bbox 980 700 1051 756; x_wconf 89' lang='lat' dir='ltr'><strong>sit</strong></span> <span class='ocrx_word' id='word_1_36' title='bbox 1071 701 1369 756; x_wconf 86' lang='lat' dir='ltr'><strong>admodum</strong></span> <span class='ocrx_word' id='word_1_37' title='bbox 1400 700 1563 755; x_wconf 79' lang='lat' dir='ltr'><strong>facile</strong></span> <span class='ocrx_word' id='word_1_38' title='bbox 1586 699 1935 771; x_wconf 86' lang='lat' dir='ltr'><strong>superabilis.</strong></span> 
     </span>
    </p>
   </div>
   <div class='ocr_carea' id='block_1_9' title="bbox 337 788 1939 866">
    <p class='ocr_par' dir='ltr' id='par_1_9' title="bbox 337 788 1939 866">
     <span class='ocr_line' id='line_1_9' title="bbox 337 788 1939 866; baseline 0.002 -21"><span class='ocrx_word' id='word_1_39' title='bbox 337 788 449 846; x_wconf 85' lang='lat' dir='ltr'><strong>Sed</strong></span> <span class='ocrx_word' id='word_1_40' title='bbox 494 805 606 847; x_wconf 92' lang='lat' dir='ltr'><strong>nou</strong></span> <span class='ocrx_word' id='word_1_41' title='bbox 642 791 738 848; x_wconf 90' lang='lat' dir='ltr'><strong>diu</strong></span> <span class='ocrx_word' id='word_1_42' title='bbox 808 793 1050 865; x_wconf 88' lang='lat' dir='ltr'><strong>potietur</strong></span> <span class='ocrx_word' id='word_1_43' title='bbox 1098 794 1323 851; x_wconf 90' lang='lat' dir='ltr'><strong>dolosus</strong></span> <span class='ocrx_word' id='word_1_44' title='bbox 1371 794 1557 866; x_wconf 68' lang='lat' dir='ltr'><strong>praeda</strong></span> <span class='ocrx_word' id='word_1_45' title='bbox 1597 808 1695 849; x_wconf 92' lang='lat' dir='ltr'><strong>sua</strong></span> <span class='ocrx_word' id='word_1_46' title='bbox 1732 811 1745 846; x_wconf 91' lang='lat'>:</span> <span class='ocrx_word' id='word_1_47' title='bbox 1808 807 1939 848; x_wconf 89' lang='lat' dir='ltr'><strong>ecce</strong></span> 
     </span>
    </p>
   </div>
   <div class='ocr_carea' id='block_1_10' title="bbox 334 880 1938 957">
    <p class='ocr_par' dir='ltr' id='par_1_10' title="bbox 334 880 1938 957">
     <span class='ocr_line' id='line_1_10' title="bbox 334 880 1938 957; baseline 0.002 -21"><span class='ocrx_word' id='word_1_48' title='bbox 334 880 484 936; x_wconf 88' lang='lat' dir='ltr'><strong>enim</strong></span> <span class='ocrx_word' id='word_1_49' title='bbox 530 896 628 951; x_wconf 85' lang='lat' dir='ltr'><strong>spe</strong></span> <span class='ocrx_word' id='word_1_50' title='bbox 655 898 753 939; x_wconf 91' lang='lat' dir='ltr'><strong>sua</strong></span> <span class='ocrx_word' id='word_1_51' title='bbox 792 883 958 940; x_wconf 89' lang='lat' dir='ltr'><strong>falsus</strong></span> <span class='ocrx_word' id='word_1_52' title='bbox 981 893 1069 941; x_wconf 82' lang='lat' dir='ltr'><strong>est</strong></span> <span class='ocrx_word' id='word_1_53' title='bbox 1101 885 1195 957; x_wconf 87' lang='lat' dir='ltr'><strong>qui</strong></span> <span class='ocrx_word' id='word_1_54' title='bbox 1232 900 1450 956; x_wconf 84' lang='lat' dir='ltr'><strong>semper</strong></span> <span class='ocrx_word' id='word_1_55' title='bbox 1502 884 1665 939; x_wconf 88' lang='lat' dir='ltr'><strong>fallit.</strong></span> <span class='ocrx_word' id='word_1_56' title='bbox 1692 882 1938 955; x_wconf 86' lang='lat' dir='ltr'><strong>Namque</strong></span> 
     </span>
    </p>
   </div>
   <div class='ocr_carea' id='block_1_11' title="bbox 336 973 1937 1049">
    <p class='ocr_par' dir='ltr' id='par_1_11' title="bbox 336 973 1937 1049">
     <span class='ocr_line' id='line_1_11' title="bbox 336 973 1937 1049; baseline 0.001 -21"><span class='ocrx_word' id='word_1_57' title='bbox 336 973 651 1046; x_wconf 79' lang='lat' dir='ltr'><strong>unigenitus</strong></span> <span class='ocrx_word' id='word_1_58' title='bbox 711 974 882 1032; x_wconf 86' lang='lat' dir='ltr'><strong>Filius</strong></span> <span class='ocrx_word' id='word_1_59' title='bbox 927 974 1281 1049; x_wconf 80' lang='lat' dir='ltr'><strong>Verbumque</strong></span> <span class='ocrx_word' id='word_1_60' title='bbox 1353 978 1467 1043; x_wconf 88' lang='lat' dir='ltr'><strong>Dei,</strong></span> <span class='ocrx_word' id='word_1_61' title='bbox 1526 977 1673 1032; x_wconf 89' lang='lat' dir='ltr'><strong>Patri</strong></span> <span class='ocrx_word' id='word_1_62' title='bbox 1740 991 1937 1032; x_wconf 86' lang='lat' dir='ltr'><strong>conre-</strong></span> 
     </span>
    </p>
   </div>
   <div class='ocr_carea' id='block_1_12' title="bbox 338 1069 1941 1134">
    <p class='ocr_par' dir='ltr' id='par_1_12' title="bbox 338 1069 1941 1134">
     <span class='ocr_line' id='line_1_12' title="bbox 338 1069 1941 1134; baseline 0.001 -13"><span class='ocrx_word' id='word_1_63' title='bbox 338 1073 557 1134; x_wconf 77' lang='lat' dir='ltr'><strong>gnator,</strong></span> <span class='ocrx_word' id='word_1_64' title='bbox 594 1074 651 1122; x_wconf 93' lang='lat' dir='ltr'><strong>et</strong></span> <span class='ocrx_word' id='word_1_65' title='bbox 708 1082 835 1123; x_wconf 90' lang='lat' dir='ltr'><strong>cum</strong></span> <span class='ocrx_word' id='word_1_66' title='bbox 914 1069 1131 1125; x_wconf 82' lang='lat' dir='ltr'><strong>viviﬁco</strong></span> <span class='ocrx_word' id='word_1_67' title='bbox 1180 1070 1528 1126; x_wconf 88' lang='lat' dir='ltr'><strong>sanctissimo</strong></span> <span class='ocrx_word' id='word_1_68' title='bbox 1576 1070 1941 1125; x_wconf 82' lang='lat' dir='ltr'><strong>consubstan-</strong></span> 
     </span>
    </p>
   </div>
   <div class='ocr_carea' id='block_1_13' title="bbox 340 1155 1937 1233">
    <p class='ocr_par' dir='ltr' id='par_1_13' title="bbox 340 1155 1937 1233">
     <span class='ocr_line' id='line_1_13' title="bbox 340 1155 1937 1233; baseline 0.003 -22"><span class='ocrx_word' id='word_1_69' title='bbox 340 1155 457 1212; x_wconf 86' lang='lat' dir='ltr'><strong>tiali</strong></span> <span class='ocrx_word' id='word_1_70' title='bbox 503 1157 608 1213; x_wconf 90' lang='lat' dir='ltr'><strong>sibi</strong></span> <span class='ocrx_word' id='word_1_71' title='bbox 658 1157 867 1230; x_wconf 88' lang='lat' dir='ltr'><strong>Spiritu</strong></span> <span class='ocrx_word' id='word_1_72' title='bbox 925 1162 1325 1233; x_wconf 87' lang='lat' dir='ltr'><strong>sempiternus,</strong></span> <span class='ocrx_word' id='word_1_73' title='bbox 1366 1178 1468 1232; x_wconf 87' lang='lat' dir='ltr'><strong>pro</strong></span> <span class='ocrx_word' id='word_1_74' title='bbox 1529 1178 1625 1216; x_wconf 89' lang='lat' dir='ltr'><strong>sua</strong></span> <span class='ocrx_word' id='word_1_75' title='bbox 1675 1161 1937 1217; x_wconf 83' lang='lat' dir='ltr'><strong>ineﬂ&#39;ahili</strong></span> 
     </span>
    </p>
   </div>
   <div class='ocr_carea' id='block_1_14' title="bbox 336 1245 1941 1324">
    <p class='ocr_par' dir='ltr' id='par_1_14' title="bbox 336 1245 1941 1324">
     <span class='ocr_line' id='line_1_14' title="bbox 336 1245 1941 1324; baseline 0.004 -22"><span class='ocrx_word' id='word_1_76' title='bbox 336 1245 586 1304; x_wconf 82' lang='lat' dir='ltr'><strong>bonitate</strong></span> <span class='ocrx_word' id='word_1_77' title='bbox 641 1250 836 1306; x_wconf 89' lang='lat' dir='ltr'><strong>volens</strong></span> <span class='ocrx_word' id='word_1_78' title='bbox 895 1251 1094 1308; x_wconf 89' lang='lat' dir='ltr'><strong>iterum</strong></span> <span class='ocrx_word' id='word_1_79' title='bbox 1161 1254 1468 1309; x_wconf 89' lang='lat' dir='ltr'><strong>instaurare</strong></span> <span class='ocrx_word' id='word_1_80' title='bbox 1532 1269 1696 1324; x_wconf 87' lang='lat' dir='ltr'><strong>quem</strong></span> <span class='ocrx_word' id='word_1_81' title='bbox 1738 1254 1941 1309; x_wconf 85' lang='lat' dir='ltr'><strong>forma-</strong></span> 
     </span>
    </p>
   </div>
   <div class='ocr_carea' id='block_1_15' title="bbox 338 1344 1939 1425">
    <p class='ocr_par' dir='ltr' id='par_1_15' title="bbox 338 1344 1939 1425">
     <span class='ocr_line' id='line_1_15' title="bbox 338 1344 1939 1425; baseline 0.004 -29"><span class='ocrx_word' id='word_1_82' title='bbox 338 1350 496 1398; x_wconf 87' lang='lat' dir='ltr'><strong>verat</strong></span> <span class='ocrx_word' id='word_1_83' title='bbox 532 1358 600 1398; x_wconf 84' lang='lat' dir='ltr'><strong>ex</strong></span> <span class='ocrx_word' id='word_1_84' title='bbox 667 1344 837 1401; x_wconf 91' lang='lat' dir='ltr'><strong>humo</strong></span> <span class='ocrx_word' id='word_1_85' title='bbox 885 1346 1188 1425; x_wconf 69' lang='lat' dir='ltr'><strong>hominem,</strong></span> <span class='ocrx_word' id='word_1_86' title='bbox 1222 1363 1435 1416; x_wconf 86' lang='lat' dir='ltr'><strong>suoque</strong></span> <span class='ocrx_word' id='word_1_87' title='bbox 1480 1347 1611 1403; x_wconf 79' lang='lat' dir='ltr'><strong>flatu</strong></span> <span class='ocrx_word' id='word_1_88' title='bbox 1643 1347 1807 1419; x_wconf 84' lang='lat' dir='ltr'><strong>digna</strong></span> <span class='ocrx_word' id='word_1_89' title='bbox 1825 1347 1939 1402; x_wconf 90' lang='lat' dir='ltr'><strong>Deo</strong></span> 
     </span>
    </p>
   </div>
   <div class='ocr_carea' id='block_1_16' title="bbox 339 1431 1941 1509">
    <p class='ocr_par' dir='ltr' id='par_1_16' title="bbox 339 1431 1941 1509">
     <span class='ocr_line' id='line_1_16' title="bbox 339 1431 1941 1509; baseline 0.002 -23"><span class='ocrx_word' id='word_1_90' title='bbox 339 1431 557 1488; x_wconf 85' lang='lat' dir='ltr'><strong>ratione</strong></span> <span class='ocrx_word' id='word_1_91' title='bbox 594 1434 1061 1491; x_wconf 82' lang='lat' dir='ltr'><strong>eondecoraverat</strong></span> <span class='ocrx_word' id='word_1_92' title='bbox 1094 1453 1109 1501; x_wconf 92' lang='lat'><strong>;</strong></span> <span class='ocrx_word' id='word_1_93' title='bbox 1141 1446 1327 1507; x_wconf 82' lang='lat' dir='ltr'><strong>postea</strong></span> <span class='ocrx_word' id='word_1_94' title='bbox 1390 1436 1734 1509; x_wconf 89' lang='lat' dir='ltr'><strong>heneplaeito</strong></span> <span class='ocrx_word' id='word_1_95' title='bbox 1760 1435 1941 1491; x_wconf 86' lang='lat' dir='ltr'><strong>Patris</strong></span> 
     </span>
    </p>
   </div>
   <div class='ocr_carea' id='block_1_17' title="bbox 339 1520 1938 1592">
    <p class='ocr_par' dir='ltr' id='par_1_17' title="bbox 339 1520 1938 1592">
     <span class='ocr_line' id='line_1_17' title="bbox 339 1520 1938 1592; baseline 0.003 -18"><span class='ocrx_word' id='word_1_96' title='bbox 339 1526 398 1575; x_wconf 89' lang='lat' dir='ltr'><strong>et</strong></span> <span class='ocrx_word' id='word_1_97' title='bbox 440 1520 617 1576; x_wconf 87' lang='lat' dir='ltr'><strong>sancti</strong></span> <span class='ocrx_word' id='word_1_98' title='bbox 679 1520 917 1592; x_wconf 90' lang='lat' dir='ltr'><strong>Spiritus</strong></span> <span class='ocrx_word' id='word_1_99' title='bbox 968 1524 1375 1591; x_wconf 84' lang='lat' dir='ltr'><strong>eooperatione,</strong></span> <span class='ocrx_word' id='word_1_100' title='bbox 1412 1533 1587 1580; x_wconf 91' lang='lat' dir='ltr'><strong>semet</strong></span> <span class='ocrx_word' id='word_1_101' title='bbox 1618 1523 1938 1589; x_wconf 88' lang='lat' dir='ltr'><strong>demittens,</strong></span> 
     </span>
    </p>
   </div>
   <div class='ocr_carea' id='block_1_18' title="bbox 339 1607 1941 1682">
    <p class='ocr_par' dir='ltr' id='par_1_18' title="bbox 339 1607 1941 1682">
     <span class='ocr_line' id='line_1_18' title="bbox 339 1607 1941 1682; baseline 0.001 -18"><span class='ocrx_word' id='word_1_102' title='bbox 339 1616 399 1664; x_wconf 90' lang='lat' dir='ltr'><strong>et</strong></span> <span class='ocrx_word' id='word_1_103' title='bbox 455 1623 526 1666; x_wconf 74' lang='lat' dir='ltr'><strong>ex</strong></span> <span class='ocrx_word' id='word_1_104' title='bbox 583 1607 809 1682; x_wconf 75' lang='lat' dir='ltr'><strong>Virgine</strong></span> <span class='ocrx_word' id='word_1_105' title='bbox 876 1618 1063 1667; x_wconf 88' lang='lat' dir='ltr'><strong>saneta</strong></span> <span class='ocrx_word' id='word_1_106' title='bbox 1120 1627 1341 1668; x_wconf 88' lang='lat' dir='ltr'><strong>carnem</strong></span> <span class='ocrx_word' id='word_1_107' title='bbox 1410 1627 1637 1668; x_wconf 91' lang='lat' dir='ltr'><strong>sumens</strong></span> <span class='ocrx_word' id='word_1_108' title='bbox 1687 1611 1941 1669; x_wconf 86' lang='lat' dir='ltr'><strong>rationali</strong></span> 
     </span>
    </p>
   </div>
   <div class='ocr_carea' id='block_1_19' title="bbox 340 1700 1937 1771">
    <p class='ocr_par' dir='ltr' id='par_1_19' title="bbox 340 1700 1937 1771">
     <span class='ocr_line' id='line_1_19' title="bbox 340 1700 1937 1771; baseline 0.001 -13"><span class='ocrx_word' id='word_1_109' title='bbox 340 1700 527 1758; x_wconf 85' lang='lat' dir='ltr'><strong>anima</strong></span> <span class='ocrx_word' id='word_1_110' title='bbox 565 1710 623 1758; x_wconf 88' lang='lat' dir='ltr'><strong>et</strong></span> <span class='ocrx_word' id='word_1_111' title='bbox 649 1702 1008 1760; x_wconf 89' lang='lat' dir='ltr'><strong>intellectuali</strong></span> <span class='ocrx_word' id='word_1_112' title='bbox 1038 1705 1360 1771; x_wconf 86' lang='lat' dir='ltr'><strong>animatam,</strong></span> <span class='ocrx_word' id='word_1_113' title='bbox 1394 1706 1560 1761; x_wconf 89' lang='lat' dir='ltr'><strong>homo</strong></span> <span class='ocrx_word' id='word_1_114' title='bbox 1586 1705 1764 1761; x_wconf 87' lang='lat' dir='ltr'><strong>factus</strong></span> <span class='ocrx_word' id='word_1_115' title='bbox 1804 1713 1892 1761; x_wconf 88' lang='lat' dir='ltr'><strong>est</strong></span> <span class='ocrx_word' id='word_1_116' title='bbox 1920 1720 1937 1771; x_wconf 91' lang='lat'><strong>;</strong></span> 
     </span>
    </p>
   </div>
   <div class='ocr_carea' id='block_1_20' title="bbox 340 1765 2017 1865">
    <p class='ocr_par' dir='ltr' id='par_1_20' title="bbox 340 1765 2017 1865">
     <span class='ocr_line' id='line_1_20' title="bbox 340 1765 2017 1865; baseline 0.002 -18"><span class='ocrx_word' id='word_1_117' title='bbox 340 1807 453 1849; x_wconf 93' lang='lat' dir='ltr'><strong>non</strong></span> <span class='ocrx_word' id='word_1_118' title='bbox 486 1792 542 1850; x_wconf 89' lang='lat' dir='ltr'><strong>id</strong></span> <span class='ocrx_word' id='word_1_119' title='bbox 592 1794 744 1865; x_wconf 90' lang='lat' dir='ltr'><strong>quod</strong></span> <span class='ocrx_word' id='word_1_120' title='bbox 780 1804 900 1851; x_wconf 89' lang='lat' dir='ltr'><strong>erat</strong></span> <span class='ocrx_word' id='word_1_121' title='bbox 935 1796 1256 1864; x_wconf 88' lang='lat' dir='ltr'><strong>immutans,</strong></span> <span class='ocrx_word' id='word_1_122' title='bbox 1317 1805 1404 1853; x_wconf 89' lang='lat' dir='ltr'><strong>est</strong></span> <span class='ocrx_word' id='word_1_123' title='bbox 1442 1798 1588 1852; x_wconf 90' lang='lat' dir='ltr'><strong>enim</strong></span> <span class='ocrx_word' id='word_1_124' title='bbox 1649 1796 1940 1853; x_wconf 88' lang='lat' dir='ltr'><strong>iuconver-</strong></span> <span class='ocrx_word' id='word_1_125' title='bbox 1967 1765 2017 1828; x_wconf 69' lang='grc' dir='ltr'><strong>Β</strong></span> 
     </span>
    </p>
   </div>
   <div class='ocr_carea' id='block_1_21' title="bbox 344 1884 1941 1959">
    <p class='ocr_par' dir='ltr' id='par_1_21' title="bbox 344 1884 1941 1959">
     <span class='ocr_line' id='line_1_21' title="bbox 344 1884 1941 1959; baseline 0.002 -19"><span class='ocrx_word' id='word_1_126' title='bbox 344 1884 514 1941; x_wconf 84' lang='lat' dir='ltr'><strong>tihilis</strong></span> <span class='ocrx_word' id='word_1_127' title='bbox 543 1902 559 1952; x_wconf 85' lang='lat'><strong>;</strong></span> <span class='ocrx_word' id='word_1_128' title='bbox 590 1886 690 1942; x_wconf 89' lang='lat' dir='ltr'><strong>sed</strong></span> <span class='ocrx_word' id='word_1_129' title='bbox 731 1887 784 1942; x_wconf 90' lang='lat' dir='ltr'><strong>id</strong></span> <span class='ocrx_word' id='word_1_130' title='bbox 817 1888 965 1957; x_wconf 89' lang='lat' dir='ltr'><strong>quod</strong></span> <span class='ocrx_word' id='word_1_131' title='bbox 994 1904 1105 1944; x_wconf 92' lang='lat' dir='ltr'><strong>non</strong></span> <span class='ocrx_word' id='word_1_132' title='bbox 1147 1896 1269 1944; x_wconf 86' lang='lat' dir='ltr'><strong>erat</strong></span> <span class='ocrx_word' id='word_1_133' title='bbox 1319 1903 1631 1955; x_wconf 88' lang='lat' dir='ltr'><strong>assumens,</strong></span> <span class='ocrx_word' id='word_1_134' title='bbox 1668 1889 1800 1959; x_wconf 89' lang='lat' dir='ltr'><strong>quia</strong></span> <span class='ocrx_word' id='word_1_135' title='bbox 1843 1888 1941 1944; x_wconf 87' lang='lat' dir='ltr'><strong>be-</strong></span> 
     </span>
    </p>
   </div>
   <div class='ocr_carea' id='block_1_22' title="bbox 346 1974 1944 2053">
    <p class='ocr_par' dir='ltr' id='par_1_22' title="bbox 346 1974 1944 2053">
     <span class='ocr_line' id='line_1_22' title="bbox 346 1974 1944 2053; baseline 0.006 -25"><span class='ocrx_word' id='word_1_136' title='bbox 346 1974 550 2047; x_wconf 85' lang='lat' dir='ltr'><strong>nignus</strong></span> <span class='ocrx_word' id='word_1_137' title='bbox 590 1985 719 2051; x_wconf 81' lang='lat' dir='ltr'><strong>est,</strong></span> <span class='ocrx_word' id='word_1_138' title='bbox 760 1976 1047 2050; x_wconf 77' lang='lat' dir='ltr'><strong>Virginem</strong></span> <span class='ocrx_word' id='word_1_139' title='bbox 1129 1996 1291 2049; x_wconf 90' lang='lat' dir='ltr'><strong>quam</strong></span> <span class='ocrx_word' id='word_1_140' title='bbox 1367 1980 1610 2036; x_wconf 87' lang='lat' dir='ltr'><strong>clausam</strong></span> <span class='ocrx_word' id='word_1_141' title='bbox 1663 1981 1944 2053; x_wconf 86' lang='lat' dir='ltr'><strong>ingressus</strong></span> 
     </span>
    </p>
   </div>
   <div class='ocr_carea' id='block_1_23' title="bbox 342 2067 1943 2144">
    <p class='ocr_par' dir='ltr' id='par_1_23' title="bbox 342 2067 1943 2144">
     <span class='ocr_line' id='line_1_23' title="bbox 342 2067 1943 2144; baseline 0.004 -21"><span class='ocrx_word' id='word_1_142' title='bbox 342 2076 484 2133; x_wconf 87' lang='lat' dir='ltr'><strong>erat,</strong></span> <span class='ocrx_word' id='word_1_143' title='bbox 555 2067 776 2139; x_wconf 88' lang='lat' dir='ltr'><strong>reliquit</strong></span> <span class='ocrx_word' id='word_1_144' title='bbox 800 2070 1006 2139; x_wconf 88' lang='lat' dir='ltr'><strong>pariter</strong></span> <span class='ocrx_word' id='word_1_145' title='bbox 1034 2070 1362 2143; x_wconf 81' lang='lat' dir='ltr'><strong>virginitatis</strong></span> <span class='ocrx_word' id='word_1_146' title='bbox 1390 2072 1514 2128; x_wconf 91' lang='lat' dir='ltr'><strong>luce</strong></span> <span class='ocrx_word' id='word_1_147' title='bbox 1553 2073 1943 2144; x_wconf 86' lang='lat' dir='ltr'><strong>splendentem</strong></span> 
     </span>
    </p>
   </div>
   <div class='ocr_carea' id='block_1_24' title="bbox 345 2160 1947 2236">
    <p class='ocr_par' dir='ltr' id='par_1_24' title="bbox 345 2160 1947 2236">
     <span class='ocr_line' id='line_1_24' title="bbox 345 2160 1947 2236; baseline 0.002 -19"><span class='ocrx_word' id='word_1_148' title='bbox 345 2169 403 2217; x_wconf 87' lang='lat' dir='ltr'><strong>et</strong></span> <span class='ocrx_word' id='word_1_149' title='bbox 438 2160 761 2234; x_wconf 75' lang='lat' dir='ltr'><strong>gloriosam,</strong></span> <span class='ocrx_word' id='word_1_150' title='bbox 798 2172 859 2219; x_wconf 93' lang='lat' dir='ltr'><strong>ut</strong></span> <span class='ocrx_word' id='word_1_151' title='bbox 919 2164 1243 2235; x_wconf 89' lang='lat' dir='ltr'><strong>prophetice</strong></span> <span class='ocrx_word' id='word_1_152' title='bbox 1272 2165 1486 2236; x_wconf 85' lang='lat' dir='ltr'><strong>loquar,</strong></span> <span class='ocrx_word' id='word_1_153' title='bbox 1534 2166 1603 2222; x_wconf 90' lang='lat' dir='ltr'><strong>ab</strong></span> <span class='ocrx_word' id='word_1_154' title='bbox 1628 2165 1776 2222; x_wconf 90' lang='lat' dir='ltr'><strong>intus</strong></span> <span class='ocrx_word' id='word_1_155' title='bbox 1807 2184 1820 2221; x_wconf 91' lang='lat'>:</span> <span class='ocrx_word' id='word_1_156' title='bbox 1855 2182 1947 2222; x_wconf 89' lang='lat' dir='ltr'><strong>cu-</strong></span> 
     </span>
    </p>
   </div>
   <div class='ocr_carea' id='block_1_25' title="bbox 348 2250 1946 2326">
    <p class='ocr_par' dir='ltr' id='par_1_25' title="bbox 348 2250 1946 2326">
     <span class='ocr_line' id='line_1_25' title="bbox 348 2250 1946 2326; baseline 0.001 -18"><span class='ocrx_word' id='word_1_157' title='bbox 348 2250 442 2325; x_wconf 83' lang='lat' dir='ltr'><strong>ius</strong></span> <span class='ocrx_word' id='word_1_158' title='bbox 484 2250 713 2324; x_wconf 84' lang='lat' dir='ltr'><strong>virginis</strong></span> <span class='ocrx_word' id='word_1_159' title='bbox 748 2254 1012 2324; x_wconf 72' lang='lat' dir='ltr'><strong>praeludia</strong></span> <span class='ocrx_word' id='word_1_160' title='bbox 1047 2254 1133 2309; x_wconf 81' lang='lat' dir='ltr'><strong>lex</strong></span> <span class='ocrx_word' id='word_1_161' title='bbox 1179 2263 1236 2310; x_wconf 89' lang='lat' dir='ltr'><strong>et</strong></span> <span class='ocrx_word' id='word_1_162' title='bbox 1286 2256 1570 2326; x_wconf 67' lang='lat' dir='ltr'><strong>propheta:</strong></span> <span class='ocrx_word' id='word_1_163' title='bbox 1619 2271 1812 2311; x_wconf 89' lang='lat' dir='ltr'><strong>omnes</strong></span> <span class='ocrx_word' id='word_1_164' title='bbox 1861 2256 1946 2309; x_wconf 85' lang='lat' dir='ltr'><strong>in-</strong></span> 
     </span>
    </p>
   </div>
   <div class='ocr_carea' id='block_1_26' title="bbox 347 2342 1947 2418">
    <p class='ocr_par' dir='ltr' id='par_1_26' title="bbox 347 2342 1947 2418">
     <span class='ocr_line' id='line_1_26' title="bbox 347 2342 1947 2418; baseline 0.002 -18"><span class='ocrx_word' id='word_1_165' title='bbox 347 2342 531 2400; x_wconf 87' lang='lat' dir='ltr'><strong>solitis</strong></span> <span class='ocrx_word' id='word_1_166' title='bbox 593 2343 725 2400; x_wconf 90' lang='lat' dir='ltr'><strong>olim</strong></span> <span class='ocrx_word' id='word_1_167' title='bbox 788 2345 970 2401; x_wconf 89' lang='lat' dir='ltr'><strong>modis</strong></span> <span class='ocrx_word' id='word_1_168' title='bbox 1025 2347 1554 2416; x_wconf 66' lang='lat' dir='ltr'><strong>prteuuntiaverunt.</strong></span> <span class='ocrx_word' id='word_1_169' title='bbox 1609 2348 1947 2418; x_wconf 83' lang='lat' dir='ltr'><strong>gloriamque</strong></span> 
     </span>
    </p>
   </div>
   <div class='ocr_carea' id='block_1_27' title="bbox 347 2437 1945 2515">
    <p class='ocr_par' dir='ltr' id='par_1_27' title="bbox 347 2437 1945 2515">
     <span class='ocr_line' id='line_1_27' title="bbox 347 2437 1945 2515; baseline 0.004 -21"><span class='ocrx_word' id='word_1_170' title='bbox 347 2437 470 2508; x_wconf 88' lang='lat' dir='ltr'><strong>ejus</strong></span> <span class='ocrx_word' id='word_1_171' title='bbox 512 2448 935 2510; x_wconf 69' lang='lat' dir='ltr'><strong>praeoccupante</strong></span> <span class='ocrx_word' id='word_1_172' title='bbox 969 2441 1131 2497; x_wconf 88' lang='lat' dir='ltr'><strong>oculo</strong></span> <span class='ocrx_word' id='word_1_173' title='bbox 1205 2443 1377 2498; x_wconf 90' lang='lat' dir='ltr'><strong>visam</strong></span> <span class='ocrx_word' id='word_1_174' title='bbox 1427 2454 1945 2515; x_wconf 82' lang='lat' dir='ltr'><strong>praemonstrarunt.</strong></span> 
     </span>
    </p>
   </div>
   <div class='ocr_carea' id='block_1_28' title="bbox 346 2530 1949 2610">
    <p class='ocr_par' dir='ltr' id='par_1_28' title="bbox 346 2530 1949 2610">
     <span class='ocr_line' id='line_1_28' title="bbox 346 2530 1949 2610; baseline 0.007 -24"><span class='ocrx_word' id='word_1_175' title='bbox 346 2530 416 2587; x_wconf 86' lang='lat' dir='ltr'><strong>Et</strong></span> <span class='ocrx_word' id='word_1_176' title='bbox 444 2531 590 2588; x_wconf 90' lang='lat' dir='ltr'><strong>alius</strong></span> <span class='ocrx_word' id='word_1_177' title='bbox 621 2533 845 2603; x_wconf 90' lang='lat' dir='ltr'><strong>quidem</strong></span> <span class='ocrx_word' id='word_1_178' title='bbox 896 2534 1136 2590; x_wconf 77' lang='lat' dir='ltr'><strong>clausam</strong></span> <span class='ocrx_word' id='word_1_179' title='bbox 1178 2536 1414 2606; x_wconf 86' lang='lat' dir='ltr'><strong>januam</strong></span> <span class='ocrx_word' id='word_1_180' title='bbox 1460 2539 1665 2610; x_wconf 80' lang='lat' dir='ltr'><strong>solique</strong></span> <span class='ocrx_word' id='word_1_181' title='bbox 1719 2541 1829 2596; x_wconf 86' lang='lat' dir='ltr'><strong>Deo</strong></span> <span class='ocrx_word' id='word_1_182' title='bbox 1867 2559 1949 2597; x_wconf 87' lang='lat' dir='ltr'><strong>re-</strong></span> 
     </span>
    </p>
   </div>
   <div class='ocr_carea' id='block_1_29' title="bbox 347 2626 1950 2705">
    <p class='ocr_par' dir='ltr' id='par_1_29' title="bbox 347 2626 1950 2705">
     <span class='ocr_line' id='line_1_29' title="bbox 347 2626 1950 2705; baseline 0.006 -25"><span class='ocrx_word' id='word_1_183' title='bbox 347 2633 618 2680; x_wconf 76' lang='lat' dir='ltr'><strong>servatam</strong></span> <span class='ocrx_word' id='word_1_184' title='bbox 680 2626 1029 2696; x_wconf 71' lang='lat' dir='ltr'><strong>praedixit&quot;:</strong></span> <span class='ocrx_word' id='word_1_185' title='bbox 1092 2629 1237 2685; x_wconf 87' lang='lat' dir='ltr'><strong>alius</strong></span> <span class='ocrx_word' id='word_1_186' title='bbox 1286 2633 1482 2699; x_wconf 79' lang='lat' dir='ltr'><strong>fontem</strong></span> <span class='ocrx_word' id='word_1_187' title='bbox 1543 2633 1721 2705; x_wconf 79' lang='lat' dir='ltr'><strong>sigillo</strong></span> <span class='ocrx_word' id='word_1_188' title='bbox 1770 2636 1950 2689; x_wconf 87' lang='lat' dir='ltr'><strong>muni-</strong></span> 
     </span>
    </p>
   </div>
   <div class='ocr_carea' id='block_1_30' title="bbox 352 2717 1949 2800">
    <p class='ocr_par' dir='ltr' id='par_1_30' title="bbox 352 2717 1949 2800">
     <span class='ocr_line' id='line_1_30' title="bbox 352 2717 1949 2800; baseline 0.008 -29"><span class='ocrx_word' id='word_1_189' title='bbox 352 2726 465 2772; x_wconf 87' lang='lat' dir='ltr'><strong>tum</strong></span> <span class='ocrx_word' id='word_1_190' title='bbox 491 2717 514 2750; x_wconf 80' lang='grc'>⁸</span> <span class='ocrx_word' id='word_1_191' title='bbox 547 2736 563 2774; x_wconf 90' lang='lat'><strong>:</strong></span> <span class='ocrx_word' id='word_1_192' title='bbox 614 2719 754 2775; x_wconf 88' lang='lat' dir='ltr'><strong>alius</strong></span> <span class='ocrx_word' id='word_1_193' title='bbox 793 2738 808 2774; x_wconf 89' lang='lat'><strong>:</strong></span> <span class='ocrx_word' id='word_1_194' title='bbox 846 2720 985 2787; x_wconf 85' lang='lat' dir='ltr'><strong>Erit,</strong></span> <span class='ocrx_word' id='word_1_195' title='bbox 1022 2722 1225 2794; x_wconf 89' lang='lat' dir='ltr'><strong>inquit,</strong></span> <span class='ocrx_word' id='word_1_196' title='bbox 1269 2725 1333 2779; x_wconf 88' lang='lat' dir='ltr'><strong>de</strong></span> <span class='ocrx_word' id='word_1_197' title='bbox 1371 2726 1552 2780; x_wconf 80' lang='lat' dir='ltr'><strong>radice</strong></span> <span class='ocrx_word' id='word_1_198' title='bbox 1587 2726 1752 2781; x_wconf 82' lang='lat' dir='ltr'><strong>Jessa:</strong></span> <span class='ocrx_word' id='word_1_199' title='bbox 1781 2729 1949 2800; x_wconf 86' lang='lat' dir='ltr'><strong>virgo,</strong></span> 
     </span>
    </p>
   </div>
   <div class='ocr_carea' id='block_1_31' title="bbox 352 2809 1955 2883">
    <p class='ocr_par' dir='ltr' id='par_1_31' title="bbox 352 2809 1955 2883">
     <span class='ocr_line' id='line_1_31' title="bbox 352 2809 1955 2883; baseline 0.008 -21"><span class='ocrx_word' id='word_1_200' title='bbox 352 2816 403 2863; x_wconf 89' lang='lat' dir='ltr'><strong>et</strong></span> <span class='ocrx_word' id='word_1_201' title='bbox 446 2809 546 2879; x_wconf 76' lang='lat' dir='ltr'><strong>ﬂos</strong></span> <span class='ocrx_word' id='word_1_202' title='bbox 595 2810 661 2864; x_wconf 86' lang='lat' dir='ltr'><strong>de</strong></span> <span class='ocrx_word' id='word_1_203' title='bbox 697 2811 876 2867; x_wconf 83' lang='lat' dir='ltr'><strong>radice</strong></span> <span class='ocrx_word' id='word_1_204' title='bbox 904 2812 1020 2883; x_wconf 77' lang='lat' dir='ltr'><strong>ejus</strong></span> <span class='ocrx_word' id='word_1_205' title='bbox 1039 2814 1285 2869; x_wconf 78' lang='lat' dir='ltr'><strong>ascendet</strong></span> <span class='ocrx_word' id='word_1_206' title='bbox 1316 2815 1573 2873; x_wconf 77' lang='lat' dir='ltr'><strong>Dominus</strong></span> <span class='ocrx_word' id='word_1_207' title='bbox 1603 2818 1742 2874; x_wconf 82' lang='lat' dir='ltr'><strong>Deus</strong></span> <span class='ocrx_word' id='word_1_208' title='bbox 1776 2829 1955 2874; x_wconf 75' lang='lat' dir='ltr'><strong>noster</strong></span> 
     </span>
    </p>
   </div>
   <div class='ocr_carea' id='block_1_32' title="bbox 353 2901 1950 2985">
    <p class='ocr_par' dir='ltr' id='par_1_32' title="bbox 353 2901 1950 2985">
     <span class='ocr_line' id='line_1_32' title="bbox 353 2901 1950 2985; baseline 0.008 -29"><span class='ocrx_word' id='word_1_209' title='bbox 353 2915 419 2956; x_wconf 77' lang='lat' dir='ltr'><strong>ea:</strong></span> <span class='ocrx_word' id='word_1_210' title='bbox 472 2901 587 2970; x_wconf 79' lang='lat' dir='ltr'><strong>ipsa</strong></span> <span class='ocrx_word' id='word_1_211' title='bbox 622 2914 938 2972; x_wconf 83' lang='lat' dir='ltr'><strong>corporatus</strong></span> <span class='ocrx_word' id='word_1_212' title='bbox 974 2908 1019 2960; x_wconf 80' lang='lat'><strong>’.</strong></span> <span class='ocrx_word' id='word_1_213' title='bbox 1062 2907 1211 2964; x_wconf 85' lang='lat' dir='ltr'><strong>Idem</strong></span> <span class='ocrx_word' id='word_1_214' title='bbox 1238 2909 1467 2981; x_wconf 84' lang='lat' dir='ltr'><strong>insuper</strong></span> <span class='ocrx_word' id='word_1_215' title='bbox 1499 2927 1515 2967; x_wconf 74' lang='grc' dir='ltr'>ε</span> <span class='ocrx_word' id='word_1_216' title='bbox 1551 2911 1685 2967; x_wconf 84' lang='lat' dir='ltr'><strong>Ecce</strong></span> <span class='ocrx_word' id='word_1_217' title='bbox 1744 2912 1899 2985; x_wconf 84' lang='lat' dir='ltr'><strong>Virgo</strong></span> <span class='ocrx_word' id='word_1_218' title='bbox 1934 2955 1950 2977; x_wconf 94' lang='lat'><strong>,</strong></span> 
     </span>
    </p>
   </div>
   <div class='ocr_carea' id='block_1_33' title="bbox 353 2992 1957 3079">
    <p class='ocr_par' dir='ltr' id='par_1_33' title="bbox 353 2992 1957 3079">
     <span class='ocr_line' id='line_1_33' title="bbox 353 2992 1957 3079; baseline 0.009 -33"><span class='ocrx_word' id='word_1_219' title='bbox 353 2992 554 3063; x_wconf 82' lang='lat' dir='ltr'><strong>tnquit,</strong></span> <span class='ocrx_word' id='word_1_220' title='bbox 626 2995 684 3049; x_wconf 86' lang='lat' dir='ltr'><strong>in</strong></span> <span class='ocrx_word' id='word_1_221' title='bbox 748 3005 897 3051; x_wconf 84' lang='lat' dir='ltr'><strong>utero</strong></span> <span class='ocrx_word' id='word_1_222' title='bbox 965 3000 1213 3066; x_wconf 83' lang='lat' dir='ltr'><strong>habebit,</strong></span> <span class='ocrx_word' id='word_1_223' title='bbox 1285 3012 1332 3056; x_wconf 90' lang='lat' dir='ltr'><strong>et</strong></span> <span class='ocrx_word' id='word_1_224' title='bbox 1385 3005 1555 3073; x_wconf 89' lang='lat' dir='ltr'><strong>pariet</strong></span> <span class='ocrx_word' id='word_1_225' title='bbox 1619 3006 1787 3075; x_wconf 84' lang='lat' dir='ltr'><strong>ﬁlium</strong></span> <span class='ocrx_word' id='word_1_226' title='bbox 1810 3007 1957 3079; x_wconf 74' lang='lat'><strong>“,9</strong></span> 
     </span>
    </p>
   </div>
   <div class='ocr_carea' id='block_1_34' title="bbox 2040 517 3639 595">
    <p class='ocr_par' dir='ltr' id='par_1_34' title="bbox 2040 517 3639 595">
     <span class='ocr_line' id='line_1_34' title="bbox 2040 517 3639 595; baseline 0.003 -24"><span class='ocrx_word' id='word_1_227' title='bbox 2040 517 2330 590; x_wconf 85' lang='grc' dir='ltr'>ἄνθρωπον</span> <span class='ocrx_word' id='word_1_228' title='bbox 2357 519 2385 571; x_wconf 99' lang='lat'><strong>6</strong></span> <span class='ocrx_word' id='word_1_229' title='bbox 2421 519 2593 584; x_wconf 79' lang='grc' dir='ltr'><strong>δόλιος</strong></span> <span class='ocrx_word' id='word_1_230' title='bbox 2620 521 3089 595; x_wconf 76' lang='grc' dir='ltr'>εἰδωλολατρείαις</span> <span class='ocrx_word' id='word_1_231' title='bbox 3121 522 3134 560; x_wconf 81' lang='grc' dir='ltr'><strong>ι</strong></span> <span class='ocrx_word' id='word_1_232' title='bbox 3186 523 3280 576; x_wconf 73' lang='grc' dir='ltr'><strong>καὶ</strong></span> <span class='ocrx_word' id='word_1_233' title='bbox 3322 523 3639 594; x_wconf 73' lang='grc' dir='ltr'>μιάσμασιν</span> 
     </span>
    </p>
   </div>
   <div class='ocr_carea' id='block_1_35' title="bbox 2039 611 3639 689">
    <p class='ocr_par' dir='ltr' id='par_1_35' title="bbox 2039 611 3639 689">
     <span class='ocr_line' id='line_1_35' title="bbox 2039 611 3639 689; baseline 0.002 -25"><span class='ocrx_word' id='word_1_234' title='bbox 2039 611 2361 689; x_wconf 78' lang='grc' dir='ltr'>εἰδωλικοῖς,</span> <span class='ocrx_word' id='word_1_235' title='bbox 2415 616 2833 686; x_wconf 78' lang='grc' dir='ltr'>αἰσχρουργίαις</span> <span class='ocrx_word' id='word_1_236' title='bbox 2871 625 2992 669; x_wconf 72' lang='lat' dir='ltr'><strong>rem</strong></span> <span class='ocrx_word' id='word_1_237' title='bbox 3039 615 3134 670; x_wconf 80' lang='grc' dir='ltr'>καὶ</span> <span class='ocrx_word' id='word_1_238' title='bbox 3182 614 3402 684; x_wconf 79' lang='grc' dir='ltr'><strong>ἡδοναῖς</strong></span> <span class='ocrx_word' id='word_1_239' title='bbox 3430 613 3639 668; x_wconf 80' lang='grc' dir='ltr'>δουλωο</span> 
     </span>
    </p>
   </div>
   <div class='ocr_carea' id='block_1_36' title="bbox 2041 702 3639 777">
    <p class='ocr_par' dir='ltr' id='par_1_36' title="bbox 2041 702 3639 777">
     <span class='ocr_line' id='line_1_36' title="bbox 2041 702 3639 777; baseline -0.002 -20"><span class='ocrx_word' id='word_1_240' title='bbox 2041 702 2297 774; x_wconf 85' lang='grc' dir='ltr'>σάμενος,</span> <span class='ocrx_word' id='word_1_241' title='bbox 2337 703 2414 767; x_wconf 84' lang='grc' dir='ltr'><strong>ὡς</strong></span> <span class='ocrx_word' id='word_1_242' title='bbox 2441 704 2623 759; x_wconf 77' lang='grc' dir='ltr'>οὐκέτ’</span> <span class='ocrx_word' id='word_1_243' title='bbox 2651 704 3167 777; x_wconf 81' lang='grc' dir='ltr'>ἀνακληθησὸμενον</span> <span class='ocrx_word' id='word_1_244' title='bbox 3194 704 3333 777; x_wconf 80' lang='grc' dir='ltr'>ᾤετο</span> <span class='ocrx_word' id='word_1_245' title='bbox 3365 706 3424 759; x_wconf 81' lang='grc' dir='ltr'>ὲν</span> <span class='ocrx_word' id='word_1_246' title='bbox 3454 702 3639 774; x_wconf 82' lang='grc' dir='ltr'>ἐαυτῷ</span> 
     </span>
    </p>
   </div>
   <div class='ocr_carea' id='block_1_37' title="bbox 2042 794 3637 869">
    <p class='ocr_par' dir='ltr' id='par_1_37' title="bbox 2042 794 3637 869">
     <span class='ocr_line' id='line_1_37' title="bbox 2042 794 3637 869; baseline 0.001 -22"><span class='ocrx_word' id='word_1_247' title='bbox 2042 794 2293 866; x_wconf 85' lang='grc' dir='ltr'><strong>κατέχειν</strong></span> <span class='ocrx_word' id='word_1_248' title='bbox 2327 796 2355 848; x_wconf 89' lang='lat'><strong>6</strong></span> <span class='ocrx_word' id='word_1_249' title='bbox 2380 797 2729 869; x_wconf 81' lang='grc' dir='ltr'>εὐχείρωτος.</span> <span class='ocrx_word' id='word_1_250' title='bbox 2776 798 2915 851; x_wconf 71' lang='grc' dir='ltr'>Ἀλλ’</span> <span class='ocrx_word' id='word_1_251' title='bbox 2948 798 3048 852; x_wconf 77' lang='grc' dir='ltr'>οὐκ</span> <span class='ocrx_word' id='word_1_252' title='bbox 3081 797 3427 864; x_wconf 77' lang='grc' dir='ltr'>ὲπιτεύξεται</span> <span class='ocrx_word' id='word_1_253' title='bbox 3456 797 3637 859; x_wconf 84' lang='grc' dir='ltr'>δόλιος</span> 
     </span>
    </p>
   </div>
   <div class='ocr_carea' id='block_1_38' title="bbox 2045 885 3640 959">
    <p class='ocr_par' dir='ltr' id='par_1_38' title="bbox 2045 885 3640 959">
     <span class='ocr_line' id='line_1_38' title="bbox 2045 885 3640 959; baseline 0.001 -19"><span class='ocrx_word' id='word_1_254' title='bbox 2045 885 2241 959; x_wconf 82' lang='grc' dir='ltr'><strong>θήρας·</strong></span> <span class='ocrx_word' id='word_1_255' title='bbox 2271 886 2530 958; x_wconf 75' lang='grc' dir='ltr'><strong>ἔψευσται</strong></span> <span class='ocrx_word' id='word_1_256' title='bbox 2561 890 2670 958; x_wconf 75' lang='grc' dir='ltr'>γὰρ</span> <span class='ocrx_word' id='word_1_257' title='bbox 2706 888 2815 945; x_wconf 83' lang='grc' dir='ltr'>τῶν</span> <span class='ocrx_word' id='word_1_258' title='bbox 2846 888 3042 944; x_wconf 78' lang='grc' dir='ltr'>ἑαυτοῦ</span> <span class='ocrx_word' id='word_1_259' title='bbox 3088 889 3321 944; x_wconf 75' lang='grc' dir='ltr'><strong>ἐλπίδων</strong></span> <span class='ocrx_word' id='word_1_260' title='bbox 3349 892 3377 945; x_wconf 95' lang='lat'><strong>6</strong></span> <span class='ocrx_word' id='word_1_261' title='bbox 3405 889 3640 958; x_wconf 57' lang='grc' dir='ltr'>ἁείψευ-</span> 
     </span>
    </p>
   </div>
   <div class='ocr_carea' id='block_1_39' title="bbox 2041 978 3641 1053">
    <p class='ocr_par' dir='ltr' id='par_1_39' title="bbox 2041 978 3641 1053">
     <span class='ocr_line' id='line_1_39' title="bbox 2041 978 3641 1053; baseline 0 -20"><span class='ocrx_word' id='word_1_262' title='bbox 2041 996 2187 1043; x_wconf 83' lang='grc' dir='ltr'><strong>στος.</strong></span> <span class='ocrx_word' id='word_1_263' title='bbox 2205 978 2265 1033; x_wconf 85' lang='grc' dir='ltr'><strong>Ὀ</strong></span> <span class='ocrx_word' id='word_1_264' title='bbox 2291 981 2402 1053; x_wconf 81' lang='grc' dir='ltr'><strong>γὰρ</strong></span> <span class='ocrx_word' id='word_1_265' title='bbox 2429 980 2726 1052; x_wconf 82' lang='grc' dir='ltr'>μονογενὴς</span> <span class='ocrx_word' id='word_1_266' title='bbox 2755 981 2882 1045; x_wconf 82' lang='grc' dir='ltr'>Υἱὸς</span> <span class='ocrx_word' id='word_1_267' title='bbox 2910 982 3006 1035; x_wconf 77' lang='grc' dir='ltr'>καὶ</span> <span class='ocrx_word' id='word_1_268' title='bbox 3027 990 3055 1019; x_wconf 77' lang='grc' dir='ltr'><strong>ιι</strong></span> <span class='ocrx_word' id='word_1_269' title='bbox 3085 981 3260 1050; x_wconf 86' lang='grc' dir='ltr'>Λόγος</span> <span class='ocrx_word' id='word_1_270' title='bbox 3284 979 3380 1034; x_wconf 82' lang='grc' dir='ltr'><strong>τοῦ</strong></span> <span class='ocrx_word' id='word_1_271' title='bbox 3405 979 3567 1045; x_wconf 80' lang='grc' dir='ltr'>Θεοῦ,</span> <span class='ocrx_word' id='word_1_272' title='bbox 3609 981 3641 1033; x_wconf 88' lang='lat'><strong>6</strong></span> 
     </span>
    </p>
   </div>
   <div class='ocr_carea' id='block_1_40' title="bbox 2042 1071 3640 1145">
    <p class='ocr_par' dir='ltr' id='par_1_40' title="bbox 2042 1071 3640 1145">
     <span class='ocr_line' id='line_1_40' title="bbox 2042 1071 3640 1145; baseline 0.001 -22"><span class='ocrx_word' id='word_1_273' title='bbox 2042 1072 2377 1142; x_wconf 77' lang='grc' dir='ltr'>συνάναρχος</span> <span class='ocrx_word' id='word_1_274' title='bbox 2398 1071 2477 1142; x_wconf 81' lang='grc' dir='ltr'>τῷ</span> <span class='ocrx_word' id='word_1_275' title='bbox 2509 1074 2680 1145; x_wconf 77' lang='grc' dir='ltr'>Πατρὶ</span> <span class='ocrx_word' id='word_1_276' title='bbox 2713 1075 2806 1127; x_wconf 68' lang='grc' dir='ltr'>καὶ</span> <span class='ocrx_word' id='word_1_277' title='bbox 2836 1073 3108 1138; x_wconf 82' lang='grc' dir='ltr'>συναῒδιος</span> <span class='ocrx_word' id='word_1_278' title='bbox 3130 1073 3206 1145; x_wconf 82' lang='grc' dir='ltr'>τῷ</span> <span class='ocrx_word' id='word_1_279' title='bbox 3234 1071 3510 1144; x_wconf 80' lang='grc' dir='ltr'>ὀμοουσίῳ</span> <span class='ocrx_word' id='word_1_280' title='bbox 3540 1072 3640 1127; x_wconf 74' lang='grc' dir='ltr'><strong>καὶ</strong></span> 
     </span>
    </p>
   </div>
   <div class='ocr_carea' id='block_1_41' title="bbox 2041 1164 3641 1238">
    <p class='ocr_par' dir='ltr' id='par_1_41' title="bbox 2041 1164 3641 1238">
     <span class='ocr_line' id='line_1_41' title="bbox 2041 1164 3641 1238; baseline -0.001 -19"><span class='ocrx_word' id='word_1_281' title='bbox 2041 1164 2296 1237; x_wconf 79' lang='grc' dir='ltr'>ξωοποιῷ</span> <span class='ocrx_word' id='word_1_282' title='bbox 2328 1166 2424 1219; x_wconf 70' lang='grc' dir='ltr'><strong>καὶ</strong></span> <span class='ocrx_word' id='word_1_283' title='bbox 2452 1166 2706 1238; x_wconf 85' lang='grc' dir='ltr'>παναγίῳ</span> <span class='ocrx_word' id='word_1_284' title='bbox 2745 1166 3048 1238; x_wconf 80' lang='grc' dir='ltr'>Πνεύματι,</span> <span class='ocrx_word' id='word_1_285' title='bbox 3092 1167 3287 1236; x_wconf 78' lang='grc' dir='ltr'>ἀφάτῳ</span> <span class='ocrx_word' id='word_1_286' title='bbox 3326 1164 3641 1237; x_wconf 75' lang='grc' dir='ltr'>φιλανθρω-</span> 
     </span>
    </p>
   </div>
   <div class='ocr_carea' id='block_1_42' title="bbox 2041 1257 3639 1330">
    <p class='ocr_par' dir='ltr' id='par_1_42' title="bbox 2041 1257 3639 1330">
     <span class='ocr_line' id='line_1_42' title="bbox 2041 1257 3639 1330; baseline -0.001 -19"><span class='ocrx_word' id='word_1_287' title='bbox 2041 1258 2144 1330; x_wconf 76' lang='grc' dir='ltr'><strong>πία</strong></span> <span class='ocrx_word' id='word_1_288' title='bbox 2176 1258 2461 1328; x_wconf 74' lang='grc' dir='ltr'>βουληθεὶς</span> <span class='ocrx_word' id='word_1_289' title='bbox 2495 1258 2654 1313; x_wconf 80' lang='grc' dir='ltr'>πάλιν</span> <span class='ocrx_word' id='word_1_290' title='bbox 2700 1258 3112 1330; x_wconf 74' lang='grc' dir='ltr'><strong>ἀνακτήσασθαι</strong></span> <span class='ocrx_word' id='word_1_291' title='bbox 3153 1257 3213 1312; x_wconf 80' lang='grc' dir='ltr'><strong>ὃν</strong></span> <span class='ocrx_word' id='word_1_292' title='bbox 3245 1258 3545 1312; x_wconf 77' lang='grc' dir='ltr'>διέπλασεν·</span> <span class='ocrx_word' id='word_1_293' title='bbox 3571 1259 3639 1311; x_wconf 83' lang='grc' dir='ltr'><strong>ὲκ</strong></span> 
     </span>
    </p>
   </div>
   <div class='ocr_carea' id='block_1_43' title="bbox 2042 1349 3639 1422">
    <p class='ocr_par' dir='ltr' id='par_1_43' title="bbox 2042 1349 3639 1422">
     <span class='ocr_line' id='line_1_43' title="bbox 2042 1349 3639 1422; baseline -0.001 -18"><span class='ocrx_word' id='word_1_294' title='bbox 2042 1350 2145 1420; x_wconf 85' lang='grc' dir='ltr'>γῆς</span> <span class='ocrx_word' id='word_1_295' title='bbox 2172 1349 2459 1421; x_wconf 81' lang='grc' dir='ltr'>ἄνθρωπον</span> <span class='ocrx_word' id='word_1_296' title='bbox 2490 1351 2587 1403; x_wconf 75' lang='grc' dir='ltr'>καὶ</span> <span class='ocrx_word' id='word_1_297' title='bbox 2620 1350 2698 1422; x_wconf 81' lang='grc' dir='ltr'>τῷ</span> <span class='ocrx_word' id='word_1_298' title='bbox 2734 1349 2921 1420; x_wconf 80' lang='grc' dir='ltr'>οἰκείῳ</span> <span class='ocrx_word' id='word_1_299' title='bbox 2952 1354 3310 1421; x_wconf 74' lang='grc' dir='ltr'>ὲμφυσήματι</span> <span class='ocrx_word' id='word_1_300' title='bbox 3335 1361 3360 1385; x_wconf 75' lang='grc' dir='ltr'>ι’</span> <span class='ocrx_word' id='word_1_301' title='bbox 3402 1350 3639 1418; x_wconf 83' lang='grc' dir='ltr'>θεοπρε-</span> 
     </span>
    </p>
   </div>
   <div class='ocr_carea' id='block_1_44' title="bbox 2043 1440 3638 1515">
    <p class='ocr_par' dir='ltr' id='par_1_44' title="bbox 2043 1440 3638 1515">
     <span class='ocr_line' id='line_1_44' title="bbox 2043 1440 3638 1515; baseline 0.001 -22"><span class='ocrx_word' id='word_1_302' title='bbox 2043 1441 2162 1505; x_wconf 85' lang='grc' dir='ltr'><strong>πῶς</strong></span> <span class='ocrx_word' id='word_1_303' title='bbox 2187 1440 2460 1507; x_wconf 73' lang='grc' dir='ltr'><strong>ἐδόξασεν,</strong></span> <span class='ocrx_word' id='word_1_304' title='bbox 2490 1442 2712 1515; x_wconf 79' lang='grc' dir='ltr'>εὑδοκίᾳ</span> <span class='ocrx_word' id='word_1_305' title='bbox 2744 1443 2839 1497; x_wconf 79' lang='grc' dir='ltr'>τοῦ</span> <span class='ocrx_word' id='word_1_306' title='bbox 2875 1443 3094 1514; x_wconf 76' lang='grc' dir='ltr'><strong>[ἰατρὸς</strong></span> <span class='ocrx_word' id='word_1_307' title='bbox 3123 1443 3221 1497; x_wconf 70' lang='grc' dir='ltr'><strong>καὶ</strong></span> <span class='ocrx_word' id='word_1_308' title='bbox 3247 1443 3509 1515; x_wconf 78' lang='grc' dir='ltr'>συνεργίᾳ</span> <span class='ocrx_word' id='word_1_309' title='bbox 3539 1441 3638 1496; x_wconf 77' lang='grc' dir='ltr'><strong>τοῦ</strong></span> 
     </span>
    </p>
   </div>
   <div class='ocr_carea' id='block_1_45' title="bbox 2042 1535 3641 1608">
    <p class='ocr_par' dir='ltr' id='par_1_45' title="bbox 2042 1535 3641 1608">
     <span class='ocr_line' id='line_1_45' title="bbox 2042 1535 3641 1608; baseline -0.001 -18"><span class='ocrx_word' id='word_1_310' title='bbox 2042 1535 2200 1603; x_wconf 81' lang='grc' dir='ltr'>ἁγίου</span> <span class='ocrx_word' id='word_1_311' title='bbox 2260 1535 2580 1607; x_wconf 82' lang='grc' dir='ltr'>Πνεύματος</span> <span class='ocrx_word' id='word_1_312' title='bbox 2633 1536 2820 1599; x_wconf 80' lang='grc' dir='ltr'>καθεὶς</span> <span class='ocrx_word' id='word_1_313' title='bbox 2870 1537 3101 1603; x_wconf 78' lang='grc' dir='ltr'>ἑαυτὸν,</span> <span class='ocrx_word' id='word_1_314' title='bbox 3146 1540 3212 1592; x_wconf 85' lang='grc' dir='ltr'><strong>ὲκ</strong></span> <span class='ocrx_word' id='word_1_315' title='bbox 3251 1535 3536 1608; x_wconf 79' lang='grc' dir='ltr'><strong>Παρθένου</strong></span> <span class='ocrx_word' id='word_1_316' title='bbox 3576 1552 3641 1588; x_wconf 79' lang='grc' dir='ltr'>τε</span> 
     </span>
    </p>
   </div>
   <div class='ocr_carea' id='block_1_46' title="bbox 2044 1627 3639 1702">
    <p class='ocr_par' dir='ltr' id='par_1_46' title="bbox 2044 1627 3639 1702">
     <span class='ocr_line' id='line_1_46' title="bbox 2044 1627 3639 1702; baseline -0.002 -19"><span class='ocrx_word' id='word_1_317' title='bbox 2044 1627 2207 1698; x_wconf 82' lang='grc' dir='ltr'><strong>ἁγίας</strong></span> <span class='ocrx_word' id='word_1_318' title='bbox 2238 1628 2420 1699; x_wconf 80' lang='grc' dir='ltr'>σάρκα</span> <span class='ocrx_word' id='word_1_319' title='bbox 2447 1628 2757 1700; x_wconf 82' lang='grc' dir='ltr'>ἀνειληφὼς</span> <span class='ocrx_word' id='word_1_320' title='bbox 2789 1630 3151 1702; x_wconf 75' lang='grc' dir='ltr'>ἐψυχωμένην</span> <span class='ocrx_word' id='word_1_321' title='bbox 3179 1629 3325 1702; x_wconf 75' lang='grc' dir='ltr'>ψυχῇ</span> <span class='ocrx_word' id='word_1_322' title='bbox 3348 1630 3547 1700; x_wconf 80' lang='grc' dir='ltr'><strong>λογικῇ</strong></span> <span class='ocrx_word' id='word_1_323' title='bbox 3577 1644 3639 1681; x_wconf 85' lang='grc' dir='ltr'>τε</span> 
     </span>
    </p>
   </div>
   <div class='ocr_carea' id='block_1_47' title="bbox 2043 1718 3638 1794">
    <p class='ocr_par' dir='ltr' id='par_1_47' title="bbox 2043 1718 3638 1794">
     <span class='ocr_line' id='line_1_47' title="bbox 2043 1718 3638 1794; baseline -0.002 -19"><span class='ocrx_word' id='word_1_324' title='bbox 2043 1721 2140 1777; x_wconf 74' lang='grc' dir='ltr'>καὶ</span> <span class='ocrx_word' id='word_1_325' title='bbox 2163 1722 2347 1794; x_wconf 81' lang='grc' dir='ltr'>νοερᾷ,</span> <span class='ocrx_word' id='word_1_326' title='bbox 2376 1720 2663 1793; x_wconf 79' lang='grc' dir='ltr'>ἄνθρωπος</span> <span class='ocrx_word' id='word_1_327' title='bbox 2691 1732 2719 1773; x_wconf 79' lang='lat' dir='ltr'><strong>P</strong></span> <span class='ocrx_word' id='word_1_328' title='bbox 2745 1722 2975 1790; x_wconf 85' lang='grc' dir='ltr'>γίνεται,</span> <span class='ocrx_word' id='word_1_329' title='bbox 3006 1723 3104 1794; x_wconf 81' lang='grc' dir='ltr'><strong>οὐχ</strong></span> <span class='ocrx_word' id='word_1_330' title='bbox 3128 1722 3156 1776; x_wconf 83' lang='grc' dir='ltr'><strong>ὃ</strong></span> <span class='ocrx_word' id='word_1_331' title='bbox 3180 1718 3249 1794; x_wconf 81' lang='grc' dir='ltr'>ἦν</span> <span class='ocrx_word' id='word_1_332' title='bbox 3288 1719 3638 1792; x_wconf 77' lang='grc' dir='ltr'>μεταϐαλὼν,</span> 
     </span>
    </p>
   </div>
   <div class='ocr_carea' id='block_1_48' title="bbox 2042 1810 3643 1888">
    <p class='ocr_par' dir='ltr' id='par_1_48' title="bbox 2042 1810 3643 1888">
     <span class='ocr_line' id='line_1_48' title="bbox 2042 1810 3643 1888; baseline -0.003 -17"><span class='ocrx_word' id='word_1_333' title='bbox 2042 1815 2316 1887; x_wconf 78' lang='grc' dir='ltr'><strong>ἄτρεπτος</strong></span> <span class='ocrx_word' id='word_1_334' title='bbox 2342 1815 2453 1887; x_wconf 82' lang='grc' dir='ltr'><strong>γάρ</strong></span> <span class='ocrx_word' id='word_1_335' title='bbox 2474 1832 2487 1848; x_wconf 75' lang='grc' dir='ltr'><strong>ο</strong></span> <span class='ocrx_word' id='word_1_336' title='bbox 2514 1814 2632 1870; x_wconf 76' lang='grc' dir='ltr'>ἀλλ’</span> <span class='ocrx_word' id='word_1_337' title='bbox 2662 1816 2802 1888; x_wconf 79' lang='grc' dir='ltr'>ὅπερ</span> <span class='ocrx_word' id='word_1_338' title='bbox 2833 1815 2936 1870; x_wconf 83' lang='grc' dir='ltr'>οὐκ</span> <span class='ocrx_word' id='word_1_339' title='bbox 2967 1810 3037 1887; x_wconf 80' lang='grc' dir='ltr'><strong>ἦν</strong></span> <span class='ocrx_word' id='word_1_340' title='bbox 3068 1814 3416 1888; x_wconf 75' lang='grc' dir='ltr'>προσλαϐὼν,</span> <span class='ocrx_word' id='word_1_341' title='bbox 3450 1813 3643 1883; x_wconf 77' lang='grc' dir='ltr'>φιλάν-</span> 
     </span>
    </p>
   </div>
   <div class='ocr_carea' id='block_1_49' title="bbox 2044 1907 3645 1984">
    <p class='ocr_par' dir='ltr' id='par_1_49' title="bbox 2044 1907 3645 1984">
     <span class='ocr_line' id='line_1_49' title="bbox 2044 1907 3645 1984; baseline -0.004 -19"><span class='ocrx_word' id='word_1_342' title='bbox 2044 1910 2260 1984; x_wconf 81' lang='grc' dir='ltr'>θρωπος</span> <span class='ocrx_word' id='word_1_343' title='bbox 2282 1920 2310 1961; x_wconf 77' lang='grc' dir='ltr'>(ι</span> <span class='ocrx_word' id='word_1_344' title='bbox 2354 1912 2464 1983; x_wconf 84' lang='grc' dir='ltr'><strong>γάρ</strong></span> <span class='ocrx_word' id='word_1_345' title='bbox 2487 1927 2500 1942; x_wconf 90' lang='grc'><strong>·</strong></span> <span class='ocrx_word' id='word_1_346' title='bbox 2534 1911 2601 1983; x_wconf 77' lang='grc' dir='ltr'><strong>ἢν</strong></span> <span class='ocrx_word' id='word_1_347' title='bbox 2645 1909 2871 1965; x_wconf 89' lang='grc' dir='ltr'>διελθὼν</span> <span class='ocrx_word' id='word_1_348' title='bbox 2896 1920 2919 1950; x_wconf 79' lang='grc' dir='ltr'>ι’</span> <span class='ocrx_word' id='word_1_349' title='bbox 2970 1909 3368 1981; x_wconf 78' lang='grc' dir='ltr'><strong>κεκλεισμένην</strong></span> <span class='ocrx_word' id='word_1_350' title='bbox 3398 1919 3420 1948; x_wconf 74' lang='grc' dir='ltr'><strong>ε</strong></span> <span class='ocrx_word' id='word_1_351' title='bbox 3474 1907 3645 1960; x_wconf 79' lang='grc' dir='ltr'>πάλιν</span> 
     </span>
    </p>
   </div>
   <div class='ocr_carea' id='block_1_50' title="bbox 2044 2000 3646 2073">
    <p class='ocr_par' dir='ltr' id='par_1_50' title="bbox 2044 2000 3646 2073">
     <span class='ocr_line' id='line_1_50' title="bbox 2044 2000 3646 2073; baseline -0.004 -17"><span class='ocrx_word' id='word_1_352' title='bbox 2044 2001 2336 2056; x_wconf 78' lang='grc' dir='ltr'>κατέλιπεν</span> <span class='ocrx_word' id='word_1_353' title='bbox 2378 2000 2459 2069; x_wconf 81' lang='grc' dir='ltr'>τῷ</span> <span class='ocrx_word' id='word_1_354' title='bbox 2508 2005 2608 2073; x_wconf 85' lang='grc' dir='ltr'>τῆς</span> <span class='ocrx_word' id='word_1_355' title='bbox 2642 2000 2944 2073; x_wconf 82' lang='grc' dir='ltr'>παρθενίας</span> <span class='ocrx_word' id='word_1_356' title='bbox 2980 2000 3122 2070; x_wconf 76' lang='grc' dir='ltr'>φωτὶ</span> <span class='ocrx_word' id='word_1_357' title='bbox 3152 2000 3646 2071; x_wconf 82' lang='grc' dir='ltr'>κατηγλαῖσμένην</span> 
     </span>
    </p>
   </div>
   <div class='ocr_carea' id='block_1_51' title="bbox 2046 2090 3643 2167">
    <p class='ocr_par' dir='ltr' id='par_1_51' title="bbox 2046 2090 3643 2167">
     <span class='ocr_line' id='line_1_51' title="bbox 2046 2090 3643 2167; baseline -0.002 -18"><span class='ocrx_word' id='word_1_358' title='bbox 2046 2096 2141 2149; x_wconf 62' lang='grc' dir='ltr'><strong>καλ¹</strong></span> <span class='ocrx_word' id='word_1_359' title='bbox 2188 2093 2610 2167; x_wconf 82' lang='grc' dir='ltr'>δεδοξασμένην,</span> <span class='ocrx_word' id='word_1_360' title='bbox 2645 2094 3003 2166; x_wconf 80' lang='grc' dir='ltr'><strong>προφητικῶς</strong></span> <span class='ocrx_word' id='word_1_361' title='bbox 3033 2095 3232 2157; x_wconf 79' lang='grc' dir='ltr'>εἰπεῖν,</span> <span class='ocrx_word' id='word_1_362' title='bbox 3271 2092 3478 2146; x_wconf 75' lang='grc' dir='ltr'>ἔσωθεν</span> <span class='ocrx_word' id='word_1_363' title='bbox 3526 2090 3643 2160; x_wconf 71' lang='grc'><strong>(9)*</strong></span> 
     </span>
    </p>
   </div>
   <div class='ocr_carea' id='block_1_52' title="bbox 2045 2180 3647 2259">
    <p class='ocr_par' dir='ltr' id='par_1_52' title="bbox 2045 2180 3647 2259">
     <span class='ocr_line' id='line_1_52' title="bbox 2045 2180 3647 2259; baseline -0.003 -19"><span class='ocrx_word' id='word_1_364' title='bbox 2045 2180 2115 2259; x_wconf 81' lang='grc' dir='ltr'>ἦς</span> <span class='ocrx_word' id='word_1_365' title='bbox 2145 2188 2174 2239; x_wconf 92' lang='lat'><strong>6</strong></span> <span class='ocrx_word' id='word_1_366' title='bbox 2213 2187 2376 2257; x_wconf 80' lang='grc' dir='ltr'>νόμος</span> <span class='ocrx_word' id='word_1_367' title='bbox 2406 2187 2425 2223; x_wconf 67' lang='grc' dir='ltr'>ί</span> <span class='ocrx_word' id='word_1_368' title='bbox 2466 2186 2561 2240; x_wconf 76' lang='grc' dir='ltr'>καὶ</span> <span class='ocrx_word' id='word_1_369' title='bbox 2592 2186 2642 2239; x_wconf 78' lang='grc' dir='ltr'>οἱ</span> <span class='ocrx_word' id='word_1_370' title='bbox 2694 2186 2972 2257; x_wconf 80' lang='grc' dir='ltr'><strong>προφῆται</strong></span> <span class='ocrx_word' id='word_1_371' title='bbox 3009 2186 3210 2249; x_wconf 79' lang='grc' dir='ltr'>πάντες</span> <span class='ocrx_word' id='word_1_372' title='bbox 3251 2184 3319 2238; x_wconf 80' lang='grc' dir='ltr'>τὰ</span> <span class='ocrx_word' id='word_1_373' title='bbox 3350 2185 3647 2255; x_wconf 79' lang='grc' dir='ltr'>σήμαντρα</span> 
     </span>
    </p>
   </div>
   <div class='ocr_carea' id='block_1_53' title="bbox 2049 2275 3647 2349">
    <p class='ocr_par' dir='ltr' id='par_1_53' title="bbox 2049 2275 3647 2349">
     <span class='ocr_line' id='line_1_53' title="bbox 2049 2275 3647 2349; baseline 0 -19"><span class='ocrx_word' id='word_1_374' title='bbox 2049 2276 2219 2330; x_wconf 83' lang='grc' dir='ltr'>πάλαι</span> <span class='ocrx_word' id='word_1_375' title='bbox 2268 2276 2618 2349; x_wconf 79' lang='grc' dir='ltr'>ξενοπρεπῶς</span> <span class='ocrx_word' id='word_1_376' title='bbox 2654 2276 3133 2349; x_wconf 84' lang='grc' dir='ltr'>προκατήγγειλαν</span> <span class='ocrx_word' id='word_1_377' title='bbox 3158 2292 3172 2306; x_wconf 66' lang='grc'>⁸</span> <span class='ocrx_word' id='word_1_378' title='bbox 3220 2278 3316 2330; x_wconf 75' lang='grc' dir='ltr'><strong>καὶ</strong></span> <span class='ocrx_word' id='word_1_379' title='bbox 3347 2275 3449 2347; x_wconf 83' lang='grc' dir='ltr'>τὴν</span> <span class='ocrx_word' id='word_1_380' title='bbox 3482 2275 3647 2341; x_wconf 75' lang='grc' dir='ltr'>δόξαν</span> 
     </span>
    </p>
   </div>
   <div class='ocr_carea' id='block_1_54' title="bbox 2049 2368 3645 2443">
    <p class='ocr_par' dir='ltr' id='par_1_54' title="bbox 2049 2368 3645 2443">
     <span class='ocr_line' id='line_1_54' title="bbox 2049 2368 3645 2443; baseline 0 -20"><span class='ocrx_word' id='word_1_381' title='bbox 2049 2368 2222 2440; x_wconf 75' lang='grc' dir='ltr'>αὐτῆς</span> <span class='ocrx_word' id='word_1_382' title='bbox 2255 2370 2644 2443; x_wconf 77' lang='grc' dir='ltr'>προϐλεπτικῷ</span> <span class='ocrx_word' id='word_1_383' title='bbox 2678 2370 2912 2442; x_wconf 76' lang='grc' dir='ltr'>ὄμματι,</span> <span class='ocrx_word' id='word_1_384' title='bbox 2941 2370 3337 2442; x_wconf 72' lang='grc' dir='ltr'>προῦπέφηναν</span> <span class='ocrx_word' id='word_1_385' title='bbox 3359 2384 3376 2399; x_wconf 82' lang='grc'><strong>’</strong></span> <span class='ocrx_word' id='word_1_386' title='bbox 3412 2369 3567 2443; x_wconf 87' lang='lat' dir='ltr'><strong>[cod.</strong></span> <span class='ocrx_word' id='word_1_387' title='bbox 3604 2368 3645 2423; x_wconf 77' lang='lat' dir='ltr'><strong>f.</strong></span> 
     </span>
    </p>
   </div>
   <div class='ocr_carea' id='block_1_55' title="bbox 2051 2458 3651 2534">
    <p class='ocr_par' dir='ltr' id='par_1_55' title="bbox 2051 2458 3651 2534">
     <span class='ocr_line' id='line_1_55' title="bbox 2051 2458 3651 2534; baseline -0.001 -19"><span class='ocrx_word' id='word_1_388' title='bbox 2051 2460 2170 2534; x_wconf 65' lang='lat'><strong>84.]</strong></span> <span class='ocrx_word' id='word_1_389' title='bbox 2222 2462 2321 2515; x_wconf 77' lang='grc' dir='ltr'>καὶ</span> <span class='ocrx_word' id='word_1_390' title='bbox 2356 2464 2383 2515; x_wconf 84' lang='lat'><strong>6</strong></span> <span class='ocrx_word' id='word_1_391' title='bbox 2429 2462 2526 2531; x_wconf 79' lang='grc' dir='ltr'>μὲν</span> <span class='ocrx_word' id='word_1_392' title='bbox 2573 2462 2783 2530; x_wconf 77' lang='grc' dir='ltr'>πύλην</span> <span class='ocrx_word' id='word_1_393' title='bbox 2846 2459 3308 2532; x_wconf 76' lang='grc' dir='ltr'><strong>κεκλεισμένην,</strong></span> <span class='ocrx_word' id='word_1_394' title='bbox 3357 2460 3530 2530; x_wconf 81' lang='grc' dir='ltr'><strong>μόνῳ</strong></span> <span class='ocrx_word' id='word_1_395' title='bbox 3570 2458 3651 2525; x_wconf 83' lang='grc' dir='ltr'><strong>τῷ</strong></span> 
     </span>
    </p>
   </div>
   <div class='ocr_carea' id='block_1_56' title="bbox 2054 2552 3652 2627">
    <p class='ocr_par' dir='ltr' id='par_1_56' title="bbox 2054 2552 3652 2627">
     <span class='ocr_line' id='line_1_56' title="bbox 2054 2552 3652 2627; baseline -0.004 -17"><span class='ocrx_word' id='word_1_396' title='bbox 2054 2554 2177 2620; x_wconf 79' lang='grc' dir='ltr'><strong>Θεῷ</strong></span> <span class='ocrx_word' id='word_1_397' title='bbox 2205 2555 2581 2625; x_wconf 65' lang='grc' dir='ltr'><strong>τηρουμένην</strong></span> <span class='ocrx_word' id='word_1_398' title='bbox 2622 2555 2935 2627; x_wconf 58' lang='grc' dir='ltr'>προέᾳησεν</span> <span class='ocrx_word' id='word_1_399' title='bbox 2963 2573 2975 2586; x_wconf 92' lang='grc'>·</span> <span class='ocrx_word' id='word_1_400' title='bbox 3006 2557 3035 2608; x_wconf 79' lang='grc' dir='ltr'><em>ὃ</em></span> <span class='ocrx_word' id='word_1_401' title='bbox 3076 2554 3153 2615; x_wconf 75' lang='grc' dir='ltr'>δὲ,</span> <span class='ocrx_word' id='word_1_402' title='bbox 3186 2552 3393 2623; x_wconf 65' lang='grc' dir='ltr'>πηγὴν</span> <span class='ocrx_word' id='word_1_403' title='bbox 3420 2553 3652 2621; x_wconf 57' lang='grc' dir='ltr'><strong>ἐσφρα-</strong></span> 
     </span>
    </p>
   </div>
   <div class='ocr_carea' id='block_1_57' title="bbox 2053 2646 3652 2722">
    <p class='ocr_par' dir='ltr' id='par_1_57' title="bbox 2053 2646 3652 2722">
     <span class='ocr_line' id='line_1_57' title="bbox 2053 2646 3652 2722; baseline -0.003 -20"><span class='ocrx_word' id='word_1_404' title='bbox 2053 2648 2373 2721; x_wconf 77' lang='grc' dir='ltr'><strong>γισμένην·</strong></span> <span class='ocrx_word' id='word_1_405' title='bbox 2392 2648 2580 2722; x_wconf 72' lang='grc' dir='ltr'>ἕτερος</span> <span class='ocrx_word' id='word_1_406' title='bbox 2597 2648 2653 2701; x_wconf 80' lang='grc' dir='ltr'><strong>δέ</strong></span> <span class='ocrx_word' id='word_1_407' title='bbox 2673 2651 3081 2721; x_wconf 77' lang='grc' dir='ltr'><strong>φησιν,”Εσται</strong></span> <span class='ocrx_word' id='word_1_408' title='bbox 3102 2647 3141 2713; x_wconf 78' lang='grc' dir='ltr'><em>’ἠ</em></span> <span class='ocrx_word' id='word_1_409' title='bbox 3152 2647 3281 2715; x_wconf 76' lang='grc' dir='ltr'><strong>ῥίζα</strong></span> <span class='ocrx_word' id='word_1_410' title='bbox 3295 2646 3400 2700; x_wconf 89' lang='grc' dir='ltr'><strong>τοῦ</strong></span> <span class='ocrx_word' id='word_1_411' title='bbox 3418 2646 3652 2701; x_wconf 75' lang='grc' dir='ltr'>Ἰεσσαί</span> 
     </span>
    </p>
   </div>
   <div class='ocr_carea' id='block_1_58' title="bbox 2054 2734 3651 2809">
    <p class='ocr_par' dir='ltr' id='par_1_58' title="bbox 2054 2734 3651 2809">
     <span class='ocr_line' id='line_1_58' title="bbox 2054 2734 3651 2809; baseline -0.003 -16"><span class='ocrx_word' id='word_1_412' title='bbox 2054 2741 2091 2807; x_wconf 77' lang='grc' dir='ltr'><strong><em>ἡ</em></strong></span> <span class='ocrx_word' id='word_1_413' title='bbox 2125 2739 2455 2807; x_wconf 64' lang='grc' dir='ltr'><strong>παρθένος-ι</strong></span> <span class='ocrx_word' id='word_1_414' title='bbox 2506 2739 2607 2792; x_wconf 76' lang='grc' dir='ltr'><strong>καὶ</strong></span> <span class='ocrx_word' id='word_1_415' title='bbox 2671 2737 2854 2805; x_wconf 75' lang='grc' dir='ltr'>ἄνθος</span> <span class='ocrx_word' id='word_1_416' title='bbox 2902 2738 2974 2792; x_wconf 67' lang='grc' dir='ltr'><strong>ἐκ</strong></span> <span class='ocrx_word' id='word_1_417' title='bbox 3013 2737 3128 2809; x_wconf 82' lang='grc' dir='ltr'><strong>τῆς</strong></span> <span class='ocrx_word' id='word_1_418' title='bbox 3181 2734 3353 2806; x_wconf 64' lang='grc' dir='ltr'>ρίζόις</span> <span class='ocrx_word' id='word_1_419' title='bbox 3414 2736 3651 2804; x_wconf 73' lang='grc' dir='ltr'><strong>ἀναϐή-</strong></span> 
     </span>
    </p>
   </div>
   <div class='ocr_carea' id='block_1_59' title="bbox 2055 2829 3654 2901">
    <p class='ocr_par' dir='ltr' id='par_1_59' title="bbox 2055 2829 3654 2901">
     <span class='ocr_line' id='line_1_59' title="bbox 2055 2829 3654 2901; baseline -0.001 -16"><span class='ocrx_word' id='word_1_420' title='bbox 2055 2846 2226 2885; x_wconf 81' lang='grc' dir='ltr'>σεται</span> <span class='ocrx_word' id='word_1_421' title='bbox 2258 2835 2292 2885; x_wconf 80' lang='grc' dir='ltr'><strong>ό</strong></span> <span class='ocrx_word' id='word_1_422' title='bbox 2312 2831 2531 2899; x_wconf 81' lang='grc' dir='ltr'>Κύριος</span> <span class='ocrx_word' id='word_1_423' title='bbox 2557 2833 2653 2886; x_wconf 77' lang='grc' dir='ltr'><strong>καὶ</strong></span> <span class='ocrx_word' id='word_1_424' title='bbox 2687 2831 2832 2896; x_wconf 83' lang='grc' dir='ltr'><strong>Θεὸς</strong></span> <span class='ocrx_word' id='word_1_425' title='bbox 2860 2829 3050 2901; x_wconf 78' lang='grc' dir='ltr'><strong>ἡμῶν,</strong></span> <span class='ocrx_word' id='word_1_426' title='bbox 3093 2831 3164 2896; x_wconf 81' lang='grc' dir='ltr'><strong>ἐξ</strong></span> <span class='ocrx_word' id='word_1_427' title='bbox 3204 2830 3398 2899; x_wconf 75' lang='grc' dir='ltr'>αὐτῆς</span> <span class='ocrx_word' id='word_1_428' title='bbox 3444 2847 3654 2899; x_wconf 80' lang='grc' dir='ltr'>σωμα-</span> 
     </span>
    </p>
   </div>
   <div class='ocr_carea' id='block_1_60' title="bbox 2055 2924 3652 2995">
    <p class='ocr_par' dir='ltr' id='par_1_60' title="bbox 2055 2924 3652 2995">
     <span class='ocr_line' id='line_1_60' title="bbox 2055 2924 3652 2995; baseline -0.001 -17"><span class='ocrx_word' id='word_1_429' title='bbox 2055 2925 2346 2995; x_wconf 81' lang='grc' dir='ltr'>τούμενος</span> <span class='ocrx_word' id='word_1_430' title='bbox 2372 2941 2387 2957; x_wconf 89' lang='grc'><strong>·</strong></span> <span class='ocrx_word' id='word_1_431' title='bbox 2419 2927 2448 2979; x_wconf 89' lang='grc' dir='ltr'><strong>ό</strong></span> <span class='ocrx_word' id='word_1_432' title='bbox 2482 2925 2540 2979; x_wconf 81' lang='grc' dir='ltr'><strong>δὲ</strong></span> <span class='ocrx_word' id='word_1_433' title='bbox 2571 2924 2755 2989; x_wconf 73' lang='grc' dir='ltr'>αὐτὸς,</span> <span class='ocrx_word' id='word_1_434' title='bbox 2785 2926 2891 2980; x_wconf 79' lang='lat' dir='ltr'><strong>Kal</strong></span> <span class='ocrx_word' id='word_1_435' title='bbox 2922 2925 3057 2980; x_wconf 73' lang='grc' dir='ltr'><strong>ἰδοὺ</strong></span> <span class='ocrx_word' id='word_1_436' title='bbox 3088 2926 3126 2994; x_wconf 71' lang='grc' dir='ltr'>ἡ</span> <span class='ocrx_word' id='word_1_437' title='bbox 3155 2924 3479 2993; x_wconf 73' lang='grc' dir='ltr'><strong>παρθένος,</strong></span> <span class='ocrx_word' id='word_1_438' title='bbox 3519 2924 3652 2995; x_wconf 76' lang='grc' dir='ltr'>ἔφη,</span> 
     </span>
    </p>
   </div>
   <div class='ocr_carea' id='block_1_61' title="bbox 2056 3015 3658 3090">
    <p class='ocr_par' dir='ltr' id='par_1_61' title="bbox 2056 3015 3658 3090">
     <span class='ocr_line' id='line_1_61' title="bbox 2056 3015 3658 3090; baseline -0.002 -18"><span class='ocrx_word' id='word_1_439' title='bbox 2056 3019 2127 3073; x_wconf 81' lang='grc' dir='ltr'><strong>ἐν</strong></span> <span class='ocrx_word' id='word_1_440' title='bbox 2177 3018 2388 3090; x_wconf 72' lang='grc' dir='ltr'>γαστρὶ</span> <span class='ocrx_word' id='word_1_441' title='bbox 2434 3017 2560 3084; x_wconf 75' lang='grc' dir='ltr'><strong>ἕξει</strong></span> <span class='ocrx_word' id='word_1_442' title='bbox 2609 3017 2708 3073; x_wconf 79' lang='grc' dir='ltr'>καί</span> <span class='ocrx_word' id='word_1_443' title='bbox 2768 3018 2998 3083; x_wconf 79' lang='grc' dir='ltr'>τέξεται</span> <span class='ocrx_word' id='word_1_444' title='bbox 3063 3017 3223 3084; x_wconf 78' lang='grc' dir='ltr'><strong>Υίόν,</strong></span> <span class='ocrx_word' id='word_1_445' title='bbox 3268 3016 3431 3087; x_wconf 80' lang='grc' dir='ltr'>δῆλον</span> <span class='ocrx_word' id='word_1_446' title='bbox 3458 3017 3544 3070; x_wconf 84' lang='grc' dir='ltr'>ὅτι</span> <span class='ocrx_word' id='word_1_447' title='bbox 3595 3015 3658 3082; x_wconf 77' lang='grc' dir='ltr'><strong>ἐξ</strong></span> 
     </span>
    </p>
   </div>
   <div class='ocr_carea' id='block_1_62' title="bbox 354 3082 1950 3184">
    <p class='ocr_par' dir='ltr' id='par_1_62' title="bbox 354 3082 1948 3168">
     <span class='ocr_line' id='line_1_62' title="bbox 354 3082 1948 3168; baseline 0.009 -31"><span class='ocrx_word' id='word_1_448' title='bbox 354 3082 611 3140; x_wconf 87' lang='lat' dir='ltr'><strong>videlicet</strong></span> <span class='ocrx_word' id='word_1_449' title='bbox 635 3099 704 3141; x_wconf 78' lang='lat' dir='ltr'><strong>ex</strong></span> <span class='ocrx_word' id='word_1_450' title='bbox 735 3100 794 3141; x_wconf 87' lang='lat' dir='ltr'><strong>se</strong></span> <span class='ocrx_word' id='word_1_451' title='bbox 825 3087 1115 3144; x_wconf 86' lang='lat' dir='ltr'><strong>Dominum</strong></span> <span class='ocrx_word' id='word_1_452' title='bbox 1130 3090 1503 3159; x_wconf 86' lang='lat' dir='ltr'><strong>incarnatum,</strong></span> <span class='ocrx_word' id='word_1_453' title='bbox 1541 3094 1756 3151; x_wconf 82' lang='lat' dir='ltr'><strong>facticio</strong></span> <span class='ocrx_word' id='word_1_454' title='bbox 1785 3113 1948 3168; x_wconf 89' lang='lat' dir='ltr'><strong>opere</strong></span> 
     </span>
    </p>
   </div>
   <div class='ocr_carea' id='block_1_63' title="bbox 2056 3082 3655 3184">
    <p class='ocr_par' dir='ltr' id='par_1_63' title="bbox 2058 3082 3655 3184">
     <span class='ocr_line' id='line_1_63' title="bbox 2058 3082 3655 3184; baseline -0.003 -18"><span class='ocrx_word' id='word_1_455' title='bbox 2058 3082 2231 3182; x_wconf 54' lang='grc' dir='ltr'>αὑτῑξς</span> <span class='ocrx_word' id='word_1_456' title='bbox 2301 3082 2393 3166; x_wconf 72' lang='grc' dir='ltr'><strong>τὸν</strong></span> <span class='ocrx_word' id='word_1_457' title='bbox 2462 3082 2670 3183; x_wconf 73' lang='grc' dir='ltr'>Κύριον</span> <span class='ocrx_word' id='word_1_458' title='bbox 2742 3082 3246 3184; x_wconf 67' lang='grc' dir='ltr'>σαρκολογούμενον</span> <span class='ocrx_word' id='word_1_459' title='bbox 3314 3082 3655 3181; x_wconf 58' lang='grc' dir='ltr'>δημιουργι-</span> 
     </span>
    </p>
   </div>
   <div class='ocr_carea' id='block_1_64' title="bbox 355 3173 1950 3279">
    <p class='ocr_par' dir='ltr' id='par_1_64' title="bbox 355 3173 1950 3259">
     <span class='ocr_line' id='line_1_64' title="bbox 355 3173 1950 3259; baseline 0.009 -30"><span class='ocrx_word' id='word_1_460' title='bbox 355 3174 413 3229; x_wconf 90' lang='lat' dir='ltr'><strong>in</strong></span> <span class='ocrx_word' id='word_1_461' title='bbox 446 3173 565 3245; x_wconf 90' lang='lat' dir='ltr'><strong>ipsa</strong></span> <span class='ocrx_word' id='word_1_462' title='bbox 630 3176 993 3245; x_wconf 89' lang='lat' dir='ltr'><strong>habitantem,</strong></span> <span class='ocrx_word' id='word_1_463' title='bbox 1020 3195 1188 3237; x_wconf 89' lang='lat' dir='ltr'><strong>carne</strong></span> <span class='ocrx_word' id='word_1_464' title='bbox 1217 3184 1481 3239; x_wconf 85' lang='lat' dir='ltr'><strong>vestitum</strong></span> <span class='ocrx_word' id='word_1_465' title='bbox 1519 3184 1689 3241; x_wconf 90' lang='lat' dir='ltr'><strong>Deum</strong></span> <span class='ocrx_word' id='word_1_466' title='bbox 1732 3203 1800 3243; x_wconf 87' lang='lat' dir='ltr'><strong>ex</strong></span> <span class='ocrx_word' id='word_1_467' title='bbox 1835 3188 1950 3259; x_wconf 90' lang='lat' dir='ltr'><strong>ipsa</strong></span> 
     </span>
    </p>
   </div>
   <div class='ocr_carea' id='block_1_65' title="bbox 2056 3173 3660 3279">
    <p class='ocr_par' dir='ltr' id='par_1_65' title="bbox 2059 3173 3660 3279">
     <span class='ocr_line' id='line_1_65' title="bbox 2059 3173 3660 3279; baseline -0.002 -19"><span class='ocrx_word' id='word_1_468' title='bbox 2059 3173 2332 3279; x_wconf 37' lang='grc' dir='ltr'><strong>κῶς-(10)</strong></span> <span class='ocrx_word' id='word_1_469' title='bbox 2374 3208 2431 3262; x_wconf 76' lang='grc' dir='ltr'><strong>ἐν</strong></span> <span class='ocrx_word' id='word_1_470' title='bbox 2476 3173 2615 3278; x_wconf 70' lang='grc' dir='ltr'>αὐτῇ</span> <span class='ocrx_word' id='word_1_471' title='bbox 2670 3173 3014 3259; x_wconf 64' lang='grc' dir='ltr'>ἐνοικοῦντα”</span> <span class='ocrx_word' id='word_1_472' title='bbox 3058 3173 3154 3259; x_wconf 68' lang='grc' dir='ltr'><strong>καὶ</strong></span> <span class='ocrx_word' id='word_1_473' title='bbox 3212 3173 3660 3276; x_wconf 56' lang='grc' dir='ltr'>σαρκοξρόρονὲξ</span> 
     </span>
    </p>
   </div>
   <div class='ocr_carea' id='block_1_66' title="bbox 357 3268 1956 3343">
    <p class='ocr_par' dir='ltr' id='par_1_66' title="bbox 357 3268 1956 3343">
     <span class='ocr_line' id='line_1_66' title="bbox 357 3268 1956 3343; baseline 0.009 -22"><span class='ocrx_word' id='word_1_474' title='bbox 357 3268 773 3337; x_wconf 88' lang='lat' dir='ltr'><strong>procedentem.</strong></span> <span class='ocrx_word' id='word_1_475' title='bbox 840 3269 948 3326; x_wconf 90' lang='lat' dir='ltr'><strong>Sed</strong></span> <span class='ocrx_word' id='word_1_476' title='bbox 1000 3286 1099 3326; x_wconf 87' lang='lat' dir='ltr'><strong>cur</strong></span> <span class='ocrx_word' id='word_1_477' title='bbox 1162 3271 1275 3343; x_wconf 91' lang='lat' dir='ltr'><strong>jam</strong></span> <span class='ocrx_word' id='word_1_478' title='bbox 1348 3286 1551 3332; x_wconf 88' lang='lat' dir='ltr'><strong>cuncta</strong></span> <span class='ocrx_word' id='word_1_479' title='bbox 1630 3278 1746 3333; x_wconf 64' lang='lat' dir='ltr'><strong>haec</strong></span> <span class='ocrx_word' id='word_1_480' title='bbox 1802 3281 1956 3336; x_wconf 85' lang='lat' dir='ltr'><strong>testi—</strong></span> 
     </span>
    </p>
   </div>
   <div class='ocr_carea' id='block_1_67' title="bbox 360 3361 1957 3439">
    <p class='ocr_par' dir='ltr' id='par_1_67' title="bbox 360 3361 1957 3439">
     <span class='ocr_line' id='line_1_67' title="bbox 360 3361 1957 3439; baseline 0.009 -24"><span class='ocrx_word' id='word_1_481' title='bbox 360 3361 545 3417; x_wconf 89' lang='lat' dir='ltr'><strong>monia</strong></span> <span class='ocrx_word' id='word_1_482' title='bbox 579 3376 924 3431; x_wconf 87' lang='lat' dir='ltr'><strong>enumerem,</strong></span> <span class='ocrx_word' id='word_1_483' title='bbox 955 3379 1076 3434; x_wconf 73' lang='lat' dir='ltr'><strong>qua:</strong></span> <span class='ocrx_word' id='word_1_484' title='bbox 1094 3365 1356 3422; x_wconf 81' lang='lat' dir='ltr'><strong>studiosis</strong></span> <span class='ocrx_word' id='word_1_485' title='bbox 1412 3368 1596 3439; x_wconf 89' lang='lat' dir='ltr'><strong>potius</strong></span> <span class='ocrx_word' id='word_1_486' title='bbox 1624 3372 1957 3429; x_wconf 84' lang='lat' dir='ltr'><strong>reservanda</strong></span> 
     </span>
    </p>
   </div>
   <div class='ocr_carea' id='block_1_68' title="bbox 437 3548 1961 3632">
    <p class='ocr_par' dir='ltr' id='par_1_68' title="bbox 437 3548 1961 3632">
     <span class='ocr_line' id='line_1_68' title="bbox 437 3548 1961 3632; baseline 0.008 -27"><span class='ocrx_word' id='word_1_487' title='bbox 437 3548 526 3605; x_wconf 90' lang='lat' dir='ltr'><strong>Vl.</strong></span> <span class='ocrx_word' id='word_1_488' title='bbox 569 3548 759 3622; x_wconf 85' lang='lat' dir='ltr'><strong>Neque</strong></span> <span class='ocrx_word' id='word_1_489' title='bbox 786 3559 968 3606; x_wconf 90' lang='lat' dir='ltr'><strong>tamen</strong></span> <span class='ocrx_word' id='word_1_490' title='bbox 998 3552 1286 3624; x_wconf 86' lang='lat' dir='ltr'><strong>quisquam</strong></span> <span class='ocrx_word' id='word_1_491' title='bbox 1316 3555 1613 3622; x_wconf 80' lang='lat' dir='ltr'><strong>existimet,</strong></span> <span class='ocrx_word' id='word_1_492' title='bbox 1644 3558 1713 3615; x_wconf 89' lang='lat' dir='ltr'><strong>de</strong></span> <span class='ocrx_word' id='word_1_493' title='bbox 1742 3575 1961 3632; x_wconf 85' lang='lat' dir='ltr'><strong>semper</strong></span> 
     </span>
    </p>
   </div>
   <div class='ocr_carea' id='block_1_69' title="bbox 362 3641 1961 3713">
    <p class='ocr_par' dir='ltr' id='par_1_69' title="bbox 362 3641 1961 3713">
     <span class='ocr_line' id='line_1_69' title="bbox 362 3641 1961 3713; baseline 0.009 -17"><span class='ocrx_word' id='word_1_494' title='bbox 362 3641 583 3713; x_wconf 82' lang='lat' dir='ltr'><strong>virgine</strong></span> <span class='ocrx_word' id='word_1_495' title='bbox 629 3656 695 3697; x_wconf 87' lang='lat' dir='ltr'><strong>ac</strong></span> <span class='ocrx_word' id='word_1_496' title='bbox 748 3642 979 3713; x_wconf 85' lang='lat' dir='ltr'><strong>Deipara</strong></span> <span class='ocrx_word' id='word_1_497' title='bbox 1031 3643 1196 3700; x_wconf 78' lang='lat' dir='ltr'><strong>Maria</strong></span> <span class='ocrx_word' id='word_1_498' title='bbox 1250 3646 1563 3704; x_wconf 88' lang='lat' dir='ltr'><strong>testimonia</strong></span> <span class='ocrx_word' id='word_1_499' title='bbox 1620 3650 1884 3709; x_wconf 86' lang='lat' dir='ltr'><strong>hactenus</strong></span> <span class='ocrx_word' id='word_1_500' title='bbox 1930 3671 1961 3710; x_wconf 91' lang='lat' dir='ltr'><strong>a</strong></span> 
     </span>
    </p>
   </div>
   <div class='ocr_carea' id='block_1_70' title="bbox 363 3734 1962 3810">
    <p class='ocr_par' dir='ltr' id='par_1_70' title="bbox 363 3734 1962 3810">
     <span class='ocr_line' id='line_1_70' title="bbox 363 3734 1962 3810; baseline 0.009 -21"><span class='ocrx_word' id='word_1_501' title='bbox 363 3734 527 3789; x_wconf 90' lang='lat' dir='ltr'><strong>nobis</strong></span> <span class='ocrx_word' id='word_1_502' title='bbox 552 3734 608 3789; x_wconf 92' lang='lat' dir='ltr'><strong>in</strong></span> <span class='ocrx_word' id='word_1_503' title='bbox 633 3734 876 3790; x_wconf 88' lang='lat' dir='ltr'><strong>medium</strong></span> <span class='ocrx_word' id='word_1_504' title='bbox 907 3735 1110 3792; x_wconf 79' lang='lat' dir='ltr'><strong>frustra</strong></span> <span class='ocrx_word' id='word_1_505' title='bbox 1137 3754 1259 3794; x_wconf 88' lang='lat' dir='ltr'><strong>esse</strong></span> <span class='ocrx_word' id='word_1_506' title='bbox 1288 3741 1499 3810; x_wconf 89' lang='lat' dir='ltr'><strong>prolata</strong></span> <span class='ocrx_word' id='word_1_507' title='bbox 1530 3760 1545 3798; x_wconf 92' lang='lat'><strong>:</strong></span> <span class='ocrx_word' id='word_1_508' title='bbox 1579 3746 1781 3800; x_wconf 89' lang='lat' dir='ltr'><strong>etenim</strong></span> <span class='ocrx_word' id='word_1_509' title='bbox 1818 3749 1962 3803; x_wconf 84' lang='lat' dir='ltr'><strong>veri-</strong></span> 
     </span>
    </p>
   </div>
   <div class='ocr_carea' id='block_1_71' title="bbox 367 3825 1961 3908">
    <p class='ocr_par' dir='ltr' id='par_1_71' title="bbox 367 3825 1961 3908">
     <span class='ocr_line' id='line_1_71' title="bbox 367 3825 1961 3908; baseline 0.012 -29"><span class='ocrx_word' id='word_1_510' title='bbox 367 3825 495 3881; x_wconf 87' lang='lat' dir='ltr'><strong>tatis</strong></span> <span class='ocrx_word' id='word_1_511' title='bbox 532 3826 717 3882; x_wconf 89' lang='lat' dir='ltr'><strong>hostes</strong></span> <span class='ocrx_word' id='word_1_512' title='bbox 749 3827 998 3883; x_wconf 89' lang='lat' dir='ltr'><strong>divinum</strong></span> <span class='ocrx_word' id='word_1_513' title='bbox 1045 3830 1165 3900; x_wconf 88' lang='lat' dir='ltr'><strong>ejus</strong></span> <span class='ocrx_word' id='word_1_514' title='bbox 1208 3842 1424 3903; x_wconf 89' lang='lat' dir='ltr'><strong>partum</strong></span> <span class='ocrx_word' id='word_1_515' title='bbox 1469 3849 1817 3908; x_wconf 88' lang='lat' dir='ltr'><strong>apparenter,</strong></span> <span class='ocrx_word' id='word_1_516' title='bbox 1850 3859 1961 3898; x_wconf 90' lang='lat' dir='ltr'><strong>non</strong></span> 
     </span>
    </p>
   </div>
   <div class='ocr_carea' id='block_1_72' title="bbox 368 3928 1966 4007">
    <p class='ocr_par' dir='ltr' id='par_1_72' title="bbox 368 3928 1966 4007">
     <span class='ocr_line' id='line_1_72' title="bbox 368 3928 1966 4007; baseline 0.012 -32"><span class='ocrx_word' id='word_1_517' title='bbox 368 3928 554 4007; x_wconf 85' lang='lat' dir='ltr'><strong>autem</strong></span> <span class='ocrx_word' id='word_1_518' title='bbox 603 3936 754 3988; x_wconf 85' lang='lat' dir='ltr'><strong>vere,</strong></span> <span class='ocrx_word' id='word_1_519' title='bbox 802 3930 1087 3992; x_wconf 84' lang='lat' dir='ltr'><strong>peractum</strong></span> <span class='ocrx_word' id='word_1_520' title='bbox 1137 3936 1368 3981; x_wconf 87' lang='lat' dir='ltr'><strong>censent</strong></span> <span class='ocrx_word' id='word_1_521' title='bbox 1415 3947 1428 3981; x_wconf 90' lang='lat'><strong>:</strong></span> <span class='ocrx_word' id='word_1_522' title='bbox 1476 3940 1531 3985; x_wconf 90' lang='lat' dir='ltr'><strong>et</strong></span> <span class='ocrx_word' id='word_1_523' title='bbox 1575 3933 1797 4002; x_wconf 84' lang='lat' dir='ltr'><strong>quidem</strong></span> <span class='ocrx_word' id='word_1_524' title='bbox 1844 3947 1966 4007; x_wconf 88' lang='lat' dir='ltr'><strong>post</strong></span> 
     </span>
    </p>
   </div>
   <div class='ocr_carea' id='block_1_73' title="bbox 364 4000 1966 4091">
    <p class='ocr_par' dir='ltr' id='par_1_73' title="bbox 364 4000 1966 4091">
     <span class='ocr_line' id='line_1_73' title="bbox 364 4000 1966 4091; baseline 0.011 -21"><span class='ocrx_word' id='word_1_525' title='bbox 364 4000 613 4070; x_wconf 82' lang='lat' dir='ltr'><strong>diviuum</strong></span> <span class='ocrx_word' id='word_1_526' title='bbox 643 4024 861 4086; x_wconf 91' lang='lat' dir='ltr'><strong>partum</strong></span> <span class='ocrx_word' id='word_1_527' title='bbox 892 4016 1030 4071; x_wconf 91' lang='lat' dir='ltr'><strong>alios</strong></span> <span class='ocrx_word' id='word_1_528' title='bbox 1067 4033 1287 4089; x_wconf 87' lang='lat' dir='ltr'><strong>quoque</strong></span> <span class='ocrx_word' id='word_1_529' title='bbox 1323 4021 1499 4091; x_wconf 89' lang='lat' dir='ltr'><strong>ipsam</strong></span> <span class='ocrx_word' id='word_1_530' title='bbox 1538 4000 1742 4084; x_wconf 78' lang='lat' dir='ltr'><strong>liheros</strong></span> <span class='ocrx_word' id='word_1_531' title='bbox 1770 4000 1966 4087; x_wconf 44' lang='lat' dir='ltr'><strong>ex-Jo-</strong></span> 
     </span>
    </p>
   </div>
   <div class='ocr_carea' id='block_1_74' title="bbox 367 4106 1966 4194">
    <p class='ocr_par' dir='ltr' id='par_1_74' title="bbox 367 4106 1966 4194">
     <span class='ocr_line' id='line_1_74' title="bbox 367 4106 1966 4194; baseline 0.012 -34"><span class='ocrx_word' id='word_1_532' title='bbox 367 4106 547 4177; x_wconf 87' lang='lat' dir='ltr'><strong>sepho</strong></span> <span class='ocrx_word' id='word_1_533' title='bbox 579 4107 887 4179; x_wconf 90' lang='lat' dir='ltr'><strong>suscepisse</strong></span> <span class='ocrx_word' id='word_1_534' title='bbox 912 4107 1229 4165; x_wconf 83' lang='lat' dir='ltr'><strong>fabulantur</strong></span> <span class='ocrx_word' id='word_1_535' title='bbox 1261 4130 1274 4166; x_wconf 92' lang='lat'>:</span> <span class='ocrx_word' id='word_1_536' title='bbox 1300 4115 1694 4184; x_wconf 88' lang='lat' dir='ltr'><strong>prophetarum</strong></span> <span class='ocrx_word' id='word_1_537' title='bbox 1727 4121 1966 4194; x_wconf 87' lang='lat' dir='ltr'><strong>denique</strong></span> 
     </span>
    </p>
   </div>
   <div class='ocr_carea' id='block_1_75' title="bbox 365 4199 1967 4285">
    <p class='ocr_par' dir='ltr' id='par_1_75' title="bbox 365 4199 1967 4285">
     <span class='ocr_line' id='line_1_75' title="bbox 365 4199 1967 4285; baseline 0.011 -28"><span class='ocrx_word' id='word_1_538' title='bbox 365 4199 513 4257; x_wconf 88' lang='lat' dir='ltr'><strong>circa</strong></span> <span class='ocrx_word' id='word_1_539' title='bbox 548 4200 721 4272; x_wconf 87' lang='lat' dir='ltr'><strong>ipsam</strong></span> <span class='ocrx_word' id='word_1_540' title='bbox 755 4201 1065 4257; x_wconf 89' lang='lat' dir='ltr'><strong>testimonia</strong></span> <span class='ocrx_word' id='word_1_541' title='bbox 1097 4218 1207 4259; x_wconf 91' lang='lat' dir='ltr'><strong>non</strong></span> <span class='ocrx_word' id='word_1_542' title='bbox 1236 4205 1555 4277; x_wconf 90' lang='lat' dir='ltr'><strong>admittunt,</strong></span> <span class='ocrx_word' id='word_1_543' title='bbox 1585 4212 1749 4269; x_wconf 86' lang='lat' dir='ltr'><strong>veluti</strong></span> <span class='ocrx_word' id='word_1_544' title='bbox 1776 4228 1967 4285; x_wconf 89' lang='lat' dir='ltr'><strong>postea</strong></span> 
     </span>
    </p>
   </div>
   <div class='ocr_carea' id='block_1_76' title="bbox 371 4291 1969 4375">
    <p class='ocr_par' dir='ltr' id='par_1_76' title="bbox 371 4291 1969 4375">
     <span class='ocr_line' id='line_1_76' title="bbox 371 4291 1969 4375; baseline 0.013 -28"><span class='ocrx_word' id='word_1_545' title='bbox 371 4291 693 4364; x_wconf 83' lang='lat' dir='ltr'><strong>diligentius</strong></span> <span class='ocrx_word' id='word_1_546' title='bbox 758 4294 1246 4351; x_wconf 79' lang='lat' dir='ltr'><strong>demonstrabitur.</strong></span> <span class='ocrx_word' id='word_1_547' title='bbox 1321 4297 1525 4357; x_wconf 88' lang='lat' dir='ltr'><strong>Dicunt</strong></span> <span class='ocrx_word' id='word_1_548' title='bbox 1594 4305 1843 4375; x_wconf 88' lang='lat' dir='ltr'><strong>profecto</strong></span> <span class='ocrx_word' id='word_1_549' title='bbox 1909 4326 1969 4366; x_wconf 89' lang='lat' dir='ltr'><strong>se</strong></span> 
     </span>
    </p>
   </div>
   <div class='ocr_carea' id='block_1_77' title="bbox 375 4385 1967 4470">
    <p class='ocr_par' dir='ltr' id='par_1_77' title="bbox 375 4385 1967 4470">
     <span class='ocr_line' id='line_1_77' title="bbox 375 4385 1967 4470; baseline 0.011 -28"><span class='ocrx_word' id='word_1_550' title='bbox 375 4385 555 4442; x_wconf 88' lang='lat' dir='ltr'><strong>sancti</strong></span> <span class='ocrx_word' id='word_1_551' title='bbox 582 4386 856 4460; x_wconf 84' lang='lat' dir='ltr'><strong>Evangelii</strong></span> <span class='ocrx_word' id='word_1_552' title='bbox 885 4389 1229 4461; x_wconf 85' lang='lat' dir='ltr'><strong>apostolique</strong></span> <span class='ocrx_word' id='word_1_553' title='bbox 1263 4393 1558 4452; x_wconf 77' lang='lat' dir='ltr'><strong>dictamina</strong></span> <span class='ocrx_word' id='word_1_554' title='bbox 1594 4401 1768 4470; x_wconf 89' lang='lat' dir='ltr'><strong>sequi,</strong></span> <span class='ocrx_word' id='word_1_555' title='bbox 1800 4410 1967 4459; x_wconf 64' lang='lat' dir='ltr'><strong>caete-</strong></span> 
     </span>
    </p>
   </div>
   <div class='ocr_carea' id='block_1_78' title="bbox 372 4471 2049 4551">
    <p class='ocr_par' dir='ltr' id='par_1_78' title="bbox 372 4471 2049 4551">
     <span class='ocr_line' id='line_1_78' title="bbox 372 4471 2049 4551; baseline 0.011 -16"><span class='ocrx_word' id='word_1_556' title='bbox 372 4480 533 4549; x_wconf 89' lang='lat' dir='ltr'><strong>roqui</strong></span> <span class='ocrx_word' id='word_1_557' title='bbox 563 4479 753 4536; x_wconf 89' lang='lat' dir='ltr'><strong>dolose</strong></span> <span class='ocrx_word' id='word_1_558' title='bbox 781 4497 847 4537; x_wconf 90' lang='lat' dir='ltr'><strong>ac</strong></span> <span class='ocrx_word' id='word_1_559' title='bbox 876 4485 1129 4541; x_wconf 88' lang='lat' dir='ltr'><strong>simulate</strong></span> <span class='ocrx_word' id='word_1_560' title='bbox 1159 4486 1469 4545; x_wconf 86' lang='lat' dir='ltr'><strong>stultissimi</strong></span> <span class='ocrx_word' id='word_1_561' title='bbox 1501 4490 1751 4549; x_wconf 87' lang='lat' dir='ltr'><strong>homines</strong></span> <span class='ocrx_word' id='word_1_562' title='bbox 1782 4497 1966 4551; x_wconf 87' lang='lat' dir='ltr'><strong>ovium</strong></span> <span class='ocrx_word' id='word_1_563' title='bbox 2004 4471 2049 4528; x_wconf 70' lang='grc' dir='ltr'><strong>Β</strong></span> 
     </span>
    </p>
   </div>
   <div class='ocr_carea' id='block_1_79' title="bbox 2059 3296 3660 3370">
    <p class='ocr_par' dir='ltr' id='par_1_79' title="bbox 2059 3296 3660 3370">
     <span class='ocr_line' id='line_1_79' title="bbox 2059 3296 3660 3370; baseline -0.001 -18"><span class='ocrx_word' id='word_1_564' title='bbox 2059 3298 2233 3369; x_wconf 82' lang='grc' dir='ltr'>αὐτῆς</span> <span class='ocrx_word' id='word_1_565' title='bbox 2253 3311 2282 3339; x_wconf 81' lang='grc' dir='ltr'>ιι</span> <span class='ocrx_word' id='word_1_566' title='bbox 2311 3299 2445 3352; x_wconf 71' lang='grc' dir='ltr'>Θεὸν</span> <span class='ocrx_word' id='word_1_567' title='bbox 2475 3298 2913 3370; x_wconf 70' lang='grc' dir='ltr'>προερχόμενον·</span> <span class='ocrx_word' id='word_1_568' title='bbox 2966 3298 3059 3351; x_wconf 67' lang='grc' dir='ltr'>καὶ</span> <span class='ocrx_word' id='word_1_569' title='bbox 3088 3298 3143 3350; x_wconf 85' lang='grc' dir='ltr'>τί</span> <span class='ocrx_word' id='word_1_570' title='bbox 3184 3297 3248 3365; x_wconf 80' lang='grc' dir='ltr'><strong>δὴ</strong></span> <span class='ocrx_word' id='word_1_571' title='bbox 3271 3306 3300 3336; x_wconf 73' lang='lat' dir='ltr'><strong>V</strong></span> <span class='ocrx_word' id='word_1_572' title='bbox 3339 3296 3524 3360; x_wconf 76' lang='grc' dir='ltr'>πάσας</span> <span class='ocrx_word' id='word_1_573' title='bbox 3556 3296 3660 3361; x_wconf 84' lang='grc' dir='ltr'><strong>τὰς</strong></span> 
     </span>
    </p>
   </div>
   <div class='ocr_carea' id='block_1_80' title="bbox 2059 3389 3662 3464">
    <p class='ocr_par' dir='ltr' id='par_1_80' title="bbox 2059 3389 3662 3464">
     <span class='ocr_line' id='line_1_80' title="bbox 2059 3389 3662 3464; baseline -0.003 -18"><span class='ocrx_word' id='word_1_574' title='bbox 2059 3392 2319 3456; x_wconf 75' lang='grc' dir='ltr'>τοιαύτας</span> <span class='ocrx_word' id='word_1_575' title='bbox 2357 3393 2665 3464; x_wconf 75' lang='grc' dir='ltr'>μαρτυρίας</span> <span class='ocrx_word' id='word_1_576' title='bbox 2707 3390 3074 3463; x_wconf 82' lang='grc' dir='ltr'>ἁπαρ;ομεῖν,</span> <span class='ocrx_word' id='word_1_577' title='bbox 3108 3389 3163 3444; x_wconf 84' lang='grc' dir='ltr'>αἳ</span> <span class='ocrx_word' id='word_1_578' title='bbox 3196 3391 3309 3454; x_wconf 73' lang='grc' dir='ltr'>τοῖς</span> <span class='ocrx_word' id='word_1_579' title='bbox 3341 3389 3662 3459; x_wconf 73' lang='grc' dir='ltr'>φιλοπόνοις</span> 
     </span>
    </p>
   </div>
   <div class='ocr_carea' id='block_1_81' title="bbox 2059 3484 2427 3555">
    <p class='ocr_par' dir='ltr' id='par_1_81' title="bbox 2059 3484 2427 3555">
     <span class='ocr_line' id='line_1_81' title="bbox 2059 3484 2427 3555; baseline 0.003 -19"><span class='ocrx_word' id='word_1_580' title='bbox 2059 3484 2389 3555; x_wconf 81' lang='grc' dir='ltr'>τετήρηνται</span> <span class='ocrx_word' id='word_1_581' title='bbox 2413 3500 2427 3549; x_wconf 90' lang='grc'>;</span> 
     </span>
    </p>
   </div>
   <div class='ocr_carea' id='block_1_82' title="bbox 2135 3572 3663 3648">
    <p class='ocr_par' dir='ltr' id='par_1_82' title="bbox 2135 3572 3663 3648">
     <span class='ocr_line' id='line_1_82' title="bbox 2135 3572 3663 3648; baseline -0.005 -15"><span class='ocrx_word' id='word_1_582' title='bbox 2135 3574 2227 3644; x_wconf 68' lang='grc' dir='ltr'><strong>(τ’.</strong></span> <span class='ocrx_word' id='word_1_583' title='bbox 2282 3576 2372 3648; x_wconf 77' lang='grc' dir='ltr'><strong>Μή</strong></span> <span class='ocrx_word' id='word_1_584' title='bbox 2424 3593 2507 3638; x_wconf 80' lang='grc' dir='ltr'>τις</span> <span class='ocrx_word' id='word_1_585' title='bbox 2552 3575 2617 3646; x_wconf 84' lang='grc' dir='ltr'><strong>δὴ</strong></span> <span class='ocrx_word' id='word_1_586' title='bbox 2666 3576 2816 3646; x_wconf 76' lang='grc' dir='ltr'>ἡμᾶς</span> <span class='ocrx_word' id='word_1_587' title='bbox 2859 3574 3058 3628; x_wconf 79' lang='grc' dir='ltr'>οίέσθω</span> <span class='ocrx_word' id='word_1_588' title='bbox 3100 3573 3200 3638; x_wconf 72' lang='grc' dir='ltr'>τὰς</span> <span class='ocrx_word' id='word_1_589' title='bbox 3245 3572 3504 3645; x_wconf 73' lang='grc' dir='ltr'>περὶτῆς</span> <span class='ocrx_word' id='word_1_590' title='bbox 3536 3574 3663 3627; x_wconf 80' lang='grc' dir='ltr'><strong>ἀει-</strong></span> 
     </span>
    </p>
   </div>
   <div class='ocr_carea' id='block_1_83' title="bbox 2065 3665 3666 3741">
    <p class='ocr_par' dir='ltr' id='par_1_83' title="bbox 2065 3665 3666 3741">
     <span class='ocr_line' id='line_1_83' title="bbox 2065 3665 3666 3741; baseline -0.004 -17"><span class='ocrx_word' id='word_1_591' title='bbox 2065 3668 2335 3741; x_wconf 71' lang='grc' dir='ltr'>παρθένου</span> <span class='ocrx_word' id='word_1_592' title='bbox 2383 3667 2479 3722; x_wconf 79' lang='grc' dir='ltr'>καὶ</span> <span class='ocrx_word' id='word_1_593' title='bbox 2519 3668 2784 3721; x_wconf 87' lang='grc' dir='ltr'>Θεοτόκου</span> <span class='ocrx_word' id='word_1_594' title='bbox 2821 3667 3043 3737; x_wconf 81' lang='grc' dir='ltr'><strong>Μαρίας</strong></span> <span class='ocrx_word' id='word_1_595' title='bbox 3092 3665 3430 3736; x_wconf 80' lang='grc' dir='ltr'>μαρτυρίας,</span> <span class='ocrx_word' id='word_1_596' title='bbox 3480 3667 3666 3735; x_wconf 74' lang='grc' dir='ltr'>μάτην</span> 
     </span>
    </p>
   </div>
   <div class='ocr_carea' id='block_1_84' title="bbox 2065 3755 3667 3831">
    <p class='ocr_par' dir='ltr' id='par_1_84' title="bbox 2065 3755 3667 3831">
     <span class='ocr_line' id='line_1_84' title="bbox 2065 3755 3667 3831; baseline -0.003 -18"><span class='ocrx_word' id='word_1_597' title='bbox 2065 3761 2270 3831; x_wconf 81' lang='grc' dir='ltr'>ἀρτίως</span> <span class='ocrx_word' id='word_1_598' title='bbox 2299 3758 2379 3822; x_wconf 83' lang='grc' dir='ltr'><strong>είς</strong></span> <span class='ocrx_word' id='word_1_599' title='bbox 2411 3757 2578 3827; x_wconf 79' lang='grc' dir='ltr'>μέσον</span> <span class='ocrx_word' id='word_1_600' title='bbox 2607 3759 2979 3830; x_wconf 81' lang='grc' dir='ltr'>παραγαγεῖν’</span> <span class='ocrx_word' id='word_1_601' title='bbox 3006 3758 3055 3810; x_wconf 80' lang='grc' dir='ltr'>οἱ</span> <span class='ocrx_word' id='word_1_602' title='bbox 3077 3766 3105 3793; x_wconf 74' lang='grc' dir='ltr'><strong><em>ι</em></strong></span> <span class='ocrx_word' id='word_1_603' title='bbox 3129 3757 3236 3827; x_wconf 81' lang='grc' dir='ltr'><strong>γὰρ</strong></span> <span class='ocrx_word' id='word_1_604' title='bbox 3264 3756 3367 3826; x_wconf 83' lang='grc' dir='ltr'><strong>τῆς</strong></span> <span class='ocrx_word' id='word_1_605' title='bbox 3393 3755 3667 3827; x_wconf 75' lang='grc' dir='ltr'><strong>ἀληθείας</strong></span> 
     </span>
    </p>
   </div>
   <div class='ocr_carea' id='block_1_85' title="bbox 2066 3850 3668 3926">
    <p class='ocr_par' dir='ltr' id='par_1_85' title="bbox 2066 3850 3668 3926">
     <span class='ocr_line' id='line_1_85' title="bbox 2066 3850 3668 3926; baseline -0.003 -19"><span class='ocrx_word' id='word_1_606' title='bbox 2066 3854 2253 3926; x_wconf 74' lang='grc' dir='ltr'>ἐχθροὶ</span> <span class='ocrx_word' id='word_1_607' title='bbox 2302 3852 2393 3907; x_wconf 66' lang='grc' dir='ltr'><strong>τὸν</strong></span> <span class='ocrx_word' id='word_1_608' title='bbox 2433 3852 2577 3906; x_wconf 85' lang='grc' dir='ltr'>θεῖον</span> <span class='ocrx_word' id='word_1_609' title='bbox 2628 3852 2801 3922; x_wconf 78' lang='grc' dir='ltr'>αὐτῆς</span> <span class='ocrx_word' id='word_1_610' title='bbox 2847 3851 3009 3905; x_wconf 82' lang='grc' dir='ltr'>τόκον</span> <span class='ocrx_word' id='word_1_611' title='bbox 3060 3853 3117 3904; x_wconf 77' lang='grc' dir='ltr'>ἐν</span> <span class='ocrx_word' id='word_1_612' title='bbox 3156 3850 3379 3922; x_wconf 78' lang='grc' dir='ltr'>δοκήσει</span> <span class='ocrx_word' id='word_1_613' title='bbox 3430 3850 3527 3903; x_wconf 81' lang='grc' dir='ltr'><strong>καὶ</strong></span> <span class='ocrx_word' id='word_1_614' title='bbox 3561 3850 3668 3902; x_wconf 74' lang='grc' dir='ltr'>οὐκ</span> 
     </span>
    </p>
   </div>
   <div class='ocr_carea' id='block_1_86' title="bbox 2067 3943 3668 4018">
    <p class='ocr_par' dir='ltr' id='par_1_86' title="bbox 2067 3943 3668 4018">
     <span class='ocr_line' id='line_1_86' title="bbox 2067 3943 3668 4018; baseline -0.001 -18"><span class='ocrx_word' id='word_1_615' title='bbox 2067 3948 2124 3999; x_wconf 80' lang='grc' dir='ltr'><strong>ἐν</strong></span> <span class='ocrx_word' id='word_1_616' title='bbox 2152 3945 2383 4018; x_wconf 78' lang='grc' dir='ltr'>ἀληθείᾳ</span> <span class='ocrx_word' id='word_1_617' title='bbox 2413 3944 2745 4017; x_wconf 83' lang='grc' dir='ltr'>γεγενῆσθαι</span> <span class='ocrx_word' id='word_1_618' title='bbox 2784 3943 3209 4015; x_wconf 79' lang='grc' dir='ltr'>δογματίζουσιν</span> <span class='ocrx_word' id='word_1_619' title='bbox 3230 3962 3245 3977; x_wconf 89' lang='grc'><strong>·</strong></span> <span class='ocrx_word' id='word_1_620' title='bbox 3273 3944 3370 3998; x_wconf 77' lang='grc' dir='ltr'>καὶ</span> <span class='ocrx_word' id='word_1_621' title='bbox 3403 3943 3544 4015; x_wconf 79' lang='grc' dir='ltr'>μετὰ</span> <span class='ocrx_word' id='word_1_622' title='bbox 3573 3945 3668 3999; x_wconf 74' lang='grc' dir='ltr'>τὸν</span> 
     </span>
    </p>
   </div>
   <div class='ocr_carea' id='block_1_87' title="bbox 2069 4038 3671 4109">
    <p class='ocr_par' dir='ltr' id='par_1_87' title="bbox 2069 4038 3671 4109">
     <span class='ocr_line' id='line_1_87' title="bbox 2069 4038 3671 4109; baseline -0.001 -17"><span class='ocrx_word' id='word_1_623' title='bbox 2069 4039 2213 4093; x_wconf 79' lang='grc' dir='ltr'>θεῖον</span> <span class='ocrx_word' id='word_1_624' title='bbox 2264 4039 2424 4094; x_wconf 88' lang='grc' dir='ltr'>τόκον</span> <span class='ocrx_word' id='word_1_625' title='bbox 2470 4040 2611 4094; x_wconf 67' lang='grc' dir='ltr'><strong>καὶ]</strong></span> <span class='ocrx_word' id='word_1_626' title='bbox 2640 4038 2835 4103; x_wconf 79' lang='grc' dir='ltr'>ἄλλους</span> <span class='ocrx_word' id='word_1_627' title='bbox 2870 4039 3021 4102; x_wconf 74' lang='grc' dir='ltr'>υἱοὺς</span> <span class='ocrx_word' id='word_1_628' title='bbox 3070 4038 3242 4109; x_wconf 79' lang='grc' dir='ltr'>αὐτὴν</span> <span class='ocrx_word' id='word_1_629' title='bbox 3271 4038 3569 4109; x_wconf 77' lang='grc' dir='ltr'>ἐσχηκέναι</span> <span class='ocrx_word' id='word_1_630' title='bbox 3601 4039 3671 4091; x_wconf 80' lang='grc' dir='ltr'>ὲκ</span> 
     </span>
    </p>
   </div>
   <div class='ocr_carea' id='block_1_88' title="bbox 2068 4131 3672 4206">
    <p class='ocr_par' dir='ltr' id='par_1_88' title="bbox 2068 4131 3672 4206">
     <span class='ocr_line' id='line_1_88' title="bbox 2068 4131 3672 4206; baseline 0.001 -19"><span class='ocrx_word' id='word_1_631' title='bbox 2068 4133 2162 4187; x_wconf 82' lang='grc' dir='ltr'><strong>τοῦ</strong></span> <span class='ocrx_word' id='word_1_632' title='bbox 2200 4133 2397 4206; x_wconf 73' lang='grc' dir='ltr'>Ἰωσὴφ</span> <span class='ocrx_word' id='word_1_633' title='bbox 2442 4131 2817 4205; x_wconf 81' lang='grc' dir='ltr'>φληναφοῠσιν</span> <span class='ocrx_word' id='word_1_634' title='bbox 2843 4148 2856 4163; x_wconf 81' lang='grc'><em>’</em></span> <span class='ocrx_word' id='word_1_635' title='bbox 2915 4132 3015 4198; x_wconf 69' lang='grc' dir='ltr'><strong>τὰς</strong></span> <span class='ocrx_word' id='word_1_636' title='bbox 3057 4132 3115 4185; x_wconf 85' lang='grc' dir='ltr'><strong>δὲ</strong></span> <span class='ocrx_word' id='word_1_637' title='bbox 3159 4134 3289 4204; x_wconf 73' lang='grc' dir='ltr'>περὶ</span> <span class='ocrx_word' id='word_1_638' title='bbox 3332 4132 3507 4203; x_wconf 81' lang='grc' dir='ltr'>αὐτῆς</span> <span class='ocrx_word' id='word_1_639' title='bbox 3556 4132 3672 4188; x_wconf 82' lang='grc' dir='ltr'>τῶν</span> 
     </span>
    </p>
   </div>
   <div class='ocr_carea' id='block_1_89' title="bbox 2073 4223 3673 4300">
    <p class='ocr_par' dir='ltr' id='par_1_89' title="bbox 2073 4223 3673 4300">
     <span class='ocr_line' id='line_1_89' title="bbox 2073 4223 3673 4300; baseline -0.001 -21"><span class='ocrx_word' id='word_1_640' title='bbox 2073 4226 2369 4299; x_wconf 82' lang='grc' dir='ltr'>προφητῶν</span> <span class='ocrx_word' id='word_1_641' title='bbox 2403 4226 2708 4300; x_wconf 83' lang='grc' dir='ltr'>μαρτυρίας</span> <span class='ocrx_word' id='word_1_642' title='bbox 2751 4226 2811 4281; x_wconf 80' lang='grc' dir='ltr'>οὐ</span> <span class='ocrx_word' id='word_1_643' title='bbox 2858 4224 3268 4297; x_wconf 80' lang='grc' dir='ltr'>προσδέχονται,</span> <span class='ocrx_word' id='word_1_644' title='bbox 3291 4223 3478 4287; x_wconf 84' lang='grc' dir='ltr'>καθὼς</span> <span class='ocrx_word' id='word_1_645' title='bbox 3506 4223 3673 4277; x_wconf 81' lang='grc' dir='ltr'>ὓστε-</span> 
     </span>
    </p>
   </div>
   <div class='ocr_carea' id='block_1_90' title="bbox 2075 4317 3672 4393">
    <p class='ocr_par' dir='ltr' id='par_1_90' title="bbox 2075 4317 3672 4393">
     <span class='ocr_line' id='line_1_90' title="bbox 2075 4317 3672 4393; baseline -0.003 -19"><span class='ocrx_word' id='word_1_646' title='bbox 2075 4337 2166 4393; x_wconf 91' lang='grc' dir='ltr'>ρον</span> <span class='ocrx_word' id='word_1_647' title='bbox 2202 4318 2592 4393; x_wconf 81' lang='grc' dir='ltr'>ἀκριϐἐστερον</span> <span class='ocrx_word' id='word_1_648' title='bbox 2650 4317 3055 4390; x_wconf 80' lang='grc' dir='ltr'>δηλωθήσεται·</span> <span class='ocrx_word' id='word_1_649' title='bbox 3123 4317 3394 4386; x_wconf 85' lang='grc' dir='ltr'>φάσκουσι</span> <span class='ocrx_word' id='word_1_650' title='bbox 3436 4318 3496 4371; x_wconf 73' lang='grc' dir='ltr'>δὲ</span> <span class='ocrx_word' id='word_1_651' title='bbox 3554 4318 3672 4381; x_wconf 80' lang='grc' dir='ltr'>τοῖς</span> 
     </span>
    </p>
   </div>
   <div class='ocr_carea' id='block_1_91' title="bbox 2071 4392 3669 4484">
    <p class='ocr_par' dir='ltr' id='par_1_91' title="bbox 2071 4392 3669 4484">
     <span class='ocr_line' id='line_1_91' title="bbox 2071 4392 3669 4484; baseline -0.003 -15"><span class='ocrx_word' id='word_1_652' title='bbox 2071 4412 2166 4469; x_wconf 82' lang='grc' dir='ltr'>τοῦ</span> <span class='ocrx_word' id='word_1_653' title='bbox 2197 4392 2719 4484; x_wconf 70' lang='grc' dir='ltr'>ἀγίουΈύαγγελίου</span> <span class='ocrx_word' id='word_1_654' title='bbox 2755 4414 2849 4466; x_wconf 62' lang='grc' dir='ltr'>καὶ</span> <span class='ocrx_word' id='word_1_655' title='bbox 2879 4412 2972 4466; x_wconf 79' lang='grc' dir='ltr'><strong>τοῦ</strong></span> <span class='ocrx_word' id='word_1_656' title='bbox 3002 4411 3328 4466; x_wconf 76' lang='grc' dir='ltr'>Ἀποστόλου</span> <span class='ocrx_word' id='word_1_657' title='bbox 3357 4411 3544 4482; x_wconf 84' lang='grc' dir='ltr'>λόγοις</span> <span class='ocrx_word' id='word_1_658' title='bbox 3574 4411 3669 4478; x_wconf 76' lang='grc' dir='ltr'><strong>ἐξ-</strong></span> 
     </span>
    </p>
   </div>
   <div class='ocr_carea' id='block_1_92' title="bbox 2074 4503 3675 4580">
    <p class='ocr_par' dir='ltr' id='par_1_92' title="bbox 2074 4503 3675 4580">
     <span class='ocr_line' id='line_1_92' title="bbox 2074 4503 3675 4580; baseline -0.003 -17"><span class='ocrx_word' id='word_1_659' title='bbox 2074 4508 2392 4564; x_wconf 86' lang='grc' dir='ltr'>ακολουθεῖν</span> <span class='ocrx_word' id='word_1_660' title='bbox 2411 4549 2425 4571; x_wconf 92' lang='grc'>,</span> <span class='ocrx_word' id='word_1_661' title='bbox 2461 4507 2696 4580; x_wconf 78' lang='grc' dir='ltr'>δολερῶς</span> <span class='ocrx_word' id='word_1_662' title='bbox 2728 4509 2820 4561; x_wconf 43' lang='grc' dir='ltr'><strong>καί⁸</strong></span> <span class='ocrx_word' id='word_1_663' title='bbox 2856 4505 3105 4568; x_wconf 75' lang='grc' dir='ltr'><strong>ὑπούλως</strong></span> <span class='ocrx_word' id='word_1_664' title='bbox 3141 4504 3219 4574; x_wconf 80' lang='grc' dir='ltr'><strong>τῷ</strong></span> <span class='ocrx_word' id='word_1_665' title='bbox 3248 4505 3427 4577; x_wconf 80' lang='grc' dir='ltr'>κωδίῳ</span> <span class='ocrx_word' id='word_1_666' title='bbox 3455 4505 3546 4559; x_wconf 70' lang='grc' dir='ltr'><strong>τὸν</strong></span> <span class='ocrx_word' id='word_1_667' title='bbox 3572 4503 3675 4558; x_wconf 78' lang='grc' dir='ltr'><strong>λύ-</strong></span> 
     </span>
    </p>
   </div>
   <div class='ocr_carea' id='block_1_93' title="bbox 371 4573 1950 4671">
    <p class='ocr_par' dir='ltr' id='par_1_93' title="bbox 371 4573 1950 4664">
     <span class='ocr_line' id='line_1_93' title="bbox 371 4573 1950 4664; baseline 0.012 -34"><span class='ocrx_word' id='word_1_668' title='bbox 371 4573 549 4631; x_wconf 82' lang='lat' dir='ltr'><strong>vellns</strong></span> <span class='ocrx_word' id='word_1_669' title='bbox 593 4575 723 4647; x_wconf 92' lang='lat' dir='ltr'><strong>lupo</strong></span> <span class='ocrx_word' id='word_1_670' title='bbox 765 4577 1210 4652; x_wconf 87' lang='lat' dir='ltr'><strong>circumponunt.</strong></span> <span class='ocrx_word' id='word_1_671' title='bbox 1254 4582 1418 4656; x_wconf 85' lang='lat' dir='ltr'><strong>Atqui</strong></span> <span class='ocrx_word' id='word_1_672' title='bbox 1462 4594 1578 4642; x_wconf 90' lang='lat' dir='ltr'><strong>tum</strong></span> <span class='ocrx_word' id='word_1_673' title='bbox 1622 4594 1950 4664; x_wconf 80' lang='lat' dir='ltr'><strong>evangelicu:</strong></span> 
     </span>
    </p>
   </div>
   <div class='ocr_carea' id='block_1_94' title="bbox 2056 4573 3675 4671">
    <p class='ocr_par' dir='ltr' id='par_1_94' title="bbox 2073 4597 3675 4671">
     <span class='ocr_line' id='line_1_94' title="bbox 2073 4597 3675 4671; baseline -0.002 -17"><span class='ocrx_word' id='word_1_674' title='bbox 2073 4618 2170 4655; x_wconf 87' lang='grc' dir='ltr'>κον</span> <span class='ocrx_word' id='word_1_675' title='bbox 2220 4599 2728 4671; x_wconf 73' lang='grc' dir='ltr'>περικαλύπτοντες</span> <span class='ocrx_word' id='word_1_676' title='bbox 2774 4600 2821 4651; x_wconf 80' lang='grc' dir='ltr'>οἱ</span> <span class='ocrx_word' id='word_1_677' title='bbox 2866 4598 3251 4669; x_wconf 75' lang='grc' dir='ltr'>ἀνοητότατοι·</span> <span class='ocrx_word' id='word_1_678' title='bbox 3293 4597 3389 4650; x_wconf 85' lang='grc' dir='ltr'>καί</span> <span class='ocrx_word' id='word_1_679' title='bbox 3425 4614 3511 4650; x_wconf 90' lang='grc' dir='ltr'>τοι</span> <span class='ocrx_word' id='word_1_680' title='bbox 3568 4598 3675 4667; x_wconf 77' lang='grc' dir='ltr'>τῆς</span> 
     </span>
    </p>
   </div>
   <div class='ocr_carea' id='block_1_95' title="bbox 372 4666 1950 4763">
    <p class='ocr_par' dir='ltr' id='par_1_95' title="bbox 372 4666 1945 4748">
     <span class='ocr_line' id='line_1_95' title="bbox 372 4666 1945 4748; baseline 0.011 -24"><span class='ocrx_word' id='word_1_681' title='bbox 372 4666 595 4724; x_wconf 86' lang='lat' dir='ltr'><strong>divinus</strong></span> <span class='ocrx_word' id='word_1_682' title='bbox 638 4668 796 4733; x_wconf 83' lang='lat' dir='ltr'><strong>liber.</strong></span> <span class='ocrx_word' id='word_1_683' title='bbox 836 4680 953 4727; x_wconf 89' lang='lat' dir='ltr'><strong>tum</strong></span> <span class='ocrx_word' id='word_1_684' title='bbox 1002 4674 1167 4730; x_wconf 87' lang='lat' dir='ltr'><strong>etiam</strong></span> <span class='ocrx_word' id='word_1_685' title='bbox 1221 4679 1575 4748; x_wconf 87' lang='lat' dir='ltr'><strong>apostolicus,</strong></span> <span class='ocrx_word' id='word_1_686' title='bbox 1624 4687 1945 4743; x_wconf 88' lang='lat' dir='ltr'><strong>continente</strong></span> 
     </span>
    </p>
   </div>
   <div class='ocr_carea' id='block_1_96' title="bbox 2056 4666 3677 4763">
    <p class='ocr_par' dir='ltr' id='par_1_96' title="bbox 2073 4666 3677 4763">
     <span class='ocr_line' id='line_1_96' title="bbox 2073 4666 3677 4763; baseline -0.001 -17"><span class='ocrx_word' id='word_1_687' title='bbox 2073 4666 2439 4763; x_wconf 72' lang='grc' dir='ltr'>εὐαγγελικῆς</span> <span class='ocrx_word' id='word_1_688' title='bbox 2488 4691 2583 4746; x_wconf 78' lang='grc' dir='ltr'>καὶ</span> <span class='ocrx_word' id='word_1_689' title='bbox 2626 4691 2777 4755; x_wconf 88' lang='grc' dir='ltr'>θείας</span> <span class='ocrx_word' id='word_1_690' title='bbox 2817 4666 3136 4759; x_wconf 72' lang='grc' dir='ltr'>πτυκτῆςτ,</span> <span class='ocrx_word' id='word_1_691' title='bbox 3176 4689 3238 4743; x_wconf 85' lang='grc' dir='ltr'>οὐ</span> <span class='ocrx_word' id='word_1_692' title='bbox 3271 4689 3379 4759; x_wconf 77' lang='grc' dir='ltr'><strong>μὴν</strong></span> <span class='ocrx_word' id='word_1_693' title='bbox 3407 4689 3547 4743; x_wconf 74' lang='grc' dir='ltr'>ἀλλὰ</span> <span class='ocrx_word' id='word_1_694' title='bbox 3575 4666 3677 4744; x_wconf 78' lang='grc' dir='ltr'><strong>καὶ</strong></span> 
     </span>
    </p>
   </div>
   <div class='ocr_carea' id='block_1_97' title="bbox 376 4754 1950 4857">
    <p class='ocr_par' dir='ltr' id='par_1_97' title="bbox 376 4754 1950 4857">
     <span class='ocr_line' id='line_1_97' title="bbox 376 4754 1950 4857; baseline 0.013 -47"><span class='ocrx_word' id='word_1_695' title='bbox 376 4754 618 4857; x_wconf 57' lang='lat' dir='ltr'><strong>reeitant</strong></span> <span class='ocrx_word' id='word_1_696' title='bbox 683 4759 997 4817; x_wconf 85' lang='lat' dir='ltr'><strong>testimonia</strong></span> <span class='ocrx_word' id='word_1_697' title='bbox 1051 4766 1479 4836; x_wconf 88' lang='lat' dir='ltr'><strong>prophetarum,</strong></span> <span class='ocrx_word' id='word_1_698' title='bbox 1541 4787 1747 4845; x_wconf 90' lang='lat' dir='ltr'><strong>eosque</strong></span> <span class='ocrx_word' id='word_1_699' title='bbox 1807 4786 1950 4836; x_wconf 86' lang='lat' dir='ltr'><strong>teste</strong></span> 
     </span>
    </p>
   </div>
   <div class='ocr_carea' id='block_1_98' title="bbox 2056 4754 3670 4857">
    <p class='ocr_par' dir='ltr' id='par_1_98' title="bbox 2074 4754 3670 4857">
     <span class='ocr_line' id='line_1_98' title="bbox 2074 4754 3670 4857; baseline -0.001 -19"><span class='ocrx_word' id='word_1_700' title='bbox 2074 4754 2579 4857; x_wconf 32' lang='lat' dir='ltr'><strong>&#39;tﬁcvdtroctoltxﬁ;</strong></span> <span class='ocrx_word' id='word_1_701' title='bbox 2602 4826 2617 4852; x_wconf 93' lang='lat'><strong>,</strong></span> <span class='ocrx_word' id='word_1_702' title='bbox 2653 4782 2963 4853; x_wconf 82' lang='grc' dir='ltr'><strong>ὲπισυχνῶς</strong></span> <span class='ocrx_word' id='word_1_703' title='bbox 2986 4754 3029 4823; x_wconf 29' lang='lat' dir='ltr'><strong>ei</strong></span> <span class='ocrx_word' id='word_1_704' title='bbox 3046 4754 3473 4854; x_wconf 78' lang='grc' dir='ltr'>προσφερόντων</span> <span class='ocrx_word' id='word_1_705' title='bbox 3503 4780 3670 4854; x_wconf 75' lang='grc' dir='ltr'><strong>[σόιΙ.</strong></span> 
     </span>
    </p>
   </div>
   <div class='ocr_carea' id='block_1_99' title="bbox 375 4844 1950 4952">
    <p class='ocr_par' dir='ltr' id='par_1_99' title="bbox 375 4844 1950 4929">
     <span class='ocr_line' id='line_1_99' title="bbox 375 4844 1950 4929; baseline 0.017 -29"><span class='ocrx_word' id='word_1_706' title='bbox 375 4844 485 4904; x_wconf 82' lang='lat' dir='ltr'><strong>fide</strong></span> <span class='ocrx_word' id='word_1_707' title='bbox 514 4847 709 4921; x_wconf 82' lang='lat' dir='ltr'><strong>dignos</strong></span> <span class='ocrx_word' id='word_1_708' title='bbox 748 4851 1153 4924; x_wconf 88' lang='lat' dir='ltr'><strong>demonstrant,</strong></span> <span class='ocrx_word' id='word_1_709' title='bbox 1180 4858 1271 4929; x_wconf 92' lang='lat' dir='ltr'><strong>qui</strong></span> <span class='ocrx_word' id='word_1_710' title='bbox 1316 4862 1501 4919; x_wconf 85' lang='lat' dir='ltr'><strong>omnia</strong></span> <span class='ocrx_word' id='word_1_711' title='bbox 1530 4844 1950 4929; x_wconf 18' lang='lat' dir='ltr'><strong>sineimendacic</strong></span> 
     </span>
    </p>
   </div>
   <div class='ocr_carea' id='block_1_100' title="bbox 2056 4844 3676 4952">
    <p class='ocr_par' dir='ltr' id='par_1_100' title="bbox 2076 4873 3676 4952">
     <span class='ocr_line' id='line_1_100' title="bbox 2076 4873 3676 4952; baseline -0.002 -21"><span class='ocrx_word' id='word_1_712' title='bbox 2076 4876 2118 4932; x_wconf 87' lang='lat' dir='ltr'><strong>f.</strong></span> <span class='ocrx_word' id='word_1_713' title='bbox 2148 4877 2216 4933; x_wconf 69' lang='lat'><strong>84</strong></span> <span class='ocrx_word' id='word_1_714' title='bbox 2244 4876 2302 4952; x_wconf 83' lang='lat' dir='ltr'><strong>b]</strong></span> <span class='ocrx_word' id='word_1_715' title='bbox 2335 4876 2433 4942; x_wconf 76' lang='grc' dir='ltr'>τὰς</span> <span class='ocrx_word' id='word_1_716' title='bbox 2464 4877 2572 4931; x_wconf 84' lang='grc' dir='ltr'>τῶν</span> <span class='ocrx_word' id='word_1_717' title='bbox 2614 4876 2913 4948; x_wconf 77' lang='grc' dir='ltr'>προφητῶν</span> <span class='ocrx_word' id='word_1_718' title='bbox 2945 4874 3276 4948; x_wconf 79' lang='grc' dir='ltr'>μαρτυρίας,</span> <span class='ocrx_word' id='word_1_719' title='bbox 3306 4874 3401 4927; x_wconf 84' lang='grc' dir='ltr'><strong>καὶ</strong></span> <span class='ocrx_word' id='word_1_720' title='bbox 3426 4873 3676 4928; x_wconf 73' lang='grc' dir='ltr'>δεικνύν-</span> 
     </span>
    </p>
   </div>
   <div class='ocr_carea' id='block_1_101' title="bbox 384 5003 1950 5113">
    <p class='ocr_par' dir='ltr' id='par_1_101' title="bbox 384 5003 1888 5113">
     <span class='ocr_line' id='line_1_101' title="bbox 384 5003 1888 5113; baseline 0.02 -56"><span class='ocrx_word' id='word_1_721' title='bbox 384 5099 397 5113; x_wconf 37' lang='grc'><strong>⁸</strong></span> <span class='ocrx_word' id='word_1_722' title='bbox 448 5004 471 5039; x_wconf 92' lang='lat'><strong>&#39;</strong></span> <span class='ocrx_word' id='word_1_723' title='bbox 502 5003 703 5065; x_wconf 83' lang='lat' dir='ltr'><strong>Ezech.</strong></span> <span class='ocrx_word' id='word_1_724' title='bbox 730 5025 873 5080; x_wconf 79' lang='lat' dir='ltr'><strong>xuv,</strong></span> <span class='ocrx_word' id='word_1_725' title='bbox 899 5012 957 5070; x_wconf 78' lang='lat'><strong>2.</strong></span> <span class='ocrx_word' id='word_1_726' title='bbox 1030 5015 1053 5049; x_wconf 81' lang='grc'>⁸</span> <span class='ocrx_word' id='word_1_727' title='bbox 1076 5015 1287 5075; x_wconf 89' lang='lat' dir='ltr'><strong>Cantic.</strong></span> <span class='ocrx_word' id='word_1_728' title='bbox 1326 5036 1400 5086; x_wconf 85' lang='lat' dir='ltr'><strong>IV,</strong></span> <span class='ocrx_word' id='word_1_729' title='bbox 1428 5021 1516 5076; x_wconf 75' lang='grc'><strong>12.</strong></span> <span class='ocrx_word' id='word_1_730' title='bbox 1591 5024 1697 5082; x_wconf 90' lang='lat' dir='ltr'><strong>lsa.</strong></span> <span class='ocrx_word' id='word_1_731' title='bbox 1731 5044 1808 5097; x_wconf 77' lang='lat' dir='ltr'><strong>xl,</strong></span> <span class='ocrx_word' id='word_1_732' title='bbox 1834 5029 1888 5090; x_wconf 81' lang='grc'><strong>1.</strong></span> 
     </span>
    </p>
   </div>
   <div class='ocr_carea' id='block_1_102' title="bbox 2056 5003 2394 5113">
    <p class='ocr_par' dir='ltr' id='par_1_102' title="bbox 2056 5035 2394 5105">
     <span class='ocr_line' id='line_1_102' title="bbox 2056 5035 2394 5105; baseline 0.009 -17"><span class='ocrx_word' id='word_1_733' title='bbox 2056 5035 2146 5090; x_wconf 79' lang='lat' dir='ltr'><strong>lsa.</strong></span> <span class='ocrx_word' id='word_1_734' title='bbox 2177 5051 2273 5105; x_wconf 80' lang='lat' dir='ltr'><strong>vn,</strong></span> <span class='ocrx_word' id='word_1_735' title='bbox 2305 5036 2394 5093; x_wconf 70' lang='grc'><strong>14.</strong></span> 
     </span>
    </p>
   </div>
   <div class='ocr_carea' id='block_1_103' title="bbox 1635 5166 2340 5247">
    <p class='ocr_par' dir='ltr' id='par_1_103' title="bbox 1635 5166 2340 5247">
     <span class='ocr_line' id='line_1_103' title="bbox 1635 5166 2340 5247; baseline 0.01 -23"><span class='ocrx_word' id='word_1_736' title='bbox 1635 5166 1874 5229; x_wconf 61' lang='lat' dir='ltr'><strong>vanus</strong></span> <span class='ocrx_word' id='word_1_737' title='bbox 1902 5170 2340 5247; x_wconf 66' lang='lat' dir='ltr'><strong>LECTIONES.)</strong></span> 
     </span>
    </p>
   </div>
   <div class='ocr_carea' id='block_1_104' title="bbox 462 5276 1886 5372">
    <p class='ocr_par' dir='ltr' id='par_1_104' title="bbox 462 5276 1886 5372">
     <span class='ocr_line' id='line_1_104' title="bbox 462 5276 1886 5372; baseline 0.015 -34"><span class='ocrx_word' id='word_1_738' title='bbox 608 5283 1112 5372; x_wconf 65' lang='lat' dir='ltr'><strong>sine_diplttliongo.</strong></span> <span class='ocrx_word' id='word_1_739' title='bbox 1225 5308 1264 5331; x_wconf 72' lang='lat'><strong>&quot;</strong></span> <span class='ocrx_word' id='word_1_740' title='bbox 1302 5300 1365 5356; x_wconf 72' lang='grc' dir='ltr'><strong>Β.</strong></span> <span class='ocrx_word' id='word_1_741' title='bbox 1402 5305 1542 5371; x_wconf 78' lang='grc' dir='ltr'>ταῖς.</span> <span class='ocrx_word' id='word_1_742' title='bbox 1663 5320 1692 5348; x_wconf 71' lang='grc' dir='ltr'>ει</span> <span class='ocrx_word' id='word_1_743' title='bbox 1717 5311 1784 5368; x_wconf 82' lang='lat' dir='ltr'><strong>R.</strong></span> <span class='ocrx_word' id='word_1_744' title='bbox 1807 5314 1886 5372; x_wconf 80' lang='grc' dir='ltr'><strong>δέ,</strong></span> 
     </span>
    </p>
   </div>
   <div class='ocr_carea' id='block_1_105' title="bbox 381 5350 1984 5443">
    <p class='ocr_par' dir='ltr' id='par_1_105' title="bbox 381 5350 1984 5443">
     <span class='ocr_line' id='line_1_105' title="bbox 381 5350 1984 5443; baseline 0.024 -41"><span class='ocrx_word' id='word_1_745' title='bbox 381 5350 582 5443; x_wconf 46' lang='grc' dir='ltr'>εκθοθνῖ</span> <span class='ocrx_word' id='word_1_746' title='bbox 643 5368 684 5443; x_wconf 45' lang='grc'><strong>,³</strong></span> <span class='ocrx_word' id='word_1_747' title='bbox 722 5350 865 5443; x_wconf 48' lang='lat' dir='ltr'><strong>Exin</strong></span> <span class='ocrx_word' id='word_1_748' title='bbox 899 5350 1384 5443; x_wconf 33' lang='lat' dir='ltr'><strong>nove‘iu&#39;vocabt-Iln</strong></span> <span class='ocrx_word' id='word_1_749' title='bbox 1408 5350 1784 5439; x_wconf 47' lang='lat' dir='ltr'><strong>prietermittli‘t.</strong></span> <span class='ocrx_word' id='word_1_750' title='bbox 1805 5350 1984 5443; x_wconf 44' lang='lat' dir='ltr'><strong>{adcr</strong></span> 
     </span>
    </p>
   </div>
   <div class='ocr_carea' id='block_1_106' title="bbox 384 5421 1803 5522">
    <p class='ocr_par' dir='ltr' id='par_1_106' title="bbox 384 5421 1803 5522">
     <span class='ocr_line' id='line_1_106' title="bbox 384 5421 1803 5522; baseline 0.025 -48"><span class='ocrx_word' id='word_1_751' title='bbox 384 5429 412 5459; x_wconf 72' lang='grc' dir='ltr'><strong>ν</strong></span> <span class='ocrx_word' id='word_1_752' title='bbox 442 5421 517 5477; x_wconf 88' lang='lat' dir='ltr'><strong>Ita</strong></span> <span class='ocrx_word' id='word_1_753' title='bbox 555 5428 679 5483; x_wconf 85' lang='lat' dir='ltr'><strong>cod.</strong></span> <span class='ocrx_word' id='word_1_754' title='bbox 720 5430 954 5493; x_wconf 82' lang='lat' dir='ltr'><strong>fortasse</strong></span> <span class='ocrx_word' id='word_1_755' title='bbox 998 5454 1097 5509; x_wconf 88' lang='lat' dir='ltr'><strong>pro</strong></span> <span class='ocrx_word' id='word_1_756' title='bbox 1136 5421 1803 5522; x_wconf 64' lang='grc' dir='ltr'><strong>δέέ.””’ὲ“ή’.’</strong></span> 
     </span>
    </p>
   </div>
   <div class='ocr_carea' id='block_1_107' title="bbox 1995 5315 2334 5387">
    <p class='ocr_par' dir='ltr' id='par_1_107' title="bbox 1995 5315 2334 5387">
     <span class='ocr_line' id='line_1_107' title="bbox 1995 5315 2334 5387; baseline 0.009 -16"><span class='ocrx_word' id='word_1_757' title='bbox 1995 5325 2019 5353; x_wconf 86' lang='grc' dir='ltr'>ο</span> <span class='ocrx_word' id='word_1_758' title='bbox 2045 5315 2111 5372; x_wconf 82' lang='lat' dir='ltr'><strong>R.</strong></span> <span class='ocrx_word' id='word_1_759' title='bbox 2142 5318 2334 5387; x_wconf 82' lang='grc' dir='ltr'><strong>ὲμφισ.</strong></span> 
     </span>
    </p>
   </div>
   <div class='ocr_carea' id='block_1_108' title="bbox 1990 5387 3231 5461">
    <p class='ocr_par' dir='ltr' id='par_1_108' title="bbox 1990 5387 3231 5461">
     <span class='ocr_line' id='line_1_108' title="bbox 1990 5387 3231 5461; baseline 0.002 -20"><span class='ocrx_word' id='word_1_760' title='bbox 1990 5404 2075 5443; x_wconf 86' lang='lat' dir='ltr'><strong>us.</strong></span> <span class='ocrx_word' id='word_1_761' title='bbox 2102 5459 2109 5461; x_wconf 80' lang='lat'><strong><em>_</em></strong></span> <span class='ocrx_word' id='word_1_762' title='bbox 2162 5390 2175 5425; x_wconf 88' lang='grc'>¹</span> <span class='ocrx_word' id='word_1_763' title='bbox 2204 5388 2248 5441; x_wconf 70' lang='lat' dir='ltr'><strong>lt</strong></span> <span class='ocrx_word' id='word_1_764' title='bbox 2271 5387 2410 5461; x_wconf 74' lang='lat' dir='ltr'><strong>Cod.</strong></span> <span class='ocrx_word' id='word_1_765' title='bbox 2438 5390 2700 5461; x_wconf 74' lang='lat' dir='ltr'><strong>mendose</strong></span> <span class='ocrx_word' id='word_1_766' title='bbox 2734 5389 2893 5458; x_wconf 81' lang='grc' dir='ltr'>μόνος</span> <span class='ocrx_word' id='word_1_767' title='bbox 2917 5406 3017 5461; x_wconf 88' lang='lat' dir='ltr'><strong>pro</strong></span> <span class='ocrx_word' id='word_1_768' title='bbox 3047 5392 3231 5461; x_wconf 74' lang='grc' dir='ltr'>νόμος.</span> 
     </span>
    </p>
   </div>
   <div class='ocr_carea' id='block_1_109' title="bbox 1909 5458 2332 5516">
    <p class='ocr_par' dir='ltr' id='par_1_109' title="bbox 1909 5458 2332 5516">
     <span class='ocr_line' id='line_1_109' title="bbox 1909 5458 2332 5516; baseline 0.019 -9"><span class='ocrx_word' id='word_1_769' title='bbox 1909 5467 1938 5507; x_wconf 69' lang='grc' dir='ltr'><strong><em>γ</em></strong></span> <span class='ocrx_word' id='word_1_770' title='bbox 1963 5459 2027 5512; x_wconf 71' lang='grc' dir='ltr'>ιι.</span> <span class='ocrx_word' id='word_1_771' title='bbox 2067 5459 2188 5516; x_wconf 90' lang='lat' dir='ltr'><strong>sine</strong></span> <span class='ocrx_word' id='word_1_772' title='bbox 2216 5458 2332 5515; x_wconf 85' lang='grc' dir='ltr'>καί.</span> 
     </span>
    </p>
   </div>
   <div class='ocr_carea' id='block_1_110' title="bbox 2442 5315 3677 5444">
    <p class='ocr_par' dir='ltr' id='par_1_110' title="bbox 2442 5315 3677 5444">
     <span class='ocr_line' id='line_1_110' title="bbox 2442 5315 3677 5387; baseline 0.001 -18"><span class='ocrx_word' id='word_1_773' title='bbox 2442 5329 2469 5369; x_wconf 77' lang='grc' dir='ltr'>ι)</span> <span class='ocrx_word' id='word_1_774' title='bbox 2502 5317 2566 5373; x_wconf 80' lang='lat' dir='ltr'><strong>ll.</strong></span> <span class='ocrx_word' id='word_1_775' title='bbox 2592 5316 2773 5382; x_wconf 75' lang='grc' dir='ltr'>αθτος.</span> <span class='ocrx_word' id='word_1_776' title='bbox 2892 5329 2920 5370; x_wconf 77' lang='grc' dir='ltr'>(ι</span> <span class='ocrx_word' id='word_1_777' title='bbox 2954 5317 3023 5375; x_wconf 77' lang='grc' dir='ltr'>ιι.</span> <span class='ocrx_word' id='word_1_778' title='bbox 3052 5318 3327 5387; x_wconf 78' lang='grc' dir='ltr'>φίλαντος.</span> <span class='ocrx_word' id='word_1_779' title='bbox 3436 5328 3463 5358; x_wconf 71' lang='grc' dir='ltr'><strong><em>τ</em></strong></span> <span class='ocrx_word' id='word_1_780' title='bbox 3490 5317 3554 5372; x_wconf 77' lang='grc' dir='ltr'><strong>[ι.</strong></span> <span class='ocrx_word' id='word_1_781' title='bbox 3594 5315 3677 5370; x_wconf 81' lang='grc' dir='ltr'><strong>δι-</strong></span> 
     </span>
     <span class='ocr_line' id='line_1_111' title="bbox 2442 5387 3671 5444; baseline -0.002 0"><span class='ocrx_word' id='word_1_782' title='bbox 2442 5390 2700 5444; x_wconf 87' lang='lat' dir='ltr'><strong>mendose</strong></span> <span class='ocrx_word' id='word_1_783' title='bbox 2734 5389 2893 5444; x_wconf 76' lang='grc' dir='ltr'>μόνος</span> <span class='ocrx_word' id='word_1_784' title='bbox 2919 5406 3017 5444; x_wconf 87' lang='lat' dir='ltr'><strong>oro</strong></span> <span class='ocrx_word' id='word_1_785' title='bbox 3047 5392 3231 5444; x_wconf 69' lang='grc' dir='ltr'>νόμος.</span> <span class='ocrx_word' id='word_1_786' title='bbox 3310 5394 3338 5422; x_wconf 80' lang='grc'><strong>¹³</strong></span> <span class='ocrx_word' id='word_1_787' title='bbox 3377 5388 3446 5444; x_wconf 83' lang='lat' dir='ltr'><strong>R.</strong></span> <span class='ocrx_word' id='word_1_788' title='bbox 3482 5387 3671 5444; x_wconf 69' lang='grc' dir='ltr'><strong>ἀπῆς.</strong></span> 
     </span>
    </p>
   </div>
   <div class='ocr_carea' id='block_1_111' title="bbox 3431 5404 3671 5457">
    <p class='ocr_par' dir='ltr' id='par_1_111' title="bbox 3431 5404 3671 5457">
     <span class='ocr_line' id='line_1_112' title="bbox 3431 5404 3671 5457; baseline -0.008 -14"><span class='ocrx_word' id='word_1_789' title='bbox 3431 5430 3446 5443; x_wconf 91' lang='grc'><strong>.</strong></span> <span class='ocrx_word' id='word_1_790' title='bbox 3482 5404 3671 5457; x_wconf 71' lang='grc' dir='ltr'>αντης.</span> 
     </span>
    </p>
   </div>
   <div class='ocr_carea' id='block_1_112' title="bbox 2445 5459 3435 5533">
    <p class='ocr_par' dir='ltr' id='par_1_112' title="bbox 2445 5459 3435 5533">
     <span class='ocr_line' id='line_1_113' title="bbox 2445 5459 3435 5533; baseline 0.002 -20"><span class='ocrx_word' id='word_1_791' title='bbox 2445 5469 2468 5498; x_wconf 79' lang='grc' dir='ltr'><strong>ι</strong></span> <span class='ocrx_word' id='word_1_792' title='bbox 2496 5459 2562 5513; x_wconf 78' lang='lat' dir='ltr'><strong>R.</strong></span> <span class='ocrx_word' id='word_1_793' title='bbox 2599 5463 2835 5531; x_wconf 65' lang='grc' dir='ltr'>πυκτξς.</span> <span class='ocrx_word' id='word_1_794' title='bbox 2919 5459 2967 5502; x_wconf 45' lang='grc' dir='ltr'>λι</span> <span class='ocrx_word' id='word_1_795' title='bbox 2998 5459 3131 5518; x_wconf 71' lang='lat' dir='ltr'><strong>Cod.</strong></span> <span class='ocrx_word' id='word_1_796' title='bbox 3156 5461 3435 5533; x_wconf 69' lang='grc' dir='ltr'><strong>ἑπισυχνό·</strong></span> 
     </span>
    </p>
   </div>
   <div class='ocr_carea' id='block_1_113' title="bbox 1911 5587 2142 5647">
    <p class='ocr_par' dir='ltr' id='par_1_113' title="bbox 1911 5587 2142 5647">
     <span class='ocr_line' id='line_1_114' title="bbox 1911 5587 2142 5647; baseline 0.004 -3"><span class='ocrx_word' id='word_1_797' title='bbox 1911 5587 2142 5647; x_wconf 63' lang='lat' dir='ltr'><strong>NOTAE.</strong></span> 
     </span>
    </p>
   </div>
   <div class='ocr_carea' id='block_1_114' title="bbox 395 5696 1976 5825">
    <p class='ocr_par' dir='ltr' id='par_1_114' title="bbox 395 5696 1976 5825">
     <span class='ocr_line' id='line_1_115' title="bbox 395 5696 1976 5825; baseline -0.004 -53"><span class='ocrx_word' id='word_1_798' title='bbox 395 5696 543 5825; x_wconf 49' lang='lat' dir='ltr'><strong>tusi?)</strong></span> <span class='ocrx_word' id='word_1_799' title='bbox 589 5697 733 5755; x_wconf 75' lang='lat' dir='ltr'><strong>Psal.</strong></span> <span class='ocrx_word' id='word_1_800' title='bbox 794 5699 983 5772; x_wconf 78' lang='lat' dir='ltr'><strong>XLIV,</strong></span> <span class='ocrx_word' id='word_1_801' title='bbox 1046 5704 1157 5766; x_wconf 72' lang='grc' dir='ltr'><strong>ιιι</strong></span> <span class='ocrx_word' id='word_1_802' title='bbox 1193 5709 1376 5768; x_wconf 72' lang='lat' dir='ltr'><strong>Gloria</strong></span> <span class='ocrx_word' id='word_1_803' title='bbox 1430 5714 1558 5785; x_wconf 70' lang='lat' dir='ltr'><strong>ﬁlia:</strong></span> <span class='ocrx_word' id='word_1_804' title='bbox 1603 5719 1742 5791; x_wconf 81' lang='lat' dir='ltr'><strong>regis</strong></span> <span class='ocrx_word' id='word_1_805' title='bbox 1786 5723 1849 5778; x_wconf 87' lang='lat' dir='ltr'><strong>ab</strong></span> <span class='ocrx_word' id='word_1_806' title='bbox 1889 5724 1976 5779; x_wconf 72' lang='lat' dir='ltr'><strong>in.</strong></span> 
     </span>
    </p>
   </div>
   <div class='ocr_carea' id='block_1_115' title="bbox 2162 5725 3679 5854">
    <p class='ocr_par' dir='ltr' id='par_1_115' title="bbox 2162 5725 3679 5854">
     <span class='ocr_line' id='line_1_116' title="bbox 2162 5725 3679 5854; baseline 0.009 -73"><span class='ocrx_word' id='word_1_807' title='bbox 2162 5725 2273 5854; x_wconf 58' lang='lat' dir='ltr'><strong>(it?</strong></span> <span class='ocrx_word' id='word_1_808' title='bbox 2308 5726 2428 5810; x_wconf 77' lang='lat' dir='ltr'><strong>Gal.</strong></span> <span class='ocrx_word' id='word_1_809' title='bbox 2468 5726 2553 5812; x_wconf 70' lang='lat' dir='ltr'><strong>iV,</strong></span> <span class='ocrx_word' id='word_1_810' title='bbox 2587 5729 2655 5810; x_wconf 41' lang='lat'><strong>4.:</strong></span> <span class='ocrx_word' id='word_1_811' title='bbox 2703 5727 2928 5784; x_wconf 82' lang='lat' dir='ltr'><strong>Factum</strong></span> <span class='ocrx_word' id='word_1_812' title='bbox 2957 5747 3022 5785; x_wconf 75' lang='lat' dir='ltr'><strong>ea:</strong></span> <span class='ocrx_word' id='word_1_813' title='bbox 3065 5730 3301 5813; x_wconf 59' lang='lat' dir='ltr'><strong>muliere,</strong></span> <span class='ocrx_word' id='word_1_814' title='bbox 3346 5734 3543 5804; x_wconf 78' lang='lat' dir='ltr'><strong>factum</strong></span> <span class='ocrx_word' id='word_1_815' title='bbox 3573 5738 3679 5794; x_wconf 59' lang='lat' dir='ltr'><strong>sub</strong></span> 
     </span>
     <span class='ocr_line' id='line_1_117' title="bbox 2162 5798 3166 5854; baseline 0 0"><span class='ocrx_word' id='word_1_816' title='bbox 2162 5814 2217 5854; x_wconf 57' lang='lat' dir='ltr'><strong>te.</strong></span> <span class='ocrx_word' id='word_1_817' title='bbox 2271 5809 2322 5854; x_wconf 84' lang='lat' dir='ltr'><strong>ta</strong></span> <span class='ocrx_word' id='word_1_818' title='bbox 2354 5798 2441 5854; x_wconf 71' lang='lat' dir='ltr'><strong>hic</strong></span> <span class='ocrx_word' id='word_1_819' title='bbox 2466 5800 2710 5854; x_wconf 71' lang='grc' dir='ltr'><strong>ιιιῑριιιαο</strong></span> <span class='ocrx_word' id='word_1_820' title='bbox 2736 5800 3166 5854; x_wconf 61' lang='grc' dir='ltr'><strong>δημιουοῖοικως.</strong></span> 
     </span>
    </p>
   </div>
   <div class='ocr_carea' id='block_1_116' title="bbox 2088 5797 3166 5873">
    <p class='ocr_par' dir='ltr' id='par_1_116' title="bbox 2088 5797 3166 5873">
     <span class='ocr_line' id='line_1_118' title="bbox 2088 5797 3166 5873; baseline 0.008 -22"><span class='ocrx_word' id='word_1_821' title='bbox 2088 5797 2217 5868; x_wconf 77' lang='lat' dir='ltr'><strong>lege.</strong></span> <span class='ocrx_word' id='word_1_822' title='bbox 2247 5797 2322 5855; x_wconf 84' lang='lat' dir='ltr'><strong>Ita</strong></span> <span class='ocrx_word' id='word_1_823' title='bbox 2354 5798 2441 5857; x_wconf 84' lang='lat' dir='ltr'><strong>hic</strong></span> <span class='ocrx_word' id='word_1_824' title='bbox 2466 5799 2710 5872; x_wconf 79' lang='lat' dir='ltr'><strong>intelligo</strong></span> <span class='ocrx_word' id='word_1_825' title='bbox 2736 5800 3166 5873; x_wconf 78' lang='grc' dir='ltr'>δημιουργικῶς.</span> 
     </span>
    </p>
   </div>
  </div>
