3928 6246
235 247 342 314 124

1368 251 1739 313 HISTORIA
1772 251 2391 314 MANlCIL’E’ORUM.

3393 251 3534 320 1250

237 383 348 419 των
373 360 576 429 αὐτοὺς
597 363 673 428 ὡς
693 364 1040 433 ἀξιοπίστους
1065 366 1366 438 μάρτυρας,
1386 367 1562 422 πάντα
1578 365 1806 436 saeuae.

1928 367 2291 430 narraverint,
2346 365 2742 437 veritatemque
2796 373 3086 432 testantes,
3132 364 3198 422 ad
3252 367 3534 437 perspica-

232 457 852 529 προκαταγγείλαντας,
899 460 992 514 καὶ
1025 459 1443 531 μαρτυροῦντας
1475 463 1541 531 τῇ
1571 459 1821 533 ἀληθείᾳ,

232 549 328 604 καὶ
363 547 500 622 πρὸς
528 547 788 615 ὁξυοπίαν
833 552 926 604 καὶ
959 551 1242 622 ἀγχίνοιαν
1272 553 1398 614 τοὺς
1437 552 1712 622 ἀκροατὰς
1740 553 1823 606 δι-

232 643 551 712 εγείροντας
601 643 696 697 τοῦ
750 644 827 714 μὴ
874 644 1208 714 σφάλλεσθαι
1241 644 1340 714 τῆς
1373 643 1630 716 ἀληθείας
1660 647 1826 716 ἐπερ-

231 733 476 804 χομένης
514 731 704 804 ὥσπερ
741 734 1028 805 στοιχείοις
1064 738 1174 788 τισῖ
1217 737 1334 798 ταῖς
1367 735 1546 788 αὐτῶν
1579 736 1827 807 ἀπορρή-

233 841 386 878 σεσιν
432 825 914 896 ἐντετυπωμένους
940 870 954 893 ,
1009 827 1105 880 καὶ
1155 826 1390 899 θεωρίας
1432 829 1688 884 ἐπίϐασιν
1726 831 1825 902 τὴν

231 918 436 989 πρᾶξιν
486 919 878 989 ποιουμένους·
923 918 1040 972 ἀλλ’
1076 920 1103 971 ὁ
1135 920 1234 990 μὲν
1268 924 1396 992 περὶ
1424 923 1521 993 τῆς
1547 924 1826 988 ἀείπαιδος

231 1006 440 1077 κυρίως
477 1006 571 1060 καί
601 1006 818 1078 ἀληθῶς
850 1008 1257 1082 δεδοξασμένης
1283 1010 1551 1065 Θεοτόκου
1583 1014 1678 1066 καὶ
1707 1015 1825 1068 ἀει-

228 1097 505 1168 παρθένου
543 1098 767 1169 Μαρίας
810 1096 1000 1167 λόγος,
1047 1100 1241 1170 μικρὸν
1276 1101 1626 1172 ἀναμεινάτω
1653 1118 1668 1133 ’
1719 1103 1824 1156 κᾶν

227 1191 280 1244 οἱ
349 1191 515 1246 δεινοὶ
567 1192 928 1246 Παυλικιάνοι
983 1194 1404 1268 διαρῤήγνυντο.
1454 1197 1824 1254 Ἐπανακτέον

225 1283 271 1336 δ⁸
305 1284 453 1352 ἡμᾶς
478 1284 599 1339 ὅθεν
634 1286 831 1356 μικρὸν
862 1287 1271 1360 ἀνεκφοιτήτως
1301 1289 1642 1362 ἀπέστημεν.

299 1374 373 1430 Z'.
430 1375 540 1430 Τοῦ
592 1377 830 1448 μεγάλου
865 1380 1046 1432 τοίνυν
1077 1378 1214 1433 Θεοῦ
1249 1381 1344 1434 καὶ
1375 1381 1630 1452 Σωτῆρος
1659 1381 1819 1454 ἡμῶν

224 1463 403 1534 Ἰησοῦ
437 1466 677 1538 Χριστοῦ
732 1470 826 1522 ἐπὶ
867 1471 966 1541 τῆς
999 1471 1102 1541 γῆς
1130 1471 1390 1542 ὀφθέντος
1425 1473 1521 1526 καὶ
1550 1475 1682 1546 ἡμῖν
1709 1479 1822 1541 τοῖς

220 1556 538 1628 ἀνθρώποις
588 1565 1170 1633 συναναστραφέντος,
1213 1565 1362 1618 πᾶσα
1401 1565 1500 1634 μὲν
1549 1568 1612 1619 ἐκ
1641 1567 1822 1623 ποδῶν

219 1647 640 1724 εἱδωλολατρεία
680 1655 922 1724 οἴχεταιο
961 1658 1303 1727 Θεογνωσία
1335 1658 1391 1712 δὲ
1424 1659 1663 1727 ἀληθὴς
1707 1659 1820 1717 πᾶα

1929 460 2069 513 ciam
2094 459 2404 529 mentisque
2425 473 2657 514 acumen
2679 459 2962 515 auditores
2987 475 3119 516 suos
3145 459 3528 524 excitaverint,

1929 553 2225 621 quominus
2276 567 2307 607 a
2355 552 2586 607 veritate
2629 551 2743 623 jam
2795 553 3124 609 adveniente
3183 552 3528 620 aberrarent,

1925 660 2092 716 quam
2135 644 2467 716 quibusdam
2508 645 2676 700 veluti
2728 645 3034 708 elementis,
3072 645 3524 717 praedictionibus

1926 737 2190 793 nimirum
2239 737 2377 801 suis,
2423 740 2856 810 impresserunt;
2895 748 2951 794 et
2987 748 3226 794 ostensa:
3269 739 3350 794 rei
3398 739 3530 794 lun-

1926 829 2242 886 damentum
2290 830 2410 900 ipso
2452 839 2652 884 eventu
2703 831 3154 902 comprobarunt.
3212 829 3320 886 Sed
3373 832 3525 887 enim

1925 922 1994 979 de
2033 930 2297 993 perpetua
2341 922 2546 993 puella,
2588 924 2812 994 preprie
2859 939 3099 993 vereque
3132 923 3368 994 gloriosa
3397 923 3528 978 Dei-

1924 1030 2054 1086 para
2099 1030 2425 1086 semperque
2469 1017 2680 1087 virgine
2730 1015 2916 1081 Maria,
2967 1017 3144 1072 oratio
3186 1015 3527 1086 aliquantum

1924 1107 2247 1174 diﬁ'eratur;
2277 1092 2491 1163 etiamsi
2522 1108 2656 1163 diris
2683 1106 3012 1163 Paulicianis
3041 1109 3131 1163 ilia
3175 1117 3522 1180 rumpantur.

1923 1201 2059 1256 llluc
2089 1201 2236 1256 enim
2267 1201 2450 1268 nobis,
2482 1201 2628 1257 unde
2651 1201 2832 1273 paulo
2858 1207 2985 1257 ante
3013 1202 3396 1270 discessimus,
3430 1218 3524 1259 re-

1922 1292 2202 1348 deundum
2235 1302 2336 1348 est.

1994 1383 2108 1456 VIII.
2149 1383 2450 1454 Postquam
2493 1401 2724 1456 magnus
2767 1385 2950 1458 itaque
2991 1385 3139 1444 Deus
3171 1402 3236 1444 ac
3264 1388 3524 1445 Servator

1921 1486 2110 1532 noster
2147 1476 2307 1532 Jesus
2343 1475 2600 1532 Christus
2639 1478 2692 1532 in
2739 1486 2883 1534 terra
2928 1481 3200 1550 apparuit,
3241 1489 3297 1537 et
3328 1482 3522 1538 nobis-

1923 1585 2048 1625 cum
2095 1569 2414 1625 hominibus
2457 1579 2711 1628 versatus
2737 1581 2843 1639 est,
2875 1574 3053 1629 omnis
3082 1574 3304 1645 quidem
3345 1574 3520 1630 idolo-

1922 1680 2044 1719 rum
2073 1664 2254 1720 cultus
2285 1679 2316 1719 e
2355 1663 2538 1718 medio
2573 1663 2778 1732 cessit;
2813 1665 2907 1718 Dei
2939 1674 3120 1720 autem
3161 1683 3284 1721 vera
3327 1666 3516 1722 notitia

218 1759 346 1799 σαν
393 1745 510 1814 τὴν
549 1747 670 1818 γῆν
713 1748 917 1820 ὥσπερ
962 1751 1116 1821 ὕδωρ
1147 1751 1308 1806 πολὺ
1349 1752 1806 1822 κατεκάλυψεν·

1918 1758 2217 1811 universam
2260 1765 2459 1811 terram
2495 1765 2749 1826 tanquam
2778 1773 2931 1827 aqua:
2963 1758 3244 1812 inundatio
3291 1775 3519 1829 occupa-

217 1836 476 1893 ἐντεῦθεν
505 1841 538 1911 ἡ
569 1840 677 1894 τῶν
703 1843 973 1914 οὐρανίων
1005 1844 1100 1898 ἐπὶ
1123 1845 1225 1916 γῆς
1249 1843 1420 1916 ἁρετὴ
1447 1844 1812 1914 πολιτεύεται,

215 1929 316 1982 καὶ
359 1931 473 1993 τοῖς
506 1932 762 2001 ἀγγέλοις
794 1937 914 1997 ταῖς
948 1935 1172 2006 ἀρεταῖς
1201 1934 1655 2007 θεοκλυθούμενοι
1688 1955 1814 1991 συν-

216 2020 556 2093 αμιλλῶνται
605 2027 654 2078 οἱ
693 2026 1008 2098 ἄνθρωποιο
1049 2028 1144 2081 τοῦ
1182 2028 1419 2099 σταυροῦ
1450 2029 1560 2100 γὰρ
1591 2031 1681 2082 ἐπὶ
1709 2030 1814 2101 γῆς

216 2115 490 2184 παῖέντθς
511 2157 526 2180 ’
579 2118 675 2172 καὶ
722 2118 818 2172 τοῦ
865 2119 1036 2191 ἄρτου
1069 2123 1166 2194 τῆς
1201 2120 1348 2193 ξωῆς
1382 2121 1477 2176 τοῦ
1507 2126 1571 2176 ἐκ
1598 2123 1692 2176 τοῦ
1721 2124 1812 2176 οὐ·

222 2208 387 2278 ρανοῦ
433 2207 832 2282 φιλανθρώπως
874 2215 938 2284 τῇ
981 2212 1196 2278 θεότητι
1235 2215 1698 2283 συγκαταῦἁντος,
1751 2215 1810 2268 οὐ

219 2302 280 2355 τὸ
313 2303 470 2373 σῶμα
505 2303 939 2371 καταὸάσαντος,
980 2305 1095 2360 ἀλλ’
1125 2309 1188 2359 ἐκ
1220 2306 1327 2376 γῆς
1359 2308 1518 2362 τοῦτο
1573 2307 1813 2378 προσλα-

218 2393 450 2464 6ομένου
473 2396 805 2465 ὁμοιοπαθὲς
829 2399 983 2469 ἡμῖν,
1011 2399 1103 2452 καὶ
1127 2400 1184 2453 ὲν
1208 2400 1284 2469 τῷ
1307 2399 1448 2470 ξύλῳ
1464 2399 1558 2454 τοῦ
1576 2397 1810 2471 σταυροῦ

218 2487 528 2556 ὑψωθέντος
552 2529 568 2554 ,
607 2491 702 2543 καὶ
729 2493 851 2555 ταῖς
877 2490 970 2544 τοῦ
1000 2490 1146 2545 θείου
1173 2493 1338 2546 αὐτοῦ
1370 2494 1602 2564 αἵματος
1633 2494 1810 2565 ῥανίσι

216 2577 313 2651 τὴν
341 2579 451 2651 γῆν
480 2581 952 2652 καταρδεύσαντος
984 2582 1141 2656 [cod.
1176 2583 1216 2638 Γ.
1246 2582 1348 2657 85]
1377 2583 1552 2656 ὀσμὴν
1582 2584 1812 2657 εὑῳδίας

221 2675 264 2745 (1
283 2675 330 2746 Ι)
368 2674 576 2746 ταύτην
601 2675 885 2730 διαπνέειν
915 2677 1220 2748 πεποίηκεν
1246 2697 1259 2708 ·
1296 2678 1420 2749 ἥτις
1450 2677 1528 2749 τῷ
1553 2678 1811 2751 ἁγιασμῷ

214 2767 306 2821 τοῦ
338 2767 526 2840 τιμίου
553 2768 788 2839 αἵματος
817 2771 910 2823 καὶ
942 2769 1131 2834 ὕδατος
1155 2769 1323 2824 αὐτοῦ
1354 2771 1642 2825 πιανθεῖσα
1668 2811 1682 2837 ,
1720 2775 1809 2824 λο-

213 2864 347 2932 γικά
403 2862 647 2934 ἡδύπνοα
700 2863 794 2921 καὶ
832 2863 1054 2917 ποικίλα
1087 2864 1224 2934 ἄνθη
1266 2863 1642 2936 βλαστάνουσα
1672 2883 1810 2920 παν-

212 2952 380 3024 ταχοῦ
417 2953 512 3008 καὶ
543 2953 640 3008 νῦν
670 2955 730 3007 οὐ
760 2954 1138 3026 διαλιμπάνει.
1195 2957 1596 3028 Προσκυνεῖται
1629 2957 1809 3010 τοίνυν

214 3045 370 3111 ξύλον
391 3086 406 3110 ,
457 3046 528 3099 δι’
564 3039 624 3101 οὗ
661 3047 910 3120 σωτηρία
945 3047 1022 3118 τῷ
1052 3048 1202 3117 γένει
1235 3049 1334 3118 μὲν
1361 3048 1471 3102 τῶν
1501 3048 1806 3121 ἀνθρώπων

1916 1848 1989 1901 vit
2013 1846 2193 1916 “.10
2213 1847 2347 1901 Exin
2370 1846 2676 1902 caelestium
2701 1847 2935 1901 honesta
2955 1848 3067 1902 vita
3086 1847 3257 1917 cmpit
3279 1847 3334 1902 in
3373 1857 3516 1904 terra

1915 1935 2280 2005 frequentari,
2308 1935 2533 2006 Deoque
2561 1935 2859 1990 familiares
2901 1936 3028 1991 facti
3073 1937 3325 1994 homines
3354 1953 3520 2011 ange-

1915 2028 1998 2082 los
2029 2028 2327 2083 virtutibus
2364 2027 2632 2082 mmulari.
2678 2027 2854 2084 Crucc
2893 2029 3040 2084 enim
3083 2029 3139 2084 in
3187 2037 3389 2086 terram
3421 2031 3518 2087 de-

1917 2119 2060 2186 ﬁxa,
2112 2121 2348 2191 vitaeque
2397 2137 2537 2192 pane
2588 2121 2655 2176 de
2702 2123 2841 2177 coelo
2891 2123 3128 2194 benigne
3175 2121 3340 2177 simul
3388 2138 3516 2180 cum

1915 2210 2118 2267 deitate
2165 2212 2426 2278 demisso,
2476 2214 2622 2269 haud
2675 2230 2808 2270 sane
2856 2231 3088 2285 corpore
3122 2198 3514 2283 illinc-delato,

1915 2303 2011 2358 sed
2044 2305 2110 2358 de
2146 2313 2286 2358 terra
2323 2314 2561 2376 sumpto,
2607 2322 2766 2376 aeque
2816 2320 2880 2360 ac
2927 2321 3029 2360 nos
3071 2306 3340 2376 passibili,
3367 2314 3422 2362 et
3458 2307 3514 2362 in

1914 2394 2121 2464 lignum
2164 2395 2398 2461 sublato,
2428 2397 2708 2466 divinique
2746 2397 3031 2467 sanguinis
3058 2397 3227 2468 guttis
3259 2397 3513 2454 tellurem

1914 2487 2288 2558 irrigantibus,
2321 2487 2550 2560 contigit
2583 2500 2645 2543 ut
2682 2488 2799 2543 haec
2828 2488 3116 2544 suavitatis
3155 2489 3379 2545 odorem
3414 2507 3514 2546 ex-

1915 2579 2166 2651 spiraret,
2184 2597 2305 2652 quae
2326 2581 2588 2636 nimirum
2615 2580 3051 2637 sanctiﬁcatione
3081 2583 3252 2653 ipsius
3277 2584 3510 2656 pretiosi

1913 2673 2193 2746 sanguinis
2230 2683 2286 2730 et
2326 2689 2481 2745 aquae
2516 2674 2914 2746 pinguescens,
2966 2676 3250 2732 rationalia
3300 2677 3510 2746 odorat;

1911 2774 2098 2819 menta
2136 2765 2430 2835 variosque
2474 2765 2634 2822 ﬂores
2666 2783 2816 2823 nunc
2853 2767 3016 2823 etiam
3056 2769 3256 2840 ubique
3297 2770 3506 2842 germi-

1911 2873 2046 2914 nare
2071 2875 2179 2912 non
2211 2859 2430 2914 desinit.
2468 2860 2744 2914 Adoratur
2770 2860 2954 2930 itaque
2984 2861 3211 2932 lignum,
3235 2880 3335 2934 per
3357 2863 3510 2934 quod

1911 2949 2059 3004 salus
2089 2949 2334 3004 humano
2368 2951 2557 3022 generi
2594 2950 2793 3005 donata
2836 2950 2970 3018 fuit;
3014 2967 3115 3022 per
3142 2954 3288 3024 quod
3335 2954 3511 3011 malo-

1912 3056 2034 3094 rum
2070 3052 2263 3095 aut'tor
2297 3042 2472 3096 hostis
2501 3041 2654 3096 humi
2699 3041 2933 3098 atllictus
2971 3043 3171 3099 lethale
3203 3045 3508 3106 visceribus

205 3139 532 3210 δεδώρηται,
566 3137 634 3191 δι’
656 3132 716 3193 οὗ
745 3141 772 3192 ὁ
797 3138 1110 3210 άρχέκακος
1137 3139 1334 3212 ἐχθρὸς
1361 3142 1442 3204 εἰς
1465 3141 1569 3212 γῆν
1599 3145 1804 3215 καταρ-

1912 3134 2109 3188 vulnus
2141 3136 2374 3202 accepit.
2405 3133 2623 3189 Etenim
2651 3135 2805 3191 nullo
2837 3135 2892 3190 in
2920 3135 3025 3192 alio
3056 3136 3261 3193 Christi
3292 3140 3509 3196 crucia-

208 3231 406 3303 ραγεὶς
456 3230 682 3304 καιρίαν
736 3233 794 3286 ὲν
821 3232 1023 3304 καρδίᾳ
1070 3233 1167 3304 τὴν
1210 3233 1427 3306 πληγὴν
1466 3235 1797 3302 εἰσεδέξατο.

202 3324 296 3377 Ἐν
327 3323 509 3377 οὐδενὶ
535 3323 644 3396 γὰρ
675 3323 846 3396 ἑτέρῳ
875 3324 1130 3396 συμϐόλῳ
1156 3325 1250 3379 τοῦ
1276 3325 1515 3398 Χριστοῦ
1545 3328 1804 3401 παθημά-

200 3433 313 3468 των
366 3415 577 3485 φοὸερὰ
623 3417 888 3487 τεράστια
935 3415 1163 3470 τοιαῦτα
1194 3416 1456 3486 γέγονεν,
1508 3415 1597 3473 οἷα
1633 3422 1691 3474 ὲν
1722 3420 1803 3492 τῷ

199 3509 374 3580 τιμίῳ
406 3509 502 3563 καὶ
530 3508 781 3581 ζωοποιῷ
812 3509 906 3562 τοῦ
935 3509 1146 3579 Κυρίου
1177 3509 1399 3582 σταυρῷ
1426 3525 1440 3541 ·
1491 3511 1678 3583 νεκροὶ
1707 3513 1798 3566 ἀν-

203 3602 490 3672 ιστάμενοι
521 3602 618 3655 καὶ
645 3603 751 3673 πρὸ
775 3603 872 3672 τῆς
904 3604 960 3656 ὲν
988 3602 1064 3673 τῷ
1089 3601 1190 3675 ᾅδῃ
1214 3604 1443 3658 καθόδου
1469 3603 1564 3658 τοῦ
1591 3606 1798 3677 Κυρίου

200 3695 299 3749 καὶ
336 3695 476 3748 Θεοῦ
505 3695 683 3767 ἡμῶν,
710 3697 1117 3765 καταπέτασμα
1151 3697 1514 3768 ῥηγνύμενον,
1550 3700 1621 3770 γῆ
1658 3716 1799 3752 σειο-

208 3789 367 3859 μένη,
395 3787 548 3859 ἣλιος
577 3787 962 3858 σκοτιζόμενος
989 3789 1083 3842 καὶ
1132 3789 1296 3843 πάλιν
1335 3790 1795 3862 ἅναφλεγόμενος,

207 3879 278 3949 τῷ
308 3879 413 3950 μὲν
441 3879 541 3951 τὴν
570 3879 678 3934 τῶν
706 3877 974 3933 Ἰουδαίων
1005 3880 1220 3946 δεικνὺς
1243 3883 1626 3954 σκοτόμαιναν,
1646 3882 1723 3952 τῷ
1740 3882 1796 3936 δὲ

206 3972 301 4042 τῆς
350 3971 704 4036 ἀναστάσεως
749 3972 1068 4043 προδεικνὺς
1099 3973 1200 4042 τὴν
1235 3974 1588 4045 φαιδρότητα.
1627 3975 1795 4039 Τέλος

191 4064 228 4133 ἡ
287 4061 510 4115 πάντων
559 4064 617 4115 ὲν
663 4062 741 4132 τῷ
786 4062 887 4135 ᾄδῃ
937 4063 1324 4133 κατεχομένων
1360 4065 1548 4136 ψυχῶν
1588 4066 1792 4119 ἀπολύ-

193 4167 402 4224 τρωσις
458 4154 525 4223 τῇ
575 4152 870 4224 ἐπιφανείᾳ
920 4152 1015 4206 τοῦ
1063 4154 1268 4226 Κυρίου
1319 4154 1415 4208 καὶ
1461 4155 1597 4208 Θεοῦ
1636 4156 1793 4227 ἡμῶν

195 4244 338 4316 πρὸς
367 4244 568 4308 αὐτοὺς
599 4245 868 4316 γενομένη
891 4263 904 4276 ·
959 4244 1056 4301 καὶ
1087 4247 1120 4317 ἡ
1146 4246 1238 4299 τοῦ
1267 4245 1393 4318 ᾂδου
1425 4245 1723 4312 κατάλυσις
1739 4248 1787 4313 δ,

191 4337 291 4391 τοῦ
329 4337 532 4408 μηκέτι
565 4339 816 4409 κατέχειν
860 4339 958 4402 τὰς
990 4339 1102 4392 τῶν
1131 4341 1189 4392 ὲν
1219 4340 1413 4412 Κυρίῳ
1445 4341 1787 4412 κεκοιμημέ-

192 4444 301 4485 νων
335 4426 538 4499 ψυχάς.
585 4428 772 4482 Ταῦτα
803 4429 982 4483 πάντα
1022 4430 1056 4500 ἡ
1089 4429 1183 4482 τοῦ
1212 4429 1357 4484 θείου
1385 4430 1620 4501 σταυροῦ
1653 4432 1786 4498 ἀήτ-

188 4537 357 4590 τητος
407 4517 640 4589 δύναμις
687 4519 754 4573 τὰ
801 4519 1009 4592 φοϐερὰ
1051 4523 1348 4594 εἰργάσατο
1382 4523 1680 4594 τεράστια,
1720 4526 1784 4595 τῇ

189 4611 423 4682 δυνάμει
451 4611 545 4664 τοῦ
572 4613 630 4665 ὲν
658 4610 807 4681 αὑτῷ
839 4615 1248 4684 τιροσπαγέντος
1273 4614 1511 4686 Χριστοῦ
1534 4613 1626 4668 τοῦ
1649 4615 1784 4668 Θεοῦ

189 4702 376 4773 ἡμῶν.
432 4702 898 4773 Αἰσχυνθήτωσαν
942 4699 1036 4758 οὖν
1084 4704 1179 4758 καὶ
1222 4705 1651 4776 ὲντραπήτωσαν
1691 4707 1786 4760 καὶ

186 4793 586 4848 ἀπολέσθωσαν
639 4796 688 4847 οἱ
737 4794 838 4866 τὴν
884 4793 1042 4860 δόξαν
1072 4794 1237 4848 αὐτοῦ
1279 4796 1659 4868 διαρνούμενοι
1691 4799 1785 4853 καὶ

189 4888 268 4960 μὴ
295 4887 736 4960 προσκυνοῦντες
761 4889 923 4945 αὑτὸν
947 4891 1256 4965 ἁδιστάκτῳ
1285 4893 1466 4948 πίστει
1483 4907 1504 4934 ο
1531 4894 1605 4958 ὡς
1633 4892 1780 4967 [cm].

242 5069 287 5100 ¹²
323 5072 442 5132 Isa.
479 5083 556 5134 xl,
590 5068 646 5124 9.

1827 4472 1867 4525 D

1911 3233 2065 3280 tuum
2099 3226 2347 3297 symbolo
2382 3226 2498 3280 haec
2531 3228 2818 3283 tremenda
2858 3228 3102 3302 prodigia
3129 3239 3341 3300 patrata
3385 3231 3511 3286 fue-

1907 3329 2057 3382 runt,
2103 3318 2410 3389 cuiusmodi
2458 3321 2514 3373 in
2561 3320 2872 3375 veneranda
2924 3328 2978 3376 et
3025 3321 3239 3376 viviﬁca
3291 3321 3507 3378 Domini

1905 3427 2070 3467 cruce
2105 3431 2117 3466 :
2156 3413 2358 3466 mortui
2389 3412 2653 3468 nimirum
2688 3412 2938 3468 suscitati
2976 3422 3103 3468 ante
3142 3415 3308 3469 etiam
3339 3431 3505 3486 quam

1904 3505 1970 3560 ad
2018 3504 2224 3560 inferos
2270 3505 2532 3560 Dominus
2583 3521 2647 3560 ac
2696 3505 2840 3561 Deus
2889 3515 3078 3562 noster
3120 3506 3504 3573 descenderet,

1904 3597 2083 3654 velum
2115 3598 2429 3662 discissum,
2469 3607 2612 3652 terra
2641 3583 2944 3666 commota,
2967 3599 3048 3654 sol
3085 3600 3411 3655 obscuratus
3449 3609 3505 3656 et

1903 3707 2099 3746 rursus
2165 3691 2538 3757 illuminatus;
2598 3700 2658 3746 ut
2717 3692 2902 3762 priore
2964 3700 3108 3746 statu
3172 3693 3505 3764 signiﬁcaret

1899 3781 2215 3838 Judmorum
2271 3781 2549 3847 tenebras,
2598 3781 2770 3836 altero
2833 3791 3015 3836 autem
3083 3782 3503 3839 resurrectionis

1900 3874 2145 3930 laetitiam
2191 3874 2566 3944 portenderet.
2616 3871 2904 3928 Postremo
2945 3875 3189 3928 omnium
3223 3874 3366 3943 apud
3412 3874 3502 3928 in-

1900 3966 2048 4043 feros
2103 3967 2451 4022 detentarum
2508 3966 2817 4019 animarum
2874 3965 3093 4020 Christo
3147 3966 3382 4020 Domino
3435 3982 3501 4023 ac

1897 4061 2012 4116 Deo
2038 4072 2228 4116 nostro
2255 4061 2362 4115 illic
2386 4070 2685 4132 apparentia
2731 4061 3054 4130 redemptio,
3085 4069 3139 4114 et
3173 4059 3345 4128 ipsius
3376 4059 3494 4114 orci
3590 4090 3594 4094 λ

1895 4154 2198 4219 destitutio,
2247 4155 2542 4224 quominus
2585 4154 2789 4208 diutius
2839 4153 3075 4218 illorum,
3129 4153 3218 4224 qui
3272 4153 3325 4206 in
3383 4151 3490 4208 Do-

1895 4247 2048 4299 mino
2097 4245 2470 4310 dormierant,
2529 4243 2742 4300 animas
2793 4245 3076 4299 retineret.
3139 4243 3264 4298 llrcc
3308 4244 3493 4299 omnia

1894 4336 2095 4391 divinae
2135 4337 2315 4391 crucis
2346 4335 2545 4389 invicta
2578 4335 2662 4389 vis
2693 4335 2974 4390 tremenda
3007 4335 3190 4391 eliccit
3220 4335 3488 4408 prodigia,

1896 4429 2098 4484 virtute
2149 4429 2357 4484 scilicet
2404 4425 2602 4483 conﬁxi
2654 4427 2710 4480 in
2760 4443 2822 4482 ea
2872 4426 3078 4482 Christi
3125 4428 3221 4483 Dei
3287 4427 3490 4484 nostri.

1896 4520 2183 4577 Pudeﬁant
2211 4521 2376 4592 igitur
2402 4528 2457 4576 et
2500 4520 2554 4574 in
2591 4519 2773 4591 fugam
2807 4527 3092 4576 vertantur
3137 4537 3200 4576 ac
3239 4532 3488 4592 pereant,

1895 4615 1986 4685 qui
2028 4615 2207 4668 crucis
2233 4613 2457 4685 gloriam
2486 4620 2710 4684 negant,
2753 4628 2933 4683 neque
2971 4629 3090 4668 eam
3123 4614 3347 4669 indubia
3381 4615 3488 4670 ﬁde

1889 4725 1989 4764 ceu
2015 4707 2278 4763 divinitus
2310 4707 2498 4761 datum
2537 4704 2912 4776 invictumque
2941 4715 3204 4777 tr0p:rum
3234 4705 3482 4760 adorant.

1889 4800 2030 4872 Ergo
2064 4801 2280 4855 invidus
2309 4810 2472 4869 atque
2499 4797 2774 4870 pessimus
2805 4807 2861 4852 et
2886 4799 3015 4853 boni
3058 4814 3184 4854 osor
3214 4796 3480 4861 diabolus,

1887 4894 2066 4966 capite
2096 4894 2232 4950 eliso
2265 4902 2320 4948 ct
2359 4893 2522 4948 corde
2569 4907 2599 4946 a
2644 4890 2824 4948 crucis
2866 4893 3020 4948 hasta
3055 4888 3335 4954 transﬁxo,
3366 4888 3477 4959 jam

1487 5215 1703 5273 IARIAE
1762 5213 2169 5274 LECTIONES.

262 5351 289 5379 ιι
320 5337 386 5390 ll.
421 5333 772 5396 κατάλλυσις.
852 5345 875 5372 (-
903 5333 971 5386 Β.
1012 5333 1209 5388 δίστει.

1687 5442 1916 5502 ΝΟΤΔΕ.

252 5599 364 5668 (lt)
401 5595 460 5650 ln
496 5603 648 5668 textu
677 5593 866 5668 Grzeeo
891 5591 1087 5648 Raderi
1121 5591 1339 5668 additur
1365 5589 1765 5668 πνευματικῆς,

179 5661 321 5740 quod
347 5661 684 5740 vocabulum
728 5665 786 5719 in
829 5664 1276 5740 interpretatione
1319 5663 1494 5740 latina
1519 5661 1766 5740 ejusdem

1877 5588 2139 5644 traditum
2187 5590 2405 5645 videtur
2446 5587 2724 5643 interdum
2771 5584 2938 5640 fuisse
2974 5583 3250 5639 diversum
3281 5580 3349 5637 ab
3379 5581 3472 5636 illo

1875 5661 2018 5730 quod
2072 5661 2319 5715 lladcrus
2365 5661 2620 5714 Latinum
2667 5657 2915 5730 faciebat.
2969 5658 3024 5710 lu
3078 5657 3264 5712 codice
3319 5662 3467 5708 certe

179 5728 469 5798 omittitur.
517 5738 654 5808 Ergo
695 5728 1298 5807 exemplar'typothetae
1350 5728 1766 5806 Ingolstadiensi
1876 5728 2128 5789 vaticano
2157 5733 2309 5788 deest
2344 5745 2462 5786 voc.
2502 5728 2902 5800 πνευματικῆς.
