3928 6246
382 333 517 401 1251

1739 330 1977 393 PETRI
2015 330 2275 396 SICULI

3527 333 3671 402 1252

369 464 482 505 non
516 448 616 518 ιι
661 454 876 519 poterat
927 456 1039 504 tam
1088 455 1299 518 aperte,
1333 452 1395 501 ut
1447 443 1680 509 solebat,
1715 443 1959 515 jucunda

2095 489 2104 502 .
2142 445 2213 502 85
2248 444 2306 519 b]
2356 444 2693 520 θεοδώρητον
2736 448 2830 503 καὶ
2884 449 3316 523 ἀκαταμάχητον
3360 450 3626 522 τρόπαιον
3651 466 3669 481 ο

371 540 559 595 animo
608 556 709 595 suo
755 540 964 596 scelera
1009 548 1371 610 perpetrare:
1406 537 1620 593 occulte
1659 544 1839 592 tamen
1881 536 1967 591 in-

369 631 609 687 felicium
658 631 1051 686 nonnullorum
1093 631 1305 685 animas
1352 629 1508 685 furiis
1538 627 1772 700 agitans,
1811 643 1967 683 men-

372 730 562 791 tesque
598 722 831 778 illudens
874 722 1113 793 decepit,
1162 738 1256 791 per
1286 722 1543 794 fulserunt
1590 720 1968 791 magistrorum

370 816 710 886 hypocrisim,
755 818 1113 871 cauteriatam
1160 816 1532 870 conscientiam
1564 814 1867 868 habentium
1899 813 1967 880 ",

370 910 595 982 dignum
631 911 749 967 illos
794 911 1041 966 fomitem
1086 908 1550 981 inexstinguibilis
1592 907 1736 981 ignis
1780 922 1966 963 secum

370 1004 599 1060 faciens.

369 1104 690 1173 ὑποκρίσει
736 1103 1134 1175 ψευδολόγων
1170 1100 1784 1170 κεκαυτηριασμένων
1804 1112 1827 1140 θ
1855 1098 1969 1169 τὴν

370 1195 547 1267 ἑαυτῷ
576 1195 1002 1264 ὑπεκκαύματα.

439 1310 577 1368 νηί.
616 1312 722 1367 Sed
743 1312 923 1368 bonus
961 1312 1338 1383 optimusque,
1372 1310 1483 1365 imo
1513 1324 1829 1380 supremum
1863 1308 1968 1363 bo-

370 1420 529 1469 num,
564 1406 706 1461 Deus
753 1422 782 1461 a
830 1414 1095 1460 consueto
1135 1420 1234 1460 suo
1268 1419 1421 1458 more
1467 1418 1577 1457 non
1624 1402 1789 1457 desiit
1828 1402 1969 1456 bene

372 1494 608 1551 faciendi
640 1495 849 1550 homini
885 1495 1143 1565 pretiosae
1177 1504 1444 1549 creatura:
1473 1508 1587 1547 suae
1616 1509 1629 1545 :
1663 1492 1758 1545 sed
1788 1492 1973 1561 posuit

374 1584 430 1639 in
471 1583 715 1639 Ecclesia
757 1585 995 1655 primum
1032 1585 1332 1655 apostolos,
1376 1582 1469 1653 qui
1503 1581 1725 1636 fuerant
1756 1587 1973 1650 specta-

376 1686 524 1733 tores
566 1677 687 1746 ejus
728 1686 894 1747 atque
934 1677 1191 1742 ministri,
1223 1686 1283 1731 ut
1312 1676 1483 1746 ipsius
1516 1674 1856 1739 corporalem
1886 1672 1971 1727 in-

376 1768 543 1823 finitae
589 1770 855 1839 potentia:
916 1768 1439 1824 condescensionem
1488 1766 1706 1837 publice
1755 1764 1973 1819 denun-

378 1860 611 1924 tiarent,
666 1869 721 1915 et
771 1860 956 1915 divina
1009 1860 1229 1915 oracula
1286 1859 1574 1914 verissime
1627 1864 1973 1922 enarrarent,

379 1967 561 2022 neque
600 1953 943 2021 corporalem
979 1952 1184 2007 Christi
1218 1951 1526 2022 passionem
1562 1951 1973 2015 erubescentes,

380 2058 561 2113 neque
612 2042 875 2113 prodigiis
934 2042 1186 2097 fraudem
1247 2042 1413 2097 ullam
1476 2041 1815 2104 tribuentes,
1880 2039 1978 2093 sed

381 2140 584 2210 ubique
617 2139 865 2193 veritatis
903 2154 1091 2194 curam
1128 2144 1407 2209 gerentes,
1440 2143 1496 2190 et
1529 2135 1627 2190 Dei
1673 2132 1836 2188 Verbi
1893 2132 1980 2186 in-

380 2231 760 2286 carnationem
809 2231 1079 2287 veraciter
1124 2229 1507 2301 praedicantes.
1558 2225 1814 2282 Secundo
1861 2225 1980 2280 loco

382 2324 702 2394 pr0phctas,
752 2324 843 2393 qni
904 2323 1147 2378 occultas
1202 2321 1647 2391 insanabilesque
1698 2319 1982 2391 passiones

300 2490 301 2493 η
381 2417 569 2472 divino
599 2425 763 2486 atque
795 2416 1007 2487 potenti
1039 2416 1215 2471 sancti
1242 2415 1482 2487 Spiritus
1519 2414 1695 2487 gladio
1725 2412 1984 2468 radicitus

383 2518 758 2582 amputarent,
795 2520 851 2565 et
884 2513 1059 2565 bonos
1090 2518 1253 2579 atque
1280 2510 1528 2580 vigentes
1560 2508 1821 2563 virtntnm
1864 2522 1986 2561 sur-

385 2604 540 2659 culos
571 2604 902 2659 insererent.
929 2603 1117 2659 Tertio
1145 2603 1265 2659 loco
1290 2604 1546 2658 doctores
1570 2602 1815 2672 utrisque
1845 2615 1988 2671 prae-

385 2698 549 2753 dictis
597 2697 913 2761 auxiliares,
946 2713 1178 2767 quaeque
1226 2697 1296 2751 ab
1343 2697 1450 2751 illis
1492 2704 1549 2750 et
1588 2706 1709 2749 acta
1752 2701 1808 2749 et
1842 2693 1986 2747 dicta

387 2793 605 2847 fuerant
623 2790 921 2861 perfectius
938 2792 1299 2861 explicantes.
1322 2789 1527 2844 Horum
1547 2788 1747 2844 divinis
1769 2786 1991 2857 dogma-

392 2882 538 2937 tibus
587 2892 786 2937 cuncta
843 2880 1282 2936 Christianorum
1338 2879 1578 2934 Ecclesia
1626 2886 1686 2932 ut
1734 2876 1861 2931 olim
1911 2875 1991 2931 sic

391 2992 540 3031 nunc
570 2975 845 3037 ﬁrmatur,
886 2975 1152 3029 adversus
1183 2990 1344 3045 quam
1379 2982 1565 3044 portas
1589 2970 1770 3037 inferi,
1791 2968 1990 3025 exitio-

394 3083 483 3123 sas
513 3067 724 3122 scilicet
756 3068 1016 3133 haereses,
1043 3082 1325 3136 nunquam
1353 3065 1702 3135 praevaluisse
1732 3070 1824 3115 aut
1850 3076 1991 3131 pra:—

2072 540 2101 592 ό
2123 540 2255 607 γοῦν
2289 536 2562 610 βάσκανος
2590 538 2690 594 καὶ
2716 542 3080 613 παμπόνηρος
3108 542 3205 596 καὶ
3233 542 3530 613 μισόκαλος
3555 542 3671 597 διά-

2075 628 2228 693 ϐολος
2260 630 2359 702 τὴν
2386 632 2633 705 κεφαλὴν
2666 633 3021 698 συνθλασθεὶς
3063 634 3156 688 καὶ
3198 633 3299 706 τὴν
3328 634 3561 706 καρδίαν
3590 632 3674 705 τῷ

2076 723 2355 795 σταυρικῷ
2384 723 2572 796 δόρατι
2599 724 2889 798 διαπαρεὶς
2911 769 2927 794 ,
2962 727 3061 799 οὐχ
3091 721 3203 791 οἷός
3228 744 3286 781 τε
3317 722 3386 799 ἦν
3413 726 3673 798 φανερῶς

2074 815 2250 879 οὕτως
2301 817 2369 870 τὰ
2416 817 2596 888 ἐαυτῷ
2645 817 2962 888 καταθύμια
3006 820 3081 881 ὠς
3118 816 3299 872 εἰώθει
3332 816 3669 887 ἐργάζεσθαι

2078 908 2426 979 βδελύγματα
2447 927 2459 939 ’
2497 910 2675 982 λάθρα
2708 910 2766 963 δέ
2800 928 2964 966 τινων
2996 911 3198 965 ἀθλίων
3229 912 3329 975 τὰς
3360 909 3540 981 ψυχὰς
3572 910 3673 962 ὲκ-

2076 1001 2392 1072 6ακχεύσας
2441 1002 2537 1056 καὶ
2580 1003 2674 1056 τὸν
2706 1002 2833 1056 νοῦν
2871 1002 3172 1072 φενακίσας
3225 999 3560 1074 ἠπάτησενά
3598 998 3675 1052 ἐν

2007 1101 2241 1155 οἰκείαν
2317 1100 2713 1169 συνείδησιν,
2762 1099 2888 1165 ἀξια
2916 1098 3011 1155 τοῦ
3074 1098 3340 1153 ἀσϐέστου
3366 1096 3541 1169 πυρὸς
3570 1096 3673 1150 σὺν

2147 1305 2230 1361 H'.
2281 1305 2424 1360 Ἀλλ’
2476 1305 2578 1359 οὐκ
2624 1306 2873 1359 ἐνέλιπεν
2916 1307 2945 1358 ό
2982 1304 3187 1372 ἀγαθὸς
3225 1304 3319 1359 καὶ
3351 1306 3673 1376 πανάγαθος

2075 1401 2170 1454 καὶ
2197 1399 2546 1470 ὑπεράγαθος
2568 1399 2774 1469 Κύριος
2799 1398 3049 1470 συνήθως
3070 1399 3378 1469 εὐεργετεῖν
3395 1400 3454 1453 τὸ
3474 1400 3672 1454 ἑαυτοῦ

2073 1492 2257 1563 τίμιον
2287 1492 2514 1563 πλάσμα
2541 1491 2633 1545 τὸν
2660 1489 2948 1562 ἄνθρωπον
2970 1489 3015 1528 τ’
3052 1490 3167 1543 ἀλλ’
3197 1489 3349 1544 ἔθετο
3372 1493 3429 1543 έν
3452 1494 3520 1562 τῇ
3547 1492 3676 1545 Ἐκ-

2077 1584 2281 1657 κλησίᾳ
2312 1584 2530 1656 πρῶτον
2560 1583 2919 1650 ἀποστόλους,
2949 1582 3026 1646 ὡς
3050 1582 3327 1647 αὐτόπτας
3352 1584 3447 1636 καὶ
3467 1584 3679 1654 ὑπηρέ-

2078 1692 2180 1739 τας
2228 1674 2327 1745 τὴν
2362 1673 2528 1727 αὐτοῦ
2563 1673 3002 1745 ἀπειροδύναμον
3038 1673 3362 1745 σωματικὴν
3395 1675 3676 1743 συγκατά-

2082 1768 2242 1821 6ασιν
2274 1768 2549 1840 ἀριδήλως
2577 1768 2998 1836 διαγγέλλοντας
3019 1809 3033 1834 ,
3087 1769 3183 1821 καὶ
3214 1768 3310 1830 τὰς
3340 1767 3675 1839 θεοσημείας

2080 1860 2407 1930 παναληθῶς
2441 1861 2819 1932 ὲκφράζοντας
2846 1877 2860 1891 ·
2902 1860 3041 1931 μήτε
3072 1863 3186 1924 τοῖς
3210 1862 3547 1931 σωματικοῖς
3581 1858 3677 1914 τοῦ

2078 1953 2319 2024 Χριστοῦ
2348 1953 2849 2024 ἐπαισχυνομένους
2875 1952 3219 2023 παθήμασιν,
3246 1953 3383 2023 μήτε
3408 1954 3522 2014 τοῖς
3544 1953 3679 2007 θαύ-

2084 2064 2216 2119 μασι
2268 2046 2466 2116 ψεῦδος
2512 2045 2994 2116 ὲπιφημίζοντας,
3056 2045 3194 2099 ἀλλά
3242 2046 3523 2117 πανταχοῦ
3578 2045 3682 2116 τῆς

2080 2137 2340 2211 ἀληθείας
2372 2136 2783 2209 φροντίζοντας,
2818 2137 2915 2191 καὶ
2943 2136 3043 2208 τὴν
3073 2136 3340 2210 ἔνσαρκον
3363 2139 3683 2209 οἰκονομίαν

2080 2231 2177 2284 τοῦ
2231 2230 2367 2284 Θεοῦ
2418 2230 2596 2300 Λόγου
2663 2230 2915 2300 ἀψευδῶς
2961 2230 3352 2302 κηρύττοντας.
3414 2230 3684 2304 Δεύτερον

2084 2324 2375 2395 προφήτας
2423 2322 2492 2376 τὰ
2539 2321 2905 2394 κεκρυμμένα
2950 2321 3048 2375 καὶ
3080 2322 3276 2377 ἀνίατα
3304 2323 3451 2394 πάθη
3488 2327 3556 2396 τῇ
3586 2323 3683 2378 τοῦ

2087 2415 2243 2485 ἁγίου
2286 2414 2607 2485 Πνεύματος
2654 2414 2777 2486 θεία
2800 2423 2827 2463 Ι
2872 2396 2971 2484 τῆς
3007 2414 3258 2479 έξουσίας
3288 2416 3539 2488 μαχαίρᾳ
3574 2416 3686 2488 πρὸ

2090 2508 2260 2581 ῥιζῶν
2290 2508 2742 2571 ἀναστέλλονταςο
2777 2506 2877 2561 καὶ
2905 2507 2976 2559 τά
3004 2506 3221 2578 χρηστά
3250 2507 3381 2562 mih
3412 2507 3686 2579 τεθηλότα

2087 2600 2193 2654 τῶν
2224 2601 2439 2671 ἀρετῶν
2486 2598 2929 2671 φυτουργοῦντας
2962 2598 3339 2671 βλαστήματα.
3375 2598 3575 2672 Τρίτον
3605 2603 3690 2655 δι-

2087 2693 2392 2757 δασκάλους
2415 2735 2430 2759 ,
2485 2693 2691 2764 ἀμφοῖν
2736 2694 2852 2746 τοῖν
2890 2692 3036 2746 δυοῖν
3067 2690 3214 2765 [cod.
3253 2691 3293 2746 ἴ.
3326 2690 3419 2764 86]
3446 2710 3688 2765 συνηγοο

2093 2785 2322 2858 ροῦντας
2343 2827 2357 2851 ,
2395 2786 2493 2840 καὶ
2524 2786 2593 2840 τά
2622 2786 2756 2855 παρ’
2788 2786 2974 2848 αὐτοῖς
3003 2783 3317 2856 πραχθέντα
3342 2784 3439 2837 καὶ
3466 2784 3696 2856 λεχθέν·

2090 2898 2159 2934 τα
2183 2923 2198 2946 ,
2235 2879 2569 2952 τελεώτερον
2605 2877 3009 2949 σαφηνίζοντας
3034 2895 3047 2909 ·
3102 2879 3309 2932 τούτων
3358 2881 3476 2943 τοῖς
3522 2879 3697 2947 θείοις

2092 2976 2328 3046 δόγμασι
2382 2976 2535 3028 πᾶσα
2583 2972 2694 3028 τῶν
2739 2974 3091 3046 Χριστιανῶν
3124 2975 3464 3046 Ἐκκλησία,
3518 2976 3696 3031 πάλαι

2095 3070 2190 3124 καὶ
2237 3070 2332 3122 νῦν
2381 3067 2749 3139 κρατύνεται,
2789 3062 2857 3139 ἧς
2891 3066 3059 3122 πύλαι
3098 3067 3226 3139 ᾆδου
3258 3069 3315 3121 αί
3359 3067 3698 3140 φθοροποιαὶ

393 3161 681 3227 valituras,
719 3161 890 3230 probe
935 3160 1157 3223 scimus,
1190 3160 1346 3229 juxta
1392 3158 1611 3211 effatum
1645 3155 1894 3210 divinum
1923 3152 1987 3205 ’³.

2096 3163 2340 3232 αἱρέσεις
2372 3160 2713 3231 κατίσχυσαν
2741 3161 2998 3214 οὐδέποτε
3026 3202 3041 3226 ,
3093 3160 3216 3214 οὐδὲ
3264 3161 3700 3232 κατισχύσουσιν

400 3255 873 3325 Despumavcrnnt
914 3263 1096 3306 autem
1143 3251 1338 3306 fluctus
1382 3250 1652 3304 Inercticze
1688 3246 1990 3316 loquacita-

397 3349 491 3414 tis,
524 3356 577 3403 ει
621 3347 848 3402 omnino
894 3345 1109 3416 depulsi
1155 3355 1304 3399 sunt.
1344 3343 1558 3412 Quippe
1605 3357 1704 3411 per
1748 3349 1996 3410 tempora

399 3441 630 3513 singulis
682 3439 1021 3495 ortbodoxia:
1071 3436 1573 3508 propugnatoribus
1617 3433 1814 3503 singuli
1865 3444 1998 3485 (on-

402 3533 576 3606 gressi
633 3539 764 3587 sunt
849 3530 1264 3595 bmresiarcbae;
1349 3528 1445 3584 sed
1500 3527 1749 3581 veritatis
1802 3521 1997 3578 lumini

401 3625 787 3682 haereticorum
826 3623 1067 3677 tenebrae
1100 3629 1407 3685 cesserunt,
1445 3629 1608 3688 atque
1656 3618 1726 3671 ita
1761 3614 1858 3670 Dei
1892 3615 1999 3669 Ec-

403 3719 587 3777 clesia:
625 3718 967 3772 inconcussa:
1014 3724 1357 3769 manserunt.
1392 3714 1460 3765 At
1484 3709 1777 3765 miserrimi
1822 3706 2001 3761 haere-

407 3811 522 3877 tici,
555 3809 769 3866 etiamsi
800 3808 1078 3877 aliquanto
1113 3816 1359 3875 tempore
1391 3800 1844 3858 abominabilium
1874 3810 2001 3854 sua-

408 3920 536 3961 rum
590 3902 913 3973 opinionum
957 3898 1217 3954 malitiam
1263 3895 1708 3965 parturiverunt,
1759 3900 2003 3946 attamen

411 3997 567 4054 haud
594 3996 768 4051 multo
796 4003 918 4066 post
938 3992 1198 4063 nequitia:
1229 3992 1473 4063 ipsorum
1504 3988 1712 4043 falsitas
1740 3984 2004 4054 dissipata

411 4091 548 4159 fuit;
593 4089 696 4160 12
742 4104 915 4159 eaque
958 4103 1017 4143 re
1058 4086 1317 4142 omnibus
1348 4083 1618 4156 patefacta
1649 4090 1705 4136 et
1741 4077 2006 4134 extermi-

412 4194 576 4251 nata,
640 4181 900 4239 Ecclesiae
957 4180 1051 4235 Dei
1111 4179 1541 4251 splenduerunt,
1594 4174 1913 4243 eaedemque
1948 4178 2004 4225 et

414 4290 561 4331 nunc
590 4282 644 4329 et
677 4273 734 4327 in
765 4280 1094 4343 perpetuum
1125 4268 1515 4341 splendebunt.
1562 4342 1565 4345 ν

483 4460 579 4516 IX.
622 4458 939 4514 Tenebrosa
974 4457 1217 4524 interim,
1253 4471 1495 4523 comosa,
1530 4453 1868 4517 turbulenta,
1902 4450 2009 4507 im-

2097 3248 2155 3306 εὖ
2206 3254 2365 3323 ἴσμεν
2388 3291 2403 3316 ,
2459 3253 2601 3305 κατὰ
2635 3253 2735 3321 τὴν
2771 3251 2922 3305 θείαν
2955 3252 3265 3321 ἀπόφασινο
3305 3253 3387 3317 είς
3429 3253 3607 3323 ἀφρὸν
3638 3253 3700 3307 δὲ

2097 3346 2166 3399 τὰ
2201 3346 2424 3413 κύματα
2447 3349 2548 3417 τῆς
2579 3345 2688 3398 τῶν
2722 3346 3014 3417 αίρετικῶν
3042 3346 3425 3415 γλωσσαλγίας
3460 3349 3701 3401 πάντοτε

2098 3438 2437 3491 διαλέλυνται
2466 3452 2481 3467 ⁸
2534 3438 2678 3491 κατά
2728 3438 2922 3508 καιρὸν
2967 3438 3218 3502 ἑκάστοις
3252 3441 3351 3510 τῆς
3378 3438 3704 3509 ὀρθοδοξίας

2104 3532 2413 3602 προμάχοις
2435 3571 2449 3595 ,
2490 3531 2716 3585 ἕκαστοι
2752 3531 3166 3601 συμπλακέντες
3194 3532 3569 3604 αἱρεσιάρχαι,
3601 3533 3703 3587 καὶ

2102 3625 2201 3695 τῆς
2226 3623 2486 3694 ἀληθείας
2534 3622 2613 3694 τῷ
2646 3625 2784 3692 φωτὶ
2817 3624 2911 3678 τοῦ
2938 3624 3102 3695 ζόφου
3131 3625 3240 3677 τῶν
3263 3625 3534 3696 αἱρέσεων
3560 3626 3703 3678 ὑπο,

2102 3720 2453 3788 χωρήσαντος
2474 3760 2488 3783 ,
2524 3719 2581 3771 αί
2610 3716 2704 3771 τοῦ
2732 3717 2868 3772 Θεοῦ
2903 3718 3221 3791 Ἐκκλησίαι
3252 3719 3535 3789 διέμειναν
3560 3719 3705 3774 ἀσά-

2106 3810 2286 3863 λευτοι
2314 3825 2328 3840 ⁸
2367 3809 2491 3863 ἀλλ’
2514 3811 2577 3889 ὀί
2607 3811 2707 3881 μὲν
2734 3811 3025 3866 πανάθλιοι
3053 3814 3319 3883 αἱρετικοὶ
3354 3813 3403 3865 εί
3435 3814 3532 3867 καὶ
3562 3812 3708 3883 πρὶς

2106 3901 2287 3971 ὀλίγον
2338 3902 2447 3954 τῶν
2501 3902 2762 3974 μυσαρῶν
2810 3902 2989 3956 αὐτῶν
3034 3903 3284 3957 διανοιῶν
3348 3903 3451 3967 τάς
3498 3904 3707 3967 κακίας

2105 3994 2294 4049 ῶδινον
2318 4036 2331 4061 ,
2393 3995 2542 4065 ὅμως
2588 3996 2706 4066 μετ’
2743 3997 2802 4050 ού
2839 3996 2974 4049 πολὺ
3015 3996 3115 4066 τῆς
3144 3995 3323 4049 αὐτῶν
3360 4004 3708 4067 κακουργίας

2106 4087 2168 4141 τὸ
2214 4087 2411 4157 ψεῦδος
2460 4088 2834 4161 διερρήσσετο.
2863 4089 2976 4143 Καὶ
3015 4089 3208 4143 τούτου
3252 4092 3367 4152 τοῖς
3412 4091 3551 4143 πᾶσι
3587 4090 3710 4142 δια-

2107 4178 2447 4249 γνωσθέντος
2473 4180 2569 4234 καὶ¹
2594 4183 2658 4234 ὲκ
2685 4181 2863 4235 ποδῶν
2890 4182 3204 4253 γινομένου,
3231 4183 3286 4235 αἱ
3309 4180 3405 4235 τοῦ
3429 4180 3565 4235 Θεοῦ
3584 4182 3709 4234 Ἐκ-

2110 4270 2333 4341 κλησίαι
2358 4270 2790 4342 κατηυγάζοντο·
2824 4271 2961 4326 ἀλλά
2989 4272 3087 4325 καὶ
3110 4271 3205 4326 νῦν
3230 4273 3327 4326 καὶ
3353 4273 3433 4337 είς
3457 4272 3551 4327 τὸν
3570 4272 3705 4326 αἰῶ·

2110 4380 2198 4428 να,
2236 4364 2811 4437 καταυγασθήσονται.

2112 4486 2127 4516 ξ.
2184 4453 2261 4510 Θ’.
2315 4456 2379 4510 Ἦ
2426 4455 2482 4509 δὲ
2529 4457 2895 4528 ὲσκοτισμένη
2942 4457 3040 4513 καὶ
3073 4456 3421 4541 βορϐορώδης
3450 4459 3548 4513 καὶ
3575 4473 3706 4512 στα-

417 4551 777 4608 mundissima
825 4550 1251 4604 Manicbazorum
1293 4547 1524 4605 haeresis
1560 4562 1592 4601 a
1632 4546 1847 4601 cunctis
1879 4560 1988 4615 geni

2119 4548 2321 4620 σιὼδης
2370 4549 2470 4601 καὶ
2518 4550 2841 4621 παμμίαρος
2889 4550 2984 4604 καὶ
3027 4551 3391 4623 αἰσχρουργδς
3437 4549 3549 4604 τῶν
3584 4550 3707 4605 Ma-

420 4645 565 4701 tibus
599 4644 892 4715 exagitata,
929 4652 1149 4714 propter
1179 4642 1520 4712 desperatam
1556 4638 1676 4710 ejus
1716 4638 2008 4705 medelam,

2119 4640 2344 4712 νιχαίων
2374 4641 2586 4712 αἵρεσις
2619 4641 2725 4695 ὑπὸ
2756 4643 2971 4697 πάντων
2998 4641 3171 4696 ἐθνῶν
3197 4643 3503 4715 διωκομένη
3532 4643 3620 4696 διὰ
3644 4641 3707 4696 τὸ

420 4746 475 4793 ct
531 4735 831 4805 cujuslibet
883 4734 1250 4805 improbitatis
1300 4733 1561 4796 cinnum,
1621 4731 1732 4785 alto
1795 4729 1988 4784 silentii

2113 4735 2335 4789 ἀνίατον
2387 4735 2558 4806 αὐτὴν
2599 4734 2870 4808 ὑπάρχειν
2911 4739 3007 4791 καλ⁵
3047 4737 3227 4807 πάσης
3255 4736 3544 4807 βδελυρίας
3576 4735 3700 4790 ἀνά-

419 4830 817 4887 observabatur
857 4845 887 4883 a
934 4828 1051 4883 suis
1100 4836 1156 4882 et
1211 4826 1512 4881 colebatur.
1563 4824 1679 4879 lloc
1721 4825 1867 4879 enim
1910 4824 1983 4878 illi

2116 4846 2314 4900 μεστον
2368 4829 2461 4882 καλ⁵
2511 4833 2636 4899 σιγῇ
2674 4829 2865 4903 βαθείᾳ
2916 4831 3044 4904 παρ’
3078 4830 3257 4884 αὐτῶν
3292 4830 3581 4903 τιμωμένη
3612 4829 3709 4882 καὶ

420 4924 694 4995 prrecipue
744 4922 897 4979 cordi
949 4930 1054 4981 est,
1098 4930 1159 4974 ut
1198 4919 1454 4991 mysteria
1509 4934 1605 4974 sua
1654 4916 1988 4986 haircsimqu‘

2118 4921 2408 4992 σεϐομένη.
2486 4921 2660 4975 Τοῦτο
2704 4922 2814 4994 γάρ
2864 4925 3012 4976 ἐστιν
3060 4924 3242 4985 αὐτοῖς
3296 4923 3357 4976 τὸ
3402 4919 3708 4994 περισπού-

420 5032 765 5087 nequaquam
798 5014 1054 5071 omnibus
1084 5012 1483 5077 consectaneis,
1512 5011 1715 5065 nedum
1751 5010 2013 5073 externis,

424 5108 872 5173 communicent;
930 5104 1024 5160 sed
1081 5104 1288 5175 paucis,
1331 5118 1469 5173 quos
1528 5102 1583 5155 in
1633 5116 1857 5156 suorum
1909 5115 2015 5153 nu-

426 5216 578 5256 mero
614 5201 794 5255 sciunt
827 5199 1105 5269 impietate
1142 5196 1310 5267 magis
1348 5195 1641 5267 perfectos.
1678 5194 2017 5260 Quibusdam

430 5309 559 5348 vero
601 5309 780 5347 rerum
841 5292 1138 5361 adjunctis,
1194 5290 1337 5345 haud
1397 5289 1599 5343 multos
1644 5296 1770 5343 ante
1818 5303 2015 5354 annos,

427 5386 743 5455 apostaticis
780 5385 989 5439 viribus
1021 5383 1151 5436 satis
1194 5380 1511 5438 confirmata
1553 5389 1607 5435 ct
1649 5381 1934 5447 instructa,
1964 5388 2021 5434 ct

506 5550 598 5605 “l
632 5549 773 5606 Tim.
808 5568 880 5615 ιν,
911 5551 967 5604 ‘2.
1044 5552 1087 5581 ¹³
1124 5548 1313 5604 Matth.
1349 5563 1458 5610 xvi,
1495 5547 1580 5602 18.

2117 5013 2313 5066 δαστον
2338 5053 2353 5078 ,
2408 5014 2470 5066 τὸ
2519 5013 2593 5085 μὴ
2628 5013 2726 5078 τὰς
2755 5013 2975 5078 τελετὰς
3005 5014 3187 5067 αὐτῶν
3219 5016 3312 5067 καὶ
3341 5013 3441 5077 τὰς
3470 5014 3710 5087 αἱρέσεις

2123 5106 2204 5169 είς
2235 5107 2443 5169 πάντας
2471 5107 2566 5159 καὶ
2596 5109 2722 5170 τοὺς
2748 5108 2879 5178 παρ’
2905 5107 3086 5170 αὐτοῖς
3112 5107 3366 5171 οἰκείους,
3389 5107 3543 5161 simtu
3562 5106 3704 5181 [cod.

2124 5196 2164 5252 f.
2196 5198 2267 5253 86
2315 5196 2382 5269 b]
2434 5198 2578 5268 λέγω
2627 5200 2753 5262 τοὺς
2800 5198 2999 5263 ξένους,
3041 5200 3222 5252 αὐτῶν
3251 5200 3706 5271 δημοσιεύεσθαιο

2125 5289 2251 5343 ἀλλῗ
2276 5290 2360 5353 είς
2403 5290 2615 5360 ὀλίγους
2661 5289 2757 5355 οὒς
2799 5291 2865 5345 ἀν
2900 5291 3060 5344 ἴδοιεν
3090 5292 3219 5363 παρ’
3248 5293 3434 5356 αὐτοῖς
3456 5290 3709 5346 τελεωτέ-

2132 5397 2258 5452 ρους
2290 5380 2389 5453 τὴν
2420 5382 2676 5435 ἀσέϐειαν
2700 5399 2715 5414 '
2770 5384 2983 5454 καιροῖς
3026 5382 3089 5436 δέη
3117 5400 3226 5435 τισι
3277 5384 3382 5452 πρὸ
3409 5384 3615 5454 χῴιιων
3645 5380 3705 5435 ού

1724 5668 1959 5723 VAle
2003 5667 2409 5725 LECTIUNES.

508 5816 533 5850 α
569 5812 632 5865 Pu.
668 5811 963 5883 ἠπάτησν.
1019 5823 1042 5850 ο
1072 5811 1135 5866 R.
1160 5811 1711 5883 κεκατηριαεμέιίων.
1764 5809 1875 5865 (Β.
1904 5811 2086 5867 αὐτόν.
2169 5813 2193 5851 ε
2227 5811 2382 5866 Deest
2416 5808 2535 5880 θείᾳ
2574 5808 2712 5881 apud
2744 5806 2907 5884 Β.-)
2941 5808 3005 5863 ῐὶ.
3036 5811 3127 5863 καὶ
3162 5809 3265 5863 τά(
