3928 6246
238 222 385 288 1253

1376 228 1746 291 HISTORIA
1787 228 2407 297 MANICH/EORUM.

3399 233 3537 303 1254

234 335 453 391 πολλῶν
498 337 618 400 ταῖς
662 336 1060 402 ἀποστατικαῖς
1106 337 1369 411 δυνάμεσι
1412 340 1637 405 τελείως
1676 343 1831 415 ἐνερ-

1957 345 2209 400 nalorum
2267 344 2534 417 principis
2588 343 2807 401 Satanas
2865 361 3102 407 erroneo
3159 345 3363 405 ducatu
3400 365 3536 422 pro-

232 432 470 500 γηθεῖσα
500 431 515 472 ί
553 431 648 486 καὶ
680 431 1082 503 μαθητευθεῖσα
1132 434 1228 487 καὶ
1260 431 1356 487 τοῦ
1390 434 1700 507 ἁρχεκάκου
1732 438 1836 489 Σαο

234 524 379 579 τανᾶ
428 526 494 595 τῇ
544 524 938 597 πεπλανημένη
986 526 1180 599 ὁδηγίᾳ.
1226 527 1697 598 προϐιϐασθεῖσα,
1734 530 1835 601 τὴν

234 616 407 670 αὐτοῦ
441 616 752 689 πρόδρομον
783 618 1122 672 ἀποστασίαν
1151 618 1394 672 ὠδίνασα
1426 618 1683 691 ἐκύησεν,
1721 622 1838 674 ἐτέ-

237 726 369 780 ρους
412 709 676 779 δαίμονας
716 710 1009 781 σαρκίνους
1059 712 1156 765 σὺν
1187 711 1265 782 τῷ
1293 711 1632 783 καθηγεμόνι
1656 713 1836 767 αὐτῶν

232 802 472 874 διαϐόλῳ
508 803 856 869 ἀναδείξασα·
895 802 987 866 οὒς
1021 804 1211 873 μηδεὶς
1246 805 1539 875 ἀπιστήσοι
1573 805 1838 877 δαίμονας

235 894 529 965 ὑπάρχειν.
564 894 643 947 Τὰ
668 896 775 964 γὰρ
805 894 879 965 μὴ
904 895 1232 965 τολμώμενα
1261 895 1413 967 παρὰ
1437 896 1544 949 τῶν
1565 897 1837 967 δαιμόνων

232 986 495 1055 λέγεσθαι
542 986 576 1056 ἢ
626 986 995 1057 πράττεσθαι,
1049 989 1204 1041 αὐτοὶ
1234 988 1466 1052 ἀναιδῶς
1498 990 1593 1042 καὶ
1618 991 1837 1062 ἀπήρυ-

232 1078 590 1149 θριασμένως
636 1079 783 1132 κατά
825 1096 886 1132 τε
936 1078 1030 1131 τοῦ
1073 1079 1209 1132 Θεοῦ
1254 1079 1349 1133 τοῦ
1396 1082 1839 1153 παντοκράτορος

236 1170 333 1223 καὶ
380 1169 603 1223 πάντων
643 1168 951 1243 ἀνθρώπων
992 1171 1296 1241 πράττουσί
1325 1188 1384 1224 τε
1426 1173 1520 1225 καὶ
1548 1173 1798 1241 λέγουσιν
1822 1189 1837 1207 ο

232 1262 314 1324 ὡς
361 1260 513 1315 ἐστιν
552 1260 790 1332 ἀθρῆσαι
834 1263 1035 1327 αὐτοὺς
1068 1263 1465 1334 ἀνεπιμίκτους
1492 1266 1605 1328 τοῖς
1632 1264 1843 1337 ἀνθρώ-

238 1372 366 1418 ποις
421 1354 769 1425 ὑπάρχοντας
819 1355 887 1409 δι’
921 1355 1099 1427 ἄκραν
1148 1357 1569 1428 αἰσχρουργίαν,
1613 1359 1708 1412 καὶ
1743 1357 1841 1430 τὴν

238 1447 451 1517 ἔρημον
499 1446 785 1510 οἰκοῦντας
838 1446 1029 1513 ὥσπερ
1077 1449 1201 1512 τοὺς
1243 1449 1533 1521 δαίμονας’
1578 1451 1674 1504 καὶ
1716 1449 1842 1515 ξένα

237 1539 363 1591 τινὰ
416 1540 511 1592 καὶ
552 1538 820 1593 ἀλλόκοτα
860 1540 1298 1612 ἐπιφημίζοντας
1336 1542 1725 1613 προϐλήματα,
1767 1544 1844 1609 ὡς

237 1633 402 1701 δῆθεν
432 1633 545 1694 τοῖς
574 1630 668 1685 τοῦ
701 1633 849 1703 ἱεροῦ
878 1634 1216 1703 Εὑαγγελίου
1254 1636 1349 1688 καὶ
1379 1633 1471 1688 τοῦ
1515 1634 1840 1691 Ἀποστόλου

1943 444 2119 500 vecta,
2145 434 2375 504 primam
2407 449 2561 489 suam
2603 435 2937 505 apostasiam
2979 436 3211 507 peperit,
3248 437 3382 492 alios
3413 454 3539 494 car-

1940 526 2093 581 nales
2119 527 2399 582 daemones
2426 544 2551 584 cum
2581 529 2723 584 duce
2753 529 2994 601 ipsorum
3025 530 3242 585 diabolo
3274 530 3531 597 eﬂ‘erens,

1940 634 2080 689 quos
2109 629 2259 675 certe
2282 636 2445 675 nemo
2467 636 2588 676 esse
2623 622 2903 677 daemones
2933 622 3222 678 dubitabit.
3255 619 3390 677 Nam
3415 638 3536 695 quae

1940 728 2012 766 ne
2040 712 2318 767 daemones
2346 714 2568 783 quidem
2611 715 2798 771 dicere
2840 716 2927 771 vel
2974 732 3137 788 agere
3183 717 3387 781 ausint,
3432 717 3534 788 ipsi

1941 802 2291 873 impudenter
2341 806 2460 860 sine
2495 807 2609 861 ullo
2647 808 2866 875 rubore,
2909 816 3023 862 tum
3070 808 3334 864 adversus
3364 808 3536 864 Deum

1944 897 2395 967 omnipotentem,
2433 906 2548 953 tum
2603 910 2795 955 contra
2854 902 3107 957 homines
3147 911 3317 973 agunt
3361 909 3417 957 et
3452 901 3538 957 di-

1945 998 2097 1052 cunt,
2139 990 2219 1044 uti
2254 1006 2447 1061 reapse
2472 992 2657 1047 videre
2706 1001 2792 1047 est
2822 995 2922 1049 bos
2955 993 3237 1048 hominum
3274 994 3538 1050 societate

1945 1092 2213 1149 extorres,
2256 1092 2480 1154 propter
2522 1101 2793 1139 summam
2840 1101 3055 1141 morum
3102 1087 3409 1143 fmditatem
3444 1087 3541 1143 dc-

1945 1186 2091 1232 serta
2144 1177 2264 1233 loca
2318 1178 2580 1243 incolere,
2615 1186 2674 1233 ut
2708 1179 2989 1234 daemones
3035 1179 3265 1245 faciunt,
3294 1188 3351 1235 et
3377 1194 3541 1251 pere-

1946 1268 2099 1339 grina
2131 1270 2379 1339 quaedam
2429 1281 2593 1341 atque
2640 1271 2877 1327 absurda
2924 1271 3284 1343 pronuntiare
3316 1272 3541 1344 proble-

1946 1370 2115 1425 mata,
2160 1362 2315 1431 quasi
2366 1378 2430 1417 ea
2484 1364 2623 1418 sacri
2668 1364 2949 1436 Evangelii
3000 1365 3344 1436 apostolique
3381 1364 3545 1422 dictis

1946 1454 2274 1511 conﬁrmare
2325 1465 2530 1527 queant
2576 1457 2631 1512 hi
2675 1459 3029 1530 sycophanta;
3062 1474 3127 1514 ac
3162 1459 3542 1515 detestabiles.

1945 1546 2066 1602 Jam
2096 1564 2225 1603 vero
2253 1565 2374 1619 qua:
2407 1550 2518 1605 sint
2543 1548 2680 1617 haec,
2711 1560 2765 1606 et
2812 1552 2958 1607 unde
2987 1560 3043 1606 et
3068 1552 3286 1621 quando
3316 1552 3546 1608 exstite-

1947 1640 2079 1709 rint,
2116 1642 2221 1696 hoc
2269 1643 2542 1698 sermonis
2594 1644 2767 1699 nostri
2808 1644 2932 1705 loco
2973 1659 3332 1721 exponemus,
3369 1659 3545 1715 pauca

237 1724 424 1792 λόγοις
455 1724 869 1794 ἐπερειδόμενοι
898 1725 977 1778 οἱ]
1014 1726 1351 1796 συκοφάνται
1383 1729 1478 1781 καὶ
1502 1730 1839 1801 παμμίαροι·

1957 1735 2196 1805 quaedam
2238 1736 2629 1806 compendiose
2670 1739 3100 1807 complectentes
3140 1738 3393 1794 distincta
3436 1752 3545 1791 nu-

240 1817 382 1870 ᾶλλα
406 1818 531 1870 τίνα
555 1816 729 1870 ταῦτα
755 1818 848 1870 καὶ
873 1818 1040 1872 πόθεν
1068 1822 1163 1873 καὶ
1191 1820 1343 1887 πότε,
1375 1820 1611 1876 ἐνταῦθα
1636 1822 1730 1876 τοῦ
1765 1823 1845 1877 λό-

240 1927 342 1977 γου
375 1909 669 1980 γενόμενος
701 1910 1067 1981 διηγήσομαι,
1116 1912 1506 1983 κεφαλαιὼσας
1539 1915 1697 1984 ὀλίγα
1725 1915 1847 1969 τινὰ

241 2006 328 2066 εἰς
358 2002 630 2073 ἀριθμοὺς
663 2004 721 2056 ἐν
745 2002 877 2075 ψιλῇ
906 2003 1048 2068 τέως
1073 2004 1456 2077 ἀπαριθμήσει
1482 2048 1495 2072 ,
1549 2006 1637 2060 διὰ
1670 2007 1730 2059 τὸ
1756 2008 1849 2061 εὐ-

244 2095 645 2167 μνημόνευτον.
702 2092 816 2150 Εἶθ’
869 2095 1099 2168 ὕστερον
1153 2097 1291 2169 μετὰ
1336 2101 1435 2169 τὴν
1492 2100 1622 2171 περὶ
1668 2100 1848 2156 αὐτῶν

245 2189 531 2261 ἱστορίαν,
593 2190 836 2260 καὶτῆς
903 2192 1041 2263 πρὸς
1100 2193 1298 2256 αὐτοὺς
1355 2192 1676 2266 συμπλοκῆς
1736 2196 1848 2249 ἀπ-

246 2280 566 2354 αρξόμεθα,
601 2284 667 2354 τῇ
714 2282 809 2336 τοῦ
851 2282 987 2337 Θεοῦ
1037 2283 1261 2356 βοηθείᾳ
1312 2285 1449 2358 πρὸς
1472 2286 1671 2350 αὐτοὺς
1698 2286 1853 2341 ἀντι-

251 2376 655 2447 μαχησάμενοι,
685 2377 785 2448 ὅση
839 2377 1093 2449 δύναμις,
1136 2378 1299 2443 εὐθύς
1334 2397 1394 2432 τε
1424 2379 1524 2443 τάς
1573 2380 1857 2451 Γραφικάς

1945 1828 2133 1891 meris,
2174 1828 2324 1883 brevi
2372 1829 2595 1884 interim
2630 1832 3028 1903 descriptione,
3061 1838 3122 1887 ut
3173 1831 3389 1886 facilius
3429 1844 3552 1885 me-

1946 1920 2135 1976 moria:
2170 1920 2524 1977 mandentur.
2560 1923 2767 1979 Deinde
2797 1931 2921 1994 post
2949 1923 3317 1992 conscriptam
3359 1920 3428 1975 de
3464 1920 3550 1976 his

1947 2013 2225 2071 haereticis
2270 2014 2583 2079 historiam,
2628 2016 2949 2071 eorumdem
2996 2030 3216 2086 quoque
3261 2010 3551 2068 refutatio-

1948 2122 2075 2161 nem
2131 2107 2564 2177 auspicabimur,
2614 2107 2727 2163 Deo
2781 2107 3079 2164 auxiliante
3126 2106 3379 2178 prcelium
3424 2119 3552 2160 cum

1954 2199 2091 2270 ipsis
2139 2199 2372 2254 viriliter
2417 2210 2802 2268 conserentes;
2852 2201 3227 2269 continuoque
3274 2213 3343 2253 ex
3395 2211 3553 2252 sacra

1962 2290 2247 2363 Scriptura
2271 2293 2770 2349 demonstrationes
2803 2310 2867 2348 ac
2899 2292 3210 2348 testimonia
3238 2290 3306 2346 ad
3337 2288 3555 2360 singula

1961 2385 2141 2453 capita
2171 2384 2470 2439 ordinatim
2499 2384 2750 2455 opposita
2781 2385 3199 2455 subjungemus.

249 2471 559 2538 ἀποδείξεις
617 2489 675 2525 τε
743 2472 884 2526 καὶκ
958 2472 1127 2547 [cod.
1184 2472 1224 2529 ί.
1283 2474 1406 2548 87]
1467 2478 1773 2550 μαρτυρίας
1836 2479 1955 2544 ἐνὸς
2010 2480 2245 2535 ἑκάστου
2302 2480 2599 2552 κεφαλαίου
2656 2482 2713 2537 ἐν
2766 2481 3130 2553 παραλλήλων
3199 2480 3354 2547 τάξει
3417 2479 3556 2535 ὑπορ

252 2562 517 2619 θήσομεν.

329 2580 391 2616 σο
466 2583 517 2619 ν.

290 2564 647 2729 ἡιημῐῖριῖιότον
670 2659 770 2731 μὲν
796 2659 907 2731 γάρ
937 2661 1051 2716 ἐστι
1078 2663 1140 2717 τὸ
1165 2664 1286 2718 κατ’
1310 2663 1510 2731 αὐτοὺς
1536 2665 1853 2738 γνώρισμα,

254 2750 319 2803 τὺ
359 2748 454 2804 δύο
486 2752 663 2822 ἀρχὰς
690 2752 973 2824 ὁμολογεῖν
1002 2794 1017 2820 ,
1052 2756 1291 2828 πονηρὸν
1321 2756 1456 2811 Θεὸν
1485 2760 1581 2811 καὶ
1607 2758 1813 2828 ἀγαθόν
1840 2774 1855 2790 ·

257 2845 355 2898 καὶ
408 2844 565 2900 ἄλλον
609 2842 749 2902 εἶναι
796 2848 953 2903 τοῦδε
996 2849 1090 2904 τοῦ
1136 2850 1347 2921 κόσμου
1400 2853 1635 2924 ποιητήν
1664 2870 1725 2907 τε
1764 2854 1858 2907 καὶ

2025 2663 2097 2719 Χ.
2145 2663 2247 2735 13
2278 2662 2524 2719 Primum
2552 2672 2638 2719 est
2680 2664 2825 2735 apud
2868 2664 2991 2721 illos
3033 2663 3249 2720 axioma
3278 2664 3556 2737 principia

1955 2754 2065 2812 duo
2096 2754 2370 2821 conﬁteri,
2403 2754 2609 2809 malum
2665 2755 2876 2827 scilicet
2906 2754 3079 2811 Deum
3123 2764 3179 2810 et
3228 2754 3468 2825 bonum;
3502 2765 3559 2813 et

1956 2848 2189 2904 alterum
2218 2847 2438 2918 quidem
2470 2861 2594 2904 esse
2626 2848 2815 2903 mundi
2859 2847 3025 2918 hujus
3066 2847 3326 2904 factorem
3356 2864 3422 2905 ac
3454 2849 3560 2904 Do-

258 2938 639 3012 ἐξουσιαστὴν,
663 2940 749 2994 ἐτε
758 2958 851 3013 ρον
872 2942 930 2997 δέ
957 2943 1053 2997 τοῦ
1081 2944 1387 3015 μέλλοντος.
1409 2946 1519 3000 Καὶ
1535 2945 1694 3000 τοῦτό
1709 2950 1852 3001 ἐστιν

1964 2942 2195 3007 minum,
2231 2942 2460 2997 alterum
2496 2940 2687 2995 futuri.
2728 2942 2908 3008 Atque
2934 2939 3039 2995 hoc
3078 2956 3223 3011 sape
3254 2941 3398 3011 apud
3433 2941 3557 2998 illos

259 3033 343 3097 είς
382 3033 582 3097 αὐτοὺς
632 3034 894 3100 πολλάκις
934 3037 1455 3109 ἐπισημειώσασθαι
1509 3040 1862 3111 ἀστειότητος

257 3126 447 3198 χάριν,
485 3123 583 3181 ἐνῙ
618 3127 902 3202 ἐλευθερίᾳ
945 3129 1114 3185 ὄντων
1161 3132 1344 3186 αὐτῶν
1388 3132 1683 3204 λεγόμενον
1723 3134 1863 3206 πρός

257 3236 386 3273 τινα
407 3259 422 3283 ,
465 3219 650 3283 ὁποῖός
672 3222 820 3276 ἐστιν
852 3222 880 3274 ὁ
906 3223 1471 3294 προσδιαλεγόμενος·
1515 3223 1708 3279 Είπέω
1747 3243 1859 3297 μοι,

260 3314 434 3383 φησὶν
454 3351 470 3378 ,
524 3314 579 3366 τί
621 3314 740 3368 ἐστι
771 3314 833 3367 τὸ
861 3315 1095 3388 χωρίξον
1125 3318 1275 3388 ἡμᾶς
1308 3319 1372 3370 ἐκ
1398 3316 1505 3370 τῶν
1533 3317 1864 3388 Ῥωμαίων;

260 3405 494 3469 ἑαυτοὺς
534 3406 583 3459 οί
628 3407 885 3462 ἄσπονδοι
916 3410 1011 3463 καὶ
1040 3408 1305 3481 ἄχρηστοι
1338 3410 1431 3462 κει)⁹
1463 3410 1730 3463 ἄπιστοιο
1765 3400 1863 3464 καῖ

261 3497 560 3569 ἀχάριστοι
595 3501 690 3556 καὶ
720 3501 1052 3572 ἀφιλάγαθοι
1078 3544 1094 3571 ,
1127 3503 1494 3576 Χριστιανοὺς
1522 3504 1865 3559 ἀποκαλοῦν-

262 3608 390 3655 τες·
450 3593 599 3663 qua;
638 3594 695 3647 δὲ
741 3596 869 3661 τοὺς
900 3596 1116 3667 ἀληθῶς
1147 3599 1471 3670 ἐπωνύμους
1499 3597 1739 3672 Χριστοῦ
1768 3596 1865 3651 τοῦ

267 3684 535 3755 ἀληθινοῦ
582 3686 720 3742 Θεοῦ
763 3688 964 3760 ἡμῶν,
1022 3690 1331 3762 Ῥωμαίους
1374 3690 1753 3763 ὀνομάζοντες,
1790 3692 1870 3764 τῷ

264 3774 472 3846 ὲθνικῷ
532 3776 761 3848 ὀνόματι
816 3780 886 3847 ,τὸ
937 3778 1128 3853 κύριον
1186 3783 1421 3855 ἀμεῖψαι
1500 3783 1866 3857 πειρώμενον

265 3862 423 3938 ᾧτινι
444 3870 646 3941 μᾶλλον
664 3874 823 3942 ἡμεῖς
835 3873 1156 3945 οίςάψευδεῖς
1176 3883 1200 3911 °
1245 3878 1565 3950 Χριστιανοὶ
1607 3879 1872 3949 σεμνυνό·

273 3958 418 4031 μεθα
441 3999 457 4023 ,
512 3959 546 4031 ἢ
594 3961 849 4031 χιλιάδων
896 3966 992 4018 καὶ
1035 3966 1354 4037 μυριάδωνΡ
1382 3968 1610 4040 χρυσίου
1643 3968 1739 4021 καὶ
1768 3969 1872 4040 ἀρ-

272 4053 474 4125 γυρίου
523 4055 618 4109 καὶ
650 4055 817 4111 λίθων
848 4058 1045 4127 τιμίων
1076 4058 1186 4128 τῷν
1214 4061 1272 4113 ἐν
1302 4060 1411 4131 ὅλῳ
1443 4060 1519 4132 τῷ
1544 4060 1737 4132 κόσμῳ
1768 4062 1871 4115 ὑπ·

271 4147 561 4219 αρχόντων
615 4150 665 4203 εί
709 4146 777 4222 ἦν
820 4150 1054 4216 ἕκαστος
1099 4153 1255 4225 ήμῶν
1300 4155 1512 4226 κύριος.
1545 4154 1781 4223 Λέγουσι
1814 4153 1872 4207 δὲ

272 4243 438 4297 τοῦτο
467 4237 608 4299 εῖναι
639 4246 702 4300 τὸ
732 4246 967 4320 χωρίζον
994 4248 1218 4313 αὐτοὺς,
1253 4250 1335 4302 ὅτι
1365 4250 1565 4303 ἐκεῖνοι
1593 4249 1689 4319 μὲν
1713 4247 1872 4302 ἄλλον

1964 3035 2257 3091 observare
2304 3034 2455 3098 licet,
2504 3048 2630 3088 cum
2685 3032 2845 3088 liberi
2903 3042 3053 3097 sunt,
3094 3041 3149 3088 et
3195 3048 3319 3088 cum
3374 3034 3561 3105 aliquo

1964 3128 2211 3200 quolibet
2263 3127 2672 3196 colloquuntur,
2708 3125 2889 3196 lepide
2931 3124 3117 3179 dicere
3171 3125 3365 3181 solitos
3405 3144 3419 3181 :
3464 3126 3562 3183 Dic

1965 3220 2123 3284 mihi,
2151 3221 2395 3289 inquam,
2432 3219 2563 3289 quid
2617 3233 2718 3273 nos
2763 3233 2795 3272 a
2846 3217 3108 3273 Romanis
3152 3217 3452 3274 discernit?
3489 3216 3563 3275 Se

1967 3313 2118 3384 ipsos
2152 3312 2298 3367 enim
2347 3313 2404 3367 hi
2456 3310 2750 3383 fmdifragi,
2800 3310 2976 3381 pravi,
3012 3309 3303 3375 inereduli,
3340 3310 3560 3383 ingrati,

1966 3405 2189 3462 virtutis
2222 3420 2435 3470 osores,
2476 3405 2753 3476 appellant
2799 3402 3176 3469 Christianos;
3228 3417 3331 3459 nos
3379 3412 3566 3459 autem

1969 3500 2065 3571 qui
2090 3514 2221 3555 vere
2257 3514 2449 3555 sumus
2476 3498 2673 3554 Christi
2706 3497 2824 3553 veri
2853 3496 2949 3551 Dei
2980 3496 3154 3551 nostri
3186 3496 3564 3569 cognomines,

1969 3591 2252 3646 Romanos
2307 3600 2683 3660 nuncupant;
2756 3588 2946 3660 gentili
3002 3588 3224 3643 nomine
3284 3588 3568 3659 proprium

1970 3692 2221 3739 nostrum
2252 3690 2593 3737 commutare
2624 3689 2889 3737 conantes
2918 3698 2932 3735 2
2966 3695 3077 3751 quo
3110 3691 3293 3736 tamen
3321 3696 3444 3746 nos,
3476 3681 3571 3752 qui

1972 3778 2089 3833 veri
2141 3776 2442 3833 Christiani
2483 3790 2699 3841 sumus,
2739 3774 2913 3846 magis
2957 3774 3275 3845 gloriamur,
3319 3790 3482 3845 quam
3527 3772 3576 3830 si

1972 3868 2141 3924 millia
2176 3879 2273 3923 aut
2307 3868 2476 3923 etiam
2507 3866 2781 3939 myriadas
2812 3864 2932 3920 auri
2964 3866 3251 3935 argentive
3295 3877 3392 3919 aut
3433 3862 3574 3935 lapi-

1974 3964 2104 4018 dum
2146 3963 2535 4034 pretiosorum,
2573 3969 2845 4031 quotquot
2882 3961 2940 4014 in
2974 3961 3110 4014 urbe
3140 3967 3290 4021 sunt,
3322 3959 3574 4029 posside-

1976 4070 2186 4111 remus.
2227 4055 2423 4110 Dicunt
2469 4066 2654 4108 autem
2711 4053 2761 4107 id
2813 4067 2915 4107 nos
2959 4052 3029 4107 ab
3069 4052 3203 4122 ipsis
3237 4051 3575 4117 discernere,

1975 4148 2102 4219 quia
2135 4147 2238 4218 ipsi
2273 4148 2440 4202 alium
2474 4145 2746 4201 aﬁirmant
2791 4159 2913 4200 esse
2946 4144 3119 4199 Deum
3154 4143 3343 4198 mundi
3376 4142 3581 4198 Condi-

1986 4251 2183 4306 torem,
2215 4240 2384 4296 alium
2430 4255 2563 4295 vero
2602 4252 2766 4309 quem
2821 4238 3101 4293 caelestem
3148 4244 3345 4292 vocant
3384 4234 3577 4300 Deum,

273 4334 414 4388 Θεὸν
467 4336 721 4405 λέγουσιν
768 4336 908 4395 εἶναι
960 4342 1052 4395 τὸν
1101 4340 1197 4395 τοῦ
1235 4341 1444 4412 κόσμου
1479 4341 1746 4413 ποιητήν·
1783 4358 1852 4394 κα

1985 4334 2077 4407 qui
2103 4335 2308 4389 nullam
2342 4334 2509 4405 hujus
2542 4332 2752 4399 mundi,
2802 4332 2897 4388 sed
2929 4330 3115 4387 saeculi
3160 4338 3373 4385 tantum
3410 4328 3583 4384 futuri

274 4425 469 4497 ἓτερον
496 4426 652 4495 Θεὸν,
691 4428 749 4483 ὃν
784 4431 878 4485 καὶ
909 4432 1130 4504 Πατέρα
1163 4433 1488 4504 ἐπουράνιον
1514 4431 1761 4501 λέγουσι,
1805 4432 1852 4502 μέ

1981 4439 2309 4501 potestatem
2368 4428 2589 4484 habet:
2645 4442 2748 4482 nos
2801 4441 2934 4481 vero
2985 4440 3155 4479 unum
3219 4422 3587 4493 eumdemque

278 4517 476 4591 ἔχοντα
492 4520 548 4575 δὲ
572 4520 825 4587 ἐξουσίαν
846 4526 903 4578 ἐν
922 4524 1058 4595 τῷδε
1089 4525 1168 4596 τῷ
1198 4524 1540 4597 κόσμῳ.ἀλλ’
1567 4526 1626 4578 ἐν
1653 4524 1731 4596 τῷ
1757 4524 1852 4595 μέλ

1986 4523 2158 4576 Deum
2211 4520 2562 4585 conﬁtemur,
2610 4534 2796 4573 rerum
2843 4517 3090 4572 omnium
3141 4514 3429 4581 faetorem,
3462 4511 3586 4568 uni-

278 4612 429 4665 λοντι
455 4613 637 4670 αίῶνι.
656 4614 848 4688 ᾟμεῐς
865 4617 923 4671 δὲ
944 4618 1035 4671 τὸν
1054 4618 1217 4671 αὑτὸν
1242 4618 1338 4671 ἕνα
1352 4618 1483 4670 Θεὸν
1507 4616 1852 4688 ὁμολογοῦμε

1986 4613 2256 4668 versalem
2288 4628 2473 4685 regem
2498 4620 2555 4666 et
2579 4610 3037 4680 omnipotentem.
3070 4607 3348 4678 Aiuntque
3379 4604 3540 4659 nobis
3568 4621 3581 4658 :

281 4706 381 4759 καὶ
415 4682 759 4778 παντουρίὸν
792 4711 887 4762 καὶ
916 4710 1270 4781 παμϐασιλέα
1304 4710 1397 4763 καὶ
1424 4710 1845 4780 παντοκράτορα

1989 4704 2101 4762 Vos
2159 4706 2213 4759 in
2255 4682 2445 4760 mundi
2496 4703 2850 4759 Conditorem
2904 4702 3147 4767 creditis,
3187 4713 3289 4753 nos
3334 4711 3469 4753 vero
3525 4693 3584 4748 in

284 4798 382 4849 καὶ
412 4797 633 4866 λέγουσι
666 4801 804 4871 πρὸς
829 4804 1010 4872 ἡμᾶς,
1043 4804 1127 4856 δτι
1163 4804 1375 4875 Ὑμεῖς,
1408 4804 1562 4875 φησὶ,
1598 4803 1852 4856 πιστεύετ

1993 4800 2142 4854 illum
2196 4798 2263 4854 de
2312 4813 2423 4869 quo
2461 4797 2515 4851 in
2573 4795 2886 4867 Evangeliis
2942 4795 3204 4848 Dominus
3242 4790 3398 4853 dicit,
3438 4786 3587 4857 quod

286 4891 368 4953 εἰς
411 4890 505 4945 τὸν
551 4896 958 4967 κοσμοποιητὴν
982 4937 998 4964 ,
1052 4896 1212 4969 [eod.
1238 4896 1278 4952 Ι.
1331 4896 1398 4951 87
1424 4895 1489 4968 b]
1524 4897 1684 4967 ήμεῖς
1713 4894 1769 4948 δὲ
1803 4896 1851 4948 εί

1998 4887 2183 4960 Neque
2221 4905 2394 4943 vocem
2421 4888 2535 4957 ejus
2565 4888 2811 4952 audistis,
2836 4903 3001 4957 neque
3036 4886 3257 4956 speciem
3294 4880 3499 4936 vidistis
3522 4876 3587 4936 “.

287 4980 499 5035 ἐκεῖνον
534 4984 666 5053 περὶ
694 4979 755 5037 οὗ
790 4986 848 5038 ἐν
882 4986 1241 5056 Εὑαγγελίοις
1271 4989 1298 5041 ὁ
1328 4986 1534 5059 Κύριος
1563 4987 1712 5055 λέγει
1738 5026 1753 5050 ,
1804 4988 1852 5041 61

1996 4982 2115 5050 Qua
2168 4984 2225 5038 in
2280 4998 2339 5038 re
2389 4981 2554 5037 stulte
2597 4980 2901 5051 stolidcquc
2950 4979 3242 5042 blaterant,
3289 4981 3351 5029 ut
3397 4980 3588 5045 postea

294 5073 445 5127 Οὔτε
494 5076 709 5146 φωνὴν
751 5079 940 5133 αὑτοῦ
985 5081 1308 5147 ἀκηκόατε,
1345 5082 1483 5134 οὔτε
1511 5075 1671 5144 εἶδος
1701 5082 1848 5133 αὐτο

1999 5075 2487 5131 demonstrabitur.

290 5166 593 5237 ἑωράκατε
612 5186 625 5199 ·
686 5173 933 5242 ματαίως
964 5174 1059 5228 καλ⁸
1084 5174 1369 5246 ἀνοήτωςιι
1397 5172 1701 5243 κενοφωνού
1711 5189 1884 5243 μενοι,
1911 5169 2094 5232 καθὼς
2126 5168 2357 5238 ὕστερον
2388 5166 2785 5239 δηλωθήσεται.

371 5314 416 5346 ⁸⁵
442 5311 603 5367 Joan.
636 5329 691 5377 ν,
720 5314 811 5368 57.

1639 5426 1879 5484 VARle
1926 5421 2337 5480 LECTIONES.

2465 5567 2478 5619 i
2522 5567 2587 5621 Β.
2621 5563 3029 5635 ἐπορειδόμενοι
3053 5559 3144 5615 οὔ.
3206 5632 3227 5635 η
3253 5558 3281 5599 ι
3322 5557 3422 5611 Hic
3448 5554 3590 5635 apud

377 5578 391 5618 ί
429 5576 649 5633 Abhinc
672 5576 871 5631 desunt
902 5576 1043 5644 apud
1079 5574 1142 5630 [ἰ.
1172 5573 1440 5629 vocabula
1470 5574 1685 5644 decem,
1740 5570 2012 5644 usque_ad
2054 5570 2152 5641 τὴν
2185 5569 2372 5644 αὑτοῦἼ

982 5626 1430 5699 σ’ςᾷξᾱυδῐιέιέεῑει
1470 5626 1531 5698 in
1550 5626 1798 5699 codice:
1820 5626 1844 5643 ³
1866 5641 1885 5680 ι
1918 5641 2077 5697 Deest
2105 5626 2163 5695 ἐν
2189 5646 2330 5699 apud
2368 5640 2434 5696 R.
2536 5652 2575 5680 In
2602 5637 2669 5693 Β.
2698 5626 2850 5692 ἐλπέ.
2878 5626 2889 5635 ’
2952 5645 2977 5673 η
3003 5633 3167 5690 Deest
3199 5632 3419 5687 ἄπιστοι
3451 5626 3594 5699 apud

303 5648 364 5701 lt.
400 5648 668 5702 inseritur
698 5640 1071 5718 προφητειῶν,
1097 5648 1245 5713 quod
1275 5645 1430 5718 deest
1470 5646 1521 5698 in
1550 5643 1756 5718 codice.
1826 5640 1843 5643 ⁷
1866 5641 2077 5718 ικῡεεει
2105 5645 2163 5695 ἐν
2189 5646 2330 5713 apud
2368 5640 2434 5696 R.

302 5718 366 5774 ιι.
447 5728 472 5758 ο
505 5718 573 5774 Β.
610 5712 758 5790 ἡμᾶς
787 5712 882 5772 κάῗ
912 5718 1185 5788 ἀψευδεῖς.
1287 5727 1314 5767 Ρ
1346 5716 1411 5771 Β.
1458 5715 1753 5787 κυριάδων.
1829 5724 1858 5765 q
1886 5712 1955 5769 Β.
1990 5715 2217 5783 νοήτως.
