3928 6246
225 259 362 324 1257

1363 269 1728 329 HISTORIA
1785 270 2398 335 MANICH/EORUM.

3369 277 3504 339 1258

219 381 291 434 τὰ
339 385 410 434 ἐν
451 379 528 450 τῇ
565 380 816 451 δευτέρᾳ
855 383 964 438 τοῦ
1005 385 1228 455 Κυρίου
1263 387 1569 456 παρουσίᾳ
1597 387 1812 457 δῆλον,

1930 391 2174 445 oientiam
2213 393 2424 462 scripsit
2458 393 2618 460 vobis,
2647 395 2782 450 sicut
2809 406 2858 451 et
2881 397 2934 452 in
2973 397 3212 452 omnibus
3249 396 3502 468 Epistolis

219 473 310 528 ὅτι
357 473 755 529 σπουδάσατε
799 476 1051 531 ἄσπιλοι
1098 480 1198 533 καὶ
1245 480 1470 550 ἄμωμοι
1512 480 1676 546 αὐτῷ
1711 483 1811 536 εὐ-

210 565 469 634 ρεθῆναι
523 568 594 620 ἐν
639 568 885 639 εὶρήνῃ·
939 570 1040 625 καί
1087 571 1203 638 τὴν
1245 573 1351 628 τοῦ
1389 575 1612 642 Κυρίου
1644 575 1816 643 ἡμῶν

213 661 657 729 μακροθυμίαν,
676 664 980 731 σωτηρίαν
1004 664 1266 732 ἡγεῖσθε·
1301 666 1496 732 καθὼς
1517 665 1612 719 καί
1633 669 1666 720 o'
1681 668 1818 735 ἀγα-

219 751 414 818 πητὸς
442 753 613 822 ἡμῶν
647 755 913 824 ἀδελφὸς
936 758 1180 825 Παῦλος
1211 757 1362 812 κατὰ
1389 757 1506 826 τὴν
1532 758 1818 814 δοθεῖσαν

218 844 386 911 αὐτῷ
429 849 657 916 σοφίαν
703 848 970 918 ἔγραψεν
1009 850 1190 920 ὑμῖν,
1242 851 1317 917 ὡς
1355 851 1455 905 καὶ
1493 853 1562 905 ἐν
1590 851 1818 920 πάσαις

219 937 353 1003 ταῖς
377 937 728 1005 ἐπιστολαῖς
755 940 964 1006 αὐτοῦ,
994 942 1204 996 λαλῶν
1219 943 1289 996 ἐν
1309 942 1518 1010 αὑταῖς
1534 943 1667 1014 περὶ
1683 946 1818 998 τού-

220 1047 374 1084 τωνο
412 1031 564 1105 [cod.
598 1031 636 1088 ι.
663 1033 751 1089 88.
774 1032 855 1102 h.]
885 1033 956 1086 ἐν
986 1033 1082 1100 αἷς
1112 1036 1244 1090 ἐστι
1273 1035 1586 1104 δυσνόητά
1614 1053 1748 1090 τινα
1778 1035 1817 1090 d

1917 485 2026 538 suis
2066 483 2280 553 loquens
2323 484 2378 538 in
2421 486 2496 540 eis
2535 488 2600 541 de
2641 489 2720 542 his
2746 504 2766 544 .'
2800 489 2856 542 in
2891 490 3079 560 quibus
3109 499 3230 544 sunt
3260 490 3508 560 quaedam

1919 574 2152 643 difﬁcilia
2191 575 2478 640 intellectu,
2519 593 2636 648 qua?
2678 579 2878 633 indocti
2916 591 2966 633 et
3003 581 3272 636 instabiles
3309 583 3506 636 distor-

1919 669 2170 735 quebunt,
2207 669 2342 721 sicut
2387 680 2436 721 et
2491 669 2722 733 reliquas
2763 673 3080 742 scripturas,
3123 679 3194 728 ad
3235 676 3510 745 propriam

1921 760 2158 828 ipsorum
2189 761 2536 830 perditionem
2575 763 2641 816 ".
2684 763 2813 820 llaec
2861 765 2936 818 illi
2982 765 3252 836 vituperio
3286 774 3510 820 vertunt

1923 852 2208 923 Apostolo,
2240 869 2362 924 (ιιιιο
2392 861 2574 908 tamen
2633 853 2781 910 laudi
2835 866 2998 923 sunt;
3035 865 3222 928 utpote
3266 873 3297 911 a
3334 857 3509 912 libero

1920 941 2180 997 vaticinia
2225 942 2491 1013 profecta,
2524 953 2580 1000 et
2629 946 2778 1001 omni
2819 947 3095 1002 rhetorico
3141 947 3374 1003 artiﬁcio
3416 963 3508 1004 re-

1919 1044 2064 1090 mota
2077 1077 2089 1090 .

223 1129 278 1181 oi
311 1126 559 1196 ἀμαθεῖς
608 1129 708 1182 καὶ
750 1130 1102 1199 ἀστήρικτοι
1145 1129 1661 1197 στρεϐλώσουσιν,
1695 1131 1775 1196 ὡς
1806 1129 1904 1185 καί
1947 1129 2055 1195 τὰς
2085 1129 2307 1196 λοιπὰς
2339 1129 2610 1198 γραφὰς,
2647 1132 2799 1202 πρὸς
2829 1132 2946 1202 τὴν
2976 1133 3136 1188 ίδίαν
3157 1132 3359 1188 αὐτῶν
3380 1133 3498 1188 ὰπ-

219 1221 462 1276 ὡλειαν.
521 1217 692 1285 Οὗτός
743 1224 893 1276 ἐστιν
947 1225 976 1274 ὁ
1027 1222 1156 1292 παρ’
1201 1221 1386 1286 αὐτοῖς
1432 1221 1532 1291 μὲν
1565 1220 1734 1290 ψόγος
1805 1221 1884 1292 τῷ
1935 1222 2246 1296 Ἀποστόλῳ
2295 1229 2781 1300 προσφερόμενος*
2839 1229 2992 1300 παρὰ
3051 1229 3110 1282 δὲ
3169 1231 3236 1300 τῇ
3278 1227 3510 1300 ἀληθείᾳ

219 1315 502 1386 ἐγκώμιον
549 1316 700 1388 αὐτῷ
749 1317 996 1388 ὑπάρχον
1046 1315 1619 1388 πεπαῤῥησιασμένης
1670 1315 2038 1386 προφητείας,
2087 1319 2270 1391 πάσης
2308 1323 2608 1394 ῥητορικῆς
2675 1323 2883 1394 πλοκῆς
2915 1322 3398 1394 ὑπεξῃρημένοντ.
3437 1364 3440 1366 ν

296 1407 519 1470 Ἕκτον,
584 1409 644 1460 τὸ
700 1408 827 1472 τοὺς
881 1407 1294 1479 πρεσϐυτέρους
1349 1408 1448 1476 τῆς
1480 1405 1810 1477 Ἐκκλησίας

220 1500 636 1570 ἀποτρέπεσθαι
674 1518 690 1532 ο
715 1503 849 1571 φησὶ
877 1503 936 1556 δὲ
968 1504 1050 1556 ὅτι
1081 1505 1128 1556 oi
1161 1500 1523 1573 πρεσϐύτεροι
1555 1501 1696 1554 κατὰ
1717 1499 1808 1552 τοῦ

220 1594 434 1665 Κυρίου
495 1594 859 1665 συνήχθησαν,
894 1594 990 1648 καὶ
1019 1595 1106 1648 διὰ
1168 1594 1326 1649 τοῦτο
1353 1595 1413 1648 οὐ
1458 1593 1562 1664 χρὴ
1612 1593 1811 1656 αὐτοὺς

219 1686 612 1756 ὀνομάζεσθαι,
643 1685 784 1757 ψιλῷ
821 1687 900 1757 τῷ
937 1687 1162 1758 ὀνόματι
1193 1688 1287 1742 καὶ
1320 1687 1470 1758 μόνῳ
1509 1685 1810 1756 ἀπεχθανό-

1930 1704 2037 1743 asse
2087 1691 2462 1762 usurpandum

225 1796 382 1849 μενοι
411 1795 424 1808 '
453 1781 582 1852 περὶ
610 1773 684 1834 ὧν
717 1780 941 1852 ὕστερον
972 1781 1029 1832 ὲν
1051 1784 1119 1852 τῇ
1158 1780 1301 1834 κατὰ
1334 1781 1534 1851 βάθους
1563 1781 1810 1846 ἐξετάσει

223 1873 282 1925 ὲν
323 1873 439 1944 ἰδίῳ
484 1875 701 1946 ἑκάστῳ
754 1874 1037 1945 κεφαλαίῳ
1068 1875 1404 1945 σαφέστερον
1434 1874 1761 1946 λεχθήσεται
1794 1894 1808 1905 ·

221 1966 322 2038 ἠδη
353 1966 412 2019 δὲ
445 1967 630 2020 λοιπὸν
664 1967 760 2020 καὶ
782 1967 892 2020 τῶν
916 1967 1390 2038 ὑπομνηματικῶν
1419 1966 1669 2038 ἱστοριῶν
1702 1967 1811 2020 ἀπ-

223 2057 495 2130 άρξασθαι
530 2058 722 2127 καιρός
776 2061 925 2113 ἐστιν
945 2076 958 2090 ο
990 2058 1308 2131 ἀπάρξομαι
1338 2057 1384 2113 δ’
1411 2057 1611 2123 οὕτως,
1641 2059 1711 2114 τά
1751 2075 1813 2111 τε

222 2152 377 2222 παρὰ
434 2151 528 2204 τοῦ
567 2152 841 2223 μακαρίου
891 2152 1162 2223 Κυρίλλου
1193 2155 1252 2206 ὲν
1292 2156 1415 2214 ταῖς
1443 2153 1816 2224 κατηχήσεσιν

226 2247 461 2318 ρηθέντα
500 2245 890 2316 (14)·ιτροθεὶς,
928 2245 1024 2298 καὶ
1079 2245 1150 2298 τά
1207 2246 1342 2315 παρ’
1395 2245 1554 2314 ἡμῶν
1609 2244 1814 2316 ἀρτίως

223 2339 632 2408 διαγνιυσοέντα
663 2337 909 2402 ὑποθεὶς,
945 2338 1020 2401 ὡς
1052 2337 1119 2392 ἂν
1151 2338 1259 2407 ἄρα
1281 2336 1588 2408 οἰκειοτέρα
1620 2339 1653 2406 ἡ
1684 2336 1815 2389 σκέ-

224 2433 318 2504 ψις
354 2435 674 2504 γενήσεται.

301 2526 404 2582 lA'.
447 2527 505 2579 ὐ
535 2525 849 2596 δυσώνυμος
878 2523 1071 2594 Μάνης
1101 2523 1202 2576 οὐκ
1237 2523 1380 2576 ἔστιν
1408 2521 1517 2576 ἀπὸ
1554 2523 1817 2594 Χριστια-

226 2621 356 2684 νῶν,
395 2619 471 2690 μὴ
501 2618 714 2688 γένοιτο
741 2620 754 2671 ί
780 2617 900 2670 οὐδὲ
946 2616 1090 2668 κατὰ
1133 2618 1225 2668 τὸν
1285 2614 1508 2685 Σίμωνα
1549 2613 1814 2685 ἐξεϐλήθη

225 2711 327 2782 τῆς
365 2709 717 2781 Ἐκκλησίας,
753 2708 877 2762 οὔτε
907 2707 1090 2771 αὐτὸς,
1119 2706 1244 2759 οὔτε
1279 2707 1326 2758 οἱ
1367 2704 1474 2776 πρὸ
1503 2702 1672 2758 αὐτοῦ
1712 2704 1814 2773 τῆς

226 2804 490 2874 τοιαύτης
546 2801 746 2865 κακίας
802 2799 1110 2854 διδάσκαλοι
1140 2815 1154 2828 ο
1190 2797 1433 2868 κλέπτης
1483 2796 1592 2866 γάρ
1645 2797 1814 2860 ἐστιν,

227 2894 531 2966 ἀλλοτρίων
556 2892 821 2964 αἱρέσεων
849 2889 1105 2945 ἱδιοποιού
1116 2906 1276 2959 μενος
1312 2889 1381 2940 τὰ
1408 2888 1555 2942 κακά
1575 2903 1588 2916 °
1623 2886 1741 2948 πῶς
1762 2885 1818 2938 δὲ

228 2989 325 3043 καὶ
373 2987 498 3042 τίνα
547 2987 768 3056 τρόπον,
806 2984 1100 3038 ἀκουστέον
1126 3001 1140 3015 ο
1178 2981 1475 3043 Σκυθιανός
1526 2997 1609 3044 τις
1640 2975 1708 3052 ἦν
1761 2980 1818 3030 ὲν

1994 1408 2222 1466 Sextum
2261 1423 2366 1478 est,
2404 1415 2551 1484 quod
2587 1415 2832 1470 seniores
2873 1415 3266 1490 (presbyteros)
3306 1417 3375 1472 ab
3404 1417 3508 1474 Ec-

1921 1504 2085 1560 clesia
2115 1516 2326 1562 arcent.
2362 1509 2580 1564 Etenim
2613 1509 2803 1566 dicunt
2849 1510 2974 1581 quia
3019 1511 3266 1566 seniores
3308 1511 3505 1567 adver-

1920 1611 2012 1650 sus
2038 1596 2330 1654 Dominum
2380 1601 2787 1670 conspirarunt.
2826 1602 3032 1658 idcirco
3063 1603 3114 1658 id
3150 1618 3353 1658 nomen
3395 1619 3508 1659 non

2511 1710 2525 1748 :
2574 1708 2744 1763 quare
2789 1695 2874 1748 vel
2917 1695 3035 1750 solo
3077 1696 3237 1766 hujus
3266 1696 3508 1751 nominis

1919 1796 2055 1835 sono
2093 1792 2509 1852 exasperantur.
2543 1783 2622 1839 Ac
2649 1785 2716 1840 de
2747 1785 2832 1840 his
2864 1785 3095 1856 singulis
3138 1786 3396 1856 posthinc
3448 1786 3506 1840 in

1919 1874 2082 1943 plena
2143 1874 2535 1944 disputatione,
2599 1877 2825 1946 preprio
2893 1878 3164 1948 cujusque
3217 1879 3294 1933 rei
3353 1878 3508 1948 capi-

1921 1965 2056 2032 tulo,
2109 1962 2344 2020 lucidius
2399 1965 2634 2022 dicetur.
2676 1965 2834 2044 Nunc
2894 1975 3150 2037 superest
3219 1976 3280 2022 ut
3336 1967 3508 2022 histo-

1922 2055 2095 2108 ricum
2130 2055 2589 2110 commentarium
2627 2057 2995 2112 exordiamur.
3039 2057 3371 2127 Incipiemus
3407 2073 3508 2112 au-

1926 2157 2032 2203 tem
2065 2162 2095 2202 a
2136 2149 2525 2218 praeponendis
2555 2149 2641 2216 iis,
2674 2165 2796 2219 quae
2825 2149 3018 2204 beatus
3046 2147 3280 2222 Cyrillus
3323 2150 3378 2204 in
3421 2166 3514 2206 ca-

1925 2239 2237 2295 techesibus
2272 2241 2438 2306 dicit;
2480 2241 2682 2310 quibus
2718 2250 2926 2312 postea.
2956 2257 3079 2312 qua:
3111 2243 3376 2312 nuperius
3409 2260 3512 2298 nos

1922 2336 2301 2407 cognovimus,
2333 2336 2674 2408 adjiciemus,
2713 2346 2773 2392 ut
2806 2337 2884 2392 rei
2913 2336 3224 2407 disquisitio
3267 2336 3513 2391 intimior

1924 2427 2039 2480 ﬁat.
2075 2448 2080 2453 ·

1994 2519 2090 2576 Kl.
2135 2519 2362 2578 lulausti
2391 2521 2631 2577 nominis
2657 2520 2846 2576 Manes
2871 2520 3219 2578 Christianus
3246 2538 3358 2579 non
3385 2522 3509 2591 fuit,

1924 2613 2102 2668 absit!
2157 2629 2336 2684 neque
2389 2621 2450 2668 ut
2504 2613 2690 2668 Simon
2743 2613 2985 2668 Ecclesia
3039 2614 3282 2683 ejectus,
3331 2630 3514 2686 neque

1926 2707 2044 2777 ipse
2082 2707 2292 2762 scilicet
2329 2722 2511 2776 neque
2553 2705 2762 2776 priores
2793 2706 2884 2760 illo
2913 2706 3078 2777 hujus
3108 2709 3365 2779 nequitia;
3397 2726 3514 2765 ma-

1927 2797 2106 2868 gistri.
2136 2797 2294 2852 Foris
2315 2798 2460 2852 enim
2492 2798 2682 2863 instar,
2715 2813 2776 2852 ex
2808 2799 3003 2854 alienis
3032 2800 3332 2857 haeresibus
3358 2818 3514 2858 suam

1926 2887 2181 2943 conﬂavit
2222 2889 2586 2959 iniquitatem.
2620 2889 2906 2956 Quomodo
2951 2902 3134 2947 autem
3178 2903 3234 2950 et
3271 2910 3379 2965 qua
3422 2909 3514 2952 ra-

1933 2975 2103 3040 tione,
2129 2977 2459 3031 audiendum
2484 2987 2586 3034 est.
2611 2978 2939 3051 Scythiauus
2960 2981 3180 3052 quidam
3205 2983 3260 3038 in
3281 2984 3515 3058 Egypto

227 3079 518 3150 Αἰγύπτῳ,
551 3059 866 3149 Σαρακτῇιὸς
919 3074 997 3146 τῷ
1046 3075 1215 3142 γένει,
1259 3073 1412 3127 οὐδὲν
1457 3061 1634 3126 κοινὸν
1696 3069 1816 3123 οὐδὲ

1933 3067 2055 3132 fuit,
2093 3084 2293 3139 genere
2336 3069 2661 3137 Saraccnus,
2705 3072 2838 3127 nihil
2895 3088 3186 3130 commune
3229 3075 3344 3131 sive
3386 3094 3512 3133 cum

230 3175 370 3245 πρὸς
408 3171 736 3241 Ἰουδαϊσμὸν
776 3170 896 3223 οὐδὲ
920 3167 1058 3240 πρὸς
1084 3165 1516 3237 Χριστιανισμδν
1547 3162 1823 3234 κεκτημέ-

231 3285 319 3330 νος
341 3286 355 3300 ο
387 3261 542 3329 οὗτος
571 3265 670 3336 τὴν
716 3255 1127 3334 Ἀλεξάνδρειαν
1161 3261 1390 3331 οἰκήσας
1418 3260 1511 3312 καὶ
1542 3259 1634 3310 τδν
1676 3259 1823 3328 Ἀρι·

233 3360 544 3414 στοτελικὸν
609 3358 994 3429 μιμησάμενος
1056 3353 1213 3424 βίον,
1275 3354 1549 3422 τέσσαρας
1605 3349 1821 3420 βίϐλους

234 3451 553 3516 συνέταξεν,
585 3449 1085 3521 μίαν-καλουμένην
1119 3447 1188 3501 Τὸ
1212 3446 1387 3517 ἅγιον
1428 3444 1820 3514 Εὑαγγέλιον,

236 3546 580 3614 νεκροποιεῖς
609 3552 636 3580 ιι
664 3544 724 3596 οὐ
760 3541 996 3613 Χριστοῦ
1019 3540 1255 3613 ’πράξεις
1286 3539 1671 3610 περιέχουσαν,
1702 3537 1820 3590 ἀλλ’

231 3639 427 3700 ἁπλῶς
460 3646 488 3675 ν
527 3637 696 3708 μόνην
725 3636 827 3705 τὴν
859 3633 1230 3706 προσηγορίαν
1265 3649 1278 3662 ο
1304 3632 1400 3685 καὶ
1429 3631 1594 3703 ἀλλην
1621 3632 1820 3684 καλου-

237 3731 410 3802 μένην
439 3729 800 3800 Κεςςάλαιονο
832 3729 924 3780 καὶ
950 3727 1049 3800 τὴν
1069 3726 1259 3797 τρίτην
1293 3722 1422 3778 Τῶν
1454 3722 1822 3794 μυστηρίων,

232 3825 360 3894 ἥτις
395 3822 512 3875 ἐστὶ
552 3823 686 3890 πρὸς
743 3818 842 3890 τὴν
876 3817 1318 3890 ἐπιτηδευθεῖσαν
1367 3819 1551 3880 αὐτοῖς
1595 3820 1827 3888 ἀνατρο-

235 3917 346 3988 πὴν
385 3914 480 3968 τοῦ
540 3914 708 3984 νόμου
763 3912 860 3967 καὶ
903 3913 1010 3966 τῶν
1069 3911 1406 3982 προφητῶνο
1435 3912 1708 3980 τετάρτην
1756 3911 1823 3980 ἣν

235 4011 600 4076 περιφέρουσι
646 4003 970 4072 Θησαυρὸν
998 4002 1147 4072 ζωῆς
1179 4001 1470 4064 καλοῦντες
1494 4043 1509 4068 ,
1534 4003 1679 4072 ἥπερ
1709 4001 1827 4054 ἐστὶ

236 4099 514 4170 θησαυρὸς
561 4097 795 4152 θανάτου
834 4112 847 4126 ·
888 4096 1136 4168 μαθητὴς
1183 4095 1239 4148 δὲ
1274 4091 1342 4165 ἦν
1371 4095 1547 4164 τούτῳ
1574 4091 1827 4163 Τερέὀιν-

238 4192 331 4256 θος
405 4191 631 4262 ὀνόματι
679 4208 693 4223 ·
751 4189 886 4243 ἀλλὰ
938 4188 1032 4243 τὸν
1081 4188 1480 4260 προειρημένον
1530 4184 1827 4238 Σκυθιανδν

236 4284 469 4338 ἐλθόντα
529 4285 612 4347 είς
667 4281 766 4352 τὴν
805 4281 1064 4334 Ἰουδαίαν
1127 4280 1224 4333 καὶ
1271 4276 1673 4349 λυμαινόμενον
1729 4274 1828 4345 τὴν

238 4379 427 4450 χώραν
456 4377 597 4448 νόσῳ
620 4374 938 4439 θανατώσας
961 4377 988 4428 ὁ
1009 4373 1234 4445 Κύριος,
1267 4372 1472 4426 ἔπαυσε
1494 4371 1595 4441 τὴν
1627 4367 1830 4439 λοιμώ-
1864 4403 1907 4460 Ι)

241 4473 309 4543 δη
343 4471 704 4526 κατάστασιν·
757 4473 786 4523 ὀ
835 4469 892 4522 δὲ
921 4467 1022 4536 τῆς
1050 4469 1248 4530 κακίας
1294 4462 1542 4536 μαθητὴς
1575 4461 1830 4532 Τερέόιν-

241 4565 357 4628 θος,
413 4564 753 4635 κληρονόμος
813 4562 888 4615 ὢν
922 4560 1018 4614 τοῦ
1045 4559 1273 4631 χρυσέου
1319 4558 1412 4612 καὶ
1454 4557 1564 4610 τῶν
1605 4555 1830 4626 βιϐλίων

240 4657 336 4709 καὶ
381 4656 480 4723 τῆς
535 4655 824 4723 αἱρέσεως,
861 4652 1311 4722 παραγενόμενος
1348 4651 1404 4703 ὲν
1465 4645 1829 4716 Παλαιστίνῃ,

1924 3161 2128 3216 Judaais
2166 3161 2283 3216 sive
2318 3178 2440 3217 cum
2475 3163 2804 3221 Christianis
2846 3167 3078 3223 habens.
3118 3168 3218 3224 llic
3261 3170 3514 3228 habitans

1923 3252 2290 3318 Alexandriae,
2338 3255 2442 3326 16
2470 3257 2829 3313 Aristotelicas
2879 3261 3164 3314 a'mulutor
3196 3263 3343 3328 vitae,
3377 3279 3515 3333 qua-

1925 3357 2048 3400 tuor
2070 3348 2377 3417 composuit
2403 3349 2598 3404 libros:
2629 3366 2797 3405 unum
2823 3350 3027 3406 dictum
3052 3350 3310 3406 Sanctum
3333 3351 3516 3408 Evan-

1925 3438 2138 3511 gelium,
2173 3440 2506 3504 mortiferos,
2535 3458 2644 3497 non
2675 3450 2859 3498 autem
2888 3443 3113 3509 Christi,
3139 3454 3296 3501 actus
3333 3448 3515 3502 couti-

1926 3545 2184 3600 uentem,
2216 3535 2310 3590 scd
2363 3536 2585 3590 nomine
2632 3545 2792 3592 tenus
2843 3538 2917 3592 ita
2965 3539 3334 3608 appellatum;
3375 3541 3516 3596 alte-

1926 3645 2048 3682 rum
2078 3628 2288 3683 dictum
2333 3627 2642 3699 Capitulum
2672 3645 2692 3694 ;
2734 3632 2955 3685 tertium
2995 3632 3202 3687 dictum
3237 3616 3514 3703 Mysterio-

1928 3739 2067 3784 rum,
2095 3723 2187 3792 qui
2223 3722 2368 3777 lavet
2409 3723 2543 3794 legis
2587 3738 2649 3777 ac
2697 3725 3111 3794 prophetarum,
3141 3741 3305 3796 quam
3340 3726 3518 3780 Mani-

1928 3815 2064 3868 chzri
2114 3815 2322 3881 volunt,
2360 3814 2740 3870 destructioni.
2791 3814 3056 3882 Quartum
3092 3816 3514 3883 circumferunt,

1931 3907 2061 3962 Vita:
2108 3909 2414 3962 thesaurum
2471 3918 2753 3973 vocantes,
2804 3908 2895 3977 qui
2951 3919 3035 3963 est
3086 3911 3268 3979 potius
3324 3912 3518 3966 mortis

1929 4001 2241 4055 thesaurus.
2293 4001 2428 4056 lluie
2479 4010 2597 4054 erat
2648 4001 2949 4069 discipulus
3002 4001 3373 4060 Terebiulbus
3420 4018 3522 4055 no-

1929 4093 2098 4146 mine.
2150 4090 2256 4146 Sed
2304 4093 2452 4147 enim
2492 4091 2851 4164 Scythianum
2897 4091 3115 4160 quidem
3161 4108 3286 4148 cum
3331 4093 3386 4146 in
3424 4092 3520 4148 Ju-

1929 4182 2099 4236 daaam
2129 4183 2195 4236 ad
2226 4182 2575 4237 inﬁciendam
2611 4183 2698 4236 lue
2734 4183 3008 4253 regionem
3044 4181 3291 4248 abiisset,
3325 4184 3521 4239 morbo

1935 4274 2198 4329 Dominus
2257 4275 2644 4345 exstinguens,
2709 4275 2872 4330 linem
2935 4275 3208 4346 pestilenti
3269 4277 3522 4332 instituto

1937 4368 2216 4438 imposuit.
2265 4367 2534 4438 Nequitias
2579 4375 2760 4422 autem
2800 4368 3101 4439 discipulus
3129 4367 3519 4434 Terebinthus,

1936 4458 2079 4524 auri,
2131 4458 2419 4520 librorum,
2470 4467 2634 4527 atque
2692 4457 2969 4511 haareseos
3034 4457 3232 4518 heeres,
3287 4472 3411 4511 cum
3466 4458 3523 4510 in

1933 4549 2276 4604 Pabestiuam
2326 4552 2532 4620 pariter
2585 4550 2847 4614 venisset,
2910 4559 2963 4604 et
3011 4549 3065 4603 in
3097 4549 3284 4606 Judaea
3341 4550 3521 4620 palam

1936 4645 2289 4706 innotuissct,
2327 4643 2453 4698 inde
2486 4643 2541 4697 in
2576 4642 2855 4698 Persidem
2892 4643 3166 4713 migravit.
3207 4643 3411 4699 Deinde
3454 4659 3526 4697 ne

241 4748 339 4802 καὶ
385 4749 444 4800 ὲν
506 4746 738 4817 Ἰουδαία
790 4744 1213 4815 γνωριζόμενος,
1247 4743 1342 4794 καὶ
1401 4738 1554 4810 παρὰ
1613 4738 1819 4791 πάντωπ

1935 4754 2002 4791 ex
2035 4736 2259 4790 nomine
2291 4735 2400 4792 illic
2433 4751 2651 4806 quoque.
2698 4744 3108 4806 agnosceretur,
3161 4735 3403 4791 Buddam
3435 4750 3526 4789 se-

243 4839 818 4908 καταγινωσκόμενος,
848 4838 1055 4890 ἐκεῖθεν
1091 4839 1172 4898 εἰς
1213 4835 1312 4906 τὴν
1356 4833 1593 4904 Περσίδα
1627 4831 1831 4902 μετῆλ-

243 4933 335 4986 θεν
361 4948 374 4962 ⁶
405 4929 526 4986 εἶτα
576 4931 664 4984 ἵνα
699 4931 774 5002 μὴ
805 4932 868 4983 ἐκ
898 4929 998 4999 τῆς
1032 4928 1407 5000 προσηγορίας
1437 4928 1601 4980 κάκεῖ
1629 4923 1831 4994 γνωρί-

244 5027 426 5098 ζηται,
455 5025 688 5089 ὼυδδᾶν
745 5024 1034 5096 ὠνόμασεν
1087 5021 1280 5076 ἑαυτόν
1309 5019 1479 5074 ’,ἀλλ’
1511 5017 1664 5089 εἶχεν
1718 5021 1835 5072 ἐκεῖ

319 5187 362 5218 ³³
393 5184 440 5241 ll
471 5185 620 5241 Petr.
650 5199 733 5249 ιιι,
764 5182 954 5238 14-16.

1941 4841 2054 4886 met
2083 4829 2394 4901 appellavit.
2445 4828 2834 4883 Verumtamen
2878 4828 2949 4883 ibi
2984 4835 3178 4882 nactus
3215 4837 3299 4882 est
3331 4826 3528 4881 adver-

1942 4925 2116 4980 sarios
2143 4922 2488 4988 Mithriacos;
2527 4921 2822 4991 multisque
2851 4921 3141 4975 commotis
3183 4918 3530 4973 sermonibus

1942 5027 1998 5072 et
2056 5015 2536 5081 altercationibus,
2593 5014 2878 5070 convictus
2927 5011 3031 5067 fuit
3075 5029 3089 5066 :
3141 5020 3529 5083 postremoque

1538 5267 1773 5324 VAlllAS
1813 5266 2217 5324 LECTlONES.

361 5426 380 5460 ι
409 5421 576 5479 Deest
608 5399 1030 5491 ὑπεξῃρημένον
1061 5412 1205 5486 apud
1231 5411 1298 5467 [ἰ.

1398 5418 1429 5448 α
1461 5410 1624 5465 Deest
1655 5407 2000 5478 νεκροποιεῖς
2029 5404 2171 5474 apud
2203 5403 2270 5457 R.
2349 5413 2376 5442 ν
2409 5402 2475 5457 R.
2511 5403 2608 5467 ὡς.

1737 5517 1970 5574 NOTIE.

322 5662 434 5726 (lt;
476 5653 697 5710 Scilicet
727 5639 1266 5726 Cyrillusollieposol.
1305 5635 1371 5726 ir;
1391 5632 1851 5726 Catechesirsesta
1964 5633 2262 5726 nostroﬂpb
2297 5630 2682 5704 corrigendum
2733 5629 3062 5700 quandoque
3093 5628 3279 5701 Cyrilli
3330 5639 3535 5686 textum

255 5750 284 5788 a
463 5705 624 5782 iiii
654 5711 934 5788 deinceps,
967 5716 1021 5769 in
1051 5711 1291 5766 editione
1330 5705 1527 5761 'l‘uttzei
1558 5707 1649 5776 qui
1683 5706 1843 5760 Petro

584 5820 859 5879 PATROL.
890 5813 1007 5872 Gn.
1049 5805 1203 5867 CIV.

1954 5720 2089 5760 usus
2123 5714 2227 5759 est.
2263 5770 2267 5775 ‘

3073 5796 3150 5857 1ιο
