3702 6240
115 214 249 280 1261

1265 212 1632 273 HISTORIA
1683 207 2297 271 MANICll/EORUM.

3229 254 3232 256 _
3276 201 3407 263 1262

107 330 168 381 τὸ
219 325 664 396 ἐπαγγείλασθαι
729 326 931 393 σῶσαι,
965 327 1060 381 καὶ
1110 325 1461 396 ψεύσασθαι·
1505 324 1704 396 μᾶλλον

1895 337 1962 374 3m
1999 321 2288 386 fefellerat;
2326 319 2435 374 imo
2459 317 2661 389 potius,
2693 326 2751 371 ut
2791 315 2973 371 verius
3002 315 3198 378 dicam,
3227 315 3405 369 homi-

108 417 192 482 δέ,
232 419 283 470 εί
309 417 390 469 δεῖ
417 418 465 468 τ’
485 416 684 488 ἀληθὲς
713 418 912 482 εἰπεῖν,
944 417 1032 470 διὰ
1061 416 1122 470 τὸ
1145 417 1442 486 φονεῦσαι·
1476 417 1566 470 τὸν
1595 416 1703 487 γὰρ

108 508 412 578 δυνάμενον
459 508 546 561 δα
599 509 699 578 τῆς
764 511 1016 580 ίατρικῆς
1069 509 1392 579 ἐπιμελείας
1440 509 1702 580 σωθῆναι,

112 593 270 660 οὗτος
299 602 424 662 τοὺς
463 601 680 670 ἰατροὺς
715 601 1032 670 ἀποστήσας
1064 601 1434 672 ἐφόνευσε,τῇ
1471 601 1704 672 ἀμελείᾳ

113 687 457 751 θανατώσας.
505 688 671 759 Ἐμοῦ
699 689 756 742 δὲ
790 689 1046 758 ,λέγοντος
1087 691 1156 743 τὰ
1187 692 1314 762 περὶ
1345 692 1510 744 αὐτοῦ
1543 693 1697 762 πάμ-

111 780 286 835 πολλα
337 782 504 846 κακὰ,
573 783 822 853 μέμνησο
873 783 1092 854 πρῶτον
1157 785 1258 854 τὴν
1319 785 1696 856 βλασφημίαν,

109 871 366 942 δεύτερον
408 872 507 941 τὴν
541 873 786 926 δουλείαν
819 890 831 904 ·
863 875 960 944 οὐχ
1004 875 1085 927 ὅτι
1135 875 1368 946 αἰσχύνη
1403 880 1434 948 ἡ
1465 877 1700 941 δουλεία,

111 962 230 1015 ἀλλ’
261 963 342 1014 ὃτι
397 962 586 1015 δοῦλον
632 964 764 1016 ὄντα
827 963 1112 1035 ἐλευθερίᾳ
1174 967 1696 1035 ἁντιπρὰττεσθαιτ

112 1055 280 1108 κακόν
300 1072 314 1086 ·
347 1055 550 1122 τρίτον,
578 1055 638 1107 τὸ
664 1054 860 1124 ψεῦδος
888 1055 991 1125 τῆς
1016 1058 1352 1126 ἐπαγγελίας
1374 1075 1385 1087 ·
1415 1059 1700 1131 τέταρτον,

111 1148 204 1200 τὸν
276 1147 373 1200 τοῦ
440 1147 626 1209 παιδὸς
695 1149 902 1215 φόνονο
969 1149 1066 1203 καὶ
1129 1151 1399 1220 πέμπτον,
1471 1152 1571 1220 τὴν
1611 1154 1701 1205 αἰ-

115 1239 317 1309 σχύνην
349 1239 448 1308 τῆς
483 1239 735 1308 φυλακῆς
761 1255 775 1269 ·
803 1239 898 1292 καὶ
925 1241 1024 1293 οὐκ
1048 1236 1114 1311 ἦν
1145 1241 1376 1315 αἰσχύνη
1407 1243 1503 1312 τῆς
1529 1242 1702 1312 φυλα-

113 1334 212 1402 κῆς
248 1335 429 1402 μόνον,
464 1330 602 1384 ἀλλὰ
635 1331 785 1402 καὶὴ
814 1333 878 1384 ἐκ
907 1334 1006 1403 τῆς
1038 1335 1286 1405 φυλακῆς
1315 1336 1460 1406 φυγή
1493 1353 1505 1364 ·
1536 1335 1565 1383 ὁ
1598 1336 1703 1406 γὰρ

109 1423 284 1490 λέγων
322 1423 516 1476 ἐαυτὸν
550 1423 933 1494 Παράκλητον,
969 1426 1063 1478 καὶ
1090 1426 1205 1496 ιτῆς
1239 1427 1498 1496 ἀληθείας
1529 1427 1702 1497 ὑπέρ-

113 1533 310 1586 μαχον,
340 1515 541 1586 ἔφυγεν
567 1534 580 1549 ·
608 1518 710 1570 οὐκ
739 1512 807 1588 ἦν
837 1517 1078 1588 διάδοχος
1127 1517 1301 1589 Ἰησοῦ
1339 1518 1431 1572 τοῦ
1468 1518 1705 1588 ἑτοίμως

109 1609 409 1678 ἐρχομένου
428 1611 507 1671 εἰς
527 1609 618 1662 τὸν
642 1609 896 1678 σταυρὸν,
926 1602 1210 1672 ἁλλόἶηος
1237 1610 1496 1674 ἐναντίως
1528 1611 1705 1680 φυγὰς

1807 414 1929 469 cida
1959 414 2243 468 exstiterat
2294 430 2306 465 :
2362 411 2566 465 etenim
2607 426 2732 465 cum
2782 408 2872 478 qui
2917 407 3229 461 incdit-inali
3271 424 3401 462 cura

1807 506 1989 562 sanari
2019 517 2249 576 poterat,
2277 505 2392 575 ipse
2415 503 2684 559 submotis
2710 502 2934 557 medicis
2960 501 3254 564 interfecit,
3284 517 3403 554 mc-

1814 600 1951 654 delae
1999 599 2357 652 destitutione
2407 597 2472 652 ad
2526 603 2760 650 mortem
2813 595 3118 649 redactum.
3155 592 3239 648 Me
3273 610 3404 648 vero

1809 692 1979 746 multa
2015 691 2260 761 ejusdem
2303 691 2508 745 scelera
2553 705 2780 743 narrare
2824 688 3168 753 instituente,
3215 704 3403 741 recor-

1807 785 1961 847 dare,
1993 783 2187 850 lector,
2215 785 2389 853 primo
2421 782 2820 852 blasphemiam
2852 783 3013 850 ejus;
3045 781 3243 836 deinde
3287 797 3403 835 ser-

1807 878 2059 944 vitutem,
2088 892 2195 930 non
2231 877 2375 946 quod
2400 877 2636 931 servitus
2669 875 2869 945 probro
2892 875 2984 937 sit,
3014 875 3108 928 sed
3133 875 3256 944 quia
3287 873 3406 928 offi-

1808 970 1889 1023 cia
1915 969 2022 1040 18
2050 969 2206 1022 liberi
2235 967 2470 1022 hominis
2494 984 2522 1021 a
2551 982 2708 1021 servo
2744 966 2996 1036 usurpari
3027 965 3272 1035 iniquum
3297 975 3400 1020 est:

1809 1060 1979 1116 tertio
2012 1061 2133 1114 loco
2166 1059 2548 1129 promissionis
2577 1059 2868 1112 falsitatem
2899 1077 2912 1112 :
2943 1068 3138 1128 quarto
3167 1061 3405 1113 carceris

1809 1151 2164 1219 ignominiam
2189 1169 2204 1216 ;
2232 1167 2409 1220 neque
2434 1150 2672 1204 carceris
2697 1159 2906 1204 tantum
2931 1150 3412 1220 ignominiam,vc-

1811 1261 1928 1298 rum
1947 1245 2110 1298 etiam
2131 1259 2194 1298 ex
2223 1260 2439 1298 carcere
2469 1243 2671 1314 fugam.
2704 1240 2838 1296 Nam
2863 1243 2955 1312 qui
2983 1258 3042 1296 se
3068 1241 3406 1297 l’aracletum

1809 1345 1863 1390 ct
1892 1337 2136 1391 veritatis
2163 1335 2508 1390 defensorem
2533 1336 2768 1400 dicebat,
2803 1334 2940 1404 fugit
2973 1353 2984 1388 :
3022 1351 3122 1389 nec
3151 1333 3254 1389 fuit
3282 1352 3410 1405 pro-

1810 1428 1954 1482 fecto
1990 1427 2195 1483 Christi
2228 1429 2488 1494 imitator,
2527 1429 2620 1498 qui
2658 1437 2853 1498 sponte
2884 1426 2950 1480 ad
2979 1442 3196 1481 crucem
3222 1429 3408 1490 venit';

1811 1535 1999 1573 verum
2031 1521 2075 1574 is
2109 1529 2299 1574 contra
2331 1519 2454 1592 fuga
2488 1536 2546 1574 se
2579 1519 2853 1590 proripuit
2891 1537 2903 1573 :
2941 1535 3050 1590 quo
3099 1519 3260 1586 facto,
3315 1536 3410 1575 rex

1813 1609 2099 1664 Persarum
2121 1610 2244 1666 duci
2261 1611 2328 1665 ad
2349 1612 2675 1682 supplicium
2693 1612 2952 1666 custodes
2969 1613 3408 1682 carcerisjussit.

109 1697 177 1771 ἦν
203 1717 216 1728 ·
269 1696 389 1752 εἶτα
421 1702 448 1754 ὁ
484 1699 739 1770 βασιλεὺς
786 1700 1012 1770 Περσῶν
1063 1700 1349 1754 ἐκέλευσεν
1393 1700 1706 1772 ἀπαχθῆναι

1895 1716 1987 1754 usa
2005 1702 2165 1773 igitur
2180 1701 2482 1758 fuitMancs
2501 1713 2614 1757 tum
2633 1704 2815 1758 obitus
2831 1705 2984 1774 pueri
3003 1705 3413 1773 objactantiam

109 1795 234 1857 τοὺς
298 1793 713 1864 δεσμοφύλακας
758 1809 773 1825 ο
831 1794 1054 1858 αἴτιοςὸ
1097 1795 1290 1864 Μάνης
1349 1796 1374 1834 ⁸
1419 1794 1485 1847 δι’
1538 1796 1707 1865 ὑπερ-

108 1887 346 1958 ηφανίαν
397 1887 630 1941 Θανάτου
687 1886 767 1957 τῷ
809 1887 958 1940 παιδὶ
1003 1888 1053 1954 h,
1108 1887 1204 1940 καὶ
1243 1888 1417 1950 αἴτιος
1466 1888 1698 1942 Θανάτου

109 1982 220 2042 τοῖς
285 1979 652 2049 δεσμοφύλαξι
713 1978 804 2032 διὰ
852 1980 949 2048 τὴν
1003 1980 1225 2049 φυγήν·
1259 1980 1287 2031 ὁ
1320 1974 1414 2031 οὖν
1465 1977 1700 2031 Θανάτου

113 2072 409 2144 παραίτιος
437 2067 594 2134 οὗτος
627 2067 738 2142 ἆρα
773 2071 1200 2142 προσκυνεῖσθαι
1229 2069 1436 2138 ὀφείλει
1483 2068 1556 2132 ὡς
1586 2070 1702 2122 Πα-

117 2165 420 2236 ράκλητος;
456 2165 570 2217 Οὐκ
607 2163 714 2216 ἔδει
772 2163 1120 2234 μιμήσασθαι
1160 2163 1174 2202 ί
1227 2162 1455 2231 Ἰησοῦν,
1490 2163 1583 2215 καὶ
1623 2163 1701 2213 εί-

126 2261 272 2311 πεῖν’
318 2261 387 2312 Εὶ
414 2256 519 2326 ἐμὲ
553 2256 790 2324 ζητεῖτε,
818 2256 1000 2325 ἄφετε
1052 2257 1302 2322 τούτους
1341 2254 1599 2324 ὑπάγειν
1621 2255 1662 2284 ¹⁷
1688 2270 1703 2318 ;

1817 1810 1994 1861 suam,
2039 1805 2151 1850 tum
2202 1797 2365 1851 etiam
2398 1797 2548 1852 necis
2594 1799 2884 1851 custodum
2935 1806 3159 1867 propter
3205 1798 3409 1868 fugam.

1816 1883 2028 1957 Ergone
2066 1887 2155 1941 hic
2195 1887 2386 1941 mortis
2407 1869 2596 1941 auctor
2635 1896 2689 1941 et
2728 1903 2874 1949 reus;
2901 1887 3116 1940 adorari
3153 1897 3411 1956 tanquam

1811 1977 2122 2033 Paraeletus
2178 1980 2371 2034 debet?
2415 1979 2605 2033 Nonne
2644 1993 2771 2033 eum
2825 1980 3068 2048 oportuit
3127 1979 3409 2033 Christum

1813 2071 2038 2135 imitari,
2059 2088 2121 2125 ac
2147 2072 2329 2126 dicere
2355 2091 2366 2126 :
2398 2071 2455 2125 Si
2489 2088 2568 2126 me
2590 2072 2852 2141 quaeritis,
2882 2071 3037 2125 sinite
3053 2074 3144 2124 hos
3168 2071 3316 2124 abire
3333 2071 3370 2101 ⁸⁷
3393 2071 3415 2123 ?

1814 2161 2030 2228 Nonne,
2052 2163 2314 2228 utJonas,
2335 2164 2517 2218 dicere
2541 2163 2764 2219 debuit:
2789 2163 2974 2218 Tollite
2997 2181 3078 2218 me
3103 2175 3150 2218 et
3172 2165 3420 2235 projicite

1816 2256 1871 2308 in
1903 2272 2080 2311 mare:
2106 2271 2321 2327 propter
2355 2275 2436 2312 me
2461 2259 2600 2312 enim
2635 2267 2915 2328 tempestas
2944 2261 3054 2314 hazc
3088 2259 3169 2313 "L7

114 2353 214 2405 οὐκ
261 2350 371 2404 ἔδει
428 2350 572 2404 κατὰ
620 2349 713 2402 τὸν
750 2347 764 2399 i
820 2350 1005 2403 Ἰωνᾶν
1023 2351 1196 2400 εἰπεῖν
1223 2366 1235 2380 ·
1275 2347 1487 2415 Ἀρατέ
1513 2364 1590 2416 με
1629 2345 1726 2399 καὶ
1767 2347 2065 2416 ἐμϐάλατε
2102 2354 2189 2418 εἰς
2220 2351 2334 2417 τὴν
2391 2349 2736 2417 θάλασσαν,
2807 2351 2882 2404 δι’
2911 2353 3016 2421 ἐμὲ
3054 2351 3165 2421 γὰρ
3191 2355 3222 2406 ό
3270 2355 3415 2406 κ.ίύ-

117 2444 237 2498 δων
269 2440 342 2500 οὗ
353 2461 452 2510 τος
478 2444 520 2475 ¹⁹
545 2460 561 2510 ;

187 2540 288 2596 lA'.
326 2540 524 2609 Φεύγει
551 2537 570 2578 ι
607 2541 672 2593 ἐκ
702 2541 801 2610 τῆς
831 2538 1100 2609 φυλακῆς,
1127 2537 1222 2590 καὶ
1255 2535 1476 2606 ἔρχεται
1502 2537 1580 2598 εἰς
1613 2534 1712 2605 τὴν

122 2634 551 2704 Μεσοποταμίαν
579 2651 592 2664 ·
626 2633 764 2686 ἀλλὰ
806 2633 1026 2702 ἀπαντᾷ
1057 2631 1208 2702 αὐτῷ
1242 2631 1404 2684 ὅπλον
1432 2627 1714 2682 δικαιοσύ-

123 2746 240 2798 νης,
287 2726 585 2796 ’Δρχέλαος
616 2724 916 2788 ἐπίσκοπος
941 2723 1056 2795 (l7)
1090 2739 1103 2753 ·
1137 2722 1232 2775 καὶ
1279 2724 1372 2776 ἐπὶ
1407 2721 1716 2790 φιλοσόφων

125 2819 330 2891 κριτῶν
363 2817 608 2886 ἐλέγξας,
637 2819 1008 2887 ἀκροατήριον
1038 2815 1350 2886 Ἑλληνικὸν
1371 2813 1718 2882 συστησάμεςο

127 2930 235 2978 νος,
268 2913 360 2966 ἵνα
393 2911 470 2981 μὴ
497 2909 844 2980 Χριστιανῶν
873 2908 1190 2978 κρινόντων,
1211 2908 1435 2972 δόξωσιν
1459 2908 1508 2958 οἱ
1530 2904 1718 2976 κριταὶ

127 3003 469 3076 χαρίζεσθαι.
522 3001 660 3070 Λέγε
687 3009 749 3064 ⁵³,
796 3001 960 3070 φησὶν
1017 3000 1046 3050 ὁ
1104 2999 1391 3069 Ἀρχέλαος
1443 2996 1577 3067 πρὸς
1626 2996 1715 3048 τὸν

129 3097 432 3152 Μάνενταὸ
453 3103 482 3131 ιι
510 3093 808 3164 κηρύσσεις
841 3108 856 3122 ·
895 3093 922 3144 ὁ
949 3092 1006 3144 δὲ
1038 3091 1113 3153 ὡς
1154 3091 1324 3159 τάφον
1359 3087 1714 3158 ἀνεῳγμένον

130 3192 265 3263 ἒχων
315 3190 377 3244 τὸ
436 3189 631 3258 στόμα,
661 3186 770 3241 ἀπὸ
826 3185 924 3256 τῆς
968 3183 1324 3254 βλασφημίας
1349 3183 1569 3252 πρῶτον
1619 3180 1716 3234 τοῦ

133 3281 386 3354 Ποιητοῦ-
409 3281 519 3334 τῶν
551 3281 691 3334 ὃλων
735 3277 935 3349 ἤρχετο
979 3277 1208 3344 φάσκων
1239 3315 1254 3338 ,
1295 3275 1376 3328 ὄτι
1406 3274 1434 3327 ὁ
1472 3274 1572 3344 τῆς
1602 3272 1714 3324 Πα-

130 3375 290 3439 λαιᾶς
315 3374 469 3438 Θεὸς,
501 3372 689 3426 κακῶν
722 3373 872 3424 ἐστιν
902 3368 1134 3440 εὑρετής
1162 3385 1175 3400 ’
1202 3367 1377 3433 λέγων
1411 3367 1536 3438 περὶ
1588 3366 1717 3419 ἐαυ-

130 3465 246 3528 τοῦ,
295 3462 439 3532 Ἐγὼ
470 3462 590 3529 πῦρ
624 3459 1084 3514 καταναλίσκον
1112 3457 1157 3489 ²⁰
1191 3472 1202 3485 ·
1235 3458 1264 3510 ὁ
1291 3457 1349 3509 δὲ
1385 3455 1551 3525 σοφὸς
1591 3455 1720 3526 Ἀρ-

132 3537 324 3628 χέλαος
354 3555 538 3622 ἐξέλυε
581 3553 681 3623 τὴν
715 3549 1066 3622 βλασφημίαν
1102 3548 1250 3621 [cod.
1286 3547 1326 3602 f.
1363 3547 1480 3619 9L]
1513 3545 1716 3601 εἰπών’

132 3653 193 3704 Εἰ
216 3653 244 3704 ὁ
264 3649 364 3719 τῆς
383 3647 626 3710 Παλαιᾶς
646 3645 799 3708 Θεὸς,
817 3643 958 3698 κατὰ
983 3643 1074 3696 τὸν
1099 3643 1190 3696 σὶν
1207 3641 1384 3709 λόγον,
1402 3641 1512 3711 πῦρ
1527 3639 1720 3694 ἐαυτὸν

131 3745 301 3813 λέγει,
319 3744 462 3806 τίνος
485 3741 598 3802 υἱός
617 3743 762 3793 ἐστιν
784 3741 812 3790 ὁ
826 3736 1020 3805 λέγων,
1041 3734 1167 3802 Πῦρ
1187 3731 1377 3805 ἦλθον
1388 3732 1609 3797 βαλεῖν
1622 3730 1722 3784 ἐπὶ

132 3837 244 3905 τὴν
276 3834 398 3906 γῆν
422 3835 462 3867 ⁸¹
495 3851 509 3902 ;
539 3834 633 3886 καὶ
666 3833 714 3884 εἰ
749 3831 941 3901 μέμφῃ
974 3829 1066 3882 τὸν
1099 3827 1343 3895 λέγοντα,
1379 3826 1594 3893 Κύριος
1621 3827 1724 3878 0a-

133 3926 306 3984 νατοῖ
352 3927 447 3980 καὶ
482 3922 759 3992 (way-orsi
779 3921 848 3983 “,
873 3921 961 3974 διὰ
1002 3920 1052 3973 τί
1083 3920 1246 3990 τιμᾷς
1283 3917 1488 3988 Πέτρον
1519 3917 1564 3947 ’θ
1583 3954 1598 3980 ,
1625 3914 1722 3986 τὴν

134 4019 376 4074 Ταϐιθὰν
430 4018 528 4087 μὲν
578 4015 893 4084 ἐγείραντα,
939 4011 1041 4082 τὴν
1099 4011 1156 4063 δὲ
1192 4010 1514 4079 Σαπφειραν
1555 4007 1722 4060 θανα-

135 4114 386 4168 τώσαντα
417 4108 568 4183 (18);
613 4111 662 4161 εἰ
695 4107 754 4160 δὲ
787 4106 881 4160 καὶ
917 4099 1110 4175 μέμφῃ
1148 4104 1226 4155 ὅτι
1257 4101 1369 4172 πῦρ
1401 4100 1720 4170 ἡτοίμασεν,

133 4209 220 4262 διὰ
247 4209 302 4261 τί
337 4207 396 4260 οὐ
431 4205 620 4276 μέμφῃ
643 4202 734 4256 τὸν
775 4201 1024 4270 λέγοντα,
1053 4197 1391 4264 Πορεύεσθε
1405 4197 1493 4259 εὶς
1514 4193 1580 4246 τὸ
1603 4191 1723 4260 πῦρ

133 4301 197 4356 τὸ
248 4300 489 4354 αἰώνιον
520 4314 538 4362 ;
567 4299 616 4349 εί
679 4294 870 4365 μέμφῃ
927 4292 1018 4345 τὸν
1066 4289 1334 4357 λέγοντα,
1376 4285 1525 4355 Ἐγὼ
1578 4284 1722 4350 Θεὸς

137 4391 322 4448 ποιῶν
349 4389 604 4459 είρήνην
627 4388 726 4442 καὶ
763 4385 974 4447 κτίζων
1013 4382 1191 4444 κακὰ,
1227 4381 1316 4434 διὰ
1349 4379 1400 4432 τί
1434 4379 1494 4432 οὐ
1530 4377 1726 4451 μέμφῃ

135 4485 225 4538 τὸν
269 4485 480 4552 Ἰησοῦν
529 4483 775 4550 λέγοντα,
819 4481 940 4534 Οὐκ
972 4473 1164 4549 ἦλθον
1209 4472 1434 4539 βαλεῖν·
1473 4470 1724 4540 είρήνην

136 4577 233 4631 ἐπὶ
263 4575 373 4646 τῆς
416 4573 548 4645 γῆς,
591 4574 762 4628 ἀλλὰ
790 4570 1094 4642 μάχαιραν·
1115 4584 1136 4632 ;
1175 4566 1500 4638 ἀμφοτέρων
1525 4564 1595 4618 τὰ
1635 4565 1725 4617 ἴσα

798 4729 840 4762 ¹⁸
869 4726 993 4782 Jon.
1028 4743 1064 4790 ι,
1100 4723 1184 4778 12.
1267 4723 1308 4754 ¹⁹
1342 4721 1479 4775 Psal.
1508 4735 1562 4776 v.
1592 4719 1684 4790 ll.

855 4801 901 4832 ’⁸
938 4799 1095 4853 Deut.
1137 4811 1308 4857 xxxu,
1346 4793 1438 4846 22.

207 4737 248 4767 "
281 4734 441 4790 Joan.
474 4747 629 4795 xvut,
666 4731 720 4786 8.

138 4807 183 4838 “
212 4809 335 4862 Act.
385 4823 463 4873 ix,
496 4806 605 4869 40;
640 4819 696 4869 v,
724 4801 778 4857 5.

1750 4340 1804 4398 D

1763 4717 1811 4748 ¹⁶
1859 4715 2016 4771 Deut.
2056 4733 2142 4779 tv,
2179 4715 2270 4770 ει.

1517 4792 1564 4822 ’⁸
1589 4789 1780 4843 Matth.
1816 4805 1943 4853 xxv,
1977 4789 2066 4843 41.

1895 2533 2040 2588 XIV.
2082 2532 2332 2604 Fugith
2363 2549 2606 2600 carcere,
2640 2534 2777 2588 etin
2819 2534 3271 2603 Mesopotamiam
3318 2559 3410 2597 vc-

1825 2625 2156 2682 nit.'Verum
2193 2627 2303 2682 illic
2341 2627 2582 2682 occurrit
2626 2627 2676 2682 ci
2711 2628 2875 2682 telum
2915 2630 3167 2700 justitize,
3201 2633 3417 2689 Arche-

1824 2721 1945 2775 laus
1985 2721 2309 2791 episcopus,
2349 2721 2652 2790 praepositis
2697 2721 2904 2790 judicio
2954 2723 3316 2794 philosophis,
3365 2737 3417 2781 ct

1825 2815 2085 2869 advocata
2114 2815 2469 2868 Ethnicorum
2514 2816 2801 2881 concione,
2839 2833 2909 2870 ne
2951 2817 2996 2870 si
3036 2817 3176 2872 forte
3204 2819 3421 2888 judica«

1828 2915 1948 2960 rent
1973 2906 2293 2970 Christiani,
2333 2907 2611 2960 videretur
2637 2908 2934 2978 gratiosum
2965 2924 3087 2964 esse
3125 2910 3418 2979 judicium.

1744 2966 1786 3024 ε
1823 2997 1915 3053 ille
1969 3010 2152 3052 autem
2201 2999 2435 3068 patentis
2479 2999 2714 3070 sepulcri
2757 3001 2928 3055 instar
2959 3018 3019 3056 os
3049 3002 3255 3059 habens
3288 3006 3354 3070 ‘°,
3391 3023 3420 3058 a

1819 3091 2160 3160 blasphemia
2184 3091 2445 3146 adversus
2463 3092 2707 3146 omnium
2732 3109 2910 3146 rerum
2946 3092 3228 3148 Factorem
3255 3111 3420 3151 exor-

1819 3199 1914 3238 sus
1948 3195 2031 3236 est
2054 3184 2242 3238 dicens
2275 3204 2286 3237 :
2325 3184 2532 3238 Veteris
2555 3183 2888 3240 Testamenti
2918 3186 3114 3254 Deum,
3152 3188 3417 3242 malorum

1818 3287 1942 3328 esse
1991 3274 2359 3340 inventorem,
2399 3275 2841 3344 quandoquidem
2899 3277 2966 3330 de
3024 3291 3082 3331 se
3129 3277 3204 3330 ait
3245 3296 3258 3331 ε
3309 3280 3422 3350 Ego

1823 3364 1960 3435 ignis
2011 3382 2317 3427 consumens
2369 3383 2485 3418 sum
2539 3367 2605 3420 ²⁰.
2647 3366 2878 3436 Sapiens
2931 3383 3059 3422 vero
3121 3370 3422 3426 Archelaus

1819 3457 2216 3528 blaSphemiam
2247 3459 2578 3514 dissolvebat
2611 3460 2799 3514 dicens
2826 3479 2839 3514 :
2889 3459 2945 3514 Si
2980 3461 3180 3516 veteris
3229 3461 3422 3518 Testa-

1821 3549 1991 3604 menti
2026 3549 2190 3613 Deus,
2224 3558 2284 3603 ut
2317 3549 2418 3610 ais,
2445 3551 2622 3621 ignem
2665 3565 2722 3605 se
2757 3551 2912 3617 dicit,
2936 3553 3220 3621 cujusnam
3248 3551 3418 3608 Filius

1823 3651 1908 3699 est
1930 3643 2020 3714 qui
2052 3642 2129 3698 ait
2157 3661 2169 3696 :
2216 3642 2396 3713 Ignem
2432 3645 2549 3697 veni
2592 3645 2794 3697 mittere
2823 3645 2877 3696 in
2929 3645 3228 3719 teri-ani"?
3259 3644 3417 3712 Quod

1823 3737 1869 3791 si
1900 3736 2257 3806 reprehendis
2285 3737 2558 3790 dicentem
2591 3753 2603 3790 :
2638 3735 2895 3790 Dominus
2937 3736 3220 3806 mortiﬁcat
3258 3747 3308 3790 et
3342 3739 3420 3791 vi-

1822 3829 2002 3898 viﬁcat
2043 3829 2129 3888 “;
2180 3843 2296 3895 ,cur
2352 3828 2575 3883 Petrum
2634 3827 2904 3893 honoras,
2967 3829 3057 3898 qui
3132 3828 3419 3883 Tabitham

1823 3921 2040 3990 quidem
2074 3919 2438 3983 resuscitavit,
2479 3919 2573 3972 sed
2607 3917 2892 3986 Saphiram
2939 3918 3047 3972 lcti
3077 3918 3300 3972 tradidit
3330 3918 3416 3970 ³³⁸2

1829 4009 1936 4078 19
1978 4009 2117 4063 Tum
2152 4009 2198 4063 si
2229 4011 2508 4079 vituperas
2530 4009 2673 4078 quod
2707 4009 2886 4078 ignem
2927 4009 3198 4077 paraverit
3223 4008 3291 4072 ’⁸,
3323 4026 3422 4063 cur

1824 4117 1935 4154 non
1965 4101 2323 4169 reprehendis
2345 4099 2437 4170 qui
2474 4099 2607 4153 dicit
2637 4097 2754 4151 :Ite
2778 4099 2831 4150 in
2857 4099 3028 4168 ignem
3059 4101 3422 4165 mternum”?

1826 4189 1881 4244 Si
1899 4191 2212 4260 expostulas
2233 4190 2375 4260 quod
2394 4190 2622 4244 dixerit:
2649 4189 2758 4259 Ego
2781 4189 2917 4242 Deus
2941 4190 3140 4256 faciens
3169 4208 3348 4260 pacem
3370 4202 3419 4245 et

1829 4299 2014 4335 creans
2044 4282 2190 4335 nulla
2216 4284 2296 4349 ²⁶;
2344 4299 2442 4338 cur
2484 4298 2594 4335 non
2631 4278 2862 4351 castigas
2886 4281 3070 4337 Jesum
3105 4283 3370 4339 dicentem
3404 4305 3416 4339 :

1830 4375 1950 4430 Non
1980 4378 2096 4430 veni
2128 4393 2311 4444 pacem
2343 4377 2548 4430 mittere
2590 4376 2644 4428 in
2692 4386 2912 4440 terram,
2949 4378 3039 4431 sed
3069 4375 3310 4447 gladium
3335 4378 3419 4431 '7?

1831 4468 1967 4524 Cum
1993 4470 2154 4522 ambo
2183 4469 2331 4539 paria
2350 4460 2663 4539 loquantur,
2695 4469 3018 4523 alterutrum
3049 4479 3185 4536 stat;
3223 4486 3420 4540 nempe

1835 4569 1896 4616 ut
1936 4561 2022 4616 vel
2051 4561 2214 4616 ambo
2243 4561 2313 4615 ob
2345 4561 2593 4615 eamdem
2633 4561 2964 4616 locutionem
2999 4561 3126 4616 boni
3158 4565 3299 4627 sint;
3339 4562 3418 4616 vel

2383 4716 2425 4748 “
2460 4715 2589 4788 an.
2625 4732 2698 4770 xu
2733 4757 2746 4780 ,
2780 4716 2869 4771 49.
2979 4719 3024 4788 ’ἢ
3057 4716 3072 4767 1
3103 4717 3236 4788 Reg.
3272 4732 3330 4774 ιι.
3360 4718 3414 4768 (ἲ.

2141 4788 2186 4819 ³⁸
2225 4788 2294 4841 ls.
2332 4803 2454 4852 xev,
2506 4787 2559 4842 7.
2636 4789 2679 4818 ’τ
2718 4788 2908 4842 Matth.
2934 4805 2986 4852 κ,
3012 4787 3101 4843 54.

1434 4904 1668 4963 VARUE
1712 4902 2001 4959 LECTION
2013 4903 2116 4958 ES.

214 5045 232 5085 Ι
258 5039 493 5112 Cyrillus
530 5034 846 5115 ἐλευθερίαν
896 5029 1248 5115 πλάττεσθαι,
1306 5027 1605 5115 libertatem
1659 5022 1962 5115 siticulare.’

146 5115 161 5153 ί
197 5111 263 5168 Β.
293 5103 637 5182 μιμίσασθαι.
715 5103 738 5157 1⁷
774 5105 849 5161 lta
880 5119 1072 5174 reapse
1101 5103 1294 5168 codex,
1331 5116 1439 5153 non
1475 5108 1657 5152 autem
1684 5103 1804 5147 κατ’
1831 5103 2015 5151 αυτόν.

139 5183 302 5252 λέγει.
360 5181 409 5219 θη
439 5181 504 5235 Il.
535 5183 584 5235 ὁ.

2042 5022 2157 5076 3R.
2231 5023 2447 5090 Μάνην.
2552 5020 2579 5060 h
2608 5021 2768 5078 Deest
2810 5039 2888 5088 τῳ
2945 5018 3096 5071 παιδὶ
3137 5019 3280 5088 apud
3350 5021 3414 5077 ῐῖ.

2127 5095 2151 5133 ¹ί
2179 5093 2244 5148 R.
2281 5094 2571 5166 ἐμϐάλετε.
2655 5092 2667 5130 ¹
2703 5093 3000 5162 lnterpouit
3029 5090 3194 5144 καὶιι.
3273 5102 3310 5127 η’
3352 5093 3417 5147 ll.

1667 5257 1907 5315 NOTAE.

212 5393 319 5474 (ιτ)
352 5388 746 5474 Διομειεῑευιη
774 5386 998 5474 Μιξιςείξ
1018 5379 1721 5474 ξιιιξέξςῑξίξυὶοδὲρτ,ξξίἱνιμ

146 5450 276 5518 talio
297 5450 471 5518 exstat
500 5460 644 5515 edita
676 5459 1001 5530 egregieque
1030 5450 1307 5530 illustrata
1332 5468 1368 5530 a_
1402 5452 1473 5506 cl.
1507 5450 1720 5530 viro.L.

147 5538 210 5587 Δ.
237 5532 522 5604 Zacagnio,
553 5521 1051 5604 bililio'tlie'ca‘_'_\'at.
1076 5523 1503 5604 (ll-illlpl'meCIO,
1528 5521 1581 5574 in
1608 5521 1728 5589 ejus

148 5595 463 5660 collectione
487 5616 732 5656 momun.
763 5608 871 5653 vet.
897 5597 1085 5650 Roma:
1112 5595 1272 5648 1598.

223 5675 331 5745 (l8)
386 5674 446 5728 In
486 5671 688 5728 codicis
729 5669 975 5740 margine
1009 5669 1078 5721 ita
1122 5684 1133 5719 :
1179 5665 1275 5719 καὶ
1305 5664 1411 5737 μὴν
1438 5660 1731 5734 κὺτδςζέδιο

1830 5379 2017 5445 δαξας,
2067 5381 2142 5442 ὼς
2193 5378 2520 5448 ἀτιμάζουσι
2556 5375 2911 5448 Πέτρονκτᾲς
2960 5373 3038 5448 δὲ,
3074 5374 3304 5445 πράξεις
3361 5376 3419 5426 οὐ

1831 5451 2109 5522 δέχονταιε
2137 5446 2299 5520 atqui
2317 5459 2372 5522 tu
2399 5451 2510 5518 ipse
2544 5463 2636 5522 nos
2657 5446 2898 5507 docuis:i,
2929 5452 2996 5522 ob
3023 5446 3151 5522 ipsis
3168 5447 3428 5522 contemni

1837 5516 2076 5584 Petrum,
2099 5531 2144 5573 et
2167 5516 2523 5590 apostolorum
2552 5518 2683 5568 Acta
2707 5533 2817 5590 nou
2836 5517 3014 5590 recipi.
3043 5516 3251 5569 'I‘amcn
3273 5518 3401 5570 alite

1838 5594 1907 5650 de
1937 5587 2309 5664 apostolorum
2337 5590 2486 5644 Actis
2517 5603 2680 5656 supra
2713 5604 2764 5658 p.
2799 5587 2884 5642 Η.
