3928 6246
390 268 528 331 1263

1776 262 2008 321 PETRI
2066 257 2319 322 SICULI

3520 251 3644 317 1261

386 386 430 440 si
463 381 808 454 inculpabilis
841 380 1004 437 JeSus
1025 388 1110 436 est
1135 379 1208 434 ita
1232 378 1481 448 loquens,
1511 392 1610 432 cur
1640 376 1791 431 illum
1823 376 1937 430 vitu
1957 401 1969 410 -

2077 373 2366 444 λεγόντων,
2397 373 2543 427 δυοῖν
2573 373 2802 440 θάτερον
2829 389 2842 402 ·
2874 372 2906 442 ἦ
2938 371 3241 440 ἀμφότεροι
3270 368 3423 422 καλοὶ
3445 369 3528 422 διὰ
3550 372 3643 440 τὴν

387 491 547 547 peras
570 475 662 546 qui
685 473 935 529 similiter
956 472 1010 526 in
1032 479 1214 527 vetere
1239 469 1503 541 loquitur?
1525 468 1830 538 Respondit
1849 466 1979 522 huic

387 569 580 623 Manes
612 583 625 622 :
661 565 924 632 Quisnam
951 577 1081 616 vero
1110 560 1252 616 Deus
1269 558 1545 614 excaecat?
1574 557 1740 628 Atqui
1772 557 1973 612 Paulus

385 661 462 715 ait
486 678 498 715 :
519 660 583 714 In
615 658 801 731 quibus
834 656 972 710 Deus
1001 653 1159 724 hujus
1182 651 1361 708 surculi
1383 652 1662 705 excaecauit
1685 649 1979 719 inﬁdelium

390 761 608 816 mentes,
638 759 693 804 ut
723 765 827 802 non
859 747 1060 818 fulgeat
1091 746 1216 816 ipsis
1241 744 1566 798 illuminatio
1596 743 1830 796 scientia’
1863 741 1978 810 glo-

389 848 482 902 rite
534 843 806 916 Evangelii
868 841 1065 902 Christi
1085 837 1169 892 ἐἳ
1230 838 1369 893 Tum
1437 852 1629 891 rursus
1678 835 1980 889 Archelaus

387 936 844 1007 subdistingucns
885 933 1006 988 ait:
1065 931 1208 1004 Lege
1258 939 1418 985 antea
1459 928 1590 999 quid
1642 925 1746 982 sibi
1796 925 1926 979 velit
1963 941 1975 976 :

386 1030 533 1102 quod
557 1029 602 1084 si
632 1028 797 1083 etiam
829 1035 909 1081 est
942 1034 1196 1095 opertum
1236 1021 1590 1093 Evangelium
1617 1028 1890 1083 nostrum,
1921 1018 1977 1070 in

388 1125 454 1179 iis
476 1123 567 1193 qui
597 1129 828 1192 pereunt
852 1128 1102 1189 opertum
1134 1126 1236 1172 est.
1273 1114 1465 1170 Viden’
1493 1114 1634 1182 quod
1667 1113 1733 1166 iis
1765 1111 1856 1183 qui
1886 1127 1977 1180 pe-

390 1224 544 1271 reunt
570 1222 807 1283 opertum
833 1213 900 1267 sit
932 1211 1022 1265 ὀἳ
1053 1213 1170 1265 Νοη
1207 1209 1346 1264 enim
1379 1215 1578 1277 oportet
1615 1205 1817 1261 Sancta
1849 1205 1979 1258 dare

358 1289 361 1298 ’
387 1307 608 1362 canibus
633 1305 700 1358 ³⁰.
720 1305 986 1390 Ρμιξιειεθα
1012 1316 1143 1356 num
1169 1299 1368 1354 veteris
1391 1296 1768 1353 tantummodo
1786 1295 1980 1348 Testa-

390 1401 560 1456 menti
596 1387 1075 1454 Deus—inﬁdelium
1109 1401 1324 1448 mentes
1344 1389 1679 1446 excazcavit?
1707 1403 1779 1442 an
1811 1387 1976 1441 etiam

385 1492 547 1546 Jesus
568 1488 713 1560 ipse,
745 1487 836 1558 qui
859 1485 1086 1541 Paulum
1121 1498 1338 1554 quoque
1362 1482 1688 1546 cxctecavit;
1717 1477 1976 1549 quoniam

385 1583 522 1638 dixit
556 1600 568 1636 :
616 1581 820 1636 Idcirco
856 1581 911 1632 in
955 1577 1224 1648 parabolis
1274 1575 1379 1629 illis
1414 1575 1617 1645 loquor,
1658 1583 1713 1626 ut
1747 1573 1976 1625 videntes

389 1692 492 1729 non
533 1676 744 1729 videant
765 1662 857 1725 πῖ
887 1670 1025 1726 Νυιιι
1057 1670 1184 1741 quia
1213 1669 1436 1734 odisset,
1472 1666 1687 1721 volebat
1721 1679 1818 1720 eos
1854 1664 1976 1717 visu

385 1769 612 1824 carere?
640 1783 706 1822 an
737 1766 918 1837 potius
946 1765 1014 1819 ob
1041 1762 1444 1834 indignitatem,
1469 1758 1596 1829 quia
1623 1756 1814 1811 oculos
1839 1769 1973 1809 suos

381 1869 580 1930 sponte
627 1856 1010 1915 occluserant?
1057 1855 1158 1910 Ubi
1211 1854 1357 1908 enim
1411 1849 1718 1905 voluntaria
1765 1847 1972 1904 malitia

383 1961 490 2015 est,
543 1951 672 2004 inde
724 1965 783 2003 se
833 1947 1089 2001 subducit
1136 1943 1308 2014 gratia
1361 1941 1701 1996 illuminans.
1757 1935 1970 1992 Etenim

379 2041 630 2106 habenti,
663 2039 911 2103 dabitur;
935 2038 1001 2091 ab
1031 2051 1098 2090 eo
1122 2049 1304 2089 autem
1328 2033 1422 2103 qui
1459 2048 1566 2087 non
1602 2031 1781 2090 habet,
1807 2027 1970 2083 etiam

382 2133 530 2204 quod
561 2131 774 2187 videtur
805 2130 1028 2189 habere.
1060 2125 1424 2181 auferetur”.
1461 2123 1618 2190 Quod
1652 2121 1697 2176 si
1747 2119 1972 2191 quidam

381 2235 535 2281 recte
553 2225 1006 2294 interpretantur,
1028 2218 1219 2274 licebit
1237 2232 1345 2271 non
1370 2216 1552 2287 inepte
1569 2213 1733 2269 etiam
1749 2211 1934 2266 dicere
1954 2229 1968 2266 :

381 2321 709 2390 Quanquam
759 2315 1054 2372 excaecavit
1093 2311 1392 2367 inﬁdelium
1443 2318 1680 2370 mentes,
1714 2314 1772 2360 ut
1803 2305 1969 2359 etiam

381 2414 535 2471 Pauli
582 2410 771 2468 oculos
815 2408 1094 2473 Christus,
1142 2405 1349 2460 utiliter
1392 2402 1445 2457 id
1491 2411 1672 2456 tamen
1713 2399 1846 2470 egit,
1911 2406 1970 2452 ut

380 2508 456 2562 illi
498 2506 565 2560 ad
615 2506 962 2559 sanctitatem
1017 2501 1378 2570 respicerent.
1427 2492 1548 2550 Non
1596 2493 1742 2549 enim
1782 2490 1966 2546 dixit:

378 2598 691 2656 Excaecavit
728 2596 966 2652 animam
997 2594 1239 2656 illorum,
1272 2591 1368 2646 sed
1399 2596 1600 2644 mentes
1631 2585 1969 2657 inﬁdelium;

378 2695 454 2749 ita
485 2699 544 2747 ut
567 2691 858 2747 verborum
887 2702 1083 2742 sensus
1107 2685 1206 2740 sit:
1232 2683 1456 2738 Excaeca
1477 2679 1798 2736 scortator-is
1816 2692 1968 2732 scor-

382 2795 589 2840 tantem
623 2789 883 2844 mentem,
925 2787 984 2833 ut
1009 2779 1171 2832 homo
1198 2774 1269 2830 sit
1295 2773 1478 2828 salvus
1514 2789 1528 2826 :
1559 2785 1770 2826 excaeca
1798 2767 1968 2821 Iatro-

381 2878 467 2932 nis
511 2874 928 2930 latrocinantcm
982 2881 1345 2940 rapacemque
1384 2865 1650 2925 animum,
1703 2870 1760 2914 ut
1803 2860 1967 2929 hoino

380 2971 640 3026 salvetur.
681 2966 838 3033 Quod
887 2964 931 3019 si
968 2963 1174 3018 dictum
1226 2958 1530 3029 intelligere
1577 2954 1656 3010 sic
1700 2951 1963 3015 nolueris,

378 3073 465 3120 cst
510 3062 614 3117 alia
649 3073 866 3131 quoque
907 3055 1238 3127 explanatio.
1282 3053 1532 3108 Excaecat
1581 3049 1690 3119 2ο
1740 3047 1966 3102 hebetes

376 3157 568 3211 oculos
599 3155 763 3210 etiam
793 3153 892 3213 sol,
919 3161 974 3206 et
994 3148 1286 3220 lippientes
1315 3153 1659 3200 excaecantur
1685 3141 1828 3204 luce;
1853 3153 1962 3193 non

376 3249 523 3319 quod
549 3253 917 3302 excaecantem
943 3252 1192 3296 naturam
1216 3237 1296 3292 sol
1325 3236 1541 3300 habeat,
1567 3233 1659 3287 sed
1682 3231 1808 3301 quia
1835 3244 1966 3282 ocu-

375 3346 552 3399 lorum
593 3350 766 3396 status
806 3338 1057 3391 inﬁrmus
1086 3342 1189 3387 est.
1217 3331 1307 3386 Sic
1332 3329 1497 3384 etiam
1525 3323 1791 3382 inﬁdeles.
1816 3321 1968 3375 labo-

377 3435 626 3490 rantibus
657 3431 848 3487 morbo
877 3427 1183 3490 animabus,
1236 3430 1488 3492 spectare
1535 3415 1842 3471 Divinitatis
1874 3430 1964 3467 ra-

374 3531 494 3586 dios
527 3534 829 3599 nequeunt.
887 3522 952 3576 Et
990 3535 1100 3574 non
1150 3517 1289 3573 dixit
1343 3531 1357 3568 :
1403 3509 1708 3566 Excaecavit
1749 3509 1964 3562 illorum

376 3632 612 3687 mentes,
641 3617 937 3690 quominus
982 3609 1332 3680 Evangelium
1368 3605 1640 3672 fulgeret;
1694 3600 1789 3656 sed
1830 3614 1966 3670 quo-

376 3718 562 3772 minus
587 3708 914 3766 illuminatio
943 3703 1127 3776 glorise
1158 3697 1436 3768 Evangelii
1467 3693 1670 3749 Christi
1706 3692 1958 3762 fulgeret.

371 3809 618 3875 Namque
643 3801 834 3857 audire
867 3793 1240 3866 Erangelium,
1272 3787 1482 3844 cunctis
1502 3785 1840 3848 conceditur;
1866 3781 1962 3838 sed

377 3913 560 3957 tamen
585 3892 865 3965 Evangelii
887 3886 1092 3945 Christi
1125 3883 1290 3957 gloria
1336 3880 1588 3936 ﬁdelibus
1622 3877 1844 3933 famulis
1873 3890 1962 3929 rc-

371 4005 642 4051 servatur.
676 3984 1024 4056 Loquebatur
1055 3981 1237 4048 itaque
1267 3991 1363 4047 per
1384 3973 1676 4046 parabolas
1703 3970 1960 4026 Christus

370 4090 460 4155 iis,
500 4086 592 4157 qui
623 4082 811 4138 audire
846 4094 956 4133 non
999 4084 1281 4148 poterant;
1308 4069 1596 4140 discipulis
1626 4084 1756 4124 vero
1787 4066 1960 4138 priva-

371 4183 468 4237 tim
501 4175 788 4250 parabolas
825 4170 1131 4242 explicabat
1155 4167 1200 4199 ³³
1233 4184 1247 4220 :
1283 4179 1483 4234 nempe
1527 4161 1710 4233 gloria:
1754 4159 1954 4231 fulgor,

367 4270 688 4329 illuminatis
724 4267 816 4333 ﬁt;
867 4261 1158 4320 excaecatio
1201 4268 1411 4321 autem,
1451 4255 1780 4310 inﬁdelibus.
1832 4254 1956 4307 Ilaec

2080 467 2370 537 ὀμολεξίαν
2397 483 2410 497 ·
2445 467 2479 537 ἢ
2510 467 2557 518 ει
2592 482 2613 503 ο
2640 464 2976 535 ἀνέγκλητος
3010 464 3217 534 Ἰησοῦς
3255 461 3428 515 ταῦτα
3462 463 3651 530 λέγων,

2079 559 2170 612 διὰ
2218 558 2274 612 τι
2334 558 2515 627 λέγεις
2541 559 2632 611 τὸν
2679 559 2749 611 τὰ
2777 559 2940 628 ὅμοια
2969 559 3026 610 ὲν
3051 560 3118 628 τῇ
3151 555 3362 628 Παλαιᾷ
3389 555 3612 625 λέγοντα
3637 575 3651 620 ;

2085 647 2216 706 Εἶτα
2245 653 2272 705 6
2321 652 2512 722 Μάνης
2562 649 2699 720 πρὸς
2743 651 2907 704 αὑτὸν
2961 649 3146 718 λέγει·
3181 649 3290 702 Καὶ
3333 650 3483 711 ποῖος
3529 647 3655 710 Θεὸς

2080 743 2304 812 τυφλοῖ;
2339 741 2552 806 Παῦλος
2608 741 2718 813 γάρ
2778 744 2928 795 ἐστιν
2987 742 3015 793 6
3072 740 3288 809 λέγων·
3335 741 3440 794 Ἐν
3505 733 3656 805 οἴςύ

2083 836 2229 903 Θεὸς
2250 834 2358 890 τοῦ
2397 833 2613 899 αἰῶνος
2652 833 2868 887 τούτου
2909 832 3227 900 ἐτύφλωσε
3276 832 3348 886 τὰ
3383 830 3647 901 νοήματα

2081 929 2200 982 τῶν
2227 928 2507 984 ἀπίστων
2533 927 2612 990 εἰς
2643 925 2707 979 τὸ
2726 924 2812 994 μὴ
2839 923 3103 994 αὐγάσαι
3134 923 3340 990 αὐτοῖς
3365 923 3473 978 τὸν
3493 937 3658 993 pam-

2079 1021 2240 1089 σμόν
2257 1020 2654 1088 τῆςτγώσεως
2669 1018 2780 1102 τῆς
2799 1017 2985 1084 δόξης
3012 1017 3118 1072 τοῦ
3141 1017 3514 1087 Εὐαγγελίου
3552 1016 3656 1070 τοῦ

2078 1114 2361 1182 Χριστοῦ.
2407 1114 2466 1166 Ὃ
2495 1113 2551 1166 δὲ
2587 1112 2878 1186 Ἀρχέλαος
2918 1111 3102 1174 πάλιν,
3135 1110 3480 1176 ὐποστξξαςῐ)
3509 1109 3654 1180 φησί’

2079 1203 2469 1277 Προανάγνωοι
2505 1203 2534 1257 6
2562 1203 2709 1272 λέγει
2745 1202 2841 1256 νῦν
2866 1219 2880 1234 ο
2913 1203 2960 1255 εἰ
2989 1203 3045 1255 δὲ
3075 1203 3170 1257 καὶ
3224 1201 3339 1256 ἔστι
3390 1202 3658 1273 κεκαλυμ-

2082 1295 2242 1367 μένον
2298 1296 2358 1348 τὸ
2404 1294 2740 1363 Εὑαγγέλιον
2793 1293 2972 1365 ἡμῶν,
3011 1292 3071 1346 ὲν
3121 1295 3232 1357 τοῖς
3265 1291 3654 1364 ἀπολλυμένοις

2078 1391 2196 1443 ἐστὶ
2225 1389 2684 1459 κεκαλυμμένον
2708 1405 2723 1420 ·
2754 1389 2885 1460 ὁρᾷς
2915 1387 2997 1440 ὅτι
3042 1386 3112 1441 ἐν
3162 1386 3286 1452 τοῖς
3323 1385 3657 1457 ἀπολλυμέ-

2077 1501 2207 1550 νοις
2231 1482 2605 1537 κεκάλυπται
2633 1482 2744 1546 ;οῠ
2770 1479 2868 1534 δεῖ
2882 1479 2993 1550 γὰρ
3019 1477 3248 1533 διδόναι
3276 1478 3354 1533 τὰ
3381 1477 3519 1548 ἅγια
3542 1476 3660 1544 τοῖς

2077 1574 2283 1629 κυσίν.
2308 1565 2458 1628 Ἐἶτα
2519 1575 2679 1641 μόνον
2704 1571 2733 1623 6
2772 1572 2872 1641 τῆς
2913 1568 3160 1632 Παλαιᾶς
3198 1567 3339 1631 Θεὸς
3387 1565 3654 1637 ἐτύφλωσε

2077 1668 2146 1721 τὰ
2171 1666 2416 1737 νοήματα
2437 1665 2546 1718 τῶν
2569 1661 2814 1716 ἀπίστων
2844 1677 2857 1727 ;
2885 1660 2918 1732 ἦ
2957 1659 3052 1714 καὶ
3090 1656 3299 1730 Ἰησοῦς
3325 1656 3491 1720 αὐτὸς
3512 1655 3540 1707 6
3563 1655 3650 1708 καὶ

2011 1729 2049 1784 Β
2082 1729 2296 1813 Παῦλον
2324 1755 2618 1827 τυφλώσας
2645 1755 2746 1808 οὐκ
2784 1729 2994 1825 εἴρηκε,
3027 1751 3130 1805 Διὰ
3157 1729 3339 1804 τοῦτο
3379 1749 3452 1803 ἐν
3479 1763 3657 1817 παραο

2077 1847 2284 1914 ϐολαῖς
2311 1845 2515 1912 αὐτοῖς
2545 1842 2737 1906 λαλῶ,
2760 1841 2850 1896 ὅτι
2865 1839 3207 1906 βλέποντες
3228 1839 3302 1892 οὐ
3318 1835 3621 1902 βλέπουσι
3634 1851 3658 1898 ,·

2078 1941 2164 2010 Μὴ
2193 1940 2368 2011 μισῶν
2391 1939 2589 2000 αὐτοὺς
2614 1935 2864 1989 ὲὸούλετο
2884 1931 3032 2005 [c0d.
3058 1931 3096 1986 f.
3119 1929 3237 2003 9L!
3257 1929 3334 2002 μὴ
3358 1928 3572 2000 βλέπειν
3592 1926 3655 1997 ;ἡ

2075 2032 2160 2087 διὰ
2183 2032 2244 2085 16
2270 2031 2487 2097 ἀνάξιον
2509 2071 2525 2095 ,
2555 2027 2746 2098 ἐπειδὴ
2776 2028 2901 2088 τοὺς
2935 2022 3246 2094 ὀφθαλμοὺς
3281 2021 3465 2074 αὐτῶν
3498 2017 3658 2086 ἐκάμ-

2077 2140 2295 2194 μυσαν;
2333 2123 2466 2176 ὅπου
2519 2121 2630 2191 γὰρ
2672 2117 3132 2190 αὐτοπροαίρετος
3163 2125 3191 2165 ς
3229 2111 3470 2182 πονηρὲα
3498 2150 3513 2175 ,
3550 2111 3658 2162 ἐκεῖ

2073 2217 2168 2269 καὶ
2202 2212 2381 2284 ἀποχὴ
2414 2214 2510 2283 τῆς
2545 2210 2896 2280 φωτιξούσης
2938 2210 3159 2280 χάριτος
3194 2221 3206 2236 ·
3234 2204 3322 2279 .τῴ
3351 2203 3460 2273 γὰρ
3489 2201 3654 2272 ἔχοντι

2072 2307 2391 2377 δοθήσεται·
2424 2304 2532 2359 ἀπὸ
2558 2305 2613 2357 δὲ
2646 2303 2738 2357 τοῦ
2770 2303 2844 2373 μὴ
2876 2302 3089 2372 ἔχοντος
3120 2300 3210 2353 καὶ
3250 2297 3280 2352 ὃ
3335 2296 3483 2350 δοκεῖ
3513 2293 3649 2366 ἔχειν

2073 2399 2372 2470 ἀρθήσεται
2423 2396 2517 2450 ἀπ’
2543 2394 2729 2448 αὐτοῦ.
2782 2395 2845 2446 El
2877 2391 2936 2446 δὲ
2969 2392 3064 2446 καὶ
3115 2390 3345 2452 δικαίως
3401 2387 3544 2450 τινὲς
3579 2385 3656 2450 ἐξ-

2072 2488 2494 2562 ηγοῦνται,ἔστι
2522 2490 2615 2542 καὶ
2669 2486 2841 2550 οὕτως
2878 2487 3074 2549 εἰπεῖν,
3109 2483 3171 2536 οὐ
3217 2481 3428 2552 φαῦλον
3469 2479 3575 2550 γὰρ
3600 2477 3654 2530 16

2075 2584 2229 2654 ῥῆμα
2254 2599 2268 2613 ·
2294 2582 2356 2634 Εἰ
2393 2582 2490 2634 καὶ
2524 2579 2803 2648 ἐτύφλωσε
2833 2577 2941 2631 τῶν
2985 2576 3233 2630 ἀπίστων
3269 2574 3344 2628 τὰ
3381 2574 3651 2644 νοήματα,

2071 2673 2146 2736 ὡς
2181 2673 2276 2725 καὶ
2317 2671 2530 2724 Παύλου
2560 2671 2686 2732 τοὺς
2717 2664 3030 2738 ὀφθαλμοὺς
3056 2667 3086 2718 6
3111 2663 3376 2737 Χριστὸς,
3427 2663 3518 2717 ἐπὶ
3559 2679 3652 2716 κα-

2071 2765 2146 2836 λῷ
2171 2766 2280 2836 γὰρ
2301 2762 2632 2831 ἐτύφλωσεν,
2655 2761 2746 2814 ἵνα
2771 2762 2850 2822 εἰς
2875 2759 2943 2812 τὰ
2965 2759 3097 2827 ἅγια
3126 2756 3425 2828 βλέψωσιν.
3453 2757 3524 2809 Οὺ
3545 2755 3645 2824 γὰρ

2071 2841 2244 2924 εἶπεν,
2263 2856 2602 2925 Ἐτύςρλωσεν
2622 2853 2801 2907 αὐτῶν
2824 2851 2921 2920 τὴν
2938 2851 3137 2921 ψυχὴν,
3161 2849 3321 2915 ἀλλὰ,
3351 2847 3424 2902 τὰ
3444 2847 3656 2916 νοήμα-

2069 2969 2141 3005 τα
2172 2947 2291 3004 τῶν
2319 2950 2596 3004 ἀπίστων
2654 2963 2670 2977 ο
2704 2945 2765 2998 τὸ
2795 2944 2850 2997 δὲ
2873 2936 3191 3013 λεγόμενον,
3225 2940 3470 2996 τοιοῦτόν
3502 2943 3610 2994 ἐστι
3637 2953 3651 2967 ⁸

2070 3045 2365 3114 Τύφλωσον
2389 3041 2482 3094 τοῦ
2519 3039 2720 3110 πόρνου
2759 3037 2825 3091 τὰ
2859 3035 3095 3108 πορνικὰ
3123 3035 3382 3106 νοήματα
3404 3075 3419 3100 ,
3456 3033 3548 3087 καὶ
3575 3029 3656 3085 σέ-

2072 3157 2283 3196 σωσται
2313 3138 2342 3190 6
2402 3136 2686 3209 ἄνθρωπος
2724 3150 2737 3162 °
2778 3132 3063 3202 τύφλωσον
3104 3129 3197 3184 τοῦ
3242 3127 3450 3201 λῃστοῦ
3478 3128 3538 3182 16
3567 3127 3655 3200 λῃο

2069 3233 2290 3305 στρικὸν
2340 3231 2433 3284 καὶ
2469 3227 2806 3300 ἁρπακτικὸν
2834 3227 3034 3298 νόημα,
3077 3226 3170 3278 καὶ
3193 3223 3466 3277 σέσωσται
3497 3222 3526 3276 6
3563 3220 3652 3276 ἄν⁹

2068 3326 2095 3380 0
2105 3343 2306 3396 ρωπος.
2352 3323 2496 3378 Ἀλλ’
2519 3323 2580 3374 οὐ
2607 3320 2780 3383 θέλεις
2799 3318 2973 3382 οὕτως
2996 3317 3186 3387 νοῆσαι
3211 3333 3226 3380 ;
3260 3314 3385 3369 ἐστι
3408 3313 3503 3369 καὶ
3527 3312 3650 3383 ἄλλη

2067 3419 2329 3492 ἐξήγησις
2355 3435 2369 3449 ⁸
2398 3416 2593 3486 τυφλοῖ
2628 3415 2720 3469 καὶ
2765 3413 2918 3485 ἥλιος
2972 3414 3100 3475 τοὺς
3153 3409 3647 3481 ἀμϐλυωποῦντας,

2067 3517 2162 3572 καὶ
2195 3515 2244 3568 οἱ
2279 3509 2692 3583 ὀφθαλμιῶντες
2718 3507 3049 3578 τυφλοῦνται
3074 3503 3444 3576 βλαπτόμενοι
3470 3504 3535 3556 ὲκ
3562 3497 3647 3554 τοῦ

2068 3607 2246 3678 φωτός
2278 3621 2292 3636 ·
2325 3605 2423 3672 οὐχ
2443 3605 2524 3657 ὅτι
2554 3599 2893 3670 τυφλωτικδς
2920 3599 2948 3652 6
2977 3597 3129 3669 ἣλιος
3151 3636 3165 3662 ,
3192 3594 3309 3649 ἀλλ’
3343 3595 3428 3649 ὅτι
3459 3593 3493 3665 ἡ
3529 3589 3648 3646 ὁπό-

2067 3718 2258 3764 στασις
2307 3699 2413 3752 τῶν
2440 3696 2718 3769 ’ὀμμάτων
2781 3691 2957 3762 σαθρᾶ
3017 3691 3186 3742 ἐστιν.
3234 3685 3426 3749 Οὕτως
3460 3682 3553 3738 καὶ
3598 3681 3644 3735 0i

2064 3796 2283 3850 ἄπιστοι
2317 3790 2597 3853 νοσοῦντες
2624 3787 2722 3851 τὰς
2766 3784 2946 3856 ψυχὰς
2972 3781 3164 3837 ἐνιδεῖν
3189 3782 3314 3843 ταῖς
3343 3777 3444 3849 τῆς
3473 3773 3647 3846 05611]-

2063 3905 2154 3951 τος
2183 3886 2398 3940 ἀκτῖσιν
2427 3883 2487 3937 οὐ
2519 3881 2772 3938 δύνανται
2800 3894 2815 3907 ·
2847 3877 2942 3930 καὶ
2968 3874 3069 3927 οὐκ
3091 3868 3266 3937 εἶπεν,
3303 3868 3638 3938 Ἐτύφλωσεν

2063 3978 2241 4032 αὐτῶν
2297 3976 2366 4029 τὰ
2405 3975 2672 4045 νοήματα,
2715 3971 2795 4033 εἰς
2822 3967 2881 4020 16
2923 3965 2998 4037 μὴ
3023 3963 3263 4033 αὐγάσαι
3303 3963 3366 4014 16
3399 3957 3637 4026 Εὐαγγέ-

2061 4071 2190 4134 λιον,
2219 4069 2332 4124 ἀλλ’
2358 4069 2447 4132 εἰς
2469 4068 2534 4120 τὸ
2551 4064 2638 4135 μὴ
2663 4060 2930 4129 αὐγάσαι
2960 4058 3069 4112 τὸν
3087 4055 3406 4126 φωτισμὸν
3420 4051 3528 4122 τῆς
3541 4050 3634 4104 δό-

2061 4167 2174 4233 ξης
2197 4162 2303 4217 τοῦ
2317 4159 2688 4228 Εὐαγγελίου
2706 4153 2812 4208 τοῦ
2830 4149 3107 4222 Χριστοῦ.
3135 4149 3219 4214 Τὸξ
3231 4147 3332 4218 μὲν
3349 4145 3460 4216 γὰρ
3484 4139 3641 4197 ἀκοῦ-

2062 4277 2151 4312 σαι
2191 4255 2284 4310 τοῦ
2313 4251 2669 4321 Εὑαγγελξου,
2700 4248 2867 4302 πᾶσιν
2899 4243 3112 4314 ἐφίεται
3138 4257 3153 4273 ⁸
3197 4239 3349 4314 [cod.
3383 4237 3424 4293 ἰ.
3609 4235 3638 4305 ἡ

366 4382 517 4422 nunc
559 4364 656 4420 tibi
690 4360 946 4432 mysteria
984 4355 1237 4412 edisserit
1281 4351 1541 4415 Ecclesia,
1574 4365 1640 4403 ex
1682 4347 1954 4403 catechu-

2070 4351 2113 4404 δὲ
2159 4347 2285 4414 δόξα
2336 4345 2430 4398 τοῦ
2472 4340 2806 4410 Εὐαγγελίου
2834 4332 3096 4408 Χριστοῦ,
3148 4331 3398 4403 γνησίοις
3443 4326 3640 4388 δούλοις

364 4473 654 4516 menorum
684 4455 854 4508 classe
879 4451 990 4521 jam
1023 4462 1243 4519 egresso
1269 4465 1282 4499 :
1307 4457 1482 4513 neque
1513 4452 1693 4498 tantem
1719 4440 1955 4494 ethnicis

2070 4441 2371 4512 ὶφώρισται
2401 4454 2414 4468 ·
2458 4435 2644 4504 ἔλεγεν
2681 4431 2774 4486 οῦν
2808 4433 2836 4484 6
2883 4428 3109 4500 Κύριος,
3145 4427 3256 4488 τοῖς
3294 4423 3372 4495 μὴ
3418 4419 3637 4476 ἀκοῦσαι

365 4553 490 4608 talia
521 4565 795 4621 exponere
823 4562 938 4600 mos
962 4555 1150 4599 noster
1181 4550 1281 4597 est.
1314 4540 1528 4610 Quippe
1563 4537 1798 4593 ethnicis
1834 4550 1950 4605 my-

2070 4531 2407 4603 Ξυναμένοιςξ,
2481 4528 2541 4582 ὲν
2601 4522 2938 4594 παραϐολαῖς
2968 4536 2982 4551 ·
3050 4520 3162 4582 τοῖς
3222 4517 3279 4570 δὲ
3353 4513 3635 4586 μαθηταῖς,

361 4647 528 4703 steria
563 4603 631 4701 dre
674 4643 854 4706 Patre,
900 4639 1037 4694 Filio
1067 4647 1124 4693 et
1159 4637 1366 4708 Spiritu
1415 4648 1605 4690 saneto
1640 4648 1748 4688 non
1780 4603 1948 4687 tradi-

2070 4625 2245 4678 ;πέλυε
2295 4621 2412 4675 κατ’
2441 4619 2576 4674 ἰδίαν
2621 4616 2717 4680 τὰς
2750 4612 3065 4686 παραϐολάς
3094 4627 3110 4642 ⁶
3167 4611 3194 4663 6
3233 4605 3520 4678 αὐγασμδς
3543 4603 3637 4674 τῆς

359 4754 484 4794 mus
512 4754 524 4791 :
559 4751 663 4791 nec
693 4733 826 4805 ipsis
853 4730 1074 4802 quidem
1105 4726 1517 4784 catechumenis
1545 4723 1721 4779 lucide
1747 4731 1951 4794 myste-

2070 4719 2226 4787 ίόξης,
2257 4717 2367 4778 τοῖς
2380 4710 2816 4782 πεφωτισμένοις
2835 4723 2849 4737 ⁸
2881 4709 2917 4778 ἡ
2940 4707 2998 4760 δὲ
3027 4703 3301 4774 τύφλωσις
3324 4743 3339 4768 ς
3366 4701 3479 4763 ταῖς
3509 4699 3634 4751 ἀτη·

2531 4804 2534 4805 ,
2912 4801 2936 4805 —
3008 4800 3020 4805 -
3063 4798 3118 4805 ·-
3197 4797 3212 4805 ⁸
3309 4793 3322 4805 ⁸
3377 4793 3401 4805 ⁵
3529 4791 3548 4805 ⁸
3623 4787 3634 4805 ’

358 4831 440 4884 ria
479 4825 988 4888 counnunicamus;
1039 4822 1134 4877 sed
1187 4829 1328 4875 tecte
1373 4818 1646 4888 loquimur
1689 4832 1852 4886 saepe,
1889 4823 1947 4869 ut

2070 4811 2255 4867 ςτοῦσι.
2274 4808 2460 4863 Ταῦτα
2485 4804 2554 4858 τὰ
2572 4807 2847 4876 μυστήρια
2875 4801 2971 4854 νῦν
2997 4800 3031 4870 ἠ
3063 4793 3360 4866 Ἐκκλησία
3372 4787 3635 4862 διηγεῖταί

356 4923 390 4976 ii
420 4921 512 4992 qui
543 4927 748 4974 norunt
776 4916 960 4971 lidclcs
986 4915 1321 4985 intelligant;
1349 4919 1405 4967 et
1434 4910 1525 4981 qui
1549 4881 1820 4982 ignorarit,
1846 4909 1944 4964 dc-

2070 4923 2150 4969 :0t,
2184 4902 2260 4973 τῷ
2291 4904 2353 4956 ἐκ
2382 4897 2808 4969 κατηχουμένων
2833 4890 3321 4966 μεταδαλλλομένῳ
3351 4903 3366 4918 ο
3398 4885 3494 4938 οὐκ
3523 4881 3632 4934 ἔστι

354 5014 676 5069 trimentum
712 5026 820 5066 non
853 5008 1149 5079 patiantur.
1508 5054 1517 5072 ,
1571 5066 1589 5077 ε

2071 4999 2137 5069 ἀρ
2160 4996 2297 5057 ἔθος,
2341 4993 2572 5053 ἐθνικοῖς
2593 4985 3082 5061 διηγεῖσθαιταῦτα
3106 4997 3120 5012 ’
3151 4983 3211 5035 οὺ
3251 4995 3360 5050 γαρ
3405 4975 3627 5035 ἑθνικοίς

2022 5063 2090 5141 τὰ
2109 5063 2246 5157 *περὶ
2279 5085 2391 5137 Πατ
2402 5083 2490 5154 p6;
2509 5082 2605 5136 καὶ
2637 5080 2767 5134 Υἱοῦ
2797 5079 2892 5133 καὶ
2916 5076 3070 5144 ἁγίου
3088 5072 3227 5127 Πνεύ
3237 5086 3401 5142 ματος
3423 5063 3628 5138 διηγού-

2019 5184 2156 5252 μευα
2172 5175 2610 5250 μυστήριαοςοὺδὲ
2629 5175 2756 5245 περὶ
2775 5169 3087 5242 μυστηρίων
3102 5166 3198 5221 ἐπὶ
3214 5179 3450 5234 κατηχου
3457 5159 3625 5231 μένων

416 5302 462 5335 ³⁸
519 5300 560 5355 ll
612 5298 738 5356 Cor.
805 5300 962 5366 tv,4.
1078 5298 1123 5328 ²⁹
1178 5294 1444 5360 ibid.,'5.
1559 5292 1604 5324 ”
1632 5293 1827 5350 Matth.
1871 5311 1962 5360 vn,
2028 5293 2083 5349 6.
2192 5294 2233 5326 ³³
2293 5292 2484 5347 Matth.
2549 5305 2662 5355 xm,
2718 5287 2808 5341 15.
2919 5285 2962 5316 ³¹
3022 5281 3152 5338 ibid.
3217 5277 3299 5333 12.
3378 5275 3424 5306 ³³
3461 5270 3618 5326 Marc.

349 5393 424 5442 tv,
467 5374 555 5428 3.1.

1631 5506 1864 5563 VARI/IS
1910 5505 2319 5562 LECTIONES.

1609 5683 1635 5722 Ρ
1666 5672 1902 5744 Cyrillus
1957 5673 2330 5744 ὑποκρούσας,
2349 5668 2761 5744 __interpellans;
2804 5677 2948 5726 recte
2978 5681 3142 5732 sane;
3199 5670 3358 5732 atque
3393 5657 3460 5712 ita
3510 5651 3610 5707 fere

411 5686 436 5708 εδ
465 5677 556 5731 Sic
589 5675 805 5746 corrigo
829 5689 893 5729 ex
923 5673 1146 5745 Cyrillo.
1181 5672 1318 5728 Cod.
1360 5672 1405 5726 si
1437 5672 1513 5746 δέ,

2283 5753 2312 5793 ιι
2349 5739 2415 5797 ll.
2450 5739 2582 5795 αὐτὸ
2619 5758 2842 5813 προαιρ.

338 5744 982 5818 explicandum—videtur
1020 5745 1334 5811 ῦποστίξας,
1363 5745 1518 5815 quasi
1567 5744 1876 5812 obturbans,
1915 5744 2186 5798 obsistens.
