3702 6240
76 288 212 353 1265

61 499 110 551 οί
141 496 216 568 μὴ
247 496 452 560 εἰδότες
484 494 560 568 μὴ
583 494 851 566 βλαϐῶσι.

1202 289 1571 353 HISTORIA
1611 291 2207 354 MANICHJEORUM
2219 339 2232 352 .

63 401 272 466 λευκῶς
297 398 568 472 λαλοῦμεν
592 410 614 440 ι’
644 400 784 457 ἀλλά
820 401 1085 467 πολλάκις
1115 401 1350 472 λέγομεν
1411 404 1944 478 ὲπικεκαλυμμένως
1973 415 2020 469 ³,

2080 403 2170 458 ἵνα
2195 404 2245 456 οἱ
2298 401 2662 471 γινώσκοντες
2731 400 2913 456 πιστοὶ
2974 401 3229 474 νοήσωσι,
3255 403 3352 455 καὶ

131 590 229 643 IE7.
283 587 506 650 Τούτοις
558 589 654 640 καὶ
699 586 880 651 ἄλλοις
935 587 1181 644 πλείοσιν
1235 590 1572 662 ἀνετρέπετο
1622 589 1653 642 6

1827 586 1947 643 XV.
1991 586 2089 644 His
2144 587 2379 658 aliisque
2417 589 2667 659 pluribus
2694 588 3037 661 argumentis
3069 589 3236 644 draco
3273 605 3360 644 re-

62 684 298 755 δράκων·
322 681 606 768 τοιαύταις
638 681 982 750 συμπλοκαῖς
1011 684 1380 738 κατεπάλαιεν
1411 684 1505 738 τὸν
1532 684 1655 739 Μά-

62 793 161 844 νην
203 774 232 827 6
280 772 592 844 Ἀρχέλαος.
631 772 827 842 Φεύγει
863 773 1030 827 πάλιν
1069 777 1166 828 καὶ
1220 775 1472 829 ἐντεῦθεν
1513 778 1542 829 6
1592 777 1658 828 ἐκ

61 870 158 938 τῆς
188 865 436 936 φυλακῆς
467 865 678 933 φυγών·
715 864 928 917 καὶτὸν
953 865 1368 938 ἀνταγωνιστὴν
1401 866 1648 937 διαδράς,

62 958 280 1026 ἔρχεται
335 955 413 1018 είς
459 953 656 1023 κώμην
711 953 1126 1024 εὐτελεστάτην,
1164 955 1329 1022 ,κατά
1366 954 1474 1024 ξτὸν
1530 953 1656 1023 ὅφιν

63 1050 150 1104 τὴν
199 1051 259 1103 ὲν
310 1047 627 1120 παραδείσῳ
661 1047 1033 1102 καταλιπόντα
1069 1048 1162 1101 τὸν
1211 1048 1420 1118 Ἀδάμ,
1455 1046 1552 1101 καὶ
1589 1049 1656 1117 τῇ

65 1141 177 1213 Εὕα
222 1140 615 1214 προσελθόντα·
665 1139 783 1194 ἀλλ’
828 1142 857 1194 6
909 1141 928 1177 ί
971 1139 1140 1204 καλὸς
1186 1139 1394 1212 ποιμὴν
1465 1137 1660 1210 Ἀρχέ-

64 1235 218 1300 λαος,
277 1236 388 1287 τῶν
443 1232 736 1304 προϐάτων
789 1232 1223 1305 προνοούμενος,
1263 1231 1504 1296 ἀκούσας
1542 1232 1659 1301 θτὴν

65 1325 256 1394 φυγὴν,
312 1325 517 1386 εὐθέως
557 1323 834 1398 δρομαίως
875 1325 1105 1396 ἑπὶιτὴν
1151 1325 1249 1379 τοῦ
1297 1325 1464 1378 λύκου
1509 1323 1662 1378 ἐπεί·

64 1434 188 1486 γετο
230 1417 482 1489 ζήτησιν·
505 1418 701 1489 Μάνης
768 1418 828 1471 δὲ
869 1417 996 1472 ίδὼν
1045 1419 1137 1472 τὸν
1174 1420 1471 1486 ἀντίδικον,
1509 1418 1660 1485 ἐξαί-

65 1525 200 1580 φνης
223 1518 250 1546 α
289 1510 592 1580 ἐξεπήδησε
626 1509 723 1564 καὶ
771 1507 992 1578 ἔφυγεν·
1024 1509 1194 1580 ἔφυγε
1237 1509 1295 1562 δὲ
1341 1510 1442 1580 τὴν
1477 1507 1660 1562 τελευ-

63 1599 216 1654 ταίαν
248 1601 455 1671 φυγήν.
485 1603 548 1655 Oi
578 1602 688 1673 γὰρ
720 1601 816 1655 τοῦ
854 1602 1082 1673 Περσῶν
1110 1601 1377 1671 βασιλέως
1412 1603 1661 1655 ὑπασπι-

67 1696 186 1748 σταὶ
224 1691 515 1764 πανταχοῦ.
538 1692 990 1765 διερευνώμενοι,
1039 1694 1526 1765 καταλαμϐάνουσι
1569 1693 1692 1747 τὸνν

66 1786 294 1858 φυγάδα·
325 1788 421 1842 καὶ
445 1789 513 1859 ἢν
539 1787 772 1856 ὠφειλεν
802 1788 896 1842 ἐπὶ
925 1788 1020 1842 τοῦ
1047 1787 1195 1860 [cod.
1229 1788 1270 1843 ἰ.
1295 1789 1386 1844 92.
1417 1788 1500 1861 1).]
1540 1788 1661 1858 Ἀρ-

65 1879 254 1950 χελάου
282 1877 472 1932 λαϐεῖν
521 1879 821 1946 ἀπόφασιν,
855 1879 1063 1947 ταύτην
1111 1878 1468 1948 ἐπιφέρουσιν
1511 1875 1660 1946 αὐτῷ
1691 1913 1734 1968 Β

65 1973 112 2026 οἱ
135 1979 160 2006 ν
185 1969 280 2024 τοῦ
313 1969 581 2041 βασιλέως
609 1970 903 2041 ὑπηρέται·
938 1969 1377 2039 συλλαμϐάνεται
1407 1970 1434 2022 6
1462 1968 1664 2040 Μάνης,

65 2063 122 2116 ὃν
154 2061 556 2130 προσκυνοῦσιν
583 2063 634 2115 οι
669 2062 836 2116 αὑτοῦ
867 2061 1110 2132 μαθηταὶ
1149 2061 1224 2124 ὡς
1276 2060 1657 2132 Παράκλητον,

69 2155 159 2208 καὶ
185 2155 381 2222 ἄγεται
435 2154 571 2224 πρὸς
599 2153 690 2207 τὸν
724 2153 949 2224 βασιλέα
979 2170 994 2184 ·
1029 2152 1309 2207 ὠνείδισεν
1341 2154 1368 2206 6
1405 2151 1662 2224 βασιλεὺς

70 2247 226 2302 αὐτοῦ
252 2247 314 2301 τὸ
343 2246 563 2318 ψεῦδος,
601 2247 694 2300 καὶ
725 2246 824 2317 τὴν
861 2245 1040 2317 φυγὴν
1067 2246 1360 2317 ὲχλεύασεν
1385 2248 1479 2301 καὶ
1507 2253 1540 2286 ι-
1561 2245 1661 2318 τὴν

70 2341 306 2396 δουλείαν
344 2359 357 2372 ·
400 2342 683 2412 ἐξεδίκησε
729 2340 824 2395 τοῦ
863 2341 1050 2404 παιδὸς
1092 2343 1184 2395 τὸν
1217 2342 1376 2410 φόνον
1409 2343 1504 2395 καὶ
1533 2359 1666 2395 κατ-

76 2433 273 2504 έκρινε·
304 2434 399 2488 καὶ
417 2433 508 2487 διὰ
539 2432 720 2499 τοῦτο,
748 2434 844 2487 καί⁹
872 2433 966 2488 διὰ·
981 2434 1072 2487 τὸν
1097 2434 1207 2487 τῶν
1228 2434 1662 2503 δεσμοφυλάκων

75 2524 244 2593 φόνον,
279 2525 576 2596 ἐκδαρῆναι
605 2525 696 2578 τὸν
723 2525 918 2594 Μάνην
944 2524 1206 2597 Περσικῷ
1243 2525 1394 2596 νόμῳ
1422 2524 1663 2596 προστά-

76 2616 304 2683 Eas-xui
355 2616 420 2670 τὸ
476 2617 575 2687 μὲν
633 2615 820 2671 λοιπὸν
868 2617 1066 2686 σῶμα,
1119 2616 1331 2688 θηρίοις
1386 2617 1661 2687 παρεδόθη

77 2710 222 2780 βορά·
254 2709 314 2764 τὸ
342 2710 402 2764 δὲ
435 2711 538 2781 τῆς
567 2709 837 2780 κακίστης
863 2711 1093 2782 γνώμης
1121 2710 1330 2782 δοχείον
1370 2711 1433 2764 τὸ
1463 2711 1660 2781 δέρμα,

77 2801 302 2855 θυλάκου
327 2809 356 2849 γ
381 2801 543 2870 δίκην
576 2801 684 2871 πρὸ
706 2801 820 2855 τῶν
855 2801 1041 2854 πυλῶν
1071 2801 1377 2873 ἀνηρτήθη·
1407 2804 1435 2855 6
1469 2802 1662 2870 Βαρά-

78 2891 265 2962 κλητον
290 2891 486 2945 ἑαυτὸν
510 2890 704 2960 λέγων,
733 2892 830 2945 καὶ
864 2892 932 2946 τά
964 2893 1227 2962 μέλλοντα
1259 2892 1460 2947 ειδέναι
1488 2895 1664 2962 ἐπαγ·

79 2983 419 3056 γελλόμενος,
453 2982 570 3054 τὴν-
592 2981 729 3039 ἰδίαν
775 2984 956 3054 φυγὴν
983 2985 1078 3039 καὶ
1104 2983 1203 3058 τὴν
1229 2983 1536 3057 κατάληψιν
1563 2985 1666 3040 οὐκ

79 3072 246 3140 ἔγνω..

145 3164 259 3234 ιςε
292 3161 406 3222 Ἦν
429 3166 488 3220 δὲ
518 3165 625 3239 πρὸ
656 3165 848 3221 τούτου
875 3167 971 3222 καὶ
1001 3168 1192 3240 ἕτερος
1225 3168 1325 3241 τῆς
1350 3168 1550 3234 κακίας
1581 3169 1663 3224 δι-

1760 678 1968 735 futatus
1997 685 2106 746 est;
2140 680 2360 743 talibus,
2396 681 2638 749 inquam,
2667 679 3056 735 luctamiuibus
3082 678 3354 734 Manetem

1759 772 2070 827 debellabat
2101 773 2422 829 Archelaus.
2461 772 2624 846 Fugit
2657 773 2820 844 igitur
2851 773 3001 828 illinc
3030 774 3216 838 etiam,
3260 775 3357 843 qui

1759 864 1889 918 olim
1914 879 2136 919 carcere
2165 863 2458 936 eﬂ‘ugerat;
2491 875 2546 919 et
2577 865 2951 919 adversarium
2982 875 3184 930 vuans,
3208 864 3360 918 venit

1761 953 1816 1008 in
1875 955 2148 1024 quoddam
2188 955 2641 1010 obscurissimum
2687 956 2990 1026 Oppidum,
3046 966 3211 1026 prout
3266 955 3357 1008 ille

1762 1063 2011 1118 serpens,
2041 1048 2133 1119 qui
2165 1049 2356 1103 relicto
2389 1048 2445 1102 in
2475 1050 2730 1118 paradiso
2758 1049 2992 1114 Adamo,
3028 1048 3262 1103 accessit
3289 1047 3357 1102 ad

1764 1140 1954 1194 Evam.
1998 1139 2104 1193 Sed
2151 1138 2298 1193 enim
2340 1139 2520 1194 bonus
2565 1148 2752 1209 pastor
2797 1138 3121 1199 Archelaus,
3171 1137 3356 1192 ovium

1762 1231 1925 1286 saluti
1956 1231 2271 1295 consulens,
2323 1230 2601 1285 intellecto
2633 1229 2856 1300 eﬂ‘ugio,
2907 1229 3090 1284 statim
3139 1227 3370 1282 concito.

1762 1338 1925 1380 cursu
1961 1324 2027 1378 ad
2078 1323 2188 1393 lupi
2239 1323 2676 1392 persecutionem
2724 1322 3024 1376 ferebatur.
3061 1319 3249 1375 Manes
3284 1331 3368 1375 ιιι·⁵
3412 1340 3417 1342 ·

1761 1430 1888 1470 men
1920 1421 2222 1484 conspecto
2261 1413 2596 1476 adversario,
2656 1411 2908 1483 protinus
2951 1411 3076 1481 fuga
3117 1425 3176 1466 se
3226 1411 3359 1465 sub-

1763 1505 1940 1570 duxit,
1967 1519 2090 1576 qua‘:
2124 1506 2419 1574 caeteroqui
2445 1513 2721 1575 postrema
2767 1503 2816 1557 ei
2851 1502 2954 1557 fuit
2993 1523 3007 1558 :
3041 1519 3166 1556 nam
3215 1502 3360 1571 regis

1763 1597 2056 1654 Persarum
2086 1598 2289 1653 milites
2313 1598 2514 1667 ubique
2555 1597 2899 1668 indagantes,
2936 1596 3226 1666 fugitivum
3259 1597 3358 1649 de—

1765 1691 2218 1762 prehenderunt;
2245 1699 2302 1744 et
2327 1706 2491 1760 quam
2525 1705 2709 1744 coram
2754 1689 3026 1743 Archelao
3074 1687 3362 1743 subiturus

1765 1791 1884 1838 erat
1911 1765 2263 1847 sententiam,
2302 1783 2444 1836 hanc
2487 1781 2665 1837 eidem
2701 1781 2844 1852 regis
2874 1780 3112 1835 ministri
3146 1779 3360 1835 inﬂixe-

1766 1884 1912 1930 runt.
1942 1874 2447 1945 Comprehenditur
2475 1873 2682 1938 Manes,
2715 1888 2877 1943 quem
2909 1875 2990 1927 sui
3024 1872 3273 1941 discipuli
3301 1881 3362 1926 ut

1762 1968 2106 2022 Paracletum
2126 1967 2384 2033 adorant,
2415 1976 2579 2036 atque
2607 1966 2672 2021 ad
2704 1966 2808 2034 21
2835 1980 3017 2036 regem
3043 1963 3359 2019 deducitur.

1763 2057 2132 2130 Exprobravit
2162 2059 2212 2113 ei
2257 2074 2354 2114 rex
2385 2057 2728 2113 mendacium
2751 2073 2938 2119 suum,
2975 2055 3265 2126 fugamque
3304 2063 3362 2109 et

1764 2151 2138 2222 captivitatem
2165 2150 2356 2215 irrisit;
2385 2150 2452 2205 de
2486 2149 2580 2204 ﬁlii
2621 2164 2757 2205 nece
2789 2165 2942 2204 reum
2983 2148 3276 2219 postulavit
3303 2157 3359 2201 et

1764 2242 2196 2311 condemnavit;
2228 2251 2392 2313 atque
2423 2244 2496 2297 ob
2528 2242 2666 2304 hate.
2708 2250 2765 2297 et
2801 2243 2874 2297 ob
2921 2241 3358 2298 carcerariorum

1763 2350 1982 2405 quoque
2014 2335 2342 2405 supplicium
2370 2377 2384 2401 ,
2432 2335 2702 2389 exeoriari
2751 2333 3024 2388 Manetem
3079 2333 3362 2388 mandavit

1764 2424 1882 2496 lege
1929 2425 2168 2486 Persica.
2210 2435 2264 2480 et
2304 2441 2505 2494 corpus
2555 2425 2822 2495 reliquum
2871 2425 3005 2479 feris
3056 2424 3380 2479 vorandum

1768 2517 1907 2571 tradi
1934 2537 1947 2572 :
1973 2518 2226 2588 pessima:
2248 2517 2467 2572 demum
2487 2517 2685 2572 mentis
2704 2507 3134 2587 receptaculum,
3154 2525 3383 2582 cutent,..

1767 2610 2013 2680 inquam,
2038 2609 2258 2664 utriculi
2296 2609 2487 2672 instar,
2521 2606 2694 2680 portis
2736 2611 3021 2681 suspendi.
3056 2609 3148 2665 Sic
3176 2611 3369 2678 itaque.

1765 2703 1833 2770 is,
1870 2703 1962 2773 qui
2005 2701 2345 2760 Paraclctum
2382 2718 2441 2758 se
2479 2703 2808 2773 appellabat,
2855 2715 2910 2759 et
2952 2703 3137 2758 futura
3167 2718 3369 2773 cognos

1766 2811 1922 2851 scere
1947 2795 2250 2860 dictitabat,
2298 2794 2499 2867 fugam.
2526 2809 2678 2852 suam
2700 2795 3376 2868 comprehensionemque

1767 2904 1877 2944 non
1902 2889 2080 2945 novit.
3239 2893 3242 2896 ’

1843 3173 1985 3230 XVI.
2024 3174 2321 3232 Exstiterat
2367 3185 2553 3232 tamen
2595 3186 2721 3232 ante
2766 3177 2914 3232 hunc
2966 3176 3107 3232 alius
3140 3189 3366 3246 quoque

78 3257 332 3322 εάτκαλος
362 3258 604 3329 ταύτης,
633 3261 887 3331 Ζαράνης
926 3261 1176 3332 ὀνόματι,
1209 3263 1468 3335 ὁμόφρων
1497 3262 1663 3317 αὐτοῦ

1812 3265 2028 3334 equitiae
2061 3268 2340 3337 magister,
2376 3267 2616 3324 Zaranes
2645 3268 2890 3334 nomine,
2915 3267 3162 3337 ejusdem
3196 3277 3368 3336 atque

80 3347 349 3419 ὑπάρχων·
388 3348 634 3417 μαθηταὶ
653 3349 710 3402 δὲ
736 3349 928 3404 τούτου
959 3351 1052 3404 τοῦ
1082 3353 1426 3424 ἀντιχρίστου
1452 3354 1667 3408 Μάνεν-

79 3457 162 3504 τος
181 3441 436 3510 γεγόνασι
454 3441 664 3495 δώδεκα
683 3440 819 3512 (19)·
845 3443 1108 3508 Σισίννιος
1133 3445 1161 3496 ὁ
1182 3443 1375 3498 τούτου
1397 3447 1660 3517 διάδοχος·

80 3531 166 3583 καὶ
201 3530 406 3602 Θωμᾶς
448 3534 476 3585 6
514 3533 576 3586 τὸ
608 3532 728 3588 κατ’
764 3534 928 3587 αὐτὸν
969 3536 1312 3608 Μανιχαῖκὺν
1341 3538 1664 3607 εὐαγγέλιον

83 3624 358 3690 συντάξας·
394 3625 628 3688 Βουδδᾶς
656 3635 682 3662 ι
706 3643 790 3691 τε,
823 3628 919 3680 καὶ
961 3629 1168 3700 Ἑρμᾶς
1192 3669 1208 3694 ,
1236 3631 1501 3696 Ἀδαντος
1522 3673 1538 3700 ,
1566 3632 1663 3686 καὶ

92 3716 447 3787 Ἀδήμαντος,
484 3716 545 3770 ὃν
580 3715 905 3770 ἀπέστειλεν
937 3722 1013 3783 εἰς
1042 3719 1274 3792 διάφορα
1305 3721 1542 3794 κλίματα
1566 3726 1664 3796 κή-

84 3824 213 3876 ρυκα
242 3809 343 3879 τῆς
379 3808 612 3878 πλάνης·
657 3810 921 3881 ἐξηγηταὶ
948 3811 1005 3864 δὲ
1036 3812 1183 3884 αύτῴ
1207 3814 1302 3866 καὶ
1335 3814 1665 3887 ὑπομνημα-

82 3902 250 3955 τισταὶ
297 3903 618 3972 γεγόνασιν,
688 3901 898 3975 Ἰέραξ,
947 3905 1043 3957 καὶ⁸
1117 3904 1516 3977 Ἡρακλείδης,
1568 3909 1666 3962 καὶ

95 3993 362 4062 Ἀφοόνιος
387 4003 408 4025 ⁸
434 4010 449 4024 ·
487 3993 734 4064 ὑπῆρχον
761 3995 820 4048 δὲ
865 3995 1014 4068 αὐτῷ
1055 3997 1152 4050 καὶ
1197 3998 1376 4070 ἕτεροι
1425 3999 1666 4071 μαθηταὶ

81 4088 241 4156 τρεῖς,
267 4086 530 4154 Ἀγάπιος
553 4088 582 4141 6
611 4088 710 4158 τὴν
746 4087 1078 4157 Ἐπτάλογον
1109 4091 1397 4158 συντάξας,
1431 4098 1526 4146 καὶ
1554 4095 1664 4147 Ζα-

85 4176 274 4247 ρούας,
305 4178 784 4247 καὶιΓαϐριάϐιοςο
828 4179 975 4252 [cet].
1011 4180 1048 4234 f.
1100 4182 1219 4256 93.]
1257 4185 1448 4254 μηδεὶς
1473 4187 1664 4254 ἀναγι-

85 4271 329 4326 νωσκέτω
360 4271 424 4326 τὸ
471 4273 616 4327 κατά
641 4273 846 4341 Θωμᾶν
888 4273 1210 4342 εὐαγγέλιον
1258 4275 1393 4345 (20)·
1445 4277 1506 4330 οὐ
1556 4277 1666 4349 γάρ

85 4363 222 4418 ἐστιν
250 4365 366 4429 ἑνὸς
395 4364 508 4421 τῶν
533 4366 744 4423 δώδεκα
765 4367 1110 4432 ἀποστόλων,
1131 4367 1248 4421 ἀλλ’
1274 4368 1392 4432 ἑνὸς
1421 4369 1533 4422 τῶν
1564 4368 1666 4421 δώ.

84 4453 208 4510 δεκα
255 4458 448 4514 κακῶν
498 4457 594 4513 τοῦ
647 4459 998 4530 ἀντιχρίστου
1046 4459 1320 4526 Μάνεντος
1377 4460 1661 4532 μαθητῶν·

87 4549 220 4619 μήτε
251 4551 350 4624 τὴν
390 4552 723 4622 Ἑπτάλογον
764 4554 1049 4622 Ἀγαπίου·
1094 4556 1234 4626 μήτε
1269 4555 1367 4627 τὴν
1395 4557 1507 4610 τῶν
1542 4559 1664 4610 ἐπι-

1771 3356 1862 3412 hic
1888 3358 2199 3414 sententiae.
2240 3360 2414 3415 Porro
2439 3360 2759 3416 Antichristi
2800 3359 3032 3416 Manetis
3067 3359 3371 3414 duodecim-

1770 3449 1922 3505 fuere
1946 3451 2200 3522 discipuli
2236 3470 2249 3506 :
2283 3453 2559 3508 Sisinnius
2586 3456 2708 3524 ejus
2746 3468 3035 3510 successor
3064 3470 3078 3508 :
3120 3451 3389 3507 Thomas.

1767 3544 1861 3614 qui
1907 3544 2304 3602 Manichaicum
2340 3548 2645 3604 secundum
2674 3564 2733 3604 se
2783 3547 2960 3618 ipsum
3006 3545 3358 3618 Evangelium

1767 3635 2046 3690 condidit:
2084 3636 2318 3704 Buddas,
2341 3638 2588 3705 Hermas,
2611 3640 2884 3705 Adantus,
2916 3647 2972 3694 et
2995 3638 3357 3702 Ademantus,

1767 3744 1929 3799 quem
1970 3739 2328 3800 postremum-
2355 3733 2423 3787 ad
2468 3733 2688 3790 diversa
2729 3733 2946 3789 climata
2979 3732 3126 3787 misit
3157 3730 3360 3785 error-is

1767 3823 2210 3893 pra-dicatorem.
2257 3825 2430 3895 Hujus
2455 3836 2639 3882 autem
2678 3828 3006 3898 interpretes
3050 3834 3104 3880 et
3150 3842 3180 3878 a
3210 3839 3362 3879 eom-

1767 3912 2054 3966 mentariis
2083 3911 2308 3967 fuerunt
2335 3913 2553 3980 Hierax,
2587 3925 2638 3969 et
2667 3914 3002 3975 Heraclides,
3027 3923 3080 3966 et
3116 3910 3364 3982 Aphtho-

1767 4006 1914 4059 nius.
1941 4003 2109 4060 Erant
2138 4006 2266 4060 huic
2287 4013 2348 4060 et.
2375 4007 2462 4060 alii
2492 4006 2744 4076 discipuli
2782 4016 2894 4059 tres
2929 4023 2942 4057 :
2977 4005 3233 4076 Agapius,
3262 4002 3377 4072 qui.

1771 4096 2133 4170 Heptalogum
2181 4099 2512 4168 composuit,
2558 4106 2618 4153 et
2653 4099 2878 4163 Zaruas,
2906 4105 2962 4151 et
3007 4096 3354 4151 Gabria-bius.

1767 4189 2037 4244 Cancrum
2093 4206 2258 4245 nemo
2301 4190 2444 4259 legat
2487 4190 2833 4261 evangelium
2873 4187 3178 4244 secundum
3207 4187 3361 4242 Tho-

1768 4297 1948 4347 mam;
1985 4297 2164 4351 neque
2194 4281 2340 4336 enim
2383 4290 2466 4336 est
2499 4283 2589 4337 hic
2634 4297 2776 4336 unus
2805 4281 2872 4336 de
2902 4278 3190 4336 duodecim
3227 4294 3360 4351 apo-

1771 4374 1914 4435 tolis,
1947 4375 2044 4430 sed
2070 4391 2134 4429 ex
2160 4375 2449 4430 duodecim
2485 4375 2751 4446 improbis
2773 4374 3100 4430 Antichristi
3127 4371 3360 4428 Manetis

1766 4448 2070 4534 discipulis.
2099 4464 2288 4536 Neque
2321 4482 2514 4520 rursus
2541 4466 2730 4536 Agapii
2764 4463 3146 4536 lleptalogum,
3179 4479 3360 4534 neque

1768 4557 2122 4627 cpistolarum
2156 4559 2511 4630 farraginem,
2537 4575 2590 4613 ni
2611 4575 2717 4629 que
2748 4559 2920 4614 ullum
2953 4559 3023 4614 ab
3045 4559 3133 4613 his
3177 4556 3359 4627 impiis

49 4669 68 4684 ι
88 4641 277 4721 στολῶν
305 4644 503 4715 ὁμάδα·
537 4645 678 4716 μήτε
704 4645 800 4716 τὴν
827 4647 1007 4703 πᾶσαν
1035 4647 1189 4718 παρά
1213 4647 1421 4701 τούτων
1450 4647 1663 4701 ἀσεϐῶν

1805 4649 1970 4704 brum
2002 4650 2368 4720 compositum
2397 4651 2540 4720 legat
2565 4650 2630 4704 ad
2660 4651 2958 4705 multorum
2992 4647 3357 4718 corruptelam

85 4732 383 4790 ὲκτεθεῖσαν
415 4737 597 4808 βίϐλον
633 4739 1076 4807 ἀναγινωσκέτω,
1114 4740 1194 4802 εἰς
1215 4739 1396 4809 λύμην
1425 4740 1660 4803 πολλῶν,

49 4844 53 4848 ι
87 4827 172 4876 καὶ
198 4827 296 4896 τῆς
344 4831 555 4894 οἰκείας
577 4831 758 4901 ψυχῆς
787 4831 1086 4885 ἀπώλειαν·
1129 4833 1313 4888 πᾶσαν
1345 4834 1452 4904 γὰρ
1482 4833 1663 4887 αὐτῶν

89 4913 258 4983 βίϐλον
289 4921 365 4986 ὡς
392 4923 564 4993 ἀσεϐῆ
593 4923 898 4994 διδάγματα
927 4925 1265 4996 κατέχουσαν
1288 4927 1380 4980 καὶ
1413 4925 1662 4998 βλασφηέ

1772 4742 2118 4813 pfoprizeque
2157 4745 2355 4797 animus
2389 4746 2641 4798 exitium.
2676 4743 2918 4799 Cunctos
2957 4743 3105 4797 enim
3143 4742 3357 4794 illorum

1771 4833 1960 4893 libros.
2005 4843 2063 4889 ut
2104 4835 2288 4903 impiis
2330 4835 2597 4890 doctrinis
2644 4836 2904 4897 imbutos,
2952 4843 3006 4888 et
3044 4830 3358 4886 oinuitnoda

1771 4927 2110 4997 blasphemia
2134 4939 2428 4994 scatentes;
2454 4929 2696 4998 itemque
2719 4942 2910 4983 omnes
2939 4940 3148 4996 preces,
3181 4933 3240 4979 ut
3276 4924 3361 4977 in-

1343 5103 1584 5159 VARIAS
1626 5102 2032 5160 LECTIONES.

61 5255 98 5287 π’
159 5266 181 5294 τ
211 5259 272 5314 ll.
304 5262 593 5334 λαλοῦμαι.
672 5277 693 5303 ⁸
727 5266 792 5320 ﬂ.
819 5266 1135 5320 ἐπικεκαλλ.

91 5345 200 5385 κου.

1221 5268 1237 5302 ι
1270 5266 1308 5306 ιι
1356 5267 1387 5306 ἦ
1485 5273 1516 5302 ιι
1541 5266 1577 5306 R
1631 5266 1870 5306 Emémunr

304 5265 593 5334 λαλοῦμαι.
672 5277 693 5303 ⁸
727 5266 792 5320 ﬂ.
819 5266 1135 5320 ἐπικεκαλλ.
1221 5268 1237 5302 ι
1269 5265 1408 5336 1H}.
1485 5273 1516 5302 ι
1541 5265 1602 5320 R.
1631 5266 1889 5337 ἐφὲφνης.
1970 5277 1995 5304 ν
2021 5267 2084 5322 Β.
2109 5267 2203 5320 καὶ
2227 5282 2324 5336 pro
2347 5269 2416 5321 oi.
2495 5277 2518 5303 ι
2558 5266 2622 5320 Il.
2652 5265 2707 5317 δὲ
2739 5279 2820 5333 prc

298 5343 320 5368 ²
351 5333 606 5390 Μειιιίυεε
638 5339 779 5406 apud
804 5338 1068 5407 Cyrillum
1099 5336 1325 5400 Βαδδᾶς,
1356 5344 1422 5391 de
1449 5353 1558 5407 quo
1594 5337 1732 5392 falso
1769 5340 2034 5393 voeabqu
2078 5339 2286 5393 l'ruslra
2315 5348 2511 5394 mstuat
2556 5337 2820 5390 Tutucus.

2495 5277 2518 5303 ι
2558 5266 2622 5320 Il.
2652 5265 2707 5317 δὲ
2739 5279 2835 5333 pro
2858 5261 2967 5316 καί.
2996 5320 3008 5333 ἐ
3049 5269 3074 5308 Υ
3100 5257 3364 5333 [£61116-

1970 5277 1995 5304 ν
2021 5267 2084 5322 Β.
2109 5267 2203 5320 καὶ
2227 5282 2324 5336 pro
2347 5269 2416 5321 oi.
2495 5277 2518 5303 ι
2558 5267 2622 5320 ll.
2652 5267 2707 5317 δὲ
2739 5279 2835 5333 pro
2858 5267 2967 5316 καί.
3005 5320 3008 5324 _
3049 5269 3074 5308 γ
3100 5267 3165 5313 lt.
3197 5267 3356 5330 θηλά-

1970 5341 2034 5386 dn
2078 5339 2286 5386 frustra
2315 5348 2511 5386 mstuut
2556 5337 2820 5386 'I‘ultmus.
2945 5346 2958 5373 ι
2992 5332 3058 5386 [ἶ.
3097 5331 3356 5385 ’Λθὸνιο;.

1597 5446 1835 5504 NOTAE.

159 5558 265 5628 (i9)
296 5561 648 5634 Augustinus
704 5564 838 5619 haer.
880 5565 948 5619 46
983 5583 994 5620 :
1028 5564 1346 5619 Mauicltwns
1391 5566 1663 5621 duodecim
1763 5577 1812 5622 et
1841 5567 2051 5620 tertium
2076 5567 2336 5620 decimum
2363 5566 2655 5634 print-iper):
2686 5565 2942 5634 ipsorum.

92 5627 362 5698 discipulos
385 5627 605 5708 Habuit,
626 5636 696 5689 ad
736 5637 915 5708 instar
943 5635 1215 5708 apostolici
1250 5638 1477 5699 numeri,
1510 5655 1664 5708 quem

95 5712 352 5776 ηξιηιιῗηωι
404 5707 687 5776 Manio/imi
726 5707 980 5776 hodieque
1028 5707 1325 5760 custodum:

95 5766 256 5824 electis
273 5773 380 5827 suis
392 5766 1036 5848 habentduodecimque;
1055 5777 1326 5846 appellant
1357 5781 1663 5850 magistros,

1837 5638 1951 5708 (20)
1997 5640 2070 5690 De
2107 5630 2568 5708 l'seudevangelio
2617 5630 2845 5708 Thema:
2884 5632 3126 5708 breviter
3165 5630 3358 5708 Fabri-

1371 5725 1388 5762 :
1434 5704 1559 5761 mu):
1602 5726 1666 5762 er
1765 5709 1882 5764 eius
1901 5704 2024 5763 cod.
2053 5709 2348 5777 apocryph.
2374 5704 2536 5762 NCT.
2557 5717 2690 5762 tom.
2729 5706 2769 5769 Ι,
2797 5720 2861 5777 p.
2884 5704 3011 5767 579,
3035 5704 3152 5777 sive
3185 5704 3285 5758 hoc
3319 5716 3349 5755 a

1767 5775 2320 5834 Manichmoauctore
2345 5778 2529 5846 fuerit,
2561 5778 2676 5834 sive
2701 5777 2768 5832 ab
2798 5775 2903 5829 alio
2932 5775 3146 5846 quovis.
