3928 6246
359 343 490 406 1267

1761 327 1990 390 PETRI
2034 325 2286 387 SICULI

3507 309 3634 376 1263

367 463 638 526 scribunt,
685 475 876 515 revera
914 456 1222 529 praestigias
1270 453 1476 525 potius,
1524 455 1713 505 sancta
1769 455 1958 502 nostra

2082 443 2195 506 ιίας
2237 443 2420 513 πάσης
2449 435 2916 510 πεπληρωμένην,
2946 430 3042 488 καὶ
3081 431 3265 486 πᾶσαν
3304 427 3465 499 εὐχὴν
3491 427 3640 496 λεγο-

368 555 636 609 catholica
671 561 725 606 et
748 551 1042 622 apostolica
1067 547 1312 603 Ecclesia
1341 544 1693 599 anathemate
1713 540 1958 603 damnat,

373 664 482 702 una
518 663 643 702 cmn
691 647 909 700 illorum
955 643 1062 714 22
1100 641 1430 710 scriptorum
1475 634 1815 692 auctoribus,
1859 645 1960 685 ceu

2067 538 2237 607 μένην
2273 534 2406 606 παρ’
2441 531 2641 597 αὐτῶν,
2677 529 2877 601 μᾶλλον
2898 527 2956 580 δὲ
2981 522 3316 595 γοητείαν,ή
3349 519 3471 575 καθ’
3500 520 3643 589 ἡμᾶς

2065 629 2198 700 ἁγία
2227 627 2493 698 καθολικὴ
2519 624 2616 679 καὶ
2643 619 2978 690 ἁποστολικὴ
3030 614 3329 684 Ἐκκλησία.
3378 611 3642 682 ἀνεθεμά-

371 739 669 791 multorum
716 745 1147 804 magnorumque
1193 729 1458 784 malorum
1487 721 1866 779 inventoribus
1899 733 1964 773 ac

2082 740 2216 786 τισε,
2275 721 2415 792 μετὰ
2464 720 2521 772 δὲ
2565 718 2692 779 τοὺς
2729 713 3057 784 ὲκθεμένους
3102 709 3272 772 αὐτὰς
3322 706 3399 769 ὼς
3435 704 3640 758 πολλῶν

375 831 606 885 ducibus
637 828 977 900 perditionis.

443 1105 615 1161 XVII.
659 1105 829 1160 Nemo
868 1105 1033 1177 igitur
1071 1103 1140 1157 ab
1187 1101 1497 1156 animarum
1543 1095 1965 1167 corruptoribus

369 1197 688 1252 Manichaeis
719 1196 1110 1250 detrimentum
1147 1193 1360 1262 capiat;
1407 1189 1502 1261 qui
1545 1187 1744 1258 jejunii
1789 1185 1968 1241 tristi-

373 1291 502 1344 tiam
531 1289 809 1359 palearum
841 1288 1067 1342 decocto
1097 1285 1392 1340 simulant:
1416 1281 1506 1352 qui
1540 1281 1786 1336 ciborum
1815 1295 1968 1334 crea-

374 1393 547 1438 torem
584 1383 916 1452 vituperant,
940 1381 1068 1435 dum
1100 1379 1436 1442 helluautur;
1465 1375 1556 1444 qui
1587 1374 1807 1437 docent,
1839 1387 1966 1426 eum

373 1479 467 1547 qui
500 1478 659 1532 talem
684 1476 908 1546 herbam
941 1473 1188 1538 vulserit,
1217 1472 1272 1524 in
1298 1471 1473 1539 ipsam
1497 1468 1613 1522 fore
1641 1473 1966 1521 converten-

373 1573 527 1626 dum.
561 1569 694 1623 Nam
721 1570 764 1623 si
792 1569 858 1634 is,
886 1568 977 1638 qui
1004 1567 1230 1620 herbam
1260 1573 1355 1618 aut
1391 1561 1622 1632 quodvis
1645 1561 1765 1613 olus
1791 1559 1970 1613 succi-

374 1665 474 1727 dit,
514 1664 567 1716 in
597 1663 650 1717 id
682 1662 1021 1717 convertitur
1051 1700 1064 1722 ,
1101 1660 1347 1729 profecto
1371 1653 1619 1726 agricolae
1649 1660 1703 1706 et
1745 1651 1970 1706 olitorcs

373 1758 431 1810 in
468 1756 742 1826 quodnam
781 1755 979 1808 horum
1005 1747 1432 1807 convertentur?
1464 1746 1598 1801 Nam
1636 1752 1784 1802 certe
1810 1743 1969 1796 olito-

2065 818 2161 871 καὶ
2187 815 2440 888 μεγάλων
2463 811 2652 866 κακῶν
2676 806 2976 880 ἐφευρετὰς
2990 804 3085 858 καὶ
3107 801 3335 872 ὁδηγοὺς
3355 797 3641 858 ἀπωλείας

2065 908 2427 978 ἀνεθεμάτισε
2451 905 2507 959 δὲ
2530 903 2624 956 καὶ
2657 901 2870 962 πάντας
2897 897 3027 958 τοὺς
3052 889 3528 965 μαθητευομένους
3557 884 3644 939 ὑπ’

2066 1001 2266 1055 αὐτῶν.

2137 1091 2238 1147 ΙΖ’.
2281 1091 2372 1144 Διὸ
2414 1089 2605 1161 μηδεὶς
2646 1079 3099 1156 προσφθειρέσθω
3142 1077 3256 1139 τοῖς
3295 1069 3651 1143 ψυχοφθόροις

2067 1186 2412 1256 Μανιχαίοις·
2435 1185 2550 1245 τοῖς
2577 1178 2806 1258 στογνὸν
2822 1176 2920 1246 τῆς
2943 1169 3219 1243 νηστείας,
3251 1165 3473 1258 ἀχύρων
3503 1161 3652 1258 ὕδασι

2071 1253 2560 1351 προσποιουμένοις
2584 1289 2597 1302 ·
2628 1253 2739 1333 τοῖς
2764 1265 3110 1322 διαϐάλλουσι
3141 1261 3242 1331 μὲν
3267 1257 3360 1312 τὸν
3389 1255 3497 1309 τῶν
3523 1253 3653 1325 βρω-

2075 1350 2261 1442 μάτων
2295 1366 2598 1443 [ποιητὴν,]
2621 1361 2992 1435 λαιμαργοῦσι
3021 1356 3151 1430 [δέ’]
3175 1356 3288 1418 τοῖς
3318 1350 3653 1406 διδάσκουσιν

2069 1467 2152 1520 ὅτι
2187 1469 2214 1518 6
2245 1463 2405 1534 τήνδε
2435 1463 2536 1528 τὴν
2577 1457 2808 1529 βοτάνην
2855 1451 3137 1512 ὲκτίλλων,
3169 1449 3250 1510 εἰς
3279 1443 3452 1514 αὐτὴν
3496 1457 3653 1534 μετα-

2073 1532 2351 1611 ϐάλλεται·
2383 1558 2428 1607 εἰ
2457 1554 2566 1623 γὰρ
2594 1551 2621 1602 6
2651 1548 2932 1629 ἐκτέμνων
2965 1541 3194 1615 βοτάνην
3217 1539 3252 1610 ἦ
3283 1554 3337 1590 τι
3363 1535 3474 1588 τῶν
3497 1532 3655 1629 λαχά-

2072 1668 2178 1704 νων
2209 1652 2287 1712 εἰς
2321 1647 2454 1701 αὐτὸ
2482 1624 2900 1716 μεταϐάλλεται,
2931 1633 3216 1705 γεωργοὶ.ηῆ
3246 1629 3342 1684 καὶ
3367 1624 3655 1699 κηπουρῶν

2075 1742 2262 1804 παῖδες
2289 1741 2370 1799 είς
2400 1739 2540 1791 πόσα
2570 1732 3106 1807 μεταϐληθήσονται;
3141 1723 3285 1779 κατὰ
3342 1720 3610 1774 τοσούτων
3632 1719 3658 1770 6

373 1865 490 1902 rem
531 1847 798 1917 plurimas
831 1847 886 1899 in
932 1833 1130 1899 herbas
1172 1843 1367 1896 falcem
1402 1839 1619 1893 mittere
1653 1835 1966 1901 cernimus;

2082 1832 2348 1904 κηπουρὸς
2374 1830 2575 1901 ἤνεγκε
2602 1827 2701 1894 τὴν
2727 1822 3024 1895 δρεπάνην,
3042 1818 3118 1880 ὡς
3145 1814 3366 1886 ὁρῶμεν
3390 1823 3441 1874 α,
3467 1811 3559 1863 καὶ
3585 1809 3658 1869 εἰς

373 1948 432 1994 at
493 1939 547 1992 in
594 1953 856 2008 quasnam
915 1935 1202 2007 potissime
1259 1927 1779 1987 transformabitur?
1832 1927 1969 1982 Risu

373 2031 558 2086 hercle
602 2031 779 2102 dignae
836 2037 966 2084 sunt
1014 2028 1100 2083 hae
1157 2026 1443 2089 doctrinae,
1495 2023 1767 2092 vituperio
1810 2029 1976 2089 atque

373 2121 526 2174 omni
579 2121 874 2191 ignominia
926 2121 1118 2189 plenae.
1163 2118 1350 2180 Idem,
1393 2124 1558 2185 puta,
1609 2115 1695 2169 vir
1739 2109 1976 2183 pastoris

375 2208 612 2263 officium
642 2223 858 2278 gerens,
902 2216 956 2261 et
985 2223 1141 2261 ovem
1173 2205 1450 2268 mactavit,
1481 2211 1537 2258 et
1575 2203 1764 2272 lupum
1797 2201 1973 2255 inter-

377 2299 549 2366 fecit;
602 2301 657 2353 in
714 2300 988 2369 quodnam
1040 2314 1168 2369 ergo
1238 2293 1755 2367 transﬁgurabitur?
1816 2292 1974 2347 Iner-

377 2391 466 2442 ti:e
525 2388 619 2442 lilii
663 2387 974 2450 Manichaei,
1021 2387 1155 2440 nihil
1192 2393 1486 2456 Operantcs
1527 2383 1762 2438 aliorum
1808 2395 1974 2451 opera

377 2480 686 2532 devorant:
721 2479 814 2546 qui
850 2478 991 2538 illos.
1041 2493 1070 2531 a
1111 2478 1313 2548 quibus
1361 2475 1467 2530 cibi
1515 2475 1594 2529 eis
1641 2473 1971 2536 offeruntur,

377 2568 665 2622 renidente
716 2567 870 2621 vultu
925 2567 1226 2636 excipiunt,
1287 2575 1344 2620 et
1398 2564 1802 2620 benedictionis
1853 2563 1975 2617 loco

378 2660 670 2715 maledicta
704 2661 1032 2730 rependunt.
1067 2659 1198 2713 Nam
1235 2674 1360 2714 cum
1392 2658 1472 2712 eis
1500 2657 1796 2728 quidquam
1832 2655 1974 2712 stul-

381 2763 468 2806 tus
505 2754 704 2822 aliquis
742 2752 921 2811 offert.
947 2751 1236 2806 Paululum
1265 2752 1492 2817 absiste,
1540 2751 1718 2815 aiunt,
1770 2758 1826 2805 et
1873 2750 1981 2824 tibi,

379 2841 720 2896 hcnedicam.
760 2842 962 2896 Deinde
1001 2857 1198 2913 panem
1246 2857 1411 2896 manu
1464 2841 1768 2912 capientes,
1813 2841 1974 2896 sicuti

381 2944 608 2989 narrant
633 2936 723 3004 qui
757 2950 823 2988 ex
867 2935 1082 2989 illorum
1110 2943 1254 2989 ccetu
1300 2943 1427 2988 sunt
1461 2933 1732 2996 conversi,
1769 2931 1882 3003 Ego
1922 2942 1975 2987 te

383 3041 492 3078 non
524 3024 647 3087 feci,
675 3023 1010 3079 Manichacus
1035 3024 1214 3092 inquit
1247 3022 1399 3092 pani;
1433 3032 1488 3076 et
1515 3037 1638 3076 mox
1670 3022 1724 3075 in
1752 3021 1972 3076 unicum

299 3175 302 3178 .
382 3119 554 3173 Deum
591 3117 920 3172 altissimum
962 3116 1249 3170 maledicta
1293 3115 1606 3184 jaculatur;
1656 3112 1971 3177 maledicit,

2083 1901 2211 1980 ποῖα
2237 1901 2635 1995 μεταϐάλλεται
2656 1914 2800 1988 ἆρα;
2825 1914 3062 1982 γέλωτος
3084 1908 3301 1979 ἀληθῶς
3319 1905 3498 1959 ταῦτα
3522 1901 3655 1974 [cod.

2077 2017 2117 2072 f.
2146 2018 2216 2072 95
2241 2015 2323 2087 b.j
2367 2013 2438 2067 τὰ
2464 2012 2772 2081 διδάγματα
2797 2008 2894 2061 καὶ
2918 2004 2945 2044 (1
2976 2000 3382 2070 καταγνώσεως
3409 1998 3588 2087 πλήρη
3613 2005 3656 2058 ε,

2075 2111 2169 2164 καὶ
2196 2085 2379 2177 πάσης
2410 2102 2700 2174 αἰσχύνηςο
2731 2102 2760 2154 6
2803 2095 2967 2160 αὐτὸς
2997 2093 3136 2164 ἀνὴρ
3177 2091 3388 2161 ποιμὴν
3427 2085 3503 2140 ὣν
3534 2101 3658 2156 προ-

2077 2203 2276 2266 ϐάτων,
2333 2201 2428 2253 καὶ
2459 2194 2733 2268 πρόϐατον
2777 2191 2958 2254 ἔθυσε,
2990 2189 3085 2241 καὶ
3115 2185 3280 2238 λύκον
3323 2182 3654 2237 ἀπέκτεινεν·

2076 2297 2157 2356 είς
2197 2293 2350 2345 ποῖον
2381 2290 2490 2360 ἄρα
2539 2283 2978 2358 μεταϐάλλεταις
3023 2278 3224 2350 ἀργίας
3257 2276 3460 2344 ἔγγονα
3494 2273 3658 2326 Μανι-

2076 2387 2222 2456 χαῖοι
2252 2385 2300 2436 οἱ
2351 2381 2428 2452 μὴ
2468 2377 2869 2448 ἐργαζόμενοι,
2899 2373 2995 2426 καὶ
3025 2369 3096 2423 τά
3137 2368 3248 2422 τῶν
3274 2364 3658 2456 ἐργαζομένων

2077 2452 2459 2536 κατεσθίοντες
2491 2471 2604 2542 (‘21)
2647 2471 2695 2522 ot
2746 2468 2873 2530 τοὺς
2919 2464 3337 2535 προσφέροντας
3378 2458 3557 2519 αὐτοῖς
3595 2452 3659 2507 τὰ

2080 2568 2348 2642 βρώματα
2391 2562 2638 2637 μειδιῶσι
2689 2558 3003 2631 προσώποις
3053 2552 3376 2624 δεχόμενοι,
3410 2547 3514 2642 καὶ.
3545 2543 3680 2600 ἀντὶ·

2077 2638 2324 2729 εὖλογίας
2352 2657 2600 2725 κατάρας
2629 2654 2815 2716 αὐτοῖς
2840 2647 3219 2707 ἀντιδιδόντες.
3245 2644 3421 2695 Ὅταν
3449 2638 3658 2729 γάρ-τις

2077 2725 2260 2810 αὑτοίς
2301 2764 2352 2799 τι
2393 2743 2738 2816 προσενέγκῃ
2776 2738 3002 2808 ἀνόητος
3024 2776 3040 2800 ,
3081 2732 3293 2804 Μικρὸν
3324 2730 3466 2796 ἔξω,
3503 2725 3655 2796 φησὶ,

2079 2839 2258 2909 στῆΘι”
2293 2838 2388 2892 καὶ
2434 2834 2644 2904 εὐλογῶ
2700 2849 2780 2885 σε.
2835 2825 2970 2883 Εἶτα
3012 2825 3306 2896 δεξάμενος
3361 2822 3440 2884 είς
3481 2820 3658 2890 χεῖρας

2075 2934 2168 2986 τὸν
2200 2932 2388 3004 ἄρτον,
2431 2929 2506 2992 ὼς
2547 2929 2596 2980 ot
2629 2925 2690 2991 ἐξ
2718 2923 2900 2978 αὐτῶν
2931 2919 3370 2992 μετανοήσαντες
3401 2911 3658 3004 ὲξωμολοζ

2076 3001 2337 3100 γήσαντο,
2379 3021 2523 3092 Ἐγώ
2539 3038 2599 3074 σε
2622 3020 2723 3074 οὐκ
2745 3015 2997 3087 ἐποίησα,
3025 3013 3190 3083 φησὶν
3220 3011 3248 3062 6
3267 3008 3567 3078 Μανιχαίος

2078 3094 2251 3192 άρτῳ,
2293 3119 2388 3172 καὶ
2432 3114 2678 3186 κατάρας
2716 3111 2925 3180 πέμπει
2964 3105 3166 3170 είςῖτὸν
3211 3103 3378 3173 μόνον
3421 3098 3550 3152 Θεὸν
3578 3094 3661 3192 τὸν

382 3211 626 3280 inquam,
662 3209 822 3279 panis
845 3209 1282 3277 creatori,atque
1313 3208 1389 3262 ita
1422 3222 1536 3261 rem
1565 3207 1632 3260 ab
1669 3221 1734 3260 co
1768 3205 1968 3260 factam

2082 3215 2332 3286 ὕψιστον,
2377 3211 2472 3266 καὶ
2507 3207 2814 3278 καταρᾶται
2848 3203 2940 3256 τὸν
2976 3196 3323 3267 πεποιηκότα
3359 3191 3544 3246 αὐτόν’
3574 3186 3660 3241 καὶ

387 3300 649 3354 comedit.
681 3299 846 3369 Atqui
870 3299 913 3353 si
946 3299 1125 3353 oblata
1149 3296 1333 3360 odisti,
1365 3311 1463 3350 cur
1500 3295 1792 3351 renidente
1824 3294 1979 3349 vultu

384 3393 705 3448 uﬂ'ercutem
739 3393 1044 3464 aspexisti?
1089 3390 1145 3446 Si
1172 3391 1324 3446 danti
1373 3390 1604 3460 gratiam
1646 3388 1836 3452 habes,
1883 3403 1981 3443 cur

387 3487 615 3541 Auctori
643 3497 696 3540 et
735 3486 982 3542 Creatori
1021 3485 1414 3554 blasphemiam
1445 3482 1745 3537 retribuis?
1799 3482 1866 3536 Et
1893 3481 1981 3534 in-

387 3593 554 3647 super
583 3597 596 3632 :
621 3577 734 3648 Ego
757 3587 807 3631 te
831 3593 939 3631 non
963 3577 1098 3640 sevi,
1123 3575 1320 3645 inquit;
1347 3584 1585 3637 seratur,
1604 3575 1696 3643 qui
1725 3583 1776 3628 te
1805 3573 1977 3627 sevit!

388 3670 502 3737 ligo
532 3677 584 3722 te
625 3684 734 3722 non
768 3669 971 3722 messui
999 3685 1014 3730 ;
1058 3667 1292 3722 falcibus
1323 3677 1582 3728 metatur,
1627 3666 1722 3735 qui
1753 3675 1806 3721 te
1835 3681 1983 3720 mes-

389 3761 536 3814 suit!
569 3761 678 3829 Ego
711 3770 762 3813 te
812 3760 936 3829 igne
970 3775 1078 3812 non
1115 3759 1328 3825 assavi;
1371 3770 1606 3824 assetur,
1649 3759 1741 3829 qui
1793 3767 1845 3812 te
1893 3775 1982 3812 as-

390 3848 564 3902 savitl
617 3848 941 3903 Praeclaram
1007 3850 1292 3902 enimvero
1349 3848 1616 3903 beneficio
1673 3846 1982 3902 mercedem

390 3940 598 3996 reddis.

386 4159 396 4186 ι
461 4155 568 4226 23
601 4153 794 4210 XVIII.
825 4155 1012 4226 Magna
1036 4156 1255 4227 quidem
1287 4157 1402 4211 haec
1425 4171 1642 4227 quoque
1673 4156 1812 4212 mala
1833 4168 1980 4227 sunt,
2012 4161 2019 4169 '

394 4246 586 4316 exigua
627 4255 809 4302 tamen
863 4248 908 4303 si
958 4264 1083 4302 cum
1144 4249 1365 4319 reliquis
1414 4258 1826 4320 comparentur.
1866 4251 1983 4307 Non

394 4339 570 4390 audeo
605 4338 818 4392 illorum
856 4341 1129 4394 lavacrum
1163 4357 1264 4396 nec
1285 4343 1426 4411 apud
1457 4343 1604 4397 viros
1639 4359 1817 4414 neque
1842 4345 1988 4414 apud

394 4429 626 4484 feminas
657 4433 907 4502 prodere.
937 4435 1111 4488 Pudet
1140 4452 1225 4488 mc
1255 4437 1508 4506 cuiquam
1542 4453 1823 4496 enarrare.
1863 4437 1989 4507 qui-

2079 3308 2254 3371 οὖτως
2280 3305 2452 3359 ἐσθίει
2483 3302 2543 3356 τὸ
2574 3297 2966 3369 πεποιημένον·
3005 3294 3054 3345 εί
3089 3290 3269 3358 μισεῖς
3293 3286 3400 3350 τὰς
3433 3281 3660 3355 τροφὰς,

2078 3402 2131 3455 τί
2151 3398 2428 3472 μειδιῶντι
2448 3396 2466 3434 τ
2488 3392 2768 3467 προσώπῳ
2787 3385 3102 3456 ἀπέϐλεψας
3118 3382 3195 3454 τῷ
3217 3381 3662 3472 προσενέγκαντὲ

2081 3496 2128 3548 εἰ
2159 3493 2237 3564 τῷ
2282 3491 2567 3559 ἑνέγκαντι
2611 3487 2753 3557 ἔχεις
2787 3483 2969 3553 χάριν,
3017 3477 3106 3530 διὰ
3150 3473 3204 3528 τί
3243 3483 3267 3522 Β
3330 3472 3569 3540 πέμπεις
3596 3463 3664 3533 τῷ

2083 3559 2561 3641 κατασκευάσαντι
2605 3580 2700 3632 καὶ
2737 3574 3205 3646 δημιουργήσαντι
3237 3566 3361 3636 Θεῷ
3389 3564 3489 3634 τὴν
3515 3559 3665 3631 βλασ-

2083 3677 2329 3749 φημίαν;
2364 3675 2476 3728 Καὶ
2505 3672 2670 3726 πάλιν
2691 3687 2706 3701 ·
2741 3666 2884 3736 Ἐγώ
2911 3683 2971 3719 σε
3005 3663 3105 3716 οὐκ
3136 3660 3372 3728 ἔσπειρα
3394 3659 3444 3721 ιι,
3477 3653 3631 3724 φησίν
3650 3667 3664 3680 ⁸

2085 3744 2321 3840 σπαρείη
2355 3769 2369 3806 ί
2406 3768 2433 3819 6
2461 3763 2692 3835 σπείρας
2719 3778 2803 3814 σε.
2845 3757 2990 3826 Ἐγώ
3036 3771 3096 3808 σε
3121 3753 3224 3806 οὐκ
3255 3751 3486 3822 ὲΟέρισα
3510 3787 3523 3808 ,
3554 3744 3666 3840 δρε-

2084 3836 2282 3922 πάναις
2311 3836 2606 3929 Ὁερισθείη
2651 3857 2678 3908 6
2725 3851 2949 3923 οερίσας
2997 3865 3094 3901 σε·
3129 3844 3242 3914 ἐγώ
3296 3860 3361 3896 σε
3406 3840 3540 3911 πυρὶ
3576 3836 3667 3888 οὐκ

2084 3953 2314 4024 ὤπτησα
2333 3992 2347 4016 ,
2376 3932 2639 4021 δπτηθείη
2666 3948 2693 4000 ὁ
2725 3946 2974 4016 ὀπτήσας
3005 3958 3087 3994 σε.
3125 3938 3283 3993 Καλὰ
3313 3935 3384 3989 τά
3412 3931 3665 4004 ἀμοιϐαῖα

2084 4045 2183 4116 τῆς
2209 4043 2454 4114 χάριτος.

2158 4153 2269 4211 III'.
2308 4153 2540 4223 Μεγάλα
2572 4153 2669 4223 μὲν
2714 4149 2862 4204 κακὰ
2889 4147 2983 4202 καὶ
3016 4143 3208 4198 ταῦτα*
3239 4141 3363 4196 ἀλλ’
3398 4139 3474 4192 ἔτι
3511 4133 3671 4208 μικρά

2087 4249 2226 4322 πρὸς
2255 4249 2322 4302 τὰ
2353 4247 2506 4301 ἄλλα·
2537 4247 2598 4298 οὐ
2626 4242 2810 4314 τολμῶ
2836 4241 2924 4294 ἐπ’
2951 4237 3165 4308 ἀνδρῶν
3195 4237 3292 4289 καὶ
3314 4231 3597 4304 γυναικῶν
3621 4226 3672 4278 τὸ

2087 4341 2313 4414 λουτρὸν
2340 4339 2450 4412 (29.)
2502 4337 2681 4392 αὐτῶν
2728 4333 3114 4407 διηγήσασθαι.
3163 4329 3238 4383 Οὐ
3285 4325 3470 4398 τολμῶ
3514 4321 3672 4375 εἰπεῖν

2091 4436 2195 4488 τίνι
2228 4433 2605 4505 ἐμϐάπτοντες
2639 4430 2736 4502 τὴν
2788 4428 3002 4498 ἰσχάδα,
3031 4427 3144 4487 τοῖς
3195 4420 3404 4481 ἀθλίοις
3445 4416 3670 4505 διδόασιο

395 4523 629 4576 busuam
703 4523 918 4579 miseris
993 4527 1277 4581 intinctam
1336 4529 1624 4583 mariscam
1683 4528 1975 4598 porrigant.

2096 4493 2316 4600 [cod.'f.
2353 4525 2470 4597 94.]
2511 4524 2602 4578 διά
2634 4493 2934 4593 συσσήμων
2971 4519 3129 4591 μόνον
3159 4513 3462 4586 δηλούσθωο
3485 4493 3672 4578 ’ἄνδρες

399 4613 526 4669 ηςῈο
559 4623 766 4668 tantum
788 4632 884 4685 per
899 4619 1118 4672 conscia
1149 4621 1299 4688 signa
1331 4623 1645 4690 pandantur
1677 4638 1689 4674 :
1716 4621 1816 4674 viri
1841 4622 1987 4674 enim

397 4724 518 4777 quae
550 4709 651 4763 sibi
678 4710 730 4762 in
754 4710 981 4764 somniis
1012 4711 1290 4774 eveniunt,
1317 4713 1575 4783 cogitent;
1601 4712 1840 4775 fcminte,
1870 4728 1991 4783 qum

401 4803 456 4854 in
493 4802 813 4857 menstruis.
855 4801 989 4856 Vere
1037 4817 1097 4856 os
1149 4803 1498 4871 inquinamus
1547 4803 1673 4858 talia
1723 4803 1989 4858 dicentes.

2097 4623 2206 4691 γάρ
2231 4618 2300 4672 τά
2325 4621 2382 4672 ἐν
2410 4621 2520 4682 τοῖς
2547 4617 2940 4686 ἑνυπνιασμοῖς
2973 4609 3440 4682 ἑνθυμείσθωσαν,
3469 4602 3560 4655 καὶ
3583 4616 3673 4666 γυ-

2099 4688 2285 4778 ναίκες
2312 4713 2379 4766 τά
2416 4715 2472 4766 έν
2509 4712 2786 4784 άφέδροις·
2828 4708 3114 4780 μιαίνομεν
3141 4705 3165 4743 ¹ε
3198 4705 3273 4765 ὡς
3319 4697 3536 4769 ἀληθῶς
3576 4688 3668 4745 τδι

2105 4791 2280 4876 στόμα
2328 4805 2501 4858 ταῦτα
2530 4805 2819 4873 λέγοντες⁶
2871 4801 2947 4872 μὴ
2981 4797 3247 4867 Ἕλληνες
3273 4791 3477 4846 τούτων
3515 4799 3674 4858 μυσαο

1692 4982 1923 5036 νΑΙιΙΑΞ
1967 4981 2374 5038 LECTIONES.

478 5115 504 5154 ι)
539 5113 604 5167 II.
628 5113 879 5186 λεωργοί.

401 5188 426 5227 ll
460 5186 526 5239 II.
559 5188 775 5258 ἑπειρα.

963 5125 982 5150 ε
1021 5113 1085 5170 Ii.
1114 5113 1352 5181 ὁρῶμαι.

878 5190 890 5226 ί
931 5185 996 5240 li.
1035 5187 1240 5254 παρίει.
1318 5185 1344 5222 ¹ί
1381 5183 1446 5238 Β.
1486 5186 1785 5258 μιαίνομαι.

478 5461 1152 5543 (2ί)Λιιςιιειίηιιε³Ιιωτ.
1218 5470 1310 5536 46,
1369 5472 1438 5528 de
1505 5471 1816 5528 Manichzeis
1880 5475 1998 5529 ait:

408 5541 559 5613 Nihil
617 5543 673 5594 in
723 5541 872 5612 'agria
909 5553 1208 5613 aperunlcs,
1253 5559 1347 5596 nec
1388 5559 1540 5611 poma
1580 5554 1867 5612 carpentes.
1914 5561 2006 5599 nec

412 5612 600 5684 saltem
633 5612 763 5678 folia
799 5613 909 5667 ulla
938 5612 1203 5675 vellentes,
1227 5623 1534 5684 exspectant
1558 5615 1664 5668 Itazc
1690 5615 1870 5684 afferri
1899 5618 2006 5669 usi-

408 5682 502 5734 bus
521 5684 628 5735 suis
651 5685 714 5736 ab
747 5684 1076 5738 auditoribus
1105 5688 1234 5738 suis.

483 5754 594 5819 (‘22)
639 5753 802 5828 lter-te
849 5753 1072 5828 Tutmus
1113 5758 1252 5823 apud
1301 5756 1557 5828 Cyrillum
1614 5757 1866 5827 intelligit
1917 5758 2006 5814 hic

418 5821 693 5876 lavacrum
744 5826 992 5894 baptismi
1027 5821 1205 5895 potius
1238 5821 1401 5898 quam
1427 5821 1828 5897 balucaticucs',
1863 5846 2004 5900 quo-

1451 5113 1476 5152 d
1523 5115 1680 5170 llecst
1712 5118 1808 5168 καὶ
1851 5117 1994 5183 apud
2031 5117 2094 5170 ιι.

1874 5187 1888 5225 1
1929 5189 1990 5240 Ιῖ.
2022 5189 2110 5243 τά.

2206 5129 2229 5158 ε
2259 5117 2394 5174 Cod.
2427 5117 2663 5189 πλήρης.
2772 5116 2790 5155 ί
2827 5115 2895 5169 ιι.
2928 5113 3146 5186 μειδιῶν
3176 5112 3274 5184 τῷ.
3381 5119 3405 5156 8
3451 5105 3514 5164 [ί.
3541 5101 3669 5159 ὀταέ.

1994 5329 2228 5386 NOTAE.

2110 5479 2259 5531 niam
2285 5492 2409 5531 mox
2443 5473 2787 5533 Eucharistia
2817 5473 3084 5534 innuitur,
3113 5485 3276 5542 quam
3305 5477 3510 5521 veteres
3537 5462 3667 5516 illico

2117 5559 2239 5618 post
2263 5549 2588 5619 baptismum
2625 5546 2931 5619 sumebant.
2955 5544 3264 5619 Utrumque
3293 5548 3468 5619 autem
3506 5548 3671 5619 sacra-

2118 5605 2383 5680 inentuu'i?
2414 5620 2650 5688 pessima
2704 5615 2944 5688 parodia
2983 5605 3262 5688 litaniclizci
3314 5605 3667 5688 profanabant,

2116 5689 2193 5815 {lc
2248 5681 2490 5815 sigun'do
2535 5681 2754 5761 quidem
2813 5686 2976 5742 tradit
3028 5683 3296 5741 horrenda
3355 5681 3668 5768 Augqstinus

2135 5778 2247 5815 uer.
2353 5803 2364 5815 .

2135 5778 2247 5816 ltl‘l‘.
2279 5762 2364 5815 46.
