3928 6246
373 225 506 289 1271

1756 233 1989 293 PETRI
2043 232 2297 293 SICULI

3496 234 3617 297 1272

370 341 655 398 tummodo
719 342 979 409 illorum,
1046 343 1239 398 tradita
1299 344 1443 399 inter
1506 360 1564 400 sc
1616 362 1714 417 per
1771 356 1960 401 aetates

2069 345 2316 415 νιχαῖκάς
2344 343 2558 414 βίϐλους
2586 343 3037 415 ἀπορῤίπτονται·
3067 340 3213 415 [cod.
3255 341 3293 399 Γ.
3323 344 3434 417 95.]
3464 346 3547 399 τὸν
3569 350 3620 403 ὲν

371 435 642 503 doctrina,
675 437 1167 491 communicarent.
1200 438 1467 493 Praeterea
1500 439 1804 494 decernunt
1833 440 1959 494 nul-

370 524 484 577 lum
517 525 682 579 alium
725 527 904 597 legere
931 528 1129 581 librum
1158 527 1345 593 licere,
1377 538 1578 599 prseter
1608 532 1956 602 Evangelium

371 624 429 669 et
456 617 698 686 Apostoli
729 634 944 672 sacrum
978 618 1275 685 volumen;
1308 622 1379 674 ob
1418 621 1557 677 hanc
1592 622 1804 677 scilicet
1832 638 1961 678 cau-

370 724 510 770 sam,
559 716 616 762 ut
666 709 1047 764 deﬁcientibus
1088 711 1511 766 Manichaeorum
1554 714 1727 775 libris,
1771 724 1827 769 et
1863 731 1958 771 ve-

372 799 534 853 tustis
577 799 740 853 etiam
800 800 1026 864 nostris,
1078 804 1343 857 continua
1405 784 1846 875 Evangeliorum,
1903 814 1960 861 et

368 893 653 964 apostolici
690 894 984 948 voluminis
1029 894 1282 960 lectione,
1314 895 1530 949 obviam
1569 906 1957 967 patentemque

369 988 690 1043 accusanda:
737 989 981 1042 veritatis
1017 988 1258 1043 habeant
1296 990 1663 1054 occasionem,
1709 997 1765 1043 et
1795 989 1959 1043 rudes

371 1081 679 1151 idiotasque
714 1080 1022 1150 decipiendi
1052 1098 1066 1146 ;
1092 1080 1247 1150 quasi
1281 1081 1379 1153 ipsi
1429 1097 1458 1134 a
1499 1080 1720 1135 Christo
1749 1081 1959 1136 abomi-

368 1172 608 1226 nandam
641 1171 952 1240 hujusmodi
993 1172 1244 1225 haeresim
1276 1171 1605 1243 acceperint,
1646 1171 1753 1243 25
1794 1173 1958 1227 item-

368 1279 476 1331 que
503 1279 533 1317 a
572 1263 843 1334 praeconis
866 1263 1185 1318 orthodoxa:
1216 1264 1338 1317 ﬁdei
1367 1264 1515 1318 Pauli
1564 1266 1795 1334 apostoli
1839 1281 1958 1319 ma-

367 1356 595 1427 gisterio
623 1374 637 1414 :
682 1357 1032 1412 suaveolente
1066 1358 1117 1410 in
1147 1357 1337 1425 primis
1382 1358 1726 1429 pretiosoqne
1754 1359 1957 1414 Christi

368 1450 590 1504 nomine
639 1449 935 1519 pessimum
986 1449 1129 1503 inter
1179 1449 1350 1502 malos
1394 1465 1658 1517 errorem,
1699 1460 1956 1520 tanquam

367 1542 532 1596 ovino
557 1542 755 1597 vellere
786 1543 973 1611 lupum
1003 1550 1292 1612 contegere
1318 1550 1646 1611 satagentes.
1678 1542 1789 1595 llos
1808 1542 1958 1596 enim

272 1642 273 1645 ‘
366 1634 528 1688 unice
560 1633 729 1688 libros
763 1649 887 1687 cum
916 1634 1118 1703 legant,
1158 1632 1663 1703 interpretationem
1712 1633 1954 1702 ipsorum

366 1728 435 1781 ad
457 1744 615 1783 suum
646 1726 861 1781 libitum
890 1727 1233 1795 distorquere
1268 1733 1516 1795 queunt;
1557 1736 1784 1778 caeteras
1826 1740 1957 1777 vero

365 1819 581 1873 divinas
609 1818 941 1889 Scripturas,
971 1833 1336 1886 nequaquam.
1381 1816 1501 1886 Quo
1543 1815 1602 1869 ﬁt
1643 1825 1701 1869 ut
1746 1812 1957 1869 Veteris

367 1910 700 1966 'l'estamenti
750 1911 919 1965 libros
950 1910 1231 1979 abjiciant,
1284 1919 1341 1963 ut
1373 1909 1506 1974 dixi,
1540 1916 1761 1979 propter
1786 1908 1956 1962 obve-

368 2005 583 2058 nientes
604 2003 731 2055 inde
754 2002 1157 2073 coargutiones;
1184 2010 1239 2055 ct
1260 2001 1593 2055 deiferorum
1617 2016 1831 2069 quoque
1854 1999 1956 2052 Pa-

370 2102 513 2147 trum
535 2101 847 2147 nostrorum
872 2093 1093 2157 scripta,
1124 2107 1190 2145 ne
1212 2092 1279 2144 ab
1302 2091 1385 2145 his
1408 2091 1626 2144 malitia:
1654 2105 1766 2144 sua:
1792 2098 1957 2158 caput

366 2186 711 2242 debelletur:
746 2186 926 2256 itaque
956 2185 1023 2239 ab
1054 2185 1119 2238 iis
1151 2194 1408 2254 tanquam
1442 2185 1563 2255 igne
1593 2185 1775 2239 cuncti
1804 2184 1960 2238 defu-

372 2280 552 2351 giunt.
589 2278 658 2332 At
687 2294 818 2332 vero
853 2294 952 2331 nos
983 2294 1048 2332 eo
1072 2277 1553 2346 vehementinsﬁd
1584 2277 1725 2331 hanc
1753 2286 1960 2331 sectam

2069 2282 2145 2335 5ιά
2176 2282 2301 2344 τοὺς
2329 2282 2583 2352 ἐλέγχους
2610 2299 2622 2313 ·

366 2372 816 2443 prosternendam
843 2371 1243 2435 incunibcmus,
1280 2380 1441 2441 atque
1476 2386 1543 2423 ex
1577 2370 1683 2423 alio
1715 2370 1854 2423 libro
1894 2370 1961 2423 ad

367 2466 826 2520 abundantiorem
855 2465 1152 2536 legentium
1198 2466 1614 2535 persuasionem
1648 2466 1959 2520 testimonia

370 2556 460 2610 hic
492 2556 855 2626 profertmus.

370 2650 785 2718 σπουδάζοντες,
827 2651 973 2723 [σού.
1006 2650 1041 2705 f.
1077 2650 1148 2706 95
1178 2650 1253 2723 b.]
1288 2651 1384 2703 καὶ
1451 2650 1510 2714 ἐξ

369 2747 637 2797 πίστωσιν
666 2742 900 2795 ἐνταῦθα
935 2742 1393 2813 παραθησόμεθα.

442 2836 561 2891 XX.
600 2836 819 2890 Etenim
853 2852 1080 2906 magnus
1113 2835 1275 2889 Pater
1298 2844 1484 2891 noster
1519 2849 1573 2891 et
1619 2837 1961 2893 thanmatur-

372 2944 471 3001 gus
501 2928 844 2998 Epiphanius
873 2927 1054 2997 Cypri,
1085 2927 1315 2981 Manetis
1344 2929 1398 2981 in
1430 2929 1803 2998 diSputatione
1845 2931 1960 2986 cla-

2064 439 2255 500 αὐταῖς
2289 436 2347 489 δὲ
2395 436 2596 489 σκοπὸν
2643 438 2735 490 καὶ
2770 434 2928 505 μόνον
2958 434 3221 505 ἀλλήλους
3267 437 3407 490 κατά
3444 438 3622 505 γενεὰν

2063 531 2157 583 καὶ
2185 528 2380 603 γενεὰν
2410 529 2474 580 ἐκ
2504 528 2855 598 παραδόσεως
2889 528 3221 580 διδάσκουσι·
3254 527 3623 598 δογματίζουσι

2060 620 2116 672 δὲ
2146 618 2437 684 καὶτοῦτο,
2467 618 2547 689 μὴ
2578 618 2781 683 ἐξεῖναι
2813 618 3005 689 ἐτέρας
3034 616 3249 686 βίϐλους
3287 617 3345 669 τὸ
3380 620 3623 688 παράπαν

2062 710 2480 779 ἀναγινώσκειν,
2515 712 2655 781 πλὴν
2707 712 2869 779 μόνου
2900 710 2993 763 τοῦ
3027 710 3355 778 Εὑαγγελίου
3400 714 3493 764 καὶ
3536 714 3626 784 τῆς

2063 807 2215 876 ἱερᾶς
2263 804 2445 873 βίϐλου
2479 804 2574 856 τοῦ
2616 803 2937 858 ’Λποστόλου
2970 802 3103 871 (26)·
3138 802 3352 856 ποιοῦσι
3392 802 3448 856 δὲ
3484 802 3629 857 τοῦτο

2061 898 2149 951 διὰ
2178 896 2433 961 τοιαύτας
2463 896 2643 960 αίτίας
2664 935 2679 959 ,
2712 897 2859 960 ὅπως
2888 898 2952 965 τῇ
2985 895 3222 967 ἀπουσίᾳ
3248 894 3357 948 τῶν
3385 896 3631 965 Μανιχαῖ-

2061 990 2172 1044 κῶν
2209 989 2427 1056 βίϐλων,
2475 989 2570 1043 καὶ
2602 988 2710 1041 τῶν
2740 990 2869 1057 παρ’
2904 990 3037 1058 ἡμῖν
3076 988 3247 1041 ὅντων
3277 986 3521 1040 παλαιῶν
3562 986 3633 1056 βι-

2060 1082 2247 1145 ϐλίων,
2277 1085 2344 1152 τῇ
2377 1079 2654 1150 ἐπισυχνῷ
2685 1081 2702 1116 ι
2737 1080 2792 1133 δὲ
2820 1077 3127 1148 ἀναγνώσει
3155 1078 3264 1132 τῶν
3298 1077 3636 1146 Εὑαγγελίων

2059 1172 2153 1225 καὶ
2188 1171 2287 1240 τῆς
2320 1171 2685 1241 ἀποστολικῆς
2715 1170 2897 1240 βίϐλου
2918 1212 2931 1232 ,
2964 1171 3348 1240 εὐλογοφανεῖς
3377 1168 3633 1240 ἀφορμὰς,

2060 1262 2227 1333 ἔχωσι
2276 1265 2605 1334 κατηγορεῖν
2639 1263 2737 1332 τῆς
2777 1262 3036 1332 ἀληθείας
3076 1263 3172 1317 καὶ
3214 1262 3490 1333 ἐξαπατᾷν
3522 1263 3634 1326 τοὺς

2060 1356 2294 1427 ἀμαθεῖς
2326 1356 2423 1410 καὶ
2459 1356 2702 1421 ἰδιώτας,
2734 1357 2816 1409 ὄτι
2847 1356 2956 1408 ἀπὸ
2995 1355 3235 1426 Χριστοῦ
3268 1354 3367 1424 τὴν
3396 1354 3634 1422 τοιαύτην

2060 1449 2569 1521 κατεϐδελυγμένην
2619 1448 2831 1519 αἵρεσιν
2880 1446 3214 1519 παρέλαϐον,
3260 1448 3357 1498 καὶ⁵
3400 1447 3463 1498 ἐκ
3506 1445 3637 1498 διδα-

2062 1542 2289 1606 σκαλίας
2319 1543 2411 1596 τοῦ
2453 1544 2697 1613 κήρυκος
2725 1544 2822 1609 τῆς
2849 1540 3133 1611 όρθοδόξου
3168 1539 3407 1601 πίστεως
3438 1537 3633 1592 Παύλου

2059 1635 2154 1688 τοῦ
2176 1635 2497 1689 ἀποστόλου·
2526 1634 2604 1704 τῷ
2627 1635 2684 1687 δὲ
2711 1634 3065 1702 εὐωδεστάτῳ
3088 1630 3332 1701 Χριστοῦ
3362 1631 3454 1685 καὶ
3486 1631 3637 1701 τιμίῳ

2062 1727 2287 1797 ὀνόματι
2320 1726 2420 1799 τὴν
2452 1729 2509 1779 ὲν
2545 1730 2737 1791 κακοῖς
2778 1726 3056 1793 ἐξαίρετον
3087 1724 3307 1792 ἀπάτην
3345 1723 3423 1786 ὡς
3450 1724 3503 1775 ὲν
3538 1741 3637 1775 κω-

2060 1819 2157 1890 δίῳ
2192 1818 2463 1890 προϐάτου
2492 1819 2655 1873 λύκον
2685 1818 3057 1890 περικαλύψαι
3090 1816 3490 1879 σπουδάζουσι·
3516 1814 3636 1868 ratio

2061 1929 2159 1976 τας
2195 1913 2303 1983 γὰρ
2349 1913 2451 1976 τὰς
2501 1912 2717 1982 βίϐλους
2762 1912 2933 1981 μόνας
2987 1908 3499 1978 ἀναγινώσκοντες,
3551 1909 3637 1977 τὴν

2061 2005 2361 2075 ἑρμηνείαν
2386 2005 2521 2074 πρὸς
2539 2004 2599 2056 τὸ
2619 2006 2818 2057 οἰκεῖον
2846 2003 3094 2074 βούλημα
3120 2000 3446 2071 διαστρέψαι
3471 2000 3640 2053 δύναν-

2062 2113 2173 2150 ται·
2210 2096 2306 2157 τὰς
2335 2096 2392 2149 δὲ
2422 2096 2617 2159 λοιπὰς
2645 2097 2795 2161 θείας
2822 2096 3067 2167 Γραφάς,
3098 2094 3377 2163 οὐδαμῶς·
3412 2092 3529 2145 ὅθεν
3550 2092 3639 2160 τῆς

2062 2190 2160 2259 μὲν
2208 2189 2455 2252 Παλαιᾶς
2501 2189 2603 2252 τάς
2634 2189 2852 2260 βίϐλους
2899 2188 3339 2252 ἀποϐάλλονται,
3372 2187 3447 2249 ὡς
3492 2185 3637 2257 ἔφην,

2666 2282 2764 2345 τὰς
2790 2282 2846 2335 δὲ
2889 2282 2999 2334 τῶν
3027 2280 3309 2351 θεοφόρων
3338 2280 3590 2349 ῐιατέρων
3615 2290 3639 2317 ιι

2059 2371 2239 2442 ἡμῶν,
2289 2373 2437 2433 ὅπως
2492 2372 2566 2444 μὴ
2606 2372 2675 2426 δι’
2708 2372 2891 2426 αὐτῶν
2922 2370 3264 2443 θριαμϐευθῇ
3296 2373 3332 2442 ἡ
3365 2371 3508 2442 ἀρχὴ
3553 2370 3641 2439 τῆς

2060 2465 2263 2528 κακίας
2286 2466 2488 2533 αὐτῶν,
2521 2470 2616 2521 καὶ
2648 2468 2847 2530 πάντες
2885 2467 3083 2529 αὐτοὺς
3118 2466 3193 2530 ὡς
3221 2466 3285 2518 ὲκ
3322 2466 3493 2537 πυρὸς
3522 2466 3644 2517 ἀποο

2062 2558 2327 2628 φύγωσιν·
2376 2562 2538 2630 ἡμεῖς
2588 2560 2644 2613 δὲ
2702 2560 2961 2614 ὲπιπλέον
3027 2558 3233 2629 ταύτην
3282 2553 3643 2628 θριαμϐεῦσαι

1566 2650 1760 2720 ἐτέρας
1800 2650 1985 2721 βίϐλου
2031 2656 2340 2727 μαρτυρίαν
2420 2657 2557 2726 πρὸς
2612 2654 3009 2726 περισσοτέραν
3055 2654 3163 2707 τῶν
3217 2651 3646 2722 ἐντυγχανόντων

2145 2843 2229 2896 Κ’.
2274 2843 2333 2894 Ὀ
2363 2842 2471 2913 γὰρ
2506 2843 2677 2913 μέγας
2707 2816 2898 2915 Πατὴρ
2922 2845 3081 2916 ἡμῶν
3114 2845 3210 2898 καὶ
3242 2836 3646 2915 θαυματουργὶδς

2074 2933 2390 3003 Ἐπιφάνιος
2426 2938 2524 3005 τῆς
2559 2936 2787 3007 Κύπρου
2818 2938 2946 3009 περὶ
2982 2937 3081 3006 τῆς
3128 2937 3398 3005 ὲλέγξεως
3447 2937 3648 2989 Μάνεν-

370 3025 516 3087 dem,
545 3024 865 3093 justumque
920 3020 1208 3075 Persarum
1243 3021 1386 3092 regis
1429 3023 1497 3076 de
1547 3021 1691 3075 illata
1720 3022 1772 3076 ei
1827 3039 1961 3078 nece

2070 3043 2161 3087 τος
2186 3026 2281 3079 καὶ
2308 3026 2404 3080 τοῦ
2439 3030 2503 3080 ἐκ
2529 3028 2930 3097 δικαιοκρισίας
2975 3028 3110 3081 Θεοῦ
3136 3028 3241 3081 ὑπὸ
3265 3029 3363 3082 τοῦ
3400 3028 3649 3099 βασιλέως

367 3116 632 3185 judicium
688 3129 1018 3178 memorans,
1071 3112 1189 3168 haec
1232 3114 1309 3167 ait
1340 3112 1534 3168 :Nono
1576 3114 1850 3169 Valeriani
1906 3124 1963 3169 et

370 3209 601 3264 Gallieni
650 3208 1017 3263 Romanorum
1079 3207 1469 3277 imperatorum
1500 3223 1667 3273 anno,
1713 3207 1965 3263 ascendit

372 3302 441 3356 de
465 3300 690 3356 Perside
724 3301 910 3355 Manes
942 3315 1161 3355 carcere
1200 3301 1440 3370 elapsus,
1488 3309 1775 3371 propterea
1817 3300 1964 3370 quod

373 3396 519 3467 regis
549 3395 833 3450 Persarum
892 3395 1003 3448 tilio
1034 3410 1195 3447 causa
1236 3393 1429 3448 mortis
1480 3395 1781 3448 exstitisset
1810 3413 1822 3449 :
1856 3408 1965 3464 quo

373 3498 620 3558 tnnpore
651 3488 812 3542 etiam
838 3503 961 3541 cum
988 3487 1254 3541 Archelao
1279 3485 1678 3547 Carcharorum
1710 3487 1761 3540 in
1792 3486 1966 3542 Mesoo

375 3580 611 3652 potantia
634 3580 892 3650 episcopo
917 3578 1217 3648 disputatio
1238 3580 1284 3631 ei
1313 3579 1545 3647 obtigit;
1585 3594 1615 3631 a
1649 3594 1754 3647 qua
1789 3579 1967 3634 victus

375 3674 689 3739 discedens,
746 3674 886 3727 clam
940 3670 1097 3739 fugit,
1157 3680 1213 3725 et
1263 3670 1617 3726 Diodoridem
1686 3672 1968 3743 ingressus

376 3767 662 3836 oppidum,
714 3765 770 3818 in
850 3746 1249 3818 Carcharorum
1312 3762 1533 3826 vicinia,
1606 3762 1788 3834 ibique
1839 3780 1965 3818 eum

376 3856 671 3928 Tryphone
692 3855 929 3925 quodam
954 3854 1302 3909 sanctissimo
1324 3855 1641 3925 presbytero
1664 3855 1969 3925 quaestione

378 3951 649 4015 instituta,
673 3949 744 4004 ab
783 3964 849 4002 eo
878 3947 1130 4018 perfusus
1166 3949 1373 4017 pudore
1395 3948 1517 4002 fuit.
1550 3948 1666 4013 Qua
1696 3948 1879 4002 audita
1911 3963 1970 4003 re

378 4042 704 4108 Archelaus,
730 4041 874 4111 quod
911 4041 1055 4096 idem
1090 4056 1288 4111 nempe
1327 4040 1512 4095 Manes
1560 4056 1620 4095 se
1644 4042 1970 4097 contulisset

379 4137 446 4192 ad
482 4135 857 4207 Tryphonem,
885 4144 939 4188 et
977 4149 1099 4189 cum
1134 4150 1201 4188 eo
1232 4134 1582 4203 disceptaret,
1608 4136 1811 4190 cursim
1844 4136 1971 4191 illuc

385 4229 660 4300 profectus
703 4237 809 4291 est,
857 4227 1150 4296 denuoque
1199 4242 1323 4280 cum
1388 4227 1605 4282 Manete
1655 4228 1967 4298 disputans,

386 4339 609 4393 prorsus
662 4321 815 4375 illum
864 4337 988 4374 cum
1044 4320 1346 4389 ignominia
1405 4320 1693 4375 convicit:
1742 4332 1970 4392 eratque

384 4415 569 4470 Manes
603 4431 727 4469 mox
769 4429 800 4468 a
844 4412 1045 4483 populo
1087 4413 1495 4467 interﬁciendus
1530 4432 1545 4480 ;
1591 4414 1685 4467 sed
1739 4415 1807 4469 ab
1851 4414 1962 4483 cpi-

2078 4415 2233 4478 αῦθις
2255 4418 2506 4484 ποιήσας,
2532 4413 2752 4475 τελείως
2773 4414 2934 4467 αὑτὸν
2965 4416 3270 4486 κατῄσχυνε
3309 4433 3323 4445 ·

385 4522 552 4577 scopo
571 4505 839 4560 Archelao
863 4506 1194 4575 redemptus,
1217 4505 1269 4559 in
1296 4506 1573 4561 Persidem
1606 4506 1781 4561 rediit.
1816 4506 1974 4573 Quod

388 4599 478 4653 tibi
508 4616 602 4653 rex
655 4599 941 4653 Persarum
997 4596 1189 4663 audiit,
1240 4596 1406 4666 jussit
1464 4596 1513 4649 ei
1554 4596 1708 4665 quasi
1754 4611 1973 4650 saccum

390 4691 586 4762 pellem
614 4690 724 4761 26
756 4690 971 4745 detrahi
1004 4707 1018 4757 ;
1061 4699 1226 4760 atque
1284 4690 1358 4743 ita
1411 4688 1598 4743 Manes
1636 4690 1800 4743 ﬁnem
1852 4689 1975 4743 vitae

388 4800 503 4839 suae
537 4784 686 4838 fecit.

2071 3120 2295 3189 Περσῶν
2346 3120 2729 3189 ἐπενεχθέντος
2782 3119 2932 3190 αύτῷ
2974 3119 3205 3175 θανάτου
3278 3119 3648 3191 ἐπιμνησθεὶς,

2070 3214 2197 3268 τάδε
2222 3215 2387 3285 φησίν
2440 3212 2576 3281 (27)·
2606 3211 2695 3267 Ἐν
2726 3212 2802 3281 τῷ
2823 3213 2994 3283 ἐνάτῳ
3021 3221 3048 3250 ν
3092 3212 3171 3265 ἔτι
3225 3214 3329 3283 τῆς
3387 3210 3651 3282 βασιλείας

2073 3306 2440 3377 Ούαλεριανοῦ
2477 3308 2571 3360 καί
2620 3307 2659 3359 Γ
2662 3306 2926 3359 αλλίνουι
2968 3305 3076 3358 τῶν
3125 3305 3395 3375 βασιλέων
3447 3303 3653 3374 Ῥώμης

2075 3402 2241 3471 ἀνέϐη
2272 3402 2463 3470 Μάνης
2492 3400 2600 3453 ἀπὸ
2645 3400 2927 3470 Περσίδος,
2952 3399 3053 3466 τῆς
3105 3399 3357 3467 φυλακῆς
3390 3396 3653 3468 ἐκφυγὼν,

2073 3496 2159 3550 διὰ
2191 3495 2253 3549 τὸ
2288 3494 2600 3549 θανατῶσαι
2634 3494 2725 3547 τὸν
2753 3494 2868 3546 υἱὸν
2915 3492 3007 3547 τοῦ
3065 3492 3333 3563 βασιλέως
3397 3490 3615 3561 Περσῶν
3639 3507 3650 3520 ·

2074 3590 2164 3643 ὅτε
2210 3590 2304 3641 καὶ
2342 3587 2480 3659 πρὸς
2542 3586 2833 3657 Ἀρχέλαον
2861 3585 2953 3639 τὸν
2997 3585 3299 3639 ἐπίσκοπον
3355 3586 3655 3655 Καρχάρων

2073 3681 2173 3749 τῆς
2203 3677 2627 3748 Μεσοποταμίας
2686 3678 2996 3747 συζητῆσας
3041 3678 3101 3730 τὸ
3150 3671 3317 3748 ἦττον
3363 3676 3657 3741 ἀπενεγκάο

2080 3790 2258 3844 μενος,
2290 3771 2591 3840 λεληθότως
2612 3770 2825 3839 ἀπέδρα
2856 3786 2867 3797 ·
2921 3770 3015 3823 καὶ
3046 3768 3304 3823 εἰσελθὼν
3346 3771 3429 3833 εἰς
3472 3766 3655 3821 Διοδω-

2081 3867 2201 3937 ρξδα
2239 3875 2266 3915 ἵ
2295 3864 2488 3935 κώμην
2525 3864 2625 3933 τῆς
2648 3865 2960 3944 Καρχάρων
2994 3863 3346 3935 περιοικίδος,
3372 3864 3466 3917 καὶ
3507 3860 3661 3930 συζη-

2075 3955 2247 4024 τήσας
2308 3952 2564 4023 Τρύφωνὶ
2612 3970 2718 4005 τινι
2785 3953 2863 4024 τῷ
2936 3954 3225 4024 ἁγιωτάτῳ
3284 3950 3657 4023 πρεσϐυτέρῳ,

2076 4046 2299 4108 τελείως
2329 4055 2351 4082 ι
2388 4046 2519 4116 παρ’
2546 4044 2712 4099 αὑτοῦ
2744 4045 3111 4118 κατῃσχύνθη.
3153 4045 3424 4109 Ἀκούσας
3453 4046 3509 4099 δὲ
3543 4044 3660 4112 ’Δρ-

2079 4140 2269 4211 χέλαος
2298 4140 2380 4192 ὅτι
2410 4131 2564 4200 οὗτος
2604 4140 2811 4203 ἐκεῖνος
2850 4138 3053 4208 ἔφθασε
3086 4138 3222 4211 πρὸς
3277 4140 3552 4211 Τρύφωνα
3572 4139 3660 4190 καὶ

2078 4231 2313 4297 διάλεξιν
2342 4232 2480 4303 πρὸς
2510 4231 2675 4285 αὑτὸν
2705 4234 2962 4297 ποιεῖται,
3009 4231 3515 4302 ἐπικαταλαμϐάνει
3544 4231 3659 4300 δρο-

2083 4321 2259 4391 μαίως
2290 4324 2381 4374 καὶ
2432 4320 2593 4384 αὐτός
2625 4337 2638 4351 ·
2698 4322 2791 4374 καὶ
2834 4322 2969 4392 πρὸς
3001 4322 3091 4375 τὸν
3138 4322 3332 4393 Μάνην
3373 4321 3660 4390 συζήτησιν

3390 4417 3484 4467 καὶ
3514 4410 3662 4482 ἐμελ-

2076 4507 2168 4560 λεν
2195 4521 2220 4548 ιι
2272 4506 2433 4571 εὐθὺς
2468 4507 2571 4559 ὑπὸ
2603 4507 2696 4560 τοῦ
2732 4506 2861 4560 λαοῦ
2895 4508 3251 4562 θανατοῦσθαι
3280 4526 3294 4539 ·
3328 4505 3660 4580 λυτρωθεὶςδ

2079 4600 2184 4651 ὑπὸ
2215 4598 2308 4651 τοῦ
2335 4598 2633 4651 ἐπισκόπου
2701 4599 3014 4668 Ἀρχελάου,
3073 4600 3391 4669 ἀνέκαμῲεν
3439 4601 3518 4662 εἰς
3570 4599 3661 4668 τὴν

2080 4689 2317 4760 Περσίδα
2347 4707 2360 4719 ·
2387 4690 2624 4751 ἀκούσας
2646 4690 2700 4743 δὲ
2736 4693 2762 4743 ό
2792 4690 3044 4761 βαοιλεὺς
3095 4691 3339 4761 Περσῶν,
3386 4692 3660 4744 ἐκέλευσεν

2080 4781 2156 4843 ὡς
2209 4781 2442 4835 θύλακον
2498 4782 2660 4835 αὐτὸν
2694 4782 3033 4854 ἐκδαρῆναι·
3087 4785 3180 4836 καὶ
3210 4783 3383 4849 οὕτως
3428 4785 3489 4838 τὸ
3517 4782 3660 4846 τέλος

2080 4872 2174 4926 τοῦ
2212 4873 2329 4943 βίου
2360 4875 2526 4928 αὐτοῦ
2565 4877 2592 4928 ό
2614 4875 2807 4945 Μάνης
2833 4871 3222 4947 κατέστρεψεν.

1667 5061 1901 5119 νιιιιιΕ
1953 5060 2364 5118 LECTIONES.

505 5214 521 5246 ⁸
562 5210 635 5263 Ita
660 5208 782 5264 cod.
821 5208 884 5261 Il.
926 5209 1017 5261 ἐπὶ
1048 5206 1246 5275 συχνῷ.

1343 5217 1369 5243 ιι
1407 5223 1512 5258 πατ
1522 5206 1648 5276 ρῶν.

499 5285 568 5336 At
594 5281 659 5334 li.
696 5278 947 5343 πελείως.
1056 5291 1080 5317 ⁸
1106 5277 1172 5332 Β.
1203 5277 1423 5348 ἕμηλεν.

1748 5215 1774 5243 ν
1804 5206 1875 5259 Ita
1907 5205 2027 5258 cod.
2057 5204 2126 5257 At
2151 5204 2218 5257 Β.
2242 5203 2469 5273 ὲννάτῳ.

1531 5279 1557 5317 b
1592 5279 1664 5331 lta
1694 5277 1816 5331 cod.
1844 5275 1913 5330 At
1946 5276 2010 5329 Β.
2040 5274 2349 5346 λυπρεθεὶς,
2384 5276 2529 5345 quod
2558 5286 2734 5330 tamen
2773 5276 2826 5339 in
2861 5290 3037 5344 marg.
3070 5290 3217 5330 corr.

2568 5212 2594 5240 κ
2621 5203 2695 5258 Ita
2730 5204 2854 5259 cod.
2926 5214 2954 5252 γ
2983 5204 3048 5257 R.
3085 5203 3290 5274 Διοδορ.
3372 5212 3393 5238 ι
3433 5201 3511 5255 lta
3539 5201 3656 5257 cod.

1923 5388 2151 5447 ΝΟΤἉΕ.

463 5514 576 5581 (26)
617 5511 945 5567 Manichzros
970 5512 1039 5565 de
1086 5510 1206 5580 ipso
1232 5510 1582 5565 Testamento
1609 5511 1795 5574 Novo,
1832 5511 1979 5579 quod

392 5588 595 5641 vellent
633 5583 934 5651 accepisse.
982 5591 1037 5635 et
1069 5583 1213 5650 quod
1241 5583 1448 5637 nollent
1474 5583 1727 5648 rejecisse
1762 5584 1844 5641 (nt
1876 5582 1977 5633 ali-

391 5659 481 5725 qui
534 5656 697 5707 ctiain
745 5654 951 5707 faciunt
1003 5653 1247 5707 hodierni
1281 5653 1542 5725 liwretiei)
1578 5662 1651 5725 et,
1686 5652 1978 5719 nonnullas

397 5724 696 5796 scripturas
722 5725 1058 5797 apocryphas
1098 5724 1495 5795 anteposuissc,
1537 5724 1687 5779 testis
1734 5733 1817 5779 est
1867 5725 1974 5777 Au~

2079 5511 2489 5583 gustinushazr.
2526 5510 2610 5583 dii.
2654 5577 2681 5583 _
2740 5577 2791 5583 __
2880 5576 2919 5583 _
2966 5576 2976 5583 _
3024 5576 3037 5583 _
3137 5575 3168 5583 __
3595 5570 3624 5583 ν

2152 5582 2265 5651 (27)
2306 5580 2491 5636 Haeres
2526 5580 2614 5635 46.
2650 5577 2754 5632 Sed
2782 5577 2832 5630 in
2880 5575 3171 5649 Epiphanii
3206 5583 3354 5630 textu
3393 5572 3540 5629 edito
3578 5571 3654 5625 di-

2077 5655 2219 5709 citur
2243 5670 2388 5709 anno
2418 5666 2628 5723 quarto,
2665 5666 2771 5706 non
2802 5666 2956 5705 none.
