3928 6246
248 253 384 320 12⁸13

1386 262 1757 324 HISTORIA
1791 264 2406 331 MANICHZEORUM.

3405 264 3542 331 1274

313 373 447 427 KA'.
476 372 635 437 Τινὲς
667 373 726 427 δὲ
750 373 859 428 τῶν
889 374 1149 447 μαθητῶν
1185 375 1353 431 αὑτοῦ
1404 377 1649 448 ἔφθασαν
1690 379 1826 452 [cod

2020 380 2175 437 XXI.
2208 380 2470 438 Nonnulli
2504 398 2636 439 vero
2675 382 3076 454 discipulorum
3106 382 3228 453 ejus
3261 393 3539 439 venerunt

240 462 282 519 Ι.
322 463 447 537 96.]
481 464 644 537 μέχρι
671 466 1006 536 Σαμωσάτου
1037 467 1137 538 τῆς
1165 468 1481 539 Ἀρμενίας,
1536 470 1631 523 καὶ
1672 472 1735 523 τὸ
1757 470 1842 535 ζι-

239 563 426 629 ζάνιον
454 565 563 647 τοῦ.
579 564 819 637 πονηροῦ
860 569 917 619 ἐν
981 566 1129 635 αὐτῷ
1162 566 1656 639 κατασπείραντες,
1711 568 1840 621 πολ-

238 654 365 718 λοὺς
400 654 511 709 τῶν
540 657 721 708 ἐκεῖσε
757 656 1059 727 Ἀρμενίων
1082 657 1373 728 ἠπάτησαν
1409 675 1422 688 ·
1461 658 1599 728 μετὰ
1628 659 1684 711 δὲ
1714 659 1841 729 χρό-

238 764 365 809 νους
396 747 548 810 τινὰς
567 746 669 816 τῆς
702 747 969 817 κακίστης
1006 749 1210 817 σπορᾶς
1243 748 1435 819 ήξρίζα
1467 749 1835 819 βλαστήσασα,

238 838 465 909 καρποῦ
499 838 800 908 θανασίμου
823 841 935 903 τοῖς
982 838 1197 903 πολλοῖς
1229 841 1524 910 μετέδωκε,
1576 842 1833 911 φθάσασα

236 930 335 981 καὶ
369 929 531 1000 μέχρι
557 930 865 1002 Φαναροίας
906 941 954 985 ο.
1010 930 1153 1003 Γυνὴ
1196 933 1304 1003 γάρ
1339 951 1421 997 τις
1478 936 1543 988 ἐκ
1585 936 1678 989 τοῦ
1730 937 1838 990 Σα-

238 1019 499 1089 μωσάτου
528 1020 826 1092 Καλλινίκη
858 1018 884 1059 ά
913 1021 1172 1095 τοῦνομα,
1207 1024 1300 1078 δύο
1334 1028 1482 1090 υἱοὺς
1511 1026 1661 1097 ἔσχε,
1683 1028 1836 1082 Παῦ-

234 1111 329 1164 λον
359 1113 456 1171 καὶ
503 1111 759 1186 Ἰωάννην
793 1131 807 1144 ·
838 1114 1066 1180 τούτους
1121 1113 1215 1171 οῦν
1266 1119 1392 1183 τοὺς
1441 1118 1537 1173 δύο
1560 1121 1713 1191 ὄφεις
1747 1132 1771 1167 ο
1801 1124 1834 1194 ἠ

234 1204 419 1259 αὐτῶν
452 1213 750 1278 γεννήτρια
783 1207 965 1279 ἔχιδνα
1004 1209 1339 1281 ἐκθρέψασα,
1376 1215 1471 1267 καὶ
1522 1215 1623 1286 τὴν
1682 1232 1836 1287 παμ-

238 1298 439 1368 μίαρον
468 1300 729 1367 διδάξασα
757 1302 992 1373 αἵρεσιν,
1027 1304 1276 1373 κήρυκας
1315 1306 1413 1377 τῆς
1456 1306 1669 1378 πλάνης
1729 1310 1839 1362 άπ-

232 1388 480 1444 έστειλεν
514 1393 579 1445 ἐκ
603 1392 699 1446 τοῦ
724 1392 1058 1463 Σαμωσάτου
1093 1410 1108 1426 ·
1142 1397 1191 1449 οἱ
1218 1396 1275 1450 δὲ
1308 1398 1711 1465 καταλαϐόντες
1735 1402 1837 1473 τὴν

231 1480 454 1551 ἐνορίαν
474 1483 802 1554 Φαναροίας,
833 1482 997 1557 ἦλθον
1026 1487 1109 1552 εἴς
1155 1505 1278 1542 τινα
1333 1488 1549 1561 κώμην,
1579 1492 1677 1546 καὶ
1708 1495 1836 1558 τοὺς

230 1574 292 1626 ἐν
332 1574 474 1645 αὐτῇ
505 1576 792 1643 οἰκοῦντας
822 1580 1057 1649 ἀμαθεῖς
1092 1582 1185 1635 καὶ
1235 1584 1599 1654 ἀστηρίκτους
1646 1587 1837 1658 εὑρόν-

229 1684 344 1731 τες,
377 1669 559 1722 ἐκεῖσε
582 1670 673 1723 τὸν
702 1672 777 1724 ίὸν
810 1673 909 1742 τῆς
944 1675 1211 1745 πονηρίας
1240 1676 1335 1729 καὶ
1391 1677 1452 1729 τὸ
1499 1679 1696 1748 πικρὸν
1750 1678 1834 1743 ζι-

1946 490 2120 544 usque
2158 472 2442 531 Samosata
2475 476 2747 532 Armenia:
2778 476 2997 541 urbem,
3031 491 3261 546 pravum
3318 475 3429 531 illic
3462 475 3541 529 zi-

1945 564 2160 620 zanium
2191 574 2458 641 serentes,
2482 567 2792 637 multosque
2836 567 3113 622 Armeniae
3145 566 3350 622 incolas
3373 567 3541 622 dece-

1944 665 2166 727 perunt.
2196 656 2323 712 Post
2351 658 2559 728 aliquot
2588 674 2785 725 annos,
2824 659 3076 729 pessima:
3103 659 3272 728 hujus
3300 659 3535 715 sationis

1943 761 2096 816 radix
2145 761 2384 817 fructum
2420 763 2746 834 germinavit
2799 763 3167 829 mortiferum,
3218 763 3286 818 ad
3318 761 3536 817 Phana-

1943 868 2117 909 rmam
2162 869 2335 924 usque
2367 854 2717 926 propaginem
2748 856 3057 927 porrigens.
3100 854 3236 909 Nam
3280 856 3536 909 Samosa-

1942 946 2084 1000 tensi
2125 947 2363 1012 mulieri,
2401 947 2488 1003 cui
2558 962 2761 1003 nomen
2840 947 3139 1012 Callinicm,
3201 946 3313 1001 duo
3377 955 3536 1001 erant

1943 1038 2131 1104 liberi,
2154 1040 2357 1094 Paulus
2380 1050 2434 1095 et
2453 1040 2713 1106 Joannes,
2732 1056 2869 1111 quos
2888 1041 3039 1094 velut
3053 1055 3257 1111 angues
3280 1039 3528 1109 geminos

1941 1133 2176 1203 genitrix
2226 1133 2413 1205 vipera
2465 1136 2772 1199 enutriens,
2833 1143 2888 1189 et
2943 1134 3239 1187 nefandam
3300 1132 3526 1187 eductos

1941 1225 2220 1290 haeresim,
2279 1227 2669 1297 praedicatores
2718 1225 2925 1279 erroris
2972 1222 3273 1279 Samosatis
3325 1222 3531 1278 emisit.

1940 1318 2006 1373 lli
2048 1334 2179 1374 vero
2203 1319 2258 1373 in
2312 1319 2602 1373 ﬁnitimam
2630 1318 2799 1374 delati
2834 1318 3218 1383 Phanarmam,
3264 1322 3535 1371 venerunt

1940 1408 1996 1461 in
2030 1408 2328 1478 quemdam~
2354 1424 2575 1480 pagum,
2628 1410 2789 1479 cujus
2820 1409 3026 1463 incolas
3075 1408 3240 1463 rudes
3279 1416 3335 1462 et
3392 1409 3536 1461 male

1940 1499 2127 1555 ﬁrmos
2149 1501 2329 1562 nacti,
2365 1517 2637 1556 venenum
2690 1501 2763 1556 ibi
2797 1501 3078 1571 nequitiae,
3115 1510 3172 1555 et
3204 1514 3388 1555 amara
3416 1499 3536 1559 diae

1947 1591 2055 1645 boli
2083 1591 2291 1645 zizania
2333 1592 2805 1648 disseminarunt:
2857 1593 3227 1663 quamobrem.
3268 1592 3315 1645 is
3359 1605 3532 1661 pagus

1939 1684 2219 1755 Episparis
2276 1684 2423 1755 (Lat.
2475 1684 2855 1757 seminarium)
2912 1686 3239 1755 appellatur.
3301 1681 3535 1737 Haeresis

229 1758 419 1823 ζάνιον
468 1761 565 1814 τοῦ
620 1762 820 1834 ἐχθροῦ
876 1743 1201 1834 ἐνέσπειραν
1225 1783 1239 1795 ·
1273 1768 1352 1820 διὸ
1385 1743 1671 1841 καὶμέχρι
1722 1771 1824 1839 τῆς

1939 1788 2161 1844 quoque
2195 1776 2263 1830 ab
2294 1776 2379 1829 his
2429 1776 2884 1846 praedicatoribus
2947 1790 3152 1830 nomen
3214 1772 3531 1838 contraxit;

231 1850 529 1923 σήμερον,
578 1856 637 1925 ,ἡ
694 1856 795 1925 μὲν
868 1856 1029 1929 κώμη
1098 1859 1430 1930 Ἐπίσπαρις
1514 1863 1835 1934 μετωνομά-

230 1944 358 2016 σθη,
413 1946 448 2015 ή
488 1946 544 1999 δέ
589 1946 802 2018 αἵρεσις
855 1950 998 2003 κατὰ
1036 1951 1135 2022 τὴν
1169 1952 1278 2004 τῶν
1323 1952 1679 2022 κηρυξάντων
1712 1955 1836 2008 ὀνο-

228 2037 435 2107 μασίαν
461 2054 477 2069 ⁶
507 2039 601 2092 καὶ
629 2041 741 2110 γὰρ
771 2043 836 2095 ἐκ
865 2044 986 2096 τότε
1018 2045 1081 2097 ἐκ
1136 2046 1481 2115 Μανιχαίων,
1527 2047 1835 2118 ἐπεκλήθη-

227 2144 329 2182 σαν
357 2129 743 2187 Παυλικιάνοι.
772 2136 834 2188 Οἱ
873 2131 965 2190 οῦν
992 2136 1375 2190 εύσεϐἐστατοι
1428 2138 1525 2192 καὶ
1558 2138 1831 2210 ὀρθοδοξοι

225 2220 387 2291 ἡμῶν
407 2221 651 2292 βασιλεῖς
685 2225 775 2280 ἵνα
797 2227 871 2297 μὴ
904 2228 1187 2282 ἐπιπλεῖον
1212 2229 1610 2301 διανεμηθεῖσα
1645 2234 1677 2302 ἡ
1718 2232 1835 2285 λοι-

228 2312 420 2382 μώδης
446 2315 637 2380 στάσις
687 2317 849 2388 αῦτη,
904 2320 1213 2389 λυμήνηται
1248 2322 1477 2386 πολλοὺς
1528 2324 1637 2377 τῶν
1700 2324 1835 2377 καθ’

224 2407 399 2475 ἡμᾶς,
432 2407 601 2478 θεῖκῷ
637 2408 785 2480 ζήλῳ
810 2411 1126 2481 κινούμενοι
1156 2415 1282 2476 τοὺς
1320 2416 1464 2469 κατὰ
1512 2416 1679 2468 τόπον
1738 2416 1831 2469 εύ-

229 2498 587 2568 ρισκομένους
609 2505 709 2572 τῆς
761 2502 1077 2573 Ῥωμαῖκῆς
1098 2505 1275 2575 ἀρχῆς
1308 2506 1646 2577 Μανιχαίους
1685 2506 1830 2560 κατὰ

225 2593 455 2661 καιροὺς
486 2595 915 2649 ἀποκτέννουσιν
941 2596 1055 2666 ι28)
1092 2597 1231 2650 κατὰ
1259 2598 1321 2650 τὸ
1354 2598 1459 2651 ὑπὸ
1491 2599 1699 2668 Κυρίου
1750 2600 1829 2653 είη

1935 1881 2061 1919 nam
2102 1881 2166 1919 ex
2196 1880 2262 1920 eo
2296 1873 2540 1937 tempore
2567 1883 2666 1937 pro
2692 1865 3011 1921 Manichaais
3047 1865 3181 1920 dicti
3219 1873 3350 1920 sunt
3388 1862 3530 1917 Pau-

1934 1956 2139 2011 liciani.
2167 1959 2343 2013 Porro
2377 1959 2777 2029 religiosissimi
2826 1957 3233 2026 orthodoxique
3278 1953 3520 2024 impera-

1936 2057 2084 2103 tores
2105 2050 2299 2113 nostri,
2338 2066 2409 2105 ne
2440 2051 2657 2121 longius
2701 2050 2984 2120 serpendo
3010 2058 3160 2104 secta
3204 2049 3321 2103 bmc
3358 2045 3534 2116 pesti-

1935 2142 2055 2196 lens
2070 2142 2269 2196 multos
2292 2152 2609 2197 nostrorum
2637 2142 2907 2206 inﬁceret,
2931 2142 3118 2197 divino
3138 2140 3255 2195 zelo
3272 2137 3535 2195 commoti

1938 2248 2299 2302 quoscunque
2329 2232 2565 2288 diversis
2597 2232 2735 2287 locis
2790 2233 2847 2287 in
2883 2232 3132 2286 Romana
3171 2229 3383 2285 ditione
3418 2226 3534 2281 Ma-

1937 2324 2179 2378 nielneos
2230 2340 2328 2394 per
2374 2333 2620 2393 tempora
2674 2322 3184 2390 deprehenderunt,
3247 2317 3534 2388 suppliciis

1934 2414 2261 2480 alliciebant,
2300 2415 2460 2484 juxta
2522 2413 2747 2468 Domini
2806 2414 2861 2467 in
2909 2410 3219 2482 Evangeliis
3265 2409 3532 2464 eﬂatum:

1934 2503 2036 2569 Qui
2061 2505 2245 2557 nolunt
2285 2521 2366 2558 me
2401 2519 2622 2574 regnare
2650 2519 2813 2571 supra
2836 2518 2913 2569 se,
2940 2507 3042 2554 huc
3061 2500 3316 2553 adductos
3353 2513 3535 2550 coram

1931 2614 2013 2651 me
2046 2596 2322 2665 interﬁcite
2364 2596 2431 2651 ³³.

226 2685 465 2756 ρημένον
523 2689 581 2739 ἐν
650 2688 1003 2756 Εύαγγελίοις
1035 2706 1049 2722 ο
1103 2691 1248 2757 Τοὺς
1282 2691 1369 2762 μὴ
1428 2692 1719 2758 θέλοντάς
1784 2710 1865 2763 με
1894 2691 2269 2758 βασιλεῦσαι
2347 2691 2440 2744 ἐπ’
2522 2690 2784 2758 αὐτοὺς,
2858 2688 3140 2760 ἐνέγκατε
3192 2681 3537 2757 ἔμπροσθέν

216 2798 339 2850 μου
373 2779 417 2845 ί,
445 2780 545 2835 καί
567 2781 995 2852 κατασφάξατε
1018 2788 1261 2853 αὐτούς.
1339 2798 1355 2849 ι

294 2896 425 2949 ΚΒ¹.
479 2897 672 2950 Πολλοὶ
738 2899 839 2968 μὲν
891 2895 986 2954 οὖν
1044 2902 1145 2970 τῆς
1202 2901 1298 2955 τοῦ
1322 2902 1459 2956 Θεοῦ
1490 2902 1822 2973 Ἐκκλησίας

219 2990 368 3041 κατὰ
396 2990 624 3060 καιροὺς
668 2991 919 3060 ὑπῆρξαν
952 2994 1001 3045 οἱ
1041 2995 1314 3064 πολέμιοι,
1368 2996 1820 3066 μυριοπλασίονες

2006 2900 2176 2957 XXII.
2212 2900 2360 2956 Multi
2387 2917 2520 2957 sane
2556 2901 2815 2956 exstitere
2842 2915 2938 2969 per
2959 2907 3203 2967 tempora
3224 2896 3411 2951 hostes
3433 2894 3533 2950 Ec-

1928 2995 2108 3051 clesiae.
2140 2995 2254 3060 Dei,
2277 3011 2397 3064 quae
2411 2993 2672 3064 plurimas
2703 2993 2771 3047 de
2807 2991 2891 3045 his
2924 2990 3180 3044 victorias
3211 2988 3414 3057 ubique
3438 3002 3532 3040 re.

218 3080 277 3133 δὲ
332 3079 538 3152 ταύτης
562 3083 618 3135 αἱ
647 3083 797 3136 νῖκαι
830 3088 896 3154 τῇ
930 3085 1098 3138 αὐτοῦ
1154 3088 1338 3159 χάριτι
1396 3086 1543 3159 [οοιΙ.
1580 3089 1616 3141 1⁸.
1648 3088 1718 3143 96
1748 3086 1825 3159 b.]

1934 3089 2073 3143 tulit.
2098 3089 2229 3143 Nam
2260 3088 2385 3142 boni
2420 3103 2548 3141 osor
2581 3086 2820 3153 malique
2851 3086 3103 3139 inventor
3130 3082 3399 3146 diabolus,
3427 3095 3529 3135 ceu

142 3200 161 3221 ο
219 3173 456 3226 πάντοτε
492 3175 872 3244 προσγίνονται
906 3194 921 3208 ·
974 3178 1002 3229 ὁ
1059 3177 1169 3249 γὰρ
1221 3178 1516 3248 μισόκαλος
1578 3180 1673 3233 καὶ
1717 3180 1825 3233 τῶν

220 3265 411 3319 κακῶν
443 3268 741 3338 ἐφευρετὴς
765 3270 1011 3331 διάϐολος
1038 3310 1053 3334 ,
1094 3270 1168 3333 ὡς
1199 3267 1397 3343 οἷάπερ
1437 3273 1717 3336 πάνδεινός
1742 3290 1827 3337 τις

218 3359 418 3429 ἐχθρὸς
464 3362 559 3413 καὶ
603 3362 934 3433 ἀνήμεροςε
996 3363 1095 3433 τὴν
1144 3366 1341 3419 ἐαυτοῦ
1402 3366 1685 3437 φαρέτραν
1744 3367 1825 3429 εἰς

223 3449 409 3520 μάτην
445 3449 691 3513 κενώσας
721 3453 782 3505 ἐν
817 3456 935 3516 ταῖς
987 3455 1225 3525 πρόσθεν
1261 3455 1531 3526 αἱρέσεσι,
1596 3455 1657 3508 τὸ
1703 3471 1826 3508 και-

218 3545 486 3615 ριώτερσν
524 3545 690 3598 αὑτοῦ
726 3547 879 3616 βέλος
912 3549 970 3601 ἐν
1003 3551 1117 3611 τοῖς
1140 3549 1389 3621 ὑστέροις
1439 3550 1649 3619 καιροῖς
1709 3550 1825 3611 τοῖς

220 3635 541 3706 ἀνθρώποις
580 3638 883 3706 ἐπαφίησιν
920 3658 934 3671 ο
966 3640 1154 3711 ἐπειδὴ
1187 3642 1281 3694 καὶ
1317 3642 1499 3692 πᾶσαν
1523 3639 1687 3692 αὐτοῦ
1723 3638 1824 3708 τὴν

214 3728 420 3780 κακίαν
449 3728 582 3797 πρὸς
606 3729 674 3780 τὰ
704 3729 815 3781 τῶν
867 3729 1083 3783 αἰώνων
1139 3731 1269 3801 τέλη
1326 3731 1426 3784 οὐκ
1484 3732 1824 3801 ἐπικεκρυμ-

217 3816 418 3885 μένως,
454 3816 591 3869 ἀλλὰ
614 3818 865 3889 φανερῶς
896 3820 1092 3890 δρᾶσαι
1121 3821 1611 3893 συγχωρηθήσεται
1669 3818 1824 3890 παρὰ

213 3908 311 3960 τοῦ
334 3908 446 3961 τῶν
480 3909 619 3963 ὅλων
648 3910 806 3976 Θεοῦ,
837 3914 980 3965 κατὰ
1008 3916 1079 3967 τὰ
1119 3908 1455 3967 θεόπνεύστα
1518 3915 1614 3967 καὶ
1660 3911 1822 3983 ἱερώ-

212 4018 355 4053 τατα
396 4001 588 4069 Λόγια.
625 4003 849 4072 Ποιήσει
892 4004 1022 4075 γὰρ,
1049 4006 1235 4076 φησιν,
1272 4008 1300 4059 ὁ
1332 4006 1438 4058 ὑπὸ
1488 4005 1584 4057 τοῦ
1645 4022 1817 4073 πονη-

212 4090 311 4161 ροῦ
337 4093 421 4143 ὲνε
431 4092 560 4161 ργού
570 4110 727 4164 μενος
745 4094 1113 4165 Ἃντίχριστος
1133 4100 1358 4166 σημεῖα,
1380 4098 1459 4162 ὡς
1481 4096 1818 4164 πλανῆσαι,

209 4185 263 4236 ει
295 4182 588 4251 δυνατὸν,
643 4188 740 4242 καὶ
787 4188 931 4254 τοὺς
970 4188 1315 4255 ἐκλεκτούς.
1384 4189 1477 4241 Διὸ
1528 4191 1584 4242 ἐν
1618 4188 1822 4252 πάσαις

210 4278 335 4338 ταῖς
366 4276 614 4345 αίρέσεσι
665 4279 1072 4350 φρυαξάμενος,
1110 4282 1168 4334 ἐν
1224 4284 1289 4351 τῇ
1322 4281 1559 4353 ἶμυσαρᾷ
1610 4280 1822 4350 αερέσει

210 4366 323 4419 τῶν
371 4369 695 4439 Μανιχαίων
765 4372 877 4425 τῶν
929 4374 1023 4425 καὶ
1066 4373 1449 4426 Παυλικιάνιιιν
1510 4371 1821 4442 λεγομένων

212 4458 687 4531 μεγαλαυχήσας,
778 4463 919 4516 ὥστε
995 4466 1089 4517 καὶ
1160 4466 1287 4528 τοὺς
1348 4465 1820 4536 τιτρωσκομένους

210 4554 567 4622 παραπείσας
606 4556 681 4625 μὴ
717 4556 1066 4629 ἐξαγορεύειν
1102 4558 1171 4612 τὰ
1210 4559 1524 4630 τραύματα,
1559 4559 1695 4611 ἀλλὰ
1722 4559 1812 4611 πί-

210 4662 325 4698 νειν
348 4644 420 4698 τὰ
451 4646 760 4720 δηλητήρια
793 4650 1049 4722 καθάπερ
1073 4647 1215 4705 οἶνον
1268 4652 1603 4722 εύφρόσυνον
1641 4669 1654 4684 ·
1717 4649 1813 4703 νῦν

208 4738 285 4802 ὡς
316 4738 529 4809 γελοῖον
561 4744 674 4803 τοῖς
715 4743 849 4796 πᾶσι
882 4745 1168 4815 πρόκειται
1204 4746 1301 4798 σὺν
1338 4746 1449 4807 τοῖς
1471 4742 1816 4814 πειθομένοις

209 4834 360 4903 αύτῴ
422 4834 677 4905 καθάπερ
740 4838 932 4906 νήπιον
992 4838 1398 4907 ἐμπαιζόμενος
1434 4854 1447 4869 ·
1488 4836 1590 4906 τῆς
1618 4836 1815 4899 κακίας

211 4925 372 4979 αὐτοῦ
430 4926 893 4998 θριαμϐευθείσης
944 4930 1000 4981 ἐν
1057 4932 1179 4992 ταῖς
1242 4929 1476 4999 ἡμέταις
1541 4927 1819 4981 Βασιλείου

285 5104 329 5136 ³³
352 5103 493 5159 Luc.
526 5120 639 5170 xix,
676 5104 765 5158 27.
845 5104 889 5136 ³⁵
911 5105 1105 5161 Matth.
1137 5121 1285 5173 xxnv,
1312 5106 1403 5159 24.

1929 3182 2147 3252 quidam
2181 3180 2491 3236 horrendus
2531 3194 2819 3247 szevusque
2847 3177 3039 3242 hostis,
3077 3184 3360 3246 postquam
3390 3173 3528 3244 pha-

1929 3285 2131 3329 retram
2182 3290 2337 3329 suam
2388 3273 2443 3327 in
2507 3272 2890 3341 superioribus
2951 3268 3253 3323 hazresibus
3320 3266 3525 3320 frustra

1928 3365 2282 3427 exhauserat,
2320 3362 2692 3417 exitiosiorem
2724 3360 2973 3431 sagittam
3015 3374 3170 3412 suam
3204 3357 3289 3411 bis
3314 3364 3525 3427 postre-

1926 3458 2033 3511 mis
2066 3456 2408 3526 temporibus
2437 3454 2711 3524 jaculatus
2741 3460 2845 3507 est.
2874 3452 3155 3521 Siquidem
3178 3462 3346 3506 tOlam
3367 3464 3523 3504 suam

1927 3549 2190 3603 malitiam
2228 3549 2376 3601 circa
2407 3546 2731 3600 swculorum
2776 3545 2937 3598 tinem
2969 3543 3115 3597 haud
3160 3542 3374 3597 occulte
3424 3540 3521 3595 sed

1926 3641 2143 3710 publice
2191 3641 2298 3709 27
2359 3652 2618 3693 exercere
2672 3638 2885 3693 sinetur
2923 3637 2992 3691 ab
3057 3636 3351 3691 universali
3386 3636 3519 3698 Deo,

1927 3744 2090 3806 prout
2114 3735 2393 3803 inspirata:
2430 3733 2588 3786 aiunt
2618 3732 3003 3786 sacratissimze
3050 3729 3294 3784 Litteras.
3334 3726 3524 3781 Faciet

1925 3827 2096 3887 enim,
2127 3826 2403 3896 inquiunt,
2431 3841 2459 3877 a
2507 3824 2727 3879 diabolo
2774 3823 3073 3877 instinctus
3129 3821 3513 3875 Antichristus

1925 3920 2075 3989 signa
2101 3919 2291 3981 multa,
2324 3919 2403 3971 ita
2429 3926 2485 3969 ut
2515 3916 2876 3987 decipiantur,
2910 3913 2957 3967 si
2998 3914 3324 3983 ﬁeripotest,
3357 3912 3521 3964 etiam

1925 4006 2075 4059 electi
2096 4005 2162 4057 ³⁸.
2196 4006 2377 4070 Quare
2417 4019 2541 4058 cum
2578 4003 2634 4056 in
2684 4003 2945 4057 omnibus
2997 4016 3057 4055 se
3097 4000 3400 4055 haeresibus
3430 3999 3521 4053 in-

1923 4100 2167 4154 solenter
2202 4098 2483 4169 gessisset,
2517 4098 2571 4150 in
2630 4096 2734 4150 hac
2775 4095 2998 4165 quidem
3049 4093 3285 4148 nefanda
3344 4092 3522 4147 Mani-

1923 4194 2225 4256 chaeorum,
2252 4190 2419 4260 quiet
2448 4187 2749 4243 Pauliciani
2775 4187 3055 4252 dicuntur,
3085 4186 3324 4240 exsultat
3354 4186 3514 4251 adeo,

1925 4284 2177 4338 utetiam
2243 4280 2548 4335 vulneratis
2594 4281 2853 4346 suaserit,
2912 4278 3209 4349 quominus
3278 4279 3515 4333 vulnera

1924 4376 2079 4430 fateri
2118 4375 2307 4433 velint.
2345 4376 2438 4429 sed
2472 4373 2691 4429 exitiale
2720 4372 2899 4443 potius
2930 4387 3203 4427 venenum
3252 4379 3513 4441 tanquam

1855 4438 1895 4490 θ
1928 4469 2113 4523 vinum
2139 4466 2447 4521 exhilarans
2476 4465 2810 4520 combibant.
2847 4467 3101 4519 Attamen
3163 4463 3330 4519 draco
3370 4478 3518 4518 nunc

1922 4562 2167 4616 omnium
2203 4560 2333 4615 risui
2373 4568 2585 4630 prostat
2608 4575 2732 4613 cum
2781 4558 2895 4613 suis
2934 4557 3178 4622 asseclis,
3230 4572 3332 4611 ceu
3378 4571 3517 4626 puer

1923 4653 2013 4708 cui
2058 4652 2323 4717 illuditur,
2374 4661 2661 4721 postquam
2710 4651 2830 4719 ejus
2876 4650 3198 4720 improbitas
3244 4649 3514 4703 debellata

1926 4745 2047 4808 fuit,
2078 4742 2415 4813 temporibus
2470 4742 2649 4795 Basilii
2688 4750 2743 4795 et
2791 4740 3138 4797 Constantini
3189 4755 3253 4793 ac
3313 4737 3513 4791 Leonis

1927 4835 2143 4906 piorum
2200 4833 2634 4889 orthodoxorum
2689 4848 3123 4904 magnorumque
3171 4845 3360 4901 regum
3408 4845 3511 4883 no-

1930 4936 2185 4982 strorum.
2222 4925 2356 4980 Nam
2393 4942 2515 4995 qua:
2551 4925 2678 4980 olim
2714 4927 2955 4981 latebant
2992 4924 3226 4996 pessima
3273 4938 3512 4990 venena,

1513 5247 1751 5303 VARle
1806 5248 2106 5305 LECTION
2117 5247 2225 5304 ΕΒ.

281 5397 301 5422 ε
349 5383 746 5456 Ιὶ.Φαναρίας.
823 5385 850 5425 ἀ
886 5386 953 5441 R.
992 5368 1287 5458 Καιλνίκηξ
1365 5398 1387 5425 θ
1426 5385 1658 5456 ῐί.ὅφις.
1744 5385 1838 5441 ‘R.
1882 5404 1993 5458 μοι.
2075 5389 2101 5428 8
2137 5386 2217 5442 R.
2264 5387 2559 5459 ἁνήμενος.

1757 5526 1995 5585 noras.
2450 5482 2453 5485 λ

277 5673 392 5742 (28)
436 5672 744 5727 Praesertim
796 5673 952 5742 jussu
994 5674 1299 5729 Theodone
1328 5674 1604 5744 Augusta},
1662 5691 1781 5744 qua?

211 5744 507 5817 imperium
560 5760 667 5816 pro.
711 5744 822 5815 [ilio
857 5746 1206 5815 adolescente
1249 5744 1511 5807 Michacle
1549 5745 1622 5812 Ill
1667 5746 1780 5819 (cui

1893 5674 2128 5810 Balsglu?
2157 5675 2445 5804 ευοοὲᾕίι)
2472 5672 2899 5761 administravit.
2942 5671 3163 5748 Legesis
3186 5669 3496 5729 Cedrenum

1893 5762 1974 5805 ο.
2044 5762 2259 5810 aris.p.
2320 5787 2327 5791 .
2391 5783 2404 5800 .
2734 5776 2737 5777 ν
2984 5764 2999 5773 ηε
3086 5760 3095 5763 '

1887 5760 1974 5810 cu.
2001 5760 2173 5806 l’arts.
2202 5763 2259 5818 p.
2284 5760 2404 5804 an.
2734 5776 2737 5777 ,
2984 5764 2999 5773 η,
3086 5760 3095 5763 -
