3928 6246
366 272 374 278 ’
468 314 609 380 1275

1826 315 2056 377 PETRI
2102 313 2356 377 SICULI

3591 307 3712 374 1276

458 441 516 486 ct
543 428 758 486 cunctis
785 444 953 502 prope
985 427 1304 484 hominibus
1335 427 1518 501 ignota
1550 435 1730 494 erant,
1775 425 2044 482 nefando-

2162 425 2245 479 ιαὶ
2302 421 2718 480 Κωνσταντίνου
2773 421 2866 477 καὶ¹
2925 421 3154 484 Λέοντος
3208 419 3346 492 (‘29),
3373 420 3478 474 τῶν
3504 421 3722 476 εὐσεϐῶν

458 537 583 577 tum
605 521 813 576 scilicet
834 521 1084 592 dogmata
1109 518 1566 583 Paulicianorum,
1585 533 1647 572 ea
1663 533 1811 571 nunc
1833 517 2050 588 publice

457 619 692 682 patent;
715 610 967 681 precibus
998 611 1280 676 nimirum,
1320 609 1466 664 curis
1493 608 1800 673 indefessis,
1833 609 2051 677 Deoque

459 705 699 774 acceptis
722 703 940 775 vigiliis,
965 703 1308 774 sapientique
1336 702 1600 774 regimine
1621 701 1970 771 pacificoruln
1997 709 2050 756 et

465 795 901 870 orthodoxorum
961 810 1394 867 magnorumque
1469 809 1658 864 regum
1709 800 2047 848 nostrorum.

466 885 600 942 Nam
660 904 784 943 cum
844 889 1158 959 superiores
1225 903 1418 941 omnes
1476 886 1754 957 principes
1808 886 2054 941 latuisset

459 980 674 1035 occulta
702 981 927 1035 nefariae
952 981 1113 1050 hujus
1145 981 1419 1036 haereseos
1454 979 1622 1046 fraus,
1639 980 1841 1050 justam
1871 989 2052 1033 tamen

458 1073 893 1128 dominationem
953 1083 1309 1140 sanctorum,
1371 1087 1808 1143 magnorumque
1861 1071 2051 1125 mundi

462 1165 894 1232 moderatorum,
959 1167 1270 1236 principum
1327 1175 1664 1231 nostrorum,
1712 1164 1887 1218 latere
1938 1179 2051 1218 non

458 1259 658 1330 potuit.
691 1259 989 1330 Oportebat
1021 1260 1168 1313 enim
1206 1260 1320 1313 haac
1350 1259 1572 1314 demum
1633 1265 1880 1312 tortuosa
1911 1255 2053 1310 mala

459 1337 887 1422 in'trinmphum
919 1353 1138 1422 publice
1172 1350 1297 1406 duci
1328 1369 1340 1404 :
1386 1359 1442 1404 et
1471 1349 1693 1419 quidem
1735 1348 1840 1403 hoc
1892 1349 2054 1418 plano

460 1440 737 1511 regalique
794 1456 1057 1510 processu
1102 1448 1362 1509 rectaque
1401 1438 1490 1494 via
1552 1435 1817 1508 principis
1859 1449 2054 1489 revera

458 1531 674 1602 optimi,
697 1545 912 1587 summo
941 1549 1128 1588 amore
1165 1532 1373 1595 dilecti,
1403 1530 1663 1599 omnique
1687 1544 1805 1585 mvo
1831 1539 2056 1598 pmpler

461 1640 560 1678 sua
596 1624 791 1679 eximia
824 1626 1071 1681 facinora
1108 1623 1469 1689 memorandi,
1502 1639 1626 1678 cum
1663 1638 1693 1676 a
1735 1621 1850 1675 Deo
1894 1636 2054 1675 coro-

458 1714 601 1770 natis
650 1715 776 1770 ﬁliis
803 1716 940 1782 suis,
975 1717 1187 1788 magnis
1237 1716 1440 1770 nostris
1493 1715 1736 1786 regibus,
1777 1712 2056 1768 Conslan-

2154 516 2250 571 καὶ
2277 516 2576 588 ὀρθοδὸξων
2629 514 2932 586 μεγάλωνδ
2982 513 3246 585 βασιλέων
3290 513 3464 585 ἡμῶν.
3531 514 3608 568 Τὰ
3627 516 3722 588 γὰρ

2154 609 2322 665 πάλαι
2345 607 2706 680 κεκρυμμένα
2737 607 2975 662 κάκιστα
3017 607 3035 646 ί
3075 605 3375 677 δηλητήρια
3419 606 3513 660 καὶ
3558 608 3724 678 σχεδὸν

2156 705 2367 766 πάντας
2401 701 2724 774 ἀνθρώπους
2748 699 3171 755 διαλανθάνοντα
3215 702 3344 771 περὶ
3399 700 3505 754 τῶν
3565 718 3724 772 μυσα-

2161 797 2268 868 ρῶν
2294 795 2699 858 Παυλικιάνων,
2733 793 2828 848 νῦν
2851 792 3104 866 φανερῶς
3128 791 3568 865 θριαμϐεύονται,
3593 792 3725 865 [cod.

2160 892 2201 948 f.
2233 890 2353 964 97.]
2393 894 2513 956 ταῖς
2569 892 2872 960 ἀγρύπνοις
2913 892 3245 962 προσευχαῖς
3292 890 3387 942 καὶ⁸
3431 889 3729 960 ἀκοιμήτοις

2161 983 2455 1054 μερίμναις
2479 982 2576 1036 καὶ
2615 983 2918 1045 θεοδέκτοις
2961 982 3327 1052 ἐγρηγόρσεσι
3375 981 3468 1034 καὶ
3520 983 3582 1051 τῇ
3622 984 3727 1034 ἑπι-

2159 1077 2465 1146 στημονικῇ
2508 1075 2801 1143 ποιμάνσει
2849 1073 2960 1128 τῶν
2991 1075 3354 1145 εἰρηνοποιῶν
3403 1074 3497 1127 καὶ
3533 1073 3729 1144 690066-

2158 1167 2264 1234 ξων
2314 1169 2567 1238 μεγάλων
2623 1166 2888 1238 βασιλέων
2951 1166 3128 1238 ἡμῶν.
3197 1166 3411 1230 Πάντας
3474 1165 3578 1237 γὰρ
3621 1167 3731 1230 τοὺς

2159 1259 2729 1330 προϐεϐασιλευκότας
2755 1259 3025 1314 διαλαθὼν
3060 1262 3088 1313 ὁ
3121 1258 3572 1330 ἐγκεκρυμμένος
3594 1257 3726 1319 δόλος

2156 1351 2257 1420 τῆς
2291 1337 2542 1422 μυσαρᾶς
2562 1344 2769 1423 ταύτης
2804 1352 3094 1424 αἱρέσεως,
3117 1351 3219 1423 τὴν
3243 1351 3461 1406 δικαίαν
3480 1352 3730 1422 βασιλείαν

2157 1442 2266 1495 τῶν
2307 1443 2773 1514 κοσμοσυστάτων
2822 1442 2914 1496 καὶ
2961 1443 3130 1511 ἁγίων
3170 1441 3425 1513 μεγάλων
3494 1441 3732 1512 βασιλέων

2161 1535 2320 1606 ἡμῶν
2353 1535 2414 1588 ού
2447 1535 2714 1589 διέλαθεν.
2740 1535 2893 1589 Ἔδει
2927 1535 3028 1606 μὲν
3079 1535 3189 1607 γὰρ
3238 1534 3414 1589 ταῦτα
3449 1535 3517 1590 τὲ
3569 1533 3734 1588 σκολιὰ

2159 1627 2644 1698 θριαμϐευθῆναι,τ
2683 1627 2842 1680 Ἀλλά
2876 1630 2974 1698 τῆς
2999 1628 3149 1692 λείας
3184 1630 3278 1681 καὶ
3319 1627 3732 1699 βασιλικωτάτης

2163 1718 2376 1788 βάσεως
2429 1719 2523 1772 καὶ
2576 1719 2795 1784 εὐθείας
2837 1718 2958 1772 ὁδοῦ
3007 1719 3402 1790 βασιλευούσης
3441 1722 3539 1800 τῇς
3587 1719 3732 1780 ὅντως

462 1809 577 1863 tino
614 1818 670 1864 et
698 1809 882 1866 Leone
905 1811 1184 1881 perpetuis
1214 1809 1494 1882 Augustis.
1522 1807 1747 1862 Scilicet
1781 1807 1900 1861 haec
1942 1807 2054 1876 28

2162 1811 2364 1880 ἀγαθῆς
2401 1811 2496 1864 καὶ
2518 1811 2821 1881 ὲπεράστου
2863 1812 2956 1864 καὶ
2989 1813 3069 1874 εἰς
3116 1810 3289 1864 αίῶνα
3348 1811 3734 1882 μνημονευομέ-

460 1915 583 1969 qua:
613 1909 856 1956 sanctam
881 1911 936 1956 et
966 1903 1181 1956 beatam
1207 1902 1442 1970 vitzeque
1493 1900 1773 1970 auspicem
1811 1900 2055 1954 divinam

462 1991 790 2048 Trinitatem
818 2009 1049 2048 numero
1084 2003 1357 2064 exaaquat,
1383 2003 1700 2048 sanctorum
1745 1993 2056 2063 principum

468 2094 787 2140 nostrorum
814 2087 1051 2149 trinitas,
1095 2103 1234 2156 puro
1275 2087 1485 2140 lumine
1533 2087 1823 2148 illustrata,
1857 2085 2058 2139 divina:

461 2177 674 2233 notitiae
705 2179 917 2233 radium
937 2194 1038 2248 per
1061 2189 1330 2234 terrarum
1361 2180 1550 2233 orbem
1580 2178 1858 2240 diffundit,
1897 2177 2060 2247 eique

463 2270 800 2326 multimodis
846 2273 1105 2342 prodesse
1137 2287 1246 2325 non
1281 2271 1500 2326 desinit.
1540 2269 1702 2324 Certe
1752 2268 2053 2324 beneﬁcio-

465 2378 587 2417 rum
631 2363 750 2433 ejus
783 2364 1210 2434 magnitudinem
1269 2372 1460 2434 gentes
1499 2362 1661 2417 etiam
1696 2362 1878 2432 lingua
1931 2363 2057 2415 har-

464 2455 634 2519 barm,
687 2457 1044 2526 moribusque
1075 2457 1278 2519 efferat,
1313 2455 1588 2510 sentiunt.
1631 2454 1738 2510 Sed
1793 2455 1911 2509 haec
1955 2453 2056 2508 ha-

461 2555 676 2604 etenus.

2153 1922 2271 1974 νης,
2297 1903 2385 1956 διὰ
2407 1904 2586 1956 πάντα
2600 1903 2666 1957 τά
2690 1904 2846 1973 τίμια
2865 1906 3034 1974 αὐτῆς
3064 1905 3486 1975 κατορθώματα·
3513 1904 3623 1975 ἅμα
3641 1903 3732 1956 τῶν

2155 1996 2466 2050 θεοσέπτων
2502 1997 2635 2050 υἱῶν
2662 1997 2856 2068 αὐτῆς,
2881 1997 2975 2050 καὶ
3003 1998 3257 2066 μεγάλων
3283 1996 3548 2067 βασιλέων
3571 1999 3600 2066 ἡ
3611 1996 3728 2066 μῶν,

2156 2089 2574 2144 Κωνσταντίνου
2607 2090 2702 2144 καὶ
2734 2092 2983 2155 Λέοντος,
3015 2089 3123 2142 τῶν
3154 2088 3394 2158 αἰωνίων
3419 2087 3730 2157 αὖγούστων.

2158 2184 2269 2253 Τῆς
2297 2183 2406 2254 γάρ
2437 2181 2598 2251 ἁγίας
2628 2183 2724 2236 καὶ
2755 2182 3037 2253 μακαρίας
3063 2181 3383 2252 ζωαρχικῆς
3412 2180 3561 2244 θείας
3592 2181 3734 2250 Τριά·

2163 2274 2314 2346 δοςή
2369 2276 2657 2349 ίσάριθμος
2711 2275 2852 2350 αὕτη
2904 2278 3016 2332 τῶν
3053 2275 3238 2345 ,ἁγίων
3285 2275 3549 2346 βασιλέων
3601 2273 3735 2344 ἡμῶν

2164 2369 2354 2438 Τριὰς,
2397 2370 2476 2441 τῷ
2529 2373 2794 2442 ἀκηράτῳ
2834 2373 2976 2443 φωτὶ
3029 2370 3492 2442 λαμπρυνομένη,
3541 2369 3734 2427 ἀκτῖνας

2162 2461 2496 2530 θεογνωσίας
2525 2467 2592 2536 τῇ
2619 2466 2917 2538 οἰκουμένῃ
2945 2466 3243 2536 ἐκπέμπει,
3277 2465 3374 2517 xui.
3419 2461 3614 2532 ταύτην
3656 2475 3735 2511 πο·

2163 2553 2387 2618 λυειδῶς
2436 2557 2803 2626 εὐεργετοῦσά
2860 2559 2921 2610 οὐ
2956 2556 3311 2626 διαλιμπάνει
3344 2573 3357 2587 ·
3399 2553 3623 2623 καὶγὰρ
3652 2549 3732 2603 τοῦ

464 2643 727 2711 μεγέθους
758 2642 865 2697 τῶν
895 2643 1226 2714 εὐεργεσιῶν
1258 2604 1448 2716 αὐτῆς.
1487 2642 1582 2697 καὶ
1613 2641 1682 2696 τὰ
1714 2640 2066 2710 ἀλλόγλωσσα
2104 2604 3248 2720 καιή-ὰῖιῆξιερξτέιῖιῆ
3264 2604 3608 2701 Vicae-ias};
3653 2642 3734 2715 μὲν

464 2737 558 2790 ἐπὶ
583 2737 859 2791 τοσοῦτον.

537 2829 736 2884 XXJII.
771 2833 916 2886 Sane
944 2831 1218 2902 quodnam
1257 2829 1508 2885 habuerit
1557 2829 1764 2884 nefaria
1805 2828 1921 2883 haec
1945 2826 2058 2883 hae—

467 2925 607 2979 resis
641 2925 878 2992 initium,
918 2925 1145 2994 copiose
1172 2924 1284 2994 jam
1317 2924 1578 2986 diximus,
1611 2923 1702 2977 ubi
1739 2923 1806 2976 de
1839 2921 2056 2976 Manete

467 3028 524 3070 ct
544 3016 684 3078 aliis,
711 3026 766 3070 et
796 3016 863 3071 de
897 3015 1066 3070 Paulo
1097 3014 1496 3080 Samosatensi,
1549 3013 1830 3069 Calliniea‘.
1858 3012 2056 3082 Alani-

2238 2825 2366 2878 Kl".
2394 2825 2518 2889 Πῶς
2546 2825 2600 2878 δὲ
2629 2825 2949 2900 ἄραήάρχὴ
2981 2831 3082 2898 τῆς
3123 2831 3378 2898 μυσαράς
3421 2829 3618 2902 ταύτης
3663 2833 3735 2884 αί·

2170 2920 2372 2990 ρέσεως
2415 2919 2660 2989 γέγονεν,
2706 2919 2806 2991 ἤδη
2857 2923 2915 2972 ἐν
2961 2923 3026 2991 τῇ
3079 2919 3168 2974 διὰ
3224 2920 3463 2986 πλάτους
3517 2923 3733 2994 διηγήσει

2165 3014 2296 3083 ἡμῖν
2318 3012 2564 3066 λέλεκται
2600 3014 2711 3082 (51)
2746 3015 2804 3067 ὲν
2837 3009 2918 3076 οἷς
2944 3013 3207 3083 ἐλέγομεν
3230 3013 3358 3084 περί
3387 3033 3445 3068 τε
3491 3017 3733 3079 Μάνεντος

466 3108 632 3162 clueat:
667 3107 800 3170 ﬁlio,
832 3109 1059 3178 ejusque
1107 3109 1272 3162 fratre
1315 3106 1528 3162 Joanne
1573 3106 1738 3161 verba
1797 3105 2052 3162 fecimus.

2166 3105 2260 3157 καὶ
2289 3103 2392 3174 τῆς
2420 3104 2624 3158 λοιπῶν
2657 3103 2755 3158 καὶ
2785 3103 3000 3158 Παύλου
3021 3104 3116 3158 τοῦ
3149 3103 3298 3176 [eod.
3343 3104 3382 3161 f.
3417 3107 3486 3161 97
3510 3105 3585 3179 h.]
3638 3107 3725 3159 Σα-

464 3198 668 3254 Verum
701 3208 756 3254 ct
802 3201 880 3265 hi,
925 3201 992 3254 de
1036 3201 1240 3270 quibus
1295 3215 1423 3254 mox
1480 3199 1791 3269 loquemur,
1839 3198 2056 3254 etiamsi

468 3309 606 3348 vana
628 3293 834 3363 aliquot
853 3293 1128 3364 prioribus
1153 3294 1454 3349 hzercsibus
1483 3293 1742 3348 addidere
1769 3293 2054 3358 vocabula,

465 3387 608 3440 sicut
647 3387 702 3440 in
752 3403 843 3442 sex
901 3387 1255 3442 sermonibus
1310 3403 1338 3441 a
1393 3387 1556 3441 nobis
1616 3387 2056 3441 demonstratum

464 3488 569 3543 est,
588 3479 946 3536 nihilominus
959 3482 1179 3552 genuini
1199 3483 1546 3552 superiorum
1567 3481 2056 3536 liazresiarcharum

463 3575 670 3628 alumni
706 3574 949 3635 fuerunt,
977 3584 1142 3644 prout
1191 3575 1510 3646 singillatim
1543 3575 1720 3644 palam
1764 3575 2052 3628 faciemus.

465 3664 698 3730 Quinam
737 3680 899 3734 porro
935 3665 987 3718 hi
1027 3665 1144 3720 sint
1193 3683 1369 3735 nuper
1395 3666 1596 3728 exorti,
1641 3666 1840 3734 quibus
1880 3664 2061 3719 Pauli-

466 3759 608 3811 ciani
639 3758 972 3824 innituntur,
1010 3775 1256 3828 quosque
1283 3760 1382 3830 ipsi
1411 3760 1513 3813 sibi
1543 3759 1836 3830 magistros
1870 3760 2058 3814 inscri-

467 3837 624 3912 hunt,
682 3851 845 3904 modo
901 3851 1196 3906 dicendum
1259 3860 1364 3906 est.
1407 3850 1771 3905 Constantino
1823 3849 2056 3906 lleraclii

467 3956 505 3996 n
529 3950 667 4012 -pote
686 3942 972 4013 imperium
999 3952 1238 4005 tenente,
1270 3943 1475 3998 exstitit
1501 3943 1793 3998 Armenius
1810 3943 2054 4012 quidam,

465 4034 690 4086 nomine
727 4031 1146 4099 Constantinus,
1221 4034 1274 4088 in
1343 4033 1747 4090 Samosatensis
1820 4036 2060 4107 regionis

468 4141 611 4195 pago
638 4123 934 4187 Mananaii,
967 4128 1058 4197 qui
1091 4143 1261 4198 pagus
1297 4143 1444 4182 nunc
1473 4143 1691 4197 quoque
1729 4125 2059 4184 Manichazos

466 4215 582 4270 alit.
644 4216 744 4273 Hic
793 4218 1084 4275 diaconum
1121 4219 1412 4290 quemdam
1472 4221 1771 4291 captivum,
1837 4222 1904 4276 ad
1952 4238 2059 4292 pa-

447 4308 632 4362 triam
689 4323 841 4364 suam
895 4312 963 4366 de
1010 4312 1160 4380 Syria
1233 4322 1602 4368 revertentem
1665 4314 1745 4385 (ut
1803 4324 2061 4371 accurate

473 4398 813 4471 rescivimus)
875 4413 930 4456 et
1008 4404 1062 4457 in
1108 4420 1304 4475 pagum
1367 4405 1692 4460 Mananalim
1763 4406 2004 4460 delatum
2043 4447 2056 4471 ,

2166 3196 2460 3266 μωσατέω;
2513 3196 2609 3250 τοῦ
2662 3196 2780 3249 υίοῦ
2848 3197 3178 3268 Καλλίνίκης
3243 3198 3346 3269 τῆς
3414 3199 3729 3269 Μανιχειίας,

2163 3289 2392 3359 ἁδελφοῦ
2423 3288 2478 3342 δὲ
2523 3289 2802 3343 Ἰωάννου·
2830 3289 2946 3343 ἀλλ’
2977 3291 3123 3360 ὅμως
3159 3290 3255 3343 καὶ
3307 3284 3456 3345 οὗτοι
3497 3291 3617 3363 περὶ
3671 3285 3732 3344 ὦ)

2161 3380 2536 3451 διηγησόμεθα
2557 3382 2605 3434 εἱ
2641 3381 2978 3450 κενοφωνίας
3009 3379 3164 3444 τινάς
3194 3383 3313 3444 ταῖς
3354 3381 3595 3453 πρώταις
3633 3381 3732 3432 ἐπι-

2165 3472 2414 3540 συνῆψαν
2445 3472 2714 3543 αἱρέσεσι,
2738 3471 2922 3536 καθὼς
2959 3473 3016 3524 ὲν
3038 3474 3150 3536 τοῖς
3182 3471 3242 3537 ἓξ
3269 3473 3449 3542 λόγοις
3481 3475 3608 3544 ἡμῖν
3659 3471 3730 3524 δε·-

2162 3564 2419 3635 δήλωται,
2434 3563 2568 3617 ἀλλὰ
2595 3565 2836 3635 μαθηταὶ
2860 3563 2968 3617 τῶν
2987 3565 3466 3636 προηγησαμὲνων
3478 3568 3729 3636 αἰρεσιαρ-

2163 3657 2273 3728 χῶν
2331 3658 2578 3728 ὑπῆρξαν
2613 3659 2845 3726 γνήσιοι,
2907 3655 3207 3728 καθώσπερ
3259 3657 3610 3729 λεπτομερῶς
3655 3657 3730 3725 δη-

2161 3750 2466 3823 λωθήσεται
2499 3767 2514 3781 ο
2539 3750 2682 3812 τίνες
2709 3750 2764 3802 δὲ
2799 3745 2948 3804 οὗτοι
2972 3751 3021 3803 οἱ
3058 3751 3254 3804 νεωστὶ
3281 3751 3642 3821 ἀναφανέντες
3665 3751 3730 3808 είς

2163 3841 2255 3905 οὓς
2286 3844 2336 3895 οί
2360 3843 2709 3897 Παυλικιάνοι
2739 3842 3131 3913 ἐπερείδονται,
3172 3845 3266 3896 καὶ
3297 3842 3394 3907 οὓς
3428 3843 3628 3897 ἑαυτῶν
3655 3841 3727 3894 δι-

2161 3935 2468 4000 δασκάλους
2498 3936 2922 4009 ἐπιγράφονται,
2956 3937 3058 4007 ἤδη
3079 3937 3300 3990 λεκτέον
3332 3951 3346 3966 '
3375 3939 3436 3990 ὲν
3474 3939 3587 3998 ταῖς
3613 3933 3729 4004 ἠμέ-

2165 4047 2288 4101 ραις
2316 4030 2731 4084 Κωνσταντίνου
2763 4029 2856 4083 τοῦ
2886 4028 3153 4099 βασιλέως
3170 4030 3265 4083 τοῦ
3289 4028 3513 4100 ἔγγονος
3539 4028 3553 4080 i
3590 4028 3730 4096 Ἦρα·

2163 4120 2343 4174 κλείου
2380 4121 2516 4192 (52).
2547 4122 2739 4191 γέγονέ
2780 4138 2864 4184 τις
2906 4119 3188 4190 ’Λρμένιος
3219 4121 3446 4192 ὀνόματι
3470 4123 3730 4176 Κώνσταν·

2162 4215 2308 4276 τίνος
2354 4217 2414 4266 ἐν
2455 4212 2534 4284 τῷ
2591 4213 2913 4284 Σαμωσάτῳ
2960 4215 3061 4284 τῆς
3109 4211 3426 4284 Ἀρμενίας,
3486 4215 3542 4267 ὲν
3590 4214 3728 4281 κώμῃ

2162 4307 2476 4362 Μανανάλει
2498 4307 2790 4381 λεγομένῃ,
2840 4308 2960 4378 ἥτις
2997 4305 3160 4376 κώμη
3202 4308 3298 4359 καὶ
3337 4308 3500 4379 μέχρι
3527 4306 3614 4360 τοῦ
3651 4303 3728 4356 νῦν

2163 4401 2500 4472 Μανιχαίους
2531 4401 2786 4471 ἐκτρέφει
2815 4401 2842 4441 ll
2887 4418 2902 4432 ι
2940 4396 3091 4464 οὗτος
3143 4401 3390 4455 διάκονόν
3428 4419 3548 4456 τινα
3587 4401 3728 4468 αἰχμ-

472 4485 745 4556 hospitem
807 4489 1002 4548 diebus
1060 4493 1264 4564 aliquot
1327 4495 1474 4550 domi
1540 4499 1680 4568 sum:
1723 4495 1937 4551 habuit.
2011 4497 2055 4552 Is

2170 4496 2378 4550 άλωτον
2409 4495 2548 4566 πρὸς
2584 4495 2686 4568 τὴν
2709 4494 2916 4549 οίκείαν
2939 4494 3176 4565 πατρίδα
3199 4498 3263 4549 ὲκ
3289 4495 3491 4568 Συρίας
3521 4495 3728 4560 ἐπανερ-

1758 4632 1996 4690 VARI/{‘3
2056 4635 2465 4692 LECTIONES.

546 4750 571 4790 δ
599 4748 759 4806 Deest
790 4751 930 4820 apud
962 4750 1029 4806 [ἰ.
1062 4753 1335 4822 μεγάλων.
1418 4757 1432 4796 ί
1468 4753 1535 4810 R.
1562 4755 1846 4811 κάλλιστα.
1928 4758 1940 4807 i
1986 4758 2058 4814 ha
2089 4760 2213 4814 cod.

544 4872 948 4947 @9)_Basilinm
978 4888 1152 4947 _anuo
1191 4874 1274 4947 sui
1322 4875 1534 4945 imperii
1585 4876 1764 4946 primo
1829 4877 2055 4947 (Christi

471 4943 596 5012 867)
641 4943 918 5013 Augustos
970 4945 1162 5000 fecisse
1209 4943 1412 4999 liberos
1453 4943 1598 5001 suos
1631 4943 2055 5003 Constantinum

473 5017 589 5086 (qui
629 5016 1072 5070 adolescentulus
1103 5016 1239 5069 obiit
1267 5032 1356 5069 an.
1384 5017 1533 5086 879.)
1575 5026 1629 5071 ct
1659 5018 1918 5083 Leonem,
1952 5037 2056 5073 no-

474 5087 744 5140 tissimum
775 5094 878 5140 est.
916 5088 1196 5141 (Zedrcnus
1245 5086 1333 5140 ed.
1390 5087 1560 5140 Paris.
1606 5104 1656 5156 p.
1689 5089 1813 5143 569.
1859 5101 1914 5145 et
1941 5091 2054 5146 alii.

471 5157 656 5230 itaque
686 5157 740 5211 hi
772 5157 882 5211 duo
905 5166 1169 5230 apparent
1215 5157 1268 5210 in
1308 5158 1543 5230 nummis
1573 5157 1884 5229 Byzantinis
1913 5163 2056 5230 apud

475 5228 829 5300 Bandurium.
863 5230 1005 5283 Idem
1033 5229 1317 5282 Cedrenus
1345 5228 1449 5281 loc.
1468 5229 1580 5300 _cit.
1610 5228 1810 5300 aliique
1831 5228 2055 5287 narrant

469 5313 500 5352 ιι
545 5299 741 5371 Basilio
769 5314 916 5353 anno
959 5300 1169 5368 imperii
1229 5301 1389 5353 tertio
1408 5298 1787 5371 Alexandrum
1833 5318 2052 5371 qunque

471 5368 634 5423 tertio
664 5369 783 5424 loco
829 5371 1068 5441 genitum
1111 5386 1350 5441 purpura
1397 5369 1566 5423 fuisse
1613 5368 1893 5426 donatum.
1925 5368 2044 5428 Jam

468 5455 766 5494 verO'cum
799 5438 984 5495 noster
1028 5438 1246 5494 Siculus
1279 5440 1365 5495 hic
1404 5451 1458 5494 et
1505 5441 1632 5494 alihi
1673 5443 1811 5496 duos
1843 5453 2053 5498 tantum

467 5506 888 5585 Constantinum
938 5521 994 5565 et
1035 5509 1276 5585 Leonem
1308 5511 1458 5585 dicat
1490 5527 1635 5585 _culn
1676 5523 1829 5581 patre
1862 5516 2052 5585 Augu-

467 5589 602 5642 stos,
637 5582 887 5653 sequitur
915 5590 975 5636 ut
1011 5584 1236 5653 omnino
1269 5583 1408 5636 hanc
1451 5582 1730 5637 historiam
1772 5582 2056 5653 scripserit

467 5666 612 5705 anno
673 5652 994 5720 imperantis
1033 5651 1211 5706 Basilii
1241 5654 1504 5716 secundo,
1558 5664 1685 5708 ante
1737 5651 2052 5718 Alexandri,

475 5721 543 5774 de
581 5736 689 5790 quo
737 5723 955 5794 reticet,
1006 5739 1327 5794 purpuram.
1387 5724 1574 5778 Primo
1633 5734 1819 5780 autem
1873 5725 2052 5781 Basilii

471 5805 623 5849 anno
655 5807 764 5849 non
793 5793 972 5866 potuit
1008 5793 1122 5850 rem
1163 5796 1428 5866 scribere,
1464 5812 1627 5868 quam
1670 5797 1788 5869 ipse
1835 5797 2054 5854 nonnisi

2331 4760 2357 4800 κ
2391 4758 2456 4814 R.
2492 4759 2763 4830 ἐντρέφει.

2165 4879 2410 4936 secundo
2443 4879 2576 4936 egit.

2253 4896 2410 4933 .unno
2517 4897 2576 4932 ι.

2231 4897 2341 5018 ἴδοι
2376 4896 2562 5005 Ιηῗιξίἱ
2600 4949 2957 5020 Bulgarorum
2993 4945 3293 5020 praesertim
3332 4941 3723 5000 conversionem

2169 5023 2273 5076 suh
2305 5021 2502 5075 Basilio
2535 5021 2668 5090 imp.

2237 5094 2347 5162 (5|)
2375 5082 2638 5161 Superius
2667 5107 2807 5166 cap._
2836 5092 2896 5145 ll
2936 5106 3086 5160 seqq.
3156 5085 3374 5166 Utinam
3406 5082 3722 5166 verobabg-

2164 5150 2349 5217 remus
2397 5150 2555 5217 ve'tus
2584 5150 2930 5231 opusculum,
2980 5150 3142 5231 quem
3200 5155 3625 5231 Montfauconius
3660 5150 3712 5205 Β.

2153 5231 2313 5295 Μελ,
2379 5241 2416 5287 t.
2469 5232 2487 5286 l
2542 5226 2696 5302 p.14
2728 5243 2782 5286 et
2839 5234 2906 5287 69
2953 5226 3217 5302 memorat
3259 5243 3322 5280 ex
3381 5226 3613 5302 catalago
3638 5239 3716 5276 vc-

2157 5305 2292 5377 teris
2321 5295 2676 5377 bibliothecae
2695 5305 2788 5372 qui
2816 5312 2919 5377 _cst_
2940 5303 2992 5377 in
3018 5299 3304 5377 _codicihus
3335 5298 3532 5377 regipae
3545 5295 3719 5377 Snueca;

2156 5375 2466 5438 Christinaz,
2494 5375 2622 5428 olim
2645 5365 2987 5429 Pe'tavianis!
3013 5372 3106 5428 Sic
3129 5384 3254 5438 ergo
3280 5365 3533 5438 loco'cit.:
3557 5365 3718 5438 Sancti

2157 5446 2328 5500 Saleii
2365 5435 2590 5516 episcopi
2629 5454 2676 5499 et
2715 5445 2968 5516 martyris
3013 5442 3144 5516 liber
3185 5435 3246 5494 de
3287 5456 3344 5492 eo
3390 5437 3524 5516 quod
3554 5435 3714 5516 Mune:

2157 5534 2256 5570 non
2289 5518 2356 5570 sit
2387 5509 2571 5570 unctor
2621 5517 2833 5570 hwrcsis
2861 5509 3332 5574 'Manichmorum,
3390 5509 3478 5563 sed
3523 5509 3715 5578 quidam

2155 5587 2472 5656 Scythianus
2508 5596 2739 5656 tempore
2766 5585 3147 5656 apostolorum.

2228 5649 2339 5727 (59.)
2357 5657 2488 5727 Fuit
2516 5649 3015 5727 hic'Constantinus
3038 5659 3394 5727 cogupmcntn
3416 5649 3711 5727 Ppgonatus.

2157 5716 2662 5855 patrcégsonstante,
2695 5744 2797 5783 avo
2848 5716 3130 5782 Heraclio:
3175 5725 3222 5780 ls
3271 5716 3552 5793 imperium
3593 5716 3710 5770 adiit

2157 5816 2250 5855 an.
2404 5839 2417 5852 .

2157 5816 2224 5855 an
2237 5840 2250 5853 .
2289 5800 2417 5856 668.
