3928 6246
227 274 361 342 ῙΞἿἸ

1383 277 1757 342 HISTORIA
1794 275 2407 342 MANICHXEORUM.

3378 271 3519 338 1278

210 395 459 465 χὸμενον,
493 391 573 458 ὥς
606 391 850 459 ἀκριϐῶς
871 393 1169 466 ἐμάθομεν,
1197 366 1413 468 καὶ-τὴν
1449 396 1645 470 κώμην
1673 398 1796 452 Μα-

1921 401 2082 449 ιυιειιι
2108 395 2357 463 captivus
2395 391 2639 468 duoslcx
2665 389 2816 464 Syria
2852 389 3018 446 libros
3047 387 3323 454 attulerat,
3346 401 3517 442 unum

211 486 437 540 νάναλιν
471 485 779 556 φθάσαντα,
811 485 1010 553 ξενίζει
1048 489 1142 542 ἐπὶ
1172 490 1388 562 ἡμέρας
1434 492 1587 556 τινας
1620 493 1681 546 ἑν
1735 492 1815 564 τῷ

211 579 349 650 οἴκῳ
397 579 591 634 αὑτοῦ.
628 581 690 634 ‘0
739 581 797 634 δὲ
848 581 1197 652 αἰχμάλωτος
1242 585 1308 636 ὲκ
1362 582 1564 654 Συρίας
1595 583 1816 654 βίϐλους

209 673 610 743 ἐπιφερόμενος
677 673 771 728 δύο
798 713 813 738 ,
875 675 1004 743 μίαν
1069 673 1166 729 τοῦ
1224 677 1382 744 ἁγίου
1440 663 1810 747 Εὑάγγελίου,

213 767 310 818 καὶ
339 765 535 836 ἑτέραν
564 765 663 837 τὴν
696 767 792 822 τοῦ
829 768 1181 834 ’Δπῡστόλου,
1208 769 1412 834 ταύτας
1437 771 1690 843 δωρεῖται
1736 772 1817 843 τῷ

212 858 636 929 Κωνσταντίνῳ,
677 859 1042 931 ἀμειϐόμενος
1081 861 1232 934 αὐτῷ
1285 863 1386 934 τὴν
1444 865 1545 934 τῆς
1607 865 1814 930 ξενοδοοο

213 948 340 1019 χίας
395 949 746 1020 ἀντάμειψιν.
791 952 850 1006 ὐ
883 953 940 1006 δὲ
971 951 1154 1006 λαϐὼν
1207 953 1312 1017 τάς
1342 954 1434 1008 δύο
1471 955 1688 1026 βίϐλους
1715 956 1812 1011 τοῦ

211 1057 274 1093 τε
311 1039 649 1109 Εὐαγγελίου
705 1043 800 1095 καὶ
829 1042 924 1095 τοῦ
961 1043 1306 1110 Ἀποστόλου,
1341 1044 1438 1098 καὶ
1469 1045 1568 1116 τήν
1619 1047 1816 1118 ἀθέμι-

215 1150 311 1187 τον
337 1135 446 1187 -καὶ
475 1136 728 1206 μυσαρὰν
769 1136 936 1190 αὑτοῦ
985 1137 1196 1208 αἵρεσιν
1241 1137 1456 1206 βλέπων
1516 1139 1815 1214 βδελυκτὴν

209 1224 386 1295 παρὰ.
409 1225 628 1280 πάντων
667 1227 763 1280 καὶ
807 1228 1039 1297 φευκτέν
1091 1228 1444 1301 ὑπάρχουσαν
1484 1232 1574 1286 διὰ
1622 1232 1722 1296 τὰς
1755 1235 1815 1286 ἐν

212 1319 354 1388 αὐτῇ
389 1319 704 1390 δυσφημίας
746 1338 806 1374 τε
840 1321 934 1375 καὶ
967 1323 1382 1394 αἰσχρουργίας,
1431 1322 1603 1378 θέλων
1656 1320 1815 1388 αὖθις

212 1409 631 1464 ἀνανεώσασθαι
667 1410 746 1472 ,τὸ
782 1412 974 1479 κακὸν,
1014 1417 1326 1484 μηχανᾶται
1378 1417 1442 1469 ὲκ
1497 1416 1813 1489 διαϐολικῆς

212 1502 502 1571 ἐνεργείας
526 1503 601 1573 μὴ
629 1505 1107 1572 ἀναγινώσκεσθαι
1139 1507 1332 1578 ἑτέραν
1362 1509 1543 1580 βίϐλον
1566 1511 1630 1564 τὸ
1667 1528 1812 1582 παρ·

211 1595 384 1660 ἁπαν,
441 1595 582 1666 πλὴν
629 1596 722 1650 τοῦ
761 1598 1095 1666 Εὑαγγελίου
1146 1602 1246 1654 καὶ
1298 1601 1391 1654 τοῦ
1460 1603 1808 1668 Ἀποστόλου,

209 1687 363 1748 ὅπως
390 1686 594 1758 δυνηθῇ
645 1687 713 1741 δι’
736 1687 919 1741 αὐτῶν
963 1689 1296 1760 ἑπικαλύψαι
1327 1692 1426 1761 τὴν
1463 1692 1565 1762 τῆς
1611 1695 1811 1758 κακίας

211 1775 422 1846 βλάϐην
442 1793 457 1807 ·
504 1776 696 1848 ὥσπερ
727 1780 777 1832 οί
826 1780 896 1832 τά
924 1779 1231 1852 δηλητήρια
1259 1761 1530 1853 φάρμακα
1575 1782 1809 1847 διδόντες
1841 1761 1884 1816 Β

209 1867 415 1934 πίνειν,
445 1869 534 1924 διὰ
567 1870 782 1941 μέλιτος
807 1872 984 1927 ταῦτα
1014 1871 1026 1910 ¹
1053 1874 1518 1929 ἐπικαλύπτουσιν
1539 1892 1552 1905 ·
1609 1877 1706 1930 καὶ
1740 1875 1807 1947 δὴ

209 1961 274 2013 ἑκ
336 1961 448 2015 τῶν
511 1963 990 2032 μνημονευθεισῶν
1048 1967 1404 2037 Μανιχαῖκῶν
1456 1968 1656 2037 βίϐλων
1706 1971 1807 2034 τὰς

207 2055 472 2126 ἀφορμάς
507 2056 747 2127 ἑκάστης
774 2058 1123 2130 βλασφημίας
1154 2062 1528 2132 παρειληφὼς,
1561 2063 1806 2136 ἠδυνήθη

208 2147 274 2201 ἑκ
309 2148 602 2219 συνεργίας
639 2151 942 2220 σατανικῆς
970 2154 1038 2206 τά
1077 2153 1173 2206 τοῦ
1198 2149 1542 2224 [εὐαγγελίου
1565 2157 1660 2210 καὶ
1711 2157 1806 2210 τοῦ

221 2237 548 2292 Ἀποστόλου
577 2243 825 2312 νοήματα
858 2246 914 2296 ὲν
931 2245 997 2314 τῇ
1028 2245 1320 2316 ἑρμηνείᾳ,
1357 2247 1494 2318 πρὸς
1517 2247 1578 2300 τὸ
1605 2251 1805 2302 οἰκεῖον

208 2329 533 2401 διαστρέψαι
570 2331 841 2404 βούλημα.
878 2334 991 2398 Τάς
1022 2335 1078 2389 δὲ
1108 2335 1370 2400 πολλάκις
1405 2339 1805 2408 μνημονευθείο

213 2437 313 2484 σας
341 2421 560 2490 βίϐλους
583 2423 694 2477 τῶν
710 2425 1053 2497 Μανιχαίων,
1078 2427 1155 2492 ὡς
1193 2429 1538 2500 προείρηται,
1577 2429 1813 2502 despat-

208 2512 383 2582 φάτω
445 2513 533 2567 διὰ
579 2516 642 2569 τὸ
699 2517 796 2570 καὶ
853 2519 1088 2588 μάλιστα
1138 2520 1367 2584 πολλοὺς
1400 2523 1532 2592 ὁρᾷς
1569 2531 1604 2552 ¹¹³
1651 2522 1814 2575 ἕνεκα

210 2607 393 2659 αὐτῶν
429 2607 639 2677 ξίφεσιν
687 2611 1156 2682 ἀποκτενομένους
1193 2624 1240 2668 η.
1284 2615 1349 2667 ΟΞ
1393 2615 1502 2685 γάρ
1549 2615 1814 2668 θειότατοι

215 2699 313 2752 κα)⁸
344 2699 619 2770 ὀρθόδοξοι
655 2701 812 2772 ἡμῶν
849 2703 960 2756 τῶν
996 2704 1166 2769 ὅντως
1193 2696 1540 2776 Χριστιανῶν
1574 2706 1816 2777 βασιλεῖς

219 2792 364 2859 μετά
430 2794 650 2845 πάντων
708 2793 814 2846 τῶν
844 2795 1112 2864 ξάγαθῶν·
1138 2797 1318 2851 αὐτῶν
1349 2797 1812 2869 κατορθωμάτωνν

1918 480 2094 536 sancti
2143 479 2444 551 Evangelii,
2477 479 2710 535 alterum
2741 479 3019 550 Apostoli,
3057 493 3197 550 quos
3226 478 3516 534 Constan-

1918 573 2038 627 tino
2072 572 2315 639 donavit,
2352 572 2578 642 hospitii
2635 572 2967 628 beneﬁcium
3020 572 3070 626 ei
3120 585 3511 626 remunerans.

1918 664 2019 720 Hic
2051 674 2236 720 autem
2263 665 2481 720 duobus
2501 663 2590 719 his
2618 663 2896 734 Evangelii
2917 672 2974 719 et
2994 663 3236 733 Apostoli
3269 663 3517 732 acceptis

1919 758 2096 824 libris,
2139 757 2412 827 simulque
2439 758 2632 813 videns
2685 755 2909 828 impiam
2939 771 3096 810 suam
3126 772 3190 810 ac
3241 754 3516 810 nefariam

1919 852 2030 922 29
2073 852 2327 906 hmresim
2366 851 2624 907 omnibus
2643 849 3018 906 exsecrationi
3051 865 3116 904 ac
3158 847 3517 925 detestationi

1919 941 2134 1007 haberi,
2173 950 2396 1014 propter
2422 941 2677 998 infamias
2717 942 2965 1013 ejusdem
3012 957 3076 997 ac
3108 941 3512 1012 turpitudines;

1918 1044 2082 1107 capto
2109 1036 2340 1091 consilio
2360 1035 2565 1090 malum
2595 1035 2698 1088 hoc
2751 1033 3075 1100 renovandi,
3118 1032 3312 1087 statuit
3355 1031 3516 1088 insti-

1916 1142 2079 1201 gante
2099 1129 2373 1195 daemone,
2405 1128 2615 1182 nullum
2639 1128 2865 1181 omnino
2896 1127 3062 1180 alium
3088 1125 3376 1196 legendum
3396 1139 3521 1180 esse

1915 1223 2138 1287 librum,
2197 1230 2393 1291 prazter
2427 1219 2786 1290 Evangelium
2826 1227 2993 1288 atque
3059 1217 3408 1288 Apostolum,
3460 1223 3522 1270 ut

1920 1320 1995 1374 ita
2027 1329 2213 1390 posset
2263 1318 2521 1388 nequitiae
2565 1333 2680 1372 suae
2715 1317 2895 1371 labem
2925 1316 3108 1371 velare
3137 1333 3152 1379 ;
3183 1314 3403 1369 illorum
3433 1313 3515 1367 in-

1918 1425 2034 1468 star
2066 1413 2156 1481 qui
2184 1421 2453 1467 venenata
2483 1410 2780 1480 pharmaca
2819 1409 3198 1479 propitiantes,
3247 1405 3413 1461 melle
3451 1420 3516 1460 ea

1923 1504 2295 1574 adoperiunt:
2335 1504 2445 1558 imo
2475 1504 2556 1558 sic
2600 1503 2788 1567 etiam,
2852 1517 3018 1572 quam
3065 1517 3133 1556 ex
3182 1499 3505 1555 memoratis

1919 1595 2346 1650 Manichaeorum
2410 1595 2565 1650 libris
2629 1594 2968 1666 singularum
3028 1591 3501 1663 blasphemiarum

1917 1704 2111 1743 ansam
2133 1697 2373 1758 ceperat,
2399 1703 2520 1742 eam
2551 1688 2817 1752 distortis,
2851 1702 2978 1741 cum
3009 1686 3258 1742 satanico
3287 1685 3516 1746 auxilio,

1919 1781 2196 1852 Evangelii
2217 1791 2382 1851 atque
2426 1781 2672 1851 Apostoli
2706 1781 2774 1835 ad
2795 1780 3078 1850 proprium
3101 1768 3329 1834 libitum
3357 1779 3522 1832 inter-

1918 1871 2322 1942 pretationibus
2381 1873 2714 1928 confirmare
2783 1873 3012 1929 valeret.
3086 1871 3271 1926 Nihilo
3332 1880 3520 1925 tamen

1913 1966 2095 2020 minus
2116 1965 2411 2035 praedictos
2432 1963 2857 2019 Manichaeorum
2889 1965 3080 2026 libros,
3098 1972 3156 2017 ut
3179 1963 3291 2033 jam
3311 1963 3521 2017 dictum

1907 2057 2032 2122 fuit,
2056 2057 2295 2112 abolevit
2323 2077 2334 2112 :
2371 2057 2442 2112 ob
2475 2056 2526 2111 id
2551 2056 2920 2126 potissimum,
2951 2056 3098 2126 quod
3126 2056 3322 2110 horum
3351 2069 3518 2110 causa

1919 2149 2209 2214 librorum,
2241 2149 2444 2203 multos
2471 2149 2650 2219 giadio
2703 2149 2922 2203 videbat
2979 2147 3234 2203 interfici.
3290 2147 3510 2202 Etenim

1915 2242 2132 2313 augusti
2169 2251 2226 2296 et
2267 2240 2559 2296 orthodoxi
2594 2249 2796 2296 nostr-.e
2826 2233 3168 2296 Christiana!
3188 2255 3318 2294 vere
3351 2239 3528 2308 gentis
3620 2237 3624 2242 ’

1921 2336 2301 2406 imperatores,
2326 2336 2469 2390 inter
2490 2345 2686 2390 czetera
2708 2351 2804 2390 sua
2834 2343 2982 2390 recte
3008 2344 3153 2399 acta,
3180 2335 3282 2388 hoc
3306 2347 3526 2403 quoque

1923 2429 2242 2494 edixerunt,
2286 2440 2345 2485 ut
2393 2429 2446 2483 in
2502 2429 2832 2484 Manichaeos
2857 2445 2920 2483 ac
2958 2428 3317 2482 Montanistas
3341 2425 3520 2496 gladio

1922 2522 2496 2588 animadverteretur;
2555 2523 2680 2577 libri
2739 2533 2922 2577 autem
2976 2521 3193 2576 illorum
3249 2519 3527 2590 comperti

1922 2613 2160 2668 ﬂ‘aunnis
2196 2614 2539 2668 traderentur
2571 2633 2583 2680 ;
2608 2630 2746 2684 quos
2778 2615 2821 2668 si
2851 2613 2974 2684 quis
3001 2615 3179 2669 celare
3209 2613 3526 2684 deprehen-

1923 2705 2162 2770 deretur,
2188 2705 2232 2761 is
2249 2706 2464 2775 quidem
2490 2706 2704 2776 capitali
2731 2707 3016 2762 sententiae
3033 2705 3418 2776 subjiceretur,
3436 2719 3524 2759 res

1923 2807 2105 2853 autem
2137 2798 2383 2868 ejusdem
2415 2798 2700 2854 familiaris
2731 2798 2784 2851 in
2813 2797 3003 2853 fiscum
3038 2795 3400 2868 redigeretur.

215 2887 534 2952 θεσπίζουσι
583 2891 676 2942 καὶ
719 2890 898 2955 τοῦτο,
952 2892 1286 2963 Μοινιχαίους
1333 2895 1426 2947 καὶ
1482 2894 1796 2956 Μοντανοὺς
1829 2893 1972 2964 ξίφει
2019 2894 2418 2966 τιμωρεῖσθαι·
2467 2895 2566 2957 τὰς
2605 2893 2661 2946 δὲ
2706 2893 2924 2962 βίϐλους
2951 2891 3134 2946 αὐτῶν
3202 2887 3529 2961 εὑρισκομέ-

211 2997 332 3046 νας,
371 2981 506 3052 πυρὶ
569 2982 987 3054 παραδίδοσθαι·
1014 2987 1061 3038 εί
1125 2985 1185 3040 δέ
1213 3004 1294 3050 τις
1360 2986 1640 3058 φωραθείη
1678 2985 1883 3050 ταύτας
1902 2986 2293 3057 ἀποκρύπτων,
2333 2985 2424 3039 τὸν
2465 2985 2706 3038 τοιοῦτον
2775 2986 2943 3056 ψήφῳ
2994 2982 3230 3036 Θανάτου
3288 2980 3530 3036 καθυπε-

213 3072 542 3128 6άλλεσθαι·
577 3074 644 3128 τά
709 3075 767 3129 δὲ
837 3077 1151 3148 ὑπάρχοντα
1177 3079 1325 3149 αὐτῷ
1377 3083 1434 3132 ἐν
1457 3081 1535 3150 τῷ
1569 3081 1662 3133 τοῦ
1682 3081 1942 3152 δημοσίου
1977 3078 2387 3148 εἰσκομίζεσθαι
2415 3077 2568 3149 μέρει
2595 3078 2728 3149 (55).

283 3163 416 3221 KA'.
462 3163 519 3218 '0
553 3166 684 3234 γοῦν
717 3167 811 3220 τοῦ
846 3169 1121 3234 Μάνεντος
1151 3172 1398 3243 μαθητής
1454 3174 1800 3227 Κωνσταντί-

1979 3170 2169 3225 XXIV.
2199 3169 2434 3223 Manetis
2469 3169 2651 3238 itaque
2681 3166 2984 3236 discipulus
3010 3164 3428 3226 Constantinus,
3465 3171 3527 3219 ut

213 3273 305 3320 νος
339 3255 429 3309 ἵνα
446 3257 1088 3337 τοὺςιμαθητευομένους
1113 3263 1260 3334 αύτῷ
1295 3264 1514 3327 τελείως
1553 3265 1815 3329 δελεάσας

210 3348 482 3420 ἀπολέσῃ,
513 3350 607 3404 καὶ
641 3353 846 3424 ποιήσῃ
874 3353 1260 3424 εὑπαράδεκτα
1281 3357 1351 3410 τὰ
1386 3356 1532 3429 [cod.
1562 3358 1601 3412 Γ.
1629 3360 1698 3414 98
1733 3359 1809 3432 ι›.]

216 3439 350 3511 παρ’
381 3440 549 3494 αὑτοῦ
586 3441 877 3514 λεγόμενα,
911 3446 1010 3509 τὰς
1050 3447 1375 3501 Οὐαλεντίου
1411 3458 1435 3484 ο
1462 3450 1816 3521 βλασφημίας

211 3533 311 3585 καὶ
342 3533 748 3602 τερατολογίας,
783 3535 893 3589 τῶν
924 3539 1214 3608 τριάκοντα
1244 3540 1478 3608 αἰώνων,
1505 3543 1670 3610 φημὶ,
1716 3544 1812 3596 καὶ

213 3627 382 3692 θεῶν,
415 3629 495 3681 ἔτι
541 3630 598 3682 δὲ
634 3631 727 3684 καὶ
755 3630 856 3700 τὴν
880 3631 972 3685 τοῦ
1002 3633 1314 3705 Κουϐρὶκου
1371 3637 1499 3707 περὶ
1529 3637 1622 3690 τοῦ
1656 3636 1815 3690 ὑετοῦ

215 3720 514 3792 πλαστώδη
549 3723 897 3792 μυθολογίαν,
951 3727 1010 3790 ὃς
1044 3744 1207 3798 φησιν
1263 3729 1322 3794 ἐξ
1354 3730 1595 3800 ἱδρώτων
1631 3731 1812 3784 νεανί-

216 3833 354 3870 σκου
405 3817 648 3882 εὐειδοῦς
677 3820 1106 3890 κατατρέχοντος
1149 3823 1406 3895 παρθένῳ
1447 3824 1696 3893 γίνεσθαι
1725 3826 1818 3879 τὸν

217 3909 401 3972 ὑετὸν,
440 3911 534 3962 καὶ
561 3908 697 3964 ἄλλα
747 3910 872 3964 τινὰ
901 3911 994 3979 ἀφ’
1020 3913 1217 3966 ἑαυτοῦ
1262 3914 1338 3976 ὡς
1365 3915 1813 3986 δυσπαράδεκτα,

214 4000 486 4070 ἠθέλησεν
507 4000 926 4055 άποσείσασθαι·
950 4003 1048 4072 οὐχ
1071 4003 1158 4056 ἵνα
1175 4004 1274 4075 τήν
1299 4005 1565 4077 μεγίστην
1586 4008 1816 4081 λωφήσῃ

218 4091 448 4157 κακίαν,
478 4091 594 4144 ἀλλ’
623 4092 712 4146 ἵνα
740 4094 878 4165 πρὸς
910 4096 1106 4149 ἑαυτὸν
1144 4098 1371 4161 πολλοὺς
1421 4099 1814 4171 ἑφελκύσηται.

220 4184 536 4238 Βασιλείδου
570 4186 628 4239 δὲ
659 4187 751 4240 τοῦ
776 4187 1095 4259 δυσωνύμου
1117 4190 1218 4253 τὰς
1246 4192 1533 4259 ἀσελγείας
1579 4202 1605 4241 ι’
1638 4211 1697 4245 τε
1721 4193 1816 4246 καὶ

219 4279 292 4331 τὰ
323 4280 631 4349 μιάσματα,
656 4281 751 4334 καὶ
797 4279 907 4334 τῶν
945 4281 1149 4336 λοιπῶν
1181 4285 1441 4338 ἁπάντων
1477 4287 1565 4338 τὸν
1595 4287 1814 4356 δυσώδη

221 4372 626 4445 ὑποδεξάμενος
662 4376 923 4447 βόρϐορον
950 4417 964 4441 ,
1026 4377 1406 4446 ἀναδείκνυται
1449 4381 1569 4444 νέος
1617 4399 1700 4446 τις
1733 4382 1820 4434 ὁδ-

222 4467 361 4536 ηγὺς
387 4469 692 4533 ἀπωλείας.
726 4471 892 4524 Ὅθεν
935 4471 1176 4536 ἅπαντες
1203 4475 1251 4526 οἱ
1276 4471 1371 4525 νῦν
1402 4475 1683 4545 περιόντες
1708 4474 1817 4527 τῶν

1907 3279 2055 3320 ιευοε
2085 3262 2382 3331 discipulos
2406 3262 2639 3314 omnino
2663 3260 2905 3314 irretitos
2930 3259 3202 3329 perderet,
3227 3267 3281 3312 et
3319 3257 3527 3312 doctri-

1924 3371 2047 3409 nam
2085 3371 2239 3409 suam
2266 3354 2475 3408 facilius
2511 3361 2818 3423 oggererct,
2839 3351 3110 3406 Valentini
3155 3351 3526 3420 blasphemias

1921 3457 2086 3518 atque
2110 3448 2426 3518 praestigias,
2455 3447 2670 3517 triginta
2690 3462 2927 3510 (conum,
2947 3447 3192 3515 inquam,
3215 3453 3378 3514 atque
3394 3444 3527 3499 dco-

1924 3558 2044 3595 rum
2079 3583 2092 3606 ,
2128 3551 2500 3611 praetereaque
2531 3541 2752 3596 Cubrici
2784 3541 2850 3595 de
2883 3539 3064 3610 pluvia
3089 3520 3379 3592 conficiam
3410 3552 3526 3607 my-

1926 3636 2243 3708 thologiam,
2277 3636 2366 3705 qui
2397 3636 2475 3689 ait
2497 3651 2565 3688 ex
2596 3630 3376 3702 formosijuvenis,sudoribus
3407 3631 3516 3684 vir-

1931 3727 2110 3799 ginem
2145 3726 2548 3798 persequentis,
2583 3726 2823 3796 pluviam
2857 3724 3106 3787 confieri,
3145 3733 3201 3778 et
3255 3722 3521 3777 nonnulla

1927 3823 2058 3882 alia.
2087 3829 2275 3892 utpote
2313 3819 2526 3874 crcditu
2565 3819 2832 3885 difﬁcilia,
2876 3816 3209 3887 antiquanda
3264 3815 3524 3882 curavit;

1926 3919 2072 3973 haud
2100 3932 2233 3972 sane
2277 3924 2336 3969 ut
2365 3915 2507 3969 hanc
2530 3914 2599 3968 de
2630 3914 2813 3968 medio
2856 3913 3072 3966 tolleret
3112 3925 3388 3964 summam
3422 3923 3526 3963 ne-

1924 4012 2178 4081 quitiam,
2206 4009 2301 4065 sed
2339 4017 2399 4064 ut
2434 4009 2621 4077 plures
2637 4007 2703 4060 ad
2726 4021 2786 4061 se
2806 4005 3176 4075 pertraheret.
3211 4000 3524 4071 Caeteroqui

1925 4102 2144 4156 infamis
2183 4102 2429 4158 Basilida:
2467 4112 2522 4156 et
2545 4101 2883 4170 reliquorum
2930 4096 3040 4166 30
3066 4094 3317 4149 omnium
3370 4093 3521 4147 ficti-

1926 4196 2054 4251 dum
2084 4212 2302 4251 caenum
2336 4188 2976 4265 amplectenshnovellus
3021 4186 3238 4256 quidam
3271 4184 3527 4256 apparuit

1927 4287 2248 4358 perditionis
2276 4287 2406 4340 dux.
2445 4289 2624 4354 Atque
2655 4283 2783 4337 hinc
2815 4279 3034 4341 accidit,
3070 4287 3130 4332 ut
3179 4292 3375 4331 omnes
3424 4277 3522 4348 qui

1927 4395 2076 4433 nunc
2101 4388 2232 4434 sunt
2256 4378 2678 4432 Manichaeorum
2714 4372 2986 4442 discipuli,
3027 4370 3315 4441 prendit-tas
3367 4370 3529 4426 fabu-

1928 4473 2009 4526 las
2050 4471 2406 4540 ignorantes,
2445 4470 2768 4541 Scythiano,
2816 4463 3042 4531 Buddaa,
3093 4471 3258 4532 atque
3299 4463 3525 4529 Maneti,

219 4560 546 4630 Μανιχαίων
579 4562 793 4628 παῖδες,
824 4563 924 4624 τὰς
951 4563 1398 4635 δραματουργίας
1425 4566 1632 4630 ταύτας
1654 4569 1813 4636 ἀγνο-

1925 4569 2050 4622 mali
2083 4569 2247 4638 hujus
2299 4566 2696 4638 antesignanis,
2740 4567 2884 4621 ultro
2940 4566 3231 4620 anathema
3286 4563 3520 4626 dicant;

221 4653 435 4718 οῦντες,
459 4654 758 4727 προθύμως
801 4657 1265 4729 άναθεματίζουσι
1297 4658 1617 4722 Σκυθιανὸν,
1654 4660 1820 4714 Βουδέ

222 4745 322 4798 δὶν
374 4763 457 4810 τε,
518 4749 613 4800 καὶ
660 4748 936 4813 Μάνεντα,
967 4751 1094 4813 τοὺς
1142 4752 1242 4820 τῆς
1273 4753 1476 4815 κακίας
1525 4754 1817 4820 γεγονότας

223 4837 562 4908 ἀρχηγέτας
606 4840 1020 4892 Κωνσταντῖνον
1049 4841 1105 4894 δὲ
1129 4840 1321 4894 τοῦτον
1343 4842 1436 4895 τὸν
1464 4843 1558 4896 καὶ
1594 4843 1818 4896 Σιλουα-

226 4930 318 4983 νὲν
352 4929 546 4983 ἑαυτὸν
575 4930 942 5000 ὀνομάσαντα,
979 4931 1072 4985 καὶ
1099 4933 1226 4996 τοὺς
1256 4934 1372 5002 μετ’
1402 4933 1565 4986 αὑτὸν
1603 4935 1819 4988 ἀναδει-

226 5023 457 5092 χθέντας
479 5020 555 5087 ὡς
575 5022 905 5087 ἀποστόλους
926 5022 1164 5094 Χριστοῦ
1189 5023 1281 5077 καὶ
1307 5023 1583 5095 ίσοτίμους
1612 5024 1826 5079 Παύλου

1923 4659 2342 4715 Constantinum
2375 4668 2558 4714 autem
2585 4659 2752 4723 hunc,
2775 4659 2946 4730 quise
2971 4659 3200 4727 insuper
3240 4655 3525 4710 Silvanum

1925 4753 2251 4817 nominavit,
2291 4769 2394 4808 nec
2433 4769 2541 4807 non
2600 4768 2694 4807 eos
2737 4752 2830 4823 qui
2891 4761 3014 4821 post
3062 4750 3216 4803 illum
3247 4758 3524 4816 apparue-

1926 4851 2077 4907 runt,
2111 4851 2165 4897 ut
2199 4842 2400 4898 Christi
2456 4843 2734 4913 apostolos
2768 4843 2884 4912 pari
2917 4858 2982 4896 ac
3017 4839 3248 4895 Paulum
3302 4837 3515 4889 honore

1929 4943 2356 5005 prosequantur.
2392 4935 2490 4990 llic
2547 4950 2680 5007 ergo
2723 4934 3140 4996 Constantinus,
3173 4930 3263 5000 qui
3328 4937 3384 4982 ct
3415 4926 3527 4980 Sil-

1938 5043 2134 5094 vanus,
2192 5027 2462 5083 Mananali
2521 5046 2658 5101 pago
2731 5028 2976 5093 relicto,‘
3014 5025 3312 5079 incolatum
3363 5035 3527 5075 suum

227 5112 522 5182 ἡγοῦνται.
556 5105 727 5178 Οὗτος
759 5114 939 5167 τοίνυν
963 5115 992 5166 ὁ
1025 5116 1454 5184 Κωνσταντῖνος,
1506 5118 1535 5169 ὁ
1586 5116 1684 5169 καὶ
1734 5118 1813 5169 Σι-

1939 5122 2220 5176 transtulit
2271 5124 2327 5176 in
2371 5131 2611 5177 castrum
2651 5122 2934 5176 Cibossam
2979 5133 3149 5188 prope
3200 5115 3521 5178 Coloneam,

235 5230 257 5255 ι

1520 5223 1757 5315 vanum
1801 5259 2209 5318 LECTIONES.

311 5373 328 5412 ι
360 5372 526 5430 Deest
555 5372 730 5428 ταῦτα
752 5373 894 5444 apud
922 5372 989 5427 R.
1065 5383 1104 5411 ω
1143 5374 1281 5431 Cod.
1320 5376 1482 5449 ὁρῶν.
1561 5387 1588 5415 η
1610 5377 1677 5433 Il.
1710 5379 2201 5452 άποκτενομένους,
2277 5388 2302 5417 ο
2332 5377 2409 5434 lta
2437 5379 2557 5434 cod.
2632 5389 2660 5428 ι)
2698 5376 2762 5431 ll.
2789 5374 3070 5445 ἀσελγίαςο

1769 5514 2000 5572 ΝΟΤιΕ.

235 5702 238 5704 _
307 5629 420 5704 (Ξᾷ)
449 5627 756 5704 Lex_c_iyilis
777 5629 1048 5704 igniPhotii
1075 5631 1430 5704 Syntagmate
1448 5631 1638 5704 Spicil.
1667 5633 1824 5688 Rom.

235 5702 275 5755 ι.
323 5701 415 5755 VII
463 5701 693 5774 p.385:
838 5701 1130 5771 Μανιχαῶί
1165 5701 1418 5774 ἑσίάτωσ
1461 5701 1829 5774 τιμωροῦνται

234 5790 330 5828 και
355 5771 722 5845 δημεύονταιι
753 5773 1028 5830 Manio/imi
1053 5771 1286 5830 extremo
1308 5771 1570 5844 supplicio
1597 5771 1829 5844 puniun-

1935 5643 2040 5698 tur,
2067 5641 2116 5687 el
2141 5647 2320 5686 eorum
2339 5630 2472 5685 bona
2489 5623 3077 5698 publicantmzlbidem
3107 5637 3159 5693 p.
3193 5621 3318 5689 385,
3347 5636 3525 5694 paena:

1934 5695 2152 5761 exstant
2180 5704 2447 5760 adversus
2481 5695 2653 5757 libros
2686 5695 3091 5753 hmrctieorum.
