3928 6246
463 348 605 416 1⁸ἳ79

1832 341 2065 403 PETRI
2118 337 2374 401 SICULI

3596 327 3722 392 1280

462 456 653 514 dicens
683 471 741 515 se
772 469 897 513 esse
926 457 1079 513 illum
1114 456 1170 512 in
1216 453 1465 527 Apostoli
1496 451 1755 524 Epistolis
1799 453 2055 508 nomina-

2183 450 2403 516 .ουανὸς,
2456 449 2555 518 τὴν
2603 442 2918 501 Μανάναλιν
2940 440 3270 509 καταλείψας
3295 451 3343 507 (ι,
3394 440 3564 495 ἐλθὼν
3608 460 3727 497 κατ-

465 560 581 606 tum
615 550 918 613 Silvanum,
943 566 1105 621 quem
1137 548 1338 603 Paulus
1358 562 1459 602 ceu
1490 546 1702 601 fidelem
1733 546 2063 618 discipulum

466 641 522 695 in
552 641 924 697 Macedoniam
958 642 1125 695 misit.
1176 639 1515 695 Ostendebat
1564 638 1740 701 simul,
1780 637 2065 709 discipulis

466 735 583 790 suis
615 735 783 789 etiam
818 735 968 788 illum
995 733 1238 804 Apostoli
1266 732 1469 786 librum
1502 747 1667 801 quem
1699 747 1727 785 a
1760 741 2064 786 memorato

466 836 756 897 acceperat
781 827 996 896 captivo
1052 825 1307 887 diacono,
1361 824 1686 893 aiebatque:
1718 822 1827 877 Vos
1881 822 2063 877 Mace-

468 919 642 975 dones
680 920 834 985 estis,
870 933 969 991 ego
1023 932 1154 973 vero
1204 917 1400 972 missus
1426 932 1456 971 a
1483 915 1653 971 Paulo
1694 917 1763 970 ad
1817 931 1916 969 vos
1945 914 2053 969 Sil-

402 1036 407 1039 ~
468 1024 663 1065 vanus.
700 1008 768 1063 Et
795 1009 900 1064 hoc
929 1009 1150 1078 quidem
1176 1016 1301 1078 post
1325 1014 1614 1062 sexcentos
1643 1022 1672 1060 a
1718 1005 1869 1059 Pauli
1904 1004 2056 1059 testi-

469 1102 655 1157 monio
697 1117 872 1157 annos
903 1100 1208 1154 affirmabat
1241 1116 1255 1165 ;
1283 1114 1405 1153 cum
1440 1098 1485 1152 is
1517 1097 1824 1163 emerserit,
1859 1106 1921 1150 ut
1945 1096 2059 1166 jam

468 1194 503 1249 d
530 1194 729 1257 ximus,
763 1195 865 1249 sub
894 1193 1257 1248 Constantino
1294 1189 1524 1245 Heraclii
1553 1198 1775 1261 nepote.

2160 543 2378 614 ᾠκησεν
2404 541 2484 604 εἰς
2506 538 2781 592 Κίϐοσσαν
2806 538 2867 590 τὸ
2889 536 3146 606 κάστρον,
3163 534 3391 606 πλησίον
3414 534 3725 602 Κολωνείας,

2161 632 2338 701 λέγων
2370 630 2562 685 ἑαυτὸν
2589 625 2729 683 εἶναι
2755 628 2846 681 τὸν
2875 628 2933 680 ἐν
2962 629 3083 690 ταῖς
3115 626 3428 689 ἐπιστολαῖς
3454 625 3548 680 τοῦ
3582 628 3730 681 Ἀπο-

2163 724 2351 778 στόλου
2410 723 2789 795 ἐμφερόμενον
2828 721 3150 775 Σιλουανόν·
3201 719 3261 773 ὃν
3304 719 3621 773 ἀπέστειλεν
3664 721 3769 786 ῶςο

2164 815 2358 869 πιστὸν
2396 814 2645 886 μαθητὴν
2677 811 2891 875 Παῦλος
2918 814 2999 875 είς
3033 819 3057 849 ι’
3105 810 3469 865 Μακεδονίαν.
3511 811 3731 865 Ἐπεδεί-

2166 927 2297 963 κνυε
2335 920 2357 947 ³
2386 909 2443 963 δὲ
2473 911 2587 972 τοῖς
2620 908 2889 979 μαθηταῖς
2941 905 3108 961 αὐτοῦ
3158 904 3253 959 καί⁵
3298 906 3397 976 τὴν
3450 904 3544 958 τοῦ
3589 906 3733 959 Ἀπο-

2169 1003 2355 1057 στόλου
2390 1004 2537 1074 [cod.
2566 1000 2604 1059 ί.
2656 1000 2749 1072 99]
2783 1000 2965 1071 βίϐλον
2993 1000 3170 1071 ἥνπερ
3204 998 3433 1068 εἴληφεν
3460 999 3606 1069 παρὰ
3649 1000 3731 1052 τοῦ

2172 1094 2748 1167 προμνημονευθὲντος
2768 1093 3016 1147 διακόνου
3036 1091 3129 1146 τοῦ
3156 1091 3529 1162 αἰχμαλώτου,
3554 1090 3730 1160 λέγων’

2185 1190 2375 1260 Ὑμεῖς
2410 1190 2534 1241 ἐστε
2564 1188 2615 1241 οι
2644 1185 2977 1250 Μακεδόνες,
3021 1182 3133 1253 ἐγὼ
3159 1183 3217 1237 δέ
3248 1186 3365 1255 εἰμι
3412 1184 3733 1248 Σιλουανὸςὸ

469 1288 578 1342 ὑπὸ
622 1286 837 1340 Παύλου
894 1287 1023 1357 ὑμῖν
1053 1284 1402 1348 ἀποσταλείς.
1449 1284 1561 1338 Καὶ
1611 1285 1773 1337 τοῦτο
1815 1284 1873 1338 δὲ
1921 1282 2063 1352 μετὰ
2100 1283 2327 1355 χρόνους
2382 1280 2701 1348 ἑξακοσίους
2762 1280 2866 1351 τῆς
2936 1276 3243 1349 μαρτυρίας
3276 1276 3513 1343 Παύλου,
3545 1278 3734 1347 ἀναφα-

470 1380 584 1441 νεὶς
611 1378 817 1447 ἔλεγεν,
849 1377 925 1441 ὡς
959 1378 1069 1449 γὰρ
1103 1380 1123 1415 ι
1159 1378 1485 1449 προείρηται
1518 1378 1611 1430 ἐπὶ
1638 1376 2055 1431 Κωνσταντίνου
2093 1375 2189 1430 τοῦ
2221 1375 2445 1445 ἔγγονος
2481 1373 2829 1445 Ἡρακλείου.

545 1467 719 1524 XXV.
753 1466 872 1523 Jam
904 1484 1038 1524 vero
1062 1468 1289 1540 integris
1316 1469 1385 1523 27
1422 1468 1531 1523 illic
1577 1478 1828 1523 versatus
1883 1468 2066 1534 annis,

2247 1467 2378 1522 KE'.
2413 1468 2524 1523 Καὶ
2558 1468 2622 1538 δὴ
2672 1470 2731 1521 ἐν
2772 1468 2917 1532 ὅλοις
2942 1466 3124 1522 ἔτεσιν
3152 1469 3329 1523 ετκοσι
3354 1467 3451 1521 καὶ
3475 1467 3610 1521 ἑπτά
3635 1467 3735 1522 δια-

474 1561 681 1618 multos
711 1560 817 1616 loci
846 1560 1042 1615 incolis
1066 1559 1332 1631 deceptis,
1366 1561 1595 1632 dignum
1624 1561 1942 1632 magisterio
1966 1575 2067 1615 suo

2183 1560 2369 1631 τρίψας
2438 1561 2639 1626 ἑκεῖσε,
2677 1559 2907 1623 πολλοὺς
2959 1560 3071 1612 τῶν
3120 1560 3405 1630 ἐγχωρίων
3460 1558 3736 1631 πλανήσας,

472 1653 600 1707 vitae
670 1652 877 1707 exitum
936 1650 1150 1707 habuit.
1202 1650 1448 1721 Namque
1510 1653 1808 1722 imperator
1875 1654 2071 1709 nescio

2183 1640 2329 1717 ἰξίαν
2357 1652 2458 1722 τῆς
2499 1650 2700 1706 ἑαυτοῦ
2731 1651 3078 1715 διδασκαλίας
3101 1651 3202 1723 τὴν
3232 1652 3613 1723 καταστροφὴν
3657 1651 3735 1704 τοῦ

475 1745 750 1816 quomodo
775 1746 939 1799 rebus
970 1746 1114 1799 illius
1140 1746 1394 1816 cognitis,
1428 1744 1730 1814 palatinum
1771 1747 2065 1817 quemdam

2183 1741 2292 1812 βίου
2344 1741 2581 1806 ἐδέξατο.
2628 1743 2687 1796 '0
2716 1742 2821 1813 γάρ
2855 1742 3107 1814 βασιλεὺς
3134 1743 3237 1795 οὐκ
3262 1738 3363 1794 οἷδ’
3396 1743 3547 1805 ὅπως
3575 1741 3737 1811 μαθὼν

478 1837 651 1903 misit,
689 1838 912 1891 nomine
942 1837 1282 1903 Simeonem,
1303 1853 1429 1892 cum
1479 1839 1759 1903 mandato,
1795 1847 1856 1893 ut
1890 1839 2072 1892 homi-

2183 1836 2246 1890 τὰ
2286 1835 2409 1890 κατ’
2448 1835 2634 1901 αὐτὸν,
2659 1835 2980 1889 ἀποστέλλει
3015 1835 3293 1905 βασιλικόν
3325 1852 3470 1899 τινα,
3503 1834 3739 1904 Συμεῶνα

476 1945 603 1985 nem
635 1930 894 1999 nequitia:
922 1939 1199 1984 auctorem
1232 1929 1586 1999 lapidandum
1612 1939 1831 1986 curaret
1859 1950 1874 1988 :
1906 1932 2074 1986 disci-

479 2020 593 2090 puli
622 2029 807 2075 autem
856 2019 998 2088 ejus,
1037 2027 1225 2089 utpote
1282 2021 1352 2076 ob
1384 2022 1662 2077 inscitiam
1695 2022 1936 2093 decepti,
1968 2021 2075 2077 Ec-

478 2111 661 2166 clesiae
722 2110 817 2165 Dei
854 2111 1199 2167 traderentur
1252 2115 1613 2169 convertendi
1667 2124 1831 2185 atque
1881 2130 2075 2169 emen-

479 2204 681 2272 dandi;
724 2221 1053 2275 quamqnam
1082 2204 1119 2258 ii
1164 2205 1495 2261 inemendati
1557 2218 1900 2264 manserunt.
1940 2209 2075 2262 lllue

479 2309 612 2364 ergo
646 2295 846 2366 negotii
874 2297 1038 2366 hujus
1099 2297 1423 2368 perﬁciendi
1458 2314 1624 2354 causa
1673 2300 1958 2370 profectus
1986 2298 2075 2354 Si-

478 2402 665 2451 meon,
722 2389 871 2443 socio
903 2401 1188 2461 assumpto
1217 2393 1458 2461 quodam
1508 2409 1576 2447 ev
1630 2394 1871 2465 regionis
1923 2393 2074 2464 prin-

480 2477 716 2547 cipibus,
756 2480 844 2534 cui
874 2495 1075 2535 nomen
1120 2482 1406 2555 Tryphon,
1451 2501 1577 2540 cum
1624 2485 1692 2539 ad
1730 2501 1857 2539 eum
1892 2484 2073 2539 locum

479 2571 741 2636 venisset,
774 2582 1003 2629 cunctos
1020 2577 1437 2646 comprehendit
1461 2586 1658 2648 ;atque
1686 2578 1752 2631 ad
1780 2577 2076 2632 australem

482 2662 649 2717 castri
688 2664 941 2721 Coloneac
980 2677 1190 2736 partem
1226 2670 1586 2737 transferens,
1642 2671 1919 2726 infelicem
1972 2671 2076 2725 bo-

482 2752 686 2809 minem
705 2753 761 2808 in
785 2755 1186 2827 discipulorum
1206 2775 1430 2816 suorum
1448 2772 1745 2832 conspectu
1771 2762 2073 2830 constituit,

481 2844 683 2913 quibus
718 2849 999 2903 mandavit
1032 2862 1089 2906 ut
1119 2868 1243 2909 eum
1267 2856 1536 2924 lapidibus
1567 2856 1670 2925 31
1705 2864 2029 2925 appeterent
2058 2874 2072 2910 :

482 2950 539 2996 at
570 2941 625 2995 hi
669 2940 902 3011 sumptis
928 2944 1221 3015 lapidibus,
1247 2963 1310 3002 ac
1334 2947 1502 3004 veluti
1534 2949 1601 3002 ad
1631 2950 1880 3019 pr0prias
1910 2964 2077 3003 zonas

2183 2952 2361 3017 λίθους
2386 2952 2781 3023 λαμϐάνοντες,
2804 2950 2925 3020 καλέἑ
2941 2950 3018 3015 ὡς
3043 2950 3184 3021 πρὸς
3210 2949 3310 3012 τὰς
3364 2948 3570 3003 ἑαυτῶν
3594 2947 3741 3012 ζώνας

481 3049 679 3089 manus
738 3036 1114 3106 demittentes,
1164 3039 1375 3109 lapides
1422 3050 1721 3095 retrorsum
1774 3041 2072 3109 jaciebant,

2183 3045 2277 3109 τὰς
2289 3046 2474 3116 χεῖρας
2493 3042 3313 3116 προσκλίνοντες,όπισθοφανῶς
3328 3042 3432 3110 τῆς
3451 3040 3622 3112 χειρὸς
3640 3039 3744 3101 τοὺς

488 3133 750 3203 magistro
778 3147 878 3186 suo
914 3141 1224 3202 parcentes,
1257 3147 1422 3201 quem
1450 3147 1479 3185 a
1508 3132 1623 3187 Deo
1660 3132 1727 3187 ad
1758 3147 1817 3187 se
1846 3134 2077 3188 missum

2183 3138 2365 3202 λίθους
2392 3136 2697 3210 ἠκόντιζον,
2732 3136 3041 3206 φειδόμενοι
3068 3133 3161 3188 τοῦ
3184 3133 3395 3187 οἰκείου
3430 3131 3740 3189 διδασκάλου,

483 3227 771 3297 putabant.
804 3225 922 3280 1am
956 3225 1046 3279 hic
1077 3224 1335 3279 Silvanus
1363 3240 1489 3280 eum
1510 3225 1718 3296 aliquot
1738 3235 1898 3281 antea
1919 3226 2077 3281 annis

2183 3233 2256 3296 ὼς
2299 3232 2396 3286 ἆτε
2428 3231 2493 3299 δὴ
2539 3233 2604 3285 ἐκ
2650 3231 2785 3284 Θεοῦ
2842 3228 3240 3291 ἀποσταλέντος
3280 3228 3472 3290 αὐτοῖς
3528 3224 3661 3298 [cod.
3708 3221 3740 3276 ί.

479 3317 701 3373 Justum
728 3318 1019 3388 quemdam
1067 3316 1311 3382 nomine,
1366 3318 1537 3372 ﬁlium
1586 3319 1690 3373 sibi
1741 3319 2076 3389 adoptasset,

2184 3324 2254 3380 99
2291 3323 2395 3396 1).].
2431 3318 2600 3387 Οὗτος
2622 3322 2716 3376 οὖν
2748 3324 2776 3375 ὁ
2828 3322 3115 3385 Σιλουανδς
3148 3329 3177 3356 ιι
3222 3320 3332 3391 πρὸ
3376 3319 3580 3390 χρόνων
3608 3314 3741 3369 τινῶν

481 3424 719 3480 eumque
780 3410 1130 3466 Manichaica
1198 3411 1395 3466 haeresi
1471 3411 1785 3476 imbuisset,
1859 3412 2077 3483 dignam

2195 3415 2428 3469 Ἰοῦστόν
2483 3432 2607 3468 τινα
2661 3413 2997 3483 καλούμενον
3029 3415 3109 3476 είς
3143 3410 3420 3465 υἱοθεσίαν
3449 3408 3641 3473 λαϐὼν,
3665 3407 3742 3459 καὶ

480 3500 793 3556 alumnatus
829 3510 884 3555 et
916 3502 1215 3574 magisterii
1250 3512 1382 3559 tunc
1422 3503 1689 3573 temporis
1721 3504 1791 3558 ab
1825 3518 1890 3558 eo
1932 3520 2077 3558 mer-

2183 3507 2283 3579 τὴν
2331 3507 2676 3578 Μανιχαῖκὴν
2713 3505 2932 3571 διδάξας
2961 3506 3192 3577 αἵρεσιν,
3229 3504 3388 3568 ἀξίαν
3420 3507 3518 3574 τῆς
3543 3504 3740 3570 ἀνατρο-

483 3594 671 3647 cedem
741 3593 950 3649 retulit.
1011 3596 1057 3648 A
1117 3596 1361 3665 palatino
1407 3596 1553 3650 enim
1607 3596 1796 3665 jussus
1852 3596 2071 3661 Justus,

2186 3602 2293 3672 φῆς
2328 3602 2425 3654 καί¹
2474 3599 2822 3664 διδασκαλίας
2874 3597 3239 3669 τδ.,τηνικάδε
3290 3598 3423 3669 παρ’
3459 3594 3618 3649 αὐτοῦ
3663 3592 3742 3662 τὴν

489 3693 711 3753 sumpto
755 3685 958 3754 lapide,
1026 3686 1308 3765 hominem
1354 3702 1455 3742 ceu
1501 3703 1705 3741 novum
1767 3687 2077 3743 Goliatbum

2185 3691 2421 3772 ἀμοιϐὴν
2456 3692 2692 3756 ἐδέξατο.
2729 3689 3075 3760 Ἐπιταχθεὶς
3119 3689 3228 3758 γὰρ
3254 3688 3409 3760 παρὰ
3439 3687 3530 3741 τοῦ
3566 3684 3742 3757 βασιλι-

488 3776 805 3846 percutiens
840 3778 1171 3833 hterfecit:
1232 3780 1536 3850 reciditque
1579 3781 1631 3834 in
1663 3796 1788 3835 eum
1824 3780 2077 3836 Davidiea

2188 3784 2287 3839 κοῦ
2316 3787 2344 3838 ὁ
2378 3783 2612 3848 Ἰοῦστος
2635 3785 2728 3837 καὶ
2749 3783 3089 3855 δραξάμενος
3110 3781 3281 3844 λίθον,
3310 3782 3390 3845 ὡς
3420 3779 3538 3834 νέον
3577 3778 3611 3830 Γ
3614 3774 3741 3830 ολιὰθ

488 3882 593 3921 vox
650 3884 771 3937 qua:
828 3870 950 3925 ait:
994 3870 1197 3925 Lacum
1252 3873 1480 3941 aperuit,
1536 3881 1585 3926 et
1631 3874 1805 3942 effodit
1863 3889 2005 3938 eum,
2037 3883 2077 3927 et

2186 3876 2379 3931 τοῦτον
2406 3876 2655 3942 πατάξας
2713 3877 3026 3941 ἀπέκτεινε,
3054 3874 3150 3927 καὶ
3198 3869 3365 3945 ἦλθεν
3419 3874 3507 3925 ἐπ’
3541 3868 3675 3938 αὑτῷ
3715 3866 3741 3935 ἡ

490 3970 819 4014 convertatur
842 3961 994 4016 labor
1028 3962 1141 4032 ejus
1172 3965 1225 4016 in
1247 3974 1402 4031 caput
1437 3963 1600 4033 ipsius
1628 3964 1694 4018 ³⁷.
1732 3964 1827 4017 llle
1858 3964 2077 4018 demum

2189 3971 2457 4042 Δαυῖτικὴ
2518 3969 2670 4040 φωνὴ
2719 3971 2753 4040 ἡ
2805 3968 3072 4037 λέγουσα⁹
3125 3965 3370 4022 Λάκκον
3425 3964 3628 4034 ὤρυξε,
3664 3959 3743 4014 καί

492 4051 672 4117 locus,
703 4068 732 4107 a
771 4056 1051 4125 congestis
1100 4056 1173 4110 ibi
1218 4056 1513 4126 lapidibus,
1547 4071 1719 4127 usque
1751 4057 1817 4111 ad
1864 4057 2077 4112 hodier-

2190 4060 2547 4130 ἀνέσκαψεν
2576 4061 2786 4115 αὐτόν·
2810 4058 2906 4113 καὶ
2935 4058 3286 4127 ἐπιστρέψει
3317 4060 3350 4110 ὀ
3372 4057 3557 4120 πόνος
3584 4049 3742 4107 αὐτοῦ

493 4160 628 4202 num
663 4146 829 4215 diem,
860 4164 1091 4206 acervus
1119 4149 1442 4220 appellatur.

2189 4155 2276 4219 είς
2315 4151 2594 4221 κεφαλὴν
2647 4150 2859 4205 αὐτοῦ.
2907 4150 2968 4202 '0
2992 4148 3050 4203 δὲ
3080 4150 3245 4212 τόπος
3300 4148 3507 4209 ἐκεῖνος
3535 4145 3618 4198 διὰ
3642 4142 3743 4205 τοὺς

2194 4244 2562 4315 συναχθέντας
2612 4243 2699 4299 ἐπ’
2730 4243 2879 4314 αὐτῷ
2912 4240 3095 4304 λίθους
3139 4238 3316 4312 σωρὸς
3344 4238 3569 4311 ἐκλήθη,
3609 4234 3743 4307 μέχρι

2191 4338 2290 4409 τῆς
2323 4339 2585 4410 σήμερον.

2222 4474 2229 4483 .
2267 4431 2415 4497 KQ".
2461 4429 2620 4483 Κατὰ
2659 4428 2716 4482 δὲ
2758 4427 2856 4500 τὴν
2895 4426 2990 4482 τοῦ
3021 4426 3287 4499 βασιλέως
3322 4427 3567 4481 κέλευε-ιν
3608 4424 3633 4475 ὁ
3662 4420 3743 4473 Eu-

2200 4520 2346 4593 μεὼν
2392 4522 2517 4584 τοὺς
2571 4519 2823 4591 μαθητὰς
2873 4518 3289 4575 Κωνσταντίνου
3314 4520 3373 4572 ἑν
3432 4512 3745 4611 Ἐκκλησίὲις

2193 4613 2330 4668 Θεοῦ
2386 4614 2524 4685 πρὸς
2566 4611 2901 4685 ἐπιστροφὴν
2947 4611 3361 4683 παραδέδωκενο
3411 4609 3522 4665 ἀλλ’
3556 4608 3745 4678 ἔμειναν

2194 4706 2617 4776 ἀνεπίστροφοι,
2666 4704 2868 4776 μᾶλλον
2911 4702 3161 4773 ἑλόμενοι
3195 4702 3650 4772 συναποθνήσκειν
3691 4694 3743 4761 τῇ

2194 4798 2403 4852 ἑαυτῶν
2449 4798 2641 4867 κακίᾳ,
2681 4797 2715 4868 ἦ
2748 4796 2839 4850 διὰ
2868 4797 3157 4867 μετανοίας
3194 4795 3285 4849 τὸν
3316 4794 3449 4848 Θεὸν
3487 4788 3745 4859 ἐξιλεὼσαν

2198 4894 2345 4955 σθαι,
2386 4892 2481 4946 καὶ
2514 4890 2791 4962 σωτηρίας
2834 4889 3053 4942 αἰωνίου
3092 4890 3369 4957 ἐπιτυχεῖν
3390 4903 3405 4918 ·
3434 4884 3523 4947 οὓς
3551 4878 3743 4949 ἀνακρί-

2196 5004 2291 5049 νας
2317 4987 2344 5037 ὁ
2394 4983 2643 5055 Συμεὼν,
2689 4984 2783 5037 καὶ
2809 4981 3056 5054 ἀμύητος
3082 4981 3156 5034 ὢν
3192 4980 3381 5051 θεῖκῆς
3410 4974 3739 5032 παιδεύσεως.

2199 5080 2400 5151 μᾶλλον
2422 5079 2479 5132 δὲ
2505 5078 2705 5146 κοῦφος
2728 5078 2849 5139 ταῖς
2875 5076 3069 5147 φρεσὶν
3096 5075 3380 5145 ὑπάρχων,
3408 5072 3503 5142 τὴν
3525 5065 3742 5135 ὀλεθρίαν

2196 5172 2399 5243 ταύτην
2424 5171 2625 5241 ἔμαθεν
2652 5168 2897 5239 αἵρεσινο
2927 5169 3020 5221 καὶ
3053 5166 3382 5236 άνακάμψας
3407 5163 3536 5233 πρὸς
3562 5160 3644 5212 τὸν
3661 5158 3739 5226 βα·

2201 5263 2371 5327 σιλέα,
2418 5263 2511 5316 καὶ
2554 5260 2744 5331 τριετῆ
2795 5257 2984 5329 χρόνον
3014 5255 3303 5325 ἐπιμείνας
3338 5255 3739 5306 Κωνσταντινου-

2200 5352 2372 5418 πόλει,
2410 5350 2550 5404 οίκοι
2585 5349 2782 5420 μένων,
2818 5348 3036 5410 τελείως
3065 5344 3379 5416 ἑνεργηθεὶς
3410 5342 3509 5395 ὑπὸ
3533 5337 3616 5392 τοῦ
3646 5335 3741 5387 δια·

2198 5445 2378 5508 ϐόλου,
2442 5441 2758 5498 καταλιπὼν
2806 5441 3043 5504 ἅπαντα,
3088 5438 3363 5510 λαθραίως
3405 5432 3634 5502 ἁπέδραο
3661 5426 3736 5479 καὶ

2178 1931 2537 2003 καλούμενον,
2568 1930 2944 2002 παραγγείλας
2980 1930 3132 2000 αὐτῷ
3161 1930 3508 2001 λιθοϐολῆσαι
3546 1929 3633 1983 τὸν
3656 1930 3740 1998 τῆς

2177 2025 2376 2088 κακίας
2393 2025 2652 2095 ἐργάτην,
2674 2025 2796 2087 τοὺς
2812 2022 3144 2093 δὲιμαθητας
3161 2022 3352 2087 αὑτοῦ,
3374 2022 3450 2085 ὡς
3469 2021 3527 2088 ἑξ
3548 2022 3741 2088 ἀγνοίας

2178 2115 2580 2188 ἀπατηθέντας,
2612 2118 2669 2168 ἐν
2716 2115 3064 2187 Ἐκκλησίαις
3096 2114 3230 2169 Θεοῦ
3258 2115 3401 2187 πρὸς
3434 2114 3739 2187 ἐπιστροφὴν

2179 2210 2559 2283 παραδοθῆναι
2607 2210 2705 2265 καὶ
2731 2210 3041 2282 διόρθωσιν,
3081 2212 3131 2263 εί
3156 2209 3251 2263 καὶ
3280 2208 3746 2280 άδιόρθωτοιὲμει-

2177 2319 2317 2357 ναν··
2365 2303 2502 2372 ὅπερ
2545 2302 2640 2356 καί¹
2668 2303 2913 2370 γέγονεν,
2963 2299 3165 2354 Ἐλθὼν
3205 2301 3316 2373 γὰρ
3346 2302 3376 2354 ὁ
3405 2300 3625 2372 Συμεὼν
3663 2301 3739 2352 καὶ

2178 2394 2515 2465 παραλαϐὼν
2544 2394 2676 2463 μεθ’
2709 2393 2903 2447 ἑαυτοῦ
2959 2411 3079 2447 τινα
3115 2394 3224 2446 τῶν
3270 2395 3453 2446 ἐκεῖσε
3492 2393 3740 2463 ἀρχόντων

2177 2485 2417 2558 τοῦνομα
2450 2488 2745 2557 Τρύφωνα.
2803 2487 2898 2540 καὶ
2931 2487 3220 2556 γενόμενος
3277 2486 3377 2541 ἐπὶ
3428 2485 3522 2540 τοῦ
3574 2486 3737 2545 τόπον,

2180 2578 2547 2648 συλλαμϐάνει
2596 2578 2723 2641 τοὺς
2753 2578 2962 2642 πάντας
3008 2579 3101 2631 καὶ
3136 2578 3371 2646 ἐνέγκας
3406 2579 3597 2641 αὐτοὺς
3621 2578 3741 2630 κατὰ

2171 2655 2239 2726 τὸ
2266 2673 2451 2726 νότιον
2479 2674 2646 2744 μέρος
2672 2673 2765 2725 τοῦ
2813 2673 3052 2743 κάστρου
3088 2672 3427 2736 Κολωνείας,
3462 2672 3634 2740 ἵστησι
3663 2670 3739 2722 τὸν

2177 2767 2413 2821 δείλαιον
2446 2767 2543 2820 καὶ
2585 2766 2713 2829 τοὺς
2743 2765 2909 2819 αὐτοῦ
2963 2764 3214 2835 μαθητὰς
3242 2765 3536 2818 κατέναντι
3575 2760 3740 2823 αὑτοῦ,

2178 2854 2258 2922 οἷς
2281 2860 2376 2913 καὶ
2404 2857 2847 2931 παρεκελεύσατο
2884 2856 3231 2928 λιθοϐολῆσαι
3262 2856 3449 2910 αὐτόν.
3476 2856 3537 2909 Οἱ
3565 2854 3615 2907 δὲ
3635 2854 3741 2916 τοὺς

564 4426 755 4483 XXVI.
784 4427 953 4484 Porro
976 4428 1324 4486 Constantini
1342 4430 1639 4501 discipulos
1657 4429 1903 4498 Simeon,
1927 4440 2091 4502 prout

498 4516 800 4604 imperator
826 4520 1202 4586 mandaverat,
1248 4522 1508 4577 Ecclesia:
1548 4524 1950 4579 convertendos
1977 4534 2090 4579 tra-

497 4610 640 4665 didit
669 4611 801 4676 ;sed
833 4612 889 4666 hi
913 4614 1263 4669 conversioni
1301 4616 1658 4680 reluctantes,
1690 4617 2005 4672 maluerunt
2034 4619 2087 4672 in

496 4705 719 4773 propria
743 4706 946 4760 malitia
975 4708 1139 4773 mori,
1171 4724 1336 4778 quam
1375 4710 1693 4779 paenitentia
1742 4711 1912 4765 Deum
1962 4728 2091 4782 pro-

495 4794 692 4865 pitiare
710 4805 873 4866 atque
895 4807 1155 4853 :eternam
1183 4801 1412 4854 salutem
1431 4801 1714 4870 consequi.
1740 4801 1883 4856 Ecce
1909 4811 2090 4856 autem

495 4886 627 4942 dum
667 4889 722 4943 in
762 4889 863 4945 hos
904 4890 1213 4961 inquireret
1246 4892 1491 4958 Simeon,
1532 4893 1660 4963 quia
1706 4892 1908 4947 divime
1971 4902 2092 4949 erat

496 4981 859 5038 institutionis
906 5000 1124 5053 expers,
1157 4985 1255 5040 sed
1304 4994 1358 5039 et
1407 4984 1510 5039 levi
1574 4997 1759 5040 mente
1806 4986 2085 5055 praeditus,

497 5076 861 5143 perniciosam
890 5078 1032 5131 illam
1068 5076 1368 5133 condidicit
1401 5077 1650 5132 haeresim
1676 5070 2089 5149 ;‘reversusque

498 5168 564 5222 ad
591 5168 999 5239 imperatorem,
1019 5180 1075 5224 et
1107 5169 1345 5223 triennio
1372 5168 1847 5240 Constantinopoli
1869 5180 2086 5236 exacto,

500 5259 648 5314 domi
672 5276 784 5315 sua:
822 5277 1069 5327 manens,
1108 5277 1136 5313 a
1167 5262 1383 5317 diabolo
1416 5274 1539 5314 mox
1579 5262 1839 5331 percitus,
1874 5264 2090 5318 cunctis

502 5353 729 5417 relictis,
765 5354 904 5408 clam
936 5355 1168 5425 aufugit,
1236 5354 1575 5422 veniensque
1628 5354 1695 5407 ad
1746 5355 1946 5410 dictam
1994 5355 2089 5409 Ci-

505 5446 745 5512 bossam,
782 5447 1081 5517 discipulos
1121 5446 1467 5505 Constantini
1502 5446 1762 5519 collegit;
1796 5448 2089 5518 factusque

546 5582 591 5613 ³⁷
620 5582 758 5637 Psal.
788 5598 886 5648 vn,
916 5582 1003 5649 16,
1042 5584 1127 5639 l7.

1798 5681 2035 5737 VARIIE
2095 5679 2509 5739 LECTIONES.

624 5829 653 5868 ἰ
686 5819 747 5874 Β.
775 5819 1161 5891 καταλλειψας.
1222 5833 1243 5861 τ
1276 5823 1437 5880 Deest
1462 5824 1541 5887 εἰς
1580 5825 1720 5895 apud
1759 5822 1824 5878 Β.
1905 5835 1927 5863 ι
1968 5824 2033 5881 Β.
2065 5825 2225 5879 ἀπεδ.
2310 5826 2326 5860 ι
2360 5824 2521 5879 Deest
2558 5821 2665 5891 γὰρ
2691 5818 2833 5890 apud
2863 5819 2927 5873 ιι.
3014 5830 3040 5858 ιι
3073 5816 3137 5870 lt.
3173 5822 3227 5870 et
3264 5814 3382 5873 eod.
3422 5802 3726 5863 Σαλουάνουςο
