3928 6246
520 241 658 304 1283

1915 238 2140 300 PETRI
2194 236 2448 300 SICULI

3631 235 3744 298 1234
3825 205 3830 210 ⁷

511 352 827 416 Theodoro,
885 351 1010 423 fuga
1064 352 1286 423 elapsus
1319 352 1469 408 venit
1528 351 1856 423 Episparim,
1891 351 1959 404 de
1990 365 2100 420 quo

2217 346 2243 400 ί.
2278 347 2438 415 101.ι
2467 349 2754 417 Γεγνέσιος
2801 347 2900 402 καὶ
2928 345 3224 419 Θεόδωρος,
3279 343 3394 418 μεθ’
3420 340 3493 398 ὧν
3525 347 3608 399 καὶ
3635 350 3748 401 ἁπο-

506 462 647 517 pago
671 447 784 516 jam
815 445 1076 508 diximus,
1107 446 1197 499 ubi
1233 444 1409 500 fusius
1431 446 1499 500 de
1549 445 1721 500 Paulo
1769 459 1833 499 ac
1891 443 2106 499 Joanne

509 537 882 592 Samosatensi
910 538 1072 592 verba
1105 537 1356 604 fecimus,
1393 539 1675 593 Callinica:
1708 537 1868 600 ﬁliis;
1926 553 1955 590 a
1997 551 2107 606 quo

505 627 675 682 Paulo
707 627 1001 683 Pauliciani
1037 645 1134 698 pro
1169 628 1482 684 Maniclueis
1506 628 1925 684 transuominati
1951 635 2104 682 sunt.

507 721 800 776 Promovet
832 721 1016 790 itaque
1050 722 1250 777 Paulus
1285 723 1452 776 lilium
1485 738 1646 777 suum
1677 721 2008 791 Gegncsium
2039 720 2110 774 ad

508 814 807 883 impietatis
863 815 1267 883 magisterium,
1319 829 1482 884 quem
1539 814 1703 868 etiam
1756 811 2107 866 Timotheum

508 908 866 977 nuncupavit.
909 908 1170 961 Coortum
1204 917 1286 962 est
1320 917 1501 961 tamen
1535 907 1677 960 inter
1723 905 1861 961 duos
1912 904 2110 958 fratres

511 998 844 1071 Gegnesium
903 1016 964 1054 ac
1020 1000 1374 1055 Theodorum
1413 1000 1724 1061 dissidium,
1779 999 1906 1052 dum
1963 997 2111 1067 prior

512 1092 722 1147 diceret
753 1109 811 1148 se
840 1093 1082 1148 divinam
1115 1093 1351 1164 Spiritus
1379 1093 1605 1164 gratiam
1638 1091 1933 1161 recepisse,
1963 1091 2101 1144 alter

511 1183 753 1239 vicissim
789 1200 847 1239 se
894 1185 947 1238 iu
989 1200 1115 1239 cum
1167 1186 1394 1257 gradum
1433 1184 1774 1239 obtruderct.
1822 1185 2000 1251 Atque
2035 1181 2110 1235 ita

511 1283 703 1329 mutuo
734 1275 1081 1337 dissidentes,
1136 1292 1462 1346 summoque
1508 1276 1636 1329 odio
1685 1275 1996 1345 ﬂagrantes,
2053 1273 2111 1327 hi

507 1367 888 1422 abominanda:
917 1377 1082 1423 sectze
1118 1369 1380 1438 praesides
1413 1383 1584 1439 usque
1634 1368 1702 1422 ad
1748 1366 1875 1423 vitae
1921 1365 2110 1420 termi-

509 1474 638 1513 1111111
671 1469 1116 1531 perseverarunt.

579 1735 773 1791 XXIX.
807 1736 1106 1808 imperator
1147 1737 1315 1793 rebus
1361 1737 1560 1791 horum
1616 1736 1900 1791 hominum
1949 1737 2113 1790 intel-

511 1830 663 1884 lectis
689 1831 844 1898 (erat
875 1831 920 1883 is
944 1839 1074 1882 tunc
1098 1828 1209 1883 Leo
1245 1827 1558 1897 Isauricus)
1589 1828 1657 1882 ad
1683 1843 1741 1881 se
1767 1827 2099 1898 Gegnesium

511 1923 817 1988 accersivit,
850 1938 946 1977 seu
977 1921 1328 1976 Timotheum
1361 1923 1445 1976 vel
1493 1922 1675 1991 potius
1705 1921 2114 1993 Thymotheum

512 2015 688 2086 (iram
729 2015 866 2085 Dei)
926 2024 981 2068 et
1030 2015 1098 2068 ad
1135 2012 1817 2084 Coustantinopolitanum
1877 2013 2113 2083 patriar-

511 2107 674 2160 cham
730 2106 880 2162 misit
931 2125 944 2160 :
996 2108 1083 2162 cui
1136 2107 1394 2177 praesenti
1428 2108 1738 2178 patriarcha
1760 2107 1835 2162 ait
1873 2106 2025 2161 :Cur
2057 2115 2115 2161 tu

513 2198 678 2252 ﬁdem
706 2198 1086 2269 [orthodoxam
1145 2198 1396 2270 negasti?
1434 2200 1486 2252 ls
1534 2206 1721 2253 contra
1765 2217 1778 2252 :
1814 2199 2117 2252 Anathema

512 2290 673 2344 ﬁdem
705 2291 1068 2345 orthodoxam
1098 2292 1317 2362 neganti
1345 2309 1359 2358 ;
1390 2291 1723 2362 intelligebat
1743 2300 1924 2346 autem
1955 2292 2116 2346 fidem

511 2381 872 2435 orthodoxam
903 2397 1026 2436 esse
1074 2382 1324 2436 haeresim
1385 2397 1561 2436 suam.
1619 2381 1832 2436 Rursus
1887 2384 2117 2452 patriar-

511 2474 614 2528 cha
646 2491 660 2528 :
690 2473 800 2528 Cur
826 2490 936 2528 non
980 2475 1180 2540 credis,
1211 2491 1389 2544 neque
1441 2475 1766 2545 obsequium
1821 2477 2116 2531 venerabili

512 2567 662 2622 cruci
693 2569 964 2623 exhibes?
992 2569 1060 2622 Et
1087 2569 1175 2622 ille
1213 2588 1226 2622 :
1262 2571 1565 2624 Anathema
1607 2585 1714 2624 non
1745 2569 1993 2624 adoranti
2023 2585 2119 2624 ne-

512 2675 620 2730 que
651 2661 854 2716 colenti
875 2662 1242 2716 venerandam
1267 2662 1650 2732 vivificamque
1673 2679 1917 2719 crucem.
1947 2664 2118 2720 Porro

517 2767 737 2807 crucem
770 2753 1108 2824 intelligchat
1163 2753 1438 2809 Christum
1475 2756 1672 2824 ipsum,
1711 2765 1982 2825 quatenus
2005 2773 2114 2810 ma-

515 2859 687 2898 nuum
714 2845 1034 2900 extensione
1060 2861 1279 2900 crucem
1309 2847 1580 2901 cllormat.
1622 2847 1834 2902 Rursus
1857 2863 1979 2902 eum
2034 2849 2118 2902 in-

518 2938 829 3008 terrogabat
860 2958 873 2993 :
909 2937 1019 2992 Cur
1047 2956 1155 2994 non
1187 2941 1321 2995 colis
1347 2924 1538 3010 neque‘
1564 2943 1843 2996 veneraris
1872 2951 2116 2996 sanctam

516 3030 852 3100 Deiparam?
907 3032 1001 3087 Ille
1061 3042 1301 3088 autem:
1362 3035 1665 3089 Anathema
1733 3051 1845 3090 non
1915 3034 2117 3090 colenti

517 3122 918 3178 sanctissimam
952 3125 1261 3194 Deiparam,
1297 3126 1352 3179 in
1387 3133 1549 3195 quam
1608 3126 1874 3181 Dominus
1925 3137 2114 3181 noster

514 3215 678 3271 Jesus
705 3216 961 3272 Christus
999 3217 1242 3281 introiit,
1285 3229 1532 3273 nostrum
1563 3221 1808 3274 omnium
1843 3219 2068 3274 Matrem
2096 3237 2110 3286 ;

516 3308 832 3380 intelligens
859 3309 1070 3365 scilicet
1111 3327 1403 3382 supernam
1454 3309 1780 3377 Jerusalem,
1834 3313 1889 3366 in
1946 3330 2110 3383 quam

514 3397 828 3457 Praecursor
851 3412 1040 3457 noster
1069 3402 1345 3474 ingressus
1375 3417 1459 3459 est
1483 3406 1757 3460 Christus.
1818 3405 2008 3461 Denuo
2038 3407 2114 3461 illi

517 3495 825 3565 patriarcha
863 3515 876 3550 :
909 3496 1020 3551 Cur
1061 3486 1272 3551 Domini
1307 3499 1477 3552 nostri
1505 3497 1638 3552 .lesu
1669 3499 1875 3553 Christi
1919 3501 2116 3554 imma-

515 3588 755 3643 culatum
786 3587 896 3659 34
923 3591 1124 3658 corpus
1175 3605 1238 3643 ac
1272 3576 1586 3659 pretiosum
1649 3591 1972 3662 sanguinem
2005 3607 2116 3646 non

517 3681 715 3745 sumis,
756 3682 850 3737 sed
883 3697 947 3736 ea
991 3682 1173 3751 potius
1205 3683 1488 3752 despicis?
1516 3682 1893 3756 Thymotheus
1927 3700 2060 3740 vero
2101 3705 2114 3740 :

516 3773 822 3828 Anathema
859 3790 969 3828 non
1023 3775 1261 3829 sumcnti
1311 3776 1396 3829 vel
1432 3779 1748 3846 aspernanti
1789 3793 1992 3848 corpus
2054 3793 2117 3833 ac

516 3865 843 3937 sanguinem
879 3865 1101 3920 Domini
1163 3868 1338 3921 nostri
1363 3865 1493 3922 .lesu
1522 3869 1772 3936 Christi,
1807 3871 1972 3926 verba
2004 3873 2116 3927 sci-

515 3958 645 4013 licet
667 3959 810 4013 illius
841 3958 1176 4031 intelligens.
1211 3961 1442 4031 Insuper
1481 3962 1550 4016 de
1605 3972 1791 4018 sancta
1841 3965 2115 4022 catholica

515 4059 574 4106 et
601 4052 898 4122 apostolica
934 4053 1176 4107 Ecclesia
1233 4053 1620 4126 interrogatus,
1671 4055 1788 4124 pari
1828 4057 1989 4111 modo
2034 4073 2119 4112 re-

518 4147 846 4216 Spondchat,
888 4146 1209 4202 catholicam
1264 4157 1448 4202 tamen
1485 4149 1786 4205 Ecclesiam
1839 4153 2119 4222 appellans

517 4240 767 4310 syncdria
828 4239 1276 4296 Manichzcorum.
1325 4243 1392 4297 Et
1430 4243 1499 4298 de
1549 4243 1820 4315 baptismo
1861 4248 2117 4302 similiter

515 4330 863 4400 loquebatur,
927 4332 1217 4387 Dominum
1273 4333 1462 4389 Jcsum
1515 4335 1800 4392 Christum
1848 4337 2108 4408 baptismi

515 4424 739 4478 nomine
773 4423 1104 4495 intelligens,
1142 4435 1199 4479 et
1231 4426 1378 4481 aliud
1420 4427 1601 4492 nihil;
1656 4431 1784 4499 quia
1844 4430 2112 4500 scriptum

518 4521 604 4568 cst
637 4532 650 4567 :
686 4513 798 4586 Ego
833 4531 949 4568 sum
986 4533 1127 4586 aqua
1170 4518 1344 4572 vivens
1379 4519 1444 4572 ³³.
1478 4517 1656 4592 Atque
1694 4523 1763 4575 ita
1795 4521 1982 4576 omnia
2007 4523 2117 4577 dis-

520 4615 783 4678 torquens
836 4608 1232 4681 Thymothcus,
1267 4612 1406 4667 etin
1465 4613 1696 4685 singulis
1751 4616 2120 4670 anathemati-

521 4715 671 4765 zans,
710 4701 827 4757 vitii
876 4718 1074 4771 expers
1097 4705 1342 4761 creditus
1371 4716 1484 4772 est;
1519 4691 1855 4778 aeceptoque
1883 4707 1951 4762 ab
2010 4707 2118 4761 im-

517 4802 768 4863 peratore
786 4793 982 4864 sigillo,
1003 4794 1165 4850 rediit
1190 4796 1512 4867 Episparim,
1534 4799 1886 4869 collectisque
1899 4800 2116 4856 cunctis

518 4885 801 4957 discipulis
824 4887 956 4953 suis,
983 4888 1237 4959 migravit
1255 4889 1322 4942 ad
1350 4890 1460 4943 Deo
1492 4890 1723 4948 invisam
1761 4891 2110 4957 Illauanalim,

518 4978 666 5033 unde
690 4978 793 5034 fuit
819 4981 1086 5035 oriundus
1135 4980 1426 5048 prmdictus
1456 4981 1870 5039 Constantinus.
1907 4983 2115 5040 Deinde

517 5073 719 5128 multos
747 5089 921 5130 annos
949 5073 1024 5129 ibi
1068 5081 1438 5130 commoratus
1461 5117 1478 5144 ,
1511 5084 1567 5132 et
1613 5078 1668 5133 in
1720 5095 1990 5134 summam
2025 5081 2111 5134 in-

588 5191 632 5224 ³³
661 5190 822 5247 Joan.
848 5207 925 5256 1v,
957 5191 1044 5257 10.

2209 440 2510 509 διδράσκει,
2543 442 2764 512 ἔρχεται
2791 442 2872 505 είς
2915 441 3244 510 Ἐπίσπαριν
3273 439 3371 509 τὴν
3401 438 3746 510 προλεχθεῖσαν

2211 535 2344 602 ἡμῖν
2383 534 2442 585 ὲν
2492 536 2605 598 τοῖς
2657 535 2744 587 διὰ
2801 533 3064 598 πλάτους,
3121 535 3210 586 ὅτε
3268 530 3395 600 περὶ
3431 530 3627 584 Παύλου
3671 533 3750 585 καὶ

2223 626 2472 681 Ἰωάννου
2517 629 2626 681 τῶν
2669 628 3070 698 Σαμωσοιτέων,
3119 627 3228 680 τῶν
3281 627 3410 678 υἱῶν
3465 624 3750 695 Καλλινίκης

2211 719 2494 790 ἐλέγομεν,
2526 720 2618 788 ἀφ’
2641 713 2703 795 οῦ
2742 720 2978 784 Παύλου,
3013 719 3106 773 καὶ
3129 718 3499 779 Παυλικιάνοι,
3525 717 3633 768 ἀντὶ
3657 718 3752 771 Μα-

2211 815 2436 884 νιχαίων
2461 814 2985 884 μετωνομάσθησαν.
3028 814 3070 865 11
3081 811 3396 882 ροϐἁλλεται
3420 811 3510 864 οὖν
3531 815 3558 865 6
3582 811 3751 874 Παῦλος

2211 907 2305 960 τὸν
2335 906 2532 960 ἑαυτοῦ
2575 907 2689 959 υἱον
2720 905 3011 974 Γεγνέσιον
3059 906 3138 968 εἰς
3165 904 3229 956 τὸ
3257 904 3358 972 τῆς
3395 904 3662 974 ἀθεότητος
3689 905 3751 956 δι-

2213 999 2556 1065 δασκαλεῖον,
2608 999 2668 1052 ὃν
2699 999 2795 1052 καὶ
2829 996 3096 1066 Τιμόθεον
3153 994 3542 1066 μετονομάζει·
3573 997 3656 1047 καὶ
3689 996 3754 1061 γί-

2213 1111 2363 1149 νεται
2399 1092 2589 1156 στάσις
2622 1091 2825 1162 μεταξὺ
2877 1089 3204 1160 ἀμφοτέρων
3244 1088 3350 1141 τῶν
3391 1088 3640 1158 ἀδελφῶν,
3680 1088 3754 1140 Γε-

2218 1187 2458 1256 γνεσίου,
2485 1186 2649 1257 φημὶ,
2669 1186 2762 1238 καὶ
2783 1182 3059 1253 Θεοδώρου
3082 1200 3096 1214 ·
3118 1181 3213 1235 τοῦ
3242 1181 3340 1252 μὲν
3366 1181 3606 1249 λέγοντος
3632 1180 3755 1250 χάριν

2215 1280 2497 1351 εἰληφέναι
2543 1279 2733 1349 θεῖκὴν
2785 1278 2883 1348 τὴν
2930 1276 3026 1330 τοῦ
3078 1275 3430 1346 Πνεύματος·
3463 1273 3520 1326 τὸ
3548 1273 3598 1326 δὲ
3628 1273 3755 1325 πάλιν

2215 1374 2406 1426 ἑαυτὸν
2434 1372 2524 1424 ἐπὶ
2545 1371 2704 1423 τοῦτο
2728 1369 3170 1441 προϐαλλομένου
3193 1384 3207 1398 ·
3245 1368 3340 1420 καὶ
3368 1364 3536 1428 οὕτως
3559 1367 3629 1428 εἰς
3653 1366 3772 1432 ίαν-γ

2213 1464 2342 1526 τοὺς
2373 1461 2759 1525 στασιάζοντες
2799 1461 2892 1514 καὶ
2924 1459 3130 1512 τέλειον
3164 1461 3317 1528 μῖσος
3346 1457 3598 1526 ἀλλήλους
3628 1455 3758 1525 μισή-

2218 1571 2410 1618 σαντες
2458 1556 2508 1607 οἱ
2547 1554 2644 1607 τοῦ
2688 1552 2896 1623 μύσους
2943 1555 3262 1625 προστάται,
3311 1550 3584 1621 διέμειναν
3625 1547 3761 1611 οὕτως

2223 1647 2384 1719 μέχρι
2414 1646 2604 1708 τέλους
2637 1645 2785 1717 ζωῆς
2818 1645 3022 1700 αὐτῶν.

2151 1731 2190 1785 Β
2292 1737 2420 1790 KB'.
2479 1739 2536 1790 '0
2567 1736 2623 1789 δὲ
2661 1737 2915 1807 βασιλεὺς
2957 1737 3028 1788 τὰ
3062 1732 3424 1806 περὶτούτων
3453 1731 3670 1794 ἀκούσας
3694 1725 3763 1800 (ἦν

2218 1833 2274 1885 δὲ
2321 1829 2626 1901 τηνικαῦτα
2671 1829 2822 1882 Λέων
2864 1831 2892 1880 6
2929 1810 3231 1899 Ἰσαυρος),
3276 1822 3763 1896 μεταστέλλεταιτὸν

2218 1925 2506 1992 Γεγνέσιον
2533 1923 2622 1976 τὸν
2649 1922 2743 1975 καὶ
2767 1921 2860 1975 τὸν
2889 1921 3177 1992 Τιμόθεον,
3217 1920 3420 1991 μᾶλλον
3434 1918 3490 1972 δὲ
3513 1916 3763 1988 Θυμὸθεον,

2219 2019 2313 2071 καὶ
2354 2016 2718 2087 παραπέμπει
2752 2015 2915 2068 αὑτὸν
2950 2015 3088 2086 προς
3121 2014 3219 2089 ,τὸν
3267 2012 3608 2084 πατριάρχην
3637 2011 3762 2062 Κων-

2220 2109 2722 2171 σταντινουπόλεως
2743 2125 2755 2137 ·
2789 2108 2864 2167 ὡς
2911 2107 2967 2161 δὲ
3001 2103 3140 2160 εἶδεν
3169 2105 3332 2159 αὑτὸν
3361 2106 3390 2157 6
3434 2104 3764 2176 πατριάρχης,

2219 2203 2368 2271 λέγει
2400 2203 2580 2273 αύτῷ·
2624 2203 2722 2255 Διὰ
2751 2201 2805 2253 τί
2848 2201 3075 2272 ἠρνήσω
3113 2199 3212 2270 τὴν
3272 2197 3552 2268 ὀρθοδοξον
3593 2196 3766 2256 πίστιν;

2235 2297 2293 2350 '(l
2324 2296 2380 2350 δὲ
2411 2296 2582 2364 λέγει·
2646 2292 2918 2361 Ἀνάθεμα
2957 2291 3052 2344 τὸν
3100 2289 3484 2361 ἀρνησάμενον
3517 2286 3609 2357 τὴν
3647 2283 3771 2355 ὀρθό-

2219 2387 2372 2452 ὃοξον
2403 2386 2586 2439 πίστιν
2606 2403 2618 2413 ·
2651 2384 2806 2452 ἔλεγε
2836 2384 2891 2436 δὲ
2920 2381 3202 2453 ὀρθόδοξον
3235 2381 3445 2442 πίστιν,
3476 2379 3570 2447 τὴν
3597 2377 3770 2429 οἰκείαν

2220 2479 2456 2550 αἵρεσιν.
2510 2477 2621 2530 Kal
2659 2478 2686 2529 6
2722 2475 3069 2546 πατριάρχης
3110 2472 3272 2527 πάλιν
3304 2472 3459 2540 λέγει
3484 2488 3498 2500 ·
3545 2471 3636 2523 Διὰ
3659 2468 3702 2521 τί
3724 2468 3770 2519 οὐ

2223 2573 2501 2636 πιστεύεις
2528 2573 2620 2625 καὶ
2651 2571 2979 2640 προσκυνεῖς
3024 2569 3116 2621 τὸν
3148 2567 3330 2636 τίμιον
3359 2563 3618 2634 σταυρόν;
3661 2563 3707 2615 '0

2221 2669 2393 2737 λέγει·
2445 2654 2719 2736 ’Ᾰνάθεμα
2743 2665 2835 2716 τὸν
2875 2664 2949 2733 μὴ
2988 2658 3405 2732 προσκυνοῦντα
3432 2658 3523 2709 καὶ
3553 2656 3620 2726 μὴ
3650 2649 3773 2705 σεϐό-

2226 2780 2384 2834 μενον
2429 2761 2520 2814 τὸν
2552 2758 2734 2830 τίμιον
2777 2757 2872 2810 καὶ
2920 2755 3182 2820 ζωοποιδν
3247 2753 3506 2823 σταυρόν·
3558 2748 3691 2815 ἔλεγε
3731 2745 3773 2796 δὲ

2225 2855 2480 2925 σταυρὸν,
2533 2851 2692 2925 [cui].
2749 2851 2786 2904 l'.
2821 2850 2915 2903 IOI
2953 2847 3046 2918 b.]
3091 2847 3183 2898 τὸν
3222 2843 3464 2913 Χριστὸν
3491 2845 3554 2912 τῇ
3593 2840 3774 2894 ἐκτάσει

2223 2949 2332 3002 τῶν
2359 2946 2558 3020 χειρῶν
2590 2945 2823 3016 σταυρὸν
2871 2939 3261 2995 ἀποτελοῦντα.
3313 2937 3424 2991 Καὶ
3451 2936 3608 2989 πάλιν
3628 2931 3774 3004 ἐρωτᾷ

2146 3075 2189 3132 C
2224 3040 2525 3109 αὐτόν-ςΔιᾶι
2557 3041 2609 3092 τί
2638 3038 2698 3091 ού
2720 3035 2852 3107 σέϐῃ
2881 3034 2976 3088 καὶ
2996 3034 3328 3104 προσκυνεῖς
3355 3031 3454 3098 τὴν
3483 3028 3637 3096 ἁγίαν
3670 3026 3774 3078 Θεο-

2220 3136 2417 3199 τόκον;
2466 3132 2522 3185 '0
2545 3132 2601 3184 δέ
2645 3144 2831 3200 φησιν·
2881 3127 3154 3196 Ἀνάθεμα
3182 3124 3274 3177 τὸν
3314 3123 3390 3194 μὴ
3413 3120 3776 3192 προσκυνοῦντα

2220 3229 2319 3301 τὴν
2347 3229 2627 3294 παναγίαν
2651 3224 2935 3287 Θεοτὸκον,
2965 3225 3022 3274 ἐν
3109 3216 3360 3287 εἰσῆλθεν
3382 3219 3412 3270 ὁ
3438 3215 3634 3285 Κύριος
3651 3207 3775 3282 ἡμῶν

2235 3321 2443 3393 Ἰησοῦς
2484 3319 2742 3390 Χριστὸς,
2786 3317 2885 3388 τὴν
2924 3314 3137 3386 μητέρα
3170 3312 3395 3365 πάντων
3439 3308 3625 3380 ήμῶν·
3653 3306 3774 3370 ἔλεγε

2219 3417 2277 3470 δὲ
2310 3413 2516 3484 ταύτην
2547 3406 2686 3465 εἶναι
2723 3411 2823 3480 τὴν
2856 3409 2969 3463 ἄνω
3010 3403 3402 3474 Ἰερουσαλὴμ,
3433 3404 3492 3456 ὲν
3582 3398 3774 3469 πρόδρο-

2227 3525 2324 3579 μος
2364 3506 2507 3577 ὑπὲρ
2555 3503 2716 3576 ἡμῶν
2765 3500 2984 3574 εἰσῆλθε
3017 3498 3272 3570 Χριστός.
3320 3497 3434 3550 Kal.
3477 3494 3634 3548 πάλιν
3670 3489 3776 3558 πρὸς

2224 3578 2387 3655 αὐτόν
2420 3614 2585 3668 φησιν
2624 3597 2652 3648 ὁ
2697 3592 3083 3665 πατριάρχης·
3118 3588 3218 3642 Διὰ
3265 3588 3322 3642 τί
3369 3588 3432 3642 ού
3467 3578 3775 3658 μεταλαμϐά-

2222 3711 2330 3756 νεις
2358 3691 2468 3762 (34)
2500 3689 2593 3743 τοῦ
2616 3689 2888 3761 ἀχράντ-ιυ
2915 3684 3167 3756 σώματος
3194 3683 3290 3737 καὶ
3314 3681 3413 3737 τοῦ
3437 3679 3618 3750 τιμίου
3641 3676 3778 3744 αἷμα·

2222 3803 2314 3850 τος
2339 3785 2432 3838 τοῦ
2482 3783 2689 3853 Κυρίου
2731 3779 2889 3852 ἡμῶν
2929 3777 3104 3848 Ἰησοῦ
3149 3773 3419 3846 Χριστοῦ,
3455 3770 3591 3826 ἀλλὰ
3616 3763 3776 3836 ἀτιμά-

2225 3879 2337 3945 ζεις
2369 3876 2535 3943 αὐτὸς
2583 3875 2641 3927 '0
2671 3875 2727 3929 δὲ
2762 3871 3040 3943 Θυμόθεος
3078 3870 3248 3938 λέγει·
3297 3866 3578 3936 Ἀνάθεμα
3607 3862 3688 3916 τὸν
3723 3858 3778 3928 μὴ

2227 3969 2714 4042 μεταλαμϐάνοντα
2737 4010 2752 4032 ,
2799 3966 2833 4038 ἢ
2892 3963 3231 4034 ἀτιμάζοντα
3267 3961 3329 4014 τὸ
3361 3960 3524 4029 σῶμα
3555 3956 3644 4010 καὶ
3669 3947 3779 4020 αἷμα

2222 4066 2317 4119 τοῦ
2351 4063 2559 4134 Κυρίου
2608 4061 2766 4132 ἡμῶν
2813 4057 2992 4133 Ἰησοῦ
3029 4053 3268 4128 Χριστοῦ
3289 4071 3306 4086 ·
3341 4054 3496 4120 ἔλεγε
3529 4051 3584 4104 δὲ
3621 4046 3681 4100 τὰ
3707 4043 3782 4134 ῥή·

2228 4173 2373 4227 ματα
2402 4131 2590 4208 αύτοῦ.
2626 4131 2795 4205 Πάλιν
2827 4131 2887 4204 δέ
2911 4149 3039 4220 περὶ
3066 4146 3168 4216 τῆς
3199 4145 3368 4213 ἁγίας
3395 4137 3681 4208 καθολικῆς
3709 4131 3780 4184 καὶ

2225 4226 2596 4316 ἀποστολικῆς
2653 4242 2982 4311 Ἐκκλησίαζ
3030 4237 3354 4313 ἐρωτηθεὶς,
3389 4234 3650 4293 ὡσαύτως
3689 4227 3782 4279 ἔλε-

2148 4319 2188 4373 D
2217 4357 2349 4411 75v;
2394 4336 2723 4405 Ἐκκλησίαν
2754 4333 3073 4402 καθολικὴν,
3104 4331 3173 4385 τὰ
3214 4328 3479 4398 συνέδρια
3510 4325 3616 4378 τῶν
3642 4321 3781 4375 Μανι-

2214 4433 2385 4504 χαίων
2419 4428 2715 4484 ἀποκαλῶν
2738 4444 2751 4457 ·
2783 4429 2879 4480 καὶ
2909 4426 3040 4496 περὶ
3066 4422 3161 4476 τοῦ
3193 4422 3580 4493 βαπτίσματος
3615 4411 3781 4484 ὁμοίως

2217 4526 2393 4594 ἔλεγε,
2434 4525 2524 4578 τὸν
2560 4522 2765 4593 Κύριον
2810 4517 3022 4591 Ἰησοῦν
3053 4517 3290 4588 Χριστὸν
3321 4515 3596 4585 ὑπάρχειν
3627 4509 3682 4562 τδ
3710 4503 3782 4575 βᾶ-

2218 4635 2452 4688 πτισμα,
2488 4617 2583 4670 καὶ
2611 4615 2713 4668 οὐκ
2751 4611 2880 4666 ἄλλο
2899 4629 2910 4642 ·
2970 4609 3104 4663 διότι
3130 4609 3450 4678 γέγραπται
3479 4623 3493 4636 ·
3534 4600 3670 4672 Ἐγώ
3690 4600 3782 4688 εἰμι

2219 4711 2286 4766 τὸ
2325 4687 2482 4779 ὕδωρ
2532 4709 2597 4762 τὸ
2648 4705 2794 4767 ζῶν·
2835 4704 2931 4757 καὶ
2977 4702 3150 4764 οὕτως
3185 4699 3366 4753 πάντα
3407 4694 3727 4767 διαστρέιῖίαε
3761 4687 3781 4737 ὁ

2224 4803 2524 4874 Θυμόθεος,
2562 4799 2658 4854 καὶ
2679 4798 2802 4852 καθ’
2829 4795 3061 4850 ἕκαστον
3095 4789 3532 4863 ἁναΊεματίσας,
3565 4787 3639 4849 ὡς
3663 4779 3784 4874 ἀναξ-

2222 4873 2338 4961 τιος
2369 4894 2545 4950 κακοῦ
2591 4890 2878 4963 ἐνομίσθη,
2904 4890 3001 4943 καὶ
3024 4885 3209 4941 λαϐὼν
3239 4883 3395 4954 παρὰ
3418 4881 3515 4935 τοῦ
3552 4873 3784 4951 βασιλέως

2227 4989 2485 5058 σιγίλλιον
2510 4986 2623 5058 (55)
2661 4982 2794 5057 ἦλθε
2827 4982 2990 5036 πάλιν
3031 4981 3111 5042 εἰς
3167 4975 3536 5046 Ἐπίσπαριν·
3561 4969 3654 5058 καλ
3687 4980 3786 5058 ουν-

2224 5055 2358 5144 άξας
2388 5055 2592 5140 πάντας
2613 5055 2741 5137 τοῦς
2773 5070 3023 5143 μαθητὰς
3056 5065 3224 5121 αὐτοῦ
3248 5063 3446 5135 φεύγει
3471 5063 3568 5116 σὺν
3601 5055 3782 5113 αὐτοῖς.

1788 5285 2021 5343 VARI/IS
2084 5282 2376 5341 LECTION
2397 5284 2501 5339 ES.

542 5433 552 5444 _
588 5388 614 5416 α
645 5373 711 5429 Π.
744 5375 819 5441 ὡς
847 5377 1031 5440 αὐτός.

2051 5471 2284 5530 NOTAE.

516 5589 542 5622 ε’
593 5583 942 5659 (34)_Conl‘er
1000 5602 1163 5659 supra
1222 5604 1276 5656 p.
1333 5588 1421 5654 15,
1473 5587 1640 5651 adn.,
1691 5587 1784 5643 ubi
1841 5587 2112 5643 Raderum

521 5655 889 5720 correximus,
947 5658 1039 5726 qui
1071 5655 1252 5712 tamen
1305 5659 1410 5714 hoc
1445 5660 1750 5726 posteriore
1805 5659 1926 5715 loco
1972 5667 2116 5716 recte

540 5736 912 5796 n‘terpretatur
941 5729 1262 5784 vocabulum
1297 5728 1754 5802 μεταλαμϐάνεις.

2297 5586 2407 5658 (55)
2439 5583 2686 5656 Intelligo
2715 5585 2951 5666 diploma
2981 5581 3257 5664 evectionis
3283 5623 3296 5645 ,
3337 5575 3481 5662 Call.
3520 5571 3783 5668 δοκι-ιονι-

2307 5661 2344 5685 ³·
2409 5665 2683 5685 “hu-mm»-
2751 5657 2824 5685 ιιη
2873 5655 3048 5685 manu.
3075 5653 3429 5685 mutuum“:
3458 5644 3630 5685 ﬁlms-
3674 5633 3781 5685 lllLd

2226 5644 2683 5783 du‘iforll’ﬁsswo‘l'l
2751 5644 2826 5713 De
2873 5655 3049 5728 sigillo
3075 5653 3169 5708 diu
3189 5644 3429 5725 Cangius
3458 5644 3631 5700 Gloss.
3674 5651 3747 5692 me

2224 5737 2277 5783 ct
2316 5745 2368 5784 m
2403 5768 2414 5784 .
2488 5737 2620 5782 atm.
3667 5768 3684 5774 _
