3928 6246
271 234 293 298 ι
309 239 415 304 285

1458 239 1828 301 HISTORIA
1865 238 2476 300 MANICHAEORUM.

3439 227 3576 293 1286

256 352 357 405 καὶ
407 347 680 421 κατῆλθεν
713 348 794 412 εἰς
843 349 946 420 τὴν
985 349 1305 408 θεόλευστον
1331 350 1665 417 Μανάναλιν,
1710 351 1770 417 ἐξ
1793 344 1853 423 ἧς

1963 349 2170 405 saniam
2207 357 2381 412 actus,
2418 349 2664 418 iramque
2688 355 2744 402 et
2782 345 2992 402 rabiem
3021 353 3186 415 atque
3221 341 3555 398 anxietatem

259 441 546 513 ἀνεδείχθη
586 444 614 495 6
650 441 989 513 προρρηθεὶς
1022 444 1458 506 Κωνσταντῐνος.
1512 439 1647 496 Εἶτα
1677 444 1857 496 ἐκεῖσε

259 532 491 606 χρόνους
533 532 753 594 ἱκανοὺς
798 531 1093 602 ἐπιμείνας
1145 531 1243 586 καὶ
1294 530 1449 604 [cod.
1500 531 1540 586 f.
1593 530 1732 604 102]
1775 533 1856 596 είς

1957 440 2057 496 sibi
2093 440 2161 494 ab
2189 439 2395 511 angelis
2427 439 2582 493 malis
2611 438 2883 493 immissas
2913 437 3232 507 experiens.
3271 435 3498 490 bubone
3521 449 3552 488 a

1957 532 2068 588 Deo
2119 548 2413 603 percussus
2445 532 2675 595 interiit,
2726 540 3017 602 postquam
3072 528 3300 601 integris
3331 527 3555 600 triginta

260 628 433 697 ἀκρον
464 623 663 696 μανίας
685 624 884 687 ἐλάσας
915 624 1011 678 καὶ
1037 623 1210 696 θυμὸν
1231 624 1326 679 καὶ
1357 623 1528 696 ὀργὴν
1553 625 1646 678 καὶ
1675 624 1853 690 θλίψιν

1959 625 2112 681 annis
2134 625 2313 695 impia:
2335 634 2497 682 sectae
2524 624 2839 695 praefuerat.
2879 697 2882 700 _

259 722 570 790 ἀποστολὴν
615 720 682 774 δι’
722 719 971 789 ἀγγέλων
1022 719 1276 791 πονηρῶν
1322 719 1635 790 δεξάμενος,
1682 719 2017 791 θεόπληκτος
2043 722 2356 792 γενόμενος,
2407 722 2513 775 ὑπὸ
2539 722 2631 774 τοῦ
2665 720 2939 792 βουϐῶνος
2985 719 3076 774 τὸν
3107 718 3221 791 βίον
3265 719 3554 789 κατέστρεο

255 817 364 886 ψεν
399 819 459 868 ἐν
491 817 635 880 ὅλοις
667 815 962 886 τριάκοντα
990 813 1139 868 ἔτεσι
1173 815 1268 868 καὶ
1294 815 1458 878 αὐτὸς
1485 816 1586 886 τῆς
1609 815 1864 880 ἀσεϐείας
1894 818 2184 887 γενόμενος
2215 815 2550 888 προστάτης.

336 908 418 964 Λ’.
451 903 621 974 Οὗτος
652 908 810 980 ἔσχεν
848 907 986 972 υίδν,
1015 906 1257 978 τοῦνομα
1285 909 1597 979 Ζαχαρίαν·
1643 909 1736 962 καὶ
1765 909 1858 980 μί-

262 1003 417 1056 σθιον
447 999 612 1071 αἶγας
656 1004 914 1074 νέμοντα,
950 1003 1009 1057 ὃν
1047 1019 1178 1056 ποτε
1201 1003 1294 1056 ἐπί⁵
1316 1003 1416 1073 τῆς
1439 1003 1560 1057 ὁδοῦ
1590 998 1716 1077 εὗρε
1746 1004 1862 1058 κεί-

263 1113 432 1164 μενον
474 1096 978 1168 ἐσπαργανωμένον
1008 1137 1023 1161 ,
1057 1096 1144 1150 διὰ
1197 1096 1258 1148 τὸ
1303 1099 1368 1150 ἐκ
1407 1096 1728 1168 παρανόμου
1767 1098 1860 1150 καὶ

264 1187 667 1258 μεμιαμμένης
697 1186 983 1258 προελθεῖν
1028 1187 1246 1257 κοίτηςο
1279 1183 1386 1240 οἶδε
1410 1188 1520 1258 γὰρ
1549 1189 1723 1259 πόρνη
1763 1189 1860 1258 τῆς

261 1278 476 1342 κοιλίας
499 1279 668 1350 αὐτῆς
701 1281 770 1333 τά
801 1279 1000 1356 ἔγγονα
1023 1280 1080 1331 ἐν
1109 1277 1212 1349 ὀδῷ
1249 1279 1463 1348 ῥίπτειν
1482 1320 1497 1345 ,
1549 1279 1778 1333 δεδιῶσα
1799 1279 1860 1332 τὸ

260 1373 516 1440 πταῖσμα
534 1387 548 1402 ’
576 1370 946 1444 ἀποθανόντος
971 1372 1152 1425 τοίνυν
1176 1371 1492 1440 Γεγνεσίου,
1527 1370 1860 1443 ἐσχίσθησαν

258 1467 312 1518 οἱ
359 1464 550 1518 τούτου
587 1465 864 1536 μαθηταίο
903 1466 998 1518 καὶ
1033 1466 1081 1518 oi
1118 1466 1240 1537 μὲν,
1291 1465 1718 1538 προσεῤῥύησαν
1750 1468 1859 1520 Ζα-

259 1558 462 1630 χαρία·
507 1559 554 1611 oi
585 1558 663 1624 δέ,
707 1559 906 1628 Ἰωσὴφ
937 1557 1014 1628 τῷ
1045 1559 1185 1628 νόθῳ
1220 1558 1600 1630 προσέδραμον
1629 1575 1642 1588 ·
1673 1557 1849 1622 οὓτως

256 1653 372 1721 γὰρ
416 1650 755 1722 ὠνομάζετο.
778 1650 1030 1714 Στάσεως
1059 1647 1153 1704 οὖν
1184 1650 1387 1721 πολλῆς
1413 1651 1713 1721 γενομένης
1764 1668 1860 1720 με-

254 1744 395 1809 ταξὺ
428 1743 773 1814 ἀμφοτέρων,
807 1743 882 1806 ὡς
912 1745 1008 1797 καὶ
1035 1745 1127 1797 ἐπὶ
1158 1743 1267 1797 τῶν
1289 1743 1616 1814 πρὸιαύτῶν,
1651 1745 1744 1796 καὶ
1767 1741 1859 1796 θά-

2028 908 2196 964 ΧΧΧ.
2232 909 2370 965 Huic
2393 917 2512 964 erat
2543 907 2687 962 filius
2715 905 2938 962 nomine
2960 905 3273 975 Zacharias,
3332 925 3551 967 necnon

1957 1004 2333 1059 mercenarius
2361 1002 2582 1072 quidam
2613 1015 2900 1069 caprarum
2938 1011 3147 1066 custos,
3200 1018 3370 1072 quem
3421 1004 3554 1060 olim

1958 1097 2012 1151 in
2043 1097 2129 1152 via
2167 1104 2450 1166 repererat
2491 1094 2678 1148 fasciis
2702 1094 3033 1159 involutum,
3085 1105 3377 1164 propterea
3410 1097 3556 1167 quod

1959 1188 2235 1259 illegitima
2295 1189 2640 1258 impuraque'
2684 1186 2878 1255 copula
2951 1198 3276 1256 procreatus
3337 1187 3555 1245 fuisset.

1961 1283 2111 1337 Solet
2141 1282 2287 1335 enim
2320 1281 2581 1335 meretrix
2613 1279 2820 1334 ventris
2848 1278 2933 1333 sui
2995 1288 3206 1349 partus,
3259 1281 3330 1335 ob
3380 1283 3558 1352 culpae

1959 1382 2184 1431 metum.
2224 1377 2277 1427 in
2313 1375 2424 1428 vias
2453 1374 2743 1443 projicere.
2804 1371 3018 1426 Mortuo
3051 1371 3218 1442 igitur
3255 1371 3549 1444 Gegnesio,

1957 1469 2193 1524 schisma
2225 1468 2435 1522 exstitit
2461 1465 2856 1537 discipulorum
2889 1467 3045 1535 ejus;
3087 1466 3214 1521 aliis
3277 1466 3558 1523 Zachariae

1960 1563 2388 1625 adhazrentibus,
2421 1561 2540 1616 aliis
2569 1572 2750 1615 autem
2814 1561 3062 1630 spnrimn
3117 1559 3419 1631 Joscphum
3464 1578 3557 1619 se-

1956 1656 2251 1720 ctantibus,
2281 1655 2362 1710 sic
2390 1654 2535 1709 enim
2563 1654 2609 1709 is
2645 1654 3050 1708 nominabatur.
3089 1652 3278 1724 Magna
3307 1671 3436 1726 ergo
3467 1671 3555 1710 se-

1964 1751 2098 1805 ditio
2135 1751 2277 1804 inter
2304 1749 2404 1804 hos
2437 1748 2576 1803 duos
2602 1746 2833 1802 conflata
2855 1755 2960 1810 est,
2985 1747 3146 1801 siculi
3177 1748 3554 1817 superioribus

254 1853 420 1906 τερος
456 1836 647 1890 ἐαυτὸν
696 1835 1072 1908 ψηφιζόμενος
1116 1836 1214 1908 τὴν
1249 1837 1410 1907 χάριν
1445 1835 1728 1906 εἰληφέναι
1761 1835 1853 1889 τοῦ

1962 1845 2124 1899 etiam
2155 1851 2453 1908 evenerat;
2492 1842 2618 1896 dum
2660 1849 2892 1909 uterque
2920 1839 3216 1894 afﬁrmaret
3242 1855 3300 1893 se
3323 1840 3552 1910 gratiam

255 1928 602 1999 Πνεύματος,
649 1929 752 1999 τὴν
805 1930 1086 2001 ἐνέργειαν
1139 1928 1342 1998 μᾶλλον
1392 1929 1486 1980 τοῦ
1537 1927 1852 1999 ἀκαθάρτου

255 2022 512 2086 ἐδέξαντο
562 2022 909 2093 πνεύματος·
962 2020 1082 2076 εἶτα
1118 2022 1394 2092 θυμωθεὶς
1441 2022 1739 2094 Ζαχαρίας,
1779 2022 1857 2084 ώς

253 2114 358 2183 τῆς
410 2117 672 2187 πατρῴας
713 2115 1384 2188 κληρουχίας·ἐκπίπτειν
1439 2115 1670 2186 μέλλων.
1719 2114 1857 2184 λίθῳ

257 2207 511 2275 πατάξας
557 2209 756 2280 Ἰωσὴφ
791 2211 882 2262 τὸν
929 2208 1285 2281 Ἀφρόνητον,
1328 2209 1460 2276 παρ’
1502 2207 1681 2278 ὀλίγον
1714 2209 1858 2262 ἀνεῖ-

255 2301 369 2354 λεν.
409 2300 567 2354 Μετά
617 2302 673 2355 δέ
709 2318 830 2355 τινα
878 2304 1071 2374 χρόνον
1117 2301 1377 2365 λαϐόντες
1434 2302 1686 2370 ἑκάτεροι
1727 2299 1856 2364 τοὺς

254 2391 493 2455 οἰκείους
527 2393 798 2464 μαθητὰς,
830 2393 1107 2465 ἠθέλησαν
1127 2394 1406 2468 λαθραίως
1429 2394 1736 2464 ἀποδρᾶσαι
1759 2391 1854 2446 τοῦ

255 2484 457 2537 τόπου·
497 2486 594 2539 καὶ
619 2486 684 2557 δὴ
722 2488 916 2558 μικρὸν
946 2487 1284 2551 ἀποστάντες
1328 2489 1428 2556 τῆς
1479 2487 1676 2557 κώμης
1701 2524 1716 2547 ,
1748 2485 1854 2539 ὑπ-

255 2579 617 2644 οπτευθέντες
648 2581 753 2634 ὑπὸ
792 2580 900 2636 τῶν
955 2582 1274 2652 Ἀγαρηνῶν
1325 2581 1464 2652 πρὸς
1502 2578 1852 2651 Ῥωμανίαν,

255 2671 610 2742 ἐξέρχεσθαι,
642 2674 738 2727 καὶ
771 2673 862 2725 ὑπ’
901 2673 1080 2727 αὐτῶν
1120 2672 1553 2745 ἀνερευνώμενοι
1575 2684 1621 2733 ο,
1656 2674 1703 2734 ,ὁ
1755 2672 1855 2743 μὲν

256 2763 540 2834 Ζαχαρίας
587 2764 662 2829 ώς
715 2759 821 2817 εἶδε
855 2767 956 2836 τὴν
1003 2765 1112 2817 τῶν
1170 2766 1491 2838 Ἀγαρηνῶν
1528 2765 1850 2838 ἐπιδρομὴν,

255 2859 386 2921 τοὺς
416 2859 650 2924 οἰκείους
678 2860 890 2933 ἐάσεις]⁵
911 2863 1031 2917 cod.
1063 2863 1103 2917 f.
1142 2863 1239 2918 102
1269 2861 1357 2935 b.]
1392 2863 1663 2934 μαθητὰς,
1694 2863 1855 2932 μόνος

255 2948 521 3019 ἐξέφυγεν
540 2967 555 2983 ’
579 2950 673 3015 οὓς
699 2970 804 3024 περ
831 2954 1160 3024 φθάσαντες,
1209 2957 1258 3008 οί
1298 2956 1614 3028 ’Λγαρηνοὶ,
1643 2954 1854 3025 ξίφεσιν

255 3041 623 3096 ἀπέκτειναν·
657 3044 723 3097 δι’
758 3043 832 3096 ὃά
866 3045 1154 3116 ώνειδίσθη
1199 3049 1226 3099 ὀ
1263 3049 1541 3117 Ζαχαρίας
1569 3047 1720 3119 παρὰ
1744 3045 1854 3099 τῶν

254 3132 456 3196 ἄλλων,
486 3133 562 3197 ὡς
595 3135 882 3204 μισθωτὸς,
920 3139 1016 3191 καὶ
1080 3137 1182 3191 οὐκ
1203 3137 1278 3190 ῶν
1310 3142 1540 3210 ποιμήν.

328 3230 458 3284 ΛΑ’.
490 3228 688 3302 Ἰωσὴφ
723 3231 780 3284 δὲ
809 3231 841 3284 6
873 3232 970 3286 καὶ
1015 3232 1346 3305 Ἀφρόνητος
1371 3233 1532 3302 γνοὺς
1555 3232 1732 3298 τοῦτο,
1758 3233 1853 3296 τὰς

258 3322 478 3390 ἀμάξας
507 3323 794 3394 ἐνστρέφει
827 3324 904 3388 ὡς
945 3325 1082 3397 πρὸς
1127 3326 1329 3396 Συρίαν
1354 3342 1365 3352 ·
1399 3327 1492 3378 καὶ
1527 3326 1792 3379 ἐλθόντων
1825 3336 1848 3365 θ

255 3415 368 3466 τῶν
401 3415 759 3487 Σαροικηνῶν,
789 3409 925 3487 φησῖ
954 3416 1341 3488 πρὸςάὐτοὺς,
1375 3417 1449 3482 ὡς
1483 3419 1574 3472 ἐπὶ
1610 3418 1848 3491 γαλούρ-

150 3524 162 3531 ·
259 3524 361 3575 για
410 3508 508 3561 καὶ
580 3507 839 3580 βουκόλια
893 3509 1320 3581 ἐξεληλυθέναι·
1391 3513 1438 3564 οἱ
1488 3511 1546 3564 δέ
1605 3512 1848 3581 Ἀγαρη·

253 3602 551 3674 νοὶ,ταύτῃ
594 3605 660 3674 τῇ
705 3603 976 3675 ἀπολογίᾳ,
1025 3591 1560 3676 πληροφορηθέντες,
1585 3605 1848 3668 ἐάσαντες

253 3695 459 3759 αὐτοὺς
500 3696 789 3767 ἀδικήτους
836 3697 1202 3769 ὑπεχώρησαν
1235 3697 1292 3737 τ’
1331 3699 1592 3771 εὐκαίρου
1624 3700 1680 3754 δὲ
1700 3698 1851 3770 ῶρας

255 3786 538 3857 ἐπιτυχὼν
581 3787 786 3859 Ἰωσὴφ
831 3791 860 3842 6
907 3791 1259 3862 Ἀφρόνητος,
1302 3791 1441 3861 μετά
1475 3792 1694 3846 πάντων
1731 3791 1849 3845 δια-

252 3877 414 3947 δράς,
448 3878 542 3932 τοῦ
559 3880 726 3934 τόπου
758 3879 1020 3952 ἐξέφυγεν
1049 3899 1063 3914 ·
1097 3883 1193 3937 καὶ
1213 3881 1385 3938 ἐλθὼν
1415 3883 1495 3946 εἰς
1521 3884 1620 3951 τὴν
1652 3883 1850 3938 πολλά-

255 3989 350 4036 κις
406 3973 878 4044 μνημονευθεῖσαν
931 3975 1128 4046 κώμην
1190 3977 1544 4048 Ἐπίσπαριν,
1600 3977 1852 4048 ἀσμένως

259 4065 415 4138 παρὰ
450 4066 558 4119 τῶν
585 4067 644 4120 ἐν
689 4068 828 4139 αὐτῇ
861 4068 1264 4123 κατοικούντων
1312 4054 1585 4140 ἀπεδέχθη
1613 4086 1628 4102 ο
1651 4070 1852 4133 πάντες

256 4158 372 4229 γὰρ
405 4158 696 4227 λαμπάδας
719 4159 1029 4230 ἀνάψαντες
1053 4163 1110 4215 ἐν
1138 4161 1352 4234 μεγάλῃ
1379 4165 1510 4233 τιμῇ
1529 4162 1622 4216 τὸν
1651 4162 1853 4232 πολλῆς

256 4249 486 4322 ἀτιμίας
519 4251 694 4316 ἄξιον,
722 4252 798 4316 ὼς
832 4252 929 4307 ἆτε
978 4255 1042 4324 δὴ
1074 4254 1329 4326 μαθητὴν
1362 4254 1602 4326 Χριστοῦ
1659 4255 1852 4310 ὐποδέ-

257 4359 448 4412 χονται
482 4356 496 4373 '
539 4345 702 4412 γνοὺς
751 4344 910 4399 τοῦτο
946 4344 1202 4416 θεοφιλής
1227 4365 1311 4412 τις
1344 4349 1486 4419 ἀνὴρ
1511 4347 1619 4400 τῶν
1669 4349 1850 4401 ἐκεῖσε

257 4433 542 4504 ἀρχόντων
600 4435 960 4507 Κρικοράχης
1018 4436 1335 4506 λεγόμενος,
1389 4435 1530 4506 μετά
1583 4433 1852 4487 πλείστων

259 4525 612 4594 στρατιωτῶν
659 4526 758 4598 τὴν
803 4527 981 4581 οἰκίαν
1013 4527 1344 4593 ἐκύκλωσεν,
1371 4530 1430 4580 ἐν
1556 4527 1852 4581 κατέλυσεν

1966 1930 2205 2001 Spiritus
2235 1946 2358 1985 esse
2397 1929 2672 1995 sortitum,
2708 1927 2800 1998 qui
2831 1927 3016 1997 potius
3069 1927 3269 1996 impuri
3329 1927 3554 1995 spiritus

1962 2023 2339 2094 Operationem
2369 2029 2710 2092 receperant.
2749 2018 2868 2072 Mox
2897 2018 3086 2072 furens
3108 2017 3422 2083 Zacharias,
3449 2032 3552 2071 ceu

1957 2118 2048 2187 qui
2083 2117 2150 2171 de
2178 2125 2407 2188 paterna
2438 2113 2760 2169 inmeditate
2790 2112 2904 2182 jam
2956 2109 3259 2173 excideret,
3289 2123 3419 2164 saxo
3461 2106 3555 2162 Jo-

1958 2210 2186 2281 sephum
2226 2208 2333 2280 35
2378 2208 2758 2277 Aphronelum
2806 2211 3091 2273 appetens,
3149 2201 3549 2272 propemodum

1957 2301 2174 2355 occidit.
2202 2298 2330 2353 Post
2353 2299 2688 2368 aliquantum
2706 2309 2833 2350 vero
2862 2303 3096 2363 tempus,
3124 2291 3360 2360 sumptis
3381 2303 3552 2342 unus-

1956 2395 2185 2464 quisque
2205 2391 2437 2462 propriis
2452 2389 2747 2460 discipulis,
2769 2387 2940 2440 moliti
2966 2395 3093 2440 sunt
3114 2384 3252 2439 clam
3266 2398 3329 2436 ex
3351 2381 3557 2435 eoloco

1957 2486 2220 2556 aufugere
2248 2503 2260 2539 :
2292 2485 2387 2539 sed
2425 2499 2546 2537 eum
2597 2480 2876 2551 paululum
2924 2493 2952 2531 a
2989 2491 3129 2547 pago
3169 2473 3550 2534 recessissent,

1957 2582 2145 2635 oborta
2175 2586 2260 2632 est
2290 2574 2551 2648 Agarenis
2583 2573 2823 2642 suspicio
2855 2571 2992 2624 velle
3021 2585 3115 2623 eos
3142 2567 3207 2621 ad
3245 2569 3548 2621 Romanam

1955 2669 2216 2724 ditionem
2247 2666 2479 2721 transire
2504 2682 2519 2731 ;
2541 2665 2770 2734 ideoque
2786 2662 2854 2716 ab
2888 2661 2970 2714 his
3002 2657 3312 2728 conquisiti.
3337 2655 3551 2709 Zacha-

1957 2762 2065 2816 rias
2079 2761 2296 2832 quidem
2313 2759 2685 2830 Agarenorum
2706 2754 3072 2810 incursionem
3093 2752 3304 2812 videns,
3322 2747 3555 2804 desertis

1955 2853 2192 2924 propriis
2214 2849 2496 2920 discipulis
2526 2851 2676 2902 solus
2708 2846 2875 2918 fugit:
2912 2857 3048 2913 quos
3075 2849 3374 2910 occupatos
3409 2841 3552 2908 Aga-

1937 2933 2098 3010 'rcni,
2130 2942 2324 3016 gladiis
2353 2943 2753 2996 interemerunt
2781 2957 2793 2993 :
2823 2952 2946 3007 qua:
2972 2951 3061 2990 res
3092 2932 3372 2988 Zacharia:
3407 2929 3554 3000 apud

1957 3047 2204 3100 caeteros,
2243 3049 2342 3088 ceu
2364 3031 2707 3087 mercenaria
2727 3037 2783 3085 et
2810 3044 2916 3083 non
2946 3025 3174 3098 pastori,
3203 3024 3393 3078 odium
3417 3036 3553 3077 con-

1959 3130 2082 3185 cilia
2093 3129 2186 3182 vit.

2029 3222 2224 3278 XXXI.
2256 3221 2532 3291 Josephus
2570 3225 2753 3272 autem
2801 3213 3175 3285 Aphronetus,
3227 3226 3290 3266 ea
3339 3225 3399 3265 re
3457 3224 3543 3270 co<

1955 3320 2122 3390 gnita,
2157 3330 2379 3372 currum
2410 3312 2705 3376 convertit,
2741 3319 2998 3379 tanquam
3031 3306 3074 3359 si
3107 3305 3164 3360 in
3195 3304 3402 3376 Syriam
3427 3319 3528 3373 per

1952 3421 2142 3483 geret;
2177 3419 2233 3464 ct
2266 3405 2783 3475 supervenientibus
2841 3399 3132 3456 Saracenis
3178 3398 3317 3453 dixit
3366 3413 3424 3452 se
3471 3397 3554 3450 la-

1953 3503 2109 3561 ctarii
2157 3502 2341 3572 operis
2363 3515 2525 3556 causa
2555 3506 2612 3552 et
2663 3503 3038 3572 armentorum
3077 3493 3130 3545 in
3163 3491 3362 3546 itinere
3405 3505 3548 3546 esse.

1953 3596 2070 3663 Qua
2098 3594 2420 3650 defensione
2456 3589 2700 3662 persuasi
2741 3571 3023 3649 Saraceni,
3053 3585 3205 3638 illum
3235 3599 3358 3636 cum
3387 3582 3553 3637 sociis

1953 3688 2108 3744 abire
2146 3686 2426 3757 impunem
2459 3683 2724 3742 sinentes,
2755 3680 3150 3735 discesserunt.
3183 3676 3380 3730 Idonea
3406 3682 3556 3744 post-

1955 3783 2085 3837 hinc
2139 3789 2356 3850 captala
2390 3777 2541 3854 hora,
2597 3774 2873 3845 Josephus
2901 3757 3252 3842 Aphronetus
3281 3782 3552 3835 cumom-

1955 3875 2118 3928 nibus
2169 3871 2482 3943 aufugiens,
2539 3869 2663 3922 loco
2721 3865 2999 3930 excessit;
3062 3863 3446 3934 profectusque
3498 3861 3556 3914 in

1955 3983 2098 4037 ειυρο
2123 3973 2482 4020 memoratum
2515 3976 2710 4032 pagum
2754 3957 3080 4028 Episparim,
3113 3955 3346 4009 libenter
3373 3953 3442 4007 ab
3468 3953 3554 4005 in-

1955 4059 2088 4111 colis
2118 4063 2380 4126 exceptus
2416 4054 2518 4107 fuit
2550 4071 2563 4106 :
2597 4050 2777 4105 cuncti
2811 4049 2958 4102 enim
3011 4045 3251 4100 incensis
3287 4042 3556 4112 lampadi-

1954 4149 2059 4203 bus
2100 4163 2298 4217 magno
2327 4147 2536 4199 honore
2581 4142 2883 4202 hominem,
2915 4139 3086 4192 multa
3125 4135 3429 4208 ignominia
3458 4134 3550 4189 di-

1956 4256 2144 4314 gnum,
2174 4249 2430 4306 tanquam
2461 4234 2660 4290 Christi
2693 4231 3023 4302 discipulum
3055 4236 3438 4298 susceperunt.
3473 4227 3551 4284 Ea

1955 4350 2014 4389 re
2050 4332 2347 4394 intellecta,
2397 4329 2519 4399 pius
2553 4328 2773 4398 quidam
2810 4327 2895 4380 vir
2933 4340 2996 4380 ex
3031 4323 3134 4378 loci
3187 4320 3550 4392 principibus,

1955 4426 2179 4480 nomine
2229 4421 2608 4486 Cricoraches,
2663 4434 2854 4489 magna
2912 4433 3036 4471 cum
3093 4414 3325 4470 militum
3386 4431 3554 4469 manu

1956 4519 2122 4580 :edcs,
2173 4516 2263 4571 ubi
2303 4514 2536 4568 Manetis
2596 4511 2899 4581 discipulus
2946 4509 3290 4571 versabatur,
3333 4507 3550 4571 cinxit;

256 4619 286 4669 6
328 4617 583 4689 μαθητὴς
631 4596 726 4672 τοῧ
776 4621 1055 4684 Μάνεντος
1086 4639 1101 4653 ·
1147 4622 1244 4674 καὶ
1283 4624 1412 4685 τοὺς
1603 4621 1851 4694 μαθητὰς

1959 4617 2010 4663 et
2035 4604 2269 4661 asseclas
2285 4603 2504 4674 quidem
2527 4603 2647 4671 ejus
2669 4598 3121 4670 comprehendit;
3155 4598 3251 4651 sed
3278 4596 3552 4665 Josephus

256 4711 428 4764 αὐτοῦ
471 4712 752 4783 συνέσχεν,
790 4714 950 4778 αὐτὸς
976 4714 1032 4766 δὲ
1055 4714 1277 4785 διαδρὰς
1304 4714 1482 4784 φυγὰς
1505 4713 1681 4786 ᾤχετο
1712 4715 1851 4785 πρὸς

255 4803 356 4875 τὴν
384 4804 628 4876 Φρυγίαν
667 4822 681 4836 ⁸
733 4809 826 4860 καὶ
857 4806 1109 4861 ἀπελθὼν
1158 4807 1481 4879 κατῴκησεν
1520 4809 1602 4872 είς
1642 4809 1850 4862 Ἀντιόο

255 4913 413 4967 χειαν
447 4897 547 4967 τῆς
591 4898 842 4977 Πισιδίας
872 4914 885 4927 ·
935 4900 992 4951 ἐν
1021 4898 1166 4952 ἔτεσι
1211 4899 1268 4952 δὲ
1298 4900 1597 4970 τριάκοντα
1633 4899 1728 4952 καὶ
1756 4899 1850 4951 αὺ-

252 4987 346 5053 τὸς
401 4990 888 5062 ἐπαγωνισάμενος
943 4994 1010 5064 τῇ
1066 4992 1254 5062 κακίᾳ,
1290 4992 1445 5062 ἔλεγε
1480 4994 1594 5056 τοῖς
1651 4992 1848 5046 ἑαυτοῦ

258 5082 556 5153 μαθηταῖς,
588 5083 838 5157 μαθητὴς
880 5080 1022 5138 εἶναι
1078 5086 1294 5140 Παύλου
1341 5086 1436 5140 τοῦ
1474 5087 1774 5142 ἀποστόλου
1819 5087 1850 5140 6

271 5173 690 5245 Ἐπαφρόδιτος,
724 5175 821 5228 καὶ
872 5175 1004 5245 παρ’
1063 5175 1232 5229 αὑτοῦ
1296 5174 1434 5246 πρὸς
1480 5175 1679 5239 αὐτοὺς
1737 5177 1844 5229 άπ-

256 5263 518 5319 εστάλθαι
555 5281 568 5294 °
603 5263 748 5336 [cod.
781 5262 821 5318 f.
850 5263 1004 5336 105.]
1039 5262 1150 5334 ἐγὼ
1178 5264 1235 5318 δὲ
1263 5262 1430 5318 αὐτὸν
1469 5264 1698 5328 εἰκότως
1745 5279 1847 5316 κα-

255 5357 746 5430 λέσωἈφρόνητον
771 5374 786 5390 ο
811 5357 932 5413 λίαν
964 5357 1076 5430 γὰρ
1105 5358 1320 5430 ὑπῆρχε
1341 5357 1435 5412 καὶ
1451 5356 1799 5429 γραμμάτων
1822 5354 1846 5394 Β

1963 4698 2182 4767 elapsus
2209 4695 2358 4751 venit
2388 4695 2444 4748 in
2481 4692 2768 4763 Phrygiam
2801 4709 2814 4744 :
2849 4691 3086 4759 indeque
3138 4687 3457 4750 abscedens,
3494 4685 3551 4738 in

1963 4795 2099 4846 urbe
2128 4789 2343 4845 Pisidiae
2368 4786 2660 4842 Antiochia
2684 4785 2906 4840 resedit.
2947 4785 3192 4852 Cumque
3219 4788 3274 4834 et
3305 4780 3420 4849 ipse
3452 4779 3554 4832 tri-

1959 4887 2110 4955 ginta
2137 4883 2296 4938 annis
2324 4881 2623 4952 nequitiam
2659 4894 2814 4933 suam
2860 4875 3223 4940 exercuisset,
3275 4872 3351 4926 ait
3381 4869 3549 4924 disci-

1956 4981 2101 5052 pulis
2132 4979 2269 5041 suis,
2313 4993 2374 5033 se
2409 4975 2561 5031 Pauli
2588 4970 3194 5045 apostoli/discipulum
3239 4979 3362 5021 esse
3409 4964 3554 5036 Epa-

1957 5072 2292 5143 phroditum,
2315 5084 2485 5141 seque
2501 5068 2567 5123 ad
2587 5067 2706 5121 illos
2723 5065 2792 5120 ab
2815 5079 2881 5119 eo
2899 5065 3127 5118 missum
3151 5058 3343 5113 fuisse.
3369 5056 3439 5112 At
3453 5071 3556 5127 ego

1955 5181 2057 5235 pro
2103 5161 2498 5234 Epaphrodito,
2535 5157 2902 5230 Aphronitum
2954 5153 3148 5208 merito
3181 5165 3308 5205 eum
3359 5148 3551 5218 appel-

1954 5258 2079 5314 labo
2109 5275 2123 5312 :
2166 5255 2373 5312 etenim
2402 5254 2704 5309 litterarum
2753 5262 2978 5320 prorsus
3022 5253 3185 5316 atque
3217 5243 3526 5314 phronesco

1955 5365 2152 5424 expers
2189 5357 2306 5406 erat
2341 5367 2355 5404 :
2389 5359 2625 5417 cumque
2661 5341 2864 5399 multos
2888 5337 3134 5396 scelestis
3153 5335 3370 5392 actibus
3394 5343 3557 5389 acter-

1561 5491 1800 5550 VARI/E
1853 5488 2266 5546 LECTIONES.

329 5639 358 5678 b
396 5637 460 5692 Β.
493 5647 543 5692 et
576 5639 701 5694 cod.
731 5638 1035 5696 δεδειῶσαι.

259 5709 606 5776 ἐξελθόντων.
691 5708 800 5765 ‘R.
828 5713 993 5783 ἀπεχ.
1071 5714 1096 5754 3
1124 5711 1189 5769 Β.
1227 5708 1580 5788 γραμμάτου.

1136 5654 1157 5713 f
1191 5643 1268 5698 Ita
1307 5657 1497 5713 reapse
1527 5641 1648 5699 cod.
1679 5642 1750 5697 At
1775 5639 1840 5694 ιι.
1876 5636 2344 5711 ἀνερευνομένων,
2377 5635 2524 5708 quod
2557 5635 2613 5690 in
2639 5648 2812 5702 marg.
2849 5643 2997 5686 corr.

3093 5622 3117 5664 ά
3154 5622 3215 5678 Ii.
3258 5619 3360 5674 διό.
3442 5630 3465 5658 ο
3492 5616 3560 5675 R.
