3928 6246
412 286 550 352 1287

1764 288 1996 349 PETRI
2052 282 2303 346 SICULI

3549 287 3673 350 1288

404 420 489 458 nae
525 400 951 473 pmnmIccissct
983 401 1275 466 obnoxios,
1327 402 1443 474 ipse
1480 402 1725 473 quoque
1773 404 1826 458 in
1888 405 2001 457 loco

2117 398 2213 451 καὶ
2234 394 2549 467 φρονήσεως
2574 394 2803 465 ἄμοιρος
2832 410 2844 423 ·
2876 393 3106 458 πολλούς
3131 410 3191 447 τε
3228 396 3295 464 τῇ
3332 398 3538 466 πονηρᾷ
3580 415 3674 450 κα-

403 496 495 565 qui
526 495 728 550 dicitur
758 494 1187 564 Chortocopium
1218 496 1331 549 vita
1384 495 1494 567 36
1557 495 1820 551 excessit.
1891 496 2005 549 lloe

405 587 585 641 adhuc
611 586 926 657 superstite,
949 586 1216 657 discipula
1241 587 1416 657 ipsius
1442 589 1497 640 in
1523 587 1785 641 Armenia
1809 586 2006 640 mulier

405 677 678 747 quaedam,
727 677 795 731 ab
847 693 957 731 uno
990 693 1056 732 ex
1090 678 1211 747 ejus
1266 678 1504 732 alumnis
1547 688 1803 747 corrupta
1835 676 2004 730 filium

406 770 644 840 peperit,
683 767 972 832 Hebraico,
999 778 1055 823 ut
1087 770 1262 834 aiunt,
1323 785 1561 840 genere,
1615 769 1819 823 malitia
1873 767 2007 821 insi-

408 877 594 933 gnem,
656 877 922 931 spurcum
998 863 1263 917 videlicet
1316 862 1616 916 Bahancm.
1677 862 1862 931 Itaque
1919 860 2006 913 hic

408 952 656 1008 Bahanes
690 954 992 1024 Aphroneti
1023 970 1310 1009 successor
1343 954 1465 1015 fuit,
1491 956 1718 1022 ejusque
1752 950 2003 1005 haeresim

406 1045 737 1100 incolumem
775 1056 941 1115 prout
989 1058 1280 1116 exceperat
1323 1064 1352 1101 a
1409 1044 2004 1116 prmcessoribns'suis

405 1138 557 1191 enini
626 1139 943 1207 impuritate
993 1139 1301 1194 confertam
1356 1140 1637 1201 retinens,
1691 1138 2004 1206 multosque

406 1231 607 1284 stultos
635 1230 703 1284 ad
760 1240 1063 1285 extremam
1122 1232 1488 1301 perditionem
1541 1231 1841 1294 deducens,
1886 1228 2004 1299 ipse

403 1335 622 1391 quoque
659 1321 916 1391 nequitia:
941 1324 1199 1395 magister
1239 1324 1465 1379 exstitit.

474 1596 691 1653 XXXII.
725 1596 865 1655 Ecce
892 1609 1075 1655 autem
1102 1600 1264 1671 paulo
1287 1609 1413 1671 post
1466 1602 1606 1657 alius
1657 1602 1786 1659 item
1823 1618 2003 1659 emer-

400 1690 470 1745 sit
504 1706 569 1745 ex
598 1692 749 1746 urbis
796 1691 981 1748 Tabiaa
1012 1694 1287 1748 territorio
1332 1695 1579 1750 veritatis
1629 1696 1997 1751 adversarius.

2111 488 2349 559 κουργίᾳ
2380 485 2719 549 ὑπευθύνους
2754 487 2990 557 ποιήσας
3022 487 3121 556 τῆς
3153 486 3370 540 αἰωνίου
3395 487 3676 553 κολάσεως,

2108 579 2447 649 κατέστρεψε
2500 581 2595 633 καὶ
2628 578 2793 641 αὐτὸς
2857 580 3039 631 ἐκεῖσε
3090 579 3183 631 τὸν
3236 579 3370 649 βίον,
3395 584 3475 645 είς
3528 583 3680 637 τόπον

2105 670 2403 741 λεγόμενον
2460 672 2882 741 Χορτοκοπείον.
2939 671 3142 724 Τούτου
3199 672 3282 724 ἔτι
3335 674 3677 745 ὑπάρχοντος,

2121 761 2403 832 μαθήτρια
2422 761 2613 815 τούτου
2640 764 2720 823 εἰς
2753 763 3044 832 Ἀρμενίαν
3065 764 3199 833 γυνή
3230 781 3315 825 τις
3331 766 3507 817 ἐκτῶν
3528 767 3679 820 αὐτοῦ

2110 854 2370 922 μαθητῶν
2424 852 2796 925 μοιχευθεῖσα,
2857 854 3014 924 ἔσχεν
3072 856 3207 918 υἱὸν,
3263 855 3337 920 ὥς
3403 874 3586 927 φασιν,
3629 860 3679 925 ἐξ

2118 944 2385 1011 Ἐϐραίων
2420 988 2435 1009 ,
2504 946 2595 999 τὸν
2655 947 2747 999 ἐπὶ
2813 947 2984 1017 κακίᾳ
3063 948 3387 1019 περιϐόητον
3454 951 3681 1020 ῥυπαρὸν

2106 1039 2351 1110 Βαάνην.
2390 1034 2559 1103 Οὗτος
2588 1039 2731 1094 οῦνὸ
2766 1041 2978 1109 Βαάνης
3029 1041 3332 1112 διαδέχεται
3368 1043 3461 1095 τὸν
3501 1044 3683 1114 ’Λφρόι

2107 1148 2265 1200 νητον
2294 1172 2309 1195 ,
2344 1134 2440 1186 καὶ
2486 1134 2585 1202 τὴν
2624 1134 2838 1204 αἵρεσιν
2876 1134 3021 1186 σώαν
3062 1136 3126 1203 ἣν
3166 1136 3503 1205 παρείληφεν
3546 1136 3684 1208 παρά

2106 1224 2212 1276 τῶν
2246 1224 2353 1295 πρὸ
2396 1224 2566 1278 αὐτοῦ
2588 1226 2685 1295 τὴν
2712 1226 2890 1295 πάσης
2919 1226 3264 1297 ἀκαθαρσίας
3290 1228 3471 1297 πλήρη
3490 1229 3517 1266 ιι
3562 1246 3682 1280 κατ-

2107 1315 2247 1384 έχων
2285 1332 2299 1346 ’
2339 1318 2435 1370 καὶ
2475 1316 2703 1379 πολλοὺς
2741 1318 2851 1370 τῶν
2890 1319 3144 1388 ἀφρόνων
3199 1321 3279 1381 εἰς
3305 1320 3518 1372 τελείαν
3547 1320 3684 1373 ἀπώο

2104 1407 2254 1460 λειαν
2283 1407 2452 1477 ἄγων,
2489 1410 2697 1478 γίνεται
2744 1411 2838 1464 καὶ
2903 1412 3066 1475 αὐτὸς
3122 1411 3223 1483 τῆς
3278 1416 3479 1478 κακίας
3548 1417 3682 1469 διδά-

2107 1501 2328 1564 σκαλος.
2704 1570 2707 1573 δ

2178 1592 2313 1648 AB’.
2351 1593 2486 1647 Μετ’
2515 1594 2577 1648 ού
2601 1593 2772 1649 πολὺν
2799 1596 2856 1649 δὲ
2886 1597 3200 1667 χρόνον,καὶ
3233 1598 3423 1669 ἕτερός
3452 1617 3535 1665 τις
3568 1601 3685 1654 ἀνα-

2107 1686 2383 1739 δείκνυται
2427 1688 2526 1759 τῆς
2570 1689 2829 1759 ἀληθείας
2884 1692 3183 1756 ἀντίπαλος
3233 1695 3297 1747 ὲκ
3348 1693 3459 1746 τῶν
3515 1693 3683 1765 μερῶν

403 1782 503 1836 Est
530 1782 679 1835 enim
722 1782 793 1836 ibi
843 1784 1130 1853 proximus
1179 1799 1374 1854 pagus,
1428 1785 1516 1839 cui
1550 1800 1754 1838 nomen
1797 1785 1996 1850 Annia,

2109 1778 2310 1842 Τα6ίας
2350 1783 2448 1849 τῆς
2504 1782 2713 1845 πόλεως
2737 1800 2749 1815 ο
2785 1783 2900 1837 ἔστι
2940 1784 3051 1856 γὰρ
3084 1787 3262 1839 ἐκεῖσε
3314 1786 3680 1857 πλησιάζουσα

405 1888 570 1941 quem
630 1874 717 1928 vir
770 1875 994 1943 quidam
1052 1875 1330 1930 incolebat
1386 1874 1619 1945 Dryinus
1673 1876 1998 1945 appellatus.

399 1966 542 2022 lluic
574 1968 719 2023 filius
744 1976 886 2034 erat,
910 1967 1136 2038 Sergius
1166 1969 1415 2031 nomine,
1437 1968 1640 2022 diaboli
1668 1968 1844 2022 miles.
1871 1968 2001 2022 Ser-

401 2059 542 2127 gius,
571 2058 813 2127 inquam,
862 2058 956 2128 qui
1010 2059 1210 2114 multos
1269 2059 1399 2113 fecit
1454 2060 1520 2113 de
1572 2060 1767 2114 ovibus
1819 2060 1997 2131 lupos,

400 2165 635 2219 quorum
669 2166 835 2220 opera
864 2150 1069 2205 Christi
1095 2166 1311 2222 gregem
1342 2151 1652 2221 dissipavit.
1698 2151 1921 2222 Sergius
1946 2152 1998 2205 in

401 2238 563 2292 ovina
592 2239 735 2309 pelle
763 2239 945 2310 lupus,
979 2240 1370 2295 fraudulentus
1398 2242 1662 2295 virtutum
1691 2241 1997 2306 simulator,

402 2347 469 2386 ac
493 2334 790 2388 multorum
820 2333 1051 2404 proinde
1079 2335 1369 2404 deceptor;
1402 2332 1623 2406 Sergius
1643 2335 1822 2389 crucis
1842 2335 2000 2387 Chri-

403 2425 470 2479 sti
498 2425 773 2489 inimicus,
808 2434 864 2480 et
902 2426 1159 2480 atheismi
1191 2442 1272 2491 os,
1334 2425 1579 2495 Deiparte
1634 2426 1999 2495 omniumque

402 2525 719 2573 sanctorum
760 2519 1117 2584 conviciator,
1151 2518 1351 2573 Christi
1382 2520 1752 2588 apostolorum
1801 2520 1998 2573 adver-

402 2611 601 2676 sarius,
632 2610 1026 2680 prophetarum
1055 2627 1202 2673 osor,
1243 2621 1299 2667 et
1348 2612 1656 2666 divinarum
1690 2612 2000 2683 Scriptura-

400 2719 522 2757 rum
558 2712 847 2774 corruptor
872 2721 1008 2773 quas
1042 2705 1108 2759 ad
1148 2705 1359 2759 fabulas
1390 2706 1849 2775 mendaciumque
1882 2706 1999 2761 dis-

403 2793 698 2861 torquebat
735 2812 749 2859 ;
802 2793 1026 2865 Sergius
1048 2795 1251 2850 Christi
1281 2797 1475 2858 hostis,
1518 2804 1575 2850 et
1606 2795 1863 2852 Ecclesia:
1898 2813 1998 2867 op-

400 2897 691 2957 pugnatur,
725 2888 820 2956 qui
860 2886 954 2941 Dei
1010 2888 1210 2943 Filium
1262 2889 1497 2959 pedibus
1543 2891 1903 2955 conrulcavit,
1945 2901 2002 2946 et

406 2980 532 3034 novi
570 2981 910 3036 Testamcuti
944 2983 1265 3053 sanguinem
1291 2987 1579 3054 profanum
1622 2986 1906 3055 judicavit,
1946 2994 2003 3041 et

333 3062 339 3070 “
403 3070 459 3124 in
512 3072 698 3141 gratia:
756 3072 1023 3142 Spiritum
1080 3075 1317 3144 iniurius
1366 3077 1488 3131 fuit.
1542 3077 1765 3149 Sergius
1787 3080 1877 3150 qui
1910 3096 2073 3165 se-C

401 3161 582 3230 ipsum
618 3162 755 3217 dixit
786 3164 1154 3229 ParaClelum,
1186 3176 1241 3222 et
1276 3167 1497 3239 Tyehici
1535 3171 1636 3225 sibi
1664 3188 1868 3228 nomen
1902 3175 2005 3229 im-

399 3254 604 3323 posuit,
639 3264 803 3325 atque
831 3272 860 3311 a
893 3258 1009 3313 suis
1033 3260 1318 3330 discipulis
1344 3278 1446 3317 ceu
1483 3265 1725 3334 Spiritus
1774 3277 2002 3325 sanctus

398 3348 654 3401 adoratus
680 3347 821 3415 fuit;
855 3350 1076 3421 Sergius
1103 3355 1449 3409 tenebrarum
1486 3373 1696 3424 amans,
1725 3369 1781 3414 et
1813 3376 1870 3415 se
1916 3362 2003 3415 ni-

401 3438 703 3494 hilominus
746 3443 1081 3500 relucentem
1136 3448 1349 3501 stellam
1395 3451 1697 3521 appellans.
1733 3452 1841 3508 Sed
1872 3456 2001 3524 quid

398 3532 605 3602 plura?
645 3534 730 3589 vel
770 3551 870 3590 cur
900 3537 1017 3591 haec
1074 3540 1219 3595 baud
1275 3542 1441 3597 citius
1495 3546 1809 3617 abrumpo?
1870 3549 2002 3603 Exi-

400 3623 567 3678 stimo
592 3624 738 3679 enim
763 3642 833 3681 nc
868 3628 1187 3684 universum
1223 3633 1445 3701 quidem
1478 3651 1683 3699 sevum,
1737 3640 2001 3709 nequitiae

398 3714 519 3782 eius
559 3714 723 3785 digne
758 3720 1087 3774 enarranda:
1116 3722 1251 3777 satis
1279 3724 1418 3779 fore.
1459 3726 1557 3782 llic
1587 3744 1718 3799 ergo
1751 3730 1997 3803 Sergius,

358 3880 359 3883 η
399 3804 629 3873 juvenili
656 3806 837 3862 adhuc
866 3818 1048 3876 aetate,
1113 3811 1399 3871 familiaris
1453 3817 1629 3874 factus
1678 3823 2001 3880 Manicbzeze

400 3896 617 3951 cuidam
661 3900 1018 3966 mulierculas,
1046 3913 1210 3974 atque
1244 3908 1339 3961 ab\
1367 3924 1429 3964 ea
1487 3912 1772 3984 deceptus,
1842 3916 2001 3971 Anti-

404 3988 595 4043 christi
624 3989 735 4061 37
778 4008 1087 4062 praecursor
1113 3999 1341 4054 exstitit.
1372 4001 1823 4062 Consentaneum
1842 4011 2001 4080 quip-

402 4096 472 4150 pe
523 4081 625 4137 fuit
665 4092 725 4138 ut
768 4085 820 4139 hi
855 4088 1186 4158 turpissima:
1241 4091 1513 4152 haereseos
1572 4102 1835 4171 magistri,
1873 4119 2000 4173 par-

404 4172 499 4227 tim
526 4189 591 4227 ex
621 4175 914 4231 Saracenis
944 4180 1171 4249 stirpem
1216 4183 1505 4253 ducerent,
1557 4191 1755 4258 partim
1813 4172 1998 4249 servili

409 4278 612 4332 genere
670 4277 882 4331 esseut,
942 4272 1139 4339 partim
1195 4274 1262 4328 de
1328 4275 1693 4334 fornicatione
1746 4300 2002 4340 crearen-

406 4362 516 4419 tur,
569 4356 767 4424 partim
814 4358 1053 4430 denique
1107 4378 1138 4416 a
1185 4364 1404 4422 feminis
1431 4384 1675 4426 errorem
1720 4376 2000 4434 condisce-

404 4456 552 4501 rent.

2103 1870 2265 1942 κώμη
2317 1873 2499 1927 Ἀννία
2546 1875 2881 1947 καλουμένη,
2915 1880 2972 1931 ὲν
3012 1872 3057 1953 ᾗῇ
3108 1878 3355 1949 κατῴκει
3417 1880 3556 1949 ἀνήρ
3587 1896 3681 1941 τις,

2103 1964 2330 2034 Δρύῖνος
2376 1966 2801 2038 ὀνομαζόμενος.
2845 1970 3014 2034 Οὗτος
3057 1971 3215 2043 ἔσχεν
3284 1973 3423 2039 υἱὸν,
3477 1974 3686 2044 Σέργιον

2105 2058 2463 2129 καλούμενον,
2495 2064 2587 2116 τὸν
2638 2064 2730 2116 τοῦ
2781 2064 3026 2118 διαϐόλου
3064 2066 3388 2137 ὑπέρμαχον
3419 2082 3434 2097 ·
3478 2065 3687 2136 Σέργιον

2104 2150 2197 2203 τὸν
2253 2152 2484 2217 πολλοὺς
2525 2157 2588 2208 ὲκ
2632 2156 2934 2225 προϐάτων
2988 2156 3188 2222 λύκους
3222 2160 3551 2228 ποιήσαντα,
3603 2155 3686 2209 καὶ

2105 2248 2170 2301 δι’
2210 2251 2223 2289 ἱ
2260 2246 2438 2300 αὐτῶν
2472 2248 2852 2320 σκορπίσαντα
2886 2251 2986 2313 τὰς
3014 2251 3111 2303 τοῦ
3154 2249 3400 2322 Χριστοῦ
3447 2249 3640 2317 ἀγέλας
3665 2265 3676 2277 ·

2106 2346 2335 2418 Σέργιον
2372 2344 2465 2397 τὸν
2514 2343 2688 2397 δεινὸν
2727 2343 3186 2413 προϐατόσχημον
3218 2342 3409 2405 λύκον,
3443 2341 3534 2395 τὸν
3566 2342 3686 2410 ἀρε-

2105 2438 2203 2500 τάς
2237 2436 2425 2498 δολίως
2458 2434 2848 2505 ὑποκριθέντα,
2882 2434 3177 2487 κάντεῦθεν
3217 2434 3451 2497 πολλοὺς
3493 2432 3685 2496 ἐξαπα-

2104 2529 2386 2599 τήσαντα’
2446 2527 2673 2596 Σέργιον
2734 2527 2825 2578 τὸν
2882 2526 3076 2597 ἐχθρὸν
3149 2526 3246 2579 τοῦ
3310 2525 3546 2595 σταυροῦ
3604 2525 3685 2577 τοῦ

2106 2620 2370 2692 Χριστοῦ,
2412 2620 2473 2673 τὸ
2505 2620 2603 2688 τῆς
2638 2619 2935 2682 ἀθεότητος
2986 2621 3181 2689 στόμα,
3213 2620 3308 2673 τὸν
3362 2619 3466 2689 τῆς
3499 2620 3686 2687 Θεομή-

2104 2730 2261 2784 τορος
2305 2713 2401 2765 καὶ
2454 2713 2673 2766 πάντων
2716 2713 2827 2764 τῶν
2875 2712 3049 2780 ἁγίων
3115 2712 3383 2782 ὑϐριστήν
3412 2727 3425 2740 ·
3476 2711 3685 2780 Σέργιον

2105 2808 2197 2861 τὸν
2232 2806 2378 2879 [cod.
2411 2807 2450 2862 ί.
2484 2808 2579 2861 150
2605 2806 2685 2878 b.]
2717 2807 3015 2876 ἀντίμαχον
3044 2807 3154 2859 τῶν
3187 2806 3280 2858 τοῦ
3309 2803 3549 2876 Χριστοῦ
3574 2805 3687 2857 ἀπο·

2108 2900 2309 2954 στόλων
2377 2900 2470 2954 τὸν
2530 2901 2659 2963 τοὺς
2718 2903 3006 2971 προφήτας
3073 2900 3408 2971 μισήσαντα,
3454 2899 3547 2951 καὶ
3600 2896 3687 2959 τας

2109 2991 2258 3054 θείας
2311 2992 2535 3062 Γραφάς
2576 2993 3018 3063 ἀποστραφέντα,
3054 2992 3147 3045 καὶ
3193 2991 3332 3062 πρὸς
3379 2991 3576 3061 μύθους
3604 2989 3688 3042 καὶ

2105 3082 2278 3155 ψεύδη
2319 3085 2666 3156 ἐκτραπέντα
2696 3101 2710 3114 ο
2744 3086 2971 3156 Σέργιον
3000 3084 3091 3138 τὸν
3139 3084 3233 3137 τοῦ
3261 3083 3505 3154 Χριστοῦ
3540 3100 3687 3153 μιση-

2108 3176 2228 3247 τὴν,
2280 3178 2371 3230 τὸν
2413 3178 2514 3247 τῆς
2581 3177 2912 3245 Ἐκκλησίας
2966 3177 3245 3247 πολέμιον,
3283 3177 3377 3231 τὸν
3425 3176 3553 3229 Υίδν
3603 3175 3687 3227 τοῦ

2108 3267 2244 3320 Θεοῦ
2296 3271 2790 3339 καταπατήσαντα,
2851 3271 2947 3323 καί¹
2988 3270 3049 3323 τὸ
3089 3264 3233 3340 αἷμα
3283 3271 3385 3339 τῆς
3438 3269 3689 3339 διαθήκης

2108 3361 2285 3414 κοινὸν
2310 3360 2322 3411 i
2365 3364 2734 3434 ἡγησάμενον,
2758 3364 2854 3416 καὶ
2901 3364 2963 3417 τὸ
2988 3362 3215 3433 Πνεῦμα
3238 3364 3339 3432 τῆς
3361 3362 3585 3433 χάριτος
3612 3364 3687 3413 ὲν-

2107 3454 2407 3525 υ6ρίσαντα
2440 3474 2453 3487 ·
2522 3457 2747 3529 Σέργιον
2798 3457 2889 3510 τὸν
2936 3450 3129 3511 ἑαυτὸν
3186 3458 3547 3528 Παράκλητον
3606 3453 3686 3507 λέ-

2104 3564 2273 3615 γοντα
2312 3548 2447 3618 (56),
2481 3549 2717 3618 Τυχικόν
2756 3565 2817 3601 τε
2848 3548 3040 3602 ἑαυτὴν
3084 3547 3401 3602 καλέσαντα.
3451 3546 3545 3600 καὶ
3595 3544 3688 3597 ὑπὸ

2105 3641 2217 3693 τῶν
2258 3642 2401 3695 ίδὶων
2450 3643 2708 3713 μαθητῶν
2747 3641 2821 3705 ὡς
2846 3642 3072 3711 Πνεῦμα
3100 3640 3253 3709 ἆγιον
3285 3637 3686 3712 προσκυνούμε-

2104 3748 2193 3785 νον
2224 3747 2238 3763 ο
2271 3733 2496 3804 Σέργιον
2525 3734 2617 3786 τὸν
2647 3734 2743 3787 τοῦ
2793 3734 3020 3798 σκότους
3065 3734 3341 3805 προσφιλῆ
3369 3776 3383 3799 ,
3424 3734 3516 3786 τὸν
3573 3732 3688 3783 ἑαυ·

2104 3823 2195 3878 τδν
2220 3826 2529 3898 λυχνοφανῆ
2558 3829 2765 3899 ἀστέρα
2794 3829 3021 3895 λέγοντα.
3054 3844 3069 3858 σ
3095 3828 3191 3881 καὶ
3218 3827 3272 3879 τί
3296 3826 3380 3880 ἔτι
3404 3826 3547 3895 λέγω
3564 3866 3577 3887 ,
3603 3822 3688 3875 καὶ

2104 3918 2165 3970 οὺ
2216 3921 2576 3990 συμπεραίνω
2604 3921 2816 3991 ταχέως
2844 3938 2860 3987 ;
2891 3915 3047 3990 οἶμαι
3077 3920 3212 3991 εγάρ
3242 3919 3326 3973 ὅτι
3376 3919 3488 3973 οὐδ’
3535 3920 3562 3970 ὁ
3589 3916 3688 3977 πᾶς

2105 4013 2243 4068 αίὼν
2296 4013 2395 4083 τὴν
2444 4012 2611 4067 αὐτοῦ
2650 4014 2850 4067 κακίαν
2885 4014 3123 4079 ἐπαξίως
3172 4013 3250 4084 τῷ
3279 4014 3498 4083 λέγοντι
3530 4014 3684 4080 ἐπαρ-

2104 4107 2253 4160 κέσοι
2281 4121 2295 4135 ⁸
2322 4098 2478 4168 οὗτος
2533 4106 2714 4159 τοίνυν
2757 4109 2785 4160 ὀ
2841 4107 3066 4176 Σέργιος
3120 4105 3199 4159 ἔτι
3238 4107 3370 4159 νέαν
3422 4109 3569 4173 ἄγων
3599 4102 3687 4172 τὴν

2104 4198 2343 4271 ἡλικίαν,
2376 4199 2702 4269 προσομιλεῖ
2760 4216 2868 4271 τ-ινι
2934 4200 3158 4268 γυναικὶ
3218 4199 3356 4269 οῦση
3391 4201 3455 4252 ἐκ
3520 4198 3685 4253 Μανι-

2105 4266 2275 4364 χαὲων
2306 4308 2321 4324 ο
2362 4266 2460 4346 καὶ
2510 4266 2569 4358 ἐξ
2626 4266 2810 4363 αὑτῆξ
2836 4266 3163 4364 ἀπατηθεὶς,
3206 4266 3422 4360 γίνεται
3470 4290 3688 4361 πρόδρο-

2108 4403 2207 4455 μος
2238 4385 2333 4438 τοῦ
2388 4386 2764 4458 Ἀντιχρίστου
2788 4386 2938 4440 ’ἔδει
2972 4386 3081 4457 γὰρ
3132 4386 3257 4449 τοὺς
3308 4386 3413 4456 τῆς
3446 4384 3687 4456 ἐχθίστης

2034 4462 2375 4549 ι)αίρέσεως
2434 4479 2834 4543 διδασκάλους,
2898 4480 3028 4541 τοὺς
3087 4479 3185 4550 μὲν
3237 4481 3302 4532 ὲκ
3364 4474 3687 4549 Σαρακηνῶν

404 4540 765 4643 κατάγεςοαι,
810 4543 939 4644 τοῦς
995 4546 1049 4600 δὲ
1102 4548 1161 4614 ἐξ
1222 4550 1452 4606 οίκετῶν
1498 4556 1809 4629 ὑπάρχειν,
1865 4566 1992 4630 τοὺς
2032 4569 2228 4637 ἄλλους
2295 4573 2362 4625 ὲκ
2404 4572 2663 4644 πορνείας
2724 4572 3089 4644 γεγεννῆσθαι
3158 4574 3208 4637 ll,
3241 4573 3337 4625 καὶ
3369 4570 3592 4642 ἑτέρους
3630 4569 3687 4619 ὲκ

404 4631 685 4701 γυναικῶν
710 4635 1112 4707 παρειληφέναι
1136 4641 1237 4712 τήν
1273 4644 1483 4714 πλάνην
1508 4650 1642 4718 (57).

473 4729 712 4785 XXXIII.
743 4734 821 4789 Ne
848 4751 977 4790 vero
1010 4737 1295 4795 videamur
1322 4751 1525 4799 temere
1559 4746 1705 4802 hunc
1727 4765 2005 4823 accusare,

402 4839 492 4879 res
524 4825 693 4893 ipsius
727 4827 972 4899 singulas
1012 4847 1373 4902 exponemus.
1428 4838 1493 4892 Et
1533 4841 1711 4908 primo
1755 4844 2005 4905 dicemus

402 4917 677 4984 quomodo
710 4918 898 4974 infelix
932 4922 1096 4976 homo
1120 4925 1186 4977 ad
1214 4924 1358 4978 hanc
1402 4925 1656 4985 haeresim
1691 4934 2004 4993 declinave-

403 5011 510 5076 rit;
544 5013 744 5071 dcinde
766 5033 830 5071 ex
872 5019 1045 5087 ipsius
1072 5023 1447 5087 sermonibus,
1491 5029 1747 5097 quisnam
1777 5033 1865 5088 hic
1896 5036 1999 5089 mi-

404 5102 669 5162 scrritnus
699 5109 770 5164 sit
792 5111 877 5165 vel
913 5111 1094 5181 potius
1120 5113 1307 5182 fuerit,
1336 5118 1511 5186 palam
1545 5122 1831 5191 faciemus.
1861 5127 2002 5184 Huic

2180 4758 2304 4814 AI".
2348 4761 2467 4815 Ἵνα
2502 4761 2557 4814 δὲ
2607 4761 2681 4833 μὴ
2716 4760 2957 4831 δόξωμεν
2992 4763 3072 4827 είς
3133 4762 3311 4833 μάτην
3365 4758 3686 4829 κατηγορεῖν

2105 4852 2390 4919 αὐτοῦ,τὰ
2446 4854 2574 4925 περὶ
2626 4855 2792 4908 αὐτοῦ
2852 4856 3098 4927 μερικῶς
3151 4853 3530 4927 διηγησόμεθα
3562 4850 3689 4903 ’καὶ

2104 4946 2320 5015 πρῶτον
2385 4947 2484 5017 μὲν
2533 4947 2780 5018 εἴπωμεν
2840 4947 2855 4985 ι
2895 4948 3010 5011 πῶς
3063 4951 3091 5001 ὁ
3141 4948 3321 5011 ἄθλιος
3371 4950 3452 5009 εἰς
3495 4943 3688 5011 ταύτην

2114 5039 2390 5111 ὲξετράπῖη
2450 5042 2549 5113 τὴν
2584 5043 2800 5113 αἰρεσιν
2830 5060 2843 5074 ·
2886 5039 2988 5097 εἷθ’
3035 5043 3209 5107 οὕτως
3251 5045 3313 5095 ἐκ
3343 5042 3453 5095 τῶν
3484 5038 3687 5094 οἰκείων

2105 5132 2272 5185 αὑτοῦ
2306 5132 2505 5203 λογίων
2534 5136 2964 5208 παραστήσομεν
2993 5136 3178 5201 ὁποῖός
3206 5136 3290 5200 τίς
3325 5137 3467 5199 ἐστι,
3494 5129 3687 5204 μᾶλλον

1702 5333 1937 5392 VARIAZ
1980 5336 2386 5399 LECTIONES.

483 5457 511 5497 ιι
547 5458 687 5515 Cod.
720 5464 958 5535 πλήρης.
1048 5467 1061 5505 ί
1097 5464 1160 5519 Π.
1194 5466 1303 5521 διὰ.
1385 5466 1399 5518 i
1437 5467 1573 5528 Cod.
1605 5476 1814 5530 καινόν.
1895 5479 1921 5519 ιι
1957 5480 2023 5540 R.
2048 5446 2402 5554 γεγενῆσθαι.
2495 5485 2507 5523 ¹
2542 5486 2683 5541 Cod.
2708 5486 2956 5559 εἴπομεν.

616 5619 731 5708 Hth
753 5622 1142 5708 loco-Raderus
1162 5626 1410 5708 .dcfnisse
1442 5630 1577 5708 dicit
1601 5635 1653 5689 in
1680 5641 1973 5708 exemplari

401 5687 591 5777 Crteco
626 5691 897 5777 Sirt‘uondi
926 5696 1087 5749 verba
1123 5698 1273 5765 plura
1297 5716 1467 5768 usque
1514 5705 1579 5756 ad
1616 5687 1709 5759 τοῦ

394 5758 683 5817 inclusive.
707 5763 813 5819 Sed
849 5758 1136 5835 utcunque
1164 5784 1228 5823 ea
1257 5786 1343 5826 res
1364 5758 1422 5827 se
1446 5758 1667 5844 habeat
1698 5758 1974 5842 in-

2090 5651 2312 5724 quidem
2335 5653 2458 5709 Vat.
2481 5652 2625 5707 unde
2660 5654 2954 5724 exscripsit
2976 5653 3320 5718 Sirmondus,
3344 5653 3477 5707 nihil
3498 5651 3661 5705 deest.

2162 5723 2275 5792 (57)
2315 5724 2453 5777 Sunt
2513 5725 2566 5777 hi
2628 5723 2994 5793 Scythianus,
3049 5726 3270 5787 Manes,
3332 5726 3668 5795 Aphronetus

2086 5790 2382 5862 Batbaues,
2416 5795 2657 5866 Sergius,
2691 5790 2751 5850 ut
2775 5812 2839 5852 ex
2864 5798 3141 5868 praedictis
3166 5790 3399 5853 constat.
