3702 6240
14 301 155 367 1289
242 300 258 315 “

1183 293 1550 358 HISTORIA
1589 294 2200 358 MANICHEORUM.

3185 295 3323 362 1290

13 423 67 477 δὲ
97 416 171 493 ἦν
212 419 244 473 ό
278 416 570 480 πανάθλιος
605 430 620 447 ⁶
652 409 808 478 οὗτος
838 411 1016 468 τοίνυν
1062 412 1142 464 ἔτι
1189 413 1316 465 νέαν
1343 411 1493 479 ἄγων
1527 411 1620 482 τὴν

1800 426 1945 481 ique,
1978 409 2210 482 juvenili
2241 410 2422 467 adhuc
2461 418 2643 480 aetate,
2680 413 2910 486 contigit
2937 413 2995 470 in
3027 426 3327 472 consuetu-

13 514 244 584 ἡλικίαν
303 510 502 581 συνέϐη
558 511 618 564 ὲν
679 506 942 578 συντυχίᾳ
977 503 1152 558 ἐλθεῖν
1193 505 1433 576 ἀσέμνου
1482 503 1626 566 τινὸς

13 601 311 673 γυναικὸς,
331 599 495 671 οὔσης
514 602 578 653 ὲκ
598 597 746 671 [c0d.
771 596 808 652 l'.
839 595 965 668 104]
990 594 1352 694 Μανιγαῖκῆς,
1375 594 1451 658 ώς
1471 592 1626 694 εἴρη-

15 714 131 760 ται,
174 694 484 766 αἱρέσεως*
513 693 546 763 ἡ
581 691 640 745 δὲ
668 690 762 744 τοῦ
789 689 1038 743 διαϐόλου
1075 687 1352 758 μαθήτρια
1386 687 1624 756 πανοῦρ-

17 807 114 859 γος
146 788 483 859 ὑπάρχουσα
524 785 620 838 καὶ
680 780 931 847 ὕπουλος,
965 780 1116 849 λέγει
1173 774 1321 849 αὐτῷ
1353 794 1366 809 ”
1416 777 1626 832 ’Λκούω

19 881 158 952 περὶ
193 880 322 945 σοῦ,
359 877 520 948 κύριε
573 875 788 944 Σέργιε,
819 874 900 927 ὃτι
944 874 1003 926 ὲν
1043 873 1327 943 ἐπιστήμῃ
1365 870 1625 942 γραμμά·

15 983 127 1027 τ’ων
159 975 264 1026 καὶ
286 969 627 1031 παιδεύσεως
660 967 866 1033 πέλεις,
893 965 988 1020 καὶ
1025 965 1230 1034 ἀγαθὸς
1269 965 1411 1019 κατὰ
1442 964 1622 1018 πάντα

19 1067 301 1138 ὑπάρχεις
353 1061 662 1133 ἄνθρωπος.
694 1059 833 1112 Εἰπὲ
889 1057 984 1112 οὖν
1036 1075 1148 1129 μοι,
1171 1057 1260 1110 ’ίνα
1291 1057 1344 1110 τί
1387 1056 1455 1110 τὰ
1503 1055 1624 1109 θεῖα

17 1159 118 1210 οὐκ
172 1154 582 1224 ἀναγινώσκεις
641 1150 993 1219 Εὐαγγέλια;
1071 1150 1129 1202 '0
1176 1149 1233 1202 δὲ
1278 1151 1390 1210 τοῖς
1445 1147 1622 1217 λόγοις

22 1248 199 1318 αὐτῆς
230 1247 574 1316 κεπφωθεὶς,
609 1244 684 1315 μὴ
713 1241 1028 1312 ιγινώσκων
1073 1241 1310 1312 μάλιστα
1338 1240 1430 1292 τὸν
1457 1241 1622 1308 ἐγκε-

20 1339 346 1410 κρυμμένον
370 1339 468 1408 τῆς
489 1333 688 1399 κακίας
723 1335 801 1388 ἰὸν
832 1343 874 1374 ιιι
896 1335 954 1388 ὲν
981 1332 1143 1404 αὐτῇ,
1167 1333 1338 1400 λέγει·
1367 1332 1480 1384 Οὐκ
1502 1329 1622 1396 ἑξε-

23 1449 136 1486 στιν
167 1432 307 1502 ἡμῖν
333 1429 619 1497 κοσμικοῐς
647 1422 798 1481 οὖσιν
827 1425 1003 1481 ταῦτα
1024 1423 1442 1495 ἀναγινώσκειν,
1469 1424 1517 1476 εί
1547 1423 1620 1495 μὴ

20 1528 130 1588 τοῖς
153 1523 369 1596 ἱερεῦσι
394 1529 423 1560 ’³
447 1522 650 1594 μόνοις
678 1523 710 1590 ἡ
735 1518 793 1574 δέ
815 1535 950 1590 φησι
973 1517 1110 1589 πρὸς
1130 1517 1312 1570 αὐτόν·
1337 1517 1452 1568 Οὐκ
1475 1514 1621 1568 ἔστιν

28 1617 225 1682 οὕτως,
253 1615 334 1678 ὼς
367 1615 431 1668 σὺ
449 1612 862 1684 ὑπολαμόανεις
893 1628 907 1642 ·
936 1612 996 1664 οὐ
1027 1611 1137 1683 γάρ
1172 1611 1288 1663 ἐστι
1324 1625 1620 1682 προσωπο-

19 1708 184 1777 ληψία
210 1707 370 1780 παρὰ
394 1707 473 1778 τῷ
503 1705 624 1777 Θεῷ
643 1723 656 1737 ⁸
689 1705 932 1770 Πάντας
960 1705 1072 1774 γὰρ
1101 1704 1261 1758 θέλει
1291 1701 1567 1772 σωθῆναι
1587 1704 1620 1756 ό

1730 501 1914 558 dinem
1946 502 2236 558 incurrere
2267 502 2576 560 inhonesta:
2614 505 2900 576 cujusdam
2947 506 3187 572 feminae,
3229 524 3323 565 se-

1729 603 1815 650 cta
1848 603 1910 649 ut
1951 594 2191 649 diximus
2223 594 2558 664 Manichaee,
2601 613 2723 668 quae
2772 599 2975 656 diaboli
3013 601 3207 657 callida
3259 619 3325 660 ac

1729 683 1916 740 dolosa
1970 685 2239 756 discipula
2287 687 2362 741 ait
2386 686 2464 742 illi
2502 687 2724 745 :Audio
2748 699 2822 756 te,
2867 692 3089 748 domine
3144 693 3321 764 Sergi,

1727 774 1925 830 litteris
1949 775 2364 847 disciplinisque
2391 780 2693 850 eruditmn,
2724 792 2779 839 et
2805 787 3086 856 egregium
3115 804 3323 860 usque.

1727 878 1942 934 quaque
1973 865 2170 921 virum.
2222 867 2316 922 Dic
2365 885 2495 942 ergo
2527 872 2684 939 mihi,
2715 889 2816 930 cur
2845 876 3030 933 divina
3070 879 3322 953 Evange-

1726 953 1798 1008 lia
1820 969 1933 1009 non
1961 955 2130 1028 legas.
2163 956 2257 1012 Ille
2287 974 2417 1015 vero
2454 962 2618 1033 hujus
2652 966 2833 1022 verbis
2879 968 3165 1042 deceptus,
3223 991 3322 1030 ne-

1725 1065 1832 1120 que
1870 1051 2046 1107 latens
2069 1068 2344 1110 venenum
2379 1059 2643 1128 sentiens,
2687 1066 2970 1135 respondit
3007 1085 3022 1121 :
3056 1067 3174 1126 Non
3197 1070 3326 1130 licet

1725 1143 2022 1200 mundanis
2049 1147 2208 1202 nobis
2240 1148 2357 1205 haec
2379 1151 2579 1224 legere,
2613 1157 2710 1211 sed
2734 1163 3113 1219 tantummodo
3141 1180 3325 1221 sacer-

1722 1234 1964 1293 dotibus.
1996 1237 2301 1312 Respondit
2342 1244 2432 1301 illa
2460 1265 2476 1297 :
2512 1246 2634 1302 Non
2664 1249 2738 1305 ita
2794 1267 2854 1309 se
2905 1270 2995 1311 res
3041 1257 3228 1326 habet,
3262 1270 3326 1318 ut

1725 1328 1899 1394 reris;
1956 1333 2086 1402 quia
2135 1350 2248 1390 non
2297 1346 2384 1393 est
2437 1354 2804 1410 personarum
2866 1350 3115 1420 acceptio
3171 1355 3317 1424 apud

1724 1418 1899 1478 Deum
1933 1443 1946 1479 :
1982 1423 2105 1480 Vult
2143 1429 2282 1483 enim
2309 1430 2568 1488 Dominus
2599 1451 2776 1491 omnes
2803 1439 2976 1496 salvos
3001 1418 3140 1512 feri,
3169 1457 3218 1498 et
3251 1448 3326 1501 ad

1722 1515 1963 1570 veritatis
1995 1518 2322 1588 agnitionem
2347 1523 2525 1579 venire
2552 1523 2620 1581 ⁴⁰.
2657 1526 2765 1582 Sed
2820 1531 2950 1600 quia
3001 1535 3320 1594 sacerdotes

1724 1609 1891 1662 vestri
1926 1609 2173 1666 divinum
2208 1613 2450 1671 Verbum
2479 1620 2712 1688 quaestui
2737 1622 2964 1690 habent,
2990 1635 3047 1682 et
3070 1624 3325 1702 Evange—

1724 1699 1922 1756 liorum
1953 1705 2209 1775 mysteria
2239 1708 2438 1776 celant,
2476 1720 2768 1782 propterea
2801 1716 2869 1772 ad
2902 1733 3065 1774 aures
3109 1699 3324 1779 vestras

22 1772 260 1873 Κόριος,
285 1772 400 1870 ἑιαιξ
426 1772 515 1866 εὶς
542 1772 880 1867 ἐπίγνωσιν
916 1772 1208 1865 ἀληθείας
1238 1795 1471 1850 ἐλθεῖν·
1506 1795 1620 1849 ἀλλ’

1803 1811 1839 1849 ιι
1871 1797 2079 1868 legunt,
2111 1814 2233 1868 qua:
2259 1800 2314 1866 in
2337 1801 2443 1857 illis
2467 1805 2788 1862 scribuntur
2818 1811 3003 1866 omnia
3030 1829 3045 1880 ;
3081 1815 3180 1870 sed
3215 1816 3324 1872 alia

21 1894 208 1965 ἐπειδὴ
237 1894 288 1947 οἱ
361 1893 528 1964 ἱερεῖς
568 1890 724 1962 ὑμῶν
767 1889 1174 1962 καπηλεύονται
1221 1890 1312 1944 τὸν
1362 1889 1456 1943 τοῦ
1484 1887 1620 1942 Θεοῦ

18 1989 196 2056 λόγον,
233 1987 334 2040 καὶ
387 1987 458 2041 τὰ
490 1987 546 2042 ὲν
572 1985 924 2055 Εὑαγγελίοις
959 1985 1236 2056 μυστήρια
1269 1983 1622 2054 ἀποκρύϐου-

16 2097 124 2144 σιν,
191 2079 284 2134 διὰ
328 2077 488 2132 τοῦτο
511 2077 612 2133 οὐκ
657 2076 1128 2146 ἀναγινώσκουσιν
1157 2078 1237 2138 είς
1297 2076 1540 2146 ὑπήκοον
1596 2081 1621 2110 °

20 2171 174 2239 ὑμῶν
201 2172 272 2224 τὰ
316 2172 376 2223 ὲν
416 2170 600 2233 αὐτοῖς
645 2168 1012 2240 γεγραμμένα
1059 2168 1275 2222 ἅπαντα
1309 2183 1322 2196 ·
1358 2167 1496 2221 ἀλλά
1549 2165 1620 2220 τὰ

27 2266 142 2334 μὲν,
167 2264 282 2326 ναὶ,
341 2264 410 2318 τὰ
441 2263 521 2330 δὲ,
557 2262 620 2316 οὔ
654 2277 669 2293 ⁸
693 2263 842 2325 ὅπως
876 2261 950 2333 μὴ
988 2261 1179 2330 ἔλθητε
1204 2264 1286 2325 εἰς
1326 2260 1622 2328 ἐπίγνωσιν

26 2357 281 2428 ἀληθείας
311 2374 330 2388 ·
363 2356 674 2429 γέγραπται
699 2355 828 2427 γὰρῖ
853 2357 912 2408 ὲν
939 2355 1143 2418 αὐτοῖς,
1169 2355 1249 2408 ὅτι
1290 2354 1393 2408 Ἐν
1414 2354 1618 2422 ἐκείνῃ

28 2446 95 2516 τῇ
126 2448 324 2517 ἡμέρᾳ
351 2446 514 2512 τινὲς
566 2446 796 2516 ἐροῦσι,
838 2446 1034 2514 Κύριε,
1084 2445 1283 2514 Κύριε,
1317 2447 1388 2499 οὐ
1426 2442 1507 2509 τῷ
1529 2442 1622 2509 σῷ

30 2540 273 2609 ὀνόματι
342 2539 622 2610 δαιμόνια
691 2539 1064 2610 ἐξεϐάλομεν
1091 2579 1106 2603 ,
1169 2537 1267 2592 καὶ
1332 2535 1621 2606 δυνάμεις

28 2630 259 2698 πολλὰς
311 2631 741 2700 ἐποιήσαμεν;
776 2633 869 2684 καὶ
897 2629 1217 2701 ἀποκριθεὶς
1260 2630 1288 2680 ό
1342 2628 1615 2699 βασιλεὺς,

28 2722 139 2790 ἐρεῖ
157 2723 343 2787 αὐτοῖς
367 2739 384 2754 ·
423 2723 594 2795 Ἀμὴν
615 2724 766 2796 ἀμὴν
801 2724 946 2792 λέγω
968 2724 1116 2794 ὑμῖν,
1147 2724 1250 2776 οὑκ
1277 2717 1397 2775 οἶδα
1424 2723 1571 2792 ὑμᾶς
1599 2739 1613 2754 ο

1726 1887 1946 1958 quidem
1976 1890 2183 1959 utique,
2214 1892 2319 1946 alia
2354 1894 2605 1961 minime,
2648 1913 2718 1952 ne
2763 1901 2831 1955 ad
2877 1902 3128 1961 veritatis
3174 1907 3325 1962 noti-

1730 1981 1860 2034 tiam
1915 1983 2268 2051 perveniatis.
2311 1986 2589 2058 Scriptum
2623 1992 2770 2046 enim
2809 1993 2865 2047 in
2901 1995 3009 2051 illis
3058 2007 3144 2054 est
3205 1999 3326 2056 fore

1726 2081 1786 2127 ut
1815 2072 1906 2127 illa
1946 2073 2034 2128 die
2065 2077 2313 2131 nonnulli
2351 2078 2536 2135 dicant
2561 2097 2576 2136 :
2599 2082 2845 2153 Domine,
2874 2085 3122 2157 Domine,
3155 2107 3328 2147 nonne

1724 2164 1781 2217 in
1811 2166 2025 2220 nomine
2052 2175 2142 2220 tuo
2173 2168 2440 2226 dwmonia
2461 2173 2734 2242 ejecimus,
2773 2190 2820 2232 et
2865 2181 3088 2238 virtutes
3126 2185 3325 2244 multas

1722 2258 2053 2326 pati-animus
2090 2259 2178 2313 M?
2215 2260 2694 2337 Respondebitque
2746 2285 2839 2325 rex
2874 2273 3091 2330 :Amen
3114 2319 3130 2342 ,
3163 2292 3327 2335 amen

1721 2347 1846 2404 dico
1885 2350 2062 2418 vobis,
2111 2353 2302 2408 nescio
2333 2370 2450 2410 vos.
2497 2355 2757 2415 Scrutare
2787 2361 2950 2433 igitur
2981 2376 3038 2422 et
3068 2368 3278 2440 dispice
3304 2416 3319 2438 ,

1721 2458 1906 2498 nonne
1939 2445 2011 2498 ita
2044 2446 2312 2517 scriptum
2342 2451 2466 2504 est?
2512 2450 2751 2518 Quinam
2782 2473 2914 2515 vero
2953 2471 3084 2518 sunt
3117 2463 3173 2519 hi
3196 2468 3325 2537 qui-

1722 2535 1826 2591 bus
1857 2536 2120 2593 Dominus
2145 2539 2310 2604 dicet,
2337 2545 2606 2600 non‘fnovi
2639 2549 2780 2603 vos?
2829 2549 2923 2607 Ille
2951 2563 3136 2611 autem
3189 2535 3330 2613 insi-

1724 2629 2120 2700 pientissimus
2186 2631 2552 2706 indoctusque
2608 2653 2734 2694 cum
2790 2652 2978 2712 esset,
3044 2651 3332 2724 ambigens

1725 2722 1944 2777 silebat.

33 2817 322 2887 ἐρεύνησον
361 2819 458 2872 καὶ
489 2819 588 2885 ῐδε,
623 2820 684 2872 οὐ
717 2818 1034 2890 γέγραπται
1079 2817 1302 2886 οὖτω;;
1367 2820 1461 2872 καὶ
1503 2819 1652 2882 τίνες
1726 2818 1862 2873 εἰσὶν
1924 2813 2070 2874 οὗτοι
2128 2821 2268 2896 πρὸς
2319 2822 2414 2888 οὒς
2470 2827 2499 2881 ό
2551 2828 2760 2901 Κύριος
2806 2831 2992 2904 λέξει,
3036 2839 3151 2895 Οὐκ
3208 2839 3326 2898 οἶδα

35 2910 207 2979 ὑμᾶ;ζ;
247 2912 276 2964 ὁ
323 2911 382 2964 δὲ
425 2912 770 2981 ἀλογώτατος
819 2911 1036 2984 ἀμαθὴς
1097 2911 1194 2979 ὢν,
1225 2909 1586 2982 ἐξαπορηθεὶς
1621 2910 1854 2966 ἐσιώπα.

100 3005 218 3058 ΛΔ’.
261 3004 424 3060 Ἐστι
491 3005 552 3059 δὲ
604 3007 708 3079 τὴν
762 3007 1059 3078 ἑρμηνείαν
1115 3005 1208 3059 τοῦ
1259 3003 1620 3075 εὐαγγελικοῦ

1800 3007 1912 3078 38
1948 3006 2190 3062 XXXIV.
2229 3009 2444 3082 Reapse
2471 3023 2652 3071 tamen
2676 3023 2977 3093 evangelici
3006 3027 3136 3084 dicti
3183 3033 3327 3088 hanc

38 3095 193 3165 ῥητοῦ
225 3096 413 3161 οὕτως
441 3101 633 3170 νοῆσαι
664 3099 777 3171 (58)
808 3119 824 3133 ·
875 3101 980 3153 εἰσί
1002 3117 1146 3164 τινες
1181 3102 1346 3172 μέχρι
1395 3102 1494 3172 τῆς
1526 3101 1620 3172 σή-

1800 3114 1857 3154 se
1889 3099 2402 3170 interpretationem
2437 3119 2693 3178 reputare
2728 3113 2872 3170 licet.
2911 3115 3170 3178 Nonnulli
3196 3138 3328 3182 sunt

42 3204 197 3258 μερον
220 3190 440 3261 ἡμέρας
474 3192 693 3255 οἵτινες
711 3193 811 3263 τὴν
846 3195 903 3245 ἐν
928 3193 1151 3264 Χριστῲ
1185 3194 1466 3246 πολιτείαν
1499 3211 1631 3247 κατ-

41 3282 236 3348 έχουσι,
263 3283 638 3350 καὶὶδοκοῦσιν
660 3285 902 3350 εὐσεϐῶς
935 3286 1034 3358 ζῇν
1061 3301 1074 3314 ·
1105 3287 1192 3340 διὰ
1219 3288 1274 3340 δὲ
1296 3286 1397 3350 τῆς
1413 3287 1633 3359 ἐπῳδῆς

44 3371 206 3425 οἴδασι
260 3375 523 3439 πολλάκις
569 3377 666 3430 καὶ
707 3376 968 3446 δαίμονας
1023 3377 1373 3447 φυγαδεύειν,
1407 3380 1502 3434 καὶ
1543 3397 1630 3434 νο-

48 3465 257 3533 σήματα
281 3469 381 3521 καὶ
409 3467 561 3537 πάθη
588 3466 914 3539 θεραπεύειν
945 3485 958 3500 ο
979 3470 1231 3541 καθάπερ
1255 3471 1425 3525 πάλαι
1453 3471 1502 3524 οἱ
1536 3470 1632 3524 τοῦ

41 3557 210 3612 Σκευᾶ
226 3560 383 3632 υἱοΣῆ
410 3562 461 3614 οι
487 3561 770 3632 λεγόμενοι
795 3561 1107 3634 ἐξορκισταί
1128 3580 1140 3593 '
1165 3564 1240 3628 ὡς
1263 3566 1321 3617 ὲν
1343 3567 1461 3630 ταῖς
1485 3564 1631 3637 Πρά-

44 3647 151 3713 ξεσι
188 3651 296 3707 τῶν
349 3653 672 3708 ἀποστόλων
724 3654 1078 3726 γέγραπται,
1115 3655 1200 3708 ὃτι
1258 3656 1632 3726 ἐξορκίζοντες

42 3743 159 3806 τοὺς
191 3745 670 3818 δαιμονιζομένους
714 3747 1334 3821 ἔλεγονςἙξορκίζομεν
1361 3751 1504 3820 ὑμᾶς
1540 3750 1634 3803 τὸν

47 3833 266 3904 Χριστὸν
288 3839 349 3893 ὃν
375 3839 589 3903 Παῦλος
621 3839 890 3911 κηρύσσει
916 3852 964 3906 ι’,
1000 3842 1246 3906 εξέλθετε
1300 3845 1363 3896 ὲκ
1397 3842 1509 3896 τῶν
1547 3843 1635 3896 ἀν-

49 3925 309 3996 Θρώπων’
350 3933 401 3986 οἱ
457 3933 516 3987 δὲ
560 3933 819 4006 δαίμονες
871 3934 950 4006 τῷ
992 3935 1142 4007 φόϐῳ
1192 3936 1295 4004 τῆς
1335 3936 1634 4006 ὀνομασίας

50 4021 300 4092 Χριστοῦ,
333 4025 736 4096 έφυγαδεύοντο
756 4045 768 4058 ·
799 4028 973 4092 οὕτως
992 4029 1088 4083 καὶ
1117 4029 1214 4083 νῦν
1239 4047 1382 4094 τινες
1395 4029 1630 4096 ποιοῦσι,

51 4114 141 4167 καὶ
183 4118 442 4187 ἀγνοῦσιν
483 4123 566 4176 ὅτι
629 4122 716 4175 διὰ
758 4123 860 4192 τῆς
901 4123 1122 4193 ἐπῳδῆς
1180 4123 1511 4177 ἐκπίπτουσι
1535 4123 1634 4205 τῆς

53 4204 250 4261 ἑαυτῶν
297 4211 575 4284 σωτηρίας
611 4229 625 4242 ⁸
655 4214 708 4265 οἱ
763 4211 818 4264 δὲ
875 4212 1168 4283 κράξονται
1195 4213 1276 4274 lév
1331 4214 1516 4285 ἐκείνῃ

51 4295 225 4370 ἡμέρᾳ
247 4299 520 4372 λέγοντες,
557 4303 758 4375 Κύριε,
805 4304 999 4376 Κύριε,
1035 4305 1106 4358 οὐ
1152 4303 1233 4370 τῷ
1261 4304 1353 4370 σῷ
1388 4306 1633 4374 ὀνόματι

52 4382 316 4456 δαιμόνια
367 4392 738 4465 ἐξεϐάλομεν
789 4424 857 4464 ει,
905 4394 1004 4448 καὶ
1050 4393 1337 4464 δυνάμεις
1395 4395 1635 4462 πολλὰς

53 4474 416 4556 ἐποιήσαμεν
441 4503 456 4552 ;
483 4487 594 4540 Καὶ
620 4486 944 4558 ἀποκριθεὶς
967 4489 994 4539 ό
1026 4486 1249 4559 Κύριος,
1269 4488 1385 4558 ἐρεῖ
1411 4488 1594 4551 αὐτοῖς
1619 4503 1633 4518 ⁸

73 4570 237 4645 Ἀμὴν
261 4579 410 4652 ἀμὴν
439 4580 586 4649 λέγω
619 4581 772 4650 ὑμῖν,
805 4581 904 4634 οὐκ
945 4577 1062 4634 οἶδα
1098 4582 1262 4651 ὑμᾶς.
1299 4582 1420 4634 Εἰσὶ
1457 4581 1514 4634 δὲ
1542 4582 1636 4634 καὶ

57 4662 246 4737 ἕτεροι,
272 4673 490 4737 οἵτινες
515 4675 806 4743 μοναδικόν
856 4674 970 4744 βίον
1000 4677 1094 4728 καὶ
1134 4675 1504 4745 ἀνεπίληπτον
1545 4677 1638 4730 ἀν-

59 4753 298 4815 ελάὃοντο
349 4763 446 4835 μὲν
468 4805 483 4831 ,
513 4765 771 4818 ἐνέπεσον
804 4766 859 4818 δὲ
886 4767 944 4831 ἐξ
983 4768 1206 4837 ἀγνοίας
1235 4767 1331 4821 καὶ
1369 4768 1639 4838 ἁμαοείας

62 4847 134 4909 εἰς
172 4853 430 4924 αἱρέσεις,
455 4860 551 4910 καὶ
602 4858 692 4911 διὰ
730 4859 890 4912 τοῦτο
919 4860 1017 4930 τῆς
1040 4861 1148 4914 τῶν
1195 4861 1443 4932 οὐρανῶν
1475 4870 1498 4900 ³·
1521 4861 1638 4932 ξοὺκ

61 4936 426 5012 ὲπιτεύξονται
477 4949 780 5020 βασιλείας,
841 4952 959 5005 Ἵνα
1015 4952 1072 5005 δὲ
1120 4953 1289 5025 μηδὲν
1346 4954 1644 5019 αὑτοῖςῖὲν

63 5026 233 5105 ἐκείνῃ
258 5041 322 5108 τῇ
346 5040 531 5112 ἡμέρᾳ
557 5039 712 5114 παρὰ
755 5041 850 5095 τοῦ
877 5042 1088 5096 δικαίου
1137 5043 1327 5115 κριτοῦ
1354 5045 1638 5116 χρεωστῆ-

1733 3207 1910 3261 usque
1950 3193 2018 3247 ad
2054 3203 2301 3265 tempora
2356 3208 2569 3266 nostra,
2618 3204 2711 3272 qui
2757 3205 3100 3270 Christianos
3142 3232 3330 3275 mores

1733 3300 1846 3354 prae
1867 3299 1926 3340 se
1950 3285 2154 3353 ferunt,
2202 3290 2566 3363 religioseque
2595 3296 2856 3355 videntur
2889 3303 3104 3374 vivere;
3160 3320 3330 3368 caete-

1735 3391 1856 3429 rum
1881 3386 1937 3431 et
1968 3376 2395 3437 incantamentis
2448 3387 2777 3454 quibusdam
2846 3409 2994 3467 saepe
3049 3400 3329 3462 daemones

1733 3465 1924 3538 fugare
1969 3469 2168 3537 solent,
2216 3481 2272 3526 et
2317 3475 2674 3545 regritudines
2725 3465 3063 3560 morbosque
3097 3509 3328 3568 curare;

1735 3560 1888 3616 sicut
1951 3563 2084 3617 olim
2115 3565 2304 3622 Scevae
2351 3569 2447 3624 ﬁlii
2471 3573 2536 3638 δ’,
2583 3573 2698 3631 sive
2722 3579 2814 3648 qui
2849 3585 3142 3645 exorcistae
3170 3560 3324 3648 dice;

1734 3653 1957 3721 bantur,
1990 3657 2134 3711 utin
2181 3661 2554 3730 apostolorum
2601 3667 2831 3729 Actibus
2870 3678 3152 3750 scribitur,
3201 3688 3326 3756 qui-

1733 3761 1840 3816 que
1886 3748 2253 3810 daemoniacos
2284 3758 2649 3817 exorcizando
2695 3765 2959 3827 aiebant:
2998 3748 3330 3846 Adjuramus

1732 3855 1832 3894 vos
1859 3857 1956 3911 per
1982 3843 2259 3900 Christum
2289 3865 2450 3919 quem
2504 3851 2710 3911 Paulus
2739 3863 2999 3930 praedicat
3031 3885 3044 3921 :
3079 3843 3221 3927 exite
3261 3875 3330 3930 de

1735 3929 2055 3990 hominibus
2093 3953 2106 3989 :
2138 3937 2416 4011 daemones
2445 3951 2630 3999 autem
2673 3929 2825 4006 metu
2857 3958 3096 4016 nominis
3127 3963 3332 4022 Christi

1735 4021 2036 4094 fugiebant.
2068 4028 2159 4084 Sic
2197 4046 2350 4087 nunc
2397 4035 2564 4090 etiam
2596 4043 2845 4097 nonnulli
2888 4058 3092 4118 agunt;
3153 4059 3327 4112 nescii

1737 4126 1941 4184 tamen,
1969 4136 2028 4175 se
2053 4131 2276 4192 propter
2315 4127 2731 4188 incantamenta
2759 4137 2950 4195 salutis
2981 4157 3093 4199 suae
3147 4147 3328 4218 jactu-

1737 4225 1851 4264 ram
1879 4211 2078 4267 facere.
2121 4214 2211 4270 lsti
2233 4218 2441 4274 scilicet
2474 4221 2563 4276 illa
2581 4223 2669 4280 die
2687 4225 3002 4289 clamabunt
3029 4211 3276 4298 dicentes
3313 4264 3326 4300 :

1736 4303 1980 4372 Domine,
2017 4307 2262 4377 Domine,
2327 4329 2497 4368 nonne
2544 4316 2602 4370 in
2659 4322 2870 4378 nomine
2917 4335 3006 4382 tuo
3063 4331 3331 4393 dwmonia

1738 4398 1986 4468 ejecimus
2017 4411 2065 4455 et
2105 4403 2322 4459 virtutes
2368 4407 2566 4464 multas
2603 4417 2980 4482 patravimus?
3011 4422 3335 4499 Responde-

1740 4492 1928 4563 bitque
1965 4495 2265 4552 Dominus:
2321 4500 2516 4573 Amen,
2556 4521 2717 4563 amen
2748 4510 2874 4567 dico
2936 4492 3335 4586 vobis-nescio

1742 4604 1860 4642 vos.
1910 4589 2050 4645 Sunt.
2077 4600 2130 4646 et
2151 4592 2239 4646 alii
2266 4595 2489 4665 quidam
2528 4600 2623 4670 qui
2659 4603 2961 4665 solitariam
2995 4622 3051 4668 et
3092 4615 3334 4689 irrepre-

1745 4677 2075 4734 hensibilem
2126 4683 2293 4738 vitam
2329 4687 2568 4758 amplexi
2609 4691 2861 4764 fuerant;
2919 4701 3015 4757 sed
3049 4677 3230 4761 tamen
3255 4709 3338 4762 iu-

1745 4771 1900 4826 scitia
1933 4787 2030 4827 sua
2061 4789 2125 4830 ac
2153 4777 2389 4833 ruditate
2415 4780 2470 4835 in
2505 4782 2742 4842 haereses
2789 4789 3126 4864 inciderunt,
3188 4799 3339 4855 idco-

1747 4878 1853 4932 que
1882 4865 2148 4920 ccelorum
2185 4883 2408 4939 regnum
2437 4889 2548 4930 non
2580 4890 3010 4950 consequentur.
3045 4885 3126 4941 Ne
3154 4899 3339 4964 autem

1754 4957 2051 5028 quidquam
2077 4960 2165 5014 illa
2194 4961 2281 5016 die
2306 4965 2663 5039 justojudice
2701 4972 2986 5042 debeatur,
3017 4959 3342 5042 donagnunc

1739 5051 2049 5112 sanitatum
2085 5055 2408 5128 accipiunt;
2443 5071 2502 5118 ut
2538 5078 2663 5120 cum
2693 5080 2885 5137 postea
2931 5069 3292 5135 clamaverint
3323 5102 3338 5139 :

129 5167 171 5198 ⁸⁰
204 5171 220 5226 Ι
249 5173 392 5230 Tim.
428 5194 488 5245 ll,
525 5180 580 5231 4.
657 5180 700 5210 ⁴¹
735 5178 925 5234 Matth.
964 5181 1180 5248 \'1I,22.
1260 5184 1300 5214 ”
1339 5185 1461 5239 Act.
1505 5201 1616 5252 XIX,

1805 5189 1925 5256 αξ

1349 5318 1587 5375 νΑῐιιΕ
1627 5323 2040 5382 LECTIONES.

69 5522 173 5564 πων
183 5555 194 5568 .

171 5421 299 5480 ‘R.
340 5429 472 5485 υἱόν.
550 5430 668 5484 "ll.
702 5434 914 5502 ίερεῖσι.
994 5440 1021 5470 °
1059 5432 1120 5489 R.
1170 5436 1464 5507 ὑπήκοουν.
1544 5438 1662 5495 PR.
1693 5441 1975 5514 κηρύττει.
2051 5455 2079 5496 (ι
2115 5444 2180 5504 Β.
2229 5447 2553 5522 ἐκϐάλομεν.
2640 5463 2659 5488 τ
2692 5451 2759 5507 IL
2827 5466 2881 5513 ct
2943 5463 3068 5519 cod.
3132 5470 3342 5544 ἀνθρώ-

1579 5627 1819 5686 NOTAE.

271 5707 448 5788 “line
474 5715 874 5788 paragraphum
908 5718 976 5772 54
1045 5733 1141 5774 ore

79 5773 175 5824 tius
198 5774 338 5849 loqui
367 5773 598 5840 videtur.

251 5891 257 5898 ·
339 5874 608 5943 Ριιτιιοιι.
643 5881 762 5944 Gn.
799 5884 951 5951 CIV.

1202 5719 1513 5778 Maniclneae
1577 5723 1794 5782 femina:
1840 5726 1970 5786 facit
2010 5733 2228 5790 recitari
2278 5734 2566 5809 liadews;
2605 5742 2739 5800 mihi
2819 5757 3000 5806 tamen
3033 5767 3223 5814 auctor
3256 5780 3352 5834 po-

2959 5921 3034 5986 lii
