3928 6246
413 339 544 405 1:291

1775 331 1780 352 ⁷
1803 279 2036 396 PETilI
2075 333 2328 395 SICULI

3543 334 3668 401 im

409 465 654 526 Domine,
685 457 925 518 Domine,
955 467 1127 507 nonne
1149 450 1208 503 in
1245 449 1458 503 nomine
1490 459 1578 501 tuo
1605 448 1826 502 virtutes
1861 444 1992 498 mut.

2104 459 2194 496 ται
2251 454 2297 509 ι,
2324 441 2694 513 λαμϐάνουσιν
2749 440 2986 498 ἐνταῦθα
3041 442 3357 515 χαρίσματα
3407 445 3663 514 ἰαμάτων,

403 567 489 613 tas
511 551 858 625 patravimus,
896 543 1121 600 audiam
1149 559 1163 595 :
1197 540 1396 603 Amice,
1427 556 1527 593 non
1555 539 1694 610 facio
1725 536 1819 590 tibi
1852 535 2000 600 iniu-

404 651 542 705 riam
574 665 586 702 :
620 643 760 717 quod
793 651 941 694 tuum
970 646 1088 691 erat
1127 633 1379 702 accepisti
1409 632 1466 686 in
1510 632 1622 686 vita
1669 639 1764 684 tua
1796 643 1814 684 :
1855 642 1997 682 nunc

406 743 531 798 tolle
555 739 692 812 quod
726 745 875 791 tuum
896 741 993 798 est,
1023 739 1071 784 et
1094 729 1182 783 abi
1213 727 1282 782 ⁸³.

477 919 694 981 XXXV.
730 917 858 974 Hmc
881 923 935 970 et
959 913 1064 967 alia
1093 906 1407 980 huiusmodi
1451 905 1710 978 ignorans
1741 902 1990 974 Sergius,

403 1015 694 1088 Evangelia
725 1009 891 1080 cmpit
915 1003 1182 1068 scrutari;
1219 999 1624 1069 compertisque
1654 995 1762 1050 illis
1790 995 1991 1052 verbis.

401 1128 523 1182 qua:
552 1085 726 1176 turpis
753 1100 946 1156 mulier
966 1098 1198 1159 dixerat,
1231 1092 1307 1146 ait
1336 1090 1515 1144 eidem
1550 1105 1563 1141 :
1595 1089 1708 1158 Age
1730 1086 1818 1140 dic
1839 1085 1990 1150 mihi,

397 1180 470 1259 de
501 1199 830 1271 quibusnam
889 1192 1006 1246 haec
1050 1188 1126 1242 ait
1174 1181 1484 1238 Dominus?
1526 1180 1620 1234 Illa
1679 1194 1807 1233 vero
1865 1189 1996 1230 tunc

401 1295 623 1367 quidem
660 1298 990 1358 responsum
1022 1296 1130 1335 non
1163 1274 1400 1332 reddidit
1428 1291 1442 1339 ;
1475 1273 1570 1327 sed
1601 1272 1829 1326 ulterius
1862 1285 1992 1339 per-

399 1362 534 1460 gens
556 1384 631 1437 ait
663 1399 675 1435 :
707 1381 784 1436 De
814 1377 1142 1446 quibusnam
1163 1369 1299 1424 dixit
1330 1366 1592 1419 Dominus
1620 1383 1630 1417 :
1659 1363 1810 1428 Quod
1838 1362 1993 1415 multi

398 1480 462 1534 ab
493 1477 706 1533 Oriente
736 1482 783 1524 et
818 1467 1095 1524 Occidente
1143 1461 1372 1524 venient,
1415 1467 1464 1511 et
1492 1473 1613 1509 cum
1662 1453 1988 1516 Abralramo,

396 1574 608 1636 Isaaco,
652 1577 700 1621 et
741 1562 938 1620 Jacobo
978 1556 1277 1613 recumbent
1325 1554 1381 1606 in
1423 1566 1581 1622 regno
1639 1548 1736 1602 Dei
1769 1548 1833 1600 “.
1873 1545 1991 1598 Filii

395 1673 579 1722 autem
605 1658 716 1732 39
757 1653 911 1726 regni
951 1649 1296 1721 expellentur
1338 1645 1394 1699 in
1452 1642 1708 1698 tenebras
1754 1639 1990 1696 exterio-

390 1757 520 1814 res?
549 1755 783 1822 Quinam
810 1755 938 1803 sunt
968 1744 1131 1816 igitur
1159 1739 1311 1812 regni
1337 1737 1472 1792 lilii?
1504 1737 1554 1791 ls
1583 1745 1766 1790 autem
1790 1734 1976 1788 dicere

2106 537 2255 600 ὅπως
2290 536 2454 608 ἡνίκα
2483 535 2881 606 κεκράξωνται,
2909 537 3092 606 Κύριε
3136 537 3336 605 Κύριε,
3384 539 3456 592 οὐ
3487 539 3562 604 τῷ
3591 540 3674 606 σῷ

2105 629 2348 697 ὀνόματι
2369 629 2656 699 δυνάμεις
2667 628 2903 696 πολλὰς
2923 628 3297 698 ἐποιήσαμεν
3319 647 3338 695 ;
3359 630 3673 695 ἀκούσωσιν,

2117 721 2367 789 Ἑταῖρε,
2399 724 2512 776 οὐκ
2567 720 2753 776 ἀδικῶ
2785 735 2879 789 σε,
2911 721 3212 789 ἀπέλαϐες
3241 723 3315 778 τὰ
3366 725 3450 779 σὰ
3501 725 3570 780 ἐν
3608 727 3675 796 τῇ

2104 811 2220 882 ζωῇ
2249 815 2386 878 σοῦ,
2410 813 2528 868 νῦν
2556 807 2705 884 ἆρον
2729 815 2794 868 τὸ
2817 815 2936 870 σὺν
2963 816 3062 870 καί
3082 816 3297 888 ὕπαγε.

2169 906 2294 959 ΛΕ’.
2333 905 2518 958 Ταῦτα
2546 905 2728 958 τοίνυν
2761 906 2856 959 καὶ
2907 905 2975 959 τά
3006 905 3232 961 τοιαῦτα
3260 908 3469 977 ἀγνοῶν
3493 909 3522 961 ό
3551 910 3671 982 Σέρ-

2091 1011 2230 1064 γιος,
2266 997 2463 1067 ἐρευνᾷ
2509 999 2566 1051 ἐν
2596 999 2709 1058 τοῖς
2745 996 3120 1066 Εὑαγγελίοις,
3159 1000 3256 1052 καὶ
3312 999 3487 1070 εὑρὼν
3523 1003 3672 1070 ὲγγε-

2092 1088 2443 1158 γραμμένους
2465 1087 2610 1160 [cod.
2639 1087 2675 1142 f.
2715 1087 2862 1160 105.]
2888 1089 3014 1150 τοὺς
3028 1087 3221 1158 λόγους
3241 1088 3333 1154 οὒς
3365 1092 3398 1160 ὴ
3429 1091 3586 1145 ἀθλία
3610 1095 3676 1146 εί-

2097 1198 2285 1252 ρηκεν,
2321 1181 2471 1249 λέγει
2499 1182 2636 1252 αὐτῇ
2664 1199 2677 1212 ·
2708 1181 2840 1234 Εἰπέ
2867 1198 2958 1251 μοι
2985 1184 3109 1252 περ’.
3127 1183 3310 1250 τίνων,
3346 1184 3519 1238 ταῦτα
3534 1186 3679 1255 ὁ,Κύ-

2101 1292 2216 1346 ριος
2241 1276 2492 1345 εἴρηκεν;
2533 1275 2596 1327 'H
2611 1275 2666 1327 δὲ
2685 1274 2827 1346 τέως
2843 1274 3136 1345 ἀπόκρισιν
3160 1275 3260 1329 οὐκ
3283 1277 3486 1330 ἔδωκεν
3503 1279 3648 1351 αὐτῷ
3663 1296 3676 1312 ·

2099 1368 2216 1420 ἀλλ’
2238 1368 2317 1420 ἔτι
2339 1368 2638 1439 προσθεῖσα
2659 1368 2832 1436 λέγει.
2873 1369 3010 1439 Περὶ
3030 1371 3192 1422 τίνων
3222 1365 3378 1424 εἶπεν
3411 1373 3440 1424 ό
3470 1371 3677 1442 Κύριος,

2100 1459 2184 1512 ὅτι
2206 1461 2426 1513 πολλοι
2445 1459 2561 1513 ἀπὸ
2580 1459 2912 1514 Ἀνατολῶν
2940 1461 3035 1515 καί
3068 1460 3326 1531 Δυσμῶν
3342 1461 3560 1530 ἥξουσι
3591 1467 3679 1520 καί

2096 1551 2619 1619 ἀνακλιθήσονται
2649 1552 2665 1587 ί
2708 1553 2860 1621 μετὰ
2895 1553 3173 1623 Ἀϐραὰμ,
3199 1553 3303 1608 καί
3336 1554 3564 1620 Ἰσαὰκ,
3590 1559 3680 1613 καὶ

2095 1645 2318 1709 Ἰακὼϐ,
2349 1644 2417 1699 ὲν
2433 1642 2507 1713 τῇ
2525 1644 2817 1712 βασιλείᾳ
2836 1644 2956 1698 τῶν
2979 1645 3293 1716 οὐρανὼνς
3317 1649 3367 1700 οἱ
3394 1647 3453 1701 δὲ
3482 1649 3582 1702 υἱοὶ
3594 1652 3682 1720 τῆς

2095 1737 2373 1808 βασιλείας
2399 1735 2849 1807 βληθήσονταιείς
2873 1737 2936 1790 τὸ
2951 1737 3141 1802 σκότος
3169 1738 3232 1791 τὸ
3243 1720 3533 1812 ἐξώτερον-ς
3553 1741 3684 1807 τίνες

391 1849 666 1910 nesciens,
695 1845 793 1898 hos
827 1855 947 1895 esse
969 1835 1266 1899 lsraelitas,
1291 1845 1524 1902 quorum
1559 1827 1662 1882 fuit
1691 1825 1911 1896 adoptio
1934 1834 1991 1879 et

2099 1825 2188 1882 οὖν
2210 1830 2345 1881 εἰσιν
2362 1828 2411 1880 οἱ
2434 1829 2540 1880 υίοὶ
2556 1827 2657 1898 τῆς
2675 1827 2953 1899 βασιλείας
2975 1847 2991 1896 ;
3012 1831 3041 1882 ὁ
3055 1830 3113 1884 δὲ
3133 1830 3206 1901 μὴ
3221 1831 3378 1895 εἰδὼς
3397 1832 3586 1897 εἰπεῖν,
3610 1835 3681 1888 ὅτι

390 1942 572 1998 cultus
605 1946 660 1992 et
688 1930 1121 2006 promissiones;
1151 1941 1279 1980 nam
1309 1937 1502 1991 reapse
1531 1918 1784 1974 Christus
1812 1917 1988 1971 Israe-

395 2037 520 2090 litas
552 2025 889 2097 nuncupavit
915 2023 1073 2084 ﬁlios,
1110 2020 1254 2074 sicut
1277 2018 1511 2088 ipsemet
1535 2013 1859 2068 Chananzcaa
1899 2010 1987 2067 di-

388 2127 466 2182 xit
488 2144 501 2178 :
521 2123 724 2179 Nonest
751 2121 943 2174 bonum
969 2129 1174 2169 sumere
1191 2126 1382 2179 panem
1410 2107 1646 2178 ﬁliorum
1666 2105 1709 2137 ⁸⁵
1729 2121 1745 2171 ;
1765 2104 1990 2159 fuerunt

385 2229 570 2276 autem
583 2213 766 2287 ejecti,
787 2211 914 2282 quia
934 2209 1112 2280 ipsum
1137 2201 1527 2259 cruciﬁxerunt
1540 2216 1556 2265 ;
1578 2199 1714 2264 ham,
1740 2197 1986 2267 inquam,

393 2314 654 2383 ignorans
684 2304 855 2360 miser
905 2299 1154 2370 Sergius,
1199 2292 1635 2359 existimausque
1682 2286 1985 2342 mamadem

386 2380 534 2459 illam
561 2401 678 2457 fore
700 2396 802 2454 sibi
830 2394 900 2450 ad
925 2392 1154 2448 salutem
1174 2388 1393 2450 ducem,
1422 2382 1592 2453 coepit
1619 2395 1739 2435 eam
1773 2380 1988 2434 instan-

389 2506 472 2552 ter
511 2497 578 2552 de
607 2492 772 2548 modo
805 2487 967 2544 dictis
1001 2485 1359 2552 interrogare.
1412 2477 1506 2532 Illa
1540 2490 1672 2530 vero
1723 2471 1988 2544 perditio-

385 2591 472 2646 nis
498 2589 630 2652 dux,
667 2600 730 2640 os
761 2581 972 2636 habens
1003 2586 1261 2645 tanquam
1293 2569 1614 2640 sepulcrum
1641 2574 1856 2636 patens,
1882 2562 1989 2618 ini-

391 2682 527 2736 tium
559 2670 977 2747 blasphemandi
1010 2667 1139 2723 fecit
1167 2665 1433 2720 adversus
1474 2669 1696 2716 sanctos
1743 2657 1936 2712 dicens
1973 2672 1985 2707 :

383 2775 508 2831 Filii
541 2771 692 2843 regni
729 2779 858 2825 sunt
880 2765 972 2821 isti
1003 2763 1104 2827 tui,
1133 2759 1224 2831 qui
1254 2759 1532 2813 daemones
1563 2770 1631 2809 ex
1675 2750 1990 2807 hominibus

385 2841 873 2937 fugantiquosque
897 2866 955 2910 tu
988 2855 1217 2910 deorum
1245 2849 1419 2903 instar
1445 2842 1745 2904 veneraris,
1771 2841 1990 2895 vivente

390 2933 798 3023 immortalique
826 2952 939 3004 Deo
965 2945 1250 3003 derelicto.
1285 2941 1351 2996 lli
1388 2954 1521 2993 sane
1557 2937 1647 2990 illa
1678 2935 1766 2990 die
1795 2933 1861 2988 de
1891 2948 1986 2986 ore

383 3053 516 3123 justi
543 3047 744 3120 judicis
778 3044 1005 3099 audient
1037 3059 1049 3094 ε
1082 3038 1405 3092 Nullatenus
1437 3047 1536 3104 ego
1569 3028 1698 3084 novi
1721 3044 1838 3083 vos.
1887 3024 1986 3079 At-

386 3161 493 3216 que
546 3144 622 3198 ita
671 3137 985 3210 evangelica
1033 3133 1237 3203 scripta
1275 3129 1601 3190 decurrens,
1647 3122 1984 3194 singularum

2094 1915 2244 1974 οὗτοί
2261 1920 2395 1971 εἰσιν
2413 1920 2460 1971 οί
2477 1918 2862 1989 Ἰσραηλῖταιυ,
2877 1912 2952 1973 ὧν
2973 1920 3274 1990 ἡυὶοθεσία,
3290 1922 3387 1975 καὶ
3403 1923 3436 1991 ἡ
3456 1923 3681 1994 λατρεία,

2092 2028 2122 2065 οι
2132 2012 2190 2066 αὶ
2213 2014 2242 2080 ἡ
2261 2010 2557 2080 ἐπαγγελία
2571 2011 2685 2076 (καὶ
2697 2011 2842 2082 γὰρὸ
2855 2012 3088 2082 Χριστὸς
3102 2015 3230 2077 τοὺς
3243 2014 3578 2085 Ἰσραηλίτας
3587 2015 3685 2069 ὀνο-

2097 2104 2260 2174 μάζει
2292 2104 2475 2168 τέκνα,
2495 2101 2680 2167 καθὼς
2703 2103 2864 2166 αὐτὸς
2887 2104 3024 2176 πρὸς
3046 2103 3144 2176 τὴν
3171 2106 3488 2160 Χαναναίαν
3513 2107 3682 2178 φησὶν,

2089 2200 2211 2251 Οὐκ
2239 2197 2372 2252 ἐστι
2403 2198 2598 2251 καλὸν
2617 2197 2826 2252 λαϐεῖν
2853 2198 2962 2252 τὸν
2985 2198 3170 2267 ἄρτον
3197 2197 3318 2253 τῶν
3343 2199 3586 2254 τέκνων-⁸
3608 2200 3684 2267 ἑξ-

2092 2286 2400 2359 εϐλήθησαν
2423 2287 2500 2354 δὲ,
2527 2288 2661 2342 διότι
2678 2289 3030 2364 ἐσταύρωσαν
3061 2292 3268 2364 αὐτόν)·
3289 2294 3466 2349 ταῦτα
3492 2287 3583 2348 οὖν
3603 2297 3684 2364 ἀγ-

2089 2379 2226 2434 νοῶν
2251 2382 2278 2432 ὁ
2307 2379 2492 2443 ἄθλιος
2526 2381 2751 2452 Σέργιος
2773 2421 2788 2447 ,
2807 2382 2902 2437 καὶ
2923 2382 3151 2454 νομίσας
3173 2388 3275 2457 τὴν
3301 2387 3534 2456 μαινάδα
3557 2387 3683 2440 ὲκεί-

2087 2490 2186 2544 νην
2201 2472 2392 2544 ὁδηγὸν
2425 2468 2565 2527 εἶναι
2587 2474 2884 2546 σωτηρίας,
2911 2475 3115 2548 ἤρξατο
3133 2477 3389 2550 ὲμπόνως
3418 2479 3685 2552 ἐπερωτᾷν

2092 2565 2262 2638 αὐτὴν
2286 2567 2414 2637 περὶ
2441 2567 2550 2621 τῶν
2575 2567 2675 2638 ἤδη
2699 2567 3017 2639 λεχθέντων·
3041 2572 3073 2639 ἡ
3094 2569 3151 2623 δὲ
3177 2571 3274 2641 τῆς
3303 2571 3574 2636 ἀπωλείας
3613 2573 3686 2626 ὁδ-

2085 2658 2241 2729 ηγδς,
2283 2659 2358 2724 ὡς
2387 2659 2557 2728 τάφον
2593 2660 2944 2730 ἀνεῳγμένον
2973 2659 3172 2732 ἔχουσα
3199 2661 3259 2715 τὸ
3279 2663 3476 2734 στόμα,
3501 2663 3688 2735 ἤρξατο

2086 2751 2186 2822 τῆς
2225 2753 2366 2805 κατά
2393 2752 2503 2804 τῶν
2528 2752 2700 2820 ἁγίων
2727 2752 3077 2824 βλασφημίας
3104 2754 3340 2824 λέγουσα
3374 2772 3389 2786 ·
3427 2756 3540 2810 Υἱοὶ
3597 2756 3686 2825 τῆς

2089 2843 2370 2914 βασιλείας
2415 2838 2562 2899 οὗτοί
2601 2846 2742 2898 εἰσιν
2776 2847 2826 2899 oi
2868 2846 3014 2915 ἆγιοί
3051 2863 3166 2914 σου,
3208 2848 3258 2902 οἱ
3316 2849 3446 2913 τοὺς
3503 2848 3682 2918 δαίμο·

2095 2954 2194 3000 νας
2225 2933 2643 3005 φυγαδεύοντες,
2699 2936 2892 2990 καὶτὰ
2946 2936 3095 3009 πάθη
3149 2939 3549 3007 θεραπεύοντες
3587 2938 3683 2992 τῶν

2094 3029 2419 3101 ἀνθρώπων,
2451 3027 2545 3092 οὓς
2575 3029 2711 3102 σέϐῃ
2758 3028 2835 3092 ὡς
2897 3029 3092 3094 Θεοὺς,
3142 3031 3550 3102 ὲγκαταλείψας
3602 3031 3683 3084 τὸν

2094 3121 2274 3186 ζῶντα
2303 3121 2399 3174 καὶ
2447 3119 2720 3174 ἀθάνατον
2777 3119 3076 3192 Κύριονόῗ
3110 3124 3205 3176 καὶ
3261 3125 3586 3180 ἀκούσονται
3635 3125 3685 3175 ὲν

384 3237 688 3293 dictionum
727 3245 972 3294 sensum,
1013 3235 1178 3296 prout
1211 3240 1242 3278 a
1264 3221 1456 3293 Sergio
1486 3219 1606 3289 capi
1634 3232 1797 3288 posse
1827 3213 1978 3270 vide-

2099 3210 2268 3281 εκείνῃ
2333 3212 2401 3280 τῇ
2441 3208 2627 3279 ἡμέρα
2681 3209 2744 3262 ὲκ
2779 3211 3048 3278 στόματος
3076 3211 3170 3265 τοῦ
3225 3212 3437 3268 δικαίου
3482 3211 3675 3284 κριτοῦ,

380 3329 496 3390 bat,
554 3325 902 3384 subverteus,
958 3316 1110 3372 brevi
1143 3315 1293 3369 hunc
1343 3310 1526 3367 eﬂ'ecit
1574 3307 1775 3364 diaboli
1809 3303 1982 3360 oﬂici-

384 3435 536 3484 nam,
589 3414 1042 3480 horrendumque
1098 3406 1316 3463 exacuit
1364 3406 1628 3459 adversus
1683 3402 1984 3454 humanum

385 3526 560 3583 genus
589 3509 798 3574 telum;
832 3502 1140 3574 cuiusmodi
1186 3513 1353 3554 nemo
1387 3497 1442 3551 in
1478 3492 1856 3565 superioribus
1891 3505 1987 3544 ex-

385 3582 546 3657 stitit.
585 3600 718 3654 Nam
777 3609 1140 3668 praecessores
1171 3592 1312 3661 ejus,
1361 3586 1573 3644 etiamsi
1623 3585 1695 3640 ob
1756 3582 1987 3638 fetidum

388 3695 627 3750 lascivia:
661 3706 902 3751 cmnum,
961 3686 1139 3757 turpia
1181 3685 1347 3747 facta,
1401 3691 1457 3736 et
1505 3679 1769 3734 adversus
1818 3676 1988 3729 Deum

387 3791 629 3859 linguam
659 3784 1060 3852 blasphemam,
1107 3776 1306 3846 insigni
1357 3773 1564 3828 scelere
1611 3771 1881 3832 fuerunt;
1935 3775 1992 3819 at

391 3858 588 3934 saltem
621 3875 825 3931 vitandi
881 3870 1200 3926 hominibus
1238 3866 1609 3936 apparebant;
1668 3876 1778 3932 quo
1831 3858 1993 3913 ﬁebat

395 3982 455 4027 ut
483 3970 643 4043 pauci
679 3969 747 4023 ab
774 3967 854 4022 eis
893 3964 1304 4034 deciperentur.
1334 3959 1405 4014 At
1433 3958 1583 4013 enim
1619 3957 1722 4011 iste
1754 3953 1992 4023 turpitu-

393 4065 555 4121 dines
585 4063 898 4131 multasque
926 4058 1146 4112 illorum
1203 4053 1459 4109 libidines
1502 4051 1706 4114 vitans,
1764 4055 1996 4102 cunctas

396 4171 585 4214 tamen
643 4155 810 4212 simul
854 4149 1245 4222 blasphemias,
1274 4163 1374 4202 ceu
1431 4146 1682 4216 dogmata
1741 4140 1996 4196 salutaria

400 4251 760 4322 amplectens,
815 4245 1035 4318 pietatis
1095 4258 1331 4315 persona
1383 4241 1593 4302 induta,
1652 4237 1841 4306 lupum
1894 4237 1998 4290 sub

399 4345 564 4398 ovina
589 4341 732 4412 pelle
759 4337 973 4393 celabat
1012 4356 1024 4391 :
1060 4350 1298 4405 cumque
1333 4347 1477 4387 verre
1505 4327 1784 4398 religionis
1831 4327 2000 4382 virtu-

407 4445 516 4489 tem
547 4442 790 4502 negarel,
825 4429 1119 4485 videbatur
1153 4425 1360 4498 ignaris
1394 4422 1632 4494 optimus
1649 4420 1838 4475 salutis
1865 4420 1993 4473 dux.

400 4526 654 4582 Imitatur
685 4523 831 4579 enim
860 4523 1118 4576 virtutem
1146 4517 1486 4589 improbitas,
1510 4523 1567 4569 et
1592 4513 1801 4567 zizania
1825 4512 1998 4567 videri

2087 3302 2170 3356 ὅτι
2209 3301 2360 3355 Οὐδέ
2378 3317 2524 3354 ποτε
2540 3301 2734 3369 ἐγγων-
2763 3300 3048 3371 ὑμᾶς·καὶ
3079 3302 3254 3366 οὕτως
3283 3305 3354 3358 τά
3381 3307 3437 3358 ὲν
3461 3306 3685 3372 Εύαγγε-

2087 3393 2222 3456 λίοις
2280 3393 2644 3464 γεγραμμένα
2697 3392 3078 3466 διεξερχομένη
3116 3435 3131 3460 ,
3187 3395 3431 3467 ἑκάστης
3503 3396 3684 3460 λέξεως

2092 3493 2388 3564 νόημα,ὡς
2417 3493 2718 3563 ἐγίνωσκεν
2765 3495 2930 3548 αὑτὸν
2976 3494 3199 3564 χωρεῖν,
3242 3487 3678 3562 διαστρεϐλοῦσα,

2091 3588 2233 3640 κατὰ
2258 3587 2450 3658 μικρὸν
2467 3586 2791 3642 ἀπετέλεσεν
2820 3585 2982 3640 αὑτὸν
2999 3585 3281 3657 ἐργαλεῖον
3300 3581 3397 3637 τοῦ
3430 3579 3684 3643 διαϐόλου,

2093 3680 2187 3734 καὶ
2203 3678 2374 3744 ὥξυνε
2408 3681 2577 3734 δεινὸν
2632 3681 2772 3735 κατὰ
2831 3684 2930 3754 τῆς
2955 3678 3280 3753 [οοά.,ΐ.105
3309 3676 3390 3750 b.]
3426 3673 3687 3746 ἅνθρωπό-

2093 3788 2256 3841 τητος
2279 3772 2375 3824 καὶ
2401 3771 2538 3845 αὕτη
2564 3771 2740 3843 βέλος,
2759 3769 2871 3826 οἷον
2892 3773 2956 3825 οὐ
2985 3773 3175 3841 γέγονε
3199 3772 3338 3824 πᾶσι
3363 3767 3690 3837 τοῐςζέμπροο

2103 3863 2230 3916 σθεν
2257 3864 2444 3919 αὐτοῦ.
2478 3866 2541 3917 0i
2577 3867 2685 3936 γὰρ
2711 3866 2817 3936 πρὸ
2843 3865 3007 3919 αύτοῦ
3065 3865 3462 3933 ἀναφανέντες,
3524 3863 3570 3913 εί
3607 3856 3687 3910 καὶ

2095 3957 2183 4010 διὰ
2213 3954 2305 4008 τὸν
2342 3957 2552 4028 δυσώδη
2584 3957 2844 4028 βόρϐορον
2873 3960 2975 4028 τῆς
3029 3956 3334 4020 ἀκολασίας
3366 3956 3459 4010 καὶ
3483 3953 3575 4022 τὴν
3611 3950 3689 4004 αἰ-

2098 4048 2435 4120 σχρουργίαν
2454 4047 2562 4101 τῶν
2591 4047 2942 4118 μιασμάτων,
2966 4047 3061 4101 καὶ⁸
3086 4045 3182 4109 τὰς
3199 4047 3280 4110 είς
3305 4044 3439 4099 Θεὸν
3463 4043 3689 4115 βλασφη-

2102 4141 2231 4211 μίας
2251 4140 2592 4211 ὲξαίρετοιτῇ
2611 4142 2780 4211 κακίᾳ
2817 4139 3088 4211 ὑπῆρχον,
3132 4136 3248 4191 ἀλλ’
3266 4138 3420 4208 ὅμως
3457 4131 3690 4204 φευκτέοι

2103 4235 2216 4295 τοῖς
2245 4231 2552 4301 ἀνθρώποις
2592 4233 2686 4286 καὶ
2725 4232 3004 4302 βδελυκτοὶ
3031 4232 3198 4283 πᾶσιν
3231 4229 3551 4311 ἐφαίνοντο·
3583 4225 3690 4277 ὅθεν

2104 4326 2200 4379 καὶ
2219 4325 2391 4393 ὀλίγοι
2416 4328 2464 4378 οἱ
2483 4324 2543 4392 ἐξ
2569 4324 2748 4378 αὐτῶν
2772 4323 3143 4394 ἀπατώμενον
3165 4317 3341 4387 Οὗτος
3368 4322 3425 4376 δὲ
3452 4321 3573 4381 τοὺς
3603 4317 3689 4388 μὲν

2110 4419 2386 4490 μιασμοὺς
2415 4420 2508 4472 καὶ⁵
2535 4420 2634 4481 τὰς
2665 4417 2866 4481 πολλὰς
2894 4417 3191 4481 ἀκολασίας
3221 4415 3406 4470 αὐτῶν
3432 4409 3686 4469 ἀποϐαλό-

2110 4531 2293 4585 μενος,
2317 4512 2416 4577 τὰς
2435 4513 2742 4582 δυσφημίας
2764 4511 2822 4564 δὲ
2851 4511 3028 4573 πάσας
3055 4509 3132 4573 ὼς
3157 4510 3403 4581 σωτήρια
3435 4520 3688 4577 περιπτυ·

402 4619 650 4676 triticum
688 4617 932 4672 student.
971 4614 1068 4669 His
1117 4627 1247 4684 ergo
1277 4609 1487 4665 artibus
1539 4621 1712 4676 usque
1761 4604 1827 4659 ad
1883 4605 1992 4659 haec

2109 4604 2339 4674 ξάμενος
2367 4604 2613 4672 δόγματα
2643 4642 2657 4665 ,
2699 4601 2902 4672 ἀρετάς
2929 4616 3084 4663 τινας
3130 4597 3318 4660 δολίως
3351 4595 3681 4663 ὑπεκρίνετο,

407 4724 659 4784 tempora
683 4710 918 4764 infirmis
966 4706 1225 4762 illudunt.
1286 4702 1395 4757 Sed
1450 4700 1660 4754 utinam
1715 4698 2009 4752 liberemur

405 4818 604 4859 omnes
639 4818 706 4857 ex
732 4803 928 4855 horum
955 4797 1248 4854 artiﬁciosa
1273 4793 1501 4858 malitia,
1541 4791 1796 4862 precibus
1827 4800 1882 4844 ct
1923 4789 2010 4844 in-

406 4896 745 4952 tercessione
780 4893 1145 4948 immaculata:
1169 4907 1232 4946 ac
1252 4887 1609 4943 sanctissimae
1632 4882 1742 4957 40
1765 4883 2007 4939 Dominae

405 4999 609 5044 nostrae
648 4987 872 5058 preprie
925 4999 1162 5054 vereque
1211 4981 1454 5051 Deiparm
1505 4992 1723 5048 semper
1781 4976 2008 5047 virginis

401 5081 605 5143 Mariae,
641 5088 700 5134 ct
730 5078 976 5134 omnium
1013 5073 1357 5129 sanctorum!
1419 5069 1635 5124 Etenim
1690 5068 1864 5123 donec
1899 5067 2001 5122 mi-

406 5187 564 5227 seros
603 5170 671 5224 ad
734 5179 1040 5224 extremum
1098 5165 1326 5220 exitium
1381 5160 1686 5232 adegerint,
1722 5175 2001 5231 nunquam

410 5265 498 5319 bis
531 5264 737 5335 grande
769 5275 929 5316 suum
973 5259 1213 5314 revelare
1269 5256 1446 5311 solent
1492 5250 1811 5324 mysterium
1859 5253 2004 5324 quod

407 5366 494 5426 est
524 5357 616 5411 Dei
650 5355 886 5428 negatio.

480 5499 740 5554 “Matth.
776 5515 866 5564 xx,
915 5499 1000 5559 l5,
1057 5496 1143 5551 Μ.
1222 5498 1268 5530 ⁸⁵
1325 5495 1518 5553 Matth.
1565 5512 1686 5565 vm,
1728 5495 1816 5553 Η.

2109 4699 2202 4752 καὶ
2242 4695 2523 4758 εὐσεϐείας
2564 4691 2847 4765 μόρφωσιν
2881 4687 3266 4766 περικαλύψας
3291 4688 3382 4742 τὸν
3413 4686 3591 4749 λύκον,
3616 4684 3680 4744 ὡς

2107 4791 2166 4843 ὲν
2193 4788 2377 4858 κωδίῳ
2425 4785 2730 4859 προϐάτου·
2764 4783 2862 4856 τὴν
2915 4782 2972 4836 δὲ
3025 4782 3256 4852 δύναμιν
3277 4781 3377 4851 τῆς
3427 4775 3689 4839 εὐσεϐείας

2107 4882 2511 4954 ἀρνησάμενος,
2561 4879 2737 4932 ἐδόκει
2766 4879 2878 4941 τοῖς
2904 4876 3191 4945 ἀγνοοῦσιν
3248 4875 3469 4946 ἄριστος
3515 4867 3689 4940 eam;

2108 4976 2386 5048 σωτηρίας
2435 4971 2900 5043 καταφαίνεσθαι·
2941 4971 3187 5041 μιμεῖται
3236 4968 3345 5037 γάρ
3376 4965 3476 5038 τὴν
3507 4962 3690 5036 ἀρετὴν

2108 5070 2144 5139 ή
2175 5068 2365 5132 κακία,
2395 5068 2494 5121 καὶ
2524 5082 2555 5121 x
2581 5067 2643 5118 τὸ
2683 5063 2927 5131 ζιζάνιον
2956 5062 3200 5134 βιάζεται
3252 5062 3399 5122 σῖτος
3452 5055 3690 5128 νομισθῆ-

2111 5179 2220 5216 ναι·
2247 5163 2305 5215 ὲν
2327 5160 2603 5223 τοιαύταις
2617 5158 2796 5212 τοίνυν
2821 5160 2936 5220 ταῖς
2963 5154 3265 5224 μεθοδείαις
3284 5152 3446 5223 μέχρι
3467 5152 3562 5219 τῆς
3586 5144 3689 5200 δεῦ·

2119 5270 2182 5325 Ρο
2234 5252 2362 5316 τοὺς
2413 5250 2780 5323 ἀστηρίκτους
2825 5245 3188 5313 ὲξαπατῶσιψ
3218 5243 3352 5299 ἀλλὰ
3385 5239 3688 5315 ῥυσθείημεν

2118 5346 2218 5416 τῆς
2257 5345 2592 5416 κακοτέχνου
2631 5341 2810 5396 αὐτῶν
2865 5338 3277 5412 μηχανουργίας
3309 5336 3562 5396 ἅπαντες,
3610 5331 3685 5382 εὖ·-

1891 5492 1939 5525 “
1972 5492 2164 5548 Matth.
2209 5505 2296 5556 xv,
2328 5488 2420 5544 26.

1696 5612 1939 5671 YARUE
2005 5608 2414 5668 LECTIONES.

504 5768 526 5794 ³
554 5758 691 5812 Cod.
717 5753 1093 5826 χρεωστείται.

411 5841 511 5897 pro
541 5829 651 5883 καί.

1216 5761 1231 5795 ι
1273 5757 1338 5812 Β,
1367 5747 1570 5814 ειςοιὶ.
1609 5747 2100 5820 ἁνακληθήσονται.

2231 5755 2257 5782 ιι
2282 5741 2350 5800 ῐὶ.
2389 5740 2763 5814 Ἰσραηλῆται.
2875 5745 2919 5808 ν,
2938 5733 3004 5788 R.
3033 5730 3343 5804 φευκταϊτο.
3419 5730 3444 5759 κ
3465 5717 3528 5773 R.
3555 5705 3679 5768 κατὰ
