3702 6240
58 281 186 345 1293

1164 269 1530 334 HISTORIA
1577 273 1629 333 Μ
1643 270 2107 333 ΑΝΙΩΙΙᾹΞΟΗΟ
2119 270 2173 330 Μ
2186 318 2198 331 .

3190 265 3329 331 1295.

52 398 167 467 χαῖς
215 392 309 447 καὶ
362 384 677 461 πρεσδείαις
718 389 818 458 τῆς
874 390 1147 457 πανάγνου
1209 390 1299 441 καὶ
1332 390 1639 458 ὑπεραγίας
1678 386 1977 455 Δεσποίνης
2013 386 2172 457 ἡμῶν
2229 386 2431 457 κυρίως
2475 386 2569 438 καὶ
2631 384 2845 455 ἀληθῶς
2917 383 3181 437 Θεοτόκου
3237 378 3334 436 καὶ

66 483 445 555 ’Δειπαρθένου
468 481 714 551 Μαρίας,
748 479 844 533 καὶ
888 479 1106 533 πάντων
1140 479 1248 533 τῶν
1287 479 1478 548 ἁγίων.
1538 479 1648 533 Καὶ
1677 478 1785 549 γάρ
1814 477 1920 541 ἕως
1958 476 2025 531 ἂν
2047 480 2126 542 εἰς
2183 477 2397 532 τελείαν
2433 477 2709 531 ἀπώλειαν
2736 477 2865 542 τοὺς
2938 478 3160 543 ἀθλίους
3194 475 3340 541 ἄξω-

55 600 155 648 σιν,
182 581 283 635 οὐκ
309 577 729 650 ἐξαγορεύουσιν
761 577 945 638 αὐτοῖς
972 575 1034 629 τὸ
1064 577 1207 646 μέγα
1229 575 1410 629 αὐτῶν
1441 574 1763 646 μυστήριον,
1789 574 1927 643 ὅπερ
1960 572 2109 627 ἐστὶν
2144 564 2375 644 ἄρνησις
2392 572 2552 627 Θεοῦ.

119 695 258 766 ΔΕΓ.
302 697 360 749 '0
400 695 458 750 δὲ
506 694 829 765 ὑπέρμαχος
865 690 958 745 τοῦ
1001 691 1249 745 διαϐόλου
1291 691 1517 759 Σέργιος
1565 690 1644 743 δι-

1836 692 2062 747 KXXVI.
2089 691 2209 747 Jam
2239 708 2370 747 vero
2399 702 2657 748 strenuus
2691 691 2891 746 diaboli
2924 691 3081 746 miles
3111 690 3336 764 Sergius

49 789 257 860 δαχθεὶς
290 786 443 855 παρὰ
470 783 620 857 [cod.
655 784 692 837 f.
750 781 902 854 106.]
938 780 1038 851 τῆς
1096 780 1343 852 ὀλεθρίου
1377 780 1639 848 γυναικὸς

51 884 143 953 τὴν
176 882 409 953 αἵρεσιν,
436 879 531 933 καὶ
560 875 1013 946 νομίσαςπάντας
1040 876 1359 942 ἀνθρώπους
1383 874 1509 936 τοὺς
1542 871 1642 943 τὴν

53 976 310 1046 εἰλικρινῆ
331 973 427 1026 καὶ
445 971 749 1041 ἀμώμητον
772 968 928 1038 ήμῶν
952 968 1058 1019 τῶν
1084 967 1255 1027 ὅντως
1289 964 1638 1036 Χριστιανῶν

54 1069 373 1139 κατέχοντας
417 1065 515 1117 καὶ
561 1061 764 1130 εὐσεϐῆ
794 1060 974 1112 πίστιν
1008 1061 1067 1111 ὲν
1118 1056 1367 1128 ἀπωλείᾳ
1405 1055 1638 1123 κεῖσθαι,

52 1159 368 1229 διεγείρεται
399 1155 549 1226 ζήλῳ
578 1149 887 1221 Σατανικῷ,
925 1150 1023 1203 καὶ
1066 1148 1276 1217 γίνεται
1317 1150 1434 1212 νέος
1462 1147 1642 1221 κήρυξ

53 1255 145 1321 τῆς
180 1252 410 1319 πλάνηςο
438 1246 633 1302 ἑαυτόν
665 1262 724 1297 τε
772 1244 1121 1314 ἐπονομάσας
1175 1241 1412 1311 Τυχικὺν
1440 1242 1532 1293 τὸν
1582 1242 1641 1294 ὲν

53 1347 165 1408 ταῖς
189 1341 502 1403 ἐπιστολαῖς
532 1338 911 1411 ἐμφερόμενον
943 1334 1041 1388 τοῦ
1072 1334 1371 1388 ἀποστόλου
1400 1334 1637 1401 Παύλου,

53 1439 158 1500 τοῖς
187 1437 351 1488 πᾶσιν
387 1432 575 1500 ἔλεγεν
609 1426 753 1482 εἶναι
784 1428 1032 1499 μαθητὴς
1060 1426 1155 1480 τοῦ
1174 1427 1519 1478 Ἀποστόλου·
1546 1427 1644 1479 καὶ

54 1529 174 1599 παρ’
214 1525 380 1579 αὐτοῦ
436 1521 777 1578 ἀπεστάλθαι
825 1519 1125 1591 κηρύσσειν
1169 1519 1231 1571 ού
1274 1517 1431 1587 λόγον
1482 1518 1641 1580 Θεοῦ,

54 1620 182 1673 ἀλλὰ
208 1618 419 1688 πλάνην
448 1614 720 1686 ὀλεθρίαν.
755 1604 925 1675 Οὗτος
985 1608 1289 1682 περιελθὼν
1317 1610 1417 1669 τὰς
1458 1609 1643 1673 πόλεις

55 1714 222 1776 πάσας
247 1709 469 1773 καὶτὰς
502 1708 685 1780 χώρας
728 1707 939 1769 ἀόκνως
993 1707 1051 1758 ἐν
1110 1700 1200 1767 αἷς
1229 1705 1259 1757 ὀ
1321 1704 1645 1766 Ἀπόστολος

56 1806 153 1876 πρὸ
189 1803 530 1857 ὀκτακοσίων
577 1801 715 1855 ὲτῶν
760 1799 850 1852 τὸν
884 1798 1043 1867 λόγον
1072 1798 1173 1867 τῆς
1206 1796 1468 1867 ἀληθείας
1516 1796 1647 1865 ἐκή-

56 1900 194 1967 ρυξε,
222 1894 450 1958 πολλοὺς
480 1893 767 1963 ἀπέστησε
816 1892 915 1961 τῆς
944 1888 1228 1963 ὀρθοδόξου
1262 1890 1521 1954 πίστεως,
1550 1889 1645 1941 καὶ

55 1992 125 2061 τῷ
154 1991 385 2060 διαϐόλῳ
424 1990 783 2061 προσήγαγεν
811 2004 823 2016 ·
850 1986 926 2049 ὡς
958 1987 1122 2047 αὐτὸς
1164 1986 1223 2037 ἐν
1255 1986 1357 2055 μιᾷ
1384 1984 1491 2037 τῶν
1522 1985 1644 2036 ἐπι-

56 2082 247 2136 στολῶν
281 2081 450 2135 αὐτοῦ
491 2080 680 2149 λέγει’
726 2079 860 2133 Ἀπὸ
892 2078 1167 2132 ἀνατολῶν
1195 2078 1289 2130 καὶ
1324 2076 1485 2147 μέχρι
1515 2076 1643 2129 δυσ-
1676 2061 1721 2117 Β

58 2171 163 2242 μῶν
211 2172 304 2225 καὶ¹
329 2169 507 2241 pappet
551 2170 647 2222 καὶ
680 2169 865 2232 νότου,
914 2168 1151 2239 ἔδραμον
1208 2167 1505 2238 κηρύσσων
1575 2166 1637 2220 τὸ

56 2265 373 2334 Εὑαγγέλιον
402 2262 495 2317 τοῦ
522 2262 785 2334 Χριστοῦ,
810 2264 923 2326 τοῖς
955 2263 1110 2330 ὲμοῖς
1139 2262 1329 2330 γόνασι
1365 2261 1633 2333 βαρήσας⁹

56 2360 107 2411 ὲν
132 2357 267 2422 ὅλοις
298 2357 411 2428 γάρ
454 2355 1014 2428 τριακοπατέσσαρσι
1060 2356 1275 2426 χρόνοις
1336 2355 1641 2425 ἐπικρατή-

56 2469 166 2515 σας,
221 2451 329 2505 ἀπὸ
378 2450 617 2521 Εἰρήνης
651 2450 751 2519 τῆς
803 2448 1121 2519 Αὐγούστης
1175 2448 1337 2518 μέχρι
1380 2446 1641 2516 Θεοφίλου

55 2542 138 2594 τοῦ
170 2541 453 2612 βασιλέως,
485 2543 855 2611 συνεστήσατο
904 2540 1003 2609 τὴν
1032 2539 1128 2592 νῦν
1165 2537 1462 2603 περιοῦσαν
1511 2540 1644 2592 ἀπο-

57 2632 285 2695 στασίαν,
309 2631 379 2702 ῆν
411 2630 627 2702 προέφη
648 2626 1105 2681 Θεσσαλονικεῦσι
1126 2624 1334 2687 Παῦλο,
1358 2626 1386 2677 ὀ
1414 2624 1646 2677 ἀπόστοο

56 2722 154 2786 λος,
182 2723 245 2776 δι’
269 2718 336 2795 ἦς
354 2721 664 2792 ἐλυμήνατο
691 2720 941 2773 πλεῖστον
971 2719 1136 2789 μέρος
1164 2718 1262 2787 τῆς
1288 2715 1382 2769 τοῦ
1403 2715 1643 2787 Χριστοῦ

69 2814 404 2885 Ἐκκλησίας.
425 2815 563 2876 Τοὺς
580 2813 680 2883 μὲν
697 2813 805 2883 γάρ
834 2810 1161 2881 ῆλλοτρίωσε
1179 2810 1279 2878 τῆς
1305 2807 1644 2881 προσκαίρου

57 2906 213 2975 ζωῆς,
228 2906 331 2960 τῶν
357 2905 506 2960 ἰδίων
535 2908 826 2976 στερήσας,
850 2906 943 2957 καὶ
966 2903 1074 2974 πρὸ
1094 2900 1285 2972 καιροῦ
1306 2899 1643 2964 θανατώσας·

58 3001 172 3063 τοὺς
196 2999 250 3054 δὲ
277 3001 374 3053 καὶ
403 2998 503 3068 τῆς
536 2998 755 3051 αἰωνίου
783 2996 1314 3065 ὲξακολουθήσαντας
1336 2994 1501 3047 αὑτοῦ
1527 2995 1647 3057 ταῖς

58 3091 351 3161 ϐδελυρίαις
379 3090 715 3157 ἀπεξένωσεο
740 3090 967 3151 πολλοὺς
990 3086 1293 3159 όμοζύγους
1318 3085 1644 3158 [ροι].ί.106.

61 3186 106 3237 b.
137 3184 463 3257 ]διαζειίξας
497 3184 595 3247 τὰς
649 3184 835 3246 κοίτας
871 3182 1052 3234 αὐτῶν
1099 3180 1187 3233 διά
1240 3179 1348 3232 τῶν
1384 3177 1647 3250 μαθητῶν

60 3275 209 3329 αὑτοῦ
232 3278 475 3347 ἐμίανενο
498 3274 668 3327 πολλά
684 3274 858 3345 βρέιρη
877 3273 985 3325 τῶν
1006 3271 1289 3343 μητρικῶν
1319 3272 1648 3334 ἀποσπάσας

63 3370 236 3437 μαζῶν
265 3370 352 3424 διά
383 3368 493 3423 τῶν
526 3368 786 3439 μαθητῶν
821 3367 1008 3431 αὑτοῦ,
1045 3366 1114 3419 τά
1168 3366 1265 3435 μὲν
1310 3364 1645 3430 ἐθανάτωσε,

60 3466 120 3515 τά
146 3455 349 3517 δὲτῶν
404 3463 610 3533 γονέων
640 3462 933 3532 στερήσεις,
996 3461 1090 3511 καὶ
1134 3457 1273 3511 Θεοῦ
1316 3457 1411 3510 τοῦ
1444 3457 1646 3521 ζῶντος

60 3554 417 3626 ἀλλοτριὼσας
451 3554 548 3607 τοῦ
583 3553 661 3625 τῷ
708 3553 823 3623 ἰδίῳ
855 3552 1049 3621 αἵματι
1107 3551 1315 3613 πάντας
1348 3548 1647 3619 ἐλευθερώ-

66 3661 262 3712 σαντος,
306 3648 635 3717 Ἀγαρηνοῖς
688 3644 1051 3714 ἀπεμπόλησε
1082 3661 1095 3674 ·
1144 3642 1374 3705 πολλοὺς
1413 3640 1643 3704 εὐειδεῖς

62 3739 364 3802 νεανίσκους
393 3739 488 3792 καὶ
513 3736 759 3800 νεάνιδας
786 3738 1093 3807 μονογενεῖς
1119 3734 1325 3804 γονέων
1348 3736 1643 3804 ἀποχωρή-

66 3843 174 3891 σας,
196 3830 272 3893 είς
298 3828 547 3882 δουλείαν
568 3828 875 3899 Βαρδάροις
892 3826 1194 3899 παρέδωκε·
1227 3824 1454 3888 πολλοὺς
1496 3825 1653 3878 ἀδελ-

75 3921 198 3988 φοὺς
219 3924 311 3975 καὶ⁵
327 3920 565 3989 ἀδελφάς
588 3922 875 3989 συγγενεῖς
895 3937 953 3972 τε
972 3920 1063 3971 καὶ
1088 3918 1275 3988 φίλους
1300 3917 1546 3988 ἀλλήλων
1567 3916 1647 3969 δι-

65 4013 265 4084 έστησε,
286 4013 501 4067 καὶτῶν
520 4012 665 4065 ἰδίων
686 4012 942 4079 ξενώσας,
958 4012 1226 4081 ἀλλοδαπῇ
1242 4013 1313 4081 γῇ
1331 4019 1358 4058 Υ
1381 4010 1594 4080 παρέπε
1603 4027 1664 4079 μ.

64 4102 174 4170 ψεν,
199 4099 271 4159 ὧν
287 4106 523 4177 ὀδυρμὸς
551 4106 861 4177 καζθρῆνος
904 4105 1095 4175 μέχρις
1134 4104 1404 4173 οὐρανίων
1453 4102 1660 4164 ἀψίδων

67 4197 302 4269 ἀνῆκται·
335 4200 565 4262 πολλοὺς
593 4199 921 4270 μονάζοντας
945 4198 1041 4251 καὶ
1070 4196 1411 4267 μοναςούσας
1436 4195 1659 4265 Χριστῷ

67 4289 157 4360 τὴν
175 4278 473 4365 παρθενίαν
496 4293 885 4363 ἀναθεμένους,
905 4292 993 4346 διὰ
1010 4291 1117 4343 τῶν
1143 4290 1359 4343 οἰκείων
1395 4288 1657 4360 μαθητῶν

66 4383 344 4458 διέφθειρε·
379 4388 474 4441 καὶ
495 4385 589 4440 τοῦ
610 4387 748 4457 μονή
760 4402 884 4456 ρους
911 4383 1363 4455 ἀπαλλοτριώσας
1402 4383 1540 4453 βίου,
1559 4383 1655 4436 τοῦ

68 4477 191 4533 Θεοῦ
219 4481 530 4548 ἁπεξένωσε
550 4496 564 4511 ·
591 4480 819 4543 πολλοὺς
859 4480 1025 4548 ἱερεῖς
1057 4477 1152 4531 καὶ
1182 4478 1412 4539 Λευῒτας
1442 4479 1539 4547 τῆς
1560 4476 1655 4546 ὀρ-

70 4568 271 4636 θοδόξου
303 4573 545 4635 πίστεως
574 4572 901 4633 ἀποσπάσας
932 4571 1024 4622 καὶ
1074 4571 1139 4622 ἐκ
1165 4570 1454 4640 προϐάτων
1484 4569 1656 4639 θῆρας

71 4664 389 4729 ἁποτελέσας
410 4706 425 4731 ,
448 4666 545 4719 ἀνθ
558 4667 904 4738 ρωποϐόρους
939 4668 1234 4737 εἰργάσατο
1256 4682 1271 4697 ⁸
1322 4666 1552 4729 πολλοὺς
1596 4668 1655 4719 ὲν

1747 788 1818 842 ab
1841 787 2071 843 exitiosa
2098 786 2305 841 femina
2333 786 2581 841 lueresim
2617 786 2867 852 edoctus,
2904 786 3339 856 existimansque

1745 890 1977 936 cunctos
1995 881 2267 946 homines,
2284 880 2372 950 qui
2387 896 2583 951 puram
2600 891 2656 934 et
2674 880 3061 950 inculpabilem
3087 890 3338 934 nostrum

1744 990 1874 1030 vere
1905 974 2342 1030 Christianorum
2395 981 2709 1043 rectamque
2775 973 2936 1028 fidem
2973 973 3234 1036 retinent,
3284 971 3339 1024 in

1746 1068 2062 1138 perditione
2092 1068 2325 1131 versari,
2370 1068 2617 1121 satanico
2662 1066 2779 1121 zelo
2819 1066 3135 1136 corripitur,
3171 1066 3343 1136 fitquc

1746 1176 1927 1215 novus
1957 1160 2165 1215 erroris
2196 1175 2400 1230 praeco,
2438 1168 2616 1214 semet
2642 1158 2945 1230 Tychicum
2977 1160 3128 1213 illum
3160 1158 3342 1213 nomi-

1746 1268 1885 1307 nans
1920 1294 1936 1318 ,
1993 1252 2087 1322 qui
2138 1253 2193 1305 in
2240 1251 2471 1321 apostoli
2524 1250 2673 1306 Pauli
2734 1251 2981 1322 epistolis
3037 1252 3337 1317 scribitur;

1746 1345 2067 1415 cunctisque
2143 1344 2325 1399 aiebat
2369 1359 2429 1398 se
2483 1343 2637 1398 Pauli
2688 1358 2809 1399 esse
2865 1344 3219 1414 discipulum,
3274 1346 3343 1400 ad

1756 1438 1989 1493 verbum
2034 1437 2172 1502 anei
2262 1437 2720 1506 praedicandum,
2811 1436 2897 1491 vel
2989 1438 3343 1507 pestilentem

1746 1531 1929 1603 potius
2014 1547 2283 1593 errorem,
2341 1532 2410 1586 ab
2496 1530 2588 1584 illo
2667 1530 2917 1584 missum.
3018 1530 3116 1586 llic
3180 1532 3346 1587 urbes

1746 1632 1975 1678 cunctas
2028 1638 2304 1695 pagosque
2362 1622 2594 1694 impigre
2654 1639 2973 1695 peragrans,
3027 1624 3085 1679 in
3145 1627 3346 1696 quibus

1746 1715 2042 1789 Apostolus
2079 1717 2425 1787 octingentos
2458 1728 2585 1770 ante
2623 1732 2799 1770 annos
2839 1718 3086 1773 veritatis
3115 1720 3347 1773 verbum

1746 1810 2165 1881 prmdicaverat,
2203 1810 2407 1863 multos
2443 1808 2512 1863 ab
2545 1809 2852 1863 orthodoxa
2895 1809 2999 1864 ﬁde
3033 1810 3253 1875 avertit,
3290 1820 3349 1866 et

1750 1905 1818 1959 ad
1850 1903 2130 1958 diabolum
2160 1902 2409 1965 adduxit,
2436 1910 2495 1955 ut
2520 1901 2754 1970 ipsemet
2774 1901 2829 1954 in
2858 1917 2965 1955 una
2987 1903 3348 1972 epistolarum

1749 2008 1975 2049 suarum
2007 2001 2195 2046 narrat
2230 2011 2242 2045 :
2273 1992 2355 2045 Ab
2383 1990 2597 2044 oriente
2620 1991 2687 2044 ad
2718 2006 2998 2059 occasum,
3024 2008 3054 2045 a
3090 1992 3254 2047 borea
3278 1993 3348 2047 ad

1753 2093 2003 2139 austrum
2066 2082 2306 2146 decurri,
2351 2081 2556 2136 Christi
2613 2080 2969 2151 Evangelium
3019 2082 3347 2151 praedicans,

1753 2175 1896 2229 meis
1931 2174 2094 2229 unice
2144 2174 2377 2246 genibus
2418 2173 2602 2227 nixus.
2655 2170 2811 2228 Totis
2848 2173 2994 2227 enim
3032 2182 3269 2244 quatuor
3291 2182 3348 2229 et

1753 2267 1974 2338 triginta
2007 2266 2189 2333 annis,
2213 2266 2281 2320 ab
2305 2266 2463 2320 lrene
2492 2267 2738 2336 Augusta
2768 2280 2941 2335 usque
2965 2266 3031 2319 ad
3067 2264 3353 2337 Theophi-

1753 2360 1865 2413 lum
1894 2358 2285 2428 impcratorem
2310 2367 2639 2427 prazscntem
2673 2359 2816 2412 hanc
2846 2359 3181 2427 apostasiam
3206 2375 3346 2413 con-

1755 2449 1926 2516 ﬂavit,
1960 2465 2125 2519 quam
2152 2447 2745 2503 Thessalonicensibus
2769 2448 3099 2519 praedixerat
3122 2448 3348 2514 Paulus,

1754 2554 1985 2614 etquam
2004 2541 2293 2613 plurimam
2307 2541 2504 2596 Christi
2524 2541 2781 2597 Ecclesiae
2803 2551 3009 2612 partem
3029 2544 3349 2614 corrupit".

1755 2638 1909 2692 Alios
1958 2638 2104 2692 enim
2152 2636 2440 2706 temporali
2479 2637 2583 2690 hac
2626 2636 2739 2690 vita
2786 2637 3065 2706 spoliavit,
3110 2640 3351 2709 propriis

1758 2732 1919 2787 bonis
1959 2746 2207 2795 eversos,
2247 2738 2304 2785 et
2362 2739 2491 2785 ante
2552 2740 2769 2800 tempus
2822 2733 3165 2799 exstinctos;
3213 2734 3355 2787 alios

1759 2826 1926 2880 etiam
1971 2834 2179 2881 aeterna
2225 2824 2360 2890 vita,
2418 2833 2607 2895 utpote
2665 2823 2838 2894 ipsius
2879 2827 3145 2895 nequitia:
3180 2827 3355 2883 factos

1760 2917 2000 2972 asseclas
2029 2933 2043 2971 :
2073 2918 2275 2971 multos
2305 2916 2566 2987 conjuges
2592 2917 2931 2983 dissociavit,
2967 2919 3186 2973 illorum
3234 2922 3357 2974 tha-

1762 3011 1937 3065 lamos
1972 3025 2071 3080 per
2110 3025 2241 3065 suos
2274 3010 2576 3080 discipulos
2608 3011 2855 3081 polluens
2886 3029 2899 3064 :
2945 3012 3186 3067 infantes
3215 3013 3357 3067 mul~

1761 3110 1847 3157 tos
1876 3102 2143 3156 maternis
2162 3103 2424 3156 uberibus
2458 3102 2675 3157 avulsos
2704 3102 3100 3173 discipulorum
3130 3120 3355 3159 suorum

1764 3215 1931 3254 manu
1975 3198 2250 3254 interfecit
2286 3218 2298 3252 :
2336 3198 2472 3252 alios
2504 3199 2830 3268 parentibus
2860 3200 3215 3265 subtrahens,
3246 3209 3301 3255 et
3327 3219 3360 3255 :l

1766 3292 1879 3347 Deo
1920 3292 2141 3347 vivente
2179 3292 2517 3356 ahalit-nans,
2554 3294 2646 3361 qui
2686 3307 2783 3345 eos
2827 3292 3049 3361 proprio
3092 3295 3360 3363 sanguine

1763 3384 2113 3448 liberaverat,
2162 3381 2432 3453 Agarenis
2489 3380 2811 3435 vendendos
2862 3382 3094 3436 curavit.
3162 3381 3362 3436 Multos

1754 3476 2005 3546 speciosa
2056 3475 2230 3529 forma
2274 3474 2677 3536 adolescentes,
2722 3474 3041 3543 puellasque
3095 3474 3286 3528 unicas
3330 3492 3362 3529 a

1753 3568 2081 3638 parentibus
2114 3567 2466 3629 abstrahens,
2492 3567 2766 3636 mancipia
2799 3565 3056 3620 Barbaris
3091 3568 3363 3621 vendidit.

1756 3659 1956 3714 Multos
2002 3658 2203 3714 fratres
2259 3668 2425 3728 atque
2480 3674 2722 3723 sorores,
2766 3656 2872 3730 41
2916 3667 3179 3729 cognatos
3223 3661 3362 3713 ami-

1760 3766 1989 3822 eosque,
2038 3752 2279 3805 invicem
2329 3751 2664 3815 distrahens,
2719 3750 3067 3820 propriisque
3110 3750 3365 3807 afﬁnibus

1766 3846 2035 3915 spoliatis,
2085 3846 2141 3898 in
2192 3846 2401 3898 alienas
2450 3846 2703 3913 regiones
2749 3846 3081 3907 amandavit,
3129 3862 3365 3915 quorum

1770 3944 2011 4009 gemitus
2068 3939 2426 4008 ploratusque
2460 3954 2635 4005 usque
2682 3936 2747 3989 ad
2800 3938 3042 3991 ('mlestia
3085 3939 3364 3994 lacunaria

1768 4030 2116 4084 attolluntur.
2138 4029 2465 4098 Complures
2491 4029 2758 4083 moniales
2785 4046 2850 4083 ac
2877 4033 3196 4097 monachos,
3223 4050 3364 4103 quo-

1766 4136 1887 4175 rum
1913 4122 2199 4191 virginitas
2232 4121 2449 4175 Christo
2477 4122 2655 4174 dicata
2683 4120 2882 4185 fuerat,
2905 4138 3003 4192 per
3030 4140 3160 4178 suos
3200 4126 3363 4181 disci-

1766 4215 1925 4284 pulos
1952 4214 2224 4284 corrupit,
2260 4222 2315 4268 et
2346 4214 2537 4268 caelibe
2582 4215 2694 4269 vita
2730 4216 3020 4278 abductos,
3051 4217 3163 4272 Deo
3195 4218 3360 4274 simul

1764 4307 2118 4361 abalienavit.
2158 4306 2487 4361 Sacerdotes
2516 4308 2722 4361 multos
2747 4318 2911 4377 atque
2946 4308 3142 4365 levitas
3172 4302 3247 4366 ab
3268 4326 3362 4366 or-

1764 4402 2006 4456 thodoxa
2034 4400 2141 4455 fide
2176 4401 2507 4465 abstractos,
2546 4410 2601 4456 et
2630 4416 2695 4455 ex
2736 4402 2931 4457 ovibus
2958 4403 3011 4457 in
3055 4402 3200 4471 feras
3232 4422 3357 4459 mu-

1764 4501 1927 4557 tatos,
1948 4502 2235 4548 voratores
2261 4493 2541 4547 hominum
2574 4493 2703 4548 fecit
2729 4511 2742 4547 :
2769 4506 2830 4549 ut
2860 4496 3016 4550 multi
3040 4496 3096 4550 in
3122 4497 3356 4552 vinculis

1761 4593 1925 4653 atque
1955 4583 2272 4639 carceribus
2310 4593 2666 4646 necarentur,
2712 4600 2879 4640 causa
2916 4585 3019 4641 fuit
3053 4605 3066 4646 ;
3118 4586 3255 4641 alios
3288 4603 3355 4641 ex

1758 4672 2023 4727 divitibus
2050 4688 2322 4742 pauperes
2348 4671 2603 4727 reddidit.
2629 4672 2841 4744 Ergone
2868 4682 3144 4728 tantorum
3162 4682 3356 4729 auctor

69 4759 276 4831 δεσμοῖς
307 4764 403 4816 καὶ
447 4762 716 4833 φυλακαῖς
765 4762 1148 4832 θανατωθῆναι
1204 4762 1477 4829 πεποίηκε
1504 4802 1519 4824 ,
1555 4762 1650 4815 καὶ

1836 4765 2028 4819 dorum
2058 4764 2275 4819 adorari
2309 4780 2410 4818 ceu
2436 4763 2754 4820 Paracletus
2781 4766 2989 4821 debet?
3018 4765 3153 4821 Nam
3183 4766 3352 4822 disci-

72 4848 251 4916 ἄλλους
275 4855 339 4907 ἐκ
370 4852 645 4906 πλουσίων
678 4854 973 4923 εἰργάσατο
1000 4852 1262 4923 πένητας
1289 4854 1385 4905 καὶ
1412 4852 1651 4907 ὀτοσού-

70 4959 171 4995 των
201 4947 384 5001 κακῶν
438 4947 751 5017 παραίτιος,
807 4944 1235 5017 προσκυνεῖσθαι
1269 4946 1379 5017 ἄρα
1434 4944 1643 5014 ὀφείλει

1754 4856 1869 4927 puli
1914 4855 2034 4925 ejus
2078 4855 2271 4910 dicunt
2319 4866 2542 4912 orantes
2602 4874 2616 4909 :
2665 4856 2906 4928 Spiritus
2948 4858 3125 4913 sancti
3176 4858 3353 4913 oratio

1751 4948 2105 5002 miserebitur
2137 4947 2331 5001 nostri.

73 5034 143 5099 ὡς
165 5040 517 5110 Παράκλητος
544 5058 560 5107 ;
587 5040 683 5092 καὶ
719 5038 826 5109 γάρ
866 5038 1106 5110 μαθηταὶ
1134 5038 1300 5092 αὑτοῦ
1343 5039 1401 5090 ἐν
1430 5038 1509 5109 τῷ
1568 5038 1796 5110 ὀνόματι
1858 5040 2027 5093 αὑτοῦ
2102 5041 2387 5111 εὐχόμενοι
2433 5040 2716 5110 λέγουσιν·
2787 5041 2853 5094 Ἦ
2887 5041 3021 5113 εὐχὴ
3053 5041 3148 5096 τοῦ
3198 5041 3355 5112 ἁγίου

77 5128 207 5182 Πνεύ
218 5150 381 5201 ματος
409 5133 625 5204 ἐλεήσει
661 5133 831 5202 ἡμᾶς.
1046 5202 1047 5205 η

141 5222 256 5277 ΛΖ’.
305 5227 361 5277 ’0
394 5226 450 5279 δέ
484 5244 667 5296 φησιν,
711 5225 850 5294 Ἐγὼ
879 5225 988 5278 τῶν
1017 5225 1203 5279 κακῶν
1234 5226 1444 5281 τούτων
1505 5228 1657 5281 ἀναί-

76 5315 183 5377 τιός
226 5319 369 5387 εἰμι·
427 5318 599 5373 πολλά
643 5321 752 5390 γὰρ
802 5316 1407 5388 παρήγγελλον.αὐτοῖ;
1449 5320 1513 5371 ὲκ
1558 5317 1653 5371 τοῦ

80 5531 97 5542 ,
149 5471 191 5503 ⁸⁸
228 5473 271 5528 ιι
304 5473 581 5543 ΤΙιοδδ.ιι,
628 5477 676 5531 5.

1836 5221 2106 5277 XXXVII.
2143 5224 2212 5276 At
2258 5222 2348 5277 ille
2390 5237 2449 5277 se
2495 5222 2764 5276 malorum
2826 5221 3023 5277 horum
3078 5223 3358 5285 insontem

1769 5314 1901 5371 dicit
1944 5330 2116 5370 :nam
2152 5329 2298 5385 saepe
2331 5314 2674 5378 adhortatus,
2724 5314 2921 5385 inquit,
2963 5314 3173 5371 fueram
3225 5331 3287 5375 ut
3329 5337 3360 5376 α

1323 5588 1558 5645 unus
1626 5594 2030 5660 caenosas.
2128 5570 2135 5577 ’

177 5748 201 5788 1
241 5740 304 5795 li.
336 5741 611 5817 ἀλλοδαπῇ
639 5750 728 5819 γῆ.
