3928 6246
434 353 572 417 1295

1820 352 2053 417 PETRI
2096 357 2354 420 SICULI

3575 367 3697 435 13206

432 465 774 539 captivandis
809 464 1077 521 Romanis
1110 466 1485 535 abstinerent;
1519 484 1697 540 neque
1727 470 1863 525 mihi
1898 487 2013 526 mo-

2130 473 2571 553 ιιίχμαλωτίζειν⁵
2605 478 2734 543 τοὺς
2772 477 3080 550 Ῥωμαίους
3122 481 3444 553 ἀποστῆναι,
3488 484 3579 538 καὶ
3609 487 3701 557 οὑχ

433 573 550 614 rem
575 563 891 629 gesserunt.
924 556 1317 615 Verumtamen
1342 560 1618 629 quomodo
1654 560 1932 616 insontem
1968 570 2022 616 te

434 651 606 709 dicis?
662 649 800 705 Nam
854 650 898 706 si
959 650 1057 705 tibi
1090 666 1203 706 non
1242 652 1635 720 oltaudiebant,
1679 669 1781 709 cur
1819 654 2023 725 populo

435 740 748 798 contumaci
770 740 1079 805 annuebas,
1095 755 1258 811 quem
1283 757 1473 814 regere
1496 759 1609 799 non
1632 744 1892 800 valebas?
1912 744 2024 802 Cur

434 849 609 905 usque
635 833 703 890 ad
727 833 938 888 obitum
975 847 1099 887 cum
1125 833 1317 889 iisdem
1354 845 1606 893 versatus
1640 837 1746 893 es?
1784 836 1941 904 Quod
1977 838 2022 893 si

433 925 639 983 Christi
662 924 805 979 viam
841 924 963 978 illos
992 925 1248 993 docebas,
1269 943 1368 983 cur
1392 944 1505 984 non
1542 929 1595 984 id
1618 930 1849 985 docuisti
1877 931 2024 1001 quod

431 1017 687 1073 Christus
715 1014 889 1071 dixit:
927 1015 1062 1071 Cum
1092 1019 1349 1086 persecuti
1381 1035 1469 1074 vos
1504 1021 1700 1091 fuerint
1729 1022 1785 1074 in
1816 1022 1916 1079 hac
1946 1023 2025 1076 ci-

434 1111 622 1171 vitate.
648 1108 813 1179 fugite
839 1108 895 1160 in
932 1106 1101 1161 aliam
1121 1107 1165 1138 ⁸⁷
1184 1108 1206 1161 ?
1226 1104 1293 1164 Et
1318 1108 1540 1178 quidem
1568 1119 1621 1164 te
1648 1109 1869 1165 tuismet
1899 1126 2024 1165 ver-

440 1201 527 1257 bis
558 1214 871 1271 coarguam.
886 1196 1136 1271 Namque
1151 1200 1217 1256 ad
1240 1198 1616 1257 Coloneenses
1635 1202 1708 1257 ita
1728 1201 2023 1273 scripsisti:

448 1292 824 1346 Probationem
851 1299 1037 1345 vestra:
1064 1290 1188 1361 ﬁdei
1225 1308 1344 1348 cum
1380 1294 1691 1363 prwsciatis,
1742 1292 1798 1347 in
1826 1310 2027 1348 memo-

444 1390 583 1443 riam
610 1382 756 1442 vobis
790 1403 992 1453 revoco,
1023 1393 1161 1457 quod
1191 1388 1325 1441 sicut
1364 1389 1618 1458 praeteriti
1643 1388 1892 1457 temporis
1923 1386 2027 1441 Ec-

437 1483 612 1536 clesia:
662 1488 903 1551 pastores
972 1488 1130 1549 atque
1178 1481 1461 1551 magistros
1529 1481 1827 1535 habuerunt
1874 1480 2028 1552 (dicit

437 1574 698 1630 videlicet
724 1571 1147 1627 Constantinum
1174 1580 1231 1627 et
1275 1572 1559 1643 reliquos),
1608 1573 1685 1627 ita
1730 1584 1779 1627 et
1818 1590 1906 1628 vos
1947 1572 2028 1627 lu-

434 1677 630 1723 centem
677 1665 1006 1737 lampadem,
1047 1664 1489 1736 splendidumque
1537 1666 1706 1732 sidus,
1748 1675 1799 1721 et
1837 1666 2026 1721 salutis

432 1763 617 1816 ducem
644 1759 943 1829 accepistis,
976 1767 1134 1829 prout
1164 1759 1420 1829 scriptum
1438 1768 1512 1813 est
1539 1774 1558 1814 :
1592 1778 1610 1811 ι
1649 1758 1800 1825 Quod
1828 1760 1874 1814 si
1904 1776 2028 1813 ocu-

2127 564 2449 635 ὑπήκουσάν
2509 583 2633 638 μοι·
2668 568 2814 640 [οοιΙ.
2870 570 2908 626 f.
2967 571 3118 646 107.]
3180 573 3274 627 καὶ
3327 575 3441 639 πῶς
3476 575 3704 631 ἀναίτιον

2128 658 2325 711 σαυτὸν
2355 661 2561 724 ποιεῖςς
2588 662 2650 715 El
2677 663 2787 735 γὰρ
2802 664 2899 734 οὑχ
2922 665 3195 735 ὑπήκουόν
3221 683 3324 730 σοι,
3348 667 3435 720 ἵνα
3461 667 3515 719 τί
3537 669 3697 723 ἀπει-

2127 748 2213 801 θεῖ
2260 752 2609 821 συνηυδόκεις
2648 752 2786 824 λαῷ,
2860 754 2920 808 ὂν
2970 756 3306 828 κυϐερνῆσαι
3352 758 3451 813 οὐκ
3499 757 3704 829 ἰσχυες;

2126 843 2192 896 Τί
2215 844 2272 896 δὲ
2299 844 2391 896 καὶ
2446 844 2609 915 μέχρι
2658 846 2889 900 θανάτου
2923 850 3040 918 μετ’
3079 849 3260 904 αὐτῶν
3307 850 3699 921 συνδιέτριϐες;

2126 937 2189 990 Ei
2216 937 2273 991 δὲ
2302 938 2398 991 καὶ
2422 938 2519 1006 τὴν
2550 940 2789 1011 Χριστοῦ
2815 940 2935 996 όδδν
2959 941 3166 997 ὁδεύειν
3188 943 3386 1008 αὑτοὺς
3415 944 3703 1009 ἐδίδασκες,

2128 1032 2215 1086 ἵνα
2250 1031 2302 1085 τί
2349 1033 2444 1086 καὶ
2474 1035 2631 1087 τοῦτο
2658 1034 2759 1087 οὑκ
2791 1033 3069 1099 ἐδίδασκες
3118 1035 3343 1101 αὑτοὺς,
3380 1036 3521 1107 ὅπερ
3562 1036 3660 1105 ἔφη
3681 1039 3707 1090 ὁ

2126 1122 2211 1177 Κύ
2220 1139 2353 1192 ριος,
2362 1125 2538 1179 Ὅταν
2551 1123 2847 1179 διώκωσιν
2856 1125 3015 1196 ὑμᾶς
3028 1126 3098 1181 ἐκ
3108 1125 3220 1196 τῆς
3230 1130 3464 1195 πόλεως
3475 1129 3705 1195 ταύτης,

2123 1217 2376 1285 φεύγετε
2387 1217 2476 1282 εἰς
2507 1214 2619 1281 τὴν
2647 1213 2851 1283 ἄλλην
2869 1216 3128 1286 ;Ἐλέγξω
3156 1235 3215 1271 σε
3243 1218 3289 1272 δ’
3317 1215 3410 1272 οὖν
3429 1219 3597 1289 ὅμως,
3626 1221 3708 1273 καὶ

2125 1311 2193 1363 ὲκ
2225 1310 2333 1362 τῶν
2366 1309 2474 1362 σῶν
2508 1307 2726 1362 οἰκείων
2765 1310 3058 1379 ῥημάτων
3083 1312 3197 1375 τοῖς
3224 1309 3336 1383 γὰρ
3363 1314 3421 1365 ὲν
3445 1311 3707 1381 Κολωνείᾳ

2130 1402 2369 1472 ἔγραφες
2396 1410 2419 1437 ι
2449 1401 2575 1456 τάδε
2602 1417 2616 1432 ο
2655 1401 2725 1456 Τό
2769 1400 3046 1472 δοκίμιον
3071 1396 3241 1472 ὑμῶν
3266 1414 3294 1444 ι
3327 1401 3442 1470 τῆς
3466 1404 3707 1477 πίστεως

2128 1494 2594 1561 προεγνωκότες,
2620 1493 2971 1563 ὑπόμνησιν
2993 1494 3151 1563 πρὸς
3174 1493 3336 1566 ὑμᾶς
3368 1495 3705 1565 ποιούμεθα,

2130 1586 2221 1639 ὅτι
2255 1584 2460 1653 ὥσπερ
2490 1589 2550 1639 αἱ
2587 1586 3002 1654 παρελθοῦσαι
3038 1588 3396 1656 Ἐκκλησιαι
3438 1587 3709 1658 ποιμένας

2129 1678 2230 1732 καὶ
2257 1676 2673 1745 διδασκάλους
2689 1676 2978 1744 ἐδέξαντο
3033 1678 3207 1749 (λέγει
3229 1679 3288 1733 δὲ
3319 1679 3708 1732 Κωνσταντῖνον

2130 1770 2226 1826 καὶ
2248 1772 2374 1833 τοὺς
2398 1769 2664 1842 λοιποὺς),
2683 1771 2839 1826 οὕτω
2857 1770 2957 1828 καὶ
2971 1771 3146 1843 ὑμεῖς
3162 1771 3455 1843 λαμπάδα
3471 1772 3712 1842 φαεινήν

435 1855 515 1909 lus
536 1866 656 1908 tuus
683 1855 842 1925 fuerit
870 1851 1117 1921 simplex,
1139 1860 1309 1905 totum
1325 1868 1515 1924 corpus
1538 1852 1771 1907 lucidum
1792 1855 1889 1907 erit
1907 1853 1974 1908 “.
2001 1870 2021 1904 ι

2133 1864 2233 1918 καὶ
2256 1866 2337 1918 λυ
2340 1832 2633 1932 χνοφανῆ
2645 1832 2875 1933 ἀστέρα
2894 1863 2993 1919 καὶ
3009 1832 3572 1935 οδιίγὸνίσωτηρίας
3598 1832 3710 1917 ἑδε-

432 1947 479 2002 0
506 1945 881 2002 infclicissime
907 1954 961 1999 et
998 1942 1145 1998 omni
1176 1944 1419 2014 nequitia
1450 1944 1647 2015 plene?
1676 1945 1733 2000 Si
1761 1945 1913 2001 Pauli
1946 1945 2029 2001 di-

433 2035 701 2107 scipulus,
727 2045 789 2089 ut
817 2034 1017 2105 jactas,
1049 2047 1133 2098 es,
1163 2047 1263 2087 cur
1283 2033 1603 2105 magistrum
1633 2035 2029 2101 nouimitaris,

432 2130 528 2201 qui
563 2144 622 2184 se
652 2127 897 2183 omnium
921 2126 1255 2198 peripsema,
1274 2126 1609 2189 abortivum,
1630 2127 2031 2199 minimumque

431 2222 810 2294 apostolorum
844 2220 1101 2276 dicebat?
1137 2218 1247 2292 42
1275 2217 1358 2274 Tu
1393 2235 1525 2275 vero
1567 2229 1647 2275 tot
1680 2228 1873 2277 auctor
1910 2236 2032 2276 ma-

432 2318 634 2380 lorum,
666 2312 873 2369 nullius
898 2312 979 2367 rei
1007 2313 1165 2368 bona:
1197 2311 1449 2378 etlector,
1475 2313 1651 2385 magis
1683 2328 1851 2384 quam
1880 2312 2029 2368 Pha-

433 2410 626 2483 risaeus
673 2407 765 2462 ille
806 2404 1102 2478 gloriaris?
1133 2401 1328 2459 Nonne
1374 2403 1583 2460 dictum
1630 2404 1764 2462 illud
1807 2406 2027 2479 legisti:

432 2501 583 2567 Quod
619 2514 803 2569 nempe
822 2498 912 2568 qui
934 2514 990 2552 se
1020 2497 1353 2551 commendat
1384 2496 1451 2564 δ’,
1476 2497 1693 2554 etiamsi
1729 2498 1874 2555 forte
1902 2516 2029 2555 vera

430 2596 599 2660 dicat,
630 2592 769 2648 nihil
798 2591 922 2646 est?
955 2588 1039 2645 Tu
1059 2603 1191 2644 vero
1209 2589 1572 2645 obtenebrata
1593 2591 1821 2647 omnino
1843 2601 2030 2648 mente

434 2688 727 2757 animoque
758 2699 885 2741 cum
924 2683 1018 2750 sis,
1062 2682 1341 2754 quomoda
1383 2692 1436 2738 te
1486 2683 1826 2740 mendaciter
1877 2686 2031 2741 sidus

433 2779 801 2850 splendidum,
839 2777 1234 2846 lucentemque
1270 2775 1603 2846 lampadem,
1623 2782 1678 2831 et
1711 2776 1904 2833 salutis
1931 2778 2031 2833 du-

436 2889 559 2930 cem
585 2869 953 2939 dictitas?qui
981 2883 1181 2945 nempe
1208 2876 1289 2923 tot
1312 2868 1526 2923 animas
1569 2869 2031 2939 pessumdedisti?

438 2965 597 3021 Tune
634 2962 826 3019 oculus
862 2960 1110 3032 corporis
1146 2959 1373 3024 Christi,
1419 2960 1565 3030 quod
1610 2969 1695 3016 est
1758 2962 2026 3024 Ecclesia,

432 3061 662 3116 demens
710 3057 876 3112 homo
923 3064 1088 3124 atque
1135 3052 1376 3108 furiose?
1405 3051 1509 3118 Tu,
1548 3052 1795 3123 inquam,
1838 3054 2027 3121 miser,

434 3169 560 3210 cum
614 3166 792 3207 caecus
831 3148 930 3214 sis,
955 3146 1234 3218 quomodo
1273 3146 1394 3202 aliis
1432 3145 1501 3201 ad
1527 3145 1758 3201 salutem
1784 3146 1893 3202 dux
1927 3161 2027 3201 ex-

432 3246 622 3304 stitisti
645 3246 668 3299 ?
693 3243 890 3299 Nonne
908 3240 1098 3313 legisti
1122 3256 1139 3307 ;
1164 3238 1310 3311 quod
1339 3240 1387 3294 si
1416 3255 1583 3294 caecus
1611 3255 1747 3294 cazco
1773 3240 2027 3294 ducatum

433 3348 669 3412 praestet,
722 3337 880 3391 ambo
935 3335 989 3388 in
1039 3332 1461 3406 foveamcadent
1500 3331 1584 3386 “2
1624 3331 1852 3399 Qualem
1896 3347 2028 3388 vero

432 3434 693 3490 virtutem
730 3436 880 3483 tuam
911 3426 1296 3492 imitabantur,
1332 3440 1459 3480 cum
1495 3424 1701 3480 clamas
1737 3443 1749 3479 :
1782 3424 2029 3480 lmitato—

432 3541 523 3581 res
557 3522 664 3579 mei
698 3528 899 3583 estote.
940 3533 1003 3573 ac
1029 3518 1264 3573 retinete
1301 3522 1557 3587 acceptas
1585 3532 1615 3571 a
1652 3532 1743 3571 me
1778 3517 2027 3572 traditio-

435 3618 575 3673 nes?
606 3616 688 3671 En
725 3614 910 3684 itaque
942 3610 1069 3666 ﬁdei
1100 3625 1166 3664 ac
1188 3609 1488 3681 magisterii
1509 3608 1586 3663 tui
1617 3623 1840 3680 germen
1865 3625 2031 3683 gran-

431 3714 555 3765 dem
582 3706 898 3778 procreavit
928 3703 1292 3773 impietatem.
1319 3702 1455 3756 Nam
1484 3701 1740 3773 discipuli
1774 3703 1875 3770 tui,
1899 3713 2029 3760 ante

430 3816 595 3873 quam
620 3808 669 3853 te
700 3808 1081 3869 agnoscerent,
1118 3810 1250 3851 oves
1289 3805 1485 3861 erant;
1545 3810 1695 3851 nunc
1726 3805 1780 3851 te
1818 3796 2026 3868 agnito,

432 3897 519 3949 vel
548 3891 731 3963 potius
760 3888 929 3962 agniti
956 3878 1092 3953 ate,
1118 3888 1175 3942 in
1204 3887 1350 3943 feras
1372 3897 1503 3944 sunt
1525 3886 1900 3944 transformati
1929 3890 2029 3946 ho-

432 3985 647 4039 minum
682 3978 1075 4037 devoratrices.
1122 3978 1188 4032 Et
1229 3978 1392 4049 paulo
1428 3977 1663 4035 inferius
1710 3983 1825 4035 ait:
1856 3981 2026 4036 Nemo

429 4092 517 4131 vos
558 4074 777 4129 seducat
823 4070 935 4125 ulla
963 4071 1143 4125 modo.
1194 4069 1310 4124 llas
1355 4071 1536 4143 itaque
1577 4072 1947 4140 promissiones
1991 4091 2024 4126 a

430 4169 544 4225 Deo
581 4167 856 4231 habentes,
896 4166 1029 4220 bona
1065 4165 1245 4219 animo
1293 4175 1475 4222 estote.
1512 4164 1624 4221 Nos
1667 4167 1806 4221 enim
1839 4169 2025 4222 vestris

430 4263 680 4317 cordibus
742 4258 1060 4329 conﬁdentes
1105 4259 1182 4312 ita
1229 4258 1509 4313 scribimus
1550 4259 1718 4317 vobis.
1761 4244 2031 4317 Ostiaritts

428 4364 712 4427 pastorque
744 4353 908 4407 bonus
942 4360 991 4406 et
1020 4353 1135 4406 dua:
1183 4352 1417 4421 corporis
1472 4348 1691 4419 Christi,
1726 4369 1791 4406 ac
1836 4354 2025 4408 domus

430 4448 532 4501 Dei
585 4446 801 4500 lucerna
851 4460 945 4516 ego
974 4459 1135 4509 sum;
1193 4452 1243 4497 et
1282 4444 1546 4497 vobiscum
1588 4460 1778 4499 maneo
1821 4447 2023 4499 cinctis

2132 1954 2343 2021 ξασθε,
2368 1953 2520 2009 κατὰ
2545 1957 2611 2009 τό
2630 1954 3045 2026 γεγραμμένον
3063 1974 3078 1989 ο
3109 1974 3129 2009 ι
3156 1957 3285 2010 Ὀτι
3318 1956 3430 2011 ἐὰν
3451 1959 3484 2011 ό
3508 1957 3710 2026 ὀφθαλ-

2124 2048 2243 2117 μός
2271 2062 2391 2101 σου
2407 2047 2644 2114 ἁπλοῦς
2672 2044 2735 2120 ᾖ,
2769 2048 2918 2104 ὅλον
2955 2048 3023 2104 τὸ
3065 2046 3240 2119 σῶμά
3282 2067 3404 2105 σου
3440 2049 3713 2120 φωτεινόν

2130 2139 2327 2194 ἔσται.
2356 2158 2373 2191 ι
2417 2135 2489 2193 Ὦ
2516 2140 2798 2212 τρισάθλιε
2824 2142 2921 2196 καὶ
2949 2141 3130 2214 πάσης
3159 2143 3396 2214 ἀνομίας
3432 2143 3710 2216 πεπληρω-

2135 2234 2298 2306 μένε·
2333 2236 2384 2289 εί
2412 2234 2660 2307 μαθητὴς
2698 2235 2938 2302 Παύλου,
2973 2234 3050 2299 ὡς
3078 2234 3280 2305 λέγεις,
3314 2235 3602 2306 ὑπάρχεις,
3634 2236 3709 2289 ἵνα

2132 2327 2185 2382 τί
2215 2327 2277 2381 οὑ
2317 2330 2461 2400 μιμῇ
2494 2328 2589 2382 τὸν
2613 2326 2971 2396 διδάσκαλον;
3005 2328 3178 2393 Δὺτδς
3219 2328 3334 2400 γὰρ
3363 2329 3556 2384 ἑαυτὸν
3581 2329 3704 2383 πάν-

2130 2436 2241 2473 των
2272 2419 2563 2491 περίψημα
2612 2419 2822 2487 ἔλεγεν,
2851 2419 3134 2492 ἔκτρωμα,
3168 2422 3263 2476 καὶ
3308 2419 3592 2491 ἐλάχιστον
3612 2418 3708 2473 τῶν

2132 2490 2495 2567 ἀποστόλων
2538 2512 2602 2565 σὺ
2635 2512 2693 2566 δὲ
2723 2490 2963 2566 τοσαῦτα
3003 2512 3211 2583 δράσας
3242 2513 3392 2566 κακά
3434 2490 3530 2566 nui.
3556 2490 3723 2583 unﬁtv’

2132 2603 2340 2671 ἀγαθὸν
2372 2602 2753 2673 κατορθώσας,
2781 2601 2920 2672 ὑπὲρ
2967 2600 3062 2655 τὸν
3099 2602 3395 2671 Φαρισαῖον
3443 2600 3701 2669 μεγαλαυ-

2131 2698 2284 2767 χείς;
2327 2696 2428 2750 οὐκ
2471 2695 2712 2764 ἀνέγνως
2755 2694 2821 2748 τὸ
2868 2696 3078 2764 φάσκον
3116 2693 3320 2762 λόγιον,
3355 2695 3437 2747 ὅτι
3466 2695 3495 2748 ό
3535 2690 3706 2746 ἑαυτὸν

2134 2790 2421 2857 πνιστῶν,
2462 2790 2616 2844 οὑδέν
2672 2792 2842 2856 ἐστιν,
2875 2791 2925 2843 εἰ
2979 2790 3074 2843 καὶ
3114 2789 3291 2861 ἀληθῆ
3328 2789 3521 2859 λέγει;
3561 2789 3703 2851 αὐτὸς

2130 2884 2189 2938 δὲ
2237 2883 2626 2955 ὲσκοτισμένος
2659 2883 2751 2938 τὸν
2776 2882 2904 2937 νοῦν
2949 2883 3168 2945 καὶτὰς
3217 2883 3425 2954 φρένας
3464 2880 3705 2952 ὑπάρχων

2130 2970 2198 3024 δι’
2236 2971 2383 3037 ὅλου,
2422 2970 2541 3035 πῶς
2594 2971 2809 3042 ψευδῶς
2866 2970 3014 3043 [cod.
3048 2970 3088 3025 ί.
3128 2970 3229 3026 107
3278 2970 3362 3044 b.]
3415 2968 3703 3042 λυχνοφανῆ

2133 3060 2340 3131 ἀστέρα
2375 3061 2601 3115 σεαυτὸν
2657 3060 2752 3114 καὶ
2795 3058 3056 3130 λαμπάδα
3106 3058 3338 3129 φαεινὴν
3386 3058 3482 3112 καὶ
3532 3054 3703 3128 ὁδηγὸν

2135 3152 2412 3221 σωτηρίας
2459 3152 2669 3220 ἔλεγες,
2700 3154 2728 3205 ὁ
2766 3150 3038 3214 τοσαύτας
3069 3150 3249 3222 ψυχάς
3287 3149 3599 3214 ἀπολέσας,
3624 3146 3705 3201 καὶ

2130 3243 2406 3314 ὀφθαλμὸν
2469 3243 2567 3297 τοῦ
2612 3242 2866 3315 σώματος
2913 3242 3017 3313 τῆς
3071 3241 3167 3296 τοῦ
3196 3240 3333 3295 Θεοῦ
3378 3238 3702 3309 Ἐκκὶησίας,

2128 3337 2353 3408 ἔκφρων
2400 3338 2493 3391 καὶ
2522 3336 2867 3408 ἐμϐρόντητε
2893 3354 2907 3367 ·
2945 3338 3019 3390 Σὺ
3042 3333 3136 3391 οὖν
3185 3335 3392 3407 τυφλὸς
3440 3334 3701 3406 ὑπάρχων.

2127 3428 2303 3495 ἄθλιε,
2361 3429 2480 3492 πῶς
2539 3429 2723 3493 ἄλλοις
2767 3429 2962 3498 ὀδηγδς
3012 3428 3243 3499 γέγονας
3283 3425 3590 3498 σωτηρίας;
3618 3424 3703 3477 οὐκ

2130 3522 2391 3591 ἀνέγνως,
2440 3522 2523 3575 ὅτι
2580 3521 2812 3591 τυφλὸς
2840 3522 3078 3590 τυφλὸν
3141 3520 3254 3575 ἐὰν
3283 3517 3499 3590 ὁδηγῇ,
3534 3513 3704 3586 ἀμφό·

2128 3631 2287 3684 τεροι
2355 3615 2442 3680 εἰς
2484 3613 2720 3684 ,ϐόθρον
2774 3612 3230 3683 ἐμπεσοῦνται;
3297 3612 3463 3668 ποίαν
3524 3609 3580 3664 δέ
3622 3623 3702 3659 σου

2129 3707 2466 3779 ζηλώσουσιν
2514 3707 2748 3778 ἀρετήν;
2780 3707 2863 3761 ὃτι
2889 3707 3115 3778 κράζεις
3139 3724 3157 3741 ·
3185 3704 3442 3778 Μιμηταί
3499 3720 3597 3775 μου
3629 3700 3703 3768 γί-

2128 3799 2285 3854 νεσθε
2310 3836 2327 3864 ,
2370 3797 2466 3852 καὶ
2524 3799 2778 3867 κρατεῖτε
2833 3798 2934 3861 τὰς
2992 3797 3325 3868 παραδόσεις
3379 3795 3447 3860 ἃς
3485 3790 3703 3864 παρελά-

2130 3888 2255 3942 ϐετε
2307 3887 2438 3956 παρ’
2471 3887 2627 3958 ἐμοῦ.
2663 3886 2792 3940 Ἰδοὺ
2830 3885 3014 3941 τοίνυν
3042 3888 3142 3957 τῆς
3180 3884 3423 3949 πίστεώς
3475 3901 3566 3939 σου
3621 3880 3703 3935 καὶ

2127 3978 2482 4041 διδασκαλίας
2535 3978 2749 4049 καρπὸς
2784 3977 3087 4049 ἐϐλάστησε
3133 3978 3385 4049 μεγάλην
3434 3973 3699 4030 ἀσέϐειαν·

2127 4074 2176 4127 οἱ
2235 4072 2343 4145 γὰρ
2386 4072 2624 4144 μαθηταί
2674 4089 2768 4125 σου
2821 4072 2930 4143 πρὸ
2958 4070 3055 4125 τοῦ
3117 4088 3179 4125 σε
3235 4070 3527 4143 γνωρίσαι,
3583 4064 3703 4137 πρόο

2128 4165 2269 4220 ϐατα
2340 4165 2625 4241 ὑπῆρχον’
2681 4163 2777 4218 νῦν
2844 4163 2905 4218 δὲ
2972 4164 3195 4233 γνόντες
3281 4181 3340 4217 σε
3410 4162 3604 4233 μᾶλλον
3653 4156 3701 4209 δὲ

2129 4255 2469 4329 γνωσθέντες
2505 4256 2611 4311 ὑπὸ
2667 4256 2785 4323 σοῦ,
2844 4258 2924 4321 είς
2954 4257 3127 4329 θῆρας
3176 4254 3590 4327 μετεϐλήθησαν
3618 4251 3700 4305 ἀνι

2131 4350 2557 4424 θρωποϐόρους·
2628 4352 2723 4406 καὶ
2800 4351 2920 4420 μετ’
2985 4350 3145 4419 ὀλίγα
3199 4351 3368 4423 φησίν
3409 4365 3425 4381 ⁸
3498 4343 3703 4412 Μηδεὶς

2127 4442 2286 4513 ὑμᾶς
2342 4442 2704 4513 ἐξαπατήσῃ
2747 4442 2901 4498 κατὰ
2952 4443 3192 4514 μηδένα
3218 4443 3463 4512 τρόπον.
3502 4438 3701 4499 Ταύτας

431 4537 612 4590 diebus
644 4553 806 4607 usque
835 4537 906 4591 ad
946 4535 1132 4592 surculi
1171 4537 1699 4591 consummationem.
1732 4535 1876 4591 Nam
1925 4539 2024 4593 etsi

2130 4536 2198 4590 δὲ
2231 4538 2339 4602 τὰς
2371 4536 2735 4607 ἐπαγγελίας
2777 4534 3027 4606 ἔχοντες
3075 4536 3146 4590 ἐκ
3191 4534 3362 4600 Θεοῦ,
3408 4525 3697 4600 θαρσεῖτεί

430 4645 649 4701 corpore
686 4629 895 4696 absum,
944 4638 1187 4684 attamen
1234 4629 1430 4699 spiritu
1476 4628 1738 4683 vobiscum
1772 4645 1912 4684 sum.
1947 4630 2024 4686 De

2134 4629 2306 4701 ἡμεῖς
2344 4627 2455 4700 γὰρ
2505 4628 2896 4699 πεπεισμένοι
2950 4627 3125 4696 ὄντες
3173 4628 3245 4683 ἐν
3274 4626 3406 4692 ταῖς
3454 4619 3701 4690 καρδίαις

429 4731 638 4788 cwtero,
670 4722 936 4794 gaudete;
968 4729 1017 4775 et
1057 4720 1195 4775 Deus
1230 4721 1377 4789 pacis
1402 4720 1670 4775 vobiscum
1703 4722 1821 4776 erit.

2131 4721 2336 4793 ὑμῶν,
2400 4722 2707 4794 γράφομεν
2746 4722 2921 4794 ὑμῖν
2979 4722 3071 4778 ὅτι
3136 4726 3169 4777 ό
3226 4720 3491 4792 θυρωρὸς
3531 4713 3623 4769 καὶ
3673 4711 3701 4762 ὁ

427 4816 660 4888 ποιμὴν
688 4818 721 4871 ό
752 4816 963 4883 καλὸς,
994 4814 1096 4869 καὶ
1126 4817 1159 4869 ό
1189 4813 1407 4885 όδηγὸς
1456 4812 1565 4868 τοῦ
1606 4815 1885 4884 σώματος
1919 4816 2026 4874 τοῦ
2050 4817 2336 4888 Χριστοῦ,
2394 4817 2494 4871 καὶ
2543 4819 2577 4872 d
2634 4816 2869 4886 λύχνος
2911 4815 3018 4871 τοῦ
3045 4815 3215 4871 οἵκου
3264 4813 3374 4869 τοῦ
3415 4809 3562 4867 Θεοῦ
3603 4801 3701 4875 ἐγώ

426 4912 572 4981 ειμι·
612 4910 713 4963 καὶ
742 4907 872 4979 μεθ’
900 4905 1071 4977 ὑμῶν
1092 4909 1208 4977 ειμι
1243 4905 1450 4972 πάσας
1483 4905 1591 4972 τὰς
1632 4907 1880 4978 ἡμέρας,
1912 4910 2025 4976 ἕως
2049 4909 2159 4981 τῆς
2198 4910 2560 4975 συντελείας
2622 4907 2731 4963 τοῦ
2777 4907 3030 4975 αἰῶνος·
3085 4909 3141 4963 ει
3197 4907 3307 4978 ¹γὰρ
3347 4905 3449 4960 καὶ
3480 4900 3557 4968 τῷ
3594 4897 3698 4953 σώ-

422 5019 567 5073 ματι
616 5002 841 5072 ἄπειμι,
867 4999 1030 5055 ἀλλὰ
1057 4997 1139 5064 τῷ
1171 5000 1468 5070 πνεύματι
1515 5001 1640 5054 σὺν
1684 5000 1827 5071 ὑμῖν
1872 5005 1990 5074 εὶμι
2016 5020 2030 5034 ο
2070 5003 2292 5058 λοιπόν
2342 5002 2601 5073 χαίρετε,
2681 4999 3124 5070 καταρτίζεσθε,
3170 5002 3269 5056 καὶ
3312 5001 3378 5068 ,ό
3426 4997 3568 5063 Θεὸς
3602 4990 3697 5057 τῆς

426 5097 675 5169 εἰρήνης
702 5096 877 5151 ἔσται
893 5096 1025 5166 μεθ’
1058 5095 1246 5166 ὑμῶν.

496 5210 789 5268 XXXVIII.
817 5209 863 5266 Ο
889 5211 1136 5267 veritatis
1166 5209 1363 5277 hostis,
1398 5208 1473 5265 ﬁli
1503 5210 1729 5278 diaboli,
1758 5220 1812 5267 et
1835 5213 2019 5267 omni-

427 5306 607 5363 modae
636 5304 861 5361 malitia:
905 5306 1198 5375 operator!
1246 5303 1523 5374 quomodo
1557 5318 1725 5360 ausus
1764 5312 1851 5361 est
1901 5305 2020 5361 haec

418 5398 635 5470 eloqui,
664 5396 933 5469 aequalem
966 5407 1019 5453 te
1046 5397 1159 5453 Deo
1186 5395 1435 5452 faciens?
1466 5397 1628 5453 Certe
1656 5396 1750 5470 qui
1780 5412 1843 5453 se
1866 5389 2019 5454 exal-

2201 5211 2337 5267 AH'.
2372 5208 2444 5266 Ὦ
2484 5211 2649 5285 ἐχθρὲ
2698 5213 2800 5284 τῆς
2847 5212 3130 5284 ἀληθείας,
3191 5210 3274 5265 υῑὲ
3316 5206 3583 5273 διαϐόλου,
3612 5202 3694 5256 καὶ

2128 5305 2311 5377 πάσης
2340 5304 2692 5378 ῥᾳδιουργίας
2728 5305 2938 5378 ὲργάτα
2963 5321 2977 5336 ο
3011 5304 3131 5368 πῶς
3159 5303 3464 5374 ἐτόλμησας
3492 5294 3691 5351 τοιαῦτα

2124 5398 2599 5469 ἀποφθέγγεσθαι,
2638 5401 2752 5456 ῐσον
2781 5400 2974 5456 ἑαυτὸν
3019 5398 3191 5455 ποιῶν
3233 5397 3312 5470 τῷ
3362 5394 3511 5467 θεῷ;
3540 5392 3566 5447 ὁ
3596 5386 3688 5457 γὰρ

495 5546 545 5579 ’⁸⁷
594 5544 787 5600 Matth.
832 5544 1006 5604 x.2'5.
1085 5544 1130 5576 ‘3
1162 5541 1552 5612 Matth.u,22.
1630 5542 2026 5611 ⁴⁹110οι.ι,1η

2155 5545 2201 5576 ⁸ο
2226 5543 2419 5599 Matth.
2453 5557 2544 5607 xv,
2574 5539 2660 5594 Η.

1713 5681 1953 5739 νΑιιιΑε
2018 5681 2312 5742 LECTION
2322 5681 2425 5740 ES.

478 5824 505 5853 ⁸
535 5814 605 5873 ιι.
635 5815 866 5889 ἔγραφε.
904 5794 983 5888 ’ζα
1020 5813 1086 5870 R.
1119 5814 1296 5887 ἡμῶν.
