3928 6246
287 215 431 280 1291
1238 232 1247 246 ε
1291 186 1297 192 ’
1421 212 1796 276 HISTORIA
1828 205 2443 277 MANICHAEORUM.
2705 194 2710 199 ’
3439 214 3576 280 1293

281 330 439 401 ὑψῶν
466 328 660 385 ἑαυτὸν
682 330 1186 402 ταπεινωθήσεταιο
1216 328 1314 386 καὶ
1344 327 1438 383 τοῦ
1466 328 1615 402 [cod.
1642 329 1680 384 f.
1717 328 1832 385 108.

2032 341 2069 398 t,
2125 331 2543 386 humiliabitur:
2589 338 2664 397 et,
2709 329 3062 402 gloriﬁcantis
3113 328 3374 402 seipsum,
3429 333 3579 388 nulla

281 421 605 486 δοξάζοντος
633 422 825 476 ἑαυτὸν
855 424 890 494 ἡ
915 421 1045 488 δόξα
1082 423 1235 476 οὐδέν
1261 423 1379 474 ὲστι
1401 439 1414 451 ·
1456 421 1551 475 καὶ
1574 421 1603 474 ό
1634 420 1832 491 βλασφτ

2024 423 2158 479 loria
2208 430 2291 479 est
2336 440 2348 477 :
2412 432 2469 478 et
2518 423 2610 493 qui
2667 424 2933 479 adversus
2996 423 3260 495 Spiritum
3325 435 3575 480 sanctum

287 511 410 582 μῶν
435 511 494 565 δὲ
530 514 612 576 εἰς
645 512 709 565 τὸ
757 513 986 583 Πνεῦμα
1014 513 1076 565 τὸ
1127 513 1307 581 ἆγιον,
1353 512 1453 564 οὐκ
1503 510 1619 582 ἔχει
1666 512 1838 579 ἄφεσιπ

2028 513 2355 584 lasphemat,
2401 513 2617 568 veniam
2662 529 2773 567 non
2826 514 3083 585 impetrat
3145 530 3324 586 neque
3373 516 3428 570 in
3475 517 3579 572 hoc

285 604 413 658 οὔτε
463 605 523 658 ἐν
552 602 631 674 τῷ
659 604 756 658 νῦν
799 604 979 669 αἰῶνι,
1015 602 1140 658 οὔτε
1186 607 1246 658 ἐν
1293 604 1372 676 τῷ
1409 605 1688 675 μέλλοντιο
1723 605 1788 658 σὺ
1824 605 1836 658 ἱ

2027 606 2190 662 seculo
2225 620 2403 676 neque
2429 605 2485 659 in
2519 605 2725 661 futuro.
2755 605 2836 661 Tu
2874 607 2960 661 his
2993 607 3250 662 omnibus
3281 608 3454 678 culpis
3475 610 3578 664 ob-

286 697 514 750 πάντων
549 694 758 750 τούτων
782 696 1086 762 ὑπεύθυνος
1113 696 1382 768 ὑπάρχεις
1407 715 1420 728 ·
1460 698 1556 752 καὶ
1591 698 1753 752 πάλιν
1777 714 1837 766 φτ

2030 701 2188 756 oxius
2216 715 2296 755 es.
2329 699 2545 754 Rursus
2574 700 2653 755 ait
2685 697 2947 771 Sergius:
2979 699 3168 755 Adhuc
3193 701 3303 766 aio,
3339 701 3581 755 Corinthi

289 791 377 844 σίν
399 806 415 822 ο
450 791 581 844 Ἔτι
623 788 693 843 δὲ
733 789 909 861 λέγω,
941 790 1057 859 τὴν
1088 790 1158 844 ἑν
1195 791 1461 860 Κορίνθῳ
1515 791 1840 860 Ἐκκλησία

2028 792 2284 847 Γοοίεεὶαηι
2338 791 2542 846 Paulus
2572 792 2876 862 cediﬁcavit,
2898 792 3224 848 Macedonica
3244 791 3496 848 Silvanus
3517 811 3579 848 ac

284 881 648 952 ᾠκοδόμησε
701 884 949 950 Παῦλος
969 899 982 912 ·
1043 882 1162 951 τὴν
1209 883 1278 937 δὲ
1322 883 1736 948 Μακεδονίαν,
1787 886 1832 937 Σ

2023 884 2154 940 'itus.
2171 884 2311 940 Dicit
2325 899 2492 956 porro
2510 883 2880 940 Macedoniam
2899 885 3212 957 synedrium
3236 886 3292 940 in
3313 887 3450 942 urbe
3467 885 3574 958 43

287 975 560 1042 λουανὸς
590 975 690 1029 καὶ
727 975 895 1042 Τῖτος
916 992 930 1006 ο
960 975 1110 1045 λέγει
1138 976 1197 1030 δὲ
1245 976 1610 1040 Μακεδονίαν,
1658 975 1716 1030 τὸ
1764 993 1838 1029 συπ

2030 977 2241 1044 ihossa;
2277 976 2704 1033 Constantinum
2734 993 2865 1033 vero
2897 987 2954 1033 et
2986 977 3324 1042 Simeonem,
3370 977 3581 1033 Silvani

289 1067 470 1139 έδριον
505 1068 569 1120 τὸ
621 1068 701 1130 εἰς
731 1067 1010 1122 Κίὸοσσαν
1039 1086 1051 1099 ·
1110 1071 1204 1124 καὶ
1246 1071 1655 1124 Κωνσταντίνον
1686 1069 1744 1123 δὲ
1794 1089 1840 1123 κε

2035 1071 2203 1142 itique
2228 1071 2546 1127 nominibus
2576 1072 2820 1126 denotat.
2851 1071 3108 1126 Achaiam
3139 1073 3365 1127 erudivit
3403 1071 3581 1126 Timo-

291 1161 570 1231 Σιμεῶνα,
587 1160 874 1215 Σιλουανδν
894 1163 987 1215 καὶ
1010 1162 1168 1216 Τῖτον
1197 1163 1465 1216 ἀποκαλεῖ
1484 1181 1493 1191 ·
1517 1163 1623 1217 Καὶ
1650 1164 1842 1232 Ἀχαΐα

2031 1167 2161 1220 ieus.
2195 1165 2334 1222 Dicit
2364 1181 2496 1221 vero
2525 1167 2787 1222 Achaiam
2819 1181 2918 1236 pro
2948 1166 3217 1222 Mananali
3243 1184 3257 1234 ;
3289 1174 3344 1222 et
3377 1165 3582 1237 Gegne—

290 1255 667 1323 ἁνιστόρησε
693 1254 722 1295 b
755 1256 1060 1324 Τιμόθεος³
1097 1255 1247 1324 λέγει
1289 1257 1346 1310 δὲ
1381 1257 1482 1327 τὴν
1530 1257 1841 1310 Μανάναλιν

2033 1258 2134 1312 ium
2169 1257 2406 1327 appellat
2431 1256 2804 1322 Timotheum,
2839 1273 2966 1312 vere
2995 1258 3037 1312 Τ
3047 1259 3424 1329 hymotheum.
3451 1257 3584 1311 Phi-

235 1340 237 1342 ’
292 1348 390 1401 καὶ
430 1347 526 1400 τὸν
581 1347 891 1414 Γεγνὲσιον,
944 1348 1545 1420 Τιμόθεον’ὀνομὰζει,
1588 1351 1679 1404 τὸν
1721 1349 1786 1402 όν

2037 1351 2306 1421 ppensium
2339 1349 2588 1404 Ecclesia:
2615 1351 2938 1404 ministravit
2981 1350 3400 1420 Epaphroditus.
3445 1348 3588 1402 Dicit

291 1440 369 1493 Θυ
379 1440 593 1511 μόθεον.
620 1439 742 1508 Τὴν
760 1439 882 1494 τῶν
901 1443 1326 1510 Φιλιππησίων
1348 1444 1691 1512 ἐκκλησίαν
1739 1444 1842 1498 ἐλε

2034 1443 2248 1497 idelicet
2287 1443 2535 1513 Spurium
2568 1442 2869 1514 Josephum
2904 1444 3214 1514 caprarium
3254 1443 3430 1510 illum,
3457 1458 3585 1497 vere

296 1534 640 1602 τούρτησεν
669 1534 1102 1603 Ἐπαφρόδιτος
1124 1554 1137 1566 ·
1181 1535 1331 1604 λέγει
1356 1537 1412 1590 δὲ
1434 1536 1524 1589 τὸν
1545 1538 1610 1590 ἐκ
1641 1536 1847 1608 πορνεία

2033 1533 2399 1604 .phronitum;
2431 1532 2814 1602 Philippenses
2837 1532 3080 1603 appellat
3111 1531 3414 1602 discipulos
3445 1532 3584 1601 ejus.

307 1625 510 1696 Ἰωσὴφ
541 1624 634 1678 τὸν
665 1625 912 1691 αἰπόλον,
945 1627 1036 1679 τὸν
1079 1627 1248 1691 ὅντως
1291 1629 1624 1699 ἁφρόνητον·
1668 1629 1762 1682 καὶ
1791 1630 1855 1682 «tu

2037 1624 2421 1687 .aodicensium,
2479 1622 2852 1694 Ephesiorum,
2897 1640 2990 1678 nec
3033 1640 3136 1678 non
3193 1622 3588 1679 Colossensium

294 1715 632 1788 λιππησίους
661 1716 919 1788 ὀνομάζει
951 1720 1077 1784 τοὺς
1109 1719 1358 1790 μαθητὰς
1385 1721 1574 1774 αὐτοῦ.
1600 1720 1720 1788 Τὴν
1737 1726 1845 1776 Λα(

2040 1715 2265 1771 .‘cclesias
2291 1717 2498 1770 edocuit
2529 1718 2801 1787 Tychicus.
2842 1717 3052 1788 Nempe
3081 1717 3440 1787 Colossenses
3459 1717 3591 1770 dicit

291 1809 515 1863 δικέων
544 1811 644 1864 καὶ
682 1811 979 1881 Ἐφεσίων
1016 1813 1375 1880 ἐκκλησίαν,
1421 1813 1507 1868 ἔτι
1540 1812 1608 1867 δὲ
1640 1813 1740 1867 καὶ
1781 1813 1842 1877 τὶ

2034 1818 2305 1880 .rgautas;
2363 1808 2650 1880 Ephesios,
2694 1810 3148 1881 Mopsuestenos;
3194 1811 3585 1875 Laodicenscs,

295 1901 420 1958 τῶν
447 1904 884 1970 Κολασσαέων,
907 1905 1280 1976 ἐμαθήτευσε
1323 1909 1596 1975 Τυχικός.
1649 1907 1758 1960 Καὶ
1787 1907 1846 1958 Κι

2041 1903 2361 1974 ynopoleos,
2395 1903 2590 1958 urbem
2618 1912 2780 1974 atque
2820 1903 3185 1974 provinciam.
3222 1904 3300 1958 De
3349 1903 3438 1959 his
3489 1902 3592 1958 Ec-

296 1996 564 2058 λασσαεῖς
599 1996 696 2066 μὲν
723 1996 876 2066 λέγει
913 1999 1040 2061 τοὺς
1086 1997 1419 2069 Ἀργαούτας
1445 2015 1458 2030 ·
1500 1997 1783 2066 Ἐφεσίους
1811 1997 1847 2050 δί

2044 1993 2180 2050 esiis
2220 1980 2523 2067 generatim
2571 1997 2725 2066 dicit,
2760 2005 2874 2052 tres
2905 2012 3031 2053 esse
3059 2011 3250 2060 unam,
3291 2004 3346 2051 et
3384 1995 3454 2050 ah
3483 2009 3595 2049 uno

295 2088 428 2150 τοὺς
463 2087 522 2139 ὲν
551 2088 947 2161 Μομψουεστίᾳ
965 2105 977 2118 ·
1012 2091 1296 2153 Λαοδικεῖς
1325 2090 1379 2143 δὲ
1423 2090 1548 2154 τοὺς
1573 2089 1846 2144 κατοικοῦπ

2046 2088 2238 2159 ychico
2285 2091 2690 2160 repraesentari.
2746 2089 2938 2146 Viden’
3020 2089 3295 2161 quomodo
3354 2088 3595 2159 seipsum

297 2196 400 2243 τας
433 2179 622 2244 Κύνας
652 2180 753 2252 τὴν
775 2181 868 2234 τοῦ
898 2181 1074 2247 Κυνὸς
1109 2181 1293 2253 χώραν
1313 2199 1324 2212 ·
1364 2183 1716 2252 περὶτούτων
1757 2184 1848 2236 πάι

2046 2179 2258 2234 ‘otrudat
2279 2180 2600 2251 magistrum
2640 2181 2697 2234 in
2725 2179 3049 2235 Antichristi
3073 2179 3347 2250 synedria,
3378 2176 3597 2232 utmul-

297 2288 412 2326 των
442 2271 612 2341 λέγει,
649 2273 732 2326 ὅτι
779 2275 837 2327 αἱ
861 2285 884 2314 ο
924 2279 1069 2347 τρεῖς
1113 2277 1173 2330 ἓν
1213 2279 1342 2340 εἰσι,
1377 2277 1472 2329 καὶ
1518 2277 1608 2346 ὑφ’
1651 2275 1768 2338 ἑνὸς
1804 2293 1848 2328 τι

2049 2271 2296 2327 tudinem
2312 2272 2551 2344 decipiat
2565 2273 3020 2344 appellationibus
3039 2271 3415 2328 Ecclesiarum
3434 2269 3597 2325 Chri-

300 2364 547 2436 Τυχικοῦ
582 2365 900 2436 μηνύονται.
942 2370 1108 2440 Ὁρᾷς
1142 2367 1260 2433 πῶς
1298 2369 1492 2422 ἑαυτὸν
1539 2367 1851 2439 προϐάλλετι

2044 2365 2117 2419 ti?
2173 2367 2391 2420 illarum
2453 2366 2708 2421 videlicet
2760 2366 2984 2436 indigne
3035 2366 3314 2434 stulteque
3372 2365 3595 2418 nomina

305 2455 633 2510 διδάσκαλον
666 2458 747 2522 εἰς
795 2458 864 2512 τὰ
894 2459 990 2513 τοῦ
1051 2461 1420 2532 ’Λντιχρίστου
1471 2462 1764 2532 συνέδρια,
1815 2461 1856 2514 δε

2044 2475 2300 2529 surpans,
2344 2475 2465 2529 quae
2495 2459 2552 2514 in
2594 2458 2840 2529 Apostoli
2867 2457 3116 2528 epistolis
3156 2457 3238 2512 sic
3287 2456 3594 2526 antiquitus

303 2546 410 2616 τὴν
442 2547 657 2602 πολλῶν
678 2549 898 2620 ἀπάτην
927 2551 1068 2605 κατὰ
1098 2553 1196 2622 τὴν
1225 2552 1524 2622 ὀνομασίαν
1556 2553 1665 2605 τῶν
1704 2552 1854 2605 ὲκκλτ

1010 2551 1068 2605 ια
1098 2553 1196 2622 τὴν
1225 2552 1524 2622 ὀνομασίαν
1556 2553 1665 2605 τῶν
1704 2552 1906 2620 ὲκκλη-
2005 2553 2292 2623 appellata:
2318 2552 2561 2607 fuerunt.

304 2639 444 2693 σιῶν
463 2638 558 2693 τοῦ
594 2642 854 2713 Χριστοῦ,
884 2642 994 2696 τῶν
1032 2644 1094 2697 ἐν.
1112 2646 1232 2707 ταῖς
1252 2644 1564 2707 ἐπιστολαῖς
1601 2643 1926 2696 Ἀποστὸλου
1962 2643 2376 2714 ἐμφερομένων,
2407 2641 2814 2714 ὀνοματοθετῶν
2844 2640 3054 2710 ἀλόγως
3078 2639 3104 2680 ἀ
3131 2638 3278 2712 [cod.
3307 2637 3346 2693 ί.
3385 2638 3485 2695 108
3515 2639 3596 2710 b.|

307 2732 408 2784 καὶ
440 2733 560 2786 λίαν
585 2733 834 2806 ἀφρόνως
865 2734 934 2788 τὰ
965 2736 1073 2803 πρὸ
1101 2736 1310 2792 πολλῶν
1331 2738 1540 2809 χρόνων
1561 2739 1660 2801 τὰς
1694 2735 1994 2808 ὀνομασίας
2025 2735 2233 2790 ἑαυτῶν
2267 2736 2623 2808 κληρωθέντα
2649 2753 2662 2801 ;

382 2823 509 2882 ΛΘ¹.
541 2828 754 2898 Φράσον
784 2829 842 2882 δέ
876 2847 987 2899 μοι,
1021 2833 1352 2901 συκοφάντα,
1371 2833 1469 2902 τῆς
1503 2832 1761 2902 ἀληθείας
1780 2848 1904 2884 κατ-

2080 2829 2328 2884 ΧΧΧΙΧ.
2357 2831 2472 2901 Age
2487 2830 2575 2885 dic
2608 2829 3135 2901 mihi,sycophanta,
3161 2828 3408 2883 veritatis
3434 2843 3597 2883 accu—

308 2919 516 2990 ήγορεο
567 2919 781 2985 Παῦλος
810 2921 841 2975 ὁ
873 2922 1172 2988 ἀπόστολος
1225 2926 1333 2978 ἀπὸ
1375 2925 1766 2994 Ἱεροσολύμων
1805 2942 1859 2994 με

2052 2929 2196 2986 itor;
2223 2919 2448 2983 Paulus,
2474 2920 2568 2989 qui
2598 2920 2696 2974 abs
2728 2918 3126 2991 Hierosolymis
3142 2934 3312 2989 usque
3333 2920 3398 2974 ad
3425 2918 3603 2988 Illyri-

309 3027 404 3081 χρι
434 3009 534 3065 τοῦ
579 3010 880 3082 Ἰλλυρικοῦ
918 3014 1010 3066 καὶ
1040 3014 1107 3066 τὰ
1142 3017 1270 3086 περὶ
1300 3015 1486 3086 κύκλῳ
1514 3015 1749 3079 διδάξας,
1786 3011 1860 3066 πᾶ

2051 3029 2137 3067 um
2164 3011 2393 3067 ﬁnitima
2441 3022 2639 3067 cuncta
2667 3012 3242 3080 erudivit,_,quomodo
3279 3012 3452 3066 solam
3495 3012 3602 3066 Co-

313 3100 492 3172 μόνην
521 3101 620 3172 τὴν
652 3103 764 3156 τῶν
796 3103 1102 3175 Κορινθίων
1153 3105 1483 3177 Ἐκκλησίαν
1515 3107 1863 3177 ᾠκοδόμησεν

2059 3105 2341 3160 nthiorum
2367 3103 2665 3159 Ecclesiam
2703 3103 3037 3159 aediﬁcavit?
3075 3102 3141 3158 Et
3170 3103 3215 3158 si
3246 3103 3396 3158 Pauli
3434 3103 3603 3158 disci-

312 3195 426 3247 Kai
457 3197 550 3249 εἰσ
581 3196 794 3251 Παύλου
848 3198 1090 3268 μαθηταὶ
1125 3199 1369 3271 ὑπῆρχον
1399 3201 1450 3253 οἱ
1497 3200 1602 3253 ὑπὸ
1639 3201 1732 3252 σοῦ
1772 3218 1863 3270 μντ

2054 3199 2124 3252 uli
2151 3205 2309 3252 erant
2333 3197 2390 3251 hi
2416 3197 2561 3266 quia
2590 3206 2640 3252 te
2667 3205 3065 3262 memorantur,
3089 3195 3364 3266 quomodo
3394 3195 3462 3249 ab
3489 3196 3605 3266 ipso

315 3285 695 3357 μὀνευθὲντες.
732 3288 849 3352 πῶς
894 3290 1025 3361 παρ’
1065 3289 1232 3344 αὐτοῦ
1285 3290 1661 3362 ἐδιδάχθησαν,
1713 3292 1805 3345 καὶ
1850 3293 1866 3343 ἐ

2056 3291 2253 3347 Istituti
2305 3289 2552 3352 fuerunt,
2598 3303 2782 3358 quove
2823 3289 2879 3342 in
2928 3289 3072 3352 loco,
3121 3287 3214 3357 qui
3257 3287 3607 3358 octingentos

313 3379 468 3451 ποίῳ
489 3381 661 3451 τόπῳ,
694 3383 746 3436 οἱ
778 3383 916 3454 μετὰ
945 3383 1242 3437 ὀκτακόσια
1269 3383 1365 3454 ἐτη
1404 3384 1760 3456 γεννηθέντες
1803 3384 1864 3437 ὑπ

2059 3393 2138 3439 ost
2160 3398 2336 3438 annos
2359 3382 2526 3454 geniti
2562 3382 2824 3436 fuerunt?
2844 3380 2955 3437 Cur
2977 3381 3263 3437 veritatem
3286 3380 3610 3452 oppugnas?

313 3472 522 3543 ἧρχον;
579 3473 704 3538 Πῶς
734 3474 990 3545 πολεμεῖς
1018 3476 1118 3548 τὴν
1147 3474 1443 3547 ἁλήθειαν;
1490 3475 1614 3539 Πῶς
1650 3475 1750 3528 οὐκ
1779 3478 1864 3546 ὲρι

2062 3485 2208 3531 urte
2261 3491 2373 3530 non
2417 3475 2588 3544 pudet
2639 3483 2852 3528 tantum
2894 3473 3158 3543 populum
3199 3472 3608 3528 luditicantibus

317 3565 483 3637 θριᾷς
515 3566 766 3621 τοσοῦτον
804 3567 1152 3638 ἐξαπατήσας
1199 3569 1328 3622 λαὸν
1363 3573 1420 3622 ὲν
1471 3569 1769 3639 ἀπατηλοῖς
1820 3572 1868 3639 pi

2056 3570 2273 3640 tlsisque
2300 3568 2583 3624 vocabulis
2616 3567 2847 3622 fallere?
2883 3567 2996 3622 Cur
3036 3567 3323 3622 hominum
3357 3566 3607 3639 gloriam,

321 3675 456 3730 μασι
487 3661 582 3714 καὶ
610 3659 838 3732 ὀνόμασι
863 3661 1150 3731 ψευδέσιν;
1200 3662 1319 3716 Ἵνα
1366 3662 1418 3716 τί
1463 3661 1758 3732 ἠγάπησας
1817 3661 1872 3730 τὶ

2059 3679 2126 3719 οη
2180 3661 2296 3729 Dei,
2350 3661 2572 3730 diligis?
2615 3668 2781 3730 atque
2827 3660 2896 3714 ab
2942 3660 3200 3714 omnibus
3251 3675 3354 3715 ceu
3405 3658 3610 3713 Christi

316 3751 482 3818 δόξαν
525 3750 636 3805 τῶν
677 3751 1003 3822 ἀνθρώπων,
1057 3753 1153 3806 καὶ
1199 3753 1261 3807 οὐ
1307 3754 1405 3824 τὴν
1454 3754 1548 3808 τοῦ
1580 3754 1715 3808 Θεοῦ
1742 3795 1757 3820 ,
1817 3772 1867 3808 κε

2063 3755 2310 3827 postolus
2359 3753 2529 3824 recipi
2588 3752 2692 3818 vis,
2746 3752 3188 3823 quandoquidem
3244 3753 3312 3807 ad
3372 3752 3610 3807 Leonem

321 3842 664 3914 παρακαλεῖς
709 3843 965 3914 δεχθῆναι
1020 3846 1172 3918 παρὰ
1223 3848 1442 3900 πάντων
1496 3847 1572 3909 ὡς
1619 3848 1872 3900 ἀπόστολι

2061 3849 2408 3904 lontanistam
2438 3846 2511 3901 ita
2543 3845 2762 3907 scribis.
2800 3844 2872 3899 Tu
2909 3861 3032 3900 vero
3066 3845 3159 3898 tibi
3205 3861 3329 3898 cave
3374 3861 3392 3898 :
3437 3845 3612 3897 desine

319 3933 602 4006 Χριστοῦ,
645 3934 823 4002 λέγων
866 3936 1002 4008 πρὸς
1033 3937 1242 3992 Λέοντα
1290 3939 1381 3992 τὸν
1427 3928 1706 3993 Μοντανόν
1747 3940 1859 4011 (59)

2060 3941 2254 3994 :indere
2281 3954 2462 3994 ueram
2489 3937 2673 4006 ﬁdem.
2717 3936 2859 4000 Quid
2905 3935 3046 3988 enim
3091 3937 3154 3988 de
3187 3933 3334 3987 nobis
3365 3942 3611 4003 expostu-

322 4028 410 4082 Σὺ
451 4025 523 4082 δὲ
551 4026 823 4097 τήρησον
867 4030 1131 4084 σεαυτόν
1155 4047 1169 4061 ·
1215 4029 1391 4097 ἔνδος
1424 4033 1487 4084 τὸ
1527 4031 1764 4099 τέμνειν
1802 4031 1873 4099 τὴ

2062 4034 2142 4087 ts?
2174 4032 2318 4086 Num
2361 4046 2455 4100 ego
2495 4043 2814 4099 quemquam
2858 4025 3126 4095 spoliari?
3170 4023 3317 4078 Num
3364 4025 3613 4094 cuiquam

323 4120 545 4191 ἀκλινῆ
583 4121 812 4176 πίστιν.
860 4121 1005 4176 Τίνα
1037 4122 1147 4191 γὰρ
1184 4123 1546 4192 κατηγορίαν
1584 4123 1745 4191 ἔχεις
1789 4139 1874 4176 και

2061 4124 2290 4193 alpando
2320 4125 2502 4193 fucum
2547 4121 2691 4191 feci?
2721 4117 2874 4172 Nihil
2904 4117 3208 4185 hujusmodi
3238 4117 3413 4169 dicere
3446 4125 3611 4184 potes.

325 4213 496 4283 ἡμῶν
516 4229 536 4277 ;
568 4214 664 4280 Μή
683 4231 821 4272 τινα
841 4211 1314 4281 ἐπλεονέκτησα,
1339 4213 1377 4280 ἢ
1398 4212 1876 4281 ὺψηλορρόνησα

2062 4217 2176 4283 luod
2204 4217 2250 4270 si
2286 4215 2447 4269 etiam
2477 4212 2718 4266 dixeris:
2755 4210 3134 4264 Testimonium
3182 4219 3336 4262 tuum
3388 4226 3492 4263 non
3539 4218 3613 4263 est

331 4307 414 4360 Οὐ
441 4305 704 4360 δύνασαι
731 4305 941 4360 εἰπεῖν.
977 4307 1047 4360 Εἰ
1071 4305 1142 4358 δὲ
1177 4304 1275 4359 καὶ
1295 4304 1502 4373 εἴπῃς·
1541 4305 1612 4359 Ἠ
1625 4305 1882 4372 μαρτυρί

2064 4327 2231 4376 erum,
2275 4307 2386 4381 Μ
2412 4324 2446 4360 a
2495 4323 2578 4360 me
2607 4305 2741 4359 absit
2772 4313 2828 4358 ut
2873 4312 2922 4357 te
2970 4303 3171 4357 oderim
3197 4320 3215 4356 :
3253 4304 3360 4356 imo
3405 4320 3518 4367 oro,
3557 4313 3615 4357 ut

325 4414 448 4454 σου
483 4400 594 4453 οὐκ
618 4397 791 4453 ἐστιν
814 4397 1071 4467 ἀληθὴς,
1102 4398 1232 4467 ἐμοὶ
1265 4397 1333 4449 δὲ
1352 4397 1436 4466 μὴ
1481 4397 1714 4465 γένοιτο
1740 4395 1876 4466 mai

2069 4400 2466 4456 uemadmodum
2500 4395 2763 4468 apostolos
2809 4395 3194 4465 prophetasque
3242 4396 3504 4465 recepisti,
3529 4397 3620 4466 qui

327 4492 438 4546 σαί
475 4505 584 4545 σε·
635 4490 797 4546 ἀλλὰ
839 4490 1282 4560 παρακαλέσαι,
1329 4489 1530 4558 ὥσπερ
1558 4489 1743 4555 ἐδέξω
1771 4492 1878 4546 ἀπε

2068 4504 2151 4550 unt
2185 4500 2438 4564 quatuor,
2467 4492 2543 4545 ita
2571 4491 2736 4544 etiam
2769 4496 3008 4559 pastores
3032 4489 3261 4557 recipias
3307 4498 3466 4561 atque
3498 4505 3619 4543 ma-

328 4585 598 4650 στόλους
629 4583 731 4639 καὶ
771 4584 1104 4656 προφήτας,
1144 4585 1203 4638 οἵ
1226 4584 1390 4650 τινές
1438 4585 1556 4638 εισι
1605 4581 1879 4654 τέσσαρει

2064 4591 2238 4656 istros,
2272 4605 2334 4642 ne
2350 4590 2588 4660 ferarum
2614 4585 2799 4656 pra'da
2819 4583 2947 4653 ﬁas.
2967 4583 3110 4638 Alibi
3135 4599 3355 4654 quoque
3385 4581 3570 4638 dixisti
3601 4598 3615 4635 :

329 4677 503 4742 δέξαι
549 4676 654 4731 καὶ
706 4679 996 4748 ποιμένας
1043 4678 1143 4732 καὶ
1192 4675 1635 4743 διδασκάλους,
1690 4679 1791 4732 ἵνα
1843 4697 1880 4745 μ

2069 4682 2213 4736 'rima
2254 4679 2558 4752 fornicatio,
2593 4694 2756 4741 quam
2793 4692 2856 4730 ea:
2883 4675 3090 4730 Adamo
3115 4675 3500 4739 contraximus,
3535 4673 3620 4726 be-

332 4769 702 4840 θηριάλωτος
723 4771 882 4843 γίνῃ.
915 4773 1025 4826 Καὶ
1058 4771 1294 4842 ἀλλαχοῦ
1320 4771 1397 4819 τ’]
1429 4769 1561 4841 ἔφης
1587 4787 1602 4802 ο
1641 4771 1705 4825 Ἡ
1727 4771 1883 4841 πρώτ

2070 4775 2274 4844 eﬁcium
2303 4783 2398 4828 est.
2444 4770 2689 4826 Secunda
2739 4769 2916 4839 major
2951 4769 3238 4841 fornicatio
3280 4777 3375 4832 est,
3409 4766 3472 4819 de
3515 4781 3621 4834 qua

334 4863 587 4931 πορνεία
619 4862 701 4932 ἢν
733 4865 802 4918 ἐκ
829 4863 936 4918 τοῦ
967 4865 1142 4934 Ἀδὰμ
1172 4865 1575 4933 περικείμεθα,
1617 4867 1885 4935 εὐεργεσί

2070 4865 2156 4918 icit
2185 4862 2430 4934 (Paulus)
2455 4862 2500 4894 δ’
2527 4878 2540 4914 :
2574 4880 2591 4913 ι
2627 4860 2730 4926 Qui
2753 4860 3069 4932 fornicatur,
3097 4859 3153 4911 in
3193 4858 3468 4928 proprium
3503 4873 3621 4910 cor-

333 4956 536 5010 ἐστίν·
587 4955 626 5024 ἡ
663 4955 732 5009 δὲ
763 4955 1034 5026 δευτέρα,
1059 4956 1272 5027 μείζων
1293 4966 1314 4993 τ
1339 4956 1588 5025 πορνεία
1615 4956 1768 5011 ἐστὶ.
1795 4973 1884 5027 πει

2072 4975 2127 5012 us
2160 4967 2363 5028 peccat.
2403 4975 2420 5010 ι
2467 4955 2748 5026 Addisque
2783 4953 2972 5010 dicens
3011 4971 3022 5006 :
3063 4953 3171 5006 Nos
3201 4949 3393 5008 Christi
3435 4966 3623 5020 corpus

1807 5033 1820 5106 l

1595 5201 1826 5258 VARI/ﬁ
1885 5202 2286 5260 LECTIONES.

422 5298 451 5338 ι)
582 5299 912 5374 ἀνιστόρισε.
985 5310 1006 5336 ε
1149 5302 1196 5374 io
1230 5300 1420 5374 proci.
1449 5301 1780 5374 quod_aeque
1808 5310 1890 5357 est
1920 5303 2274 5365 mendosum;
2314 5315 2438 5354 nam
2471 5301 2639 5356 codex
2676 5299 2841 5374 habet
2862 5296 3124 5374 al,_quod
3149 5293 3484 5374 refertur‘atl
3514 5302 3623 5374 tres

339 5372 630 5492 prﬁdictas
659 5363 957 5494 ‘ecclesias.
1032 5372 1057 5410 ἀ
1087 5363 1244 5425 (Σοιι.’
1274 5374 1302 5424 ὀ
1335 5363 1526 5440 λόγως.
1583 5370 1646 5425 R.
1681 5363 1708 5425 ὁ
1749 5374 1939 5440 λόγως,
1981 5374 2072 5428 sed
2105 5374 2156 5427 in
2192 5363 2363 5442 marg.
2393 5387 2540 5427 corr.
2620 5383 2642 5409 ι’
2679 5369 2746 5425 R.
2776 5380 2830 5425 et
2860 5363 3072 5439 codfi).
3155 5365 3233 5413 ῖιγ
3268 5363 3333 5419 R.
3366 5365 3619 5433 ἀλλαχοῦ.

345 5450 369 5478 ³
457 5481 468 5492 .
489 5453 545 5495 et
573 5456 656 5495 σοι
683 5482 694 5494 .
733 5444 940 5511 μείςον.

457 5481 468 5492 .
489 5461 545 5495 et
573 5461 694 5495 cou.
733 5461 940 5506 μειςον.

409 5107 453 5138 ⁶¹
479 5106 498 5160 l
520 5106 642 5163 Cor.
667 5125 743 5174 γι,
775 5108 865 5162 18.

1891 5557 2124 5616 NOTAE.

423 5676 531 5748 (59)
573 5677 876 5746 Μυντανὸν,
921 5681 1004 5736 vel
1033 5678 1371 5751 {Montanum
1404 5681 1685 5752 proprium
1721 5694 1941 5750 nomen,
1971 5681 2053 5737 vel
2079 5681 2465 5754 appellativum
2497 5685 2898 5740 montanistam.

372 5838 424 5871 ος.
