3928 6246
388 287 528 354 1293

388 493 464 546 ris
495 491 711 555 Christi.
745 491 802 546 id
842 501 920 546 est
954 490 1164 552 nostris,
1197 496 1401 558 peccat,
1431 487 1558 557 quia
1591 488 1663 542 ad
1694 489 1855 542 aliter
1884 490 1983 543 do-

391 594 566 640 centes
597 585 763 656 pergit
791 600 1039 655 canaeque
1089 582 1342 638 doctrina:
1399 597 1504 635 non
1535 582 1724 636 credit.
1769 581 1872 637 Ain
1900 590 1985 648 tu,

388 677 688 748 impietatis
729 677 1085 748 antesignane
1111 717 1126 743 ,
1161 691 1269 746 quo
1313 683 1474 746 pacto
1520 674 1852 732 beneﬁcium
1902 685 1988 732 est

387 770 680 826 fornicatio
710 770 734 824 ?
761 770 918 840 cujus
948 768 1310 824 fornicantem
1340 766 1520 836 ipsum
1551 776 1677 837 post
1721 782 1836 822 rem
1857 782 1986 839 per-

392 871 570 918 actam
616 862 866 932 paenitet,
901 876 1174 931 quamque
1206 860 1462 915 universa
1524 858 1786 916 divinitus
1813 860 1986 930 inspi-

388 964 510 1010 rata
559 953 840 1024 Scriptura
879 954 1126 1011 damnat.
1170 952 1458 1020 Quomodo
1516 954 1644 1008 item
1687 969 1856 1009 ausus
1902 969 1984 1018 es,

390 1053 622 1116 propter
689 1053 837 1101 tuam
912 1044 1292 1115 stupiditatem
1361 1044 1714 1099 immodicam
1768 1043 1985 1099 Domini

389 1135 560 1189 verba
590 1133 886 1200 inﬁrmare,
918 1135 1012 1205 qui
1049 1137 1132 1191 vel
1165 1136 1255 1189 uni
1288 1135 1512 1189 intuitui
1549 1134 1984 1191 fornicationem

393 1226 668 1297 imputat?
697 1228 826 1282 dum
859 1229 977 1283 ait:
1020 1227 1122 1293 Qui
1161 1230 1393 1282 intuetur
1433 1227 1708 1282 mulierem
1756 1232 1818 1284 ob
1867 1245 1983 1284 eam

393 1320 884 1389 concupiscendam,
925 1321 1047 1392 jam
1086 1320 1237 1376 illaut
1291 1321 1576 1376 mae/talus
1622 1330 1699 1376 est
1747 1321 1815 1375 ⁵³.
1866 1319 1982 1377 Tua

391 1429 528 1468 vero
562 1414 727 1469 verba
761 1413 1182 1470 fornicationem
1208 1415 1513 1469 metiuntur
1547 1428 1614 1468 ex
1641 1427 1781 1467 vana
1806 1412 1986 1468 homi-

391 1521 526 1560 num
555 1507 750 1576 gloria,
788 1523 988 1578 nempe
1019 1516 1079 1562 ut
1101 1509 1166 1562 ad
1197 1515 1249 1562 te
1279 1506 1529 1577 pellicias
1568 1505 1782 1561 servilis
1810 1514 1866 1561 et
1903 1507 1986 1560 lu-

391 1600 600 1656 xuriosi
630 1601 801 1656 animi
821 1602 1091 1666 asseclas;
1132 1601 1366 1670 ideoque
1385 1600 1488 1665 ais,
1514 1599 1656 1653 nihil
1688 1599 1836 1654 aliud
1865 1613 1987 1654 esse

391 1691 837 1759 fornicationem,
868 1692 969 1747 nisi
1005 1702 1106 1747 ate
1130 1693 1451 1748 discessum.
1497 1689 1733 1746 Cuina'm
1757 1691 1989 1745 creden~

1741 281 1975 343 PETRI
2016 283 2268 345 SICULI

391 417 616 468 sumus;
644 403 690 458 si
717 402 834 474 quis
868 408 1048 456 autem
1079 396 1277 454 recedit
1305 412 1340 450 a
1379 395 1754 451 traditionibus
1794 411 1988 466 corpo-

2098 392 2170 468 ἧς
2225 397 2388 467 ,λέγει
2420 398 2463 429 ³⁸
2494 413 2507 426 ·

3533 280 3657 346 1300

2576 395 2639 450 Ὀ
2685 396 2994 466 πορνεύων
3040 398 3128 462 εις
3192 398 3260 452 τὸ
3309 400 3463 455 ἴδιον
3505 397 3662 466 σῶμα

2088 489 2430 560 ἁμαρτάνει.
2471 489 2731 560 Ἐπάγεις
2775 489 2950 558 λέγων
2975 505 2988 518 ·
3045 490 3236 558 Ἡμεῖς
3276 493 3464 564 ἐσμεν
3502 491 3662 561 σῶμα

2089 581 2385 650 Χριστοῦ·
2434 581 2491 636 et
2521 599 2614 649 τις
2654 581 2724 635 δὲ
2751 582 3076 651 ἀφίσταται
3122 583 3242 639 τῶν
3289 585 3666 654 παραδόσεων

2092 675 2240 748 [cod.
2272 676 2312 730 ί.
2348 674 2472 748 109]
2512 675 2621 730 τοῦ
2649 674 2928 745 σώματος
2949 675 3058 731 τοῦ
3092 677 3370 746 Χριστοῦ,
3404 675 3664 732 τουτέστι

2090 771 2211 825 τῶν
2238 770 2417 841 ἐμῶν,
2457 768 2784 840 ἁμαρτάνει
2813 784 2830 800 ο
2875 769 2966 824 ὅτι
3009 769 3364 840 προστρέχει
3407 769 3530 835 τοῖς
3553 770 3668 824 ers-

2083 863 2628 933 ροδιδασκαλοῦσι,
2659 863 2760 918 καί
2791 863 3028 920 ἀπειθεῖ
3048 863 3177 930 τοῖς
3205 863 3546 934 ὑγιαίνουσι
3572 863 3666 916 λό-

2084 973 2235 1027 γοις.
2275 956 2411 1010 Εἰπὲ
2443 958 2531 1022 σὺ,
2560 957 2660 1026 τῆς
2684 956 2940 1022 ἀσεϐείας
2975 957 3276 1027 προστάτα,
3309 955 3425 1018 πῶς
3459 955 3601 1007 ἐστιν
3633 956 3664 1025 ἡ

2084 1051 2309 1124 πορνεία
2349 1052 2636 1123 εὐεργεσία
2657 1051 2753 1118 ;Ἠ
2785 1053 2880 1106 καὶ
2910 1051 3042 1123 παρ’
3071 1048 3234 1106 αὐτοῦ
3272 1049 3366 1103 τοῦ
3387 1047 3664 1119 πορνεύον-

2082 1161 2176 1207 τος
2229 1144 2371 1214 μετά
2420 1145 2521 1215 τὴν
2573 1143 2776 1216 πρᾶξιν
2806 1141 3351 1213 καταγινωσκομένη,
3399 1141 3491 1194 καὶ
3525 1141 3665 1210 παρά

2085 1235 2268 1306 πάσης
2303 1234 2664 1289 θεοπνεύστου
2692 1236 2915 1306 Γραφῆς
2946 1233 3350 1305 ἐξουθενημένη
3371 1243 3429 1296 ος
3475 1230 3585 1294 πῶς
3615 1231 3666 1284 δὲ

2088 1328 2393 1399 ἐτόλμησας
2422 1329 2490 1384 τὰ
2522 1329 2829 1384 Δεσποτικά
2872 1327 3156 1400 ἀκυρῶσαι
3199 1327 3425 1397 ῥήματα
3462 1321 3548 1376 διά
3579 1320 3668 1392 τὴν

2091 1421 2192 1492 σὴν
2233 1419 2533 1475 ἀκόλαστον
2565 1420 2966 1491 ἀναλγὴσίανῑ»,
3012 1419 3082 1473 τὰ
3115 1417 3277 1490 μέχρι
3314 1414 3410 1469 καὶ
3439 1413 3668 1486 παρορά-

2095 1531 2266 1585 ματος
2299 1514 2399 1586 τὴν
2446 1513 2695 1585 μοιχείαν
2739 1513 3039 1586 δηλοῦντας
3082 1515 3140 1566 ὲν
3177 1506 3260 1575 οἷς
3305 1528 3470 1580 φησιν
3486 1511 3562 1544 ⁵¹ο
3613 1508 3669 1560 '0

2091 1601 2401 1672 ἐμϐλέψας
2448 1603 2687 1674 γυναικί
2730 1602 2877 1672 πρὸς
2932 1602 3000 1656 τὸ
3051 1599 3424 1672 ἐπιθυμῆσαι
3469 1597 3664 1666 αὐτὴν,

2098 1714 2154 1750 κ.
2182 1714 2232 1752 τ.
2271 1697 2322 1750 λ.
2358 1697 2440 1751 Τά
2471 1698 2529 1752 δὲ
2577 1698 2645 1752 σά
2684 1697 2932 1769 κυρῶσαι
2969 1695 3214 1768 ῥήματα,
3249 1693 3340 1747 διὰ
3383 1693 3482 1763 τὴν
3523 1690 3670 1762 κενὴν

398 1785 529 1840 dum
586 1795 671 1841 est
701 1786 724 1840 ?
761 1787 1081 1841 veritatisnc
1116 1786 1357 1852 oraculo,
1396 1801 1465 1840 an
1499 1784 1779 1855 deceptori
1821 1784 1916 1842 tibi
1941 1794 1989 1839 et

2098 1787 2206 1842 τῶν
2231 1787 2537 1860 ἀνθρώπων
2581 1788 2762 1855 δόξαν,
2813 1790 2906 1842 καὶ
2951 1787 3040 1841 διὰ
3080 1787 3142 1840 τὸ
3182 1783 3522 1840 ἐπισπᾶσθαι
3550 1783 3670 1855 πρὸς

391 1879 644 1933 veritatis
673 1878 931 1934 inimico?

2095 1882 2324 1934 σεαυτὸν
2356 1881 2486 1944 τοὺς
2524 1879 2955 1950 ἀνδραποδώδεις
2974 1880 3070 1933 καὶ
3091 1877 3449 1943 ἀκολάστους,
3491 1876 3670 1945 λέγων,

398 1972 474 2043 μὴ
504 1967 644 2025 εἷναι
691 1973 860 2043 ἄλλην
891 1973 1170 2044 πορνείαν,
1223 1974 1272 2026 εἰ
1323 1973 1398 2044 μὴ
1445 1975 1546 2044 τὴν
1569 1973 1657 2046 {tu
1714 1977 1810 2028 σοῦ
1855 1975 2172 2046 ἀποφυγήν.
2201 1977 2321 2030 Τίνι
2386 1975 2738 2043 πιστευτέον;
2767 1977 2878 2038 τοῖς
2935 1973 3041 2027 ὑπὸ
3100 1971 3202 2042 τῆς
3255 1969 3514 2042 ἀληθείας
3539 1969 3672 2038 λεγο-

399 2067 620 2138 μένοις,
671 2067 748 2138 ἢο
786 2070 900 2132 τοῖς
938 2068 1044 2120 ὑπὸ
1075 2066 1170 2120 σοῦ
1203 2066 1297 2120 τοῦ
1345 2067 1551 2121 πλάνου
1600 2070 1694 2121 καὶ
1724 2066 1825 2137 τῆς
1858 2065 2116 2136 ἀληθείας
2141 2066 2378 2138 ἐχθροῦ;
3378 2065 3386 2072 ’
3665 2061 3680 2068 ”

467 2159 582 2213 XL.
621 2157 732 2214 llas
772 2159 838 2215 de
885 2175 1114 2215 numero
1147 2159 1612 2229 blasphemiarum
1640 2199 1655 2225 ,
1700 2161 1770 2213 oh
1818 2158 1991 2228 Sergii

395 2251 906 2322 discipulorumque
962 2253 1084 2323 ejus
1129 2252 1562 2324 coargutionem,
1619 2252 1852 2307 selectas
1904 2251 1993 2305 hic

395 2345 772 2414 exposuimus,
800 2354 858 2399 ut
880 2361 1107 2415 pravum
1129 2345 1313 2401 cordis
1342 2345 1462 2414 ejus
1506 2345 1824 2398 thesaurum
1853 2359 1992 2414 panv

399 2438 662 2492 derelnus
683 2455 696 2492 :
719 2438 928 2491 Etenim
960 2455 1024 2492 ea:
1049 2438 1378 2493 abundantia
1399 2438 1570 2494 cordis
1588 2455 1644 2491 os
1667 2437 1898 2504 loquitur
1921 2437 1989 2490 ⁸³.

394 2530 670 2585 Caeterum
705 2544 871 2584 nemo
910 2531 1207 2585 arbitretur
1251 2530 1424 2601 Sergii
1474 2529 1728 2585 haeresim
1786 2530 1858 2584 ab
1903 2531 1990 2584 illa

395 2622 632 2678 Manetis
663 2620 886 2678 differre
917 2641 928 2676 :
959 2638 1070 2677 una
1096 2624 1246 2677 enim
1271 2623 1574 2693 eademque
1590 2619 1706 2677 est.
1735 2622 1875 2677 Cum
1896 2637 1993 2676 au—

395 2725 509 2770 tem
536 2715 771 2770 docendi
802 2715 1019 2770 initium
1072 2715 1160 2770 hic
1188 2715 1413 2787 Sergius
1449 2716 1599 2781 fecit,
1638 2731 1747 2786 quo
1789 2715 1994 2771 multos

395 2808 808 2862 nancisceretur
832 2808 1154 2878 discipulos,
1187 2823 1552 2879 magnumque
1593 2824 1884 2862 numerum
1922 2808 1992 2861 ab

395 2899 642 2954 Ecclesia
667 2899 870 2955 Christi
901 2908 1023 2970 post
1057 2915 1117 2955 se
1149 2900 1514 2963 abstraheret,
1542 2900 1626 2955 his
1663 2910 1852 2970 terque
1883 2899 1988 2954 Ba-

397 2990 528 3044 hani
594 2989 740 3060 turpi
786 2988 1055 3059 discipulo
1091 3004 1156 3044 ac
1206 2997 1515 3061 symmystae
1555 3003 1656 3043 suo
1700 2987 1755 3042 in
1796 2987 1990 3042 faciem

398 3083 621 3148 restitit,
656 3083 1025 3153 pietatemque
1054 3082 1318 3138 simulans
1348 3081 1513 3151 οωρίι
1538 3097 1663 3135 eum
1689 3079 1989 3150 reprehen-

397 3177 550 3242 dere,
574 3175 792 3231 cunctis
819 3177 1194 3240 audientibus,
1223 3173 1362 3229 haud
1391 3173 1611 3244 quidem
1635 3171 1744 3244 45
1773 3172 1844 3227 οὶ)
1868 3172 1990 3226 fidei

395 3272 691 3334 rationem,
712 3269 811 3324 sed
830 3271 901 3325 ob
921 3269 1191 3324 scelerum
1214 3268 1635 3322 immanitatem.
1655 3264 1755 3320 Cui
1772 3280 1993 3335 respon-

398 3362 480 3418 dit
505 3361 758 3418 Bahanes
789 3381 801 3417 :
827 3361 909 3416 Tu
945 3355 1168 3432 quidem
1199 3375 1399 3429 nuper,
1446 3358 1626 3427 Sergi,
1655 3366 1883 3414 exortus
1907 3372 1989 3420 es,

397 3453 789 3523 neminemque
807 3452 1193 3524 magistrorum
1217 3459 1534 3504 nostrorum
1565 3449 1730 3512 nosti,
1757 3456 1992 3502 autcum

397 3546 534 3616 ipsis
560 3556 808 3602 versatus
839 3561 919 3601 es.
954 3547 1025 3600 At
1048 3560 1147 3616 ego
1168 3543 1378 3599 domini
1412 3542 1771 3614 Epaphroditi
1812 3543 1992 3596 alum-

396 3655 505 3693 nus
533 3639 638 3705 fui;
670 3648 724 3693 et
751 3636 1218 3708 quemadmodum
1245 3635 1335 3688 ille
1363 3635 1434 3688 ah
1458 3633 1616 3688 initio
1643 3648 1730 3688 me
1765 3632 1989 3698 erudiit,

399 3732 473 3786 ita
508 3733 700 3787 doceo.
744 3731 968 3801 Sergius
1037 3739 1220 3784 autem
1267 3728 1496 3783 fetidum
1541 3743 1786 3790 eranum,
1833 3725 1993 3796 cujus

401 3826 491 3880 ille
521 3826 778 3896 magister
797 3835 934 3888 erat,
962 3822 1332 3884 stomachans,
1361 3836 1654 3891 coramque
1675 3821 1990 3889 objurgans.

401 3918 653 3972 bifariam
683 3918 934 3974 hmresim
966 3917 1147 3972 scidit.
1177 3916 1280 3982 Qui
1315 3932 1439 3972 cum
1465 3915 1556 3970 illo
1585 3916 1771 3985 itaque
1801 3929 1991 3986 perse-

406 4022 722 4079 vaverunt,
779 4011 1080 4083 appellavit
1143 4011 1427 4076 Baniotas;
1503 4009 1858 4079 vicissimque
1905 4008 1994 4062 ille

403 4107 574 4178 Sergii
606 4107 904 4178 discipulos
927 4107 1145 4162 dicebat
1176 4107 1471 4178 Sergiolus.
1495 4104 1625 4160 Post
1656 4104 1832 4176 Sergii
1861 4119 1994 4159 vero

403 4201 613 4256 obitum
639 4244 652 4268 ,
700 4200 1014 4270 ignominia:
1055 4210 1110 4254 et
1150 4200 1551 4260 conviciorum,
1593 4198 1793 4268 quibus
1832 4196 1994 4275 undi.-

2169 2158 2262 2216 M'.
2305 2159 2495 2215 Ταῦτα
2519 2158 2700 2212 τοίνυν
2732 2161 2798 2212 ὲκ
2831 2157 2942 2212 τῶν
2970 2154 3335 2228 βλασφημιῶν
3373 2154 3528 2220 ὀλίγα
3562 2155 3671 2209 συλ-

2097 2253 2351 2319 λέξαντες
2383 2252 2521 2323 πρδς
2548 2251 2770 2320 ἔλεγχον
2799 2248 2988 2313 αὐτοῦ,
3035 2248 3130 2302 καὶ
3175 2245 3285 2300 τῶν
3316 2246 3483 2301 αὐτοῦ
3513 2246 3672 2317 μαθη-

2106 2344 2238 2406 τῶν,
2272 2343 2506 2398 ἐνταῦθα
2539 2340 2892 2414 παρεθέμεθα
2937 2342 3018 2404 εἰς
3063 2340 3290 2407 ἔνδειξιν
3321 2339 3419 2393 τοῦ
3455 2339 3671 2408 πονηροῦ

2104 2435 2382 2507 θησαυροῦ
2427 2434 2526 2504 τῆς
2557 2434 2788 2506 καρδίας
2821 2431 2987 2486 αὐτοῦ
3010 2449 3026 2466 ο
3067 2432 3169 2488 Ἐκ
3198 2430 3312 2502 γὰρ
3343 2430 3451 2486 τοῦ
3485 2445 3671 2498 περισ-

2099 2529 2422 2598 σεύματος,
2471 2527 2626 2599 φησι,
2650 2525 2761 2596 τῆς
2797 2525 3068 2595 καρδίας,
3105 2525 3172 2579 τὸ
3193 2525 3392 2594 στόμα
3421 2521 3593 2578 λαλεῖ
3612 2523 3669 2580 ⁸³.

2115 2620 2278 2675 Ἀλλά
2333 2620 2520 2691 μηδεὶς
2563 2618 2761 2673 οἰέσθω
2821 2617 3015 2689 ἑτέραν
3056 2617 3269 2689 αἵρεσιν
3317 2612 3458 2670 εἶναι
3491 2614 3553 2686 ἣν
3579 2613 3672 2666 ἐδί-

2098 2715 2258 2783 δαξεν
2283 2715 2530 2786 Σέργιος,
2581 2714 2678 2768 καὶ
2716 2714 2913 2784 ἑτέραν
2945 2712 3041 2767 τοῦ
3079 2711 3363 2774 Μάνεντος
3384 2726 3399 2741 ·
3459 2709 3551 2780 μία
3578 2707 3673 2777 γάρ

2094 2807 2211 2859 ἐστι
2243 2805 2337 2858 καὶ
2365 2806 2397 2874 ἡ
2429 2805 2566 2875 αὐτή
2589 2821 2603 2836 ο
2635 2804 2800 2875 ἡνίκα
2823 2803 2883 2857 δὲ
2912 2802 3059 2876 [cod.
3085 2802 3124 2857 f.
3162 2800 3265 2857 109
3285 2799 3586 2872 1).]ήρξατο
3609 2798 3674 2850 δι-

2093 2895 2252 2962 δάξαι
2299 2889 2455 2960 οὗτος
2504 2898 2532 2949 ὁ
2589 2896 2837 2966 Σέργιος,
2891 2895 3062 2951 θέλων
3105 2892 3434 2957 ἐπισυνάξαι
3467 2891 3674 2952 πολλοὺς

2105 2988 2354 3061 μαθητὰς
2401 2989 2495 3042 καὶ
2544 2988 2864 3042 ἀποσπάσαι
2913 2986 3014 3057 τῆς
3070 2985 3404 3057 Ἐκκλησίας
3455 2980 3672 3054 Χριστοῦ

2097 3081 2200 3136 οὐκ
2233 3081 2450 3150 ὀλίγους
2480 3080 2657 3134 ὀπίσω
2684 3079 2872 3145 αὐτοῦ,
2907 3079 3107 3142 δισσῶς
3163 3079 3260 3132 καὶ
3292 3075 3529 3150 τρισσῶς
3557 3076 3672 3129 ἀντ-

2095 3178 2226 3248 έστη
2257 3176 2398 3230 κατά
2431 3176 2724 3248 πρόσωπον
2768 3173 2952 3248 Βαάνῃ
2981 3173 3062 3243 τῷ
3089 3169 3326 3243 ῥυπαρῷ
3371 3169 3580 3241 μαθητῇ
3605 3166 3674 3235 τῷ

2094 3269 2192 3324 καὶ
2222 3270 2518 3344 συμμύστῃ
2553 3267 2751 3322 αὐτοῦ·
2799 3267 2896 3322 καὶ
2923 3266 3212 3320 εὐλάϐειαν
3239 3261 3670 3335 ὑποκρινόμενος,

2094 3361 2299 3431 ἤρξατο
2347 3361 2593 3431 ἐλέγχειν
2626 3359 2792 3414 αὐτὸν
2837 3359 2920 3423 είς
2959 3358 3200 3429 ὑπήκοον
3233 3357 3479 3419 πάντων,
3511 3353 3570 3406 οὐ
3598 3352 3674 3404 διὰ

2095 3457 2302 3521 πίστιν,
2351 3453 2491 3510 ἀλλά
2521 3453 2610 3508 διὰ
2640 3452 2740 3525 τὴν
2787 3451 3021 3507 ἀτοπίαν
3055 3450 3167 3504 τῶν
3212 3449 3491 3520 ἀθεμίτων
3521 3443 3672 3500 αὐτοῦ

2096 3548 2370 3619 πράξεων.
2410 3547 2469 3600 '0
2499 3547 2554 3600 δὲ
2577 3546 2794 3616 Βαάνης
2822 3545 2958 3614 φησι
2986 3543 3124 3614 πρὸς
3156 3541 3323 3597 αὐτόν
3345 3556 3358 3571 ⁸
3393 3541 3468 3594 Σὺ
3495 3535 3674 3592 νεωστὶ

2095 3639 2433 3710 κατεφάνης,
2465 3640 2560 3692 καὶ
2591 3637 2782 3692 οὐδένα
2812 3635 2921 3691 τῶν
2955 3632 3299 3690 διδασκάλων
3330 3630 3491 3704 ἡμῶν
3523 3626 3673 3698 ἐώρα-

2096 3729 2258 3797 καςά,
2307 3732 2342 3803 ἦ
2383 3730 2873 3802 συμπαρέμειναςο
2919 3727 3030 3795 ἐγὼ
3063 3726 3120 3780 δὲ
3162 3725 3258 3779 τοῦ
3326 3723 3515 3795 κυρίου
3555 3720 3671 3773 Ἐπ-

2096 3824 2386 3896 αφροδίτου
2406 3824 2655 3894 μαθητὴς
2671 3823 2901 3893 ὑπάρχω
2914 3838 2929 3856 ·
2951 3821 3045 3875 καὶ
3062 3817 3243 3882 καθὼς
3266 3813 3580 3890 παρέδωκέν
3597 3828 3674 3882 μοι

2097 3919 2190 3972 ἀπ’
2205 3918 2399 3989 ἀρχῆς,
2413 3917 2586 3980 οὕτως
2604 3917 2701 3970 καὶ
2719 3915 2974 3971 διδάσκω·
2995 3916 3022 3967 ὁ
3039 3914 3096 3967 δὲ
3112 3913 3359 3984 Σέργιος,
3375 3908 3464 3964 διὰ
3476 3907 3562 3961 τὸν
3573 3905 3676 3958 δύος

2096 4011 2204 4082 ώδη
2232 4010 2489 4082 βόρϐορον
2510 4009 2569 4063 ὃν
2599 4006 3277 4078 ὲδίδασκε,’βδελυξάμενος
3303 4003 3396 4057 καὶ
3425 4004 3505 4066 είς
3523 3997 3674 4070 πρόσ-

2096 4121 2244 4158 ωπον
2265 4101 2634 4174 καταισχύνας
2653 4098 3044 4170 αὐτδνλέσχισε
3066 4109 3090 4136 ο
3107 4096 3206 4168 τὴν
3226 4097 3442 4170 αἵρεσιν
3461 4096 3537 4156 εἰς
3559 4089 3644 4144 δύο
3658 4103 3671 4118 ·

2097 4197 2222 4261 τοὺς
2247 4197 2303 4250 δὲ
2335 4194 2896 4266 συμπαραμείναντας
2941 4191 3111 4262 αὐτῷ,
3137 4189 3365 4243 ἐκάλεσε
3392 4184 3670 4244 Bamb“;

405 4309 510 4361 quo
555 4293 931 4360 pulsabanlur,
980 4292 1349 4362 impatientes,
1396 4291 1652 4346 Baniolas
1707 4298 1989 4359 cmperunl

2098 4291 2382 4351 κάκεῖνος,
2431 4287 2741 4358 Σεργιώτας
2773 4285 2902 4350 τοὺς
2959 4283 3208 4355 μαθητὰς
3251 4281 3505 4351 ὠνόμασε
3554 4277 3672 4344 Σερ-

406 4385 680 4450 occidere,
720 4394 778 4439 ut
809 4385 1087 4439 infamiam
1138 4386 1414 4455 prOpriam
1456 4385 1728 4440 eluerent.
1760 4383 1989 4450 Quidam

2101 4383 2243 4453 γίου.
2290 4383 2444 4435 Μετά
2470 4381 2526 4433 δὲ
2567 4379 2658 4434 τὸν
2691 4379 2920 4433 θάνατον
2952 4377 3205 4447 Σεργίου,
3241 4374 3317 4445 μὴ
3349 4371 3598 4443 φέροντες
3630 4364 3675 4417 οἱ

408 4497 542 4536 vero
567 4481 904 4545 Theodotus,
929 4482 1099 4551 Sergii
1121 4482 1590 4552 cmnperegrinns,
1621 4480 1733 4534 ait:
1763 4479 1984 4534 Nullum

2100 4475 2280 4530 αὐτοῦ.
2304 4473 2546 4546 μαθηταὶ
2589 4473 2802 4527 ἑαυτῶν
2845 4471 2947 4542 τὴν
2993 4468 3256 4541 αἰσχύνην
3292 4466 3385 4520 καὶ
3429 4464 3518 4517 τὸν
3547 4462 3673 4515 ὀνει-

407 4576 567 4629 vohis
609 4591 732 4628 cum
781 4576 864 4629 his
904 4574 1222 4629 hominibus
1257 4574 1545 4628 dissidium
1593 4572 1702 4638 sit;
1749 4571 1989 4627 universi

2099 4569 2311 4639 δισμδν,
2357 4568 2416 4621 ὃν
2460 4566 2610 4640 παρὰ
2642 4565 2859 4619 πάντων
2891 4561 3251 4627 ὠνειδίζοντο,
3284 4557 3516 4631 ἤρξαντο
3548 4553 3670 4605 am-

409 4669 580 4735 enim,
616 4685 788 4739 usque
817 4670 880 4724 ad
912 4670 1154 4742 magistri
1188 4668 1362 4725 nostri
1386 4667 1989 4737 apparitionem,unam

2103 4660 2382 4716 κτέννεινΐ
2418 4661 2545 4724 τούς
2577 4658 2876 4722 Βανιώτας,
2904 4657 3052 4718 ὅπως
3084 4651 3442 4723 ἐξαλείψωσιν
3469 4646 3526 4712 ἐξ
3557 4646 3672 4742 ἑαυ-

410 4732 575 4815 tidem
610 4732 905 4816 tenuimus.
960 4732 1136 4831 Atque
1183 4761 1255 4816 ita
1305 4760 1373 4814 ab
1416 4732 1722 4813 occidendo
1766 4756 1989 4812 destite;

2104 4754 2211 4809 τῶν
2239 4755 2328 4807 τὶν
2366 4752 2670 4823 ὀνειδισμὸν
2704 4749 2885 4804 αὐτῶν
2907 4766 2920 4782 ·
2966 4741 3046 4809 εἷς
3085 4747 3144 4801 δέ
3169 4762 3256 4809 τις
3290 4741 3539 4802 Θεόδοτος
3566 4732 3672 4788 ὀνό-

409 4861 556 4907 ΙῚιιιῑ.
1050 4827 1062 4831 -
2111 4864 2260 4918 ματι,
2294 4849 2322 4899 ὁ
2354 4845 2690 4916 συνέκδημος
2724 4840 2976 4914 Σεργίου,
3009 4837 3191 4908 λέγει·
3227 4835 3411 4906 Μηδὲν
3443 4833 3564 4902 ὑμῖν
3592 4827 3673 4880 καὶ

408 4949 522 5008 τοῖς
552 4944 860 5017 ἀνθρώποις
904 4946 1115 5009 τούτοις
1148 4962 1162 4977 ο
1221 4945 1421 5007 πάντες
1464 4944 1572 5016 γὰρ
1628 4943 1822 5015 μέχρις
1867 4940 2191 5007 ἀναδείξεως
2254 4942 2347 4995 τοι]
2397 4938 2718 4994 διδασκάλου
2761 4934 2919 5007 ἡμῶν
2994 4935 3124 5006 μίαν
3181 4933 3363 4986 πίστιν
3425 4930 3671 4997 εἴχομεν·

411 5040 505 5092 καὶ
533 5039 708 5102 οὕτως
735 5040 828 5093 τοῦ
862 5038 1108 5108 φονεύειν
1140 5038 1468 5093 ἐπαύσαντο.

2177 5148 2312 5204 ΜΝ.
2372 5149 2518 5200 Ἰδὼν
2579 5149 2635 5202 δὲ
2689 5147 2908 5216 Μιχαὴλ
2963 5147 2990 5198 ὁ
3044 5143 3276 5215 εὐσεϐὴς
3326 5139 3588 5211 βασιλεὺς,
3645 5130 3671 5182 ὃ

2121 5242 2347 5305 Ἀϐουίς
2373 5245 2418 5306 ε,
2458 5240 2604 5312 [cod.
2633 5240 2672 5297 Γ,
2708 5238 2827 5309 HO]
2865 5240 2957 5292 καὶ
2987 5239 3140 5292 Λέων
3182 5240 3210 5290 ὁ
3257 5237 3372 5308 μετ’
3407 5233 3560 5288 αὐτδν
3588 5231 3671 5300 βα-

489 5155 621 5210 Χιιι.
661 5156 966 5228 Religiosus
993 5171 1124 5210 vero
1165 5155 1463 5226 imperator
1504 5153 1752 5222 Michael,
1790 5169 1990 5226 cogno-

343 5319 351 5330 .
415 5257 602 5302 mento
630 5248 815 5303 Abuas
849 5247 1243 5320 (llhangahes),
1271 5254 1327 5302 et
1357 5246 1467 5302 Leo
1487 5257 1608 5318 post
1647 5247 1846 5317 ipsum,
1872 5262 1995 5302 cum

489 5408 535 5437 δ’
557 5405 751 5461 Matth.
773 5424 825 5474 v,
845 5405 936 5461 28.
1015 5406 1060 5438 ⁵³
1082 5407 1271 5463 lllatth.
1317 5424 1414 5468 xu.
1448 5408 1536 5462 5i.

789 5501 792 5504 ’
1699 5539 1939 5596 vanae
1966 5538 2372 5595 LECTIONES.

3491 5695 3513 5734 ι]
3538 5689 3657 5748 Cod.

422 5683 477 5779 *Α
506 5720 528 5744 ιι
570 5707 633 5759 Β.
683 5717 736 5779 et
785 5709 907 5762 cod.
936 5707 1210 5779 ὲξουθένη.

1295 5712 1320 5748 ι)
1359 5710 1427 5762 ha
1459 5709 1579 5761 cod.
1615 5707 1718 5761 Sed
1754 5708 1910 5761 valde
1945 5708 2196 5777 suspicor
2225 5707 2625 5761 einemlamlum
2651 5720 2771 5761 esse
2804 5705 3111 5777 ἀσέλγειαν.
3194 5714 3212 5741 ε
3246 5695 3406 5777 -ιιλῇε

425 5777 656 5847 ἑόρακας
684 5778 770 5833 hic
796 5788 848 5833 ct
881 5779 1007 5833 alibi
1037 5777 1242 5850 postea.

1293 5793 1315 5819 ε
1351 5779 1412 5833 Β.
1454 5779 1620 5850 Extare.
1707 5779 1722 5816 Γ
1765 5778 1828 5833 Β.
1863 5770 2204 5834 ἁποκτὲνειν.
2273 5781 2294 5818 ε
2330 5778 2392 5833 ll.
2463 5778 2848 5842 εὐσεϐέστατος
2897 5770 3148 5846 βασιλεὺς
3184 5777 3210 5828 ὁ
3246 5770 3458 5831 Ἀϐϐᾶς.
