3702 6240
50 228 193 295 1301
252 297 260 307 ,

1123 198 1135 209 ’
1200 226 1570 289 HISTORIA
1604 226 2217 292 MANICILEORUM.

3220 226 3358 295 1302

51 337 340 401 σιλεύσας,
361 334 443 389 ὅτι
463 338 601 389 πολὺ
633 337 797 406 μέρος
816 333 844 372 ιι
866 334 979 389 τῶν
1004 335 1351 407 Χριστιανῶν
1368 339 1401 405 ὴ
1426 335 1650 407 τοιαύτη
1680 341 1706 401 Α

1881 352 1983 395 tam
2026 351 2319 397 cernerem
2366 342 2811 398 Christianorum
2856 351 3073 413 partem
3121 343 3191 398 ab
3251 345 3357 398 hac

48 431 279 501 αἵρεσις
308 429 633 498 ἐλυμήνατο,
663 427 1054 499 ἐκπέμψαντες
1083 429 1228 481 κατὰ
1258 428 1460 493 παντὸς
1492 429 1661 484 τόπου

58 519 167 590 τῆς
210 517 531 587 Ῥωμαῖκῆς
557 517 756 587 ἀρχῆς,
788 517 917 580 τοὺς
951 518 1375 588 εὑρισκομένους
1403 521 1462 572 ἐν
1490 518 1664 592 ταύτῃ

1766 433 1956 489 Ιιιιιτθεί
1991 434 2362 502 pessumdari,
2397 435 2613 503 jussere
2670 450 2770 504 per
2801 435 3116 489 universam
3154 436 3359 489 Itoma-

1763 540 1891 580 nam
1945 525 2210 581 ditionem
2264 536 2533 597 quthuot
2587 528 2751 595 hujus
2801 526 3146 581 detestabilis
3192 542 3365 581 scene

51 612 127 681 τῇ
186 609 411 679 μυσαρᾷ
460 608 672 679 αἱρέσει
737 608 1090 663 ἁπέκτεννον.
1146 606 1399 664 ίἿνΙλθεν
1456 608 1550 666 οὖν
1605 614 1666 667 τὸ

1881 620 2031 688 iperti
2077 619 2329 681 fuissent,
2367 619 2567 674 occidi.
2610 618 2872 675 Pervenit
2916 619 3105 688 itaque
3151 618 3360 688 princi-

52 701 399 773 πρόσταγμα
430 702 525 757 τοῦ
563 702 849 773 βασιλέως,
878 704 974 756 καὶ
1000 705 1080 767 είς
1110 704 1505 777 ’Λρμενιακοὺς
1530 705 1665 777 πρὸς

54 792 273 862 Θωμᾶν
300 794 391 849 τὸν
415 796 715 857 ἐπίσκοπον
738 786 1196 868 Νεοκαισαρείας,
1230 799 1327 851 καὶ
1357 798 1448 851 τὸν
1480 800 1665 869 Παρα-

56 886 342 958 κονδάκην
376 887 609 959 ἔξαρχον
640 889 792 943 ὄντα.
826 889 985 943 Κατὰ
1014 885 1108 943 οὖν
1139 890 1237 960 τὴν
1270 891 1365 945 τοῦ
1398 890 1664 961 βασιλέως

54 979 344 1044 κέλευσιν,
395 982 523 1043 τοὺς
568 981 999 1052 εὑρισκομένους
1047 982 1232 1048 ἀξίους
1285 983 1517 1038 θανάτου
1570 986 1667 1038 καὶ

54 1070 302 1141 ὁδηγοὺς
330 1071 611 1135 ἀπωλείας
638 1073 969 1127 ἁπέκτεννον
988 1089 1003 1106 ⁸
1038 1073 1263 1146 ὕστερον
1293 1074 1350 1128 δέ
1384 1091 1525 1136 τινες
1560 1074 1667 1128 τῶν

52 1163 160 1215 τοῦ
222 1163 448 1235 Σεργίου
487 1164 770 1236 μαθητῶν,
826 1168 875 1219 οί
926 1166 1208 1237 λεγόμενοι
1262 1168 1542 1231 Ἀστατοι,
1582 1168 1670 1221 διὰ

59 1257 369 1326 προδοσίας
409 1257 505 1311 καὶ
546 1257 703 1311 δόλου
735 1257 827 1312 τὸν
859 1258 1089 1329 ἔξαρχον
1125 1259 1476 1327 κατέσφαξαν
1510 1274 1524 1287 ⁸
1576 1262 1671 1313 καὶ

54 1350 115 1405 οἱ
170 1352 553 1421 Κυνοχωρῖται
586 1350 809 1418 ὁμοίως,
844 1351 1047 1421 Θωμᾶν
1074 1351 1169 1403 τὸν
1218 1352 1625 1421 μητροπολίτην
1654 1368 1667 1381 ·

54 1442 167 1494 καὶ
209 1441 379 1505 οὕτως
425 1440 777 1513 προσέφυγον
830 1443 881 1495 οἱ
928 1444 1186 1495 Ἀστατοι
1241 1443 1298 1494 ἐν
1351 1442 1668 1511 Μελιτηνῇ·

54 1534 297 1603 ἁμηρᾶς
329 1532 385 1585 δὲ
414 1533 537 1586 τότε
564 1531 675 1585 τῶν
703 1532 883 1585 ἐκεῖσε
927 1531 1097 1586 όντων
1124 1531 1459 1604 Σαρακηνῶν
1490 1532 1671 1602 ὑπῆρ-

53 1642 166 1695 χεν
197 1627 225 1677 ὁ
250 1624 648 1695 Μονοχεράρης
674 1640 685 1653 ·
738 1623 997 1686 λαϐόντες
1042 1625 1224 1677 τοίνυν
1257 1626 1385 1695 παρ’
1421 1622 1583 1676 αὑτοῦ
1621 1623 1672 1676 oi

1765 726 1899 779 pum
1953 710 2191 766 edictum
2246 710 2298 765 in
2353 711 2673 765 Armeniam
2700 725 2922 781 quoque
2978 711 3046 764 ad
3087 710 3361 765 Caesarem

1770 800 2087 871 episcopum
2116 801 2405 869 Thomam,
2438 813 2492 858 et
2528 803 2973 857 Paracondacem
3016 802 3363 872 praefectum.
3392 808 3401 819 ’

1773 891 2118 964 Quapropter
2146 910 2508 965 quoscunque
2544 894 2917 960 inveniebant,
2958 909 3059 949 ceu
3102 894 3369 964 perditio-

1774 987 1860 1040 nis
1883 986 2054 1041 duces
2098 1002 2162 1041 ac
2193 996 2372 1042 morte
2416 988 2612 1058 dignos
2656 985 3084 1041 interﬁeiebant.
3108 986 3367 1040 Nonnulli

1778 1092 1965 1149 postea
2009 1082 2181 1153 Sergii
2213 1082 2488 1151 discipuli,
2522 1081 2698 1136 Asrati
2735 1082 2892 1142 dicti.
2924 1078 3237 1151 proditione
3269 1079 3369 1133 do-

1776 1170 1939 1240 loque
1965 1170 2283 1240 praefectum
2317 1170 2719 1225 interemerunt
2742 1187 2757 1235 ;
2782 1169 3123 1241 liynopolitae
3165 1170 3371 1237 pariter

1784 1260 2048 1315 Thomam
2080 1263 2519 1332 metropolitani;
2553 1272 2717 1332 atque
2750 1263 2822 1317 ita
2844 1263 3019 1317 Aslati
3058 1263 3371 1317 Melitenem

1778 1354 2169 1424 confugerunt,
2210 1355 2304 1409 ubi
2352 1355 2577 1425 regulus
2626 1355 3029 1409 Saracenorum
3080 1363 3199 1408 erat
3256 1355 3374 1407 Μοσ-

1778 1446 2150 1511 nocherares;
2199 1462 2230 1500 a
2270 1462 2381 1515 quo
2426 1447 2604 1501 Astati
2664 1461 2804 1516 pago
2856 1446 3115 1516 Argauno
3162 1444 3374 1510 donati,

1782 1536 1969 1591 sedem
2002 1537 2074 1591 ibi
2119 1537 2467 1601 deﬁxerunt;
2494 1548 2550 1592 et
2585 1552 2708 1590 mox
2750 1538 3117 1605 undequaque
3142 1552 3377 1590 numero

1780 1630 1946 1695 aucti,
1971 1629 2245 1684 Romanas
2279 1639 2456 1697 terras
2486 1628 2788 1699 depraadari
2816 1636 3127 1699 coeperunt.
3152 1626 3377 1699 Sergius

58 1718 375 1781 Ἀστατοι,
427 1715 520 1769 τὸν
567 1716 861 1788 Ἀργαοῦν,
916 1715 1246 1787 κατῴκησαν
1302 1719 1482 1770 ἐκεῖσε
1511 1733 1525 1746 ο
1579 1717 1675 1769 καὶ

1881 1737 1969 1776 em
2000 1737 2125 1776 cum
2157 1722 2272 1776 suis
2305 1722 2528 1777 asseclis
2568 1721 2848 1790 aliquanto
2890 1730 3137 1790 tempore
3180 1720 3376 1775 demo-

54 1811 251 1874 οὕτως
318 1809 777 1882 ἐπισυναχθέντες
842 1812 907 1864 ἐκ
987 1812 1208 1864 πάντων
1272 1811 1385 1864 τῶν
1448 1809 1632 1880 μερῶν
1665 1849 1681 1875 ,

56 1901 313 1974 ἤρξαντο
358 1902 673 1974 πραιδεύειν
722 1904 823 1973 τὴν
870 1902 1214 1973 Ῥωμανίαν·
1263 1905 1292 1955 ὁ
1340 1902 1396 1956 δὲ
1448 1902 1673 1972 Σέργιος

61 1995 411 2065 συνοικήσας
481 1993 621 2065 μετὰ
704 1994 813 2048 τῶν
880 1994 1138 2065 μαθητῶν
1202 1993 1369 2047 αὑτοῦ
1438 1995 1520 2057 είς
1583 1991 1675 2045 τὸν

76 2087 357 2157 Ἀργαοῦν
386 2090 479 2141 ἐπὶ
511 2090 742 2159 χρόνους
782 2088 957 2153 τινὰς,
1008 2088 1233 2158 ὕστερον
1282 2090 1347 2141 ἐκ
1377 2089 1682 2158 δικαιοκρι-

65 2185 206 2244 σίας
253 2184 409 2246 Θεοῦ,
444 2184 605 2257 ἀξίνῃ
637 2184 919 2248 ἐκκοπεὶς,
963 2183 1039 2247 ὡς
1079 2183 1177 2253 τὴν
1214 2183 1543 2251 Ἐκκλησίαν
1586 2182 1681 2236 τοῦ

64 2274 219 2327 Θεοῦ
265 2274 651 2343 διχοτομήσας,
702 2275 782 2337 εἰς
828 2273 940 2343 πῦρ
1008 2272 1225 2326 αἰώνιον
1277 2271 1562 2343 βάλλεταιὶ
1602 2289 1614 2302 ο
1654 2272 1682 2324 ὁ

68 2366 193 2435 γὰρ
226 2364 473 2430 Τζανίων
504 2368 533 2418 ὁ
564 2365 673 2420 ἀπὸ
703 2364 1044 2420 καστέλλουιί
1079 2365 1180 2434 τῆς
1212 2364 1562 2427 Νικοπόλεως
1584 2363 1683 2428 ῶν,

68 2462 167 2523 εἰς
196 2460 322 2530 ὅρος
352 2459 515 2513 αὑτὸν
547 2459 800 2530 εὑρηκὼς
836 2458 1046 2512 ἄνωθεν
1100 2456 1194 2509 τοῦ
1249 2454 1485 2526 Ἀργαοῦ
1536 2454 1686 2507 σανί-

72 2553 185 2613 δας
221 2550 612 2625 ἐργαζόμενον,
658 2549 756 2621 τὴν
787 2549 978 2619 ἀξίνην
1009 2550 1074 2602 ἐκ
1122 2547 1234 2601 τῶν
1273 2548 1473 2618 χειρῶν
1516 2546 1685 2599 αὑτοῦ

74 2644 309 2707 λαϐὼν,
371 2644 618 2708 πατάξας
675 2642 865 2696 τοῦτον
925 2641 1247 2695 ἀπέκτεινεν
1276 2656 1291 2673 ο
1360 2640 1455 2692 καὶ
1513 2638 1685 2701 οὑτως

78 2740 202 2792 ἀπε
226 2737 404 2807 ρῤἀγη
452 2736 514 2789 τὸ
568 2735 795 2804 ἔσχατον
851 2736 943 2787 καὶ
1003 2732 1188 2803 μεῖζον
1248 2734 1470 2787 πάντων
1531 2729 1693 2803 [c0d.

78 2827 130 2882 f.
169 2828 273 2882 HO
300 2827 383 2899 b.]
412 2826 522 2881 τῶν
557 2826 766 2897 Θηρίων
807 2825 1015 2880 τοὺτιδε
1050 2825 1190 2896 βίου,
1224 2824 1427 2895 ἐτειτῷ
1458 2823 1565 2876 ἀπὸ
1592 2821 1701 2876 κτί-

81 2937 236 2984 σεως
255 2921 462 2992 κόσμου
483 2918 934 2991 ἐξακισχιλιοστῷ
954 2916 1354 2988 τριακοσιοστῷ
1373 2916 1543 2988 τρίτῳ
1561 2914 1694 2986 (40)·

86 3012 339 3084 μαθηταλ⁸
381 3012 440 3066 δέ
484 3011 678 3066 τούτου
713 3011 967 3082 ὑπῆρχον
995 3010 1418 3081 μυστικώτεροι,
1454 3008 1696 3078 Μιχαὴλ,

81 3104 189 3156 καὶ
241 3104 656 3181 ὁΙΚανακόιρις,
706 3102 804 3157 καὶ
862 3101 1117 3173 Ἰωάννης
1170 3104 1199 3155 ὁ
1248 3101 1541 3177 Ἀόρατος,
1589 3098 1689 3153 οίι

1782 1822 1936 1867 ratus
2011 1813 2124 1886 46
2195 1814 2459 1884 Argauni,
2539 1822 2725 1883 postea
2782 1814 2925 1881 justo
2978 1813 3096 1867 'Dei
3160 1813 3374 1882 judicio

1778 1905 1959 1960 securi
1978 1920 2174 1970 caesus,
2197 1905 2344 1959 velut
2368 1905 2485 1975 ipse
2508 1904 2803 1960 Ecclesiam
2824 1904 3073 1959 bifariam
3097 1904 3379 1967 diviserat,

1782 1997 1837 2051 in
1867 1998 2048 2067 ignem
2077 2006 2345 2052 alternum
2379 1997 2689 2067 projicitur.
2722 1997 2863 2050 Nam
2900 1996 3107 2051 Tzanio
3130 1998 3376 2067 quidam,

1783 2088 2109 2159 Nicopolcos
2141 2089 2353 2143 castelli
2403 2088 2561 2154 civis,
2598 2104 2724 2143 cum
2757 2089 2907 2143 hunc
2950 2088 3005 2141 in
3037 2098 3245 2154 monte,
3285 2088 3380 2158 qui

1786 2178 2051 2250 Argauno
2100 2179 2371 2245 imminet,
2423 2180 2729 2236 invenisset
2774 2196 2989 2237 asseres
3036 2191 3379 2252 operantem,

1786 2271 1969 2326 securi
2029 2272 2097 2326 de
2156 2287 2321 2326 mauu
2371 2272 2493 2341 ejus
2540 2282 2752 2341 erepta,
2790 2289 3113 2343 percussum
3158 2274 3378 2329 occidit.

1781 2363 1963 2433 Atque
1990 2363 2139 2418 hunc
2167 2363 2294 2417 Vita:
2317 2364 2479 2417 linem
2515 2363 2709 2418 habuit
2741 2374 3018 2433 postrema
3057 2376 3114 2419 et
3144 2366 3381 2435 pessima

1785 2455 2032 2509 omnium
2075 2454 2214 2517 fera,
2250 2469 2395 2507 anno
2422 2454 2490 2508 ab
2530 2455 2665 2509 orbe
2710 2456 2933 2510 condito
3001 2456 3161 2513 6503.
3212 2457 3384 2527 Ilujus

1787 2560 1949 2614 porro
1976 2544 2225 2612 discipuli
2255 2544 2427 2615 magis
2456 2544 2632 2599 intimi
2657 2554 2814 2601 erant
2842 2544 3089 2609 Michael,
3119 2556 3174 2601 et
3201 2546 3382 2603 Cana—

1790 2638 1951 2703 earis,
2008 2646 2064 2692 et
2095 2636 2337 2691 Joannes
2366 2637 2626 2703 Aoratus,
2660 2647 2773 2692 tres
2821 2637 2995 2708 iniqui
3044 2638 3380 2704 sacerdotes,

1796 2747 1922 2786 cum
1952 2731 2065 2801 jam
2095 2739 2399 2785 memorato
2424 2729 2731 2793 Theodoto,
2794 2746 2897 2785 nec
2931 2746 3041 2785 non
3093 2731 3294 2787 Basilio
3331 2741 3387 2787 et

1798 2823 2039 2888 Zosimo,
2069 2822 2299 2892 aliisque
2327 2822 2722 2892 compluribus.
2762 2822 2827 2876 Hi
2861 2837 2992 2892 ergo
3024 2822 3197 2895 Sergii
3222 2825 3389 2879 disci-

1796 2915 1935 2985 puli,
1960 2916 2053 2985 qui
2079 2916 2242 2970 etiam
2275 2915 2676 2985 compercgriui
2706 2915 2826 2983 ejus
2864 2915 3211 2981 dicebantur,
3238 2919 3389 2973 velut

1798 3007 1999 3077 impuri
2044 3006 2265 3077 quidam
2308 3005 2650 3071 sacerdotes,
2688 3008 2953 3077 populum
2996 3008 3235 3079 Argauni
3277 3011 3391 3065 col-

1801 3100 2025 3165 lectum,
2051 3109 2177 3170 post
2222 3099 2469 3171 magistri
2507 3098 2592 3153 sui
2626 3097 2805 3169 Sergii
2848 3100 3084 3165 obitum,
3126 3101 3393 3157 doctrinis

79 3198 248 3267 τρεῖς
305 3198 515 3268 μιερείς
553 3195 691 3267 (41),
742 3196 840 3250 καὶ
881 3196 910 3247 ὁ
964 3194 1364 3266 μνημονευθεὶς
1412 3194 1691 3258 Θεόδοτος,

1881 3208 1919 3247 IS
1957 3201 2013 3246 et
2058 3192 2414 3247 deeessorum
2461 3200 2902 3261 eorrumpentes,
2960 3195 3155 3263 mquali
3201 3211 3393 3250 omnes

84 3286 379 3353 Βασίλειὸς
406 3306 487 3354 τε,
525 3290 623 3342 καὶ
653 3288 925 3358 Ζὼσιμος,
956 3289 1050 3341 καὶ
1078 3287 1257 3358 ἐτεροι
1290 3286 1496 3341 πολλοί.
1535 3281 1696 3340 Οὗτοι

84 3376 277 3431 τοίνυν
322 3380 371 3432 oi
421 3378 662 3450 μαθηταὶ
710 3378 898 3440 αὑτοῦ,
950 3381 998 3431 οἱ
1038 3378 1133 3432 καὶ
1183 3378 1514 3447 συνέκδημοι
1563 3375 1694 3447 παρ’

88 3471 287 3534 αὐτοῖς
318 3469 623 3541 λεγόμενοι,
656 3470 734 3534 ὡς
762 3472 972 3542 μιερεῖς
998 3488 1165 3536 τινες,
1196 3470 1287 3523 τὸν
1320 3469 1534 3523 ἅπαντα
1565 3468 1694 3521 λαὸν

88 3562 195 3616 τὸν
228 3562 683 3635 συναθροισθέντα
712 3565 771 3616 ἐν
795 3562 873 3633 τῷ
901 3560 1164 3633 Ἀργαοῦ,
1204 3562 1343 3633 μετὰ
1373 3560 1464 3614 τὸν
1494 3559 1587 3613 τοῦ
1613 3560 1695 3613 δι-

1804 3285 1970 3355 εταιιιι
2018 3293 2214 3347 erant;
2256 3284 2465 3337 nullum
2499 3284 2610 3353 jam
2658 3284 3008 3353 magistrum,
3051 3286 3194 3341 sicut
3232 3297 3395 3343 antea

1806 3392 1925 3430 mos
1974 3376 2170 3439 fuerat,
2203 3383 2484 3441 creantes;
2540 3377 2636 3430 sed
2682 3376 2917 3445 paritate
2967 3388 3204 3443 servata,
3258 3379 3396 3433 alios

1803 3481 2021 3535 quoque
2053 3467 2369 3522 sacerdotes
2412 3466 2515 3520 sub
2554 3481 2614 3521 se
2642 3465 2923 3522 habebant
2970 3484 3111 3538 quos
3152 3470 3397 3525 notarios

1803 3556 2174 3627 appellabant.

90 3654 373 3711 δασκάλου
403 3654 585 3709 αὑτῶν
610 3654 838 3724 Σεργίου
876 3653 1130 3719 θάνατον,
1171 3654 1292 3715 ταῖς
1324 3650 1697 3713 διδασκαλίαις
1746 3648 1918 3702 αὑτοῦ
1999 3664 2060 3701 τε
2119 3650 2217 3701 καὶ
2290 3648 2401 3702 τῶν
2452 3649 2932 3722 προηγησαμένων
2978 3651 3396 3723 λυμαινόμενοι,

94 3746 343 3816 ἰσότιμοι
394 3744 596 3809 πάντες
651 3745 935 3815 ὑπῆρχον·
996 3743 1197 3814 μηκέτι
1244 3742 1341 3795 ἕνα
1379 3740 1703 3795 διδάσκαλον
1740 3736 2189 3808 ἀνακηρύξαντες
2220 3738 2475 3812 καθάπερ
2510 3742 2558 3794 oi
2629 3741 2845 3814 πρώην,
2894 3742 3031 3796 ἀλλὰ
3062 3744 3260 3809 πάντες
3293 3747 3399 3799 ἴσοι

90 3840 263 3901 ὄντες
290 3855 303 3868 ⁸
349 3838 536 3909 ἔχουσι
579 3837 636 3891 δὲ
684 3838 779 3891 καὶ
826 3835 1243 3904 ὑποϐεϐηκότας
1288 3835 1521 3905 μιερεῖς,
1554 3831 1842 3903 νοταρίους
1872 3829 2005 3900 παρ’
2037 3831 2222 3893 αὑτοῖς
2250 3832 2713 3901 ὀνομαζομένους.

178 3932 313 3990 MB'.
369 3934 427 3988 '0
473 3934 567 3987 οὑν
603 3934 863 4005 Καρδίας
907 3935 964 3985 ἐν
995 3934 1107 3995 τοῖς
1146 3932 1266 3984 τότε
1315 3932 1529 3999 καιροῖς
1574 3930 1706 3982 ἀνα-

98 4026 325 4098 φανεὶς,
382 4024 478 4078 καὶ
528 4022 621 4075 τοῦ
654 4022 902 4096 ὀλεθρίου
940 4023 1149 4076 ἐκείνου
1197 4019 1329 4073 λαοὺ
1382 4018 1706 4089 καθηγησά-

100 4134 311 4188 μενος,
361 4116 440 4179 εἰς
490 4113 698 4184 πλῆθος
770 4115 933 4170 αὑτὸν
980 4113 1289 4184 ἐπηύξησεν
1331 4152 1349 4177 ,
1396 4111 1567 4175 ὥστε,
1632 4110 1707 4182 μὴ

1881 3926 2043 3980 XLll.
2071 3925 2190 3980 Jam
2219 3942 2349 3982 vero
2371 3929 2629 3997 Carheas,
2656 3934 2748 4003 qui
2784 3950 2852 3989 eo
2877 3944 3126 4005 tempore
3157 3938 3405 3999 emersit,

1805 4028 1861 4075 et
1892 4019 2202 4090 pestilentis
2255 4020 2398 4075 illius
2438 4024 2625 4094 populi
2698 4037 2877 4081 rector
2938 4028 3061 4093 fuit,
3114 4046 3405 4082 numerum

1808 4110 2052 4180 ejusdem
2086 4121 2371 4180 tantopere
2415 4115 2585 4177 auxit,
2622 4125 2681 4169 ut
2726 4134 2852 4170 cum
2900 4118 3159 4188 Argauno
3202 4120 3406 4189 oppido

99 4209 465 4282 χωρουμένου
496 4208 662 4263 αὑτοῦ
694 4209 751 4261 ἐν
785 4207 863 4278 τῷ
894 4205 1152 4277 ’Λργαοῦ,
1190 4206 1365 4259 ἐλθεῖν
1395 4204 1489 4258 καὶ
1524 4204 1706 4257 κτίσαι

1881 4217 1916 4254 n
1948 4200 2219 4255 contineri
2250 4201 2393 4257 haud
2418 4215 2623 4273 posset,
2650 4206 2799 4259 illinc
2825 4207 3105 4277 profectus
3132 4210 3404 4264 'l'ibricam

100 4306 212 4375 τὴν
246 4302 531 4375 Τιόρικὴν,
569 4302 662 4363 καὶ
694 4302 833 4371 αὐτῇ
884 4300 1213 4369 κατοικῆσαι
1248 4316 1263 4330 ο
1315 4297 1449 4368 ὁμοῦ
1486 4298 1582 4368 μὲν
1614 4297 1711 4351 καὶ

100 4398 213 4467 τὴν
243 4397 379 4467 προς
406 4396 604 4459 αὑτοὺς
630 4393 924 4466 τυραννίδα
963 4391 1073 4446 τῶν
1100 4388 1513 4461 Μελιτηνιατῶν
1554 4389 1710 4457 Ἀγα-

1820 4292 2009 4347 urbem
2042 4290 2356 4346 fundaverit
2389 4302 2444 4347 et
2474 4294 2806 4361 incoluerit;
2842 4304 2956 4350 tum
2994 4309 3054 4351 ut
3084 4298 3409 4354 Melitenen—

1818 4389 1957 4442 sium
1992 4389 2363 4458 Agarenorum
2402 4388 2744 4458 tyrannidem
2798 4389 3047 4461 fugeret;
3091 4403 3205 4445 tum
3242 4394 3409 4448 etiam

110 4488 301 4563 ρηνῶν
330 4489 638 4559 ἐκφεύγων,
674 4487 809 4558 ὁμοῦ
841 4487 897 4540 δὲ
929 4487 1023 4540 καὶ
1075 4486 1210 4555 αὑτῇ
1243 4482 1567 4555 ἀνεπιμιξίᾳ
1600 4482 1706 4536 τῶν

1912 4480 2049 4534 facta
2086 4480 2154 4534 ab
2180 4479 2494 4533 hominibus
2529 4481 2897 4550 separatione,
2936 4483 3284 4539 dzcmonibus
3329 4484 3411 4538 si-

107 4581 423 4653 ἁνθρώπων
471 4583 583 4645 τοῖς
618 4581 835 4652 δαίμοσι
885 4578 1106 4641 τελείως
1154 4574 1596 4647 ἐξομοιούμενος,
1644 4578 1711 4646 τῇ

124 4675 397 4746 Ἀρμενία
421 4687 461 4714 ιη
493 4693 552 4729 τε
584 4673 907 4745 πλησιάζειν
938 4672 1131 4737 θέλων,
1162 4670 1258 4723 καὶ
1289 4672 1355 4741 τῇ
1398 4667 1710 4739 Ῥωμανίᾳο

108 4769 264 4822 ὥστε
296 4768 423 4833 τοὺς
477 4768 578 4838 μὲν
608 4766 967 4837 πειθομένους
1003 4764 1175 4835 αὑτῷ,
1206 4761 1578 4825 ὑποσπόνδους
1605 4778 1718 4814 ποι-

112 4861 329 4927 εῖσθαι,
381 4861 479 4915 καὶ
530 4861 674 4932 ἔχειν
722 4860 922 4923 αὐτοὺς
982 4858 1119 4929 πρὸς
1168 4856 1230 4909 τὸ
1279 4853 1716 4925 αίχμαλωτεὺειν

114 4952 275 5026 [οοιί.
302 4952 341 5010 Γ.
372 4953 497 5027 Ml]
530 4954 910 5025 συλλήπτορας
931 4968 944 4981 ⁸
982 4952 1105 5013 τοὺς
1137 4950 1194 5003 δὲ
1228 4949 1304 5020 μὴ
1334 4946 1714 5018 πειθομένους,

1818 4569 2001 4623 milior
2028 4568 2311 4633 evaderet;
2354 4578 2467 4623 tum
2497 4569 2760 4640 denique,
2790 4581 2851 4625 ut
2881 4572 3160 4627 Armeniae
3196 4584 3254 4628 et
3298 4574 3407 4627 llo—

1819 4678 1994 4718 mana:
2038 4660 2227 4715 ditioni
2276 4661 2638 4731 propinquior
2686 4664 2862 4719 fieret.
2908 4666 3053 4736 Ergo
3094 4666 3195 4719 sibi
3247 4666 3413 4719 obse-

1821 4767 2072 4829 quentes,
2098 4756 2306 4811 findere
2333 4772 2517 4811 secum
2542 4758 2861 4828 copulabat.
2899 4769 2955 4814 ct
2985 4760 3050 4814 ad
3088 4758 3409 4829 praedandos

1823 4851 2074 4906 homines
2117 4848 2353 4903 habebat
2384 4848 2662 4919 adjutores
2691 4868 2704 4904 :
2731 4852 2823 4921 qui
2858 4867 3017 4906 secus
3058 4867 3161 4904 non
3195 4850 3410 4905 obtem—

1822 4954 2102 5016 perarent.
2140 4942 2431 4998 Saracenis
2476 4944 2763 5005 vendebat.
2801 4945 3142 5015 depopulans
3187 4943 3408 5000 interim

1444 5106 1683 5164 VARi/E
1715 5105 2120 5161 LECTIONES.

196 5203 226 5243 δ
262 5206 327 5260 Β.
365 5206 715 5275 πολυμερῶς.

119 5280 195 5333 οἱ.
274 5286 313 5313 ³³
339 5277 471 5333 Cod.
505 5280 626 5341 ταῖς
669 5277 980 5349 ’Δρμενίας.

801 5205 892 5259 IR.
928 5207 1252 5262 ἀπέκτενον.
1284 5206 1362 5262 Ita
1393 5216 1447 5262 et
1487 5222 1639 5262 mox.
1718 5203 1732 5254 ἱ
1775 5202 1841 5257 Β.
1886 5202 2129 5274 βάλεται.

2209 5204 2235 5243 ιι
2279 5202 2343 5256 Β.
2380 5214 2433 5259 et
2464 5203 2589 5259 eod.
2614 5202 2929 5256 καστέλλον.
3015 5202 3028 5239 ¹
3064 5202 3129 5257 Β.
3187 5204 3278 5257 καὶ
3316 5216 3415 5273 pro

1708 5366 1941 5425 NOT/E.

203 5466 316 5536 (ιο)

369 5467 559 5519 Annus
606 5464 697 5519 hic
744 5466 797 5519 in
837 5480 943 5519 aera
982 5465 1596 5534 Constantinopolitano
1660 5464 1729 5517 ab

127 5538 265 5592 orbe
296 5538 519 5591 condito
544 5537 840 5605 respondet
863 5552 1008 5590 anno
1034 5535 1239 5590 Christi
1282 5535 1580 5597 DCCXCV,
1618 5551 1727 5588 non

1905 5461 2015 5528 (41)
2063 5462 2135 5514 De
2182 5460 2447 5514 vocabulo
2481 5476 2704 5527 μιερευς
2750 5460 2965 5513 erudite
3013 5461 3305 5516 disseritur
3357 5462 3409 5514 in

1831 5547 1970 5586 nova
2004 5532 2156 5585 lexici
2186 5529 2541 5599 Stephaniani
2572 5530 2834 5595 editione,
2872 5531 3031 5600 cujus
3055 5533 3239 5599 verba,
3278 5548 3405 5601 quo

130 5619 320 5662 autem
373 5623 517 5660 anno
564 5601 856 5669 DCCCXII,
900 5614 960 5661 ut
1008 5605 1199 5661 scribit
1258 5607 1507 5663 lladerus
1540 5606 1729 5662 nescio
1829 5605 1974 5657 niam
2012 5602 2222 5673 publica
2256 5610 2403 5665 sunt,
2434 5601 2519 5653 hic
2552 5603 2780 5657 recitare
2812 5618 2921 5656 non
2953 5604 3206 5659 interest.

132 5695 302 5750 quem
329 5678 597 5733 calculum
622 5688 863 5735 secutus.
