3928 6246
386 265 521 332 1303

1752 267 1983 329 PETRI
2023 266 2275 329 SICULI
3564 265 3655 328 lflO

378 381 656 436 Romanas
684 393 841 436 arces
864 378 934 435 ad
959 379 1197 436 Pontum
1226 379 1399 449 sitas;
1432 378 1541 456 5,7
1572 378 1849 452 simulque
1881 381 1968 436 ob-

2086 377 2421 447 Σαρακηνοῖς
2469 374 2846 445 άπεμπολεῖν,
2899 374 3177 446 λεηλατῶν
3223 374 3323 440 τάς
3370 377 3467 449 τῆς
3532 378 3656 431 Ῥω-

376 474 528 527 vium
566 472 873 544 perfugium
912 487 1110 542 parans
1148 471 1213 527 iis
1252 472 1344 542 qui
1369 471 1425 525 in
1462 472 1692 542 imperio
1718 471 1966 528 Romano

2080 469 2273 539 μανίας
2317 469 2517 538 ἄκρας,
2557 468 2656 529 τὰς
2688 468 2827 538 πρὸς
2867 467 2945 537 τῷ
2978 468 3162 538 Πόντῳ
3205 469 3495 538 κειμένας·
3546 470 3656 539 ἅμα

378 570 607 632 propter
654 560 908 616 haeresim
958 561 1025 615 ad
1083 576 1276 617 necem
1319 562 1737 632 expetebantur,
1786 563 1968 618 oblata

2080 562 2127 615 δὲ
2158 563 2218 614 τὸ
2253 561 2390 633 πρὸς
2416 562 2634 630 ἕτοιμον
2663 557 3003 629 καταφύγιον
3031 563 3145 624 τοῖς
3178 562 3236 613 ἐν
3268 561 3548 631 Ῥωμανίᾳ
3572 563 3655 615 διὰ

380 650 489 704 loci
539 650 973 720 opportunitate.
1003 650 1145 715 Quin
1192 651 1333 706 adeo
1402 665 1640 707 vcsanos
1686 652 1965 720 homines,

378 752 697 821 quicunque
726 750 1231 821 intemperantioris
1252 768 1317 808 ac
1344 752 1645 809 lascivioris
1665 755 1791 810 vita
1812 764 1969 811 erant

378 840 435 893 in
466 839 573 893 illis
606 838 849 903 arcibus,
875 839 1073 907 quibus
1104 842 1355 909 proxima
1402 850 1520 895 erat
1563 840 1807 909 Tibrica,
1844 852 1966 898 tur-

378 932 534 1003 pium
564 932 911 1000 voluptatum
934 932 1155 989 licentia
1186 934 1253 987 ad
1277 949 1335 988 se
1358 934 1487 989 illuc
1513 934 1798 990 invitabat.
1823 935 1967 1006 Ergo

378 1021 590 1076 Carbea
614 1021 855 1083 vivente,
885 1020 1089 1091 partim
1141 1036 1209 1077 ex
1250 1021 1532 1091 pradictis
1562 1023 1683 1093 ejus
1704 1025 1965 1079 sacerdo-

381 1110 528 1165 tibus
559 1110 669 1165 vita
706 1119 1085 1176 excesserunt,
1120 1110 1320 1180 partim
1364 1112 1569 1169 iadhuc
1609 1126 1961 1185 supererant.

2069 656 2281 726 ταύτην
2309 654 2407 726 τὴν
2435 653 2648 725 αἵρεσιν
2682 653 3213 723 άποκτεννομένοιςη
3240 654 3339 724 τὴν
3371 655 3662 726 ἐπιτηδειό-

2071 763 2215 817 τητα
2258 743 2353 797 τοῦ
2389 743 2557 797 τόπου
2590 743 3035 815 παρασκευάζων
3065 760 3079 775 ·
3134 745 3196 797 οὐ
3232 744 3392 812 μόνον
3424 745 3503 809 δέ,
3535 746 3663 800 ἀλλὰ

2072 841 2167 894 καὶ
2195 838 2322 901 τοὺς
2352 836 2700 907 λιχνοτέρους
2729 837 2825 890 καὶ
2847 838 3185 902 ἀκολάστους
3213 837 3538 909 ἀνθρώπους
3572 839 3663 892 καὶ
3694 852 3703 859 ’

2078 932 2320 1004 ἄφρονας
2350 932 2461 986 τῶν
2493 932 2680 1001 ἄκρων
2710 931 2937 985 ἐκείνων
2971 931 3447 1001 προσεγγιζόντων
3478 934 3546 1003 τῇ
3576 933 3665 985 Τι-

2075 1026 2278 1096 6ρικῇ,
2326 1027 2395 1095 τῇ
2454 1022 2743 1094 ἐλευθερίᾳ
2796 1022 2907 1076 τῶν
2954 1023 3251 1094 αἰσχίστων
3280 1030 3306 1058 ο
3360 1023 3551 1078 παθῶν
3593 1024 3667 1086 είς

2071 1118 2263 1174 ἐαυτὸν
2316 1119 2409 1171 ἐπὶ
2458 1117 2521 1170 τὸ
2567 1115 2699 1170 αὐτὸ
2731 1116 3136 1187 ἐκκαλούμενος
3169 1133 3185 1148 ·
3245 1112 3450 1182 ζῶντος
3487 1115 3661 1169 τοίνυν

378 1207 571 1273 αὑτοῦ,
608 1205 793 1276 οἱμὲν
827 1206 893 1259 ἐκ
950 1206 1059 1261 τῶν
1134 1205 1621 1277 μνημονευθέντων
1664 1208 1900 1281 μιερέων
1968 1212 2160 1277 αὐτοῦ,
2211 1212 2305 1268 τὸν
2353 1211 2563 1267 ἑαυτῶν
2604 1211 2717 1283 βίον
2791 1209 3191 1282 κατέστρεψαν,
3242 1211 3291 1263 οἱ
3336 1209 3398 1263 δὲ
3446 1208 3663 1263 ὑπελεί-

398 1298 487 1354 φθη
496 1316 618 1354 σαν.

398 1316 450 1352 ὐ
496 1316 618 1354 σαν.

379 1317 416 1368 ῳ
450 1316 640 1447 ἓιιιι.
672 1392 781 1448 Sed
814 1399 1102 1464 postquam
1146 1392 1195 1449 is
1234 1408 1452 1464 quoque
1484 1394 1645 1459 obiit,
1671 1396 1975 1466 pestilentis

376 1487 564 1559 populi
624 1486 967 1557 tyrannidem
1044 1500 1208 1556 aeque
1267 1487 1497 1558 arripuit
1552 1488 1971 1560 Cbrysocberis,

376 1579 746 1635 consobrinus
777 1593 1053 1649 generque
1072 1578 1211 1648 ejus.
1238 1577 1412 1649 Hujus
1438 1594 1539 1634 nos
1564 1593 1698 1650 ergo
1724 1588 1973 1650 tempore

376 1670 656 1727 Tibricam
683 1670 955 1735 venimus,
982 1670 1242 1724 mandato
1265 1670 1438 1741 regio,
1455 1679 1515 1725 ut
1535 1671 1785 1741 captivos
1804 1672 1973 1727 duces
2005 1727 2048 1782 Β

376 1773 860 1782 μη,
900 1777 996 1782 ___-
1022 1763 1035 1782 .
1068 1770 1109 1782 -.
1150 1762 1347 1782 ..-ηημ
1800 1763 1940 1782 εμμ

374 1773 822 1835 permutaremus
849 1780 864 1828 ;
893 1763 1038 1832 quod
1061 1770 1117 1816 et
1148 1762 1354 1818 factum
1382 1771 1486 1827 est,
1524 1763 1769 1819 secundo
1800 1763 1969 1833 impe-

376 1858 555 1915 rantis
572 1856 757 1912 Basilii
781 1871 928 1911 anno
956 1864 1013 1911 et
1036 1856 1384 1911 Constantini
1408 1872 1472 1911 ac
1496 1855 1719 1925 Leonis,
1746 1856 1966 1926 piorum

372 1951 649 2021 iustorum
686 1964 1119 2021 magnorumque
1148 1964 1336 2021 regum
1376 1958 1713 2005 nostrorum.
1755 1949 1831 2005 lbi
1867 1950 1969 2004 ita-

376 2060 485 2115 que
534 2058 734 2099 novem
768 2043 1056 2098 mensibus
1100 2041 1390 2106 demorati,
1434 2043 1750 2098 viventibus
1790 2042 1970 2098 adhuc

377 2137 614 2207 impuris
650 2135 855 2191 Basilio
888 2144 945 2190 et
976 2135 1215 2201 Zosimo,
1259 2136 1421 2208 vulgo
1462 2136 1623 2193 dictis
1672 2152 1964 2205 compere-

379 2229 573 2300 grinis,
629 2228 977 2300 supradictas
1030 2243 1120 2285 res
1169 2228 1362 2284 sedulo
1419 2229 1876 2301 pervestigantes,
1918 2236 1975 2283 et

378 2323 797 2380 commentariis
827 2324 1178 2392 mandantes,
1212 2340 1307 2379 eas
1350 2324 1615 2380 universo
1653 2326 1774 2380 urbi
1821 2336 1975 2396 pate-

377 2417 561 2472 facere
581 2416 971 2473 constituimus
995 2417 1185 2473 divino
1205 2419 1462 2473 mandato
1490 2419 1732 2488 ipsorum
1757 2428 1976 2473 sancto-

380 2526 507 2565 rum
554 2509 990 2565 orthodoxorum
1038 2525 1479 2581 magnorumque
1519 2525 1708 2581 regum
1751 2521 1975 2565 nostro-

377 2617 529 2664 rum,
555 2616 660 2656 ceu
689 2601 829 2657 viles
860 2599 1049 2656 famuli
1088 2601 1414 2673 indignique
1457 2601 1630 2655 multo
1668 2616 1792 2655 cum
1824 2609 1975 2655 metu

380 2697 771 2766 obsequentes.
788 2694 1160 2761 Quarumdam
1187 2702 1371 2748 autem
1394 2692 1815 2762 exquisitiorum
1833 2692 1979 2762 apud

382 2807 480 2847 eos
504 2792 791 2847 hmreseon
810 2790 1005 2845 notitia
1037 2789 1093 2843 in
1127 2788 1487 2858 sequentibus
1516 2787 1672 2843 vobis
1694 2788 1935 2842 tradetur
1963 2804 1977 2854 ;

2152 1396 2287 1453 ΜΓ.
2314 1396 2584 1452 Κάκείνου
2614 1395 2792 1450 τοίνυν
2820 1396 2883 1449 τδ
2912 1395 3013 1468 ζῇν
3045 1393 3489 1467 ἀπορρήξαντος,
3519 1392 3665 1458 αὖθις

2081 1495 2386 1567 διαδέχεται
2413 1494 2514 1565 τὴν
2548 1490 2843 1563 τυραννίδα
2886 1490 2983 1546 τοῦ
3028 1490 3277 1560 ὀλεθρίου
3321 1488 3455 1543 λαοῦ
3510 1486 3663 1543 αὑτοῦ

2080 1585 2424 1657 Χρυσοχέρις
2452 1584 2480 1637 ὁ
2511 1582 2733 1653 ἀνεψιὸς
2777 1582 2874 1636 καὶ
2903 1581 3159 1652 γαμϐρὸς
3201 1580 3392 1635 αὐτοῦ.
3434 1581 3526 1634 Ἐν
3556 1582 3666 1642 ταῖς

2078 1677 2317 1751 ἡμέραις
2341 1672 2436 1730 οὖν
2468 1674 2659 1739 αὐτοῦ,
2693 1674 3077 1747 παρεϐάλομεν
3104 1675 3265 1745 ἡμεῖς
3292 1674 3352 1727 ἐν
3380 1675 3448 1744 τῇ
3482 1672 3664 1743 Τιὸρι-

2076 1772 2172 1843 κῇ,
2204 1767 2825 1831 ἀποσταλέντες·ἐκεῖσε
2868 1766 3115 1830 δουλείας
3163 1764 3456 1837 βασιλικῆς
3492 1764 3665 1819 ἕνεκεν

2074 1863 2170 1917 τοῦ
2196 1861 2501 1928 ὑπαλλάξαι
2534 1861 2804 1931 ἄρχοντας
2826 1858 3231 1929 αἰχμαλώτους,
3271 1859 3412 1928 ὅπερ
3450 1857 3663 1926 γέγονεν

2076 1954 2135 2007 ὲν
2165 1953 2243 2025 τῷ
2273 1954 2513 2024 δευτέρῳ
2528 1951 2637 2006 ἔτει
2658 1952 2759 2023 τῆς
2782 1950 3060 2022 βασιλείας
3083 1950 3369 2004 Βασιλείου
3405 1951 3498 2003 καὶ
3516 1951 3664 2003 Κων-

2078 2046 2361 2103 σταντίνου
2390 2045 2488 2100 καὶ
2518 2043 2893 2108 Δέοντος,τῶν
2919 2042 3163 2097 εὐσεδῶν
3195 2043 3293 2096 καὶ
3323 2042 3551 2096 δικαίων
3575 2059 3665 2112 με·

2077 2140 2261 2211 γάλων
2298 2139 2565 2210 βασιλέων
2600 2137 2781 2209 ἡμῶν.
2825 2137 3037 2191 Ἐκεῖσε
3080 2131 3176 2191 οὗν
3205 2137 3615 2208 ἐννεαμηνιαῖον
3638 2145 3663 2185 P

2079 2233 2272 2305 χρόνον
2325 2230 2732 2301 διατρίψαντες,
2786 2229 2868 2283 ἔτι
2914 2229 3199 2300 περιόντος
3253 2227 3538 2281 Βασιλείαν
3576 2225 3665 2280 καὶ

2077 2325 2330 2396 Ζωσίμου
2362 2323 2472 2377 τῶν
2508 2321 2721 2393 μιαρῶν
2760 2321 3116 2391 συνεκδὴμων
3171 2318 3487 2390 λεγομένων
3510 2357 3528 2382 ,
3582 2316 3669 2370 καὶ

2078 2418 2211 2487 περὶ
2265 2415 2373 2469 τῶν
2408 2413 2789 2486 προτεθέντων
2831 2411 3079 2483 ἀκριϐῶς
3110 2412 3535 2483 ’ξέρευνήσαντες
3578 2408 3662 2461 καὶ

2080 2506 2567 2575 φιλοπονήσαντες,
2628 2502 2805 2556 ταῦτα
2838 2504 3004 2555 πᾶσιν
3034 2500 3456 2570 ἐσπουδάσαμεν
3505 2497 3666 2552 κατά-

2077 2597 2215 2668 δηλα
2243 2594 2527 2666 γενέσθαι·
2556 2592 2707 2666 [c0d.
2738 2593 2781 2648 f.
2820 2594 2941 2657 Ml,
2978 2590 3062 2663 b.]
3094 2595 3180 2663 τῇ,
3202 2594 3262 2645 ἐν
3292 2590 3416 2662 Θεῷ
3436 2588 3669 2644 κελεύσει

2077 2686 2187 2739 τῶν
2222 2685 2401 2738 αὐτῶν
2434 2684 2627 2753 ἁγίων,
2657 2684 2754 2738 καὶ
2779 2683 3081 2754 ὀρθοδόξων
3115 2683 3374 2752 μεγάλων
3410 2679 3673 2753 βασιλέων

2079 2776 2258 2846 ἡμῶν,
2294 2776 2368 2837 ὡς
2396 2774 2596 2841 δοῦλοι,
2624 2774 2673 2827 εί
2693 2775 2788 2829 καὶ
2818 2774 3061 2837 εὐτελεῖς
3080 2773 3174 2829 καὶ
3194 2772 3428 2839 ἀνάξιοι,
3457 2775 3513 2825 ἐν
3536 2770 3673 2841 φόσῳ

383 2884 551 2939 modo
573 2883 733 2938 nobis
760 2881 989 2936 misellis
1016 2880 1196 2935 faveat
1220 2879 1310 2933 ille
1345 2878 1433 2933 cui
1464 2877 1658 2947 gloria,
1685 2876 1845 2931 Pater
1875 2876 1968 2931 sci-

2082 2868 2265 2939 πολλῷ
2296 2868 2637 2933 ὑπείξαντες.
2662 2866 2773 2920 Καὶ
2811 2867 2941 2938 περὶ
2971 2865 3071 2936 μὲν
3113 2864 3329 2931 τούτου,
3370 2866 3511 2929 ἃλις·
3548 2864 3668 2934 περὶ

387 2977 518 3032 licet
545 2984 603 3031 et
649 2974 823 3030 Filius
869 2984 924 3029 et
973 2981 1196 3028 sanctus
1243 2970 1504 3041 Spiritus,
1536 2985 1702 3024 verus
1730 2984 1968 3038 unusque

2081 2961 2138 3015 δέ
2166 2978 2329 3014 τινων
2364 2960 2498 3032 παρ’
2529 2961 2715 3022 αὐτοῖς
2762 2957 2873 3011 τῶν
2906 2956 3251 3030 τελεωτέρων
3287 2957 3575 3031 αἱρέσεων,
3614 2958 3667 3009 ἐν

387 3066 557 3131 Deus,
589 3064 781 3135 reique
813 3063 997 3119 omnis
1024 3062 1261 3116 visibilis
1294 3059 1698 3128 invisibilisque
1740 3065 1975 3121 creator,

386 3162 770 3220 conservator,
799 3169 864 3209 ac
890 3153 1153 3209 Dominus
1180 3152 1237 3206 in
1258 3151 1479 3207 saacula.
1503 3151 1699 3204 Amen.

2088 3058 2201 3119 τοῖς
2230 3054 2429 3126 ἐφεξῆς
2467 3054 2594 3125 ὑμῖν
2626 3052 3033 3123 δηλωθήσεταιο
3082 3053 3219 3121 ἡμῖν
3257 3053 3375 3115 τοῖς
3413 3049 3675 3104 εὐτελέσιν

2003 3137 2047 3201 C
2082 3145 2368 3217 ὀρέγοντος
2399 3155 2427 3194 (ι
2464 3137 2508 3212 ᾧ
2535 3146 2569 3216 ἡ
2601 3143 2746 3209 δόξα,
2784 3141 2863 3214 τῷ
2894 3142 3108 3213 Πατρὶ,
3152 3142 3247 3195 καὶ
3293 3141 3378 3213 τῷ
3408 3140 3542 3212 Υίῷ,
3579 3138 3667 3194 καὶ

384 3248 465 3319 τῷ
484 3248 625 3319 ἁγίῳ
645 3245 948 3317 Πνεύματι,
981 3246 1059 3317 τῷ
1084 3245 1231 3316 μόνῳ
1252 3244 1443 3314 ἀληθεῖ
1481 3241 1623 3312 Θεῷ,
1675 3240 1773 3295 καὶ
1802 3240 1986 3311 πάσης
2015 3238 2249 3300 κτίσεως
2278 3238 2482 3309 ὁρατῆς
2534 3253 2597 3291 τε
2652 3237 2749 3291 καὶ
2807 3234 3044 3305 ἀοράτου
3096 3231 3422 3306 δημιουργῷ
3477 3249 3536 3287 τε
3576 3231 3663 3291 καὶ

396 3345 616 3416 συνοχεῖ
647 3342 744 3397 καὶ
771 3341 1119 3412 ἐξουσιαστῇ,
1150 3342 1230 3404 είς
1263 3340 1392 3405 τοὺς
1419 3338 1646 3401 αἰῶνας.
1693 3337 1889 3409 Ἀμήν.

3292 3434 3295 3435 ν
3346 3434 3359 3439 .,
3385 3423 3607 3442 μωπινει
3632 3420 3653 3437 ί

466 3515 743 3570 Hactenus
775 3514 949 3586 operis
978 3530 1105 3583 pars
1137 3513 1194 3566 in
1216 3511 1413 3567 Raderi
1442 3510 1574 3565 libro
1598 3509 1815 3580 jamdiu
1840 3509 1981 3563 edita
2008 3524 2026 3561 :
2056 3507 2211 3578 cujus
2234 3522 2329 3562 nos
2384 3504 2627 3561 Graecum
2658 3514 2858 3560 textum
2881 3522 3137 3578 perquam
3167 3511 3424 3560 accurate
3449 3502 3520 3557 ad
3538 3500 3671 3554 codi-

392 3626 505 3666 cem
535 3610 821 3680 αεσξηινε,
848 3616 903 3662 ut
929 3607 1160 3677 plurima
1190 3616 1239 3660 et
1264 3606 1576 3677 gravissima
1608 3606 1817 3670 menda,
1835 3605 1944 3658 sive
1961 3602 2281 3671 ercitatis,
2329 3603 2435 3657 sive
2457 3602 2869 3673 orthographia},
2900 3603 3007 3657 sive
3034 3602 3197 3656 etiam
3218 3595 3671 3668 interpunctionis,

397 3706 811 3761 excluderemus.
843 3704 1051 3759 Novam
1097 3720 1301 3774 quoque
1332 3702 1584 3757 Latinam
1613 3702 1830 3773 fecimus
1854 3701 2369 3770 interpretationem.
2411 3698 2675 3755 Craterum
2729 3699 2928 3755 Raderi
2969 3698 3217 3753 Latinum
3246 3705 3451 3751 textum
3479 3694 3534 3747 in
3574 3692 3674 3745 sin-

401 3799 539 3870 gulis
571 3799 771 3853 mendis
800 3798 1119 3851 nominatim
1147 3796 1451 3867 objurgare,
1486 3796 1701 3849 minime
1729 3794 1953 3864 placuit.
1993 3793 2136 3849 Nam
2164 3810 2329 3866 neque
2384 3795 2529 3851 nobis
2560 3794 2690 3865 ipsis
2720 3802 2930 3850 tantum
2963 3792 3260 3859 tribuimus,
3299 3798 3357 3843 ut
3388 3785 3665 3847 erroribus,

430 3892 729 3965 prescrtim
751 3890 805 3944 in
834 3906 989 3958 opere
1015 3889 1281 3961 festinato,
1312 3888 1573 3943 immunes
1607 3902 1717 3942 esse
1732 3890 2005 3955 ‘putemus.

1645 4098 1884 4156 VARIAE
1947 4097 2242 4156 LECTION
2252 4098 2352 4158 ES.

511 4294 540 4321 ιι
567 4285 631 4340 Β.
657 4286 1193 4354 ἀποκτεννομὲνοισι.

1310 4296 1334 4325 ⁰
1370 4288 1438 4344 Β.
1461 4288 1779 4362 ἐλαχίστων.

410 4358 688 4427 postulare
724 4358 907 4429 potius
938 4354 1003 4437 ᾧ.

1896 4301 1924 4343 P
1948 4290 2015 4345 R.
2046 4290 2455 4363 ἐννεαμηναῖον.

2558 4298 2586 4337 q
2617 4284 2752 4344 Cod.
2805 4284 2975 4358 αὐτῷ,
3031 4285 3124 4342 sed
3179 4283 3687 4359 syntaxis_videtur
