3928 6246
303 241 444 306 1305

1299 243 1558 306 SERMO
1598 245 1628 306 Ι
1666 243 2068 308 ADVERSUS
2105 244 2589 307 MANICIL‘EOS.

3459 243 3596 310 1306

480 557 832 692 ΤΟΥ
905 556 1488 694 ΑΥΤΟΥ
1575 560 2272 714 ΠΕΤΡΟΥ
2351 560 3401 700 ΣΙΚΕΛΙΩΤΟΥ

1466 802 1837 888 ΛΟΓΟΣ
1938 802 2387 892 ΠΡΩΤΟΣ

289 985 454 1042 Κατὰ
478 984 849 1056 Μανιχαίων,
871 985 992 1059 τῶν
1017 986 1117 1042 καί
1146 987 1589 1059 Παυλικιάνων,
1617 983 1742 1059 τῶν-
1764 985 1876 1059 δύο
1909 983 2286 1059 ἀρχὰς-,εἷναι
2319 988 2646 1058 λεγόντων,
2677 989 2789 1045 ἕνα
2814 989 2964 1044 Θεὸν
2988 988 3168 1044 τοῦδε
3199 988 3308 1044 τοῦ
3330 988 3567 1059 κόσμου

759 1058 1020 1127 ποιητὴν
1057 1058 1158 1112 καί
1191 1056 1624 1126 ὲξουσιαστὴν,
1651 1057 1748 1111 καὶ
1777 1054 1998 1126 ἕτερον’
2011 1054 2170 1112 ’Θεὸν
2193 1054 2348 1114 εἶναι
2376 1054 2484 1114 ἑοῦ
2510 1059 2855 1130 μέλλοντος
2883 1059 3118 1126 αἰῶνος.

797 1391 1678 1551 EJUSDEM
1794 1401 2374 1625 PETRI
2458 1399 3079 1564 SICULI

1428 1682 1868 1791 SEBMO
1933 1669 2450 1794 'PRIMUS

277 1889 605 1984 Adversus
654 1893 1060 1984 Δίαηίοήαξοε,
1100 1895 1210 1972 qui
1273 1900 1331 1954 et
1361 1893 1744 1984 ‘Paulieiani
1793 1893 2124 1984 dicuntur,
2177 1896 2300 1959 duo
2337 1899 2672 1984 principia
2731 1918 2860 1962 esse
2908 1903 3562 1982 afﬁrmantes;unum

359 1970 630 2064 quidem,
691 1975 888 2036 Deum
941 1970 1129 2058 hujus
1182 1971 1403 2036 mundi
1434 1981 1778 2036 creatorem
1809 1983 1867 2036 et
1897 1970 2390 2048 dominatorem;
2419 1970 2693 2041 alterum
2750 1999 2922 2057 vero,
2949 1970 3156 2044 "Deum
3185 1970 3327 2046 esse
3343 1983 3557 2064 futuri

364 2049 601 2114 iteculi.

345 2369 432 2427 Αἰ.
475 2370 676 2444 Ἀδόλῳ
729 2371 825 2429 καὶ
883 2373 1192 2446 ἀδιστάκτῳ
1246 2373 1344 2429 καὶ
1403 2375 1588 2448 τελείᾳ
1647 2377 1714 2448 τῇ
1782 2373 1874 2428 πί-

2052 2376 2229 2451 481.
2257 2373 2541 2431 Sinceram
2565 2383 2622 2431 et
2651 2374 2935 2431 indubiam
2957 2374 3370 2445 perfectamque
3397 2374 3581 2441 fidem,

278 2480 418 2530 στει,
462 2465 874 2538 άκαταγνώστῳ
924 2484 986 2520 τε
1036 2467 1131 2522 καὶ
1164 2466 1395 2541 καθαρῷ
1440 2468 1725 2546 συνειδότι,
1775 2471 1876 2540 τῆς

277 2557 419 2628 πρὸς
449 2559 550 2629 τὴν
573 2559 902 2631 ύπερούσιον
930 2560 1379 2632 θεαρχικωτάτην
1415 2563 1510 2615 καὶ
1560 2561 1876 2634 ζωαρχικὴν

276 2651 368 2703 καὶ
401 2651 611 2705 ἑνιαίαν
659 2652 866 2723 Τριάδα
896 2653 988 2707 τὸν
1031 2653 1193 2723 μόνον
1221 2653 1477 2723 ἀληθινὸν
1529 2653 1663 2706 Θεὸν
1695 2654 1876 2724 ἡμῶν,

271 2742 370 2795 τὸν
392 2741 622 2812 ποιητὴν
643 2741 740 2796 τοῦ
771 2742 1004 2813 ούρανοῦ
1029 2744 1125 2796 καὶ
1151 2743 1251 2813 τῆς
1283 2744 1387 2813 γῆς
1432 2743 1528 2796 καὶ
1569 2744 1750 2814 πάσης
1783 2744 1878 2796 ὰο---

281 2834 451 2904 ράτου
475 2851 534 2886 τε
569 2834 664 2887 καὶ
691 2835 894 2905 ὁρατῆς
934 2835 1185 2900 κτίσεως,
1245 2837 1475 2907 συνοχέα
1517 2855 1576 2890 τε
1601 2838 1696 2891 καὶ
1725 2836 1880 2902 ἐξου-

280 2928 532 2998 σιαστὴν,
568 2928 634 2980 ἐκ
665 2929 871 2996 γονέων
903 2946 963 2981 τε
988 2931 1084 2982 καὶ
1121 2929 1404 3000 προγόνων
1451 2931 1707 2996 ἀκλινοῦς
1741 2935 1877 3003 ὁμο-

275 3018 468 3088 λογίας
503 3019 789 3092 ὑπάρχων,
845 3021 1058 3093 μάρτυς
1097 3025 1130 3094 ἡ
1177 3023 1317 3094 αὐτὴ
1370 3023 1505 3093 ἁγία
1561 3025 1755 3096 Τριὰς,
1784 3027 1880 3082 καὶ

276 3111 486 3176 πάντες
509 3105 590 3176 οἷς
618 3114 1141 3186 συνανεστράφημεν
1191 3116 1472 3187 ἄνθρωποι
1497 3157 1512 3184 ,
1551 3119 1602 3170 εί
1639 3119 1734 3172 καὶ
1763 3121 1878 3183 τοῖς

275 3204 503 3268 οἰκείοις
532 3205 633 3276 τῆς
656 3206 894 3271 πίστεως
932 3207 1118 3278 ἔργοις
1160 3209 1418 3281 ἐλλειπής
1453 3214 1568 3281 εἰμι
1597 3212 1880 3277 παντελῶς

281 3295 432 3369 [cod.
456 3296 497 3351 ί.
531 3296 680 3370 112.]
713 3299 826 3368 ἐγὼ
853 3303 881 3354 ό
913 3301 1239 3372 ἁμαρτωλὸς
1261 3304 1356 3356 καὶ
1387 3303 1625 3370 ἀνάξιος,
1645 3298 1690 3358 ὣ
1725 3305 1880 3376 ἱερώ-

277 3404 444 3443 τατον
475 3388 752 3461 ἄθροισμα
784 3391 882 3462 (1).
906 3391 1176 3463 Πείθομαι
1205 3394 1314 3465 γὰρ
1331 3395 1477 3466 ὑμᾶς
1505 3396 1708 3467 ὀμαδδν
1735 3414 1878 3469 συμ-

283 3482 548 3552 παρεῖναι
569 3483 638 3553 τῇ
659 3481 768 3536 τῶν
801 3485 1182 3555 προκειμένων
1209 3485 1384 3554 λόγων
1407 3487 1670 3559 ἀκροάσει
1703 3507 1762 3543 τε
1785 3488 1880 3543 καὶ

275 3570 548 3637 ἐξετάσει,
580 3574 694 3635 τοῖς
737 3573 1075 3644 προλαϐοῦσι
1121 3576 1190 3631 τὰ
1240 3575 1499 3632 λείποντα
1537 3581 1878 3651 ἐπισυνάψαι

277 3664 618 3735 πειράσομαι
636 3681 652 3698 ·
686 3665 889 3736 μᾶλλον
915 3667 973 3720 δέ
993 3667 1104 3721 τῶν
1135 3671 1554 3742 προειρημένων
1583 3673 1682 3743 οὐχ
1711 3667 1876 3745 ἦττον

1980 2469 2522 2541 irreprebensibilem
2553 2483 2856 2538 puramque
2880 2467 3279 2522 conscientiam
3311 2482 3440 2538 erga
3472 2483 3568 2522 su-

1980 2578 2229 2634 premam
2263 2570 2319 2617 et
2352 2561 2621 2617 divinitus
2647 2560 3048 2624 dominantem,
3076 2558 3348 2619 viviﬁcam
3383 2575 3584 2614 unam-

1979 2670 2086 2726 que
2147 2655 2497 2718 Trinitatem,
2552 2651 2774 2707 unicum
2828 2667 3024 2707 verum
3077 2652 3252 2706 Deum
3305 2660 3579 2716 nostrum,

1982 2745 2107 2800 coeli
2148 2753 2419 2814 terraeque
2468 2751 2794 2807 creatorem,
2832 2741 3122 2811 omnisque
3161 2741 3454 2796 invisibilis
3495 2741 3582 2795 vi-

1981 2838 2262 2909 sibilisque
2303 2839 2381 2893 rei
2441 2845 2640 2892 creatae
2686 2845 3133 2892 conservatorem
3164 2850 3228 2891 ac
3258 2833 3580 2898 Dominum,

1980 2947 2070 2986 me
2100 2931 2214 3002 jam
2250 2929 2379 2985 inde
2406 2945 2437 2984 a
2471 2928 2818 3000 genitoribus
2850 2928 3408 3000 progenitoribusque
3441 2927 3583 2982 meis

1983 3022 2443 3079 indeclinabiliter
2486 3037 2610 3076 esse
2670 3021 3007 3092 professum,
3048 3021 3205 3077 testis
3254 3029 3339 3076 est
3391 3028 3584 3076 sancta

1981 3117 2099 3187 ipsa
2134 3115 2398 3178 Trinitas,
2447 3122 2505 3169 et
2546 3113 2733 3168 cuncti
2775 3115 3104 3184 quibuscum
3157 3121 3409 3168 versatus
3458 3127 3580 3167 sum

1984 3208 2270 3276 homines;
2320 3222 2636 3278 quanquam
2685 3206 2926 3277 propriis
2983 3205 3109 3260 ﬁdei
3166 3205 3428 3276 cperibus
3479 3220 3582 3277 ego

1982 3317 2211 3373 prorsus
2250 3315 2434 3365 careo,
2458 3307 2718 3369 peccator
2740 3306 2795 3352 et
2823 3297 3102 3367 indignus,
3140 3313 3173 3351 ο
3205 3296 3577 3352 sacratissime

1983 3403 2332 3460 conventus;
2377 3407 2542 3462 quem
2579 3390 2706 3461 quia
2747 3389 3040 3445 confertim
3081 3388 3427 3459 superiorum
3464 3403 3584 3444 ser-

1983 3500 2211 3541 monum
2241 3483 2630 3541 auscultationi
2675 3490 2733 3538 et
2761 3480 3129 3553 disquisitioni
3155 3479 3377 3535 affuisse
3396 3479 3579 3544 audio,

1983 3590 2134 3631 nunc
2169 3591 2294 3646 qua:
2326 3573 2562 3630 dicenda
2607 3580 2929 3642 supersunt,
2975 3569 3414 3642 prazcedentibus
3446 3584 3583 3624 con-

1983 3676 2208 3722 nectere
2237 3666 2414 3722 nitar:
2449 3665 2536 3722 vel
2553 3666 2738 3736 potius
2767 3664 3166 3720 accuratiorem
3197 3677 3362 3734 quam
3395 3669 3580 3727 antea,

277 3732 637 3828 massam
664 3732 880 3827 σκέψιν,
901 3759 1042 3814 ἀλλὰ
1066 3761 1163 3813 καὶ
1181 3732 1528 3834 οἰκειοτέραν
1552 3732 1871 3836 ποιίίσομαι.

1981 3761 2188 3819 nedum
2231 3761 2529 3827 minorem,
2562 3760 2760 3815 faciam
2787 3755 3334 3814 commentationem.
3370 3753 3438 3808 Et
3467 3754 3581 3826 pri-

279 3847 394 3904 Καὶ
425 3847 645 3919 πρῶτον
697 3849 797 3919 μὲν
848 3851 950 3916 τὰς
1001 3853 1305 3924 προδήλους
1339 3855 1470 3924 παρ’
1506 3857 1691 3921 αὐτοῖς
1723 3859 1876 3930 αἱρέ-

280 3955 418 4003 σεις,
445 3940 504 3992 ἐν
526 3939 811 4012 κεφαλαίῳ
839 3942 920 3996 ἑνὶ
948 3943 1167 4013 ἑκάστῳ
1198 3943 1555 4016 θριαμϐεύσω
1579 3965 1592 3977 ·
1617 3948 1781 4014 εὐθύς
1814 3967 1874 4003 τε

275 4028 562 4094 ἐνστάσεις
594 4031 690 4085 καὶ
711 4032 1018 4098 ἀντιθέσεις
1055 4034 1366 4099 ἀκολούθως
1405 4037 1639 4092 ἑκάστου
1672 4040 1729 4091 ἐν
1761 4039 1877 4111 ίδίῳ

275 4121 488 4194 χωρίῳ,
517 4122 596 4182 ὡς
625 4124 869 4194 ἐφικτὸν,
898 4127 1238 4199 ποιήσομαι·
1270 4128 1367 4182 καὶ
1409 4129 1549 4199 μετὰ
1583 4130 1743 4186 τοῦτο
1774 4133 1876 4205 τὴν

275 4214 492 4286 πληθὺν
511 4215 622 4270 τῶν
649 4216 752 4286 τῆς
776 4216 928 4282 θείας
965 4219 1190 4291 Γραφῆς
1223 4222 1542 4293 μαρτυριῶν
1573 4224 1872 4296 προσοίσω,

243 4306 343 4360 ιέκ
373 4325 433 4360 τε
459 4308 554 4362 τοῦ
605 4309 764 4378 ἁγίου
816 4312 1119 4366 ἀποστόλου
1182 4312 1398 4367 Παύλου
1453 4315 1875 4388 δεκατεσσάρων

275 4401 603 4470 ἐπιστολῶν,
661 4403 945 4468 Ἰακώὃου,
986 4406 1084 4463 καὶ
1124 4407 1376 4462 Ἰωάννου
1400 4449 1416 4474 ,
1454 4410 1546 4464 καὶ
1585 4409 1680 4463 τοῦ
1715 4411 1874 4480 ἁγίου

286 4491 480 4558 Ἰούδα,
507 4493 605 4548 καὶ
640 4495 750 4549 τῶν
781 4493 1042 4567 Πράξεων
1069 4496 1176 4552 τῶν
1199 4498 1516 4553 ἀποστόλων
1545 4500 1876 4573 ἑρανισάμε-

274 4602 366 4649 νος
391 4602 406 4615 ·
463 4585 540 4650 ὡς
589 4585 700 4658 γὰρ
742 4590 1067 4662 προείρηται
1092 4591 1193 4663 (‘2),
1240 4592 1440 4647 ἐκεῖνοι
1484 4591 1632 4664 ἄλλῳ
1657 4594 1766 4648 τινὶ
1797 4594 1873 4668 μὴ

274 4678 477 4750 χρῆναι
506 4680 792 4737 πείθεσθαι
826 4684 1278 4754 ἐπαγγέλλονται,
1320 4687 1372 4740 εί
1403 4687 1480 4759 μὴ
1520 4687 1733 4753 τούτοις
1776 4689 1872 4744 καὶ

280 4775 487 4844 μόνοις.

347 4869 425 4923 B’.
467 4870 626 4925 Ἔστι
649 4871 759 4944 γὰρ
797 4873 982 4939 αὐτοῖς
1007 4875 1066 4928 ἓν
1088 4877 1266 4932 ἑκεῐνο
1296 4879 1390 4934 καὶ
1425 4880 1544 4935 λίαν
1577 4880 1866 4952 πρόδηλον,

275 4966 336 5018 τὸ
356 4964 450 5019 δύο
476 4966 653 5038 ἀρχὰς
676 4969 963 5039 ὁμολογεῖν
991 4972 1091 5041 ('5),
1121 4990 1254 5044 πονη
1266 4974 1357 5045 ρὸν
1373 4992 1432 5030 τε
1455 4975 1589 5029 Θεὸν
1617 4976 1711 5028 καί
1730 4977 1868 5044 ἀγα-

1977 3872 2072 3912 mo
2100 3853 2324 3925 quidem
2360 3860 2617 3923 patentes
2650 3851 2797 3923 apud
2825 3849 3162 3905 Manichazos
3189 3848 3430 3903 haereses
3461 3846 3581 3901 sin-

1975 3949 2116 4022 gulis
2162 3945 2418 4019 capitulis
2456 3945 2678 4016 publice
2720 3958 3030 4012 exponam:
3068 3940 3264 3996 deinde
3305 3937 3581 3994 contraria

1975 4049 2302 4114 argumenta
2350 4051 2408 4094 et
2447 4036 2939 4097 contradictiones,
2996 4049 3061 4087 ex
3105 4033 3298 4087 ordine
3338 4030 3580 4102 singula-

1976 4150 2121 4200 rum,
2168 4131 2392 4203 proprio
2437 4129 2496 4184 in
2539 4129 2662 4184 loco
2712 4143 2811 4198 pro
2857 4125 3070 4181 viribus
3116 4138 3421 4194 exponam;
3468 4121 3582 4193 49

1975 4234 2252 4297 postremo
2289 4221 2524 4293 plurima
2565 4235 2634 4274 ex
2675 4217 2861 4274 divina
2911 4217 3201 4287 Scriptura
3255 4212 3574 4268 testimonia

1973 4318 2273 4390 proferam,
2307 4331 2375 4372 ex
2414 4313 2568 4369 Pauli
2617 4311 3034 4384 quatuordecim
3074 4307 3342 4378 epistolis,
3385 4306 3576 4363 Jacobi

1975 4412 2128 4476 item,
2161 4420 2216 4465 et
2234 4407 2486 4473 Joannis,
2518 4421 2584 4462 ac
2608 4405 2782 4461 sancti
2805 4403 2980 4471 Iudae,
3015 4414 3073 4458 et
3101 4418 3171 4458 ex
3201 4401 3577 4471 apostolorum

1974 4503 2205 4559 Actibus
2237 4501 2484 4558 collecta.
2521 4498 2770 4568 Namque
2802 4497 2902 4559 illi,
2944 4504 3006 4551 ut
3041 4497 3156 4568 jam
3183 4494 3318 4563 dixi,
3349 4491 3573 4579 nonnisi

1975 4596 2064 4653 his
2084 4595 2215 4652 solis
2238 4592 2577 4650 credendum
2609 4604 2732 4647 esse
2759 4588 3055 4645 aﬂirmaut.

2046 4880 2108 4935 ll.
2152 4877 2504 4933 Notissimum
2545 4874 2690 4945 apud
2733 4873 2882 4943 ipsos
2927 4879 3096 4942 caput
3134 4867 3267 4922 illud
3310 4874 3415 4930 est,
3462 4877 3573 4933 quo

1974 4969 2086 5027 duo
2125 4970 2394 5043 principia
2418 4967 2774 5031 conﬁtentur,
2809 4965 3014 5020 malum
3043 4961 3256 5018 scilicet
3281 4958 3473 5020 Deum,
3505 4970 3570 5010 ac

277 5057 398 5110 θόνο
426 5058 519 5112 τὸν
551 5059 654 5132 μὲν
685 5060 840 5115 τοῦδε
871 5063 966 5116 τοῦ
997 5067 1205 5136 κόσμου
1237 5069 1470 5138 ποιητήν
1495 5086 1553 5122 τε
1585 5069 1680 5122 καὶ
1713 5069 1866 5133 ἐξου-

1981 5067 2218 5129 bonum;
2267 5064 2420 5119 illum
2447 5062 2668 5133 quidem
2717 5059 2906 5114 mundi
2946 5058 3114 5127 hujus
3149 5063 3455 5110 creatorem
3507 5065 3570 5104 ac

278 5151 528 5224 σιιστὴν,
559 5153 652 5207 τὸν
688 5154 746 5206 δὲ
770 5154 865 5207 τοῦ
900 5157 1204 5227 μέλλοντος,
1231 5159 1290 5213 ὃν
1325 5160 1419 5213 καὶ
1461 5160 1679 5229 Πατέρα
1703 5161 1867 5213 ἐπου-

277 5244 464 5315 ράνιον
487 5244 868 5314 ὀνομάζουσιν,
905 5251 1025 5313 ταῖς
1075 5250 1171 5304 τοῦ
1219 5251 1540 5321 δυσωνύμου
1589 5253 1870 5317 Μάνεντος

275 5336 524 5410 αἱρέσεσι
544 5340 642 5404 τὰς
674 5340 812 5406 ἰδίας
841 5341 1058 5407 ἀπάτας
1106 5347 1462 5417 καταλλήλως
1493 5346 1868 5416 ἐπισυνάψαν-

1974 5159 2255 5213 dominum
2277 5198 2292 5221 ,
2324 5157 2472 5211 hunc
2501 5168 2629 5210 vero
2673 5151 2865 5214 futuri,
2905 5165 3069 5220 quem
3096 5147 3260 5202 etiam
3287 5145 3571 5200 caelestem

1976 5254 2194 5308 Patrem
2240 5249 2565 5314 nominaut;
2613 5243 2836 5300 infamis
2870 5241 3100 5296 Manetis
3140 5237 3446 5314 hmresihus
3476 5251 3569 5289 er-

1979 5363 2132 5403 rores
2172 5360 2300 5402 suos
2326 5342 2567 5400 vicissim
2599 5346 3016 5396 counectentes.
3055 5335 3124 5391 Et
3153 5333 3313 5413 nobis
3341 5331 3563 5402 quidem

350 5499 429 5570 (Ι)
460 5500 730 5579 ίιοίιιιὶιψ
763 5513 979 5579 auctor
1017 5521 1143 5579 cum
1187 5506 1454 5579 Bulgariae
1509 5509 1859 5566 sacerdotum
1969 5509 2046 5564 sis
2073 5514 2395 5579 muneratur
2423 5500 2802 5579 serumnihus,
2855 5498 2907 5554 id
2971 5505 3053 5553 cst
3085 5497 3358 5551 haereseos
3393 5491 3571 5549 Mani-

279 5581 449 5658 cqatu,
476 5582 642 5642 prout
673 5574 802 5656 fecit
832 5575 996 5658 etiam
1057 5578 1112 5631 in
1168 5574 1394 5658 epistola
1454 5582 1654 5651 praevia
1687 5581 1862 5636 histo-

277 5657 407 5723 riae;
450 5660 593 5723 quos
623 5651 751 5723 quia
783 5651 1022 5717 priorem
1057 5651 1236 5718 operis
1261 5660 1468 5723 partem
1495 5653 1739 5707 studiose
1764 5667 1865 5706 au-

281 5712 404 5770 dire
440 5712 534 5770 aut
573 5712 818 5774 lectitare
857 5712 1109 5787 noverat,
1149 5712 1296 5777 nunc
1320 5721 1443 5778 aliis
1480 5723 1587 5796 jam
1635 5725 1866 5794 promis-

1974 5579 2180 5635 chaicm
2217 5573 2668 5630 refutationibus.

2047 5650 2123 5720 ('2)
2160 5649 2215 5720 In
2243 5641 2620 5720 historiacap'.

2052 5715 2126 5793 (5)
2158 5719 2291 5775 Item
2325 5718 2454 5774 hist.
2491 5716 2595 5771 loc.
2631 5715 2722 5768 cit.
