3928 6246
447 226 589 294 1307

439 452 558 492 rem
585 439 754 496 Deum
785 448 973 502 mundi
1011 449 1210 522 hujus;
1243 472 1344 511 nos
1385 472 1514 512 vero
1541 458 1597 512 in
1634 458 1786 512 illum
1822 459 2028 529 dequo

436 542 693 590 sanctum
745 536 1101 613 Evangelium
1137 548 1308 605 dicit:
1354 550 1541 618 Neque
1577 570 1751 607 vocem
1793 554 1909 621 ejus
1936 572 2037 609 au-

436 627 612 691 distis,
647 648 810 702 neque
852 639 1078 705 speciem
1127 642 1243 713 ejus
1291 645 1525 712 vidistis,
1571 656 1620 701 et
1666 649 1881 703 verbum
1918 649 2035 719 ejus

440 734 545 773 non
575 722 774 779 habetis
826 727 883 780 in
931 733 1074 787 vobis
1125 751 1342 790 manens
1374 739 1441 791 ⁵⁵.
1498 737 1604 793 Sed
1641 739 1788 794 enim
1838 741 1907 796 de
1931 740 2035 797 hoc

436 813 657 883 quidem
700 819 860 885 paulo
894 832 1017 890 post
1045 823 1352 894 loquemur.
1395 829 1551 885 Nunc
1575 828 1876 900 Scriptum
1942 841 2025 887 te.

438 904 698 961 stimonia
719 924 840 977 quze
879 912 992 969 sint
1018 916 1323 975 audiamus.
1357 919 1498 986 Quid
1539 921 1629 976 isti
1676 924 1820 977 enim
1856 922 2033 977 insani

438 999 631 1054 aiunt?
674 1001 787 1058 Nos
834 1021 903 1061 ex
928 1006 1226 1082 Evangelia
1261 1022 1318 1069 et
1357 1031 1423 1069 ex
1455 1016 1718 1086 Apostolo
1746 1016 2037 1073 didicimus

440 1094 759 1152 existimare
781 1109 836 1153 et
861 1100 1060 1170 dicere,
1087 1106 1254 1161 alium
1282 1123 1406 1163 esse
1446 1109 1616 1164 Deum
1653 1112 1841 1165 mundi
1873 1112 2037 1181 hujus

434 1197 740 1242 creatorem
789 1206 853 1246 ac
901 1192 1205 1263 dominum,
1230 1208 1285 1253 et
1305 1201 1470 1255 alium
1500 1201 1671 1257 futuri
1695 1202 1883 1273 ;juxta
1904 1204 2037 1260 illud

434 1278 688 1347 Apostoli
716 1282 941 1338 ell‘atum
964 1303 976 1339 :
1026 1287 1164 1343 Deus
1190 1292 1349 1361 hujus
1377 1294 1559 1347 διεσαιὶ
1584 1296 1869 1349 exctecavit
1892 1313 2039 1349 men-

436 1377 514 1423 tes
545 1372 857 1443 inﬁdelium,
893 1387 948 1431 ut
975 1397 1079 1433 non
1124 1383 1322 1455 fulgeat
1344 1385 1449 1440 illis
1480 1386 1810 1442 illuminatio
1852 1388 2039 1460 gloria:

436 1461 719 1535 Evangelii
748 1467 943 1524 Christi
977 1473 1045 1526 ³⁸.
1093 1474 1158 1529 Et
1197 1476 1305 1531 alio
1336 1478 1496 1532 loco:
1539 1477 1842 1534 Secundum
1886 1482 2038 1551 prin-

436 1554 605 1622 cipem
652 1563 927 1627 potestatis
991 1567 1131 1619 aeris
1176 1568 1335 1637 hujus
1363 1571 1430 1623 ⁵⁸.
1482 1570 1621 1625 Tum
1670 1572 1835 1626 etiam
1883 1574 2040 1643 juxta

435 1644 655 1701 Domini
688 1654 858 1707 verba
906 1656 960 1709 in
992 1650 1164 1715 sacris
1206 1662 1518 1734 Evangeliis
1550 1684 1563 1718 :
1616 1664 1763 1719 Venit
1794 1667 2039 1737 princeps

1847 250 2078 313 PETRI
2117 254 2371 319 SICULI

439 344 797 404 adversantes
838 350 1028 409 aiunt:
1065 353 1173 415 Vos
1198 363 1420 430 quidem
1459 363 1681 420 creditis
1721 364 1777 419 in
1807 364 2033 421 Creato-

2142 389 2249 437 τες.
2292 377 2403 430 Καὶ
2432 380 2571 450 πρὸς
2602 382 2750 452 ἡμᾶς
2786 386 2889 457 μὲν
2917 388 3058 443 ἀποτ

3579 277 3699 343 1308

3061 393 3330 463 εινόμενοι
3355 390 3611 460 λέγουσιν,
3628 396 3700 448 δτι

2149 466 2360 538 Ὑμεῖς,
2396 473 2582 543 φησιν,
2616 478 2903 533 πιστεύετε
2942 484 3022 546 είς
3054 484 3146 537 τὸν
3185 486 3581 556 κοσμοποιητὴν
3621 488 3703 541 τὸν

2135 558 2271 612 Θεὸν
2299 561 2394 615 τοῦ
2439 564 2647 636 κόσμου
2679 570 2895 640 τούτου,
2938 576 3102 645 ἡμεῖς
3129 576 3187 630 δὲ
3231 579 3312 640 είς
3367 580 3569 633 ἐκεῖνον
3590 581 3703 650 περὶ

2135 644 2197 706 οὗ
2220 653 2281 706 τὸ
2302 653 2458 722 ἅγιον
2492 658 2833 729 Εὐαγγέλιον
2875 644 3024 734 λέγει
3049 707 3064 732 ,
3104 670 3186 723 ὅτι
3220 671 3369 725 Οὔτε
3384 671 3586 740 φωνὴν
3612 644 3703 724 αύ-

2135 746 2242 799 τοῦ
2265 747 2580 817 ἀκηκόατε,
2618 752 2765 826 [cod.
2801 756 2841 811 f.
2877 759 2979 814 112
3013 760 3101 833 b.]
3142 761 3283 816 οὔτε
3333 759 3489 829 εἶδος
3534 763 3703 817 αὑτοῦ

2134 834 2448 906 ἑωράκατε,
2490 843 2588 896 καὶ
2612 844 2721 898 τὸν
2748 848 2935 917 λόγον
2961 850 3148 904 αὑτοῦ
3178 853 3290 905 οὐκ
3320 854 3486 921 ἔχετε
3508 852 3703 919 μένον-

2134 945 2210 982 τιι
2237 930 2305 983 ἐν
2326 932 2491 1001 ὑμῖν.
2532 935 2696 991 Ἀλλὰ
2724 942 2851 1009 περὶ
2884 941 2984 1011 μὲν
3023 942 3216 997 τούτου
3262 943 3457 1014 μικρὸν
3496 943 3703 1014 ὕστερον

2136 1021 2372 1092 ἐροῦμεν
2392 1042 2404 1054 ·
2433 1025 2572 1089 τέως
2606 1028 2663 1081 δὲ
2702 1029 2771 1083 τὰ
2800 1030 3054 1101 Γραφικά
3088 1034 3448 1104 προϐλήματα
3480 1029 3566 1088 οἷά
3584 1034 3701 1087 είσιν

2135 1113 2483 1185 ἀκούσωμεν.
2522 1120 2587 1173 Τί
2620 1122 2727 1193 γάρ
2760 1141 2923 1190 φασιν
2955 1128 3004 1178 οί
3032 1126 3286 1196 ἀνόητοι;
3332 1126 3518 1195 Ἡμεῖς
3548 1124 3701 1179 ὲκτοῦ

2137 1205 2470 1275 Εὑαγγελίου
2489 1214 2581 1264 καὶ
2600 1213 2694 1266 τοῦ
2736 1215 3059 1270 ’Δποστόλου
3098 1217 3479 1289 παρελάϐομεν
3502 1220 3634 1271 νοεῖν
3651 1235 3698 1270 τε

2138 1299 2236 1353 καὶ
2262 1301 2443 1370 λέγειν
2472 1304 2631 1359 ἄλλον
2663 1302 2804 1361 εἶναι
2830 1308 2965 1362 Θεὸν
2997 1310 3151 1365 τοῦδε
3183 1311 3278 1364 τοῦ
3311 1313 3518 1382 κόσμου
3559 1327 3700 1381 ποιη-

2137 1393 2239 1462 τήν
2265 1411 2325 1447 τε
2358 1397 2452 1448 καὶ
2481 1396 2862 1473 ὲξουσιαστὴν,
2922 1403 3017 1455 καὶ
3063 1402 3250 1473 ἕτερον
3269 1402 3365 1456 τοῦ
3400 1402 3700 1472 μὲλλοντος’

2139 1487 2282 1539 κατά
2308 1488 2367 1540 τὸ
2403 1490 2565 1559 ῥητὸν
2600 1491 2662 1545 τὸ
2694 1492 2799 1547 ὑπὸ
2830 1494 2924 1548 τοῦ
2969 1496 3295 1549 Ἀποστόλου
3327 1494 3629 1567 εἰρημένον,
3658 1495 3704 1546 '0

2141 1576 2287 1644 Θεὸς
2334 1579 2551 1648 αἰῶνος
2605 1585 2822 1640 τούτου
2869 1587 3185 1656 ἐτύφλωσε
3222 1589 3294 1643 τὰ
3325 1587 3589 1656 νοήματα
3608 1585 3709 1640 τῶν

2140 1669 2434 1737 ἀπίστων,
2460 1676 2547 1740 εἰς
2581 1679 2647 1730 τὸ
2667 1677 2754 1746 μὴ
2778 1680 3038 1748 αὐγάσαι
3066 1680 3271 1747 αὐτοῖς
3298 1680 3406 1733 τὸν
3429 1678 3706 1748 φωτισμὸν

433 1737 594 1806 hujus
632 1744 837 1807 mundi,
865 1753 913 1798 et
942 1746 996 1801 in
1034 1750 1182 1803 nobis
1212 1752 1342 1806 nihil
1367 1754 1593 1809 inveniet
1627 1755 1695 1809 ⁸⁷.
1727 1754 1843 1810 lmo
1877 1771 2023 1825 saepe

2142 1760 2245 1829 τῆς
2280 1761 2467 1831 δόξης
2520 1737 2627 1819 τοῦ
2667 1737 3051 1838 Ἐύαγγελίου
3086 1770 3192 1824 τοῦ
3228 1737 3488 1839 ἑριστόῦ
3509 1784 3522 1799 ·
3557 1767 3641 1820 καὶ
3662 1768 3710 1819 ἐν

434 1831 628 1885 mundi
660 1835 965 1906 principem
1000 1846 1340 1913 nuncupavit
1373 1855 1680 1915 apostatam
1723 1847 2027 1902 diabolum.

2141 1853 2314 1925 ἑτέρῳ
2344 1857 2508 1926 φησίν
2531 1873 2542 1885 ·
2578 1860 2739 1913 Κατὰ
2760 1863 2870 1915 τὸν
2891 1861 3154 1931 ἄρχοντα
3182 1860 3294 1929 τῆς
3318 1859 3598 1925 ἐξουσίας
3622 1855 3708 1910 τοῦ

435 1923 612 1991 ἀέρος
639 1929 855 1984 τούτου
882 1947 894 1960 ·
927 1936 1023 1987 καὶ
1056 1936 1197 1990 κατά
1224 1938 1285 1991 τὸ
1316 1940 1422 1994 ὑπὸ
1452 1940 1546 1994 τοῦ
1600 1944 1807 2015 Κυρίου
1838 1946 1896 1998 ἐν
1925 1947 2039 2008 τοῖς
2110 1923 2294 2017 ἱεροῖς
2336 1923 2693 2023 Εύαγγελίοις
2748 1923 3042 2027 λεγόμενον
3062 1974 3075 1987 ⁶
3124 1959 3187 2009 '0
3490 1953 3590 2008 τοῦ
3636 1952 3711 2005 κύ·

435 2034 597 2087 σμου
642 2022 858 2077 τούτου
882 2026 1137 2096 ἔρχεται,
1174 2032 1271 2085 καὶ
1303 2032 1373 2086 ἐν
1408 2035 1554 2105 ἡμῖν
1588 2037 1837 2107 εὑρήσει
1861 2036 2063 2095 οὐδέν.
2095 2042 2208 2095 Καὶ
2269 2022 2531 2111 πολλάκις
2590 2022 2834 2121 ἄρχοντα
2880 2022 2978 2104 τοῦ
3032 2051 3244 2122 κόσμου
3422 2048 3711 2120 ἀποστάτην

434 2112 682 2168 διάϐολον
711 2119 1110 2178 ἀποκαλοῦντα.

508 2206 601 2263 lll.
647 2208 739 2265 llis
765 2215 1040 2281 quomodo
1064 2233 1165 2272 nos
1195 2224 1590 2279 occurremus?
1626 2224 1781 2291 Quod
1806 2228 1925 2283 haec
1958 2229 2033 2283 ita

436 2300 549 2356 sint
589 2304 813 2373 scripta,
847 2324 916 2362 ne
961 2325 1065 2365 nos
1111 2314 1337 2381 quidem
1379 2332 1646 2389 negamus
1691 2338 1704 2374 :
1756 2337 1880 2376 nam
1906 2324 2033 2379 mali

435 2396 581 2449 servi
614 2396 856 2454 cilicium
899 2414 983 2458 est
1014 2408 1398 2464 auctoritatem
1448 2412 1675 2468 herilem
1718 2416 2033 2486 repudiare,

434 2498 490 2543 et
516 2499 705 2545 contra
736 2492 1027 2550 Dominum
1076 2498 1405 2571 insurgere;
1442 2513 1499 2559 et
1528 2521 1651 2575 qua:
1684 2506 1738 2559 in
1772 2507 1837 2562 iis
1878 2509 2035 2566 libris

433 2581 524 2652 pie
545 2581 804 2653 justeque
829 2586 970 2641 dicta
1006 2600 1136 2644 sunt
1176 2601 1232 2646 et
1270 2602 1415 2657 acta,
1446 2598 1737 2652 sententiae
1765 2598 2034 2670 improbi-

458 2683 570 2729 tate
614 2676 841 2733 falsare:
879 2680 1045 2736 veluti
1078 2684 1399 2740 calumniari
1444 2688 1618 2755 illum,
1655 2692 1745 2760 qui
1793 2692 2035 2749 fornica-

433 2766 639 2823 tionem
683 2780 851 2837 vetat,
886 2774 1043 2843 quasi
1083 2787 1395 2835 contractas
1443 2781 1497 2835 in
1542 2782 1777 2840 Domino
1811 2787 2032 2857 nuptias

433 2860 805 2930 abominetur,
857 2869 1008 2923 omni
1074 2870 1188 2925 vini
1239 2871 1349 2943 50
1401 2884 1620 2945 gustatu
1679 2877 2031 2946 interdicere,

434 2952 582 3020 quod
630 2954 833 3025 alioqui
869 2958 1015 3014 bona
1051 2960 1145 3016 Dei
1194 2972 1445 3019 creatura
1493 2975 1609 3029 est,
1652 2983 1834 3038 neque
1872 2986 2034 3039 repu-

2215 2229 2254 2281 Γ
2257 2229 2457 2300 ’.Ἠρὸς
2477 2228 2571 2293 οὒς
2597 2229 2711 2295 πῶς
2731 2231 3121 2305 ἀπαντήσομεν
3140 2236 3287 2303 ;”Οτι
3324 2235 3426 2306 μὲν
3447 2235 3610 2290 ταῦτα
3630 2235 3707 2289 οὕ-

2142 2339 2251 2386 τως
2277 2323 2610 2393 γέγραπται,
2646 2325 2767 2378 οὐδὲ
2799 2327 2962 2395 ἡμεῖς
3007 2327 3313 2397 ἀθετοῦμεν
3334 2346 3347 2358 ”
3379 2329 3577 2383 δούλων
3617 2331 3707 2399 γὰρ

2142 2408 2330 2462 κακῶν
2360 2411 2574 2463 ἀθετεῖν
2602 2411 2942 2478 δεσποτείαν,
2976 2415 3070 2469 καὶ
3101 2418 3505 2472 ἐπανίστασθαι
3542 2420 3706 2489 κυριό-

2140 2518 2286 2572 τητι,
2315 2503 2409 2555 καὶ
2436 2503 2506 2555 τά
2533 2504 2666 2574 παρ’
2697 2505 2880 2559 αὐτῶν
2907 2507 3150 2571 εὐσεϐῶς
3187 2510 3287 2563 καὶ
3324 2510 3547 2575 δικαίως
3574 2512 3705 2579 λεγό-

2145 2596 2283 2665 μενά
2311 2611 2369 2647 τε
2406 2596 2501 2649 καὶ
2540 2597 2916 2669 πραττόμενα,
2971 2601 3249 2673 μοχθηρίᾳ
3294 2602 3522 2675 γνώμης
3548 2621 3705 2676 παρα-

2140 2688 2490 2758 γράφεσθαι·
2531 2683 2645 2742 οἷον
2695 2690 2788 2744 τὸν
2840 2691 2941 2763 τὴν
2996 2694 3260 2763 πορνείαν
3287 2697 3704 2768 ἀποτρεπόμενον

2142 2783 2526 2848 συκοφαντεῖν,
2563 2782 2640 2844 ὠς
2671 2782 2765 2837 τὸν
2788 2784 2846 2836 ὲν
2886 2784 3079 2856 Κυρίῳ
3110 2786 3289 2857 γάμον
3326 2788 3700 2858 βδελύττεσθαι·

2141 2874 2440 2938 παντελοῦς
2460 2875 2705 2943 γεύσεως
2738 2877 2886 2930 οἴνου
2912 2878 3275 2948 προστάττειν
3315 2882 3703 2947 διακωλύεσθαι,

2140 2969 2279 3039 ὅπερ
2310 2969 2521 3038 κτίσμα
2568 2971 2735 3024 καλόν
2781 2973 2898 3025 ἐστι
2932 2975 3025 3026 καὶ
3055 2975 3157 3027 ούκ
3210 2975 3541 3046 ἀπόϐλητον,
3589 2976 3705 3045 μετὰ

433 3043 720 3111 diandum,
756 3050 848 3104 sed
877 3067 1004 3107 cum
1037 3054 1336 3122 gratiarum
1378 3060 1561 3128 potius
1600 3060 1817 3117 actione
1849 3063 2033 3118 mode-

2142 3064 2491 3133 εὐχαριστίας
2544 3064 2787 3135 μετρίως
2818 3065 3252 3137 λαμϐανόμενον.
3311 3043 3457 3140 [cod.
3490 3068 3526 3121 Γ.
3571 3043 3701 3138 “5.1

434 3142 554 3188 rate
596 3138 947 3193 sumendum.
982 3139 1303 3211 llujusmodi
1330 3154 1386 3199 et
1410 3146 1546 3201 alias
1583 3148 1826 3217 reperies
1853 3150 1908 3204 in
1944 3166 2035 3206 sa-

429 3223 540 3280 cris
576 3226 884 3299 divinisque
914 3232 1212 3304 Scripturis
1253 3237 1569 3306 particulas,
1599 3240 1815 3309 poetico
1876 3242 2038 3297 modo

432 3318 521 3371 vel
554 3320 899 3391 :enigmatico
922 3337 977 3379 et
1015 3329 1346 3400 quandoque
1392 3332 1630 3402 abrupto
1696 3334 1766 3389 ob
1828 3335 2037 3390 laconi-

436 3425 621 3466 smum
644 3413 939 3485 dictionis;
966 3435 1087 3489 quae
1125 3422 1414 3493 mysticum
1440 3425 1783 3481 auditoribus
1815 3440 2035 3483 sensum

433 3500 726 3570 objiciunt,
764 3506 810 3560 si
860 3509 1025 3564 modo
1068 3511 1285 3567 sincero
1314 3515 1530 3581 auditu,
1562 3525 1619 3572 et
1658 3534 1769 3573 non
1813 3519 2034 3574 aurium

432 3595 651 3664 pruritu
682 3597 831 3654 ducti
873 3602 1034 3659 dictis
1074 3605 1383 3662 attendant.
1424 3609 1538 3664 Nos
1570 3619 1752 3665 autem
1808 3626 2033 3668 veraces

434 3686 531 3741 Dei
562 3689 903 3757 adoratores.
939 3696 1426 3755 Christianissima
1459 3711 1514 3757 et
1543 3704 1865 3759 rectissima:
1908 3721 2035 3760 sen-

432 3782 622 3837 tentia:
666 3787 837 3855 natio,
888 3789 970 3843 sic
1010 3790 1117 3846 illis
1158 3795 1637 3864 respondebimus.
1684 3798 1807 3853 Non
1852 3798 1930 3853 ita
1974 3814 2034 3854 se

434 3872 601 3929 habet
636 3885 695 3930 ut
719 3893 814 3933 vos
860 3880 1041 3938 dicitis
1084 3893 1249 3956 atque
1296 3887 1597 3960 intelligitis
1623 3890 1822 3946 divinae
1866 3890 2019 3948 Scri-

432 3972 609 4035 pturae
639 3968 812 4037 locus,
849 3988 1013 4042 quem
1053 3991 1153 4032 vos
1194 3980 1393 4035 vestris
1433 3983 1688 4038 terminis
1732 3990 1897 4053 atque
1940 3999 2030 4039 re-

434 4058 575 4129 gulis
602 4062 924 4119 conclusum
970 4070 1200 4138 tenetis;
1237 4088 1363 4126 cum
1401 4056 1585 4129 tamen
1634 4076 1794 4145 pauci
1843 4076 2033 4131 admo-

434 4150 564 4205 dum
596 4153 714 4209 sitis
744 4166 796 4210 et
830 4157 988 4215 facile
1018 4165 1414 4228 numerabiles,
1445 4176 1502 4221 ct
1534 4167 1941 4224 inconsiderate
1971 4184 2037 4225 ac

439 4252 647 4302 temere
680 4260 877 4307 vestra:
905 4265 1069 4311 secta:
1103 4258 1289 4313 omnia
1318 4261 1621 4326 retineatis,
1646 4268 1701 4316 et
1734 4262 1786 4316 in
1854 4278 2038 4319 come-

435 4336 710 4395 stionibus
736 4358 954 4414 semper
989 4350 1334 4421 crapulisque
1362 4369 1473 4407 non
1502 4364 1683 4409 autem
1714 4355 1897 4410 sobrie
1923 4356 2042 4411 haec

2146 3157 2257 3209 Kal.
2283 3156 2418 3212 ἄλλα.
2445 3158 2567 3211 τινὰ
2595 3156 2822 3213 τοιαῦτα
2852 3160 3023 3230 μυρία
3053 3160 3310 3232 εὑρήσεις
3334 3164 3393 3215 ὲν
3419 3163 3533 3224 ταῖς
3557 3161 3705 3231 ἱεραῖς

2146 3249 2241 3302 καὶ
2278 3249 2451 3313 θείαις
2475 3252 2722 3321 Γραφαῖς
2757 3251 2901 3306 κατά
2947 3254 3269 3323 ποιητικοὺς
3328 3255 3560 3325 τρόπους
3590 3254 3707 3309 alw-

2143 3339 2449 3409 γματωδῶς
2481 3341 2582 3412 μὲν
2609 3343 2701 3395 καὶ
2729 3343 2996 3408 ὲλλειπῶς
3024 3345 3113 3398 ὅτε
3140 3345 3295 3417 τύχοι
3320 3349 3386 3417 τῇ
3420 3346 3609 3417 φράσει
3630 3345 3704 3398 διὰ

2142 3431 2204 3485 τδ
2229 3432 2522 3502 ἀπέριττον
2556 3434 2859 3506 λεγόμενα,
2896 3438 3176 3508 μυστικῶς
3198 3439 3255 3493 δὲ
3295 3443 3411 3504 τοῖς
3434 3440 3706 3511 ἀκροαταῖς

2142 3522 2471 3594 δηλούμενα,
2498 3527 2660 3599 εἴπερ
2691 3528 2886 3600 ἀληθεῖ
2924 3530 3207 3603 ἀκροάσει,
3236 3532 3336 3585 καὶ
3364 3533 3426 3585 οὐ
3453 3532 3701 3602 κνησμονῇ

2132 3613 2234 3683 τῆς
2273 3614 2446 3684 ἀκοῆς
2497 3616 2756 3687 ἀγόμενοι
2799 3622 2914 3683 τοῖς
2969 3620 3294 3691 λεγομένοις
3321 3623 3701 3693 ῖπροσέχουσιν.

2144 3704 2334 3773 Ἡμεῖς
2366 3704 2421 3758 δὲ
2442 3706 2492 3759 oi
2511 3705 2757 3778 ἀληθινοὶ
2787 3708 2882 3762 τοῦ
2921 3708 3057 3763 Θεοῦ
3085 3713 3483 3781 προσκυνηταὶ,
3506 3712 3565 3763 τὸ
3590 3711 3702 3779 Χρι.

2134 3797 2558 3853 στιανικώτατον
2591 3800 2686 3854 καὶ
2706 3801 3121 3872 ὀρθοδοξότατον
3144 3802 3340 3872 φῦλον,
3366 3804 3503 3875 πρὸς
3532 3801 3703 3864 αὐτοὺς

2130 3887 2301 3952 οὕτως
2328 3890 2583 3961 ὲροῦμεψ
2613 3893 2729 3947 υύκ
2746 3892 2918 3959 ἔστιν,
2954 3893 3029 3959 ῶς
3060 3912 3197 3964 φατε
3220 3898 3319 3949 καὶ⁴
3350 3898 3519 3950 νοεῖτε
3544 3895 3601 3948 τὸ
3621 3894 3703 3963 τῆς

2138 3982 2290 4051 ἱερᾶς
2321 3983 2549 4054 Γραφῆς
2570 3984 2769 4056 χωρίον
2792 3989 2906 4051 τοῖς
2940 3988 3229 4060 ὑμετέροις
3248 3989 3401 4061 ὅροις
3426 3990 3518 4042 καὶ
3544 3988 3702 4058 νόμοις

2138 4074 2603 4144 περιειλημμένον
2636 4075 2842 4144 ὀλίγοις
2870 4076 2992 4130 οὖσι
3034 4080 3129 4130 καὶ
3170 4079 3582 4150 εύαριθμήτοις,
3628 4073 3703 4129 καὶ

2138 4163 2517 4230 ἀνεξετάστως
2576 4168 2668 4220 καὶ
2721 4168 3106 4233 ἀϐασανίστως
3153 4171 3221 4224 τὰ
3268 4172 3374 4241 τῆς
3431 4168 3559 4240 παρ’
3594 4168 3702 4237 ὑμῖν

2142 4259 2441 4331 θρησκείας
2474 4260 2652 4315 πάντα
2684 4262 3000 4335 κατέχουσι,
3042 4264 3137 4319 καὶ
3184 4266 3242 4318 ὲν
3305 4266 3516 4336 κώμοις
3553 4263 3703 4317 ταῦτα

2147 4354 2241 4407 καὶ
2274 4353 2467 4423 μέθαις
2496 4355 2731 4409 πάντοτε
2762 4358 2854 4410 καὶ
2881 4358 2942 4410 οὐ
2990 4357 3276 4429 νηφαλέως
3323 4358 3699 4428 προφέρουσιν·

437 4427 720 4488 dictitetis.
764 4437 871 4494 Sed
898 4440 987 4496 ille
1013 4443 1235 4499 demum
1274 4461 1471 4503 sensus
1500 4458 1603 4513 est,
1643 4465 1806 4519 quem
1831 4450 2033 4505 multo-

2143 4447 2257 4501 ἀλλ’
2285 4448 2313 4500 ὃ
2344 4448 2557 4502 πολλῶν
2585 4448 2747 4521 ἱερῶν
2785 4453 2878 4503 καὶ
2909 4427 3303 4524 ἀναριθμήτων
3328 4427 3567 4521 λογάδων
3598 4466 3703 4502 συν-

436 4536 559 4576 rum
586 4529 928 4587 sacerdotum
961 4544 1016 4591 et
1040 4537 1524 4597 innumerabilium
1553 4543 1884 4612 sapientium
1912 4554 2029 4599 tur-

438 4614 507 4670 ba
535 4622 836 4693 constituit,
868 4627 1157 4697 laboriose,
1186 4635 1507 4703 prudenter,
1530 4636 1736 4696 sobrie.
1764 4653 1874 4691 non
1908 4637 2029 4695 sine

429 4708 653 4780 jejuniis
679 4731 743 4771 ac
770 4722 1046 4790 precibus,
1071 4741 1197 4781 cum
1232 4728 1385 4783 lance
1414 4729 1596 4784 omnia
1627 4746 1691 4785 ac
1712 4738 1913 4787 statera
1937 4732 1995 4787 in

439 4805 612 4861 sacris
654 4820 711 4863 et
754 4816 1112 4874 mcumenicis
1162 4821 1406 4891 synodis,
1440 4832 1605 4891 prout
1656 4824 1766 4879 Deo
1804 4825 2032 4897 dignum

437 4906 541 4961 est,
583 4910 791 4956 rectum
817 4920 939 4962 esse
972 4908 1242 4966 definivit.
1277 4911 1522 4983 Namque
1548 4921 1604 4968 et
1634 4913 1775 4983 loco,
1810 4924 1867 4971 et
1896 4919 2035 4973 mul-

438 4988 695 5059 titudine,
722 5007 778 5050 et
812 5000 1009 5055 robore
1055 5011 1223 5073 atque
1270 5004 1465 5060 ﬁducia
1497 5022 1597 5062 nos
1628 5008 1864 5078 palmam
1899 5010 2034 5065 feri-

438 5097 559 5137 mus
584 5102 595 5137 :
632 5085 797 5157 idque
812 5090 948 5146 adeo
974 5094 1143 5149 multa
1167 5095 1552 5152 benevolentia
1581 5100 1814 5169 permoti
1847 5101 2031 5156 vobis-

438 5187 563 5229 cum
596 5177 893 5250 loquimur,
950 5201 1185 5255 quorum
1233 5189 1481 5243 nonnulli
1534 5192 1781 5247 membra
1842 5200 2030 5247 nostra

438 5270 735 5340 aliquando
784 5276 987 5342 fuistis,
1040 5290 1203 5351 atque
1238 5282 1435 5337 iterum
1480 5287 1711 5353 potestis
1754 5286 1943 5352 inseri,
1974 5297 2035 5341 ut

440 5366 677 5436 ingenue
739 5369 1022 5441 dicamus,
1085 5375 1131 5429 si
1177 5375 1398 5445 quidem
1452 5378 1661 5445 velitis,
1719 5378 1775 5433 in
1830 5380 2032 5435 bonam

437 5459 616 5515 oleam
645 5461 712 5518 ⁸⁸.

511 5553 601 5609 lV.
636 5554 866 5627 Oportet
902 5560 1090 5632 itaque
1122 5566 1488 5635 apostolicum
1518 5567 1723 5622 dictum
1758 5568 2032 5639 recapitu-

442 5716 447 5733 ⁷
516 5714 747 5769 ⁵³10311.
793 5734 845 5783 ν,
879 5717 965 5783 57,
999 5721 1089 5775 58.
1169 5722 1211 5755 ⁵⁵
1240 5720 1279 5775 ll
1334 5724 1461 5779 Cor.
1494 5741 1568 5791 tv,
1610 5726 1663 5779 4.
1743 5727 1787 5758 ⁵⁵
1818 5724 2018 5796 Ephes.
2058 5742 2114 5790 tl,

2138 4541 2409 4610 εστήσατο
2459 4541 2669 4611 ὅμιλος,
2702 4542 3101 4614 πεπονημένως
3150 4544 3247 4598 καὶ
3284 4539 3703 4615 ἑπιστημονικῶς

2138 4633 2233 4686 καὶ
2265 4634 2551 4703 νηφαλέως
2605 4636 2664 4688 ἐν
2697 4635 2975 4704 νηστείαις
3034 4636 3129 4690 καὶ
3177 4638 3508 4707 προσευχαῖς
3548 4635 3703 4688 πάντα

2136 4724 2289 4794 ζυγῷ
2338 4728 2432 4778 καὶ
2484 4725 2705 4799 στάθμῃ
2746 4729 2803 4781 ὲν
2836 4729 3008 4798 ἱεραῖς
3039 4728 3135 4781 καὶ
3163 4729 3699 4809 οἰκουμενικαῖςισυν-

2136 4818 2276 4882 ὁδοις
2301 4820 2622 4889 θεοπρεπῶς
2650 4820 3004 4875 διῐθυνάντων
3025 4838 3038 4851 ·
3066 4821 3160 4873 καὶ
3189 4820 3297 4892 γὰρ
3332 4821 3427 4873 καὶ
3466 4819 3540 4891 τῷ
3568 4811 3699 4886 τόπῳ

2137 4911 2231 4963 καὶ
2260 4910 2336 4980 τῷ
2371 4911 2565 4983 πλήθει
2597 4912 2692 4965 καὶ
2715 4913 2782 4983 τῇ
2813 4911 3176 4984 διακρατήσει
3203 4912 3299 4965 καὶ
3324 4913 3389 4983 τῇ
3417 4909 3698 4982 παρρησίᾳ,

2136 5007 2297 5077 ἡμεῖς
2339 5006 2657 5077 κεκτήμεθα
2712 5007 2781 5060 τά
2810 5008 3106 5078 νικητήρια
3127 5022 3143 5038 ο
3197 5007 3291 5059 καὶ
3320 5005 3479 5060 τοῦτο
3509 5003 3593 5056 ὑπ’
3620 5001 3697 5054 εύ-

2136 5098 2493 5168 γνωμοσύνης
2520 5099 2726 5170 πολλῆς
2753 5098 2890 5169 πρὸς
2918 5100 3063 5167 ὑμᾶς
3088 5096 3468 5167 διαλεγόμεθα,
3504 5094 3697 5164 μέλεσιν

2137 5191 2429 5261 ἡμετέροις
2449 5192 2578 5245 ποτέ
2608 5208 2749 5245 τισιν
2780 5191 2841 5256 ἐξ
2862 5190 3018 5262 ὑμῶν
3034 5192 3305 5259 γεγονόσι,
3332 5189 3425 5241 καὶ
3445 5188 3697 5255 ὲγκεντρι·

2142 5284 2333 5353 σθῆναι
2367 5286 2711 5356 δυναμένοις,
2766 5285 3077 5353 φιλαλήθως
3125 5285 3321 5348 εἰπεῖν,
3359 5283 3512 5350 εἴπερ
3555 5277 3695 5347 θελή-

2142 5395 2285 5431 σοιτε
2322 5377 2483 5433 πάλιν
2524 5380 2603 5443 είς
2631 5378 2962 5433 καλιέλαιον.

2212 5572 2283 5623 Δ’.
2334 5567 2455 5642 Χρὴ
2498 5567 2589 5622 οῦν
2649 5566 3007 5622 ἁποστολικὸν
3040 5565 3204 5639 ῥητὸν
3236 5556 3691 5632 ἀνακεφαλαιώσα-

2157 5728 2210 5782 2.
2291 5726 2522 5782 ⁵⁷10³11.
2573 5726 2800 5795 x1v,50.
2880 5723 2924 5758 ⁵⁸
2965 5724 3128 5781 llom.
3182 5740 3259 5790 χι,
3308 5720 3394 5776 24.
