  <div class='ocr_page' id='page_1' title='image "/cluster/home/n/w/nwhite01/storage/ocr_20150623/104 pt.4/mdp.39015061931229/664.png"; bbox 0 0 3928 6246; ppageno 0'>
   <div class='ocr_carea' id='block_1_1' title="bbox 289 257 430 324">
    <p class='ocr_par' dir='ltr' id='par_1_1' title="bbox 289 257 430 324">
     <span class='ocr_line' id='line_1_1' title="bbox 289 257 430 324; baseline -0.014 0"><span class='ocrx_word' id='word_1_1' title='bbox 289 257 430 324; x_wconf 82' lang='lat'><strong>1309</strong></span> 
     </span>
    </p>
   </div>
   <div class='ocr_carea' id='block_1_2' title="bbox 1227 225 2549 326">
    <p class='ocr_par' dir='ltr' id='par_1_2' title="bbox 1227 225 2549 326">
     <span class='ocr_line' id='line_1_2' title="bbox 1227 225 2549 326; baseline 0.006 -9"><span class='ocrx_word' id='word_1_2' title='bbox 1227 225 1238 238; x_wconf 82' lang='grc'><em>’</em></span> <span class='ocrx_word' id='word_1_3' title='bbox 1299 256 1557 319; x_wconf 82' lang='lat' dir='ltr'><strong>SERMO</strong></span> <span class='ocrx_word' id='word_1_4' title='bbox 1584 255 1615 319; x_wconf 95' lang='lat' dir='ltr'>I</span> <span class='ocrx_word' id='word_1_5' title='bbox 1645 259 2042 323; x_wconf 82' lang='lat' dir='ltr'><strong>ADVERSUS</strong></span> <span class='ocrx_word' id='word_1_6' title='bbox 2065 260 2549 326; x_wconf 67' lang='lat' dir='ltr'><strong>MANICH/‘EOS.</strong></span> 
     </span>
    </p>
   </div>
   <div class='ocr_carea' id='block_1_3' title="bbox 3445 265 3586 335">
    <p class='ocr_par' dir='ltr' id='par_1_3' title="bbox 3445 265 3586 335">
     <span class='ocr_line' id='line_1_3' title="bbox 3445 265 3586 335; baseline 0.021 -3"><span class='ocrx_word' id='word_1_7' title='bbox 3445 265 3586 335; x_wconf 83' lang='lat'><strong>1310</strong></span> 
     </span>
    </p>
   </div>
   <div class='ocr_carea' id='block_1_4' title="bbox 291 364 1870 444">
    <p class='ocr_par' dir='ltr' id='par_1_4' title="bbox 291 364 1870 444">
     <span class='ocr_line' id='line_1_4' title="bbox 291 364 1870 444; baseline -0.002 -18"><span class='ocrx_word' id='word_1_8' title='bbox 291 373 418 427; x_wconf 85' lang='grc' dir='ltr'><strong>σθαι</strong></span> <span class='ocrx_word' id='word_1_9' title='bbox 473 369 625 444; x_wconf 76' lang='lat' dir='ltr'><strong>[cod.</strong></span> <span class='ocrx_word' id='word_1_10' title='bbox 658 369 699 425; x_wconf 78' lang='lat' dir='ltr'><strong>f.</strong></span> <span class='ocrx_word' id='word_1_11' title='bbox 732 368 838 426; x_wconf 79' lang='lat' dir='ltr'><strong>H5</strong></span> <span class='ocrx_word' id='word_1_12' title='bbox 865 364 925 441; x_wconf 72' lang='lat' dir='ltr'><strong>ll]</strong></span> <span class='ocrx_word' id='word_1_13' title='bbox 956 367 1054 422; x_wconf 68' lang='grc' dir='ltr'>καὶ</span> <span class='ocrx_word' id='word_1_14' title='bbox 1095 367 1272 422; x_wconf 76' lang='grc' dir='ltr'>εἰπεῖν</span> <span class='ocrx_word' id='word_1_15' title='bbox 1295 385 1308 398; x_wconf 89' lang='grc'><strong>·</strong></span> <span class='ocrx_word' id='word_1_16' title='bbox 1373 369 1455 422; x_wconf 83' lang='grc' dir='ltr'>ὅτι</span> <span class='ocrx_word' id='word_1_17' title='bbox 1510 370 1633 439; x_wconf 72' lang='grc' dir='ltr'>οὐχὶ</span> <span class='ocrx_word' id='word_1_18' title='bbox 1678 370 1811 424; x_wconf 84' lang='grc' dir='ltr'>Θεὸν</span> <span class='ocrx_word' id='word_1_19' title='bbox 1842 370 1870 441; x_wconf 77' lang='grc' dir='ltr'><strong>ἢ</strong></span> 
     </span>
    </p>
   </div>
   <div class='ocr_carea' id='block_1_5' title="bbox 1977 364 3573 444">
    <p class='ocr_par' dir='ltr' id='par_1_5' title="bbox 1984 371 3573 444">
     <span class='ocr_line' id='line_1_5' title="bbox 1984 371 3573 444; baseline 0.009 -20"><span class='ocrx_word' id='word_1_20' title='bbox 1984 371 2096 426; x_wconf 88' lang='lat' dir='ltr'><strong>lare</strong></span> <span class='ocrx_word' id='word_1_21' title='bbox 2117 371 2387 426; x_wconf 88' lang='lat' dir='ltr'><strong>dicendo:</strong></span> <span class='ocrx_word' id='word_1_22' title='bbox 2415 371 2564 443; x_wconf 91' lang='lat' dir='ltr'><strong>quod</strong></span> <span class='ocrx_word' id='word_1_23' title='bbox 2595 386 2939 444; x_wconf 82' lang='lat' dir='ltr'><strong>nequaquam</strong></span> <span class='ocrx_word' id='word_1_24' title='bbox 2971 371 3144 432; x_wconf 88' lang='lat' dir='ltr'><strong>Deum</strong></span> <span class='ocrx_word' id='word_1_25' title='bbox 3172 387 3230 435; x_wconf 87' lang='lat' dir='ltr'><strong>et</strong></span> <span class='ocrx_word' id='word_1_26' title='bbox 3255 378 3573 438; x_wconf 86' lang='lat' dir='ltr'><strong>dominato-</strong></span> 
     </span>
    </p>
   </div>
   <div class='ocr_carea' id='block_1_6' title="bbox 288 460 1876 534">
    <p class='ocr_par' dir='ltr' id='par_1_6' title="bbox 288 460 1876 534">
     <span class='ocr_line' id='line_1_6' title="bbox 288 460 1876 534; baseline -0.009 -15"><span class='ocrx_word' id='word_1_27' title='bbox 288 463 646 534; x_wconf 72' lang='grc' dir='ltr'>ἐξουσιαστὴν</span> <span class='ocrx_word' id='word_1_28' title='bbox 671 462 762 516; x_wconf 80' lang='grc' dir='ltr'>τοῦ</span> <span class='ocrx_word' id='word_1_29' title='bbox 802 461 1012 532; x_wconf 85' lang='grc' dir='ltr'><strong>κόσμου</strong></span> <span class='ocrx_word' id='word_1_30' title='bbox 1038 460 1131 513; x_wconf 83' lang='grc' dir='ltr'>τὸν</span> <span class='ocrx_word' id='word_1_31' title='bbox 1161 461 1477 531; x_wconf 86' lang='grc' dir='ltr'><strong>ἀποστάτην</strong></span> <span class='ocrx_word' id='word_1_32' title='bbox 1506 463 1601 516; x_wconf 76' lang='grc' dir='ltr'>καὶ</span> <span class='ocrx_word' id='word_1_33' title='bbox 1643 462 1876 533; x_wconf 75' lang='grc' dir='ltr'>ἀδρανέ-</span> 
     </span>
    </p>
   </div>
   <div class='ocr_carea' id='block_1_7' title="bbox 289 551 1878 628">
    <p class='ocr_par' dir='ltr' id='par_1_7' title="bbox 289 551 1878 628">
     <span class='ocr_line' id='line_1_7' title="bbox 289 551 1878 628; baseline -0.001 -18"><span class='ocrx_word' id='word_1_34' title='bbox 289 574 484 628; x_wconf 86' lang='grc' dir='ltr'>στερον</span> <span class='ocrx_word' id='word_1_35' title='bbox 517 555 703 626; x_wconf 81' lang='grc' dir='ltr'><strong>πάσης</strong></span> <span class='ocrx_word' id='word_1_36' title='bbox 728 555 975 626; x_wconf 81' lang='grc' dir='ltr'><strong>ἀράχνης</strong></span> <span class='ocrx_word' id='word_1_37' title='bbox 1011 551 1259 606; x_wconf 87' lang='grc' dir='ltr'>διάϐολον</span> <span class='ocrx_word' id='word_1_38' title='bbox 1290 553 1319 605; x_wconf 71' lang='grc' dir='ltr'>ὁ</span> <span class='ocrx_word' id='word_1_39' title='bbox 1368 551 1512 617; x_wconf 85' lang='grc' dir='ltr'>Θεῖος</span> <span class='ocrx_word' id='word_1_40' title='bbox 1555 553 1878 618; x_wconf 86' lang='grc' dir='ltr'>Ἀπόστολος</span> 
     </span>
    </p>
   </div>
   <div class='ocr_carea' id='block_1_8' title="bbox 286 642 1878 720">
    <p class='ocr_par' dir='ltr' id='par_1_8' title="bbox 286 642 1878 720">
     <span class='ocr_line' id='line_1_8' title="bbox 286 642 1878 720; baseline -0.001 -16"><span class='ocrx_word' id='word_1_41' title='bbox 286 650 620 718; x_wconf 76' lang='grc' dir='ltr'>ὑποφαίνειο</span> <span class='ocrx_word' id='word_1_42' title='bbox 653 647 769 702; x_wconf 84' lang='grc' dir='ltr'>ἀλλ’</span> <span class='ocrx_word' id='word_1_43' title='bbox 799 645 972 709; x_wconf 72' lang='grc' dir='ltr'>οὕτως</span> <span class='ocrx_word' id='word_1_44' title='bbox 999 647 1149 706; x_wconf 83' lang='grc' dir='ltr'>ὅστις</span> <span class='ocrx_word' id='word_1_45' title='bbox 1171 645 1264 699; x_wconf 82' lang='grc' dir='ltr'>ἑὰν</span> <span class='ocrx_word' id='word_1_46' title='bbox 1313 642 1369 718; x_wconf 87' lang='grc' dir='ltr'><strong>ᾗ,</strong></span> <span class='ocrx_word' id='word_1_47' title='bbox 1420 646 1730 715; x_wconf 86' lang='grc' dir='ltr'>ἀνάγνωθι·</span> <span class='ocrx_word' id='word_1_48' title='bbox 1762 647 1878 720; x_wconf 75' lang='grc' dir='ltr'>ἔχει</span> 
     </span>
    </p>
   </div>
   <div class='ocr_carea' id='block_1_9' title="bbox 284 736 1874 809">
    <p class='ocr_par' dir='ltr' id='par_1_9' title="bbox 284 736 1874 809">
     <span class='ocr_line' id='line_1_9' title="bbox 284 736 1874 809; baseline 0 -15"><span class='ocrx_word' id='word_1_49' title='bbox 284 741 400 808; x_wconf 82' lang='grc' dir='ltr'><strong>γάρ</strong></span> <span class='ocrx_word' id='word_1_50' title='bbox 429 757 481 793; x_wconf 83' lang='grc' dir='ltr'><strong>τι</strong></span> <span class='ocrx_word' id='word_1_51' title='bbox 522 737 827 809; x_wconf 84' lang='grc' dir='ltr'>ἀμφίϐολον</span> <span class='ocrx_word' id='word_1_52' title='bbox 859 737 891 808; x_wconf 79' lang='grc' dir='ltr'><strong>ἡ</strong></span> <span class='ocrx_word' id='word_1_53' title='bbox 921 736 1068 803; x_wconf 80' lang='grc' dir='ltr'>λέξις</span> <span class='ocrx_word' id='word_1_54' title='bbox 1105 739 1172 808; x_wconf 82' lang='grc' dir='ltr'>τῇ</span> <span class='ocrx_word' id='word_1_55' title='bbox 1228 740 1430 808; x_wconf 87' lang='grc' dir='ltr'>στιγμῇ</span> <span class='ocrx_word' id='word_1_56' title='bbox 1459 737 1874 809; x_wconf 73' lang='grc' dir='ltr'>διαιρούμενονο</span> 
     </span>
    </p>
   </div>
   <div class='ocr_carea' id='block_1_10' title="bbox 284 827 1874 902">
    <p class='ocr_par' dir='ltr' id='par_1_10' title="bbox 284 827 1874 902">
     <span class='ocr_line' id='line_1_10' title="bbox 284 827 1874 902; baseline -0.001 -16"><span class='ocrx_word' id='word_1_57' title='bbox 284 834 359 886; x_wconf 79' lang='lat' dir='ltr'><strong>Et</strong></span> <span class='ocrx_word' id='word_1_58' title='bbox 378 830 446 885; x_wconf 76' lang='grc' dir='ltr'>δὲ</span> <span class='ocrx_word' id='word_1_59' title='bbox 467 829 565 884; x_wconf 77' lang='grc' dir='ltr'>καὶ</span> <span class='ocrx_word' id='word_1_60' title='bbox 583 831 716 884; x_wconf 80' lang='grc' dir='ltr'>ἐστι</span> <span class='ocrx_word' id='word_1_61' title='bbox 741 827 1197 898; x_wconf 70' lang='grc' dir='ltr'><strong>κεκαλυμμένον</strong></span> <span class='ocrx_word' id='word_1_62' title='bbox 1222 829 1287 882; x_wconf 83' lang='grc' dir='ltr'>τὸ</span> <span class='ocrx_word' id='word_1_63' title='bbox 1300 829 1669 900; x_wconf 66' lang='grc' dir='ltr'>Εὐσγγέλιον</span> <span class='ocrx_word' id='word_1_64' title='bbox 1684 831 1874 902; x_wconf 75' lang='grc' dir='ltr'>ἡμῶν,</span> 
     </span>
    </p>
   </div>
   <div class='ocr_carea' id='block_1_11' title="bbox 282 918 1879 990">
    <p class='ocr_par' dir='ltr' id='par_1_11' title="bbox 282 918 1879 990">
     <span class='ocr_line' id='line_1_11' title="bbox 282 918 1879 990; baseline 0.001 -14"><span class='ocrx_word' id='word_1_65' title='bbox 282 922 358 976; x_wconf 79' lang='grc' dir='ltr'><strong>ἐν</strong></span> <span class='ocrx_word' id='word_1_66' title='bbox 384 921 511 988; x_wconf 83' lang='grc' dir='ltr'>τοῖς</span> <span class='ocrx_word' id='word_1_67' title='bbox 533 921 982 990; x_wconf 77' lang='grc' dir='ltr'><strong>ἀπολλυμένοις</strong></span> <span class='ocrx_word' id='word_1_68' title='bbox 996 918 1128 974; x_wconf 74' lang='grc' dir='ltr'>ἐστὶ</span> <span class='ocrx_word' id='word_1_69' title='bbox 1146 922 1622 990; x_wconf 75' lang='grc' dir='ltr'><strong>κεκαλυμμένον,</strong></span> <span class='ocrx_word' id='word_1_70' title='bbox 1646 923 1714 976; x_wconf 82' lang='grc' dir='ltr'><strong>ἐν</strong></span> <span class='ocrx_word' id='word_1_71' title='bbox 1731 919 1822 990; x_wconf 85' lang='grc' dir='ltr'>οἷς</span> <span class='ocrx_word' id='word_1_72' title='bbox 1845 926 1879 978; x_wconf 87' lang='grc' dir='ltr'><em>ό</em></span> 
     </span>
    </p>
   </div>
   <div class='ocr_carea' id='block_1_12' title="bbox 288 1013 1875 1084">
    <p class='ocr_par' dir='ltr' id='par_1_12' title="bbox 288 1013 1875 1084">
     <span class='ocr_line' id='line_1_12' title="bbox 288 1013 1875 1084; baseline 0.001 -15"><span class='ocrx_word' id='word_1_73' title='bbox 288 1015 457 1081; x_wconf 80' lang='grc' dir='ltr'>Θεός,</span> <span class='ocrx_word' id='word_1_74' title='bbox 475 1015 812 1084; x_wconf 84' lang='grc' dir='ltr'>Ἐνταῦοαδὴ</span> <span class='ocrx_word' id='word_1_75' title='bbox 829 1014 1229 1068; x_wconf 88' lang='grc' dir='ltr'>ἀναπνευστέον</span> <span class='ocrx_word' id='word_1_76' title='bbox 1245 1016 1340 1068; x_wconf 72' lang='grc' dir='ltr'>καὶ</span> <span class='ocrx_word' id='word_1_77' title='bbox 1356 1013 1529 1077; x_wconf 83' lang='grc' dir='ltr'>οὕτως</span> <span class='ocrx_word' id='word_1_78' title='bbox 1546 1017 1875 1084; x_wconf 75' lang='grc' dir='ltr'><strong>ἐπαγαγεῖν·</strong></span> 
     </span>
    </p>
   </div>
   <div class='ocr_carea' id='block_1_13' title="bbox 283 1106 1878 1178">
    <p class='ocr_par' dir='ltr' id='par_1_13' title="bbox 283 1106 1878 1178">
     <span class='ocr_line' id='line_1_13' title="bbox 283 1106 1878 1178; baseline 0.001 -17"><span class='ocrx_word' id='word_1_79' title='bbox 283 1107 383 1161; x_wconf 78' lang='grc' dir='ltr'>τοῦ</span> <span class='ocrx_word' id='word_1_80' title='bbox 428 1106 622 1170; x_wconf 73' lang='grc' dir='ltr'>αἰῶνος</span> <span class='ocrx_word' id='word_1_81' title='bbox 664 1107 856 1161; x_wconf 90' lang='grc' dir='ltr'>τούτου</span> <span class='ocrx_word' id='word_1_82' title='bbox 905 1107 1186 1176; x_wconf 81' lang='grc' dir='ltr'>ἐτύφλωσε</span> <span class='ocrx_word' id='word_1_83' title='bbox 1217 1109 1285 1160; x_wconf 74' lang='grc' dir='ltr'>τὰ</span> <span class='ocrx_word' id='word_1_84' title='bbox 1312 1108 1558 1178; x_wconf 84' lang='grc' dir='ltr'><strong>νοήματα</strong></span> <span class='ocrx_word' id='word_1_85' title='bbox 1609 1107 1718 1161; x_wconf 85' lang='grc' dir='ltr'><strong>τῶν</strong></span> <span class='ocrx_word' id='word_1_86' title='bbox 1746 1108 1878 1162; x_wconf 85' lang='grc' dir='ltr'>ἀπί-</span> 
     </span>
    </p>
   </div>
   <div class='ocr_carea' id='block_1_14' title="bbox 287 1198 1881 1271">
    <p class='ocr_par' dir='ltr' id='par_1_14' title="bbox 287 1198 1881 1271">
     <span class='ocr_line' id='line_1_14' title="bbox 287 1198 1881 1271; baseline 0.003 -19"><span class='ocrx_word' id='word_1_87' title='bbox 287 1215 454 1262; x_wconf 84' lang='grc' dir='ltr'>στων,</span> <span class='ocrx_word' id='word_1_88' title='bbox 480 1201 586 1265; x_wconf 80' lang='grc' dir='ltr'><strong>Εἰς</strong></span> <span class='ocrx_word' id='word_1_89' title='bbox 602 1199 668 1252; x_wconf 84' lang='grc' dir='ltr'>τὸ</span> <span class='ocrx_word' id='word_1_90' title='bbox 689 1198 778 1268; x_wconf 78' lang='grc' dir='ltr'>μὴ</span> <span class='ocrx_word' id='word_1_91' title='bbox 806 1198 1292 1269; x_wconf 63' lang='grc' dir='ltr'>αὐγιάσαιξαύτοῖς</span> <span class='ocrx_word' id='word_1_92' title='bbox 1317 1199 1426 1253; x_wconf 78' lang='grc' dir='ltr'><strong>τὸν</strong></span> <span class='ocrx_word' id='word_1_93' title='bbox 1441 1200 1751 1271; x_wconf 75' lang='grc' dir='ltr'>φωτισμὸν</span> <span class='ocrx_word' id='word_1_94' title='bbox 1769 1200 1881 1271; x_wconf 79' lang='grc' dir='ltr'>τῆς</span> 
     </span>
    </p>
   </div>
   <div class='ocr_carea' id='block_1_15' title="bbox 229 1290 1871 1366">
    <p class='ocr_par' dir='ltr' id='par_1_15' title="bbox 229 1290 1871 1366">
     <span class='ocr_line' id='line_1_15' title="bbox 229 1290 1871 1366; baseline 0.002 -21"><span class='ocrx_word' id='word_1_95' title='bbox 229 1320 240 1324; x_wconf 96' lang='grc'><strong><em>-</em></strong></span> <span class='ocrx_word' id='word_1_96' title='bbox 285 1290 477 1358; x_wconf 77' lang='grc' dir='ltr'>δόξης</span> <span class='ocrx_word' id='word_1_97' title='bbox 503 1290 611 1348; x_wconf 83' lang='grc' dir='ltr'>τοῦ</span> <span class='ocrx_word' id='word_1_98' title='bbox 627 1293 1000 1361; x_wconf 71' lang='grc' dir='ltr'>Εὐαγγελίου</span> <span class='ocrx_word' id='word_1_99' title='bbox 1033 1293 1141 1348; x_wconf 84' lang='grc' dir='ltr'>τοῦ</span> <span class='ocrx_word' id='word_1_100' title='bbox 1170 1292 1452 1362; x_wconf 83' lang='grc' dir='ltr'><strong>Χριστοῦ·</strong></span> <span class='ocrx_word' id='word_1_101' title='bbox 1472 1295 1610 1366; x_wconf 86' lang='grc' dir='ltr'>ὅπερ</span> <span class='ocrx_word' id='word_1_102' title='bbox 1641 1296 1871 1348; x_wconf 87' lang='grc' dir='ltr'>συντατ-</span> 
     </span>
    </p>
   </div>
   <div class='ocr_carea' id='block_1_16' title="bbox 284 1381 1878 1454">
    <p class='ocr_par' dir='ltr' id='par_1_16' title="bbox 284 1381 1878 1454">
     <span class='ocr_line' id='line_1_16' title="bbox 284 1381 1878 1454; baseline 0.001 -15"><span class='ocrx_word' id='word_1_103' title='bbox 284 1381 782 1454; x_wconf 79' lang='grc' dir='ltr'>τόμενον,τοιοῦτὸν</span> <span class='ocrx_word' id='word_1_104' title='bbox 814 1386 932 1439; x_wconf 87' lang='grc' dir='ltr'>ἑστι</span> <span class='ocrx_word' id='word_1_105' title='bbox 956 1402 970 1416; x_wconf 77' lang='grc' dir='ltr'><strong>ο</strong></span> <span class='ocrx_word' id='word_1_106' title='bbox 1006 1383 1128 1438; x_wconf 84' lang='grc' dir='ltr'>Τῶν</span> <span class='ocrx_word' id='word_1_107' title='bbox 1141 1386 1387 1440; x_wconf 86' lang='grc' dir='ltr'>ἀπίστων</span> <span class='ocrx_word' id='word_1_108' title='bbox 1419 1385 1512 1440; x_wconf 82' lang='grc' dir='ltr'>τοῦ</span> <span class='ocrx_word' id='word_1_109' title='bbox 1540 1386 1734 1450; x_wconf 78' lang='grc' dir='ltr'>αἰῶνος</span> <span class='ocrx_word' id='word_1_110' title='bbox 1755 1387 1878 1441; x_wconf 88' lang='grc' dir='ltr'>τού-</span> 
     </span>
    </p>
   </div>
   <div class='ocr_carea' id='block_1_17' title="bbox 283 1477 1878 1550">
    <p class='ocr_par' dir='ltr' id='par_1_17' title="bbox 283 1477 1878 1550">
     <span class='ocr_line' id='line_1_17' title="bbox 283 1477 1878 1550; baseline 0.003 -20"><span class='ocrx_word' id='word_1_111' title='bbox 283 1493 385 1530; x_wconf 83' lang='grc' dir='ltr'><strong>του</strong></span> <span class='ocrx_word' id='word_1_112' title='bbox 405 1479 473 1531; x_wconf 84' lang='grc' dir='ltr'><strong>τά</strong></span> <span class='ocrx_word' id='word_1_113' title='bbox 503 1478 751 1549; x_wconf 78' lang='grc' dir='ltr'>νοήματα</span> <span class='ocrx_word' id='word_1_114' title='bbox 774 1481 802 1531; x_wconf 86' lang='grc' dir='ltr'><strong>ὁ</strong></span> <span class='ocrx_word' id='word_1_115' title='bbox 831 1477 964 1542; x_wconf 84' lang='grc' dir='ltr'><strong>Θεὸς</strong></span> <span class='ocrx_word' id='word_1_116' title='bbox 1001 1478 1302 1548; x_wconf 78' lang='grc' dir='ltr'>ἐτύφλωσε.</span> <span class='ocrx_word' id='word_1_117' title='bbox 1332 1479 1443 1532; x_wconf 70' lang='grc' dir='ltr'><strong>Καὶ</strong></span> <span class='ocrx_word' id='word_1_118' title='bbox 1472 1479 1707 1550; x_wconf 87' lang='grc' dir='ltr'>μάλιστα</span> <span class='ocrx_word' id='word_1_119' title='bbox 1730 1480 1878 1534; x_wconf 67' lang='lat' dir='ltr'><strong>sua-</strong></span> 
     </span>
    </p>
   </div>
   <div class='ocr_carea' id='block_1_18' title="bbox 282 1571 1878 1645">
    <p class='ocr_par' dir='ltr' id='par_1_18' title="bbox 282 1571 1878 1645">
     <span class='ocr_line' id='line_1_18' title="bbox 282 1571 1878 1645; baseline 0.003 -21"><span class='ocrx_word' id='word_1_120' title='bbox 282 1589 398 1636; x_wconf 86' lang='grc' dir='ltr'><strong>τως</strong></span> <span class='ocrx_word' id='word_1_121' title='bbox 418 1588 431 1602; x_wconf 72' lang='grc' dir='ltr'><strong>ο</strong></span> <span class='ocrx_word' id='word_1_122' title='bbox 465 1571 594 1625; x_wconf 86' lang='grc' dir='ltr'>ποία</span> <span class='ocrx_word' id='word_1_123' title='bbox 623 1571 732 1644; x_wconf 82' lang='grc' dir='ltr'>γὰρ</span> <span class='ocrx_word' id='word_1_124' title='bbox 765 1571 908 1636; x_wconf 79' lang='grc' dir='ltr'>ἴασις</span> <span class='ocrx_word' id='word_1_125' title='bbox 935 1574 1049 1637; x_wconf 85' lang='grc' dir='ltr'>τοῖς</span> <span class='ocrx_word' id='word_1_126' title='bbox 1081 1572 1515 1645; x_wconf 87' lang='grc' dir='ltr'>βλαϐησομένοις</span> <span class='ocrx_word' id='word_1_127' title='bbox 1534 1574 1594 1639; x_wconf 82' lang='grc' dir='ltr'>ἑξ</span> <span class='ocrx_word' id='word_1_128' title='bbox 1621 1575 1878 1640; x_wconf 80' lang='grc' dir='ltr'><strong>ἀπιστίας</strong></span> 
     </span>
    </p>
   </div>
   <div class='ocr_carea' id='block_1_19' title="bbox 283 1664 1870 1740">
    <p class='ocr_par' dir='ltr' id='par_1_19' title="bbox 283 1664 1870 1740">
     <span class='ocr_line' id='line_1_19' title="bbox 283 1664 1870 1740; baseline 0.003 -22"><span class='ocrx_word' id='word_1_129' title='bbox 283 1665 383 1718; x_wconf 78' lang='grc' dir='ltr'>καὶ</span> <span class='ocrx_word' id='word_1_130' title='bbox 417 1665 681 1728; x_wconf 84' lang='grc' dir='ltr'><strong>ἑκουσίως</strong></span> <span class='ocrx_word' id='word_1_131' title='bbox 712 1664 1153 1735; x_wconf 81' lang='grc' dir='ltr'>τυφλώττουσιν;</span> <span class='ocrx_word' id='word_1_132' title='bbox 1197 1668 1280 1722; x_wconf 85' lang='grc' dir='ltr'>Οὐ</span> <span class='ocrx_word' id='word_1_133' title='bbox 1312 1668 1423 1737; x_wconf 74' lang='grc' dir='ltr'>γὰρ</span> <span class='ocrx_word' id='word_1_134' title='bbox 1454 1666 1666 1739; x_wconf 80' lang='grc' dir='ltr'><strong>ἦλθον,</strong></span> <span class='ocrx_word' id='word_1_135' title='bbox 1702 1669 1870 1740; x_wconf 74' lang='grc' dir='ltr'>φησὶν</span> 
     </span>
    </p>
   </div>
   <div class='ocr_carea' id='block_1_20' title="bbox 1985 464 3584 542">
    <p class='ocr_par' dir='ltr' id='par_1_20' title="bbox 1985 464 3584 542">
     <span class='ocr_line' id='line_1_20' title="bbox 1985 464 3584 542; baseline 0.009 -24"><span class='ocrx_word' id='word_1_136' title='bbox 1985 477 2101 518; x_wconf 87' lang='lat' dir='ltr'><strong>rem</strong></span> <span class='ocrx_word' id='word_1_137' title='bbox 2134 464 2322 519; x_wconf 90' lang='lat' dir='ltr'><strong>mundi</strong></span> <span class='ocrx_word' id='word_1_138' title='bbox 2366 464 2675 535; x_wconf 78' lang='lat' dir='ltr'><strong>Apostolus</strong></span> <span class='ocrx_word' id='word_1_139' title='bbox 2719 465 2946 522; x_wconf 86' lang='lat' dir='ltr'><strong>denotat</strong></span> <span class='ocrx_word' id='word_1_140' title='bbox 2971 483 3096 524; x_wconf 89' lang='lat' dir='ltr'><strong>esse</strong></span> <span class='ocrx_word' id='word_1_141' title='bbox 3124 481 3427 542; x_wconf 87' lang='lat' dir='ltr'><strong>apostatam</strong></span> <span class='ocrx_word' id='word_1_142' title='bbox 3463 476 3584 533; x_wconf 86' lang='lat' dir='ltr'><strong>dia-</strong></span> 
     </span>
    </p>
   </div>
   <div class='ocr_carea' id='block_1_21' title="bbox 1985 555 3584 627">
    <p class='ocr_par' dir='ltr' id='par_1_21' title="bbox 1985 555 3584 627">
     <span class='ocr_line' id='line_1_21' title="bbox 1985 555 3584 627; baseline 0.01 -17"><span class='ocrx_word' id='word_1_143' title='bbox 1985 555 2198 621; x_wconf 85' lang='lat' dir='ltr'><strong>bolum,</strong></span> <span class='ocrx_word' id='word_1_144' title='bbox 2253 556 2345 626; x_wconf 91' lang='lat' dir='ltr'><strong>qui</strong></span> <span class='ocrx_word' id='word_1_145' title='bbox 2380 557 2626 627; x_wconf 90' lang='lat' dir='ltr'><strong>qualibet</strong></span> <span class='ocrx_word' id='word_1_146' title='bbox 2668 574 2994 616; x_wconf 89' lang='lat' dir='ltr'><strong>aranearum</strong></span> <span class='ocrx_word' id='word_1_147' title='bbox 3049 562 3154 619; x_wconf 87' lang='lat' dir='ltr'><strong>tela</strong></span> <span class='ocrx_word' id='word_1_148' title='bbox 3193 564 3429 622; x_wconf 82' lang='lat' dir='ltr'><strong>debilior</strong></span> <span class='ocrx_word' id='word_1_149' title='bbox 3477 577 3584 626; x_wconf 87' lang='lat' dir='ltr'><strong>est.</strong></span> 
     </span>
    </p>
   </div>
   <div class='ocr_carea' id='block_1_22' title="bbox 1979 645 3583 732">
    <p class='ocr_par' dir='ltr' id='par_1_22' title="bbox 1979 645 3583 732">
     <span class='ocr_line' id='line_1_22' title="bbox 1979 645 3583 732; baseline 0.011 -31"><span class='ocrx_word' id='word_1_150' title='bbox 1979 645 2347 704; x_wconf 86' lang='lat' dir='ltr'><strong>Nihilominus</strong></span> <span class='ocrx_word' id='word_1_151' title='bbox 2367 651 2860 723; x_wconf 90' lang='lat' dir='ltr'><strong>quomodocunque</strong></span> <span class='ocrx_word' id='word_1_152' title='bbox 2911 654 3079 710; x_wconf 88' lang='lat' dir='ltr'><strong>dictio</strong></span> <span class='ocrx_word' id='word_1_153' title='bbox 3104 671 3166 710; x_wconf 91' lang='lat' dir='ltr'><strong>se</strong></span> <span class='ocrx_word' id='word_1_154' title='bbox 3183 657 3412 726; x_wconf 78' lang='lat' dir='ltr'><strong>habeat,</strong></span> <span class='ocrx_word' id='word_1_155' title='bbox 3431 659 3583 732; x_wconf 84' lang='lat' dir='ltr'><strong>lege:</strong></span> 
     </span>
    </p>
   </div>
   <div class='ocr_carea' id='block_1_23' title="bbox 1981 738 3588 816">
    <p class='ocr_par' dir='ltr' id='par_1_23' title="bbox 1981 738 3588 816">
     <span class='ocr_line' id='line_1_23' title="bbox 1981 738 3588 816; baseline 0.009 -22"><span class='ocrx_word' id='word_1_156' title='bbox 1981 738 2148 794; x_wconf 86' lang='lat' dir='ltr'><strong>habet</strong></span> <span class='ocrx_word' id='word_1_157' title='bbox 2177 741 2326 795; x_wconf 89' lang='lat' dir='ltr'><strong>enim</strong></span> <span class='ocrx_word' id='word_1_158' title='bbox 2359 741 2477 797; x_wconf 70' lang='lat' dir='ltr'><strong>haec</strong></span> <span class='ocrx_word' id='word_1_159' title='bbox 2518 743 2932 814; x_wconf 73' lang='lat' dir='ltr'><strong>ambiguitatem</strong></span> <span class='ocrx_word' id='word_1_160' title='bbox 2965 748 3281 816; x_wconf 87' lang='lat' dir='ltr'><strong>quamdam,</strong></span> <span class='ocrx_word' id='word_1_161' title='bbox 3322 749 3366 804; x_wconf 89' lang='lat' dir='ltr'><strong>si</strong></span> <span class='ocrx_word' id='word_1_162' title='bbox 3410 751 3588 807; x_wconf 85' lang='lat' dir='ltr'><strong>inter-</strong></span> 
     </span>
    </p>
   </div>
   <div class='ocr_carea' id='block_1_24' title="bbox 1984 833 3586 913">
    <p class='ocr_par' dir='ltr' id='par_1_24' title="bbox 1984 833 3586 913">
     <span class='ocr_line' id='line_1_24' title="bbox 1984 833 3586 913; baseline 0.007 -26"><span class='ocrx_word' id='word_1_163' title='bbox 1984 833 2287 904; x_wconf 89' lang='lat' dir='ltr'><strong>punctione</strong></span> <span class='ocrx_word' id='word_1_164' title='bbox 2313 835 2701 906; x_wconf 80' lang='lat' dir='ltr'><strong>distinguitur:</strong></span> <span class='ocrx_word' id='word_1_165' title='bbox 2755 837 2908 903; x_wconf 81' lang='lat' dir='ltr'><strong>Quod</strong></span> <span class='ocrx_word' id='word_1_166' title='bbox 2950 840 2997 893; x_wconf 83' lang='lat' dir='ltr'><strong>si</strong></span> <span class='ocrx_word' id='word_1_167' title='bbox 3031 841 3192 896; x_wconf 86' lang='lat' dir='ltr'><strong>etiam</strong></span> <span class='ocrx_word' id='word_1_168' title='bbox 3239 854 3479 913; x_wconf 84' lang='lat' dir='ltr'><strong>opertum</strong></span> <span class='ocrx_word' id='word_1_169' title='bbox 3507 855 3586 902; x_wconf 84' lang='lat' dir='ltr'><strong>est</strong></span> 
     </span>
    </p>
   </div>
   <div class='ocr_carea' id='block_1_25' title="bbox 1977 927 3584 1007">
    <p class='ocr_par' dir='ltr' id='par_1_25' title="bbox 1977 927 3584 1007">
     <span class='ocr_line' id='line_1_25' title="bbox 1977 927 3584 1007; baseline 0.007 -24"><span class='ocrx_word' id='word_1_170' title='bbox 1977 927 2329 998; x_wconf 81' lang='lat' dir='ltr'><strong>Evangetium</strong></span> <span class='ocrx_word' id='word_1_171' title='bbox 2361 939 2624 996; x_wconf 87' lang='lat' dir='ltr'><strong>nostrum,</strong></span> <span class='ocrx_word' id='word_1_172' title='bbox 2654 932 2712 985; x_wconf 87' lang='lat' dir='ltr'><strong>in</strong></span> <span class='ocrx_word' id='word_1_173' title='bbox 2745 932 2810 986; x_wconf 88' lang='lat' dir='ltr'><strong>iis</strong></span> <span class='ocrx_word' id='word_1_174' title='bbox 2845 935 2937 1003; x_wconf 83' lang='lat' dir='ltr'><strong>qui</strong></span> <span class='ocrx_word' id='word_1_175' title='bbox 2972 944 3198 1005; x_wconf 85' lang='lat' dir='ltr'><strong>pereunt</strong></span> <span class='ocrx_word' id='word_1_176' title='bbox 3222 947 3297 992; x_wconf 85' lang='lat' dir='ltr'><strong>est</strong></span> <span class='ocrx_word' id='word_1_177' title='bbox 3321 949 3584 1007; x_wconf 83' lang='lat' dir='ltr'><strong>opertum,</strong></span> 
     </span>
    </p>
   </div>
   <div class='ocr_carea' id='block_1_26' title="bbox 1977 1022 3586 1099">
    <p class='ocr_par' dir='ltr' id='par_1_26' title="bbox 1977 1022 3586 1099">
     <span class='ocr_line' id='line_1_26' title="bbox 1977 1022 3586 1099; baseline 0.008 -24"><span class='ocrx_word' id='word_1_178' title='bbox 1977 1023 2033 1076; x_wconf 85' lang='lat' dir='ltr'><strong>in</strong></span> <span class='ocrx_word' id='word_1_179' title='bbox 2063 1023 2248 1092; x_wconf 83' lang='lat' dir='ltr'><strong>quibus</strong></span> <span class='ocrx_word' id='word_1_180' title='bbox 2265 1032 2339 1076; x_wconf 88' lang='lat' dir='ltr'><strong>est</strong></span> <span class='ocrx_word' id='word_1_181' title='bbox 2369 1022 2508 1078; x_wconf 80' lang='lat' dir='ltr'><strong>Deus</strong></span> <span class='ocrx_word' id='word_1_182' title='bbox 2533 1023 2616 1085; x_wconf 84' lang='grc'><strong>⁸⁹;</strong></span> <span class='ocrx_word' id='word_1_183' title='bbox 2674 1024 2762 1080; x_wconf 91' lang='lat' dir='ltr'><strong>hic</strong></span> <span class='ocrx_word' id='word_1_184' title='bbox 2804 1041 2942 1081; x_wconf 87' lang='lat' dir='ltr'><strong>sane</strong></span> <span class='ocrx_word' id='word_1_185' title='bbox 2969 1029 3358 1098; x_wconf 85' lang='lat' dir='ltr'><strong>respirandum</strong></span> <span class='ocrx_word' id='word_1_186' title='bbox 3383 1040 3487 1099; x_wconf 89' lang='lat' dir='ltr'><strong>est,</strong></span> <span class='ocrx_word' id='word_1_187' title='bbox 3527 1040 3586 1088; x_wconf 85' lang='lat' dir='ltr'><strong>et</strong></span> 
     </span>
    </p>
   </div>
   <div class='ocr_carea' id='block_1_27' title="bbox 1979 1115 3586 1190">
    <p class='ocr_par' dir='ltr' id='par_1_27' title="bbox 1979 1115 3586 1190">
     <span class='ocr_line' id='line_1_27' title="bbox 1979 1115 3586 1190; baseline 0.006 -18"><span class='ocrx_word' id='word_1_188' title='bbox 1979 1115 2176 1172; x_wconf 90' lang='lat' dir='ltr'><strong>deinde</strong></span> <span class='ocrx_word' id='word_1_189' title='bbox 2199 1117 2642 1189; x_wconf 72' lang='lat' dir='ltr'><strong>subiungendum</strong></span> <span class='ocrx_word' id='word_1_190' title='bbox 2663 1135 2677 1172; x_wconf 89' lang='lat'><strong>:</strong></span> <span class='ocrx_word' id='word_1_191' title='bbox 2700 1119 2870 1190; x_wconf 87' lang='lat' dir='ltr'><strong>hujus</strong></span> <span class='ocrx_word' id='word_1_192' title='bbox 2891 1121 3074 1176; x_wconf 69' lang='lat' dir='ltr'><strong>szeculi</strong></span> <span class='ocrx_word' id='word_1_193' title='bbox 3107 1124 3403 1179; x_wconf 72' lang='lat' dir='ltr'><strong>excaecavit</strong></span> <span class='ocrx_word' id='word_1_194' title='bbox 3427 1141 3586 1181; x_wconf 86' lang='lat' dir='ltr'><strong>men-</strong></span> 
     </span>
    </p>
   </div>
   <div class='ocr_carea' id='block_1_28' title="bbox 1981 1207 3584 1283">
    <p class='ocr_par' dir='ltr' id='par_1_28' title="bbox 1981 1207 3584 1283">
     <span class='ocr_line' id='line_1_28' title="bbox 1981 1207 3584 1283; baseline 0.005 -19"><span class='ocrx_word' id='word_1_195' title='bbox 1981 1216 2061 1264; x_wconf 87' lang='lat' dir='ltr'><strong>tes</strong></span> <span class='ocrx_word' id='word_1_196' title='bbox 2091 1207 2412 1272; x_wconf 77' lang='lat' dir='ltr'><strong>inlidelium,</strong></span> <span class='ocrx_word' id='word_1_197' title='bbox 2467 1217 2660 1264; x_wconf 83' lang='lat' dir='ltr'><strong>utnon</strong></span> <span class='ocrx_word' id='word_1_198' title='bbox 2715 1211 2915 1282; x_wconf 79' lang='lat' dir='ltr'><strong>fulgeat</strong></span> <span class='ocrx_word' id='word_1_199' title='bbox 2968 1211 3070 1283; x_wconf 79' lang='lat'><strong>51</strong></span> <span class='ocrx_word' id='word_1_200' title='bbox 3114 1214 3227 1268; x_wconf 82' lang='lat' dir='ltr'><strong>illis</strong></span> <span class='ocrx_word' id='word_1_201' title='bbox 3254 1215 3584 1272; x_wconf 84' lang='lat' dir='ltr'><strong>illuminatio</strong></span> 
     </span>
    </p>
   </div>
   <div class='ocr_carea' id='block_1_29' title="bbox 1974 1301 3581 1376">
    <p class='ocr_par' dir='ltr' id='par_1_29' title="bbox 1974 1301 3581 1376">
     <span class='ocr_line' id='line_1_29' title="bbox 1974 1301 3581 1376; baseline 0.007 -24"><span class='ocrx_word' id='word_1_202' title='bbox 1974 1301 2157 1371; x_wconf 81' lang='lat' dir='ltr'><strong>gloria:</strong></span> <span class='ocrx_word' id='word_1_203' title='bbox 2180 1301 2450 1372; x_wconf 81' lang='lat' dir='ltr'><strong>Evangelii</strong></span> <span class='ocrx_word' id='word_1_204' title='bbox 2485 1302 2706 1358; x_wconf 78' lang='lat' dir='ltr'><strong>Christi.</strong></span> <span class='ocrx_word' id='word_1_205' title='bbox 2754 1302 2912 1370; x_wconf 85' lang='lat' dir='ltr'><strong>Quod</strong></span> <span class='ocrx_word' id='word_1_206' title='bbox 2972 1304 3114 1360; x_wconf 84' lang='lat' dir='ltr'><strong>facta</strong></span> <span class='ocrx_word' id='word_1_207' title='bbox 3145 1308 3581 1376; x_wconf 85' lang='lat' dir='ltr'><strong>constructione,</strong></span> 
     </span>
    </p>
   </div>
   <div class='ocr_carea' id='block_1_30' title="bbox 1973 1393 3581 1466">
    <p class='ocr_par' dir='ltr' id='par_1_30' title="bbox 1973 1393 3581 1466">
     <span class='ocr_line' id='line_1_30' title="bbox 1973 1393 3581 1466; baseline 0.005 -18"><span class='ocrx_word' id='word_1_208' title='bbox 1973 1393 2047 1448; x_wconf 85' lang='lat' dir='ltr'><strong>ita</strong></span> <span class='ocrx_word' id='word_1_209' title='bbox 2088 1408 2148 1449; x_wconf 90' lang='lat' dir='ltr'><strong>se</strong></span> <span class='ocrx_word' id='word_1_210' title='bbox 2179 1393 2339 1449; x_wconf 86' lang='lat' dir='ltr'><strong>habet</strong></span> <span class='ocrx_word' id='word_1_211' title='bbox 2366 1412 2378 1449; x_wconf 93' lang='lat'>:</span> <span class='ocrx_word' id='word_1_212' title='bbox 2414 1393 2725 1450; x_wconf 84' lang='lat' dir='ltr'><strong>lnlidelium</strong></span> <span class='ocrx_word' id='word_1_213' title='bbox 2777 1394 2946 1466; x_wconf 81' lang='lat' dir='ltr'><strong>hujus</strong></span> <span class='ocrx_word' id='word_1_214' title='bbox 2975 1397 3159 1452; x_wconf 73' lang='lat' dir='ltr'><strong>saeculi</strong></span> <span class='ocrx_word' id='word_1_215' title='bbox 3189 1407 3402 1454; x_wconf 87' lang='lat' dir='ltr'><strong>mentes</strong></span> <span class='ocrx_word' id='word_1_216' title='bbox 3431 1400 3581 1456; x_wconf 84' lang='lat' dir='ltr'><strong>Deus</strong></span> 
     </span>
    </p>
   </div>
   <div class='ocr_carea' id='block_1_31' title="bbox 1975 1483 3583 1559">
    <p class='ocr_par' dir='ltr' id='par_1_31' title="bbox 1975 1483 3583 1559">
     <span class='ocr_line' id='line_1_31' title="bbox 1975 1483 3583 1559; baseline 0.006 -20"><span class='ocrx_word' id='word_1_217' title='bbox 1975 1485 2291 1540; x_wconf 69' lang='lat' dir='ltr'><strong>excaecavit.</strong></span> <span class='ocrx_word' id='word_1_218' title='bbox 2346 1483 2601 1540; x_wconf 73' lang='lat' dir='ltr'><strong>Profecto</strong></span> <span class='ocrx_word' id='word_1_219' title='bbox 2643 1486 2988 1555; x_wconf 89' lang='lat' dir='ltr'><strong>justissime;</strong></span> <span class='ocrx_word' id='word_1_220' title='bbox 3039 1503 3168 1544; x_wconf 92' lang='lat' dir='ltr'><strong>nam</strong></span> <span class='ocrx_word' id='word_1_221' title='bbox 3215 1491 3363 1559; x_wconf 92' lang='lat' dir='ltr'><strong>quod</strong></span> <span class='ocrx_word' id='word_1_222' title='bbox 3402 1507 3583 1550; x_wconf 88' lang='lat' dir='ltr'><strong>reme-</strong></span> 
     </span>
    </p>
   </div>
   <div class='ocr_carea' id='block_1_32' title="bbox 1973 1575 3587 1651">
    <p class='ocr_par' dir='ltr' id='par_1_32' title="bbox 1973 1575 3587 1651">
     <span class='ocr_line' id='line_1_32' title="bbox 1973 1575 3587 1651; baseline 0.006 -20"><span class='ocrx_word' id='word_1_223' title='bbox 1973 1575 2123 1631; x_wconf 89' lang='lat' dir='ltr'><strong>dium</strong></span> <span class='ocrx_word' id='word_1_224' title='bbox 2163 1576 2246 1633; x_wconf 88' lang='lat' dir='ltr'><strong>eis</strong></span> <span class='ocrx_word' id='word_1_225' title='bbox 2292 1587 2568 1647; x_wconf 88' lang='lat' dir='ltr'><strong>superest,</strong></span> <span class='ocrx_word' id='word_1_226' title='bbox 2614 1579 2708 1648; x_wconf 91' lang='lat' dir='ltr'><strong>qui</strong></span> <span class='ocrx_word' id='word_1_227' title='bbox 2755 1577 3146 1636; x_wconf 85' lang='lat' dir='ltr'><strong>incredulitate</strong></span> <span class='ocrx_word' id='word_1_228' title='bbox 3224 1582 3495 1651; x_wconf 85' lang='lat' dir='ltr'><strong>laborant,</strong></span> <span class='ocrx_word' id='word_1_229' title='bbox 3527 1593 3587 1642; x_wconf 89' lang='lat' dir='ltr'><strong>et</strong></span> 
     </span>
    </p>
   </div>
   <div class='ocr_carea' id='block_1_33' title="bbox 1981 1669 3582 1748">
    <p class='ocr_par' dir='ltr' id='par_1_33' title="bbox 1981 1669 3582 1748">
     <span class='ocr_line' id='line_1_33' title="bbox 1981 1669 3582 1748; baseline 0.007 -26"><span class='ocrx_word' id='word_1_230' title='bbox 1981 1676 2179 1737; x_wconf 87' lang='lat' dir='ltr'><strong>sponte</strong></span> <span class='ocrx_word' id='word_1_231' title='bbox 2200 1669 2552 1726; x_wconf 72' lang='lat' dir='ltr'><strong>caacuciunt?</strong></span> <span class='ocrx_word' id='word_1_232' title='bbox 2586 1669 2708 1724; x_wconf 84' lang='lat' dir='ltr'><strong>Non</strong></span> <span class='ocrx_word' id='word_1_233' title='bbox 2740 1671 2880 1724; x_wconf 87' lang='lat' dir='ltr'><strong>enim</strong></span> <span class='ocrx_word' id='word_1_234' title='bbox 2903 1672 3048 1748; x_wconf 74' lang='lat' dir='ltr'><strong>veni,</strong></span> <span class='ocrx_word' id='word_1_235' title='bbox 3086 1672 3263 1742; x_wconf 80' lang='lat' dir='ltr'><strong>inquit</strong></span> <span class='ocrx_word' id='word_1_236' title='bbox 3290 1675 3582 1744; x_wconf 87' lang='lat' dir='ltr'><strong>Dominus,</strong></span> 
     </span>
    </p>
   </div>
   <div class='ocr_carea' id='block_1_34' title="bbox 280 1755 1870 1845">
    <p class='ocr_par' dir='ltr' id='par_1_34' title="bbox 280 1755 1869 1830">
     <span class='ocr_line' id='line_1_34' title="bbox 280 1755 1869 1830; baseline 0.004 -20"><span class='ocrx_word' id='word_1_237' title='bbox 280 1757 314 1810; x_wconf 83' lang='grc' dir='ltr'>ὁ</span> <span class='ocrx_word' id='word_1_238' title='bbox 361 1756 588 1828; x_wconf 82' lang='grc' dir='ltr'>Κύριος.</span> <span class='ocrx_word' id='word_1_239' title='bbox 647 1755 902 1812; x_wconf 79' lang='grc' dir='ltr'>καλέσαι</span> <span class='ocrx_word' id='word_1_240' title='bbox 937 1757 1229 1825; x_wconf 82' lang='grc' dir='ltr'>δικαίους,</span> <span class='ocrx_word' id='word_1_241' title='bbox 1291 1759 1449 1814; x_wconf 80' lang='grc' dir='ltr'>ἀλλὰ</span> <span class='ocrx_word' id='word_1_242' title='bbox 1483 1760 1869 1830; x_wconf 80' lang='grc' dir='ltr'>ἁμαρτωλοὺς</span> 
     </span>
    </p>
   </div>
   <div class='ocr_carea' id='block_1_35' title="bbox 1977 1755 3588 1845">
    <p class='ocr_par' dir='ltr' id='par_1_35' title="bbox 1977 1763 3588 1839">
     <span class='ocr_line' id='line_1_35' title="bbox 1977 1763 3588 1839; baseline 0.005 -22"><span class='ocrx_word' id='word_1_243' title='bbox 1977 1778 2161 1818; x_wconf 82' lang='lat' dir='ltr'><strong>vocare</strong></span> <span class='ocrx_word' id='word_1_244' title='bbox 2172 1763 2344 1831; x_wconf 81' lang='lat' dir='ltr'><strong>justas</strong></span> <span class='ocrx_word' id='word_1_245' title='bbox 2369 1764 2460 1818; x_wconf 85' lang='lat' dir='ltr'><strong>sed</strong></span> <span class='ocrx_word' id='word_1_246' title='bbox 2475 1771 2776 1832; x_wconf 85' lang='lat' dir='ltr'><strong>peccatores</strong></span> <span class='ocrx_word' id='word_1_247' title='bbox 2795 1764 2867 1818; x_wconf 85' lang='lat' dir='ltr'><strong>ad</strong></span> <span class='ocrx_word' id='word_1_248' title='bbox 2891 1765 3255 1833; x_wconf 78' lang='lat' dir='ltr'><strong>ptenitentiam</strong></span> <span class='ocrx_word' id='word_1_249' title='bbox 3283 1767 3365 1824; x_wconf 83' lang='lat'><strong>°°:</strong></span> <span class='ocrx_word' id='word_1_250' title='bbox 3409 1769 3588 1839; x_wconf 67' lang='lat' dir='ltr'><strong>paeni-</strong></span> 
     </span>
    </p>
   </div>
   <div class='ocr_carea' id='block_1_36' title="bbox 279 1849 1874 1926">
    <p class='ocr_par' dir='ltr' id='par_1_36' title="bbox 279 1849 1874 1926">
     <span class='ocr_line' id='line_1_36' title="bbox 279 1849 1874 1926; baseline 0.004 -23"><span class='ocrx_word' id='word_1_251' title='bbox 279 1851 371 1915; x_wconf 84' lang='grc' dir='ltr'>εὶς</span> <span class='ocrx_word' id='word_1_252' title='bbox 410 1849 737 1918; x_wconf 80' lang='grc' dir='ltr'>μετάνοιαν</span> <span class='ocrx_word' id='word_1_253' title='bbox 758 1867 772 1884; x_wconf 75' lang='grc' dir='ltr'><strong><em>ο</em></strong></span> <span class='ocrx_word' id='word_1_254' title='bbox 807 1850 907 1921; x_wconf 85' lang='grc' dir='ltr'>τὴν</span> <span class='ocrx_word' id='word_1_255' title='bbox 931 1851 988 1904; x_wconf 81' lang='grc' dir='ltr'>δὲ</span> <span class='ocrx_word' id='word_1_256' title='bbox 1021 1852 1310 1921; x_wconf 85' lang='grc' dir='ltr'>μετάνοιαν</span> <span class='ocrx_word' id='word_1_257' title='bbox 1341 1854 1439 1906; x_wconf 87' lang='grc' dir='ltr'>οὐκ</span> <span class='ocrx_word' id='word_1_258' title='bbox 1470 1853 1695 1908; x_wconf 82' lang='grc' dir='ltr'>ἄλλοθεν</span> <span class='ocrx_word' id='word_1_259' title='bbox 1735 1855 1768 1926; x_wconf 83' lang='grc' dir='ltr'>ἢ</span> <span class='ocrx_word' id='word_1_260' title='bbox 1812 1855 1874 1920; x_wconf 84' lang='grc' dir='ltr'><strong>ὲξ</strong></span> 
     </span>
    </p>
   </div>
   <div class='ocr_carea' id='block_1_37' title="bbox 279 1939 1881 2015">
    <p class='ocr_par' dir='ltr' id='par_1_37' title="bbox 279 1939 1881 2015">
     <span class='ocr_line' id='line_1_37' title="bbox 279 1939 1881 2015; baseline 0.005 -24"><span class='ocrx_word' id='word_1_261' title='bbox 279 1939 538 1993; x_wconf 76' lang='grc' dir='ltr'><strong>ἑκουσίου</strong></span> <span class='ocrx_word' id='word_1_262' title='bbox 577 1939 804 2011; x_wconf 84' lang='grc' dir='ltr'>γνώμης</span> <span class='ocrx_word' id='word_1_263' title='bbox 825 1943 984 2010; x_wconf 86' lang='grc' dir='ltr'>ῐσμεν</span> <span class='ocrx_word' id='word_1_264' title='bbox 1011 1942 1327 2012; x_wconf 85' lang='grc' dir='ltr'>γινομένην.</span> <span class='ocrx_word' id='word_1_265' title='bbox 1358 1944 1432 1997; x_wconf 86' lang='grc' dir='ltr'>Τὸ</span> <span class='ocrx_word' id='word_1_266' title='bbox 1461 1947 1569 2015; x_wconf 77' lang='grc' dir='ltr'><strong>γὰρ</strong></span> <span class='ocrx_word' id='word_1_267' title='bbox 1604 1945 1881 2009; x_wconf 87' lang='grc' dir='ltr'>ἀκουσίως</span> 
     </span>
    </p>
   </div>
   <div class='ocr_carea' id='block_1_38' title="bbox 277 2031 1878 2109">
    <p class='ocr_par' dir='ltr' id='par_1_38' title="bbox 277 2031 1878 2109">
     <span class='ocr_line' id='line_1_38' title="bbox 277 2031 1878 2109; baseline 0.006 -25"><span class='ocrx_word' id='word_1_268' title='bbox 277 2032 594 2102; x_wconf 78' lang='grc' dir='ltr'>γινόμενον,</span> <span class='ocrx_word' id='word_1_269' title='bbox 641 2033 764 2088; x_wconf 85' lang='grc' dir='ltr'>οὐδὲ</span> <span class='ocrx_word' id='word_1_270' title='bbox 820 2035 1050 2106; x_wconf 82' lang='grc' dir='ltr'>μόνιμον</span> <span class='ocrx_word' id='word_1_271' title='bbox 1071 2053 1085 2066; x_wconf 88' lang='grc'><strong>·</strong></span> <span class='ocrx_word' id='word_1_272' title='bbox 1120 2037 1188 2090; x_wconf 86' lang='grc' dir='ltr'><strong>δι’</strong></span> <span class='ocrx_word' id='word_1_273' title='bbox 1220 2038 1249 2090; x_wconf 80' lang='grc' dir='ltr'><strong>ὃ</strong></span> <span class='ocrx_word' id='word_1_274' title='bbox 1283 2038 1409 2091; x_wconf 88' lang='grc' dir='ltr'><strong>ούδὲ</strong></span> <span class='ocrx_word' id='word_1_275' title='bbox 1455 2038 1714 2109; x_wconf 87' lang='grc' dir='ltr'>μετάνοια</span> <span class='ocrx_word' id='word_1_276' title='bbox 1745 2031 1878 2094; x_wconf 63' lang='grc' dir='ltr'>’ἀλλ’</span> 
     </span>
    </p>
   </div>
   <div class='ocr_carea' id='block_1_39' title="bbox 276 2125 1879 2203">
    <p class='ocr_par' dir='ltr' id='par_1_39' title="bbox 276 2125 1879 2203">
     <span class='ocr_line' id='line_1_39' title="bbox 276 2125 1879 2203; baseline 0.002 -23"><span class='ocrx_word' id='word_1_277' title='bbox 276 2125 499 2197; x_wconf 82' lang='grc' dir='ltr'><strong>ἀνάγκη</strong></span> <span class='ocrx_word' id='word_1_278' title='bbox 523 2127 619 2179; x_wconf 80' lang='grc' dir='ltr'><strong>καὶ</strong></span> <span class='ocrx_word' id='word_1_279' title='bbox 645 2127 759 2180; x_wconf 80' lang='grc' dir='ltr'>ἔστι</span> <span class='ocrx_word' id='word_1_280' title='bbox 791 2127 888 2182; x_wconf 72' lang='grc' dir='ltr'>καὶ</span> <span class='ocrx_word' id='word_1_281' title='bbox 919 2128 1173 2196; x_wconf 82' lang='grc' dir='ltr'>λέγεται·</span> <span class='ocrx_word' id='word_1_282' title='bbox 1203 2129 1292 2183; x_wconf 77' lang='grc' dir='ltr'>τοῦ</span> <span class='ocrx_word' id='word_1_283' title='bbox 1323 2133 1741 2203; x_wconf 77' lang='grc' dir='ltr'>συναμφοτέρου</span> <span class='ocrx_word' id='word_1_284' title='bbox 1763 2131 1879 2185; x_wconf 81' lang='grc' dir='ltr'>τοί-</span> 
     </span>
    </p>
   </div>
   <div class='ocr_carea' id='block_1_40' title="bbox 276 2221 1880 2295">
    <p class='ocr_par' dir='ltr' id='par_1_40' title="bbox 276 2221 1880 2295">
     <span class='ocr_line' id='line_1_40' title="bbox 276 2221 1880 2295; baseline 0.005 -23"><span class='ocrx_word' id='word_1_285' title='bbox 276 2236 376 2273; x_wconf 88' lang='grc' dir='ltr'><strong>νυν</strong></span> <span class='ocrx_word' id='word_1_286' title='bbox 406 2221 577 2274; x_wconf 87' lang='grc' dir='ltr'>δεῖται</span> <span class='ocrx_word' id='word_1_287' title='bbox 605 2222 638 2293; x_wconf 81' lang='grc' dir='ltr'>ἡ</span> <span class='ocrx_word' id='word_1_288' title='bbox 669 2221 936 2291; x_wconf 82' lang='grc' dir='ltr'>μετάνοια</span> <span class='ocrx_word' id='word_1_289' title='bbox 962 2224 1057 2276; x_wconf 81' lang='grc' dir='ltr'>καὶ</span> <span class='ocrx_word' id='word_1_290' title='bbox 1085 2224 1186 2294; x_wconf 84' lang='grc' dir='ltr'>τῆς</span> <span class='ocrx_word' id='word_1_291' title='bbox 1218 2224 1313 2278; x_wconf 80' lang='grc' dir='ltr'><strong>τοῦ</strong></span> <span class='ocrx_word' id='word_1_292' title='bbox 1349 2224 1690 2295; x_wconf 81' lang='grc' dir='ltr'>θεραπευτοῦ</span> <span class='ocrx_word' id='word_1_293' title='bbox 1719 2226 1880 2288; x_wconf 63' lang='grc' dir='ltr'>δυνά-</span> 
     </span>
    </p>
   </div>
   <div class='ocr_carea' id='block_1_41' title="bbox 281 2314 1876 2388">
    <p class='ocr_par' dir='ltr' id='par_1_41' title="bbox 281 2314 1876 2388">
     <span class='ocr_line' id='line_1_41' title="bbox 281 2314 1876 2388; baseline 0.004 -23"><span class='ocrx_word' id='word_1_294' title='bbox 281 2329 453 2382; x_wconf 86' lang='grc' dir='ltr'>μεως,</span> <span class='ocrx_word' id='word_1_295' title='bbox 489 2314 710 2383; x_wconf 78' lang='grc' dir='ltr'>καὶτῆς</span> <span class='ocrx_word' id='word_1_296' title='bbox 735 2314 832 2367; x_wconf 86' lang='grc' dir='ltr'>τοῦ</span> <span class='ocrx_word' id='word_1_297' title='bbox 863 2315 1307 2386; x_wconf 80' lang='grc' dir='ltr'>θεραπευομένου</span> <span class='ocrx_word' id='word_1_298' title='bbox 1359 2316 1692 2388; x_wconf 81' lang='grc' dir='ltr'>εἰλικρινοῦς</span> <span class='ocrx_word' id='word_1_299' title='bbox 1742 2318 1876 2373; x_wconf 84' lang='grc' dir='ltr'>ὑπο-</span> 
     </span>
    </p>
   </div>
   <div class='ocr_carea' id='block_1_42' title="bbox 279 2403 1874 2482">
    <p class='ocr_par' dir='ltr' id='par_1_42' title="bbox 279 2403 1874 2482">
     <span class='ocr_line' id='line_1_42' title="bbox 279 2403 1874 2482; baseline 0.013 -26"><span class='ocrx_word' id='word_1_300' title='bbox 279 2403 548 2468; x_wconf 83' lang='grc' dir='ltr'>πτώσεως</span> <span class='ocrx_word' id='word_1_301' title='bbox 576 2423 589 2436; x_wconf 89' lang='grc'><strong>·</strong></span> <span class='ocrx_word' id='word_1_302' title='bbox 646 2406 912 2478; x_wconf 77' lang='grc' dir='ltr'>ἑκατέρου</span> <span class='ocrx_word' id='word_1_303' title='bbox 965 2408 1074 2478; x_wconf 84' lang='grc' dir='ltr'>γὰρ</span> <span class='ocrx_word' id='word_1_304' title='bbox 1119 2408 1485 2476; x_wconf 77' lang='grc' dir='ltr'>ἐλλείποντος,</span> <span class='ocrx_word' id='word_1_305' title='bbox 1541 2410 1814 2482; x_wconf 80' lang='grc' dir='ltr'>δυσχερὴς</span> <span class='ocrx_word' id='word_1_306' title='bbox 1841 2413 1874 2481; x_wconf 75' lang='grc' dir='ltr'>ἡ</span> 
     </span>
    </p>
   </div>
   <div class='ocr_carea' id='block_1_43' title="bbox 275 2499 1874 2575">
    <p class='ocr_par' dir='ltr' id='par_1_43' title="bbox 275 2499 1874 2575">
     <span class='ocr_line' id='line_1_43' title="bbox 275 2499 1874 2575; baseline 0.012 -24"><span class='ocrx_word' id='word_1_307' title='bbox 275 2499 566 2563; x_wconf 86' lang='grc' dir='ltr'>τελείωσις</span> <span class='ocrx_word' id='word_1_308' title='bbox 590 2516 603 2529; x_wconf 93' lang='grc'><strong>·</strong></span> <span class='ocrx_word' id='word_1_309' title='bbox 640 2501 1055 2572; x_wconf 86' lang='grc' dir='ltr'>παντοδύναμος</span> <span class='ocrx_word' id='word_1_310' title='bbox 1096 2503 1196 2571; x_wconf 85' lang='grc' dir='ltr'><strong>μέν</strong></span> <span class='ocrx_word' id='word_1_311' title='bbox 1226 2504 1373 2556; x_wconf 79' lang='grc' dir='ltr'>ἑστιν</span> <span class='ocrx_word' id='word_1_312' title='bbox 1416 2504 1446 2555; x_wconf 83' lang='grc' dir='ltr'>ὁ</span> <span class='ocrx_word' id='word_1_313' title='bbox 1470 2502 1603 2566; x_wconf 83' lang='grc' dir='ltr'>Θεὸς</span> <span class='ocrx_word' id='word_1_314' title='bbox 1629 2504 1658 2556; x_wconf 79' lang='grc' dir='ltr'>ὁ</span> <span class='ocrx_word' id='word_1_315' title='bbox 1687 2504 1751 2556; x_wconf 73' lang='grc' dir='ltr'>ἐκ</span> <span class='ocrx_word' id='word_1_316' title='bbox 1799 2503 1874 2575; x_wconf 84' lang='grc' dir='ltr'>μὴ</span> 
     </span>
    </p>
   </div>
   <div class='ocr_carea' id='block_1_44' title="bbox 275 2587 1874 2662">
    <p class='ocr_par' dir='ltr' id='par_1_44' title="bbox 275 2587 1874 2662">
     <span class='ocr_line' id='line_1_44' title="bbox 275 2587 1874 2662; baseline 0.002 -18"><span class='ocrx_word' id='word_1_317' title='bbox 275 2591 451 2644; x_wconf 79' lang='grc' dir='ltr'>ϐντων</span> <span class='ocrx_word' id='word_1_318' title='bbox 482 2592 550 2646; x_wconf 88' lang='grc' dir='ltr'><strong>τά</strong></span> <span class='ocrx_word' id='word_1_319' title='bbox 575 2593 753 2646; x_wconf 79' lang='grc' dir='ltr'>πάντα</span> <span class='ocrx_word' id='word_1_320' title='bbox 779 2593 1142 2662; x_wconf 86' lang='grc' dir='ltr'>παραγαγὼν,</span> <span class='ocrx_word' id='word_1_321' title='bbox 1161 2587 1276 2648; x_wconf 76' lang='grc' dir='ltr'>’καὶ</span> <span class='ocrx_word' id='word_1_322' title='bbox 1298 2595 1524 2659; x_wconf 81' lang='grc' dir='ltr'>δυνατός</span> <span class='ocrx_word' id='word_1_323' title='bbox 1553 2597 1667 2648; x_wconf 87' lang='grc' dir='ltr'>ὲστι</span> <span class='ocrx_word' id='word_1_324' title='bbox 1692 2597 1874 2649; x_wconf 80' lang='grc' dir='ltr'>πᾶσαν</span> 
     </span>
    </p>
   </div>
   <div class='ocr_carea' id='block_1_45' title="bbox 273 2682 1873 2757">
    <p class='ocr_par' dir='ltr' id='par_1_45' title="bbox 273 2682 1873 2757">
     <span class='ocr_line' id='line_1_45' title="bbox 273 2682 1873 2757; baseline 0.004 -22"><span class='ocrx_word' id='word_1_325' title='bbox 273 2683 378 2752; x_wconf 80' lang='grc' dir='ltr'>τὴν</span> <span class='ocrx_word' id='word_1_326' title='bbox 433 2683 613 2735; x_wconf 84' lang='grc' dir='ltr'>κτίσιν</span> <span class='ocrx_word' id='word_1_327' title='bbox 656 2682 735 2752; x_wconf 82' lang='grc' dir='ltr'>τῷ</span> <span class='ocrx_word' id='word_1_328' title='bbox 763 2683 931 2736; x_wconf 81' lang='grc' dir='ltr'>αὑτοῦ</span> <span class='ocrx_word' id='word_1_329' title='bbox 959 2686 1313 2757; x_wconf 81' lang='grc' dir='ltr'>παραστῆσαι</span> <span class='ocrx_word' id='word_1_330' title='bbox 1352 2685 1678 2757; x_wconf 81' lang='grc' dir='ltr'>βουλήματι,</span> <span class='ocrx_word' id='word_1_331' title='bbox 1729 2689 1873 2743; x_wconf 84' lang='grc' dir='ltr'><strong>κατά</strong></span> 
     </span>
    </p>
   </div>
   <div class='ocr_carea' id='block_1_46' title="bbox 274 2774 1868 2849">
    <p class='ocr_par' dir='ltr' id='par_1_46' title="bbox 274 2774 1868 2849">
     <span class='ocr_line' id='line_1_46' title="bbox 274 2774 1868 2849; baseline 0.005 -24"><span class='ocrx_word' id='word_1_332' title='bbox 274 2776 380 2842; x_wconf 81' lang='grc' dir='ltr'>τὴν</span> <span class='ocrx_word' id='word_1_333' title='bbox 415 2774 582 2828; x_wconf 81' lang='grc' dir='ltr'>αὑτοῦ</span> <span class='ocrx_word' id='word_1_334' title='bbox 635 2774 854 2845; x_wconf 84' lang='grc' dir='ltr'>θέλησιν</span> <span class='ocrx_word' id='word_1_335' title='bbox 901 2777 996 2832; x_wconf 77' lang='grc' dir='ltr'>καὶ</span> <span class='ocrx_word' id='word_1_336' title='bbox 1033 2779 1470 2849; x_wconf 76' lang='grc' dir='ltr'>ἠναγκασμένως</span> <span class='ocrx_word' id='word_1_337' title='bbox 1516 2778 1868 2849; x_wconf 82' lang='grc' dir='ltr'>πορεύεσθαι.</span> 
     </span>
    </p>
   </div>
   <div class='ocr_carea' id='block_1_47' title="bbox 277 2865 1870 2944">
    <p class='ocr_par' dir='ltr' id='par_1_47' title="bbox 277 2865 1870 2944">
     <span class='ocr_line' id='line_1_47' title="bbox 277 2865 1870 2944; baseline 0.004 -24"><span class='ocrx_word' id='word_1_338' title='bbox 277 2865 428 2938; x_wconf 80' lang='lat' dir='ltr'><strong>[cod.</strong></span> <span class='ocrx_word' id='word_1_339' title='bbox 475 2865 515 2921; x_wconf 81' lang='lat' dir='ltr'><strong>f.</strong></span> <span class='ocrx_word' id='word_1_340' title='bbox 571 2867 720 2938; x_wconf 60' lang='lat' dir='ltr'><strong>HL]</strong></span> <span class='ocrx_word' id='word_1_341' title='bbox 753 2869 827 2920; x_wconf 87' lang='grc' dir='ltr'><strong>Ού</strong></span> <span class='ocrx_word' id='word_1_342' title='bbox 866 2867 1116 2938; x_wconf 87' lang='grc' dir='ltr'>βούλεται</span> <span class='ocrx_word' id='word_1_343' title='bbox 1157 2871 1215 2924; x_wconf 79' lang='grc' dir='ltr'>δὲ</span> <span class='ocrx_word' id='word_1_344' title='bbox 1261 2871 1420 2925; x_wconf 84' lang='grc' dir='ltr'>τοῦτο</span> <span class='ocrx_word' id='word_1_345' title='bbox 1455 2871 1523 2926; x_wconf 78' lang='grc' dir='ltr'>δι’</span> <span class='ocrx_word' id='word_1_346' title='bbox 1563 2872 1870 2944; x_wconf 81' lang='grc' dir='ltr'>ὑπερϐολὴν</span> 
     </span>
    </p>
   </div>
   <div class='ocr_carea' id='block_1_48' title="bbox 272 2959 1870 3036">
    <p class='ocr_par' dir='ltr' id='par_1_48' title="bbox 272 2959 1870 3036">
     <span class='ocr_line' id='line_1_48' title="bbox 272 2959 1870 3036; baseline 0.003 -22"><span class='ocrx_word' id='word_1_347' title='bbox 272 2959 638 3031; x_wconf 81' lang='grc' dir='ltr'>ἀγαθότητος,</span> <span class='ocrx_word' id='word_1_348' title='bbox 694 2961 832 3016; x_wconf 85' lang='grc' dir='ltr'><strong>ἀλλά</strong></span> <span class='ocrx_word' id='word_1_349' title='bbox 853 2964 968 3027; x_wconf 85' lang='grc' dir='ltr'>τοῖς</span> <span class='ocrx_word' id='word_1_350' title='bbox 1023 2963 1122 3034; x_wconf 83' lang='grc' dir='ltr'>μὲν</span> <span class='ocrx_word' id='word_1_351' title='bbox 1183 2963 1412 3036; x_wconf 76' lang='grc' dir='ltr'>ἀψύχοις</span> <span class='ocrx_word' id='word_1_352' title='bbox 1447 2965 1544 3018; x_wconf 74' lang='grc' dir='ltr'><strong>καὶ</strong></span> <span class='ocrx_word' id='word_1_353' title='bbox 1571 2965 1788 3034; x_wconf 84' lang='grc' dir='ltr'>ἀλόγοις</span> <span class='ocrx_word' id='word_1_354' title='bbox 1807 2966 1870 3020; x_wconf 81' lang='grc' dir='ltr'>τὸ</span> 
     </span>
    </p>
   </div>
   <div class='ocr_carea' id='block_1_49' title="bbox 272 3054 1867 3131">
    <p class='ocr_par' dir='ltr' id='par_1_49' title="bbox 272 3054 1867 3131">
     <span class='ocr_line' id='line_1_49' title="bbox 272 3054 1867 3131; baseline 0.006 -26"><span class='ocrx_word' id='word_1_355' title='bbox 272 3054 583 3121; x_wconf 84' lang='grc' dir='ltr'>ἀναγκαῖον</span> <span class='ocrx_word' id='word_1_356' title='bbox 609 3055 936 3126; x_wconf 80' lang='grc' dir='ltr'>ἀπένειμεν,</span> <span class='ocrx_word' id='word_1_357' title='bbox 960 3058 1076 3121; x_wconf 80' lang='grc' dir='ltr'>τοῖς</span> <span class='ocrx_word' id='word_1_358' title='bbox 1112 3057 1168 3110; x_wconf 82' lang='grc' dir='ltr'>δὲ</span> <span class='ocrx_word' id='word_1_359' title='bbox 1206 3057 1474 3130; x_wconf 79' lang='grc' dir='ltr'>ἐμψύχοις</span> <span class='ocrx_word' id='word_1_360' title='bbox 1501 3059 1562 3112; x_wconf 82' lang='grc' dir='ltr'><strong>τὺ</strong></span> <span class='ocrx_word' id='word_1_361' title='bbox 1581 3059 1867 3131; x_wconf 78' lang='grc' dir='ltr'>ἐνδεχόμε-</span> 
     </span>
    </p>
   </div>
   <div class='ocr_carea' id='block_1_50' title="bbox 1987 1855 3586 1924">
    <p class='ocr_par' dir='ltr' id='par_1_50' title="bbox 1987 1855 3586 1924">
     <span class='ocr_line' id='line_1_50' title="bbox 1987 1855 3586 1924; baseline 0.003 -13"><span class='ocrx_word' id='word_1_362' title='bbox 1987 1856 2216 1911; x_wconf 87' lang='lat' dir='ltr'><strong>tentiam</strong></span> <span class='ocrx_word' id='word_1_363' title='bbox 2248 1871 2384 1912; x_wconf 88' lang='lat' dir='ltr'><strong>vero</strong></span> <span class='ocrx_word' id='word_1_364' title='bbox 2433 1856 2578 1911; x_wconf 82' lang='lat' dir='ltr'><strong>haud</strong></span> <span class='ocrx_word' id='word_1_365' title='bbox 2628 1855 2853 1911; x_wconf 84' lang='lat' dir='ltr'><strong>aliunde</strong></span> <span class='ocrx_word' id='word_1_366' title='bbox 2892 1872 3056 1924; x_wconf 90' lang='lat' dir='ltr'><strong>quam</strong></span> <span class='ocrx_word' id='word_1_367' title='bbox 3099 1859 3411 1914; x_wconf 89' lang='lat' dir='ltr'><strong>voluntaria</strong></span> <span class='ocrx_word' id='word_1_368' title='bbox 3445 1861 3586 1916; x_wconf 88' lang='lat' dir='ltr'><strong>deli-</strong></span> 
     </span>
    </p>
   </div>
   <div class='ocr_carea' id='block_1_51' title="bbox 1983 1947 3585 2018">
    <p class='ocr_par' dir='ltr' id='par_1_51' title="bbox 1983 1947 3585 2018">
     <span class='ocr_line' id='line_1_51' title="bbox 1983 1947 3585 2018; baseline 0.004 -16"><span class='ocrx_word' id='word_1_369' title='bbox 1983 1947 2268 2003; x_wconf 87' lang='lat' dir='ltr'><strong>beratione</strong></span> <span class='ocrx_word' id='word_1_370' title='bbox 2299 1947 2419 2004; x_wconf 84' lang='lat' dir='ltr'><strong>ﬁeri</strong></span> <span class='ocrx_word' id='word_1_371' title='bbox 2447 1949 2675 2004; x_wconf 91' lang='lat' dir='ltr'><strong>scimus.</strong></span> <span class='ocrx_word' id='word_1_372' title='bbox 2708 1947 2842 2002; x_wconf 89' lang='lat' dir='ltr'><strong>Nam</strong></span> <span class='ocrx_word' id='word_1_373' title='bbox 2878 1949 3026 2018; x_wconf 88' lang='lat' dir='ltr'><strong>quod</strong></span> <span class='ocrx_word' id='word_1_374' title='bbox 3058 1949 3228 2006; x_wconf 88' lang='lat' dir='ltr'><strong>invite</strong></span> <span class='ocrx_word' id='word_1_375' title='bbox 3258 1950 3338 2017; x_wconf 84' lang='lat' dir='ltr'><strong>ﬁt,</strong></span> <span class='ocrx_word' id='word_1_376' title='bbox 3365 1967 3437 2007; x_wconf 89' lang='lat' dir='ltr'><strong>ne</strong></span> <span class='ocrx_word' id='word_1_377' title='bbox 3467 1962 3585 2009; x_wconf 85' lang='lat' dir='ltr'><strong>sta-</strong></span> 
     </span>
    </p>
   </div>
   <div class='ocr_carea' id='block_1_52' title="bbox 1979 2039 3589 2110">
    <p class='ocr_par' dir='ltr' id='par_1_52' title="bbox 1979 2039 3589 2110">
     <span class='ocr_line' id='line_1_52' title="bbox 1979 2039 3589 2110; baseline 0.002 -15"><span class='ocrx_word' id='word_1_378' title='bbox 1979 2039 2092 2095; x_wconf 88' lang='lat' dir='ltr'><strong>bile</strong></span> <span class='ocrx_word' id='word_1_379' title='bbox 2123 2040 2346 2110; x_wconf 88' lang='lat' dir='ltr'><strong>quidem</strong></span> <span class='ocrx_word' id='word_1_380' title='bbox 2371 2049 2492 2096; x_wconf 90' lang='lat' dir='ltr'><strong>cst:</strong></span> <span class='ocrx_word' id='word_1_381' title='bbox 2532 2041 2765 2110; x_wconf 90' lang='lat' dir='ltr'><strong>ideoque</strong></span> <span class='ocrx_word' id='word_1_382' title='bbox 2796 2040 2942 2095; x_wconf 89' lang='lat' dir='ltr'><strong>haud</strong></span> <span class='ocrx_word' id='word_1_383' title='bbox 2985 2041 3314 2110; x_wconf 76' lang='lat' dir='ltr'><strong>pmnitentia</strong></span> <span class='ocrx_word' id='word_1_384' title='bbox 3357 2043 3454 2098; x_wconf 90' lang='lat' dir='ltr'><strong>sed</strong></span> <span class='ocrx_word' id='word_1_385' title='bbox 3489 2059 3589 2100; x_wconf 91' lang='lat' dir='ltr'><strong>ne-</strong></span> 
     </span>
    </p>
   </div>
   <div class='ocr_carea' id='block_1_53' title="bbox 1981 2131 3582 2206">
    <p class='ocr_par' dir='ltr' id='par_1_53' title="bbox 1981 2131 3582 2206">
     <span class='ocr_line' id='line_1_53' title="bbox 1981 2131 3582 2206; baseline 0.002 -20"><span class='ocrx_word' id='word_1_386' title='bbox 1981 2131 2213 2186; x_wconf 83' lang='lat' dir='ltr'><strong>cessitas</strong></span> <span class='ocrx_word' id='word_1_387' title='bbox 2239 2141 2296 2187; x_wconf 89' lang='lat' dir='ltr'><strong>et</strong></span> <span class='ocrx_word' id='word_1_388' title='bbox 2335 2141 2420 2187; x_wconf 85' lang='lat' dir='ltr'><strong>est</strong></span> <span class='ocrx_word' id='word_1_389' title='bbox 2443 2140 2499 2186; x_wconf 91' lang='lat' dir='ltr'><strong>et</strong></span> <span class='ocrx_word' id='word_1_390' title='bbox 2542 2131 2764 2187; x_wconf 89' lang='lat' dir='ltr'><strong>dicitur.</strong></span> <span class='ocrx_word' id='word_1_391' title='bbox 2800 2132 3045 2201; x_wconf 85' lang='lat' dir='ltr'><strong>Utraque</strong></span> <span class='ocrx_word' id='word_1_392' title='bbox 3077 2131 3246 2204; x_wconf 78' lang='lat' dir='ltr'><strong>igitur</strong></span> <span class='ocrx_word' id='word_1_393' title='bbox 3287 2149 3345 2188; x_wconf 91' lang='lat' dir='ltr'><strong>re</strong></span> <span class='ocrx_word' id='word_1_394' title='bbox 3373 2133 3582 2206; x_wconf 81' lang='lat' dir='ltr'><strong>indiget</strong></span> 
     </span>
    </p>
   </div>
   <div class='ocr_carea' id='block_1_54' title="bbox 1978 2225 3586 2296">
    <p class='ocr_par' dir='ltr' id='par_1_54' title="bbox 1978 2225 3586 2296">
     <span class='ocr_line' id='line_1_54' title="bbox 1978 2225 3586 2296; baseline 0.001 -16"><span class='ocrx_word' id='word_1_395' title='bbox 1978 2225 2326 2295; x_wconf 72' lang='lat' dir='ltr'><strong>paenitentia,</strong></span> <span class='ocrx_word' id='word_1_396' title='bbox 2359 2241 2560 2296; x_wconf 86' lang='lat' dir='ltr'><strong>nempe</strong></span> <span class='ocrx_word' id='word_1_397' title='bbox 2582 2234 2638 2280; x_wconf 91' lang='lat' dir='ltr'><strong>et</strong></span> <span class='ocrx_word' id='word_1_398' title='bbox 2663 2225 2909 2281; x_wconf 88' lang='lat' dir='ltr'><strong>sanantis</strong></span> <span class='ocrx_word' id='word_1_399' title='bbox 2940 2225 3164 2291; x_wconf 83' lang='lat' dir='ltr'><strong>virtute,</strong></span> <span class='ocrx_word' id='word_1_400' title='bbox 3203 2235 3257 2282; x_wconf 84' lang='lat' dir='ltr'><strong>et</strong></span> <span class='ocrx_word' id='word_1_401' title='bbox 3285 2227 3464 2283; x_wconf 89' lang='lat' dir='ltr'><strong>sanati</strong></span> <span class='ocrx_word' id='word_1_402' title='bbox 3494 2228 3586 2284; x_wconf 80' lang='lat' dir='ltr'><strong>in-</strong></span> 
     </span>
    </p>
   </div>
   <div class='ocr_carea' id='block_1_55' title="bbox 1978 2319 3580 2388">
    <p class='ocr_par' dir='ltr' id='par_1_55' title="bbox 1978 2319 3580 2388">
     <span class='ocr_line' id='line_1_55' title="bbox 1978 2319 3580 2388; baseline 0.001 -14"><span class='ocrx_word' id='word_1_403' title='bbox 1978 2334 2158 2388; x_wconf 83' lang='lat' dir='ltr'><strong>genua</strong></span> <span class='ocrx_word' id='word_1_404' title='bbox 2213 2320 2559 2376; x_wconf 86' lang='lat' dir='ltr'><strong>humilitate:</strong></span> <span class='ocrx_word' id='word_1_405' title='bbox 2607 2320 2872 2375; x_wconf 88' lang='lat' dir='ltr'><strong>alterutra</strong></span> <span class='ocrx_word' id='word_1_406' title='bbox 2902 2319 3050 2374; x_wconf 90' lang='lat' dir='ltr'><strong>enim</strong></span> <span class='ocrx_word' id='word_1_407' title='bbox 3087 2320 3404 2386; x_wconf 82' lang='lat' dir='ltr'><strong>deﬁciente,</strong></span> <span class='ocrx_word' id='word_1_408' title='bbox 3435 2321 3580 2378; x_wconf 76' lang='lat' dir='ltr'><strong>difﬁ-</strong></span> 
     </span>
    </p>
   </div>
   <div class='ocr_carea' id='block_1_56' title="bbox 1977 2409 3583 2481">
    <p class='ocr_par' dir='ltr' id='par_1_56' title="bbox 1977 2409 3583 2481">
     <span class='ocr_line' id='line_1_56' title="bbox 1977 2409 3583 2481; baseline 0.003 -19"><span class='ocrx_word' id='word_1_409' title='bbox 1977 2409 2096 2464; x_wconf 86' lang='lat' dir='ltr'><strong>cilis</strong></span> <span class='ocrx_word' id='word_1_410' title='bbox 2121 2411 2228 2464; x_wconf 87' lang='lat' dir='ltr'><strong>erit</strong></span> <span class='ocrx_word' id='word_1_411' title='bbox 2268 2410 2344 2464; x_wconf 86' lang='lat' dir='ltr'><strong>rei</strong></span> <span class='ocrx_word' id='word_1_412' title='bbox 2369 2425 2681 2466; x_wconf 87' lang='lat' dir='ltr'><strong>successus.</strong></span> <span class='ocrx_word' id='word_1_413' title='bbox 2727 2411 3097 2481; x_wconf 80' lang='lat' dir='ltr'><strong>Omnipotens</strong></span> <span class='ocrx_word' id='word_1_414' title='bbox 3128 2426 3261 2466; x_wconf 90' lang='lat' dir='ltr'><strong>sane</strong></span> <span class='ocrx_word' id='word_1_415' title='bbox 3295 2421 3383 2466; x_wconf 89' lang='lat' dir='ltr'><strong>est</strong></span> <span class='ocrx_word' id='word_1_416' title='bbox 3413 2411 3583 2478; x_wconf 87' lang='lat' dir='ltr'><strong>Deus,</strong></span> 
     </span>
    </p>
   </div>
   <div class='ocr_carea' id='block_1_57' title="bbox 1975 2498 3583 2571">
    <p class='ocr_par' dir='ltr' id='par_1_57' title="bbox 1975 2498 3583 2571">
     <span class='ocr_line' id='line_1_57' title="bbox 1975 2498 3583 2571; baseline 0.004 -20"><span class='ocrx_word' id='word_1_417' title='bbox 1975 2498 2067 2568; x_wconf 86' lang='lat' dir='ltr'><strong>qui</strong></span> <span class='ocrx_word' id='word_1_418' title='bbox 2096 2514 2159 2553; x_wconf 86' lang='lat' dir='ltr'><strong>ex</strong></span> <span class='ocrx_word' id='word_1_419' title='bbox 2206 2515 2312 2552; x_wconf 90' lang='lat' dir='ltr'><strong>non</strong></span> <span class='ocrx_word' id='word_1_420' title='bbox 2351 2499 2693 2554; x_wconf 70' lang='lat' dir='ltr'><strong>exstantibus</strong></span> <span class='ocrx_word' id='word_1_421' title='bbox 2749 2501 2934 2555; x_wconf 90' lang='lat' dir='ltr'><strong>omnia</strong></span> <span class='ocrx_word' id='word_1_422' title='bbox 2967 2501 3243 2571; x_wconf 84' lang='lat' dir='ltr'><strong>produxit,</strong></span> <span class='ocrx_word' id='word_1_423' title='bbox 3280 2510 3336 2557; x_wconf 90' lang='lat' dir='ltr'><strong>et</strong></span> <span class='ocrx_word' id='word_1_424' title='bbox 3360 2510 3583 2557; x_wconf 88' lang='lat' dir='ltr'><strong>creatu-</strong></span> 
     </span>
    </p>
   </div>
   <div class='ocr_carea' id='block_1_58' title="bbox 1977 2595 3582 2664">
    <p class='ocr_par' dir='ltr' id='par_1_58' title="bbox 1977 2595 3582 2664">
     <span class='ocr_line' id='line_1_58' title="bbox 1977 2595 3582 2664; baseline 0.003 -19"><span class='ocrx_word' id='word_1_425' title='bbox 1977 2606 2094 2645; x_wconf 85' lang='lat' dir='ltr'><strong>ram</strong></span> <span class='ocrx_word' id='word_1_426' title='bbox 2130 2606 2352 2645; x_wconf 91' lang='lat' dir='ltr'><strong>omnem</strong></span> <span class='ocrx_word' id='word_1_427' title='bbox 2379 2602 2517 2646; x_wconf 92' lang='lat' dir='ltr'><strong>nutu</strong></span> <span class='ocrx_word' id='word_1_428' title='bbox 2541 2608 2642 2647; x_wconf 92' lang='lat' dir='ltr'><strong>suo</strong></span> <span class='ocrx_word' id='word_1_429' title='bbox 2671 2607 2866 2663; x_wconf 88' lang='lat' dir='ltr'><strong>regere</strong></span> <span class='ocrx_word' id='word_1_430' title='bbox 2890 2603 3093 2664; x_wconf 85' lang='lat' dir='ltr'><strong>pOtest,</strong></span> <span class='ocrx_word' id='word_1_431' title='bbox 3125 2602 3290 2664; x_wconf 88' lang='lat' dir='ltr'><strong>atque</strong></span> <span class='ocrx_word' id='word_1_432' title='bbox 3320 2595 3385 2649; x_wconf 88' lang='lat' dir='ltr'><strong>ad</strong></span> <span class='ocrx_word' id='word_1_433' title='bbox 3418 2611 3582 2650; x_wconf 88' lang='lat' dir='ltr'><strong>suum</strong></span> 
     </span>
    </p>
   </div>
   <div class='ocr_carea' id='block_1_59' title="bbox 1975 2681 3583 2745">
    <p class='ocr_par' dir='ltr' id='par_1_59' title="bbox 1975 2681 3583 2745">
     <span class='ocr_line' id='line_1_59' title="bbox 1975 2681 3583 2745; baseline 0.006 -9"><span class='ocrx_word' id='word_1_434' title='bbox 1975 2681 2194 2739; x_wconf 82' lang='lat' dir='ltr'><strong>libitum</strong></span> <span class='ocrx_word' id='word_1_435' title='bbox 2237 2685 2321 2740; x_wconf 88' lang='lat' dir='ltr'><strong>vel</strong></span> <span class='ocrx_word' id='word_1_436' title='bbox 2372 2684 2602 2740; x_wconf 89' lang='lat' dir='ltr'><strong>invitam</strong></span> <span class='ocrx_word' id='word_1_437' title='bbox 2656 2685 2959 2742; x_wconf 85' lang='lat' dir='ltr'><strong>inﬂectere.</strong></span> <span class='ocrx_word' id='word_1_438' title='bbox 3007 2686 3125 2741; x_wconf 85' lang='lat' dir='ltr'><strong>Non</strong></span> <span class='ocrx_word' id='word_1_439' title='bbox 3166 2687 3240 2742; x_wconf 89' lang='lat' dir='ltr'><strong>ita</strong></span> <span class='ocrx_word' id='word_1_440' title='bbox 3297 2697 3478 2743; x_wconf 87' lang='lat' dir='ltr'><strong>tamen</strong></span> <span class='ocrx_word' id='word_1_441' title='bbox 3510 2690 3583 2745; x_wconf 93' lang='lat' dir='ltr'><strong>ob</strong></span> 
     </span>
    </p>
   </div>
   <div class='ocr_carea' id='block_1_60' title="bbox 1975 2775 3581 2850">
    <p class='ocr_par' dir='ltr' id='par_1_60' title="bbox 1975 2775 3581 2850">
     <span class='ocr_line' id='line_1_60' title="bbox 1975 2775 3581 2850; baseline 0.004 -22"><span class='ocrx_word' id='word_1_442' title='bbox 1975 2788 2250 2828; x_wconf 88' lang='lat' dir='ltr'><strong>summam</strong></span> <span class='ocrx_word' id='word_1_443' title='bbox 2290 2789 2446 2829; x_wconf 89' lang='lat' dir='ltr'><strong>suam</strong></span> <span class='ocrx_word' id='word_1_444' title='bbox 2478 2775 2781 2831; x_wconf 87' lang='lat' dir='ltr'><strong>bonitatem</strong></span> <span class='ocrx_word' id='word_1_445' title='bbox 2815 2776 2964 2841; x_wconf 85' lang='lat' dir='ltr'><strong>vult;</strong></span> <span class='ocrx_word' id='word_1_446' title='bbox 2993 2777 3088 2832; x_wconf 87' lang='lat' dir='ltr'><strong>sed</strong></span> <span class='ocrx_word' id='word_1_447' title='bbox 3118 2777 3434 2834; x_wconf 89' lang='lat' dir='ltr'><strong>inanimatis</strong></span> <span class='ocrx_word' id='word_1_448' title='bbox 3455 2779 3581 2850; x_wconf 91' lang='lat' dir='ltr'><strong>qui-</strong></span> 
     </span>
    </p>
   </div>
   <div class='ocr_carea' id='block_1_61' title="bbox 1971 2866 3569 2936">
    <p class='ocr_par' dir='ltr' id='par_1_61' title="bbox 1971 2866 3569 2936">
     <span class='ocr_line' id='line_1_61' title="bbox 1971 2866 3569 2936; baseline 0.003 -13"><span class='ocrx_word' id='word_1_449' title='bbox 1971 2866 2096 2923; x_wconf 92' lang='lat' dir='ltr'><strong>dem</strong></span> <span class='ocrx_word' id='word_1_450' title='bbox 2128 2876 2184 2922; x_wconf 90' lang='lat' dir='ltr'><strong>et</strong></span> <span class='ocrx_word' id='word_1_451' title='bbox 2229 2868 2640 2924; x_wconf 86' lang='lat' dir='ltr'><strong>irrationalibus</strong></span> <span class='ocrx_word' id='word_1_452' title='bbox 2682 2869 3073 2925; x_wconf 87' lang='lat' dir='ltr'><strong>necessitatem</strong></span> <span class='ocrx_word' id='word_1_453' title='bbox 3125 2871 3397 2936; x_wconf 86' lang='lat' dir='ltr'><strong>attribuit,</strong></span> <span class='ocrx_word' id='word_1_454' title='bbox 3438 2873 3569 2928; x_wconf 85' lang='lat' dir='ltr'><strong>ani-</strong></span> 
     </span>
    </p>
   </div>
   <div class='ocr_carea' id='block_1_62' title="bbox 1971 2958 3576 3032">
    <p class='ocr_par' dir='ltr' id='par_1_62' title="bbox 1971 2958 3576 3032">
     <span class='ocr_line' id='line_1_62' title="bbox 1971 2958 3576 3032; baseline 0.006 -21"><span class='ocrx_word' id='word_1_455' title='bbox 1971 2958 2134 3013; x_wconf 82' lang='lat' dir='ltr'><strong>matis</strong></span> <span class='ocrx_word' id='word_1_456' title='bbox 2168 2973 2302 3015; x_wconf 86' lang='lat' dir='ltr'><strong>vero</strong></span> <span class='ocrx_word' id='word_1_457' title='bbox 2327 2967 2384 3014; x_wconf 91' lang='lat' dir='ltr'><strong>et</strong></span> <span class='ocrx_word' id='word_1_458' title='bbox 2424 2959 2788 3016; x_wconf 86' lang='lat' dir='ltr'><strong>rationalibus</strong></span> <span class='ocrx_word' id='word_1_459' title='bbox 2815 2963 3275 3032; x_wconf 87' lang='lat' dir='ltr'><strong>possibilitatem:</strong></span> <span class='ocrx_word' id='word_1_460' title='bbox 3308 2965 3447 3020; x_wconf 90' lang='lat' dir='ltr'><strong>duas</strong></span> <span class='ocrx_word' id='word_1_461' title='bbox 3485 2965 3576 3022; x_wconf 84' lang='lat' dir='ltr'><strong>his</strong></span> 
     </span>
    </p>
   </div>
   <div class='ocr_carea' id='block_1_63' title="bbox 1971 3051 3582 3126">
    <p class='ocr_par' dir='ltr' id='par_1_63' title="bbox 1971 3051 3582 3126">
     <span class='ocr_line' id='line_1_63' title="bbox 1971 3051 3582 3126; baseline 0.006 -22"><span class='ocrx_word' id='word_1_462' title='bbox 1971 3060 2220 3120; x_wconf 89' lang='lat' dir='ltr'><strong>patentes</strong></span> <span class='ocrx_word' id='word_1_463' title='bbox 2261 3051 2377 3108; x_wconf 86' lang='lat' dir='ltr'><strong>vias</strong></span> <span class='ocrx_word' id='word_1_464' title='bbox 2407 3054 2728 3122; x_wconf 88' lang='lat' dir='ltr'><strong>ostendens,</strong></span> <span class='ocrx_word' id='word_1_465' title='bbox 2762 3055 3062 3126; x_wconf 88' lang='lat' dir='ltr'><strong>sinensque</strong></span> <span class='ocrx_word' id='word_1_466' title='bbox 3105 3057 3329 3113; x_wconf 83' lang='lat' dir='ltr'><strong>interim</strong></span> <span class='ocrx_word' id='word_1_467' title='bbox 3407 3058 3582 3114; x_wconf 89' lang='lat' dir='ltr'><strong>libero</strong></span> 
     </span>
    </p>
   </div>
   <div class='ocr_carea' id='block_1_64' title="bbox 273 3143 1870 3219">
    <p class='ocr_par' dir='ltr' id='par_1_64' title="bbox 273 3146 1870 3218">
     <span class='ocr_line' id='line_1_64' title="bbox 273 3146 1870 3218; baseline 0.006 -19"><span class='ocrx_word' id='word_1_468' title='bbox 273 3163 370 3199; x_wconf 86' lang='grc' dir='ltr'><strong>νον</strong></span> <span class='ocrx_word' id='word_1_469' title='bbox 395 3162 409 3176; x_wconf 88' lang='grc'><strong>·</strong></span> <span class='ocrx_word' id='word_1_470' title='bbox 449 3146 546 3200; x_wconf 88' lang='grc' dir='ltr'><strong>δύο</strong></span> <span class='ocrx_word' id='word_1_471' title='bbox 593 3147 780 3208; x_wconf 71' lang='grc' dir='ltr'>αὐτοῖς</span> <span class='ocrx_word' id='word_1_472' title='bbox 815 3148 1108 3217; x_wconf 81' lang='grc' dir='ltr'>ὑποδείξας</span> <span class='ocrx_word' id='word_1_473' title='bbox 1157 3151 1308 3216; x_wconf 78' lang='grc' dir='ltr'>ὀδοὺς</span> <span class='ocrx_word' id='word_1_474' title='bbox 1358 3152 1672 3218; x_wconf 79' lang='grc' dir='ltr'>ἀκωλύτους</span> <span class='ocrx_word' id='word_1_475' title='bbox 1698 3171 1711 3185; x_wconf 89' lang='grc'><strong>·</strong></span> <span class='ocrx_word' id='word_1_476' title='bbox 1774 3155 1870 3210; x_wconf 59' lang='grc' dir='ltr'><strong>καὶ¹</strong></span> 
     </span>
    </p>
   </div>
   <div class='ocr_carea' id='block_1_65' title="bbox 1977 3143 3582 3219">
    <p class='ocr_par' dir='ltr' id='par_1_65' title="bbox 1977 3143 3582 3219">
     <span class='ocr_line' id='line_1_65' title="bbox 1977 3143 3582 3219; baseline 0.005 -23"><span class='ocrx_word' id='word_1_477' title='bbox 1977 3157 2095 3197; x_wconf 85' lang='lat' dir='ltr'><strong>eum</strong></span> <span class='ocrx_word' id='word_1_478' title='bbox 2125 3143 2353 3199; x_wconf 87' lang='lat' dir='ltr'><strong>arbitrio</strong></span> <span class='ocrx_word' id='word_1_479' title='bbox 2377 3145 2712 3215; x_wconf 85' lang='lat' dir='ltr'><strong>procedere;</strong></span> <span class='ocrx_word' id='word_1_480' title='bbox 2745 3155 3004 3202; x_wconf 70' lang='lat' dir='ltr'><strong>caeterum</strong></span> <span class='ocrx_word' id='word_1_481' title='bbox 3028 3149 3247 3219; x_wconf 86' lang='lat' dir='ltr'><strong>utrique</strong></span> <span class='ocrx_word' id='word_1_482' title='bbox 3270 3149 3369 3204; x_wconf 72' lang='lat' dir='ltr'><strong>viae</strong></span> <span class='ocrx_word' id='word_1_483' title='bbox 3393 3164 3582 3205; x_wconf 87' lang='lat' dir='ltr'><strong>remu-</strong></span> 
     </span>
    </p>
   </div>
   <div class='ocr_carea' id='block_1_66' title="bbox 273 3237 1870 3316">
    <p class='ocr_par' dir='ltr' id='par_1_66' title="bbox 273 3237 1870 3316">
     <span class='ocr_line' id='line_1_66' title="bbox 273 3237 1870 3316; baseline 0.007 -26"><span class='ocrx_word' id='word_1_484' title='bbox 273 3237 449 3302; x_wconf 80' lang='grc' dir='ltr'>ἐάσας</span> <span class='ocrx_word' id='word_1_485' title='bbox 480 3238 618 3305; x_wconf 86' lang='grc' dir='ltr'>τέως</span> <span class='ocrx_word' id='word_1_486' title='bbox 647 3243 713 3313; x_wconf 81' lang='grc' dir='ltr'><strong>τῇ</strong></span> <span class='ocrx_word' id='word_1_487' title='bbox 754 3241 1199 3314; x_wconf 79' lang='grc' dir='ltr'>αύτεξουσιότητι</span> <span class='ocrx_word' id='word_1_488' title='bbox 1227 3244 1579 3316; x_wconf 85' lang='grc' dir='ltr'>πορεύεσθαι,</span> <span class='ocrx_word' id='word_1_489' title='bbox 1609 3249 1870 3316; x_wconf 79' lang='grc' dir='ltr'>ἐπαγγειο</span> 
     </span>
    </p>
   </div>
   <div class='ocr_carea' id='block_1_67' title="bbox 273 3331 1869 3410">
    <p class='ocr_par' dir='ltr' id='par_1_67' title="bbox 273 3331 1869 3410">
     <span class='ocr_line' id='line_1_67' title="bbox 273 3331 1869 3410; baseline 0.003 -24"><span class='ocrx_word' id='word_1_490' title='bbox 273 3331 516 3402; x_wconf 83' lang='grc' dir='ltr'>λάμενός</span> <span class='ocrx_word' id='word_1_491' title='bbox 535 3350 596 3386; x_wconf 86' lang='grc' dir='ltr'><strong>τε</strong></span> <span class='ocrx_word' id='word_1_492' title='bbox 615 3334 721 3404; x_wconf 63' lang='grc' dir='ltr'>τὴν</span> <span class='ocrx_word' id='word_1_493' title='bbox 745 3335 984 3406; x_wconf 80' lang='grc' dir='ltr'>ἑκάστης</span> <span class='ocrx_word' id='word_1_494' title='bbox 1016 3335 1139 3390; x_wconf 79' lang='grc' dir='ltr'>ὁδοῦ</span> <span class='ocrx_word' id='word_1_495' title='bbox 1172 3335 1408 3409; x_wconf 81' lang='grc' dir='ltr'>ἀμοιϐὴν</span> <span class='ocrx_word' id='word_1_496' title='bbox 1433 3340 1492 3391; x_wconf 80' lang='grc' dir='ltr'><strong>ἑν</strong></span> <span class='ocrx_word' id='word_1_497' title='bbox 1513 3341 1579 3410; x_wconf 79' lang='grc' dir='ltr'>τῇ</span> <span class='ocrx_word' id='word_1_498' title='bbox 1603 3337 1869 3408; x_wconf 86' lang='grc' dir='ltr'>παλιγγε-</span> 
     </span>
    </p>
   </div>
   <div class='ocr_carea' id='block_1_68' title="bbox 271 3425 1869 3502">
    <p class='ocr_par' dir='ltr' id='par_1_68' title="bbox 271 3425 1869 3502">
     <span class='ocr_line' id='line_1_68' title="bbox 271 3425 1869 3502; baseline 0.004 -24"><span class='ocrx_word' id='word_1_499' title='bbox 271 3425 434 3496; x_wconf 67' lang='grc' dir='ltr'>νεσία</span> <span class='ocrx_word' id='word_1_500' title='bbox 457 3427 559 3495; x_wconf 85' lang='grc' dir='ltr'>τῆς</span> <span class='ocrx_word' id='word_1_501' title='bbox 589 3429 822 3497; x_wconf 83' lang='grc' dir='ltr'>φρικτῆς</span> <span class='ocrx_word' id='word_1_502' title='bbox 850 3427 1110 3498; x_wconf 76' lang='grc' dir='ltr'>δευτέρας</span> <span class='ocrx_word' id='word_1_503' title='bbox 1138 3430 1444 3501; x_wconf 83' lang='grc' dir='ltr'>παρουσίας</span> <span class='ocrx_word' id='word_1_504' title='bbox 1471 3431 1583 3493; x_wconf 81' lang='grc' dir='ltr'>τοῖς</span> <span class='ocrx_word' id='word_1_505' title='bbox 1606 3430 1869 3502; x_wconf 71' lang='grc' dir='ltr'>βουλομές-</span> 
     </span>
    </p>
   </div>
   <div class='ocr_carea' id='block_1_69' title="bbox 271 3513 1868 3594">
    <p class='ocr_par' dir='ltr' id='par_1_69' title="bbox 271 3513 1868 3594">
     <span class='ocr_line' id='line_1_69' title="bbox 271 3513 1868 3594; baseline 0.004 -23"><span class='ocrx_word' id='word_1_506' title='bbox 271 3534 389 3582; x_wconf 89' lang='grc' dir='ltr'>νοις</span> <span class='ocrx_word' id='word_1_507' title='bbox 426 3513 514 3571; x_wconf 71' lang='grc' dir='ltr'>οἷα</span> <span class='ocrx_word' id='word_1_508' title='bbox 569 3518 773 3572; x_wconf 80' lang='grc' dir='ltr'>θέλοιεν</span> <span class='ocrx_word' id='word_1_509' title='bbox 820 3519 1195 3591; x_wconf 80' lang='grc' dir='ltr'>πορεύεσθαι,</span> <span class='ocrx_word' id='word_1_510' title='bbox 1248 3523 1389 3577; x_wconf 89' lang='grc' dir='ltr'><strong>κατά</strong></span> <span class='ocrx_word' id='word_1_511' title='bbox 1416 3523 1517 3594; x_wconf 76' lang='grc' dir='ltr'>τὴν</span> <span class='ocrx_word' id='word_1_512' title='bbox 1572 3523 1868 3593; x_wconf 84' lang='grc' dir='ltr'>ἀναλογίαν</span> 
     </span>
    </p>
   </div>
   <div class='ocr_carea' id='block_1_70' title="bbox 273 3611 1871 3688">
    <p class='ocr_par' dir='ltr' id='par_1_70' title="bbox 273 3611 1871 3688">
     <span class='ocr_line' id='line_1_70' title="bbox 273 3611 1871 3688; baseline 0.005 -26"><span class='ocrx_word' id='word_1_513' title='bbox 273 3611 516 3682; x_wconf 82' lang='grc' dir='ltr'>ἑκάστης</span> <span class='ocrx_word' id='word_1_514' title='bbox 543 3611 846 3681; x_wconf 69' lang='grc' dir='ltr'>λήψεσθαι·</span> <span class='ocrx_word' id='word_1_515' title='bbox 877 3614 936 3666; x_wconf 86' lang='grc' dir='ltr'><strong>ού</strong></span> <span class='ocrx_word' id='word_1_516' title='bbox 966 3613 1099 3667; x_wconf 76' lang='grc' dir='ltr'>Θεὸν</span> <span class='ocrx_word' id='word_1_517' title='bbox 1132 3615 1225 3668; x_wconf 74' lang='grc' dir='ltr'><strong>τὸν</strong></span> <span class='ocrx_word' id='word_1_518' title='bbox 1247 3617 1563 3686; x_wconf 84' lang='grc' dir='ltr'>ἀποστάτην</span> <span class='ocrx_word' id='word_1_519' title='bbox 1591 3617 1684 3669; x_wconf 79' lang='grc' dir='ltr'>καὶ</span> <span class='ocrx_word' id='word_1_520' title='bbox 1704 3634 1871 3688; x_wconf 90' lang='grc' dir='ltr'>πονη-</span> 
     </span>
    </p>
   </div>
   <div class='ocr_carea' id='block_1_71' title="bbox 275 3704 1870 3781">
    <p class='ocr_par' dir='ltr' id='par_1_71' title="bbox 275 3704 1870 3781">
     <span class='ocr_line' id='line_1_71' title="bbox 275 3704 1870 3781; baseline 0.004 -25"><span class='ocrx_word' id='word_1_521' title='bbox 275 3704 506 3774; x_wconf 82' lang='grc' dir='ltr'>ρότατον</span> <span class='ocrx_word' id='word_1_522' title='bbox 537 3704 724 3758; x_wconf 82' lang='grc' dir='ltr'>δοῦλον</span> <span class='ocrx_word' id='word_1_523' title='bbox 778 3708 1127 3777; x_wconf 77' lang='grc' dir='ltr'>παρεισάγει,</span> <span class='ocrx_word' id='word_1_524' title='bbox 1166 3708 1281 3760; x_wconf 64' lang='grc' dir='ltr'>ἀλλ’</span> <span class='ocrx_word' id='word_1_525' title='bbox 1314 3709 1516 3779; x_wconf 75' lang='grc' dir='ltr'>ἑαυτὴν</span> <span class='ocrx_word' id='word_1_526' title='bbox 1545 3709 1691 3781; x_wconf 83' lang='lat' dir='ltr'><strong>[cod.</strong></span> <span class='ocrx_word' id='word_1_527' title='bbox 1737 3709 1870 3763; x_wconf 83' lang='grc' dir='ltr'>ἑαυ-</span> 
     </span>
    </p>
   </div>
   <div class='ocr_carea' id='block_1_72' title="bbox 269 3795 1870 3870">
    <p class='ocr_par' dir='ltr' id='par_1_72' title="bbox 269 3795 1870 3870">
     <span class='ocr_line' id='line_1_72' title="bbox 269 3795 1870 3870; baseline 0.002 -19"><span class='ocrx_word' id='word_1_528' title='bbox 269 3795 390 3869; x_wconf 73' lang='grc' dir='ltr'>τὸν]</span> <span class='ocrx_word' id='word_1_529' title='bbox 411 3796 684 3850; x_wconf 84' lang='grc' dir='ltr'>δείκνυσιν</span> <span class='ocrx_word' id='word_1_530' title='bbox 712 3797 780 3850; x_wconf 84' lang='grc' dir='ltr'><strong>δι’</strong></span> <span class='ocrx_word' id='word_1_531' title='bbox 798 3799 1106 3869; x_wconf 81' lang='grc' dir='ltr'>ὑπερϐολὴν</span> <span class='ocrx_word' id='word_1_532' title='bbox 1130 3799 1452 3870; x_wconf 72' lang='grc' dir='ltr'>ἐλλάμψεως</span> <span class='ocrx_word' id='word_1_533' title='bbox 1473 3801 1580 3853; x_wconf 86' lang='grc' dir='ltr'><strong>τῶν</strong></span> <span class='ocrx_word' id='word_1_534' title='bbox 1607 3802 1870 3864; x_wconf 83' lang='grc' dir='ltr'>ἑκουσίως</span> 
     </span>
    </p>
   </div>
   <div class='ocr_carea' id='block_1_73' title="bbox 271 3890 1869 3962">
    <p class='ocr_par' dir='ltr' id='par_1_73' title="bbox 271 3890 1869 3962">
     <span class='ocr_line' id='line_1_73' title="bbox 271 3890 1869 3962; baseline -0.001 -18"><span class='ocrx_word' id='word_1_535' title='bbox 271 3890 698 3960; x_wconf 66' lang='grc' dir='ltr'>τυειςλωττὸντων</span> <span class='ocrx_word' id='word_1_536' title='bbox 727 3891 857 3961; x_wconf 70' lang='grc' dir='ltr'>περὶ</span> <span class='ocrx_word' id='word_1_537' title='bbox 891 3891 992 3961; x_wconf 76' lang='grc' dir='ltr'>τὴν</span> <span class='ocrx_word' id='word_1_538' title='bbox 1027 3891 1290 3961; x_wconf 79' lang='grc' dir='ltr'>ἀλήθειαν</span> <span class='ocrx_word' id='word_1_539' title='bbox 1321 3891 1420 3954; x_wconf 79' lang='grc' dir='ltr'>τὰς</span> <span class='ocrx_word' id='word_1_540' title='bbox 1454 3892 1622 3960; x_wconf 74' lang='grc' dir='ltr'>κόρας</span> <span class='ocrx_word' id='word_1_541' title='bbox 1653 3892 1869 3962; x_wconf 84' lang='grc' dir='ltr'>ἀμϐλύ-</span> 
     </span>
    </p>
   </div>
   <div class='ocr_carea' id='block_1_74' title="bbox 272 3981 1870 4052">
    <p class='ocr_par' dir='ltr' id='par_1_74' title="bbox 272 3981 1870 4052">
     <span class='ocr_line' id='line_1_74' title="bbox 272 3981 1870 4052; baseline 0.001 -17"><span class='ocrx_word' id='word_1_542' title='bbox 272 3997 386 4035; x_wconf 89' lang='grc' dir='ltr'>νειν</span> <span class='ocrx_word' id='word_1_543' title='bbox 414 3982 446 4051; x_wconf 84' lang='grc' dir='ltr'>ἡ</span> <span class='ocrx_word' id='word_1_544' title='bbox 474 3981 840 4046; x_wconf 77' lang='grc' dir='ltr'>ἐνυπόστατος</span> <span class='ocrx_word' id='word_1_545' title='bbox 871 3981 1101 4052; x_wconf 80' lang='grc' dir='ltr'>ἀλήθεια</span> <span class='ocrx_word' id='word_1_546' title='bbox 1121 3999 1134 4012; x_wconf 84' lang='lat'><strong><em>°</em></strong></span> <span class='ocrx_word' id='word_1_547' title='bbox 1166 3982 1259 4036; x_wconf 77' lang='grc' dir='ltr'>καὶ</span> <span class='ocrx_word' id='word_1_548' title='bbox 1290 3983 1399 4050; x_wconf 78' lang='grc' dir='ltr'>γὰρ</span> <span class='ocrx_word' id='word_1_549' title='bbox 1427 3983 1548 4037; x_wconf 79' lang='grc' dir='ltr'>οὐδὲ</span> <span class='ocrx_word' id='word_1_550' title='bbox 1577 3983 1677 4047; x_wconf 86' lang='grc' dir='ltr'>τὰς</span> <span class='ocrx_word' id='word_1_551' title='bbox 1709 3983 1870 4052; x_wconf 83' lang='grc' dir='ltr'>ἡλια-</span> 
     </span>
    </p>
   </div>
   <div class='ocr_carea' id='block_1_75' title="bbox 271 4072 1870 4146">
    <p class='ocr_par' dir='ltr' id='par_1_75' title="bbox 271 4072 1870 4146">
     <span class='ocr_line' id='line_1_75' title="bbox 271 4072 1870 4146; baseline 0.003 -22"><span class='ocrx_word' id='word_1_552' title='bbox 271 4072 378 4135; x_wconf 75' lang='grc' dir='ltr'>κὰς</span> <span class='ocrx_word' id='word_1_553' title='bbox 410 4073 633 4135; x_wconf 87' lang='grc' dir='ltr'>ἀκτῖνας</span> <span class='ocrx_word' id='word_1_554' title='bbox 657 4073 964 4131; x_wconf 81' lang='grc' dir='ltr'>αἰτιάσαιτο</span> <span class='ocrx_word' id='word_1_555' title='bbox 991 4073 1056 4128; x_wconf 84' lang='grc' dir='ltr'><strong>ἀν</strong></span> <span class='ocrx_word' id='word_1_556' title='bbox 1082 4091 1161 4138; x_wconf 90' lang='grc' dir='ltr'><strong>τις</strong></span> <span class='ocrx_word' id='word_1_557' title='bbox 1192 4075 1320 4138; x_wconf 85' lang='grc' dir='ltr'>τοὺς</span> <span class='ocrx_word' id='word_1_558' title='bbox 1340 4073 1590 4138; x_wconf 76' lang='grc' dir='ltr'>ἀσθενεῖς</span> <span class='ocrx_word' id='word_1_559' title='bbox 1611 4073 1743 4146; x_wconf 76' lang='grc' dir='ltr'>περὶ</span> <span class='ocrx_word' id='word_1_560' title='bbox 1770 4075 1870 4136; x_wconf 72' lang='grc' dir='ltr'><strong>τὰς</strong></span> 
     </span>
    </p>
   </div>
   <div class='ocr_carea' id='block_1_76' title="bbox 269 4164 1868 4236">
    <p class='ocr_par' dir='ltr' id='par_1_76' title="bbox 269 4164 1868 4236">
     <span class='ocr_line' id='line_1_76' title="bbox 269 4164 1868 4236; baseline 0.003 -18"><span class='ocrx_word' id='word_1_561' title='bbox 269 4164 426 4235; x_wconf 60' lang='grc' dir='ltr'>δ’ᾇεις</span> <span class='ocrx_word' id='word_1_562' title='bbox 470 4165 961 4233; x_wconf 74' lang='grc' dir='ltr'>ἑπισκοτιζούσας,</span> <span class='ocrx_word' id='word_1_563' title='bbox 1014 4167 1203 4230; x_wconf 78' lang='grc' dir='ltr'>ἀτενὲς</span> <span class='ocrx_word' id='word_1_564' title='bbox 1235 4167 1615 4236; x_wconf 83' lang='grc' dir='ltr'>πειρωμένους</span> <span class='ocrx_word' id='word_1_565' title='bbox 1675 4167 1868 4231; x_wconf 79' lang='grc' dir='ltr'>αὑταῖς</span> 
     </span>
    </p>
   </div>
   <div class='ocr_carea' id='block_1_77' title="bbox 271 4258 1864 4331">
    <p class='ocr_par' dir='ltr' id='par_1_77' title="bbox 271 4258 1864 4331">
     <span class='ocr_line' id='line_1_77' title="bbox 271 4258 1864 4331; baseline 0.001 -20"><span class='ocrx_word' id='word_1_566' title='bbox 271 4259 490 4330; x_wconf 80' lang='grc' dir='ltr'>ὲνορᾷν,</span> <span class='ocrx_word' id='word_1_567' title='bbox 522 4259 595 4322; x_wconf 83' lang='grc' dir='ltr'>ὡς</span> <span class='ocrx_word' id='word_1_568' title='bbox 619 4262 719 4328; x_wconf 83' lang='grc' dir='ltr'>τῆς</span> <span class='ocrx_word' id='word_1_569' title='bbox 746 4259 923 4313; x_wconf 74' lang='grc' dir='ltr'>αὐτῶν</span> <span class='ocrx_word' id='word_1_570' title='bbox 958 4258 1285 4329; x_wconf 81' lang='grc' dir='ltr'>τυφλώσεως</span> <span class='ocrx_word' id='word_1_571' title='bbox 1311 4259 1520 4322; x_wconf 77' lang='grc' dir='ltr'>αἰτίους</span> <span class='ocrx_word' id='word_1_572' title='bbox 1549 4261 1864 4331; x_wconf 86' lang='grc' dir='ltr'>γινομένας,</span> 
     </span>
    </p>
   </div>
   <div class='ocr_carea' id='block_1_78' title="bbox 270 4348 1864 4423">
    <p class='ocr_par' dir='ltr' id='par_1_78' title="bbox 270 4348 1864 4423">
     <span class='ocr_line' id='line_1_78' title="bbox 270 4348 1864 4423; baseline 0.003 -21"><span class='ocrx_word' id='word_1_573' title='bbox 270 4348 410 4403; x_wconf 83' lang='grc' dir='ltr'><strong>ἀλλά</strong></span> <span class='ocrx_word' id='word_1_574' title='bbox 445 4367 590 4414; x_wconf 80' lang='grc' dir='ltr'>τινος</span> <span class='ocrx_word' id='word_1_575' title='bbox 620 4349 831 4422; x_wconf 82' lang='grc' dir='ltr'>διαίτης</span> <span class='ocrx_word' id='word_1_576' title='bbox 862 4352 1106 4423; x_wconf 84' lang='grc' dir='ltr'>πονηρᾶς</span> <span class='ocrx_word' id='word_1_577' title='bbox 1132 4351 1164 4423; x_wconf 85' lang='grc' dir='ltr'>ἢ</span> <span class='ocrx_word' id='word_1_578' title='bbox 1191 4352 1347 4406; x_wconf 88' lang='grc' dir='ltr'>νόσου</span> <span class='ocrx_word' id='word_1_579' title='bbox 1384 4351 1596 4416; x_wconf 89' lang='grc' dir='ltr'>τούτοις</span> <span class='ocrx_word' id='word_1_580' title='bbox 1627 4353 1864 4422; x_wconf 79' lang='grc' dir='ltr'>ἐπισκη-</span> 
     </span>
    </p>
   </div>
   <div class='ocr_carea' id='block_1_79' title="bbox 1979 3236 3584 3312">
    <p class='ocr_par' dir='ltr' id='par_1_79' title="bbox 1979 3236 3584 3312">
     <span class='ocr_line' id='line_1_79' title="bbox 1979 3236 3584 3312; baseline 0.005 -21"><span class='ocrx_word' id='word_1_581' title='bbox 1979 3236 2323 3291; x_wconf 89' lang='lat' dir='ltr'><strong>nerationem</strong></span> <span class='ocrx_word' id='word_1_582' title='bbox 2355 3239 2637 3307; x_wconf 90' lang='lat' dir='ltr'><strong>spondens</strong></span> <span class='ocrx_word' id='word_1_583' title='bbox 2660 3239 2717 3294; x_wconf 91' lang='lat' dir='ltr'><strong>in</strong></span> <span class='ocrx_word' id='word_1_584' title='bbox 2745 3241 3164 3312; x_wconf 86' lang='lat' dir='ltr'><strong>regeneratione</strong></span> <span class='ocrx_word' id='word_1_585' title='bbox 3191 3259 3313 3312; x_wconf 82' lang='lat' dir='ltr'><strong>qua-</strong></span> <span class='ocrx_word' id='word_1_586' title='bbox 3357 3242 3454 3298; x_wconf 87' lang='lat' dir='ltr'><strong>ﬁet</strong></span> <span class='ocrx_word' id='word_1_587' title='bbox 3500 3257 3584 3299; x_wconf 81' lang='lat' dir='ltr'><strong>se-</strong></span> 
     </span>
    </p>
   </div>
   <div class='ocr_carea' id='block_1_80' title="bbox 1977 3330 3582 3405">
    <p class='ocr_par' dir='ltr' id='par_1_80' title="bbox 1977 3330 3582 3405">
     <span class='ocr_line' id='line_1_80' title="bbox 1977 3330 3582 3405; baseline 0.004 -21"><span class='ocrx_word' id='word_1_588' title='bbox 1977 3330 2158 3385; x_wconf 89' lang='lat' dir='ltr'><strong>eundo</strong></span> <span class='ocrx_word' id='word_1_589' title='bbox 2195 3331 2317 3401; x_wconf 87' lang='lat' dir='ltr'><strong>ejus</strong></span> <span class='ocrx_word' id='word_1_590' title='bbox 2382 3331 2609 3387; x_wconf 89' lang='lat' dir='ltr'><strong>terribili</strong></span> <span class='ocrx_word' id='word_1_591' title='bbox 2650 3333 2913 3399; x_wconf 83' lang='lat' dir='ltr'><strong>adventu,</strong></span> <span class='ocrx_word' id='word_1_592' title='bbox 2963 3343 3129 3405; x_wconf 90' lang='lat' dir='ltr'><strong>prout</strong></span> <span class='ocrx_word' id='word_1_593' title='bbox 3178 3335 3431 3390; x_wconf 75' lang='lat' dir='ltr'><strong>homines</strong></span> <span class='ocrx_word' id='word_1_594' title='bbox 3463 3350 3582 3391; x_wconf 86' lang='lat' dir='ltr'><strong>ma-</strong></span> 
     </span>
    </p>
   </div>
   <div class='ocr_carea' id='block_1_81' title="bbox 1980 3422 3582 3498">
    <p class='ocr_par' dir='ltr' id='par_1_81' title="bbox 1980 3422 3582 3498">
     <span class='ocr_line' id='line_1_81' title="bbox 1980 3422 3582 3498; baseline 0.004 -22"><span class='ocrx_word' id='word_1_595' title='bbox 1980 3422 2186 3477; x_wconf 90' lang='lat' dir='ltr'><strong>luerint</strong></span> <span class='ocrx_word' id='word_1_596' title='bbox 2274 3422 2533 3478; x_wconf 87' lang='lat' dir='ltr'><strong>alterutra</strong></span> <span class='ocrx_word' id='word_1_597' title='bbox 2609 3423 2868 3479; x_wconf 89' lang='lat' dir='ltr'><strong>incedere</strong></span> <span class='ocrx_word' id='word_1_598' title='bbox 2905 3463 2921 3490; x_wconf 88' lang='lat'><strong>,</strong></span> <span class='ocrx_word' id='word_1_599' title='bbox 2965 3441 3064 3496; x_wconf 92' lang='lat' dir='ltr'><strong>pro</strong></span> <span class='ocrx_word' id='word_1_600' title='bbox 3135 3441 3237 3480; x_wconf 90' lang='lat' dir='ltr'><strong>suo</strong></span> <span class='ocrx_word' id='word_1_601' title='bbox 3305 3441 3582 3498; x_wconf 87' lang='lat' dir='ltr'><strong>quemque</strong></span> 
     </span>
    </p>
   </div>
   <div class='ocr_carea' id='block_1_82' title="bbox 1977 3513 3584 3584">
    <p class='ocr_par' dir='ltr' id='par_1_82' title="bbox 1977 3513 3584 3584">
     <span class='ocr_line' id='line_1_82' title="bbox 1977 3513 3584 3584; baseline 0.002 -16"><span class='ocrx_word' id='word_1_602' title='bbox 1977 3513 2172 3568; x_wconf 83' lang='lat' dir='ltr'><strong>merito</strong></span> <span class='ocrx_word' id='word_1_603' title='bbox 2219 3523 2586 3584; x_wconf 86' lang='lat' dir='ltr'><strong>recepturum.</strong></span> <span class='ocrx_word' id='word_1_604' title='bbox 2635 3515 2777 3569; x_wconf 88' lang='lat' dir='ltr'><strong>Ecce</strong></span> <span class='ocrx_word' id='word_1_605' title='bbox 2824 3515 2993 3570; x_wconf 89' lang='lat' dir='ltr'><strong>Deum</strong></span> <span class='ocrx_word' id='word_1_606' title='bbox 3039 3516 3200 3572; x_wconf 87' lang='lat' dir='ltr'><strong>nobis</strong></span> <span class='ocrx_word' id='word_1_607' title='bbox 3224 3531 3334 3571; x_wconf 91' lang='lat' dir='ltr'><strong>non</strong></span> <span class='ocrx_word' id='word_1_608' title='bbox 3359 3516 3584 3572; x_wconf 80' lang='lat' dir='ltr'><strong>exhibet</strong></span> 
     </span>
    </p>
   </div>
   <div class='ocr_carea' id='block_1_83' title="bbox 1975 3606 3577 3679">
    <p class='ocr_par' dir='ltr' id='par_1_83' title="bbox 1975 3606 3577 3679">
     <span class='ocr_line' id='line_1_83' title="bbox 1975 3606 3577 3679; baseline 0.001 -18"><span class='ocrx_word' id='word_1_609' title='bbox 1975 3615 2283 3676; x_wconf 86' lang='lat' dir='ltr'><strong>apostatam</strong></span> <span class='ocrx_word' id='word_1_610' title='bbox 2319 3606 2477 3661; x_wconf 90' lang='lat' dir='ltr'><strong>illum</strong></span> <span class='ocrx_word' id='word_1_611' title='bbox 2528 3622 2751 3663; x_wconf 87' lang='lat' dir='ltr'><strong>servum</strong></span> <span class='ocrx_word' id='word_1_612' title='bbox 2809 3617 2976 3679; x_wconf 84' lang='lat' dir='ltr'><strong>atque</strong></span> <span class='ocrx_word' id='word_1_613' title='bbox 3016 3609 3442 3679; x_wconf 81' lang='lat' dir='ltr'><strong>nequissimum,</strong></span> <span class='ocrx_word' id='word_1_614' title='bbox 3480 3609 3577 3665; x_wconf 87' lang='lat' dir='ltr'><strong>sed</strong></span> 
     </span>
    </p>
   </div>
   <div class='ocr_carea' id='block_1_84' title="bbox 1977 3699 3576 3772">
    <p class='ocr_par' dir='ltr' id='par_1_84' title="bbox 1977 3699 3576 3772">
     <span class='ocr_line' id='line_1_84' title="bbox 1977 3699 3576 3772; baseline 0.002 -18"><span class='ocrx_word' id='word_1_615' title='bbox 1977 3699 2272 3768; x_wconf 89' lang='lat' dir='ltr'><strong>semetipsa</strong></span> <span class='ocrx_word' id='word_1_616' title='bbox 2357 3699 2734 3763; x_wconf 89' lang='lat' dir='ltr'><strong>demonstrat,</strong></span> <span class='ocrx_word' id='word_1_617' title='bbox 2789 3701 3087 3772; x_wconf 89' lang='lat' dir='ltr'><strong>splendore</strong></span> <span class='ocrx_word' id='word_1_618' title='bbox 3135 3701 3331 3767; x_wconf 89' lang='lat' dir='ltr'><strong>nimio,</strong></span> <span class='ocrx_word' id='word_1_619' title='bbox 3384 3717 3576 3758; x_wconf 89' lang='lat' dir='ltr'><strong>eorum</strong></span> 
     </span>
    </p>
   </div>
   <div class='ocr_carea' id='block_1_85' title="bbox 1977 3792 3576 3864">
    <p class='ocr_par' dir='ltr' id='par_1_85' title="bbox 1977 3792 3576 3864">
     <span class='ocr_line' id='line_1_85' title="bbox 1977 3792 3576 3864; baseline 0.002 -18"><span class='ocrx_word' id='word_1_620' title='bbox 1977 3792 2069 3862; x_wconf 91' lang='lat' dir='ltr'><strong>qui</strong></span> <span class='ocrx_word' id='word_1_621' title='bbox 2115 3801 2312 3863; x_wconf 88' lang='lat' dir='ltr'><strong>sponte</strong></span> <span class='ocrx_word' id='word_1_622' title='bbox 2336 3792 2635 3848; x_wconf 71' lang='lat' dir='ltr'><strong>czecutiunt</strong></span> <span class='ocrx_word' id='word_1_623' title='bbox 2661 3793 2730 3848; x_wconf 93' lang='lat' dir='ltr'><strong>ad</strong></span> <span class='ocrx_word' id='word_1_624' title='bbox 2762 3793 3070 3859; x_wconf 85' lang='lat' dir='ltr'><strong>veritatem,</strong></span> <span class='ocrx_word' id='word_1_625' title='bbox 3107 3794 3343 3864; x_wconf 80' lang='lat' dir='ltr'><strong>pupillas</strong></span> <span class='ocrx_word' id='word_1_626' title='bbox 3369 3795 3576 3849; x_wconf 85' lang='lat' dir='ltr'><strong>obtun-</strong></span> 
     </span>
    </p>
   </div>
   <div class='ocr_carea' id='block_1_86' title="bbox 1978 3884 3580 3956">
    <p class='ocr_par' dir='ltr' id='par_1_86' title="bbox 1978 3884 3580 3956">
     <span class='ocr_line' id='line_1_86' title="bbox 1978 3884 3580 3956; baseline 0.002 -18"><span class='ocrx_word' id='word_1_627' title='bbox 1978 3884 2116 3939; x_wconf 90' lang='lat' dir='ltr'><strong>dens</strong></span> <span class='ocrx_word' id='word_1_628' title='bbox 2149 3884 2563 3956; x_wconf 87' lang='lat' dir='ltr'><strong>enhypostatica</strong></span> <span class='ocrx_word' id='word_1_629' title='bbox 2591 3885 2814 3940; x_wconf 81' lang='lat' dir='ltr'><strong>veritas.</strong></span> <span class='ocrx_word' id='word_1_630' title='bbox 2847 3885 2983 3940; x_wconf 85' lang='lat' dir='ltr'><strong>Nam</strong></span> <span class='ocrx_word' id='word_1_631' title='bbox 3037 3901 3219 3955; x_wconf 82' lang='lat' dir='ltr'><strong>neque</strong></span> <span class='ocrx_word' id='word_1_632' title='bbox 3259 3885 3443 3940; x_wconf 91' lang='lat' dir='ltr'><strong>radios</strong></span> <span class='ocrx_word' id='word_1_633' title='bbox 3488 3901 3580 3941; x_wconf 88' lang='lat' dir='ltr'><strong>so-</strong></span> 
     </span>
    </p>
   </div>
   <div class='ocr_carea' id='block_1_87' title="bbox 1978 3977 3580 4049">
    <p class='ocr_par' dir='ltr' id='par_1_87' title="bbox 1978 3977 3580 4049">
     <span class='ocr_line' id='line_1_87' title="bbox 1978 3977 3580 4049; baseline 0.001 -18"><span class='ocrx_word' id='word_1_634' title='bbox 1978 3977 2120 4033; x_wconf 76' lang='lat' dir='ltr'><strong>lares</strong></span> <span class='ocrx_word' id='word_1_635' title='bbox 2177 3979 2465 4049; x_wconf 84' lang='lat' dir='ltr'><strong>quisquam</strong></span> <span class='ocrx_word' id='word_1_636' title='bbox 2523 3979 2826 4042; x_wconf 83' lang='lat' dir='ltr'><strong>accusabit,</strong></span> <span class='ocrx_word' id='word_1_637' title='bbox 2883 3978 3036 4048; x_wconf 90' lang='lat' dir='ltr'><strong>quasi</strong></span> <span class='ocrx_word' id='word_1_638' title='bbox 3089 3979 3280 4033; x_wconf 88' lang='lat' dir='ltr'><strong>oculos</strong></span> <span class='ocrx_word' id='word_1_639' title='bbox 3329 3978 3580 4033; x_wconf 83' lang='lat' dir='ltr'><strong>inﬁrmos</strong></span> 
     </span>
    </p>
   </div>
   <div class='ocr_carea' id='block_1_88' title="bbox 1979 4071 3576 4140">
    <p class='ocr_par' dir='ltr' id='par_1_88' title="bbox 1979 4071 3576 4140">
     <span class='ocr_line' id='line_1_88' title="bbox 1979 4071 3576 4140; baseline -0.002 -13"><span class='ocrx_word' id='word_1_640' title='bbox 1979 4074 2278 4128; x_wconf 76' lang='lat' dir='ltr'><strong>obscurent</strong></span> <span class='ocrx_word' id='word_1_641' title='bbox 2305 4081 2453 4128; x_wconf 87' lang='lat' dir='ltr'><strong>recta</strong></span> <span class='ocrx_word' id='word_1_642' title='bbox 2481 4073 2730 4127; x_wconf 90' lang='lat' dir='ltr'><strong>volentes</strong></span> <span class='ocrx_word' id='word_1_643' title='bbox 2771 4072 2942 4126; x_wconf 89' lang='lat' dir='ltr'><strong>solem</strong></span> <span class='ocrx_word' id='word_1_644' title='bbox 2973 4082 3244 4140; x_wconf 85' lang='lat' dir='ltr'><strong>spectare,</strong></span> <span class='ocrx_word' id='word_1_645' title='bbox 3275 4081 3332 4126; x_wconf 90' lang='lat' dir='ltr'><strong>et</strong></span> <span class='ocrx_word' id='word_1_646' title='bbox 3356 4071 3576 4126; x_wconf 89' lang='lat' dir='ltr'><strong>illorum</strong></span> 
     </span>
    </p>
   </div>
   <div class='ocr_carea' id='block_1_89' title="bbox 1977 4163 3574 4231">
    <p class='ocr_par' dir='ltr' id='par_1_89' title="bbox 1977 4163 3574 4231">
     <span class='ocr_line' id='line_1_89' title="bbox 1977 4163 3574 4231; baseline -0.001 -11"><span class='ocrx_word' id='word_1_647' title='bbox 1977 4166 2236 4221; x_wconf 75' lang='lat' dir='ltr'><strong>caecitatis</strong></span> <span class='ocrx_word' id='word_1_648' title='bbox 2265 4181 2429 4221; x_wconf 89' lang='lat' dir='ltr'><strong>causa</strong></span> <span class='ocrx_word' id='word_1_649' title='bbox 2455 4165 2595 4231; x_wconf 89' lang='lat' dir='ltr'><strong>sint;</strong></span> <span class='ocrx_word' id='word_1_650' title='bbox 2646 4165 2742 4220; x_wconf 90' lang='lat' dir='ltr'><strong>sed</strong></span> <span class='ocrx_word' id='word_1_651' title='bbox 2785 4164 2873 4218; x_wconf 86' lang='lat' dir='ltr'><strong>vel</strong></span> <span class='ocrx_word' id='word_1_652' title='bbox 2906 4163 3050 4218; x_wconf 89' lang='lat' dir='ltr'><strong>malo</strong></span> <span class='ocrx_word' id='word_1_653' title='bbox 3079 4163 3250 4217; x_wconf 86' lang='lat' dir='ltr'><strong>victui</strong></span> <span class='ocrx_word' id='word_1_654' title='bbox 3287 4163 3375 4218; x_wconf 84' lang='lat' dir='ltr'><strong>vel</strong></span> <span class='ocrx_word' id='word_1_655' title='bbox 3413 4165 3574 4218; x_wconf 86' lang='lat' dir='ltr'><strong>invo-</strong></span> 
     </span>
    </p>
   </div>
   <div class='ocr_carea' id='block_1_90' title="bbox 1976 4254 3571 4325">
    <p class='ocr_par' dir='ltr' id='par_1_90' title="bbox 1976 4254 3571 4325">
     <span class='ocr_line' id='line_1_90' title="bbox 1976 4254 3571 4325; baseline -0.001 -14"><span class='ocrx_word' id='word_1_656' title='bbox 1976 4257 2216 4312; x_wconf 79' lang='lat' dir='ltr'><strong>luntario</strong></span> <span class='ocrx_word' id='word_1_657' title='bbox 2247 4257 2512 4313; x_wconf 88' lang='lat' dir='ltr'><strong>incidenti</strong></span> <span class='ocrx_word' id='word_1_658' title='bbox 2547 4257 2740 4312; x_wconf 88' lang='lat' dir='ltr'><strong>morbo</strong></span> <span class='ocrx_word' id='word_1_659' title='bbox 2773 4271 2891 4310; x_wconf 90' lang='lat' dir='ltr'><strong>rem</strong></span> <span class='ocrx_word' id='word_1_660' title='bbox 2936 4254 3268 4325; x_wconf 89' lang='lat' dir='ltr'><strong>imputabit:</strong></span> <span class='ocrx_word' id='word_1_661' title='bbox 3301 4254 3571 4325; x_wconf 86' lang='lat' dir='ltr'><strong>siquidem</strong></span> 
     </span>
    </p>
   </div>
   <div class='ocr_carea' id='block_1_91' title="bbox 1975 4346 3575 4405">
    <p class='ocr_par' dir='ltr' id='par_1_91' title="bbox 1975 4346 3575 4405">
     <span class='ocr_line' id='line_1_91' title="bbox 1975 4346 3575 4405; baseline 0 -1"><span class='ocrx_word' id='word_1_662' title='bbox 1975 4351 2173 4404; x_wconf 78' lang='lat' dir='ltr'><strong>animae</strong></span> <span class='ocrx_word' id='word_1_663' title='bbox 2213 4350 2388 4405; x_wconf 87' lang='lat' dir='ltr'><strong>morbi</strong></span> <span class='ocrx_word' id='word_1_664' title='bbox 2415 4364 2609 4405; x_wconf 90' lang='lat' dir='ltr'><strong>omnes</strong></span> <span class='ocrx_word' id='word_1_665' title='bbox 2638 4348 2957 4404; x_wconf 89' lang='lat' dir='ltr'><strong>volentibus</strong></span> <span class='ocrx_word' id='word_1_666' title='bbox 2988 4347 3309 4402; x_wconf 84' lang='lat' dir='ltr'><strong>hominibus</strong></span> <span class='ocrx_word' id='word_1_667' title='bbox 3350 4346 3575 4404; x_wconf 87' lang='lat' dir='ltr'><strong>evenire</strong></span> 
     </span>
    </p>
   </div>
   <div class='ocr_carea' id='block_1_92' title="bbox 269 4443 1870 4532">
    <p class='ocr_par' dir='ltr' id='par_1_92' title="bbox 269 4443 1866 4516">
     <span class='ocr_line' id='line_1_92' title="bbox 269 4443 1866 4516; baseline 0.003 -22"><span class='ocrx_word' id='word_1_668' title='bbox 269 4443 455 4512; x_wconf 55' lang='lat' dir='ltr'><strong>eam;</strong></span> <span class='ocrx_word' id='word_1_669' title='bbox 498 4444 770 4497; x_wconf 63' lang='grc' dir='ltr'>ἀκουσίου</span> <span class='ocrx_word' id='word_1_670' title='bbox 793 4461 806 4476; x_wconf 88' lang='grc'><strong>·</strong></span> <span class='ocrx_word' id='word_1_671' title='bbox 861 4444 910 4496; x_wconf 86' lang='grc' dir='ltr'>εἰ</span> <span class='ocrx_word' id='word_1_672' title='bbox 945 4445 1039 4498; x_wconf 74' lang='grc' dir='ltr'>καὶ</span> <span class='ocrx_word' id='word_1_673' title='bbox 1067 4445 1168 4514; x_wconf 83' lang='grc' dir='ltr'>τῆς</span> <span class='ocrx_word' id='word_1_674' title='bbox 1196 4445 1377 4516; x_wconf 74' lang='grc' dir='ltr'>ψυχῆς</span> <span class='ocrx_word' id='word_1_675' title='bbox 1435 4446 1606 4498; x_wconf 86' lang='grc' dir='ltr'>πᾶσαι</span> <span class='ocrx_word' id='word_1_676' title='bbox 1634 4447 1690 4498; x_wconf 79' lang='grc' dir='ltr'>αἱ</span> <span class='ocrx_word' id='word_1_677' title='bbox 1721 4445 1866 4499; x_wconf 83' lang='grc' dir='ltr'>νόσοι</span> 
     </span>
    </p>
   </div>
   <div class='ocr_carea' id='block_1_93' title="bbox 1977 4443 2176 4532">
    <p class='ocr_par' dir='ltr' id='par_1_93' title="bbox 1977 4445 2176 4501">
     <span class='ocr_line' id='line_1_93' title="bbox 1977 4445 2176 4501; baseline -0.015 0"><span class='ocrx_word' id='word_1_678' title='bbox 1977 4445 2176 4501; x_wconf 83' lang='lat' dir='ltr'><strong>solent.</strong></span> 
     </span>
    </p>
   </div>
   <div class='ocr_carea' id='block_1_94' title="bbox 270 4535 1831 4607">
    <p class='ocr_par' dir='ltr' id='par_1_94' title="bbox 270 4535 1831 4607">
     <span class='ocr_line' id='line_1_94' title="bbox 270 4535 1831 4607; baseline 0.003 -21"><span class='ocrx_word' id='word_1_679' title='bbox 270 4535 538 4598; x_wconf 85' lang='grc' dir='ltr'>ἑκουσίως</span> <span class='ocrx_word' id='word_1_680' title='bbox 569 4537 680 4598; x_wconf 75' lang='grc' dir='ltr'>τοῖς</span> <span class='ocrx_word' id='word_1_681' title='bbox 705 4535 1016 4607; x_wconf 84' lang='grc' dir='ltr'>ἀνθρώποις</span> <span class='ocrx_word' id='word_1_682' title='bbox 1050 4535 1470 4606; x_wconf 82' lang='grc' dir='ltr'>ὲπισυμϐαίνειν</span> <span class='ocrx_word' id='word_1_683' title='bbox 1496 4536 1831 4606; x_wconf 85' lang='grc' dir='ltr'>πεφύκασιν.</span> 
     </span>
    </p>
   </div>
   <div class='ocr_carea' id='block_1_95' title="bbox 348 4625 1865 4698">
    <p class='ocr_par' dir='ltr' id='par_1_95' title="bbox 348 4625 1865 4698">
     <span class='ocr_line' id='line_1_95' title="bbox 348 4625 1865 4698; baseline 0.002 -21"><span class='ocrx_word' id='word_1_684' title='bbox 348 4625 423 4681; x_wconf 71' lang='grc' dir='ltr'><strong>ΙΞ’.</strong></span> <span class='ocrx_word' id='word_1_685' title='bbox 469 4626 610 4679; x_wconf 85' lang='grc' dir='ltr'>Ἀλλ’</span> <span class='ocrx_word' id='word_1_686' title='bbox 644 4627 693 4679; x_wconf 82' lang='grc' dir='ltr'><strong>εί</strong></span> <span class='ocrx_word' id='word_1_687' title='bbox 725 4629 817 4678; x_wconf 78' lang='grc' dir='ltr'>καὶ</span> <span class='ocrx_word' id='word_1_688' title='bbox 839 4625 1021 4698; x_wconf 85' lang='grc' dir='ltr'>δῶμεν</span> <span class='ocrx_word' id='word_1_689' title='bbox 1051 4626 1144 4680; x_wconf 83' lang='grc' dir='ltr'>τὸν</span> <span class='ocrx_word' id='word_1_690' title='bbox 1177 4626 1320 4680; x_wconf 82' lang='grc' dir='ltr'>θεῖον</span> <span class='ocrx_word' id='word_1_691' title='bbox 1378 4627 1704 4680; x_wconf 75' lang='grc' dir='ltr'>Ἀπόστολον</span> <span class='ocrx_word' id='word_1_692' title='bbox 1731 4628 1865 4680; x_wconf 75' lang='grc' dir='ltr'>θεὸν</span> 
     </span>
    </p>
   </div>
   <div class='ocr_carea' id='block_1_96' title="bbox 270 4718 1865 4790">
    <p class='ocr_par' dir='ltr' id='par_1_96' title="bbox 270 4718 1865 4790">
     <span class='ocr_line' id='line_1_96' title="bbox 270 4718 1865 4790; baseline -0.001 -18"><span class='ocrx_word' id='word_1_693' title='bbox 270 4721 538 4790; x_wconf 77' lang='grc' dir='ltr'>ὀνομάσαι</span> <span class='ocrx_word' id='word_1_694' title='bbox 579 4719 673 4771; x_wconf 74' lang='grc' dir='ltr'><strong>τὸν</strong></span> <span class='ocrx_word' id='word_1_695' title='bbox 721 4719 989 4786; x_wconf 77' lang='grc' dir='ltr'>διάϐολον,</span> <span class='ocrx_word' id='word_1_696' title='bbox 1052 4718 1348 4789; x_wconf 85' lang='grc' dir='ltr'>σκοπῶμεν</span> <span class='ocrx_word' id='word_1_697' title='bbox 1377 4718 1543 4773; x_wconf 77' lang='grc' dir='ltr'>αὐτὸν</span> <span class='ocrx_word' id='word_1_698' title='bbox 1573 4719 1674 4772; x_wconf 73' lang='grc' dir='ltr'>οὐκ</span> <span class='ocrx_word' id='word_1_699' title='bbox 1719 4718 1865 4782; x_wconf 81' lang='grc' dir='ltr'>ἐξου·</span> 
     </span>
    </p>
   </div>
   <div class='ocr_carea' id='block_1_97' title="bbox 270 4810 1864 4884">
    <p class='ocr_par' dir='ltr' id='par_1_97' title="bbox 270 4810 1864 4884">
     <span class='ocr_line' id='line_1_97' title="bbox 270 4810 1864 4884; baseline -0.001 -18"><span class='ocrx_word' id='word_1_700' title='bbox 270 4813 396 4875; x_wconf 76' lang='grc' dir='ltr'>σίας</span> <span class='ocrx_word' id='word_1_701' title='bbox 437 4813 470 4883; x_wconf 78' lang='grc' dir='ltr'><strong>ἧ</strong></span> <span class='ocrx_word' id='word_1_702' title='bbox 501 4813 822 4884; x_wconf 78' lang='grc' dir='ltr'>κυριότητος</span> <span class='ocrx_word' id='word_1_703' title='bbox 855 4812 1044 4883; x_wconf 85' lang='grc' dir='ltr'>τρόπῳ</span> <span class='ocrx_word' id='word_1_704' title='bbox 1102 4810 1258 4865; x_wconf 80' lang='grc' dir='ltr'>τοῦτο</span> <span class='ocrx_word' id='word_1_705' title='bbox 1288 4812 1440 4881; x_wconf 86' lang='grc' dir='ltr'>αύτῷ</span> <span class='ocrx_word' id='word_1_706' title='bbox 1471 4811 1769 4881; x_wconf 83' lang='grc' dir='ltr'>ἀπονεῖμαι</span> <span class='ocrx_word' id='word_1_707' title='bbox 1802 4811 1864 4864; x_wconf 81' lang='grc' dir='ltr'>τὸ</span> 
     </span>
    </p>
   </div>
   <div class='ocr_carea' id='block_1_98' title="bbox 267 4903 1864 4976">
    <p class='ocr_par' dir='ltr' id='par_1_98' title="bbox 267 4903 1864 4976">
     <span class='ocr_line' id='line_1_98' title="bbox 267 4903 1864 4976; baseline -0.002 -17"><span class='ocrx_word' id='word_1_708' title='bbox 267 4907 464 4972; x_wconf 75' lang='grc' dir='ltr'>ὄνομα.</span> <span class='ocrx_word' id='word_1_709' title='bbox 493 4907 618 4969; x_wconf 87' lang='grc' dir='ltr'><strong>Πῶς</strong></span> <span class='ocrx_word' id='word_1_710' title='bbox 639 4906 786 4976; x_wconf 86' lang='grc' dir='ltr'>γάρ;</span> <span class='ocrx_word' id='word_1_711' title='bbox 826 4906 854 4957; x_wconf 88' lang='grc' dir='ltr'>ὁ</span> <span class='ocrx_word' id='word_1_712' title='bbox 881 4903 974 4957; x_wconf 78' lang='grc' dir='ltr'>τοῦ</span> <span class='ocrx_word' id='word_1_713' title='bbox 1008 4904 1187 4975; x_wconf 79' lang='grc' dir='ltr'>πράου</span> <span class='ocrx_word' id='word_1_714' title='bbox 1225 4905 1322 4959; x_wconf 74' lang='grc' dir='ltr'>καὶ</span> <span class='ocrx_word' id='word_1_715' title='bbox 1352 4903 1632 4974; x_wconf 82' lang='grc' dir='ltr'>εἰρηνικοῦ</span> <span class='ocrx_word' id='word_1_716' title='bbox 1669 4904 1864 4974; x_wconf 76' lang='grc' dir='ltr'>ποιμέ-</span> 
     </span>
    </p>
   </div>
   <div class='ocr_carea' id='block_1_99' title="bbox 269 4994 1862 5069">
    <p class='ocr_par' dir='ltr' id='par_1_99' title="bbox 269 4994 1862 5069">
     <span class='ocr_line' id='line_1_99' title="bbox 269 4994 1862 5069; baseline -0.001 -18"><span class='ocrx_word' id='word_1_717' title='bbox 269 5016 360 5062; x_wconf 63' lang='grc' dir='ltr'><strong>ννς</strong></span> <span class='ocrx_word' id='word_1_718' title='bbox 414 4997 662 5069; x_wconf 76' lang='grc' dir='ltr'>μαθητὴς</span> <span class='ocrx_word' id='word_1_719' title='bbox 692 4997 829 5068; x_wconf 78' lang='grc' dir='ltr'>πρὸς</span> <span class='ocrx_word' id='word_1_720' title='bbox 861 4997 959 5068; x_wconf 79' lang='grc' dir='ltr'>τὴν</span> <span class='ocrx_word' id='word_1_721' title='bbox 1014 4998 1152 5069; x_wconf 77' lang='grc' dir='ltr'>πρὸς</span> <span class='ocrx_word' id='word_1_722' title='bbox 1209 4997 1373 5050; x_wconf 73' lang='grc' dir='ltr'>αὐτὸν</span> <span class='ocrx_word' id='word_1_723' title='bbox 1409 4997 1586 5066; x_wconf 83' lang='grc' dir='ltr'>πάλην</span> <span class='ocrx_word' id='word_1_724' title='bbox 1631 4997 1780 5068; x_wconf 79' lang='grc' dir='ltr'>ἡμᾶς</span> <span class='ocrx_word' id='word_1_725' title='bbox 1803 4994 1862 5050; x_wconf 83' lang='grc' dir='ltr'>εὖ</span> 
     </span>
    </p>
   </div>
   <div class='ocr_carea' id='block_1_100' title="bbox 272 5089 1859 5160">
    <p class='ocr_par' dir='ltr' id='par_1_100' title="bbox 272 5089 1859 5160">
     <span class='ocr_line' id='line_1_100' title="bbox 272 5089 1859 5160; baseline 0 -18"><span class='ocrx_word' id='word_1_726' title='bbox 272 5090 421 5159; x_wconf 65' lang='grc' dir='ltr'>μάλα</span> <span class='ocrx_word' id='word_1_727' title='bbox 455 5090 711 5160; x_wconf 85' lang='grc' dir='ltr'>διεγείρει</span> <span class='ocrx_word' id='word_1_728' title='bbox 740 5089 966 5158; x_wconf 73' lang='grc' dir='ltr'>φάσκων</span> <span class='ocrx_word' id='word_1_729' title='bbox 989 5105 1001 5118; x_wconf 88' lang='grc'>·</span> <span class='ocrx_word' id='word_1_730' title='bbox 1040 5090 1148 5143; x_wconf 77' lang='grc' dir='ltr'><strong>Τοῦ</strong></span> <span class='ocrx_word' id='word_1_731' title='bbox 1178 5089 1416 5149; x_wconf 82' lang='grc' dir='ltr'>λοιποῦ,</span> <span class='ocrx_word' id='word_1_732' title='bbox 1447 5089 1702 5157; x_wconf 60' lang='grc' dir='ltr'>ἀδελφοί</span> <span class='ocrx_word' id='word_1_733' title='bbox 1716 5105 1859 5158; x_wconf 85' lang='grc' dir='ltr'>μου,</span> 
     </span>
    </p>
   </div>
   <div class='ocr_carea' id='block_1_101' title="bbox 266 5180 1858 5253">
    <p class='ocr_par' dir='ltr' id='par_1_101' title="bbox 266 5180 1858 5253">
     <span class='ocr_line' id='line_1_101' title="bbox 266 5180 1858 5253; baseline 0.001 -19"><span class='ocrx_word' id='word_1_734' title='bbox 266 5181 726 5251; x_wconf 63' lang='grc' dir='ltr'>ἑιινδινναμοῦσθε</span> <span class='ocrx_word' id='word_1_735' title='bbox 778 5184 847 5236; x_wconf 79' lang='grc' dir='ltr'><strong>ὲν</strong></span> <span class='ocrx_word' id='word_1_736' title='bbox 882 5183 1077 5251; x_wconf 64' lang='grc' dir='ltr'>Κυρίῳ</span> <span class='ocrx_word' id='word_1_737' title='bbox 1113 5185 1211 5236; x_wconf 77' lang='grc' dir='ltr'>καὶ</span> <span class='ocrx_word' id='word_1_738' title='bbox 1257 5183 1327 5235; x_wconf 73' lang='grc' dir='ltr'><em>ἐν</em></span> <span class='ocrx_word' id='word_1_739' title='bbox 1357 5182 1436 5247; x_wconf 82' lang='grc' dir='ltr'>τῷ</span> <span class='ocrx_word' id='word_1_740' title='bbox 1465 5181 1665 5250; x_wconf 81' lang='grc' dir='ltr'>κράτει</span> <span class='ocrx_word' id='word_1_741' title='bbox 1711 5180 1858 5253; x_wconf 91' lang='lat' dir='ltr'><strong>[cod.</strong></span> 
     </span>
    </p>
   </div>
   <div class='ocr_carea' id='block_1_102' title="bbox 263 5275 1862 5347">
    <p class='ocr_par' dir='ltr' id='par_1_102' title="bbox 263 5275 1862 5347">
     <span class='ocr_line' id='line_1_102' title="bbox 263 5275 1862 5347; baseline -0.003 -17"><span class='ocrx_word' id='word_1_742' title='bbox 263 5276 303 5330; x_wconf 69' lang='grc' dir='ltr'><strong>Γ.</strong></span> <span class='ocrx_word' id='word_1_743' title='bbox 340 5276 437 5330; x_wconf 73' lang='grc'><strong>114</strong></span> <span class='ocrx_word' id='word_1_744' title='bbox 469 5275 681 5347; x_wconf 80' lang='grc' dir='ltr'><strong>Ι).1τῆς</strong></span> <span class='ocrx_word' id='word_1_745' title='bbox 709 5279 923 5346; x_wconf 74' lang='grc' dir='ltr'>ἰσχύος</span> <span class='ocrx_word' id='word_1_746' title='bbox 943 5276 1130 5330; x_wconf 67' lang='grc' dir='ltr'>αὑτοῦ</span> <span class='ocrx_word' id='word_1_747' title='bbox 1151 5293 1162 5306; x_wconf 84' lang='grc'><em>’</em></span> <span class='ocrx_word' id='word_1_748' title='bbox 1193 5277 1535 5330; x_wconf 76' lang='grc' dir='ltr'>ἐνδύσασθε</span> <span class='ocrx_word' id='word_1_749' title='bbox 1567 5275 1682 5342; x_wconf 73' lang='grc' dir='ltr'><strong>τὴν</strong></span> <span class='ocrx_word' id='word_1_750' title='bbox 1709 5291 1862 5327; x_wconf 77' lang='grc' dir='ltr'>παν-</span> 
     </span>
    </p>
   </div>
   <div class='ocr_carea' id='block_1_103' title="bbox 265 5365 1862 5437">
    <p class='ocr_par' dir='ltr' id='par_1_103' title="bbox 265 5365 1862 5437">
     <span class='ocr_line' id='line_1_103' title="bbox 265 5365 1862 5437; baseline 0.001 -17"><span class='ocrx_word' id='word_1_751' title='bbox 265 5369 492 5422; x_wconf 76' lang='grc' dir='ltr'>οπλίαν</span> <span class='ocrx_word' id='word_1_752' title='bbox 527 5368 634 5424; x_wconf 86' lang='grc' dir='ltr'>τοῦ</span> <span class='ocrx_word' id='word_1_753' title='bbox 682 5369 832 5424; x_wconf 79' lang='grc' dir='ltr'>Θεοῦ</span> <span class='ocrx_word' id='word_1_754' title='bbox 883 5370 1033 5437; x_wconf 83' lang='grc' dir='ltr'>πρὸς</span> <span class='ocrx_word' id='word_1_755' title='bbox 1072 5370 1140 5422; x_wconf 80' lang='grc' dir='ltr'>τὸ</span> <span class='ocrx_word' id='word_1_756' title='bbox 1174 5369 1472 5423; x_wconf 73' lang='grc' dir='ltr'>δύνασθαι</span> <span class='ocrx_word' id='word_1_757' title='bbox 1521 5365 1678 5437; x_wconf 77' lang='grc' dir='ltr'>ὑμᾶς</span> <span class='ocrx_word' id='word_1_758' title='bbox 1712 5365 1862 5435; x_wconf 67' lang='grc' dir='ltr'>στῆε</span> 
     </span>
    </p>
   </div>
   <div class='ocr_carea' id='block_1_104' title="bbox 263 5460 1862 5531">
    <p class='ocr_par' dir='ltr' id='par_1_104' title="bbox 263 5460 1862 5531">
     <span class='ocr_line' id='line_1_104' title="bbox 263 5460 1862 5531; baseline -0.001 -15"><span class='ocrx_word' id='word_1_759' title='bbox 263 5479 366 5516; x_wconf 77' lang='grc' dir='ltr'>ναι</span> <span class='ocrx_word' id='word_1_760' title='bbox 408 5462 559 5530; x_wconf 71' lang='grc' dir='ltr'>πρὸς</span> <span class='ocrx_word' id='word_1_761' title='bbox 591 5461 700 5528; x_wconf 81' lang='grc' dir='ltr'>τὰς</span> <span class='ocrx_word' id='word_1_762' title='bbox 750 5463 1065 5531; x_wconf 79' lang='grc' dir='ltr'>μεθοδείας</span> <span class='ocrx_word' id='word_1_763' title='bbox 1117 5462 1224 5516; x_wconf 84' lang='grc' dir='ltr'>τοῦ</span> <span class='ocrx_word' id='word_1_764' title='bbox 1276 5461 1561 5515; x_wconf 77' lang='grc' dir='ltr'>διαϐόλου</span> <span class='ocrx_word' id='word_1_765' title='bbox 1588 5477 1601 5490; x_wconf 85' lang='lat'><strong>&#39;</strong></span> <span class='ocrx_word' id='word_1_766' title='bbox 1632 5460 1721 5513; x_wconf 78' lang='grc' dir='ltr'>ὅτι</span> <span class='ocrx_word' id='word_1_767' title='bbox 1750 5463 1862 5514; x_wconf 78' lang='grc' dir='ltr'>οὐκ</span> 
     </span>
    </p>
   </div>
   <div class='ocr_carea' id='block_1_105' title="bbox 264 5548 1864 5623">
    <p class='ocr_par' dir='ltr' id='par_1_105' title="bbox 264 5548 1864 5623">
     <span class='ocr_line' id='line_1_105' title="bbox 264 5548 1864 5623; baseline 0.001 -17"><span class='ocrx_word' id='word_1_768' title='bbox 264 5552 444 5606; x_wconf 77' lang='grc' dir='ltr'>ἔστιν</span> <span class='ocrx_word' id='word_1_769' title='bbox 470 5552 616 5621; x_wconf 77' lang='grc' dir='ltr'><strong>ἡμῖν</strong></span> <span class='ocrx_word' id='word_1_770' title='bbox 637 5555 676 5623; x_wconf 80' lang='grc' dir='ltr'>ἡ</span> <span class='ocrx_word' id='word_1_771' title='bbox 714 5552 880 5621; x_wconf 79' lang='grc' dir='ltr'>πάλη</span> <span class='ocrx_word' id='word_1_772' title='bbox 910 5553 1060 5623; x_wconf 75' lang='grc' dir='ltr'>πρὸς</span> <span class='ocrx_word' id='word_1_773' title='bbox 1099 5548 1243 5623; x_wconf 41' lang='lat' dir='ltr'><strong>alga</strong></span> <span class='ocrx_word' id='word_1_774' title='bbox 1271 5552 1370 5606; x_wconf 82' lang='grc' dir='ltr'>καὶ</span> <span class='ocrx_word' id='word_1_775' title='bbox 1403 5551 1602 5622; x_wconf 74' lang='grc' dir='ltr'>σάρκα</span> <span class='ocrx_word' id='word_1_776' title='bbox 1627 5592 1641 5618; x_wconf 90' lang='grc'><strong>,</strong></span> <span class='ocrx_word' id='word_1_777' title='bbox 1702 5551 1864 5607; x_wconf 72' lang='grc' dir='ltr'>ἀλλὰ</span> 
     </span>
    </p>
   </div>
   <div class='ocr_carea' id='block_1_106' title="bbox 339 5715 1334 5782">
    <p class='ocr_par' dir='ltr' id='par_1_106' title="bbox 339 5715 1334 5782">
     <span class='ocr_line' id='line_1_106' title="bbox 339 5715 1334 5782; baseline 0.002 -12"><span class='ocrx_word' id='word_1_778' title='bbox 339 5717 382 5750; x_wconf 61' lang='grc'><strong>⁵³</strong></span> <span class='ocrx_word' id='word_1_779' title='bbox 442 5715 485 5770; x_wconf 85' lang='lat' dir='ltr'><strong>ll</strong></span> <span class='ocrx_word' id='word_1_780' title='bbox 521 5717 643 5773; x_wconf 81' lang='lat' dir='ltr'><strong>Cor.</strong></span> <span class='ocrx_word' id='word_1_781' title='bbox 678 5733 757 5782; x_wconf 73' lang='lat' dir='ltr'><strong>tv,</strong></span> <span class='ocrx_word' id='word_1_782' title='bbox 788 5719 840 5774; x_wconf 83' lang='lat'><strong>5.</strong></span> <span class='ocrx_word' id='word_1_783' title='bbox 917 5718 961 5750; x_wconf 81' lang='grc'><strong>⁶⁰</strong></span> <span class='ocrx_word' id='word_1_784' title='bbox 994 5719 1128 5773; x_wconf 88' lang='lat' dir='ltr'><strong>Luc.</strong></span> <span class='ocrx_word' id='word_1_785' title='bbox 1153 5735 1206 5782; x_wconf 90' lang='lat' dir='ltr'><strong>v,</strong></span> <span class='ocrx_word' id='word_1_786' title='bbox 1243 5718 1334 5772; x_wconf 66' lang='lat'><strong>3‘2.</strong></span> 
     </span>
    </p>
   </div>
   <div class='ocr_carea' id='block_1_107' title="bbox 2040 4619 3570 4693">
    <p class='ocr_par' dir='ltr' id='par_1_107' title="bbox 2040 4619 3570 4693">
     <span class='ocr_line' id='line_1_107' title="bbox 2040 4619 3570 4693; baseline -0.002 -16"><span class='ocrx_word' id='word_1_787' title='bbox 2040 4621 2106 4678; x_wconf 76' lang='grc' dir='ltr'><strong>γ.</strong></span> <span class='ocrx_word' id='word_1_788' title='bbox 2141 4622 2262 4678; x_wconf 82' lang='lat' dir='ltr'><strong>Jam</strong></span> <span class='ocrx_word' id='word_1_789' title='bbox 2292 4621 2392 4678; x_wconf 89' lang='lat' dir='ltr'><strong>etsi</strong></span> <span class='ocrx_word' id='word_1_790' title='bbox 2425 4621 2566 4677; x_wconf 83' lang='lat' dir='ltr'><strong>forte</strong></span> <span class='ocrx_word' id='word_1_791' title='bbox 2596 4621 2968 4677; x_wconf 87' lang='lat' dir='ltr'><strong>concedamus</strong></span> <span class='ocrx_word' id='word_1_792' title='bbox 3001 4621 3309 4693; x_wconf 90' lang='lat' dir='ltr'><strong>apostolum</strong></span> <span class='ocrx_word' id='word_1_793' title='bbox 3344 4619 3437 4675; x_wconf 91' lang='lat' dir='ltr'><strong>Dei</strong></span> <span class='ocrx_word' id='word_1_794' title='bbox 3467 4632 3570 4674; x_wconf 87' lang='lat' dir='ltr'><strong>no-</strong></span> 
     </span>
    </p>
   </div>
   <div class='ocr_carea' id='block_1_108' title="bbox 1968 4712 3568 4781">
    <p class='ocr_par' dir='ltr' id='par_1_108' title="bbox 1968 4712 3568 4781">
     <span class='ocr_line' id='line_1_108' title="bbox 1968 4712 3568 4781; baseline -0.004 -10"><span class='ocrx_word' id='word_1_795' title='bbox 1968 4717 2116 4772; x_wconf 87' lang='lat' dir='ltr'><strong>mine</strong></span> <span class='ocrx_word' id='word_1_796' title='bbox 2152 4715 2432 4770; x_wconf 88' lang='lat' dir='ltr'><strong>diabolum</strong></span> <span class='ocrx_word' id='word_1_797' title='bbox 2472 4714 2746 4780; x_wconf 90' lang='lat' dir='ltr'><strong>vocitare,</strong></span> <span class='ocrx_word' id='word_1_798' title='bbox 2800 4715 3309 4770; x_wconf 85' lang='lat' dir='ltr'><strong>animadvertamus</strong></span> <span class='ocrx_word' id='word_1_799' title='bbox 3361 4712 3568 4781; x_wconf 88' lang='lat' dir='ltr'><strong>ipsum,</strong></span> 
     </span>
    </p>
   </div>
   <div class='ocr_carea' id='block_1_109' title="bbox 1971 4802 3571 4879">
    <p class='ocr_par' dir='ltr' id='par_1_109' title="bbox 1971 4802 3571 4879">
     <span class='ocr_line' id='line_1_109' title="bbox 1971 4802 3571 4879; baseline -0.004 -15"><span class='ocrx_word' id='word_1_800' title='bbox 1971 4824 2315 4879; x_wconf 84' lang='lat' dir='ltr'><strong>nequaquam</strong></span> <span class='ocrx_word' id='word_1_801' title='bbox 2349 4807 2640 4877; x_wconf 88' lang='lat' dir='ltr'><strong>potestatis</strong></span> <span class='ocrx_word' id='word_1_802' title='bbox 2672 4807 2760 4863; x_wconf 88' lang='lat' dir='ltr'><strong>vel</strong></span> <span class='ocrx_word' id='word_1_803' title='bbox 2790 4809 3107 4863; x_wconf 86' lang='lat' dir='ltr'><strong>dominatus</strong></span> <span class='ocrx_word' id='word_1_804' title='bbox 3137 4807 3348 4861; x_wconf 88' lang='lat' dir='ltr'><strong>ratione</strong></span> <span class='ocrx_word' id='word_1_805' title='bbox 3389 4803 3494 4858; x_wconf 90' lang='lat' dir='ltr'><strong>hoc</strong></span> <span class='ocrx_word' id='word_1_806' title='bbox 3518 4802 3571 4858; x_wconf 90' lang='lat' dir='ltr'><strong>ei</strong></span> 
     </span>
    </p>
   </div>
   <div class='ocr_carea' id='block_1_110' title="bbox 1967 4893 3554 4966">
    <p class='ocr_par' dir='ltr' id='par_1_110' title="bbox 1967 4893 3554 4966">
     <span class='ocr_line' id='line_1_110' title="bbox 1967 4893 3554 4966; baseline -0.006 -11"><span class='ocrx_word' id='word_1_807' title='bbox 1967 4916 2167 4955; x_wconf 86' lang='lat' dir='ltr'><strong>nomen</strong></span> <span class='ocrx_word' id='word_1_808' title='bbox 2214 4899 2532 4954; x_wconf 88' lang='lat' dir='ltr'><strong>attribuere.</strong></span> <span class='ocrx_word' id='word_1_809' title='bbox 2568 4899 2748 4966; x_wconf 84' lang='lat' dir='ltr'><strong>Quid?</strong></span> <span class='ocrx_word' id='word_1_810' title='bbox 2781 4901 2860 4954; x_wconf 84' lang='lat' dir='ltr'><strong>En</strong></span> <span class='ocrx_word' id='word_1_811' title='bbox 2908 4899 3180 4954; x_wconf 88' lang='lat' dir='ltr'><strong>mansueti</strong></span> <span class='ocrx_word' id='word_1_812' title='bbox 3227 4893 3554 4966; x_wconf 81' lang='lat' dir='ltr'><strong>paciﬁcique</strong></span> 
     </span>
    </p>
   </div>
   <div class='ocr_carea' id='block_1_111' title="bbox 1968 4985 3567 5065">
    <p class='ocr_par' dir='ltr' id='par_1_111' title="bbox 1968 4985 3567 5065">
     <span class='ocr_line' id='line_1_111' title="bbox 1968 4985 3567 5065; baseline -0.005 -17"><span class='ocrx_word' id='word_1_813' title='bbox 1968 4994 2203 5064; x_wconf 88' lang='lat' dir='ltr'><strong>pastoris</strong></span> <span class='ocrx_word' id='word_1_814' title='bbox 2237 4992 2540 5064; x_wconf 86' lang='lat' dir='ltr'><strong>discipulus</strong></span> <span class='ocrx_word' id='word_1_815' title='bbox 2573 4993 2640 5048; x_wconf 89' lang='lat' dir='ltr'><strong>ad</strong></span> <span class='ocrx_word' id='word_1_816' title='bbox 2674 4993 3029 5065; x_wconf 86' lang='lat' dir='ltr'><strong>pugnandum</strong></span> <span class='ocrx_word' id='word_1_817' title='bbox 3060 5006 3185 5046; x_wconf 90' lang='lat' dir='ltr'><strong>cum</strong></span> <span class='ocrx_word' id='word_1_818' title='bbox 3217 4985 3436 5044; x_wconf 81' lang='lat' dir='ltr'><strong>diabolo</strong></span> <span class='ocrx_word' id='word_1_819' title='bbox 3466 5000 3567 5040; x_wconf 88' lang='lat' dir='ltr'><strong>nos</strong></span> 
     </span>
    </p>
   </div>
   <div class='ocr_carea' id='block_1_112' title="bbox 1971 5080 3562 5152">
    <p class='ocr_par' dir='ltr' id='par_1_112' title="bbox 1971 5080 3562 5152">
     <span class='ocr_line' id='line_1_112' title="bbox 1971 5080 3562 5152; baseline -0.006 -10"><span class='ocrx_word' id='word_1_820' title='bbox 1971 5088 2207 5143; x_wconf 73' lang='lat' dir='ltr'><strong>maxime</strong></span> <span class='ocrx_word' id='word_1_821' title='bbox 2251 5088 2489 5143; x_wconf 85' lang='lat' dir='ltr'><strong>concitat</strong></span> <span class='ocrx_word' id='word_1_822' title='bbox 2533 5088 2760 5142; x_wconf 87' lang='lat' dir='ltr'><strong>dicens:</strong></span> <span class='ocrx_word' id='word_1_823' title='bbox 2815 5087 2888 5141; x_wconf 83' lang='lat' dir='ltr'><strong>De</strong></span> <span class='ocrx_word' id='word_1_824' title='bbox 2936 5096 3150 5149; x_wconf 70' lang='lat' dir='ltr'><strong>caetero,</strong></span> <span class='ocrx_word' id='word_1_825' title='bbox 3196 5086 3390 5152; x_wconf 65' lang='lat' dir='ltr'><strong>fratres</strong></span> <span class='ocrx_word' id='word_1_826' title='bbox 3438 5080 3562 5143; x_wconf 78' lang='lat' dir='ltr'><strong>mei,</strong></span> 
     </span>
    </p>
   </div>
   <div class='ocr_carea' id='block_1_113' title="bbox 1971 5172 3562 5254">
    <p class='ocr_par' dir='ltr' id='par_1_113' title="bbox 1971 5172 3562 5254">
     <span class='ocr_line' id='line_1_113' title="bbox 1971 5172 3562 5254; baseline -0.007 -19"><span class='ocrx_word' id='word_1_827' title='bbox 1971 5183 2348 5254; x_wconf 78' lang='lat' dir='ltr'><strong>confortamini</strong></span> <span class='ocrx_word' id='word_1_828' title='bbox 2378 5183 2435 5236; x_wconf 88' lang='lat' dir='ltr'><strong>in</strong></span> <span class='ocrx_word' id='word_1_829' title='bbox 2464 5181 2706 5242; x_wconf 76' lang='lat' dir='ltr'><strong>Domino.</strong></span> <span class='ocrx_word' id='word_1_830' title='bbox 2741 5190 2788 5234; x_wconf 86' lang='lat' dir='ltr'><strong>et</strong></span> <span class='ocrx_word' id='word_1_831' title='bbox 2820 5178 3129 5250; x_wconf 83' lang='lat' dir='ltr'><strong>inpotentia</strong></span> <span class='ocrx_word' id='word_1_832' title='bbox 3145 5175 3355 5231; x_wconf 82' lang='lat' dir='ltr'><strong>virtutis</strong></span> <span class='ocrx_word' id='word_1_833' title='bbox 3398 5172 3515 5242; x_wconf 87' lang='lat' dir='ltr'><strong>ejus</strong></span> <span class='ocrx_word' id='word_1_834' title='bbox 3546 5186 3562 5223; x_wconf 90' lang='lat'><strong><em>:</em></strong></span> 
     </span>
    </p>
   </div>
   <div class='ocr_carea' id='block_1_114' title="bbox 1972 5266 3573 5341">
    <p class='ocr_par' dir='ltr' id='par_1_114' title="bbox 1972 5266 3573 5341">
     <span class='ocr_line' id='line_1_114' title="bbox 1972 5266 3573 5341; baseline -0.007 -11"><span class='ocrx_word' id='word_1_835' title='bbox 1972 5277 2172 5330; x_wconf 83' lang='lat' dir='ltr'><strong>induite</strong></span> <span class='ocrx_word' id='word_1_836' title='bbox 2196 5291 2283 5329; x_wconf 85' lang='lat' dir='ltr'><strong>vos</strong></span> <span class='ocrx_word' id='word_1_837' title='bbox 2299 5284 2582 5329; x_wconf 80' lang='lat' dir='ltr'><strong>armatura</strong></span> <span class='ocrx_word' id='word_1_838' title='bbox 2607 5275 2723 5337; x_wconf 87' lang='lat' dir='ltr'><strong>Dei,</strong></span> <span class='ocrx_word' id='word_1_839' title='bbox 2744 5283 2798 5326; x_wconf 86' lang='lat' dir='ltr'><strong>ut</strong></span> <span class='ocrx_word' id='word_1_840' title='bbox 2824 5272 3033 5341; x_wconf 78' lang='lat' dir='ltr'><strong>possitis</strong></span> <span class='ocrx_word' id='word_1_841' title='bbox 3054 5280 3198 5325; x_wconf 84' lang='lat' dir='ltr'><strong>stare</strong></span> <span class='ocrx_word' id='word_1_842' title='bbox 3219 5269 3473 5323; x_wconf 85' lang='lat' dir='ltr'><strong>adversus</strong></span> <span class='ocrx_word' id='word_1_843' title='bbox 3493 5266 3573 5318; x_wconf 77' lang='lat' dir='ltr'><strong>in-</strong></span> 
     </span>
    </p>
   </div>
   <div class='ocr_carea' id='block_1_115' title="bbox 1971 5361 3578 5438">
    <p class='ocr_par' dir='ltr' id='par_1_115' title="bbox 1971 5361 3578 5438">
     <span class='ocr_line' id='line_1_115' title="bbox 1971 5361 3578 5438; baseline -0.008 -14"><span class='ocrx_word' id='word_1_844' title='bbox 1971 5370 2134 5424; x_wconf 80' lang='lat' dir='ltr'><strong>sidias</strong></span> <span class='ocrx_word' id='word_1_845' title='bbox 2168 5367 2365 5422; x_wconf 83' lang='lat' dir='ltr'><strong>diaboli</strong></span> <span class='ocrx_word' id='word_1_846' title='bbox 2393 5384 2409 5421; x_wconf 93' lang='lat'><em>:</em></span> <span class='ocrx_word' id='word_1_847' title='bbox 2445 5367 2551 5438; x_wconf 81' lang='grc'>52</span> <span class='ocrx_word' id='word_1_848' title='bbox 2579 5367 2830 5438; x_wconf 84' lang='lat' dir='ltr'><strong>quoniam</strong></span> <span class='ocrx_word' id='word_1_849' title='bbox 2861 5381 2961 5418; x_wconf 86' lang='lat' dir='ltr'><strong>non</strong></span> <span class='ocrx_word' id='word_1_850' title='bbox 2985 5373 3057 5418; x_wconf 85' lang='lat' dir='ltr'><strong>est</strong></span> <span class='ocrx_word' id='word_1_851' title='bbox 3083 5364 3227 5417; x_wconf 79' lang='lat' dir='ltr'><strong>nobis</strong></span> <span class='ocrx_word' id='word_1_852' title='bbox 3256 5361 3578 5416; x_wconf 78' lang='lat' dir='ltr'><strong>colluctatio</strong></span> 
     </span>
    </p>
   </div>
   <div class='ocr_carea' id='block_1_116' title="bbox 1973 5454 3570 5531">
    <p class='ocr_par' dir='ltr' id='par_1_116' title="bbox 1973 5454 3570 5531">
     <span class='ocr_line' id='line_1_116' title="bbox 1973 5454 3570 5531; baseline -0.006 -15"><span class='ocrx_word' id='word_1_853' title='bbox 1973 5463 2222 5516; x_wconf 77' lang='lat' dir='ltr'><strong>adversus</strong></span> <span class='ocrx_word' id='word_1_854' title='bbox 2248 5460 2562 5531; x_wconf 83' lang='lat' dir='ltr'><strong>sanguinem</strong></span> <span class='ocrx_word' id='word_1_855' title='bbox 2609 5471 2658 5514; x_wconf 87' lang='lat' dir='ltr'><strong>ct</strong></span> <span class='ocrx_word' id='word_1_856' title='bbox 2688 5475 2924 5524; x_wconf 73' lang='lat' dir='ltr'><strong>mrncm,</strong></span> <span class='ocrx_word' id='word_1_857' title='bbox 2967 5459 3056 5512; x_wconf 82' lang='lat' dir='ltr'><strong>sed</strong></span> <span class='ocrx_word' id='word_1_858' title='bbox 3095 5458 3346 5511; x_wconf 82' lang='lat' dir='ltr'><strong>adversus</strong></span> <span class='ocrx_word' id='word_1_859' title='bbox 3381 5454 3570 5522; x_wconf 83' lang='lat' dir='ltr'><strong>princi-</strong></span> 
     </span>
    </p>
   </div>
   <div class='ocr_carea' id='block_1_117' title="bbox 1972 5543 3567 5624">
    <p class='ocr_par' dir='ltr' id='par_1_117' title="bbox 1972 5543 3567 5624">
     <span class='ocr_line' id='line_1_117' title="bbox 1972 5543 3567 5624; baseline -0.007 -18"><span class='ocrx_word' id='word_1_860' title='bbox 1972 5571 2058 5624; x_wconf 79' lang='lat' dir='ltr'><strong>pes</strong></span> <span class='ocrx_word' id='word_1_861' title='bbox 2094 5568 2141 5609; x_wconf 80' lang='lat' dir='ltr'><strong>et</strong></span> <span class='ocrx_word' id='word_1_862' title='bbox 2187 5560 2494 5623; x_wconf 68' lang='lat' dir='ltr'><strong>potestates,</strong></span> <span class='ocrx_word' id='word_1_863' title='bbox 2541 5553 2790 5606; x_wconf 76' lang='lat' dir='ltr'><strong>adversus</strong></span> <span class='ocrx_word' id='word_1_864' title='bbox 2829 5551 3012 5605; x_wconf 77' lang='lat' dir='ltr'><strong>nmndi</strong></span> <span class='ocrx_word' id='word_1_865' title='bbox 3044 5561 3266 5603; x_wconf 80' lang='lat' dir='ltr'><strong>rectores</strong></span> <span class='ocrx_word' id='word_1_866' title='bbox 3289 5558 3336 5601; x_wconf 85' lang='lat' dir='ltr'><strong>et</strong></span> <span class='ocrx_word' id='word_1_867' title='bbox 3367 5543 3567 5616; x_wconf 8' lang='lat' dir='ltr'><strong>vswcnli</strong></span> 
     </span>
    </p>
   </div>
  </div>
