3928 6246
425 283 559 352 1311

1803 281 2032 344 PETRI
2066 280 2318 345 SICULI

3569 286 3698 352 1312

420 403 580 473 hujus
613 400 679 456 “.
717 397 855 471 Ergo
883 411 954 452 ne
1000 395 1264 453 adversus
1298 393 1467 452 Deum
1503 410 1604 452 nos
1635 411 1884 468 pugnare
1923 397 2013 451 in-

2140 399 2265 465 τρὸς
2308 397 2414 464 τὰς
2467 397 2776 465 ἐξουσίας,
2831 397 2984 466 πρὸς
3028 396 3700 469 τοὺς’κοσμοκράτορας

421 495 604 559 struit,
643 492 734 548 ille
766 492 859 562 qui
890 489 1031 544 nihil
1061 500 1259 560 praeter
1281 504 1482 559 corpus
1508 490 1563 543 in
1588 497 1732 545 terra
1776 505 2018 560 unquam

420 585 687 656 possedit,
719 584 988 654 docetque
1018 591 1078 638 ut
1105 598 1176 637 ne
1203 597 1303 652 pro
1325 596 1557 650 corpore
1586 583 1681 637 sed
1712 598 1811 653 pro
1839 583 2019 638 anima

419 678 629 733 bellum
671 677 1036 747 suscipiamus
1078 675 1464 745 implacabile?
1511 674 1578 730 Et
1607 675 1698 745 qui
1735 690 1802 730 ne
1835 673 2020 729 homi-

418 770 588 825 nibu's
617 768 840 840 quidem
871 768 1150 839 iniuriosis
1177 776 1272 822 aut
1303 767 1724 837 percussoribus
1754 767 1842 822 vel
1871 767 2022 822 occi-

423 862 643 917 soribus
673 861 930 917 resistere
976 861 1153 932 jubet,
1193 859 1470 930 quomodo
1503 859 1546 914 si
1579 859 1826 914 novisset
1876 858 2024 913 hunc

424 967 550 1008 esse
599 953 793 1018 Deum,
843 951 1004 1007 nobis
1037 965 1164 1006 cum
1216 950 1308 1005 illo
1361 965 1609 1022 pugnare
1666 947 2024 1020 praeciperet?

359 1103 375 1112 κ
429 1045 566 1101 Item
605 1045 873 1100 Dominus
908 1044 965 1098 in
1008 1044 1182 1100 sacris
1215 1042 1526 1113 Evangeliis
1559 1044 1688 1097 dum
1719 1043 1832 1097 ait:
1871 1042 2025 1097 Viae-

433 1140 556 1193 bam
589 1137 852 1193 Satanam
899 1147 1156 1207 tanquam
1205 1136 1384 1208 fulgur
1413 1137 1684 1189 cadentem
1718 1136 1762 1168 “
1791 1151 1804 1199 ;
1859 1135 2028 1188 Dum-

429 1247 531 1300 que
563 1231 734 1302 ignem
769 1239 1026 1285 wternum
1051 1229 1151 1299 ipsi
1190 1239 1240 1283 et
1270 1230 1472 1301 angelis
1499 1229 1613 1298 ejus
1650 1237 1903 1296 paratum
1934 1229 2026 1282 de-

427 1323 639 1377 nuntiat
667 1323 756 1390 ”;
819 1321 1108 1394 fugitivum
1147 1321 1300 1376 illum
1346 1331 1402 1376 et
1449 1327 1751 1391 apostatam
1804 1335 2025 1374 servum

430 1421 595 1484 atque
643 1421 949 1468 creaturam
1003 1413 1364 1478 demonstrat,
1417 1412 1490 1466 ob
1545 1426 1707 1466 suum
1754 1409 2026 1480 superbia:

433 1521 600 1562 causa
635 1507 871 1576 lapsum,
901 1505 1342 1577 inexstinguibili
1372 1504 1481 1576 igni
1525 1504 1835 1560 dedendum
1884 1503 2024 1570 fore,

429 1615 556 1657 cum
594 1600 913 1671 apostaticis
963 1600 1078 1655 suis
1119 1599 1504 1669 potestatibus.
1561 1597 1676 1669 Age
1722 1613 1854 1653 vero
1907 1597 2029 1652 ubi~

430 1711 565 1752 nam
597 1694 821 1759 audisti,
871 1693 958 1749 vel
993 1693 1213 1764 quando
1257 1691 1457 1746 novisti
1509 1689 1684 1746 Deum
1714 1691 2024 1756 cadentem,

430 1799 526 1844 aut
554 1787 896 1858 sempiterno
929 1785 1057 1858 igne
1105 1784 1408 1856 punitum?
1461 1782 1570 1839 Sed
1618 1784 1769 1838 hunc
1800 1781 2030 1837 fortasse

431 1877 549 1948 pari
579 1877 804 1932 nomine
851 1878 1024 1933 Deum
1075 1876 1392 1947 appellavit,
1442 1875 1781 1932 audientium
1832 1875 2034 1931 conde-

432 1969 704 2026 scendens
733 1967 1062 2033 inﬁrmitati,
1099 1969 1414 2038 sensimque
1435 1969 1502 2023 ab
1533 1968 1690 2024 idolis
1722 1968 2030 2033 retrahens,

434 2070 494 2117 et
521 2063 589 2117 ad
628 2061 852 2116 unicum
886 2062 1057 2116 Deum
1095 2062 1395 2124 adducens.
1433 2062 1564 2116 dum
1597 2069 1800 2130 quanta
1846 2060 2031 2116 futura

435 2151 508 2208 sit
539 2152 844 2208 victoribus
892 2153 1263 2209 remuneratio
1304 2154 1665 2218 demonstrat,
1699 2153 1771 2208 ob
1825 2154 2025 2208 luctam

435 2262 563 2303 cum
613 2247 852 2317 superbo
896 2257 952 2303 et
998 2248 1362 2318 gloriabundo
1416 2256 1760 2318 susceptam;
1793 2248 1839 2302 si
1878 2256 2029 2303 certe

438 2340 572 2396 lutei
619 2341 879 2396 mortales
930 2340 1340 2411 incorporeum,
1390 2340 1526 2395 viles
1555 2355 1620 2396 ac
1665 2340 1878 2396 minimi
1909 2356 2030 2396 ma-

437 2446 606 2504 gnum
632 2431 926 2487 draconem
959 2439 1264 2502 apostatam
1293 2431 1704 2487 debellaverint.

509 2696 600 2756 Vl.
657 2698 836 2769 Atque
892 2698 1000 2754 hoc
1046 2699 1357 2770 comperics
1409 2699 1712 2756 Corinthiis
1753 2700 1810 2754 in
1848 2701 2033 2770 priore

439 2789 672 2860 cpistola
731 2790 954 2845 beatum
1007 2791 1236 2846 Paulum
1291 2794 1623 2848 scribentem
1675 2792 1908 2847 dicere:
1957 2793 2031 2848 De

439 2884 568 2938 escis
601 2885 781 2955 itaque
803 2901 918 2955 qua:
946 2885 1103 2940 idolis
1125 2886 1494 2953 immolantur,
1519 2888 1714 2941 scimus
1745 2887 1871 2956 quia
1899 2886 2032 2941 nihil

2121 492 2230 546 τοῦ
2257 491 2492 560 κόσμου
2524 492 2623 545 καὶ
2657 491 2872 559 αἰῶνος
2913 492 3151 547 τούτου.
3203 493 3345 564 Πρὸς
3388 492 3526 547 Θεὸν
3556 495 3702 548 πολε-

2126 584 2248 652 μεῖν
2271 584 2418 654 qua;
2448 584 2888 654 παρασκευάζει,
2923 586 2951 637 6
2986 585 3156 656 μηδὲν
3182 585 3319 656 πλὴν
3343 585 3438 639 τοῦ
3463 586 3702 656 σώματος

2124 677 2215 730 ἐπὶ
2245 677 2342 747 τῆς
2372 677 2473 747 γῆς,
2501 693 2631 730 ποτε
2655 678 3022 747 κτησάμενος,
3055 677 3152 731 καὶ
3177 677 3445 732 διδάσκων
3477 678 3550 751 μὴ
3573 681 3702 750 ὑπὲρ

2122 770 2218 823 τοῦ
2252 770 2508 840 σώματος
2569 769 2686 824 ἀλλ’
2728 771 2870 840 ὑπὲρ
2923 769 3099 840 ψυχῆς
3149 770 3425 824 ποιεῖσθαι
3477 773 3702 843 πόλεμον

2124 861 2392 916 ἄσπονδον
2418 878 2431 928 ;
2459 863 2556 916 καὶ
2576 864 2603 916 ὁ
2626 861 2761 934 μηδὲ
2785 861 3097 933 ἀνθρώποις
3117 862 3396 918 ἀδικοῦσιν
3423 863 3458 936 ἢ
3481 865 3703 918 τύπτου-

2127 971 2210 1008 σιν
2246 955 2279 1025 ἢ
2319 954 2644 1010 θανατοῦσιν
2689 955 3008 1026 ἀντιστῆναι
3044 955 3303 1020 κελεύων,
3346 955 3465 1020 πῶς
3498 959 3546 1010 εί
3576 957 3703 1027 ἔγνω

2125 1047 2314 1101 τοῦτον
2345 1044 2486 1102 εἶναι
2513 1048 2669 1113 Θεὸν,
2699 1049 2817 1119 μετ’
2843 1047 3010 1102 αὐτοῦ
3041 1048 3302 1118 πολεμεῖν
3329 1049 3482 1118 ἡμᾶς
3502 1049 3704 1102 ἐκέλευ-

2129 1157 2254 1204 σεν;
2293 1139 2456 1194 πάλιν
2487 1139 2545 1192 δὲ
2586 1139 2680 1193 καὶ
2709 1141 2736 1192 6
2769 1139 2975 1209 Κύριος
3031 1139 3090 1191 ὲν
3127 1140 3295 1207 ἱεροῖς
3356 1140 3703 1208 Εὐαγγελίοις

2131 1231 2306 1299 λέγων
2330 1247 2343 1260 ο
2378 1229 2708 1297 Ἐθεώρουν
2737 1231 2846 1283 τὸν
2869 1227 3150 1287 Σατανᾶν
3171 1230 3252 1296 ὡς
3277 1231 3598 1300 ἀστραπὴν
3619 1248 3704 1286 πε-

2127 1324 2345 1377 σόντα·
2397 1322 2592 1376 καὶτὸ
2624 1322 2745 1390 πῦρ
2770 1322 3014 1378 αἰώνιον
3061 1322 3225 1389 αὐτῷ
3244 1324 3342 1376 καὶ
3385 1324 3511 1390 τοῖς
3543 1325 3701 1395 ἀγγέ-

2128 1418 2260 1480 λοις
2288 1413 2478 1470 αὑτοῦ
2533 1413 2893 1482 ἐτοιμασθέν
2948 1415 3389 1484 προεμφαίνων,
3449 1414 3704 1487 δραπέτην

2129 1504 2224 1558 καὶ
2251 1502 2568 1574 ἀποστάτην
2583 1502 2768 1558 δοῦλον
2792 1503 2885 1556 καὶ
2905 1503 3113 1574 κτίσμα
3129 1503 3291 1556 αὑτὸν
3315 1504 3702 1572 ἀποδείκνυσιν,

2129 1596 2215 1650 διὰ
2239 1595 2337 1666 τὴν
2362 1595 2422 1659 ἐξ
2451 1595 2833 1666 ὑπερηφανίας
2864 1594 3029 1650 αὑτοῦ
3072 1595 3348 1649 ἔκπτωσιν
3372 1634 3388 1660 ,
3423 1596 3519 1650 τοῦ
3557 1596 3704 1650 ἀσϐέ-

2133 1703 2258 1740 στου
2301 1685 2473 1759 πυρὸς
2527 1685 2781 1739 ὑπόδικον
2817 1685 3059 1751 ἔσεσθαι,
3093 1688 3193 1740 σὺν
3251 1689 3374 1752 ταῖς
3424 1687 3518 1740 ὑπ’
3562 1688 3705 1740 αὑτὸν

2133 1779 2527 1842 ἀποστατικαῖς
2589 1777 2887 1849 δυνάμεσιν
2912 1794 2927 1809 ο
2971 1777 3075 1831 ποῦ
3102 1778 3160 1832 δὲ
3218 1779 3464 1848 ἀκήκοας
3493 1779 3526 1850 ἥ
3554 1778 3706 1848 ἔγνως

2135 1873 2266 1926 ποτὲ
2315 1871 2449 1925 Θεὸν
2499 1870 2859 1937 ἐκπίπτοντα,
2895 1870 2928 1942 ἢ
2965 1871 3025 1924 ὲν
3063 1871 3198 1942 πυρὶ
3221 1871 3429 1940 αἰωνίῳ
3458 1871 3706 1942 τιμωρού-

2138 1981 2336 2036 μενονς
2369 1963 2483 2018 ἀλλ’
2519 1963 2830 2034 ὁμωνύμως
2852 1963 3040 2018 τοῦτον
3079 1964 3209 2028 ἴσως
3259 1964 3701 2034 προσηγόρευσεν,

2132 2059 2200 2128 τῇ
2239 2055 2346 2110 τῶν
2413 2057 2722 2111 ἀκουόντων
2780 2056 3039 2127 ἀσθενείᾳ
3102 2057 3575 2127 συγκαταϐαίνων,
3624 2056 3706 2111 καὶ

2128 2147 2438 2218 λεληθότως
2488 2150 2554 2202 ὲκ
2605 2149 2716 2201 τῶν
2771 2147 3005 2202 εἰδώλων
3031 2149 3284 2217 ἀπάγων,
3346 2151 3446 2204 καὶ
3476 2150 3604 2220 πρὸς
3626 2150 3704 2203 τὸν

2134 2235 2296 2304 μόνον
2356 2234 2490 2289 Θεὸν
2553 2236 2873 2308 προσάγων,
2911 2237 3010 2292 καὶ
3035 2238 3253 2303 δεικνὺς
3281 2239 3376 2293 οἵα
3421 2241 3532 2304 τοῖς
3559 2237 3704 2292 αὐτοῦ

2130 2328 2380 2397 νικηταίς
2413 2329 2447 2398 ἡ
2478 2329 2680 2399 ἀμοιϐὴ
2705 2328 2805 2398 τῆς
2839 2329 2975 2399 πρὸς
3013 2331 3180 2384 αὐτὸν
3229 2333 3409 2402 πάλης
3439 2335 3699 2404 γενήσεται

2130 2421 2221 2475 τὸν
2255 2421 2604 2491 μεγάλαυχον
2644 2423 2740 2476 καὶ
2789 2422 3045 2488 ἀλαζόνα,
3080 2425 3287 2496 ἐάνπερ
3309 2428 3360 2480 οἱ
3393 2427 3602 2497 πήλινοι
3627 2425 3704 2479 τὸν

2135 2514 2282 2587 [cod.
2302 2514 2338 2570 ί.
2363 2513 2517 2585 115.]
2543 2513 2860 2586 ἀσώματον,
2882 2516 2979 2570 καὶ
3005 2519 3053 2571 ol
3076 2518 3322 2582 εὐτελεῖς
3342 2519 3437 2573 καὶ
3460 2519 3703 2589 ἐλάχιστοι

2131 2607 2224 2662 τὸν
2254 2606 2524 2679 δράκοντα
2552 2607 2643 2660 τὸν
2687 2607 2860 2676 μέγαν
2881 2609 2972 2662 τὸν
2995 2610 3314 2679 ἀποστάτην
3343 2613 3648 2681 νικήσωσιν.

2207 2701 2298 2765 (τ’.
2327 2698 2436 2752 Καὶ
2467 2697 2622 2752 τοῦτο
2664 2698 2921 2770 εὑρήσεις
2949 2702 3062 2764 τοῖς
3113 2701 3300 2765 αὐτοῖς
3329 2701 3628 2772 Κορινθίοις
3655 2703 3702 2752 ὲν

2138 2791 2204 2860 τῇ
2235 2790 2421 2860 πρώτῃ
2483 2789 2738 2860 ἐπιστολῇ
2792 2790 2884 2844 τὸν
2918 2791 3191 2864 μακάριον
3228 2792 3554 2846 ’Λπόστολον
3604 2795 3701 2846 ἐπι-

2141 2881 2426 2934 στέλλοντα
2476 2881 2571 2936 καὶ
2627 2882 2852 2949 λέγοντα
2875 2899 2888 2912 ·
2955 2884 3095 2952 Περὶ
3123 2884 3416 2953 βρώσεως
3467 2881 3576 2941 οὖν
3601 2885 3704 2938 τῶν

439 2987 517 3032 est
549 2977 751 3032 idolum
772 2979 830 3031 in
867 2981 1083 3046 mundo,
1107 2989 1156 3034 et
1192 2983 1331 3050 quod
1360 2981 1537 3034 nullus
1581 2980 1721 3033 alius
1759 2987 1834 3033 est
1863 2977 2026 3042 Deus,

2140 2971 2562 3040 εἰδωλοθύτων,
2586 2972 2831 3043 οἴδαμεν
2849 2972 2937 3027 ὅτι
2956 2974 3138 3029 οὐδὲν
3152 2975 3407 3031 εἴδωλον
3421 2978 3492 3032 ἐν
3504 2977 3703 3045 κόσμῳ,

441 3065 545 3120 nisi
575 3083 728 3120 unus.
765 3064 908 3120 Nam
952 3069 1050 3122 etsi
1100 3075 1224 3122 sunt
1272 3069 1363 3139 qui
1408 3069 1659 3122 dicantur
1689 3067 1786 3130 dii,
1841 3066 1948 3119 sive
1975 3066 2032 3119 in

439 3158 566 3214 caelo
605 3160 714 3214 sive
742 3160 798 3214 in
829 3169 971 3215 terra
1002 3159 1070 3216 “.
1121 3160 1366 3215 Observa
1397 3160 1671 3232 dogmatis
1717 3165 2032 3214 accuratam

440 3251 780 3307 doctrinam:
809 3252 904 3322 qui
931 3252 1214 3320 dicuntur,
1249 3253 1355 3324 53
1382 3252 1578 3323 inquit,
1608 3267 1718 3306 non
1751 3250 1844 3320 qui
1883 3257 2033 3305 sunt.

439 3345 734 3416 Propterea
761 3347 1071 3402 obscuratis
1100 3347 1380 3402 mentibus
1429 3345 1680 3401 homines
1719 3343 2026 3398 miserrime

440 3438 549 3494 hoc
574 3439 873 3509 patiuntur,
910 3439 1112 3496 fabulis
1147 3450 1206 3495 et
1261 3439 1538 3511 ﬁgmentis
1566 3446 1731 3508 atque
1765 3438 1926 3493 idolis
1954 3437 2037 3493 di-

440 3528 633 3584 vinum
664 3545 867 3586 nomen
897 3538 1321 3586 commutantes.
1355 3529 1514 3597 Quod
1544 3539 1602 3585 ut
1634 3530 1894 3585 radicitus
1942 3544 2040 3584 ex-

440 3620 641 3691 stirpet
683 3636 839 3676 sacer
888 3623 1189 3694 Apostolus
1232 3630 1426 3676 contra
1474 3621 1601 3676 ait:
1649 3621 1813 3676 Nobis
1861 3630 2042 3674 tamen

443 3730 579 3768 unus
618 3713 755 3768 Deus
785 3714 974 3782 Pater,
1008 3731 1074 3769 ea:
1118 3731 1222 3784 quo
1253 3715 1470 3778 omnia;
1521 3723 1571 3768 et
1599 3731 1734 3768 unus
1777 3714 2038 3768 Dominus

442 3805 601 3861 Jesus
627 3807 866 3862 Christus
891 3825 984 3877 per
1011 3824 1163 3878 quem
1188 3809 1366 3861 omnia
1399 3808 1477 3871 ⁶²;
1521 3808 1618 3863 sed
1651 3817 1706 3862 et
1739 3823 1897 3861 unus-
1917 3805 2042 3876 Spi-

447 3899 586 3956 ritus
613 3909 859 3967 sanctus,
915 3897 971 3956 in
1002 3917 1113 3972 quo
1160 3901 1364 3956 omnia.
1416 3901 1586 3956 Porro
1634 3901 1940 3957 locutiones
1972 3915 2037 3954 ea:

450 4007 575 4063 quo,
623 4000 680 4046 et
711 4008 804 4057 per
836 4007 1010 4063 quem,
1044 4002 1100 4047 et
1128 3993 1183 4047 in
1211 4009 1336 4063 quo,
1363 4001 1589 4048 naturas
1623 4009 1734 4048 non
1766 3993 2041 4057 dividunt,

446 4085 545 4140 sed
573 4098 834 4154 personas
866 4086 1153 4141 denotant.
1203 4083 1274 4139 Et
1303 4101 1426 4140 eum
1460 4086 1612 4156 prius
1651 4087 1882 4142 dixisset
1906 4101 2042 4139 unus

448 4177 591 4232 Deus
625 4178 698 4233 ob
721 4178 1049 4234 substantia:
1081 4177 1372 4240 unitatem.
1411 4194 1537 4233 mox
1566 4180 1749 4234 verbis
1782 4196 1876 4250 per
1893 4193 2048 4249 quem

2137 3064 2234 3117 ml
2254 3064 2344 3118 ὅτι
2358 3064 2559 3132 οὐδεὶς
2579 3066 2723 3132 Θεὸς
2749 3066 2972 3134 ἕτερος,
2998 3069 3051 3121 εὶ
3064 3067 3150 3137 μὴ
3170 3063 3277 3134 εἷς·
3309 3071 3411 3124 καὶ
3437 3070 3543 3139 γὰρ
3562 3068 3705 3136 εἴπερ

2135 3157 2253 3210 εἰσὶ
2279 3158 2590 3226 ,λεγόμενοι
2613 3158 2732 3213 θεοὶ
2765 3157 2907 3230 [εἴτε
2935 3160 3006 3213 ἐν
3034 3160 3293 3234 οὐρανῷ]
3325 3163 3446 3217 εἴτε
3473 3163 3564 3216 ἐπὶ
3593 3161 3705 3230 γῆς.

2137 3250 2383 3320 Πρόσχες
2402 3253 2469 3321 τῇ
2483 3251 2740 3323 ἀκριϐείᾳ
2758 3250 2852 3304 τοῦ
2875 3252 3162 3322 δόγματος,
3199 3252 3487 3324 λεγόμενοι
3516 3254 3614 3324 γὰρ
3639 3248 3704 3305 εἴ·

2139 3361 2261 3408 πεν,
2282 3343 2379 3414 οὐχ
2402 3344 2737 3414 ὑπάρχοντες
2759 3361 2772 3373 ·
2801 3345 2869 3398 δι’
2893 3345 2921 3399 ὃ
2945 3347 2994 3398 οἱ
3013 3346 3393 3416 ὲσκοτισμένοι
3413 3345 3707 3409 ταίςδιανοί-

2141 3454 2228 3500 αις
2246 3436 2521 3508 ἅνθρωποι
2555 3436 2866 3502 παναθλῐως
2892 3438 3051 3492 τοῦτο
3072 3438 3399 3502 πεπόνθασι,
3423 3438 3605 3508 μύθοις
3629 3436 3706 3490 καὶ

2144 3529 2425 3600 πλάσμασι
2456 3529 2551 3581 καὶ¹
2575 3528 2817 3594 εἰδώλοις
2842 3530 2903 3583 τὸ
2945 3529 3086 3584 θεῖον
3120 3531 3516 3601 μεταϐαλόντες
3538 3530 3703 3597 ὄνομα·

2143 3621 2280 3692 ὅπερ
2311 3619 2416 3691 πρὸ
2447 3620 2614 3692 ῥιζῶν
2645 3605 3002 3676 ἀναστέλλων·
3025 3623 3054 3675 6
3079 3622 3222 3692 ἱερὸς
3236 3623 3567 3686 Ἀπόστολος-
3595 3620 3706 3674 ἀνο-

2143 3713 2408 3783 νποφέρει
2437 3730 2450 3743 ’
2505 3711 2668 3767 Ἀλλ’
2727 3713 2874 3782 ἡμῖν
2910 3709 2996 3782 εἷς
3039 3715 3186 3780 Θεὸς
3234 3717 3267 3769 ὀ
3303 3715 3526 3783 Πατὴρ,
3552 3714 3614 3778 ἐξ
3649 3706 3707 3766 οὗ

2145 3806 2218 3859 τὰ
2267 3805 2465 3858 πάντα
2488 3820 2500 3832 ’
2559 3807 2660 3859 καὶ
2697 3801 2787 3872 εἷς
2831 3806 3048 3874 Κύριος
3090 3807 3334 3874 Ἰησοῦς
3357 3807 3620 3876 Χριστὸς.
3647 3803 3708 3857 δι’

2146 3895 2217 3954 οὗ
2254 3899 2324 3953 τὰ
2345 3897 2562 3953 πάντα.
2625 3897 2786 3952 Ἀλλά
2811 3900 2906 3951 καὶ
2953 3899 3011 3952 ἓν
3046 3899 3272 3970 Πνεῦμα
3317 3900 3491 3970 ἅγιον,
3517 3901 3571 3952 ἐν
3593 3891 3632 3967 ᾧ
3655 3897 3709 3949 τὰ

2148 3992 2327 4048 πάντα
2355 3991 2453 4063 ('5')
2473 4006 2487 4021 °
2511 3991 2606 4044 τοῦ
2639 3991 2706 4057 ἐξ
2730 3987 2826 4056 οὗ,
2859 3992 2953 4045 καὶ
2979 3991 3051 4045 δι’
3084 3988 3180 4057 οὗ,
3210 3993 3308 4048 καὶ
3332 3993 3403 4047 ἐν
3433 3987 3500 4061 ᾧ,
3541 3993 3608 4063 μὴ
3629 3989 3710 4059 φύ-

2152 4100 2266 4146 σεις
2292 4082 2626 4153 τεμνόντων,
2659 4083 2776 4136 ἀλλ’
2811 4083 3144 4148 ὑποστάσεις
3184 4084 3707 4156 χαρακτηριζόντων·

2155 4177 2253 4229 καὶ
2285 4176 2344 4228 τὸ
2376 4175 2497 4246 μὲν,
2529 4172 2619 4241 εἷς
2643 4174 2812 4242 Θεὸς,
2843 4175 2933 4229 διά
2966 4175 3066 4246 τὴν
3104 4176 3205 4246 τῆς
3221 4176 3412 4241 οὐσίας
3439 4176 3711 4243 ταυτότητα

447 4282 496 4328 et
525 4274 582 4327 in
609 4290 711 4345 quo
753 4289 1115 4345 personarum
1153 4272 1524 4330 diﬂ‘erentiam
1565 4274 1827 4329 subdidit.
1882 4274 2032 4328 Unus

2140 4269 2394 4340 προσθεὶς
2417 4309 2432 4334 ,
2463 4268 2523 4321 τὸ
2540 4268 2610 4333 ἐξ
2639 4264 2713 4324 οὗ
2741 4269 2832 4322 καὶ
2853 4268 2927 4322 δι’
2952 4264 3026 4324 οὗ
3077 4271 3174 4322 καὶ
3221 4269 3293 4322 ἐν
3327 4264 3376 4337 ᾧ
3405 4269 3490 4324 διὰ
3513 4269 3602 4338 τὴν
3623 4265 3710 4318 τῶν

447 4379 578 4435 ergo
611 4365 753 4420 Deus
784 4365 840 4419 in
872 4365 1069 4430 tribus,
1103 4374 1161 4420 et
1195 4365 1296 4420 tria
1327 4381 1522 4431 unum,
1551 4374 1609 4418 ut
1656 4365 1917 4430 diximus,
1957 4367 2050 4436 qui

448 4471 614 4529 super
641 4457 824 4512 omnia
860 4468 916 4514 et
956 4474 1054 4530 per
1087 4458 1296 4524 omnia,
1322 4468 1376 4515 et
1403 4459 1456 4513 in
1493 4459 1754 4513 omnibus
1780 4469 2047 4528 permeat.

450 4547 572 4603 Alio
601 4556 784 4602 autem
812 4549 933 4604 loco
970 4549 1273 4604 humanum
1318 4559 1570 4604 ventrem
1614 4548 1786 4603 Deum
1829 4565 2048 4606 nuncu-

452 4644 548 4707 pat
570 4635 884 4706 Apostolus,
923 4637 1073 4693 haud
1117 4653 1256 4693 sane
1285 4637 1441 4709 quasi
1481 4637 1672 4692 mundi
1706 4637 2045 4708 Creatorem,

453 4726 552 4782 sed
579 4727 652 4783 ob
682 4743 873 4784 curam
903 4737 960 4784 et
1003 4730 1210 4785 cultum
1243 4730 1292 4786 ei
1325 4731 1630 4786 adhibitum
1658 4749 1672 4786 :
1721 4731 1824 4787 hac
1857 4733 2049 4788 videli-

455 4826 546 4875 cet
567 4820 919 4893 bomonymia
945 4823 1258 4880 luxuriosos
1279 4824 1588 4890 dcterrens,
1622 4836 1786 4896 atque
1814 4827 1880 4882 ab
1905 4827 2054 4883 illius

456 4927 588 4968 cura
643 4924 894 4970 avertere
949 4917 1164 4983 volens,
1215 4917 1292 4972 ait
1344 4916 1838 4988 Philippensibus:
1895 4919 2056 4975 Multi

458 5005 762 5060 inordinate
793 5008 1090 5075 ambulant,
1124 5026 1255 5079 quos
1297 5025 1435 5079 srepe
1457 5011 1599 5064 vobis
1629 5010 1889 5077 dicebam,
1918 5029 2057 5067 nunc

460 5103 640 5149 autem
670 5105 720 5150 et
751 5099 883 5167 ﬂens
909 5100 1048 5164 dico,
1087 5100 1330 5154 inimicos
1370 5103 1543 5154 crucis
1568 5101 1792 5166 Christi,
1834 5119 2058 5172 quorum

461 5187 582 5256 ﬁnis
619 5189 882 5257 interitus,
913 5209 1140 5255 quorum
1177 5192 1321 5247 Deus
1360 5203 1536 5248 venter
1565 5203 1661 5258 est,
1695 5203 1744 5248 et
1778 5194 1953 5266 gloria
1999 5197 2055 5250 in

463 5280 756 5352 ignominia
775 5285 1012 5350 ipsorum
1029 5286 1095 5340 σθ.
1117 5286 1388 5356 Additque
1412 5304 1424 5340 :
1446 5286 1548 5352 Qui
1573 5297 1780 5342 terrena
1807 5290 2052 5358 sapiunt;

469 5383 649 5427 nostra
690 5375 830 5430 enim
879 5380 1203 5433 conversatio
1236 5380 1293 5432 in
1333 5379 1475 5434 cwlis
1512 5390 1587 5433 est
1609 5382 1675 5434 ⁸⁷.
1714 5379 1779 5434 Et
1814 5381 2012 5436 iterum
2042 5400 2056 5436 :

543 5557 585 5589 ⁶¹
621 5557 826 5626 Ephcs.
878 5575 954 5623 γι,
1002 5558 1090 5626 10,
1139 5560 1223 5614 12.

1335 5561 1378 5592 ⁶²
1415 5559 1546 5616 Luc.
1578 5578 1632 5626 x,
1670 5561 1755 5616 18.

470 5628 518 5703 ’⁸⁷
550 5627 752 5698 Philip.
776 5643 856 5690 Ill,
885 5629 972 5683 18.

1859 5564 1903 5594 ⁸³
1931 5563 2120 5618 Matth.
2171 5579 2296 5629 xxv,
2341 5563 2430 5616 41.

2155 4361 2510 4416 ὑποστάσεων
2555 4360 2821 4431 διαφορὰν
2881 4360 3212 4432 ὑπήνεγκεν.
3271 4357 3368 4426 Εἷς
3399 4356 3489 4415 οὖν
3517 4361 3636 4420 Θεὸς
3664 4359 3710 4409 ἐν

2151 4456 2350 4526 τρισὶν,
2379 4455 2472 4507 καὶ
2493 4453 2562 4506 τὰ
2595 4456 2723 4525 τρία
2750 4454 2830 4520 ἒν,
2866 4455 3057 4523 ὥσπερ
3091 4453 3325 4524 ἔφα-μεν,
3353 4456 3385 4507 6
3412 4455 3500 4507 ἐπὶ
3523 4453 3709 4506 πάντων

2152 4549 2249 4604 καὶ
2275 4550 2330 4602 ἐν
2355 4550 2490 4602 πᾶσι
2516 4548 2888 4619 διῖκνούμενος
2915 4565 2930 4579 ’
2955 4547 3052 4601 καὶ
3105 4548 3164 4601 ἐν
3191 4547 3367 4620 ἑτέρῳ
3399 4548 3455 4603 δὲ
3497 4546 3589 4616 τὴν
3633 4547 3710 4597 ἁν-

2152 4640 2431 4712 θρωπίνην
2462 4640 2692 4708 κοιλίαν,
2726 4640 2859 4693 Θεὸν
2883 4639 3170 4712 ὠνόμασεν
3205 4642 3233 4694 6
3277 4639 3608 4703 Ἀπόστολος,
3629 4637 3709 4702 οὐχ

2155 4732 2230 4795 ὡς
2261 4734 2466 4804 κόσμου
2502 4732 2754 4805 ποιητὴν,
2784 4732 2900 4786 ἀλλ’
2923 4734 2987 4786 ὲκ
3021 4733 3122 4800 τῆς
3149 4733 3277 4802 περὶ
3312 4732 3478 4804 αὐτὴν
3506 4727 3709 4794 σπουδῆς

2153 4827 2254 4880 καὶ
2281 4825 2537 4896 λατρείας
2558 4843 2570 4856 ·
2597 4825 2740 4897 [θοὰ.
2778 4825 2818 4880 f.
2842 4825 2945 4879 115
2975 4823 3057 4894 b.]
3083 4825 3172 4879 διὰ
3195 4827 3292 4896 τῆς
3313 4823 3615 4894 ὁμωνυμίας
3633 4822 3710 4872 ἐκ·

2155 4919 2335 4989 φοϐῶν
2363 4919 2487 4982 τοὺς
2509 4918 2870 4983 ἀκολάστους,
2923 4918 3014 4971 καὶ
3051 4919 3350 4987 ἀνατρέψαι
3393 4918 3580 4976 αὐτοὺς
3625 4911 3708 4977 τῆς

2155 5013 2284 5082 περὶ
2315 5012 2483 5082 αὐτὴν
2512 5011 2748 5081 σπουδῆς
2784 5010 3129 5082 βουλόμενος,
3177 5013 3349 5080 λέγων
3393 5009 3522 5080 πρὸς
3545 5005 3708 5058 (tuin:-

2158 5105 2422 5176 πησίους⁶
2446 5105 2672 5159 Πολλοί
2699 5103 3100 5173 γὰρ’ἀτάκτως
3143 5102 3583 5172 περιπατοῦσιν,
3619 5094 3707 5159 οὓς

2161 5193 2460 5260 πολλάκις
2480 5195 2695 5266 ἔλεγον
2723 5193 2894 5264 ὑμῖν,
2928 5193 3044 5248 νῦν
3067 5193 3136 5246 δὲ
3182 5193 3280 5247 καὶ
3325 5188 3704 5256 κλαίωνλέγω.

2163 5287 2306 5352 τοὺς
2327 5287 2580 5356 ἐχθροὺς
2611 5285 2716 5340 τοῦ
2748 5285 3015 5354 σταυροῦ
3053 5286 3331 5354 Χριστοῦ,
3362 5279 3448 5339 ὧν
3475 5283 3534 5336 τὸ
3559 5280 3706 5340 τέλος

2167 5382 2454 5447 ἀπώλεια,
2479 5377 2566 5436 ὧν
2619 5383 2652 5435 ό
2715 5379 2861 5445 Θεὸς
2909 5380 2950 5449 ἠ
2974 5380 3196 5446 κοιλία,
3221 5381 3315 5434 καὶ
3338 5380 3374 5449 ἡ
3395 5377 3535 5442 δόξα
3561 5375 3622 5428 ἑν
3644 5367 3703 5436 τῇ

2540 5560 2632 5614 σδι
2672 5561 2798 5615 Cor.
2826 5573 2948 5622 vtn,
2987 5559 3119 5624 4,5.
3199 5559 3242 5590 σε
3276 5555 3405 5612 ibid.
3489 5555 3557 5626 εει
3588 5548 3700 5606 ibid.

550 5721 650 5791 (δ’)
683 5719 914 5792 Videtur
945 5725 1170 5782 omnino
1211 5729 1352 5784 hanc
1379 5744 1595 5800 quoque
1624 5728 1690 5786 dc
1725 5728 1929 5800 Spiritu
1953 5738 2145 5786 sancto
2177 5730 2498 5802 particulam
2533 5727 2726 5800 legisse
2757 5742 2947 5789 auctor
2973 5729 3116 5798 apud
3143 5731 3384 5791 Paulum.
