  <div class='ocr_page' id='page_1' title='image "/cluster/home/n/w/nwhite01/storage/ocr_20150623/104 pt.4/mdp.39015061931229/666.png"; bbox 0 0 3702 6240; ppageno 0'>
   <div class='ocr_carea' id='block_1_1' title="bbox 42 292 178 356">
    <p class='ocr_par' dir='ltr' id='par_1_1' title="bbox 42 292 178 356">
     <span class='ocr_line' id='line_1_1' title="bbox 42 292 178 356; baseline 0.007 -2"><span class='ocrx_word' id='word_1_1' title='bbox 42 292 178 356; x_wconf 76' lang='lat'><strong>1313</strong></span> 
     </span>
    </p>
   </div>
   <div class='ocr_carea' id='block_1_2' title="bbox 1060 294 2337 362">
    <p class='ocr_par' dir='ltr' id='par_1_2' title="bbox 1060 294 2337 362">
     <span class='ocr_line' id='line_1_2' title="bbox 1060 294 2337 362; baseline 0 -5"><span class='ocrx_word' id='word_1_2' title='bbox 1060 294 1317 358; x_wconf 81' lang='lat' dir='ltr'><strong>SERMO</strong></span> <span class='ocrx_word' id='word_1_3' title='bbox 1355 296 1383 357; x_wconf 89' lang='grc' dir='ltr'>Ι</span> <span class='ocrx_word' id='word_1_4' title='bbox 1420 297 1816 362; x_wconf 82' lang='lat' dir='ltr'><strong>ADVERSUS</strong></span> <span class='ocrx_word' id='word_1_5' title='bbox 1854 295 2337 359; x_wconf 65' lang='lat' dir='ltr'><strong>MANICHEOS.</strong></span> 
     </span>
    </p>
   </div>
   <div class='ocr_carea' id='block_1_3' title="bbox 3204 299 3341 369">
    <p class='ocr_par' dir='ltr' id='par_1_3' title="bbox 3204 299 3341 369">
     <span class='ocr_line' id='line_1_3' title="bbox 3204 299 3341 369; baseline -0.015 -3"><span class='ocrx_word' id='word_1_6' title='bbox 3204 299 3341 369; x_wconf 72' lang='grc'><strong>1314</strong></span> 
     </span>
    </p>
   </div>
   <div class='ocr_carea' id='block_1_4' title="bbox 34 401 1646 475">
    <p class='ocr_par' dir='ltr' id='par_1_4' title="bbox 34 401 1646 475">
     <span class='ocr_line' id='line_1_4' title="bbox 34 401 1646 475; baseline 0.003 -21"><span class='ocrx_word' id='word_1_7' title='bbox 34 403 311 472; x_wconf 67' lang='grc' dir='ltr'><strong>αἰσχύνῃ</strong></span> <span class='ocrx_word' id='word_1_8' title='bbox 364 401 599 458; x_wconf 72' lang='grc' dir='ltr'><em>αὐτῶν·</em></span> <span class='ocrx_word' id='word_1_9' title='bbox 654 402 938 473; x_wconf 74' lang='grc' dir='ltr'><em>προσθεὶς,</em></span> <span class='ocrx_word' id='word_1_10' title='bbox 995 406 1060 456; x_wconf 81' lang='lat' dir='ltr'><strong>Ol</strong></span> <span class='ocrx_word' id='word_1_11' title='bbox 1120 405 1193 457; x_wconf 82' lang='grc' dir='ltr'><strong>τὰ</strong></span> <span class='ocrx_word' id='word_1_12' title='bbox 1246 404 1479 475; x_wconf 78' lang='grc' dir='ltr'><strong>ἐπίγεια</strong></span> <span class='ocrx_word' id='word_1_13' title='bbox 1528 422 1646 473; x_wconf 68' lang='grc' dir='ltr'><em>φρο-</em></span> 
     </span>
    </p>
   </div>
   <div class='ocr_carea' id='block_1_5' title="bbox 1822 401 3356 475">
    <p class='ocr_par' dir='ltr' id='par_1_5' title="bbox 1822 405 3356 469">
     <span class='ocr_line' id='line_1_5' title="bbox 1822 405 3356 469; baseline 0.007 -13"><span class='ocrx_word' id='word_1_14' title='bbox 1822 420 1836 456; x_wconf 87' lang='grc' dir='ltr'><strong>ι</strong></span> <span class='ocrx_word' id='word_1_15' title='bbox 1866 420 2025 457; x_wconf 81' lang='lat' dir='ltr'><strong>carue</strong></span> <span class='ocrx_word' id='word_1_16' title='bbox 2056 405 2411 469; x_wconf 78' lang='lat' dir='ltr'><strong>ambulantes,</strong></span> <span class='ocrx_word' id='word_1_17' title='bbox 2442 421 2543 459; x_wconf 84' lang='lat' dir='ltr'><strong>non</strong></span> <span class='ocrx_word' id='word_1_18' title='bbox 2589 409 2875 462; x_wconf 76' lang='lat' dir='ltr'><strong>secandum</strong></span> <span class='ocrx_word' id='word_1_19' title='bbox 2904 424 3116 464; x_wconf 81' lang='lat' dir='ltr'><strong>carnem</strong></span> <span class='ocrx_word' id='word_1_20' title='bbox 3151 414 3356 468; x_wconf 80' lang='lat' dir='ltr'><strong>milita-</strong></span> 
     </span>
    </p>
   </div>
   <div class='ocr_carea' id='block_1_6' title="bbox 32 496 1651 567">
    <p class='ocr_par' dir='ltr' id='par_1_6' title="bbox 32 496 1651 567">
     <span class='ocr_line' id='line_1_6' title="bbox 32 496 1651 567; baseline 0.001 -19"><span class='ocrx_word' id='word_1_21' title='bbox 32 496 299 561; x_wconf 72' lang='grc' dir='ltr'><em>νοῦντες</em></span> <span class='ocrx_word' id='word_1_22' title='bbox 325 512 341 527; x_wconf 99' lang='grc'><strong>⁸</strong></span> <span class='ocrx_word' id='word_1_23' title='bbox 371 497 547 567; x_wconf 75' lang='grc' dir='ltr'><em>ἡμῶν</em></span> <span class='ocrx_word' id='word_1_24' title='bbox 590 497 701 567; x_wconf 75' lang='grc' dir='ltr'><em>γὰρ</em></span> <span class='ocrx_word' id='word_1_25' title='bbox 755 498 824 550; x_wconf 84' lang='grc' dir='ltr'><em>τὸ</em></span> <span class='ocrx_word' id='word_1_26' title='bbox 875 497 1211 567; x_wconf 72' lang='grc' dir='ltr'><em>πολίτευμα</em></span> <span class='ocrx_word' id='word_1_27' title='bbox 1250 498 1320 550; x_wconf 71' lang='grc' dir='ltr'><strong>ἐν</strong></span> <span class='ocrx_word' id='word_1_28' title='bbox 1373 497 1651 566; x_wconf 83' lang='grc' dir='ltr'><strong>οὐρανοῖς</strong></span> 
     </span>
    </p>
   </div>
   <div class='ocr_carea' id='block_1_7' title="bbox 32 580 1646 655">
    <p class='ocr_par' dir='ltr' id='par_1_7' title="bbox 32 580 1646 655">
     <span class='ocr_line' id='line_1_7' title="bbox 32 580 1646 655; baseline -0.001 -14"><span class='ocrx_word' id='word_1_29' title='bbox 32 585 325 655; x_wconf 74' lang='grc' dir='ltr'><em>ὑπάρχει.</em></span> <span class='ocrx_word' id='word_1_30' title='bbox 348 588 465 640; x_wconf 74' lang='grc' dir='ltr'><strong>Καὶ</strong></span> <span class='ocrx_word' id='word_1_31' title='bbox 506 586 687 641; x_wconf 83' lang='grc' dir='ltr'><em>πάλιν⁸</em></span> <span class='ocrx_word' id='word_1_32' title='bbox 709 588 808 640; x_wconf 80' lang='grc' dir='ltr'><strong>Ἐν</strong></span> <span class='ocrx_word' id='word_1_33' title='bbox 842 586 1024 654; x_wconf 76' lang='grc' dir='ltr'><em>σαρκὶ</em></span> <span class='ocrx_word' id='word_1_34' title='bbox 1054 585 1545 654; x_wconf 74' lang='grc' dir='ltr'><strong>περιπατοῦντες,</strong></span> <span class='ocrx_word' id='word_1_35' title='bbox 1575 580 1646 640; x_wconf 86' lang='grc' dir='ltr'><em>οὗ</em></span> 
     </span>
    </p>
   </div>
   <div class='ocr_carea' id='block_1_8' title="bbox 34 668 1649 748">
    <p class='ocr_par' dir='ltr' id='par_1_8' title="bbox 34 668 1649 748">
     <span class='ocr_line' id='line_1_8' title="bbox 34 668 1649 748; baseline 0.001 -19"><span class='ocrx_word' id='word_1_36' title='bbox 34 680 191 730; x_wconf 79' lang='grc' dir='ltr'><em>κατὰ</em></span> <span class='ocrx_word' id='word_1_37' title='bbox 254 678 469 747; x_wconf 82' lang='grc' dir='ltr'><em>σάρκα</em></span> <span class='ocrx_word' id='word_1_38' title='bbox 532 680 996 748; x_wconf 83' lang='grc' dir='ltr'><strong>στρατευόμεθα·</strong></span> <span class='ocrx_word' id='word_1_39' title='bbox 1049 678 1122 730; x_wconf 82' lang='grc' dir='ltr'><em>τὰ</em></span> <span class='ocrx_word' id='word_1_40' title='bbox 1321 678 1483 730; x_wconf 78' lang='grc' dir='ltr'><em>ὅπλα</em></span> <span class='ocrx_word' id='word_1_41' title='bbox 1538 676 1649 744; x_wconf 79' lang='grc' dir='ltr'><em>τῆς</em></span> 
     </span>
    </p>
   </div>
   <div class='ocr_carea' id='block_1_9' title="bbox 33 768 1647 840">
    <p class='ocr_par' dir='ltr' id='par_1_9' title="bbox 33 768 1647 840">
     <span class='ocr_line' id='line_1_9' title="bbox 33 768 1647 840; baseline -0.001 -18"><span class='ocrx_word' id='word_1_42' title='bbox 33 771 369 838; x_wconf 80' lang='grc' dir='ltr'><em>στρατείας</em></span> <span class='ocrx_word' id='word_1_43' title='bbox 410 769 581 840; x_wconf 73' lang='grc' dir='ltr'><em>ἡμῶν</em></span> <span class='ocrx_word' id='word_1_44' title='bbox 632 772 704 825; x_wconf 85' lang='grc' dir='ltr'><em>οὐ</em></span> <span class='ocrx_word' id='word_1_45' title='bbox 748 770 1028 839; x_wconf 80' lang='grc' dir='ltr'><strong>σαρκικὰ,</strong></span> <span class='ocrx_word' id='word_1_46' title='bbox 1062 770 1225 823; x_wconf 69' lang='grc' dir='ltr'><em>ἀλλὰ</em></span> <span class='ocrx_word' id='word_1_47' title='bbox 1284 768 1514 822; x_wconf 80' lang='grc' dir='ltr'><em>δυνατὰ</em></span> <span class='ocrx_word' id='word_1_48' title='bbox 1569 768 1647 833; x_wconf 86' lang='grc' dir='ltr'><em>τῷ</em></span> 
     </span>
    </p>
   </div>
   <div class='ocr_carea' id='block_1_10' title="bbox 36 860 1643 934">
    <p class='ocr_par' dir='ltr' id='par_1_10' title="bbox 36 860 1643 934">
     <span class='ocr_line' id='line_1_10' title="bbox 36 860 1643 934; baseline -0.001 -20"><span class='ocrx_word' id='word_1_49' title='bbox 36 860 182 926; x_wconf 82' lang='grc' dir='ltr'><em>Θεῷ.</em></span> <span class='ocrx_word' id='word_1_50' title='bbox 250 863 330 915; x_wconf 81' lang='grc' dir='ltr'><strong>Οὐ</strong></span> <span class='ocrx_word' id='word_1_51' title='bbox 394 862 507 934; x_wconf 80' lang='grc' dir='ltr'><strong>γάρ</strong></span> <span class='ocrx_word' id='word_1_52' title='bbox 565 861 898 934; x_wconf 85' lang='grc' dir='ltr'><em>μάχαιρα.νῆ</em></span> <span class='ocrx_word' id='word_1_53' title='bbox 928 861 1080 927; x_wconf 80' lang='grc' dir='ltr'><em>τόξον</em></span> <span class='ocrx_word' id='word_1_54' title='bbox 1111 863 1231 924; x_wconf 86' lang='grc' dir='ltr'><em>ταῖς</em></span> <span class='ocrx_word' id='word_1_55' title='bbox 1259 861 1446 932; x_wconf 69' lang='grc' dir='ltr'><em>χερσῖν</em></span> <span class='ocrx_word' id='word_1_56' title='bbox 1468 860 1643 931; x_wconf 79' lang='grc' dir='ltr'><em>αἴρειν</em></span> 
     </span>
    </p>
   </div>
   <div class='ocr_carea' id='block_1_11' title="bbox 33 952 1645 1025">
    <p class='ocr_par' dir='ltr' id='par_1_11' title="bbox 33 952 1645 1025">
     <span class='ocr_line' id='line_1_11' title="bbox 33 952 1645 1025; baseline 0.001 -22"><span class='ocrx_word' id='word_1_57' title='bbox 33 952 329 1007; x_wconf 75' lang='grc' dir='ltr'><em>ἐκέλευσεν</em></span> <span class='ocrx_word' id='word_1_58' title='bbox 359 954 501 1024; x_wconf 84' lang='grc' dir='ltr'><em>πρὸς</em></span> <span class='ocrx_word' id='word_1_59' title='bbox 522 956 624 1023; x_wconf 80' lang='grc' dir='ltr'><em>τὴν</em></span> <span class='ocrx_word' id='word_1_60' title='bbox 651 954 1101 1024; x_wconf 82' lang='grc' dir='ltr'><strong>ἀντιπαράταξιν,</strong></span> <span class='ocrx_word' id='word_1_61' title='bbox 1124 952 1261 1007; x_wconf 84' lang='grc' dir='ltr'><em>ἀλλὰ</em></span> <span class='ocrx_word' id='word_1_62' title='bbox 1282 970 1367 1006; x_wconf 82' lang='lat' dir='ltr'><strong>vos</strong></span> <span class='ocrx_word' id='word_1_63' title='bbox 1376 952 1484 1023; x_wconf 87' lang='grc' dir='ltr'><em>ρῶς</em></span> <span class='ocrx_word' id='word_1_64' title='bbox 1508 954 1645 1025; x_wconf 73' lang='grc' dir='ltr'><em>πρὸς</em></span> 
     </span>
    </p>
   </div>
   <div class='ocr_carea' id='block_1_12' title="bbox 36 1044 1647 1117">
    <p class='ocr_par' dir='ltr' id='par_1_12' title="bbox 36 1044 1647 1117">
     <span class='ocr_line' id='line_1_12' title="bbox 36 1044 1647 1117; baseline -0.001 -20"><span class='ocrx_word' id='word_1_65' title='bbox 36 1046 379 1116; x_wconf 80' lang='grc' dir='ltr'><strong>ἀσωμάτους</strong></span> <span class='ocrx_word' id='word_1_66' title='bbox 408 1047 701 1117; x_wconf 88' lang='grc' dir='ltr'><em>πολεμίους</em></span> <span class='ocrx_word' id='word_1_67' title='bbox 728 1045 1182 1115; x_wconf 69' lang='grc' dir='ltr'><strong>παρατάττεσθαι</strong></span> <span class='ocrx_word' id='word_1_68' title='bbox 1202 1062 1216 1077; x_wconf 95' lang='grc'><strong>⁸</strong></span> <span class='ocrx_word' id='word_1_69' title='bbox 1273 1044 1368 1097; x_wconf 76' lang='grc' dir='ltr'><em>καὶ</em></span> <span class='ocrx_word' id='word_1_70' title='bbox 1395 1044 1495 1107; x_wconf 85' lang='grc' dir='ltr'><em>τὰς</em></span> <span class='ocrx_word' id='word_1_71' title='bbox 1525 1044 1647 1114; x_wconf 85' lang='grc' dir='ltr'><em>βου-</em></span> 
     </span>
    </p>
   </div>
   <div class='ocr_carea' id='block_1_13' title="bbox 35 1137 1645 1211">
    <p class='ocr_par' dir='ltr' id='par_1_13' title="bbox 35 1137 1645 1211">
     <span class='ocr_line' id='line_1_13' title="bbox 35 1137 1645 1211; baseline 0.001 -22"><span class='ocrx_word' id='word_1_72' title='bbox 35 1138 129 1201; x_wconf 84' lang='grc' dir='ltr'><em>λὰς</em></span> <span class='ocrx_word' id='word_1_73' title='bbox 155 1139 349 1192; x_wconf 75' lang='grc' dir='ltr'><em>αὐτῶν</em></span> <span class='ocrx_word' id='word_1_74' title='bbox 392 1141 494 1192; x_wconf 78' lang='grc' dir='ltr'><em>οὐκ</em></span> <span class='ocrx_word' id='word_1_75' title='bbox 519 1142 957 1211; x_wconf 81' lang='grc' dir='ltr'><em>ὴναγκασμένως</em></span> <span class='ocrx_word' id='word_1_76' title='bbox 1004 1138 1353 1209; x_wconf 83' lang='grc' dir='ltr'><em>τιτρώσκειν,</em></span> <span class='ocrx_word' id='word_1_77' title='bbox 1401 1137 1518 1192; x_wconf 89' lang='grc' dir='ltr'><em>ἀλλ’</em></span> <span class='ocrx_word' id='word_1_78' title='bbox 1568 1138 1645 1202; x_wconf 85' lang='grc' dir='ltr'><em>ὡς</em></span> 
     </span>
    </p>
   </div>
   <div class='ocr_carea' id='block_1_14' title="bbox 36 1228 1648 1302">
    <p class='ocr_par' dir='ltr' id='par_1_14' title="bbox 36 1228 1648 1302">
     <span class='ocr_line' id='line_1_14' title="bbox 36 1228 1648 1302; baseline 0.002 -21"><span class='ocrx_word' id='word_1_79' title='bbox 36 1228 100 1282; x_wconf 84' lang='grc' dir='ltr'><em>ἂν</em></span> <span class='ocrx_word' id='word_1_80' title='bbox 126 1228 355 1301; x_wconf 84' lang='grc' dir='ltr'><em>θελήσοι</em></span> <span class='ocrx_word' id='word_1_81' title='bbox 379 1234 410 1283; x_wconf 91' lang='lat'><strong>6</strong></span> <span class='ocrx_word' id='word_1_82' title='bbox 434 1233 564 1302; x_wconf 88' lang='grc' dir='ltr'><em>παρ’</em></span> <span class='ocrx_word' id='word_1_83' title='bbox 589 1231 770 1285; x_wconf 84' lang='grc' dir='ltr'><em>αὐτῶν</em></span> <span class='ocrx_word' id='word_1_84' title='bbox 797 1231 1124 1301; x_wconf 86' lang='grc' dir='ltr'><em>βαλλόμενος</em></span> <span class='ocrx_word' id='word_1_85' title='bbox 1146 1248 1160 1261; x_wconf 92' lang='grc'><strong>⁸</strong></span> <span class='ocrx_word' id='word_1_86' title='bbox 1190 1231 1348 1285; x_wconf 81' lang='grc' dir='ltr'><em>τοῦτο</em></span> <span class='ocrx_word' id='word_1_87' title='bbox 1363 1230 1472 1301; x_wconf 80' lang='grc' dir='ltr'><em>γὰρ</em></span> <span class='ocrx_word' id='word_1_88' title='bbox 1492 1230 1648 1301; x_wconf 77' lang='grc' dir='ltr'><em>ἐνηλ-</em></span> 
     </span>
    </p>
   </div>
   <div class='ocr_carea' id='block_1_15' title="bbox 36 1323 1642 1397">
    <p class='ocr_par' dir='ltr' id='par_1_15' title="bbox 36 1323 1642 1397">
     <span class='ocr_line' id='line_1_15' title="bbox 36 1323 1642 1397; baseline 0.002 -23"><span class='ocrx_word' id='word_1_89' title='bbox 36 1323 331 1393; x_wconf 79' lang='grc' dir='ltr'><em>λαγμένως</em></span> <span class='ocrx_word' id='word_1_90' title='bbox 367 1325 480 1378; x_wconf 86' lang='grc' dir='ltr'><strong>τῶν</strong></span> <span class='ocrx_word' id='word_1_91' title='bbox 516 1326 845 1397; x_wconf 80' lang='grc' dir='ltr'><em>σωματικῶν</em></span> <span class='ocrx_word' id='word_1_92' title='bbox 876 1326 1125 1397; x_wconf 28' lang='grc' dir='ltr'><em>ὑπάρχει,</em></span> <span class='ocrx_word' id='word_1_93' title='bbox 1171 1326 1455 1396; x_wconf 57' lang='grc' dir='ltr'><em>πολέμων</em></span> <span class='ocrx_word' id='word_1_94' title='bbox 1509 1325 1642 1378; x_wconf 88' lang='grc' dir='ltr'><em>διότι</em></span> 
     </span>
    </p>
   </div>
   <div class='ocr_carea' id='block_1_16' title="bbox 38 1416 1644 1490">
    <p class='ocr_par' dir='ltr' id='par_1_16' title="bbox 38 1416 1644 1490">
     <span class='ocr_line' id='line_1_16' title="bbox 38 1416 1644 1490; baseline 0.003 -22"><span class='ocrx_word' id='word_1_95' title='bbox 38 1418 154 1469; x_wconf 81' lang='grc' dir='ltr'><em>ἐκεῖ</em></span> <span class='ocrx_word' id='word_1_96' title='bbox 187 1416 291 1487; x_wconf 79' lang='grc' dir='ltr'><em>μὲν</em></span> <span class='ocrx_word' id='word_1_97' title='bbox 317 1459 331 1482; x_wconf 94' lang='grc'><strong>,</strong></span> <span class='ocrx_word' id='word_1_98' title='bbox 384 1420 491 1472; x_wconf 81' lang='grc' dir='ltr'><em>κᾶν</em></span> <span class='ocrx_word' id='word_1_99' title='bbox 545 1421 621 1489; x_wconf 86' lang='grc' dir='ltr'><em>μὴ</em></span> <span class='ocrx_word' id='word_1_100' title='bbox 654 1418 918 1489; x_wconf 84' lang='grc' dir='ltr'><em>βούλοιτο,</em></span> <span class='ocrx_word' id='word_1_101' title='bbox 950 1420 1047 1483; x_wconf 83' lang='grc' dir='ltr'><em>τὰς</em></span> <span class='ocrx_word' id='word_1_102' title='bbox 1093 1419 1311 1490; x_wconf 83' lang='grc' dir='ltr'><em>πληγὰς</em></span> <span class='ocrx_word' id='word_1_103' title='bbox 1334 1417 1487 1489; x_wconf 88' lang='grc' dir='ltr'><strong>παρά</strong></span> <span class='ocrx_word' id='word_1_104' title='bbox 1534 1417 1644 1473; x_wconf 87' lang='grc' dir='ltr'><strong>τῶν</strong></span> 
     </span>
    </p>
   </div>
   <div class='ocr_carea' id='block_1_17' title="bbox 39 1508 1645 1583">
    <p class='ocr_par' dir='ltr' id='par_1_17' title="bbox 39 1508 1645 1583">
     <span class='ocr_line' id='line_1_17' title="bbox 39 1508 1645 1583; baseline -0.002 -19"><span class='ocrx_word' id='word_1_105' title='bbox 39 1509 361 1564; x_wconf 81' lang='grc' dir='ltr'>ἀντιπάλων</span> <span class='ocrx_word' id='word_1_106' title='bbox 398 1513 427 1564; x_wconf 97' lang='lat'><strong>6</strong></span> <span class='ocrx_word' id='word_1_107' title='bbox 460 1511 861 1583; x_wconf 83' lang='grc' dir='ltr'><em>προσπολεμῶν</em></span> <span class='ocrx_word' id='word_1_108' title='bbox 908 1511 1243 1583; x_wconf 83' lang='grc' dir='ltr'><em>εἰσδέχεται⁸</em></span> <span class='ocrx_word' id='word_1_109' title='bbox 1290 1509 1519 1564; x_wconf 74' lang='grc' dir='ltr'><em>ἐνταῦθα</em></span> <span class='ocrx_word' id='word_1_110' title='bbox 1544 1508 1645 1562; x_wconf 81' lang='grc' dir='ltr'><em>οὐκ</em></span> 
     </span>
    </p>
   </div>
   <div class='ocr_carea' id='block_1_18' title="bbox 40 1600 1645 1674">
    <p class='ocr_par' dir='ltr' id='par_1_18' title="bbox 40 1600 1645 1674">
     <span class='ocr_line' id='line_1_18' title="bbox 40 1600 1645 1674; baseline 0 -20"><span class='ocrx_word' id='word_1_111' title='bbox 40 1602 256 1671; x_wconf 86' lang='grc' dir='ltr'><em>ἀνάγκη</em></span> <span class='ocrx_word' id='word_1_112' title='bbox 290 1602 496 1655; x_wconf 66' lang='grc' dir='ltr'><strong>⁴ἕπεται</strong></span> <span class='ocrx_word' id='word_1_113' title='bbox 522 1619 537 1633; x_wconf 93' lang='grc'><strong>⁸</strong></span> <span class='ocrx_word' id='word_1_114' title='bbox 572 1602 707 1657; x_wconf 85' lang='grc' dir='ltr'><strong>ἀλλά</strong></span> <span class='ocrx_word' id='word_1_115' title='bbox 739 1602 1072 1674; x_wconf 89' lang='grc' dir='ltr'><em>προσϐάλλει</em></span> <span class='ocrx_word' id='word_1_116' title='bbox 1102 1604 1201 1673; x_wconf 81' lang='grc' dir='ltr'><em>μὲν</em></span> <span class='ocrx_word' id='word_1_117' title='bbox 1228 1604 1255 1655; x_wconf 91' lang='lat'><strong>6</strong></span> <span class='ocrx_word' id='word_1_118' title='bbox 1282 1600 1564 1670; x_wconf 77' lang='grc' dir='ltr'><em>πολέμιος,</em></span> <span class='ocrx_word' id='word_1_119' title='bbox 1588 1602 1645 1654; x_wconf 80' lang='grc' dir='ltr'><em>ὲν</em></span> 
     </span>
    </p>
   </div>
   <div class='ocr_carea' id='block_1_19' title="bbox 38 1692 1644 1766">
    <p class='ocr_par' dir='ltr' id='par_1_19' title="bbox 38 1692 1644 1766">
     <span class='ocr_line' id='line_1_19' title="bbox 38 1692 1644 1766; baseline -0.004 -21"><span class='ocrx_word' id='word_1_120' title='bbox 38 1697 102 1764; x_wconf 82' lang='grc' dir='ltr'><em>τῇ</em></span> <span class='ocrx_word' id='word_1_121' title='bbox 129 1694 612 1765; x_wconf 81' lang='grc' dir='ltr'><em>αὐτεξιουσιότητι</em></span> <span class='ocrx_word' id='word_1_122' title='bbox 667 1695 727 1748; x_wconf 80' lang='grc' dir='ltr'><em>δὲ</em></span> <span class='ocrx_word' id='word_1_123' title='bbox 783 1697 940 1766; x_wconf 82' lang='grc' dir='ltr'><em>ἡμῶν</em></span> <span class='ocrx_word' id='word_1_124' title='bbox 979 1698 1095 1748; x_wconf 80' lang='grc' dir='ltr'><em>ἐστι</em></span> <span class='ocrx_word' id='word_1_125' title='bbox 1154 1693 1216 1747; x_wconf 83' lang='grc' dir='ltr'><em>τὸ</em></span> <span class='ocrx_word' id='word_1_126' title='bbox 1244 1693 1498 1761; x_wconf 81' lang='grc' dir='ltr'><em>δέξασθαι</em></span> <span class='ocrx_word' id='word_1_127' title='bbox 1546 1692 1644 1763; x_wconf 77' lang='grc' dir='ltr'><em>τὴν</em></span> 
     </span>
    </p>
   </div>
   <div class='ocr_carea' id='block_1_20' title="bbox 41 1784 1643 1857">
    <p class='ocr_par' dir='ltr' id='par_1_20' title="bbox 41 1784 1643 1857">
     <span class='ocr_line' id='line_1_20' title="bbox 41 1784 1643 1857; baseline 0 -20"><span class='ocrx_word' id='word_1_128' title='bbox 41 1784 257 1855; x_wconf 84' lang='grc' dir='ltr'><em>πληγὴν</em></span> <span class='ocrx_word' id='word_1_129' title='bbox 289 1786 325 1857; x_wconf 84' lang='grc' dir='ltr'>ἢ</span> <span class='ocrx_word' id='word_1_130' title='bbox 364 1787 444 1857; x_wconf 85' lang='grc' dir='ltr'><em>μὴ</em></span> <span class='ocrx_word' id='word_1_131' title='bbox 478 1786 734 1853; x_wconf 79' lang='grc' dir='ltr'><em>δέξασθαι</em></span> <span class='ocrx_word' id='word_1_132' title='bbox 757 1805 771 1819; x_wconf 94' lang='grc'><strong>⁸</strong></span> <span class='ocrx_word' id='word_1_133' title='bbox 801 1790 848 1841; x_wconf 86' lang='grc' dir='ltr'><strong>εί</strong></span> <span class='ocrx_word' id='word_1_134' title='bbox 888 1788 996 1857; x_wconf 89' lang='grc' dir='ltr'><strong>γάρ</strong></span> <span class='ocrx_word' id='word_1_135' title='bbox 1051 1804 1133 1840; x_wconf 89' lang='grc' dir='ltr'><strong>τοι</strong></span> <span class='ocrx_word' id='word_1_136' title='bbox 1189 1786 1289 1856; x_wconf 84' lang='grc' dir='ltr'><em>τὴν</em></span> <span class='ocrx_word' id='word_1_137' title='bbox 1338 1784 1643 1856; x_wconf 77' lang='grc' dir='ltr'><em>προσϐολὴν</em></span> 
     </span>
    </p>
   </div>
   <div class='ocr_carea' id='block_1_21' title="bbox 40 1876 1640 1951">
    <p class='ocr_par' dir='ltr' id='par_1_21' title="bbox 40 1876 1640 1951">
     <span class='ocr_line' id='line_1_21' title="bbox 40 1876 1640 1951; baseline 0.005 -24"><span class='ocrx_word' id='word_1_138' title='bbox 40 1876 443 1947; x_wconf 75' lang='grc' dir='ltr'><strong>εἰσδεξώμεθα,</strong></span> <span class='ocrx_word' id='word_1_139' title='bbox 492 1880 587 1933; x_wconf 75' lang='grc' dir='ltr'><em>καὶ</em></span> <span class='ocrx_word' id='word_1_140' title='bbox 620 1880 825 1951; x_wconf 83' lang='grc' dir='ltr'><em>ταύτης</em></span> <span class='ocrx_word' id='word_1_141' title='bbox 854 1880 929 1944; x_wconf 85' lang='grc' dir='ltr'><em>ὡς</em></span> <span class='ocrx_word' id='word_1_142' title='bbox 965 1879 1156 1950; x_wconf 85' lang='grc' dir='ltr'><em>ἀγαθῷ</em></span> <span class='ocrx_word' id='word_1_143' title='bbox 1203 1897 1310 1935; x_wconf 89' lang='grc' dir='ltr'><em>τινι</em></span> <span class='ocrx_word' id='word_1_144' title='bbox 1340 1880 1407 1950; x_wconf 83' lang='grc' dir='ltr'><em>τῇ</em></span> <span class='ocrx_word' id='word_1_145' title='bbox 1442 1894 1640 1949; x_wconf 81' lang='grc' dir='ltr'><em>πικρο-</em></span> 
     </span>
    </p>
   </div>
   <div class='ocr_carea' id='block_1_22' title="bbox 40 1968 1640 2043">
    <p class='ocr_par' dir='ltr' id='par_1_22' title="bbox 40 1968 1640 2043">
     <span class='ocr_line' id='line_1_22' title="bbox 40 1968 1640 2043; baseline 0.003 -24"><span class='ocrx_word' id='word_1_146' title='bbox 40 1968 176 2041; x_wconf 84' lang='grc' dir='ltr'><em>τάτῃ</em></span> <span class='ocrx_word' id='word_1_147' title='bbox 208 1969 536 2041; x_wconf 83' lang='grc' dir='ltr'><em>θελχθῶμεν</em></span> <span class='ocrx_word' id='word_1_148' title='bbox 565 1971 814 2043; x_wconf 80' lang='grc' dir='ltr'><em>ἠδύτητι,</em></span> <span class='ocrx_word' id='word_1_149' title='bbox 850 1974 993 2026; x_wconf 85' lang='grc' dir='ltr'><em>κατά</em></span> <span class='ocrx_word' id='word_1_150' title='bbox 1020 1973 1214 2043; x_wconf 81' lang='grc' dir='ltr'><em>μικρὸν</em></span> <span class='ocrx_word' id='word_1_151' title='bbox 1245 1971 1343 2043; x_wconf 80' lang='grc' dir='ltr'><em>τὴν</em></span> <span class='ocrx_word' id='word_1_152' title='bbox 1371 1970 1640 2041; x_wconf 83' lang='grc' dir='ltr'><em>σηπεδόνα</em></span> 
     </span>
    </p>
   </div>
   <div class='ocr_carea' id='block_1_23' title="bbox 40 2061 1640 2134">
    <p class='ocr_par' dir='ltr' id='par_1_23' title="bbox 40 2061 1640 2134">
     <span class='ocr_line' id='line_1_23' title="bbox 40 2061 1640 2134; baseline 0.003 -22"><span class='ocrx_word' id='word_1_153' title='bbox 40 2061 145 2113; x_wconf 88' lang='grc' dir='ltr'><strong>τῶν</strong></span> <span class='ocrx_word' id='word_1_154' title='bbox 176 2061 467 2131; x_wconf 83' lang='grc' dir='ltr'><em>λογισμῶν</em></span> <span class='ocrx_word' id='word_1_155' title='bbox 499 2064 852 2131; x_wconf 81' lang='grc' dir='ltr'><em>ὲπαύξοντες,</em></span> <span class='ocrx_word' id='word_1_156' title='bbox 883 2064 1005 2118; x_wconf 87' lang='grc' dir='ltr'><em>τότε</em></span> <span class='ocrx_word' id='word_1_157' title='bbox 1055 2064 1238 2117; x_wconf 74' lang='grc' dir='ltr'><em>λοιπὸν</em></span> <span class='ocrx_word' id='word_1_158' title='bbox 1264 2064 1358 2116; x_wconf 75' lang='grc' dir='ltr'><em>καὶ</em></span> <span class='ocrx_word' id='word_1_159' title='bbox 1383 2064 1495 2126; x_wconf 90' lang='grc' dir='ltr'><em>τοῖς</em></span> <span class='ocrx_word' id='word_1_160' title='bbox 1541 2063 1640 2134; x_wconf 82' lang='grc' dir='ltr'><em>τῆς</em></span> 
     </span>
    </p>
   </div>
   <div class='ocr_carea' id='block_1_24' title="bbox 45 2153 1641 2229">
    <p class='ocr_par' dir='ltr' id='par_1_24' title="bbox 45 2153 1641 2229">
     <span class='ocr_line' id='line_1_24' title="bbox 45 2153 1641 2229; baseline 0.003 -24"><span class='ocrx_word' id='word_1_161' title='bbox 45 2155 247 2225; x_wconf 78' lang='grc' dir='ltr'><em>σαρκὸς</em></span> <span class='ocrx_word' id='word_1_162' title='bbox 285 2156 477 2227; x_wconf 77' lang='grc' dir='ltr'><em>ἔργοις</em></span> <span class='ocrx_word' id='word_1_163' title='bbox 510 2155 655 2228; x_wconf 78' lang='lat' dir='ltr'><strong>[cod.</strong></span> <span class='ocrx_word' id='word_1_164' title='bbox 693 2156 731 2210; x_wconf 84' lang='lat' dir='ltr'><strong>f.</strong></span> <span class='ocrx_word' id='word_1_165' title='bbox 765 2155 891 2229; x_wconf 75' lang='lat' dir='ltr'><strong>illi]</strong></span> <span class='ocrx_word' id='word_1_166' title='bbox 936 2156 1108 2220; x_wconf 83' lang='grc' dir='ltr'><strong>ἀδεῶς</strong></span> <span class='ocrx_word' id='word_1_167' title='bbox 1142 2153 1569 2226; x_wconf 84' lang='grc' dir='ltr'><em>καταχρώμεθα,</em></span> <span class='ocrx_word' id='word_1_168' title='bbox 1604 2155 1641 2209; x_wconf 80' lang='grc' dir='ltr'><strong>ἆ</strong></span> 
     </span>
    </p>
   </div>
   <div class='ocr_carea' id='block_1_25' title="bbox 1752 499 3385 574">
    <p class='ocr_par' dir='ltr' id='par_1_25' title="bbox 1752 499 3385 574">
     <span class='ocr_line' id='line_1_25' title="bbox 1752 499 3385 574; baseline 0.004 -25"><span class='ocrx_word' id='word_1_169' title='bbox 1752 513 1869 550; x_wconf 84' lang='lat' dir='ltr'><strong>mus</strong></span> <span class='ocrx_word' id='word_1_170' title='bbox 1892 513 1911 550; x_wconf 88' lang='lat'><strong><em>:</em></strong></span> <span class='ocrx_word' id='word_1_171' title='bbox 1940 513 2170 567; x_wconf 85' lang='lat' dir='ltr'><strong>namque</strong></span> <span class='ocrx_word' id='word_1_172' title='bbox 2196 515 2350 552; x_wconf 86' lang='lat' dir='ltr'><strong>arma</strong></span> <span class='ocrx_word' id='word_1_173' title='bbox 2380 499 2583 554; x_wconf 67' lang='lat' dir='ltr'><strong>militia;</strong></span> <span class='ocrx_word' id='word_1_174' title='bbox 2603 510 2794 556; x_wconf 75' lang='lat' dir='ltr'><strong>nostra:</strong></span> <span class='ocrx_word' id='word_1_175' title='bbox 2824 518 2926 555; x_wconf 84' lang='lat' dir='ltr'><strong>non</strong></span> <span class='ocrx_word' id='word_1_176' title='bbox 2950 504 3188 558; x_wconf 78' lang='lat' dir='ltr'><strong>carnalia</strong></span> <span class='ocrx_word' id='word_1_177' title='bbox 3211 517 3355 574; x_wconf 76' lang='lat' dir='ltr'><strong>sum,</strong></span> <span class='ocrx_word' id='word_1_178' title='bbox 3380 552 3385 557; x_wconf 70' lang='grc'><strong>,</strong></span> 
     </span>
    </p>
   </div>
   <div class='ocr_carea' id='block_1_26' title="bbox 1748 589 3354 663">
    <p class='ocr_par' dir='ltr' id='par_1_26' title="bbox 1748 589 3354 663">
     <span class='ocr_line' id='line_1_26' title="bbox 1748 589 3354 663; baseline 0.006 -20"><span class='ocrx_word' id='word_1_179' title='bbox 1748 589 1840 643; x_wconf 77' lang='lat' dir='ltr'><strong>sed</strong></span> <span class='ocrx_word' id='word_1_180' title='bbox 1888 590 2122 657; x_wconf 84' lang='lat' dir='ltr'><strong>potentia</strong></span> <span class='ocrx_word' id='word_1_181' title='bbox 2151 589 2261 644; x_wconf 87' lang='lat' dir='ltr'><strong>Deo</strong></span> <span class='ocrx_word' id='word_1_182' title='bbox 2285 591 2352 645; x_wconf 79' lang='grc'><strong>⁸⁸.</strong></span> <span class='ocrx_word' id='word_1_183' title='bbox 2391 591 2605 646; x_wconf 81' lang='lat' dir='ltr'><strong>Etenim</strong></span> <span class='ocrx_word' id='word_1_184' title='bbox 2638 608 2750 648; x_wconf 89' lang='lat' dir='ltr'><strong>non</strong></span> <span class='ocrx_word' id='word_1_185' title='bbox 2776 593 3011 663; x_wconf 82' lang='lat' dir='ltr'><strong>gladium</strong></span> <span class='ocrx_word' id='word_1_186' title='bbox 3046 605 3141 651; x_wconf 89' lang='lat' dir='ltr'><strong>aut</strong></span> <span class='ocrx_word' id='word_1_187' title='bbox 3164 612 3354 652; x_wconf 86' lang='lat' dir='ltr'><strong>arcum</strong></span> 
     </span>
    </p>
   </div>
   <div class='ocr_carea' id='block_1_27' title="bbox 1750 679 3353 753">
    <p class='ocr_par' dir='ltr' id='par_1_27' title="bbox 1750 679 3353 753">
     <span class='ocr_line' id='line_1_27' title="bbox 1750 679 3353 753; baseline 0.007 -20"><span class='ocrx_word' id='word_1_188' title='bbox 1750 679 2007 735; x_wconf 86' lang='lat' dir='ltr'><strong>manibus</strong></span> <span class='ocrx_word' id='word_1_189' title='bbox 2035 681 2223 737; x_wconf 89' lang='lat' dir='ltr'><strong>tollere</strong></span> <span class='ocrx_word' id='word_1_190' title='bbox 2272 682 2438 751; x_wconf 87' lang='lat' dir='ltr'><strong>jussit</strong></span> <span class='ocrx_word' id='word_1_191' title='bbox 2480 692 2667 737; x_wconf 89' lang='lat' dir='ltr'><strong>contra</strong></span> <span class='ocrx_word' id='word_1_192' title='bbox 2719 694 2985 739; x_wconf 76' lang='lat' dir='ltr'><strong><em>armatam</em></strong></span> <span class='ocrx_word' id='word_1_193' title='bbox 3030 687 3224 753; x_wconf 90' lang='lat' dir='ltr'><strong>aciem,</strong></span> <span class='ocrx_word' id='word_1_194' title='bbox 3256 690 3353 745; x_wconf 90' lang='lat' dir='ltr'><strong>sed</strong></span> 
     </span>
    </p>
   </div>
   <div class='ocr_carea' id='block_1_28' title="bbox 1747 761 3352 852">
    <p class='ocr_par' dir='ltr' id='par_1_28' title="bbox 1747 761 3352 852">
     <span class='ocr_line' id='line_1_28' title="bbox 1747 761 3352 852; baseline 0.007 -26"><span class='ocrx_word' id='word_1_195' title='bbox 1747 773 2193 831; x_wconf 82' lang='lat' dir='ltr'><strong>intellectualiter</strong></span> <span class='ocrx_word' id='word_1_196' title='bbox 2246 786 2435 830; x_wconf 89' lang='lat' dir='ltr'><strong>contra</strong></span> <span class='ocrx_word' id='word_1_197' title='bbox 2480 778 2831 849; x_wconf 90' lang='lat' dir='ltr'><strong>incorporeos</strong></span> <span class='ocrx_word' id='word_1_198' title='bbox 2866 780 3051 835; x_wconf 90' lang='lat' dir='ltr'><strong>hostes</strong></span> <span class='ocrx_word' id='word_1_199' title='bbox 3104 761 3352 852; x_wconf 74' lang='lat' dir='ltr'><strong>praelium</strong></span> 
     </span>
    </p>
   </div>
   <div class='ocr_carea' id='block_1_29' title="bbox 1746 866 3347 941">
    <p class='ocr_par' dir='ltr' id='par_1_29' title="bbox 1746 866 3347 941">
     <span class='ocr_line' id='line_1_29' title="bbox 1746 866 3347 941; baseline 0.007 -22"><span class='ocrx_word' id='word_1_200' title='bbox 1746 866 2059 922; x_wconf 90' lang='lat' dir='ltr'><strong>instruere:</strong></span> <span class='ocrx_word' id='word_1_201' title='bbox 2114 881 2347 936; x_wconf 87' lang='lat' dir='ltr'><strong>quorum</strong></span> <span class='ocrx_word' id='word_1_202' title='bbox 2395 869 2537 926; x_wconf 89' lang='lat' dir='ltr'><strong>ictus</strong></span> <span class='ocrx_word' id='word_1_203' title='bbox 2578 871 2721 926; x_wconf 85' lang='lat' dir='ltr'><strong>haud</strong></span> <span class='ocrx_word' id='word_1_204' title='bbox 2758 874 3072 928; x_wconf 88' lang='lat' dir='ltr'><strong>necessario</strong></span> <span class='ocrx_word' id='word_1_205' title='bbox 3115 873 3347 941; x_wconf 80' lang='lat' dir='ltr'><strong>feriunt,</strong></span> 
     </span>
    </p>
   </div>
   <div class='ocr_carea' id='block_1_30' title="bbox 1744 957 3351 1034">
    <p class='ocr_par' dir='ltr' id='par_1_30' title="bbox 1744 957 3351 1034">
     <span class='ocr_line' id='line_1_30' title="bbox 1744 957 3351 1034; baseline 0.006 -22"><span class='ocrx_word' id='word_1_206' title='bbox 1744 957 1837 1012; x_wconf 87' lang='lat' dir='ltr'><strong>sed</strong></span> <span class='ocrx_word' id='word_1_207' title='bbox 1869 968 2025 1027; x_wconf 83' lang='lat' dir='ltr'><strong>prout</strong></span> <span class='ocrx_word' id='word_1_208' title='bbox 2070 958 2116 1012; x_wconf 90' lang='lat' dir='ltr'><strong>is</strong></span> <span class='ocrx_word' id='word_1_209' title='bbox 2163 959 2396 1014; x_wconf 87' lang='lat' dir='ltr'><strong>voluerit</strong></span> <span class='ocrx_word' id='word_1_210' title='bbox 2428 961 2520 1030; x_wconf 83' lang='lat' dir='ltr'><strong>qui</strong></span> <span class='ocrx_word' id='word_1_211' title='bbox 2571 963 2641 1017; x_wconf 90' lang='lat' dir='ltr'><strong>ab</strong></span> <span class='ocrx_word' id='word_1_212' title='bbox 2692 964 2756 1017; x_wconf 91' lang='lat' dir='ltr'><strong>iis</strong></span> <span class='ocrx_word' id='word_1_213' title='bbox 2784 966 3083 1034; x_wconf 77' lang='lat' dir='ltr'><strong>appetitur.</strong></span> <span class='ocrx_word' id='word_1_214' title='bbox 3148 966 3210 1021; x_wconf 86' lang='lat' dir='ltr'><strong>In</strong></span> <span class='ocrx_word' id='word_1_215' title='bbox 3242 967 3351 1022; x_wconf 93' lang='lat' dir='ltr'><strong>hoc</strong></span> 
     </span>
    </p>
   </div>
   <div class='ocr_carea' id='block_1_31' title="bbox 1743 1050 3342 1128">
    <p class='ocr_par' dir='ltr' id='par_1_31' title="bbox 1743 1050 3342 1128">
     <span class='ocr_line' id='line_1_31' title="bbox 1743 1050 3342 1128; baseline 0.007 -25"><span class='ocrx_word' id='word_1_216' title='bbox 1743 1050 1890 1103; x_wconf 87' lang='lat' dir='ltr'><strong>enim</strong></span> <span class='ocrx_word' id='word_1_217' title='bbox 1923 1065 1953 1104; x_wconf 89' lang='lat' dir='ltr'><strong>a</strong></span> <span class='ocrx_word' id='word_1_218' title='bbox 2001 1051 2375 1121; x_wconf 82' lang='lat' dir='ltr'><strong>corporalibus</strong></span> <span class='ocrx_word' id='word_1_219' title='bbox 2426 1053 2585 1108; x_wconf 90' lang='lat' dir='ltr'><strong>bellis</strong></span> <span class='ocrx_word' id='word_1_220' title='bbox 2617 1054 2927 1111; x_wconf 79' lang='lat' dir='ltr'><strong>dilferentia</strong></span> <span class='ocrx_word' id='word_1_221' title='bbox 2959 1064 3065 1122; x_wconf 90' lang='lat' dir='ltr'><strong>est,</strong></span> <span class='ocrx_word' id='word_1_222' title='bbox 3107 1059 3254 1128; x_wconf 89' lang='lat' dir='ltr'><strong>quod</strong></span> <span class='ocrx_word' id='word_1_223' title='bbox 3285 1060 3342 1114; x_wconf 88' lang='lat' dir='ltr'><strong>in</strong></span> 
     </span>
    </p>
   </div>
   <div class='ocr_carea' id='block_1_32' title="bbox 1744 1140 3340 1219">
    <p class='ocr_par' dir='ltr' id='par_1_32' title="bbox 1744 1140 3340 1219">
     <span class='ocr_line' id='line_1_32' title="bbox 1744 1140 3340 1219; baseline 0.006 -26"><span class='ocrx_word' id='word_1_224' title='bbox 1744 1140 1831 1194; x_wconf 88' lang='lat' dir='ltr'><strong>bis</strong></span> <span class='ocrx_word' id='word_1_225' title='bbox 1852 1141 2046 1196; x_wconf 88' lang='lat' dir='ltr'><strong>uolens</strong></span> <span class='ocrx_word' id='word_1_226' title='bbox 2086 1142 2251 1197; x_wconf 86' lang='lat' dir='ltr'><strong>etiam</strong></span> <span class='ocrx_word' id='word_1_227' title='bbox 2283 1142 2718 1199; x_wconf 86' lang='lat' dir='ltr'><strong>adversariorum</strong></span> <span class='ocrx_word' id='word_1_228' title='bbox 2746 1144 2889 1201; x_wconf 90' lang='lat' dir='ltr'><strong>ictus</strong></span> <span class='ocrx_word' id='word_1_229' title='bbox 2927 1162 3180 1218; x_wconf 82' lang='lat' dir='ltr'><strong>pugnans</strong></span> <span class='ocrx_word' id='word_1_230' title='bbox 3209 1163 3340 1219; x_wconf 81' lang='lat' dir='ltr'><strong>per—</strong></span> 
     </span>
    </p>
   </div>
   <div class='ocr_carea' id='block_1_33' title="bbox 1753 1232 3351 1310">
    <p class='ocr_par' dir='ltr' id='par_1_33' title="bbox 1753 1232 3351 1310">
     <span class='ocr_line' id='line_1_33' title="bbox 1753 1232 3351 1310; baseline 0.007 -25"><span class='ocrx_word' id='word_1_231' title='bbox 1753 1232 1980 1301; x_wconf 87' lang='lat' dir='ltr'><strong>petitur,</strong></span> <span class='ocrx_word' id='word_1_232' title='bbox 2012 1232 2067 1286; x_wconf 89' lang='lat' dir='ltr'><strong>in</strong></span> <span class='ocrx_word' id='word_1_233' title='bbox 2117 1232 2225 1287; x_wconf 87' lang='lat' dir='ltr'><strong>illis</strong></span> <span class='ocrx_word' id='word_1_234' title='bbox 2271 1234 2420 1288; x_wconf 89' lang='lat' dir='ltr'><strong>nulla</strong></span> <span class='ocrx_word' id='word_1_235' title='bbox 2459 1245 2547 1290; x_wconf 88' lang='lat' dir='ltr'><strong>est</strong></span> <span class='ocrx_word' id='word_1_236' title='bbox 2582 1237 2909 1302; x_wconf 83' lang='lat' dir='ltr'><strong>necessitas,</strong></span> <span class='ocrx_word' id='word_1_237' title='bbox 2954 1239 3049 1294; x_wconf 90' lang='lat' dir='ltr'><strong>sed</strong></span> <span class='ocrx_word' id='word_1_238' title='bbox 3076 1240 3351 1310; x_wconf 81' lang='lat' dir='ltr'><strong>jaculatur</strong></span> 
     </span>
    </p>
   </div>
   <div class='ocr_carea' id='block_1_34' title="bbox 1747 1326 3352 1395">
    <p class='ocr_par' dir='ltr' id='par_1_34' title="bbox 1747 1326 3352 1395">
     <span class='ocr_line' id='line_1_34' title="bbox 1747 1326 3352 1395; baseline 0.005 -16"><span class='ocrx_word' id='word_1_239' title='bbox 1747 1326 1971 1395; x_wconf 84' lang='lat' dir='ltr'><strong>quidem</strong></span> <span class='ocrx_word' id='word_1_240' title='bbox 2023 1326 2221 1392; x_wconf 90' lang='lat' dir='ltr'><strong>hostis,</strong></span> <span class='ocrx_word' id='word_1_241' title='bbox 2292 1336 2668 1383; x_wconf 81' lang='lat' dir='ltr'><strong>verumtamen</strong></span> <span class='ocrx_word' id='word_1_242' title='bbox 2724 1338 2907 1384; x_wconf 91' lang='lat' dir='ltr'><strong>utrum</strong></span> <span class='ocrx_word' id='word_1_243' title='bbox 2958 1330 3126 1385; x_wconf 90' lang='lat' dir='ltr'><strong>ictum</strong></span> <span class='ocrx_word' id='word_1_244' title='bbox 3175 1348 3352 1388; x_wconf 83' lang='lat' dir='ltr'><strong>necne</strong></span> 
     </span>
    </p>
   </div>
   <div class='ocr_carea' id='block_1_35' title="bbox 1748 1419 3349 1497">
    <p class='ocr_par' dir='ltr' id='par_1_35' title="bbox 1748 1419 3349 1497">
     <span class='ocr_line' id='line_1_35' title="bbox 1748 1419 3349 1497; baseline 0.004 -24"><span class='ocrx_word' id='word_1_245' title='bbox 1748 1419 2120 1488; x_wconf 84' lang='lat' dir='ltr'><strong>excipiamus,</strong></span> <span class='ocrx_word' id='word_1_246' title='bbox 2148 1419 2310 1474; x_wconf 81' lang='lat' dir='ltr'><strong>liberi</strong></span> <span class='ocrx_word' id='word_1_247' title='bbox 2343 1421 2515 1497; x_wconf 85' lang='lat' dir='ltr'><strong>nostri</strong></span> <span class='ocrx_word' id='word_1_248' title='bbox 2546 1420 2757 1476; x_wconf 82' lang='lat' dir='ltr'><strong>arbitrii</strong></span> <span class='ocrx_word' id='word_1_249' title='bbox 2788 1420 2897 1494; x_wconf 63' lang='lat'><strong>54</strong></span> <span class='ocrx_word' id='word_1_250' title='bbox 2922 1431 3024 1478; x_wconf 92' lang='lat' dir='ltr'><strong>est.</strong></span> <span class='ocrx_word' id='word_1_251' title='bbox 3049 1421 3105 1477; x_wconf 89' lang='lat' dir='ltr'><strong>Si</strong></span> <span class='ocrx_word' id='word_1_252' title='bbox 3129 1424 3349 1495; x_wconf 90' lang='lat' dir='ltr'><strong>quidem</strong></span> 
     </span>
    </p>
   </div>
   <div class='ocr_carea' id='block_1_36' title="bbox 1747 1511 3349 1587">
    <p class='ocr_par' dir='ltr' id='par_1_36' title="bbox 1747 1511 3349 1587">
     <span class='ocr_line' id='line_1_36' title="bbox 1747 1511 3349 1587; baseline 0.004 -21"><span class='ocrx_word' id='word_1_253' title='bbox 1747 1511 1911 1582; x_wconf 86' lang='lat' dir='ltr'><strong>igitur</strong></span> <span class='ocrx_word' id='word_1_254' title='bbox 1941 1511 2108 1567; x_wconf 90' lang='lat' dir='ltr'><strong>ictum</strong></span> <span class='ocrx_word' id='word_1_255' title='bbox 2136 1528 2238 1569; x_wconf 89' lang='lat' dir='ltr'><strong>ceu</strong></span> <span class='ocrx_word' id='word_1_256' title='bbox 2283 1514 2498 1585; x_wconf 80' lang='lat' dir='ltr'><strong>plagam</strong></span> <span class='ocrx_word' id='word_1_257' title='bbox 2539 1514 2944 1584; x_wconf 82' lang='lat' dir='ltr'><strong>exceperimus,</strong></span> <span class='ocrx_word' id='word_1_258' title='bbox 2983 1526 3148 1587; x_wconf 90' lang='lat' dir='ltr'><strong>atque</strong></span> <span class='ocrx_word' id='word_1_259' title='bbox 3179 1518 3349 1587; x_wconf 84' lang='lat' dir='ltr'><strong>hujus</strong></span> 
     </span>
    </p>
   </div>
   <div class='ocr_carea' id='block_1_37' title="bbox 1747 1605 3344 1678">
    <p class='ocr_par' dir='ltr' id='par_1_37' title="bbox 1747 1605 3344 1678">
     <span class='ocr_line' id='line_1_37' title="bbox 1747 1605 3344 1678; baseline 0.006 -21"><span class='ocrx_word' id='word_1_260' title='bbox 1747 1619 2034 1674; x_wconf 86' lang='lat' dir='ltr'><strong>peramara</strong></span> <span class='ocrx_word' id='word_1_261' title='bbox 2078 1605 2371 1660; x_wconf 88' lang='lat' dir='ltr'><strong>dulcedine</strong></span> <span class='ocrx_word' id='word_1_262' title='bbox 2436 1622 2541 1662; x_wconf 88' lang='lat' dir='ltr'><strong>ceu</strong></span> <span class='ocrx_word' id='word_1_263' title='bbox 2597 1607 2746 1663; x_wconf 91' lang='lat' dir='ltr'><strong>bono</strong></span> <span class='ocrx_word' id='word_1_264' title='bbox 2796 1610 3035 1678; x_wconf 90' lang='lat' dir='ltr'><strong>quodam</strong></span> <span class='ocrx_word' id='word_1_265' title='bbox 3084 1610 3344 1667; x_wconf 89' lang='lat' dir='ltr'><strong>delectati</strong></span> 
     </span>
    </p>
   </div>
   <div class='ocr_carea' id='block_1_38' title="bbox 1751 1696 3345 1772">
    <p class='ocr_par' dir='ltr' id='par_1_38' title="bbox 1751 1696 3345 1772">
     <span class='ocr_line' id='line_1_38' title="bbox 1751 1696 3345 1772; baseline 0.005 -21"><span class='ocrx_word' id='word_1_266' title='bbox 1751 1696 2040 1763; x_wconf 81' lang='lat' dir='ltr'><strong>fuerimus,</strong></span> <span class='ocrx_word' id='word_1_267' title='bbox 2074 1699 2472 1769; x_wconf 83' lang='lat' dir='ltr'><strong>cogitationum</strong></span> <span class='ocrx_word' id='word_1_268' title='bbox 2519 1701 2673 1754; x_wconf 90' lang='lat' dir='ltr'><strong>sanie</strong></span> <span class='ocrx_word' id='word_1_269' title='bbox 2708 1702 2971 1770; x_wconf 83' lang='lat' dir='ltr'><strong>paulatim</strong></span> <span class='ocrx_word' id='word_1_270' title='bbox 3002 1712 3183 1772; x_wconf 89' lang='lat' dir='ltr'><strong>aucta,</strong></span> <span class='ocrx_word' id='word_1_271' title='bbox 3216 1718 3345 1759; x_wconf 71' lang='lat' dir='ltr'><strong>mox</strong></span> 
     </span>
    </p>
   </div>
   <div class='ocr_carea' id='block_1_39' title="bbox 1750 1788 3348 1862">
    <p class='ocr_par' dir='ltr' id='par_1_39' title="bbox 1750 1788 3348 1862">
     <span class='ocr_line' id='line_1_39' title="bbox 1750 1788 3348 1862; baseline 0.004 -21"><span class='ocrx_word' id='word_1_272' title='bbox 1750 1788 2063 1843; x_wconf 87' lang='lat' dir='ltr'><strong>carnalibus</strong></span> <span class='ocrx_word' id='word_1_273' title='bbox 2096 1789 2354 1859; x_wconf 86' lang='lat' dir='ltr'><strong>operibus</strong></span> <span class='ocrx_word' id='word_1_274' title='bbox 2387 1806 2484 1861; x_wconf 91' lang='lat' dir='ltr'><strong>pro</strong></span> <span class='ocrx_word' id='word_1_275' title='bbox 2516 1790 2668 1845; x_wconf 92' lang='lat' dir='ltr'><strong>libito</strong></span> <span class='ocrx_word' id='word_1_276' title='bbox 2689 1790 3000 1857; x_wconf 89' lang='lat' dir='ltr'><strong>abutemur,</strong></span> <span class='ocrx_word' id='word_1_277' title='bbox 3033 1793 3348 1862; x_wconf 84' lang='lat' dir='ltr'><strong>cujusmodi</strong></span> 
     </span>
    </p>
   </div>
   <div class='ocr_carea' id='block_1_40' title="bbox 1749 1880 3350 1954">
    <p class='ocr_par' dir='ltr' id='par_1_40' title="bbox 1749 1880 3350 1954">
     <span class='ocr_line' id='line_1_40' title="bbox 1749 1880 3350 1954; baseline 0.003 -20"><span class='ocrx_word' id='word_1_278' title='bbox 1749 1890 1880 1935; x_wconf 88' lang='lat' dir='ltr'><strong>sunt</strong></span> <span class='ocrx_word' id='word_1_279' title='bbox 1926 1880 2339 1949; x_wconf 78' lang='lat' dir='ltr'><strong>fornicationes,</strong></span> <span class='ocrx_word' id='word_1_280' title='bbox 2384 1883 2673 1949; x_wconf 88' lang='lat' dir='ltr'><strong>adulteria,</strong></span> <span class='ocrx_word' id='word_1_281' title='bbox 2730 1893 2788 1938; x_wconf 88' lang='lat' dir='ltr'><strong>et</strong></span> <span class='ocrx_word' id='word_1_282' title='bbox 2835 1885 3043 1954; x_wconf 89' lang='lat' dir='ltr'><strong>reliqua</strong></span> <span class='ocrx_word' id='word_1_283' title='bbox 3085 1885 3350 1954; x_wconf 66' lang='lat' dir='ltr'><strong>nequitiae</strong></span> 
     </span>
    </p>
   </div>
   <div class='ocr_carea' id='block_1_41' title="bbox 1749 1974 3350 2047">
    <p class='ocr_par' dir='ltr' id='par_1_41' title="bbox 1749 1974 3350 2047">
     <span class='ocr_line' id='line_1_41' title="bbox 1749 1974 3350 2047; baseline 0.004 -21"><span class='ocrx_word' id='word_1_284' title='bbox 1749 1986 1969 2045; x_wconf 83' lang='lat' dir='ltr'><strong>genera.</strong></span> <span class='ocrx_word' id='word_1_285' title='bbox 2024 1974 2069 2027; x_wconf 85' lang='lat' dir='ltr'><strong>A</strong></span> <span class='ocrx_word' id='word_1_286' title='bbox 2113 1974 2313 2044; x_wconf 89' lang='lat' dir='ltr'><strong>quibus</strong></span> <span class='ocrx_word' id='word_1_287' title='bbox 2351 1990 2484 2030; x_wconf 89' lang='lat' dir='ltr'><strong>sane</strong></span> <span class='ocrx_word' id='word_1_288' title='bbox 2533 1991 2790 2047; x_wconf 84' lang='lat' dir='ltr'><strong>rogemus</strong></span> <span class='ocrx_word' id='word_1_289' title='bbox 2840 1976 3128 2033; x_wconf 90' lang='lat' dir='ltr'><strong>Dominum</strong></span> <span class='ocrx_word' id='word_1_290' title='bbox 3161 1986 3223 2032; x_wconf 89' lang='lat' dir='ltr'><strong>ut</strong></span> <span class='ocrx_word' id='word_1_291' title='bbox 3248 1992 3350 2046; x_wconf 89' lang='lat' dir='ltr'><strong>per</strong></span> 
     </span>
    </p>
   </div>
   <div class='ocr_carea' id='block_1_42' title="bbox 1751 2066 3349 2141">
    <p class='ocr_par' dir='ltr' id='par_1_42' title="bbox 1751 2066 3349 2141">
     <span class='ocr_line' id='line_1_42' title="bbox 1751 2066 3349 2141; baseline 0.001 -20"><span class='ocrx_word' id='word_1_292' title='bbox 1751 2066 2132 2135; x_wconf 65' lang='lat' dir='ltr'><strong>paenitentiam</strong></span> <span class='ocrx_word' id='word_1_293' title='bbox 2158 2082 2262 2121; x_wconf 91' lang='lat' dir='ltr'><strong>nos</strong></span> <span class='ocrx_word' id='word_1_294' title='bbox 2306 2068 2525 2138; x_wconf 89' lang='lat' dir='ltr'><strong>eripiat,</strong></span> <span class='ocrx_word' id='word_1_295' title='bbox 2558 2078 2764 2123; x_wconf 66' lang='lat' dir='ltr'><strong>nostrae</strong></span> <span class='ocrx_word' id='word_1_296' title='bbox 2814 2069 2976 2124; x_wconf 89' lang='lat' dir='ltr'><strong>simul</strong></span> <span class='ocrx_word' id='word_1_297' title='bbox 3010 2084 3191 2141; x_wconf 83' lang='lat' dir='ltr'><strong>operae</strong></span> <span class='ocrx_word' id='word_1_298' title='bbox 3220 2085 3349 2140; x_wconf 88' lang='lat' dir='ltr'><strong>par-</strong></span> 
     </span>
    </p>
   </div>
   <div class='ocr_carea' id='block_1_43' title="bbox 1752 2157 2729 2216">
    <p class='ocr_par' dir='ltr' id='par_1_43' title="bbox 1752 2157 2729 2216">
     <span class='ocr_line' id='line_1_43' title="bbox 1752 2157 2729 2216; baseline 0.004 -6"><span class='ocrx_word' id='word_1_299' title='bbox 1752 2165 1860 2211; x_wconf 90' lang='lat' dir='ltr'><strong>tem</strong></span> <span class='ocrx_word' id='word_1_300' title='bbox 1896 2157 2149 2213; x_wconf 81' lang='lat' dir='ltr'><strong>conferre</strong></span> <span class='ocrx_word' id='word_1_301' title='bbox 2181 2175 2289 2213; x_wconf 93' lang='lat' dir='ltr'><strong>non</strong></span> <span class='ocrx_word' id='word_1_302' title='bbox 2331 2161 2729 2216; x_wconf 85' lang='lat' dir='ltr'><strong>detrectantes.</strong></span> 
     </span>
    </p>
   </div>
   <div class='ocr_carea' id='block_1_44' title="bbox 43 2246 3350 2329">
    <p class='ocr_par' dir='ltr' id='par_1_44' title="bbox 43 2246 3350 2329">
     <span class='ocr_line' id='line_1_44' title="bbox 43 2246 3350 2329; baseline 0.004 -30"><span class='ocrx_word' id='word_1_303' title='bbox 43 2250 162 2302; x_wconf 79' lang='grc' dir='ltr'><em>τινά</em></span> <span class='ocrx_word' id='word_1_304' title='bbox 186 2251 296 2303; x_wconf 77' lang='grc' dir='ltr'><em>εἰσι</em></span> <span class='ocrx_word' id='word_1_305' title='bbox 319 2254 595 2321; x_wconf 85' lang='grc' dir='ltr'><em>πορνεῖαι,</em></span> <span class='ocrx_word' id='word_1_306' title='bbox 628 2254 1006 2322; x_wconf 70' lang='grc' dir='ltr'><em>μοιχεῖαι,καὶ</em></span> <span class='ocrx_word' id='word_1_307' title='bbox 1036 2253 1105 2307; x_wconf 81' lang='grc' dir='ltr'><em>τὰ</em></span> <span class='ocrx_word' id='word_1_308' title='bbox 1128 2252 1290 2305; x_wconf 72' lang='grc' dir='ltr'><em>λοιπὰ</em></span> <span class='ocrx_word' id='word_1_309' title='bbox 1318 2252 1415 2321; x_wconf 84' lang='grc' dir='ltr'><em>τῆς</em></span> <span class='ocrx_word' id='word_1_310' title='bbox 1455 2252 1657 2317; x_wconf 85' lang='grc' dir='ltr'><em>κακίας</em></span> <span class='ocrx_word' id='word_1_311' title='bbox 1704 2251 1820 2324; x_wconf 77' lang='grc' dir='ltr'><em>εἴδη</em></span> <span class='ocrx_word' id='word_1_312' title='bbox 1849 2269 1863 2285; x_wconf 96' lang='grc'><strong>⁸</strong></span> <span class='ocrx_word' id='word_1_313' title='bbox 1919 2246 2106 2325; x_wconf 86' lang='grc' dir='ltr'><em>ὧνπερ</em></span> <span class='ocrx_word' id='word_1_314' title='bbox 2154 2253 2443 2326; x_wconf 82' lang='grc' dir='ltr'><em>εὐξώμεθα</em></span> <span class='ocrx_word' id='word_1_315' title='bbox 2497 2256 2692 2328; x_wconf 85' lang='grc' dir='ltr'><strong>Κυρίῳ</strong></span> <span class='ocrx_word' id='word_1_316' title='bbox 2732 2255 2809 2328; x_wconf 85' lang='grc' dir='ltr'><em>τῷ</em></span> <span class='ocrx_word' id='word_1_317' title='bbox 2851 2254 2972 2329; x_wconf 84' lang='grc' dir='ltr'><strong>Θεῷ</strong></span> <span class='ocrx_word' id='word_1_318' title='bbox 3036 2256 3126 2311; x_wconf 87' lang='grc' dir='ltr'><em>διὰ</em></span> <span class='ocrx_word' id='word_1_319' title='bbox 3181 2274 3350 2328; x_wconf 86' lang='grc' dir='ltr'><em>μετα-</em></span> 
     </span>
    </p>
   </div>
   <div class='ocr_carea' id='block_1_45' title="bbox 46 2341 1634 2418">
    <p class='ocr_par' dir='ltr' id='par_1_45' title="bbox 46 2341 1634 2418">
     <span class='ocr_line' id='line_1_45' title="bbox 46 2341 1634 2418; baseline 0.004 -24"><span class='ocrx_word' id='word_1_320' title='bbox 46 2341 191 2405; x_wconf 79' lang='grc' dir='ltr'><em>νοίας</em></span> <span class='ocrx_word' id='word_1_321' title='bbox 222 2345 518 2414; x_wconf 80' lang='grc' dir='ltr'><em>ρυσθῆναι,</em></span> <span class='ocrx_word' id='word_1_322' title='bbox 548 2348 639 2399; x_wconf 73' lang='grc' dir='ltr'><em>καὶ</em></span> <span class='ocrx_word' id='word_1_323' title='bbox 671 2346 739 2399; x_wconf 87' lang='grc' dir='ltr'><em>τὰ</em></span> <span class='ocrx_word' id='word_1_324' title='bbox 765 2348 897 2418; x_wconf 84' lang='grc' dir='ltr'><em>παρ’</em></span> <span class='ocrx_word' id='word_1_325' title='bbox 920 2347 1133 2401; x_wconf 81' lang='grc' dir='ltr'><em>ἑαυτῶν</em></span> <span class='ocrx_word' id='word_1_326' title='bbox 1161 2346 1634 2415; x_wconf 75' lang='grc' dir='ltr'><em>συνεισφέροντες.</em></span> 
     </span>
    </p>
   </div>
   <div class='ocr_carea' id='block_1_46' title="bbox 117 2436 1642 2513">
    <p class='ocr_par' dir='ltr' id='par_1_46' title="bbox 117 2436 1642 2513">
     <span class='ocr_line' id='line_1_46' title="bbox 117 2436 1642 2513; baseline 0.003 -22"><span class='ocrx_word' id='word_1_327' title='bbox 117 2440 190 2491; x_wconf 89' lang='lat' dir='ltr'><strong>Z’.</strong></span> <span class='ocrx_word' id='word_1_328' title='bbox 223 2439 287 2491; x_wconf 80' lang='lat' dir='ltr'><strong>El</strong></span> <span class='ocrx_word' id='word_1_329' title='bbox 316 2440 363 2493; x_wconf 85' lang='grc' dir='ltr'><em>δ’</em></span> <span class='ocrx_word' id='word_1_330' title='bbox 396 2436 463 2493; x_wconf 81' lang='grc' dir='ltr'><em>αὖ</em></span> <span class='ocrx_word' id='word_1_331' title='bbox 503 2457 569 2509; x_wconf 89' lang='grc' dir='ltr'><strong>γε</strong></span> <span class='ocrx_word' id='word_1_332' title='bbox 615 2444 679 2513; x_wconf 83' lang='grc' dir='ltr'><em>τῇ</em></span> <span class='ocrx_word' id='word_1_333' title='bbox 720 2441 998 2513; x_wconf 81' lang='grc' dir='ltr'><em>συμϐουλῇ</em></span> <span class='ocrx_word' id='word_1_334' title='bbox 1032 2442 1126 2495; x_wconf 77' lang='grc' dir='ltr'><em>τοῦ</em></span> <span class='ocrx_word' id='word_1_335' title='bbox 1161 2442 1333 2496; x_wconf 84' lang='grc' dir='ltr'><em>δολίου</em></span> <span class='ocrx_word' id='word_1_336' title='bbox 1378 2442 1511 2512; x_wconf 79' lang='grc' dir='ltr'><em>μηδὲ</em></span> <span class='ocrx_word' id='word_1_337' title='bbox 1543 2442 1642 2512; x_wconf 81' lang='grc' dir='ltr'><em>τὴν</em></span> 
     </span>
    </p>
   </div>
   <div class='ocr_carea' id='block_1_47' title="bbox 50 2531 1644 2605">
    <p class='ocr_par' dir='ltr' id='par_1_47' title="bbox 50 2531 1644 2605">
     <span class='ocr_line' id='line_1_47' title="bbox 50 2531 1644 2605; baseline 0.002 -23"><span class='ocrx_word' id='word_1_338' title='bbox 50 2531 215 2601; x_wconf 82' lang='grc' dir='ltr'><em>ἀκοὴν</em></span> <span class='ocrx_word' id='word_1_339' title='bbox 247 2532 606 2605; x_wconf 83' lang='grc' dir='ltr'><em>ὑποσχῶμεν,</em></span> <span class='ocrx_word' id='word_1_340' title='bbox 650 2534 949 2605; x_wconf 86' lang='grc' dir='ltr'><em>προσϐαλεῖ</em></span> <span class='ocrx_word' id='word_1_341' title='bbox 999 2535 1095 2605; x_wconf 84' lang='grc' dir='ltr'><em>μὲν</em></span> <span class='ocrx_word' id='word_1_342' title='bbox 1143 2534 1218 2597; x_wconf 85' lang='grc' dir='ltr'><em>ὼς</em></span> <span class='ocrx_word' id='word_1_343' title='bbox 1267 2534 1348 2605; x_wconf 79' lang='grc' dir='ltr'><em>τῷ</em></span> <span class='ocrx_word' id='word_1_344' title='bbox 1394 2533 1514 2603; x_wconf 85' lang='grc' dir='ltr'><strong>Θεῷ</strong></span> <span class='ocrx_word' id='word_1_345' title='bbox 1549 2534 1644 2585; x_wconf 69' lang='grc' dir='ltr'><strong>καῖ⁹</strong></span> 
     </span>
    </p>
   </div>
   <div class='ocr_carea' id='block_1_48' title="bbox 52 2624 1644 2697">
    <p class='ocr_par' dir='ltr' id='par_1_48' title="bbox 52 2624 1644 2697">
     <span class='ocr_line' id='line_1_48' title="bbox 52 2624 1644 2697; baseline 0.002 -22"><span class='ocrx_word' id='word_1_346' title='bbox 52 2625 205 2695; x_wconf 80' lang='grc' dir='ltr'><em>Λόγῳ</em></span> <span class='ocrx_word' id='word_1_347' title='bbox 240 2626 491 2696; x_wconf 85' lang='grc' dir='ltr'><em>τρισσῶς</em></span> <span class='ocrx_word' id='word_1_348' title='bbox 514 2629 541 2680; x_wconf 96' lang='lat'><strong>6</strong></span> <span class='ocrx_word' id='word_1_349' title='bbox 571 2626 853 2697; x_wconf 82' lang='grc' dir='ltr'><em>πολέμιος,</em></span> <span class='ocrx_word' id='word_1_350' title='bbox 883 2626 1281 2697; x_wconf 82' lang='grc' dir='ltr'><em>ἀποκρουσθεὶς</em></span> <span class='ocrx_word' id='word_1_351' title='bbox 1308 2626 1352 2679; x_wconf 88' lang='grc' dir='ltr'><em>δ’</em></span> <span class='ocrx_word' id='word_1_352' title='bbox 1374 2626 1465 2695; x_wconf 85' lang='grc' dir='ltr'><strong>ὑφ’</strong></span> <span class='ocrx_word' id='word_1_353' title='bbox 1488 2624 1644 2696; x_wconf 86' lang='grc' dir='ltr'><em>ήμῶν</em></span> 
     </span>
    </p>
   </div>
   <div class='ocr_carea' id='block_1_49' title="bbox 52 2714 1644 2788">
    <p class='ocr_par' dir='ltr' id='par_1_49' title="bbox 52 2714 1644 2788">
     <span class='ocr_line' id='line_1_49' title="bbox 52 2714 1644 2788; baseline 0.003 -24"><span class='ocrx_word' id='word_1_354' title='bbox 52 2717 172 2777; x_wconf 84' lang='grc' dir='ltr'><em>ταῖς</em></span> <span class='ocrx_word' id='word_1_355' title='bbox 205 2714 571 2787; x_wconf 85' lang='grc' dir='ltr'><em>θεοφράστοις</em></span> <span class='ocrx_word' id='word_1_356' title='bbox 600 2718 933 2788; x_wconf 73' lang='grc' dir='ltr'><em>ἀποφάσεσι,</em></span> <span class='ocrx_word' id='word_1_357' title='bbox 976 2721 1004 2771; x_wconf 91' lang='lat'><strong>6</strong></span> <span class='ocrx_word' id='word_1_358' title='bbox 1042 2718 1140 2787; x_wconf 83' lang='grc' dir='ltr'><em>μὲν</em></span> <span class='ocrx_word' id='word_1_359' title='bbox 1174 2716 1417 2770; x_wconf 81' lang='grc' dir='ltr'><em>ἐκποδὼν</em></span> <span class='ocrx_word' id='word_1_360' title='bbox 1452 2720 1508 2769; x_wconf 80' lang='grc' dir='ltr'><em>ὲν</em></span> <span class='ocrx_word' id='word_1_361' title='bbox 1548 2720 1644 2772; x_wconf 86' lang='grc' dir='ltr'><strong>ἁν-</strong></span> 
     </span>
    </p>
   </div>
   <div class='ocr_carea' id='block_1_50' title="bbox 57 2804 1644 2881">
    <p class='ocr_par' dir='ltr' id='par_1_50' title="bbox 57 2804 1644 2881">
     <span class='ocr_line' id='line_1_50' title="bbox 57 2804 1644 2881; baseline 0.004 -25"><span class='ocrx_word' id='word_1_362' title='bbox 57 2804 230 2875; x_wconf 80' lang='grc' dir='ltr'><em>ύδροις</em></span> <span class='ocrx_word' id='word_1_363' title='bbox 263 2809 458 2872; x_wconf 82' lang='grc' dir='ltr'><em>τόποις</em></span> <span class='ocrx_word' id='word_1_364' title='bbox 493 2811 586 2863; x_wconf 75' lang='grc' dir='ltr'><em>καὶ</em></span> <span class='ocrx_word' id='word_1_365' title='bbox 639 2810 823 2881; x_wconf 81' lang='grc' dir='ltr'><strong>ξηροῖς</strong></span> <span class='ocrx_word' id='word_1_366' title='bbox 854 2810 1004 2872; x_wconf 85' lang='grc' dir='ltr'><em>θείας</em></span> <span class='ocrx_word' id='word_1_367' title='bbox 1034 2810 1298 2881; x_wconf 73' lang='grc' dir='ltr'><em>ἐπιρροῆς</em></span> <span class='ocrx_word' id='word_1_368' title='bbox 1330 2809 1644 2879; x_wconf 81' lang='grc' dir='ltr'><em>ἀπελασθή-</em></span> 
     </span>
    </p>
   </div>
   <div class='ocr_carea' id='block_1_51' title="bbox 57 2901 1647 2973">
    <p class='ocr_par' dir='ltr' id='par_1_51' title="bbox 57 2901 1647 2973">
     <span class='ocr_line' id='line_1_51' title="bbox 57 2901 1647 2973; baseline 0.001 -24"><span class='ocrx_word' id='word_1_369' title='bbox 57 2914 241 2952; x_wconf 85' lang='grc' dir='ltr'><em>σεται·</em></span> <span class='ocrx_word' id='word_1_370' title='bbox 290 2904 458 2972; x_wconf 81' lang='grc' dir='ltr'><em>ἡμεῖς</em></span> <span class='ocrx_word' id='word_1_371' title='bbox 486 2902 542 2956; x_wconf 85' lang='grc' dir='ltr'><em>δὲ</em></span> <span class='ocrx_word' id='word_1_372' title='bbox 591 2906 656 2973; x_wconf 82' lang='grc' dir='ltr'><em>τῇ</em></span> <span class='ocrx_word' id='word_1_373' title='bbox 692 2903 801 2956; x_wconf 89' lang='grc' dir='ltr'><strong>τῶν</strong></span> <span class='ocrx_word' id='word_1_374' title='bbox 846 2903 1021 2972; x_wconf 82' lang='grc' dir='ltr'>ἁγίων</span> <span class='ocrx_word' id='word_1_375' title='bbox 1051 2901 1301 2970; x_wconf 80' lang='grc' dir='ltr'><em>ἀγγέλων</em></span> <span class='ocrx_word' id='word_1_376' title='bbox 1353 2901 1647 2973; x_wconf 73' lang='grc' dir='ltr'><em>ἐπιστασία</em></span> 
     </span>
    </p>
   </div>
   <div class='ocr_carea' id='block_1_52' title="bbox 54 2989 1645 3067">
    <p class='ocr_par' dir='ltr' id='par_1_52' title="bbox 54 2989 1645 3067">
     <span class='ocr_line' id='line_1_52' title="bbox 54 2989 1645 3067; baseline 0.013 -28"><span class='ocrx_word' id='word_1_377' title='bbox 54 2989 128 3059; x_wconf 83' lang='grc' dir='ltr'><em>τῷ</em></span> <span class='ocrx_word' id='word_1_378' title='bbox 158 2990 289 3062; x_wconf 85' lang='grc' dir='ltr'><em>θείῳ</em></span> <span class='ocrx_word' id='word_1_379' title='bbox 320 2995 422 3047; x_wconf 83' lang='grc' dir='ltr'><em>καὶ</em></span> <span class='ocrx_word' id='word_1_380' title='bbox 477 2994 697 3067; x_wconf 79' lang='grc' dir='ltr'><strong>ζωτικῷ</strong></span> <span class='ocrx_word' id='word_1_381' title='bbox 747 2994 843 3048; x_wconf 76' lang='grc' dir='ltr'><em>καὶ</em></span> <span class='ocrx_word' id='word_1_382' title='bbox 872 2994 1110 3065; x_wconf 82' lang='grc' dir='ltr'><em>οὐρανίῳ</em></span> <span class='ocrx_word' id='word_1_383' title='bbox 1142 2993 1439 3065; x_wconf 80' lang='grc' dir='ltr'><em>τραφέντες</em></span> <span class='ocrx_word' id='word_1_384' title='bbox 1474 2993 1645 3063; x_wconf 75' lang='grc' dir='ltr'><em>ἄρτῳ,</em></span> 
     </span>
    </p>
   </div>
   <div class='ocr_carea' id='block_1_53' title="bbox 56 3084 1645 3159">
    <p class='ocr_par' dir='ltr' id='par_1_53' title="bbox 56 3084 1645 3159">
     <span class='ocr_line' id='line_1_53' title="bbox 56 3084 1645 3159; baseline 0.003 -26"><span class='ocrx_word' id='word_1_385' title='bbox 56 3084 193 3136; x_wconf 79' lang='grc' dir='ltr'><em>κατὰ</em></span> <span class='ocrx_word' id='word_1_386' title='bbox 231 3086 438 3157; x_wconf 82' lang='grc' dir='ltr'><em>μικρὸν</em></span> <span class='ocrx_word' id='word_1_387' title='bbox 488 3090 553 3158; x_wconf 83' lang='grc' dir='ltr'><em>τῇ</em></span> <span class='ocrx_word' id='word_1_388' title='bbox 599 3090 943 3159; x_wconf 81' lang='grc' dir='ltr'><em>πνευματικῇ</em></span> <span class='ocrx_word' id='word_1_389' title='bbox 981 3087 1170 3159; x_wconf 79' lang='grc' dir='ltr'><em>ἡλικίᾳ</em></span> <span class='ocrx_word' id='word_1_390' title='bbox 1224 3086 1645 3156; x_wconf 77' lang='grc' dir='ltr'><em>ἐπαυξούμενοι,</em></span> 
     </span>
    </p>
   </div>
   <div class='ocr_carea' id='block_1_54' title="bbox 54 3177 1646 3250">
    <p class='ocr_par' dir='ltr' id='par_1_54' title="bbox 54 3177 1646 3250">
     <span class='ocr_line' id='line_1_54' title="bbox 54 3177 1646 3250; baseline 0 -19"><span class='ocrx_word' id='word_1_391' title='bbox 54 3177 130 3238; x_wconf 79' lang='grc' dir='ltr'><em>εἰς</em></span> <span class='ocrx_word' id='word_1_392' title='bbox 186 3177 391 3249; x_wconf 84' lang='grc' dir='ltr'><em>μέτρον</em></span> <span class='ocrx_word' id='word_1_393' title='bbox 437 3179 656 3250; x_wconf 82' lang='grc' dir='ltr'><em>ἡλικίας</em></span> <span class='ocrx_word' id='word_1_394' title='bbox 704 3179 799 3233; x_wconf 80' lang='grc' dir='ltr'><em>τοῦ</em></span> <span class='ocrx_word' id='word_1_395' title='bbox 851 3179 1221 3250; x_wconf 84' lang='grc' dir='ltr'><em>πληρώματος</em></span> <span class='ocrx_word' id='word_1_396' title='bbox 1267 3180 1362 3231; x_wconf 83' lang='grc' dir='ltr'><em>τοῦ</em></span> <span class='ocrx_word' id='word_1_397' title='bbox 1409 3177 1646 3250; x_wconf 84' lang='grc' dir='ltr'><em>Χριστοῦ</em></span> 
     </span>
    </p>
   </div>
   <div class='ocr_carea' id='block_1_55' title="bbox 54 3267 1645 3343">
    <p class='ocr_par' dir='ltr' id='par_1_55' title="bbox 54 3267 1645 3343">
     <span class='ocr_line' id='line_1_55' title="bbox 54 3267 1645 3343; baseline 0.004 -26"><span class='ocrx_word' id='word_1_398' title='bbox 54 3267 409 3341; x_wconf 84' lang='grc' dir='ltr'><em>ἐλευσόμεθα,</em></span> <span class='ocrx_word' id='word_1_399' title='bbox 441 3274 553 3336; x_wconf 81' lang='grc' dir='ltr'><em>τοῖς</em></span> <span class='ocrx_word' id='word_1_400' title='bbox 582 3274 814 3343; x_wconf 81' lang='grc' dir='ltr'><em>καρποῖς</em></span> <span class='ocrx_word' id='word_1_401' title='bbox 848 3272 943 3325; x_wconf 78' lang='grc' dir='ltr'><em>τοῦ</em></span> <span class='ocrx_word' id='word_1_402' title='bbox 998 3273 1312 3342; x_wconf 79' lang='grc' dir='ltr'><em>Πνεύματος</em></span> <span class='ocrx_word' id='word_1_403' title='bbox 1350 3270 1645 3339; x_wconf 80' lang='grc' dir='ltr'><em>στεφανού-</em></span> 
     </span>
    </p>
   </div>
   <div class='ocr_carea' id='block_1_56' title="bbox 59 3363 1644 3435">
    <p class='ocr_par' dir='ltr' id='par_1_56' title="bbox 59 3363 1644 3435">
     <span class='ocr_line' id='line_1_56' title="bbox 59 3363 1644 3435; baseline 0.003 -24"><span class='ocrx_word' id='word_1_404' title='bbox 59 3376 223 3428; x_wconf 81' lang='grc' dir='ltr'><em>μενοι,</em></span> <span class='ocrx_word' id='word_1_405' title='bbox 269 3363 472 3427; x_wconf 83' lang='grc' dir='ltr'><em>οἴτινές</em></span> <span class='ocrx_word' id='word_1_406' title='bbox 500 3367 639 3418; x_wconf 81' lang='grc' dir='ltr'><em>εἰσιν</em></span> <span class='ocrx_word' id='word_1_407' title='bbox 670 3366 880 3435; x_wconf 80' lang='grc' dir='ltr'><em>ἀγάπη,</em></span> <span class='ocrx_word' id='word_1_408' title='bbox 917 3365 1080 3435; x_wconf 83' lang='grc' dir='ltr'><em>χαρά,</em></span> <span class='ocrx_word' id='word_1_409' title='bbox 1110 3365 1325 3434; x_wconf 83' lang='grc' dir='ltr'><em>εἰρήνη,</em></span> <span class='ocrx_word' id='word_1_410' title='bbox 1368 3363 1644 3434; x_wconf 87' lang='grc' dir='ltr'><em>μακροθυ-</em></span> 
     </span>
    </p>
   </div>
   <div class='ocr_carea' id='block_1_57' title="bbox 57 3450 1636 3529">
    <p class='ocr_par' dir='ltr' id='par_1_57' title="bbox 57 3450 1636 3529">
     <span class='ocr_line' id='line_1_57' title="bbox 57 3450 1636 3529; baseline -0.001 -19"><span class='ocrx_word' id='word_1_411' title='bbox 57 3453 172 3518; x_wconf 77' lang='grc' dir='ltr'><em>μία,</em></span> <span class='ocrx_word' id='word_1_412' title='bbox 203 3456 534 3529; x_wconf 81' lang='grc' dir='ltr'><em>χρηστότης,</em></span> <span class='ocrx_word' id='word_1_413' title='bbox 561 3456 913 3526; x_wconf 82' lang='grc' dir='ltr'><em>ἀγαθωσύνη,</em></span> <span class='ocrx_word' id='word_1_414' title='bbox 938 3456 1061 3510; x_wconf 87' lang='grc' dir='ltr'><em>καθ’</em></span> <span class='ocrx_word' id='word_1_415' title='bbox 1082 3450 1157 3511; x_wconf 84' lang='grc' dir='ltr'><em>ὧν</em></span> <span class='ocrx_word' id='word_1_416' title='bbox 1181 3458 1280 3509; x_wconf 74' lang='grc' dir='ltr'><em>οὐκ</em></span> <span class='ocrx_word' id='word_1_417' title='bbox 1311 3456 1425 3509; x_wconf 79' lang='grc' dir='ltr'><em>ἔστι</em></span> <span class='ocrx_word' id='word_1_418' title='bbox 1452 3456 1636 3527; x_wconf 84' lang='grc' dir='ltr'><em>νόμος⁸</em></span> 
     </span>
    </p>
   </div>
   <div class='ocr_carea' id='block_1_58' title="bbox 55 3544 1638 3618">
    <p class='ocr_par' dir='ltr' id='par_1_58' title="bbox 55 3544 1638 3618">
     <span class='ocr_line' id='line_1_58' title="bbox 55 3544 1638 3618; baseline 0.004 -24"><span class='ocrx_word' id='word_1_419' title='bbox 55 3544 260 3613; x_wconf 86' lang='grc' dir='ltr'><em>Δικαίῳ</em></span> <span class='ocrx_word' id='word_1_420' title='bbox 297 3550 412 3616; x_wconf 74' lang='grc' dir='ltr'><strong>γὰρ</strong></span> <span class='ocrx_word' id='word_1_421' title='bbox 453 3552 640 3617; x_wconf 73' lang='grc' dir='ltr'><em>νόμος</em></span> <span class='ocrx_word' id='word_1_422' title='bbox 672 3552 744 3603; x_wconf 88' lang='grc' dir='ltr'><em>οὐ</em></span> <span class='ocrx_word' id='word_1_423' title='bbox 783 3548 969 3603; x_wconf 81' lang='grc' dir='ltr'><em>κεῖται</em></span> <span class='ocrx_word' id='word_1_424' title='bbox 989 3565 1001 3578; x_wconf 82' lang='grc'><strong>⁸</strong></span> <span class='ocrx_word' id='word_1_425' title='bbox 1030 3549 1129 3601; x_wconf 83' lang='grc' dir='ltr'><em>ὅσα</em></span> <span class='ocrx_word' id='word_1_426' title='bbox 1154 3547 1264 3618; x_wconf 81' lang='grc' dir='ltr'><em>γὰρ</em></span> <span class='ocrx_word' id='word_1_427' title='bbox 1292 3548 1319 3599; x_wconf 92' lang='lat'><strong>6</strong></span> <span class='ocrx_word' id='word_1_428' title='bbox 1349 3546 1510 3616; x_wconf 84' lang='grc' dir='ltr'><em>νόμος</em></span> <span class='ocrx_word' id='word_1_429' title='bbox 1542 3546 1638 3600; x_wconf 89' lang='grc' dir='ltr'><em>λα-</em></span> 
     </span>
    </p>
   </div>
   <div class='ocr_carea' id='block_1_59' title="bbox 55 3634 1639 3711">
    <p class='ocr_par' dir='ltr' id='par_1_59' title="bbox 55 3634 1639 3711">
     <span class='ocr_line' id='line_1_59' title="bbox 55 3634 1639 3711; baseline 0.004 -25"><span class='ocrx_word' id='word_1_430' title='bbox 55 3634 149 3700; x_wconf 89' lang='grc' dir='ltr'><em>λεῖ,</em></span> <span class='ocrx_word' id='word_1_431' title='bbox 176 3640 287 3702; x_wconf 83' lang='grc' dir='ltr'><em>τοῖς</em></span> <span class='ocrx_word' id='word_1_432' title='bbox 319 3643 398 3711; x_wconf 83' lang='grc' dir='ltr'><em>μὴ</em></span> <span class='ocrx_word' id='word_1_433' title='bbox 430 3641 722 3711; x_wconf 77' lang='grc' dir='ltr'><em>εὐνομοῦσι</em></span> <span class='ocrx_word' id='word_1_434' title='bbox 745 3640 914 3695; x_wconf 87' lang='grc' dir='ltr'><em>λαλεῖ.</em></span> <span class='ocrx_word' id='word_1_435' title='bbox 938 3641 1076 3703; x_wconf 85' lang='grc' dir='ltr'><em>Τοὺς</em></span> <span class='ocrx_word' id='word_1_436' title='bbox 1104 3640 1161 3693; x_wconf 84' lang='grc' dir='ltr'><em>δὲ</em></span> <span class='ocrx_word' id='word_1_437' title='bbox 1198 3638 1476 3709; x_wconf 86' lang='grc' dir='ltr'><em>Πνεύματι</em></span> <span class='ocrx_word' id='word_1_438' title='bbox 1503 3636 1639 3692; x_wconf 83' lang='grc' dir='ltr'><em>Θεοῦ</em></span> 
     </span>
    </p>
   </div>
   <div class='ocr_carea' id='block_1_60' title="bbox 56 3733 1644 3805">
    <p class='ocr_par' dir='ltr' id='par_1_60' title="bbox 56 3733 1644 3805">
     <span class='ocr_line' id='line_1_60' title="bbox 56 3733 1644 3805; baseline 0.001 -21"><span class='ocrx_word' id='word_1_439' title='bbox 56 3733 505 3799; x_wconf 77' lang='grc' dir='ltr'><em>χρηματίσαντας</em></span> <span class='ocrx_word' id='word_1_440' title='bbox 542 3734 746 3803; x_wconf 82' lang='grc' dir='ltr'><em>χάριτι,</em></span> <span class='ocrx_word' id='word_1_441' title='bbox 770 3736 924 3797; x_wconf 85' lang='grc' dir='ltr'><em>ποῖος</em></span> <span class='ocrx_word' id='word_1_442' title='bbox 951 3734 1061 3805; x_wconf 84' lang='grc' dir='ltr'><em>ἄρα</em></span> <span class='ocrx_word' id='word_1_443' title='bbox 1098 3733 1261 3803; x_wconf 83' lang='grc' dir='ltr'><em>νόμος</em></span> <span class='ocrx_word' id='word_1_444' title='bbox 1288 3733 1644 3804; x_wconf 84' lang='grc' dir='ltr'><em>παιδαγωγή-</em></span> 
     </span>
    </p>
   </div>
   <div class='ocr_carea' id='block_1_61' title="bbox 58 3825 1639 3899">
    <p class='ocr_par' dir='ltr' id='par_1_61' title="bbox 58 3825 1639 3899">
     <span class='ocr_line' id='line_1_61' title="bbox 58 3825 1639 3899; baseline 0.005 -28"><span class='ocrx_word' id='word_1_445' title='bbox 58 3837 227 3891; x_wconf 89' lang='grc' dir='ltr'><em>σειεν;</em></span> <span class='ocrx_word' id='word_1_446' title='bbox 270 3825 368 3889; x_wconf 87' lang='grc' dir='ltr'><em>οὒς</em></span> <span class='ocrx_word' id='word_1_447' title='bbox 400 3827 433 3897; x_wconf 82' lang='grc' dir='ltr'><strong>ή</strong></span> <span class='ocrx_word' id='word_1_448' title='bbox 463 3827 890 3899; x_wconf 81' lang='grc' dir='ltr'><em>ἀνεξερεύνητος</em></span> <span class='ocrx_word' id='word_1_449' title='bbox 934 3828 1036 3896; x_wconf 82' lang='grc' dir='ltr'><em>τῆς</em></span> <span class='ocrx_word' id='word_1_450' title='bbox 1084 3826 1278 3896; x_wconf 81' lang='grc' dir='ltr'><em>σοφίας</em></span> <span class='ocrx_word' id='word_1_451' title='bbox 1309 3826 1546 3890; x_wconf 78' lang='grc' dir='ltr'><em>ἄϐυσσος</em></span> <span class='ocrx_word' id='word_1_452' title='bbox 1570 3829 1639 3899; x_wconf 81' lang='grc' dir='ltr'><em>τῇ</em></span> 
     </span>
    </p>
   </div>
   <div class='ocr_carea' id='block_1_62' title="bbox 54 3913 1643 3991">
    <p class='ocr_par' dir='ltr' id='par_1_62' title="bbox 54 3913 1643 3991">
     <span class='ocr_line' id='line_1_62' title="bbox 54 3913 1643 3991; baseline 0.004 -26"><span class='ocrx_word' id='word_1_453' title='bbox 54 3913 248 3986; x_wconf 76' lang='grc' dir='ltr'><em>ἑαυτῆς</em></span> <span class='ocrx_word' id='word_1_454' title='bbox 300 3920 564 3991; x_wconf 77' lang='grc' dir='ltr'><em>μετουσίᾳ</em></span> <span class='ocrx_word' id='word_1_455' title='bbox 619 3920 874 3983; x_wconf 87' lang='grc' dir='ltr'><em>θεοειδεῖς</em></span> <span class='ocrx_word' id='word_1_456' title='bbox 934 3919 1117 3991; x_wconf 78' lang='grc' dir='ltr'><em>πηγὰς</em></span> <span class='ocrx_word' id='word_1_457' title='bbox 1151 3920 1473 3973; x_wconf 85' lang='grc' dir='ltr'><em>ἀναδίδωσιν</em></span> <span class='ocrx_word' id='word_1_458' title='bbox 1530 3921 1643 3984; x_wconf 88' lang='grc' dir='ltr'><em>τοῖς</em></span> 
     </span>
    </p>
   </div>
   <div class='ocr_carea' id='block_1_63' title="bbox 56 4005 1643 4083">
    <p class='ocr_par' dir='ltr' id='par_1_63' title="bbox 56 4005 1643 4083">
     <span class='ocr_line' id='line_1_63' title="bbox 56 4005 1643 4083; baseline 0.005 -27"><span class='ocrx_word' id='word_1_459' title='bbox 56 4005 360 4074; x_wconf 77' lang='grc' dir='ltr'><em>καλλίστοις</em></span> <span class='ocrx_word' id='word_1_460' title='bbox 422 4012 662 4082; x_wconf 85' lang='grc' dir='ltr'><em>νάμασιν</em></span> <span class='ocrx_word' id='word_1_461' title='bbox 714 4013 844 4076; x_wconf 80' lang='grc' dir='ltr'><em>τοὺς</em></span> <span class='ocrx_word' id='word_1_462' title='bbox 899 4012 1392 4083; x_wconf 79' lang='grc' dir='ltr'><em>διαπορευομένους</em></span> <span class='ocrx_word' id='word_1_463' title='bbox 1445 4028 1643 4064; x_wconf 84' lang='grc' dir='ltr'><em>κατευ-</em></span> 
     </span>
    </p>
   </div>
   <div class='ocr_carea' id='block_1_64' title="bbox 58 4099 1641 4174">
    <p class='ocr_par' dir='ltr' id='par_1_64' title="bbox 58 4099 1641 4174">
     <span class='ocr_line' id='line_1_64' title="bbox 58 4099 1641 4174; baseline 0.003 -23"><span class='ocrx_word' id='word_1_464' title='bbox 58 4099 402 4167; x_wconf 83' lang='grc' dir='ltr'><em>φραίνοντας.</em></span> <span class='ocrx_word' id='word_1_465' title='bbox 437 4104 510 4157; x_wconf 77' lang='grc' dir='ltr'><strong>Τὸ</strong></span> <span class='ocrx_word' id='word_1_466' title='bbox 548 4103 606 4156; x_wconf 84' lang='grc' dir='ltr'><em>δὲ</em></span> <span class='ocrx_word' id='word_1_467' title='bbox 656 4104 760 4157; x_wconf 81' lang='grc' dir='ltr'><strong>ὑπὸ</strong></span> <span class='ocrx_word' id='word_1_468' title='bbox 806 4104 900 4157; x_wconf 84' lang='grc' dir='ltr'><em>τοῦ</em></span> <span class='ocrx_word' id='word_1_469' title='bbox 957 4105 1164 4173; x_wconf 86' lang='grc' dir='ltr'><em>Κυρίου</em></span> <span class='ocrx_word' id='word_1_470' title='bbox 1197 4104 1524 4174; x_wconf 56' lang='grc' dir='ltr'><em>εἰρημένον</em></span> <span class='ocrx_word' id='word_1_471' title='bbox 1587 4103 1641 4156; x_wconf 87' lang='lat'><strong>&#39;0</strong></span> 
     </span>
    </p>
   </div>
   <div class='ocr_carea' id='block_1_65' title="bbox 56 4188 1638 4266">
    <p class='ocr_par' dir='ltr' id='par_1_65' title="bbox 56 4188 1638 4266">
     <span class='ocr_line' id='line_1_65' title="bbox 56 4188 1638 4266; baseline 0.002 -21"><span class='ocrx_word' id='word_1_472' title='bbox 56 4188 246 4258; x_wconf 72' lang='grc' dir='ltr'><em>ἅρχων</em></span> <span class='ocrx_word' id='word_1_473' title='bbox 280 4194 392 4247; x_wconf 87' lang='grc' dir='ltr'><em>τοῦ</em></span> <span class='ocrx_word' id='word_1_474' title='bbox 422 4197 655 4266; x_wconf 81' lang='grc' dir='ltr'><em>κόσμου</em></span> <span class='ocrx_word' id='word_1_475' title='bbox 683 4198 897 4250; x_wconf 86' lang='grc' dir='ltr'><em>τούτου</em></span> <span class='ocrx_word' id='word_1_476' title='bbox 930 4197 1186 4266; x_wconf 80' lang='grc' dir='ltr'><em>ἔρχεται,</em></span> <span class='ocrx_word' id='word_1_477' title='bbox 1219 4195 1389 4257; x_wconf 73' lang='grc' dir='ltr'><em>οὕτως</em></span> <span class='ocrx_word' id='word_1_478' title='bbox 1424 4194 1638 4249; x_wconf 82' lang='grc' dir='ltr'><em>ὀπτέον·</em></span> 
     </span>
    </p>
   </div>
   <div class='ocr_carea' id='block_1_66' title="bbox 60 4283 1643 4361">
    <p class='ocr_par' dir='ltr' id='par_1_66' title="bbox 60 4283 1643 4361">
     <span class='ocr_line' id='line_1_66' title="bbox 60 4283 1643 4361; baseline 0.005 -27"><span class='ocrx_word' id='word_1_479' title='bbox 60 4283 278 4340; x_wconf 80' lang='grc' dir='ltr'><em>Πάντων</em></span> <span class='ocrx_word' id='word_1_480' title='bbox 306 4289 420 4342; x_wconf 86' lang='grc' dir='ltr'><strong>τῶν</strong></span> <span class='ocrx_word' id='word_1_481' title='bbox 448 4291 724 4361; x_wconf 84' lang='grc' dir='ltr'><em>αἰσθητῶν</em></span> <span class='ocrx_word' id='word_1_482' title='bbox 757 4290 1075 4359; x_wconf 82' lang='grc' dir='ltr'><em>κτισμάτων</em></span> <span class='ocrx_word' id='word_1_483' title='bbox 1109 4287 1339 4359; x_wconf 84' lang='grc' dir='ltr'><em>περιοχὴ</em></span> <span class='ocrx_word' id='word_1_484' title='bbox 1365 4289 1393 4341; x_wconf 92' lang='lat'><strong>6</strong></span> <span class='ocrx_word' id='word_1_485' title='bbox 1414 4287 1643 4359; x_wconf 84' lang='grc' dir='ltr'><em>οὐρανός</em></span> 
     </span>
    </p>
   </div>
   <div class='ocr_carea' id='block_1_67' title="bbox 60 4375 1643 4453">
    <p class='ocr_par' dir='ltr' id='par_1_67' title="bbox 60 4375 1643 4453">
     <span class='ocr_line' id='line_1_67' title="bbox 60 4375 1643 4453; baseline 0.005 -29"><span class='ocrx_word' id='word_1_486' title='bbox 60 4375 219 4433; x_wconf 78' lang='grc' dir='ltr'><em>ἐστιν.</em></span> <span class='ocrx_word' id='word_1_487' title='bbox 254 4382 335 4435; x_wconf 81' lang='grc' dir='ltr'><em>Τά</em></span> <span class='ocrx_word' id='word_1_488' title='bbox 364 4382 421 4434; x_wconf 81' lang='grc' dir='ltr'><em>δὲ</em></span> <span class='ocrx_word' id='word_1_489' title='bbox 452 4383 753 4453; x_wconf 71' lang='grc' dir='ltr'><em>ἐπουράνια</em></span> <span class='ocrx_word' id='word_1_490' title='bbox 789 4383 885 4434; x_wconf 74' lang='grc' dir='ltr'><em>καὶ</em></span> <span class='ocrx_word' id='word_1_491' title='bbox 915 4380 1080 4451; x_wconf 82' lang='grc' dir='ltr'><em>νοερὰ</em></span> <span class='ocrx_word' id='word_1_492' title='bbox 1109 4382 1367 4451; x_wconf 86' lang='grc' dir='ltr'><em>τάγματα</em></span> <span class='ocrx_word' id='word_1_493' title='bbox 1404 4379 1643 4451; x_wconf 84' lang='grc' dir='ltr'><em>πρότερα</em></span> 
     </span>
    </p>
   </div>
   <div class='ocr_carea' id='block_1_68' title="bbox 58 4468 1645 4545">
    <p class='ocr_par' dir='ltr' id='par_1_68' title="bbox 58 4468 1645 4545">
     <span class='ocr_line' id='line_1_68' title="bbox 58 4468 1645 4545; baseline 0.005 -27"><span class='ocrx_word' id='word_1_494' title='bbox 58 4468 145 4520; x_wconf 73' lang='grc' dir='ltr'><em>καὶ</em></span> <span class='ocrx_word' id='word_1_495' title='bbox 174 4473 479 4545; x_wconf 76' lang='grc' dir='ltr'><em>τιμιώτερα</em></span> <span class='ocrx_word' id='word_1_496' title='bbox 521 4478 628 4527; x_wconf 68' lang='grc' dir='ltr'><strong>τῶν</strong></span> <span class='ocrx_word' id='word_1_497' title='bbox 659 4474 764 4527; x_wconf 76' lang='grc' dir='ltr'><strong>ὑπὸ</strong></span> <span class='ocrx_word' id='word_1_498' title='bbox 795 4475 887 4527; x_wconf 82' lang='grc' dir='ltr'><em>τὸν</em></span> <span class='ocrx_word' id='word_1_499' title='bbox 918 4474 1151 4544; x_wconf 83' lang='grc' dir='ltr'><em>οὐρανὸν</em></span> <span class='ocrx_word' id='word_1_500' title='bbox 1182 4473 1330 4539; x_wconf 82' lang='lat' dir='ltr'><strong>lcod.</strong></span> <span class='ocrx_word' id='word_1_501' title='bbox 1366 4472 1400 4526; x_wconf 72' lang='grc' dir='ltr'><em>Γ.</em></span> <span class='ocrx_word' id='word_1_502' title='bbox 1430 4473 1530 4527; x_wconf 79' lang='grc'><strong>116</strong></span> <span class='ocrx_word' id='word_1_503' title='bbox 1564 4472 1645 4545; x_wconf 75' lang='grc' dir='ltr'><strong>ι).]</strong></span> 
     </span>
    </p>
   </div>
   <div class='ocr_carea' id='block_1_69' title="bbox 60 4559 1646 4639">
    <p class='ocr_par' dir='ltr' id='par_1_69' title="bbox 60 4559 1646 4639">
     <span class='ocr_line' id='line_1_69' title="bbox 60 4559 1646 4639; baseline 0.004 -24"><span class='ocrx_word' id='word_1_504' title='bbox 60 4559 229 4631; x_wconf 77' lang='grc' dir='ltr'><em>ἴσμεν,</em></span> <span class='ocrx_word' id='word_1_505' title='bbox 260 4567 356 4619; x_wconf 73' lang='grc' dir='ltr'><em>καὶ</em></span> <span class='ocrx_word' id='word_1_506' title='bbox 386 4567 725 4639; x_wconf 78' lang='grc' dir='ltr'><em>ἐνδοξότερα,</em></span> <span class='ocrx_word' id='word_1_507' title='bbox 754 4571 819 4639; x_wconf 78' lang='grc' dir='ltr'><em>τῇ</em></span> <span class='ocrx_word' id='word_1_508' title='bbox 857 4568 990 4639; x_wconf 75' lang='grc' dir='ltr'><em>πρὸς</em></span> <span class='ocrx_word' id='word_1_509' title='bbox 1008 4568 1140 4621; x_wconf 78' lang='grc' dir='ltr'><em>Θεὸν</em></span> <span class='ocrx_word' id='word_1_510' title='bbox 1162 4567 1421 4639; x_wconf 81' lang='grc' dir='ltr'><em>ὲγγύτητι</em></span> <span class='ocrx_word' id='word_1_511' title='bbox 1447 4567 1646 4638; x_wconf 82' lang='grc' dir='ltr'><em>ἐλλαμ-</em></span> 
     </span>
    </p>
   </div>
   <div class='ocr_carea' id='block_1_70' title="bbox 60 4656 1638 4731">
    <p class='ocr_par' dir='ltr' id='par_1_70' title="bbox 60 4656 1638 4731">
     <span class='ocr_line' id='line_1_70' title="bbox 60 4656 1638 4731; baseline 0.004 -26"><span class='ocrx_word' id='word_1_512' title='bbox 60 4656 281 4724; x_wconf 80' lang='grc' dir='ltr'><em>πόμενα,</em></span> <span class='ocrx_word' id='word_1_513' title='bbox 324 4662 421 4713; x_wconf 74' lang='grc' dir='ltr'><em>καὶ</em></span> <span class='ocrx_word' id='word_1_514' title='bbox 460 4661 735 4731; x_wconf 81' lang='grc' dir='ltr'><em>ἄφθαρτα.</em></span> <span class='ocrx_word' id='word_1_515' title='bbox 790 4661 870 4713; x_wconf 81' lang='grc' dir='ltr'><strong>Τὰ</strong></span> <span class='ocrx_word' id='word_1_516' title='bbox 918 4661 962 4713; x_wconf 86' lang='grc' dir='ltr'><em>δ’</em></span> <span class='ocrx_word' id='word_1_517' title='bbox 994 4660 1149 4723; x_wconf 85' lang='grc' dir='ltr'><em>ἄλλα,</em></span> <span class='ocrx_word' id='word_1_518' title='bbox 1174 4661 1389 4714; x_wconf 74' lang='grc' dir='ltr'><em>ἐναντία</em></span> <span class='ocrx_word' id='word_1_519' title='bbox 1415 4660 1638 4714; x_wconf 83' lang='grc' dir='ltr'><em>τούτων,</em></span> 
     </span>
    </p>
   </div>
   <div class='ocr_carea' id='block_1_71' title="bbox 68 4746 1645 4825">
    <p class='ocr_par' dir='ltr' id='par_1_71' title="bbox 68 4746 1645 4825">
     <span class='ocr_line' id='line_1_71' title="bbox 68 4746 1645 4825; baseline 0.005 -28"><span class='ocrx_word' id='word_1_520' title='bbox 68 4746 123 4797; x_wconf 87' lang='lat'><strong>&#39;0</strong></span> <span class='ocrx_word' id='word_1_521' title='bbox 146 4749 272 4816; x_wconf 80' lang='grc' dir='ltr'><em>γοῦν</em></span> <span class='ocrx_word' id='word_1_522' title='bbox 310 4753 665 4824; x_wconf 78' lang='grc' dir='ltr'><em>ὑπερήφανος</em></span> <span class='ocrx_word' id='word_1_523' title='bbox 711 4754 808 4807; x_wconf 69' lang='grc' dir='ltr'><em>καὶ</em></span> <span class='ocrx_word' id='word_1_524' title='bbox 847 4754 1210 4825; x_wconf 77' lang='grc' dir='ltr'><em>παμπόνηρος</em></span> <span class='ocrx_word' id='word_1_525' title='bbox 1258 4753 1503 4817; x_wconf 74' lang='grc' dir='ltr'><em>διάϐολος</em></span> <span class='ocrx_word' id='word_1_526' title='bbox 1556 4752 1645 4806; x_wconf 80' lang='grc' dir='ltr'><em>διὰ</em></span> 
     </span>
    </p>
   </div>
   <div class='ocr_carea' id='block_1_72' title="bbox 59 4839 1645 4919">
    <p class='ocr_par' dir='ltr' id='par_1_72' title="bbox 59 4839 1645 4919">
     <span class='ocr_line' id='line_1_72' title="bbox 59 4839 1645 4919; baseline 0.003 -24"><span class='ocrx_word' id='word_1_527' title='bbox 59 4839 151 4912; x_wconf 81' lang='grc' dir='ltr'><em>τὴν</em></span> <span class='ocrx_word' id='word_1_528' title='bbox 198 4846 389 4900; x_wconf 77' lang='grc' dir='ltr'><em>ἑαυτοῦ</em></span> <span class='ocrx_word' id='word_1_529' title='bbox 425 4848 807 4919; x_wconf 79' lang='grc' dir='ltr'><em>ὑπερηφανίαν</em></span> <span class='ocrx_word' id='word_1_530' title='bbox 854 4851 946 4901; x_wconf 78' lang='grc' dir='ltr'><em>καὶ</em></span> <span class='ocrx_word' id='word_1_531' title='bbox 998 4849 1284 4913; x_wconf 74' lang='grc' dir='ltr'><em>ἀλαζονίαν</em></span> <span class='ocrx_word' id='word_1_532' title='bbox 1332 4850 1441 4901; x_wconf 90' lang='grc' dir='ltr'><strong>τῶν</strong></span> <span class='ocrx_word' id='word_1_533' title='bbox 1483 4852 1645 4900; x_wconf 65' lang='lat' dir='ltr'><strong>enou-</strong></span> 
     </span>
    </p>
   </div>
   <div class='ocr_carea' id='block_1_73' title="bbox 62 4936 1641 5011">
    <p class='ocr_par' dir='ltr' id='par_1_73' title="bbox 62 4936 1641 5011">
     <span class='ocr_line' id='line_1_73' title="bbox 62 4936 1641 5011; baseline 0.004 -26"><span class='ocrx_word' id='word_1_534' title='bbox 62 4936 250 4999; x_wconf 78' lang='grc' dir='ltr'><em>ρανίων</em></span> <span class='ocrx_word' id='word_1_535' title='bbox 280 4941 557 5004; x_wconf 78' lang='grc' dir='ltr'><em>ἀπωσθεὶς</em></span> <span class='ocrx_word' id='word_1_536' title='bbox 591 4940 891 5011; x_wconf 78' lang='grc' dir='ltr'><em>περιϐόλων</em></span> <span class='ocrx_word' id='word_1_537' title='bbox 928 4941 1025 4993; x_wconf 75' lang='grc' dir='ltr'><em>σὺν</em></span> <span class='ocrx_word' id='word_1_538' title='bbox 1053 4940 1131 5011; x_wconf 78' lang='grc' dir='ltr'><em>τῷ</em></span> <span class='ocrx_word' id='word_1_539' title='bbox 1157 4940 1343 5010; x_wconf 78' lang='grc' dir='ltr'><em>οἰκείῳ</em></span> <span class='ocrx_word' id='word_1_540' title='bbox 1374 4939 1641 5009; x_wconf 82' lang='grc' dir='ltr'><em>τάγματι,</em></span> 
     </span>
    </p>
   </div>
   <div class='ocr_carea' id='block_1_74' title="bbox 62 5024 1644 5104">
    <p class='ocr_par' dir='ltr' id='par_1_74' title="bbox 62 5024 1644 5104">
     <span class='ocr_line' id='line_1_74' title="bbox 62 5024 1644 5104; baseline 0.003 -28"><span class='ocrx_word' id='word_1_541' title='bbox 62 5024 159 5079; x_wconf 84' lang='grc' dir='ltr'><strong>ὑπὸ</strong></span> <span class='ocrx_word' id='word_1_542' title='bbox 189 5031 282 5101; x_wconf 75' lang='grc' dir='ltr'><em>τῆς</em></span> <span class='ocrx_word' id='word_1_543' title='bbox 316 5033 570 5103; x_wconf 75' lang='grc' dir='ltr'><em>οὐρανίου</em></span> <span class='ocrx_word' id='word_1_544' title='bbox 608 5033 843 5101; x_wconf 83' lang='grc' dir='ltr'><em>σφαίρας</em></span> <span class='ocrx_word' id='word_1_545' title='bbox 885 5032 1241 5104; x_wconf 79' lang='grc' dir='ltr'><em>περιέχεσθαι</em></span> <span class='ocrx_word' id='word_1_546' title='bbox 1272 5031 1510 5100; x_wconf 81' lang='grc' dir='ltr'><em>λέγεται.</em></span> <span class='ocrx_word' id='word_1_547' title='bbox 1558 5032 1644 5093; x_wconf 82' lang='grc' dir='ltr'><em>Ὠς</em></span> 
     </span>
    </p>
   </div>
   <div class='ocr_carea' id='block_1_75' title="bbox 1822 2438 3337 2515">
    <p class='ocr_par' dir='ltr' id='par_1_75' title="bbox 1822 2438 3337 2515">
     <span class='ocr_line' id='line_1_75' title="bbox 1822 2438 3337 2515; baseline 0.003 -23"><span class='ocrx_word' id='word_1_548' title='bbox 1822 2438 1937 2494; x_wconf 87' lang='lat' dir='ltr'><strong>Vll.</strong></span> <span class='ocrx_word' id='word_1_549' title='bbox 1980 2440 2143 2496; x_wconf 88' lang='lat' dir='ltr'><strong>Certe</strong></span> <span class='ocrx_word' id='word_1_550' title='bbox 2178 2441 2223 2495; x_wconf 91' lang='lat' dir='ltr'><strong>si</strong></span> <span class='ocrx_word' id='word_1_551' title='bbox 2271 2441 2578 2512; x_wconf 88' lang='lat' dir='ltr'><strong>deceptoris</strong></span> <span class='ocrx_word' id='word_1_552' title='bbox 2622 2443 2871 2498; x_wconf 88' lang='lat' dir='ltr'><strong>consiliis</strong></span> <span class='ocrx_word' id='word_1_553' title='bbox 2895 2458 2967 2498; x_wconf 88' lang='lat' dir='ltr'><strong>ne</strong></span> <span class='ocrx_word' id='word_1_554' title='bbox 2995 2458 3184 2499; x_wconf 89' lang='lat' dir='ltr'><strong>aurem</strong></span> <span class='ocrx_word' id='word_1_555' title='bbox 3211 2445 3337 2515; x_wconf 87' lang='lat' dir='ltr'><strong>qui-</strong></span> 
     </span>
    </p>
   </div>
   <div class='ocr_carea' id='block_1_76' title="bbox 1751 2533 3348 2605">
    <p class='ocr_par' dir='ltr' id='par_1_76' title="bbox 1751 2533 3348 2605">
     <span class='ocr_line' id='line_1_76' title="bbox 1751 2533 3348 2605; baseline 0.003 -19"><span class='ocrx_word' id='word_1_556' title='bbox 1751 2533 1874 2586; x_wconf 86' lang='lat' dir='ltr'><strong>dem</strong></span> <span class='ocrx_word' id='word_1_557' title='bbox 1922 2533 2314 2603; x_wconf 80' lang='lat' dir='ltr'><strong>praebebimus,</strong></span> <span class='ocrx_word' id='word_1_558' title='bbox 2350 2534 2703 2605; x_wconf 85' lang='lat' dir='ltr'><strong>aggredietur</strong></span> <span class='ocrx_word' id='word_1_559' title='bbox 2730 2535 2974 2604; x_wconf 89' lang='lat' dir='ltr'><strong>quidem,</strong></span> <span class='ocrx_word' id='word_1_560' title='bbox 3011 2542 3072 2590; x_wconf 89' lang='lat' dir='ltr'><strong>ut</strong></span> <span class='ocrx_word' id='word_1_561' title='bbox 3105 2544 3188 2591; x_wconf 89' lang='lat' dir='ltr'><strong>ter</strong></span> <span class='ocrx_word' id='word_1_562' title='bbox 3216 2536 3348 2592; x_wconf 87' lang='lat' dir='ltr'><strong>olim</strong></span> 
     </span>
    </p>
   </div>
   <div class='ocr_carea' id='block_1_77' title="bbox 1753 2620 3350 2698">
    <p class='ocr_par' dir='ltr' id='par_1_77' title="bbox 1753 2620 3350 2698">
     <span class='ocr_line' id='line_1_77' title="bbox 1753 2620 3350 2698; baseline 0.005 -23"><span class='ocrx_word' id='word_1_563' title='bbox 1753 2622 1928 2677; x_wconf 90' lang='lat' dir='ltr'><strong>Deum</strong></span> <span class='ocrx_word' id='word_1_564' title='bbox 1959 2620 2220 2687; x_wconf 85' lang='lat' dir='ltr'><strong>Verbum,</strong></span> <span class='ocrx_word' id='word_1_565' title='bbox 2257 2625 2469 2691; x_wconf 87' lang='lat' dir='ltr'><strong>hostis;</strong></span> <span class='ocrx_word' id='word_1_566' title='bbox 2521 2627 2615 2680; x_wconf 88' lang='lat' dir='ltr'><strong>sed</strong></span> <span class='ocrx_word' id='word_1_567' title='bbox 2646 2643 2675 2680; x_wconf 89' lang='lat' dir='ltr'><strong>a</strong></span> <span class='ocrx_word' id='word_1_568' title='bbox 2702 2626 2863 2681; x_wconf 88' lang='lat' dir='ltr'><strong>nobis</strong></span> <span class='ocrx_word' id='word_1_569' title='bbox 2890 2626 3092 2683; x_wconf 79' lang='lat' dir='ltr'><strong>divinis</strong></span> <span class='ocrx_word' id='word_1_570' title='bbox 3119 2642 3350 2698; x_wconf 87' lang='lat' dir='ltr'><strong>respon-</strong></span> 
     </span>
    </p>
   </div>
   <div class='ocr_carea' id='block_1_78' title="bbox 1753 2716 3348 2785">
    <p class='ocr_par' dir='ltr' id='par_1_78' title="bbox 1753 2716 3348 2785">
     <span class='ocr_line' id='line_1_78' title="bbox 1753 2716 3348 2785; baseline 0.003 -16"><span class='ocrx_word' id='word_1_571' title='bbox 1753 2716 1829 2769; x_wconf 90' lang='lat' dir='ltr'><strong>sis</strong></span> <span class='ocrx_word' id='word_1_572' title='bbox 1878 2718 2151 2785; x_wconf 88' lang='lat' dir='ltr'><strong>rcpulsus,</strong></span> <span class='ocrx_word' id='word_1_573' title='bbox 2198 2717 2387 2785; x_wconf 89' lang='lat' dir='ltr'><strong>procul</strong></span> <span class='ocrx_word' id='word_1_574' title='bbox 2418 2718 2473 2770; x_wconf 87' lang='lat' dir='ltr'><strong>in</strong></span> <span class='ocrx_word' id='word_1_575' title='bbox 2510 2718 2678 2772; x_wconf 89' lang='lat' dir='ltr'><strong>aridis</strong></span> <span class='ocrx_word' id='word_1_576' title='bbox 2724 2718 2887 2779; x_wconf 88' lang='lat' dir='ltr'><strong>locis,</strong></span> <span class='ocrx_word' id='word_1_577' title='bbox 2949 2726 3005 2773; x_wconf 89' lang='lat' dir='ltr'><strong>et</strong></span> <span class='ocrx_word' id='word_1_578' title='bbox 3044 2718 3233 2773; x_wconf 88' lang='lat' dir='ltr'><strong>divino</strong></span> <span class='ocrx_word' id='word_1_579' title='bbox 3264 2719 3348 2773; x_wconf 83' lang='lat' dir='ltr'><strong>in—</strong></span> 
     </span>
    </p>
   </div>
   <div class='ocr_carea' id='block_1_79' title="bbox 1751 2806 3346 2878">
    <p class='ocr_par' dir='ltr' id='par_1_79' title="bbox 1751 2806 3346 2878">
     <span class='ocr_line' id='line_1_79' title="bbox 1751 2806 3346 2878; baseline 0.001 -17"><span class='ocrx_word' id='word_1_580' title='bbox 1751 2806 1901 2861; x_wconf 82' lang='lat' dir='ltr'><strong>ﬂuxu</strong></span> <span class='ocrx_word' id='word_1_581' title='bbox 1953 2807 2290 2873; x_wconf 89' lang='lat' dir='ltr'><strong>carentibus,</strong></span> <span class='ocrx_word' id='word_1_582' title='bbox 2323 2808 2696 2878; x_wconf 85' lang='lat' dir='ltr'><strong>relegabitur:</strong></span> <span class='ocrx_word' id='word_1_583' title='bbox 2745 2823 2848 2861; x_wconf 90' lang='lat' dir='ltr'><strong>nos</strong></span> <span class='ocrx_word' id='word_1_584' title='bbox 2893 2814 3077 2861; x_wconf 90' lang='lat' dir='ltr'><strong>autem</strong></span> <span class='ocrx_word' id='word_1_585' title='bbox 3123 2816 3346 2863; x_wconf 79' lang='lat' dir='ltr'><strong>sancto-</strong></span> 
     </span>
    </p>
   </div>
   <div class='ocr_carea' id='block_1_80' title="bbox 1746 2900 3349 2972">
    <p class='ocr_par' dir='ltr' id='par_1_80' title="bbox 1746 2900 3349 2972">
     <span class='ocr_line' id='line_1_80' title="bbox 1746 2900 3349 2972; baseline 0.002 -18"><span class='ocrx_word' id='word_1_586' title='bbox 1746 2917 1865 2955; x_wconf 88' lang='lat' dir='ltr'><strong>rum</strong></span> <span class='ocrx_word' id='word_1_587' title='bbox 1897 2901 2212 2972; x_wconf 86' lang='lat' dir='ltr'><strong>angelorum</strong></span> <span class='ocrx_word' id='word_1_588' title='bbox 2245 2900 2572 2966; x_wconf 89' lang='lat' dir='ltr'><strong>ministerio,</strong></span> <span class='ocrx_word' id='word_1_589' title='bbox 2606 2900 2815 2966; x_wconf 83' lang='lat' dir='ltr'><strong>divino,</strong></span> <span class='ocrx_word' id='word_1_590' title='bbox 2854 2901 3080 2957; x_wconf 80' lang='lat' dir='ltr'><strong>viviﬁco</strong></span> <span class='ocrx_word' id='word_1_591' title='bbox 3106 2902 3349 2958; x_wconf 63' lang='lat' dir='ltr'><strong>caelesti-</strong></span> 
     </span>
    </p>
   </div>
   <div class='ocr_carea' id='block_1_81' title="bbox 1743 2993 3336 3065">
    <p class='ocr_par' dir='ltr' id='par_1_81' title="bbox 1743 2993 3336 3065">
     <span class='ocr_line' id='line_1_81' title="bbox 1743 2993 3336 3065; baseline 0.002 -17"><span class='ocrx_word' id='word_1_592' title='bbox 1743 3010 1851 3065; x_wconf 90' lang='lat' dir='ltr'><strong>que</strong></span> <span class='ocrx_word' id='word_1_593' title='bbox 1881 3009 2019 3064; x_wconf 87' lang='lat' dir='ltr'><strong>pane</strong></span> <span class='ocrx_word' id='word_1_594' title='bbox 2064 2993 2277 3059; x_wconf 89' lang='lat' dir='ltr'><strong>nutriti,</strong></span> <span class='ocrx_word' id='word_1_595' title='bbox 2312 2995 2574 3064; x_wconf 89' lang='lat' dir='ltr'><strong>paulatim</strong></span> <span class='ocrx_word' id='word_1_596' title='bbox 2601 2994 2832 3065; x_wconf 85' lang='lat' dir='ltr'><strong>spiritali</strong></span> <span class='ocrx_word' id='word_1_597' title='bbox 2872 3004 3033 3050; x_wconf 80' lang='lat' dir='ltr'><strong>actate</strong></span> <span class='ocrx_word' id='word_1_598' title='bbox 3063 2997 3212 3051; x_wconf 89' lang='lat' dir='ltr'><strong>aucti</strong></span> <span class='ocrx_word' id='word_1_599' title='bbox 3240 3012 3336 3051; x_wconf 84' lang='lat' dir='ltr'><strong>us-</strong></span> 
     </span>
    </p>
   </div>
   <div class='ocr_carea' id='block_1_82' title="bbox 1745 3087 3338 3158">
    <p class='ocr_par' dir='ltr' id='par_1_82' title="bbox 1745 3087 3338 3158">
     <span class='ocr_line' id='line_1_82' title="bbox 1745 3087 3338 3158; baseline 0.001 -17"><span class='ocrx_word' id='word_1_600' title='bbox 1745 3103 1852 3157; x_wconf 88' lang='lat' dir='ltr'><strong>que</strong></span> <span class='ocrx_word' id='word_1_601' title='bbox 1881 3088 1947 3141; x_wconf 90' lang='lat' dir='ltr'><strong>ad</strong></span> <span class='ocrx_word' id='word_1_602' title='bbox 1975 3103 2289 3142; x_wconf 87' lang='lat' dir='ltr'><strong>mensuram</strong></span> <span class='ocrx_word' id='word_1_603' title='bbox 2317 3088 2493 3158; x_wconf 67' lang='lat' dir='ltr'><strong>plenae</strong></span> <span class='ocrx_word' id='word_1_604' title='bbox 2516 3087 2695 3142; x_wconf 64' lang='lat' dir='ltr'><strong>aetatis</strong></span> <span class='ocrx_word' id='word_1_605' title='bbox 2728 3087 2930 3142; x_wconf 87' lang='lat' dir='ltr'><strong>Christi</strong></span> <span class='ocrx_word' id='word_1_606' title='bbox 2954 3088 3338 3157; x_wconf 84' lang='lat' dir='ltr'><strong>deveniemus,</strong></span> 
     </span>
    </p>
   </div>
   <div class='ocr_carea' id='block_1_83' title="bbox 1749 3179 3348 3251">
    <p class='ocr_par' dir='ltr' id='par_1_83' title="bbox 1749 3179 3348 3251">
     <span class='ocr_line' id='line_1_83' title="bbox 1749 3179 3348 3251; baseline 0.002 -19"><span class='ocrx_word' id='word_1_607' title='bbox 1749 3179 1975 3249; x_wconf 86' lang='lat' dir='ltr'><strong>spiritus</strong></span> <span class='ocrx_word' id='word_1_608' title='bbox 2008 3179 2279 3235; x_wconf 84' lang='lat' dir='ltr'><strong>fructibus</strong></span> <span class='ocrx_word' id='word_1_609' title='bbox 2308 3181 2610 3250; x_wconf 88' lang='lat' dir='ltr'><strong>perornati,</strong></span> <span class='ocrx_word' id='word_1_610' title='bbox 2645 3180 2739 3249; x_wconf 87' lang='lat' dir='ltr'><strong>qui</strong></span> <span class='ocrx_word' id='word_1_611' title='bbox 2769 3189 2901 3234; x_wconf 91' lang='lat' dir='ltr'><strong>sunt</strong></span> <span class='ocrx_word' id='word_1_612' title='bbox 2930 3179 3193 3245; x_wconf 78' lang='lat' dir='ltr'><strong>Charitas,</strong></span> <span class='ocrx_word' id='word_1_613' title='bbox 3216 3197 3348 3251; x_wconf 83' lang='lat' dir='ltr'><strong>gau-</strong></span> 
     </span>
    </p>
   </div>
   <div class='ocr_carea' id='block_1_84' title="bbox 1756 3271 3342 3343">
    <p class='ocr_par' dir='ltr' id='par_1_84' title="bbox 1756 3271 3342 3343">
     <span class='ocr_line' id='line_1_84' title="bbox 1756 3271 3342 3343; baseline 0 -16"><span class='ocrx_word' id='word_1_614' title='bbox 1756 3272 1928 3337; x_wconf 88' lang='lat' dir='ltr'><strong>dium,</strong></span> <span class='ocrx_word' id='word_1_615' title='bbox 1989 3288 2131 3342; x_wconf 77' lang='lat' dir='ltr'><strong>pax,</strong></span> <span class='ocrx_word' id='word_1_616' title='bbox 2189 3271 2595 3343; x_wconf 88' lang='lat' dir='ltr'><strong>longanimitas,</strong></span> <span class='ocrx_word' id='word_1_617' title='bbox 2658 3272 3044 3339; x_wconf 85' lang='lat' dir='ltr'><strong>mansuetudo,</strong></span> <span class='ocrx_word' id='word_1_618' title='bbox 3099 3272 3342 3339; x_wconf 87' lang='lat' dir='ltr'><strong>bonitas,</strong></span> 
     </span>
    </p>
   </div>
   <div class='ocr_carea' id='block_1_85' title="bbox 1754 3362 3348 3433">
    <p class='ocr_par' dir='ltr' id='par_1_85' title="bbox 1754 3362 3348 3433">
     <span class='ocr_line' id='line_1_85' title="bbox 1754 3362 3348 3433; baseline -0.001 -15"><span class='ocrx_word' id='word_1_619' title='bbox 1754 3373 1943 3418; x_wconf 88' lang='lat' dir='ltr'><strong>contra</strong></span> <span class='ocrx_word' id='word_1_620' title='bbox 1971 3379 2108 3433; x_wconf 86' lang='lat' dir='ltr'><strong>quas</strong></span> <span class='ocrx_word' id='word_1_621' title='bbox 2144 3364 2293 3419; x_wconf 83' lang='lat' dir='ltr'><strong>nulla</strong></span> <span class='ocrx_word' id='word_1_622' title='bbox 2324 3365 2410 3418; x_wconf 86' lang='lat' dir='ltr'><strong>lex</strong></span> <span class='ocrx_word' id='word_1_623' title='bbox 2438 3375 2555 3418; x_wconf 88' lang='lat' dir='ltr'><strong>est:</strong></span> <span class='ocrx_word' id='word_1_624' title='bbox 2589 3364 2735 3417; x_wconf 85' lang='lat' dir='ltr'><strong>Nam</strong></span> <span class='ocrx_word' id='word_1_625' title='bbox 2782 3364 2932 3433; x_wconf 80' lang='lat' dir='ltr'><strong>justo</strong></span> <span class='ocrx_word' id='word_1_626' title='bbox 2981 3362 3064 3417; x_wconf 81' lang='lat' dir='ltr'><strong>lea:</strong></span> <span class='ocrx_word' id='word_1_627' title='bbox 3096 3380 3202 3417; x_wconf 85' lang='lat' dir='ltr'><strong>non</strong></span> <span class='ocrx_word' id='word_1_628' title='bbox 3231 3380 3348 3417; x_wconf 80' lang='lat' dir='ltr'><strong>con-</strong></span> 
     </span>
    </p>
   </div>
   <div class='ocr_carea' id='block_1_86' title="bbox 1752 3455 3348 3526">
    <p class='ocr_par' dir='ltr' id='par_1_86' title="bbox 1752 3455 3348 3526">
     <span class='ocr_line' id='line_1_86' title="bbox 1752 3455 3348 3526; baseline 0.003 -17"><span class='ocrx_word' id='word_1_629' title='bbox 1752 3457 1994 3510; x_wconf 85' lang='lat' dir='ltr'><strong>stituitur</strong></span> <span class='ocrx_word' id='word_1_630' title='bbox 2030 3457 2112 3509; x_wconf 72' lang='lat'><strong>‘9:</strong></span> <span class='ocrx_word' id='word_1_631' title='bbox 2164 3456 2432 3526; x_wconf 90' lang='lat' dir='ltr'><strong>quidquid</strong></span> <span class='ocrx_word' id='word_1_632' title='bbox 2462 3455 2610 3511; x_wconf 89' lang='lat' dir='ltr'><strong>enim</strong></span> <span class='ocrx_word' id='word_1_633' title='bbox 2650 3456 2733 3509; x_wconf 78' lang='lat' dir='ltr'><strong>lex</strong></span> <span class='ocrx_word' id='word_1_634' title='bbox 2766 3455 3026 3525; x_wconf 90' lang='lat' dir='ltr'><strong>loquitur,</strong></span> <span class='ocrx_word' id='word_1_635' title='bbox 3060 3472 3169 3511; x_wconf 90' lang='lat' dir='ltr'><strong>non</strong></span> <span class='ocrx_word' id='word_1_636' title='bbox 3206 3456 3348 3514; x_wconf 86' lang='lat' dir='ltr'><strong>bene</strong></span> 
     </span>
    </p>
   </div>
   <div class='ocr_carea' id='block_1_87' title="bbox 1753 3546 3346 3619">
    <p class='ocr_par' dir='ltr' id='par_1_87' title="bbox 1753 3546 3346 3619">
     <span class='ocr_line' id='line_1_87' title="bbox 1753 3546 3346 3619; baseline 0.001 -16"><span class='ocrx_word' id='word_1_637' title='bbox 1753 3549 1980 3603; x_wconf 88' lang='lat' dir='ltr'><strong>moratis</strong></span> <span class='ocrx_word' id='word_1_638' title='bbox 2002 3549 2263 3618; x_wconf 86' lang='lat' dir='ltr'><strong>loquitur.</strong></span> <span class='ocrx_word' id='word_1_639' title='bbox 2290 3549 2359 3602; x_wconf 84' lang='lat' dir='ltr'><strong>At</strong></span> <span class='ocrx_word' id='word_1_640' title='bbox 2380 3547 2501 3602; x_wconf 91' lang='lat' dir='ltr'><strong>illos</strong></span> <span class='ocrx_word' id='word_1_641' title='bbox 2531 3547 2624 3617; x_wconf 87' lang='lat' dir='ltr'><strong>qui</strong></span> <span class='ocrx_word' id='word_1_642' title='bbox 2657 3547 2754 3601; x_wconf 90' lang='lat' dir='ltr'><strong>Dei</strong></span> <span class='ocrx_word' id='word_1_643' title='bbox 2777 3546 2972 3617; x_wconf 86' lang='lat' dir='ltr'><strong>spiritu</strong></span> <span class='ocrx_word' id='word_1_644' title='bbox 2999 3557 3261 3619; x_wconf 88' lang='lat' dir='ltr'><strong>aguntur,</strong></span> <span class='ocrx_word' id='word_1_645' title='bbox 3288 3557 3346 3605; x_wconf 82' lang='lat' dir='ltr'><strong>et</strong></span> 
     </span>
    </p>
   </div>
   <div class='ocr_carea' id='block_1_88' title="bbox 1752 3636 3342 3710">
    <p class='ocr_par' dir='ltr' id='par_1_88' title="bbox 1752 3636 3342 3710">
     <span class='ocr_line' id='line_1_88' title="bbox 1752 3636 3342 3710; baseline -0.001 -17"><span class='ocrx_word' id='word_1_646' title='bbox 1752 3640 1845 3693; x_wconf 87' lang='lat' dir='ltr'><strong>ﬁlii</strong></span> <span class='ocrx_word' id='word_1_647' title='bbox 1882 3638 1973 3693; x_wconf 89' lang='lat' dir='ltr'><strong>Dei</strong></span> <span class='ocrx_word' id='word_1_648' title='bbox 2005 3655 2102 3708; x_wconf 89' lang='lat' dir='ltr'><strong>per</strong></span> <span class='ocrx_word' id='word_1_649' title='bbox 2129 3639 2359 3710; x_wconf 86' lang='lat' dir='ltr'><strong>gratiam</strong></span> <span class='ocrx_word' id='word_1_650' title='bbox 2403 3644 2551 3701; x_wconf 89' lang='lat' dir='ltr'><strong>sunt,</strong></span> <span class='ocrx_word' id='word_1_651' title='bbox 2584 3652 2707 3706; x_wconf 66' lang='lat' dir='ltr'><strong>qua:</strong></span> <span class='ocrx_word' id='word_1_652' title='bbox 2739 3636 2825 3690; x_wconf 79' lang='lat' dir='ltr'><strong>lex</strong></span> <span class='ocrx_word' id='word_1_653' title='bbox 2855 3636 3110 3691; x_wconf 86' lang='lat' dir='ltr'><strong>erudiet?</strong></span> <span class='ocrx_word' id='word_1_654' title='bbox 3138 3638 3342 3706; x_wconf 85' lang='lat' dir='ltr'><strong>quibus</strong></span> 
     </span>
    </p>
   </div>
   <div class='ocr_carea' id='block_1_89' title="bbox 1668 3728 3343 3800">
    <p class='ocr_par' dir='ltr' id='par_1_89' title="bbox 1668 3728 3343 3800">
     <span class='ocr_line' id='line_1_89' title="bbox 1668 3728 3343 3800; baseline 0 -16"><span class='ocrx_word' id='word_1_655' title='bbox 1668 3739 1711 3796; x_wconf 83' lang='lat' dir='ltr'><strong>C</strong></span> <span class='ocrx_word' id='word_1_656' title='bbox 1748 3730 2017 3800; x_wconf 81' lang='lat' dir='ltr'><strong>profunda</strong></span> <span class='ocrx_word' id='word_1_657' title='bbox 2046 3730 2334 3799; x_wconf 73' lang='lat' dir='ltr'><strong>sapientiae</strong></span> <span class='ocrx_word' id='word_1_658' title='bbox 2371 3729 2620 3799; x_wconf 81' lang='lat' dir='ltr'><strong>abyssus,</strong></span> <span class='ocrx_word' id='word_1_659' title='bbox 2656 3728 3075 3799; x_wconf 87' lang='lat' dir='ltr'><strong>participatione</strong></span> <span class='ocrx_word' id='word_1_660' title='bbox 3109 3744 3231 3794; x_wconf 87' lang='lat' dir='ltr'><strong>sua,</strong></span> <span class='ocrx_word' id='word_1_661' title='bbox 3258 3730 3343 3784; x_wconf 86' lang='lat' dir='ltr'><strong>di-</strong></span> 
     </span>
    </p>
   </div>
   <div class='ocr_carea' id='block_1_90' title="bbox 1745 3820 3343 3893">
    <p class='ocr_par' dir='ltr' id='par_1_90' title="bbox 1745 3820 3343 3893">
     <span class='ocr_line' id='line_1_90' title="bbox 1745 3820 3343 3893; baseline -0.002 -13"><span class='ocrx_word' id='word_1_662' title='bbox 1745 3824 1902 3880; x_wconf 80' lang='lat' dir='ltr'><strong>vinas</strong></span> <span class='ocrx_word' id='word_1_663' title='bbox 1949 3825 2226 3879; x_wconf 86' lang='lat' dir='ltr'><strong>scatebras</strong></span> <span class='ocrx_word' id='word_1_664' title='bbox 2277 3822 2529 3887; x_wconf 78' lang='lat' dir='ltr'><strong>aﬂ‘undit,</strong></span> <span class='ocrx_word' id='word_1_665' title='bbox 2572 3821 2797 3893; x_wconf 89' lang='lat' dir='ltr'><strong>optimis</strong></span> <span class='ocrx_word' id='word_1_666' title='bbox 2835 3820 3059 3877; x_wconf 83' lang='lat' dir='ltr'><strong>ﬂuentis</strong></span> <span class='ocrx_word' id='word_1_667' title='bbox 3107 3830 3343 3892; x_wconf 63' lang='lat' dir='ltr'><strong>praeter-</strong></span> 
     </span>
    </p>
   </div>
   <div class='ocr_carea' id='block_1_91' title="bbox 1745 3913 3338 3984">
    <p class='ocr_par' dir='ltr' id='par_1_91' title="bbox 1745 3913 3338 3984">
     <span class='ocr_line' id='line_1_91' title="bbox 1745 3913 3338 3984; baseline -0.004 -11"><span class='ocrx_word' id='word_1_668' title='bbox 1745 3926 1940 3973; x_wconf 88' lang='lat' dir='ltr'><strong>euntes</strong></span> <span class='ocrx_word' id='word_1_669' title='bbox 1995 3930 2267 3971; x_wconf 86' lang='lat' dir='ltr'><strong>recreans.</strong></span> <span class='ocrx_word' id='word_1_670' title='bbox 2328 3914 2449 3970; x_wconf 82' lang='lat' dir='ltr'><strong>1am</strong></span> <span class='ocrx_word' id='word_1_671' title='bbox 2505 3913 2721 3968; x_wconf 90' lang='lat' dir='ltr'><strong>Domini</strong></span> <span class='ocrx_word' id='word_1_672' title='bbox 2774 3913 3022 3969; x_wconf 85' lang='lat' dir='ltr'><strong>dictum:</strong></span> <span class='ocrx_word' id='word_1_673' title='bbox 3079 3913 3338 3984; x_wconf 74' lang='lat' dir='ltr'><strong>Princeps</strong></span> 
     </span>
    </p>
   </div>
   <div class='ocr_carea' id='block_1_92' title="bbox 1745 4004 3344 4081">
    <p class='ocr_par' dir='ltr' id='par_1_92' title="bbox 1745 4004 3344 4081">
     <span class='ocr_line' id='line_1_92' title="bbox 1745 4004 3344 4081; baseline -0.002 -19"><span class='ocrx_word' id='word_1_674' title='bbox 1745 4011 1904 4081; x_wconf 79' lang='lat' dir='ltr'><strong>hujus</strong></span> <span class='ocrx_word' id='word_1_675' title='bbox 1942 4010 2126 4063; x_wconf 81' lang='lat' dir='ltr'><strong>mundi</strong></span> <span class='ocrx_word' id='word_1_676' title='bbox 2175 4009 2317 4062; x_wconf 84' lang='lat' dir='ltr'><strong>venit</strong></span> <span class='ocrx_word' id='word_1_677' title='bbox 2338 4008 2407 4073; x_wconf 77' lang='grc' dir='ltr'><strong>⁷ο,</strong></span> <span class='ocrx_word' id='word_1_678' title='bbox 2445 4006 2524 4061; x_wconf 91' lang='lat' dir='ltr'><strong>sic</strong></span> <span class='ocrx_word' id='word_1_679' title='bbox 2554 4016 2638 4061; x_wconf 91' lang='lat' dir='ltr'><strong>est</strong></span> <span class='ocrx_word' id='word_1_680' title='bbox 2670 4004 3155 4061; x_wconf 87' lang='lat' dir='ltr'><strong>considerandum.</strong></span> <span class='ocrx_word' id='word_1_681' title='bbox 3190 4006 3344 4061; x_wconf 87' lang='lat' dir='ltr'><strong>Cun-</strong></span> 
     </span>
    </p>
   </div>
   <div class='ocr_carea' id='block_1_93' title="bbox 1745 4097 3343 4165">
    <p class='ocr_par' dir='ltr' id='par_1_93' title="bbox 1745 4097 3343 4165">
     <span class='ocr_line' id='line_1_93' title="bbox 1745 4097 3343 4165; baseline -0.004 -6"><span class='ocrx_word' id='word_1_682' title='bbox 1745 4114 1957 4159; x_wconf 87' lang='lat' dir='ltr'><strong>ctarum</strong></span> <span class='ocrx_word' id='word_1_683' title='bbox 1992 4101 2335 4156; x_wconf 90' lang='lat' dir='ltr'><strong>sensibilium</strong></span> <span class='ocrx_word' id='word_1_684' title='bbox 2367 4108 2745 4153; x_wconf 88' lang='lat' dir='ltr'><strong>creaturarum</strong></span> <span class='ocrx_word' id='word_1_685' title='bbox 2792 4097 3200 4165; x_wconf 88' lang='lat' dir='ltr'><strong>receptaculum</strong></span> <span class='ocrx_word' id='word_1_686' title='bbox 3230 4112 3343 4152; x_wconf 62' lang='lat' dir='ltr'><strong>cu}-</strong></span> 
     </span>
    </p>
   </div>
   <div class='ocr_carea' id='block_1_94' title="bbox 1742 4188 3330 4253">
    <p class='ocr_par' dir='ltr' id='par_1_94' title="bbox 1742 4188 3330 4253">
     <span class='ocr_line' id='line_1_94' title="bbox 1742 4188 3330 4253; baseline -0.005 -4"><span class='ocrx_word' id='word_1_687' title='bbox 1742 4196 1857 4250; x_wconf 92' lang='lat' dir='ltr'><strong>lum</strong></span> <span class='ocrx_word' id='word_1_688' title='bbox 1889 4204 1993 4249; x_wconf 88' lang='lat' dir='ltr'><strong>est.</strong></span> <span class='ocrx_word' id='word_1_689' title='bbox 2042 4194 2306 4249; x_wconf 88' lang='lat' dir='ltr'><strong>Coelestes</strong></span> <span class='ocrx_word' id='word_1_690' title='bbox 2354 4206 2484 4245; x_wconf 87' lang='lat' dir='ltr'><strong>vero</strong></span> <span class='ocrx_word' id='word_1_691' title='bbox 2526 4188 2921 4244; x_wconf 88' lang='lat' dir='ltr'><strong>intellectuales</strong></span> <span class='ocrx_word' id='word_1_692' title='bbox 2948 4188 3194 4253; x_wconf 90' lang='lat' dir='ltr'><strong>ordines,</strong></span> <span class='ocrx_word' id='word_1_693' title='bbox 3232 4203 3330 4242; x_wconf 88' lang='lat' dir='ltr'><strong>su-</strong></span> 
     </span>
    </p>
   </div>
   <div class='ocr_carea' id='block_1_95' title="bbox 1741 4282 3343 4361">
    <p class='ocr_par' dir='ltr' id='par_1_95' title="bbox 1741 4282 3343 4361">
     <span class='ocr_line' id='line_1_95' title="bbox 1741 4282 3343 4361; baseline -0.004 -18"><span class='ocrx_word' id='word_1_694' title='bbox 1741 4289 1989 4361; x_wconf 86' lang='lat' dir='ltr'><strong>periores</strong></span> <span class='ocrx_word' id='word_1_695' title='bbox 2039 4287 2448 4354; x_wconf 87' lang='lat' dir='ltr'><strong>nobilioresque</strong></span> <span class='ocrx_word' id='word_1_696' title='bbox 2480 4282 2834 4339; x_wconf 86' lang='lat' dir='ltr'><strong>terrestribus</strong></span> <span class='ocrx_word' id='word_1_697' title='bbox 2871 4296 2993 4336; x_wconf 89' lang='lat' dir='ltr'><strong>esse</strong></span> <span class='ocrx_word' id='word_1_698' title='bbox 3030 4283 3254 4348; x_wconf 90' lang='lat' dir='ltr'><strong>scimus,</strong></span> <span class='ocrx_word' id='word_1_699' title='bbox 3286 4290 3343 4337; x_wconf 89' lang='lat' dir='ltr'><strong>et</strong></span> 
     </span>
    </p>
   </div>
   <div class='ocr_carea' id='block_1_96' title="bbox 1746 4374 3342 4454">
    <p class='ocr_par' dir='ltr' id='par_1_96' title="bbox 1746 4374 3342 4454">
     <span class='ocr_line' id='line_1_96' title="bbox 1746 4374 3342 4454; baseline -0.004 -18"><span class='ocrx_word' id='word_1_700' title='bbox 1746 4380 2040 4454; x_wconf 85' lang='lat' dir='ltr'><strong>gloriosius</strong></span> <span class='ocrx_word' id='word_1_701' title='bbox 2067 4380 2138 4434; x_wconf 92' lang='lat' dir='ltr'><strong>ob</strong></span> <span class='ocrx_word' id='word_1_702' title='bbox 2169 4378 2262 4432; x_wconf 90' lang='lat' dir='ltr'><strong>Dei</strong></span> <span class='ocrx_word' id='word_1_703' title='bbox 2293 4374 2757 4446; x_wconf 86' lang='lat' dir='ltr'><strong>propinquitatem</strong></span> <span class='ocrx_word' id='word_1_704' title='bbox 2788 4374 3083 4445; x_wconf 81' lang='lat' dir='ltr'><strong>fulgentes,</strong></span> <span class='ocrx_word' id='word_1_705' title='bbox 3126 4375 3195 4429; x_wconf 87' lang='lat' dir='ltr'><strong>ad</strong></span> <span class='ocrx_word' id='word_1_706' title='bbox 3221 4392 3342 4430; x_wconf 86' lang='lat' dir='ltr'><strong>ma-</strong></span> 
     </span>
    </p>
   </div>
   <div class='ocr_carea' id='block_1_97' title="bbox 1750 4464 3344 4537">
    <p class='ocr_par' dir='ltr' id='par_1_97' title="bbox 1750 4464 3344 4537">
     <span class='ocr_line' id='line_1_97' title="bbox 1750 4464 3344 4537; baseline -0.001 -14"><span class='ocrx_word' id='word_1_707' title='bbox 1750 4470 1926 4523; x_wconf 89' lang='lat' dir='ltr'><strong>litiam</strong></span> <span class='ocrx_word' id='word_1_708' title='bbox 1960 4468 2189 4522; x_wconf 83' lang='lat' dir='ltr'><strong>minime</strong></span> <span class='ocrx_word' id='word_1_709' title='bbox 2235 4466 2454 4537; x_wconf 84' lang='lat' dir='ltr'><strong>quidem</strong></span> <span class='ocrx_word' id='word_1_710' title='bbox 2487 4464 2758 4535; x_wconf 83' lang='lat' dir='ltr'><strong>proclives</strong></span> <span class='ocrx_word' id='word_1_711' title='bbox 2802 4473 2968 4535; x_wconf 90' lang='lat' dir='ltr'><strong>atque</strong></span> <span class='ocrx_word' id='word_1_712' title='bbox 3010 4464 3344 4537; x_wconf 83' lang='lat' dir='ltr'><strong>incorrupti-</strong></span> 
     </span>
    </p>
   </div>
   <div class='ocr_carea' id='block_1_98' title="bbox 1751 4558 3343 4619">
    <p class='ocr_par' dir='ltr' id='par_1_98' title="bbox 1751 4558 3343 4619">
     <span class='ocr_line' id='line_1_98' title="bbox 1751 4558 3343 4619; baseline -0.003 0"><span class='ocrx_word' id='word_1_713' title='bbox 1751 4563 1911 4619; x_wconf 83' lang='lat' dir='ltr'><strong>biles.</strong></span> <span class='ocrx_word' id='word_1_714' title='bbox 1965 4561 2071 4616; x_wconf 82' lang='lat' dir='ltr'><strong>Alii</strong></span> <span class='ocrx_word' id='word_1_715' title='bbox 2112 4576 2246 4615; x_wconf 83' lang='lat' dir='ltr'><strong>vero</strong></span> <span class='ocrx_word' id='word_1_716' title='bbox 2290 4559 2377 4614; x_wconf 86' lang='lat' dir='ltr'><strong>his</strong></span> <span class='ocrx_word' id='word_1_717' title='bbox 2408 4558 2668 4613; x_wconf 89' lang='lat' dir='ltr'><strong>contrarii</strong></span> <span class='ocrx_word' id='word_1_718' title='bbox 2705 4558 2929 4612; x_wconf 83' lang='lat' dir='ltr'><strong>fuerunt</strong></span> <span class='ocrx_word' id='word_1_719' title='bbox 2954 4558 3199 4614; x_wconf 90' lang='lat' dir='ltr'><strong>ordines.</strong></span> <span class='ocrx_word' id='word_1_720' title='bbox 3234 4560 3343 4614; x_wconf 79' lang='lat' dir='ltr'><strong>Su-</strong></span> 
     </span>
    </p>
   </div>
   <div class='ocr_carea' id='block_1_99' title="bbox 1752 4647 3340 4725">
    <p class='ocr_par' dir='ltr' id='par_1_99' title="bbox 1752 4647 3340 4725">
     <span class='ocr_line' id='line_1_99' title="bbox 1752 4647 3340 4725; baseline -0.005 -17"><span class='ocrx_word' id='word_1_721' title='bbox 1752 4653 1959 4725; x_wconf 90' lang='lat' dir='ltr'><strong>perbus</strong></span> <span class='ocrx_word' id='word_1_722' title='bbox 1985 4667 2116 4722; x_wconf 82' lang='lat' dir='ltr'><strong>ergo</strong></span> <span class='ocrx_word' id='word_1_723' title='bbox 2141 4662 2199 4705; x_wconf 90' lang='lat' dir='ltr'><strong>et</strong></span> <span class='ocrx_word' id='word_1_724' title='bbox 2231 4648 2599 4719; x_wconf 85' lang='lat' dir='ltr'><strong>nequissimus</strong></span> <span class='ocrx_word' id='word_1_725' title='bbox 2642 4647 2915 4711; x_wconf 86' lang='lat' dir='ltr'><strong>diabolus,</strong></span> <span class='ocrx_word' id='word_1_726' title='bbox 2942 4647 3012 4703; x_wconf 91' lang='lat' dir='ltr'><strong>ob</strong></span> <span class='ocrx_word' id='word_1_727' title='bbox 3041 4647 3340 4701; x_wconf 88' lang='lat' dir='ltr'><strong>elationem</strong></span> 
     </span>
    </p>
   </div>
   <div class='ocr_carea' id='block_1_100' title="bbox 1754 4737 3339 4814">
    <p class='ocr_par' dir='ltr' id='par_1_100' title="bbox 1754 4737 3339 4814">
     <span class='ocr_line' id='line_1_100' title="bbox 1754 4737 3339 4814; baseline -0.006 -13"><span class='ocrx_word' id='word_1_728' title='bbox 1754 4762 1910 4802; x_wconf 89' lang='lat' dir='ltr'><strong>suam</strong></span> <span class='ocrx_word' id='word_1_729' title='bbox 1950 4754 2003 4799; x_wconf 87' lang='lat' dir='ltr'><strong>et</strong></span> <span class='ocrx_word' id='word_1_730' title='bbox 2030 4742 2346 4814; x_wconf 73' lang='lat' dir='ltr'><strong>iactantiam</strong></span> <span class='ocrx_word' id='word_1_731' title='bbox 2392 4739 2710 4795; x_wconf 85' lang='lat' dir='ltr'><strong>coelestibus</strong></span> <span class='ocrx_word' id='word_1_732' title='bbox 2744 4740 2952 4811; x_wconf 89' lang='lat' dir='ltr'><strong>ejectus</strong></span> <span class='ocrx_word' id='word_1_733' title='bbox 3000 4737 3171 4809; x_wconf 88' lang='lat' dir='ltr'><strong>septis</strong></span> <span class='ocrx_word' id='word_1_734' title='bbox 3211 4752 3339 4792; x_wconf 89' lang='lat' dir='ltr'><strong>cum</strong></span> 
     </span>
    </p>
   </div>
   <div class='ocr_carea' id='block_1_101' title="bbox 1750 4828 3337 4908">
    <p class='ocr_par' dir='ltr' id='par_1_101' title="bbox 1750 4828 3337 4908">
     <span class='ocr_line' id='line_1_101' title="bbox 1750 4828 3337 4908; baseline -0.008 -15"><span class='ocrx_word' id='word_1_735' title='bbox 1750 4838 2105 4908; x_wconf 71' lang='lat' dir='ltr'><strong>snipatoribus</strong></span> <span class='ocrx_word' id='word_1_736' title='bbox 2133 4832 2423 4897; x_wconf 83' lang='lat' dir='ltr'><strong>suis,infra</strong></span> <span class='ocrx_word' id='word_1_737' title='bbox 2455 4833 2734 4888; x_wconf 61' lang='lat' dir='ltr'><strong>caelestem</strong></span> <span class='ocrx_word' id='word_1_738' title='bbox 2762 4832 3033 4902; x_wconf 79' lang='lat' dir='ltr'><strong>sphaeram</strong></span> <span class='ocrx_word' id='word_1_739' title='bbox 3067 4828 3337 4883; x_wconf 88' lang='lat' dir='ltr'><strong>contineri</strong></span> 
     </span>
    </p>
   </div>
   <div class='ocr_carea' id='block_1_102' title="bbox 1750 4924 3341 4998">
    <p class='ocr_par' dir='ltr' id='par_1_102' title="bbox 1750 4924 3341 4998">
     <span class='ocr_line' id='line_1_102' title="bbox 1750 4924 3341 4998; baseline -0.006 -13"><span class='ocrx_word' id='word_1_740' title='bbox 1750 4931 1973 4985; x_wconf 86' lang='lat' dir='ltr'><strong>dicitur.</strong></span> <span class='ocrx_word' id='word_1_741' title='bbox 2034 4928 2176 4998; x_wconf 84' lang='lat' dir='ltr'><strong>Ergo</strong></span> <span class='ocrx_word' id='word_1_742' title='bbox 2226 4927 2377 4981; x_wconf 91' lang='lat' dir='ltr'><strong>illum</strong></span> <span class='ocrx_word' id='word_1_743' title='bbox 2426 4934 2613 4995; x_wconf 85' lang='lat' dir='ltr'><strong>utpote</strong></span> <span class='ocrx_word' id='word_1_744' title='bbox 2660 4924 2864 4994; x_wconf 88' lang='lat' dir='ltr'><strong>pariter</strong></span> <span class='ocrx_word' id='word_1_745' title='bbox 2906 4929 3249 4985; x_wconf 86' lang='lat' dir='ltr'><strong>creaturam,</strong></span> <span class='ocrx_word' id='word_1_746' title='bbox 3282 4928 3341 4975; x_wconf 85' lang='lat' dir='ltr'><strong>et</strong></span> 
     </span>
    </p>
   </div>
   <div class='ocr_carea' id='block_1_103' title="bbox 1754 5012 3337 5083">
    <p class='ocr_par' dir='ltr' id='par_1_103' title="bbox 1754 5012 3337 5083">
     <span class='ocr_line' id='line_1_103' title="bbox 1754 5012 3337 5083; baseline -0.008 -4"><span class='ocrx_word' id='word_1_747' title='bbox 1754 5022 2031 5080; x_wconf 90' lang='lat' dir='ltr'><strong>sensibilis</strong></span> <span class='ocrx_word' id='word_1_748' title='bbox 2058 5020 2245 5074; x_wconf 89' lang='lat' dir='ltr'><strong>mundi</strong></span> <span class='ocrx_word' id='word_1_749' title='bbox 2279 5019 2535 5083; x_wconf 88' lang='lat' dir='ltr'><strong>incolam,</strong></span> <span class='ocrx_word' id='word_1_750' title='bbox 2568 5026 2714 5072; x_wconf 88' lang='lat' dir='ltr'><strong>recte</strong></span> <span class='ocrx_word' id='word_1_751' title='bbox 2745 5014 3009 5069; x_wconf 87' lang='lat' dir='ltr'><strong>Dominus</strong></span> <span class='ocrx_word' id='word_1_752' title='bbox 3034 5012 3337 5083; x_wconf 90' lang='lat' dir='ltr'><strong>principem</strong></span> 
     </span>
    </p>
   </div>
   <div class='ocr_carea' id='block_1_104' title="bbox 62 5104 1646 5195">
    <p class='ocr_par' dir='ltr' id='par_1_104' title="bbox 62 5114 1638 5195">
     <span class='ocr_line' id='line_1_104' title="bbox 62 5114 1638 5195; baseline 0.004 -28"><span class='ocrx_word' id='word_1_753' title='bbox 62 5114 148 5170; x_wconf 73' lang='grc' dir='ltr'><em>οὖν</em></span> <span class='ocrx_word' id='word_1_754' title='bbox 177 5125 375 5195; x_wconf 86' lang='grc' dir='ltr'><em>κτίσμα</em></span> <span class='ocrx_word' id='word_1_755' title='bbox 422 5126 553 5178; x_wconf 77' lang='grc' dir='ltr'><em>ὄντα</em></span> <span class='ocrx_word' id='word_1_756' title='bbox 604 5126 856 5177; x_wconf 73' lang='grc' dir='ltr'><em>κάκεῖνον</em></span> <span class='ocrx_word' id='word_1_757' title='bbox 908 5125 1003 5177; x_wconf 76' lang='grc' dir='ltr'><em>καὶ</em></span> <span class='ocrx_word' id='word_1_758' title='bbox 1054 5124 1201 5176; x_wconf 82' lang='grc' dir='ltr'><em>τόνδε</em></span> <span class='ocrx_word' id='word_1_759' title='bbox 1235 5123 1323 5176; x_wconf 82' lang='grc' dir='ltr'><em>τὸν</em></span> <span class='ocrx_word' id='word_1_760' title='bbox 1382 5121 1638 5192; x_wconf 73' lang='grc' dir='ltr'><em>αἰσθητὸν</em></span> 
     </span>
    </p>
   </div>
   <div class='ocr_carea' id='block_1_105' title="bbox 1822 5104 3334 5195">
    <p class='ocr_par' dir='ltr' id='par_1_105' title="bbox 1822 5104 3334 5185">
     <span class='ocr_line' id='line_1_105' title="bbox 1822 5104 3334 5185; baseline -0.008 -15"><span class='ocrx_word' id='word_1_761' title='bbox 1822 5118 1905 5181; x_wconf 73' lang='lat' dir='ltr'><strong>tit,</strong></span> <span class='ocrx_word' id='word_1_762' title='bbox 1934 5114 2166 5185; x_wconf 89' lang='lat' dir='ltr'><strong>primam</strong></span> <span class='ocrx_word' id='word_1_763' title='bbox 2194 5113 2362 5168; x_wconf 78' lang='lat' dir='ltr'><strong>veluti</strong></span> <span class='ocrx_word' id='word_1_764' title='bbox 2391 5122 2720 5175; x_wconf 81' lang='lat' dir='ltr'><strong>creaturam,</strong></span> <span class='ocrx_word' id='word_1_765' title='bbox 2753 5117 2809 5163; x_wconf 90' lang='lat' dir='ltr'><strong>et</strong></span> <span class='ocrx_word' id='word_1_766' title='bbox 2836 5122 2948 5177; x_wconf 85' lang='lat' dir='ltr'><strong>prae</strong></span> <span class='ocrx_word' id='word_1_767' title='bbox 2988 5105 3200 5160; x_wconf 87' lang='lat' dir='ltr'><strong>caeteris</strong></span> <span class='ocrx_word' id='word_1_768' title='bbox 3227 5104 3334 5176; x_wconf 85' lang='lat'><strong>55</strong></span> 
     </span>
    </p>
   </div>
   <div class='ocr_carea' id='block_1_106' title="bbox 62 5210 1641 5289">
    <p class='ocr_par' dir='ltr' id='par_1_106' title="bbox 62 5210 1641 5289">
     <span class='ocr_line' id='line_1_106' title="bbox 62 5210 1641 5289; baseline 0.014 -30"><span class='ocrx_word' id='word_1_769' title='bbox 62 5210 255 5282; x_wconf 83' lang='grc' dir='ltr'><em>κόσμον</em></span> <span class='ocrx_word' id='word_1_770' title='bbox 288 5218 743 5289; x_wconf 76' lang='grc' dir='ltr'><em>περιπολεύοντα,</em></span> <span class='ocrx_word' id='word_1_771' title='bbox 780 5217 1005 5280; x_wconf 78' lang='grc' dir='ltr'><em>εἰκότως</em></span> <span class='ocrx_word' id='word_1_772' title='bbox 1054 5219 1081 5269; x_wconf 89' lang='lat'><strong>6</strong></span> <span class='ocrx_word' id='word_1_773' title='bbox 1140 5215 1345 5287; x_wconf 78' lang='grc' dir='ltr'><strong>Κύριος</strong></span> <span class='ocrx_word' id='word_1_774' title='bbox 1402 5216 1641 5286; x_wconf 77' lang='grc' dir='ltr'><em>ἄρχοντα</em></span> 
     </span>
    </p>
   </div>
   <div class='ocr_carea' id='block_1_107' title="bbox 64 5302 1644 5380">
    <p class='ocr_par' dir='ltr' id='par_1_107' title="bbox 64 5302 1644 5380">
     <span class='ocr_line' id='line_1_107' title="bbox 64 5302 1644 5380; baseline 0.001 -26"><span class='ocrx_word' id='word_1_775' title='bbox 64 5302 218 5358; x_wconf 81' lang='grc' dir='ltr'><em>αὑτὸν</em></span> <span class='ocrx_word' id='word_1_776' title='bbox 266 5310 505 5380; x_wconf 81' lang='grc' dir='ltr'><em>εἴρηκεν,</em></span> <span class='ocrx_word' id='word_1_777' title='bbox 534 5308 738 5361; x_wconf 72' lang='grc' dir='ltr'><em>ὡσανεὶ</em></span> <span class='ocrx_word' id='word_1_778' title='bbox 764 5308 982 5378; x_wconf 86' lang='grc' dir='ltr'><em>πρῶτον</em></span> <span class='ocrx_word' id='word_1_779' title='bbox 1009 5306 1219 5376; x_wconf 84' lang='grc' dir='ltr'><em>κτίσμα</em></span> <span class='ocrx_word' id='word_1_780' title='bbox 1246 5306 1342 5359; x_wconf 74' lang='grc' dir='ltr'><em>καὶ</em></span> <span class='ocrx_word' id='word_1_781' title='bbox 1383 5304 1644 5375; x_wconf 82' lang='grc' dir='ltr'><em>τιμιώτε-</em></span> 
     </span>
    </p>
   </div>
   <div class='ocr_carea' id='block_1_108' title="bbox 67 5393 1642 5471">
    <p class='ocr_par' dir='ltr' id='par_1_108' title="bbox 67 5393 1642 5471">
     <span class='ocr_line' id='line_1_108' title="bbox 67 5393 1642 5471; baseline -0.001 -21"><span class='ocrx_word' id='word_1_782' title='bbox 67 5409 150 5459; x_wconf 67' lang='grc' dir='ltr'><strong>ρον</strong></span> <span class='ocrx_word' id='word_1_783' title='bbox 172 5402 458 5471; x_wconf 88' lang='grc' dir='ltr'><em>γενόμενον</em></span> <span class='ocrx_word' id='word_1_784' title='bbox 485 5403 643 5455; x_wconf 79' lang='grc' dir='ltr'><em>τοῦδε</em></span> <span class='ocrx_word' id='word_1_785' title='bbox 671 5400 767 5454; x_wconf 79' lang='grc' dir='ltr'><em>τοῦ</em></span> <span class='ocrx_word' id='word_1_786' title='bbox 792 5398 1111 5470; x_wconf 81' lang='grc' dir='ltr'><em>αἰσθητικοῦ</em></span> <span class='ocrx_word' id='word_1_787' title='bbox 1146 5399 1373 5468; x_wconf 84' lang='grc' dir='ltr'><em>κόσμου.</em></span> <span class='ocrx_word' id='word_1_788' title='bbox 1405 5393 1513 5449; x_wconf 86' lang='grc' dir='ltr'><em>Ἦν</em></span> <span class='ocrx_word' id='word_1_789' title='bbox 1535 5395 1642 5467; x_wconf 86' lang='grc' dir='ltr'><strong>γάρ</strong></span> 
     </span>
    </p>
   </div>
   <div class='ocr_carea' id='block_1_109' title="bbox 63 5489 1638 5566">
    <p class='ocr_par' dir='ltr' id='par_1_109' title="bbox 63 5489 1638 5566">
     <span class='ocr_line' id='line_1_109' title="bbox 63 5489 1638 5566; baseline 0.002 -28"><span class='ocrx_word' id='word_1_790' title='bbox 63 5501 184 5541; x_wconf 85' lang='grc' dir='ltr'><em>ποτε</em></span> <span class='ocrx_word' id='word_1_791' title='bbox 214 5496 446 5564; x_wconf 86' lang='grc' dir='ltr'><em>κρείττω</em></span> <span class='ocrx_word' id='word_1_792' title='bbox 466 5495 575 5548; x_wconf 89' lang='grc' dir='ltr'><strong>τῶν</strong></span> <span class='ocrx_word' id='word_1_793' title='bbox 604 5493 899 5566; x_wconf 83' lang='grc' dir='ltr'><em>αἰσθητῶν,</em></span> <span class='ocrx_word' id='word_1_794' title='bbox 933 5494 959 5545; x_wconf 88' lang='grc' dir='ltr'>ὁ</span> <span class='ocrx_word' id='word_1_795' title='bbox 991 5490 1081 5545; x_wconf 76' lang='grc' dir='ltr'><em>καὶ</em></span> <span class='ocrx_word' id='word_1_796' title='bbox 1106 5491 1205 5561; x_wconf 81' lang='grc' dir='ltr'><em>τῆς</em></span> <span class='ocrx_word' id='word_1_797' title='bbox 1229 5490 1498 5553; x_wconf 82' lang='grc' dir='ltr'><em>δυσώδους</em></span> <span class='ocrx_word' id='word_1_798' title='bbox 1542 5489 1638 5542; x_wconf 80' lang='grc' dir='ltr'><em>κό-</em></span> 
     </span>
    </p>
   </div>
   <div class='ocr_carea' id='block_1_110' title="bbox 64 5582 1642 5658">
    <p class='ocr_par' dir='ltr' id='par_1_110' title="bbox 64 5582 1642 5658">
     <span class='ocr_line' id='line_1_110' title="bbox 64 5582 1642 5658; baseline -0.01 -10"><span class='ocrx_word' id='word_1_799' title='bbox 64 5592 190 5647; x_wconf 56' lang='lat'><strong>799”</strong></span> <span class='ocrx_word' id='word_1_800' title='bbox 245 5587 443 5656; x_wconf 81' lang='grc' dir='ltr'><em>ἀρτίως</em></span> <span class='ocrx_word' id='word_1_801' title='bbox 497 5586 762 5658; x_wconf 83' lang='grc' dir='ltr'><em>ὑπάρχων</em></span> <span class='ocrx_word' id='word_1_802' title='bbox 818 5583 1279 5655; x_wconf 79' lang='grc' dir='ltr'><em>ἀκαθαρτότερος.</em></span> <span class='ocrx_word' id='word_1_803' title='bbox 1327 5582 1439 5634; x_wconf 80' lang='grc' dir='ltr'><strong>Καὶ</strong></span> <span class='ocrx_word' id='word_1_804' title='bbox 1476 5582 1642 5649; x_wconf 80' lang='grc' dir='ltr'><em>ἡμεῖς</em></span> 
     </span>
    </p>
   </div>
   <div class='ocr_carea' id='block_1_111' title="bbox 131 5736 1650 5817">
    <p class='ocr_par' dir='ltr' id='par_1_111' title="bbox 131 5736 1650 5817">
     <span class='ocr_line' id='line_1_111' title="bbox 131 5736 1650 5817; baseline 0.001 -20"><span class='ocrx_word' id='word_1_805' title='bbox 131 5736 171 5769; x_wconf 74' lang='grc'>⁸⁸</span> <span class='ocrx_word' id='word_1_806' title='bbox 200 5741 245 5797; x_wconf 92' lang='lat' dir='ltr'><strong>ll</strong></span> <span class='ocrx_word' id='word_1_807' title='bbox 284 5744 403 5805; x_wconf 89' lang='lat' dir='ltr'><strong>Cor.</strong></span> <span class='ocrx_word' id='word_1_808' title='bbox 431 5763 485 5817; x_wconf 67' lang='grc' dir='ltr'><strong>κ,</strong></span> <span class='ocrx_word' id='word_1_809' title='bbox 510 5748 561 5804; x_wconf 78' lang='lat'><strong>5.</strong></span> <span class='ocrx_word' id='word_1_810' title='bbox 640 5748 684 5781; x_wconf 78' lang='grc'><strong>⁶⁹</strong></span> <span class='ocrx_word' id='word_1_811' title='bbox 725 5745 745 5801; x_wconf 84' lang='grc'>1</span> <span class='ocrx_word' id='word_1_812' title='bbox 776 5746 918 5804; x_wconf 88' lang='lat' dir='ltr'><strong>Tim.</strong></span> <span class='ocrx_word' id='word_1_813' title='bbox 954 5762 989 5815; x_wconf 84' lang='grc' dir='ltr'><strong>ι,</strong></span> <span class='ocrx_word' id='word_1_814' title='bbox 1022 5746 1075 5803; x_wconf 88' lang='lat'><strong>9.</strong></span> <span class='ocrx_word' id='word_1_815' title='bbox 1153 5742 1380 5801; x_wconf 74' lang='lat' dir='ltr'><strong>&quot;Joan.</strong></span> <span class='ocrx_word' id='word_1_816' title='bbox 1416 5741 1650 5813; x_wconf 77' lang='lat' dir='ltr'><strong>x1v,50.</strong></span> 
     </span>
    </p>
   </div>
   <div class='ocr_carea' id='block_1_112' title="bbox 1741 5197 3337 5278">
    <p class='ocr_par' dir='ltr' id='par_1_112' title="bbox 1741 5197 3337 5278">
     <span class='ocr_line' id='line_1_112' title="bbox 1741 5197 3337 5278; baseline -0.009 -12"><span class='ocrx_word' id='word_1_817' title='bbox 1741 5210 1937 5267; x_wconf 89' lang='lat' dir='ltr'><strong>mundi</strong></span> <span class='ocrx_word' id='word_1_818' title='bbox 1972 5208 2138 5278; x_wconf 90' lang='lat' dir='ltr'><strong>hujus</strong></span> <span class='ocrx_word' id='word_1_819' title='bbox 2184 5207 2535 5262; x_wconf 88' lang='lat' dir='ltr'><strong>nobiliorem.</strong></span> <span class='ocrx_word' id='word_1_820' title='bbox 2562 5203 2687 5258; x_wconf 89' lang='lat' dir='ltr'><strong>Fuit</strong></span> <span class='ocrx_word' id='word_1_821' title='bbox 2717 5200 2862 5256; x_wconf 91' lang='lat' dir='ltr'><strong>enim</strong></span> <span class='ocrx_word' id='word_1_822' title='bbox 2893 5197 3187 5268; x_wconf 88' lang='lat' dir='ltr'><strong>aliquando</strong></span> <span class='ocrx_word' id='word_1_823' title='bbox 3216 5213 3337 5252; x_wconf 82' lang='lat' dir='ltr'><strong>sen-</strong></span> 
     </span>
    </p>
   </div>
   <div class='ocr_carea' id='block_1_113' title="bbox 1750 5290 3334 5363">
    <p class='ocr_par' dir='ltr' id='par_1_113' title="bbox 1750 5290 3334 5363">
     <span class='ocr_line' id='line_1_113' title="bbox 1750 5290 3334 5363; baseline -0.011 -5"><span class='ocrx_word' id='word_1_824' title='bbox 1750 5301 2001 5358; x_wconf 85' lang='lat' dir='ltr'><strong>sibilibus</strong></span> <span class='ocrx_word' id='word_1_825' title='bbox 2036 5298 2252 5354; x_wconf 89' lang='lat' dir='ltr'><strong>cunctis</strong></span> <span class='ocrx_word' id='word_1_826' title='bbox 2289 5297 2502 5359; x_wconf 88' lang='lat' dir='ltr'><strong>melior,</strong></span> <span class='ocrx_word' id='word_1_827' title='bbox 2536 5293 2629 5363; x_wconf 90' lang='lat' dir='ltr'><strong>qui</strong></span> <span class='ocrx_word' id='word_1_828' title='bbox 2662 5308 2810 5346; x_wconf 87' lang='lat' dir='ltr'><strong>nunc</strong></span> <span class='ocrx_word' id='word_1_829' title='bbox 2843 5299 2927 5345; x_wconf 87' lang='lat' dir='ltr'><strong>est</strong></span> <span class='ocrx_word' id='word_1_830' title='bbox 2956 5290 3162 5344; x_wconf 80' lang='lat' dir='ltr'><strong>fetente</strong></span> <span class='ocrx_word' id='word_1_831' title='bbox 3193 5296 3334 5342; x_wconf 88' lang='lat' dir='ltr'><strong>ster-</strong></span> 
     </span>
    </p>
   </div>
   <div class='ocr_carea' id='block_1_114' title="bbox 1742 5378 3334 5461">
    <p class='ocr_par' dir='ltr' id='par_1_114' title="bbox 1742 5378 3334 5461">
     <span class='ocr_line' id='line_1_114' title="bbox 1742 5378 3334 5461; baseline -0.009 -14"><span class='ocrx_word' id='word_1_832' title='bbox 1742 5406 1872 5448; x_wconf 90' lang='lat' dir='ltr'><strong>core</strong></span> <span class='ocrx_word' id='word_1_833' title='bbox 1903 5389 2190 5461; x_wconf 89' lang='lat' dir='ltr'><strong>impurior.</strong></span> <span class='ocrx_word' id='word_1_834' title='bbox 2224 5389 2293 5442; x_wconf 85' lang='lat' dir='ltr'><strong>Et</strong></span> <span class='ocrx_word' id='word_1_835' title='bbox 2333 5402 2435 5441; x_wconf 91' lang='lat' dir='ltr'><strong>nos</strong></span> <span class='ocrx_word' id='word_1_836' title='bbox 2478 5400 2695 5455; x_wconf 88' lang='lat' dir='ltr'><strong>quoque</strong></span> <span class='ocrx_word' id='word_1_837' title='bbox 2723 5380 3052 5453; x_wconf 84' lang='lat' dir='ltr'><strong>principium</strong></span> <span class='ocrx_word' id='word_1_838' title='bbox 3095 5378 3334 5434; x_wconf 91' lang='lat' dir='ltr'><strong>sensibi-</strong></span> 
     </span>
    </p>
   </div>
   <div class='ocr_carea' id='block_1_115' title="bbox 1745 5472 3333 5541">
    <p class='ocr_par' dir='ltr' id='par_1_115' title="bbox 1745 5472 3333 5541">
     <span class='ocr_line' id='line_1_115' title="bbox 1745 5472 3333 5541; baseline -0.011 -2"><span class='ocrx_word' id='word_1_839' title='bbox 1745 5483 1879 5541; x_wconf 89' lang='lat' dir='ltr'><strong>lium</strong></span> <span class='ocrx_word' id='word_1_840' title='bbox 1924 5478 2171 5535; x_wconf 89' lang='lat' dir='ltr'><strong>omnium</strong></span> <span class='ocrx_word' id='word_1_841' title='bbox 2225 5476 2319 5531; x_wconf 90' lang='lat' dir='ltr'><strong>Dei</strong></span> <span class='ocrx_word' id='word_1_842' title='bbox 2369 5483 2742 5531; x_wconf 86' lang='lat' dir='ltr'><strong>creaturarum</strong></span> <span class='ocrx_word' id='word_1_843' title='bbox 2792 5472 2989 5527; x_wconf 70' lang='lat' dir='ltr'><strong>crelum</strong></span> <span class='ocrx_word' id='word_1_844' title='bbox 3022 5479 3333 5540; x_wconf 88' lang='lat' dir='ltr'><strong>terramque</strong></span> 
     </span>
    </p>
   </div>
   <div class='ocr_carea' id='block_1_116' title="bbox 1742 5563 3329 5640">
    <p class='ocr_par' dir='ltr' id='par_1_116' title="bbox 1742 5563 3329 5640">
     <span class='ocr_line' id='line_1_116' title="bbox 1742 5563 3329 5640; baseline -0.012 -6"><span class='ocrx_word' id='word_1_845' title='bbox 1742 5591 1865 5634; x_wconf 87' lang='lat' dir='ltr'><strong>esse</strong></span> <span class='ocrx_word' id='word_1_846' title='bbox 1904 5572 2170 5639; x_wconf 89' lang='lat' dir='ltr'><strong>dicimus,</strong></span> <span class='ocrx_word' id='word_1_847' title='bbox 2206 5583 2317 5626; x_wconf 89' lang='lat' dir='ltr'><strong>non</strong></span> <span class='ocrx_word' id='word_1_848' title='bbox 2358 5568 2503 5640; x_wconf 89' lang='lat' dir='ltr'><strong>quod</strong></span> <span class='ocrx_word' id='word_1_849' title='bbox 2545 5567 2665 5625; x_wconf 54' lang='lat' dir='ltr'><strong>hac</strong></span> <span class='ocrx_word' id='word_1_850' title='bbox 2695 5566 2908 5624; x_wconf 86' lang='lat' dir='ltr'><strong>caeteris</strong></span> <span class='ocrx_word' id='word_1_851' title='bbox 2953 5563 3329 5627; x_wconf 88' lang='lat' dir='ltr'><strong>dominentur,</strong></span> 
     </span>
    </p>
   </div>
  </div>
