3928 6246
356 350 359 355 λ
431 305 577 373 1315

1824 310 2057 372 PETRI
2094 312 2348 374 SICULI

3574 307 3706 376 1316

415 420 516 475 sed
549 421 680 491 quia
718 419 1051 492 principium
1082 420 1284 478 divinze
1329 418 1623 477 creationis
1651 417 1824 474 fuere.
1857 420 2016 474 Prin-

2141 422 2233 493 γὰρ
2276 420 2452 492 ἀρχὴν
2490 418 2600 472 τῶν
2651 416 2924 489 αἰσθητῶν
2953 417 3048 471 τοῦ
3084 417 3221 471 Θεοῦ
3272 419 3590 488 κτισμάτων
3623 421 3711 471 τὸν

418 512 625 583 cipales
670 515 800 570 item
849 514 995 569 viros
1025 524 1082 570 et
1127 515 1512 571 honoratiores
1546 514 1600 568 in
1643 513 1875 569 urbibus
1920 522 2016 568 aut

415 607 589 678 pagis,
618 622 878 677 proceres
905 623 969 663 ac
995 608 1277 680 principes
1302 609 1489 665 dicere
1517 608 1777 672 solemus,
1818 606 1921 661 etsi
1959 607 2013 659 in

416 700 693 755 neminem
725 708 1051 770 potestatem
1088 702 1346 758 habeant.
1382 702 1472 757 Sic
1501 716 1633 768 ergo
1658 717 1688 756 a
1732 714 1818 755 me
1848 699 2016 754 intel-

415 789 602 861 ligitur
633 793 798 863 hujus
832 793 1021 847 mundi
1055 795 1332 866 princeps.

2121 513 2349 584 οὐρανὸν
2381 513 2479 565 καὶ
2508 511 2605 581 τὴν
2638 511 2744 581 γῆν
2774 507 2935 580 ξεῖναι
2986 510 3238 579 λέγομεν,
3274 510 3374 580 οὐχ
3418 512 3506 564 ὃτι
3540 510 3712 564 ἀλλων

2121 605 2285 658 τινῶν
2341 603 2748 669 ὲξουσιάζουσιν
2781 642 2795 667 ,
2829 601 2943 656 ἀλλ’
2970 602 3053 655 ὅτι
3102 603 3245 672 ἀρχὴ
3286 601 3385 669 τῆς
3436 601 3531 654 τοῦ
3583 600 3713 655 Θεοῦ

2124 697 2487 768 δημιουργίας
2516 697 2675 749 εἰσίν.
2710 696 2822 749 Καὶ⁵
2858 695 2985 758 τοὺς
3015 694 3265 763 πρώτους
3301 695 3395 746 καὶ
3430 694 3713 763 ἐντιμοτέ-

2129 807 2256 859 ρους
2303 792 2360 843 ὲν
2394 792 2513 852 ταῖς
2566 786 2850 858 πόλεσινῆ
2903 789 2961 839 ὲν
3001 790 3123 849 ταῖς
3162 784 3375 855 κώμαις
3424 786 3715 856 προοίκους

415 882 512 937 καὶ
557 882 829 955 ἄρχοντας
875 884 1149 955 εἰώθαμεν
1203 883 1405 955 λέγειν,
1451 884 1658 955 καίπερ
1720 880 1884 936 τινῶν
1936 881 2012 952 μὴ
2085 879 2519 946 ὲξουσιάζοντας.
2553 877 2710 932 Οὕτω
2757 878 2957 931 νοεῖταί
3006 878 3158 950 μοιὸ
3188 878 3373 948 ἄρχων
3390 877 3487 931 τοῦ
3515 879 3715 951 κόσμου

414 991 635 1029 τουτου.

486 1066 629 1123 Vlll.
674 1066 839 1134 Quod
896 1067 943 1122 si
994 1067 1133 1124 forte
1181 1069 1612 1125 concederemus
1662 1070 1842 1141 ipsum
1901 1073 2031 1128 huic

416 1161 623 1217 mundo
645 1160 939 1226 dominari,
964 1169 1098 1215 tunc
1125 1160 1198 1215 ita
1232 1161 1527 1217 dicendum
1556 1172 1660 1217 est.
1708 1163 1883 1219 llomo
1906 1182 2031 1236 para-

418 1269 523 1309 vus
561 1253 803 1309 mundus
842 1262 898 1307 et
928 1263 1013 1307 est
1054 1262 1108 1307 et
1142 1253 1342 1308 dicitur
1370 1273 1385 1308 :
1415 1271 1577 1324 quam
1609 1271 1721 1310 rem
1764 1258 1903 1313 bene
1935 1274 2029 1313 co-

418 1363 670 1418 gnosces,
702 1346 747 1400 si
786 1346 1056 1400 elementa
1098 1347 1319 1417 singula
1366 1348 1567 1418 quibus
1595 1358 1812 1405 constat
1845 1352 2029 1406 consi-

420 1440 738 1503 deraveris,
791 1446 848 1493 et
890 1440 1112 1493 cuinam
1160 1439 1373 1510 singula
1425 1442 1704 1497 mundano
1756 1444 2028 1500 elemento

419 1531 813 1601 respondeant,
848 1539 905 1585 et
939 1531 1085 1586 unde
1120 1534 1549 1603 unumquodque
1614 1536 1881 1590 consistat
1909 1555 1920 1591 :
1954 1537 2027 1592 ita

388 1628 393 1633 λ
420 1632 482 1678 ut
513 1623 581 1690 si,
613 1622 844 1678 consilio
882 1622 1086 1693 aliquo,
1124 1625 1209 1679 vel
1239 1640 1412 1679 unum
1445 1640 1512 1679 ex
1544 1626 1832 1681 elementis
1858 1644 2022 1681 mun-

2202 1068 2286 1123 H’.
2327 1068 2537 1121 Ἀλλέἰ
2572 1066 2670 1121 καὶ
2712 1066 2895 1136 δῶμεν
2937 1065 3099 1120 αὐτὸν
3132 1065 3319 1135 ἄρχειν
3355 1066 3452 1120 καὶ
3484 1065 3718 1131 ἐξουσιά-

2130 1164 2244 1228 ζειν
2275 1161 2429 1214 τοῦδε
2471 1160 2566 1214 τοῦ
2611 1162 2841 1230 κόσμου,
2872 1160 3065 1230 ῥητέον
3093 1158 3290 1223 οὖτως’
3339 1159 3399 1215 ’0
3434 1159 3714 1231 ἄνθρωπος

2133 1255 2327 1324 μικρὸς
2360 1255 2564 1324 κόσμος
2588 1252 2684 1305 καὶ
2708 1253 2821 1305 ἔστι
2848 1254 2944 1305 καὶ
2973 1251 3213 1319 λέγεται·
3249 1254 3342 1306 καὶ
3373 1252 3538 1305 τοῦτο
3565 1254 3717 1323 ἀκρι-

2131 1347 2240 1409 ϐῶς
2266 1346 2451 1417 γνώσῃ
2484 1345 2592 1398 τῶν
2639 1362 2703 1398 πε
2716 1346 2768 1416 ρ).
2810 1344 2974 1398 αὑτὸν
3005 1346 3287 1415 στοιχείων
3319 1345 3713 1416 ἀναλογισάμε-

2130 1457 2218 1503 νος
2265 1440 2364 1510 τὴν
2413 1438 2683 1503 σύνθεσιν,
2729 1439 2825 1492 καὶ
2857 1440 3010 1490 ποῖον
3034 1438 3267 1491 ἕκαστον
3302 1438 3444 1507 ποίῳ
3471 1437 3713 1509 κοσμικῷ

2130 1532 2382 1602 στοιχείῳ
2409 1530 2605 1595 ἔοικεν,
2636 1532 2732 1584 καὶ
2771 1534 2835 1584 ὲκ
2863 1532 3018 1584 ποίου
3048 1531 3280 1584 ἕκαστον
3310 1530 3712 1600 μεταλαμϐάνει

2130 1625 2225 1678 καὶ
2255 1624 2590 1676 συνίσταταιο
2626 1621 2773 1695 [cod.
2800 1624 2839 1676 f.
2864 1622 3015 1694 117.]
3046 1620 3186 1675 ὥστε
3205 1624 3254 1676 εἰ
3292 1623 3509 1693 ἐπινοίᾳ.
3538 1624 3639 1675 τινὶ
3661 1621 3713 1675 ἓν

421 1712 601 1780 (lanis,
641 1713 879 1780 deﬁciat,
915 1713 1027 1783 jam
1065 1730 1177 1769 non
1213 1715 1284 1769 sit
1318 1716 1484 1771 homo
1516 1717 1718 1771 animal
1754 1718 2022 1773 rationale

2141 1714 2242 1767 τῶν
2289 1714 2573 1784 κοσμικῶν
2604 1715 2887 1785 στοιχείων
2932 1713 3197 1783 ἐκλείψει,
3245 1712 3346 1766 οὐκ
3398 1714 3553 1767 ἔσται
3585 1712 3710 1778 ζῶον

422 1806 678 1872 mortale,
712 1820 896 1875 neque
928 1805 1061 1860 item
1093 1806 1352 1861 universa
1382 1816 1539 1863 terrae
1578 1807 1785 1864 fabrica
1817 1809 2025 1865 diutius

422 1897 707 1952 subsistat.
738 1896 876 1968 Ergo
902 1912 1027 1952 cum
1053 1906 1230 1953 semet
1262 1899 1515 1955 homines
1544 1901 1613 1955 ab
1653 1916 1762 1956 uno
1793 1902 2026 1972 purissi.

425 2003 627 2058 moque
682 1988 795 2043 Deo
844 1998 1040 2059 sponte
1090 1992 1504 2059 separaverint,
1559 1992 1775 2048 blandis
1825 1992 2027 2048 diaboli

422 2080 570 2134 escis
594 2080 782 2145 illecti,
801 2089 859 2135 et
880 2082 1192 2137 carnalibus
1214 2083 1411 2138 irretiti
1430 2086 1777 2155 corruptelis,
1796 2102 2026 2157 quarum

429 2171 520 2226 ille
543 2172 805 2243 magister
831 2181 937 2239 est,
969 2172 1150 2245 ipsum
1172 2186 1576 2246 consequenter
1598 2186 1902 2248 apostatam
1926 2179 2029 2233 sibi

437 2263 740 2334 principem
773 2264 1082 2322 effecerunt
1110 2285 1123 2321 :
1157 2284 1323 2337 quem
1352 2284 1537 2324 rerum
1570 2270 1772 2334 exitus,
1804 2286 1916 2325 non
1950 2270 2032 2325 di-

2130 1805 2350 1873 λογικόν
2400 1804 2592 1875 θνητὸν
2624 1805 2682 1858 τὸ
2712 1807 2995 1875 παράπαν,
3025 1806 3140 1858 ἀλλ’
3170 1805 3293 1859 οὐδὲ
3344 1807 3502 1859 πᾶσα
3540 1806 3574 1875 η
3622 1808 3711 1876 τῆς

2133 1896 2238 1966 γῆς
2291 1896 2671 1965 διακόσμησις.
2739 1894 3000 1959 Ἑαυτοὺς
3056 1892 3151 1949 οὖν
3201 1898 3251 1949 οἰ
3299 1894 3580 1967 ἄνθρωποι
3626 1893 3710 1949 τοῦ

2138 1987 2301 2058 μόνου
2360 1989 2456 2039 και
2506 1985 2901 2058 καθαρωτάτου
2933 1986 3067 2040 Θεοῦ
3118 1987 3389 2049 ἑκουσίως
3444 1986 3710 2056 ἀποχωρί·

2137 2096 2349 2143 σαντες,
2400 2079 2495 2131 καὶ
2545 2083 2659 2142 τοῖς
2694 2078 2789 2133 τοῦ
2842 2078 3082 2149 πονηροῦ
3134 2079 3502 2142 θωπευτικοῖς
3559 2095 3710 2148 προσ-

2139 2173 2361 2244 ρυέντες
2411 2171 2763 2243 δελεάσμασι,
2796 2171 3029 2235 καὶτοῖς
3061 2174 3347 2243 σαρκικοῖς
3382 2170 3710 2235 συνδεθέντες

2134 2268 2430 2337 μιάσμασι,
2462 2259 2540 2321 ὧν
2588 2267 2749 2330 αὐτός
2796 2268 2913 2319 ἐστι
2947 2265 3288 2332 διδάσκαλος,
3321 2266 3555 2329 εἰκότως
3598 2266 3708 2320 ὲαν·

426 2355 553 2411 vina
578 2354 927 2412 Providentia
959 2359 1265 2430 principem
1289 2362 1575 2417 constituit
1602 2363 1821 2428 mundi,
1864 2363 1919 2417 id
1948 2372 2034 2418 est

2141 2359 2238 2414 τῶν
2269 2360 2507 2430 ἄρχοντα
2528 2358 2622 2411 τὸν
2654 2358 2970 2429 ἀποστάτην
2991 2358 3323 2426 tremit;an
3346 2357 3413 2409 ὃν
3436 2358 3469 2427 ὴ
3502 2355 3708 2418 ἔκϐασις

431 2447 868 2505 inconstantium
891 2460 947 2506 et
969 2452 1055 2506 sui
1081 2452 1297 2507 arbitrii
1322 2453 1605 2509 hominum
1634 2455 2029 2525 improborum.

429 2538 567 2593 Nam
605 2555 797 2610 reapse
840 2541 972 2597 solis
1002 2542 1267 2612 improbis
1315 2543 1674 2600 dominatur:
1715 2560 1874 2600 secus
1904 2561 2034 2601 vero

426 2632 588 2687 bonis
612 2630 863 2704 frugique
892 2634 1208 2690 hominibus
1232 2637 1372 2692 adeo
1403 2652 1513 2691 non
1540 2637 1791 2707 imperat,
1822 2646 1881 2692 ut
1901 2654 2026 2693 eum

431 2731 580 2777 metu
616 2724 799 2793 potius
829 2724 897 2779 iis
931 2725 1155 2789 serviat,
1192 2734 1248 2781 et
1285 2726 1528 2797 ipsorum
1559 2728 1803 2798 jussibus
1830 2729 2028 2784 timens

435 2824 793 2886 tremensque
834 2818 1199 2889 obtemperet,
1258 2820 1305 2876 si
1348 2821 1481 2890 quid
1520 2820 1623 2891 ipsi
1659 2828 1719 2875 ut
1756 2822 2028 2891 mancipio

435 2912 720 2966 mandent.
739 2912 918 2967 Veluti
936 2911 1090 2967 Pauli
1113 2913 1272 2984 jussu
1302 2913 1633 2986 pythonicus
1672 2914 1896 2985 spiritus
1918 2915 2031 2985 eje-

427 3012 552 3059 ctus
574 3002 677 3057 fuit
697 3004 740 3033 "
764 3021 778 3069 ;
807 3013 861 3058 et
884 3004 1048 3059 homo
1065 3004 1154 3058 ille
1177 3005 1271 3074 qui
1295 3004 1544 3060 Corinthi
1569 3015 1892 3075 peccaverat
1911 3005 2030 3059 dia-

2128 2453 2237 2507 τῶν
2266 2452 2635 2523 πραγμάτων,
2674 2452 2771 2522 οὐχ
2810 2454 2844 2520 ἠ
2899 2451 3020 2504 Θεία
3063 2452 3287 2522 πρόνοια
3336 2450 3579 2517 ἀνέδειξε
3624 2447 3706 2501 τοῦ

2131 2548 2339 2617 κόσμου
2380 2546 2618 2615 ἄρχοντα
2651 2544 2760 2597 τῶν
2792 2543 3201 2615 ἐθελοτρέπτων
3232 2544 3329 2597 καὶ
3357 2542 3707 2607 αύτεξουσίων

2135 2638 2231 2691 καὶ
2285 2638 2538 2709 πονηρῶν
2569 2636 2898 2707 ἀνθρώπων.
2933 2638 3021 2691 Ἐν
3059 2637 3169 2709 γὰρ
3198 2640 3310 2696 τοῖς
3338 2638 3533 2699 κακοῖς
3565 2636 3707 2706 ἄρχει

2137 2732 2231 2782 καὶ
2272 2729 2452 2799 μόνον’
2502 2731 2598 2784 καὶ
2650 2730 2713 2783 ἐν
2759 2730 2817 2783 δὲ
2864 2731 2977 2793 τοῖς
3028 2731 3123 2783 καὶ
3152 2730 3383 2796 ἀγαθοῖς
3416 2727 3706 2799 ἀνθρώποις

2135 2822 2392 2875 οὐδέποτε
2425 2817 2614 2894 ἦρξεν,
2650 2821 2850 2893 μᾶλλον
2885 2823 2942 2875 δὲ
2981 2822 3075 2876 καὶ
3127 2822 3267 2893 μετὰ
3319 2821 3494 2890 φόϐου
3542 2820 3707 2883 αὐτοῖς

2134 2912 2477 2978 δεδούλωται,
2531 2917 2597 2985 τῇ
2636 2913 2931 2985 προστάξει
2954 2914 3164 2981 ζαὺτῶν
3211 2912 3364 2983 φόϐῳ
3403 2913 3497 2966 καὶ
3538 2912 3707 2983 τρόμῳ

2141 3005 2405 3070 ὑπείκων,
2433 3007 2485 3058 εί
2514 3024 2567 3058 τι
2589 3005 2656 3059 ἂν
2683 3006 2831 3076 αὐτῷ
2869 3007 2944 3069 ὡς
2971 3005 3291 3075 ἀνδραπόδῳ
3325 3002 3705 3074 προστάξωσιν.

429 3095 556 3150 bolo
585 3096 653 3149 ab
690 3095 884 3149 eodem
923 3096 1093 3150 Paulo
1124 3098 1191 3151 ad
1236 3097 1402 3151 breve
1452 3106 1668 3167 tempus
1706 3098 1936 3151 traditus
1959 3098 2027 3163 ⁷³,

2153 3098 2240 3161 Ὡς
2280 3098 2494 3152 Παύλου
2524 3102 2590 3169 τῇ
2628 3100 2875 3152 κελεύσει
2903 3098 2963 3151 τὸ
2993 3097 3264 3151 πυθώνιον
3292 3097 3513 3168 πνεῦμα
3536 3095 3703 3164 ἐξελή-

429 3205 558 3244 mox
598 3204 710 3243 non
750 3189 871 3243 sine
917 3206 1113 3261 magna
1156 3200 1428 3260 potestate
1466 3199 1721 3261 receptus
1758 3190 1879 3244 fuit.
1924 3188 2031 3245 Res

429 3282 661 3352 insuper
709 3281 769 3337 ﬁt
812 3283 1125 3352 explorata,
1173 3284 1432 3354 quoniam
1480 3299 1624 3353 saepe
1672 3281 1919 3338 nonnulli
1961 3282 2029 3337 de

430 3383 578 3429 recta
602 3375 689 3429 via
722 3385 921 3445 sponte
951 3376 1231 3431 declinant
1256 3377 1323 3431 ad
1360 3392 1709 3447 perversam;
1743 3387 1798 3431 et
1830 3393 1895 3429 ex
1929 3376 2032 3431 hac

430 3483 623 3523 rursus
656 3468 712 3522 in
751 3478 959 3523 rectam
1000 3470 1233 3524 redeunt
1263 3492 1276 3524 :
1312 3470 1459 3539 quod
1499 3470 1553 3522 in
1587 3470 1878 3523 mundanis
1916 3469 2029 3524 ele-

432 3559 637 3614 mentis
661 3558 778 3614 lieri
804 3560 1018 3629 nequit.
1048 3560 1238 3630 Neque
1263 3561 1408 3615 enim
1428 3561 1568 3632 ignis
1591 3559 1698 3632 56
1715 3577 1951 3630 unquam
1976 3562 2031 3614 in

432 3668 630 3721 aquam
673 3661 941 3716 vertetur,
985 3667 1091 3706 nec
1131 3652 1185 3705 in
1231 3654 1412 3721 ignem
1457 3668 1636 3723 aqua;
1676 3664 1770 3707 aut
1809 3664 1952 3707 terra
1986 3654 2042 3706 in

435 3760 645 3808 aerem,
675 3744 762 3798 vel
793 3745 847 3798 in
880 3753 1083 3798 terram
1126 3760 1246 3809 aer,
1288 3746 1383 3799 sed
1421 3746 1611 3799 eadem
1645 3760 1861 3815 semper
1893 3754 2041 3807 sunt,

434 3835 722 3891 Creatoris
748 3836 845 3890 Dei
868 3845 1127 3890 concreta
1150 3846 1205 3890 et
1229 3846 1549 3891 conservata
1581 3836 1865 3891 tremendo
1886 3852 2045 3890 man-

439 3928 569 3983 dato
597 3941 776 3995 usque
814 3927 884 3981 ad
917 3938 1220 3981 extremam
1255 3927 1422 3981 diem.
1465 3926 1706 3992 Quorum
1742 3927 2044 3981 elemento-

442 4035 567 4074 rum
592 4018 638 4073 si
667 4018 809 4074 forte
836 4019 1179 4074 dominatum
1222 4027 1618 4089 potestatemve
1649 4021 1736 4075 ille
1765 4020 2048 4091 improbus

441 4112 529 4167 vel
556 4110 885 4165 brevissimo
917 4118 1170 4180 tempore
1204 4120 1400 4164 nactus
1428 4120 1591 4173 esset,
1619 4111 1802 4164 omnia
1828 4111 2048 4180 jamdu-

442 4206 579 4261 dum
613 4204 907 4259 avertisset
936 4218 1270 4273 pessumque
1297 4204 1557 4258 dedisset.
1591 4204 1698 4258 Sed
1727 4204 1873 4259 enim
1902 4219 1971 4257 ne
1995 4203 2048 4257 in

442 4313 646 4367 porcos
672 4297 892 4366 quidem
926 4305 1253 4366 potestatem
1288 4296 1479 4351 habuit
1508 4296 1575 4362 ⁷³,
1614 4308 1673 4350 ιιι
1699 4311 1767 4351 ex
1802 4297 2050 4365 Evange—

440 4389 532 4444 liis
572 4388 916 4453 audivimus,
955 4387 1061 4441 nisi
1117 4388 1469 4458 permittente
1514 4387 1644 4443 Deo.
1692 4389 1827 4443 Cum
1858 4398 2040 4443 autem

2139 3193 2298 3246 λαται
2331 3208 2344 3221 ’
2378 3192 2473 3245 καὶ
2517 3194 2544 3245 ὁ
2576 3194 2633 3245 ὲν
2663 3191 2912 3265 Κορίνθῳ
2942 3192 3341 3261 παρανομήσας
3380 3188 3461 3261 τῷ
3497 3187 3706 3255 διαϐόλῳ

2140 3285 2245 3339 ὑπὸ
2295 3285 2508 3339 Παύλου
2539 3286 2676 3357 πρὸς
2727 3287 2923 3355 μικρὸν
2964 3285 3258 3355 παρεδόθη,
3292 3284 3393 3337 καί
3419 3284 3573 3338 πάλιν
3601 3281 3708 3351 ἐλή-

2140 3376 2249 3446 φθη
2285 3415 2299 3437 ,
2354 3375 2495 3429 κατά
2536 3375 2741 3445 πολλὴν
2783 3374 3050 3440 ἐξουσίαν.
3092 3375 3261 3445 Δῆλον
3317 3375 3379 3429 δὲ
3428 3375 3521 3429 καὶ
3571 3372 3709 3426 τοῦτο

2138 3471 2233 3524 διὰ
2264 3470 2324 3522 τὸ
2354 3469 2615 3531 πολλάκις
2644 3469 2707 3521 ὲκ
2762 3469 2860 3538 τῆς
2916 3468 3134 3531 εὐθείας
3192 3467 3313 3521 ὁδοῦ
3370 3464 3707 3531 αὐτεξουσίως

2141 3561 2292 3623 τινας
2315 3560 2409 3612 ἐπὶ
2435 3562 2531 3631 τὴν
2561 3559 2786 3613 σκολιὰν
2814 3560 3104 3625 ἐκκλίνειν,
3135 3560 3229 3613 καὶ
3264 3558 3431 3613 πάλιν
3466 3559 3568 3611 ἀπὸ
3592 3556 3707 3610 ταύ-

2142 3668 2241 3721 της
2273 3650 2363 3703 ἐπὶ
2398 3649 2497 3721 τὴν
2532 3650 2771 3702 εύθεῖαν’
2806 3650 2944 3718 ὅπερ
2973 3651 3066 3702 ἐπὶ
3114 3648 3223 3701 τῶν
3253 3649 3540 3719 κοσμικῶν
3582 3664 3707 3700 στοι-

2142 3744 2306 3812 χείων
2353 3742 2638 3812 ἀμήχανόν
2678 3759 2809 3795 ποτε
2839 3742 3113 3810 γενέσθαι.
3149 3744 3223 3795 Οὐ
3270 3743 3385 3812 γὰρ
3416 3742 3479 3794 Ξιν
3510 3739 3707 3793 πώποτε

2141 3838 2202 3887 τὸ
2231 3834 2343 3905 πῦρ
2382 3837 2461 3898 εἰς
2504 3834 2651 3905 ὕδωρ
2701 3834 3094 3905 μεταϐληθείη,
3128 3832 3161 3905 ἢ
3192 3834 3252 3888 τὸ
3304 3833 3454 3903 ὕδωρ
3484 3836 3558 3895 εἰς
3593 3829 3706 3901 πῦρ,

2142 3930 2175 4000 ἢ
2221 3932 2253 4002 ἠ
2298 3933 2368 4002 γῆ
2411 3932 2492 3992 εἰς
2548 3931 2706 4001 ἀέρα,
2735 3929 2879 4002 [cod.
2912 3931 2948 3983 Γ.
2984 3930 3083 3984 117
3114 3929 3194 4002 b.]
3226 3930 3257 4001 ἢ
3293 3930 3322 3981 ὁ
3358 3931 3467 4002 ἀὴρ
3499 3931 3575 3991 είς
3601 3927 3706 3995 γῆν»

2144 4023 2259 4076 ἀλλ’
2281 4024 2370 4077 ἀεὶ
2396 4022 2659 4085 ὡσαύτως
2685 4023 2822 4077 εἰσὶν
2851 4024 3228 4098 ἀμετάϐλητα,
3246 4024 3328 4093 τῷ
3349 4024 3444 4077 τοῦ
3474 4024 3707 4092 δημιουρ-

2146 4116 2243 4185 γοῦ
2297 4116 2391 4168 καὶ
2431 4115 2566 4169 Θεοῦ
2615 4116 3025 4187 συντηρούμενα
3060 4118 3288 4187 ἐμφόϐῳ
3323 4117 3707 4189 προστάγματι.

2149 4208 2312 4279 μέχρι
2360 4211 2461 4278 τῆς
2502 4207 2818 4271 τελευταίας
2857 4209 3087 4278 ἡμέρας.
3119 4204 3222 4261 ⁷Ων
3265 4211 3316 4261 εί
3355 4211 3415 4261 ἐν
3460 4207 3707 4276 ἁκαριαὶῳ

2147 4303 2322 4373 χρόνῳ
2353 4304 2380 4355 ὀ
2414 4302 2650 4371 πονηρὸς
2680 4296 2846 4372 ἦρξέν
2873 4318 3003 4354 ποτε
3031 4302 3063 4372 ἢ
3089 4300 3423 4368 ἐξουσίασεν,
3450 4302 3615 4354 πάντα
3652 4298 3707 4351 ἂν

2149 4392 2445 4462 ἀνέτρεψεν
2478 4392 2574 4444 καὶ
2604 4392 2882 4462 συνέχεεν.
2919 4391 3059 4444 Ἀλλ’
3090 4393 3211 4445 οὐδὲ
3235 4393 3341 4462 γὰρ
3365 4391 3503 4445 κατὰ
3532 4390 3707 4462 χοίρων

444 4490 775 4553 potestatem
799 4481 1066 4535 adversus
1090 4497 1187 4536 eos
1213 4481 1547 4550 impetravit,
1572 4481 1701 4551 quid
1725 4481 1807 4535 eis
1829 4480 2035 4543 fecerit.

2150 4485 2396 4551 ἐξουσίαν
2419 4484 2552 4555 ἔχει,
2579 4486 2770 4555 ὥσπερ
2795 4486 2852 4537 ὲν
2871 4488 2984 4549 τοῖς
3013 4485 3365 4553 Εὐαγγελίοις
3392 4484 3703 4555 ἠκούσαμεν,

449 4574 732 4627 neminem
776 4588 969 4627 eorum
1019 4572 1117 4642 qui
1163 4574 1258 4627 Dei
1292 4572 1588 4628 Ecclesiam
1639 4572 2043 4643 ingrediuntur,

447 4664 706 4737 ignorare
729 4664 988 4718 arbitror.

517 4849 613 4906 IX.
644 4850 794 4906 Alias
819 4865 1042 4921 quoque
1072 4850 1281 4906 similes
1320 4850 1511 4919 accipe
1547 4848 1835 4919 imagines.
1868 4847 2050 4903 Veluti

446 4945 493 5001 si
517 4946 612 5016 qui
639 4944 896 5014 ﬂagitiosi
933 4956 987 4999 et
1023 4944 1356 5015 sanguinarii
1394 4945 1647 4999 homines
1668 4944 1789 4998 loco
1827 4942 2051 4997 latrociv

444 5037 555 5092 niis
572 5038 774 5093 idoneo
796 5046 1227 5109 congregemur,
1258 5036 1629 5106 paulatimque
1652 5051 1881 5090 numero
1905 5035 2051 5089 aucti

446 5130 644 5187 ducem
685 5132 789 5187 sibi
829 5148 895 5187 ex
946 5132 1032 5186 bis
1077 5131 1319 5201 aliquem
1362 5140 1571 5195 creent,
1610 5128 1757 5184 haud
1796 5129 2048 5198 equidem

446 5222 560 5278 Deo
578 5225 630 5279 id
656 5224 714 5280 ﬁt
737 5234 1036 5293 annuente,
1058 5225 1153 5279 sed
1185 5240 1284 5279 suo
1306 5225 1535 5280 caedium
1563 5223 1742 5280 studio
1760 5232 1817 5279 ct
1839 5238 2050 5278 morum

447 5317 737 5385 iniquitate
764 5318 1050 5373 suadente.
1083 5317 1150 5371 Et
1173 5334 1389 5373 mecum
1418 5318 1509 5372 hic
1540 5317 1848 5383 considera,
1878 5334 2041 5387 pror-

446 5423 541 5462 sus
571 5423 836 5479 apparere
870 5410 989 5465 sine
1026 5412 1119 5465 Dei
1161 5419 1299 5465 nutu
1342 5411 1489 5464 hunc
1524 5410 1592 5465 ab
1626 5408 1731 5463 illis
1755 5408 2036 5479 principa-

446 5509 564 5553 tum
596 5512 858 5569 creatum,
896 5505 1024 5573 quia
1059 5506 1259 5560 multos
1288 5506 1498 5561 scimus
1531 5504 1771 5558 latrones
1802 5512 1857 5557 et
1898 5518 2041 5573 pree—

445 5591 620 5647 dones
651 5592 975 5664 resipuisse,
1008 5596 1143 5651 alios
1171 5602 1406 5663 mature,
1444 5595 1580 5652 alios
1610 5595 1757 5651 circa
1778 5593 1907 5649 vita:
1947 5610 2041 5649 oc-

460 5808 473 5817 _
533 5748 575 5778 τι
609 5748 731 5835 ρει,
758 5752 976 5819 χγι,18.
1052 5754 1100 5786 ⁷³
1130 5755 1152 5808 l
1184 5752 1312 5809 Cor.
1343 5772 1398 5823 v,
1424 5755 1475 5810 5.
1555 5755 1597 5788 ⁷³
1632 5751 1824 5811 Matth.
1858 5768 1940 5820 ιιι,
1971 5757 2061 5812 51.

2149 4578 2226 4648 μὴ
2257 4577 2351 4631 τοῦ
2379 4576 2515 4630 Θεοῦ
2559 4576 2991 4649 συγχωροῦντος.
3028 4577 3157 4630 Ὅτε
3213 4577 3322 4648 γὰρ
3376 4580 3469 4630 καὶ
3514 4574 3708 4638 ἐδέξατο

2146 4670 2270 4723 κατ’
2301 4669 2481 4723 αὐτῶν
2519 4669 2791 4736 ἐξουσίαν,
2820 4669 2880 4721 τὸ
2910 4668 2962 4721 τί
2991 4668 3253 4738 δέδρακεν
3305 4670 3385 4732 εἰς
3415 4668 3619 4728 αὐτοὺς,
3641 4657 3705 4716 οἷ-

2148 4779 2246 4833 μαι
2279 4762 2354 4832 μὴ
2385 4762 2600 4831 ἀγνοεῖν
2628 4778 2748 4814 τινα
2778 4763 2835 4812 ἐν
2872 4761 3173 4831 Ἐκκλησία
3202 4760 3336 4813 Θεοῦ
3365 4760 3643 4813 εἰσιόντων.

2216 4852 2294 4908 8'.
2331 4852 2477 4908 Λάϐε
2517 4870 2610 4923 μοι
2650 4852 2706 4906 δὲ
2751 4852 2843 4906 καί
2894 4869 3044 4915 τινας
3075 4852 3290 4914 εἰκόνας
3334 4851 3520 4905 τούτου
3551 4862 3707 4917 παρα-

2148 4946 2432 5017 πλησίους.
2477 4946 2691 5017 ’Ὠσπερ
2716 4947 2810 4999 ἐὰν
2842 4963 2986 5009 τινες
3018 4947 3266 5014 ἀσελγεῖς
3305 4944 3397 4998 καὶ
3451 4940 3704 5013 μιαιφόνοι

2151 5037 2345 5109 ἄνδρες
2380 5038 2473 5091 ἐπὶ
2505 5037 2565 5090 τὸ
2607 5039 2741 5091 αὐτὸ
2771 5038 2907 5108 πρὸς
2926 5038 3216 5110 λῃστρικὸν
3252 5039 3415 5091 τόπον
3447 5032 3705 5104 συναθροι-

2153 5131 2374 5196 σθῶσιν,
2390 5132 2635 5185 καὶκατὰ
2661 5132 2857 5202 μικρὸν
2880 5131 3098 5195 πλείους
3121 5132 3392 5201 γινόμενοι
3410 5128 3605 5190 ἑαυτοῖς
3623 5125 3705 5176 ἕνα

2150 5224 2271 5277 τινὰ
2287 5223 2635 5288 ἀναδείξωσιν
2652 5224 2987 5295 ἄρχοντα,”ού
3000 5223 3092 5277 τοῦ
3106 5223 3240 5277 Θεοῦ
3259 5225 3436 5285 αὐτοῖς
3448 5220 3592 5273 τοῦτο
3608 5219 3705 5269 ἐπι·

2153 5318 2467 5381 νεύσαντος,
2487 5316 2601 5370 ἀλλ’
2634 5316 2692 5380 ἐξ
2718 5316 2925 5378 οἰκείας
2953 5318 3262 5386 μιαιφονίας
3290 5315 3460 5370 αὐτῶν
3488 5314 3574 5366 καὶ
3601 5310 3703 5364 αἰσ-

2147 5411 2443 5481 χρουργίας
2480 5408 2637 5462 τοῦτο
2677 5408 3149 5479 ἐπιτηδεύσαντες.
3190 5409 3343 5463 Οὕτω
3356 5426 3442 5480 μοι
3470 5407 3569 5459 νόει
3591 5402 3700 5454 κάν-

2147 5501 2321 5556 ταῦθα
2347 5500 2484 5573 [cod.
2518 5503 2613 5554 καὶ
2650 5498 2847 5572 ταῦθα]
2876 5517 2888 5530 ·
2946 5501 3039 5555 καὶ
3072 5501 3230 5556 τοῦτο
3253 5502 3406 5572 δῆλον
3426 5500 3501 5552 ὃτι
3540 5492 3697 5547 οὐκέκ

2148 5594 2284 5649 Θεοῦ
2321 5597 2503 5659 αὐτοῖς
2532 5592 2692 5648 τοῦτο
2734 5595 3062 5667 ὲφηύρηται,
3112 5595 3169 5662 ἐξ
3216 5588 3289 5652 ὧν
3317 5593 3529 5653 πολλοὺς
3560 5589 3694 5656 ἴσμεν
