3928 6246
234 309 369 375 1317

1214 306 1471 370 SERMO
1505 309 1534 369 Ι
1584 311 1685 371 ΑΙ)
1704 309 2001 373 VERSUS
2038 310 2525 373 MANICH/EOS.

3378 308 3516 376 1318

228 421 435 496 λῃστάς
467 418 563 472 καὶ
589 416 982 488 τυμὸωρύχους
1008 416 1399 485 μεταγνόντας,
1428 416 1559 480 τοὺς
1599 416 1697 487 μὲν
1722 435 1818 471 τα-

1928 432 2134 480 casum,
2153 425 2209 471 et
2230 431 2329 471 sua
2352 414 2676 486 poenitentia
2698 416 2869 470 Deum
2891 414 3151 485 placasse,
3177 417 3526 488 salutemque

228 514 538 584 χέως,τοὺς
574 510 632 565 δὲ
658 511 752 564 καὶ
786 511 915 581 περὶ
945 510 1041 573 τὰς
1063 508 1274 579 δυσμὰς
1299 508 1394 562 τοῦ
1430 510 1640 564 ἑαυτῶν
1676 510 1815 581 βίου,

229 605 328 658 καὶ
355 604 444 657 διά
474 602 764 673 μετανοίας
786 604 878 655 τὸν
902 601 1040 654 Θεὸν
1070 600 1560 673 ἐξιλεωσαμένους,
1596 603 1690 657 καὶ
1720 605 1820 673 τῆς

231 695 512 765 σωτηρίας
564 692 925 763 ἐπιτυχόντας
949 708 963 723 ’
996 685 1072 745 ὧν
1124 692 1174 745 εί
1220 693 1657 762 ἠναγκασμένως
1686 689 1755 764 ἦν
1784 697 1818 766 ἡ

228 788 470 855 κίνησις,
516 788 617 840 οὐκ
662 785 728 841 ἂν
783 784 957 849 οὕτως
991 785 1203 855 ταχέως
1248 785 1655 855 μετεϐάλλοντο.
1712 788 1825 841 Καὶ

230 878 435 929 πάλιν·
459 876 673 948 Ὥσπερ
705 878 758 930 ετ
802 894 884 939 τις
902 876 1180 946 δραπέτης
1205 874 1388 939 δοῦ)ος
1421 876 1562 947 ἔχων
1588 879 1824 949 χρηστὸν

230 970 330 1022 καὶ
359 968 565 1035 ἀγαθὸν
598 968 889 1038 δεσπότην,
929 966 1121 1021 τούτου
1147 968 1568 1039 ἁποχωρισθεὶς,
1596 968 1742 1041 [cod.
1785 972 1823 1026 f.

231 1060 387 1132 H8.]
416 1061 553 1130 πρὸς
582 1060 787 1131 λῃστάς
832 1060 864 1130 ἢ
915 1059 1165 1122 ἐθνικοῦς
1190 1060 1573 1131 αὐτομολήσει,
1603 1062 1698 1115 καλ¹
1732 1062 1826 1115 ἕνα

230 1155 356 1206 τινὰ
383 1154 494 1206 τῶν
525 1154 659 1224 παρ’
687 1154 869 1216 αὐτοῖς
916 1154 1177 1223 γνωρίσει
1226 1154 1464 1225 ἄρχοντα
1493 1155 1524 1225 ἢ
1576 1154 1821 1225 βασιλέα.

230 1249 347 1302 Καὶ
377 1248 479 1309 ἓως
515 1248 613 1318 μὲν
659 1242 729 1318 ἦν
768 1248 919 1318 παρά
968 1248 1048 1319 τῷ
1078 1248 1301 1320 χρηστῷ
1329 1249 1582 1320 δεσπότῃ,
1616 1250 1825 1302 ἐκεῖνον

230 1341 328 1393 καὶ
355 1335 498 1409 εἶχεν
532 1339 629 1393 καὶ
651 1338 901 1409 ὠνόμαζε
926 1339 1152 1408 Κύριον,
1180 1342 1317 1411 ὅπερ
1341 1336 1409 1412 ἦν
1434 1341 1635 1413 ἀληθές
1656 1357 1669 1372 ο
1704 1337 1824 1395 εἶτα

230 1430 374 1501 πρὸς
394 1430 523 1493 τοὺς
552 1431 830 1494 ἐναντίους
857 1430 1131 1497 ἀπελθὼν,
1158 1434 1368 1485 ἐκεῖνον
1407 1428 1554 1502 εἶχεν
1587 1433 1826 1503 ἄρχοντα

230 1520 293 1573 δν
325 1522 640 1591 ᾑρετίσατο.
697 1521 967 1585 Πολλάκις
997 1521 1055 1575 δὲ
1109 1523 1434 1593 μεταγνοὺς,
1464 1524 1560 1576 καὶ
1608 1527 1674 1578 ἐκ
1714 1525 1825 1578 τῶν

226 1600 517 1682 δυσμενῶν
569 1612 1037 1687 παλινδρομήσας,
1084 1616 1248 1670 πάλιν
1294 1614 1407 1688 εἶχε
1460 1616 1554 1670 τὸν
1606 1617 1824 1690 πρῶτον

227 1706 472 1777 χρηστὸν
500 1705 593 1759 καὶ
624 1707 828 1775 ἀγαθὸν
856 1708 1147 1779 δεσπότην·
1177 1707 1322 1762 οὕτω
1349 1708 1653 1764 κάνταῦθα.
1672 1710 1819 1774 Ἕως

1924 518 2255 563 consecutos
2286 525 2300 562 :
2327 523 2560 578 quorum
2590 508 2635 565 si
2660 516 2849 562 coacta
2870 516 2926 562 et
2947 523 3058 563 non
3082 508 3253 564 libera
3278 524 3528 566 commo-

1925 597 2002 652 tio
2036 596 2265 663 fuisset,
2305 613 2415 653 non
2454 598 2529 652 ita
2574 597 2734 654 facile
2779 599 2975 653 mutati
3026 608 3235 654 essent.
3266 599 3523 658 Rursus:

1928 685 2109 742 Veluti
2137 688 2183 742 si
2209 688 2332 759 quis
2362 688 2624 760 fugitivus
2648 705 2840 745 servus
2864 691 2957 760 qui
2985 691 3242 745 clementi
3270 692 3530 764 bonoque

1932 781 2065 836 hero
2094 782 2339 848 suberat,
2372 783 2573 837 deinde
2606 787 2707 838 hoc
2740 784 3023 849 derelicto,
3065 785 3133 839 ad
3165 785 3408 842 latrones
3438 788 3527 843 vel

1931 875 2184 931 ethnicos
2222 876 2548 946 transfugiat
2573 917 2587 941 ,
2631 887 2688 933 et
2730 893 2902 932 unum
2933 880 3178 947 quemvis
3220 880 3363 950 apud
3404 879 3528 935 illos

1924 978 2186 1040 agnoscat
2227 968 2533 1039 principem
2566 978 2904 1047 aut‘regem.
2950 969 3050 1026 llic
3096 969 3274 1027 donec
3301 972 3527 1042 quidem

1924 1062 2068 1131 apud
2090 1061 2385 1132 benignum
2425 1060 2622 1117 herum
2650 1071 2788 1129 erat,
2814 1064 2964 1118 hunc
2986 1074 3040 1119 et
3071 1064 3313 1120 habebat
3340 1065 3524 1122 domi-

1924 1171 2055 1209 num
2085 1164 2140 1209 et
2173 1154 2506 1224 appellabat,
2538 1156 2616 1210 uti
2648 1172 2841 1226 reapse
2866 1163 2987 1212 erat
3016 1176 3028 1213 :
3067 1158 3268 1214 deinde
3295 1160 3362 1214 ad
3386 1175 3526 1215 con-

1924 1247 2124 1303 trarios
2157 1257 2548 1316 transgressus,
2584 1249 2735 1303 illum
2767 1250 3002 1305 habebat
3026 1252 3328 1322 principem
3354 1269 3523 1323 quem

1923 1340 2217 1411 delegerat.
2245 1338 2527 1395 Poenitens
2555 1350 2758 1407 tamen,
2784 1351 2844 1397 ut
2876 1357 3021 1410 saape
3069 1345 3289 1409 accidit,
3314 1361 3343 1399 a
3367 1348 3529 1402 saevis

1923 1432 2030 1489 illis
2056 1433 2365 1498 discedens,
2396 1434 2578 1489 denuo
2604 1434 2843 1504 primum
2882 1435 3072 1490 habuit
3098 1436 3401 1504 benignum
3423 1439 3527 1494 bo-

1923 1538 2165 1592 numque
2209 1524 2514 1578 dominum.
2579 1524 2671 1578 Sic
2719 1524 2880 1579 nobis
2935 1526 3211 1583 usuvenit.
3267 1526 3534 1593 Quandiu

1923 1623 2260 1685 praeceptum
2287 1615 2726 1682 observavimus,
2762 1616 2828 1671 ad
2855 1626 3051 1672 nutum
3077 1619 3531 1690 voluntatemque

1930 1705 2025 1761 Dei
2053 1707 2327 1769 viventes,
2356 1722 2482 1762 eum
2513 1708 2608 1777 qui
2636 1724 2739 1763 nos
2768 1710 2977 1765 creavit
3014 1711 3306 1766 habuimus
3341 1713 3532 1782 appel-

230 1799 333 1870 μέν
368 1799 466 1869 τὴν
495 1799 715 1870 ἐντολὴν
743 1801 1118 1871 ἐφυλάττομεν
1147 1804 1213 1872 τῇ
1239 1800 1401 1872 βουλῇ
1418 1802 1530 1889 [ml
1552 1803 1616 1874 τῇ
1651 1819 1822 1872 προσ·

1928 1797 2269 1868 lavimusque
2306 1797 2499 1853 Deum.
2544 1800 2651 1855 Sed
2690 1809 2982 1871 postquam
3022 1802 3078 1856 in
3121 1802 3215 1856 Dei
3258 1804 3533 1859 mandatis

221 1892 381 1959 τάξει
409 1891 504 1946 τοῦ
529 1893 665 1947 Θεοῦ
703 1894 1089 1965 πορευόμενοι,
1122 1896 1213 1949 τὸν
1242 1894 1527 1949 πλάσαντα
1563 1894 1697 1947 Θεὸν
1722 1893 1819 1949 καὶ

223 1984 453 2055 εἴχομεν
498 1987 594 2039 καὶ
622 1986 999 2056 ὠνομάζομεν.
1025 1988 1104 2059 Τῇ
1131 1988 1320 2059 ἐντολῇ
1351 1987 1407 2041 δὲ
1430 1986 1524 2041 τοῦ
1567 1987 1702 2041 Θεοῦ
1741 1989 1817 2060 μὴ
1847 2022 1855 2031 -

224 2078 615 2149 ἐμμείναντες,
644 2079 781 2134 ἀλλά
810 2081 877 2152 τῇ
924 2081 1207 2152 συμϐουλῇ
1256 2081 1350 2134 τοῦ
1398 2079 1595 2151 ἐχθροῦ
1626 2081 1820 2148 ἐξακο-

222 2170 617 2241 λουθήσαντες,
654 2172 745 2224 τὸν
774 2170 908 2226 Θεὸν
939 2172 1040 2242 μὲν
1077 2172 1295 2244 ἔχομεν,
1328 2173 1435 2227 κᾶν
1464 2173 1560 2245 μὴ
1611 2171 1819 2244 βουλώ-

226 2262 397 2333 μεθα,
425 2262 664 2334 ἄρχοντα
692 2280 707 2295 '
729 2257 882 2332 ᾧτινι
909 2265 1427 2337 ἡπειθαρχήσαμεν,
1460 2268 1582 2329 ταῖς
1606 2265 1825 2336 ἡδοναῖς

223 2356 323 2409 καὶ
348 2359 468 2419 ταῖς
489 2357 789 2427 ἁμαρτίαις
819 2357 1322 2429 αὐτοδουλούμενοι’
1357 2358 1472 2412 ἀλλ’
1502 2358 1566 2412 ού
1598 2358 1825 2422 πάντες.

225 2445 387 2499 Εἰσὶν
438 2445 548 2516 γὰρ
604 2446 736 2517 παρ’
770 2449 905 2518 ἡμῖν
940 2447 1038 2501 καὶ
1078 2448 1185 2521 πρὸ
1217 2450 1313 2504 τοῦ
1353 2450 1520 2521 νόμου
1553 2451 1650 2504 καὶ
1687 2450 1828 2521 μετά

223 2535 395 2606 νόμον
445 2537 634 2609 ἄνδρες
696 2537 938 2610 ἄπειροι,
956 2539 1165 2603 ,οἵτινες
1213 2540 1292 2611 τῷ
1348 2540 1531 2612 ἐχθρῷ
1585 2540 1831 2611 στερρῶς

223 2629 612 2697 ἀντετάξαντο,
648 2631 742 2685 καὶ
795 2632 857 2685 τὸ
910 2631 1010 2703 τῆς
1056 2627 1301 2697 δουλείας
1335 2633 1502 2687 αὑτοῦ
1548 2633 1713 2704 βάρος
1760 2633 1819 2698 ἐξ

223 2720 441 2774 ἑαυτῶν
472 2722 852 2789 ἀπεσείσαντο,
880 2724 929 2776 εί
959 2722 1053 2775 καὶ
1093 2721 1170 2793 τῷ
1201 2721 1419 2792 φυσικῷ
1448 2721 1543 2775 τοῦ
1588 2721 1819 2776 Θανάτου

224 2816 462 2887 κρίματι
500 2818 701 2881 πάντες
747 2816 1095 2889 ὑπήχθησαν,
1122 2817 1377 2889 πατρῷον
1407 2817 1822 2879 ἀποτιννύοντες

223 2909 474 2979 ὄφλημα,
513 2911 608 2964 καὶ
644 2912 709 2965 ἐκ
745 2910 880 2964 Θεοῦ
926 2910 1132 2983 ταύτην
1167 2911 1266 2983 τὴν
1289 2912 1563 2982 τιμωρίαν
1592 2910 1824 2981 δεξάμε-

224 3018 332 3055 νοι.
382 3002 494 3056 Καὶ
537 3003 676 3056 εἰσὶν
706 3005 882 3074 ἕτεροι
913 3004 1111 3068 οἵτινες
1141 3003 1221 3075 τῷ
1249 3002 1429 3076 ἐχθρῷ
1459 3002 1822 3074 ἐξακολουθή-

1936 1904 2046 1944 non
2076 1889 2435 1959 perstitimus,
2461 1889 2556 1945 sed
2591 1890 2801 1946 inimici
2830 1892 3059 1945 consilia
3087 1892 3278 1947 sectati
3317 1908 3535 1958 sumus,

1936 1982 2105 2037 Deum
2132 1982 2354 2053 quidem
2396 1982 2503 2053 57
2542 1984 2743 2050 adhuc,
2773 1984 3022 2040 volentes
3063 1986 3337 2051 nolentes,
3377 1986 3537 2055 prin-

1935 2076 2114 2145 cipem
2146 2075 2433 2141 habemus,
2465 2077 2553 2131 cui
2583 2092 2694 2131 non
2726 2076 3070 2132 obedivimus
3102 2077 3234 2132 dum
3274 2078 3534 2148 volupta-

1937 2169 2084 2223 tibus
2109 2178 2166 2223 et
2186 2169 2429 2239 peccatis
2454 2179 2652 2240 sponte
2676 2170 3071 2226 serviebamus.
3099 2169 3223 2225 Non
3245 2169 3319 2224 ita
3346 2180 3532 2226 tamen

1926 2276 1985 2316 se
2012 2261 2197 2316 cuncti
2219 2271 2526 2333 gesserunt.
2560 2262 2903 2317 Exstiteruut
2928 2261 3076 2317 enim
3111 2270 3167 2315 et
3189 2270 3317 2316 ante
3346 2261 3530 2333 legem

1925 2364 1982 2410 et
2003 2365 2127 2426 post
2152 2355 2326 2426 legem
2359 2354 2635 2408 innumeri
2662 2354 2933 2417 homines,
2964 2353 3061 2423 qui
3092 2352 3319 2408 inimico
3349 2353 3529 2409 ﬁrmi-

1927 2457 2012 2503 ter
2040 2448 2391 2511 restiterunt,
2425 2449 2657 2519 ejusque
2694 2446 2895 2503 servile
2929 2447 3122 2517 jugum
3159 2462 3191 2501 a
3220 2461 3281 2501 se
3318 2448 3536 2517 reiece-

1927 2549 2092 2606 runt,
2136 2541 2353 2596 etiamsi
2383 2540 2623 2595 naturali
2656 2539 2852 2594 mortis
2883 2540 3174 2594 sententiae
3203 2554 3396 2594 omnes
3425 2540 3530 2595 oh-

1928 2635 2074 2689 noxii
2121 2634 2374 2697 fuerunt,
2414 2634 2652 2704 patrium
2694 2632 3044 2686 exsolventes
3090 2632 3370 2699 debitum,
3418 2631 3533 2687 Deo

1928 2725 2072 2779 hanc
2101 2739 2318 2794 pmnam
2344 2723 2476 2791 ipsis
2511 2723 2851 2792 imponente.
2885 2720 2994 2774 Alii
3023 2720 3266 2787 demum,
3299 2720 3393 2791 qui
3416 2719 3531 2776 ini-

1927 2816 2073 2871 mico
2117 2824 2291 2870 semet
2321 2815 2679 2877 addixeram,
2712 2813 3097 2868 incredulitate
3129 2828 3195 2868 ac
3230 2813 3535 2883 voluptati-

1928 2910 2032 2965 bus
2070 2908 2358 2980 captivati,
2406 2907 2770 2963 nihilominus
2812 2905 2926 2962 Deo
2967 2905 3169 2961 iterum
3211 2921 3313 2977 per
3351 2903 3536 2977 pinni-

1932 3002 2165 3057 tentiam
2198 3000 2547 3057 renonciliati
2580 3009 2733 3055 sunt.

227 3114 449 3163 σαντες,
508 3099 601 3152 καὶ
642 3098 1003 3163 δουλωθέντες
1038 3099 1097 3166 ἐξ
1153 3100 1414 3163 ἀπιστίας
1458 3101 1551 3154 καὶ
1590 3098 1815 3169 ἡδονῶν,
1845 3097 2009 3152 πάλιν
2039 3097 2119 3168 τῷ
2165 3095 2358 3167 ἀγαθῷ
2407 3094 2528 3167 Θεῷ
2562 3093 2751 3167 χημῶν
2815 3093 2905 3149 διὰ
2961 3092 3254 3165 μετανοίας
3312 3091 3537 3146 οἰκοιώ-

226 3189 424 3262 θησαν.

302 3283 359 3337 l'.
394 3284 517 3338 Ὅτι
550 3286 605 3338 δὲ
622 3280 702 3349 εἷς
730 3286 879 3338 ἐστιν
899 3286 927 3337 ὁ
952 3284 1107 3349 Θεὸς,
1137 3286 1388 3356 ἀόρατος,
1420 3285 1814 3358 ἀπερίληπτος,

1994 3282 2064 3337 X.
2102 3282 2260 3348 Quod
2285 3290 2472 3335 autem
2500 3279 2645 3334 Deus
2670 3293 2813 3333 unus
2837 3278 2928 3343 sit,
2964 3278 3277 3343 invisibilis,
3313 3278 3533 3335 incom-

225 3381 627 3450 ἀκατανὸητος,
710 3380 1143 3450 ἀσχημάτιστος,
1238 3381 1496 3445 ἀνείδεος,
1583 3379 1820 3449 ἀναφὴς,

226 3473 670 3543 ἀπερίγραπτος,
734 3472 1191 3543 ἀπειροδύναμος,
1248 3472 1393 3545 [cod.
1446 3472 1484 3527 f.
1542 3472 1666 3525 H8.
1738 3469 1821 3542 b.]

225 3565 545 3634 ἀσώματος,
579 3558 641 3619 οῦ
662 3564 785 3619 οὔτε
812 3561 954 3629 εἶδός
1015 3566 1149 3618 ποτέ
1183 3583 1267 3629 τις
1316 3565 1529 3636 ἑώρακε
1577 3563 1822 3629 πώποτε,

224 3656 353 3711 οὔτε
378 3657 563 3728 φωνὴν
612 3656 780 3710 αὑτοῦ
822 3659 1080 3728 ἀκήκοεν,
1132 3656 1255 3710 οὔτε
1289 3658 1388 3728 τὴν
1443 3656 1605 3725 φύσιν
1659 3653 1825 3708 αὐτοῦ

222 3749 391 3803 ὁποία
414 3751 535 3803 ἐστὶ
564 3749 888 3815 κατέλαϐεν,
918 3752 1054 3803 πᾶσι
1100 3752 1212 3811 τοῖς
1237 3748 1361 3802 νοῦν
1400 3749 1589 3819 ἔχουσι
1628 3745 1828 3818 πρόδη-

225 3845 318 3897 λον
348 3859 364 3874 ·
399 3846 479 3906 εἰς
504 3843 564 3897 ὃν
599 3843 696 3896 ἕνα
719 3844 811 3896 καὶ
840 3845 930 3895 τὸν
967 3842 1130 3895 αὑτὸν
1170 3843 1332 3913 μόνον
1382 3842 1514 3895 Θεὸν
1572 3840 1829 3894 πιστεύο-

228 3956 334 4010 μεν
365 3941 527 4009 ἡμεῖς
555 3939 603 3990 oi
652 3937 823 4000 ὅντως
876 3935 1123 4005 ἀληθινοὶ
1168 3934 1493 4005 Χριστιανοὶ
1535 3934 1627 3987 τὸν
1671 3949 1826 4003 τρισ-

225 4033 386 4101 ἀγιον
418 4032 511 4085 καὶ
537 4030 993 4102 τρισυπόστατον,
1020 4029 1115 4081 τὸν
1151 4027 1410 4098 ἀφύρτως
1435 4027 1725 4097 ἑνούμενον
1758 4026 1825 4095 τῇ

226 4124 412 4196 οὐσίᾳ,
437 4125 533 4177 καὶ
570 4125 828 4195 ἀτμήτως
862 4122 1243 4194 διαιρούμενον
1287 4123 1408 4183 ταῖς
1453 4119 1822 4172 ὑποστάσεσι·

225 4219 322 4272 τὸν
343 4220 442 4271 ἕνα
463 4218 520 4271 δὲ
542 4219 640 4288 τῆς
674 4217 847 4287 αὐτῆς
874 4215 1037 4281 ἁγίας
1092 4214 1320 4286 Τριάδος
1372 4212 1726 4283 σαρκωθέντα
1755 4211 1823 4265 δι’

228 4313 382 4383 ἡμᾶς
410 4310 792 4371 ἀναλλοιώτως
841 4308 938 4363 καὶ
983 4308 1271 4377 ἀτρέπτως
1317 4306 1584 4377 ὁραθέντα
1636 4323 1697 4358 τε
1727 4306 1824 4360 καὶ

226 4402 625 4473 ψηλαφηθέντα
654 4401 843 4472 σαρκὶ,
882 4402 977 4455 καὶ
1000 4399 1407 4469 σταυρωθέντα,
1439 4399 1534 4451 καὶ
1560 4399 1824 4467 ταφέντα,

228 4498 326 4549 καὶ
376 4496 710 4560 ἀναστάντα,
765 4495 860 4547 καὶ
923 4492 1019 4545 νῦν
1073 4491 1384 4562 καθήμενον
1432 4492 1490 4543 ἐν
1535 4488 1685 4560 δεξιᾷ
1732 4488 1826 4543 τοῦ

228 4586 469 4655 Πατρὸς,
497 4583 679 4645 καθὼς
709 4583 920 4647 Παῦλος
973 4584 1003 4635 ό
1055 4584 1200 4655 ἱερὸς
1254 4581 1549 4644 ἀπόστολός
1615 4598 1826 4653 φησιν’

1926 3374 2348 3447 prehensibilis,
2399 3373 2700 3427 intellectui
2757 3372 3093 3442 impervius,
3151 3372 3275 3426 sine
3334 3371 3528 3444 ﬁgura,

1929 3470 2048 3524 sine
2077 3468 2279 3539 specie,
2310 3482 2421 3520 non
2446 3465 2756 3536 palpabilis,
2786 3464 3314 3535 incircumscriptus,
3342 3464 3533 3520 inﬁni-

1930 3571 1997 3617 tae
2044 3561 2338 3629 potentiae,
2399 3559 2780 3628 incorporeus,
2838 3558 2997 3627 cujus
3045 3573 3228 3627 neque
3282 3558 3531 3625 speciem

1928 3656 2217 3725 quisquam
2240 3654 2379 3709 vidit
2416 3667 2677 3721 unquam,
2702 3666 2880 3720 neque
2902 3665 3091 3705 vocem
3121 3651 3317 3716 audiit,
3346 3666 3530 3722 neque

1930 3758 2178 3803 naturam
2202 3746 2506 3817 cujusmodi
2537 3744 2609 3799 sit
2637 3743 3075 3813 comprehendit,
3114 3743 3240 3809 hoc,
3276 3743 3525 3813 inquam,

1930 3842 2185 3895 omnibus
2224 3848 2411 3893 mente
2448 3837 2697 3908 praeditis
2741 3836 3084 3905 exploratum
3120 3842 3225 3889 est.
3260 3836 3320 3889 ln
3360 3848 3527 3905 quem

1926 3948 2096 3988 unum
2138 3933 2503 4000 eamdemque
2548 3930 2725 3983 solum
2762 3927 2935 3981 Deum
2980 3926 3257 3982 credimus
3297 3942 3401 3983 nos
3435 3925 3530 3996 qui

1924 4042 2055 4081 vere
2089 4023 2390 4080 Christiani
2422 4038 2632 4084 sumus,
2673 4030 2754 4074 ter
2793 4028 3067 4083 sanctum,
3107 4031 3188 4071 ter
3220 4019 3532 4090 hypostati-

1925 4136 2075 4181 cum,
2101 4117 2390 4172 inconfuse
2420 4116 2636 4169 unitum
2666 4114 2975 4168 substantia
3000 4154 3014 4177 ,
3062 4112 3296 4168 indivise
3328 4115 3529 4169 distin-

1926 4221 2073 4269 ctum
2102 4211 2371 4281 personis.
2395 4208 2574 4263 Unum
2600 4222 2729 4261 vero
2751 4206 2818 4260 de
2841 4216 3027 4260 sancta
3050 4206 3240 4260 eadem
3263 4206 3532 4263 Trinitate

1923 4305 2263 4359 incarnatum
2298 4315 2399 4371 pro
2433 4299 2608 4364 nobis,
2644 4299 2699 4352 in
2727 4296 2897 4351 forma
2933 4304 3121 4352 nostra
3157 4297 3522 4352 immutabili-

1924 4405 2009 4450 ter
2039 4402 2096 4450 et
2119 4376 2500 4448 invertihiliter
2522 4391 2698 4446 visum
2723 4405 2843 4445 esse
2865 4400 2919 4445 et
2947 4391 3225 4461 palpatum
3249 4390 3303 4445 in
3330 4407 3521 4460 carne,

1925 4487 2249 4541 cruciﬁxum
2276 4527 2291 4553 ,
2334 4486 2643 4556 sepultum,
2687 4485 2743 4539 in
2780 4484 2948 4539 vitam
2992 4492 3342 4550 revocatum,
3374 4495 3430 4540 et
3474 4485 3534 4540 in

1927 4577 2105 4633 Patris
2134 4579 2357 4633 dextera
2400 4576 2713 4639 sedentem,
2761 4583 2823 4630 ut
2854 4575 3134 4645 apostolus
3166 4573 3370 4631 Paulus
3408 4575 3486 4630 ait
3516 4592 3531 4629 :

230 4676 360 4727 Ὅτι
379 4674 743 4742 συνήγειρεν
769 4672 868 4726 καὶ
891 4673 1300 4728 συνεκάθισεν
1325 4671 1483 4740 ἡμᾶς
1502 4674 1533 4726 ὸ
1563 4673 1706 4739 Θεὸς
1731 4672 1823 4726 καί

1931 4686 2131 4741 nempe
2180 4670 2319 4741 quod
2364 4670 2793 4736 conresuscitavit
2852 4678 2901 4721 et
2944 4668 3223 4723 consedere
3270 4670 3391 4739 fecit
3440 4684 3534 4723 nos

229 4764 439 4834 Πατὴρ
461 4765 522 4817 ἐν
548 4766 673 4832 τοῖς
699 4767 1083 4834 ἐπουρανίοις
1105 4765 1175 4817 ἐν
1225 4762 1394 4832 δεξιᾷ
1420 4763 1531 4831 τῆς
1562 4767 1829 4835 μεγαλω-

230 4859 459 4926 σύνης,
497 4858 567 4911 ἐν
596 4857 829 4926 Χριστῷ
881 4852 1085 4925 Ἰησοῦ
1142 4855 1223 4921 τῷ
1282 4854 1479 4924 Κυρίῳ
1504 4854 1824 4925 ζὴμῶν.οὐ

230 4951 343 5022 γὰρ
375 4950 585 5014 πάντας
631 4949 955 5019 ἀνθρώπους
1008 4951 1138 5012 τοὺς
1191 4948 1317 5002 καθ’
1377 4949 1588 5003 ἕκαστα
1646 4947 1826 5019 (τοῦτο

231 5045 345 5113 γὰρ
366 5044 427 5096 οὐ
452 5042 528 5113 νῷ
583 5044 765 5113 μόνον,
801 5042 937 5095 ἀλλὰ
967 5044 1061 5095 καὶ
1106 5041 1358 5112 αἰσθήσει
1422 5041 1821 5110 καταληπτὸν),

236 5136 375 5190 ἀλλὰ
403 5136 503 5207 τὴν
533 5136 981 5206 προσληφθεῖσαν
1007 5135 1067 5200 ἐξ
1116 5134 1275 5205 ήμῶν
1322 5134 1579 5206 ἀπαρχὴν
1602 5133 1703 5203 τῆς
1733 5135 1829 5187 ἀν-

237 5230 521 5303 θρωπίνης
545 5229 784 5300 φύσεως,
816 5229 913 5281 καὶ
973 5228 1097 5282 καθ’
1128 5228 1429 5281 ὑπόστασιν
1477 5227 1555 5297 τῷ
1606 5224 1829 5297 Χριστῷ

234 5325 533 5381 ἐνωθείσαν
583 5326 641 5377 ὲν
693 5322 844 5394 δεξιᾷ
878 5322 978 5393 τῆς
1025 5320 1420 5391 μεγαλωσύνης
1470 5322 1528 5373 ἐν
1576 5320 1831 5390 οὐρανοῖς

233 5417 491 5472 ἐκάθισεν
513 5433 527 5446 ’
552 5418 609 5469 ἐν
634 5408 887 5485 ᾦΚυρίῳ
926 5414 1021 5468 καὶ
1054 5411 1176 5483 Θεῷ
1238 5412 1398 5484 ἡμῶν
1443 5412 1542 5475 τὰς
1601 5409 1827 5474 ἐλπίδας

234 5510 398 5583 ήμῶν
420 5511 603 5573 πάσας
625 5508 825 5580 ἔχομεν
844 5525 859 5540 ο
897 5508 995 5561 καὶ
1035 5508 1096 5561 ὃν
1151 5506 1333 5576 πάσης
1357 5504 1592 5568 κτίσεως
1621 5504 1826 5575 ὁρατῆς

236 5621 297 5657 τε
326 5606 421 5658 καὶ
468 5604 703 5674 ἀοράτου
732 5602 831 5673 τὴν
898 5601 1146 5667 ἐξουσίαν
1223 5598 1369 5669 ἔχειν
1412 5596 1819 5669 ὁμολογοῦμεν·

309 5764 357 5797 ⁷⁸
421 5760 624 5832 Ephes.
670 5774 750 5827 ll,
804 5760 886 5829 6.1

1934 4764 2075 4819 Deus
2111 4762 2276 4817 Pater
2321 4764 2378 4815 in
2431 4761 2718 4816 cmlestibus
2744 4761 2800 4815 in
2842 4761 3060 4815 dextera
3099 4761 3436 4830 majestatis,
3476 4760 3534 4814 in

1934 4856 2141 4910 Christo
2166 4855 2291 4909 Iesu
2327 4854 2550 4908 Domino
2576 4853 2835 4909 nostra“.
2861 4854 2982 4909 Non
2996 4862 3175 4907 tamen
3195 4866 3385 4907 omnes
3414 4850 3533 4905 sin-

1933 4948 2157 5021 gillatim
2194 4947 2443 5001 homines
2466 4947 2608 5016 (qua:
2638 4962 2726 5001 res
2754 4962 2865 5002 non
2897 4957 3079 5000 mente
3107 4944 3309 5008 solum,
3332 4958 3529 4997 verum

1934 5042 2099 5097 etiam
2134 5052 2300 5096 sensu
2334 5040 2728 5111 cognoscitur),
2762 5041 2859 5094 sed
2889 5046 3227 5107 assumptam
3258 5051 3324 5091 ex
3345 5035 3527 5103 nobis,

1925 5135 2095 5191 veluti
2116 5134 2383 5205 primitias
2400 5134 2653 5189 humana:
2674 5142 2906 5209 natura},
2929 5129 3269 5204 hypostatice
3312 5128 3535 5186 Christo

1928 5229 2137 5285 unitam
2181 5242 2407 5282 carnem
2446 5227 2501 5281 in
2532 5226 2756 5281 dextera
2787 5224 3088 5294 maiestatis
3122 5224 3177 5277 in
3211 5222 3365 5278 cmlis
3403 5220 3535 5277 fecit

1928 5319 2249 5375 consedere.
2276 5318 2334 5371 ln
2365 5332 2474 5387 quo
2499 5315 2731 5370 Domino
2756 5330 2821 5369 ac
2845 5315 2957 5368 Deo
2977 5322 3168 5368 nostro
3190 5327 3316 5383 spes
3339 5326 3535 5368 omnes

1931 5418 2146 5466 nostras
2181 5408 2500 5472 deﬁximus,
2541 5424 2703 5480 quem
2740 5408 2794 5461 in
2837 5420 3059 5461 omnem
3107 5420 3224 5460 rem
3264 5411 3530 5466 creatam,

1931 5503 2207 5559 visibilem
2295 5510 2458 5571 atque
2518 5500 2888 5564 invisibilem,
2936 5506 3268 5569 potestatem
3324 5495 3532 5552 habere

1932 5593 2290 5659 confitemur;
2325 5602 2379 5650 et
2408 5608 2573 5665 quem
2606 5592 2838 5649 ﬁrmiter
2876 5605 3118 5661 vereque
3146 5598 3532 5661 exspectamus
