3928 6246
427 301 563 370 1319

1807 295 2037 359 PETRI
2076 295 2350 358 SICULI.

3571 291 3698 360 1320

422 422 762 479 dominatum
785 421 896 493 58
930 423 1386 490 potentatumque
1421 412 1739 468 habiturum
1770 414 2018 482 praesen-

2148 417 2226 468 ιαὶ
2263 413 2322 465 ὃν
2345 409 2574 482 βεϐαίως
2595 411 2690 464 καὶ
2710 410 2928 482 ἀληθῶς
2953 411 3240 483 προσδοκῶ
3251 429 3349 484 μεν
3379 410 3480 484 τὴν
3515 413 3698 481 κυρίαν

425 516 498 568 tis
522 514 798 583 futurique
833 509 1113 580 temporis,
1139 516 1194 562 et
1220 504 1411 560 mundi
1441 513 1497 559 et
1519 503 1866 568 mternitatis,
1889 517 2014 557 cum

425 602 586 658 Patre
616 601 887 673 principio
932 605 1155 653 carente
1198 604 1552 666 regnantem,
1589 604 1646 648 et
1681 609 1807 650 cum
1838 591 2016 646 omni-

426 704 653 766 potente
683 695 803 764 ejus
842 692 1050 764 Spiritu
1087 705 1184 760 per
1219 688 1417 744 saecula
1447 687 1794 743 surculorum.
1819 684 2010 739 Amen.

494 973 587 1029 XI.
631 973 827 1028 Adhuc
863 978 1046 1025 tamen
1091 963 1464 1022 necessarium
1503 971 1591 1018 est
1639 961 1707 1017 de
1761 960 2022 1032 praedicto

426 1073 750 1138 argumento
793 1077 964 1134 pauca
1013 1060 1319 1121 disserere,
1371 1056 1514 1113 sicut
1561 1055 1720 1110 initio
1756 1053 2023 1109 sermonis

429 1161 594 1230 hujus
633 1157 1008 1228 promisimus,
1045 1151 1113 1207 ad
1156 1149 1515 1223 ignominiam
1558 1148 2023 1218 increpationem—

430 1268 539 1323 que
572 1251 812 1306 hostium
847 1247 942 1302 Dei
975 1247 1318 1316 impnrorum
1347 1242 1808 1307 Manichaeorum;
1843 1242 1932 1310 qui
1967 1255 2028 1294 se

429 1345 576 1415 quod
600 1359 711 1398 non
737 1348 888 1404 sunt,
916 1344 1260 1408 nuncupant;
1286 1335 1433 1407 quod
1458 1345 1643 1389 autem
1669 1340 1819 1398 sunt,
1843 1333 2036 1387 audire

428 1451 542 1492 non
572 1429 945 1490 sustinent.Si
981 1429 1126 1485 enim
1182 1443 1247 1482 ex
1305 1441 1460 1482 sacra
1489 1423 1768 1496 Scriptura
1807 1424 2036 1478 demon-

437 1526 722 1590 strabitur,
754 1537 924 1577 unum
950 1521 1322 1590 eamdemque
1349 1533 1473 1574 esse
1497 1526 1554 1572 et
1581 1533 1691 1571 non
1721 1515 1910 1581 alium,
1937 1513 2035 1585 qui

429 1619 629 1676 caelum
695 1626 1008 1685 terramque
1051 1613 1184 1668 fecit
1245 1626 1341 1682 per
1384 1609 1618 1676 Filium;
1663 1609 2029 1678 eumdemque

2126 505 2220 557 καὶ
2247 501 2567 556 δεσποτείαν
2597 501 2740 571 ἔχειν
2759 504 2856 556 καὶ
2883 503 2979 556 τοῦ
3011 502 3281 574 παρόντος
3315 502 3414 555 καὶ
3440 498 3538 553 τοῦ
3577 500 3697 570 μέλ-⁵

2124 595 2309 657 λοντος
2335 594 2430 646 καὶ
2462 593 2669 663 κόσμου
2693 593 2788 646 καὶ
2837 592 3057 657 αἰῶνος,
3089 595 3185 647 σὺν
3210 591 3359 666 [οοᾱ.
3391 592 3432 646 f.
3458 589 3608 663 119.]
3629 592 3700 661 τῷ

2128 688 2353 760 ἀνάρχῳ
2383 687 2558 758 Πατρὶ
2619 685 2996 756 βασιλεύοντα,
3030 687 3126 742 καὶ
3184 687 3263 758 τῷ
3311 686 3700 756 παντοδυνὰμῳ

2128 781 2293 836 αὑτοῦ
2358 780 2640 851 Πνεύματι
2698 781 2778 844 εἰς
2851 781 2977 844 τοὺς
3021 781 3225 844 αἰῶνας
3291 779 3404 833 τῶν
3477 777 3697 832 αἰώνων.

2141 875 2198 927 Ἀ
2209 876 2336 927 μήν.

2249 893 2336 927 rw.

2202 893 2304 1020 51".
2345 966 2537 1034 Ὅμως
2556 966 2856 1033 ἀναγκαῖον
2878 964 2959 1018 ἔτι
2980 965 3076 1017 καὶ
3102 964 3230 1035 περὶ
3257 962 3351 1017 τοῦ
3399 963 3692 1034 προκειμέ-

2131 1076 2224 1112 νου
2251 1058 2463 1128 βραχέα
2492 1057 2793 1120 διαλαϐεῖν,
2827 1055 3012 1120 καθὼς
3035 1057 3092 1109 ὲν
3113 1059 3258 1128 ἀρχῇ
3294 1054 3454 1108 τοῦδε
3510 1054 3600 1109 τοῦ
3622 1053 3700 1106 lb-

2131 1169 2231 1220 γου
2260 1150 2632 1221 ὑπεσχόμεθα,
2671 1150 2807 1220 πρὸς
2851 1148 3117 1220 αἰσχύνην
3147 1149 3244 1202 καὶ
3269 1146 3573 1217 ὀνειδισμὸν
3603 1145 3702 1200 τῶν

2135 1243 2421 1314 θεομὰχων
2453 1243 2549 1296 καὶ
2581 1243 2814 1296 ἀνοσίων
2838 1242 3180 1312 Μανιχαίων,
3199 1240 3307 1294 τῶν
3335 1238 3700 1309 ὀνομαζόντων

2139 1333 2237 1403 μὲν
2265 1333 2493 1394 ἑαυτοὺς
2524 1333 2664 1403 ὅπερ
2690 1333 2791 1384 οὐκ
2819 1334 2978 1396 εἰσὶν,
3011 1332 3182 1384 ὄντων
3243 1331 3300 1384 δὲ
3322 1333 3462 1402 ὅπερ
3502 1330 3703 1385 ἀκούειν

2134 1426 2234 1480 οὑκ
2266 1425 2572 1496 ἀνέχονται.
2602 1426 2662 1478 Ei
2691 1425 2801 1496 γὰρ
2828 1425 3181 1496 δειχθήσεται
3209 1424 3366 1496 παρὰ
3417 1424 3516 1494 τῆς
3566 1424 3702 1494 ἱερᾶς

2135 1521 2382 1594 Γραφῆς,
2413 1521 2542 1574 ὃτιό
2577 1521 2741 1585 αὑτὸς
2770 1517 2850 1584 εἷς
2898 1520 3030 1584 Θεός
3065 1523 3236 1585 ἐστιν,
3284 1520 3384 1572 καὶ⁸
3426 1519 3527 1572 οὑκ
3563 1518 3703 1581 ἄλλος

2136 1615 2165 1668 ό
2196 1615 2287 1668 τὸν
2321 1613 2552 1682 οὐρανὸν
2591 1613 2687 1668 καὶ
2734 1614 2835 1685 τὴν
2863 1615 2968 1684 γῆν
2997 1613 3234 1683 ποιήσας
3267 1611 3336 1665 δι’
3362 1610 3496 1664 Υἱοῦ
3518 1626 3532 1640 ·
3561 1609 3705 1670 αὐτὸς

430 1711 650 1764 Patrem
668 1721 790 1762 esse
815 1703 1030 1760 Domini
1054 1702 1229 1758 nostri
1257 1701 1386 1756 Jesu
1407 1699 1610 1756 Christi
1635 1708 1692 1755 et
1717 1714 1824 1753 non
1847 1699 2027 1753 diver-

2148 1707 2190 1760 Ξὲ
2239 1707 2335 1761 καὶ
2377 1707 2568 1779 Πατὴρ
2616 1704 2712 1760 τοῦ
2779 1705 2984 1776 Κυρίου
3028 1705 3189 1776 ἡμῶν
3249 1701 3430 1775 Ἰησοῦ
3485 1701 3702 1773 Χριστοῦ

431 1816 587 1867 sum,
617 1798 981 1866 eamdemque
1017 1795 1138 1849 sine
1179 1793 1362 1864 specie
1399 1802 1455 1847 et
1497 1792 1617 1847 sine
1659 1791 1851 1863 figura,
1883 1790 2030 1860 quod

433 1891 504 1946 ad
537 1890 776 1946 divinam
801 1885 1163 1942 substantiam
1189 1884 1409 1947 attinet,
1442 1889 1701 1952 superest
1725 1890 1786 1935 ut
1815 1879 1889 1934 illi
1927 1878 2034 1934 uti-

432 1998 540 2052 que
584 1981 823 2035 habeant
863 1979 1009 2049 apud
1059 1992 1118 2031 se
1142 1976 1307 2029 alium
1347 1973 1552 2039 Deum,
1585 1987 1747 2042 quem
1782 1971 2033 2026 malefico

436 2071 656 2142 ingenio
687 2079 742 2124 et
775 2068 978 2124 infelici
1007 2074 1196 2122 mente
1233 2065 1335 2120 sibi
1367 2065 1710 2136 confingunt.
1743 2064 1915 2118 Porro
1942 2063 2032 2118 ille

437 2163 671 2235 (noster)
716 2161 810 2231 qui
853 2161 944 2225 sit,
984 2158 1212 2230 patefiet
1241 2156 1386 2212 veris
1419 2156 1832 2226 Scripturarum
1874 2153 2030 2210 testi-

436 2254 638 2311 moniis
668 2254 724 2308 in
755 2253 998 2309 medium
1032 2250 1232 2306 allatis.
1259 2249 1359 2306 Hic
1384 2249 1552 2320 igitur
1577 2247 1951 2320 proferantur,
1978 2256 2035 2304 et

435 2347 807 2419 evangelicam
830 2343 1118 2400 articulate
1149 2351 1439 2398 sonantem
1467 2341 1653 2396 tubam
1679 2341 1906 2396 audiant
1935 2355 2028 2410 pa-

435 2443 544 2498 lam
573 2441 868 2496 dicentem.
900 2437 1166 2492 Dominus
1197 2435 1338 2489 dixit
1362 2453 1375 2489 :
1403 2433 1578 2504 Opera
1609 2450 1726 2505 qua:
1748 2451 1840 2505 ego
1871 2435 2030 2504 facio,

436 2534 796 2590 testimonium
814 2531 1089 2601 perhibent
1107 2532 1170 2584 de
1194 2545 1294 2594 me,
1320 2529 1460 2598 quod
1482 2527 1647 2583 Pater
1662 2545 1744 2583 me
1761 2528 2032 2582 miserit".

436 2623 543 2678 Et:
572 2621 671 2686 Qui
690 2636 772 2674 me
797 2619 938 2673 misit
960 2617 1144 2683 Pater,
1179 2617 1288 2686 ipse
1315 2615 1671 2670 testimonium
1693 2615 1955 2686 perhibuit
1972 2617 2035 2670 de

437 2731 521 2770 me
541 2714 609 2767 ⁷⁸.
658 2711 892 2768 Ubinam
935 2725 1066 2766 vero
1095 2716 1328 2764 testatus
1371 2708 1464 2772 sit,
1493 2707 1840 2763 concorditer
1871 2723 2037 2764 evan-

441 2807 650 2880 gelista:
689 2804 880 2860 dicunt
907 2822 920 2858 :
945 2801 1266 2874 Baptizatus
1292 2802 1549 2856 Dominus
1577 2799 1732 2856 Jesus
1769 2802 2041 2872 confestim

440 2898 680 2953 ascendit
703 2898 765 2950 de
799 2913 940 2966 aqua
958 2913 977 2962 ;
1008 2905 1058 2949 et
1084 2912 1197 2949 ecce
1228 2895 1401 2964 aperti
1431 2902 1551 2948 sunt
1577 2894 1625 2948 ei
1650 2893 1786 2960 cwli,
1811 2893 2044 2964 viditque

441 2990 701 3061 Spiritum
745 2989 840 3042 Dei
884 2989 1279 3043 descendentem
1317 2989 1453 3041 sicut
1491 2985 1823 3051 columbam,
1865 2993 1913 3040 et
1952 3002 2042 3039 ve-

440 3085 672 3138 nientem
739 3099 897 3152 super
960 3099 1032 3136 se.
1091 3081 1160 3136 Et
1209 3099 1326 3136 ecce
1376 3099 1476 3136 vox
1535 3082 1599 3136 de
1637 3080 1780 3135 caelis
1825 3081 2043 3134 dicens:

441 3176 542 3230 llic
576 3187 650 3229 est
675 3172 852 3227 Filius
903 3191 1050 3228 meus
1088 3172 1310 3227 dilectus
1359 3173 1413 3226 in
1437 3188 1537 3242 quo
1576 3171 1705 3225 mihi
1741 3171 1866 3224 bene
1903 3186 2046 3224 com—

443 3269 711 3340 placui".
748 3266 960 3322 Rursus
995 3267 1063 3322 de
1113 3266 1320 3320 Christi
1352 3264 1834 3336 transﬁguratione
1881 3264 2046 3318 iidem

441 3363 601 3418 aiunt
627 3382 639 3417 :
672 3359 976 3431 Suscipiens
1001 3359 1259 3413 Dominus
1285 3359 1435 3414 Jesus
1464 3358 1688 3412 Petrum
1713 3367 1762 3412 et
1789 3357 2046 3412 Jacobum

444 3472 507 3511 ac
538 3453 808 3509 Joannem
847 3456 1071 3525 fratrem
1123 3453 1260 3522 ejus,
1291 3453 1442 3506 duxit
1479 3468 1566 3506 eos
1600 3452 1657 3506 in
1690 3461 1919 3506 montem
1949 3468 2042 3505 ea:-

445 3547 642 3602 celsum
669 3545 1001 3602 seorsum.Et
1031 3546 1444 3617 transﬁguratus
1478 3555 1691 3600 estante
1708 3563 1794 3600 eos
1813 3546 1878 3600 ⁷⁸.
1908 3544 2042 3611 Qui-

443 3639 550 3696 bus
590 3639 758 3694 ctiam
797 3637 1050 3693 exhibuit
1093 3638 1331 3707 Speciem
1373 3652 1602 3704 novam,
1642 3648 1904 3708 quantum
1937 3637 2042 3707 ipsi

448 3745 648 3799 capere
681 3737 938 3800 poterant
970 3747 984 3782 :
1017 3728 1108 3798 qui
1144 3743 1268 3782 cuin
1299 3728 1608 3798 splendoris
1638 3729 2043 3785 vehementiam

448 3838 564 3876 non
598 3821 826 3883 ferrent,
855 3819 1007 3874 humi
1035 3820 1465 3890 procumbentes
1489 3836 1685 3876 somno
1716 3838 1775 3877 se
1807 3823 2044 3876 tradide-

450 3921 602 3969 runt.
649 3911 717 3965 Et
755 3925 884 3966 ecce
926 3926 1032 3966 vox
1073 3911 1140 3966 de
1177 3910 1325 3965 nube
1365 3911 1595 3968 dicens:
1635 3913 1738 3967 llic
1765 3924 1839 3968 est
1875 3915 2044 3969 Filius

2140 1801 2407 1870 ὑπάρχων
2471 1801 2568 1853 καὶ
2625 1799 2726 1870 οὑχ
2775 1799 2986 1870 ἕτερος,
3033 1799 3062 1852 6
3125 1797 3285 1862 αὐτὸς
3345 1797 3582 1858 ἀνείδεος
3625 1795 3706 1848 καὶ

2141 1891 2556 1962 ἀσχημάτιστος
2604 1889 2871 1960 ὑπάρχων
2939 1887 3084 1942 κατὰ
3149 1887 3248 1960 τὴν
3305 1886 3461 1940 θείαν
3515 1885 3702 1950 οὐσίαν,

2139 1984 2387 2036 λείπεται
2417 1981 2616 2044 αὑτοὺς
2653 1981 2762 2052 ἄρα
2785 1979 2928 2052 ἔχειν
2963 1979 3094 2052 παρ’
3119 1981 3336 2043 ἑαυτοῖς
3355 1979 3542 2046 ἓτερον
3567 1977 3702 2041 Θεὸν,

2137 2073 2198 2126 ὃν
2227 2072 2542 2143 κακούργου
2597 2072 2844 2142 σκέψεως
2897 2073 2993 2126 καὶ
3050 2072 3452 2141 κακοδαίμονος
3496 2069 3706 2132 διανοίας

2141 2166 2356 2228 ἑαυτοῖς
2425 2163 2906 2218 ἀναπλάττουσιν·
2967 2162 3030 2226 ὃς
3098 2164 3197 2216 καὶ
3278 2160 3706 2234 φανερωθήσεται

2140 2257 2329 2319 ὁποῖός
2357 2257 2496 2320 ἐστι,
2521 2255 2631 2309 τῶν
2671 2254 2968 2326 Γραφικῶν
3025 2255 3242 2326 ἀληθῶς
3305 2252 3617 2325 μαρτυριῶν
3639 2251 3705 2313 εἰς

2145 2345 2312 2416 μέσον
2351 2343 2779 2417 προτιθεμένων.
2820 2343 3170 2412 Ἀγέσθωσαν
3225 2341 3414 2395 τοίνυν
3472 2339 3702 2405 ἐνταῦθα,

2141 2439 2363 2509 καὶτῆς
2411 2437 2781 2508 εὐαγγελικῆς
2839 2437 3108 2508 ἐνάρθρου
3173 2435 3480 2506 σάλπιγγος
3542 2431 3705 2502 σαφῶς

2140 2528 2409 2598 λεγούσης
2429 2528 2780 2582 ἁκουὲτωσαν
2816 2543 2832 2560 θ
2875 2521 3030 2580 εἶπεν
3057 2529 3085 2580 ό
3115 2525 3328 2596 Κύριος
3358 2541 3373 2556 ⁸
3411 2523 3490 2579 Τὰ
3523 2521 3652 2590 ἔργα
3673 2520 3706 2572 d

2139 2621 2254 2692 ἐγὼ
2269 2621 2419 2677 ποιῶ
2437 2621 2726 2691 μαρτυρεῖ
2745 2618 2877 2691 περὶ
2899 2618 3067 2690 ἐμοῦ,
3101 2619 3191 2672 ὅτι
3243 2620 3276 2672 ό
3303 2615 3510 2684 Πατήρ
3531 2613 3708 2685 peda-

2142 2715 2420 2769 έστειλεν
2445 2731 2458 2745 ο
2487 2714 2586 2768 καὶ
2611 2717 2644 2768 ό
2681 2714 2927 2783 πέμψας
2955 2730 3033 2782 με
3051 2710 3274 2780 Πατὴρ,
3304 2710 3490 2774 αὐτὸς
3509 2721 3706 2778 uenat:-

2144 2807 2404 2874 τύρηκεν
2447 2805 2578 2872 περὶ
2631 2803 2814 2874 ἐμοῦ·
2840 2805 2963 2862 .ποῦ
3005 2804 3064 2858 δὲ
3121 2806 3232 2877 ἄρα
3277 2800 3704 2874 μεμαρτύρηκεν,

2149 2895 2457 2967 συμφώνως
2486 2897 2536 2948 οἱ
2592 2895 2978 2964 εὑαγγελισταί
3045 2911 3244 2966 φασιν·
3305 2888 3706 2954 Βαπτισθεὶςὸ

2153 2991 2368 3058 Κύριος
2403 2988 2644 3057 Ἰησοῦς
2691 2987 2878 3056 ἀνέϐη
2934 2988 3117 3055 εὐθὺς
3139 2989 3257 3043 ἀπὸ
3301 2986 3413 3042 τοῦ
3465 2985 3704 3047 ὔδατος’

2153 3081 2398 3136 καὶιδοὺ
2423 3081 2822 3150 ἀνεῴχθησαν
2844 3081 3005 3147 αὐτῷ
3043 3086 3099 3136 οι
3143 3081 3394 3150 οὐρανοὶ
3446 3078 3542 3133 καὶ
3571 3071 3709 3130 εἶδεν

2149 3176 2216 3229 τὸ
2250 3175 2492 3245 Πνεῦμα
2512 3174 2618 3228 τοῦ
2643 3174 2791 3229 Θεοῦ
2814 3174 3177 3228 καταϐαῖνον
3191 3172 3338 3226 ὡσεὶ
3360 3167 3706 3240 περιστερὰν,

2147 3267 2246 3320 καὶ
2277 3267 2609 3337 ἐρχόμενον
2635 3268 2729 3320 ἐπ’
2771 3269 2962 3321 αὐτόν
2986 3284 2998 3294 ·
3025 3268 3125 3320 καὶ
3163 3265 3292 3320 ἰδοὺ
3325 3265 3492 3335 φωνὴ
3528 3258 3708 3315 ἐκτῶν

2142 3359 2417 3427 οὐρανῶν
2427 3359 2697 3430 λέγουσα
2717 3375 2731 3390 ⁸
2763 3355 2942 3426 οὗτός
2968 3359 3142 3413 ἐστιν
3171 3361 3203 3412 ὁ
3243 3360 3380 3424 Υἱός
3393 3374 3508 3427 μου
3532 3359 3562 3410 ό
3585 3355 3709 3420 ἀτα-

2141 3451 2330 3519 πητὸς
2345 3452 2416 3506 ἐν
2439 3445 2487 3518 ᾧ
2514 3453 2834 3520 ηὑδόκησα
2857 3468 2870 3482 ο
2905 3453 2998 3506 καὶ
3025 3451 3188 3506 πάλιν
3217 3450 3455 3524 περὶτῆς
3485 3447 3572 3502 τοῦ
3596 3445 3709 3516 Χρι-

2142 3542 2270 3596 στοῦ
2329 3543 2834 3614 μεταμορφώσεως,
2862 3543 2912 3594 οἱ
2941 3542 3097 3595 αὐτοί
3137 3557 3339 3610 φασιν’
3374 3534 3710 3608 Παραλαϐὼν

2139 3636 2352 3705 Κύριος
2407 3635 2638 3704 Ἰησοῦς
2659 3636 2766 3689 τὸν
2793 3633 3016 3704 Πέτρον
3052 3635 3152 3689 καὶ
3184 3633 3466 3688 Ἰάκωϐον
3500 3631 3592 3686 καὶ
3621 3630 3710 3684 ἰωο

2139 3725 2335 3794 άννην
2359 3727 2466 3781 τὸν
2487 3727 2759 3796 ἀδελφὸν
2786 3727 2997 3793 αὑτοῦ,
3040 3727 3380 3798 ἀνήνεγκεν
3405 3723 3613 3790 αὐτοὺς
3639 3723 3710 3784 είς

2139 3820 2276 3888 ὅρος
2307 3823 2560 3890 ὑψηλὸν
2587 3820 2864 3876 κατιδίαν
2888 3838 2901 3852 ο
2932 3821 3028 3875 καὶ
3057 3821 3484 3892 μετεμορφώθη
3509 3819 3702 3886 ἒμπροο

2141 3915 2292 3966 σθεν
2327 3912 2548 3970 αὐτῶν.
2599 3909 2694 3977 οἷς
2734 3913 2829 3966 καὶ
2863 3914 3193 3986 παρεδείκνυ
3224 3911 3367 3978 εἶδος
3419 3913 3581 3977 ξένον,
3609 3909 3710 3961 ὅσον

453 4020 602 4058 meus
631 4003 851 4057 dilectus
893 4004 950 4056 in
987 4020 1089 4074 quo
1125 4002 1236 4075 59
1269 4005 1396 4060 mihi
1424 4007 1549 4060 bene
1581 4007 1895 4077 complacui.
1929 4007 2042 4062 llam

2156 4007 2356 4078 χωρεῖν
2393 4005 2657 4077 ἠδύναντο
2683 4021 2698 4036 ’
2723 4006 2775 4060 οἳ
2816 4008 2911 4061 καὶ
2957 4008 3056 4078 τὴν
3091 4006 3401 4078 ὑπερϐολὴν
3442 4004 3621 4075 αἴγλης
3649 3999 3710 4071 μὴ

453 4111 564 4150 una
604 4110 737 4150 voce
769 4095 1122 4167 evangelista:
1160 4106 1292 4152 tres.
1317 4095 1562 4152 Joannes
1586 4106 1771 4154 autem
1806 4100 1913 4155 ait:
1948 4101 2042 4157 Do-

2159 4099 2474 4168 ἐνεγκόντες
2513 4100 2609 4152 ἐπὶ
2669 4099 2770 4170 τὴν
2826 4100 2930 4169 γῆν
2986 4100 3393 4163 καταπεσόντες
3437 4100 3516 4162 εἰς
3573 4095 3712 4148 ὕπνον

454 4187 640 4241 minus
682 4184 865 4240 dixit:
909 4184 1162 4254 Clari/ica
1204 4203 1305 4253 me,
1368 4186 1566 4254 Pater,
1612 4188 1859 4243 claritate
1897 4206 2042 4260 quan.

2160 4192 2477 4262 ἐτρέποντο.
2511 4192 2620 4245 Καὶ
2653 4191 2762 4245 ἰδοὺ
2799 4193 2952 4262 φωνὴ
2985 4193 3049 4247 ἐκ
3083 4193 3180 4262 τῆς
3205 4193 3437 4263 νεφέλης
3485 4189 3707 4258 λέγουσα·

459 4278 621 4332 habui
663 4278 814 4348 prius
846 4295 1009 4348 quam
1043 4280 1270 4332 mundus
1306 4279 1455 4348 ﬁeret
1489 4282 1634 4351 apud
1662 4291 1710 4336 te
1739 4283 1808 4336 7°.
1838 4281 1977 4338 Ecce
2005 4292 2060 4337 et

455 4371 604 4440 apud
630 4371 809 4440 ipsum
833 4379 1064 4426 testatur
1091 4372 1359 4426 mundum
1389 4372 1558 4428 fuisse
1586 4373 1924 4445 hypostatica
1954 4390 2050 4430 ve-

2163 4280 2352 4350 Οίῦτός
2380 4283 2550 4338 ἐστιν
2580 4287 2613 4339 ό
2653 4286 2782 4351 Υἱός
2803 4303 2928 4355 μου
2951 4289 2983 4340 ὁ
3026 4287 3336 4356 ἀγαπητός
3373 4286 3442 4341 ἐν
3481 4279 3529 4352 ᾧ
3555 4278 3711 4350 ηὐδό-

2158 4391 2321 4445 κησα
2343 4415 2357 4430 .
2383 4376 2569 4430 Ταῦτα
2597 4377 2696 4447 μὲν
2721 4378 2770 4430 οἱ
2799 4381 2948 4448 τρεῖς
2972 4379 3360 4447 εὑαγγελισταὶ
3398 4374 3678 4446 συμφώνως
3698 4384 3707 4398 ⁸

463 4463 620 4528 ritas,
661 4463 918 4517 videlicet
953 4472 1082 4519 ante
1113 4465 1277 4519 etiam
1307 4466 1499 4520 mundi
1530 4468 1862 4522 creationem
1893 4469 2042 4524 clari.

2156 4469 2185 4522 6
2239 4467 2294 4521 δὲ
2357 4469 2613 4539 Ἰωάννης
2659 4469 2861 4540 φησίν·
2929 4467 3098 4524 Εἶπεν
3136 4474 3164 4524 6
3214 4470 3440 4542 Κύριος,
3471 4466 3712 4532 Δόξασόν

460 4553 626 4609 ﬁcato
677 4555 814 4610 Filio
863 4557 1006 4626 apud
1038 4557 1295 4625 Patrem;
1339 4574 1453 4613 non
1485 4570 1667 4614 autem
1699 4561 1841 4630 apud
1873 4577 2065 4630 quem-

461 4663 629 4718 quam
653 4647 845 4711 alium,
871 4659 932 4702 ut
957 4663 1055 4705 vos
1081 4650 1286 4714 dicitis,
1317 4652 1581 4707 mundum
1617 4652 1808 4708 fuisse.
1837 4653 2064 4708 Statim-

463 4753 569 4808 que
592 4753 700 4793 vox
725 4739 794 4794 de
825 4740 965 4796 coelo
994 4742 1214 4812 delapsa
1241 4744 1319 4798 ait
1345 4762 1356 4797 :
1384 4748 1454 4798 Et
1484 4743 1779 4812 clariﬁcavi
1800 4755 1848 4800 et
1874 4747 2064 4801 iterum

461 4829 767 4900 clariﬁcabo
797 4831 864 4885 ⁸ο.
900 4829 1063 4887 Vides
1110 4835 1357 4889 auditam
1390 4834 1558 4892 fuisse
1589 4836 1768 4892 Patris
1810 4853 2000 4893 vocem
2031 4853 2064 4893 a

465 4925 836 4994 praesentibus
878 4935 1149 4996 quotquot
1199 4927 1290 4981 illa
1320 4929 1600 4984 auditione
1637 4930 1786 5002 digni
1817 4929 2061 4986 fuerunt.

464 5013 589 5067 Non
624 5023 806 5069 tamen
839 5017 1132 5072 audierunt
1179 5017 1388 5090 indigni
1419 5038 1434 5073 :
1479 5021 1640 5076 sicuti
1673 5037 1742 5077 ne
1772 5023 2062 5094 transfigu-

470 5105 704 5160 rationis
734 5106 956 5177 quidem
995 5109 1173 5163 lucem
1203 5110 1341 5163 vidit
1364 5111 1610 5181 proditor
1636 5112 1825 5169 Judas.
1852 5113 2061 5186 Reliqui

470 5214 606 5253 vero
637 5201 865 5269 apostoli
894 5200 1045 5271 digni
1077 5217 1209 5257 sane
1241 5216 1402 5258 erant
1437 5206 1555 5275 ejus
1589 5206 1821 5275 visione,
1851 5209 1947 5264 sed
1982 5220 2063 5264 ta-

466 5304 604 5344 men
627 5291 882 5360 prudenti
911 5293 1122 5349 ratione
1145 5310 1173 5348 a
1198 5294 1429 5350 Domino
1453 5300 1799 5366 pmtcrmissi
1823 5313 1970 5368 sunt,
1995 5319 2067 5358 ne

473 5379 802 5438 invidiosius
833 5393 888 5439 et
911 5385 1334 5442 inexcusabilius
1360 5387 1462 5459 ipsi
1496 5388 1652 5445 fieret
1679 5392 1822 5460 quod
1853 5409 2062 5449 nonum

468 5475 809 5532 exclusisset.

544 5669 590 5698 ⁷⁵
634 5667 805 5751 ΞοίιῐιΖ
839 5687 918 5751 _v,
961 5672 1051 5730 56.
1129 5674 1200 5751 "_
1218 5676 1355 5751 ibid,
1421 5678 1510 5735 57.
1591 5681 1634 5713 "
1663 5681 1856 5737 Matth.
1890 5679 1970 5751 ni,
2004 5685 2087 5741 16.

472 5752 604 5805 xvn,
632 5737 685 5793 5.
762 5741 807 5773 ³ο
831 5740 986 5798 Joan.
1023 5759 1150 5815 xvn,
1174 5747 1263 5804 28.

2155 4578 2256 4630 με,
2296 4559 2510 4631 Πάτερ,
2544 4560 2615 4631 τῇ
2639 4562 2787 4631 δόξῃ
2807 4557 2847 4635 ᾖ
2865 4559 3036 4632 εἶχον
3062 4564 3178 4632 πρὸ
3218 4564 3326 4618 τοῦ
3375 4564 3480 4617 τὸν
3509 4561 3712 4628 κόσμον

2161 4655 2499 4728 εἶναιπαρὰ
2521 4660 2644 4714 σοί.
2695 4660 2828 4714 Ἰδοὺ
2883 4660 2978 4713 καὶ
3014 4660 3144 4732 παρ’
3198 4659 3348 4729 αὐτῷ
3394 4658 3481 4711 τὸν
3536 4655 3711 4722 κόσμον

2162 4745 2306 4804 εἶναι
2366 4751 2639 4822 μαρτυρεῖ
2687 4751 2720 4820 ἡ
2773 4751 3140 4814 ὲνυπόστατος
3204 4751 3448 4821 ἀλήθεια,
3501 4743 3711 4818 δηλονότι

2167 4843 2274 4914 πρὸ
2297 4841 2393 4896 τοῦ
2425 4843 2716 4914 κτισθῆναι
2740 4843 2831 4896 τὸν
2863 4844 3067 4915 κόσμον
3102 4843 3462 4914 δοξαζομένου
3491 4837 3579 4893 τοῦ
3601 4830 3710 4889 Υἰοῦ

2170 4937 2322 5008 παρὰ
2348 4937 2425 5008 τῷ
2457 4937 2635 5009 Πατρί
2661 4953 2674 4966 ·
2712 4937 2808 4992 καὶ
2828 4939 2888 4991 οὑ
2930 4941 3059 5010 παρ’
3077 4939 3282 5009 ὲτέροῳ
3332 4934 3466 4991 εἶναι
3509 4933 3592 4986 τὸν
3637 4927 3712 4980 :6-

2171 5048 2330 5102 σμον,
2359 5029 2544 5093 καθὼς
2568 5031 2722 5084 αὐτοί
2753 5047 2891 5098 φατε
2914 5049 2929 5062 ο
2957 5033 3050 5085 καὶ
3089 5031 3293 5095 εὐθέως
3326 5029 3472 5099 φωνὴ
3524 5024 3711 5095 ἐγένετο

2169 5125 2234 5178 ὲκ
2263 5122 2373 5176 τῶν
2394 5123 2642 5194 οὐρανῶν
2676 5124 2913 5192 λέγουσα
2934 5141 2948 5154 ·
2988 5123 3097 5178 Καὶ
3122 5123 3406 5188 ἐδόξασα,
3437 5117 3530 5174 καὶ
3549 5113 3710 5168 πάλιν

2173 5211 2433 5276 δοξάσω.
2461 5213 2566 5265 Ἴδε
2584 5213 2666 5266 ὅτι
2691 5215 2875 5284 φωνὴν
2891 5213 3057 5267 αὑτοῦ
3084 5215 3134 5268 οἱ
3160 5214 3422 5284 παρόντες
3444 5206 3709 5277 ἀκηκόασιν

2172 5306 2221 5357 oi
2256 5302 2422 5368 ἀξίως
2450 5307 2751 5375 χωρητικοὶ
2779 5306 2879 5375 τῆς
2912 5307 3173 5376 τοιαύτης
3212 5306 3380 5374 ἀκοῆς
3403 5317 3417 5331 ·
3451 5299 3544 5354 οὑκ
3590 5295 3709 5359 ἀκη··

2171 5397 2330 5451 κόασι
2371 5397 2426 5450 δὲ
2460 5399 2679 5461 πάντως
2701 5400 2752 5452 οἱ
2784 5399 3017 5465 ἀνάξιοι,
3040 5398 3231 5469 ὥσπερ
3253 5397 3370 5452 οὑδὲ
3394 5393 3553 5462 τὸτῆς
3571 5399 3708 5458 μετα-

2177 5488 2513 5560 μορφώσεως
2561 5490 2677 5560 φῶς
2720 5491 2922 5555 Ἰούδας
2953 5493 2982 5544 ὁ
3041 5491 3407 5563 προδότης-οξ
3454 5487 3507 5540 δὲ
3549 5471 3700 5536 λοιποὶ

2167 5685 2211 5718 ’⁷⁸
2239 5685 2431 5743 Matth.
2462 5704 2597 5760 xvu,
2632 5689 2680 5756 i;
2719 5689 2884 5748 Marc.
2919 5707 2996 5759 ιι,
3023 5691 3073 5760 i;
3102 5691 3235 5748 Luc.
3263 5705 3338 5760 ix,
3364 5687 3448 5744 28.
3509 5690 3547 5722 τ’
3568 5685 3698 5742 iam.
