3702 6240
29 242 151 309 1321

1008 234 1268 295 SERMO
1306 234 1334 293 Ι
1372 230 1774 294 ADVERSUS
1814 229 2301 291 MANlCHzEOS.

3163 220 3301 285 13:22

22 349 311 408 ἀπόστολοι
340 347 479 413 ἄξιοι
513 349 617 420 μὲν
637 346 910 412 τοῦιίδεῖν
977 346 1140 401 αὐτὸν
1214 342 1487 414 ὑπῆρχον,
1534 341 1901 412 οἰκονομικῶς
1947 341 2005 395 δὲ
2051 342 2158 394 ὑπὸ
2230 341 2327 395 τοῦ
2380 341 2590 412 Κυρίου
2664 338 3110 410 ἀπελείφθησαν·
3159 338 3302 391 ῶστε
3367 375 3376 382 ο

29 440 499 511 ἀνεπαχθέστερον
547 437 698 508 αύτῷ
744 435 892 508 [cod.
950 435 992 490 ἲ.
1028 434 1181 507 120.]
1216 433 1475 503 γενέσθαι
1524 433 1617 487 καὶ
1652 430 2061 500 ἀναπολόγητον
2098 433 2161 486 τὸ
2185 432 2404 486 ἔννατον
2427 432 2847 502 ἀπολειφθῆναι.

90 536 189 590 lB'.
221 534 335 586 Kal.
382 535 411 585 6
458 533 730 603 μακάριος
790 530 1089 593 ἀπόστολος
1138 528 1348 594 Παῦλός
1413 543 1595 599 φησινε

1822 528 1899 583 LII.
1947 528 2145 582 Beatus
2175 543 2393 597 quoque
2428 527 2709 598 apostolus
2749 526 2950 580 Paulus
2990 525 3086 589 ait,
3116 523 3302 579 Domi-

23 630 100 681 ὃτι
133 629 161 680 ὁ
214 628 421 699 Κύριος
484 624 733 696 ἐγερθεὶς
802 624 867 677 ἐκ
901 622 1113 691 νεκρῶν
1179 620 1348 691 ὤφθη
1417 618 1613 689 Κηφᾷ,

24 714 148 772 εἶτα
186 715 314 782 τοῖς
355 713 586 768 δώδεκα
614 755 629 779 ,
683 715 892 768 ἔπειτα
939 711 1143 766 ἐπάνω
1188 714 1615 777 πεντακοσίοις

27 809 313 879 ἀδελφοῖς
355 808 598 879 ἐφάπαξ
624 849 640 871 ,
681 809 892 863 ἔπειτα
936 806 1106 877 ὤφθη
1163 806 1434 872 Ἰακώϐῳ,
1490 803 1620 861 εἶτα

27 902 147 967 τοῖς
180 901 557 967 ἀποστόλοις
610 900 826 966 πᾶσιν,
873 900 1160 968 δηλονότι
1219 900 1337 968 πρὸ
1366 899 1479 968 τῆς
1515 901 1617 954 ἐν·

28 990 130 1055 δόξ’
137 1009 203 1046 ου
229 992 418 1045 αὐτοῦ
436 993 527 1057 εἰς
557 991 864 1060 οὐρανοὺς
897 991 1271 1062 ἀναλήψεως
1292 1011 1305 1024 ·
1341 992 1615 1061 ἔσχατον

30 1084 95 1136 δὲ
123 1083 369 1138 πάντων
415 1085 675 1153 ὡσπερεὶ
703 1084 785 1150 τῷ
832 1084 1160 1155 ἐκτρώματι
1180 1087 1351 1156 ὤφθη
1394 1086 1573 1156 κάμοι
1600 1102 1614 1118 ·

32 1176 227 1248 νοερῶς
284 1177 504 1241 πάντως
549 1180 645 1232 καὶ
675 1178 1063 1247 κόπτανόμενος
1116 1180 1213 1232 καὶ
1274 1178 1618 1249 προσκαλού-

36 1286 186 1339 μενος
214 1268 382 1323 αύτὸν
433 1269 571 1341 πρὸς
587 1270 686 1340 τὴν
715 1271 1018 1338 ἐπίγνωσιν
1057 1270 1253 1324 ἐαυτοῦ
1283 1272 1313 1323 6
1368 1270 1575 1343 Κύριος
1600 1287 1616 1303 ο

37 1362 164 1432 μετὰ
189 1362 297 1432 γὰρ
353 1364 690 1417 ἐνιαυσιαῖον
746 1363 935 1433 σχεδὸν
991 1364 1185 1434 χρόνον
1230 1365 1328 1434 τῆς
1377 1364 1616 1436 Χριστοῦ

34 1453 191 1525 πρὸς)
210 1454 478 1522 οὐρανοὺς
528 1453 877 1524 ἀναλήψεως,
921 1455 1227 1519 πιστεύσας
1265 1457 1361 1509 καὶ
1416 1456 1620 1526 βαπτι-

35 1547 170 1609 σθεὶς
194 1547 222 1598 6
252 1546 598 1613 Ἀπόστολος,
651 1547 754 1618 τῆς
802 1550 1135 1619 οἰκουμένης
1178 1550 1285 1603 ὑπὸ
1316 1549 1412 1603 τοῦ
1453 1550 1615 1617 ἁγίου

38 1640 349 1711 Πνεύματος
410 1641 727 1713 προεϐλήθη
791 1642 1151 1705 διδάσκαλος·
1218 1644 1315 1696 καὶ
1384 1642 1626 1706 ἀναστὰς

39 1732 133 1801 μὲν
152 1734 179 1785 6
210 1733 419 1803 Κύριος
444 1735 511 1786 ἐκ
536 1733 769 1805 νεκρῶν,
796 1734 1130 1804 σωματικῶς
1157 1737 1271 1799 τοῖς
1303 1734 1626 1797 ἀποστόλοις

38 1823 333 1889 ὠπτάνετο,
362 1823 641 1895 όρὼμενός
669 1842 728 1878 τε
757 1826 852 1878 καὶ
870 1832 937 1897 τῇ
990 1828 1138 1897 χειρὶ
1162 1827 1257 1880 τοῦ
1299 1826 1621 1895 πολυπράγ-

40 1933 191 1985 μονος
227 1891 847 1986 Θωμᾶ-ψηλαφούμενος
880 1891 1099 1972 ierim}
1138 1920 1324 1981 αὐτοῖς
1367 1891 1628 1988 ἅλις-ὀμε-
1659 1891 1703 1946 Β

39 2022 142 2068 νος,
187 2004 329 2058 ὥστε
364 2008 441 2078 μὴ
501 2006 826 2078 νομισθῆναι
878 2009 1153 2076 φαντασία
1191 2026 1302 2075 τις,
1330 2008 1448 2062 ἀλλ’
1477 2010 1628 2080 ἀλη-

42 2096 140 2159 θῶς
167 2097 431 2169 σώματος
466 2101 531 2152 ἐκ
572 2100 783 2170 νεκρῶν
819 2101 1115 2163 ἀνάστασις
1136 2119 1148 2133 ·
1178 2100 1379 2172 ὁμοίως
1402 2102 1631 2164 καὶτοῖς

42 2190 238 2254 λοιποῖς
277 2191 476 2256 ἀξίοις.
505 2191 596 2261 Τῷ
648 2193 706 2246 δὲ
773 2193 946 2264 λοιπῷ
1009 2193 1170 2264 δήμῳ
1216 2193 1325 2247 τῶν
1365 2193 1633 2247 Ἰουδαίων

43 2282 135 2335 οὐκ
157 2280 331 2353 ὤφθη·
371 2285 436 2337 ού
490 2286 602 2355 γὰρ
640 2280 786 2357 ἦσαν
815 2286 960 2350 ἄξιοι
1018 2284 1329 2340 ἀναστάντα
1376 2285 1452 2348 ὡς
1499 2284 1633 2337 Θεὸν

47 2374 106 2426 ἐκ
142 2375 350 2445 νεκρῶν
372 2375 503 2428 ἰδεῖν
526 2376 587 2430 ὃν
619 2377 695 2440 ὼς
720 2378 1033 2448 κακοῦργον
1060 2377 1439 2449 ἐσταύρωσαν.
1473 2375 1638 2430 Ἀλλὰ

50 2465 135 2517 καὶ
162 2467 364 2537 νοερῶς
404 2472 515 2532 τοῖς
557 2468 733 2533 ἀξίοις
774 2469 1062 2525 ὠπτάνετο
1096 2470 1174 2541 νῷ
1227 2472 1395 2541 μόνῳ,
1446 2472 1494 2523 εί
1542 2470 1639 2523 καὶ

47 2548 158 2603 λίαν
183 2551 444 2624 ἀμυδρῶς
494 2555 1011 2625 σκιαγραφούμενος
1039 2572 1052 2585 ·
1098 2555 1283 2619 καθὼς
1365 2555 1503 2624 πρὸς
1547 2555 1639 2608 τὸν

49 2641 301 2695 Φίλιππον
329 2646 358 2696 6
385 2644 590 2716 Κύριος
633 2644 741 2715 ἐφη
767 2661 781 2675 °
820 2645 887 2699 '0
936 2646 1216 2715 ἑωρακὼς
1262 2645 1391 2716 ἐμὲ,
1414 2646 1641 2715 ἑώρακε

51 2734 153 2787 τὸν
174 2736 412 2805 Πατέρα
451 2755 599 2808 μου,
666 2739 947 2792 τουτέστιν
1000 2739 1368 2809 6,,νενοηκώςσ
1421 2742 1483 2795 οὐ
1531 2742 1640 2809 γὰρ

55 2832 379 2898 σωματικοῖς
392 2829 690 2907 ὀφθαλμοῖς
704 2832 897 2907 ὁρᾷται
917 2832 981 2884 τὸ
992 2831 1146 2884 Θεῖον
1162 2831 1311 2903 [cod.
1330 2830 1371 2886 Ι.
1390 2831 1512 2886 120.
1531 2831 1637 2905 1).],

55 2922 182 2977 ἁλλά
204 2924 282 2977 νοῒ
305 2926 435 2979 ὅσον
461 2927 758 2998 ἐνδέχεται.
785 2929 850 2983 Εἰ
880 2929 989 3000 γὰρ
1031 2931 1124 2983 καὶ
1168 2930 1230 2984 τὸ
1270 2931 1426 2985 Θεῖον
1460 2932 1637 3001 ἀσχη-

60 3014 304 3086 μάτιστόν
340 3020 465 3072 ἐστι
489 3020 584 3073 καὶ
614 3020 1055 3092 ἁπερίγραπτον,
1089 3022 1204 3075 ἀλλ’
1229 3018 1311 3087 οἷς
1341 3019 1486 3077 οἶδεν
1509 3025 1637 3092 τρό-

57 3123 171 3170 ποις
192 3109 507 3179 οἰκονομίας
536 3114 651 3175 τοῖς
674 3112 849 3177 ἀξίοις
874 3113 1198 3178 ὀπτάνεται,
1225 3113 1524 3177 πολυειδῶς
1542 3114 1638 3167 καὶ

60 3198 407 3273 πολυτρόπως
426 3202 527 3273 τῆς
564 3204 839 3276 σωτηρίας
868 3206 1091 3258 πάντων
1124 3205 1548 3276 προνοούμενος.

124 3293 217 3347 ll".
260 3295 386 3349 Ὅτι
434 3295 492 3350 δὲ
522 3297 732 3361 όαὺτὸς
788 3298 922 3363 Θεός
984 3301 1133 3353 ἐστιν
1164 3300 1258 3353 καὶ
1298 3298 1401 3352 οὑκ
1430 3298 1589 3361 ἄλλος
1614 3297 1643 3350 6

66 3387 284 3456 αποιητὴς
308 3388 405 3442 τοῦ
432 3388 666 3458 ούρανοῦ
700 3392 797 3444 καὶ
840 3392 939 3463 τῆς
991 3393 1092 3463 γῆς
1127 3394 1222 3446 καὶ
1283 3392 1504 3445 πάντων
1534 3389 1646 3445 τῶν

66 3478 119 3530 ἐν
146 3480 321 3544 αὐτοῖς
354 3481 546 3547 ὄντων,
578 3484 607 3536 6
642 3483 805 3546 αὐτὸς
841 3486 938 3538 καὶ
969 3485 1203 3555 ἀόρατος
1230 3487 1297 3555 τῇ
1323 3484 1444 3556 θείᾳ
1466 3484 1647 3554 οὐσία,

66 3568 153 3621 καὶ
182 3572 366 3644 Πατὴρ
428 3574 760 3645 ύπουράνιος
814 3577 1103 3648 ὑπάρχων,
1146 3578 1241 3631 καὶ
1282 3579 1341 3629 ἐν
1373 3577 1451 3646 τῷ
1490 3577 1653 3629 παντὶ

68 3660 139 3714 ὢν
190 3665 283 3717 καὶ
317 3666 462 3737 ὑπὲρ
510 3667 573 3719 τὸ
609 3667 761 3739 ῦπαρ
812 3669 908 3736 ῶν,
963 3670 1213 3742 ἀκριϐῶς
1266 3670 1359 3723 διὰ
1407 3668 1654 3740 βραχέων

70 3759 324 3815 ἄκουσον·
361 3757 520 3816 εἶπεν
580 3765 609 3817 ὁ
673 3763 916 3834 Κύριος·
970 3764 1486 3834 Ἐξομολογοῦμαί
1530 3777 1653 3828 σοι,

70 3850 268 3922 Πάτερ,
290 3857 467 3925 Κύριε
494 3855 601 3909 τοῦ
629 3857 892 3924 οὐρανοῦ
909 3858 1010 3911 καὶ
1046 3857 1157 3923 τῆς
1179 3857 1294 3926 τῆς
1316 3873 1329 3886 °
1350 3856 1447 3910 καὶ
1467 3854 1652 3907 πάλιν·

73 3945 316 4001 Γίνεσθε
344 3949 724 4016 οἰκτίρμονες
770 3950 851 4015 ὡς
894 3953 926 4003 ό
981 3949 1185 4016 Πατὴρ
1219 3948 1389 4018 ὑμῶν
1416 3952 1447 4002 d
1482 3946 1661 4016 οὐρά-

73 4049 213 4101 νιος,
250 4036 339 4091 ὅτι
364 4039 473 4092 τὸν
504 4038 685 4107 ἥλιον
712 4040 903 4093 αὑτοῦ
964 4040 1285 4094 ἀνατέλλει
1337 4039 1437 4092 ἐπὶ
1470 4054 1661 4105 πονη-

1664 3240 1712 3303 C

1716 638 1849 677 num
1870 638 1901 675 e
1924 622 2152 676 mortuis
2174 624 2519 686 suscitatum,
2547 623 2717 676 visum
2746 638 2854 675 esse
2878 620 3084 691 Ceplue,
3118 621 3306 675 deinde

1714 716 2025 778 duodecim,
2080 715 2275 768 deinde
2333 714 2451 784 plus
2506 731 2669 785 quam
2712 715 3012 784 quingentis
3050 714 3307 784 fratribus

1714 805 1919 860 simul:
1954 805 2142 859 deinde
2192 806 2361 859 visunt
2403 822 2512 860 esse
2552 806 2795 860 Jacobo:
2830 807 3019 860 deinde
3060 807 3311 877 apostolis

1718 898 1990 962 omnibus,
2027 897 2265 952 videlicet
2300 909 2425 952 ante
2462 898 2748 969 gloriosam
2783 899 2899 969 ejus
2924 900 2982 952 in
3007 900 3193 953 cadum
3224 917 3312 953 as-

1715 990 2088 1060 sumptionem.
2157 989 2455 1044 Novissime
2511 1001 2691 1045 autem
2753 994 2991 1046 omnium
3058 1002 3310 1063 tanquam

1719 1082 1959 1137 abortivo
1991 1084 2131 1137 visus
2157 1092 2233 1137 est
2258 1093 2306 1137 et
2334 1084 2462 1137 mihi
2486 1084 2528 1115 ⁸¹
2555 1102 2568 1137 :
2601 1086 3043 1141 intellectualiter
3064 1088 3311 1153 omnino,

1719 1187 1774 1232 et
1802 1185 1979 1231 semet
2004 1177 2305 1233 ostendens
2336 1178 2599 1232 Dominus
2629 1188 2683 1232 et
2716 1178 2868 1232 illum
2899 1180 2965 1235 ad
3007 1181 3090 1235 sui
3124 1181 3314 1251 cogni-

1722 1270 1930 1325 tionem
1965 1270 2228 1326 invitans.
2274 1275 2435 1327 Anno
2471 1272 2620 1325 enim
2658 1270 2829 1326 ferme
2875 1282 3067 1327 exacto
3102 1289 3168 1328 ex
3210 1288 3321 1343 quo

1722 1362 1975 1419 Christus
2016 1364 2072 1417 in
2105 1365 2305 1419 caelum
2350 1374 2667 1434 assumptus
2704 1365 2914 1433 fuerat,
2958 1366 3064 1421 ﬁde
3105 1383 3169 1421 ac
3221 1367 3321 1421 ba-

1721 1456 1924 1525 ptismo
1958 1467 2215 1526 suscepto
2244 1457 2559 1526 Apostolus,
2591 1458 2782 1511 mundi
2812 1473 2840 1511 a
2883 1459 3089 1527 Spiritu
3130 1468 3321 1514 sancto

1721 1548 2058 1603 constitutus
2087 1556 2171 1602 est
2198 1548 2410 1602 doctor.
2440 1548 2502 1601 Et
2531 1550 2828 1603 suscitatus
2858 1550 3079 1619 quidem
3112 1567 3143 1605 e
3172 1567 3323 1605 mor-

1724 1641 1833 1694 tuis
1862 1639 2130 1695 Dominus
2162 1640 2427 1709 apostolis
2460 1641 2735 1711 apparuit,
2777 1642 3035 1712 visusque
3063 1652 3119 1697 et
3157 1659 3323 1696 manu

1722 1747 1754 1787 a
1778 1732 1999 1787 curioso
2021 1732 2230 1786 Tltoma
2255 1732 2526 1801 palpatus,
2561 1742 2618 1786 et
2655 1732 2942 1803 cumﬁipsis
2969 1744 3326 1789 conversatus

1728 1829 1814 1877 est
1841 1838 1911 1877 ne
1942 1823 2265 1893 phantasma
2296 1823 2565 1892 quoddam
2604 1822 3031 1888 existimaretur,
3070 1826 3164 1879 sed
3199 1841 3326 1879 vera

1732 1913 1916 1983 potius
1955 1914 2204 1982 corporis
2236 1928 2268 1967 e
2308 1914 2541 1967 mortuis
2592 1915 2947 1969 resurrectio.
2995 1916 3115 1971 Pari
3167 1917 3330 1971 modo

1735 2020 1861 2060 cum
1900 2006 2116 2060 caeteris
2155 2006 2334 2076 dignis
2362 2006 2494 2069 egit.
2537 2006 2931 2061 Verumtamen
2976 2008 3189 2078 reliquo
3217 2008 3331 2064 Ju-

1735 2096 1979 2151 dazorum
2004 2097 2207 2166 populo
2236 2112 2343 2151 non
2369 2100 2623 2167 apparuit
2651 2117 2665 2153 :
2694 2115 2805 2153 non
2830 2099 2977 2153 enim
3005 2101 3149 2167 (ligni
3175 2111 3335 2155 erant

1735 2188 1924 2244 videre
1968 2191 2355 2244 resuscitatum
2386 2205 2416 2243 e
2447 2191 2680 2244 mortuis
2714 2200 2774 2245 ut
2808 2192 2979 2246 Deum
3000 2236 3014 2257 ,
3049 2209 3213 2263 quem
3253 2193 3335 2248 uti

1740 2279 2046 2335 maleﬁcum
2091 2280 2499 2334 crucitixerant.
2549 2280 2656 2334 Sed
2699 2281 2849 2335 enim
2895 2283 3339 2337 itttellettualiter

1738 2388 1957 2443 quoque
1990 2389 2020 2427 a
2052 2374 2232 2441 dignis
2260 2375 2505 2428 cernitur
2533 2383 2715 2427 mente
2753 2375 2888 2437 sola,
2914 2375 3013 2427 etsi
3042 2374 3338 2429 admodum

1740 2466 1957 2521 exiliter
2003 2465 2383 2520 adumbratus.
2436 2466 2562 2537 ’ϐο
2614 2466 2785 2521 Sicuti
2837 2467 3090 2537 Philippo
3157 2467 3341 2521 aiebat

1743 2555 2044 2611 Dominus:
2086 2554 2189 2621 Qui
2219 2558 2349 2611 vidit
2372 2574 2473 2617 nte,
2510 2559 2639 2611 vidit
2663 2570 2710 2612 et
2734 2558 2954 2612 Patrem
2981 2576 3161 2612 meum
3186 2561 3255 2624 θ’,
3291 2561 3342 2614 id

1742 2659 1827 2704 est
1847 2649 1940 2719 qui
1974 2649 2248 2720 intelligit.
2285 2650 2473 2719 Neque
2503 2650 2649 2703 enim
2685 2651 2971 2720 corporeis
3002 2652 3177 2705 oculis
3219 2666 3343 2705 cer-

1743 2742 1893 2796 nitur
1927 2745 2091 2807 Deus,
2128 2743 2224 2797 sed
2256 2751 2442 2796 mente
2474 2744 2883 2810 tantummodo,
2918 2754 3183 2813 quantum
3229 2743 3343 2797 lieri

1744 2842 1941 2903 potest.
1984 2832 2098 2888 Etsi
2140 2849 2273 2887 vero
2312 2842 2463 2887 caret
2508 2832 2679 2904 ﬁgura
2726 2844 2783 2887 et
2830 2834 3346 2904 circumscriptione

1748 2923 1926 2986 Deus,
1973 2931 2218 2978 attamen
2259 2923 2380 2993 ipse
2420 2938 2519 2992 pro
2546 2939 2643 2977 sua
2685 2922 2957 2992 sapientia
2996 2923 3197 2993 quibus
3234 2925 3351 2978 vult

1750 3015 1925 3071 modis
1941 3016 2003 3070 ﬁt
2022 3014 2375 3086 conspicuus,
2401 3015 2663 3086 variaque
2685 3015 2900 3070 ratione
2922 3030 2986 3069 ac
3010 3015 3350 3085 plurifariam

1757 3108 2007 3163 omnium
2038 3108 2201 3163 saluti
2235 3108 2491 3163 consulit.

1822 3298 1967 3353 Xlll.
1999 3297 2157 3365 Quod
2196 3306 2380 3352 autem
2422 3297 2563 3353 idem
2594 3297 2767 3361 Deus,
2802 3304 2858 3351 et
2896 3311 3007 3350 non
3037 3295 3197 3359 alius,
3231 3294 3355 3351 C(eli

1757 3402 2027 3461 terraeque
2060 3400 2115 3445 et
2153 3392 2399 3446 omnium
2448 3407 2569 3461 qua:
2609 3391 2666 3445 in
2692 3391 2774 3445 eis
2813 3398 2962 3455 sunt,
3003 3399 3218 3445 creator
3261 3390 3356 3454 sit,

1758 3484 2015 3555 idemque
2054 3485 2344 3539 invisibilis
2372 3485 2426 3539 in
2456 3484 2641 3539 divina
2672 3482 3011 3549 substantia,
3049 3482 3212 3537 Pater
3244 3497 3360 3537 coe-

1761 3578 1937 3643 lestis,
1976 3578 2181 3648 ubique
2217 3577 2512 3641 exsistens,
2561 3584 2618 3631 et
2657 3576 2806 3630 omni
2838 3589 2983 3629 verae
3023 3572 3225 3628 visioni
3256 3587 3356 3626 su-

1766 3670 1983 3741 perior;
2019 3670 2209 3740 paucis
2239 3676 2497 3726 accurate
2525 3668 2674 3723 audi.
2711 3667 2984 3746 Dominus
3015 3666 3190 3721 dixit:
3224 3663 3361 3720 Con-

1756 3763 1912 3832 ﬁteor
1928 3764 2044 3830 tibi,
2078 3762 2263 3826 Pater,
2284 3763 2507 3816 Domine
2548 3761 2664 3814 caeli
2686 3770 2734 3814 et
2761 3770 2916 3813 terrae
2941 3758 3009 3813 ⁸³.
3041 3757 3108 3811 Et
3138 3772 3352 3815 rursus:

1755 3856 1939 3912 Estote
1988 3856 2350 3911 misericordes
2373 3855 2531 3909 sicuti
2563 3854 2728 3908 Pater
2773 3862 2944 3907 vester
2973 3851 3224 3917 caelestis,
3269 3850 3361 3921 qui

1755 3949 1918 4004 solem
1945 3966 2103 4003 suum
2134 3948 2265 4002 oriri
2288 3948 2415 4017 facit
2441 3962 2601 4014 super
2632 3945 2804 3998 malos
2836 3954 2884 3998 et
2916 3942 3078 3996 bonos
3100 3986 3113 4008 ,
3150 3951 3199 3995 et
3223 3942 3361 4010 pluit

1757 4058 1915 4110 super
1933 4041 2106 4110 justas
2140 4049 2300 4109 atque
2333 4038 2561 4106 injustas
2585 4035 2653 4115 θξ.
2686 4037 2753 4089 Et
2785 4034 3004 4088 denuo:
3037 4034 3148 4102 Ego
3178 4042 3361 4086 autem

69 4126 209 4193 [οὺς
234 4129 335 4183 καὶ
363 4131 654 4200 ἀγαθοὺς,
687 4132 784 4185 καὶ
828 4132 1041 4202 βρέχει
1093 4131 1195 4185 ἐπὶ
1242 4132 1516 4197 δικαίους
1563 4148 1595 4184 κ

1823 4152 1882 4189 co
1903 4135 2077 4199 vobis,
2114 4150 2177 4187 ne
2202 4133 2398 4202 juretis
2425 4131 2640 4184 omnino
2668 4145 2833 4199 neque
2863 4144 2957 4196 per
2978 4126 3164 4181 caelum
3183 4166 3197 4191 ,
3233 4125 3361 4196 quia

80 4215 339 4287 ἀδίκους.
414 4223 527 4274 Καὶ
588 4222 753 4276 πάλιν
787 4238 800 4251 ·
853 4222 1002 4291 Ἐγὼ
1051 4222 1120 4275 δὲ
1170 4220 1326 4291 λέγω
1383 4223 1531 4291 ὑμῖν
1577 4242 1595 4291 Α

1826 4242 1985 4280 ronus
2016 4226 2109 4279 Dei
2131 4234 2244 4288 est;
2272 4240 2436 4294 neque
2459 4239 2551 4292 per
2571 4232 2788 4284 terram,
2812 4220 2937 4289 quia
2962 4218 3249 4273 scabellum
3284 4226 3359 4272 est

83 4311 288 4379 ὀμόσαι
317 4315 475 4379 ὅλως
514 4316 669 4385 μήτε
700 4316 772 4370 ἐν
802 4314 884 4382 τῷ
917 4315 1153 4385 οὐρανῷ
1178 4317 1267 4370 ὅτι
1295 4317 1510 4386 θρόνος
1534 4317 1595 4371 ἑο

1822 4320 1962 4372 rdum
2005 4318 2120 4387 ejus
2148 4318 2217 4371 ⁸⁵.
2269 4316 2400 4371 Item
2445 4315 2786 4385 Apostolus:
2822 4313 3088 4378 Quoniam
3135 4314 3193 4366 in
3246 4313 3362 4381 ipso

82 4404 178 4457 τοῦ
207 4407 374 4473 Θεοῦ,
387 4406 547 4475 μήτε
574 4409 644 4461 ἐν
668 4408 744 4478 τῇ
774 4408 851 4478 τῇ
883 4409 975 4463 ὅτι
1014 4409 1353 4464 ὑποπόδιόν
1379 4410 1513 4463 ἐστι
1550 4426 1595 4462 τι

1822 4420 1948 4464 ἐοεα
1972 4419 2097 4463 sunt
2127 4411 2379 4463 universa
2409 4410 2465 4462 in
2494 4406 2637 4462 cwlis
2666 4416 2715 4461 et
2740 4407 2797 4460 in
2824 4416 2987 4472 terra,
3008 4406 3115 4460 sive
3145 4405 3360 4470 Throni,

82 4495 272 4550 ποδῶν
324 4499 515 4555 αὑτοῦ
540 4516 553 4530 ·
589 4500 700 4552 Καὶ
758 4502 786 4553 6
831 4500 1157 4565 Ἀπόστολος
1184 4515 1197 4529 °
1236 4501 1365 4554 Ὅτι
1406 4501 1478 4554 ἐν
1503 4502 1595 4555 ain

1822 4515 1877 4552 ve
1911 4499 2345 4552 Dominationes:
2379 4499 2555 4552 omnia
2580 4514 2673 4568 per
2693 4499 2867 4567 ipsum
2889 4509 2937 4552 et
2965 4498 3021 4552 in
3046 4499 3158 4567 ipso
3180 4508 3362 4552 creata

82 4588 321 4657 ἐκτίσθη
354 4591 429 4645 τὰ
461 4591 660 4647 πάντα
690 4593 762 4648 τὰ
790 4593 861 4647 ἐν
901 4594 1139 4662 οὐρανῷ
1162 4595 1260 4649 καὶ
1292 4595 1363 4650 τὰ
1391 4596 1490 4650 ἐπὶ
1527 4595 1595 4666 γῆ

1822 4599 1891 4643 mt
1915 4606 1933 4643 :
1972 4600 2020 4644 et
2056 4591 2170 4660 ipse
2208 4601 2285 4643 est
2316 4600 2441 4643 ante
2482 4606 2685 4655 omnes,
2717 4604 2763 4643 et
2796 4590 2973 4644 omnia
3006 4593 3062 4643 in
3096 4592 3210 4658 ipso
3237 4606 3365 4641 con-

82 4676 195 4730 εἷτε
224 4679 419 4748 θρόνοι
449 4682 572 4735 εἴτε
615 4683 795 4753 ἀρχαί
826 4702 838 4713 ·
872 4685 947 4739 τὰ
975 4685 1173 4739 πάντα
1234 4686 1309 4739 δι’
1331 4688 1523 4743 αὑτοῦ
1562 4689 1662 4741 καὶ

85 4772 165 4836 είς
187 4775 373 4828 αὑτὸν
397 4774 669 4830 ἔκτισται
692 4792 706 4806 ⁸
743 4777 846 4832 καὶ
876 4780 1060 4845 αὑτός
1080 4780 1213 4834 ἐστι
1248 4783 1360 4849 προ)
1398 4780 1664 4845 πάντων,

90 4863 182 4916 καὶ
204 4864 277 4919 τὰ
295 4867 495 4922 πάντα
520 4870 591 4923 ἐν
627 4870 789 4936 αὐτῷ
817 4870 1225 4939 συνέστηκεν.
1258 4874 1368 4927 Καὶ
1400 4873 1501 4943 τὴν
1530 4874 1668 4945 πρὸς

87 4958 206 5020 τοὺς
274 4958 599 5031 Ἀθηναίους
674 4961 731 5015 δέ
785 4962 1132 5037 δημηγορίαν
1208 4965 1304 5019 τοῦ
1366 4966 1669 5019 ἀποστόλου

91 5043 295 5101 Παύλου
326 5050 603 5121 ἀνάγνωθι
633 5051 732 5122 τὴν
767 5055 825 5107 ἐν
853 5057 973 5118 ταῖς
1008 5055 1245 5127 Πράξεσι
1276 5057 1537 5128 κειμένην
1561 5057 1669 5109 τῶν

92 5137 426 5196 ἀποστόλωνο
463 5145 555 5198 καὶ
585 5145 748 5199 πάλιν
774 5148 831 5199 ἐν
872 5150 993 5211 ταῖς
1043 5149 1236 5213 αύταῖς
1291 5150 1530 5220 Πράξεσι
1576 5150 1673 5217 γέ-

92 5246 347 5300 γραπται,
378 5236 460 5291 ὅτι
503 5237 937 5307 Ἀπολυθέντες
991 5244 1047 5295 οἱ
1094 5243 1427 5297 ἀπόστολοι
1485 5238 1677 5314 ἦλθον

95 5328 235 5390 πρὸς
256 5328 401 5395 τοὺς
427 5330 637 5398 ἰδίους,
663 5332 904 5404 δηλονότι
932 5337 997 5389 ἐκ
1034 5334 1130 5389 τοῦ
1158 5336 1435 5405 συνεδρίου
1468 5338 1674 5390 ἀπολυ-

99 5415 272 5483 θέντες
300 5422 409 5474 τῶν
456 5424 749 5493 Ἰουδαίων,
775 5429 868 5480 καὶ
895 5426 1042 5499 [cod.
1079 5428 1117 5481 ί.
1146 5428 1294 5500 12L]
1328 5428 1675 5499 ἀπήγγειλαν

107 5507 284 5574 αὐτοῖς
315 5513 414 5567 ὅσα
446 5517 580 5588 πρὸς
603 5520 804 5583 αὐτοὺς
835 5520 885 5574 οἱ
937 5521 1217 5593 ἀρχιερεῖς
1240 5522 1333 5574 καὶ
1354 5522 1402 5573 οἱ
1434 5522 1679 5592 πρεσϐύ-

169 5629 211 5707 ⁸Α¹
240 5632 257 5682 1
287 5633 410 5689 Cor.
452 5652 539 5699 xv,
579 5636 669 5693 58.
750 5638 795 5669 ⁸³
826 5637 988 5693 Joan.
1026 5656 1139 5705 xw,
1166 5639 1219 5695 9.
1298 5640 1343 5673 ⁸³
1373 5638 1508 5697 Luc.
1543 5656 1598 5707 ι,
1634 5640 1723 5695 Eli.

118 5698 157 5729 ⁸⁷
176 5703 433 5772 Act.xm,
462 5698 553 5762 Ἡ.

441 5802 713 5866 Ριτιιοι.
764 5808 882 5868 (in.
931 5808 1084 5867 CIV.

1768 4692 1913 4737 stant
1929 4682 1995 4735 ⁸⁸.
2028 4682 2258 4752 insuper
2288 4682 2483 4753 legesis
2519 4682 2670 4737 Pauli
2699 4684 2931 4753 apostoli
2967 4683 3035 4737 ad
3063 4682 3367 4735 Athenien-

1771 4789 1860 4829 ses
1901 4774 2224 4829 concionem
2246 4774 2291 4808 ⁸⁷
2340 4790 2463 4843 quae
2521 4775 2575 4827 in
2630 4774 2946 4844 apostolicis
2989 4773 3217 4827 Actibus
3257 4781 3364 4826 est.

1772 4867 2097 4937 Rursusque
2127 4868 2179 4921 in
2202 4866 2398 4922 iisdem
2434 4868 2662 4923 Actibus
2688 4868 2955 4938 scriptum
2984 4874 3070 4920 est
3096 4883 3110 4920 :
3143 4870 3371 4934 Aposto-

1774 4960 1851 5013 los
1873 4960 2117 5014 dimissos
2136 4961 2337 5014 venisse
2356 4961 2427 5013 ad
2448 4977 2591 5026 suos,
2616 4960 2667 5015 id
2702 4973 2787 5014 est
2813 4959 3070 5014 dimissos
3094 4972 3123 5011 a
3155 4955 3375 5013 Judaeo-

1778 5070 1899 5109 rum
1929 5054 2219 5125 synedrio;
2251 5054 2426 5123 iisque
2454 5054 2793 5109 nuntiavisse
2814 5067 2935 5122 qua;
2961 5050 3058 5106 sibi
3082 5051 3373 5121 pontiﬁces

1782 5146 2140 5215 senioresque
2180 5145 2453 5200 dixerant.
2507 5146 2626 5210 Qua
2670 5160 2728 5199 re
2772 5142 2957 5198 audita
2986 5157 3177 5197 vocem
3208 5142 3374 5195 simul

1784 5255 1978 5295 omnes
1999 5240 2316 5294 extulerunt
2342 5240 2589 5294 dicentes
2614 5255 2627 5292 :
2667 5237 2982 5292 Dominator
3016 5236 3257 5298 Domine,
3283 5235 3375 5305 qui

1787 5334 1954 5405 fecisti
1986 5333 2197 5397 cretum,
2231 5342 2280 5387 et
2309 5344 2508 5387 terram
2542 5348 2605 5384 ac
2639 5346 2821 5396 mare,
2860 5338 2909 5383 et
2940 5330 3119 5383 omnia
3164 5345 3280 5399 qua:
3318 5328 3378 5381 in

1785 5429 1859 5482 eis
1887 5437 2035 5493 sunt;
2058 5428 2150 5497 qui
2186 5443 2283 5497 per
2316 5426 2579 5496 Spiritum
2601 5438 2851 5479 sanctum
2878 5440 2975 5479 ore
2999 5423 3177 5478 Patris
3201 5422 3379 5477 nostri

1792 5519 2009 5575 Davidis
2040 5519 2196 5590 pueri
2228 5518 2305 5573 tui
2330 5518 2516 5573 dixisti
2547 5536 2561 5571 :
2590 5516 2768 5582 Quare
2809 5519 3135 5589 fremuerunt
3179 5524 3379 5585 gentes,

1803 5641 1849 5672 ⁸⁸
1879 5640 2014 5696 Luc.
2053 5657 2125 5707 v1,
2150 5638 2240 5696 56.
2302 5640 2346 5672 ⁸⁸
2366 5638 2558 5693 Matth.
2583 5637 2747 5706 v,54.
2822 5637 2867 5669 ⁸⁸
2894 5635 3104 5692 Coloss.
3128 5652 3165 5701 ι,
3189 5633 3273 5701 lﬁ,
3300 5635 3382 5688 l7.

2997 5800 3073 5860 ίιὲ
