3928 6246
360 298 496 361 i323
1720 290 1950 352 PETRI
2006 286 2260 349 SICULI
3524 281 3661 345 1324

353 423 399 466 et
422 408 602 480 populi
629 406 870 460 meditati
888 413 1007 459 sunt
1029 404 1253 457 inania?
1278 404 1571 457 Astitertml
1599 418 1742 473 reges
1766 412 1940 466 terrae,

2070 417 2198 471 τεροι
2228 394 2383 452 εἷπον
2410 415 2423 428 ·
2452 398 2500 452 οἱ
2530 397 2587 451 δὲ
2633 390 2968 460 ἀκούσαντες
3025 392 3170 469 ἦραν
3222 395 3407 469 φωνὴν
3452 398 3660 469 ὁμοθυ-

358 514 408 558 et
436 502 697 572 principes
731 506 1078 553 convenerunt
1119 498 1173 551 in
1202 513 1363 551 unum
1389 497 1641 550 adversus
1669 495 1955 549 Dominum

2070 491 2236 563 μαδὸν
2268 490 2554 560 λέγοντες·
2578 488 2856 543 Δέσποτα
2899 488 3100 555 Κύριε,
3136 491 3170 542 ό
3223 487 3490 557 ποιήσας
3546 487 3660 542 τὸν

348 609 395 650 et
435 596 684 650 adversus
726 592 997 645 Christum
1042 589 1204 659 ejus?
1247 588 1613 644 Convenerunt
1659 589 1797 642 enim
1838 601 1958 641 vere

2070 582 2328 651 οὐρανὸν
2346 582 2443 635 καὶ
2471 581 2589 650 τὴν
2610 579 2729 651 γῆν
2742 581 2844 635 καὶ
2865 579 2981 649 τὴν
2997 579 3322 635 θάλασσαν
3342 580 3442 634 καὶ
3460 580 3666 636 πάντα

357 690 609 744 adversus
638 701 861 756 puerum
895 693 1044 736 tuum
1068 682 1270 748 Jesum,
1300 699 1454 753 quem
1480 681 1703 741 tinxisti,
1727 679 1959 733 Herodes

2070 675 2141 729 τὰ
2172 677 2243 731 ἐν
2268 674 2506 742 αὐτοῖς·
2547 676 2576 729 6
2626 673 2720 727 τοῦ
2772 673 2990 743 Πατρὸς
3020 673 3178 745 ἡμῶν
3209 672 3298 726 διὰ
3339 672 3663 743 Πνεῦματος

352 792 400 837 et
433 780 651 835 Pontius
686 776 897 832 Pilatus
922 792 1038 829 cum
1062 775 1301 847 gentibus
1323 783 1370 829 et
1401 773 1609 844 populis
1640 770 1831 835 Israel,
1851 770 1956 840 61

2071 767 2252 835 ἁγίου,
2286 765 2557 835 στόματος
2589 764 2755 818 Δαὸὶδ
2793 764 2987 827 παιδός
3055 780 3148 816 σου
3196 761 3393 828 εἰπὼν,
3446 764 3575 817 Ἵνα
3603 765 3665 817 τι

352 877 533 945 facere
557 887 674 944 qua:
702 887 891 925 manus
921 879 1011 922 tua
1045 878 1093 921 et
1122 868 1402 922 consilium
1442 876 1591 920 tuum
1623 866 1961 919 decreverunt

2071 857 2382 928 ἐφρύαξαν
2400 858 2569 925 ἔθνη,
2599 855 2697 910 καὶ
2726 856 2864 910 λαοὶ
2895 854 3274 925 ἐμελέτησαν
3307 853 3479 920 κενά;
3503 870 3664 923 παρ-

353 966 471 1034 ﬁeri
495 964 561 1018 ⁸⁸.
596 963 871 1017 Sexcenta
922 959 1025 1013 alia
1052 959 1325 1028 ejusmodi
1360 967 1513 1021 sunt,
1545 966 1603 1012 ut
1633 955 1795 1027 paulo
1830 960 1957 1023 post

2070 952 2344 1019 ἐστησαν
2391 954 2444 1005 οὶ
2488 950 2773 1015 βασιλεῖς
2818 947 2931 1017 τῆς
2972 947 3089 1017 γῆς
3130 948 3232 1001 καὶ
3271 951 3325 1003 oi
3368 947 3667 1017 ἄρχοντες

352 1052 845 1111 detnonstrabitur.

2070 1043 2480 1113 συνήχθησαν
2526 1042 2623 1095 ἐπὶ
2644 1042 2710 1096 τὸ
2740 1042 2911 1106 αὐτὸ,
2940 1040 3091 1095 κατὰ
3133 1038 3246 1093 τοῦ
3286 1040 3510 1108 Κυρίου
3559 1038 3669 1092 και

355 1156 507 1207 κατὰ
538 1153 642 1207 τοῦ
669 1150 928 1222 Χριστοῦ
960 1146 1147 1203 αὑτοῦ
1168 1165 1182 1178 ·
1228 1142 1643 1212 συνήχθησαν
1690 1140 1802 1210 γὰρ
1857 1139 1951 1194 ἐπ’
1982 1139 2270 1207 ἀληθείας
2286 1135 2388 1190 ἐπὶ
2452 1135 2563 1189 τὸν
2594 1133 2780 1188 παῖδά
2807 1147 2927 1188 σου
2973 1134 3241 1203 Ἰησοῦν,
3280 1133 3355 1188 ὃν
3379 1133 3663 1203 ἔχρισας,

362 1243 628 1313 Ἠρώδης
650 1260 715 1296 τε
749 1241 849 1297 καὶ
883 1242 1136 1304 Πόντιος
1187 1236 1445 1301 Πιλᾶτος
1465 1233 1590 1287 σὺν
1613 1232 1818 1286 ἔθνεσι
1874 1230 1976 1284 καὶ
2041 1229 2214 1295 λαοῖς
2289 1227 2563 1296 Ἰσραὴλ,
2613 1226 2867 1296 ποιῆσαι
2907 1226 3026 1280 ὅσα
3059 1228 3099 1295 ἡ
3145 1227 3277 1296 χείρ
3324 1241 3443 1281 σου
3481 1226 3585 1279 καὶ
3628 1226 3665 1295 ἡ

350 1337 556 1404 ,βουλή
608 1353 724 1390 σου
796 1335 1095 1405 προώρισε
1153 1330 1436 1402 γενέσθαι
1467 1344 1481 1357 ·
1527 1326 1628 1382 καὶ
1680 1325 1844 1380 ἄλλα
1889 1324 1958 1377 δὲ
2010 1323 2197 1393 μυρία
2214 1319 2459 1377 τοιαῦτά
2495 1320 2722 1393 ζέστιν,
2776 1320 2961 1392 ιᾶπερ
3007 1319 3228 1390 μικρὸν
3254 1320 3514 1389 ὕστερον
3551 1317 3668 1388 δη-

364 1428 701 1496 λωθήσεται
712 1466 726 1481 .

436 1520 578 1577 XIV.
616 1519 779 1576 Vides
818 1520 1002 1590 itaque
1036 1528 1097 1574 ut
1125 1519 1358 1574 absurda
1394 1529 1485 1573 tua
1524 1515 1790 1572 dissoluta
1828 1514 1950 1569 fue-

357 1627 488 1671 runt
518 1623 839 1687 argumenta
876 1614 944 1668 ab
976 1612 1304 1685 evangelicis
1346 1610 1774 1681 apostolicisque
1810 1608 1952 1663 toni-

2130 1511 2217 1566 IA.
2236 1509 2345 1564 Ἴδε
2366 1526 2448 1563 σοι
2468 1507 2649 1564 τοίνυν
2678 1508 3016 1564 διαλέλυνται
3040 1508 3110 1562 τὰ
3127 1508 3236 1561 τῶν
3252 1507 3460 1580 προϐλη
3470 1508 3670 1578 μάτων

2059 1608 2236 1662 ἄτοπα
2262 1609 2381 1671 ταῖς
2409 1607 2797 1675 εὐαγγελικαίς
2826 1607 2921 1660 καὶ
2959 1604 3348 1669 ἀποστολικαῖς
3387 1604 3667 1676 βρονταῖς,

360 1710 556 1771 tribus,
604 1724 705 1763 ceu
751 1707 1031 1779 grandinis
1073 1707 1323 1777 qumdam
1358 1706 1523 1759 turris
1556 1712 1822 1774 perpetuo
1853 1703 1950 1756 de-

2070 1701 2134 1765 ὺς
2149 1695 2239 1755 οἷά
2266 1716 2351 1764 τις
2373 1699 2616 1771 χαλάζης
2648 1698 2859 1770 πύργος
2889 1698 3039 1771 [cod.
3074 1698 3327 1768 ίχαλόινης
3357 1695 3553 1768 πυγδς]
3585 1698 3673 1759 είς

356 1806 524 1871 jecta.
549 1802 678 1856 dum
706 1802 1143 1856 demonstratum
1168 1808 1271 1865 est,
1305 1816 1334 1854 a
1354 1799 1516 1853 Patre
1539 1799 1754 1852 Domini
1779 1797 1955 1852 nostri

2070 1792 2214 1856 τέλος
2246 1792 2682 1860 καταϐληθέντα,
2712 1793 2770 1844 ὲν
2791 1790 2871 1862 τῷ
2897 1789 3179 1861 δειχθῆναι
3196 1791 3281 1843 ὅτι
3304 1791 3332 1842 6
3354 1788 3546 1859 Πατὴρ
3568 1786 3673 1841 τοῦ

357 1897 488 1951 Jesu
518 1896 745 1957 Christi,
788 1895 1053 1949 invisibili
1086 1903 1142 1948 et
1178 1894 1328 1947 nulla
1365 1893 1536 1964 ﬁgura
1563 1892 1815 1962 prtedito,
1856 1905 1957 1961 per

364 1987 560 2041 Filium
604 1987 745 2057 ejus,
777 1994 1107 2055 c00perante
1144 1993 1336 2039 sancto
1371 1983 1611 2054 Spiritu,
1646 1990 1955 2037 creaturam

359 2090 581 2130 onmem
638 2083 747 2130 tam
793 2083 1146 2145 apparentem
1192 2089 1355 2143 quam
1415 2071 1742 2127 invisibilem
1790 2068 1959 2123 fuisse

359 2168 657 2223 conditam.
685 2168 951 2233 Quisnam
986 2167 1053 2222 sit
1086 2168 1269 2236 itaque
1294 2165 1437 2236 apud
1464 2180 1562 2218 vos
1585 2162 1764 2217 cultus
1793 2162 1957 2226 Deus,

360 2260 667 2315 edisserite.
716 2259 915 2330 Utique
964 2260 1116 2314 illum
1169 2274 1292 2314 esse
1325 2257 1521 2313 dicetis
1562 2271 1727 2327 quem
1766 2253 1956 2309 Manes

360 2354 549 2408 coluit.
577 2352 738 2408 Certe
770 2368 869 2408 vos
914 2353 1206 2424 imaginem
1248 2352 1466 2421 quidem
1501 2350 1595 2405 Dei
1637 2347 1810 2403 nostri
1840 2361 1953 2401 non

361 2444 596 2509 vidistis,
628 2445 723 2514 qui
763 2444 1074 2498 divinorum
1106 2459 1422 2498 sermonum
1463 2442 1805 2512 splendores,
1849 2454 1951 2495 ceu

358 2554 425 2592 ex
458 2538 909 2609 soleimaginem,
934 2537 1154 2591 emittit.
1188 2536 1372 2608 Imago
1397 2536 1544 2589 enim
1572 2534 1722 2595 solis,
1752 2533 1947 2604 inquit,

362 2634 458 2683 lux
489 2639 591 2684 est.
629 2628 864 2683 Visualis
893 2644 1023 2699 ergo
1058 2629 1137 2681 vis
1166 2642 1293 2682 cum
1330 2626 1404 2681 sit
1433 2625 1627 2680 debilis
1652 2636 1707 2679 et
1736 2624 1951 2678 inﬁrma

2065 1886 2272 1956 Κυρίου
2297 1884 2457 1955 ἡμῶν
2483 1883 2659 1954 Ἰησοῦ
2673 1885 2716 1937 Χ
2726 1883 2935 1955 ριστοῦ,
2954 1887 2981 1937 6
2994 1883 3223 1953 ἀόρατος
3236 1882 3328 1935 καὶ
3355 1883 3497 1953 ἁσχη
3506 1881 3675 1951 μάτι-

2059 1996 2203 2043 στος,
2224 1978 2312 2031 διὰ
2327 1978 2422 2030 τοῦ
2447 1977 2578 2030 Υίοῦ
2597 1976 2763 2031 αὐτοῦ
2786 1980 2853 2049 τῇ
2881 1977 3176 2047 συνεργείᾳ
3200 1974 3293 2029 τοῦ
3316 1975 3473 2043 ἁγίου
3494 1973 3675 2028 Πνεῦ-

2062 2092 2234 2146 ματος
2253 2076 2435 2128 πᾶσαν
2455 2073 2554 2144 τὴν
2582 2074 2764 2127 κτίσιν
2798 2074 3042 2145 φανεράν
3079 2090 3139 2126 τε
3164 2074 3259 2126 καὶ
3289 2073 3522 2143 ἀόρατον
3549 2088 3674 2123 συνο

2060 2168 2344 2237 εστήσατο.
2377 2168 2474 2231 Τίς
2500 2166 2594 2221 οὖν
2618 2168 2768 2220 ἐστιν
2791 2169 2820 2220 6
2841 2166 2971 2238 παρ’
3005 2166 3158 2236 ὑμῶν
3179 2165 3313 2229 Θεὸς
3344 2164 3669 2235 σεϐόμενος,

2062 2260 2253 2313 εἴπατε
2278 2275 2291 2290 ⁸
2321 2258 2539 2323 πάντως
2566 2259 2677 2329 ἄρα
2711 2260 2795 2313 ὅτι
2828 2260 2857 2312 6
2889 2257 3041 2330 παρὰ
3069 2256 3162 2311 τοῦ
3196 2257 3478 2317 Μάνεντος
3510 2255 3672 2307 σεϐό-

2066 2367 2225 2421 μενος
2236 2367 2251 2383 ·
2275 2351 2356 2404 ὅτι
2385 2350 2443 2404 δὲ
2463 2350 2620 2403 αὐτοὶ
2635 2348 2761 2403 οὕτε
2776 2346 2916 2414 εἶδος
2931 2350 3027 2403 τοῦ
3043 2349 3179 2403 Θεοῦ
3202 2349 3359 2420 ἡμῶν
3373 2348 3668 2419 ἑωράκατε

2060 2444 2158 2505 τὰς
2183 2443 2289 2497 τῶν
2310 2442 2472 2497 θείων
2490 2444 2658 2497 αὑτοῦ
2688 2442 2864 2512 λόγων
2894 2441 3185 2514 ἀστραπὰς
3206 2443 3283 2506 ὡς
3301 2436 3389 2496 οἷα
3415 2440 3476 2506 ἐξ
3503 2440 3665 2511 ἡλίου

2060 2530 2201 2597 εἶδος
2229 2535 2691 2605 ὲμπορευόμενον.
2714 2531 2869 2599 Εἶδος
2892 2534 3024 2605 γὰρ,
3055 2535 3238 2605 φησὶν,
3260 2534 3411 2605 ἡλίου
3428 2534 3489 2587 τὸ
3513 2534 3634 2603 φῶς
3650 2548 3667 2564 ·

2067 2627 2241 2698 ἤγουν
2271 2628 2394 2698 ὅψις
2415 2627 2604 2691 ἄτονος
2633 2622 2770 2681 οὖσα
2812 2629 2910 2681 καὶ
2958 2628 3191 2699 ἀσθενὴς
3239 2628 3378 2700 πρὸς
3426 2627 3527 2700 τὴν
3563 2626 3667 2681 τοῦ

362 2724 428 2776 ad
449 2723 627 2777 solare
648 2738 848 2792 corpus
870 2721 991 2776 sine
1014 2721 1198 2790 aliquo
1222 2718 1549 2774 intermedio
1573 2716 1955 2789 spectandum,

2070 2719 2285 2791 ἡλιακοῦ
2321 2719 2575 2791 σώματος
2605 2719 2753 2793 [cod.
2793 2720 2831 2774 f.
2863 2720 2987 2774 1‘21.
3015 2720 3093 2793 l).]
3123 2722 3380 2791 ἀντωπὴν
3402 2721 3658 2791 ἀμέσως,

373 2815 550 2868 utitur
599 2813 925 2867 intermedia
976 2813 1210 2885 imagine
1258 2819 1421 2881 atque
1468 2810 1541 2864 ita
1584 2809 1705 2863 sine
1757 2809 1958 2863 damno

2070 2814 2314 2885 ίρωμένη
2345 2815 2402 2866 ὲν
2436 2813 2591 2884 μέσῳ
2644 2814 2723 2884 τῷ
2761 2812 2894 2866 εἴδει
2934 2813 3030 2866 καὶ
3082 2812 3337 2877 ἀϐλαϐῶς
3365 2812 3667 2883 καταλάμ-

364 2905 692 2959 illustratur.
725 2903 817 2959 Sic
840 2903 1083 2959 divinam
1124 2918 1342 2974 quoque
1371 2888 1835 2972 etincorpoream
1876 2899 1957 2952 lu-

364 3010 485 3050 cem
511 2994 762 3049 existima
794 3009 957 3063 puras
981 3001 1194 3048 mentes
1225 2992 1523 3057 illustrare,
1546 3005 1647 3045 ceu
1670 2989 1825 3044 velox
1856 2986 1962 3041 ful-

366 3103 499 3159 gur,
542 3086 672 3140 dum
710 3086 1059 3156 jucunditate
1097 3093 1371 3139 amatores
1408 3098 1539 3138 suos
1584 3082 1653 3136 ad
1693 3080 1959 3151 majorem

2060 2922 2253 2959 πεται-
2290 2903 2434 2959 οὕτω
2478 2906 2575 2959 καὶ
2619 2905 2678 2959 τὸ
2714 2905 2857 2960 θεῖον
2889 2906 3006 2976 φῶς
3036 2906 3132 2958 καὶ
3157 2904 3453 2977 ἀσώματον
3482 2905 3666 2959 ἐννόει

2063 3015 2154 3068 μοι
2209 2998 2303 3052 τὸν
2351 2998 2768 3069 κεκαθαρμένον
2801 2998 2929 3052 νοῦν
2982 2997 3355 3069 περιλάμπειν
3401 2997 3668 3066 καθάπερ

2068 3090 2356 3163 ἀστραπῆς
2385 3090 2571 3162 τάχος,
2595 3092 2663 3162 τῇ
2704 3090 3004 3162 γλυκτύητι
3033 3092 3159 3155 τοὺς
3199 3090 3440 3163 ἐραστὰς
3482 3089 3663 3145 αὑτοῦ

367 3180 723 3251 cupiditatem
752 3178 1029 3245 incendit,
1061 3187 1225 3247 atque
1252 3176 1320 3232 ad
1362 3175 1659 3247 petendum
1703 3174 1961 3229 adhorta-

2070 3182 2208 3253 πρὸς
2260 3183 2486 3255 μείζονα
2538 3184 2705 3237 πόθον
2767 3183 3081 3253 ἀναφλέγον
3146 3182 3243 3238 καὶ
3304 3182 3664 3253 παρακαλεῖν

369 3284 476 3339 tur,
504 3282 565 3326 ut
598 3273 643 3326 is
670 3271 764 3341 qui
797 3271 1101 3325 iliustratus
1125 3269 1262 3335 fuit,
1306 3270 1410 3324 hac
1436 3268 1620 3323 divina
1657 3282 1875 3337 semper
1910 3274 1965 3320 et

369 3367 685 3435 incorrupta
720 3366 841 3419 luce
871 3364 1201 3419 illustratur.
1252 3363 1363 3418 Sed
1402 3377 1584 3431 neque
1619 3376 1810 3415 vocem
1844 3360 1965 3430 ejus

370 3458 561 3513 audire
606 3456 773 3512 vultis
816 3470 939 3526 quae
977 3463 1380 3525 praeceptorum
1425 3452 1830 3508 observantiam
1861 3451 1966 3505 im-

372 3560 545 3621 perat.
573 3548 709 3603 Nam
730 3548 1011 3604 consecuti
1045 3547 1271 3603 eﬂ'ectus
1301 3548 1685 3602 demonstrant
1718 3561 1815 3601 vos
1848 3545 1967 3615 ejus

371 3659 683 3699 sermonem
733 3643 880 3698 haud
922 3642 1125 3697 habere
1166 3641 1222 3695 in
1260 3639 1414 3695 vobis
1455 3646 1791 3693 manentem.
1832 3636 1967 3692 Nam

370 3751 535 3806 quem
566 3736 681 3805 ipse
709 3734 876 3799 misit,
903 3734 1032 3787 huic
1058 3747 1152 3787 vos
1176 3747 1287 3786 non
1317 3730 1561 3796 creditis,
1606 3744 1787 3800 neque
1824 3727 1971 3783 Scri-

372 3840 561 3899 pturas
604 3826 836 3881 scrutari
883 3825 1067 3881 vultis.
1092 3823 1211 3879 Non
1249 3824 1395 3878 enim
1430 3823 1753 3879 existimatis
1792 3836 1967 3893 neque

373 3918 606 3990 speratis
636 3917 802 3972 vitam
836 3918 890 3970 in
918 3917 1022 3971 illis
1045 3924 1308 3971 aeternam
1335 3915 1558 3970 habere.
1590 3913 1701 3969 Illas
1726 3913 1874 3968 enim
1898 3913 1967 3968 de

374 4015 491 4084 ipso
519 4021 813 4076 testantur,
842 4011 1081 4081 ideoque
1112 4009 1229 4064 illas
1262 4025 1374 4064 non
1410 4007 1758 4075 scrutamini,
1792 4022 1861 4061 ne
1897 4006 1964 4061 ad

372 4109 552 4178 ipsum
595 4106 829 4162 veniatis
879 4105 1159 4177 vitamque
1208 4112 1473 4158 aeternam
1525 4100 1963 4170 consequamini.

371 4201 515 4256 Salis
542 4199 747 4270 quippe
772 4199 1115 4269 ettploratum
1144 4206 1227 4252 est
1263 4212 1361 4252 vos
1389 4196 1481 4251 Dei
1522 4195 1843 4250 charitatem
1865 4193 1967 4247 mi-

372 4294 522 4346 nime
566 4292 793 4346 habere.
824 4290 930 4357 Qui
974 4289 1120 4345 enim
1157 4289 1273 4343 ﬁeri
1305 4296 1519 4359 potest,
1550 4297 1611 4342 ut
1642 4286 1967 4342 cbaritatem

378 4381 471 4437 Dei
509 4381 775 4445 habeatis,
813 4380 907 4449 qui
938 4378 1236 4448 impiorum
1270 4386 1434 4446 atque
1464 4375 1736 4431 fallacium
1773 4373 1968 4429 stultas

376 4473 655 4529 doctrinas
676 4473 1061 4545 magistrorum
1092 4470 1398 4535 sectamini,
1432 4477 1489 4524 et
1517 4484 1638 4524 eam
1670 4484 1793 4538 qua:
1818 4466 1961 4537 apud

376 4568 551 4623 solum
586 4565 757 4623 Deum
788 4575 870 4621 est
900 4564 1128 4637 gloriam
1158 4578 1271 4619 non
1303 4562 1580 4635 qumritis?

450 4851 569 4907 XV.
614 4850 725 4905 Nos
756 4849 979 4919 quidem
1026 4849 1128 4903 etsi
1173 4847 1389 4902 carneis
1424 4846 1598 4902 oculis
1641 4846 1969 4902 invisibilem

380 4946 551 5001 Deum
580 4960 702 5000 esse
730 4943 981 5009 fatemur,
1006 4957 1242 5012 namque
1262 4942 1370 5012 62
1391 4942 1775 5011 incorporeum
1799 4957 1829 4996 a
1846 4956 1967 4996 coro

379 5051 546 5105 poreo
575 5050 740 5089 sensu
762 5032 993 5103 spectari
1016 5032 1351 5101 impossibile
1377 5041 1460 5086 est
1479 5048 1493 5097 ;
1515 5047 1624 5087 non
1659 5032 1861 5087 idcirco
1882 5042 1965 5087 ta-

382 5138 507 5177 men
548 5122 752 5177 divinis
780 5121 1193 5191 operationibus
1226 5122 1635 5178 communicare
1665 5122 1966 5178 humanum

380 5228 552 5282 genus
570 5228 855 5284 negamus;
878 5213 970 5267 sed
991 5212 1434 5267 intellectualiter
1452 5230 1548 5283 pro
1568 5230 1681 5270 suae
1692 5230 1964 5287 quemque

378 5307 635 5376 puritatis
663 5306 831 5375 gradu
859 5306 1044 5360 videre
1071 5305 1243 5359 Deum
1264 5321 1554 5361 censemus
1580 5319 1844 5378 quantum
1862 5312 1965 5365 ho-

380 5395 512 5449 mini
543 5395 623 5449 fas
657 5404 762 5457 est,
790 5411 852 5449 ea
884 5395 1139 5450 nimirum
1170 5396 1379 5450 ratione
1407 5414 1529 5467 qua:
1561 5408 1690 5453 nota
1725 5399 1835 5455 Deo
1865 5402 1965 5456 soli

376 5488 625 5557 operanti
654 5498 737 5543 est
760 5528 772 5549 ,
806 5498 861 5543 et
892 5488 961 5542 iis
984 5489 1150 5544 etiam
1173 5489 1227 5543 in
1258 5489 1458 5559 quibus
1491 5489 1634 5547 Deus
1665 5504 1962 5563 operatur:

375 5594 686 5649 quanquam
731 5580 843 5633 ﬁeri
875 5594 986 5634 non
1018 5587 1217 5651 potest,
1268 5590 1326 5635 ut
1350 5581 1525 5651 qualis
1554 5593 1867 5655 quantaque
1900 5586 1968 5643 sit

445 5735 491 5767 εδ
524 5732 645 5790 Act.
682 5752 752 5803 ιν,
780 5736 972 5791 23-28.

2064 3276 2537 3349 προτρεπόμενον,
2569 3275 2803 3329 πάντοτε
2830 3275 2909 3346 τῷ
2946 3274 3173 3346 τοιούτῳ
3220 3276 3361 3344 φωτὶ
3421 3274 3502 3346 τῷ
3528 3274 3668 3345 θείῳ

2067 3368 2162 3421 καὶ
2206 3366 2496 3436 ἁκηράτῳ,
2550 3365 2928 3437 ὲλλάμπεσθαι
2958 3366 3019 3420 τὸ
3068 3366 3515 3437 ὲλλαμπόμενονο
3543 3365 3668 3419 ἀλλ’

2066 3460 2190 3515 οὔτε
2248 3459 2435 3531 φωνὴν
2488 3459 2655 3513 αὐτοῦ
2709 3459 2931 3515 ἀκούειν
2989 3460 3174 3514 θέλετε
3224 3460 3326 3532 τὴν
3355 3460 3465 3513 τῶν
3496 3459 3666 3513 θείων

2068 3553 2299 3606 ἐντολῶν
2330 3552 2666 3622 συντήρησιν
2691 3552 3114 3623 νομοθετοῦσαν.
3151 3554 3233 3607 Τὰ
3268 3554 3376 3623 γὰρ
3410 3553 3667 3623 ἑπόμενα

2068 3644 2342 3699 δείκνυσιν
2360 3644 2442 3697 ὅτι
2466 3644 2557 3698 τὸν
2580 3645 2736 3713 λόγον
2753 3644 2920 3699 αὐτοῦ
2949 3647 3005 3698 ὲν
3026 3646 3156 3716 ὑμῖν
3175 3647 3277 3700 οὐκ
3300 3646 3449 3716 ἔχετε
3468 3646 3666 3717 μένον-

2065 3753 2152 3789 τα.
2166 3738 2262 3792 Ὃν
2286 3735 2394 3807 γὰρ
2408 3736 2571 3800 αὐτὸς
2590 3737 2929 3803 ἀπέστειλεν,
2946 3736 3120 3809 τούτῳ
3140 3738 3297 3809 ὑμεῖς
3312 3738 3374 3791 οὐ
3400 3738 3668 3791 πιστεύε-

2064 3845 2148 3894 τε,
2179 3829 2241 3882 οὐ
2268 3829 2377 3901 γὰρ
2403 3830 2610 3882 δοκεῖτε
2663 3828 2784 3882 οὐδὲ
2818 3828 3002 3883 θέλετε
3058 3828 3206 3901 [cod.
3254 3829 3403 3901 θέτε]
3427 3831 3667 3901 ὲρευνᾷν

2064 3920 2162 3982 τὰς
2208 3920 2431 3991 Γραφάς
2459 3936 2473 3951 ο
2509 3920 2568 3973 οὺ
2605 3918 2714 3990 γὰρ
2746 3919 2955 3974 δοκεῖτε
2994 3920 3115 3973 οὐδὲ
3165 3919 3413 3983 ἐλπίζετε
3465 3921 3525 3973 ἐν
3559 3922 3668 3973 αὺ-

2063 4015 2183 4076 ταίς
2209 4012 2354 4083 ζωὴν
2394 4013 2539 4083 ἐχειν
2565 4011 2818 4067 αίὼνιονυ
2852 4015 3056 4066 ἐκεῖναι
3089 4013 3199 4084 γάρ
3226 4015 3365 4066 εἰσιν
3405 4013 3463 4064 αί
3515 4032 3669 4083 μαρο

2065 4105 2328 4176 τυροῦσαι
2373 4105 2504 4176 περὶ
2535 4104 2701 4158 αὑτοῦ
2725 4122 2739 4136 ·
2772 4106 2868 4158 καὶ
2910 4104 3000 4157 διὰ
3046 4103 3208 4158 τοῦτο
3248 4105 3351 4159 οὐκ
3397 4105 3669 4173 ὲρευνᾶτε

2066 4197 2260 4262 αὐτὰς,
2291 4198 2440 4261 ὅπως
2472 4197 2547 4268 μὴ
2603 4197 2795 4267 ἔλθητε
2822 4196 2962 4267 πρὸς
2995 4197 3182 4260 αὐτὸν,
3234 4197 3321 4250 ἵνα
3348 4194 3493 4266 ζωὴν
3524 4196 3668 4250 aid:-

2072 4308 2186 4343 νιον
2222 4288 2384 4361 ἓξητε
2406 4306 2420 4322 ’
2463 4288 2731 4358 ἔγνωσται
2768 4289 2878 4361 γὰρ
2911 4289 3041 4361 περὶ
3076 4290 3232 4361 ὑμῶν
3281 4290 3363 4344 ὅτι
3394 4289 3494 4361 τὴν
3522 4291 3671 4358 ἀγά-

2070 4398 2179 4452 πην
2233 4380 2329 4434 τοῦ
2384 4379 2522 4434 Θεοῦ
2573 4380 2674 4434 οὑκ
2716 4380 2869 4452 ἔχετε
2900 4382 2958 4435 ὲν
3008 4383 3253 4447 ἑαυτοῖς·
3305 4382 3423 4445 πῶς
3452 4385 3566 4454 γὰρ
3613 4385 3667 4435 οἱ

2072 4476 2191 4536 ταῖς
2216 4475 2403 4537 κεναῖς
2436 4474 2532 4528 καὶ
2586 4474 2847 4545 ματαίαις
2893 4473 3076 4542 δόξαις
3113 4474 3225 4528 τῶν
3276 4475 3509 4529 ἀνοσίων
3564 4478 3668 4530 καὶ

1995 4537 2042 4594 D
2070 4566 2407 4620 ἀπατεώνων
2438 4537 2599 4637 ὑμῶν⁷
2640 4537 3146 4633 ἐξακολουθοῦντες,
3200 4568 3297 4621 καὶ
3344 4567 3445 4639 τὴν
3493 4569 3656 4639 παρὰ

2067 4657 2163 4711 τοῦ
2218 4658 2383 4729 μόνου
2436 4659 2574 4714 Θεοῦ
2620 4660 2779 4726 δόξαν
2837 4660 2914 4732 μὴ
2960 4659 3370 4733 ἐπιζητοῦντες,
3429 4662 3668 4733 ἀγάπην

2071 4751 2229 4805 θείαν
2250 4752 2455 4824 ἒξητε;

2144 4843 2246 4899 IE'.
2263 4844 2457 4917 Ἡμεῖς
2488 4846 2588 4918 μὲν
2611 4844 2706 4902 οὖν
2731 4848 2783 4900 εἰ
2815 4847 2910 4900 καὶ
2939 4846 3142 4919 σαρκὸς
3166 4846 3464 4919 ὀφθαλμοῖς
3490 4846 3672 4901 ἀθεώ-

2078 4953 2241 5007 ρητον
2274 4938 2367 4991 τὸν
2418 4937 2552 4991 Θεὸν
2581 4935 2721 4993 εἶναι
2748 4939 3121 5009 ὁμολογοῦμεν
3145 4939 3259 5012 (τὸν
3287 4940 3399 5012 γὰρ
3427 4941 3667 5012 ἀσώμα-

2074 5046 2166 5082 τον
2206 5033 2492 5103 σωματικῇ
2517 5031 2772 5103 αἰσθήσει
2811 5031 3077 5103 ὁραθῆναι
3118 5032 3426 5103 ἀδύνατον),
3458 5033 3578 5086 ἀλλ’
3604 5035 3667 5087 οὒ

2078 5125 2231 5195 παρὰ
2260 5124 2421 5176 τοῦτο
2444 5125 2552 5177 τῶν
2584 5124 2744 5178 θείων
2772 5123 3066 5194 ἐνεργειῶν
3087 5125 3357 5196 ἀμέτοχον
3380 5124 3441 5178 τὸ
3458 5124 3671 5196 ἀνθρὼ-

2068 5232 2236 5269 πινον
2267 5217 2422 5285 γένος
2465 5216 2615 5289 [cod.
2645 5217 2681 5270 l'.
2729 5218 2881 5290 1222.]
2911 5218 3178 5288 ὑπάρχειν
3208 5217 3443 5288 λέγομεν
3474 5232 3488 5246 ·
3526 5217 3666 5271 ἀλλὰ

2074 5308 2277 5378 νοερῶς
2333 5310 2473 5363 κατὰ
2526 5309 2627 5381 τὴν
2695 5311 2991 5379 ἀναλογίαν
3026 5310 3127 5379 τῆς
3168 5308 3495 5379 καθάρσεως
3528 5312 3665 5381 ὀρᾷν

2074 5400 2167 5454 τὸν
2201 5401 2358 5466 Θεὸν,
2386 5402 2512 5456 ὅσον
2541 5404 2768 5473 ἐφικτόν
2796 5405 2945 5457 ἐστιν
2989 5402 3260 5473 ἀνθρώπῳ
3290 5400 3662 5475 γινώσκομεν,

2075 5498 2301 5567 τρόποις
2355 5494 2437 5564 οἷς
2499 5501 2661 5569 μόνος
2731 5496 2873 5553 οἶδεν
2926 5502 2953 5553 6
2986 5498 3163 5551 ταῦτα
3194 5498 3458 5570 ἐνεργῶν,
3490 5501 3583 5553 καὶ
3614 5502 3660 5553 οἱ

2074 5590 2301 5646 τοιαῦτα
2336 5593 2760 5665 ἐνεργούμενοι⁹
2799 5595 2847 5646 εἰ
2887 5590 2981 5647 καὶ
3025 5591 3101 5663 μὴ
3138 5592 3247 5643 πᾶν
3276 5594 3502 5661 ἐφικτὸν
3540 5595 3663 5648 ὅσον
