3928 6246
341 263 478 327 1325
1333 260 1592 323 SERMO
1633 260 1662 319 ῐ
1701 258 1908 321 ΑΒνΕ

2015 256 2104 318 US
2143 257 2628 319 ΜΑΝΙΟΗᾸΞΟΞ.
3498 258 3632 321 132ίὶ

337 376 487 429 ἐστὶν
534 373 597 427 τὸ
647 373 935 445 ἀμήχανον
992 371 1171 425 ἐκεῖνο
1226 370 1323 424 καὶ
1370 368 1757 438 ἀκατάληπτον
1810 365 1908 437 φῶς

2029 365 2262 436 simplex
2299 365 2391 421 illa
2438 375 2495 423 et
2524 366 3101 438 incomprehensibilis
3147 368 3274 434 lux,
3327 379 3631 439 spectetur.

312 464 756 536 ’ἐνοπτρίξεσθαι
778 480 792 496 ·
834 463 1088 534 ἀγγέλοις
1113 463 1225 535 γὰρ
1257 461 1437 532 ἁγίοις
1465 461 1797 530 δυσέφικτον
1827 460 1908 530 σπῆι

2037 457 2283 528 Namque
2336 466 2393 513 et
2435 460 2645 530 angelis
2688 462 2895 516 sanctis
2937 476 3108 532 prope
3152 461 3492 519 inaccessum
3547 476 3634 522 est

338 559 493 623 Θείας
546 557 893 628 φωτοχυσίας
946 555 1206 625 πέλαγος,
1257 554 1393 609 ἀλλά
1425 555 1551 609 καθ’
1599 555 1725 607 ὅσον
1778 552 1908 605 ἐστὶ·

2037 550 2229 606 είῖυεεε
2247 551 2444 607 divinae
2464 552 2602 607 lucis
2624 552 2977 624 pelagus,sed
3003 568 3103 623 pro
3121 554 3268 609 vasis
3290 554 3372 609 sui
3393 556 3631 625 puritate

2036 642 2426 698 colluStrantur
2457 661 2470 699 :
2512 644 2657 700 sicut
2698 645 2765 700 de
2797 645 2913 700 sole
2942 646 3236 700 observare
3267 646 3394 702 licet
3421 689 3435 713 ,
3472 649 3631 718 cujus

2038 735 2252 790 radium
2282 752 2414 806 pura
2441 751 2536 790 seu
2570 737 2762 799 vitrea,
2782 736 3023 801 subtilia,
3043 744 3140 791 aut
3166 753 3369 807 aquosa
3401 753 3630 809 corpora

2037 829 2200 883 facile
2232 827 2513 899 excipiunt
2540 847 2553 883 :
2584 830 2857 884 contraria
2902 838 3087 885 autem
3122 830 3297 887 levem
3326 847 3392 887 ac
3437 848 3631 903 super-

2036 920 2302 976 ﬁciarium
2338 935 2404 975 ac
2428 921 2519 976 vix
2572 920 2973 977 illuminantem
2994 963 3010 988 ,
3044 938 3156 978 non
3190 923 3420 979 interius
3460 940 3629 994 pene-

2037 1022 2270 1068 trantem
2305 1013 2601 1084 recipiunt,
2628 1015 2753 1085 quia
2780 1016 2831 1069 ei
2861 1016 2938 1069 rei
2966 1016 3226 1073 inhabilis
3258 1018 3491 1073 materia
3517 1027 3623 1074 est.

2036 1106 2126 1162 Sic
2156 1107 2322 1162 etiam
2364 1108 2510 1162 Deus
2542 1108 2724 1162 omnia
2761 1109 3047 1177 mqualiter
3076 1112 3385 1175 collustrat,
3424 1112 3521 1167 sed
3554 1112 3627 1168 ob

339 648 535 713 σκεῦος
575 646 991 718 κεκαθαρμένον
1026 643 1421 715 ἐλλάμπεσθαι,
1454 642 1643 714 ὥσπερ
1671 641 1756 713 ξέν
1788 640 1931 712 ἡλίῳ

335 742 488 795 ἐστιν
520 742 648 795 ίδεῖν
678 742 749 795 τά
776 740 993 811 καθαρὰ
1021 739 1116 792 καὶ
1152 736 1330 807 ὑλώδη
1360 737 1457 791 καὶ
1491 737 1794 807 λεπτότερα
1833 735 1931 788 καὶ

335 832 583 904 ὑδατώδη
633 831 886 903 σώματα,
935 831 1272 902 τρανοτέραν
1321 829 1553 901 ἡλιακὴν
1607 828 1933 898 λαμπηδόνα

334 924 726 995 είσδεχόμενα·
774 922 845 976 τὰ
896 923 940 975 δ’
973 920 1193 975 ἐναντία
1218 920 1427 974 τούτων
1471 918 1722 990 ἀμυδρὰν
1749 918 1934 983 ἐξεπι-

338 1013 580 1077 πολαίως
629 1012 726 1067 καὶ¹
757 1011 917 1082 μόνον
961 1008 1330 1079 αὑγάζουσαν,
1361 1008 1455 1061 καὶ
1489 1006 1564 1077 μὴ
1596 1004 1685 1058 διὰ
1709 1005 1807 1074 τὴν
1834 1003 1938 1072 τῆς

334 1105 470 1178 ὑλης
501 1105 1026 1175 ἀνεπιτηδειότητα·
1070 1102 1215 1156 οὑτω
1246 1101 1341 1155 καὶ
1391 1100 1421 1152 6
1449 1098 1583 1161 Θεὸς
1631 1096 1701 1151 τά
1754 1095 1937 1149 πάντα

332 1200 422 1252 ἐπ’
482 1198 605 1268 ίσης
664 1197 912 1267 φωτίζει,
966 1196 1081 1249 ἀλλ’
1122 1196 1156 1266 ἡ
1203 1195 1436 1265 διαφορά
1478 1191 1586 1246 τῶν
1613 1191 1755 1245 ὑλῶν
1779 1189 1937 1245 δοκεῖ

335 1294 460 1363 μὲν,
488 1293 550 1346 οὑ
590 1292 772 1356 καλῶς
823 1291 900 1355 δὲ,
953 1292 1081 1354 τοὺς
1116 1292 1215 1361 μὲν
1245 1289 1469 1361 μᾶλλον,
1510 1289 1638 1349 τοὺς
1670 1286 1727 1340 δὲ
1759 1281 1923 1357 ἦττον

331 1386 535 1454 φωτίζε
552 1403 615 1439 ιν.
666 1384 824 1438 Θέλει
847 1383 958 1453 γὰρ
996 1384 1023 1435 ὁ
1046 1382 1178 1445 Θεὸς
1213 1381 1424 1444 πάντας
1455 1378 1785 1449 ἀνθρώπους
1811 1393 1919 1430 σω-

330 1476 517 1543 θῆναι,
554 1476 651 1529 καὶ
688 1477 768 1539 είς
801 1474 1103 1543 ἐπίγνωσιν
1126 1472 1387 1545 ἀληθείας
1420 1471 1618 1534 ἐλθεῖν,
1648 1472 1709 1524 οὑ
1735 1469 1920 1540 βιάζε-

325 1589 418 1625 ται
447 1571 507 1624 δέ
536 1588 658 1624 τινα
686 1570 779 1624 διὰ
805 1570 865 1623 τὸ
892 1566 1258 1633 αὐτεξούσιον.
1289 1568 1443 1637 Τάχα
1470 1565 1527 1619 δὲ
1565 1566 1661 1619 καὶ
1687 1565 1787 1628 τὰς
1827 1566 1920 1618 ἐπί

2040 1198 2403 1255 materialium
2427 1200 2767 1270 obiectorum
2800 1200 3164 1277 diﬂ'erentiam
3187 1204 3425 1269 videtur,
3453 1220 3626 1273 quan-

2028 1307 2193 1361 quam
2238 1293 2382 1347 haud
2431 1302 2599 1358 recte,
2639 1293 2773 1347 alios
2815 1293 3023 1364 magis,
3074 1295 3211 1350 alios
3263 1311 3397 1350 vero
3438 1297 3625 1352 minus

2031 1384 2361 1441 illuminare.
2402 1384 2530 1440 Vult
2570 1386 2719 1441 enim
2749 1386 2892 1442 Deus
2915 1402 3109 1442 omnes
3144 1387 3400 1443 homines
3442 1390 3625 1445 salvos

2031 1476 2169 1543 ﬁeri,
2192 1487 2247 1532 et
2265 1476 2329 1531 ad
2356 1478 2690 1546 agnitionem
2712 1479 2962 1534 veritatis
2982 1478 3194 1545 venire,
3216 1481 3320 1535 etsi
3343 1480 3622 1536 neminem

2028 1569 2204 1639 cogit,
2248 1578 2310 1623 ut
2343 1569 2577 1624 liberum
2621 1579 2841 1625 maneat
2887 1572 3197 1627 arbitrium.
3240 1570 3417 1642 Prope
3457 1575 3622 1629 etiam

328 1667 430 1734 τῆς
463 1664 567 1732 γῆς
595 1662 691 1716 τοὺ
714 1662 921 1734 Κυρίου
950 1661 1272 1733 σωματικὰς
1292 1660 1391 1730 τῆς
1421 1657 1707 1730 διατριϐῆς
1727 1657 1908 1726 θεοση-

2024 1661 2197 1715 ausim
2232 1661 2416 1716 dicere
2446 1661 2739 1729 invisibilia
2769 1662 2941 1718 fuisse
2972 1663 3193 1719 Domini
3222 1680 3348 1719 cum
3383 1665 3437 1718 in
3470 1675 3618 1721 terra

332 1754 494 1817 μείας
550 1754 815 1824 ἀοράτους
874 1749 1016 1805 εἷναί
1072 1768 1239 1821 φημι,
1296 1751 1345 1803 εἰ
1379 1749 1474 1803 καὶ
1525 1748 1745 1802 ἐδόκουν
1772 1747 1917 1801 τισὶν

324 1842 562 1913 ὁρᾶσθαι
594 1842 683 1895 διὰ
720 1842 781 1895 τὸ
808 1841 1187 1910 ἀνέκφραστον
1209 1855 1222 1868 ·
1254 1842 1336 1894 ὅτι
1373 1840 1433 1893 οὑ
1461 1838 1651 1910 σμίλῃ,
1683 1838 1745 1891 οὑ
1776 1855 1915 1891 καυ-

320 1935 473 2005 τῆρι,
508 1936 570 1988 οὑ
606 1933 909 2006 φαρμάκῳ,
944 1935 1043 1986 οὑκ
1072 1930 1217 2003 ἄλλῳ
1264 1931 1374 1984 τινὶ
1429 1929 1659 2000 ἰατρικῷ
1710 1927 1915 1999 βοηθή-

322 2045 457 2098 ματι
481 2025 618 2098 πρὸς
644 2029 715 2079 τὰ
736 2025 963 2080 τοιαῦτα
995 2025 1224 2095 ἐχρᾶτο·
1261 2021 1399 2077 ἀλλά
1432 2021 1577 2093 λόγῳ
1628 2020 1912 2075 θάλασσαν

320 2119 603 2190 ἐχαλίνου,
667 2118 932 2189 δαίμονας
991 2117 1344 2185 ἀπήλαυνεν,
1395 2116 1627 2187 νεκροὺς
1684 2114 1915 2179 ἀνίστα,

319 2210 547 2281 τυφλοῖς
576 2210 636 2263 τὸ
679 2210 899 2281 βλέπειν
928 2208 1235 2280 ἐχαρίζετο,
1266 2208 1615 2277 παραλὺτους
1655 2206 1918 2276 ἔσφιγγεν

323 2303 474 2376 [cod.
537 2302 576 2357 ί.
631 2302 759 2357 422.
818 2302 918 2375 b.],
961 2302 1200 2373 λεπροὺς
1257 2301 1608 2372 ἐκαθάριζεν,
1640 2301 1736 2355 καὶ
1764 2299 1913 2365 ἀπαξ

323 2395 514 2459 ἁπλῶς
545 2376 741 2450 πᾶσαν
779 2394 937 2448 νόσον
968 2394 1064 2448 καὶ
1086 2394 1271 2448 πᾶσαν
1299 2393 1572 2465 μαλακίαν
1617 2393 1763 2463 λόγῳ
1789 2391 1912 2445 ἐθε-

325 2496 623 2567 ράπευσεν,
651 2494 744 2548 τὸν
774 2492 998 2564 Πατέρα
1035 2491 1174 2562 έχων
1202 2494 1262 2545 ἐν
1285 2490 1488 2561 ἐαυτῷ,
1518 2490 1614 2544 καὶ
1646 2488 1811 2553 αὑτὸς
1834 2486 1909 2541 ὣν

324 2590 423 2642 σὺν
448 2587 527 2657 τῷ
554 2589 730 2658 Πατρὶ
762 2585 1127 2650 ἀδιαστάτως,
1170 2584 1268 2637 σὺν
1301 2582 1381 2654 τῷ
1402 2583 1544 2652 ἀγίῳ
1589 2582 1684 2633 καὶ
1725 2584 1911 2634 συναῖ-

322 2678 422 2747 δίῳ
469 2677 567 2731 καὶ
610 2676 868 2747 ζωοποιῷ
906 2675 1226 2745 Πνεὺματι·
1290 2675 1389 2727 καὶ
1460 2672 1794 2743 σωματικῶς
1852 2674 1912 2725 ἐν

324 2770 477 2840 τόπῳ
521 2769 645 2822 τότε
685 2767 1189 2839 περιγραφόμενος,
1247 2766 1344 2820 καὶ
1393 2765 1812 2837 ἀπερίγραπτος
1842 2766 1909 2835 τῇ

324 2861 448 2932 θείᾳ
476 2861 640 2933 οὐσίᾳ
667 2863 779 2925 τοῖς
823 2861 958 2914 πᾶσι
989 2857 1183 2929 παρὼν
1213 2858 1309 2911 καὶ
1358 2858 1427 2911 τὰ
1450 2859 1631 2912 πάντα
1659 2856 1905 2927 πληρῶν,

2023 1753 2404 1808 demoraretnr
2440 1753 2735 1821 miracula,
2782 1755 2913 1811 licet
2953 1771 3018 1810 ea
3063 1757 3312 1811 nonnulli
3343 1772 3403 1811 se
3432 1758 3618 1813 videre

2023 1844 2324 1913 putabant,
2360 1844 2486 1913 quia
2528 1860 2718 1915 reapse
2762 1846 3059 1902 ineﬁabilia
3105 1858 3252 1903 sunt.
3302 1847 3421 1902 Non
3470 1850 3618 1904 enim

2022 1938 2255 2007 scalpro,
2286 1945 2381 1992 aut
2419 1940 2687 2004 cauterio,
2722 1939 2807 1993 vel
2838 1939 3160 2008 pharmaco,
3186 1940 3271 1993 vel
3294 1940 3400 1993 alio
3425 1941 3619 2009 quovis

2022 2030 2238 2086 medico
2283 2030 2561 2101 adiutorio
2598 2031 2667 2086 ad
2703 2046 2798 2086 eas
2838 2031 3155 2086 curationes
3193 2032 3485 2097 utebatur;
3519 2034 3615 2088 sed

2016 2124 2188 2180 verbo
2208 2140 2359 2179 mare
2376 2125 2783 2194 compescebat,
2805 2124 3086 2179 daemones
3105 2124 3348 2196 fugabat,
3369 2137 3616 2182 mortuos

2017 2216 2336 2282 suscitabat,
2372 2218 2534 2272 caecis
2565 2219 2744 2273 visum
2778 2217 3039 2283 donabat,
3078 2218 3406 2288 paralyticos
3436 2218 3617 2273 ﬁrma-

2012 2311 2141 2375 bat;
2176 2319 2232 2365 et:
2270 2318 2332 2365 ut
2360 2326 2472 2364 uno
2497 2311 2667 2365 verbo
2695 2309 2906 2375 dicam,
2949 2323 3115 2363 omne
3136 2293 3320 2364 morbi
3350 2326 3526 2380 genus
3559 2319 3616 2365 et

2010 2404 2288 2474 languoris
2331 2403 2499 2457 verbo
2542 2403 2816 2465 sanabat,
2844 2400 3064 2455 Patrem
3104 2402 3159 2455 in
3200 2417 3261 2456 se
3298 2417 3524 2471 gerens,
3559 2413 3617 2457 et

2011 2493 2129 2563 ipse
2151 2492 2209 2546 in
2232 2492 2394 2546 Patre
2428 2491 2741 2547 consistens
2770 2491 3005 2546 indivise
3028 2505 3152 2545 cum
3184 2499 3373 2545 sam-to
3400 2499 3617 2546 elcoae—
3665 2532 3672 2539 .

2011 2594 2169 2641 terno
2198 2584 2415 2639 viviﬁco
2456 2583 2686 2655 Spiritu.
2722 2583 2788 2638 Et
2822 2593 2954 2640 tunc
2987 2584 3212 2653 quidem
3253 2584 3613 2653 corporaliter

2011 2675 2491 2745 circumscriptus,
2532 2676 2719 2731 divina
2767 2685 2951 2731 tamen
2994 2676 3303 2732 substantia
3340 2676 3609 2741 inﬁnitus,

2010 2767 2224 2821 cunctis
2245 2781 2510 2836 przesens,
2530 2768 2716 2822 omnia
2743 2768 3000 2839 implens,
3024 2783 3367 2838 quaecunque
3390 2770 3441 2823 in
3470 2770 3611 2825 coelo

2016 2866 2269 2927 terraque
2294 2866 2443 2925 sunt,
2465 2858 2578 2913 etsi
2600 2875 2707 2929 qua
2733 2861 2837 2915 alia
2861 2860 3000 2914 ultra
3023 2861 3191 2917 caelos
3211 2871 3295 2917 est
3318 2870 3570 2917 creatura
3594 2880 3609 2917 :

320 2954 421 3007 ὅσα
440 2971 500 3006 τε
532 2956 590 3006 ἐν
611 2952 825 3024 οὑρανῷ
851 2952 945 3005 καὶ
976 2952 1077 3005 ὅσα
1112 2968 1171 3003 τε
1195 2953 1287 3003 ἐπὶ
1316 2950 1417 3019 τῆς
1462 2950 1590 3019 γῆς,
1622 2950 1719 3002 καὶ
1742 2950 1793 3002 εί
1823 2948 1907 3011 τίς

2015 2951 2504 3021 dcmonstransque
2545 2953 2804 3007 eumdem
2845 2968 2905 3007 se
2943 2969 3097 3018 esse,
3140 2954 3231 3024 qui
3265 2955 3462 3010 caelum
3497 2966 3613 3010 ter-

323 3047 473 3100 ἐστιν
524 3046 689 3117 ἑτέρα
743 3045 920 3109 κτίσις
972 3044 1082 3097 τῶν
1148 3044 1398 3113 οὐρανῶν
1458 3043 1750 3098 ἐπέκεινα·
1814 3043 1908 3096 καὶ

2015 3057 2242 3112 ramque
2282 3050 2339 3097 et
2368 3060 2519 3099 mare
2552 3054 2609 3100 et
2647 3045 2915 3115 quidquid
2949 3046 3035 3101 his
3071 3048 3409 3113 continetur,
3442 3049 3611 3103 verbo

322 3137 538 3201 δεικνὺς
560 3138 635 3201 ὡς
665 3138 828 3200 αὑτός
855 3140 1005 3190 ἐστιν
1045 3136 1073 3188 6
1101 3137 1197 3188 xui.
1231 3135 1324 3188 τὸν
1380 3136 1614 3205 οὐρανὸν
1664 3138 1755 3189 καὶ
1812 3137 1908 3206 τὴν

2015 3137 2236 3190 creavit.
2269 3135 2411 3189 Idem
2452 3137 2596 3191 Deus
2632 3153 2856 3192 carnem
2885 3153 3104 3208 quoque
3141 3138 3249 3209 63
3284 3141 3606 3210 assumpsit,

321 3232 423 3300 γῆν
459 3229 554 3282 καὶ
592 3228 692 3301 τὴν
733 3228 1009 3283 θάλασσαν
1035 3230 1126 3280 καὶ
1157 3226 1337 3279 πάντα
1372 3228 1440 3280 τά
1470 3230 1527 3280 ἐν
1558 3229 1743 3292 αὐτοῖς
1770 3228 1913 3300 λόγῳ

320 3323 577 3391 ποιήσας.
629 3322 687 3373 '0
720 3319 882 3383 αὑτὸς
916 3319 974 3372 δὲ
996 3320 1129 3383 Θεὸς
1150 3320 1199 3371 εί
1222 3318 1318 3371 καὶ
1343 3319 1525 3389 σάρκα
1550 3320 1908 3389 προσέλαϐεν,

323 3416 417 3468 καὶ
469 3416 538 3467 τὰ
572 3415 798 3468 τοιαῦτα
828 3414 976 3486 λόγῳ
1020 3415 1263 3484 ἐνεργῶν
1310 3413 1590 3484 θεοπρεπῆ
1629 3412 1906 3484 θαύματα.

322 3506 438 3560 Τίνι
467 3507 579 3578 γὰρ
612 3506 759 3578 ἄλλῳ
808 3509 857 3560 εί
888 3508 962 3578 μὴ
986 3507 1081 3581 κτῷ
1129 3506 1338 3578 Κτίστῃ
1394 3506 1660 3560 ὑπακούει
1694 3505 1765 3557 τά
1793 3504 1908 3557 κτί-

321 3617 502 3669 σματα
524 3616 540 3664 ;
574 3598 710 3652 ἀλλά
736 3600 831 3653 καὶ
858 3601 938 3661 είς
955 3599 1083 3661 τοὺς
1105 3598 1499 3666 ἀτελευτήτους
1524 3596 1677 3650 ἔσται
1704 3595 1908 3658 αἰῶνας

319 3692 426 3745 τῶν
452 3692 689 3757 αἰώνων,
721 3692 793 3745 τὰ
820 3691 999 3745 πάντα
1024 3690 1395 3761 διακυϐερνῶν
1419 3690 1513 3743 καὶ
1538 3688 1778 3758 συνέχων
1828 3687 1907 3758 τῷ

320 3785 720 3856 παντοδυνάμῳ
758 3786 925 3839 αὑτοῦ
960 3785 1055 3839 καὶ
1086 3783 1434 3854 προνοητικῶ
1466 3782 1795 3853 βουλήματι.

383 3876 507 3944 ις’.
543 3877 610 3930 Τί
655 3877 838 3930 τοίνυν
885 3879 1055 3937 ἐστὶν,
1104 3869 1149 3928 ὧ
1193 3869 1366 3937 οὑτοι,
1418 3877 1445 3928 6
1494 3875 1596 3944 τὴν
1626 3874 1902 3946 ὑμετέραν

314 3972 598 4026 διάστασιν
634 3971 726 4040 ἀφ’
773 3970 930 4042 ἡμῶν
989 3970 1119 4039 ὑμῖν
1174 3970 1413 4039 ἐμποιεῖ,
1464 3968 1565 4037 τῆς
1609 3967 1898 4039 ἀκριόείας

313 4064 420 4119 τῶν
454 4062 619 4134 ἱερῶν
644 4061 961 4134 μαρτυριῶν
988 4061 1383 4132 προκειμένης,
1411 4055 1499 4122 αἷς
1532 4061 1694 4129 ὑμεῖς
1713 4060 1902 4127 λέγετε

312 4155 711 4221 ἐξακολουθεῖν,
769 4156 907 4227 πρὸς
959 4155 1059 4225 τῆς
1113 4154 1376 4223 ἀληθείας
1424 4152 1654 4219 εἴπατε;
1692 4154 1741 4205 εί
1802 4154 1902 4221 μὲν

311 4245 404 4303 οὖν
438 4247 649 4318 ἀληθὴς
683 4247 841 4316 λόγος
890 4249 949 4298 ἐν
1004 4247 1135 4318 ὑμῖν
1186 4248 1335 4298 ἐστιν
1357 4246 1439 4298 ὅτι
1473 4247 1588 4309 τοῖς
1616 4243 1711 4298 τοῦ
1743 4245 1899 4313 ἁγίου

2010 3235 2066 3279 et
2107 3235 2257 3281 tanta
2299 3227 2465 3281 verbo
2511 3228 2746 3297 patravit
2799 3230 2908 3283 Deo
2936 3229 3099 3300 digna
3125 3231 3406 3285 miracula.
3442 3231 3609 3285 Porro

2010 3317 2230 3371 cuinam
2274 3318 2364 3371 alii
2418 3326 2617 3388 prater
2653 3336 2816 3389 quam
2860 3319 3113 3375 Creatori
3148 3321 3417 3376 obediunt
3454 3337 3608 3376 crea~

2013 3409 2195 3464 turaa?
2242 3410 2485 3480 Denique
2516 3428 2611 3482 per
2638 3412 2847 3467 inﬁnita
2891 3412 3092 3467 sarcula
3134 3414 3463 3468 saeculorum
3495 3429 3613 3468 ma-

2015 3502 2186 3565 nebit,
2220 3514 2417 3557 cuucta
2451 3505 2785 3574 gubernans,
2814 3512 2871 3558 et
2897 3504 3264 3573 omnipotenti
3293 3518 3392 3558 sua
3421 3503 3607 3575 provi-

2017 3595 2196 3665 daque
2227 3595 2511 3651 voluntate
2544 3610 2905 3652 conservans.

2075 3872 2374 3940 XVI.Quid
2403 3888 2552 3944 ergo,
2570 3886 2779 3941 quaeso,
2798 3878 3041 3926 vestrum
3071 3883 3102 3923 a
3128 3868 3289 3924 nobis
3319 3868 3607 3925 dissidium

1999 3970 2219 4035 eliiciat,
2255 3982 2380 4022 cum
2426 3975 2534 4020 tam
2570 3972 2824 4019 accurata
2858 3962 3012 4016 vobis
3040 3960 3150 4015 sint
3176 3962 3425 4030 exposita
3454 3976 3609 4016 sacra

2000 4060 2332 4123 testimonia,
2375 4057 2575 4127 quibus
2626 4064 2838 4110 vosmet
2869 4052 3093 4122 obsequi
3146 4053 3351 4117 dicitis,
3384 4051 3607 4106 tandem

1999 4157 2293 4229 aliquando
2336 4154 2548 4209 sincere
2594 4148 2899 4205 edisserite.
2942 4148 2996 4202 Si
3042 4156 3191 4202 certe
3220 4162 3346 4203 vere
3372 4147 3609 4201 aﬂirma—

2005 4250 2075 4304 tis
2097 4255 2350 4303 sanctum
2374 4257 2474 4298 vos
2504 4240 2859 4310 Evangelium
2897 4245 2954 4293 et
2974 4237 3220 4308 Apostoli
3255 4238 3398 4292 dicta
3427 4245 3607 4293 secta-

309 4337 649 4408 Εὑαγγελίου
711 4340 807 4392 καὶ
861 4337 957 4391 τοῦ
1000 4337 1329 4391 Ἀποστόλου
1384 4335 1564 4403 λόγοις
1608 4335 1900 4402 ἐξακολου-

2015 4339 2077 4402 ri,
2125 4337 2314 4393 adeste
2350 4334 2419 4389 ad
2456 4330 2867 4402 disputandum,
2918 4328 3235 4384 constitutis
3283 4328 3609 4401 alienigenis

311 4432 500 4497 θεῖτε,
552 4429 712 4483 δεῦτε
768 4434 865 4484 καὶ
918 4430 1314 4500 διαλεχθῶμεν,
1373 4429 1569 4499 κριτὰς
1628 4429 1901 4499 καταστή-

313 4540 510 4586 σαντες
552 4522 860 4586 ἀλλοεθνεῖς
891 4523 985 4577 καὶ
1009 4523 1473 4594 ἐτερογλώσσους,
1507 4521 1594 4575 ἵνα
1634 4522 1710 4592 μὴ
1740 4521 1903 4588 δόξω-

313 4634 413 4687 μεν
443 4615 937 4670 καταδυναστεὺειν
980 4617 1157 4687 ὑμῶν,
1190 4618 1281 4669 καὶ
1325 4616 1424 4686 τὴν
1464 4615 1647 4686 κρίσιν
1688 4631 1894 4687 προαρ-

312 4711 543 4775 πάζειν·
576 4708 690 4762 ἀλλ’
724 4710 782 4776 ἐξ
837 4710 1179 4763 ἀλλοπίστων
1234 4710 1537 4781 κριθῶμεν,
1591 4711 1671 4773 είς
1735 4710 1902 4778 μέσον

308 4803 402 4855 τοὺ
436 4802 793 4873 δικαστηρίου
846 4801 1178 4880 προσθέντες
1237 4802 1386 4874 [cod.
1415 4800 1610 4874 {.125}
1655 4800 1725 4854 τὰ
1778 4801 1899 4871 ἱερά

306 4899 466 4967 λόγια
495 4898 588 4951 καὶ
648 4900 749 4967 τῆς
797 4896 952 4965 δίκης
1011 4896 1421 4968 γυμνασθείσης
1474 4895 1739 4967 ἀκριϐῶς,
1786 4889 1898 4947 οἷον

310 4990 478 5060 μέρος
515 4989 751 5057 νικήσει,
805 4989 863 5039 ὲν
911 4987 1061 5057 αὑτῴ
1102 4988 1150 5039 οί
1176 4988 1379 5050 πάντες
1428 4989 1896 5059 προσδράμωμεν,

308 5080 501 5151 ὥσπερ
536 5080 704 5134 πάλαι
755 5080 1049 5151 Ἀρχέλαος
1074 5083 1102 5134 6
1136 5081 1434 5142 ἐπίσκοπος
1461 5081 1774 5152 Καρχάρων
1800 5083 1898 5151 τῆς

309 5176 743 5244 Μεσοποταμίας
784 5175 922 5241 πρὸς
957 5175 1215 5229 Μάνεντα
1248 5175 1631 5245 διαλεγόμενος
1665 5175 1899 5244 πεποίη-

308 5283 434 5318 κεν·
490 5269 583 5319 καὶ
623 5266 712 5320 διά
749 5268 802 5319 τί
832 5269 967 5337 ἡμῖν
1001 5267 1099 5337 τὴν
1130 5268 1310 5320 αἰτίαν
1360 5268 1457 5336 τῆς
1505 5266 1566 5331 ἐξ
1595 5267 1753 5337 ἡμῶν
1780 5268 1895 5321 δια·

308 5360 555 5421 στάσεως
588 5360 743 5429 ὑμῶν
771 5359 1113 5431 διατρίϐετε;
1154 5360 1274 5414 δέον
1304 5360 1580 5429 συμϐῆναι
1606 5363 1753 5431 ἡμᾶς
1780 5361 1894 5430 φιλ-

306 5449 553 5520 αδέλφως
610 5452 706 5506 καὶ
760 5451 1171 5522 πνευματικῶς,
1214 5453 1374 5521 εἴπερ
1404 5451 1630 5517 θέλοιτε,
1674 5454 1767 5505 καὶ
1823 5454 1901 5506 δι-

306 5542 481 5605 καίως
536 5542 739 5611 μᾶλλον
764 5544 796 5609 ἢ
830 5542 1181 5613 φιλονείκως·
1208 5542 1305 5596 καὶ
1344 5544 1376 5613 ἡ
1411 5544 1542 5615 παρ’
1576 5544 1734 5614 ἡμῶν
1766 5561 1897 5615 κρα-

307 5635 549 5706 τουμένη
586 5634 874 5699 ἀνόθευτος
909 5638 1003 5689 καὶ
1036 5636 1340 5708 ἀμώμητος
1363 5637 1456 5689 καὶ
1481 5636 1689 5707 ἀληθὴς
1720 5637 1902 5701 πίστις

310 5720 367 5777 εὑ
393 5721 491 5778 οἷδ’
532 5727 615 5779 ὅτι
658 5725 903 5797 συνήθως
954 5729 1189 5798 νικήσει,
1232 5727 1326 5779 καὶ
1365 5726 1481 5798 μετ’
1513 5727 1684 5796 αὐτὴν
1730 5728 1761 5796 ή
1796 5726 1903 5795 ψῆ-

2004 4441 2062 4486 et
2104 4430 2338 4485 diversa;
2363 4427 2563 4496 lingua:
2602 4423 2899 4494 iudicibus,
2934 4437 3007 4476 ne
3039 4436 3135 4477 vos
3171 4422 3484 4493 Opprimere
3520 4423 3606 4477 vi-

2003 4525 2261 4586 deamur,
2309 4529 2366 4576 et
2401 4517 2670 4590 judicium
2715 4530 3121 4585 prreoccupare.
3174 4513 3353 4584 Atque
3401 4514 3476 4569 ita
3531 4512 3604 4568 ab

2002 4621 2194 4675 aliena:
2241 4624 2404 4674 sectae
2454 4611 2770 4669 hominibus
2818 4607 3154 4678 iudicemur,
3205 4605 3503 4677 propositis
3547 4604 3604 4658 in

2002 4714 2184 4770 medio
2222 4708 2476 4767 tribunali
2520 4706 2692 4762 sacris
2733 4703 3002 4770 oraculis,
3046 4702 3300 4771 factaque
3350 4697 3605 4768 diligenti

2000 4804 2375 4867 contentione,
2416 4811 2537 4855 utra
2586 4813 2712 4869 pars
2742 4796 2958 4862 vicerit,
2998 4812 3105 4852 una
3144 4809 3337 4851 omnes
3366 4807 3605 4847 concur-

1998 4914 2202 4953 ramus.
2242 4897 2399 4951 Sicut
2436 4895 2567 4948 olim
2615 4891 2918 4946 Archelaus
2960 4889 3365 4946 Carcharorum
3398 4886 3453 4939 in
3486 4884 3602 4939 Me-

1997 4990 2301 5062 50potamia
2351 4989 2643 5059 episcopus
2693 5002 2819 5043 cum
2872 4985 3086 5039 Manete
3137 4982 3424 5050 disputans
3466 4978 3601 5048 egit.

1997 5084 2107 5139 Cur
2141 5083 2303 5137 nobis
2330 5096 2552 5137 causam
2593 5081 2761 5134 vestri
2794 5097 2824 5134 a
2853 5078 3013 5133 nobis
3046 5076 3330 5130 dissensus
3358 5072 3598 5140 imputa-

2001 5176 2092 5241 tis,
2127 5190 2251 5230 cum
2284 5182 2533 5243 oporteat
2553 5189 2655 5227 nos
2698 5172 2938 5226 fraterne
2968 5176 3023 5223 et
3059 5182 3126 5222 ex
3160 5166 3366 5229 animo,
3400 5164 3445 5218 si
3476 5164 3601 5234 qui-

2005 5268 2130 5321 dem
2191 5266 2422 5329 velletis,
2466 5266 2814 5320 concordiam
2870 5261 3076 5327 fovere,
3129 5267 3186 5312 et
3231 5257 3379 5327 juste
3419 5257 3604 5326 p0tius

2002 5373 2163 5428 quam
2203 5356 2546 5411 contentiose
2595 5355 2805 5426 agere?
2840 5353 3036 5409 Nostra
3080 5350 3269 5419 utique
3308 5348 3602 5419 praedonu—

2000 5468 2139 5505 nans
2164 5450 2402 5515 sincera,
2422 5447 2919 5519 irreprehensibilis
2946 5460 3186 5515 veraque
3206 5442 3341 5498 ﬁdes
3364 5442 3599 5512 palmam

2002 5545 2123 5599 sine
2154 5544 2344 5609 dubio,
2389 5552 2451 5597 ut
2495 5542 2655 5606 solet,
2690 5539 2910 5604 referet,
2936 5538 3098 5608 eique
3127 5551 3291 5592 causa
3322 5532 3601 5602 adiudica-

2005 5639 2174 5692 bitur.
2198 5637 2392 5692 Vestra
2426 5644 2618 5691 contra
2645 5633 2852 5688 falsitas
2886 5630 3233 5702 explodetur,
3268 5635 3330 5680 ut
3360 5624 3601 5678 tenebrm

2011 5730 2145 5785 solis
2196 5731 2487 5801 prmsentia
2534 5728 2845 5785 vincuntur.
2894 5724 3005 5779 Cur
3076 5724 3187 5795 jam
3238 5716 3604 5780 contenditis,
