3928 6246
348 260 482 325 1327

1706 252 1936 316 PETRI
1993 251 2246 314 SICULI

3492 250 3637 319 1328

342 386 506 446 atque
559 375 871 430 universam
927 381 1131 428 terram
1161 386 1225 429 ac
1277 368 1479 425 ctelum
1532 365 1688 422 vanis
1736 364 1923 421 vestris

2040 379 2139 431 φος
2165 361 2485 433 γενήσεται’
2513 361 2576 416 τὸ
2608 359 2806 430 ψεῦδος
2835 360 2992 432 ὑμῶν
3026 357 3275 415 ἐκποδὼν
3317 360 3629 432 οίχὴσεται,

342 466 703 523 blateratibus
760 479 1023 536 superare
1077 461 1371 533 speratis?
1417 474 1543 515 nam
1592 472 1665 512 ne
1722 464 1936 512 constat

341 560 563 631 quidem
592 569 779 614 utrum
812 574 910 614 vos
941 558 998 612 in
1043 565 1189 612 terra
1219 552 1536 637 versemini,
1576 560 1802 623 propter
1838 564 1937 605 ve-

341 648 441 704 stri
472 648 686 702 numeri
733 648 1075 712 tenuitatem,
1132 645 1226 716 qui
1256 658 1472 714 semper
1497 640 1838 707 deerescitis,
1885 648 1942 695 et

341 738 487 809 apud
531 752 725 793 omnes
775 746 965 807 gentes
1005 736 1261 791 ﬁduciam
1301 732 1554 789 amittitis
1591 749 1606 798 ;
1641 739 1697 786 et
1740 730 1829 785 vix
1855 730 1942 785 hi-

342 831 598 887 rundinis
664 830 827 885 nidus
892 845 1003 900 pm
1048 828 1262 884 caeteris
1313 825 1676 882 incolentibus
1744 823 1935 881 orbem

339 922 665 980 Christianis
690 922 1008 979 orthodoxis
1041 920 1302 977 videmini
1334 937 1349 974 :
1396 928 1493 975 aut
1530 917 1802 991 triangulo
1831 916 1937 972 mi-

340 1018 493 1073 nimo
534 1032 565 1071 a
604 1016 797 1072 tellure
822 1016 879 1070 in
917 1015 1170 1071 caelestes
1227 1014 1479 1086 regiones
1533 1012 1825 1083 producto,
1874 1018 1935 1066 ut

338 1108 855 1164 mathematicorum
897 1122 1051 1162 more
1098 1106 1407 1177 loquamur,
1443 1120 1557 1175 prae
1604 1103 1933 1175 populorum

338 1202 696 1257 universitate
741 1199 1062 1257 conferendi
1093 1216 1108 1253 :
1144 1215 1208 1254 ac
1237 1198 1406 1255 veluti
1438 1198 1484 1253 si
1520 1210 1765 1268 praesens
1792 1204 1935 1250 tem-

336 1311 461 1368 pus,
483 1310 609 1350 cum
641 1302 873 1365 utroque
904 1302 1214 1364 temporum
1250 1290 1653 1362 praeteritorum
1693 1302 1849 1358 aeque
1875 1302 1940 1343 ac

337 1383 650 1437 futurorum
695 1383 891 1452 spatio,
926 1382 1085 1453 cuius
1119 1382 1278 1452 longa
1322 1380 1496 1436 series
1523 1377 1829 1450 ignoratur,
1864 1378 1939 1431 ita

335 1490 437 1529 vos
468 1488 592 1529 cum
617 1474 876 1529 universa
900 1489 958 1528 re
980 1481 1163 1529 creata
1190 1469 1586 1543 comparemini
1614 1488 1629 1525 :
1662 1469 1748 1524 vel
1785 1476 1939 1540 gutta

338 1566 503 1620 unica
532 1579 657 1619 cum
690 1572 802 1619 tota
832 1578 1096 1633 aquarum
1123 1571 1355 1627 natura;
1381 1560 1495 1633 64
1526 1559 1629 1630 vel]
1655 1559 1701 1615 si
1752 1560 1939 1614 herbae

334 1657 550 1713 culmus
587 1672 710 1712 cum
757 1656 1013 1711 universa
1050 1664 1197 1710 terra
1215 1654 1550 1749 .conferatur
1582 1670 1595 1707 :
1638 1652 1726 1707 vel
1763 1652 1925 1722 quid-

2032 451 2224 522 ὥσπερ
2246 450 2310 506 τὸ
2348 452 2541 516 σκότος
2568 454 2636 524 τῇ
2668 451 2763 505 τοῦ
2792 452 2947 523 ἡλίου
2969 452 3247 525 παρουσίᾳ
3273 454 3630 526 μειούμενον.

2036 541 2149 596 Καὶ
2175 541 2228 595 τί
2257 542 2612 611 φιλονεικεῖτε
2661 542 2758 596 καὶ⁹
2796 543 2974 598 οἴεσθε
3016 546 3198 599 πᾶσαν
3243 546 3346 617 τὴν
3394 544 3504 617 γῆν
3533 546 3638 601 καὶ

2035 636 2127 691 τὸν
2154 636 2384 710 οὐρανὸν
2418 637 2576 709 νικᾷν
2606 639 2726 701 ταῖς
2759 638 3172 709 ματαιολογίαις
3199 638 3386 710 ὑμῶν;
3416 642 3466 694 οἱ
3494 642 3637 714 μηδὲ

2038 728 2122 781 ὅτι
2147 729 2268 782 ἐστὲ
2296 730 2354 781 ἐν
2383 732 2450 801 τῇ
2488 732 2559 802 γῇ
2593 731 2936 801 φαινόμενοι,
2966 734 3033 803 τῇ
3061 731 3312 804 εὐτελείᾳ
3331 731 3494 787 τοῦτό
3521 752 3630 788 που

2041 822 2137 875 καὶ
2163 824 2230 893 τῇ
2268 820 2575 894 βραχύτητι
2622 823 2733 877 τῶν
2774 826 2831 878 ἐν
2858 824 2997 897 αὐτῇ
3028 824 3328 880 οἰκούντων
3349 843 3365 857 ·
3396 828 3638 883 πάντοτε

2039 912 2086 968 δ’
2138 913 2552 986 ἐλαττούμενοι,
2594 916 2695 970 καὶ
2749 916 2933 985 πάσης
3000 918 3319 990 παρρησίας
3371 920 3638 992 ἀμέτοχοι

2040 1006 2197 1081 παρὰ
2244 1009 2379 1062 πᾶσι
2420 1011 2537 1073 τοῖς
2588 1008 2800 1064 ἔθνεσιν
2846 1010 3223 1083 ὑπάρχοντες·
3259 1013 3356 1068 καὶ
3405 1014 3530 1086 μηδ’
3557 1014 3639 1079 ὡς

2040 1101 2231 1156 νοσσιά
2260 1100 2529 1172 χελιδόνος
2552 1102 2694 1173 πρὸς
2724 1102 2853 1167 τοὺς
2881 1104 2940 1157 ἐν
2962 1107 3032 1176 γῇ
3058 1102 3345 1169 οἰκοῦντας
3367 1106 3637 1177 Χριστια-

2043 1196 2169 1260 νοὺς
2194 1195 2510 1267 ὀρθοδόξους
2538 1197 2961 1271 συγκρινόμενοι
2983 1213 2999 1229 ⁶
3032 1198 3067 1268 ἦ
3108 1199 3400 1270 ἀκαριαῖον
3427 1200 3637 1271 τριγώ-

2038 1305 2131 1343 νου
2182 1290 2462 1362 σχήματος
2490 1291 2602 1345 ἀπὸ
2630 1291 2736 1362 γῆς
2784 1291 2923 1363 πρὸς
2971 1291 3072 1355 τὰς
3102 1292 3393 1364 οὐρανίους
3430 1292 3636 1364 μοίρας

2036 1379 2301 1451 ὴγμένον,
2338 1380 2742 1453 μαθηματικῶς
2787 1383 2986 1450 εἰπεῖν,
3013 1383 3154 1454 πρὸς
3186 1384 3367 1440 πάντά
3407 1386 3474 1440 τὰ
3502 1384 3635 1456 ἔθνη

2035 1472 2464 1543 ἀπεικαζόμενοι
2491 1490 2504 1503 ·
2534 1473 2569 1545 ἢ
2600 1474 2698 1527 τοῦ
2747 1473 2845 1529 νῦν
2896 1473 3090 1546 χρόνου
3132 1477 3200 1546 τῇ
3240 1475 3363 1530 καθ’
3394 1476 3638 1547 ἑκάτερα

2034 1566 2144 1620 τῶν
2172 1567 2384 1638 χρόνων
2412 1568 2581 1639 ἄμφω
2609 1568 2911 1635 διαστάσει,
2944 1571 3012 1640 τῇ
3048 1569 3343 1641 ἀδηλότητι
3383 1570 3483 1640 τῆς
3508 1586 3639 1623 συν-

2036 1658 2216 1729 εχείας
2252 1660 2391 1731 πρὸς
2424 1662 2607 1715 πᾶσαν
2639 1660 2739 1732 τὴν
2766 1662 2931 1731 φύσιν
2965 1661 3530 1735 παραλαμϐανόμενοι
3552 1679 3568 1695 ο
3599 1664 3635 1735 ἢ

335 1754 465 1824 quid
516 1753 754 1822 denique
802 1752 1091 1807 minimum
1142 1734 1283 1806 intEr
1315 1750 1541 1805 minima
1572 1758 1676 1815 est,
1713 1756 1768 1803 et
1795 1762 1923 1818 qua-

2038 1750 2193 1822 ρανὶς
2245 1750 2345 1821 μία
2393 1750 2532 1821 πρὸς
2588 1752 2773 1806 πᾶσαν
2825 1752 2937 1807 τῶν
2992 1734 3205 1807 ὑδάτων
3235 1753 3335 1824 τὴν
3367 1753 3564 1823 φύσιν·
3599 1754 3635 1826 ἦ

334 1844 469 1899 libet
497 1843 777 1915 indignum
807 1842 1237 1913 comparatione.
1268 1840 1399 1905 Lex,
1434 1840 1613 1911 inquit
1644 1839 1928 1906 Dominus,

337 1938 401 1991 de
439 1934 572 1991 Sion
604 1936 782 2000 exibit,
816 1944 863 1989 et
895 1925 1109 1990 verbum
1139 1934 1355 1989 Domini
1393 1935 1457 1988 de
1487 1931 1791 1988 Jerusalem
1827 1933 1872 1965 ⁸⁸
1909 1948 1929 1997 ;

335 2043 448 2082 non
494 2038 677 2082 autem
729 2027 799 2082 de
847 2026 1087 2082 Tibrica.
1136 2024 1296 2092 Quod
1343 2025 1388 2081 si
1424 2025 1665 2079 faustum
1713 2024 1819 2078 hoc
1873 2029 1930 2077 et

332 2120 602 2190 optimum
639 2119 829 2175 audire
858 2134 890 2173 a
923 2119 1082 2175 nobis
1103 2119 1394 2174 consilium
1430 2132 1541 2173 non
1566 2116 1740 2182 fertis,
1768 2129 1930 2186 pror-

334 2227 429 2267 sus
503 2212 618 2282 jam
667 2211 957 2267 ostenditis
1018 2226 1117 2267 vos
1172 2226 1450 2267 sacrarum
1519 2210 1930 2281 Scripturarum

335 2304 548 2360 nullum
605 2319 767 2359 usum
820 2304 1060 2369 habere,
1103 2303 1209 2360 nisi
1255 2312 1529 2374 quatenus
1585 2302 1653 2357 ad
1700 2301 1931 2357 aliarum

336 2388 617 2454 hazreseon
662 2397 911 2453 velamen
961 2397 1206 2468 prodest.
1244 2396 1543 2467 PrOpterea
1586 2394 1655 2450 ad
1684 2393 1930 2450 veritatis

334 2492 520 2546 lumen
568 2490 712 2546 haud
752 2491 1012 2546 acceditis
1036 2530 1052 2556 ,
1090 2491 1217 2560 quia
1251 2506 1348 2545 vos
1383 2503 1716 2561 magnopere
1764 2488 1931 2557 pudet

334 2591 605 2638 nocturna
635 2595 817 2638 vestra
848 2598 972 2652 quae
1001 2582 1156 2638 elfari
1188 2598 1301 2638 non
1332 2581 1462 2637 licet
1490 2597 1677 2651 opera,
1727 2580 1926 2636 diurna

332 2678 453 2731 luce
480 2676 751 2731 illustrare
776 2675 1064 2746 palamque
1100 2675 1314 2740 facere,
1351 2675 1447 2730 sed
1477 2674 1740 2729 adversus
1768 2673 1923 2728 stoli-

331 2768 431 2821 dos
464 2773 674 2821 tantum
711 2766 1095 2837 simplicesque
1127 2767 1379 2822 homines
1404 2766 1642 2838 gladium
1677 2773 1922 2820 vestrum

2036 1840 2190 1914 lead.
2223 1840 2262 1897 f.
2296 1843 2398 1897 125
2428 1840 2512 1915 b.]
2552 1842 2751 1914 βοτάνη
2790 1843 2889 1915 μία
2924 1843 3066 1916 πρὸς
3116 1843 3215 1917 τὴν
3242 1845 3348 1916 γῆν
3380 1844 3636 1900 ἃπασαν·

2034 1931 2070 2003 ἢ
2094 1933 2123 1986 ὃ
2156 1949 2208 1986 τι
2239 1933 2306 1987 ἄν
2337 1950 2424 1998 τις
2466 1933 2597 1988 ἄλλο
2625 1933 2774 1989 εἴποι
2810 1935 2920 1988 τῶν
2964 1934 3266 2006 ἐλαχίστων
3296 1935 3641 2008 ἐλαχιστότα-

2032 2040 2146 2089 τον,
2173 2024 2266 2077 καὶ
2294 2024 2515 2093 ἀνάξιον
2548 2026 2925 2098 συγκρίσεωςο
2951 2029 3153 2097 Νόμος
3177 2028 3312 2101 γάρ,
3332 2028 3490 2100 φησὶ,
3520 2034 3639 2085 Κυ-

2026 2116 2168 2184 ρίου
2204 2116 2275 2170 ἐκ
2308 2116 2464 2171 Σιὼν
2498 2117 2907 2186 ἐξελεύσεται,
2942 2120 3052 2174 καὶ
3080 2122 3265 2191 λόγος
3320 2122 3538 2190 Κυρίου
3567 2122 3635 2189 ἐξ

2048 2206 2485 2277 Ἰερουσαλὴμ,
2536 2210 2613 2281 μὴ
2666 2210 2774 2265 ἀπὸ
2821 2210 3109 2282 Τιϐρικῆς.
3172 2213 3237 2265 Ei
3288 2212 3334 2266 δ’
3379 2212 3482 2267 οὐκ
3538 2213 3638 2269 ἀν-

2028 2298 2220 2369 έχεσθε
2240 2302 2446 2372 ταύτης
2461 2302 2694 2356 ἀκοῦσαι
2727 2303 2827 2373 τῆς
2847 2304 3032 2367 αίσίας
3062 2303 3157 2358 καὶ
3179 2304 3474 2377 καλλίστης
3503 2305 3635 2377 βου-

2027 2392 2127 2464 λῆς
2146 2393 2329 2463 ἡμῶν,
2360 2394 2581 2459 πάντως
2619 2395 2852 2449 αὐτόθεν
2895 2396 3173 2451 δείκνυται
3205 2398 3288 2452 ὅτι
3319 2398 3431 2453 τῶν
3466 2399 3634 2471 ἱερῶν

2027 2484 2201 2554 λόγων
2222 2485 2323 2557 τὴν
2350 2489 2547 2558 χρῆσιν
2571 2487 2695 2541 καθ’
2720 2489 2920 2560 ἑαυτὴν
2949 2489 3051 2543 οὐκ
3081 2489 3257 2561 ἔχετε,
3294 2490 3433 2545 ἀλλά
3466 2492 3633 2563 μόνον

2028 2577 2168 2649 πρὸς
2214 2577 2543 2649 ἐπικάλυψιν
2587 2578 2791 2651 ἐτέρων
2823 2580 2917 2653 [an
2964 2597 3065 2652 pro
3101 2582 3408 2656 ὑμετέρων]
3473 2585 3632 2656 αίρέ-

2025 2686 2166 2725 σεων
2186 2686 2198 2699 ·
2233 2670 2331 2724 κα)⁸
2384 2671 2474 2725 διά
2517 2671 2676 2726 τοῦτο
2707 2674 2806 2726 οὑκ
2832 2673 3058 2744 ἔρχεσθε
3108 2675 3245 2747 πρὸς
3281 2676 3344 2729 τὸ
3377 2677 3494 2745 φῶς
3520 2676 3631 2748 τῆς

2019 2763 2281 2835 ἀληθείας
2310 2764 2500 2836 ὥσπερ
2543 2766 2924 2837 αίσχυνόμενοι
2982 2766 3078 2821 καὶ
3134 2768 3502 2841 ἐρυθριῶντες
3550 2771 3625 2824 τὰ

331 2856 492 2912 melle
520 2857 714 2913 illitum
744 2868 1083 2926 exserentes,
1114 2859 1301 2914 omnia
1334 2858 1391 2914 in
1422 2858 1663 2915 tenebris
1686 2857 1919 2929 profun-

2026 2856 2213 2921 νυκτὸς
2254 2857 2393 2929 ἔργα
2425 2858 2536 2912 τῶν
2581 2858 2969 2930 ἀρῤητοποιῶν
2995 2859 3074 2931 τῷ
3105 2861 3208 2931 τῆς
3237 2861 3450 2934 ἡμέρας
3483 2863 3629 2931 φωτὶ

329 2949 507 3019 daque
543 2961 707 3006 nocte
733 2951 1012 3023 peragitis.

2026 2948 2413 3005 ἀνακαλύπτειν
2445 2954 2538 3004 κα)⁵
2561 2953 2697 3006 πᾶσι
2730 2953 3100 3024 δημοσιεύειν,
3127 2953 3265 3009 ἀλλά
3301 2955 3460 3026 μόνον
3480 2954 3629 3009 κατά

327 3039 437 3095 τῶν
473 3044 717 3115 ἀνοήτων
752 3044 845 3097 καὶ
872 3043 1087 3113 ἀφελῶν
1116 3041 1419 3116 ἀνθρώπων
1442 3043 1541 3115 τὴν
1568 3043 1845 3116 μάχαιραν
1879 3040 2055 3115 μέλιτι
2089 3043 2459 3115 κεχρισμένην
2509 3045 2845 3117 προσφέρειν
2883 3046 2942 3099 ἐν
2978 3046 3162 3101 σκότει
3189 3048 3287 3101 καὶ
3312 3049 3471 3102 νυκτὶ
3523 3047 3627 3120 βα-

325 3134 448 3207 θείᾳ
477 3136 654 3189 πάντα
677 3135 1154 3209 διαπραττόμενοι.

399 3227 566 3284 XVll.
612 3228 733 3284 Huc
778 3245 952 3301 usque
996 3230 1244 3287 oratione
1286 3231 1571 3301 perducta,
1604 3230 1749 3287 aliud
1783 3247 1918 3302 quo-

2096 3228 2194 3285 lZ'.
2238 3229 2507 3286 Ἐνταῦθα
2550 3231 2610 3286 δέ
2649 3230 2746 3286 τοῦ
2791 3232 2953 3302 λόγου
2997 3234 3313 3306 γενόμενος,
3361 3233 3625 3298 ἐξετάσαι

327 3337 435 3393 que
464 3321 772 3394 disquirere
805 3323 1065 3391 conabor,
1095 3324 1165 3379 ab
1199 3323 1265 3379 iis
1289 3340 1392 3379 ceu
1413 3324 1655 3380 validum
1695 3325 1922 3396 produci

2027 3322 2365 3394 πειράσομαι
2404 3323 2501 3377 καὶ
2544 3323 2732 3395 ἕτερον
2762 3325 2894 3396 παρ’
2929 3324 3137 3391 αὐτοῖς,
3162 3324 3240 3389 ὡς
3284 3324 3506 3396 ἰσχυρὸν
3534 3324 3627 3378 λε-

328 3415 573 3470 solitum.
625 3414 907 3488 Regnavit,
943 3416 1117 3482 aiunt,
1158 3432 1300 3470 mors
1330 3416 1395 3470 ab
1423 3415 1630 3471 Adamo
1659 3432 1823 3488 usque
1851 3418 1923 3471 ad

2026 3414 2257 3486 γόμενον
2308 3431 2321 3446 ·
2368 3416 2805 3485 Ἐϐασίλευσεῗ,
2863 3416 3052 3487 φησὶν,
3113 3420 3147 3474 ὁ
3205 3417 3465 3484 θάνατος
3500 3417 3626 3472 ἀπὸ

328 3505 541 3577 Moysen
576 3505 646 3563 ’°.
677 3506 813 3561 Item
848 3524 863 3561 :
897 3514 957 3561 ut
989 3516 1166 3561 morte
1191 3521 1289 3561 sua
1313 3507 1623 3561 destrueret
1652 3508 1801 3562 illum
1828 3507 1920 3578 qui

2037 3507 2221 3578 Ἀδὰμ
2254 3508 2434 3579 μέχρι
2481 3508 2799 3576 Μωῦσέως.
2840 3510 2972 3577 Καὶ,
3016 3510 3106 3565 ἵνα
3146 3510 3234 3565 διὰ
3261 3508 3355 3565 τοῦ
3387 3510 3624 3565 θανάτου

326 3598 521 3653 mortis
537 3605 865 3669 potestatem
886 3597 1126 3664 tenebat,
1144 3597 1199 3652 id
1230 3606 1315 3653 est
1337 3597 1635 3654 diabolum.
1656 3600 1921 3654 Animad-

2026 3603 2351 3674 καταργήσῃ
2381 3600 2472 3655 τὸν
2497 3601 2702 3672 κράτος
2733 3600 2927 3673 έχοντα
2948 3600 3045 3655 τοῦ
3080 3602 3335 3665 θανάτου,
3366 3603 3623 3657 τουτέστι

328 3694 517 3756 verte,’
532 3690 708 3753 aiunt,
739 3688 1014 3759 quomodo
1037 3689 1332 3759 Apostolus
1370 3698 1697 3762 potestatem
1727 3692 1921 3746 mortis

2026 3694 2114 3746 τὸν
2148 3692 2426 3759 διάϐολον,
2466 3692 2593 3759 Ἴδε,
2627 3694 2781 3766 φησὶ,
2810 3694 2928 3757 πῶς
2952 3694 3013 3748 τὸ
3039 3695 3240 3766 κράτος
3266 3693 3360 3747 τοῦ
3385 3694 3622 3749 θανάτου

326 3783 515 3838 haberi
547 3800 579 3837 a
610 3782 828 3839 diabolo
868 3783 1030 3839 dicat.
1063 3782 1205 3850 Quid
1237 3799 1367 3856 ergo
1393 3800 1495 3841 nos
1531 3784 1598 3839 ad
1631 3784 1747 3839 hzec
1790 3783 1920 3839 dicio

325 3873 497 3932 mus?
544 3872 755 3946 Regum
795 3875 1053 3946 maiestas
1090 3877 1288 3933 timore
1325 3886 1382 3933 et
1412 3876 1701 3933 clementia
1734 3876 1918 3931 firma-

322 3980 432 4026 tur.
462 3970 529 4026 Et
561 3970 839 4043 improbos
865 3972 1087 4042 quidem
1126 3973 1460 4042 hostilesque
1494 3974 1724 4029 verbera
1753 3981 1917 4044 atque

319 4073 582 4131 terrores,
611 4064 787 4121 bonos
819 4073 1005 4120 autem
1041 4074 1097 4121 et
1137 4064 1341 4120 amicos
1369 4064 1556 4120 laetitia
1585 4073 1642 4120 et
1669 4064 1787 4120 laus
1826 4080 1916 4121 se-

319 4158 506 4228 quitur
540 4175 554 4213 :
605 4166 662 4214 et
708 4158 828 4214 illos
871 4158 1061 4229 utique
1102 4157 1320 4213 vincula
1356 4164 1414 4213 et
1462 4173 1714 4214 carceres
1752 4166 1917 4229 atque

319 4248 605 4305 camiﬁces
639 4249 727 4305 his
775 4250 1053 4321 praepositi
1101 4250 1383 4315 cohibent,
1424 4265 1616 4324 regum
1643 4251 1801 4322 jussu
1832 4251 1915 4307 eis

321 4342 548 4397 traditos
596 4359 611 4410 ;
672 4344 878 4399 amicos
925 4352 1109 4399 autem
1155 4344 1364 4415 optimo
1402 4345 1596 4416 quovis
1644 4344 1914 4401 beneficio

318 4447 475 4505 reges
502 4444 908 4504 prosequuntur
930 4455 943 4491 :
965 4437 1109 4507 quod
1127 4437 1172 4493 si
1199 4438 1366 4508 aliqui
1389 4437 1665 4493 interdum
1689 4454 1913 4509 parum-

318 4537 420 4592 per
456 4533 662 4590 errent,
708 4539 804 4580 eos
845 4538 1073 4596 paterno
1111 4544 1298 4584 amore
1338 4530 1578 4586 breviter
1621 4530 1908 4603 castigant.

2021 3784 2114 3837 τὸν
2144 3784 2391 3838 διάϐολον
2429 3785 2578 3853 λέγει
2625 3784 2792 3855 ἔχειν.
2844 3786 2910 3839 Τί
2948 3782 3042 3839 οὖν
3082 3788 3245 3857 ἡμεῖς
3279 3786 3418 3858 πρὸς
3463 3787 3625 3841 τοῦτο

2020 3877 2291 3948 ἐροῦμεν;
2340 3878 2450 3931 τῶν
2492 3877 2761 3948 βασιλέων
2798 3877 2859 3931 τὸ
2906 3878 3061 3943 κλέος
3114 3878 3264 3950 φόϐῳ
3297 3881 3390 3933 καὶ
3432 3879 3621 3949 πραΰ-

2017 3985 2144 4038 τητι
2187 3967 2521 4040 κρατύνεται
2541 3986 2556 4001 ο
2596 3970 2694 4024 καὶ
2722 3972 2837 4034 τοῖς
2873 3968 2980 4039 μὲν
3022 3969 3248 4040 φαύλοις
3278 3971 3374 4024 καὶ
3401 3971 3624 4042 ἐχθροῖς

2019 4063 2077 4117 αἱ
2108 4062 2318 4134 πληγαὶ
2356 4064 2452 4117 καὶ
2495 4064 2548 4117 οί
2600 4064 2753 4137 [cod.
2792 4064 2835 4119 f.
2872 4063 3000 4138 124]
3033 4066 3212 4135 φόϐοι,
3238 4068 3354 4130 τοῖς
3389 4066 3623 4135 ἀγαθοῖς

2017 4153 2076 4211 δὲ
2127 4156 2222 4208 καὶ
2270 4154 2448 4224 φίλοις
2488 4157 2524 4227 ἡ
2579 4156 2724 4228 χαρὰ
2777 4156 2873 4211 καὶ
2912 4158 2942 4210 ὁ
3001 4157 3223 4222 ἔπαινος
3255 4158 3487 4212 ἕπεταιο
3523 4159 3624 4212 καὶ

2017 4246 2145 4309 τοὺς
2176 4246 2278 4316 μὲν
2311 4246 2490 4318 δεσμά
2519 4248 2615 4302 καὶ
2645 4248 2888 4319 φυλακαὶ
2936 4250 3032 4303 καὶ
3059 4249 3247 4321 δήμιοι
3277 4250 3373 4305 ἐπὶ
3402 4249 3623 4316 τούτοις

2017 4335 2360 4401 καθεστῶτες
2391 4338 2733 4405 παιδεύουσι,
2768 4343 2836 4412 τῇ
2873 4340 2983 4394 τῶν
3013 4340 3282 4413 βασιλέων
3317 4342 3620 4413 προστάξει

2020 4430 2521 4502 παραδιδομένους·
2569 4433 2697 4496 τοὺς
2739 4432 2798 4486 δὲ
2849 4433 3038 4502 φίλους
3088 4435 3136 4488 οί
3191 4433 3431 4505 βασιλεῖς
3479 4437 3621 4489 πᾶσι

2025 4524 2138 4587 τοῖς
2191 4523 2322 4593 παρ’
2373 4522 2587 4577 ἑαυτῶν
2629 4523 2938 4589 καλλίστοις
2996 4525 3431 4597 θεραπεύουσιν·
3465 4527 3620 4582 ἐστιν

316 4614 459 4681 Quid
492 4624 549 4671 tu
582 4631 712 4672 vero
745 4617 1028 4674 existimas
1060 4620 1129 4676 de
1165 4621 1479 4678 adversario
1512 4622 1606 4678 illo
1632 4631 1690 4678 et
1718 4638 1912 4694 super-

2026 4612 2108 4667 5τε
2157 4615 2251 4667 καὶ
2301 4613 2364 4679 ἐξ
2409 4614 2591 4668 αὐτῶν
2638 4633 2792 4680 τινας
2830 4617 3235 4682 ὀλισθαίνοντας
3283 4619 3342 4671 ἐν
3401 4618 3619 4683 τούτοις

318 4708 410 4772 bo,
460 4708 553 4779 qui
592 4707 733 4763 nihil
761 4709 948 4775 habet,
978 4719 1034 4766 et
1061 4713 1246 4767 omnia
1273 4729 1332 4769 se
1360 4713 1562 4770 habere
1591 4721 1785 4785 putat;
1817 4716 1910 4785 qui

2026 4707 2400 4779 φιλοστόργως
2448 4708 2588 4779 πρὸς
2672 4710 2870 4783 μικρὸν
2922 4709 3290 4765 παιδεύουσιν.
3336 4710 3463 4775 Πῶς
3519 4711 3619 4765 οῦν

315 4802 564 4858 mendaci
609 4801 872 4873 jactantia
917 4802 995 4858 ait
1043 4803 1159 4859 haec
1212 4804 1314 4875 ipsi
1358 4820 1479 4862 esse
1519 4805 1740 4871 tradita,
1780 4820 1907 4861 cum

314 4911 509 4967 reapse
538 4910 609 4951 ne
638 4905 829 4951 contra
849 4910 1046 4966 porcos
1071 4895 1292 4965 quidem
1318 4895 1526 4965 absque
1556 4897 1651 4952 Dei
1675 4912 1904 4953 conces-

316 4986 471 5041 sione
498 4996 825 5059 potestatem
857 4986 1111 5042 habuerit
1140 4987 1165 5040 ?
1198 4985 1428 5044 Prorsus
1458 4987 1596 5042 nihil
1625 4997 1711 5045 est
1731 4988 1904 5055 aliud,

312 5094 475 5149 quam
491 5080 710 5136 rabidus
722 5078 942 5150 quidam
955 5078 1065 5151 65
1086 5077 1347 5143 carnifex,
1370 5080 1463 5150 qui
1482 5080 1767 5136 hominum
1782 5081 1907 5136 ani-

313 5189 430 5228 mas
470 5175 726 5229 mandato
754 5174 851 5229 Dei
882 5174 1094 5230 vinctas
1125 5173 1302 5229 tenuit
1343 5176 1413 5229 ob
1452 5183 1733 5243 peccatum
1778 5191 1906 5245 pro-

304 5266 592 5337 genitoris,
640 5280 813 5335 usque
854 5266 923 5320 ad
973 5263 1188 5321 Domini
1228 5264 1405 5320 nostri
1441 5280 1566 5320 cum
1608 5280 1777 5322 carne
1810 5268 1906 5323 ad-

307 5370 558 5414 ventum.
607 5360 730 5430 Ipse
780 5360 930 5416 enim
982 5361 1126 5416 Deus
1176 5368 1367 5417 noster
1420 5369 1480 5416 ut
1521 5360 1677 5416 fortis
1731 5364 1906 5419 victor

307 5453 505 5509 inferni
527 5469 710 5509 arcam
725 5455 1002 5525 praedatus
1023 5464 1127 5520 est,
1150 5453 1362 5509 vinctos
1374 5468 1592 5509 carcere
1604 5456 1900 5525 expedivit,

307 5548 449 5603 hanc
514 5547 632 5617 ipse
685 5546 830 5601 viam
895 5546 1296 5602 resurrectione
1353 5561 1455 5601 sua
1515 5545 1891 5617 patefaciens,

374 5726 418 5758 ⁸³
456 5728 554 5781 lsa.
596 5740 656 5790 ιι,
690 5724 722 5777 '5
821 5722 870 5754 ’θ
908 5725 1068 5779 Rom.
1092 5741 1146 5790 v,
1178 5723 1270 5781 14.

2018 4795 2163 4855 εἷναί
2188 4817 2272 4853 σοι
2317 4799 2466 4853 δοκεῖ
2494 4801 2523 4853 ό
2550 4801 2927 4872 ἀντικείμενος
2949 4800 3043 4854 καὶ
3072 4794 3517 4872 ὑπεραιρόμενος
3535 4843 3552 4867 ,
3586 4804 3617 4854 ὁ

2019 4892 2184 4964 μηδὲν
2208 4891 2347 4964 ἔχων
2368 4891 2462 4945 κα)⁸
2492 4891 2673 4949 πάντα
2693 4894 2940 4964 οἰόμενος
2963 4893 3238 4965 κατέχειν,
3272 4892 3366 4947 καὶ
3395 4892 3615 4963 ψευδῶς

2009 4984 2383 5055 φασμαλογῶν
2441 4984 2537 5038 καὶ
2586 4984 2783 5055 λέγων,
2845 4987 2927 5039 ὅτι
2957 4985 3143 5039 Ταῦτα
3192 4986 3317 5057 ἐμοὶ
3373 4985 3615 5056 παραδέ-

2006 5079 2253 5139 δονται,ό
2282 5078 2417 5150 μηδὲ
2449 5078 2589 5132 κατά
2607 5078 2809 5150 χοίρων
2833 5079 3082 5146 ἐξουσίαν
3111 5079 3281 5150 ἔχων,
3313 5079 3445 5135 ἄνευ
3473 5080 3612 5133 θεοῦ

2012 5173 2450 5243 συγχωρήσεως;
2488 5172 2705 5235 πάντως
2732 5172 2843 5241 γὰρ
2871 5172 2946 5235 ὡς
2981 5173 3256 5243 δυσμενής
3282 5189 3368 5236 τις
3412 5172 3609 5243 δήμιός

2014 5267 2155 5329 ἐστι,
2188 5264 2288 5329 τὰς
2316 5264 2427 5318 τῶν
2460 5264 2765 5337 ἀνθρώπων
2794 5266 2975 5337 ψυχὰς
3021 5265 3315 5337 προστάξει
3345 5266 3440 5319 τοῦ
3469 5265 3608 5319 Θεοῦ

2015 5361 2262 5431 κατέχων
2310 5358 2400 5415 διὰ
2450 5360 2551 5431 τὴν
2603 5360 2697 5413 τοῦ
2735 5364 3082 5431 προπάτορος
3112 5360 3414 5433 ἁμαρτίαν,
3443 5361 3609 5431 μέχρι

2014 5454 2112 5523 τῆς
2141 5457 2200 5507 ἐν
2231 5456 2396 5525 σαρκὶ
2428 5454 2735 5524 παρουσίας
2760 5453 2855 5506 τοῦ
2883 5454 3091 5524 Κυρίου
3129 5455 3221 5506 καὶ
3244 5452 3380 5506 Θεοῦ
3422 5453 3605 5523 ἡμῶν.

2002 5546 2179 5608 Αὐτὸς
2215 5544 2324 5614 γὰρ
2375 5545 2405 5597 ὁ
2449 5545 2584 5609 Θεὸς
2639 5545 2797 5616 ἡμῶν
2829 5545 2906 5609 ὠς
2946 5545 3212 5617 κραταιὸς
3268 5544 3500 5617 νικητὴς
3539 5544 3608 5598 τά
