3928 6246
290 216 309 279 1
325 217 431 280 333

1270 214 1527 293 SERMO
1566 215 1625 276 Il
1669 214 2075 275 ADVERSUS
2108 211 2592 273 MANICIMEOS.

3445 206 3582 270 133i

290 331 434 397 ἔγνω
453 326 649 398 αὐτὴν,
678 326 777 380 οὐκ
807 327 876 381 ἀν
904 325 1125 396 ἀδελφοὶ⁸
1152 325 1318 381 αὐτοῦ
1351 327 1558 399 Κυρίου
1582 327 1834 394 ἐλέγοντο
1853 329 1880 381 ὁ

1993 325 2280 395 gnovisset,
2301 325 2442 379 haud
2465 340 2597 379 sane
2618 324 2937 379 dicerentur
2957 323 3130 393 ipsius
3147 319 3360 377 Domini
3389 322 3589 375 fratres

300 420 560 486 Ἰάκωὸος
589 423 683 475 καὶ
712 423 743 475 ό
783 420 985 485 Ἰούδας
1006 422 1100 476 καὶ
1134 422 1314 492 Ἰωσὴ,
1339 424 1388 475 οἱ
1413 422 1521 475 υἱολ⁸
1535 422 1631 477 τοῦ
1664 422 1885 493 Ἰωσήφ.

292 517 359 567 ’Ὠ
395 515 497 586 τῆς
522 514 712 579 ἀνοίας
735 530 750 546 ο
777 515 921 585 τάχα
942 514 1008 568 ἂν
1041 514 1107 569 σύ
1135 532 1201 584 γε
1233 515 1377 569 κατά
1416 516 1577 570 τοῦτο
1607 516 1703 569 καὶ¹
1754 517 1887 579 τοὺς

289 605 384 658 ἐπὶ
412 604 509 657 τοῦ
542 603 689 674 ἱεροῦ
713 604 835 658 τότε
868 606 1143 675 παρόντας
1180 606 1513 670 ἀποστόλους
1542 607 1638 660 καὶ
1661 606 1885 668 λοιποὺς

288 695 484 765 δχλους
513 694 807 759 ὑπολάϐοις
846 695 1109 765 γεννῆσαι
1136 697 1237 765 τὴν
1283 696 1607 768 Θεομήτορα
1632 710 1645 723 ·
1691 696 1879 768 ἐπειδὴ

289 787 543 848 ἐκτείνας
566 789 655 841 ἐπ’
685 789 932 852 αὐτοὺςὸ
963 789 1169 860 Κύριος
1186 788 1330 861 [cod.
1358 789 1396 845 f.
1426 789 1576 862 135.]
1604 790 1702 861 τὴν
1720 793 1880 862 χεῖρα

289 879 460 932 αὐτοῦ
510 874 666 933 εἷπεν
695 895 709 911 ⁶
772 878 919 934 Ἰδοὺ
957 884 1012 935 ol
1070 880 1324 951 ἀδελφοί
1362 898 1483 951 μου
1516 895 1530 911 ’
1574 881 1747 947 ὅστις
1771 881 1883 951 γὰρ

290 970 371 1024 ἂν
398 970 631 1039 ποιήσῃ
692 972 760 1026 τὸ
801 970 1034 1041 θέλημα
1080 972 1188 1027 τοῦ
1236 976 1472 1043 Πατρός
1502 990 1644 1044 μου,
1702 970 1884 1041 οὗτός

287 1080 408 1132 μου
429 1063 527 1116 καὶ
551 1062 821 1133 ἀδελφὸς
850 1064 948 1118 καὶ
973 1064 1212 1134 ἀδελφὴ
1266 1064 1364 1119 καί
1392 1063 1589 1135 μήτηρ
1627 1064 1820 1119 ἐστίν·
1850 1063 1882 1135 ἢ

291 1152 458 1206 πάλιν
496 1153 624 1217 τοὺς
683 1155 1019 1218 ἀποστόλους
1067 1156 1324 1219 καὶτοὺς
1354 1156 1547 1226 ὀχλους
1601 1155 1885 1227 μητρικῶς

293 1246 669 1316 ἀπογεννῆσαι
725 1246 818 1300 τὸν
877 1246 1108 1319 Κύριον,
1149 1248 1340 1317 ἐπειδὴ
1387 1249 1611 1319 εἴρηκεν
1661 1249 1883 1314 αὐτοὺς,

290 1336 368 1401 ὡς
391 1336 455 1389 τὸ
471 1336 685 1408 θέλημα
714 1338 881 1393 αὐτοῦ
912 1338 1224 1407 ποιοῦντας,
1245 1342 1327 1395 ὅτι
1352 1342 1552 1414 Μήτηρ
1579 1341 1680 1412 μού
1705 1344 1886 1409 mw;

291 1429 387 1483 καὶ
411 1430 511 1501 οὐχ
535 1430 633 1485 ἕνα
662 1432 1055 1503 γεγεννηκέναι
1083 1433 1269 1499 αὐτὸν,
1301 1433 1440 1489 ἀλλά
1468 1435 1721 1501 πολλοὺς,
1749 1435 1889 1506 ὅπερ

288 1524 574 1593 ἀμήχανον
598 1539 612 1552 '
639 1523 732 1577 καὶ
766 1528 825 1577 ἐν
854 1527 921 1597 τῇ
953 1527 1249 1581 ἀναστάσει
1283 1526 1568 1599 εἰρηκότος
1601 1529 1736 1598 πρὸς
1787 1529 1888 1599 τὴν

288 1611 657 1682 Μαγδαληνὴν
693 1613 914 1685 Μαρίαν
939 1655 953 1678 ,
996 1618 1323 1685 Πορεύθητι
1370 1617 1522 1686 πρὸς
1542 1618 1686 1684 τοὺς
1707 1617 1882 1674 ἀδελ-

1988 417 2243 481 Jacobus,
2271 423 2326 471 et
2356 416 2545 482 Judas,
2582 426 2636 471 et
2663 417 2811 477 Jose.
2831 416 2923 487 qui
2949 415 3172 485 Josephi
3208 414 3303 468 filii
3334 412 3579 467 fuerunt.

1988 509 2033 566 Ο
2061 510 2327 564 insaniam
2356 512 2369 564 !
2402 509 2653 565 Fortasse
2685 518 2744 563 tu
2783 509 2887 564 hoc
2918 518 3080 564 utens
3108 507 3417 571 ratiocinio,
3453 522 3584 576 apo-

1985 603 2154 658 stolos
2187 618 2409 672 quoque
2443 612 2498 657 et
2520 604 2781 672 populum
2816 601 3083 671 reliquum
3125 610 3255 655 tunc
3291 601 3343 653 in
3381 600 3584 667 templo

1981 706 2308 765 praesentem
2356 695 2725 765 suspicaberis
2788 697 2855 749 de
2914 695 3141 764 Deipara
3207 702 3404 755 natos,
3454 692 3589 762 quia

1982 789 2220 844 extentis
2271 803 2397 859 erga
2454 803 2550 843 eos
2587 788 2841 842 manibus
2886 787 3151 842 Dominus
3206 786 3389 840 dixit:
3445 784 3591 839 Ecce

1983 883 2176 953 fratres
2216 883 2319 936 mei
2347 897 2365 935 :
2412 883 2707 951 quicunque
2729 882 2869 935 enim
2908 879 3233 933 voluntatem
3265 877 3447 931 Patris
3479 878 3583 931 mei

1985 976 2188 1047 fecerit,
2234 976 2319 1030 hic
2360 992 2507 1030 meus
2554 977 2722 1046 frater
2752 984 2800 1029 et
2833 991 2982 1029 soror
3011 983 3061 1028 et
3090 983 3261 1027 mater
3290 983 3365 1027 est
3391 973 3457 1026 “.
3498 972 3580 1025 An

1984 1084 2173 1123 rursus
2199 1068 2463 1138 putabitis
2490 1068 2767 1138 apostolos
2791 1076 2955 1135 atque
2980 1066 3169 1121 turbas
3197 1065 3389 1120 matris
3411 1065 3586 1119 instar

1985 1170 2169 1216 ortum
2204 1162 2437 1216 Domino
2470 1160 2710 1226 dedisse,
2738 1161 2999 1230 quoniam
3042 1160 3157 1230 ipse
3190 1158 3349 1221 dixit,
3378 1172 3473 1211 eos
3493 1156 3585 1226 qui

1988 1255 2331 1309 voluntatem
2372 1254 2518 1309 illius
2548 1253 2800 1320 fecerint,
2831 1262 3061 1308 matrem
3095 1268 3250 1307 snam
3282 1252 3589 1307 esse?tunc

1987 1350 2133 1405 enim
2189 1365 2296 1403 non
2353 1349 2422 1404 ab
2481 1364 2594 1403 uno
2632 1349 2729 1404 sed
2759 1364 2789 1402 a
2823 1348 3073 1418 pluribus
3109 1346 3302 1401 fuisset
3348 1345 3587 1417 genitus,

1988 1443 2135 1514 quod
2176 1443 2517 1512 impossibile
2548 1451 2653 1497 est.
2698 1441 2931 1512 Insuper
2961 1457 3085 1495 cum
3145 1440 3287 1495 facta
3343 1454 3591 1493 resurre-

1989 1535 2175 1591 ctione
2226 1535 2359 1589 dixit
2419 1533 2601 1589 Maria:
2650 1532 3028 1604 Magdalenze:
3069 1531 3235 1602 Perge
3281 1532 3351 1584 ad
3399 1532 3591 1601 fratres

1989 1645 2151 1693 meos,
2184 1639 2230 1683 et
2255 1629 2341 1682 dic
2374 1627 2525 1683 illis:
2556 1626 2793 1682 Ascendo
2826 1627 2894 1681 ad
2931 1627 3150 1681 Patrem
3176 1642 3349 1679 meum
3398 1632 3445 1677 et
3490 1622 3595 1677 Pa-

286 1705 442 1774 φούς
458 1723 603 1774 μου,
634 1706 733 1761 καὶ
762 1708 894 1761 εἰπὲ
924 1709 1130 1776 αὐτοῖς
1153 1724 1167 1739 '
1199 1710 1523 1765 Ἀναϐαίνω
1571 1712 1723 1779 πρὸς
1772 1713 1880 1766 τὸν

1993 1734 2119 1778 trem
2147 1732 2398 1789 vestrum,
2428 1724 2591 1776 Deum
2622 1738 2795 1775 meum
2828 1730 2876 1775 et
2904 1720 3072 1775 Deum
3088 1730 3319 1775 vestrum
3342 1720 3423 1784 97;
3445 1717 3591 1788 quod

284 1801 521 1868 Πατέρα
536 1817 659 1869 μου
676 1804 775 1856 καὶ
806 1803 1041 1872 Πατέρα
1072 1804 1260 1875 ὑμῶν,
1292 1808 1390 1860 καὶ
1433 1807 1583 1860 Θεόν
1630 1825 1750 1876 μου
1780 1807 1881 1860 καὶ

288 1892 442 1947 Θεὸν
498 1893 710 1965 ὑμῶν’
775 1896 858 1948 ὅτι
905 1896 963 1950 δὲ
1013 1898 1142 1970 περὶ
1188 1898 1297 1952 τῶν
1356 1899 1674 1953 ἀποστόλων
1719 1902 1881 1955 τοῦτο

285 1985 476 2053 ἔλεγεν
509 1989 604 2039 καὶ
642 1987 703 2041 οὐ
759 1988 890 2058 περὶ
927 1988 1039 2043 τῶν
1095 1989 1226 2044 υἱῶν
1265 1990 1464 2062 Ἰωσὴφ
1493 1991 1603 2045 τῶν
1660 1995 1882 2065 νομιζοο

289 2077 470 2145 μένων
504 2076 643 2134 εἶναι
678 2081 928 2152 ἀδελφῶν
958 2082 1147 2151 αὐτοῦ,
1190 2084 1253 2137 τὸ
1278 2086 1545 2156 ἑπόμενον
1584 2087 1879 2142 δείκνυσιν.

287 2172 553 2242 Ἔρχεται
576 2173 710 2244 γὰρ,
744 2175 900 2245 φησι,
943 2177 1134 2248 Μαρία
1164 2179 1197 2248 ή
1227 2178 1560 2251 Μαγδαληνὴ
1597 2181 1885 2250 ἀπαγγέλ-

286 2266 455 2320 λουσα
474 2270 590 2330 τοῖς
631 2270 906 2340 μαθηταῖς
956 2272 1037 2325 ὅτι
1090 2271 1306 2344 ἑώρακε
1358 2273 1449 2327 τὸν
1504 2274 1731 2344 Κύριον,
1792 2274 1888 2329 καὶ

286 2358 464 2412 ταῦτα
515 2354 672 2413 εἶπεν
732 2361 896 2433 αὐτῇ.
952 2363 1146 2417 Τοίνυν
1216 2364 1315 2417 καὶ
1371 2366 1501 2427 τοὺς
1551 2365 1887 2429 ἀποστόλους

1989 1816 2096 1871 hoc
2133 1817 2353 1886 quidem
2386 1816 2453 1870 de
2498 1814 2757 1885 apostolis
2788 1814 3007 1876 dixerit,
3053 1830 3163 1868 non
3190 1822 3375 1867 autem
3402 1813 3470 1866 de
3498 1811 3593 1865 Jo-

1989 1906 2125 1977 sepb
2157 1906 2298 1969 ﬁliis,
2332 1906 2423 1976 qui
2470 1906 2590 1975 ejus
2619 1906 2815 1959 fratres
2844 1905 3320 1966 existimabantur,
3361 1904 3595 1958 demon-

1990 2006 2195 2053 stratur
2248 1998 2304 2051 in
2354 1997 2734 2067 sequentibus.
2795 1995 2960 2051 Venit
3017 1997 3207 2058 enim,
3264 1996 3363 2057 ait,
3424 1994 3593 2047 Maria

1992 2090 2307 2162 Magdalene
2332 2090 2596 2144 nuntians
2626 2090 2910 2159 discipulis
2938 2105 2999 2144 se
3034 2088 3234 2144 vidisse
3274 2089 3591 2152 Dominum,

1989 2195 2043 2240 et
2067 2185 2171 2239 sibi
2200 2186 2315 2239 haec
2349 2185 2555 2239 diserte
2584 2183 2808 2239 dixisse.
2847 2182 2992 2249 Quin
3025 2182 3161 2237 adeo
3187 2183 3351 2237 etiam
3378 2189 3594 2251 aposto-

1987 2276 2070 2332 los
2091 2276 2223 2331 deos
2254 2290 2378 2330 esse
2406 2275 2693 2340 decernes,
2728 2291 2828 2345 pro
2854 2275 3149 2329 verborum
3186 2280 3402 2327 tuorum
3433 2288 3590 2335 sono,

1985 2382 2052 2421 ex
2083 2366 2261 2437 patris
2300 2366 2604 2420 substantia
2632 2365 2867 2435 genitos,
2913 2365 3057 2434 quod
3098 2371 3181 2417 est
3231 2363 3590 2432 impossibile.

289 2452 448 2513 θεοὺς
470 2456 735 2530 ἀποψήσῃ
774 2459 918 2514 κατὰ
957 2460 1050 2514 τὸν
1082 2459 1174 2514 σὺν
1225 2460 1385 2530 λόγον
1447 2461 1884 2532 γεγεννημένους

1993 2457 2119 2512 Nam
2153 2458 2273 2511 Filii
2302 2457 2524 2527 proprie
2556 2455 2716 2509 Pater
2741 2465 2843 2520 est,
2875 2455 3174 2525 improprie
3194 2465 3376 2507 autem
3413 2454 3592 2517 Deus;

288 2546 353 2597 ὲκ
372 2546 477 2616 τῆς
498 2548 593 2602 τοῦ
626 2538 840 2622 Πατρύς
863 2552 1073 2619 οὐσίας,
1127 2554 1264 2626 ὅπερ
1316 2553 1611 2607 ἀδύνατον’
1646 2554 1741 2608 τοῦ
1774 2554 1882 2625 γὰρ

1993 2551 2079 2605 sed
2130 2558 2403 2619 quatenus
2442 2549 2547 2615 ;ille
2579 2563 2708 2603 caro
2734 2556 2835 2613 est,
2892 2546 3079 2609 Deus;
3140 2556 3412 2615 quatenus
3453 2562 3585 2601 vero

290 2638 425 2692 Υίοῦ
456 2641 661 2711 κυρίως
692 2642 791 2714 μὲν
822 2644 1036 2716 Πατὴρ,
1070 2646 1130 2699 οὐ
1157 2646 1363 2719 κυρίως
1418 2646 1476 2700 δὲ
1525 2646 1659 2710 Θεός
1685 2662 1700 2680 ο
1749 2646 1887 2701 ἀλλὰ

1993 2639 2224 2695 divinam
2244 2638 2661 2693 habeteamdem
2678 2639 3060 2705 substantiam,
3080 2637 3237 2692 Pater
3250 2648 3352 2693 est.
3369 2638 3565 2693 Contra
3578 2678 3592 2700 ,

293 2731 439 2783 κατά
466 2731 567 2801 μὲν
598 2735 698 2804 τὴν
726 2734 931 2805 σάρκα,
954 2735 1088 2799 Θεός
1115 2750 1129 2765 ·
1162 2736 1308 2790 κατὰ
1358 2736 1415 2789 δὲ
1459 2737 1560 2807 τὴν
1608 2737 1708 2806 τῆς
1738 2736 1887 2800 θείας

1993 2731 2361 2802 apostolorum
2383 2730 2599 2801 proprie
2623 2739 2706 2785 est
2726 2730 2889 2797 Deus,
2914 2731 3214 2801 improprie
3241 2730 3401 2786 l’ater
3427 2750 3439 2786 :
3465 2747 3590 2785 nam

291 2823 485 2888 οὐσίας
511 2827 839 2898 ταυτότητα,
873 2829 1066 2899 Πατήρ
1091 2845 1104 2859 ·
1155 2828 1267 2882 τῶν
1316 2829 1360 2882 δ’
1399 2829 1737 2893 ἀποστόλων,
1784 2846 1885 2882 κυρ

298 2912 431 2980 ρίως
464 2912 564 2982 μὲν
593 2913 747 2979 Θεὸς,
780 2916 841 2968 οὐ
865 2917 1072 2986 κυρίως
1098 2917 1154 2971 δὲ
1183 2919 1373 2989 Πατήρ
1408 2935 1422 2949 ·
1461 2918 1596 2973 ἀλλά
1622 2920 1764 2972 κατὰ
1790 2918 1891 2989 μὲν

292 3002 353 3055 τὸ
383 3006 670 3073 ποιητικὸν
707 3006 904 3075 αἴτιον,
945 3010 1080 3074 Θεός
1117 3028 1131 3042 °

292 3096 371 3148 Δι’
401 3096 429 3149 δ
454 3098 549 3151 καὶ
582 3099 610 3151 ό
640 3099 845 3171 Κύριος
898 3102 992 3156 καὶ
1025 3104 1157 3169 Θεὸς
1192 3105 1354 3176 ἡμῶν
1412 3108 1513 3160 οὐκ
1572 3106 1884 3178 ἀπηξίωσεν

296 3189 530 3258 ἁδελφὸς
551 3193 583 3262 ὴ
594 3191 711 3262 μῶν
741 3194 1011 3265 κληθῆναι
1040 3187 1239 3265 λέγων,
1288 3199 1370 3252 ὅτι
1403 3192 1572 3262 Οὗτός
1602 3217 1703 3270 μου
1734 3199 1889 3253 ἁδελ-

297 3282 395 3349 φός
421 3284 563 3349 ἐστι,
594 3285 736 3339 κατά
764 3287 924 3357 χάριν
945 3288 1213 3359 δηλονότι,
1242 3290 1386 3362 lead.
1415 3291 1452 3344 f.
1482 3292 1605 3346 153.
1636 3291 1715 3363 b.]
1741 3293 1891 3356 ὅστις

299 3376 516 3445 ποιήσει
544 3378 604 3431 τὸ
635 3378 848 3451 θέλημα
880 3381 974 3434 τοῦ
1005 3382 1220 3454 Πατρός
1255 3402 1357 3455 μου
1397 3384 1484 3438 τοῦ
1511 3388 1568 3439 ὲν
1597 3385 1849 3457 οὐρανοῖς
1872 3401 1885 3415 ⁸

298 3468 361 3520 ὲκ
386 3469 444 3523 δὲ
474 3469 570 3523 τοῦ
601 3474 702 3543 τῆς
731 3474 1081 3547 Θεομήτορος
1124 3477 1404 3546 πανάγνου
1446 3476 1702 3548 σώματος
1760 3478 1889 3533 ναὸν

300 3560 478 3631 ἑαυτῷ
513 3564 935 3637 ἀχειρότευκτον
962 3569 1311 3639 ὑπεστήσατο
1336 3570 1497 3641 μόνος
1521 3587 1535 3603 ο
1562 3571 1747 3635 καθὼς
1802 3572 1889 3624 λέ-

300 3671 383 3721 γει
449 3656 660 3723 Παῦλος
693 3675 707 3689 ⁸
769 3660 1233 3724 Ἐξαπέστειλεν
1293 3666 1324 3718 ό
1384 3664 1529 3731 Θεὸς
1588 3664 1696 3720 τὸν
1752 3664 1893 3719 rw.»

1988 2835 2259 2896 quatenus
2286 2825 2580 2881 creationis
2619 2841 2783 2881 causa
2810 2825 2931 2889 fuit,
2966 2825 3372 2896 Deusesest;
3422 2823 3593 2895 gratia

1990 2926 2172 2972 autem
2198 2915 2380 2973 Pater.
2407 2916 2751 2986 Quapropter
2775 2926 2830 2971 et
2856 2916 3119 2972 Dominus
3142 2932 3204 2970 ac
3232 2917 3373 2970 Deus
3405 2924 3594 2970 noster

1169 3015 1312 3066 κατὰ
1343 3012 1401 3066 δὲ
1431 3013 1615 3085 χάριν,
1662 3016 1887 3084 Πατήρο

1996 3028 2107 3066 non
2147 3020 2232 3065 est
2277 3010 2602 3081 dedignatus
2650 3008 2819 3064 frater
2853 3019 3042 3064 noster
3074 3010 3281 3074 vocari,
3312 3009 3443 3064 dum
3473 3010 3550 3064 ait
3578 3028 3589 3062 :

1995 3104 2094 3161 Hic
2120 3112 2203 3159 est
2226 3103 2392 3158 frater
2419 3118 2595 3167 meus,
2631 3104 2799 3174 gratia
2840 3102 3121 3167 nimirum,
3147 3102 3239 3172 qui
3274 3102 3446 3157 Patris
3486 3102 3596 3155 mei

1994 3198 2235 3253 caelestis
2285 3196 2621 3251 voluntatem
2673 3194 2885 3252 fecerit.
2934 3195 3190 3250 Jamvero
3237 3210 3303 3249 ex
3350 3194 3595 3263 Deiparae

1995 3289 2346 3345 sanctissimo
2376 3303 2608 3358 corpore
2633 3289 2894 3357 templum
2932 3288 3036 3343 sibi
3078 3302 3188 3341 non
3220 3284 3595 3341 manufactum

1994 3384 2145 3439 solus
2186 3381 2443 3447 confecit,
2501 3390 2557 3436 ut
2596 3382 2671 3435 ait
2728 3382 2974 3437 Paulus:
3022 3381 3168 3435 Misit
3214 3381 3353 3436 Deus
3398 3379 3595 3434 Filium

1992 3492 2149 3531 suum
2175 3485 2359 3529 uatum
2388 3491 2452 3528 ex
2483 3474 2704 3528 muliere
2732 3474 2798 3527 ³⁸.
2829 3473 2893 3527 Et
2931 3474 3221 3528 Matth-.cus
3260 3472 3594 3543 evangelista

1986 3570 2119 3625 dicit
2151 3589 2162 3624 :
2213 3568 2297 3624 Ea:
2350 3569 2467 3639 ipsa
2510 3577 2696 3621 natum
2739 3584 2846 3622 esse
2880 3566 3064 3621 Jesum
3104 3568 3194 3638 qui
3229 3567 3425 3620 dicitur
3448 3564 3596 3621 Chri-

1987 3673 2103 3717 stus
2124 3661 2196 3715 ".

297 3747 486 3802 αὑτοῦ
542 3750 922 3821 γεννώμενον
949 3753 1019 3807 ἐκ
1056 3756 1363 3823 γυναικός.
1395 3758 1508 3812 Καὶ
1551 3755 1831 3819 Ματθαίος
1878 3757 1906 3809 ό
1940 3752 2337 3824 εὐαγγελιστής
2382 3769 2547 3825 φησιν
2576 3792 2591 3817 ,
2627 3752 2709 3806 ὃτι
2789 3749 2885 3812 Ἐξ
2936 3747 3128 3818 αὐτῆς
3149 3745 3444 3818 ἐγεννήθη
3480 3745 3599 3813 ’1η-

300 3846 454 3909 σούς
484 3846 517 3898 ό
534 3847 867 3916 λεγόμενος
926 3851 1204 3918 Χριστός.
1266 3882 1275 3887 ~

370 3943 443 3996 Γ’.
490 3943 652 3997 Ἀλλά
682 3945 863 4017 δεῦρο,
895 3948 1113 4019 ἀνόητε,
1145 3951 1241 4005 καὶ
1287 3951 1386 4021 τῆς
1418 3951 1761 4021 κακουργίας
1791 3952 1889 4020 τὴν

2066 3949 2157 4005 lll.
2206 3948 2314 4003 Sed
2357 3948 2466 4002 huc
2507 3947 2716 4011 adesto,
2771 3945 2981 4009 insane,
3036 3952 3090 3999 et
3134 3944 3335 3999 omissa
3377 3943 3599 3999 malitiae

298 4032 499 4088 λύτταν
525 4035 821 4106 ἀφέμενος,
856 4036 983 4106 λέγε
1021 4040 1236 4110 τρανῶς
1261 4041 1360 4112 τῆς
1402 4041 1502 4111 σῆς
1522 4041 1795 4111 αἱρέσεως
1828 4042 1887 4094 τὸ

1993 4041 2166 4099 rabie.
2223 4039 2433 4108 explica
2498 4038 2646 4091 clare
2688 4037 2966 4090 haereseos
3025 4042 3133 4088 tua:
3174 4034 3591 4089 absurditatem.

299 4128 501 4181 ἀτοπον
538 4142 551 4153 ·
584 4131 879 4200 οὐρανόθεν
922 4132 1143 4204 δοκήσει
1179 4135 1276 4187 καὶ
1326 4134 1600 4206 φαντασίᾳ
1665 4134 1887 4203 λέγουσι

1993 4134 2158 4187 Aiunt
2197 4132 2487 4186 Dominum
2536 4142 2740 4197 corpus
2777 4143 2935 4181 suum
2983 4127 3050 4181 de
3088 4128 3226 4181 cmlo
3269 4136 3599 4197 apparenter

301 4224 639 4289 καταγαγεῖν
662 4223 723 4276 τὸ
750 4224 909 4294 σῶμα
940 4226 1031 4279 τὸν
1056 4225 1279 4298 Κύριον,
1313 4228 1408 4281 καὶ
1441 4227 1518 4291 ὡς
1542 4227 1633 4280 διὰ
1657 4228 1887 4296 σωλῆνος

1994 4237 2205 4284 tantum
2247 4235 2301 4281 et
2333 4224 2740 4295 phantasticum
2770 4223 3055 4289 detulisse,
3091 4231 3146 4277 et
3185 4238 3282 4291 per
3310 4222 3594 4291 Deiparam

298 4312 769 4401 τῆςΘεομήτορος
799 4315 1170 4387 διεληλυθέναι
1200 4333 1214 4346 ’
1262 4318 1500 4389 ἀρχαίαν
1545 4319 1642 4372 καὶ
1682 4318 1887 4388 ταύτην

1996 4319 2149 4388 quasi
2202 4317 2436 4371 fistulam
2490 4330 2838 4385 permeasse.
2881 4312 3033 4367 Hanc
3078 4329 3298 4383 quoque
3353 4324 3594 4370 veterem

301 4400 656 4469 ὑπάρχουσαν
693 4403 927 4474 αἵρεσιν,
964 4406 1344 4478 ὲρανιζόμενοι
1381 4409 1560 4463 πάντα
1588 4409 1658 4462 τὰ
1714 4409 1885 4481 δηλη-

1996 4412 2275 4471 haeresim,
2323 4426 2447 4465 cum
2498 4409 2713 4464 caeteris
2751 4407 2979 4463 venenis
3022 4408 3126 4462 sibi
3174 4408 3596 4479 conquirentes,

298 4492 489 4562 τήρια,
531 4492 723 4565 ὥσπερ
782 4498 829 4549 oi
884 4498 1176 4569 ἐχέφρονες
1210 4501 1279 4553 τά
1322 4500 1665 4573 ἀλεξιτήρια.
1723 4502 1887 4555 Πόθεν

1994 4506 2187 4561 eodem
2234 4502 2416 4556 studio
2463 4516 2573 4571 quo
2610 4500 2817 4556 cordati
2868 4499 3121 4554 homines
3161 4500 3404 4555 antidota
3445 4516 3598 4554 com-

300 4585 461 4637 τοῦτο
494 4586 784 4654 λαϐόντες
840 4590 905 4643 ὲκ
928 4591 1025 4643 τοῦ
1062 4591 1154 4645 τὸν
1190 4592 1516 4647 ’Λπόστολον
1554 4594 1838 4664 εἰρηκέναι
1879 4610 1887 4624 ε

1995 4606 2209 4668 parant.
2244 4596 2530 4650 Undenam
2556 4610 2718 4664 porro
2750 4595 2800 4649 id
2834 4594 2936 4649 sibi
2965 4604 3322 4664 sumpserunt
3347 4594 3369 4647 ?
3394 4610 3593 4662 nempe
3629 4580 3635 4587 ’

314 4677 377 4730 '0
431 4679 667 4746 πρῶτος
696 4682 1008 4749 ἅνθρωπος
1046 4684 1117 4737 ἐκ
1143 4684 1258 4753 γῆς
1278 4686 1507 4753 χοϊκός,
1544 4690 1577 4740 ό
1609 4686 1887 4755 δεύτερος

1998 4689 2291 4760 Apostolus
2342 4688 2527 4743 dixit:
2584 4687 2799 4741 Primus
2848 4689 3003 4741 homo
3032 4689 3095 4742 de
3144 4697 3287 4741 terra
3331 4697 3590 4749 terrenus,

301 4770 615 4838 ἅνθρωπος
653 4776 686 4826 ὀ
725 4775 938 4843 Κύριος
966 4775 1037 4841 ἐξ
1071 4778 1355 4846 οὐρανοῦ.
1400 4779 1464 4831 Ὢ
1496 4781 1595 4850 τῆς
1641 4780 1887 4843 ἀναιδοῦς

1996 4784 2251 4837 secundus
2301 4782 2454 4834 homo
2496 4779 2753 4833 Dominus
2786 4781 2849 4833 de
2879 4779 3007 4833 caelo
3044 4779 3083 4833 ¹.
3122 4779 3166 4833 0
3216 4777 3589 4847 impudentem

303 4864 619 4935 πωρώσεως
650 4865 761 4920 τῶν
808 4870 1063 4936 πάντοτε,
1097 4871 1173 4935 ὡς
1216 4873 1442 4938 οἴονται,
1483 4872 1887 4943 μανθανόντων,

2001 4877 2303 4931 caecitatem
2345 4874 2629 4928 hominum
2661 4889 2880 4943 semper
2912 4882 2971 4926 ut
3012 4880 3208 4941 putant
3236 4870 3591 4928 discentium.

306 4959 400 5010 ml.
435 4958 709 5029 μηδέποτε
742 4961 823 5024 είς
854 4964 1157 5031 ἐπίγνωσιν
1201 4964 1463 5036 ἀληθείας
1504 4966 1683 5020 ἐλθεῖν
1734 4966 1887 5020 δυνα-

2002 4977 2057 5022 et
2090 4968 2157 5023 ad
2189 4967 2435 5023 veritatis
2457 4966 2706 5020 notitiam
2732 4965 2919 5019 venire
2940 4978 3219 5032 nunquam
3243 4961 3538 5016 valentium
3576 4964 3588 5015 !

306 5050 507 5117 μένων.
536 5051 709 5106 Τοῦτο
739 5054 850 5126 γάρ
872 5057 1021 5110 ἐστιν
1048 5058 1234 5122 αὐτοῖς
1277 5059 1368 5113 διὰ
1406 5058 1609 5128 πολλῆς
1654 5058 1894 5127 σπουδῆς

304 5144 601 5213 ἀγόμενον,
629 5145 691 5199 τὸ
720 5148 817 5201 ἐπὶ
870 5150 1138 5219 στόματος
1185 5152 1295 5204 ἀπὸ
1346 5150 1579 5221 στήθους
1614 5152 1806 5220 φέρειν
1834 5151 1895 5204 τὸ

307 5236 642 5306 Εὐαγγέλιον
675 5241 770 5293 καὶ
792 5240 885 5293 τὸν
929 5241 1271 5303 ’Λπόστολον,
1329 5242 1531 5313 ἄνδρας
1548 5259 1607 5294 τε
1653 5245 1749 5294 καὶ
1796 5260 1896 5311 γυ-

305 5332 523 5395 ναῖκας,
576 5331 837 5396 ἀστικούς
875 5350 935 5386 τε
987 5334 1082 5387 καὶ
1117 5335 1244 5397 τοὺς
1297 5334 1623 5404 ἀγροίκουςσ
1662 5334 1739 5396 ὼς
1780 5334 1898 5386 ἔστι

306 5423 590 5493 θαυμάσαι
609 5424 872 5490 πολλάκις
902 5425 1018 5490 πῶς
1039 5428 1138 5479 καὶ
1189 5426 1240 5479 οἱ
1276 5427 1412 5497 παρ’
1475 5429 1659 5491 αὐτοῖς
1710 5427 1897 5498 ὑπάρ-

306 5532 494 5584 χοντες
526 5514 731 5587 ἷεοιΙ.Ι’.
766 5516 915 5590 154.]
939 5517 1143 5572 Σκύθαι
1176 5518 1376 5588 ὠνητοὶ
1427 5518 1625 5584 δοῦλοι,
1660 5521 1725 5573 ὲκ
1776 5519 1899 5573 τού-

2006 5060 2119 5116 lloe
2161 5061 2308 5116 enim
2356 5060 2501 5130 apud
2548 5058 2671 5112 illos
2719 5071 2935 5111 summo
2972 5056 3154 5110 studio
3188 5054 3587 5124 frequentatur,

2007 5164 2066 5208 nt
2096 5152 2444 5223 Evangelium
2475 5160 2527 5205 et
2569 5151 2887 5219 Apostolum
2920 5164 2949 5202 a
2988 5157 3208 5218 pectore
3236 5147 3303 5201 ad
3351 5161 3412 5200 os
3438 5144 3591 5199 defe-

2008 5256 2147 5311 rant,
2185 5247 2285 5302 viri
2336 5260 2491 5315 atque
2522 5260 2585 5298 ac
2615 5244 2891 5307 mulieres,
2931 5242 3122 5295 urbani
3166 5240 3323 5295 simul
3357 5248 3411 5293 et
3436 5255 3594 5310 agre—

2006 5350 2117 5395 stes
2149 5356 2161 5391 :
2210 5338 2283 5392 ita
2315 5346 2375 5392 ut
2399 5353 2540 5406 saepe
2575 5335 2757 5389 mirari
2800 5334 3229 5405 liceaLscythica
3274 5333 3438 5387 etiam
3472 5349 3593 5403 qua:

2006 5432 2149 5503 apud
2196 5431 2343 5501 ipsos
2383 5437 2511 5484 sunt
2555 5426 2843 5495 mancipia,
2889 5442 2953 5481 et:
2987 5426 3071 5479 his
3108 5424 3264 5480 libris
3310 5426 3591 5480 materiam

2005 5519 2320 5593 disputandi
2363 5533 2599 5581 sumere,
2634 5517 2845 5573 etiamsi
2886 5516 3129 5571 nondum
3175 5516 3357 5587 lingua
3400 5531 3591 5571 eorum

380 5695 425 5727 ⁹⁶
458 5697 647 5753 Matth.
685 5714 781 5767 xu,
814 5701 913 5769 49,
947 5702 1035 5757 50.
1114 5704 1158 5735 ’τ
1201 5703 1358 5759 Joan.
1398 5718 1489 5769 xx,
1530 5702 1613 5757 l7.
1695 5704 1738 5735 9°
1768 5704 1886 5759 Gal.

2028 5704 2081 5759 4.
2160 5706 2204 5738 ⁹⁹
2240 5703 2433 5759 Matth.
2467 5723 2503 5772 ι,
2549 5705 2633 5761 16.
2715 5707 2726 5735 ¹
2759 5704 2778 5758 l
2811 5703 2933 5760 Cor.
2971 5719 3061 5768 xv,
3093 5703 3181 5756 47.
