3928 6246
352 280 489 343 1335

1704 278 1937 339 PETRI
1996 276 2248 339 SICULI

3501 277 3646 343 1336

347 403 412 455 ad
448 402 689 457 Grateam
723 400 1016 456 tlialt-ctum
1056 402 1190 456 satis
1220 400 1291 456 sit
1324 400 1542 463 inflexa,
1587 401 1682 456 sed
1716 402 1949 473 cespitct

2066 420 2163 455 ιων
2186 399 2555 469 διαλέγονται,
2589 399 2755 470 μήπω
2775 396 2873 468 τῆς
2890 394 3139 466 γλώττης
3165 393 3346 447 αὐτῶν
3376 394 3515 466 πρὸς
3541 396 3649 463 τὴν

348 497 529 550 adhuc
557 504 613 549 et
642 494 731 549 vix
767 495 1055 549 articulate
1086 496 1360 565 loquatur.
1398 493 1491 548 Sic
1526 510 1656 565 ergo
1680 496 1804 565 ipsi.
1834 493 1946 551 Nos

347 604 481 643 vero
508 588 766 648 dicimus.
791 588 934 657 quod
969 604 1169 658 corpus
1203 604 1362 641 suum
1395 589 1462 641 dc
1496 588 1636 642 coelo
1665 588 1943 654 detulerit,

350 694 620 749 nusquam
658 693 782 733 esse
820 679 1082 747 scriptum
1120 688 1213 731 aut
1244 679 1415 732 credi.
1466 677 1599 731 Nam
1647 679 1689 731 si
1733 676 1950 733 cwlitus

348 768 680 828 advenisset,
731 784 831 823 cur
885 769 1100 824 Davidis
1146 768 1291 824 ﬁlius
1343 780 1399 824 et
1454 770 1751 824 Abrahami
1787 778 1951 839 atque

353 862 593 916 hominis
632 871 1002 931 nuncupatur,
1042 872 1097 917 ct
1129 878 1195 917 ex
1234 862 1320 917 his
1358 862 1607 932 patribus
1646 862 1948 916 secundum

349 968 575 1008 carnem
620 960 782 1007 natus
811 954 834 1006 ?
866 953 982 1009 Alia
1029 954 1259 1023 plurima
1300 963 1429 1009 sunt
1464 953 1799 1025 huiusmodi,
1828 968 1950 1023 quae

352 1046 409 1100 in
434 1047 738 1117 subjunctis
762 1058 986 1118 propter
1006 1064 1275 1103 summam
1299 1064 1463 1117 quam
1485 1048 1762 1118 postulant
1784 1046 1948 1103 ﬁdem

352 1139 626 1195 dicentur.

424 1419 517 1476 IV.
546 1419 654 1477 Sed
688 1422 788 1476 hoc
814 1422 1059 1492 apprime
1085 1423 1648 1479 .animadvertcndum
1678 1432 1785 1491 est,
1809 1424 1961 1495 quod.

357 1512 779 1569 resurrectionis
813 1512 957 1583 apud
998 1512 1312 1568 Corinthios
1350 1523 1614 1577 assertor,
1646 1514 1838 1569 mundi
1874 1515 1957 1570 sol

358 1602 858 1674 splendidissimus,
906 1618 996 1657 vas
1026 1603 1333 1669 electionis,
1373 1604 1657 1673 sapientiae
1684 1604 1954 1658 inexhau-

2057 493 2338 565 Ἑλληνίδα
2371 493 2654 548 διάλεκτον
2686 489 2945 560 καθαρῶς
2995 486 3455 557 ἁπευθυνθείσης,
3505 488 3653 541 ἀλλὰ

2050 587 2521 656 συγκεκομμένως
2562 586 2661 657 μὲν
2719 584 2813 637 καὶ
2854 583 2931 646 ὡς
2987 581 3167 634 εἰπεῖν
3201 578 3602 650 ἀδιαρθρώτως
3631 595 3648 611 ο

2047 677 2266 745 λέγουσι
2295 676 2339 729 δ’
2397 675 2525 729 οὖν’
2570 675 2765 743 Ἡμεῖς
2795 671 2852 725 δέ
2898 686 3079 739 φαμεν
3118 669 3201 721 ὅτι
3245 666 3541 736 οὐρανόθεν
3582 665 3650 718 τὸ

2052 770 2214 839 σῶμα
2247 770 2587 837 καταγαγεῖν
2610 765 2700 819 τὸν
2742 762 2949 834 Κύριον
2995 758 3236 831 οὐδαμοῦ
3257 758 3379 811 οὐδέ
3437 757 3652 826 γέγρα-

2055 879 2210 925 πται,
2264 861 2388 915 οὐδὲ
2440 859 2778 914 πιστεύεται.
2831 857 2895 909 Ei
2952 854 3053 925 μέν
3082 852 3191 924 γάρ
3225 850 3524 921 οὐρανόθεν
3552 845 3648 920 ἦν,

2052 956 2195 1019 τίνος
2214 955 2376 1026 χάριν
2404 956 2520 1017 υἱὸς
2552 952 2717 1008 Δαόὶδ
2760 951 2858 1003 καὶ
2904 944 3302 1018 Ἀὁραάμ’καὶ
3344 941 3643 1014 ἀνθρώπου

2050 1049 2405 1119 ὀνομάζεται,
2466 1047 2561 1100 xui.
2622 1048 2688 1098 ἐκ
2739 1044 2848 1097 τῶν
2907 1040 3166 1111 πατέριον
3218 1034 3362 1091 εῖναι
3405 1036 3467 1090 τδ
3504 1035 3653 1089 κατὰ

2053 1141 2260 1213 σάρκας
2292 1140 2388 1194 καὶ
2413 1139 2551 1195 ἄλλα
2581 1135 2754 1190 πολλὰ
2786 1132 3013 1187 τοιαῦτα
3043 1131 3192 1185 ἔστιν
3237 1130 3442 1198 εὑρεῖν,
3500 1126 3652 1194 άπερ

2051 1233 2111 1288 ἐν
2131 1235 2243 1297 τοῖς
2265 1229 2731 1301 ὑποτεταγμένοις
2751 1226 2841 1282 διὰ
2889 1224 2952 1278 τὺ
3002 1221 3451 1291 ἀξιοπιστότερον
3496 1219 3653 1273 λελέ-

2055 1326 2225 1391 ξεται.

2126 1415 2202 1473 Δ’.
2246 1416 2408 1470 Ἀλλά
2430 1415 2649 1480 πάντως
2681 1412 2841 1468 τοῦτο
2881 1412 2986 1486 χρὴ
3030 1410 3257 1464 σκοπεῖν
3294 1410 3379 1464 ὅτι
3430 1410 3461 1462 6
3516 1405 3654 1478 περὶ⁵

2059 1508 2407 1573 ἀναστάσεως
2432 1510 2542 1571 τοῖς
2568 1506 2881 1579 Κορινθίοις
2917 1494 3328 1574 διαλεγόμενος,
3386 1502 3415 1554 6
3441 1501 3542 1570 τῆς
3568 1499 3655 1552 oi-

2062 1603 2337 1674 κουμένης
2370 1600 2760 1671 λαμπρότατος
2778 1598 2952 1670 ἥλιος,
3006 1596 3067 1650 τὸ
3099 1595 3294 1659 σκεῦος
3336 1594 3438 1664 τῆς
3493 1590 3655 1646 ἐκλο-

356 1670 501 1751 stum
520 1698 765 1768 pelagus,
786 1697 1094 1768 adhuc69
1115 1696 1221 1750 illis
1241 1670 1684 1752 discredentibus
1708 1708 1959 1767 propter;

2066 1670 2188 1767 γῆς,
2238 1670 2667 1765 161?};ootpiu;
2725 1690 3122 1759 άνεξάντλητον
3177 1688 3438 1755 πέλαγος,
3468 1685 3656 1737 διαπι-

362 1803 424 1840 ea
456 1788 599 1856 quod
642 1788 711 1842 ab
741 1787 936 1842 alienis
970 1788 1248 1857 magistris
1277 1796 1333 1842 et
1368 1787 1511 1841 haud
1553 1804 1684 1842 sana
1713 1789 1959 1845 doctrina

2066 1786 2287 1841 στοῦσιν
2312 1785 2389 1839 ἔτι
2416 1784 2505 1839 διὰ
2538 1785 2599 1838 τὸ
2624 1785 2740 1847 τοῖς
2789 1779 3296 1853 ἐτεροδιδασκάλοις
3350 1778 3445 1831 xu‘t
3478 1778 3553 1846 μὴ
3585 1777 3656 1847 τῇ

366 1880 578 1949 abrepti
636 1878 872 1943 fuerant,
917 1879 1154 1949 primus,
1192 1878 1390 1948 inquit,
1436 1879 1678 1933 Adamus
1704 1880 1772 1934 de
1813 1888 1956 1935 terra

2066 1879 2385 1951 ὑγιαινούσῃ
2426 1878 2751 1949 διδασκαλίᾳ
2818 1872 3268 1941 συνεπάγεσθαι,
3332 1873 3361 1925 6
3414 1869 3655 1939 πρῶτος,

370 1982 641 2036 terrenus,
685 1971 1011 2041 corruptelze
1051 1988 1115 2027 ac
1160 1972 1357 2026 mortis
1400 1971 1771 2026 liaervditatcm
1818 1974 1959 2028 natis

362 2062 476 2115 suis
506 2062 751 2131 reliquit,
788 2062 915 2131 quia
968 2062 1424 2135 transgressionis
1458 2072 1644 2117 auctor
1676 2062 1799 2118 fuit.
1839 2062 1960 2118 Non

363 2154 509 2207 enim
560 2170 791 2223 corpore
833 2164 1043 2210 tantum
1072 2157 1360 2210 constabat
1410 2156 1478 2210 de
1513 2166 1651 2210 terra
1696 2155 1955 2222 formato,

364 2261 554 2300 verum
589 2247 751 2302 etiam
783 2247 971 2302 divino
995 2246 1178 2301 alllatu
1203 2263 1232 2300 a
1264 2263 1373 2316 quo
1404 2248 1585 2300 anima
1617 2256 1800 2301 creata
1834 2246 1956 2301 fuit.

366 2335 654 2391 Secundus
711 2338 875 2392 homo
926 2337 1189 2392 Dominus
1237 2338 1306 2393 de
1361 2338 1501 2391 coelo
1540 2346 1642 2401 est,
1688 2347 1960 2407 quatenus

362 2437 582 2483 aeterna:
612 2428 735 2483 vita:
767 2439 823 2484 et
849 2429 1381 2499 incorruptibilitatis
1426 2430 1555 2483 facit
1584 2444 1679 2482 eos
1714 2428 1959 2483 haeredes

363 2521 636 2586 cmlestes,
671 2520 764 2590 qui
808 2537 904 2590 per
929 2537 1123 2590 aquam
1159 2534 1215 2575 et
1241 2520 1508 2591 Spiritum
1554 2520 1679 2575 facti
1719 2531 1850 2575 sunt
1880 2520 1960 2573 fa-

364 2617 605 2670 miliares
646 2618 767 2684 ejus
807 2617 858 2669 in
908 2615 1272 2685 baptismate,
1315 2615 1513 2684 quibus
1544 2616 1660 2685 ipse
1703 2623 1963 2685 tanquam

363 2710 695 2766 obedientize
720 2710 981 2781 magister
1015 2710 1289 2779 prmsidct.
1322 2708 1532 2779 Quippe
1567 2724 1677 2763 non
1707 2719 1791 2764 est
1822 2709 1965 2764 Deus

2060 1973 2282 2043 ἔφησεν,
2320 1971 2490 2041 Ἀδὰμ
2524 1970 2588 2022 ἐκ
2635 1972 2737 2039 γῆς
2781 1967 2988 2038 χοῖκὸς,
3038 1964 3139 2035 τὴν
3171 1964 3273 2033 τῆς
3318 1962 3528 2031 φθορᾶς
3559 1961 3659 2012 καὶ

2059 2064 2153 2119 τοῦ
2186 2064 2418 2117 Θανάτου
2441 2059 2809 2133 κληρονομίαν
2844 2060 2957 2121 τοῖς
2985 2056 3058 2125 ξέξ
3088 2054 3254 2110 αὐτοῦ
3313 2052 3662 2123 γεγεννημέ-

2065 2173 2174 2219 νοις
2203 2152 2546 2213 καταλιπὼν.
2578 2151 2653 2215 ὡς
2700 2151 2802 2220 τῆς
2849 2147 3219 2219 παραϐάσεως
3272 2146 3469 2207 αἴτιος.
3523 2140 3663 2195 Οὐδέ

2065 2248 2175 2318 γὰρ
2201 2251 2264 2300 ἐκ
2296 2246 2548 2317 σώματος
2584 2244 2749 2315 μόνου
2779 2243 3011 2311 συνέστη
3041 2240 3134 2294 τοῦ
3185 2241 3250 2291 ἐκ
3294 2238 3395 2308 γῆς
3425 2234 3660 2290 διαπλα-

2068 2341 2313 2404 σθέντος,
2340 2338 2478 2394 ἀλλά
2507 2339 2603 2391 xui
2635 2340 2699 2391 ἐκ
2727 2334 2823 2389 τοῦ
2872 2333 3017 2387 θείου
3065 2331 3463 2402 ἐμφυσήματος
3494 2327 3524 2381 δ
3558 2327 3663 2399 τὴν

2068 2433 2247 2505 ψυχὴν
2274 2431 2713 2503 ἐδημιούργησεν
2745 2446 2758 2459 ·
2791 2431 2820 2482 ὁ
2857 2428 3109 2497 δεύτερος
3146 2424 3433 2495 ἄνθρωπος
3481 2423 3511 2475 6
3543 2421 3660 2476 Κύο

2072 2545 2187 2599 ριος
2210 2526 2269 2591 ἐξ
2290 2524 2547 2597 οὐρανοῦ,
2565 2524 2641 2588 ὼς
2663 2524 2759 2592 τῆς
2779 2522 2999 2575 αἰωνίου
3019 2520 3167 2589 ζωῆς
3190 2519 3284 2571 καὶ
3314 2518 3415 2587 τῆς
3443 2516 3663 2585 ἀφθαρ-

2071 2620 2192 2683 σίας
2241 2619 2614 2689 κληρονόμους
2660 2615 2947 2685 οὐρανίους
3002 2609 3171 2665 ποιῶν
3199 2610 3325 2671 τοὺς
3354 2607 3422 2661 δι’
3466 2606 3663 2670 ὓδατος

2066 2714 2164 2768 xui.
2204 2712 2521 2782 Πνεύματος
2580 2707 2989 2778 οἰκειουμένους
3018 2703 3168 2773 αὐτῷ
3213 2704 3271 2755 ἐν
3338 2700 3418 2768 τῷ
3452 2697 3654 2769 βαπτί-

364 2800 707 2871 simplieiter,
740 2802 835 2855 sed
864 2800 1214 2854 incarnatus:
1247 2815 1425 2869 neque
1457 2800 1695 2854 vicissim
1726 2810 1812 2854 est
1848 2816 1959 2854 me-

2070 2805 2349 2876 σματι,ὼς
2365 2804 2461 2874 τῆς
2480 2802 2727 2868 ὑπακοῆς
2741 2797 3062 2859 διδάσκαλος
3086 2795 3181 2849 καὶ
3204 2793 3350 2866 [cod.
3376 2791 3415 2846 f.
3446 2792 3549 2847 154
3578 2788 3660 2861 ιλ]

363 2909 455 2946 rus
503 2893 687 2957 homo,
735 2892 832 2947 sed
882 2892 1220 2964 hypostatice
1255 2892 1459 2947 unitus.
1491 2892 1630 2962 Ergo
1654 2901 1713 2945 ut
1740 2892 1829 2946 ille
1860 2900 1971 2945 ter-

366 2998 554 3049 renus,
597 2982 676 3038 sic
710 2992 765 3037 et
810 2982 901 3037 isti
936 2983 1140 3038 terreni
1176 2990 1324 3049 sunt,
1365 2998 1563 3053 nempe
1593 2985 1838 3037 nondum
1867 2982 1962 3037 ba-

364 3076 620 3146 ptismate
658 3078 711 3130 in
742 3076 941 3131 melius
988 3076 1203 3130 mutati.
1246 3077 1423 3145 Atque
1462 3084 1524 3130 ut
1571 3075 1659 3130 ille
1697 3074 1957 3141 ccelestis,

343 3172 443 3225 ~sic
484 3170 574 3224 isti
616 3170 868 3225 similiter
918 3170 1207 3236 caelestes,
1261 3170 1355 3239 qui
1401 3169 1821 3238 regeneratione
1866 3184 1965 3238 per

363 3278 563 3334 aquam
596 3272 651 3318 et
673 3262 936 3333 Spiritum
964 3270 1096 3317 sunt
1120 3262 1316 3316 renati.
1345 3262 1517 3331 Atque
1549 3270 1607 3315 ut
1635 3262 1962 3330 portavimus

366 3356 561 3409 terreni
596 3356 908 3426 imaginem,
936 3357 1012 3410 ita
1047 3355 1269 3409 cazlestis
1296 3371 1500 3425 quoque
1531 3364 1798 3425 portemus
1825 3356 1964 3408 ima-

364 3450 582 3519 ginem’
628 3465 647 3503 :
698 3448 859 3503 sicuti
916 3464 1146 3519 corpore
1187 3449 1353 3519 geniti
1393 3448 1617 3511 fuimus,
1665 3448 1737 3502 ita
1768 3448 1960 3518 spiritu

368 3555 735 3595 renascamur.
794 3539 999 3595 Deinde
1043 3540 1376 3594 concludens
1406 3541 1483 3595 ait
1519 3558 1532 3593 :
1570 3539 1707 3604 Quia
1749 3556 1875 3593 caro
1918 3550 1966 3593 et

363 3632 582 3702 sanguis
620 3648 838 3700 regnum
873 3630 968 3684 Dei
1000 3632 1317 3685 Itazreditare
1361 3648 1466 3684 non
1500 3640 1718 3701 possunt
1749 3647 1769 3686 :
1803 3647 1969 3702 neque

364 3726 630 3795 corruptio
678 3725 1092 3793 incorruptelam
1156 3725 1433 3794 possidebit
1469 3726 1523 3777 ³.
1572 3725 1729 3779 Patet
1783 3733 1967 3779 autem

2072 2896 2407 2967 ἀρχηγέτης.
2443 2893 2579 2947 Οὐδέ
2600 2893 2709 2960 γάρ
2728 2888 2933 2961 γυμνὸς
2967 2888 3123 2951 Θεὸς,
3190 2887 3326 2940 ἀλλὰ
3374 2901 3663 2956 σεσαρκω-

2076 2989 2235 3059 μένος
2273 3003 2288 3017 ·
2331 2986 2452 3040 οὐδέ
2486 2985 2649 3039 πάλιν
2676 2984 2831 3054 ψιλὸς
2852 2982 3164 3051 ἄνθρωπος,
3195 2978 3334 3033 ἀλλά
3363 2978 3487 3032 καθ’
3530 2976 3665 3030 ὑπό-

2070 3099 2260 3135 στασιν
2315 3080 2632 3151 ἡνωμένος·
2680 3072 2793 3141 οἷος
2837 3077 2866 3129 6
2920 3076 3125 3147 χοῖκὸς,
3189 3072 3426 3127 τοιοῦτοι
3470 3070 3570 3125 xui.
3607 3070 3660 3123 οί

2062 3175 2265 3245 χοϊκοί,
2294 3176 2341 3227 oi
2384 3174 2457 3244 μὴ
2477 3172 2555 3245 τῷ
2590 3171 2933 3242 βαπτίσματι
2962 3167 3350 3240 βελτιωθέντες
3371 3184 3386 3199 ο
3418 3165 3515 3219 xui.
3546 3158 3661 3227 οἶος

2062 3272 2088 3321 ὁ
2105 3268 2451 3337 ἐπουράνιος,
2472 3264 2709 3319 τοιοῦτοι
2733 3265 2830 3318 καὶ
2850 3266 2899 3317 οἱ
2929 3262 3271 3333 ἐπουράνιοι,
3298 3261 3346 3313 oi
3366 3261 3433 3329 τῇ
3458 3258 3664 3327 παλιγ-

2061 3360 2285 3431 γενεσία
2309 3358 2375 3412 δι’
2412 3358 2605 3420 ὓδατος
2637 3356 2732 3409 καὶ
2762 3355 3085 3425 Πνεύματος
3116 3352 3325 3408 ἄνωθεν
3353 3353 3661 3419 ἀναγεννη-

2063 3454 2280 3515 θέντεςο
2319 3450 2427 3506 Καὶ
2483 3450 2681 3515 καθὼς
2717 3447 3096 3517 ἐφορέσαμεν
3151 3445 3267 3514 τὴν
3315 3445 3524 3498 εἰκόνα
3552 3440 3665 3495 τοῦ

2063 3548 2291 3619 χοϊκοῦ,
2334 3546 2687 3616 φορέσωμεν
2718 3544 2821 3597 καὶ
2861 3543 2980 3611 τὴν
3027 3542 3234 3597 εἰκόνα
3265 3539 3372 3594 τοῦ
3404 3539 3667 3607 ἐπουρα-

2062 3644 2200 3698 νίου
2241 3659 2255 3672 ⁶
2288 3639 2471 3703 καθὼς
2528 3637 2858 3708 σωματικῶς
2908 3635 3303 3706 ἐγεννήθημεν,
3362 3632 3664 3702 ἀναγεννη-

2068 3734 2252 3803 θῶμεν
2267 3732 2363 3786 καὶ
2382 3729 2771 3799 πνευματικῶς
2810 3744 2825 3758 ο
2863 3724 2982 3781 εἶτα
3006 3724 3398 3797 συμπεραίνων
3416 3722 3615 3789 ἐπάγει
3646 3760 3665 3787 ,

366 3833 516 3883 eum,
535 3818 623 3887 qui
649 3826 809 3873 natus
834 3828 919 3872 est
940 3828 1150 3872 tantum
1178 3818 1234 3871 in
1260 3818 1491 3883 Adamo,
1519 3830 1575 3873 et
1596 3834 1705 3872 non
1722 3826 1959 3873 «renatus

2066 3828 2148 3881 ὅτι
2173 3824 2331 3893 Σὰρξ
2353 3824 2448 3877 καὶ
2471 3817 2614 3891 αἷμα
2641 3821 2973 3886 ,βασιλείαν
2998 3819 3145 3873 Θεοῦ
3200 3815 3664 3885 κληρονομῆσαι

364 3912 692 3981 baptismate
734 3912 785 3965 in
816 3912 1039 3966 Christo
1069 3920 1193 3982 post
1219 3928 1420 3966 novum
1448 3912 1548 3967 hoc
1579 3912 1724 3966 illius
1752 3926 1959 3981 prince-

368 4014 545 4075 ptum,
604 4019 833 4074 regnum
892 4002 985 4057 Dci
1036 4003 1358 4057 haereditare
1404 4019 1515 4058 non
1570 4019 1751 4073 posse,
1796 4011 1961 4073 prout

366 4098 615 4152 divinum
662 4098 891 4152 vetitum
950 4097 1077 4151 fert.
1126 4095 1242 4151 Hoc
1286 4113 1416 4168 ergo
1468 4096 1739 4169 significat
1792 4095 1959 4151 dictio

364 4191 624 4246 Dominus
666 4191 729 4244 de
772 4191 917 4257 cwlo,
958 4190 1104 4259 quod
1146 4206 1345 4260 nempe
1386 4176 1814 4261 regenerationis
1863 4206 1961 4260 per

366 4300 562 4354 aquam
616 4294 672 4339 et
708 4284 969 4353 Spiritum
1020 4284 1179 4337 nobis
1223 4283 1387 4337 fuerit
1437 4292 1647 4337 auctor.
1708 4282 1961 4339 Fortasse

2067 3920 2138 3973 οὐ
2172 3918 2462 3972 δύνανται
2484 3934 2499 3948 ·
2535 3915 2679 3971 οὐδὲ
2696 3915 2735 3981 ἡ
2776 3914 2968 3984 φθορὰ
2983 3911 3100 3981 τὴν
3126 3911 3476 3981 ἀφθαρσίαν
3514 3912 3662 3976 κλη-

2059 4011 2415 4080 ρονομήσει.
2453 4009 2623 4081 Δῆλον
2644 4010 2726 4063 ὅτι
2764 4009 2792 4060 6
2820 4006 3107 4077 γεννηθεὶς
3155 4007 3221 4073 τῇ
3272 4002 3451 4074 φθορᾷ
3502 4004 3667 4072 μόνον

2068 4105 2124 4156 ἐν
2146 4102 2223 4173 τῷ
2261 4104 2454 4173 Ἀδάμ,
2474 4104 2567 4156 καὶ
2603 4102 2676 4172 μὴ
2706 4101 2774 4154 δι’
2812 4100 3005 4161 ὓδατος
3055 4098 3151 4150 καὶ
3174 4094 3497 4165 Πνεύματος
3526 4094 3666 4146 ἀνα-

2068 4195 2351 4265 γεννηθεὶς
2385 4197 2442 4247 ἐν
2484 4193 2561 4264 τῷ
2602 4192 2825 4262 Χριστῷ
2863 4188 3003 4260 μετά
3067 4189 3275 4257 ταύτην
3316 4186 3416 4254 τὴν
3466 4184 3667 4254 καινὴν

2068 4287 2393 4358 νομοθεσίαν
2425 4286 2614 4351 αὐτοῦ,
2650 4284 2928 4353 βασιλείαν
2960 4282 3096 4335 Θεοῦ
3129 4278 3549 4351 κληρονομῆσαι
3600 4276 3663 4330 οὐ

368 4379 531 4433 etiam
561 4377 665 4431 hoc
693 4378 875 4431 divina
910 4376 1381 4431 condescensione
1425 4377 1629 4431 dictum
1659 4392 1779 4432 esse
1810 4385 1959 4431 recte

2066 4385 2309 4445 δύναται,
2343 4383 2485 4437 κατά
2512 4384 2612 4453 τὴν
2644 4382 2794 4435 θείαν
2820 4379 3103 4449 ἀπόφασιν
3129 4394 3143 4408 °
3185 4375 3280 4429 xui.
3302 4373 3462 4427 τοῦτο
3510 4371 3668 4441 δηλοῖ

369 4474 687 4536 aestimabis,
750 4475 1006 4544 quoniam
1050 4474 1192 4529 Deus
1241 4474 1459 4529 caelitus
1509 4475 1850 4531 descendens
1898 4477 1959 4532 ad

2066 4481 2145 4546 τὸ,
2191 4481 2253 4533 '0
2288 4482 2503 4547 Κύριος
2524 4477 2592 4543 ἐξ
2636 4474 2898 4546 οὐρανοῦ
2926 4471 3379 4543 ἀναγγεννήσεως
3434 4466 3668 4535 γέγονεν

374 4566 646 4627 homines.
674 4566 987 4621 humanitus
1013 4580 1371 4622 conversatus
1397 4578 1501 4635 est,
1520 4584 1751 4623 manens
1781 4577 1959 4625 tamen

2066 4574 2196 4642 ἡμῖν
2218 4572 2430 4635 αἴτιος·
2477 4570 2606 4633 ἴσως
2639 4570 2696 4623 δέ
2752 4570 2847 4624 καὶ
2898 4567 2987 4620 διὰ
3032 4565 3134 4637 τὴν
3174 4562 3325 4617 θείαν
3381 4557 3669 4627 συγκατά-

374 4658 430 4712 in
472 4675 569 4713 sua
613 4660 860 4714 claritate
908 4676 971 4715 ac
1015 4661 1259 4730 potentia
1300 4670 1360 4715 ut
1391 4677 1492 4715 nos
1520 4661 1585 4715 ad
1633 4676 1691 4715 se
1728 4662 1959 4717 traheret

2066 4665 2227 4718 ϐασιν
2255 4664 2415 4719 τοῦτο
2440 4664 2736 4728 ὑπολάϐοις
2761 4662 3040 4731 λελέχθαι,
3095 4656 3283 4727 ἐπειδὴ
3313 4656 3343 4709 6
3388 4654 3524 4717 Θεὸς
3573 4652 3669 4705 οὐ-

374 4750 514 4805 infra
546 4752 777 4821 positos.
804 4750 937 4806 Nam
968 4753 1171 4807 idcirco
1194 4754 1470 4807 hominem
1500 4768 1558 4807 sc
1584 4768 1647 4808 ac
1678 4754 1969 4809 Dominum

374 4845 715 4915 nuncupavit
759 4845 960 4914 duplici
1000 4846 1101 4900 hac
1152 4845 1518 4916 appellatione
1555 4845 1691 4900 duas
1742 4856 1967 4900 naturas

373 4944 431 4990 et
457 4935 972 5007 unamhypostasim
1002 4937 1257 4991 innuens.
1296 4935 1633 4991 Vocabulum
1656 4946 1837 4991 autem
1869 4939 1965 4991 do-

374 5043 466 5080 nec
497 5043 598 5082 nos
629 5028 719 5082 hic
742 5046 849 5083 non
895 5029 1158 5101 temporis
1187 5030 1682 5086 demonstrativum
1729 5031 1964 5087 dicimus

370 5120 467 5173 sed
508 5121 851 5176 indefinitum
870 5164 886 5178 .

2070 4760 2294 4829 ρανόθεν
2322 4758 2676 4828 συγκαταϐὰς
2720 4759 2835 4821 τοῖς
2878 4754 3192 4826 ἀνθρώποις
3246 4751 3325 4813 ὡς
3370 4746 3668 4817 ἄνθρωπος

2073 4852 2515 4923 συνανεστράφη,
2546 4851 2637 4903 ἐπὶ
2653 4849 2756 4918 τῆς
2779 4848 2989 4909 οἰκείας
3016 4845 3193 4916 μένων
3250 4837 3540 4910 περιωπῆς
3570 4835 3671 4887 καὶ

2071 4942 2377 5013 δυνάμεως,
2410 4944 2476 4997 ἶν’
2506 4945 2654 5016 ἡμᾶς
2685 4940 2889 5012 ἐλκύσῃ
2926 4938 3062 5009 πρὸς
3087 4935 3278 4990 ἐαυτὸν
3304 4932 3455 4986 κάτω
3475 4926 3673 4995 κειμέ-

2070 5055 2219 5100 νους.
2248 5036 2455 5090 Τούτου
2477 5037 2585 5109 γὰρ
2603 5036 2763 5106 χάριν
2781 5032 2945 5088 αὑτὸν
2979 5031 3075 5084 xui.
3095 5028 3387 5099 ἄνθρωπον
3417 5021 3513 5075 xui.
3550 5017 3669 5073 Κύ-

2077 5147 2190 5201 ριον
2212 5129 2523 5199 ὠνόμασεν,
2552 5131 2618 5182 ἐκ
2648 5126 2744 5180 τοῦ
2784 5122 3200 5195 συναμφοτέρου
3257 5118 3367 5171 τῶν
3408 5114 3667 5181 κλήσεων

370 5211 468 5273 τὰς
498 5212 591 5264 δύο
637 5213 830 5282 φύσεις
862 5216 955 5267 xui.
984 5215 1083 5281 τὴν
1126 5213 1253 5283 μίαν
1307 5213 1608 5267 ὑπόστασιν
1654 5215 2070 5287 αἰνιττόμενος·
2114 5222 2173 5273 τὸ
2208 5220 2265 5274 δὲ
2310 5220 2439 5288 ἕως.
2484 5221 2644 5295 ἡμεῖς
2682 5216 2920 5272 ἐνταῦθα
2978 5213 3128 5287 [cod.
3155 5211 3195 5267 f.
3222 5208 3373 5280 155.]
3415 5207 3478 5260 οὺ
3535 5206 3668 5277 χρό-

371 5320 466 5355 νου
498 5303 797 5373 δηλωτικόν
823 5324 1004 5376 φαμεν
1044 5306 1339 5378 ὑπάρχειν,
1372 5305 1509 5359 ἀλλὰ
1542 5308 1815 5381 ἀόριστον.

378 5397 487 5467 70
510 5398 575 5454 V.
616 5402 677 5454 Et
709 5401 815 5455 hoc
849 5404 1019 5470 probe
1049 5420 1148 5459 vos
1182 5404 1549 5476 cognoscetis,
1581 5408 1673 5476 qui
1710 5407 1959 5463 futurum

378 5492 537 5545 unice
597 5495 857 5547 Sreculum
893 5507 1213 5566 exspectare
1266 5516 1364 5555 vos
1398 5501 1661 5566 dicentes,
1716 5501 1771 5554 in
1826 5515 1964 5571 pra:-

374 5584 521 5639 senti
571 5594 755 5640 autem
817 5588 1191 5659 voluptatibus
1237 5602 1293 5647 et
1368 5594 1734 5649 incredulitati
1796 5593 1966 5665 perti-

452 5770 471 5797 ²
504 5768 737 5827 lTbcss.
775 5789 831 5838 ιι,
871 5776 921 5827 ll.
996 5775 1015 5804 ³
1052 5772 1180 5845 Sap.
1208 5792 1282 5840 vi,
1320 5775 1369 5831 7.
1410 5775 1462 5829 ί.

2143 5405 2222 5463 E'.
2256 5410 2367 5463 Καὶ
2402 5416 2561 5461 τοῦτο
2612 5405 2894 5475 γνώσεσθε
2962 5403 3061 5475 μέν
3101 5400 3261 5471 ὑμεῖς
3317 5394 3589 5466 ἀκριϐῶς,
3620 5412 3669 5447 ω

2071 5495 2241 5561 οὗτοι,
2269 5501 2425 5553 οίτδν
2450 5500 2621 5554 αἰῶνα
2648 5500 2738 5551 τὸν
2758 5498 3018 5569 μέλλοντα
3048 5493 3144 5547 καὶ
3178 5492 3359 5562 μόνον,
3392 5488 3466 5552 ῶς
3498 5504 3662 5557 φατε,

2075 5592 2411 5659 ἐλπίζοντες,
2445 5594 2503 5648 ἐν
2528 5592 2585 5647 δέ
2627 5591 2706 5663 τῷ
2732 5590 2961 5662 παρόντι
2993 5588 3114 5650 ταῖς
3162 5583 3379 5654 ἡδοναῖς
3437 5580 3535 5633 xui.
3593 5580 3660 5648 τῇ
