3928 6246
289 224 425 293 1337

1254 225 1513 290 SERMO
1551 225 1615 289 II
1654 222 2058 289 ADVERSUS
2113 228 2605 299 ΜΑΝῙΟΗιΕΟΞ.

3439 238 3576 309 1338

285 337 515 409 ἀπιστίᾳ
548 334 835 409 ἀκορέστῳ
877 335 991 404 ἕξει
1038 335 1481 409 καταχρώμενοι,
1540 338 1741 402 οἵτινες
1775 338 1877 392 οὐκ

1995 346 2196 402 naciter
2244 348 2433 415 dediti,
2469 349 2638 405 futuri
2665 350 3068 421 iucunditatem
3119 368 3229 408 non
3261 370 3579 427 conseque.

286 430 640 495 ὲπιτεύξεσθε
662 429 762 499 τῆς
779 428 873 483 τοῦ
922 428 1209 500 μέλλοντος
1252 429 1613 501 γλυκύτητος.
1668 431 1728 485 '0
1768 447 1877 484 πα-

292 524 399 595 ρὼν
428 524 541 595 γὰρ
574 523 668 578 τοῦ
700 523 991 593 μέλλοντος
1014 522 1301 595 πρόξενος,
1355 524 1692 594 διαμερίζων
1750 525 1882 579 ἑκά-

291 633 404 686 στῳ
439 616 553 669 τῶν
600 614 972 686 βεϐιωμένων,
1021 615 1133 668 εἴτε
1191 616 1413 683 φαύλων
1468 618 1580 670 εἴτε
1630 616 1877 686 ἀγαθῶν,

285 708 389 780 τὴν
419 707 781 763 ἀνταπόδοσιν
810 722 823 737 ⁸
861 707 1026 761 πόθεν
1051 708 1110 762 δὲ
1137 711 1265 778 περ)¹
1297 710 1391 763 τοῦ
1421 709 1536 777 ἕως
1568 709 1878 780 γνώσεσθε;

288 802 350 855 ὲν
373 799 454 870 τῷ
500 800 594 853 τὸν
631 799 839 871 Κύριον
895 801 1179 871 εἰρηκέναι
1219 803 1334 866 τοῖς
1377 803 1557 871 ἁγίοις
1610 804 1882 875 μαθηταῖς

294 892 486 948 αὐτοῦ’
513 892 623 947 Καὶ
650 891 780 947 ιδοὺ
809 893 925 961 ἐγὼ
969 894 1101 962 μεθ’
1142 893 1310 963 ὑμῶν
1359 898 1477 966 ειμι
1514 894 1719 962 πάσας
1779 896 1887 962 τὰς

293 986 544 1056 ἡμέρας,
570 986 685 1052 ἕως
717 984 828 1053 τῆς
881 988 1241 1054 συντελείας
1278 988 1386 1043 τοῦ
1425 988 1666 1056 αἰῶνος.
1716 989 1782 1042 Τί
1829 990 1888 1042 δὲ

293 1081 436 1153 ἀρα;
473 1082 612 1151 μετὰ
642 1082 742 1153 τὴν
803 1082 1116 1136 συντέλειαν
1166 1082 1262 1137 τοῦ
1316 1084 1536 1149 αἰῶνος,
1591 1084 1693 1137 οὐκ
1736 1082 1889 1137 ἔσται

297 1174 415 1243 μετ’
443 1172 655 1239 αὐτῶν;
677 1174 771 1228 καὶ
804 1173 932 1238 τίςὸ
958 1173 1144 1242 λόγος;
1185 1175 1305 1229 καθ’
1338 1176 1485 1246 ὑμᾶς
1511 1176 1620 1247 γάρ
1671 1176 1891 1239 πάντως

294 1266 405 1319 ἀπὸ
428 1267 553 1319 τότε
574 1265 718 1320 θέλει
747 1262 887 1320 εἶναι
924 1269 1040 1338 μετ’
1059 1268 1263 1333 αὐτῶν,
1299 1269 1394 1322 καὶ
1428 1270 1489 1322 οὐ
1534 1270 1628 1323 νῦν
1658 1285 1671 1300 ·
1704 1269 1888 1334 καθὼς

292 1359 509 1427 λέγετε,
545 1359 628 1412 ὄτι
644 1358 736 1412 τοῦ
765 1359 1054 1429 μέλλοντος
1076 1362 1170 1414 καλ⁵
1191 1363 1254 1415 οὐ
1281 1362 1375 1414 τοῦ
1399 1363 1668 1433 παρόντος
1690 1363 1889 1426 αἰῶνος

294 1452 392 1506 καὶ
419 1452 631 1522 κόσμου
655 1452 769 1522 ἔχει
818 1453 918 1523 τὴν
960 1454 1210 1518 ἐξουσίαν
1245 1471 1259 1488 ο
1293 1456 1432 1509 ἀλλὰ
1493 1458 1586 1509 καὶ
1621 1457 1729 1519 ἓως
1766 1456 1889 1510 τότε

291 1541 392 1596 καὶ
422 1542 530 1596 ἀπὸ
551 1542 673 1596 τότε
691 1542 844 1596 ἔσται
876 1545 933 1595 ὲν
954 1544 1158 1609 αὐτοῖς,
1183 1544 1282 1597 καὶ
1312 1543 1526 1597 ἔσονται
1575 1544 1673 1597 σὺν
1732 1544 1887 1614 αὑτῷ

294 1634 375 1705 μὴ
394 1635 507 1706 ὅρῳ
532 1636 641 1688 τινὶ
669 1635 1071 1707 περατούμενοι
1089 1654 1104 1669 ο
1129 1637 1436 1706 γνώσονται
1470 1637 1529 1689 δὲ
1576 1635 1737 1691 τοῦτο
1788 1637 1885 1692 καὶ

1984 440 2140 496 mini.
2204 441 2337 496 Nam
2367 458 2613 512 prmsens
2666 445 2925 499 Steculum
2980 457 3263 517 comparat
3292 451 3452 506 nobis
3486 451 3579 507 fu»

1985 544 2195 600 turum,
2244 536 2492 591 tribuens
2536 537 2765 609 singulis
2817 538 2909 608 qui
2969 538 3079 594 vita
3130 549 3259 595 sunt
3311 542 3577 609 defuncti,

1987 629 2257 683 malorum
2324 628 2707 700 bonorumque
2768 640 2991 686 actuum
3054 635 3579 689 remunerationem.

1989 723 2278 779 Undenam
2305 739 2437 779 vero
2472 724 2728 779 dictionis
2757 723 2921 780 donec
2956 742 3179 781 sensum
3210 728 3580 796 cognoscetis?

1987 816 2196 887 Nempe
2235 832 2302 870 ex
2332 832 2399 872 eo
2430 816 2573 886 quod
2609 816 2874 872 Dominus
2905 820 3110 873 sanctis
3146 818 3431 888 discipulis
3461 819 3580 875 suis

1986 907 2295 963 dixeritzEt
2321 924 2436 962 ecce
2466 924 2558 979 ego
2622 910 2885 963 vobiscum
2917 927 3034 964 sum
3096 912 3337 964 omnibus
3371 910 3580 976 diebus,

1987 999 2149 1052 donec
2180 991 2434 1053 sdzculum
2463 1008 2853 1053 consummetur
2882 1000 2923 1055 ⁸.
2959 999 3101 1067 Quid
3133 1000 3297 1071 ergo?
3324 1008 3450 1071 post
3476 1018 3581 1059 sae-

1988 1092 2097 1147 culi
2166 1092 2701 1147 consummationem
2765 1092 2911 1147 haud
2983 1093 3210 1148 ulterius
3280 1109 3405 1148 cum
3475 1094 3583 1149 illis

1990 1185 2136 1241 erit?
2182 1184 2327 1250 Quid
2366 1185 2639 1240 dicimus?
2685 1184 2821 1239 Nam
2855 1185 2909 1238 in
2946 1193 3132 1241 vestra
3191 1187 3411 1255 quidem
3455 1201 3583 1242 sen-

1990 1279 2181 1339 tentia,
2219 1293 2284 1332 ex
2328 1278 2420 1332 illo
2470 1294 2699 1349 prorsus
2757 1286 3004 1349 tempore
3060 1294 3185 1333 cum
3221 1279 3301 1335 eis
3328 1295 3451 1335 esse
3484 1296 3582 1335 vo-

1988 1372 2081 1437 let,
2120 1388 2230 1427 non
2272 1372 2325 1425 in
2357 1372 2645 1442 prtesenti;
2686 1371 2948 1441 quoniam
2980 1371 3164 1426 dicitis
3202 1388 3327 1427 eum
3388 1373 3580 1439 futuri,

1985 1480 2098 1519 non
2124 1463 2412 1533 praesentis
2440 1463 2625 1519 saeculi
2664 1477 2728 1517 ac
2754 1462 2967 1528 mundi,
2996 1462 3202 1517 habere
3231 1471 3582 1533 potestatem.

1987 1558 2150 1628 Atqui
2209 1557 2464 1613 Christus
2496 1565 2552 1611 et
2578 1571 2754 1625 usque
2798 1555 2865 1611 ad
2913 1555 2967 1610 id
3015 1564 3233 1626 tempus
3285 1563 3339 1610 et
3386 1555 3586 1611 exinde

1993 1667 2117 1707 cum
2169 1652 2303 1722 ipsis
2337 1651 2459 1711 erit,
2520 1659 2576 1704 et
2638 1651 2689 1704 hi
2723 1666 2848 1704 cum
2887 1666 2955 1706 eo
2987 1658 3151 1705 erunt
3192 1649 3345 1705 nullo
3397 1649 3587 1705 termi-

293 1729 345 1779 ol.
363 1728 483 1790 ταῖς
505 1726 721 1791 λοιπαῖς
737 1706 925 1797 ἀγίαις
954 1729 1198 1800 Γραφαϊ;
1220 1728 1661 1799 ἐντυγχάνοντες,
1687 1729 1889 1794 πολλὰς

1995 1763 2069 1803 no
2118 1706 2362 1801 limitati.
2424 1743 2772 1816 Cognosccnt
2821 1744 2927 1799 hoc
2985 1744 3153 1798 etiam
3193 1743 3286 1812 qui
3348 1743 3587 1812 reliquas

293 1820 393 1873 παλ¹
409 1819 578 1884 ἄλλας
608 1820 915 1891 μαρτυρίας
944 1820 1179 1891 ἔχοντες,
1211 1820 1354 1874 κατὰ
1378 1822 1439 1874 τὸ
1472 1823 1529 1873 ὲν
1573 1823 1639 1891 τῇ
1669 1822 1887 1876 Γενέσει

294 1911 617 1982 λεγόμενον,
638 1913 719 1965 ὅτι
741 1913 841 1966 οὐκ
860 1914 1193 1984 ἀνέστρεψεν
1220 1915 1248 1966 ό
1276 1914 1445 1985 κόραξ
1476 1917 1534 1968 ἐν
1553 1917 1621 1985 τῇ
1649 1915 1886 1985 κιϐωτῷ,

293 2000 501 2071 ἕωςοῦ
551 2004 857 2075 ἐξηράνθη
908 2008 976 2061 τὸ
1024 2008 1182 2077 ὕδωρ
1235 2009 1353 2064 ἀπὸ
1405 2010 1733 2079 προσώπου
1776 2011 1889 2080 τῆς

295 2095 454 2167 γῆς·
516 2098 693 2151 καίτοι
752 2116 816 2167 γε
868 2099 988 2153 οὐδὲ
1049 2100 1137 2154 ὅτε
1183 2101 1460 2175 ἐξηράνθη
1516 2103 1884 2176 ἀνέστρεψενο

296 2192 394 2245 καί
436 2208 449 2222 ·
484 2191 643 2256 Ἕως
679 2192 825 2245 πότε
864 2192 940 2262 (7)
969 2235 983 2257 ,
1052 2196 1251 2262 Κύριε,
1311 2195 1580 2265 ἐπιλήσῃ
1624 2215 1745 2267 μου
1805 2198 1895 2264 είς

295 2282 473 2349 τέλος
506 2281 648 2355 [cod.
686 2283 860 2339 l.135
911 2282 1033 2357 ι›.];
1083 2287 1144 2339 οὑ
1200 2286 1310 2357 γὰρ
1363 2290 1422 2342 ὲν
1472 2288 1646 2361 τούτῳ
1700 2289 1893 2362 χρόνον

296 2371 626 2446 διορίζεται·
652 2376 749 2429 καὶ
785 2373 923 2428 ἀλλὰ
954 2376 1126 2449 μυρία
1150 2378 1427 2451 εὑρήσεις.

370 2563 464 2629 ς’.
502 2562 569 2615 Ὃ
595 2561 651 2615 δέ
688 2579 779 2633 μοι
806 2563 899 2616 ἐπὶ
916 2562 1041 2617 νοῦν
1056 2558 1247 2633 ἦλθεν,
1278 2565 1418 2639 ὅπερ
1449 2566 1737 2631 αὐτόπτως
1792 2568 1893 2622 αὐο

296 2656 411 2717 τοῖς
448 2653 712 2720 πολλάκις
759 2657 1182 2729 προσωμίλησα,
1234 2658 1405 2724 λέξων
1433 2659 1664 2732 ἔρχομαι
1694 2676 1710 2692 ⁸
1761 2660 1900 2733 ληρ-

1994 1849 2211 1896 sanctas
2241 1840 2554 1909 Scripturas
2604 1837 2913 1901 consulent,
2945 1836 3048 1890 alia
3081 1835 3191 1890 illic
3242 1835 3412 1889 multa
3447 1850 3587 1889 nan—

1991 1936 2260 1990 ciscentes
2324 1931 2672 1995 testimonia;
2731 1929 2883 1984 velut
2944 1928 3077 1982 illud
3124 1927 3181 1981 in
3237 1927 3437 1983 Genesi
3493 1927 3589 1981 ubi

1992 2042 2191 2084 corvus
2225 2025 2290 2079 ad
2331 2041 2512 2080 arcam
2541 2023 2743 2079 dicitur
2782 2038 2891 2076 non
2929 2021 3178 2088 rediisse,
3236 2022 3398 2075 donec
3434 2034 3589 2091 aquae

1990 2124 2320 2177 siccarentur
2381 2120 2439 2173 in
2480 2128 2636 2173 teme
2689 2116 2961 2188 superﬁcie
3011 2115 3074 2180 ⁸;
3128 2128 3443 2185 quanquam
3515 2127 3589 2167 ne

1992 2226 2181 2288 postea
2203 2214 2425 2286 quidem
2457 2229 2619 2281 quam
2644 2227 2798 2281 aqum
2825 2210 3041 2265 siccata:
3075 2207 3280 2262 fuerint
3308 2206 3490 2262 rediit.
3520 2204 3591 2260 Et

1990 2311 2122 2365 illud
2196 2327 2210 2363 :
2284 2309 2592 2379 Usquequo,
2645 2305 2866 2358 Domine
2900 2344 2915 2369 ,
2976 2300 3300 2356 Oblivisceris
3353 2300 3457 2354 mei
3530 2299 3590 2352 in

1987 2406 2147 2475 ﬁnem
2179 2403 2239 2457 °?
2270 2416 2380 2456 non
2415 2398 2560 2454 enim
2592 2398 2694 2451 hac
2724 2395 2997 2450 locutione
3033 2403 3249 2462 tempus
3284 2389 3495 2446 deﬁnit.
3521 2388 3593 2444 Et

1987 2496 2223 2568 plurima
2273 2492 2379 2545 alia
2441 2488 2787 2558 comperies.‘

2069 2587 2157 2641 Vl.
2214 2583 2377 2638 Nunc
2441 2579 2588 2651 quod
2648 2578 2702 2632 in
2764 2584 3004 2631 mentem
3060 2571 3194 2627 mihi
3255 2570 3427 2637 venit,
3493 2569 3593 2641 qui

1999 2693 2141 2746 strpe
2170 2690 2354 2732 coram
2387 2688 2509 2727 cum
2563 2669 2669 2723 illis
2695 2683 2816 2723 sum
2867 2666 3194 2729 collocutus,
3260 2662 3444 2718 dicere
3491 2676 3591 2733 ag-

300 2748 584 2816 ῳδούντων
604 2748 788 2803 αὐτῶν
815 2750 1077 2814 πολλάκις
1094 2752 1191 2803 καὶ
1208 2752 1635 2822 φληναφούντων
1655 2753 1892 2825 περὶτῆς

2000 2771 2237 2844 gredior.
2298 2766 2434 2820 Cum
2488 2763 2525 2817 ii
2580 2776 2726 2831 saepe
2771 2766 3111 2844 nugarentur
3157 2770 3222 2810 ac
3257 2753 3596 2844 blaterarent

314 2840 704 2913 Ἀειπαρθένου
731 2842 825 2895 καὶ
856 2843 1122 2896 Θεοτόκου
1148 2845 1391 2916 Μαρίας,
1423 2844 1609 2915 ἔλεγον
1632 2844 1742 2915 ἐγὼ
1763 2848 1901 2917 πρὸς

299 2933 499 2998 αὐτούς
533 2950 549 2966 ·
584 2935 658 2987 Ut‘)
692 2934 990 3006 θαυμάζω,
1021 2929 1066 2989 ὧ
1127 2931 1295 3001 οὗτοι,
1348 2938 1503 3008 ὑμῶν
1550 2941 1632 3003 εἰς
1689 2939 1893 3011 ταύτην

2000 2839 2068 2915 de
2115 2869 2334 2926 semper
2386 2850 2599 2921 virgine
2658 2846 2881 2917 deipara
2949 2842 3139 2908 Maria,
3202 2840 3458 2913 equidem
3526 2839 3595 2895 iis

2004 2949 2251 3005 dicebam
2302 2961 2316 2998 :
2374 2942 2461 2999 Nil
2510 2939 2701 3004 miror,
2753 2951 2852 2991 vos
2904 2935 2958 2989 in
3000 2933 3224 2987 Mariam
3286 2947 3410 2988 esse
3474 2930 3595 2984 bla-

302 3027 775 3098 βλασφημούντων
813 3029 919 3081 τῶν
947 3029 1044 3082 καὶ
1072 3030 1164 3084 τὸν
1195 3031 1325 3085 Υίὸν
1362 3032 1535 3104 αὐτῆς
1567 3032 1660 3086 τὸν
1712 3032 1889 3103 ἀληθῆ

2000 3046 2280 3117 sphemos,
2329 3037 2420 3109 qui
2472 3033 2610 3089 Filio
2643 3027 2934 3103 ejusEDeo
2980 3040 3115 3083 vero
3179 3024 3441 3080 audacter
3488 3022 3595 3076 ima

298 3122 433 3175 Θεὸν
463 3122 910 3197 ἁνεπαισχύντως
942 3124 1037 3176 καὶ
1067 3123 1316 3194 θρασέως
1351 3123 1533 3195 ἔργοις
1575 3124 1892 3196 ἐνυϐριζόν-

298 3231 431 3278 των,
460 3215 510 3267 εί
540 3218 639 3268 καὶ
663 3215 848 3283 λόγοις
883 3217 1049 3286 τιμᾷν
1106 3217 1535 3287 σχηματίζεσθε,
1580 3218 1672 3271 τὸν
1710 3218 1893 3287 πάσης

300 3306 459 3376 δόξης
487 3308 585 3360 καὶ
612 3308 780 3377 τιμῆς
835 3308 1225 3380 ὑπεραπείρως
1274 3309 1571 3383 ἀνώτερον.
1626 3310 1753 3375 Πῶς
1785 3311 1895 3383 γὰρ

301 3399 401 3452 οὐκ
430 3399 680 3470 ἐναργῶς
711 3399 922 3471 ὕϐρεως
952 3399 1123 3465 ἀξιον,
1155 3401 1217 3453 τὸ
1259 3402 1586 3473 ἀποστερεῖν
1632 3403 1725 3457 τὸν
1779 3403 1896 3457 Κύ-

306 3510 417 3563 ριον
446 3492 548 3562 τῆς
575 3492 732 3563 δόξης
761 3495 860 3563 τῆς
894 3493 1212 3557 δεσποτείας
1261 3495 1357 3548 καὶ
1407 3497 1731 3568 κυριότητος
1785 3497 1895 3551 τῶν

302 3586 469 3638 αὑτοῦ
499 3585 840 3656 ποιημάτων,
870 3585 937 3639 δι’
966 3582 1026 3642 οὗ
1069 3587 1137 3641 τὰ
1187 3588 1367 3642 πάντα
1395 3590 1651 3659 γέγονεν,¹
1689 3592 1784 3645 καὶ
1832 3584 1895 3646 οὗ

304 3680 475 3752 χωρὶς
510 3679 663 3733 οὐδὲν
694 3679 801 3733 τῶν
827 3680 996 3735 ὄντων
1017 3682 1267 3751 ὲγὲνετο;
1301 3685 1363 3736 El
1410 3687 1520 3757 γὰρ
1578 3670 1928 3758 πεισθείητέ

304 3773 424 3835 ταῖς
476 3771 863 3839 εὐαγγελικαῖς
912 3776 1006 3827 καὶ
1057 3775 1449 3840 ἀποστολικαῖς
1510 3781 1892 3849 παραινέσεσι,

305 3864 400 3916 καὶ
436 3863 530 3916 τὸν
555 3864 820 3934 ὑμέτερον
846 3866 1048 3936 αὐχένα
1072 3867 1164 3919 τὸν
1196 3869 1433 3939 ἀκαμπῆ
1471 3871 1567 3923 καὶ
1612 3871 1895 3942 ἀγέρωχον

303 3956 381 4026 τῷ
402 3957 629 4028 χρηστῷ
662 3957 812 4029 ζυγῷ
842 3959 1206 4026 ὑποκλίνοιτε,
1245 3961 1341 4014 τοῦ
1375 3963 1573 4016 εἰδέναι
1615 3965 1773 4034 μόνον
1796 3966 1896 4017 αὺ-

305 4050 396 4103 τὸν
427 4050 562 4103 Θεὸν
596 4051 693 4103 σὺν
730 4053 906 4125 Πατρὶ
946 4054 1041 4107 καὶ
1073 4054 1354 4125 Πνεύματι
1404 4055 1497 4109 τὸν
1548 4056 1720 4120 ὅντως
1766 4057 1896 4110 ὅντα

306 4142 461 4208 Θεὸν,
497 4144 649 4197 οὐδὲν
668 4145 729 4197 τὸ
757 4145 1002 4200 κωλύσον
1026 4148 1173 4217 ὑμᾶς
1196 4149 1291 4202 καὶ
1316 4148 1526 4219 ταύτην
1554 4150 1894 4219 ὁμολογῆσαι

305 4234 382 4299 ὡς
415 4235 533 4290 ἔστι
562 4238 930 4310 δεδοξασμένη
963 4243 1055 4294 καὶ
1088 4242 1607 4314 ὑπερευλογημένη,
1636 4244 1699 4296 οὐ
1739 4243 1893 4309 Θεὸς,

305 4326 443 4380 ἀλλὰ
464 4328 627 4396 μόνον
642 4329 777 4383 Θεοῦ
794 4331 1122 4403 ἥττωνμοά.
1137 4329 1571 4406 ἦττον],πάντων
1590 4334 1647 4387 δὲ
1663 4334 1894 4404 κτισμά-

302 4438 413 4475 των
438 4419 611 4493 ὖπερς
637 4423 700 4475 Ei
715 4423 771 4476 δὲ
792 4425 865 4496 μὴ
888 4400 996 4481 τὸνῂ
1014 4427 1145 4479 Υίὸν
1161 4400 1337 4497 αὐτῆς
1353 4427 1526 4498 ἀληθῆ
1548 4427 1680 4481 Θεὸν
1704 4400 1895 4498 ὁμολο-
1929 4400 1979 4460 D

306 4515 477 4580 γεῖτε,
496 4513 615 4577 πῶς
630 4514 728 4584 τὴν
750 4517 847 4588 τῆς
860 4517 1190 4589 σαρκώσεως
1212 4520 1377 4573 αὑτοῦ
1394 4522 1627 4593 Μητέρα
1645 4523 1897 4595 τιμήσοι-

305 4620 395 4668 τε;
422 4604 473 4655 οἱ
511 4604 617 4675 γὰρ
648 4606 723 4675 μὴ
747 4606 878 4659 Θεὸν
897 4608 1285 4678 ὁμολογοῦντες
1307 4611 1644 4681 ἢτιμῶντες,
1667 4613 1785 4677 πῶς
1806 4613 1898 4667 ἀν-

306 4693 530 4764 θρωπον
550 4700 854 4767 τιμήσωσιν
876 4715 891 4764 ;
914 4698 1029 4762 πῶς
1057 4700 1113 4753 δὲ
1139 4704 1235 4754 καὶ
1271 4702 1371 4765 τὰς
1404 4704 1615 4757 ἑαυτῶν
1654 4706 1898 4776 μητέρας

307 4790 438 4856 παρ’
465 4787 642 4841 ἄλλων
672 4789 1080 4860 ἀτιμαζομένας
1118 4791 1268 4865 [cod.
1299 4794 1334 4847 Γ.
1374 4793 1521 4867 156.]
1549 4795 1892 4855 διεκδικείτε.

306 4878 405 4932 καὶ
437 4880 566 4939 τοὺς
598 4880 859 4950 ὑϐριστὰς
888 4884 1067 4938 αὐτῶν
1104 4885 1400 4956 ἀμύνεσθε,
1458 4890 1552 4940 καὶ
1599 4893 1898 4959 σωφρονεῖν

250 4971 480 5036 ,αὑτὰς
514 4975 758 5046 παντοίῳ
786 4976 973 5048 τρόπῳ
999 4981 1343 5050 μηχανᾶσθε,
1381 4980 1477 5034 τοῦ
1525 4982 1662 5035 Θεοῦ
1711 4983 1768 5036 δὲ
1798 4983 1899 5055 τὴν

306 5066 559 5135 Μητέρα,
595 5069 694 5137 τὴν
716 5069 933 5140 ἀσχέτῳ
962 5074 1103 5138 φωτὶ
1144 5074 1243 5144 τῆς
1278 5074 1533 5144 θεότητος
1555 5077 1669 5129 ’καὶ
1719 5076 1899 5148 ψυχὴν

306 5160 595 5230 καὶσῶμα
638 5162 1084 5236 κεκαθαρμένην,
1132 5166 1226 5219 καὶ
1269 5166 1357 5220 διὰ
1394 5167 1554 5222 τοῦτο
1618 5169 1899 5238 ἀνέπαφον

308 5250 495 5321 πάσης
527 5254 709 5325 χειρὸς
740 5256 1089 5327 ἀνθρωπίνης
1125 5259 1469 5331 ὑπάρξασαν,
1497 5262 1596 5333 τὴν
1638 5264 1896 5336 Ἀειπάρ-

310 5342 462 5397 θενον
486 5347 581 5399 καὶ
607 5348 983 5418 ἀεισέϐαστον,
1018 5351 1084 5423 ἢν
1131 5353 1309 5424 ἐαυτῷ
1336 5358 1362 5408 ό
1400 5355 1534 5419 Θεὸς
1586 5359 1667 5421 εἰς
1711 5375 1898 5412 κατοι-

382 5522 403 5551 ⁸
437 5522 627 5578 Matth.
660 5542 778 5591 xm,
814 5527 904 5583 18.
982 5530 1004 5561 ⁵
1027 5530 1148 5586 Act.
1177 5545 1328 5595 xxvn,
1350 5532 1439 5588 99.

1532 5536 1551 5567 ⁶
1584 5533 1777 5590 Matth.
1801 5553 1839 5603 1,
1873 5536 1968 5593 ‘20.

1995 3114 2374 3210 pudenterque
2427 3122 2835 3186 conviciamini,
2890 3118 3074 3177 verbis
3140 3116 3270 3172 licet
3300 3114 3589 3210 honora-re

1993 3206 2285 3289 simuletis,
2364 3221 2459 3293 qui
2512 3217 2696 3274 omnia
2762 3213 2931 3286 gloria
2984 3220 3041 3265 ct
3099 3210 3310 3265 honore
3373 3206 3594 3262 inﬁnite

1993 3320 2243 3394 superior
2307 3325 2412 3371 est.
2481 3309 2683 3378 Quidni
2722 3307 2869 3361 enim
2929 3301 3221 3359 manifesta
3271 3299 3471 3371 injuria
3526 3299 3597 3354 sit

1997 3391 2239 3488 Spoliare
2287 3407 2583 3465 Dominum
2642 3400 2827 3472 gloriae
2885 3404 3162 3467 potestate
3200 3409 3265 3449 ac
3309 3391 3593 3448 dominatu

1995 3485 2375 3564 creaturarum
2431 3511 2680 3560 suarum,
2733 3508 2833 3564 per
2879 3492 2984 3562 71
3018 3503 3183 3559 quem
3226 3485 3410 3541 omnia
3464 3492 3595 3540 sunt

1994 3601 2158 3663 facta,
2216 3606 2272 3652 et
2307 3595 2427 3649 sine
2457 3604 2565 3660 quo
2603 3586 2741 3643 nihil
2770 3598 2962 3640 eorum
3021 3596 3144 3651 quae
3191 3586 3412 3635 exstant
3459 3592 3591 3647 pro-

1994 3693 2219 3749 ductum
2276 3686 2420 3742 fuit?
2463 3683 2520 3738 Si
2565 3681 2712 3737 enim
2769 3674 3102 3747 evangelicis
3163 3670 3591 3744 apostolicisquc

1994 3784 2227 3840 monitis
2312 3776 2607 3851 pareretis,
2672 3772 3014 3843 rigidamque
3077 3776 3318 3823 vestram
3384 3778 3449 3819 ac
3504 3777 3599 3816 su-

1993 3879 2218 3950 perbam
2296 3873 2567 3930 cervicem
2631 3866 2783 3925 suavi
2838 3864 2968 3935 iugo
3039 3857 3460 3950 supponeretis:
3521 3857 3591 3910 ob

1992 3948 2439 4041 cognoscendum
2508 3964 2686 4020 solum
2763 3958 2945 4029 ipsum
3009 3954 3180 4008 Deum
3249 3966 3374 4005 cum
3435 3948 3596 4002 Patre

1992 4074 2046 4119 et
2113 4064 2359 4134 Spiritu,
2418 4072 2567 4123 eum,
2635 4055 2882 4123 inquam,
2937 4047 3031 4117 qui
3093 4060 3224 4099 vcre
3276 4042 3420 4096 Deus
3475 4048 3593 4105 est;

1993 4162 2133 4218 nihil
2184 4160 2298 4231 jam
2355 4168 2455 4209 vos
2513 4146 2829 4218 impediret,
2894 4137 3189 4231 quominus
3246 4136 3394 4190 hanc
3441 4146 3585 4203 quo-

1997 4270 2107 4325 que
2174 4229 2599 4306 conﬁteremini,
2661 4234 2809 4307 quod
2866 4232 2938 4287 sit
2996 4229 3233 4302 gloriosa
3291 4233 3348 4282 et
3418 4238 3588 4325 sum-

2003 4315 2091 4402 me
2119 4340 2425 4403 benedicta,
2482 4330 2629 4387 haud
2688 4342 2820 4384 sane
2870 4324 3000 4386 Dea,
3037 4321 3135 4376 sed
3194 4320 3291 4375 uni
3346 4318 3459 4374 Deo
3504 4315 3595 4370 in-

2004 4438 2193 4500 ferior,
2229 4430 2380 4489 omni
2435 4436 2618 4483 autem
2670 4427 2937 4478 creaturae
2979 4414 3253 4486 superior.
3318 4410 3478 4480 Quod
3546 4408 3593 4464 si

1994 4531 2193 4588 Filium
2246 4527 2366 4595 ejus
2400 4534 2592 4578 verum
2639 4515 2810 4569 Deum
2864 4527 2976 4567 non
3036 4506 3400 4571 confitemini,
3446 4518 3592 4595 quo?

1995 4623 2162 4679 modo
2207 4593 2390 4675 carnis
2443 4614 2562 4681 ejus
2608 4614 2839 4663 matrem
2888 4598 3277 4658 honor-abitis?
3322 4597 3456 4650 Nam
3489 4593 3583 4663 qui

2000 4718 2169 4771 Deum
2233 4724 2339 4766 nec
2380 4704 2717 4763 confitentur
2773 4713 2877 4753 nec
2939 4696 3235 4759 honorant,
3310 4687 3403 4759 qui
3472 4684 3592 4740 fieri

1997 4816 2177 4880 potest
2226 4813 2287 4860 ut
2336 4802 2409 4866 ei,
2459 4812 2581 4868 quae
2628 4795 2795 4850 homo
2837 4799 2941 4856 est,
2996 4790 3261 4843 honorem
3308 4776 3593 4880 tribu-ant?

1995 4870 2107 4956 bur
2156 4900 2338 4952 autem
2396 4903 2601 4947 matres
2651 4886 2886 4957 quisque
2942 4890 3152 4937 vestras
3195 4870 3593 4944 aquibuslibet

1996 4992 2265 5049 dedecore
2322 4984 2544 5041 affectas
2576 4976 2891 5040 defenditis,
2956 4981 3012 5028 et
3067 4982 3253 5024 earum
3288 4963 3594 5019 oll‘ensores

1996 5080 2346 5144 ulciscimini,
2384 5077 2719 5144 easdemque
2754 5067 2986 5124 omnino
3032 5060 3259 5133 pudicas
3294 5071 3419 5112 esse
3453 5069 3590 5109 con-

2001 5176 2258 5240 tenditis;
2292 5172 2390 5228 Dei
2442 5179 2630 5226 autem
2682 5164 2932 5223 Matrem,
2961 5155 3123 5225 cujus
3156 5150 3429 5240 animaet
3459 5160 3587 5201 cor-

2006 5283 2109 5339 pus
2149 5238 2523 5335 copiosissima
2583 5254 2800 5313 deitatis
2831 5251 2920 5305 lux
2973 5240 3305 5342 puriﬁcavit,
3354 5238 3591 5304 ideoque

2007 5338 2252 5430 qualibet
2288 5355 2529 5409 humana
2584 5362 2747 5404 manu
2777 5340 2926 5409 tangi
2972 5352 3085 5393 non
3140 5338 3342 5405 potuit,
3374 5338 3598 5395 semper

383 5694 585 5767 (7)1Iic
625 5696 818 5751 Latine
868 5698 1049 5753 dicere
1096 5715 1205 5753 non
1260 5701 1539 5769 potuimus
1573 5702 1756 5769 donec,
1783 5716 1851 5757 cx
1890 5700 2079 5757 Graeco
2125 5698 2231 5762 ἕως
2257 5697 2409 5750 πότε.
