3928 6246
359 276 499 343 1339

1714 275 1945 349 PETRI
1998 276 2254 337 SICULI

3504 278 3644 342 1310

353 393 601 463 inquam,
656 391 920 464 virginem
979 406 1197 461 semper
1253 399 1565 462 augustam,
1621 406 1784 461 quam
1843 390 1945 446 sibi

2052 390 2179 445 κίαν
2212 391 2628 461 ὲξελέξατο,καὶ
2654 391 2819 446 πάλιν
2832 391 3057 448 διελθὼν
3080 394 3479 465 κεκλεισμένην
3503 407 3640 449 κατ’

354 485 504 543 Deus
534 487 602 542 ad
642 485 1062 541 inbabitandum
1122 485 1640 556 delegit,quamque
1670 485 1836 540 etiam
1880 485 1938 540 in

354 588 517 651 partu
566 580 807 635 clausam
854 594 977 634 esse
1024 578 1171 645 sivit,
1215 578 1545 650 virginitatis
1598 577 1719 634 luce
1777 592 1943 647 supra

354 673 488 730 solis
528 673 714 728 radios
752 672 1158 741 splendentem,
1209 671 1512 743 impudenti
1558 688 1657 727 vos
1720 672 1944 727 audaci-

352 780 463 834 que
506 765 841 820 contumelia
892 764 1147 821 allicitis?
1176 764 1329 821 Hanc
1368 766 1488 820 sine
1534 764 1702 820 dubio
1741 765 1943 821 adver-

353 874 451 914 sus
518 875 613 915 vos
652 859 946 914 ulciscetur
978 858 1150 915 Filius
1203 860 1324 929 ejus
1365 869 1422 916 et
1473 860 1719 916 universi
1751 860 1945 916 mundi

351 951 520 1008 Deus.
577 951 754 1021 Atque
785 951 916 1007 hinc
943 960 1095 1021 patet
1127 952 1374 1022 nequitia
1417 961 1625 1019 vestra,
1662 954 1792 1009 dum
1836 968 1948 1009 non

352 1044 530 1098 solum
576 1052 760 1099 vestra
804 1045 1041 1113 panditis
1091 1046 1507 1115 perversissima
1530 1047 1809 1118 dogmata,
1841 1062 1942 1103 ve-

350 1152 473 1191 rum
500 1138 663 1192 etiam
700 1147 908 1194 temere
943 1139 1378 1211 stultissimeque
1428 1142 1577 1195 illam
1610 1141 1949 1196 dehonesta-

350 1228 447 1293 tis,
488 1244 649 1299 quam
690 1244 762 1284 ne
802 1230 1067 1286 caelorum
1092 1230 1314 1300 quidem
1353 1230 1589 1286 virtutes
1622 1230 1789 1301 digne
1839 1245 1944 1285 un-

350 1336 514 1390 quam
548 1321 831 1377 celebrare
883 1330 1214 1392 potuerunt.

429 1411 539 1466 VII.
594 1413 759 1468 Aliud
812 1430 1031 1484 quoque
1079 1414 1540 1470 considerandum
1614 1425 1719 1472 est.
1767 1418 1946 1489 Reges

351 1504 581 1567 terreni,
629 1505 714 1559 vel
802 1506 1047 1576 gentium
1080 1505 1360 1576 principes
1412 1507 1500 1561 vel
1523 1508 1811 1577 praesides,
1849 1518 1947 1565 aut

348 1593 505 1649 liberi
537 1595 850 1664 optimates,
883 1597 1133 1665 quaedam
1186 1598 1391 1654 habere
1435 1598 1616 1655 solent
1642 1616 1770 1656 vasa
1820 1602 1945 1672 qui-

346 1688 453 1743 bus
493 1689 594 1759 ipsi
648 1689 748 1745 soli
802 1699 1054 1756 utuntur,
1116 1701 1281 1762 atque
1332 1694 1403 1749 ab
1461 1694 1710 1764 ipsorum
1747 1697 1940 1753 subdi-

349 1790 533 1837 torum
579 1783 838 1839 manibus
865 1800 1092 1854 prorsus
1114 1786 1263 1858 tangi
1305 1803 1414 1843 non
1462 1788 1614 1851 licet,
1663 1806 1786 1861 quae
1824 1807 1940 1847 me-

349 1882 468 1929 tum
518 1874 812 1944 quemdam
865 1877 952 1931 vel
995 1878 1112 1933 solo
1154 1878 1405 1946 inspectu
1466 1881 1739 1950 iujiciunt.
1800 1882 1943 1939 Sunt

347 1964 482 2020 item
527 1967 776 2021 nonnulli
824 1982 1015 2023 eorum
1058 1970 1296 2041 cognati.
1332 1987 1398 2027 eo
1429 1973 1603 2043 magis
1634 1975 1702 2030 ab
1753 1976 1935 2031 omni-

346 2056 454 2112 bus
514 2058 843 2125 honorandi,
893 2076 1003 2129 quo
1035 2061 1157 2117 illos
1185 2078 1389 2133 genere
1441 2066 1668 2135 propius
1710 2068 1941 2123 contin-

351 2160 508 2221 gunt.
570 2151 712 2217 Quid
746 2161 929 2206 autem
984 2170 1304 2225 germanum
1371 2157 1546 2228 magis
1578 2167 1675 2213 aut
1704 2160 1935 2230 propin-

349 2240 512 2309 quius
564 2243 776 2296 matre?
827 2242 985 2308 Quod
1035 2245 1081 2301 si
1110 2244 1201 2301 Dei
1236 2247 1342 2317 72
1382 2246 1556 2303 Mater
1606 2258 1693 2305 est
1742 2250 1941 2305 immu-

350 2332 591 2388 tabiliter
646 2334 940 2400 incarnati,
1010 2352 1326 2408 novumque
1380 2350 1437 2395 et
1468 2341 1667 2395 mirum
1712 2352 1797 2397 est
1847 2358 1943 2413 pa-

352 2431 557 2477 tratum
625 2438 723 2493 per
779 2440 901 2479 eam
951 2427 1295 2497 mysterium,
1347 2429 1687 2501 insuperque
1736 2447 1942 2487 novum

349 2530 581 2585 prorsus
635 2516 738 2571 sub
791 2516 931 2572 cmlo
964 2517 1069 2573 fuit
1115 2519 1383 2589 virginem
1448 2522 1569 2577 sine
1626 2522 1729 2578 viri
1778 2540 1945 2594 opera

349 2621 546 2677 parere
599 2607 806 2674 lilium;
865 2619 1070 2679 quanta
1124 2611 1486 2668 admiratione
1528 2615 1944 2685 reverentiaque

353 2700 581 2772 dignum
635 2702 707 2757 sit
762 2703 1169 2759 sanctissimum
1235 2705 1368 2761 illud
1418 2716 1474 2761 et
1514 2708 1944 2763 sacratissimum

352 2792 611 2860 septum?
649 2790 705 2845 Si
755 2808 887 2864 ergo
939 2793 1243 2850 inanimata
1305 2796 1616 2852 mortalium
1671 2798 1945 2868 corrupti-

350 2884 543 2939 bilium
578 2893 1041 2956 peccatorumque
1075 2887 1363 2944 hominum
1390 2904 1516 2945 vasa
1553 2898 1707 2945 tanto
1736 2891 1948 2945 honore

355 2973 664 3044 dignamur,
733 2985 1045 3047 matresque
1114 2992 1303 3033 eorum
1368 2980 1581 3034 cunctis
1619 2980 1937 3035 earumdem

2044 484 2250 550 έλιπεν,
2286 485 2366 556 τῷ
2401 487 2502 555 τῆς
2531 486 2834 558 παρθενίας
2873 489 3013 558 φωτὶ
3043 489 3184 561 ὑπὲρ
3220 488 3323 552 τὰς
3351 489 3446 542 τοῦ
3486 489 3641 558 ἡλίου

2048 576 2423 648 μαρμαρυγὰς
2457 577 2983 649 άπαστράπτουσαν,
3044 578 3494 650 ἀνεπαισχύντως
3545 582 3643 633 καὶ

2045 670 2291 740 θρασέως
2317 670 2601 744 ὑϐρίζετες
2632 672 2700 743 ἢν
2721 671 3057 743 διεκδικήσει
3093 672 3311 736 πάντως
3349 673 3407 726 ὲν
3450 673 3580 743 ὑμῖν
3609 673 3641 725 ὁ

2044 763 2173 828 Υἱὸς
2204 764 2375 837 αὑτῆς
2394 765 2489 819 καὶ⁸
2503 765 2636 830 Θεὸς
2658 764 2754 818 τοῦ
2792 766 3035 829 παντόςς
3065 758 3263 820 Καίτόι
3294 782 3359 835 γε
3398 766 3462 819 ὲκ
3507 766 3641 820 τού-

2045 873 2142 910 του
2171 856 2448 911 δείκνυται
2501 858 2534 927 ἡ
2586 857 2757 912 κακία
2808 856 2963 926 ὑμῶν
2999 859 3059 911 ὲν
3096 857 3176 927 τῷ
3241 857 3316 927 μὴ
3375 856 3538 928 μόνον
3569 855 3643 911 τά

2047 951 2177 1020 ὑμῖν
2194 948 2458 1005 δοκοῦντα
2489 950 2800 1022 διηγεῖσθαι
2829 950 3178 1021 πάνστρεϐλα
3199 950 3468 1019 δόγματα,
3500 948 3646 1005 ἀλλὰ

2045 1044 2107 1097 τὸ
2135 1044 2444 1116 προχείρως
2471 1044 2567 1098 καὶ
2597 1043 2917 1115 ἀκορέστως
2947 1043 3129 1114 μάτην
3193 1043 3505 1115 ἐνυϐρίζειν
3534 1044 3641 1097 αὑ-

2044 1137 2164 1206 τὴν,
2202 1137 2270 1209 ἢν
2290 1137 2414 1191 οὑδὲ
2430 1137 2540 1192 τῶν
2558 1137 2807 1209 οὐρανῶν
2820 1138 2876 1192 ai
2909 1136 3170 1209 δυνάμεις
3190 1136 3361 1203 ἀξίως
3391 1137 3643 1209 ὑμνῆσαι

2047 1230 2387 1301 δεδύνηνται.

2117 1412 2190 1468 Ζ’.
2221 1412 2496 1467 Σκεπτέον
2516 1411 2690 1467 δὲκαὶ
2719 1411 2894 1475 οὑτως
2926 1428 2941 1445 ο
2972 1412 3024 1465 oi
3055 1410 3298 1481 βασιλεῖς
3321 1412 3421 1483 τῆς
3608 1411 3646 1482 ἢ

2043 1506 2326 1578 ὲθνάρχαι,
2374 1506 2408 1577 ἢ
2467 1505 2821 1577 ἄρχοντες,ἢ
2880 1504 3224 1571 αὑτεξούσιοι
3282 1504 3466 1575 ἔχουσί
3517 1521 3650 1558 τινα

2045 1600 2237 1671 σκεύη,
2260 1594 2342 1662 οἷς
2364 1600 2520 1654 αὐτοὶ
2544 1599 2638 1652 κα)⁵
2671 1600 2823 1670 μόνοι
2848 1599 3108 1671 χρῶνται,
3129 1597 3225 1651 καὶ
3254 1600 3368 1661 τοῖς
3411 1598 3646 1668 ὑποχει-

2056 1694 2189 1765 ρίοις
2216 1692 2394 1747 αὐτῶν
2432 1693 2665 1763 πάμπαν
2701 1691 3041 1762 ὑπάρχουσιν
3058 1692 3329 1763 ἀπρόσιτα
3351 1692 3448 1744 καὶ
3476 1691 3646 1759 ἀνεγ-

2044 1786 2294 1858 χείρητα,
2322 1784 2441 1849 δέος
2481 1785 2815 1856 ἐμποιοῦντα
2851 1784 2947 1839 καὶ
3006 1784 3166 1855 μόνον
3198 1784 3492 1854 ’όρώμενα.
3531 1783 3651 1836 Καὶ

2039 1882 2146 1935 είσί
2192 1898 2339 1943 τινες
2372 1882 2657 1949 συγγενεῖς
2700 1878 2883 1933 αὑτῶν
2934 1878 3136 1939 οἵτινες
3170 1877 3450 1945 ὀφείλουσι
3486 1876 3651 1946 παρὰ

2039 1975 2259 2029 πάντων
2306 1973 2529 2027 πλείονα
2588 1972 2758 2044 τιμὴν
2823 1968 3186 2041 εἰσδέχεσθαι,
3219 1968 3342 2023 καθ’
3395 1970 3524 2022 ὅσον
3571 1970 3648 2037 τῇ

2040 2062 2332 2135 συγγενείᾳ
2383 2060 2861 2133 προσεγγίζουσιν.
2914 2060 2979 2112 Τί
3026 2059 3083 2112 δὲ
3134 2057 3342 2130 μητρὸς
3384 2056 3532 2129 [cod.
3588 2054 3633 2111 f.

2037 2155 2161 2209 156.
2210 2154 2288 2227 b.]
2322 2154 2744 2227 γνησιώτερονῆ
2779 2150 3115 2223 ὲγγύτερονς
3154 2151 3217 2204 Ei
3269 2150 3326 2203 δὲ
3379 2150 3474 2203 καὶ
3504 2147 3651 2201 Θεοῦ

2039 2246 2241 2317 Μήτηρ
2307 2246 2425 2300 ἐστὶ
2480 2242 2904 2315 σεσαρκωμένου
2967 2239 3345 2302 ἁναλλοιώτως
3375 2282 3391 2306 ,
3453 2237 3652 2291 καινὸν

2040 2338 2100 2392 δὲ
2153 2338 2249 2393 καὶ
2278 2337 2585 2409 παράδοξον
2624 2336 2926 2408 μυστήριον
2967 2334 3264 2406 πρόσεστιν
3288 2335 3351 2385 τὸ
3376 2331 3445 2386 δι’
3468 2330 3649 2399 αὑτῆς

2040 2430 2387 2500 τελούμενον,
2418 2428 2579 2484 τοῦτο
2624 2428 2682 2482 δὲ
2729 2427 2812 2481 ἔτι
2845 2427 3004 2498 μόνον
3034 2424 3224 2479 καινὸν
3273 2423 3504 2493 γεγονὸς
3536 2422 3651 2475 ὑπὸ

2043 2523 2136 2576 τὸν
2159 2523 2331 2593 ἥλιον,
2354 2521 2417 2575 τδ
2445 2519 2716 2591 παρθένον
2735 2519 2862 2573 ἄνευ
2885 2517 3079 2588 ἀνδρὸς
3099 2518 3279 2570 τεκεῖν
3311 2515 3450 2579 υἱὸν,
3470 2514 3650 2567 πόσου

2044 2613 2319 2683 θαύματος
2344 2612 2438 2665 καὶ
2484 2610 2651 2682 τιμῆς
2682 2609 2832 2675 ἄξιον
2876 2609 2937 2665 τὸ
2995 2608 3263 2677 πανάγιον
3318 2608 3499 2660 έκεῖνο
3544 2605 3652 2659 καὶ

2042 2705 2362 2776 άγιαστικὸν
2408 2703 2645 2774 ὑπάρχει
2697 2702 2927 2773 τέμενος
2959 2717 2975 2766 ;
3010 2701 3074 2754 Ei
3102 2696 3198 2754 οὖν
3232 2699 3302 2753 τὰ
3346 2697 3519 2767 σκεύη
3572 2696 3651 2750 τὰ

2043 2801 2229 2873 ἄψυχα
2253 2799 2363 2853 τῶν
2396 2795 2606 2868 θνητῶν
2632 2797 2727 2851 καὶ
2753 2794 3012 2866 φθαρτῶν
3044 2793 3139 2848 καὶ
3164 2791 3513 2864 ἁμαρτωλῶν
3540 2792 3651 2845 ἀν-

2047 2896 2281 2965 θρώπων
2307 2890 2569 2960 τοιαύτης
2590 2889 2756 2961 τιμῆς
2802 2886 3105 2953 ἀξιοῦνται,
3134 2887 3230 2941 καὶ¹
3281 2887 3336 2939 ai
3399 2885 3647 2957 μητέρες

2053 2985 2233 3041 αὑτῶν
2264 2984 2376 3047 τοῖς
2416 2981 2684 3054 ὑπηκόοις
2712 2978 2893 3035 αὑτῶν
2911 2978 3078 3033 πᾶσιν
3094 2978 3437 3049 ὑπάρχουσιν
3468 2975 3651 3046 ἀπρό-

349 3066 584 3122 subditis
613 3074 743 3122 sunt
782 3068 1097 3136 inaccessae,
1115 3080 1172 3126 et
1200 3072 1446 3142 cognatis
1482 3072 1739 3129 omnibus
1766 3073 1943 3128 hono-

2053 3092 2192 3129 σιτοι
2222 3076 2318 3130 καὶ
2340 3075 2561 3129 πάντων
2593 3069 2871 3141 συγγενῶν
2901 3069 3249 3141 τιμιώτεραι,
3306 3067 3400 3121 τοῦ
3438 3083 3652 3121 παντο-

350 3161 667 3229 rabiliores;
704 3159 979 3218 Creatoris
1034 3165 1280 3219 omnium
1313 3177 1369 3220 et
1410 3164 1736 3236 Regnatoris
1762 3182 1949 3221 sacra-

350 3252 625 3307 tissimum
653 3254 1041 3324 habitaculum,
1073 3258 1372 3313 animatum
1397 3259 1679 3329 palatium,
1716 3259 1947 3314 thronus

352 3346 735 3402 sanctissimus
780 3332 1040 3420 m'ysticus
1068 3366 1131 3404 ac
1164 3358 1388 3406 sanctus
1425 3352 1620 3422 regalis
1654 3351 1945 3418 thalamus,

349 3440 624 3507 quomodo
676 3440 972 3512 absjjusto
1027 3442 1270 3514 Josepho
1322 3443 1607 3499 adeundus
1660 3444 1876 3510 fuisset,
1917 3462 1950 3500 a

281 3531 289 3537 “
349 3546 533 3595 servo,
576 3533 819 3604 inquam,
891 3535 1031 3591 fideli
1086 3546 1141 3591 et
1187 3536 1340 3606 justo
1389 3536 1657 3593 incarnati
1708 3553 1776 3593 ex
1830 3538 1947 3608 ipsa

348 3622 468 3680 Dei.
492 3626 953 3693 quemadmodum
985 3643 1082 3682 vos
1116 3629 1422 3684 nebulones
1452 3630 1906 3699 blasphematis?_
1936 3688 1941 3693 ,

428 3715 569 3770 Vlll.
604 3716 804 3772 Multas
850 3720 941 3774 ille
997 3720 1241 3789 quidem,
1278 3730 1469 3791 utpote
1513 3722 1650 3791 legis
1710 3722 1943 3793 peritus,

355 3809 572 3863 steriles
614 3810 865 3865 audierat
909 3822 1114 3881 praeter
1165 3823 1385 3867 aatatem
1437 3815 1777 3883 concepisse,
1831 3830 1946 3869 non

357 3900 481 3955 sine
550 3911 734 3956 tamen
788 3902 930 3957 virili
988 3920 1177 3973 opera.
1234 3903 1725 3960 Verumcnimvero
1785 3906 1949 3974 virgi-

355 4006 483 4046 nem
550 3992 672 4048 sine
730 3994 941 4049 semine
998 3996 1299 4065 peperisse,
1372 4012 1643 4066 nusquam
1690 4008 1943 4053 noverat.

356 4084 465 4139 Sed
492 4084 641 4139 enim
673 4086 859 4157 justus
887 4103 1013 4142 cum
1054 4097 1221 4156 esset,
1262 4088 1450 4144 divina
1489 4090 1701 4145 visione
1749 4091 1948 4162 dignus

350 4187 439 4232 est
490 4178 735 4242 habitus,
794 4195 901 4249 qua
934 4180 1182 4236 monitus
1241 4181 1344 4237 fuit
1400 4198 1470 4237 ne
1512 4184 1759 4239 verendo
1817 4184 1949 4240 huic

353 4271 606 4342 prodigio
661 4273 976 4328 subservire
1033 4282 1325 4329 metueret.
1377 4274 1494 4331 Nisi
1531 4275 1677 4330 enim
1720 4276 1793 4331 ita
1818 4277 1949 4332 fuis-

355 4372 464 4429 set,
527 4379 630 4419 cur
685 4365 936 4421 docilitcr
981 4367 1198 4437 jubenti
1234 4368 1429 4439 angelo
1468 4370 1716 4431 credens,
1748 4370 1932 4425 statim

2054 3169 2272 3223 κτίστου
2310 3168 2404 3222 καὶ
2424 3164 2815 3236 παμϐασιλέως
2846 3162 2909 3216 τὸ
2932 3159 3341 3233 πανιερὼτατον
3374 3175 3648 3230 κατοικη-

2054 3265 2259 3334 τήριον,
2285 3259 2634 3329 τδ-ἓμψυχον
2680 3256 2966 3317 παλάτιον,
2989 3257 3018 3308 ό
3049 3254 3316 3323 πανάγιος
3362 3252 3575 3324 θρόνος,
3612 3254 3647 3323 ἡ

2051 3350 2289 3423 μυστικὴ
2322 3350 2415 3404 καὶ
2441 3350 2573 3418 άγία
2599 3347 2851 3419 βασιλικὴ
2885 3345 3065 3417 κλίνη,
3096 3345 3216 3409 πῶς
3260 3346 3370 3415 ἄρα
3404 3343 3646 3414 προσιτὴ

2048 3445 2293 3514 ἐγεγόνει
2341 3442 2539 3513 Ἰωσὴφ
2564 3442 2643 3512 τῷ
2676 3440 2893 3511 δικαίῳ,
2912 3438 3087 3508 δούλῳ
3117 3436 3296 3507 πιστῷ
3339 3436 3649 3505 καὶδικαίῳ

2047 3537 2143 3591 τοῦ
2185 3536 2245 3600 ἐξ
2281 3535 2454 3605 αὑτῆς
2497 3533 2877 3603 σαρκωθέντος
2928 3530 3064 3584 Θεοῦ
3105 3530 3427 3600 ὑπάρχοντι,
3457 3527 3653 3592 καθὼς

2048 3630 2223 3694 αὑτοὶ,
2246 3623 2291 3682 ὦ
2315 3627 2527 3691 πλάνοι,
2553 3626 2891 3696 δυσφημείτε
2916 3641 2931 3691 ;

2120 3719 2201 3774 H'.
2232 3719 2439 3782 Πολλὰς
2470 3718 2568 3788 μὲν
2622 3716 2731 3787 γάρ
2755 3715 2917 3778 αὑτὸς
2964 3714 3041 3777 ὡς
3068 3713 3387 3786 νομομαθὴς
3423 3713 3651 3784 στείρας

2045 3810 2276 3881 ἠκηκόει
2301 3808 2431 3879 παρ’
2468 3807 2686 3878 ἡλικίαν
2715 3806 3159 3876 κυοφορησάσας,
3185 3805 3301 3858 ἀλλ’
3336 3804 3397 3870 ἐξ
3423 3804 3649 3876 ἀνδρῶν

2050 3900 2491 3973 σπερμανθείσας
2526 3917 2539 3930 ⁸
2560 3898 2620 3952 τὸ
2653 3897 2709 3951 δὲ
2734 3897 3000 3968 παρθένον
3032 3897 3289 3968 ἀσπόρως
3316 3899 3520 3958 τεκεῖν,
3554 3896 3652 3949 οὑ-

2047 3996 2195 4050 δέπω
2226 3995 2515 4065 ἠπίστατο.
2546 3993 2767 4056 Δίκαιος
2789 3990 2846 4045 δὲ
2870 3989 2946 4045 ὢν
2982 3990 3190 4060 ἠξιώθη
3223 3993 3323 4060 τῆς
3348 3990 3500 4054 θείας
3540 3990 3649 4042 ὁπ-

2046 4090 2241 4153 τασίας
2267 4087 2532 4159 λεγούσης
2575 4086 2719 4140 ὥστε
2756 4087 2831 4157 μὴ
2879 4084 3183 4156 φοϐηθῆναι
3220 4084 3650 4156 διακονήσασθαι

2048 4183 2126 4253 τῷ
2163 4181 2378 4254 φρικτῷ
2431 4180 2607 4251 τούτῳ
2656 4179 2919 4249 θαύματι.
2964 4179 3028 4232 Εί
3076 4178 3185 4249 γὰρ
3233 4177 3309 4249 μὴ
3362 4176 3521 4230 τοῦτο
3554 4173 3651 4249 ἦν,

2048 4275 2137 4330 διὰ
2168 4275 2221 4343 τί
2254 4273 2522 4337 εὐπειθῶς
2565 4272 2644 4343 τῷ
2680 4272 3072 4343 προστάττοντι
3121 4269 3338 4339 ἀγγέλῳ
3376 4268 3648 4334 πεισθεὶς,

2044 4368 2203 4432 εὐθὺς
2237 4368 2549 4439 ὑπήκουσεν
2594 4365 2861 4437 εἰρηκότι,
2916 4363 3014 4432 Μὴ
3057 4363 3329 4433 φοϐηθῇς
3376 4366 3651 4431 παραλα-

353 4452 751 4523 obtemperavit
795 4455 998 4511 dicenti
1045 4475 1057 4510 :
1111 4456 1233 4512 Noli
1286 4458 1481 4514 timere
1524 4460 1777 4530 accipere
1831 4461 1935 4515 Ma.

2052 4461 2178 4516 δεῖν
2200 4459 2436 4530 Μαριὰμ
2460 4457 2604 4530 (cod.
2632 4458 2670 4512 Υ.
2706 4458 2855 4529 157.)
2877 4456 2994 4525 τὴν
3020 4456 3280 4526 γυναῖκά
3308 4473 3426 4510 σου
3451 4473 3471 4521 ;
3503 4455 3654 4526 Γυνὴ

359 4544 496 4599 riam
528 4546 818 4618 conjugem
856 4551 1044 4604 tuam?
1095 4551 1309 4622 Couqu
1347 4554 1493 4608 enim
1552 4554 1697 4609 illius
1728 4555 1946 4611 interim

356 4634 659 4705 prudenter
721 4638 1027 4705 dicebatur,
1080 4652 1140 4697 ut
1170 4646 1433 4715 mysterio
1470 4645 1722 4701 velamen
1765 4648 1944 4716 ﬁeret,

357 4729 501 4798 quod
538 4730 799 4799 paulatim
841 4734 1301 4792 manifestandum
1353 4747 1492 4807 erat,
1554 4756 1657 4795 ceu
1695 4742 1777 4796 sol
1820 4758 1953 4798 sen-

358 4821 463 4875 sim
510 4830 567 4876 et
614 4838 726 4877 non
768 4822 949 4879 subito
1000 4825 1231 4882 infirmis
1288 4829 1463 4884 oculis
1525 4830 1792 4900 objectus.
1849 4831 1950 4887 At-

358 4921 543 4967 tamen
572 4924 697 4984 post
729 4914 973 4970 divinum
1007 4925 1245 4985 partum,
1273 4918 1385 4988 jam
1418 4936 1533 4974 non
1577 4922 1698 4991 ejus
1726 4921 1952 4992 conjux,

359 5006 458 5061 sed
510 5008 668 5077 pueri
730 5017 905 5063 mater
962 5010 1032 5065 ab
1090 5010 1283 5082 angelo
1335 5013 1480 5068 diota
1536 5024 1643 5070 est.
1695 5014 1954 5070 Jamvero

360 5098 491 5152 hinc
522 5108 751 5169 apparet
783 5101 840 5155 in
888 5111 1040 5157 metu
1080 5110 1137 5157 et
1191 5103 1351 5157 anxia
1388 5104 1726 5161 dubitatione
1781 5106 1954 5162 fuisse

360 5190 689 5257 seniculum,
737 5201 904 5265 atque
943 5195 991 5249 ei
1033 5194 1283 5267 prodigio
1332 5197 1708 5255 obsecundare
1751 5215 1951 5255 veren-

362 5292 493 5334 tem.
547 5282 691 5354 Ergo
743 5285 853 5338 ait:
912 5284 1067 5351 Quod
1113 5287 1259 5341 enim
1300 5287 1356 5341 in
1391 5303 1455 5343 ea
1506 5298 1696 5344 natum
1726 5301 1831 5355 est,
1880 5292 1948 5347 de

361 5370 570 5441 Spiritu
604 5384 793 5430 sancto
828 5376 880 5429 in
919 5392 982 5432 ea
1016 5384 1210 5432 natum
1256 5388 1362 5445 est,
1397 5394 1504 5434 non
1534 5389 1719 5435 autem
1767 5383 1946 5437 aliun-

361 5465 428 5517 de
460 5465 852 5536 ingressum“.
882 5468 1203 5540 Rursusque
1229 5470 1356 5526 alibi
1388 5471 1519 5527 dicit
1548 5474 1777 5545 angelus
1821 5475 1949 5531 Vir-

361 5557 507 5625 gini:
565 5557 632 5610 Et
674 5576 790 5614 ecce
844 5562 1105 5630 concipies
1144 5564 1197 5615 in
1234 5572 1383 5616 utero
1431 5577 1481 5617 ct
1532 5566 1708 5633 paries
1754 5566 1948 5634 ﬁlium,

362 5652 613 5721 dabitque
650 5653 699 5706 ei
758 5652 1017 5709 Dominus
1071 5654 1213 5711 Deus
1267 5658 1514 5711 thronum
1573 5657 1794 5714 Davidis
1843 5678 1946 5732 pa-

439 5762 491 5795 “
534 5762 726 5821 Matth.
758 5781 796 5835 ι,
829 5770 919 5824 20.

2046 4552 2154 4620 γὰρ
2182 4549 2348 4604 αὑτοῦ
2376 4549 2515 4614 τέως
2543 4549 2904 4618 οἰκονομικῶς
2953 4547 3195 4615 ἐλέγετο,
3229 4546 3369 4601 ὥστε
3414 4548 3653 4602 συσκιά-

2047 4643 2238 4710 ζεσθαι
2276 4644 2337 4697 τὸ
2370 4644 2692 4713 μυστήριον,
2724 4643 2989 4695 καὶκατὰ
3033 4640 3230 4712 μικρὸν
3281 4642 3655 4711 παρεκφαίνε-

2050 4736 2177 4791 σθαι
2223 4735 2475 4807 καθάπερ
2515 4735 2668 4804 ἥλιος
2724 4734 2913 4805 ἠρέμα
2973 4735 3069 4787 καὶ
3098 4736 3200 4787 οὑκ
3252 4733 3469 4805 ἀθρόως
3529 4736 3655 4798 ταῖς

2051 4829 2335 4884 ἀσθενέσιν
2397 4829 2584 4899 δψεσιν
2619 4829 3047 4899 ὲκφαινόμενοςο
3088 4827 3229 4899 μετὰ
3275 4827 3333 4881 δὲ
3369 4828 3461 4880 τὸν
3503 4828 3652 4881 θεῖον

2054 4924 2233 4988 τόκον,
2258 4923 2318 4976 οὑ
2349 4924 2486 4993 γυνὴ
2518 4922 2708 4986 αὑτοῦ,
2746 4921 2881 4975 ἀλλὰ
2917 4922 3103 4992 μήτηρ
3159 4919 3254 4973 τοῦ
3286 4919 3511 4974 παιδίου
3544 4921 3653 4975 ὑπὸ

2052 5018 2145 5072 τοῦ
2179 5016 2416 5087 ἀγγέλου
2465 5015 2703 5085 ἐλέγετο.
2752 5014 3033 5069 Δείκνυσιν
3064 5010 3157 5068 οὖν
3180 5014 3433 5068 ἐντεῦθεν
3462 5017 3547 5069 ὅτι
3591 5018 3653 5069 ὲν

2053 5108 2204 5179 φόϐῳ
2239 5108 2334 5161 καί⁵
2384 5106 2598 5177 ἀγωνίᾳ
2629 5101 2695 5178 ἦν
2718 5108 2746 5159 ὁ
2777 5106 3113 5179 πρεσϐύτης,
3152 5106 3227 5176 μὴ
3268 5106 3485 5177 τολμῶν
3517 5107 3649 5162 δια⁴

2051 5203 2279 5272 κονῆσαι
2310 5200 2388 5271 τῷ
2428 5199 2692 5270 γαύματι.
2725 5201 2793 5254 Τὸ
2812 5200 2921 5271 γὰρ
2943 5200 3015 5253 ἐν
3035 5199 3214 5269 αὐτῇ,
3248 5203 3408 5272 φησι,
3434 5218 3654 5270 γεννη-

2056 5295 2183 5359 θὲν,
2203 5295 2272 5347 ἐκ
2292 5294 2640 5362 Πνεύματός
2665 5293 2840 5347 ἐστιν
2868 5293 3053 5362 ἁγίου
3076 5310 3088 5323 ⁸
3116 5295 3175 5346 ὲν
3196 5294 3331 5364 αὑτῇ
3358 5295 3649 5365 γεννηθὲν,

2055 5389 2154 5457 οὐχ
2187 5386 2453 5457 ἑτέρωθεν
2478 5385 2815 5440 ὑπεισελθόν.
2844 5387 2954 5439 Καὶ
2984 5387 3147 5439 πάλιν
3177 5387 3405 5457 ἑτέρωθι
3428 5390 3457 5441 ό
3484 5388 3653 5456 ἄγγε-

2057 5477 2148 5540 λός
2180 5494 2312 5547 φησι
2339 5475 2474 5547 πρὸς
2503 5476 2603 5545 τὴν
2638 5474 2915 5545 Παρθένον
2942 5492 2957 5508 ·
3006 5476 3117 5530 Καὶ
3163 5476 3294 5530 ἰδοὺ
3342 5478 3648 5548 συλλήψει)

2058 5571 2128 5624 ἐν
2150 5569 2385 5639 γαστρὶ,
2418 5568 2517 5622 καὶ
2546 5568 2689 5635 τέξῃ
2724 5568 2883 5634 Υιὸν,
2916 5568 3017 5621 καὶ
3033 5568 3214 5624 δώσει
3244 5569 3407 5635 αὐτῷ
3432 5573 3649 5640 Κύριος

2064 5666 2095 5719 ό
2123 5662 2267 5729 Θεὸς
2285 5661 2391 5718 τὸν
2418 5664 2637 5733 θρόνον
2663 5661 2842 5716 Δαϐὶδ
2872 5662 2979 5717 τοῦ
3002 5662 3230 5732 πατρὸς
3251 5661 3439 5720 αὑτοῦ
3466 5683 3479 5698 ·
3508 5663 3649 5718 ὥστε
