3928 6246
202 250 331 317 1341

1180 248 1438 310 SERMO
1477 248 1537 309 II
1578 243 1981 310 ADVERSUS
2020 246 2505 309 MANICH/EOS.

3350 253 3490 320 1342

198 370 244 421 εἰ
309 364 386 436 μὴ
422 363 486 416 ὲκ
513 361 613 433 τῆς
634 359 905 431 παρθένου
939 360 1037 431 τὴν
1064 361 1244 432 σάρκα
1268 360 1631 432 προσέλαϐεν,
1665 359 1784 428 ἥτις

1895 364 1991 418 tris
2050 362 2223 432 ejus".
2266 362 2662 429 Quamobrem,
2704 363 2809 417 nisi
2873 378 3094 419 carnem
3151 381 3217 420 ex
3266 367 3492 440 Virgine

197 459 447 529 θυγάτηρ
474 452 543 527 ἦν
567 455 662 509 τοῦ
694 454 878 518 Δαὸὶδ,
900 455 1001 508 οὐκ
1027 454 1092 508 ἂν
1122 455 1288 508 Δαϐὶδ
1330 455 1448 509 υἱὸν
1470 455 1633 508 αὐτὸν
1660 455 1789 508 ἑκά-

195 553 389 621 λεσεν,
419 549 586 603 Δαϐὶδ
615 548 724 619 γὰρ
750 549 990 618 γηγενὴς
1018 543 1087 620 ἦν
1117 549 1212 602 τοῦ
1241 549 1514 619 Ἀϐραὰμ,
1544 549 1638 601 καὶ
1693 546 1789 601 τοῦ

208 645 382 714 Ἀδὰμ
412 643 701 717 ἀπόγονος,
731 643 832 695 οὐκ
857 640 1148 711 οὐρανόθεν
1198 642 1259 695 τὸ
1302 643 1463 712 σῶμα
1493 641 1745 712 ἐσχηκώς
1771 657 1786 672 ⁶

193 737 287 789 καὶ
332 736 521 801 πάλιν,
552 736 797 806 Πνεῦμα
815 735 991 805 ἅγιον
1011 736 1407 789 ἐπελεύσεται
1437 735 1537 788 ἐπὶ
1562 734 1660 797 σὲ,
1689 733 1790 788 καὶ

195 831 454 901 δύναμις
469 833 765 900 Ὑψίστου
793 830 1143 885 ἐπισκιάσει
1172 845 1292 884 σοι·
1309 829 1385 883 δι’
1407 829 1439 882 ὃ
1457 829 1554 883 καὶ
1578 829 1642 883 τὸ
1657 846 1793 899 γενο-

194 921 695 991 νώμενονιᾶγιον,
734 921 795 988 ἐξ
820 922 991 991 αὐτῆς
1018 921 1264 992 δηλονότι
1292 920 1659 991 γεννώμενον,
1692 923 1793 974 οὐκ

194 1013 297 1084 ἤδη
329 1014 734 1085 γεγεννημένον
761 1014 855 1066 καὶ
874 1012 1192 1067 ὐπεισελθὸν
1217 1013 1566 1080 ἐπείσακτον,
1603 1012 1792 1085 ὥσπερ

195 1108 246 1160 οἱ
283 1106 603 1163 ἀπαίδευτοι
640 1106 967 1177 φάσκουσιν.

269 1287 348 1341 Θ’.
393 1286 533 1340 Πότε
585 1286 645 1341 δὲ
683 1288 783 1341 καὶ
832 1289 973 1359 ἀνήρ
1030 1306 1116 1353 τις
1162 1289 1371 1354 δίκαιος
1435 1288 1536 1360 τὴν
1595 1288 1792 1343 ἑαυτοῦ

199 1380 432 1449 μνῆστιν
485 1381 630 1453 ὁρῶν
674 1382 1111 1451 ὲγκυμονοῦσαν,
1165 1385 1213 1436 εἰ
1265 1384 1342 1454 μὴ
1413 1382 1792 1455 πληροφορίαν

194 1470 401 1536 δέξοιτο
434 1472 511 1537 ὡς
541 1474 607 1528 ὲκ
637 1473 956 1544 Πνεύματός
977 1477 1125 1531 ἐστιν
1156 1476 1315 1545 ἁγίου
1346 1477 1407 1530 τὸ
1440 1475 1790 1547 τελούμενον,

194 1566 452 1637 ἀνέχεται
486 1570 554 1639 τῇ
588 1570 972 1645 ὲγκυμονούσῃ
1021 1571 1326 1625 συνοδεύειν
1360 1572 1456 1627 καὶ
1497 1589 1792 1643 συμπαρα-

198 1656 405 1725 μένειν,
443 1658 541 1710 καὶ
570 1659 1119 1730 συναπογράφεσθαι,
1156 1659 1307 1733 [cod.
1342 1660 1379 1717 l'.
1418 1663 1524 1717 157
1575 1662 1657 1735 11.]
1695 1662 1791 1716 καὶ

196 1748 499 1813 συνοικεῖν;
544 1747 641 1800 καὶ
692 1749 785 1801 τὸν
834 1749 1099 1819 τεχθέντα
1162 1752 1330 1805 παῖδα
1385 1751 1648 1823 ἀφιεροῦν
1698 1753 1793 1807 καὶ

198 1836 459 1905 ἀγιάζειν
523 1838 668 1892 κατὰ
711 1839 807 1893 τὸν
864 1841 1052 1910 νόμον,
1103 1842 1195 1896 τὸν
1247 1842 1357 1898 τῶν
1414 1844 1588 1913 ἁγίων
1619 1845 1794 1917 ὑπερ-

206 1930 366 1997 άγιον
408 1930 505 1983 xui.
541 1930 724 2002 πάσης
779 1933 1066 2004 ίεραρχίας
1097 1934 1323 2007 δοτῆρα,
1358 1937 1417 1990 ἐν
1456 1936 1673 2009 οὐρανῷ
1702 1939 1796 1992 καὶ

196 2024 294 2075 ἐπὶ
326 2024 435 2094 γῆς
487 2024 840 2095 ὐπάρχοντα;
895 2027 992 2081 καὶ
1048 2029 1380 2097 φυγαδεύειν
1423 2030 1609 2096 αὐτὸν,
1650 2032 1794 2102 μᾶλ-

193 2115 287 2169 λον
318 2115 376 2170 δὲ
432 2118 986 2187 φυγαδεύεσθαιςκαὶ
1016 2121 1082 2174 ὲκ
1127 2123 1228 2191 τῆς
1276 2121 1459 2191 φυγῆς
1499 2122 1596 2175 σὺν
1643 2121 1795 2194 αὐτῷ

196 2210 293 2262 καὶ
322 2211 389 2280 τῇ
414 2210 585 2281 μητρὶ
598 2210 764 2264 αὐτοῦ
790 2212 848 2278 ἐξ
864 2212 1143 2280 Αἰγύπτου
1171 2214 1597 2285 ἐπανέρχεσθαι,
1628 2216 1723 2270 καὶ
1738 2218 1796 2269 ὲν

195 2307 319 2366 ταῖς
347 2304 564 2373 ἑορταῖς
598 2304 777 2374 ἑαυτῴ
808 2310 1143 2375 συναγαγεῖν
1174 2308 1253 2372 είς
1303 2308 1680 2379 Ἰερουσαλὴμ,
1703 2310 1797 2363 καὶ

196 2396 531 2465 ἀπομένοντι
555 2396 869 2464 ὀδυνᾶσθαι,
904 2400 1001 2469 οὐχ
1028 2401 1103 2463 ὡς
1131 2400 1463 2472 πλανηθέντι
1492 2395 1582 2455 οἶα
1622 2402 1795 2468 παιδὶ,

201 2492 278 2559 μὴ
315 2491 549 2559 γένοιτο,
584 2490 698 2544 ἀλλ’
727 2492 811 2545 ὅτι
858 2492 1117 2566 τοιαύτης
1167 2496 1342 2566 χαράς
1392 2513 1452 2548 τε
1507 2496 1601 2551 καὶ
1640 2495 1800 2566 δόξης

196 2584 305 2636 κᾶν
340 2584 481 2654 πρὸς
536 2583 709 2655 βραχὺ
756 2577 1033 2657 ἐχωρίσθη
1067 2606 1082 2654 ;
1121 2589 1215 2640 καὶ
1266 2591 1294 2642 6
1323 2589 1553 2644 τοιαῦτα.
1592 2591 1798 2662 φρικτὰ

196 2678 294 2729 καὶ
342 2676 637 2748 θαυμαστὰ
662 2679 807 2745 ἰδὼν,
838 2680 971 2733 πότε
1012 2682 1119 2735 κᾶν
1163 2683 1417 2754 ἐννοῆσαι
1478 2685 1792 2751 συνουσίαν,

196 2769 229 2839 ἠ
264 2769 645 2842 ἐνθυμηθῆναι
682 2774 826 2827 κατὰ
852 2777 953 2846 τῆς
985 2775 1351 2846 άειπαρθένου
1399 2778 1726 2849 ἐτόλμησεν,
1764 2780 1793 2832 ὁ

195 2864 253 2914 ὲν
301 2864 419 2926 τοῖς
463 2864 557 2917 τοῦ
603 2866 740 2919 Θεοῦ
800 2867 1010 2931 δούλοις
1056 2869 1477 2934 εὐπειθέστατος
1526 2872 1793 2941 ὑπάρχων

194 2956 291 3009 καὶ
329 2956 579 3023 δίκαιος;
620 2958 653 3030 ἢ
695 2960 829 3013 πότε
861 2962 889 3013 ό
943 2960 1077 3024 Θεὸς
1106 2962 1279 3030 Λόγος
1327 2962 1590 3033 ἠνέσχετο
1636 2963 1782 3034 ἵναὴ

1892 455 2243 524 sumpsisset,
2301 470 2424 525 quae
2490 455 2712 510 Davidis
2749 455 2856 509 ﬁlia
2902 464 3040 519 erat,
3082 456 3330 526 profecto
3362 474 3511 512 eum

1890 546 2061 602 lilium
2103 546 2324 601 Davidis
2372 562 2481 601 non
2514 547 2924 618 appellavisset.
2979 548 3085 619 73
3134 549 3303 606 David
3341 550 3490 606 enim

1888 637 1957 693 de
2004 637 2177 707 stirpe
2234 638 2531 693 Abrahami
2574 648 2713 704 erat,
2763 648 2821 695 et
2873 640 2941 694 de
2992 641 3186 695 Adami
3230 643 3489 712 posteris,

1889 747 2001 785 non
2060 740 2244 785 autem
2302 731 2520 786 coalitus
2588 747 2789 801 corpus
2850 733 3103 802 adeptus.
3174 734 3239 790 Ει
3267 736 3487 790 denuo:

1892 819 2132 891 Spiritus
2160 831 2381 876 sanctus
2413 825 2742 891 superveniet
2790 824 2844 877 in
2872 833 2918 878 te
2944 836 2993 878 et
3032 827 3201 879 virtus
3226 826 3491 882 Altissimi

1890 913 2223 969 obumbrabit
2256 915 2353 968 tibi
2384 914 2462 969 7".
2496 916 2627 971 Idco
2655 925 2709 971 ct
2737 918 2881 987 quod
2919 928 3181 974 nascetur
3212 929 3491 985 sanctum,

1889 1023 1957 1062 ex
1995 1007 2111 1078 ipsa
2162 1008 2373 1063 scilicet
2401 1009 2645 1080 genitum
2677 1050 2691 1071 ,
2740 1025 2851 1063 non
2895 1011 3008 1080 jam
3049 1022 3210 1067 antea
3258 1013 3489 1077 factum,

1891 1111 1948 1157 et
1986 1118 2083 1172 per
2116 1103 2550 1173 suppositionem
2582 1103 2989 1172 subinductum,
3024 1114 3085 1160 ut
3117 1105 3274 1162 aiunt
3302 1106 3492 1163 ineru-

1892 1193 2018 1249 diti.
2452 1259 2458 1265 _

1965 1284 2054 1339 IX.
2084 1284 2446 1351 Quandonam
2493 1295 2680 1342 autem
2738 1287 2822 1341 vir
2871 1288 3054 1358 justus
3099 1288 3489 1360 desponsatam

1891 1393 2043 1434 suam
2072 1379 2350 1449 gravidam
2384 1378 2594 1445 videns,
2629 1379 2733 1434 nisi
2770 1379 3155 1435 confirmatum
3181 1381 3233 1435 ei
3271 1381 3488 1444 fuisset.

1891 1486 1921 1525 a
1956 1469 2163 1541 Spiritu
2217 1479 2408 1526 sancto
2454 1470 2510 1526 id
2573 1470 2854 1538 effectum,
2908 1487 3106 1543 passus
3162 1482 3307 1529 esset
3363 1490 3489 1529 cum

1898 1570 2115 1617 uterum
2174 1561 2388 1617 ferente
2437 1562 2543 1617 iter
2575 1561 2756 1618 facere
2785 1572 2844 1619 et
2896 1565 3169 1630 comitari,
3220 1574 3277 1620 et
3327 1566 3491 1621 simul

1899 1655 2157 1723 describi,
2192 1665 2357 1726 atque
2401 1656 2691 1712 habitare?
2731 1659 3009 1728 quomodo
3060 1668 3251 1714 natum
3292 1659 3491 1715 Filium

1895 1764 2221 1804 consecrare
2282 1758 2335 1805 et
2389 1750 2735 1806 sanctificare
2795 1768 2863 1805 ex
2927 1751 3066 1823 legis
3135 1753 3487 1823 praescripto,

1894 1840 2156 1897 Sanctum
2188 1851 2504 1898 sanctorum
2557 1851 2614 1900 et
2660 1844 2829 1900 totius
2866 1846 3081 1900 ordinis
3131 1848 3490 1902 sacerdotalis

1894 1932 1948 1986 in
1976 1933 2114 1988 coelo
2144 1943 2201 1988 et
2222 1933 2277 1987 in
2302 1942 2446 1989 terra
2481 1934 2808 1990 auctorem?
2841 1945 2899 1990 et
2918 1936 3174 1992 eumdem
3202 1937 3328 2007 fuga
3356 1939 3490 1992 sub-

1896 2029 2121 2095 ducere,
2150 2030 2232 2083 vel
2276 2029 2460 2098 potius
2516 2029 2677 2083 simul
2731 2028 2949 2101 fugari?
2980 2029 3047 2085 Et
3090 2031 3160 2086 de
3199 2031 3326 2103 fuga
3361 2048 3489 2087 cum

1896 2122 2088 2177 eodem
2128 2138 2193 2177 ac
2222 2133 2403 2177 matre
2431 2122 2552 2193 ejus
2586 2139 2652 2178 ex
2696 2122 2932 2195 JEgypto
2971 2124 3197 2189 reverti,
3226 2135 3391 2195 atque
3419 2127 3505 2182 ad

1894 2218 2011 2272 dies
2038 2216 2209 2272 festos
2234 2217 2663 2289 Hierosolymam
2689 2218 2870 2287 ipsum
2904 2232 3092 2272 secum
3115 2217 3411 2283 deducere,
3437 2231 3494 2275 et

1894 2308 2005 2364 illic
2034 2324 2100 2363 eo
2121 2318 2443 2363 remanente
2471 2309 2681 2374 dolere,
2711 2309 2856 2363 haud
2888 2324 3025 2363 sane
3071 2310 3139 2364 de
3167 2312 3486 2366 errabundo

1898 2409 1958 2455 ut
1986 2415 2179 2470 puero,
2204 2401 2369 2467 absit,
2400 2401 2494 2456 sed
2534 2401 2661 2471 quia
2690 2408 2841 2456 tanto
2873 2403 3070 2473 gaudio
3100 2410 3158 2457 et
3207 2404 3378 2474 gloria
3404 2405 3491 2459 vel

1898 2493 2048 2548 brevi
2083 2502 2326 2563 tempore
2347 2495 2573 2549 orbatus
2606 2493 2853 2549 fuisset?
2895 2493 3019 2549 Jam
3051 2496 3143 2567 qui
3182 2506 3292 2551 tam
3330 2513 3492 2553 reve-

1899 2587 2067 2640 renda
2107 2601 2173 2640 ac
2203 2586 2340 2640 mira
2386 2586 2634 2653 vidisset,
2671 2588 2950 2657 quomodo
2988 2589 3057 2643 dc
3100 2590 3295 2658 copula
3343 2591 3494 2662 cogi-

1898 2686 2088 2740 tasset,
2118 2678 2203 2733 vel
2227 2678 2523 2748 quidquam
2559 2680 2769 2747 agitare
2822 2680 3009 2736 animo
3048 2682 3312 2739 adversus
3342 2699 3491 2739 sem-

1897 2788 1996 2842 per
2026 2770 2306 2841 Virginem
2358 2788 2528 2828 ausus
2556 2773 2767 2837 fuisset,
2802 2790 2927 2828 cum
2959 2774 3076 2844 ipse
3124 2775 3271 2830 inter
3301 2792 3493 2833 servos

1896 2866 1991 2921 Dei
2023 2867 2513 2922 obedientissimus
2541 2879 2689 2922 esset
2719 2868 3031 2938 acjustus?
3070 2868 3168 2923 Vel
3214 2872 3491 2940 quomodo

1902 2959 2047 3014 Deus
2094 2958 2334 3014 Verbum
2387 2974 2541 3014 suam
2598 2960 2897 3015 secundum
2956 2976 3178 3015 carnem
3234 2972 3491 3027 matrem,

193 3048 342 3102 κατὰ
373 3049 552 3121 σάρκα
580 3052 766 3123 μήτηρ
810 3053 999 3113 αὐτοῦ.
1026 3054 1119 3107 καὶ
1146 3054 1324 3108 ἄλλων
1376 3056 1594 3126 τιθηνὸς
1628 3058 1784 3128 γενή-

1896 3052 2124 3107 aliorum
2174 3068 2393 3122 quoque
2440 3053 2739 3107 liberorum
2796 3053 2913 3108 fieri
2978 3054 3252 3108 nutricem
3287 3056 3490 3111 tolera-

195 3157 354 3193 σεται
391 3158 405 3203 ;
440 3142 473 3212 ἢ
506 3144 637 3197 πότε
671 3146 704 3215 ή
760 3147 1004 3214 παναγία
1049 3148 1350 3219 Παρθένος,
1393 3151 1426 3221 ὴ
1466 3151 1644 3221 ψυχὴν
1698 3153 1794 3205 καὶ

192 3235 378 3306 σάρκα
408 3236 547 3306 ὑπὲρ
574 3237 673 3301 τὰς
725 3239 1014 3309 οὐρανίους
1053 3241 1317 3311 δυνάμεις
1367 3243 1782 3315 κεκαθαρμένη,

191 3327 409 3398 φρίττω
443 3330 643 3395 εἰπεῖν,
684 3330 844 3384 τοῦτο
895 3334 1259 3398 κατεδέξατος
1293 3336 1487 3389 πολλαὶ
1525 3337 1635 3406 γὰρ
1687 3355 1789 3406 γυ-

188 3426 381 3487 ναῖκες
413 3428 547 3497 παρ’
580 3428 714 3497 ἡμῖν
742 3430 855 3490 τοῖς
886 3430 1233 3497 Χριστιανοϊς
1273 3432 1400 3494 εἱσι,
1430 3434 1545 3495 τοῖς
1578 3432 1791 3485 ὲπωνύ-

191 3533 318 3585 μοις
358 3516 600 3587 Χριστοῦ
641 3520 734 3571 καὶ
770 3520 869 3589 τῆς
895 3520 1059 3587 ἁγίας
1110 3523 1335 3593 Μητρὸς
1356 3524 1522 3577 αὐτοῦ
1555 3525 1787 3591 δούλοις,

186 3609 303 3670 τοῖς
334 3605 394 3672 ἐξ
423 3608 595 3676 αὐτῆς
624 3610 1067 3681 νομοθετηθεῖσιν
1092 3614 1229 3683 πρὸς
1263 3615 1489 3683 ἁγνείας
1516 3616 1613 3669 καὶ
1643 3634 1789 3686 παρε-

187 3699 377 3763 θενίας
445 3700 869 3775 ἀσφαλεστάτην
936 3706 1273 3777 συντήρησιν
1311 3748 1326 3772 ,
1397 3708 1601 3772 αἵτινες
1656 3710 1778 3773 ἐνὸς

186 3792 380 3855 παιδὸς
406 3793 645 3864 μητέρες
665 3796 971 3867 γινόμεναι,
1014 3799 1204 3870 ἑτέρου
1236 3800 1428 3869 ἀνδρὸς
1483 3802 1787 3872 συνάφειαν

185 3889 249 3938 οὐ
280 3887 625 3955 προσίενται.
660 3889 771 3942 Καὶ
796 3891 935 3943 εξσὶν
964 3889 1121 3944 ἄλλαι
1162 3891 1219 3944 αἳ
1256 3893 1537 3957 παντελῶς
1583 3895 1788 3948 άνέπα-

1892 3145 2109 3200 visset?
2164 3143 2259 3200 Vel
2298 3145 2577 3215 quomodo
2614 3146 2853 3215 denique
2902 3145 3249 3200 sanctissima
3299 3145 3488 3218 Virgo,

1891 3239 2051 3307 cujus
2078 3238 2263 3291 anima
2314 3247 2372 3292 et
2425 3253 2551 3292 caro
2600 3237 2724 3307 plus
2765 3252 2929 3306 quam
2962 3239 3212 3292 caelestes
3254 3237 3491 3292 virtutes

1892 3333 2180 3403 purificata
2210 3333 2409 3397 fuerat,
2438 3332 2734 3402 quomodo,
2767 3332 3015 3403 inquam,
3046 3334 3097 3388 id
3138 3334 3282 3403 quod
3307 3333 3490 3388 dicere

1892 3427 2091 3481 horreo
2123 3441 2281 3494 passa
2301 3425 2489 3480 esset?
2514 3424 2695 3479 Multae
2718 3424 2861 3478 enim
2897 3434 3027 3479 sunt
3059 3424 3319 3479 mulieres
3343 3424 3490 3494 apud

1889 3518 2372 3583 nos'Christianos,
2392 3518 2484 3587 qui
2506 3526 2710 3573 sanctae
2726 3518 2909 3574 Matris
2922 3518 3043 3587 ejus
3061 3516 3251 3571 famuli
3273 3532 3487 3581 sumus,

1890 3622 2054 3683 atque
2081 3612 2151 3667 ab
2172 3612 2363 3667 eadem
2398 3612 2465 3667 ad
2491 3613 2784 3681 puritatem
2817 3611 3257 3683 virginitatisque
3279 3621 3486 3665 arctam

1889 3706 2199 3761 custodiam
2229 3705 2467 3760 instituti
2528 3704 2756 3768 fuimus,
2800 3704 2987 3759 multae
3033 3714 3184 3767 sunt,
3239 3705 3485 3773 inquam,

1889 3814 2011 3869 quae
2037 3798 2149 3853 filio
2178 3815 2288 3853 uno
2322 3806 2599 3868 suscepto,
2632 3797 2859 3852 alterius
2896 3797 2998 3853 viri
3032 3797 3347 3868 coniugium
3376 3811 3487 3849 non

1889 3891 2212 3946 admittunt.
2260 3889 2404 3944 Sunt
2445 3889 2567 3944 alia:
2616 3905 2739 3959 quae
2772 3904 3001 3959 prorsus
3038 3888 3314 3942 immunes
3358 3902 3485 3956 per-

189 3997 283 4049 φοι
338 3980 694 4051 διαμένουσιν
737 3984 923 4054 πάσης
975 3985 1241 4056 ἀνδρικῆς
1266 3987 1565 4055 συναφείας
1592 4004 1654 4040 τε
1689 3988 1784 4041 καὶ

1891 3994 2113 4039 manent
2153 3983 2326 4040 virilis
2349 3984 2558 4055 copula;
2578 3992 2634 4038 et
2660 3992 2945 4038 contactus
2979 3992 3145 4051 atque
3174 3982 3481 4037 convictus.

185 4075 332 4143 ἁφῆς
357 4073 454 4128 καὶ
483 4075 700 4143 ὁμιλίας
728 4092 743 4106 ⁸
773 4075 917 4149 [cod.
959 4096 995 4131 t.
1030 4079 1159 4153 158]
1192 4080 1284 4133 καί
1314 4098 1422 4151 περ
1452 4082 1521 4134 τὰ
1553 4082 1652 4151 τῆς
1682 4080 1781 4135 τοῦ

1891 4078 2069 4132 Decus
2107 4078 2308 4147 alioqui
2378 4077 2622 4147 Deipara:
2666 4076 2905 4130 visibilia
2958 4076 3142 4130 omnia
3195 4086 3252 4129 ct
3294 4073 3486 4127 invisi.

183 4163 324 4217 Θεοῦ
361 4165 589 4237 Μητρὸς
630 4167 769 4239 ὑπὲρ
797 4169 975 4222 πάντα
1000 4171 1109 4221 εἰσὶ
1152 4171 1222 4225 τὰ
1251 4171 1422 4242 ὁρατὰ
1461 4171 1557 4224 καὶ
1592 4173 1662 4225 τὰ
1692 4172 1784 4225 ἀό-

1891 4166 2010 4223 bilia
2069 4169 2305 4232 excedit,
2361 4166 2473 4221 Deo
2513 4167 2630 4221 solo
2687 4176 2937 4237 excepto,
2993 4163 3344 4236 quantumvis
3375 4162 3485 4234 74

186 4276 348 4327 ρατα,
375 4258 518 4329 πλὴν
554 4260 719 4329 μόνου
754 4261 912 4325 Θεοῦ,
940 4263 1258 4335 ἐνδοξότερά
1288 4283 1346 4319 τε
1383 4266 1476 4320 καὶ
1530 4264 1783 4332 έξαισιώο

1891 4261 2112 4331 gloriosa
2171 4269 2227 4314 et
2282 4260 2503 4315 eximia.
2589 4259 2699 4315 Sed
2767 4269 2823 4314 et
2899 4259 3000 4314 viri
3062 4257 3337 4313 innumeri
3387 4273 3483 4327 pa-

181 4322 349 4419 τερα·
386 4322 485 4402 καί
523 4322 582 4403 οὐ
612 4351 772 4422 μόνον
803 4322 1089 4420 γυναῖκες,
1110 4322 1246 4409 ἀλλὰ
1274 4357 1368 4410 καὶ
1402 4322 1593 4427 ἄνδρες
1624 4359 1782 4412 ἄπει-

1891 4322 2019 4408 riter
2109 4352 2349 4425 virgines
2411 4352 2639 4407 fuerunt
2718 4361 2775 4407 et
2844 4362 2995 4407 sunt.
3032 4352 3088 4406 Si
3140 4367 3270 4421 ergo
3342 4351 3481 4407 viles

186 4456 270 4510 ροι
326 4440 559 4494 τοιοῦτοι
629 4441 891 4513 παρθένοι
944 4445 1201 4513 γεγόνασι
1264 4450 1358 4501 καὶ
1420 4449 1557 4503 είσίν
1588 4450 1686 4521 (8).
1719 4451 1781 4505 Ei

1891 4450 2215 4519 inutilesque
2326 4448 2513 4503 famuli
2629 4448 2953 4518 hujusmodi
3043 4446 3477 4503 charismatibus

179 4532 275 4585 οῦν
312 4533 363 4585 οἱ
418 4533 656 4597 εὐτελεῖς
706 4535 803 4587 καὶ
835 4537 1044 4605 ἀχρεῖοι
1103 4537 1280 4592 δοῦλοι
1321 4541 1580 4594 τοιούτων
1624 4561 1782 4615 χαρι-

1891 4545 2028 4614 .ligni
2059 4543 2351 4609 habentur,
2386 4542 2473 4596 illa
2496 4558 2618 4612 quae
2638 4542 3030 4597 charismatum
3053 4541 3478 4603 divinorumque

182 4623 409 4690 σμάτων
467 4623 829 4695 ἀξιοῦνται,ή
888 4627 1040 4699 πηγὴ
1105 4628 1214 4683 τῶν
1276 4634 1636 4702 χαρισμάτων
1682 4635 1779 4688 καὶ

1891 4645 2148 4693 bonorum
2172 4637 2295 4691 fons
2326 4646 2429 4699 est,
2459 4636 2514 4690 in
2538 4636 2763 4689 nomine
2794 4633 2915 4687 Filii
2938 4635 3045 4700 sui,
3070 4633 3282 4688 Domini
3302 4629 3476 4685 nostri

181 4714 345 4767 θείων
390 4716 610 4787 δωρεῶν
655 4718 946 4789 ὑπάρξασα
997 4723 1055 4774 ἐν
1089 4722 1167 4792 τῷ
1229 4724 1456 4796 ὀνόματι
1507 4728 1601 4780 τοῦ
1642 4728 1775 4782 Υίοῦ

1891 4730 2097 4799 Deique
2123 4728 2255 4783 Jesu
2302 4728 2530 4794 Christi,
2566 4729 2659 4798 qui
2688 4743 2833 4781 unus
2878 4728 2946 4781 de
2985 4737 3172 4781 sancta
3201 4724 3476 4779 Trinitate

179 4810 386 4879 αὐτῆς,
423 4810 628 4881 Κυρίου
673 4812 729 4865 δὲ
784 4815 879 4868 καὶ
903 4814 1041 4868 Θεοῦ
1094 4816 1252 4887 ήμῶν
1313 4800 1489 4889 Ἰησοῦ
1536 4820 1776 4889 Χριστοῦ

1891 4833 1994 4889 est,
2053 4822 2331 4892 quomodo
2377 4836 2578 4891 expers
2622 4820 2789 4875 fuerit
2830 4828 2939 4873 tam
2981 4819 3207 4889 proprio
3252 4826 3309 4872 et
3359 4824 3475 4869 tam

177 4902 274 4955 τοῦ
324 4903 445 4968 ἐνὸς
478 4904 579 4971 τῆς
610 4906 775 4974 ἁγίας
829 4909 1079 4978 Τριάδος,
1109 4910 1225 4976 πῶς
1265 4912 1495 4985 ἄμοιρος
1554 4914 1765 4988 ὑπῆρξε

1891 4916 2152 4987 peculiari
2186 4913 2543 4979 charismate,
2583 4913 2729 4985 quod
2771 4928 2891 4968 cam
2924 4912 3094 4968 solam
3147 4926 3246 4980 pro
3291 4908 3475 4980 digni-

254 5087 272 5116 ⁷
298 5083 437 5137 Luc.
472 5101 509 5149 ι,
542 5083 631 5151 51,
666 5087 755 5142 59.
831 5091 875 5121 ⁷⁸
915 5090 1048 5146 ibid.
1087 5091 1175 5145 '65.

1870 5261 1979 5308 tem
2015 5253 2607 5326 laudavcrunt,primo
2630 5250 2853 5326 quidem
2890 5246 2944 5326 in
2976 5242 3273 5326 evangeliis
3305 5242 3469 5299 Chri-

1870 5334 1988 5378 stus
2018 5324 2300 5387 Dominus,
2331 5315 2527 5378 deinde
2560 5315 2761 5376 Paulus
2783 5321 2837 5373 in
2858 5315 3472 5381 epistolis,'etJoanncs

1870 5395 1924 5469 in
1958 5394 2326 5469 Apocalypsi?
2376 5394 2523 5449 Nihil
2556 5395 2817 5461 deinceps
2846 5388 3161 5469 ell'ecqrunt
3205 5396 3282 5440 tot
3307 5387 3467 5469 lucu-

1868 5464 2228 5538 lentissimis}
2262 5483 2383 5535 qua),
2437 5474 2679 5538 exstant,
2742 5478 2860 5538 pro_
2887 5464 3205 5538 vit'giuitatg
3248 5464 3470 5524 scriptis

1866 5535 2120 5591 Clemens
2173 5525 2474 5598 Romanus,
2523 5525 2774 5606 Basilius,
2822 5525 3125 5606 Griegorius‘
3163 5525 3463 5606 NysscIIUS.

1869 5608 2308 5679 Chrysostomus,
2329 5599 3083 5679 Epiphanius,Hieronymus,
3100 5599 3461 5671 Augustinus,

1870 5678 2133 5749 [sidorus,
2169 5679 2418 5748 aliique?

246 5248 325 5319 (8)
358 5248 440 5302 En
482 5247 661 5303 adhuc
699 5266 896 5303 novatn
938 5250 1011 5319 pii
1044 5251 1327 5305 caelibatus
1355 5251 1755 5307 laudationem.

175 5319 241 5374 Et
278 5320 502 5390 quidem
536 5320 732 5374 nobilis
754 5321 1000 5376 laudator
1030 5322 1285 5390 apparuit
1316 5322 1566 5377 caelibum
1614 5323 1757 5376 mul-

175 5400 361 5463 torum
392 5388 483 5463 sui
532 5391 793 5463 temporis
816 5388 1258 5447 Christiahbrum
1285 5408 1513 5462 niagnns
1537 5408 1755 5463 quoque

175 5458 516 5516 eiesaricnsis
546 5458 814 5533 Eusebius
839 5464 893 5516 in
935 5479 1113 5533 nuper
1141 5463 1356 5518 detecto
1378 5458 1757 5532 Theophanite

174 5548 336 5601 opere
372 5533 466 5584 ΙΙΙ).
506 5547 562 5584 Ill
598 5532 689 5598 9|,
721 5533 811 5587 22.
837 5532 1025 5588 Nihilo
1067 5543 1245 5587 tamen
1290 5535 1472 5589 minus
1506 5534 1755 5588 hodierni

176 5611 509 5673 Sparguntur
558 5603 896 5675 libclli,riqui
957 5606 1059 5675 piae
1108 5605 1436 5672 virginitatis
1498 5607 1754 5659 instituto

174 5676 369 5747 acriter
399 5675 723 5747 detrahunt.
749 5674 895 5730 Nihil
931 5674 1059 5746 ergo
1089 5676 1429 5747 valetiltonor
1460 5685 1757 5747 perpetuus

175 5744 471 5818 virginitati
499 5745 568 5801 ab
617 5746 863 5805 ecclesiae
912 5744 1131 5804 habitus
1160 5745 1181 5798 ζ’
1211 5746 1432 5804 Frustra
1462 5744 1749 5818 virginita-
