3928 6246
392 252 532 317 1343

1748 257 1981 319 PETRI
2037 257 2293 322 SICULI

3543 264 3686 331 13H

394 374 507 422 tate
529 365 783 434 decebat,
808 382 918 438 prae
941 368 1049 425 alio
1080 369 1298 425 mortali
1322 369 1540 442 quovis,
1573 385 1772 443 nempe
1794 378 1856 426 ut
1871 372 1991 428 sine

2114 372 2337 428 τοιούτου
2369 373 2667 432 ίδιαιτάτου
2700 378 2843 450 αὕτη
2868 380 2964 435 καὶ
2998 380 3282 453 ἐξαιρέτου
3311 382 3682 454 χαρίσματος,

394 458 609 514 semine
666 476 847 532 regem
905 460 1199 517 Dominum
1250 464 1515 533 pareret?
1562 464 1743 535 Atque
1796 464 1868 519 ob
1934 463 1990 519 id

396 549 737 608 inaccessum
762 553 923 621 foret,
946 556 1095 625 quod
1132 558 1502 613 reverentiam
1545 558 1630 613 vel
1652 558 1814 613 unice
1844 558 1994 630 cogi-

398 651 570 698 tatum
605 644 822 709 incutit,
858 659 1108 702 sanctum
1135 648 1264 703 illud
1292 658 1347 704 et
1392 651 1749 706 tremendum
1778 652 1994 706 anima-

394 741 511 788 tum
536 751 663 804 vas;
696 737 770 792 ita
798 747 858 793 ut
879 740 1113 795 maxima
1139 742 1527 797 convenientia
1546 753 1714 810 esset,
1740 759 1807 799 eo
1828 758 1993 814 quem

395 828 548 882 solus
582 828 700 898 ipse
728 830 831 885 scit
854 833 1037 897 modo,
1063 849 1188 889 cum
1216 834 1336 903 ejus
1358 834 1677 891 honoranda
1707 845 1761 892 et
1780 844 1990 904 sancta,

396 934 563 990 quam
598 922 666 977 de
700 922 867 979 Maria
899 928 1153 998 sumpsit,
1189 928 1567 985 incarnatione
1596 930 1620 984 ?

470 1120 541 1177 Χ.
568 1122 685 1180 Hoc
715 1125 880 1181 etiam
926 1128 1328 1196 animadverte,
1379 1134 1525 1204 quod
1568 1142 1697 1189 ante
1743 1133 1992 1191 divinum

397 1206 618 1284 quidem
680 1232 897 1287 partum
930 1223 1158 1292 angelus
1199 1223 1442 1295 Josepho
1495 1226 1615 1283 ait:
1679 1226 1765 1281 Ne
1802 1228 1993 1283 timeas

399 1308 636 1376 accipere
657 1308 891 1365 Mariam
910 1314 1184 1386 conjugem
1212 1326 1378 1372 tuam.
1413 1316 1712 1389 Conjugem
1737 1319 1992 1390 appellat,

398 1412 471 1451 ne
497 1397 543 1452 is
569 1401 929 1467 existimaret,
965 1406 1336 1475 suspicionem
1363 1408 1599 1478 aliquam
1627 1425 1750 1465 esse
1772 1411 1839 1466 de
1879 1411 1993 1465 vir-

400 1489 547 1560 gine.
581 1490 711 1546 Post
741 1492 1089 1550 Servatorein
1133 1506 1317 1553 autem
1371 1509 1530 1569 partu
1563 1502 1796 1567 editum,
1847 1504 1994 1561 haud

399 1582 631 1637 ulterius
655 1585 945 1659 conjugem
984 1588 1121 1644 dixit
1153 1605 1166 1643 :
1197 1590 1308 1646 Ceu
1342 1607 1473 1647 sene
1494 1608 1559 1647 ex
1588 1594 1818 1664 patratis
1858 1606 1990 1653 tunc

402 1674 682 1731 miraculis
712 1678 844 1733 satis
870 1680 1193 1735 conﬁrmato
1216 1722 1230 1746 ,
1266 1684 1411 1753 quod
1435 1684 1683 1739 divinum
1715 1685 1845 1741 illud
1877 1684 1988 1742 non

403 1764 704 1821 humanum
745 1779 890 1824 esset
948 1773 1266 1843 negotium:
1307 1774 1563 1830 videlicet
1604 1791 1674 1831 ex
1718 1776 1995 1849 Magorum

400 1858 665 1926 adventu,
691 1862 1011 1933 angelorum
1055 1866 1371 1936 hymnodia,
1414 1870 1719 1940 peregrina:
1754 1880 1810 1925 et
1832 1886 1999 1926 ex0r~

400 1948 629 2004 bitantis
660 1952 829 2007 stella:
861 1970 1027 2009 cursu
1063 1955 1622 2029 insolito,jpastorum
1656 1961 1995 2029 interventu,

402 2049 570 2111 atque
596 2043 650 2096 in
686 2045 882 2114 primis
936 2057 1094 2118 partu
1127 2050 1247 2105 sine
1289 2052 1499 2109 dolore.
1538 2053 1647 2109 Sed
1692 2055 1838 2111 enim
1869 2057 2000 2126 quid

404 2136 522 2191 ait?
547 2138 717 2209 Surge
734 2150 782 2194 et
809 2144 988 2212 accipe
1020 2160 1245 2212 puerum
1283 2162 1346 2201 ac
1373 2157 1601 2203 matrem
1630 2152 1767 2220 ejus,
1800 2160 1849 2205 et
1876 2154 2000 2223 fuge

404 2228 463 2281 in
483 2228 795 2301 zEggptum.
858 2232 920 2287 Et
954 2245 1143 2304 postea
1177 2253 1189 2289 :
1240 2235 1429 2308 Surge,
1485 2240 1685 2309 inquit,
1724 2250 1774 2294 et
1816 2242 1999 2313 accipe

405 2336 653 2389 puerum,
684 2331 734 2375 et
755 2323 888 2377 vade
904 2325 959 2377 in
989 2333 1189 2379 terram
1210 2324 1434 2382 lsraelis
1457 2329 1564 2383 7’“.
1591 2329 1839 2397 Quanam
1866 2348 2000 2389 vero

405 2413 463 2465 in
521 2411 803 2482 Scriptura
860 2418 1197 2487 comperisti.
1229 2420 1403 2490 ipsam
1432 2420 1601 2477 alium
1645 2439 1863 2494 quoque
1902 2440 2000 2494 pe-

406 2504 618 2575 perisse
646 2506 943 2578 aliquando
963 2513 1235 2581 puerum?
1260 2511 1373 2567 Nisi
1392 2512 1532 2569 forte
1545 2530 1613 2569 ex
1634 2516 1805 2570 multa
1818 2526 2001 2572 vestra

408 2597 655 2668 nequitia
694 2615 759 2654 ac
797 2609 1020 2670 stupore
1051 2602 1158 2674 75
1206 2614 1401 2660 contra
1455 2622 1676 2678 semper
1728 2609 2001 2681 virginem

411 2689 813 2764 Deiparamque
857 2694 1082 2751 Mariam
1112 2713 1307 2769 nugas,
1352 2697 1675 2755 latranlium
1715 2716 1871 2756 more
1907 2717 2002 2758 ca-

412 2800 569 2853 num,
600 2803 667 2842 ex
694 2787 914 2860 impuro
942 2805 1039 2847 ore
1067 2801 1251 2848 vestro
1284 2792 1340 2848 in
1374 2807 1589 2849 cassum
1618 2793 1915 2851 eﬁunditis.

2091 464 2230 535 ὅπερ
2258 465 2397 537 αὐτῇ
2441 467 2538 521 καὶ
2599 468 2735 542 μόνῃ
2770 469 2939 535 ἀξίως
2967 469 3293 543 ἔπρεπεν,ἢ
3344 471 3490 543 ἀλλῳ
3549 474 3684 540 τινὶ,

2090 557 2151 610 τὸ
2178 557 2237 623 ἐξ
2282 559 2454 631 αὐτῆς
2511 563 2696 615 τεκεῖν
2741 562 3001 635 ἀσπόρως
3028 564 3120 618 τὸν
3151 564 3380 635 βασιλέα
3435 564 3683 637 Κύριον;

2092 651 2188 703 καὶ
2227 650 2317 705 διά
2370 651 2529 706 τοῦτο
2559 653 2878 726 ἀπρόσιτον,
2915 656 3034 720 δέος
3065 657 3330 728 ἐμποιοῦν
3385 657 3483 712 καὶ
3519 658 3689 727 μόνον

2092 743 2409 813 νοούμενον,
2442 744 2598 814 ἅγιον
2650 746 2747 802 καὶ
2776 747 3007 818 φοϐερὸν
3041 748 3290 820 ἔμψυχον
3336 750 3555 817 σκεῦος,
3586 752 3689 806 καὶ

2092 836 2418 905 συγγένειαν
2471 837 2785 911 ἀκροτάτην
2831 840 3076 912 ὑπάρξαι
3114 841 3216 912 τῆς
3245 841 3413 897 αὑτοῦ
3466 844 3681 915 τιμίας,

2091 926 2166 991 ὡς
2187 928 2355 993 αὐτὸς
2386 929 2549 1001 μόνος
2597 925 2759 1001 οἶδεν,
2793 932 2889 987 καὶ
2943 934 3110 1003 ἀγίας
3147 932 3208 1001 ἐξ
3241 935 3414 1007 αὐτῆς
3466 937 3689 1009 σαρκώ-

2095 1037 2260 1088 σεωςς

2164 1115 2221 1168 1¹.
2254 1114 2456 1169 Σκόπει
2499 1115 2557 1171 δὲ
2590 1118 2687 1171 καὶ
2740 1118 2922 1185 τοῦτο,
2955 1120 3038 1174 ὅτι
3099 1119 3208 1193 πρὸ
3261 1121 3361 1191 μὲν
3402 1119 3498 1175 τοῦ
3535 1120 3687 1175 θείου

2092 1205 2253 1260 τόκου
2275 1209 2303 1261 ό
2340 1207 2571 1277 ἄγγελος
2596 1210 2734 1282 πρὸς
2767 1212 2859 1264 τὸν
2904 1213 3105 1284 Ἰωσήφ
3140 1231 3328 1284 φησιν·
3362 1214 3460 1282 Μὴ
3498 1217 3691 1285 φοϐη-

2092 1294 2206 1364 θῇς
2261 1299 2635 1367 παραλαϐεῖν
2696 1300 2942 1371 Μαριὰμ
3011 1301 3127 1371 τὴν
3198 1302 3457 1374 γυναῖκά
3542 1321 3685 1361 σου.

2096 1390 2339 1445 Γυναῖκα
2388 1393 2445 1446 δὲ
2496 1393 2660 1448 αὐτοῦ
2714 1391 3058 1461 εἷπεν,ῶστε
3104 1399 3179 1468 μὴ
3229 1397 3477 1469 νομίζειν
3519 1399 3691 1453 αὐτὸν

2091 1484 2572 1543 ἐπιϐουλευθεῖσαν
2594 1488 2860 1560 ὑπάρχειν
2886 1489 2983 1560 τὴν
3010 1491 3301 1563 παρθένον.
3337 1492 3494 1546 Μετά
3524 1491 3581 1546 δέ
3594 1492 3693 1545 τὸν

2092 1578 2362 1648 σωτήριον
2391 1577 2572 1643 τόκον,
2607 1579 2793 1633 οὐκέτι
2818 1582 3055 1648 γυναῖκα
3071 1580 3237 1634 αὐτοῦ
3264 1576 3441 1645 εἶπεν,
3465 1581 3545 1644 ὡς
3573 1584 3692 1646 τοῖς

2098 1667 2342 1739 θαύμασι
2371 1672 2485 1734 τοῖς
2509 1670 2633 1725 τότε
2663 1671 2981 1743 γενομένοις
3021 1671 3116 1726 τοῦ
3150 1672 3458 1743 πρεσϐύτου
3487 1674 3694 1737 ίκανῶς

2101 1763 2494 1834 βεϐαιωθέντος
2517 1766 2662 1821 θεῖον
2690 1762 2833 1820 εἶναι
2863 1767 2925 1821 τὸ
2956 1769 3191 1840 πρᾶγμα
3226 1769 3319 1823 καὶ
3349 1770 3449 1823 οὐκ
3479 1768 3696 1841 ἀνθρώ-

2099 1873 2292 1910 πινον·
2326 1857 2470 1927 λέγω
2519 1858 2578 1912 δὲ
2635 1862 2701 1931 τῇ
2748 1859 2861 1913 τῶν
2911 1860 3104 1932 μάγων
3137 1861 3425 1934 ἐπιδημίᾳ,
3451 1864 3519 1935 τῇ
3580 1862 3697 1917 τῶν

2099 1947 2347 2016 ἀγγέλων
2395 1948 2660 2022 ὑμνῳδίᾳ,
2711 1950 2792 2021 τῷ
2853 1951 3007 2019 ξένου
3062 1951 3159 2006 καὶ
3212 1953 3687 2025 παρηλλαγμένου

2099 2040 2332 2113 ἀστέρος
2386 2041 2612 2114 ἐξαισίῳ
2664 2043 2873 2117 δρόμῳ,
2948 2048 3016 2118 τῇ
3070 2046 3181 2099 τῶν
3237 2046 3516 2117 ποιμένων
3570 2049 3701 2102 ἐπι-

2103 2132 2320 2203 στασίᾳ,
2359 2134 2454 2187 καὶ
2496 2134 2602 2205 πρὸ
2624 2133 2853 2202 τούτων,
2902 2138 2971 2207 τῇ
3011 2136 3257 2208 ἀνωδίνῳ
3308 2136 3493 2209 λοχεία
3520 2138 3701 2193 ’ἀλλά

2098 2223 2148 2277 τί
2187 2241 2385 2295 φησιν;
2428 2226 2719 2295 Ἐγερθεὶς
2744 2226 3059 2296 παράλαῶῖ
3082 2228 3151 2282 τὸ
3181 2228 3447 2297 παιδίον,
3466 2230 3703 2300 καὶτὴν

2092 2314 2321 2385 μητέρα
2353 2317 2561 2380 αὐτοῦ,
2588 2318 2687 2373 καί
2702 2319 2889 2389 φεῦγε
2910 2322 2998 2387 είς
3021 2321 3351 2392 Αἴγυπτονο
3382 2322 3480 2376 καὶ
3504 2323 3697 2379 πάλιν·

2110 2404 2425 2475 Ἐγερθεὶς,
2465 2408 2621 2478 φησι,
2666 2408 2977 2477 παράλαϐε
3018 2409 3088 2463 τὸ
3134 2408 3395 2474 παιδίον,
3428 2409 3530 2465 καί
3582 2409 3705 2478 τὴν

2094 2496 2323 2567 μητέρα
2349 2498 2559 2566 αὐτοῦ,
2602 2499 2702 2553 καί
2739 2500 3002 2569 πορεύου
3032 2502 3120 2568 είς
3159 2500 3279 2572 γῆν
3319 2500 3571 2571 Ἰσραήλ
3598 2517 3613 2531 ·
3638 2501 3703 2554 ἐν

2102 2588 2233 2660 ποίᾳ
2261 2589 2319 2643 δὲ
2350 2593 2536 2663 γραφῇ
2576 2583 2735 2663 εὗρες
2762 2591 3001 2666 λεγούσῃ
3036 2591 3209 2666 αὐτὴν
3234 2593 3331 2648 καὶ
3365 2594 3554 2666 ἕτερον
3581 2593 3705 2648 υίὸν

2100 2681 2363 2751 γεννῆσαί
2392 2700 2554 2751 ποτε;
2598 2685 2646 2737 εί
2669 2684 2744 2756 μὴ
2766 2685 2831 2738 ἐκ
2860 2686 3199 2755 κακουργίας
3222 2686 3316 2739 καὶ
3333 2685 3540 2756 πολλῆς
3595 2687 3703 2757 ἐμ-

2104 2773 2435 2846 ϐροντησίας
2488 2778 2632 2831 κατά
2683 2777 2784 2847 τῆς
2844 2777 3237 2851 ’Δειπαρθένου
3281 2780 3376 2833 καὶ
3430 2778 3706 2833 Θεοτόκου

2107 2866 2331 2937 Μαρίας
2352 2867 2454 2931 τὰς
2479 2868 2775 2941 φλυαρίας,
2810 2870 2971 2943 δίκην
3014 2870 3194 2927 κυνῶν
3224 2870 3608 2925 ὑλακτούντων
3635 2872 3707 2925 ἐκ

2108 2958 2219 3013 τῶν
2254 2962 2625 3034 ἀνοσιουργῶν
2667 2964 2825 3034 ὑμῶν
2860 2966 3145 3035 στομάτων
3196 2965 3374 3037 μάτην
3405 2964 3702 3037 ἐκφέρετε.

486 3058 582 3114 ΧΙ.
633 3059 710 3115 De
759 3060 887 3117 ﬁliis
915 3058 1097 3117 autem
1129 3077 1159 3117 a
1185 3059 1425 3132 Josepho
1471 3076 1605 3118 sene
1634 3070 1763 3117 ante
1800 3060 2005 3117 Christi

2178 3053 2282 3107 lA’.
2322 3054 2461 3126 Περὶ¹
2492 3054 2549 3108 δὲ
2584 3055 2694 3109 τῶν
2718 3057 2853 3111 υίῶν
2884 3057 3083 3129 Ἰωσὴφ
3108 3057 3204 3113 τοῦ
3234 3056 3545 3130 πρεσϐύτου
3594 3056 3714 3112 τῶν

416 3150 714 3207 adventum
744 3154 965 3225 genitis,
989 3155 1112 3224 quis
1148 3153 1251 3211 ﬁde
1277 3154 1492 3227 dignior
1526 3155 1681 3210 testis
1718 3154 1810 3219 sit,
1841 3169 2007 3224 quam

417 3244 521 3315 ipsi
548 3246 621 3299 illi
660 3247 860 3314 sancti,
890 3248 985 3318 qui
1017 3263 1207 3304 servos
1236 3264 1295 3303 se
1320 3264 1433 3303 non
1462 3248 1660 3303 fratres
1683 3247 2009 3317 appellant?

418 3340 662 3405 Quorum
705 3356 850 3396 unus
896 3341 1068 3397 dicit:
1119 3341 1353 3397 Jacobus
1408 3341 1505 3397 Dei
1536 3350 1585 3396 et
1630 3341 1845 3396 Domini
1910 3356 2009 3395 ηοο

419 3434 517 3487 atri
568 3434 699 3488 Jesu
766 3433 963 3489 Christi
1028 3452 1205 3490 servus
1250 3436 1293 3501 ⁸,
1354 3433 1613 3489 videlicet
1664 3448 2009 3504 nequaquam

421 3523 613 3579 frater.
648 3524 798 3579 Alter
822 3539 955 3580 vero
983 3541 1003 3580 :
1034 3526 1204 3580 Iudas
1225 3526 1355 3581 Jesu
1384 3526 1585 3580 Christi
1612 3542 1793 3579 servus
1820 3533 1876 3579 et
1896 3540 2011 3579 non

422 3619 585 3681 dixit,
623 3618 811 3673 frater.
847 3618 1154 3688 Statimque
1189 3619 1377 3674 addit:
1433 3620 1602 3691 frater
1627 3628 1808 3673 autem
1845 3618 2011 3672 Jaco-

426 3713 477 3765 bi
502 3712 590 3761 ⁸⁸⁸»
621 3727 911 3766 erroneam
956 3712 1127 3766 veluti
1162 3713 1443 3783 corrigens
1472 3713 1773 3767 multorum
1802 3711 2018 3782 Opinio-

426 3820 577 3868 nem,
610 3804 899 3874 palamque
926 3804 1142 3860 cunctis
1159 3804 1422 3859 nuntians
1452 3805 1645 3859 audire
1665 3803 2012 3859 volentibus:

431 3894 637 3950 Servus
671 3910 816 3958 sum,
845 3911 878 3950 o
918 3896 1189 3962 homines,
1229 3894 1440 3951 Domini
1462 3894 1590 3950 Jesu
1624 3894 1849 3950 Christi.
1906 3893 2018 3948 Cur

429 4003 520 4043 me
562 3988 786 4045 fratrem
828 3990 948 4061 ejus
979 3989 1207 4055 vocatis,
1239 3989 1399 4060 cujus
1425 3988 1695 4059 stupenda
1735 3987 2021 4043 nativitate

429 4083 683 4139 caelestes
717 4099 936 4155 quoque
962 4084 1197 4139 virtutes
1219 4082 1468 4139 attonitae
1498 4081 1741 4146 fuerunt,
1780 4096 1906 4136 cum
1941 4080 2025 4135 di-

429 4176 574 4232 vinae
596 4176 1026 4248 dispensationis
1058 4177 1381 4250 mysterium
1415 4190 1676 4231 enarrare
1706 4173 2025 4246 nequirent?

435 4270 551 4326 Etsi
599 4271 691 4326 ille
732 4272 1052 4328 humanitus
1090 4272 1275 4327 omnia
1328 4270 1517 4326 audire
1554 4284 1665 4324 non
1708 4267 2017 4330 recusabat,

2117 3145 2310 3217 πρώην
2342 3146 2490 3215 αύτῷ
2535 3149 2906 3220 γεννηθέντων
2951 3151 3050 3221 τῆς
3088 3149 3183 3205 τοῦ
3224 3150 3466 3222 Χριστοῦ
3502 3168 3717 3224 παρου-

2119 3238 2263 3304 σίας,
2285 3238 2368 3305 τίς
2395 3240 2841 3313 ἀξιοπιστότερος
2872 3243 3085 3316 μάρτυς
3123 3243 3352 3297 ἐκείνων
3382 3242 3563 3297 αὐτῶν
3590 3244 3716 3298 ἐστι

2117 3332 2363 3398 δικαίων,
2411 3334 2634 3399 δούλους
2682 3336 2910 3400 ἐαυτοὺς
2952 3336 3363 3408 ὁμολογούντων
3405 3337 3514 3391 οὐδ’
3554 3337 3719 3391 ἀδελ-

2122 3426 2291 3497 φούς;
2317 3421 2392 3481 ὧν
2415 3429 2445 3481 ό
2477 3429 2576 3500 μὲν
2600 3428 2801 3501 ἔφησεν
2821 3447 2835 3460 ·
2884 3430 3151 3497 Ἰάκωϐος
3182 3430 3331 3485 Θεοῦ
3361 3430 3460 3484 καί
3493 3429 3723 3499 Κυρίου

2134 3522 2340 3590 Ἰησοῦ
2367 3522 2627 3591 Χριστοῦ
2650 3522 2896 3591 δοῦλος,
2930 3524 3024 3577 καὶ
3052 3524 3152 3577 οὐκ
3179 3523 3409 3594 ἀδελφὸς
3433 3522 3682 3595 δηλονότι
3700 3539 3717 3554 ⁸

2129 3616 2223 3668 καὶ
2245 3615 2273 3667 ό
2303 3615 2509 3686 ἕτερος·
2547 3615 2780 3680 Ἰούδας
2820 3615 3035 3683 Ἰησοῦ
3053 3616 3317 3685 Χριστοῦ
3344 3615 3591 3681 δοῦλος,
3617 3615 3723 3669 οὐκ

2120 3705 2350 3777 ἀδελφὸς
2374 3705 2572 3760 εἰπών’
2603 3708 2697 3760 καὶ
2723 3706 2887 3772 εὐθὺς
2909 3706 3186 3780 ἐπιφέρει,
3216 3708 3482 3778 ἀδελφὸς
3497 3708 3567 3761 δὲ
3601 3709 3723 3762 Ἰα-

2122 3796 2333 3851 κώϐου·
2361 3798 2460 3870 τὴν
2481 3798 2913 3870 πεπλανημένην
2932 3799 3142 3854 ἔννοιαν
3162 3800 3270 3855 τῶν
3294 3800 3507 3854 πολλῶν
3527 3800 3725 3872 ὥσπερ

2120 3889 2598 3961 ἐπιδιορθούμενος
2620 3894 2679 3946 ἐν
2701 3892 2780 3963 τῷ
2801 3893 2997 3958 εἰπεῖν,
3020 3893 3285 3963 ἁθελφὸς
3304 3892 3376 3947 δὲ
3410 3892 3723 3950 Ἰακώϐου.

2126 3985 2222 4038 καὶ
2259 3984 2449 4053 σαφῶς
2494 3986 2630 4040 πᾶσι
2665 3985 3003 4055 διαγγέλλων
3043 3989 3157 4052 τοῖς
3187 3986 3409 4043 ἀκούειν
3441 3988 3728 4044 ἐθέλουσιν

2126 4078 2211 4133 ὅτι
2245 4077 2445 4143 Δοῦλός
2476 4081 2614 4150 είμι,
2647 4080 2963 4151 ἄνθρωποι,
2995 4081 3090 4136 τοῦ
3126 4082 3336 4155 Κυρίου
3371 4082 3548 4153 Ἰησοῦ
3586 4083 3725 4154 Χριο

2132 4171 2281 4227 στοῦ.
2311 4172 2376 4225 Τί
2408 4188 2478 4243 με
2508 4170 2727 4226 καλεῖτε
2756 4172 2988 4243 ἀδελφὸν
3012 4174 3202 4241 αὐτοῦ,
3233 4168 3296 4228 οῦ
3323 4175 3381 4228 ἐν
3399 4173 3478 4245 τῷ
3505 4174 3729 4245 φρικτῷ

2130 4264 2277 4337 τόκῳ
2316 4264 2411 4318 καὶ
2460 4266 2517 4318 αί
2547 4263 2869 4335 ὑπουράνιοι
2912 4265 3175 4337 δυνάμεις
3202 4265 3607 4337 ἐξεπλάγησαν,
3650 4267 3729 4339 μὴ

434 4363 848 4420 inﬁrmitatibus
908 4364 1116 4420 nostris
1164 4363 1474 4436 indulgens.
1529 4362 1666 4417 Nam
1700 4370 1757 4417 et
1800 4359 2005 4430 Joseph

2134 4352 2469 4423 εύποροῦσαι
2499 4353 2602 4425 τῆς
2627 4352 2782 4418 θείας
2822 4354 3139 4425 οἰκονομίας
3171 4354 3334 4427 [cod.
3362 4354 3401 4410 f.
3436 4354 3564 4411 159.
3592 4352 3609 4425 ]
3634 4356 3733 4409 ἀν-

436 4454 637 4512 Filium
690 4457 951 4527 appellari
983 4459 1003 4492 °
1037 4473 1097 4514 se
1139 4457 1391 4525 audiens,
1441 4470 1757 4527 quanquam
1798 4452 2029 4508 minime

437 4556 613 4612 esset,
651 4564 764 4604 non
794 4565 939 4621 aegre
969 4550 1179 4606 ferebat
1211 4567 1225 4604 :
1252 4559 1310 4605 et
1331 4548 1485 4621 quasi
1518 4547 1675 4603 faber
1703 4560 1801 4617 per
1829 4554 2030 4600 contu—

438 4641 657 4696 meliam
688 4658 717 4697 a
754 4644 1111 4699 mendacibus
1142 4642 1345 4700 Iudaeis
1378 4651 1624 4706 vocatus,
1664 4656 1777 4696 non
1825 4640 2031 4694 irasceo

439 4734 621 4790 batur.
658 4735 726 4791 Et
755 4750 784 4790 a
817 4736 975 4791 nobis
1019 4746 1148 4792 ante
1192 4739 1312 4808 ejus
1338 4738 1636 4792 adventum
1679 4748 1744 4789 ex
1787 4732 2031 4803 Josepho

439 4825 678 4897 genitus,
715 4826 941 4893 Jacobo,
971 4826 1228 4898 {inquam,
1270 4826 1417 4893 Jose,
1466 4836 1522 4883 et
1556 4824 1801 4891 Simone,
1839 4832 1895 4878 et
1938 4838 2029 4877 me

438 4932 658 4987 quoque
680 4916 822 4972 Juda
846 4918 912 4983 ιθ,
937 4918 1007 4974 ob
1037 4919 1276 4989 priorem
1306 4926 1553 4975 nostram
1577 4915 2026 4973 incredulitatem

444 5007 703 5077 rejectus,
744 5025 855 5065 non
884 5010 1203 5077 excanduit,
1241 5010 1424 5067 sciens
1451 5014 1706 5067 humanae
1735 5007 2027 5063 inﬁrmita-

441 5098 510 5151 tis
558 5098 928 5172 fragilitatem,
976 5101 1106 5157 dum
1140 5118 1267 5157 eum
1309 5104 1717 5174 alloqueremur
1749 5104 2023 5171 [tanquam

440 5198 601 5247 aetate
631 5195 903 5264 corporali
930 5196 1160 5267 priores,
1197 5196 1429 5269 ideoque
1443 5197 1495 5254 ei
1520 5198 1867 5265 azmulantes,
1891 5210 2021 5266 pro-

2133 4447 2385 4517 αγγεῖλαι
2429 4446 2492 4501 τὸ
2544 4447 2877 4519 μυστήριονς
2929 4449 2981 4502 εί
3026 4450 3124 4503 καὶ
3147 4448 3510 4519 ἀνθρωπίνως
3544 4448 3733 4504 πάντα

2130 4542 2453 4615 κατεδέχετο
2490 4543 2733 4609 ἀκούειν,
2765 4544 3223 4613 συγκαταϐαίνων
3262 4545 3384 4609 ταῖς
3413 4542 3735 4608 ἀσθενείαις

2128 4634 2289 4707 ἡμῶν
2309 4653 2322 4667 ο
2349 4636 2448 4690 καὶ
2480 4637 2591 4709 γὰρ
2619 4637 2717 4691 καὶ
2745 4637 2862 4702 υἱὸς
2897 4638 3097 4710 Ἰωσὴφ
3135 4636 3372 4701 ἀκούων,
3400 4636 3606 4707 καίπερ
3653 4636 3735 4709 μὴ

2129 4729 2206 4783 ῶν
2232 4729 2345 4794 υίὸς
2371 4727 2562 4794 αὐτοῦ,
2586 4730 2688 4784 οὐκ
2709 4730 3100 4801 ἐδυσχέρανεν’
3129 4731 3226 4787 καὶ
3252 4730 3328 4794 ὡς
3352 4729 3563 4784 τέκτων
3585 4730 3733 4783 ὀνει-

2130 4822 2334 4887 δισθεὶς
2388 4823 2494 4877 ὑπὸ
2522 4823 2634 4878 τῶν
2685 4823 2907 4878 πλάνων
2954 4823 3251 4890 Ἰουδαίων,
3295 4823 3397 4878 ούκ
3433 4823 3730 4893 ὠργίσθη·

2133 4914 2229 4968 καὶ
2260 4914 2392 4987 παρ’
2432 4915 2592 4985 ἡμῶν
2632 4915 2742 4969 τῶν
2769 4915 2880 4987 πρδ
2925 4914 3027 4986 τῆς
3066 4915 3234 4971 αὐτοῦ
3268 4915 3578 4987 παρουσίας
3602 4931 3737 4985 γεν-

2131 5004 2402 5077 νηθέντων
2452 5006 2531 5078 τῷ
2581 5006 2778 5080 Ἰωσὴφ
2812 5008 2887 5080 (9)
2944 5008 3225 5075 Ἰακώϐου,
3281 5009 3379 5064 κα)⁸
3416 5009 3600 5080 Ἰωσῆ,
3638 5010 3737 5064 καὶ

2130 5099 2395 5170 Σίμωνος,
2436 5101 2532 5154 καὶ
2575 5102 2711 5173 ἐμοῦ
2740 5101 2909 5157 αὑτοῦ
2951 5102 3143 5169 Ἰούδα,
3175 5102 3235 5169 ἐξ
3268 5102 3529 5165 ἀπιστίας
3569 5102 3739 5173 ήμῶν

2126 5190 2227 5260 τῆς
2259 5190 2453 5263 πρώην
2481 5191 2943 5263 ἀπελαυνόμενος,
2963 5194 3065 5248 οὐκ
3092 5192 3413 5266 ἐμηνίασεν,
3441 5191 3604 5258 είδὼς
3626 5192 3733 5263 τῆς

514 5304 605 5338 ⁷⁸*
632 5306 823 5365 Matth.
855 5327 928 5379 ll,
960 5312 1051 5368 20.
1128 5316 1149 5347 ⁸
1171 5314 1287 5371 Jac.
1325 5330 1365 5385 ι,
1402 5315 1454 5370 1.
1528 5314 1585 5350 ⁸*
1612 5314 1739 5371 Jud.
1770 5314 1822 5369 1.
1898 5314 1919 5346 ³
1943 5310 2007 5366 .lo

2130 5322 2206 5373 vI,
2230 5304 2323 5361 42.
2398 5306 2442 5338 ¹⁰
2468 5306 2789 5378 Matthamt,
2818 5308 2907 5365 55.

523 5435 605 5513 (9)⁸
634 5436 790 5503 Quod
819 5440 1012 5496 beatus
1036 5440 1310 5512 Joscphus
1326 5458 1391 5497 ex
1418 5444 1599 5513 priore
1622 5444 1874 5513 conjuge,
1901 5447 2030 5493 ante

452 5508 673 5584 nuptias
696 5526 833 5584 cum
862 5527 1081 5584 semper
1102 5508 1307 5584 virgine
1335 5508 1522 5578 Mai-ia,
1548 5508 1749 5567 liberos
1772 5508 2031 5584 suscepe-

454 5579 547 5638 ril.
572 5578 663 5647 qui
696 5578 900 5635 idcirco
932 5578 1125 5638 latiore
1162 5578 1323 5639 sensu
1351 5586 1557 5639 fuerint
1579 5584 1775 5640 fratres
1795 5581 2027 5642 Domini,

455 5662 563 5721 non
608 5648 746 5703 Petri
791 5652 951 5719 hujus
979 5658 1377 5721 tantummodo,
1421 5656 1515 5710 sed
1552 5666 1607 5710 ct
1642 5653 2030 5709 nonnullorum

455 5714 677 5775 Patrum
712 5714 981 5778 sententia
1011 5722 1133 5792 fuit,
1160 5741 1300 5796 quos
1321 5714 1452 5784 citat
1472 5743 1540 5783 ex
1572 5725 1805 5783 Baronio
1836 5723 2033 5779 Sandi-

2136 5429 2262 5485 nius
2280 5430 2643 5510 _llist:__famil.
2680 5450 2819 5510 sacr.
2844 5450 2903 5510 p1
2931 5433 3075 5510 423;
3105 5428 3521 5510 contradicente
3546 5435 3739 5510 tamen

2136 5504 2385 5580 apprime
2419 5504 2749 5580 Hieronymo
2772 5498 3192 5580 in_'lll_atth._cap.
3230 5516 3327 5555 xu.
3361 5498 3459 5580 his
3492 5499 3682 5580 verbis
3721 5516 3740 5553 :

2144 5517 2203 5570 np
2249 5520 2385 5557 rime
2420 5517 2749 5567 IIlBI‘OI’leO
2772 5522 2823 5559 ιη
2856 5517 3044 5559 mattn.
3070 5517 3192 5571 cap.
3230 5517 3327 5555 ιιι.
3372 5517 3459 5553 IIIS
3492 5517 3682 5553 vernis
3721 5517 3740 5553 ζ

2144 5593 2162 5625 τι
2194 5517 2426 5637 bunum
2464 5567 2663 5632 fratres
2688 5576 2906 5631 Domini
2931 5577 2999 5630 de
3028 5573 3131 5627 alia
3159 5586 3327 5625 uxore
3354 5568 3563 5639 Joseph
3595 5569 3741 5625 ﬁlios

2145 5664 2163 5695 ι
2217 5646 2597 5715 suspicantur,
2635 5657 2933 5722 sequentes
2982 5644 3341 5722 deliramenta
3367 5642 3742 5722 .apocrypl’i‘o-

2148 5735 2165 5768 ι
2217 5710 2359 5785 rum,
2392 5726 2448 5773 ct
2489 5710 2780 5789 quamdam
2831 5715 3035 5773 Esham
3095 5710 3472 5769 mulierculam
3524 5710 3743 5767 conﬁn-
