3928 6246
251 226 393 293 1345

1234 224 1494 286 SERMO
1529 226 1590 287 Il
1624 224 2028 288 ADVERSUS
2066 226 2549 293 MANICH/EOS.

3403 231 3541 297 1346

246 340 611 413 ἀνθρωπίνης
642 336 932 402 ἀσθενείας
964 336 1027 390 τὸ
1061 336 1362 405 εύόλισθον,
1393 338 1662 408 λεγόντων
1689 339 1848 410 ἡμῶν

1956 350 2079 413 pter
2105 358 2377 398 summam
2404 342 2579 400 nostri
2622 342 2805 400 cordis
2825 343 3155 409 caecitatem,
3178 352 3241 399 ut
3270 344 3346 400 ait
3372 360 3545 401 evan-

248 437 394 508 πρὸς
441 435 629 499 αὐτὸν,
673 432 752 497 ὡς
802 431 899 487 ἆτε
946 430 1184 503 πρώτων
1222 433 1288 503 τῇ
1327 435 1617 504 σωματικῇ
1664 432 1852 505 ἡλικίᾳ

249 527 635 599 ὑπαρχόντων,
666 525 765 579 καὶ
794 524 882 578 διὰ
907 524 1068 579 τοῦτο
1092 524 1545 595 ζηλοτυπούντων
1575 525 1726 597 αὑτῷ
1763 526 1853 581 διὰ

248 621 315 674 τὸ
339 619 529 691 ἀκμὴν
554 617 976 690 πεπωρωμένην
1002 616 1149 687 ἔχειν
1177 617 1276 689 τὴν
1309 617 1561 689 καρδίαν,
1583 616 1660 683 ὥς
1687 634 1852 687 φησιν

251 716 285 768 ὁ
314 713 717 785 εὐαγγελιστής
737 727 752 742 ο
788 704 885 767 καῖ
913 710 1183 780 λεγόντων
1208 711 1412 776 αὐτῶν,
1436 710 1735 780 Μετάϐηθι
1757 711 1853 765 ἐν·

252 807 491 871 τεῦθεν,
522 806 621 861 καί
649 807 875 861 ἄπελθε
899 806 987 871 είς
1019 804 1137 875 τὴν
1176 804 1500 871 Ἰουδαίαν,
1535 805 1639 864 ἵνα
1670 805 1771 859 καί
1796 807 1853 860 οι

249 898 517 969 μαθηταί
569 913 690 953 σου
742 897 1096 967 θεωρήσωσι
1148 897 1223 952 τὰ
1272 897 1421 968 ἔργα
1470 912 1613 962 σου,
1673 898 1714 952 d
1770 900 1853 953 σὺ

254 990 482 1058 ποιεῖς·
513 989 876 1054 ἀπιστοῦντες
902 987 1052 1059 αύτῷ
1082 988 1172 1043 διὰ
1200 989 1263 1042 τὸ
1287 987 1494 1052 ἀτελῶς
1518 988 1851 1055 διακεῖσθαι,

255 1085 353 1139 καὶ
381 1085 550 1154 μήπω
569 1082 652 1154 τῷ
676 1082 817 1153 ἁγίῳ
837 1082 1118 1154 Πνεύματι
1142 1081 1558 1153 βαπτισθέντες.
1585 1082 1700 1151 Τῆς
1720 1081 1854 1151 γοῦν

258 1177 413 1240 θείας
455 1177 782 1246 ἐπιφανείας
810 1175 904 1230 τοῦ
944 1176 1104 1245 ἁγίου
1146 1174 1467 1245 Πνεύματος
1502 1174 1849 1243 ἀξιωθέντες,

257 1271 333 1335 ὥς
360 1287 530 1342 φησιν
556 1272 591 1341 η
622 1270 719 1323 τοῦ
757 1268 1025 1340 ἀψευδοῦς
1072 1267 1393 1339 ὑπόσχεσις,
1424 1266 1522 1320 νῦν
1550 1267 1629 1331 ὡς
1656 1269 1853 1323 τέλειοι

257 1365 486 1429 τελείως
535 1364 665 1435 ὑμῖν
694 1364 829 1418 πᾶσι
854 1364 965 1427 τοῖς
997 1362 1102 1416 ὑπὸ
1122 1362 1215 1416 τὸν
1257 1360 1491 1434 οὐρανὸν
1531 1362 1850 1416 ἐπιστέλλο-

260 1475 382 1528 μεν,
412 1459 494 1511 ὅτι
525 1456 701 1511 δοῦλοί
736 1458 903 1524 ἐσμεν
929 1454 1024 1509 τοῦ
1055 1454 1287 1526 Κυρίου,
1314 1455 1416 1508 οὒκ
1441 1453 1700 1523 ἀδελφοί·
1739 1452 1853 1525 ἐγὼ

256 1547 314 1601 δὲ
350 1545 554 1611 Ἰούδας
602 1545 701 1600 καὶ
746 1543 1026 1611 Ἰάκωϐος,
1059 1543 1285 1613 ἀδελφοὶ
1322 1542 1571 1616 ἀλλήλων
1599 1542 1848 1616 ὑπάρχο-

258 1656 381 1709 μεν.
410 1638 565 1710 Τάχα
590 1638 649 1692 δὲ
685 1638 773 1692 διὰ
797 1637 957 1691 τοῦτο
984 1636 1079 1690 καὶ
1102 1638 1131 1689 ό
1154 1636 1359 1706 Κύριος
1384 1635 1460 1700 ὡς
1491 1634 1853 1708 προγνώστης
1883 1623 1926 1679 Β

254 1731 355 1801 οὐχ
390 1730 472 1783 ὲνί
508 1747 615 1783 τινι
650 1728 711 1796 ἐξ
756 1728 940 1783 αὐτῶν
969 1729 1067 1798 τὴν
1107 1726 1496 1796 Ἀειπάρθενον
1533 1728 1632 1781 καὶ
1663 1728 1856 1781 Θεοτό-

255 1842 354 1878 κον
406 1825 466 1877 ὲν
502 1823 580 1894 τῷ
624 1822 844 1894 σταυρῷ
878 1822 1228 1894 κρεμάμενος
1263 1820 1559 1891 παρέθετο,
1601 1821 1741 1876 ἀλλὰ
1771 1820 1851 1891 τῷ

256 1915 431 1989 [cod.
462 1914 503 1971 f.
560 1914 684 1970 159.
723 1915 779 1970 b.
804 1913 826 1986 ]
854 1914 1103 1985 Θεολόγῳ
1129 1913 1226 1966 καὶ
1258 1914 1475 1984 μαθητῇ
1520 1913 1740 1985 Ἰωάννῃ
1778 1912 1856 1985 τῷ

257 2006 364 2078 υίῷ
420 2004 733 2073 Ζεόεδαίου,
778 2004 869 2058 ἴνα
914 2003 1141 2067 τελείως
1164 2003 1294 2066 τοὺς
1334 2003 1572 2066 πλάνους
1613 2004 1853 2057 ἀποϐου-

256 2098 467 2172 κολήσῃ
495 2099 595 2171 τῆς
626 2096 1054 2169 πεπλανημένης
1082 2096 1263 2151 αὐτῶν
1290 2096 1522 2160 ἐννοίας.
1556 2096 1619 2149 Εἰ
1640 2097 1747 2168 γὰρ
1776 2098 1854 2168 μὴ

252 2190 418 2245 τοῦτο
456 2186 550 2262 ἦν,
593 2191 712 2255 πῶς
749 2190 1031 2260 ἐνεδέχετο
1082 2188 1170 2242 ἴνα
1211 2188 1337 2252 τοὺς
1366 2188 1518 2252 υἱοὺς
1549 2187 1739 2258 αὐτῆς,
1778 2188 1855 2253 ὣς

256 2300 421 2353 φατε,
463 2282 841 2353 ὲάσασα-μεθ’
867 2281 1059 2354 ἑτέρου
1108 2281 1481 2351 συνοικήσειή
1526 2279 1853 2352 Ἀειπάρθε-

258 2394 391 2443 νος;
435 2375 578 2429 Ἀλλ’
632 2374 823 2447 ὥσπερ
859 2369 1016 2437 οὗτος
1053 2373 1082 2426 ό
1110 2372 1384 2443 παρθένος
1424 2372 1521 2425 καὶ
1553 2370 1815 2440 Θεολόγος
1836 2411 1852 2438 ,

257 2467 491 2537 ἀδελφὸς
525 2466 634 2521 ὑπὸ
656 2466 752 2521 τοῦ
778 2464 987 2537 Κυρίου
1025 2464 1271 2533 ἐλέγετο,
1302 2462 1477 2525 οὕτως
1502 2463 1745 2515 κάκεῖνοι
1766 2461 1856 2515 διὰ

254 2559 359 2632 τὴν
402 2559 723 2630 οίκονομίαν
764 2557 987 2626 ἀδελφοὶ
1030 2556 1303 2624 ἐλέγοντο,
1348 2554 1447 2625 οὐχ
1476 2553 1584 2607 ὑπὸ
1605 2552 1701 2607 τοῦ
1735 2555 1853 2607 Ku-

261 2652 405 2724 ρίου,
450 2650 570 2704 ἀλλ’
618 2649 726 2702 ὑπὸ
768 2647 880 2703 τῶν
909 2647 1116 2717 ὄχλων·
1168 2645 1409 2717 οὐδαμοῦ
1438 2646 1549 2718 γὰρ
1599 2644 1854 2716 εὑρήσεις

258 2744 353 2797 τὸν
398 2741 604 2814 Κύριον
650 2741 917 2811 ἀδελφοὺς
948 2738 1115 2794 αὑτοῦ
1145 2738 1368 2802 τούτους
1400 2737 1851 2805 ἁποκαλὲσαντα,

1949 435 2164 506 gelista,
2196 436 2357 506 eique
2386 437 2636 492 dicentes
2668 455 2681 492 :
2719 435 2912 491 Transi
2936 438 3083 501 hinc,
3119 447 3169 492 et
3192 438 3325 492 vade
3356 438 3413 491 in
3447 438 3542 492 Ju-

1948 526 2144 595 dwam,
2169 537 2226 582 ut
2249 536 2298 582 et
2323 530 2400 583 tui
2415 529 2659 598 discipuli
2671 546 2830 599 opera
2850 538 2941 583 tua
2962 546 3079 601 qua:
3092 530 3223 601 facis
3240 530 3452 584 videant
3475 530 3543 587 ¹¹.

1949 623 2226 677 Nimirum
2250 623 2300 678 ei
2336 638 2446 678 non
2483 624 2796 688 credentes,
2825 632 3053 695 propter
3072 633 3315 679 nostram
3347 623 3547 694 imper-

1950 715 2278 781 fectionem,
2331 717 2441 788 76
2482 724 2540 772 et
2586 716 2715 787 quia
2776 716 3022 772 nondum
3073 718 3252 772 sancti
3305 716 3545 788 Spiritus

1948 808 2283 879 baptismum
2325 824 2730 880 receperamus.
2786 808 2896 865 Sed
2924 808 3074 865 enim
3120 817 3311 880 postea
3352 809 3544 865 divino

1950 899 2128 954 sancti
2157 898 2398 970 Spiritus
2432 900 2673 955 adventu
2701 900 2850 972 digni
2876 900 3069 969 habiti,
3096 909 3159 955 ut
3184 900 3402 955 dixerat
3423 901 3546 971 ejus

1950 991 2045 1060 qui
2074 1005 2187 1045 non
2234 990 2503 1045 mentitur
2540 992 2854 1061 promissio,
2880 1008 3030 1047 nunc
3063 1002 3125 1047 ut
3150 992 3377 1063 perfecti
3412 1009 3545 1064 per-

1952 1082 2113 1140 fectis
2155 1083 2313 1138 vobis
2360 1084 2616 1138 omnibus
2655 1092 2928 1155 quotquot
2968 1085 3025 1139 in
3075 1092 3219 1141 terra
3274 1086 3459 1151 vivitis
3502 1086 3546 1119 “

1953 1176 2269 1243 scribimus,
2303 1192 2405 1232 nos
2429 1176 2645 1231 Domini
2671 1192 2862 1233 servos
2890 1193 3011 1234 esse
3038 1193 3148 1233 non
3177 1178 3399 1234 fratres.
3433 1178 3547 1251 Ego

1950 1284 2084 1324 vero
2109 1268 2280 1325 Judas
2312 1279 2366 1324 et
2390 1269 2651 1334 Jacobus,
2681 1269 2882 1325 fratres
2910 1285 3125 1325 sumus.
3162 1268 3417 1325 Fortasse
3444 1285 3551 1325 au-

1952 1372 2062 1419 tem
2099 1364 2169 1419 ob
2192 1363 2246 1419 id
2277 1364 2457 1435 ipsum
2484 1363 2769 1429 Dominus,
2803 1364 2971 1419 futuri
3009 1379 3119 1419 non
3144 1365 3387 1428 nescius,
3410 1380 3553 1420 neu-

1954 1456 2026 1512 tri
2059 1470 2126 1511 ex
2159 1455 2248 1512 his
2277 1471 2497 1527 semper
2530 1455 2816 1529 Virginem
2864 1456 3267 1528 Deiparamque
3296 1456 3351 1511 in
3382 1470 3549 1512 cruce

1955 1545 2206 1615 pendens
2238 1546 2666 1615 commendavit,
2689 1548 2789 1604 sed
2824 1547 3026 1603 Joanni
3051 1548 3343 1618 discipulo,
3375 1546 3547 1602 Joan-

1955 1636 2035 1702 ni,
2067 1636 2314 1706 inquam,
2355 1636 2602 1693 Zebedaai
2630 1637 2762 1705 ﬁlio,
2789 1646 2850 1691 ut
2878 1637 3104 1691 omnino
3135 1638 3432 1692 mendaces
3449 1636 3551 1693 Ju-

1955 1726 2104 1783 daaos
2133 1742 2165 1781 a
2186 1742 2286 1781 sua
2310 1725 2445 1783 falsa
2468 1727 2732 1798 opinione
2758 1728 3086 1783 retraheret.
3126 1727 3244 1783 Nisi
3284 1728 3431 1782 enim
3460 1743 3549 1785 res

1954 1817 2029 1872 ita
2060 1833 2120 1873 se
2155 1818 2405 1882 haberet,
2440 1818 2714 1888 quomodo
2745 1832 2941 1887 passus
2969 1826 3134 1881 esset,
3176 1826 3239 1871 ut
3272 1816 3401 1871 ﬁliis
3436 1818 3552 1873 suis

1954 1918 2016 1965 ut
2057 1924 2158 1965 vos
2192 1908 2393 1978 {dicitis
2436 1908 2681 1975 omissis,
2722 1923 2851 1963 cum
2881 1908 2989 1961 alio
3029 1907 3304 1961 habitaret
3342 1906 3553 1980 Virgo?

1954 2002 2157 2057 Verum
2189 2010 2249 2057 ut
2282 2002 2375 2057 hic
2411 2002 2568 2074 virgo
2602 2009 2657 2057 et
2683 2001 2994 2073 theologus.
3040 1999 3209 2055 frater
3236 2014 3267 2054 a
3316 2000 3554 2056 Domino

1953 2095 2353 2166 appellabatur,
2386 2095 2462 2150 ita
2495 2106 2552 2151 et
2580 2093 2658 2149 illi
2680 2093 3112 2166 dispensationis
3141 2109 3307 2149 causa
3350 2093 3553 2150 fratres

1952 2203 2063 2243 non
2095 2204 2128 2243 a
2158 2188 2390 2244 Domino
2420 2190 2514 2244 sed
2551 2202 2582 2242 a
2618 2188 2795 2243 turbis
2833 2187 3238 2243 vocitabantur.
3262 2187 3549 2257 Nusquam

1953 2281 2100 2337 enim
2148 2281 2455 2352 comperies
2489 2281 2592 2336 hos
2626 2295 2656 2334 a
2712 2279 2945 2335 Domino
2978 2278 3175 2333 fratres
3208 2279 3510 2349 appellatos
3534 2320 3551 2346 ,

1953 2375 2051 2429 sed
2073 2374 2142 2428 ab
2174 2373 2440 2443 apostolis
2460 2380 2673 2427 tantum
2703 2371 2987 2441 turbisque
3031 2385 3099 2426 eo
3131 2370 3290 2425 titulo
3323 2370 3557 2426 denota-

1954 2468 2176 2525 bantur.
2220 2466 2315 2522 Sic
2359 2468 2507 2521 enim
2555 2465 2983 2536 dispensationis
3012 2463 3150 2518 ratio
3180 2462 3407 2519 ferebat.
3443 2461 3554 2519 Sed

1955 2558 2074 2613 haec
2098 2558 2386 2613 hactenus.
2436 2556 2594 2612 Nunc
2633 2570 2916 2611 sacrorum
2958 2552 3399 2608 testimoniorum
3449 2552 3555 2606 ini-

1953 2651 2090 2706 tium
2125 2650 2344 2717 faciam,
2386 2665 2509 2720 qua:
2529 2652 2931 2715 demonstrant,
2965 2648 3033 2702 de
3060 2645 3357 2702 Abrahami
3389 2644 3555 2700 Davi-

1950 2746 2145 2817 disque
2184 2745 2358 2816 stirpe
2385 2752 2558 2800 ortam
2593 2743 2906 2814 Deiparam,
2938 2748 3104 2811 atque
3125 2755 3191 2795 ex
3220 2740 3337 2810 ipsa
3364 2739 3557 2794 Domi-

261 2835 313 2886 εί
347 2833 427 2905 μὴ
464 2834 513 2886 οἱ
546 2831 838 2887 ἀπόστολοι
871 2831 969 2885 καὶ
1009 2831 1059 2882 οἱ
1085 2829 1234 2900 ὄχλοι
1262 2829 1487 2895 τούτους
1514 2828 1689 2893 οὕτως
1717 2830 1852 2883 ὠνό-

1955 2855 2086 2895 num
2133 2847 2383 2895 nostrum
2408 2836 2595 2893 Jesum
2623 2836 2903 2893 Christum
2943 2843 3134 2891 natum
3176 2848 3323 2901 esse,
3368 2847 3552 2904 neque

264 2890 441 2996 μάξον
463 2941 477 2954 ⁸
505 2922 668 2978 τοῦτο
691 2923 801 2994 γὰρ
830 2923 864 2994 ἡ
889 2890 1193 2993 οἰκονομία.
1238 2920 1403 2976 Ἀλλὰ
1428 2890 1603 2976 ταῦτα
1637 2890 1734 2993 μεν
1755 2920 1851 2974 ἐπὶ

1959 2926 2181 2983 aliunde
2203 2940 2405 2998 corpus
2436 2941 2595 2982 suum
2626 2924 2905 2981 habuisse.
2961 2925 2985 2995 ἒ

260 3016 541 3073 τοσοῦτον.
577 3014 700 3070 Τῶν
719 3016 777 3071 δὲ
804 3016 964 3088 ἱερῶν
991 3013 1308 3087 μαρτυριῶν
1331 3014 1583 3070 ἐντεῦθεν
1607 3012 1852 3085 ἀπάρξο-

268 3129 390 3182 μαι,
443 3111 776 3167 δεικνύντων
822 3113 888 3164 ὲκ
915 3111 1237 3181 σπέρματος
1273 3107 1527 3179 Ἀϐραὰμ
1552 3108 1649 3162 καὶ
1687 3106 1853 3161 Δαδὶδ

263 3201 632 3275 γεγεννῆσθαι
654 3203 757 3273 τὴν
783 3202 1071 3267 Θεοτόκον,
1108 3202 1208 3257 καὶ
1236 3200 1296 3269 ἐξ
1329 3202 1502 3274 αὐτῆς
1523 3200 1852 3273 γεννηθῆναι
1878 3202 1973 3258 τὸν
2004 3200 2212 3274 Κύριον
2231 3198 2394 3272 ἡμῶν
2427 3198 2643 3271 Ἰησοῦν
2688 3196 2948 3270 Χριστὸν,
2984 3195 3082 3251 καὶ
3127 3196 3228 3268 οὐχ
3287 3191 3557 3266 ἑτέρωθεν

262 3293 542 3365 ἐσχηκότα
560 3293 621 3347 τὸ
648 3293 830 3364 σῶμα.

339 3389 657 3463 Μαρτυρίαι
702 3390 802 3462 τῆς
845 3388 996 3454 θείας
1050 3388 1278 3462 Γραφῆς
1332 3384 1733 3462 συνηγοροῦσαι
1782 3388 1859 3461 τῷ

266 3484 490 3556 ῥηθέντι
515 3483 684 3555 λόγῳ.

352 3576 456 3630 Ἐκ
476 3575 588 3649 τοῦ
610 3574 765 3630 κατὰ
786 3573 1091 3630 Ματθαῒον
1109 3573 1501 3644 Εὐαγγελίου.

264 3646 294 3665 ⁸
337 3648 533 3732 Βίϐλος
560 3668 830 3738 γενέσεως
870 3668 1047 3738 Ἰησοῦ
1069 3668 1402 3740 Χριστοῦ,κ.
1433 3686 1484 3723 τ.
1516 3668 1567 3724 λ.

2039 3383 2247 3439 Divina:
2295 3380 2595 3454 Scriptum
2639 3378 2973 3446 testimonia,
3019 3393 3142 3449 quae
3183 3378 3417 3435 recitato
3442 3395 3561 3439 ser-

1969 3479 2121 3535 moni
2148 3476 2543 3549 suffragantur.

2045 3571 2129 3626 Ea:
2155 3569 2425 3640 evangelio
2447 3568 2735 3623 secundum
2756 3565 3088 3621 Matt/unum.

2042 3663 2210 3719 Liber
2231 3662 2607 3735 generationis
2636 3659 2769 3715 Jesu
2789 3657 3019 3726 Christi,
3049 3664 3162 3713 etc.

340 3871 648 3943 Sequuntur
671 3874 728 3927 in
767 3875 943 3929 codice
970 3890 1004 3927 a
1032 3875 1072 3945 f.
1104 3872 1207 3929 159
1235 3874 1286 3929 b.
1327 3874 1396 3928 ad
1415 3874 1455 3945 f.
1498 3872 1624 3939 Ml,
1663 3870 1965 3926 testimonia
2003 3882 2070 3924 ex
2100 3865 2310 3932 Genesi,
2341 3863 2647 3937 Evangeliis
2672 3860 2832 3919 Luca:
2863 3872 2913 3919 et
2939 3863 3205 3961 Joannis,’
3230 3859 3390 3941 Paali
3427 3877 3559 3932 apo-

270 3960 395 4017 sloli
419 3960 679 4032 Epistolis
698 3962 769 4016 ad
800 3960 1086 4029 Romanos,
1116 3963 1187 4017 ad
1206 3961 1430 4019 Galatas
1464 3970 1514 4016 et
1544 3960 1615 4015 ad
1637 3959 1984 4015 Timotheum.

345 4119 389 4150 “
420 4117 580 4175 Joan.
622 4135 717 4186 vn,
751 4120 806 4177 5.
888 4122 931 4156 ¹¹
986 4120 1180 4179 Matth.
1215 4138 1362 4189 xxiv,
1411 4122 1501 4178 49.

281 4334 302 4367 ε
351 4309 562 4370 gentes.
608 4302 721 4358 Nos
770 4311 972 4367 autem,
1005 4303 1150 4360 sicut
1182 4303 1240 4359 in
1282 4303 1443 4369 libro,
1468 4317 1633 4373 quem
1664 4308 1857 4373 contra

280 4408 300 4443 ι
354 4375 665 4437 Helvidium
708 4377 1046 4447 scripsimus,
1074 4378 1411 4447 continetur,
1453 4370 1652 4447 fratres
1682 4370 1860 4447 Domi-

280 4442 297 4513 ι
352 4455 431 4522 ni,
458 4468 571 4508 non
598 4450 738 4507 ﬁlios
766 4442 992 4519 Ioseph,
1030 4449 1126 4504 sed
1150 4446 1512 4503 consobrinos
1540 4442 1857 4507 Salvator-is,

1972 4296 2410 4367 (intelligimus.
2434 4304 2541 4350 etc.
2566 4314 2590 4367 ι
2626 4295 2805 4364 Atque
2845 4292 2951 4347 hoc
2976 4290 3138 4362 vulgo
3169 4289 3260 4361 pie
3298 4286 3409 4359 jam
3435 4299 3557 4343 cre-

1965 4366 2114 4426 ditur
2140 4366 2339 4425 intota
2365 4366 2634 4423 Ecclesia.
