3928 6246
389 275 522 340 134Ί
1743 263 1975 328 PETRI

2093 263 2286 326 [CULI
3540 261 3686 327 1348

600 581 952 718 ΤΟΥ
1007 577 1587 716 ΑΥΤΟΥ
1664 575 2363 711 ΠΕΤΡΟΥ
2422 569 3462 712 ΣΙΚΕΛΙΩΤΟΥ

1590 820 1961 909 ΛΟΓΟΣ
2034 817 2459 906 ΤΡΙΤΟΣ.

384 1005 548 1059 Κατὰ
571 1002 911 1059 τῶναύτῶν
945 1001 1369 1059 Παυλικιὰνων
1421 1003 1726 1071 λεγόντων
1771 1003 1864 1056 ὅτι
1919 1005 1950 1056 ὁ
1993 1002 2212 1069 Κύριος
2259 1001 2356 1054 ἐπὶ
2403 999 2512 1071 τοῦ
2545 996 2962 1071 ρείπνουᾼτοῖς
2989 992 3286 1071 μαθηταῖς
3335 990 3527 1071 αὐτοῦ
3566 991 3684 1044 οὐκ

451 1076 680 1128 ἔδωκεν
729 1074 969 1142 ἀληθῶς
1035 1074 1218 1142 ἄρτον
1284 1075 1383 1130 καί
1431 1063 1620 1137 οἷκον,
1681 1073 1846 1129 ἀλλὰ
1890 1063 2306 1141 παραϐολιὶιῶς
2353 1070 2466 1142 (l0)
2513 1067 2702 1137 εἶπεν,
2740 1063 3003 1136 Λάϐετε(
3038 1065 3300 1137 φάγετε,
3344 1067 3417 1118 τὰ
3435 1063 3686 1133 ,ῥήματα

453 1147 640 1201 αὑτοῦ
667 1145 882 1216 λέγων·⁸
926 1146 1028 1200 καὶ
1059 1145 1350 1216 οὐδαμοῦ,
1381 1144 1566 1216 φησὶ,
1599 1147 2004 1214 παρείληπται
2041 1143 2220 1198 τοῦτο
2251 1144 2468 1196 ποιεῖν.

811 1466 918 1537 ⁷⁷
962 1490 1848 1652 EJUSDEM
1961 1487 2536 1643 PETRI
2629 1480 3251 1642 SICULI

1489 1780 1931 1887 SERMO
1993 1777 2598 1887 TERTIUS.

384 2000 624 2060 Contra
653 1996 895 2060 eosdem
930 1995 1366 2066 Paulicianos,
1396 1995 1523 2074 _qui
1556 1993 1778 2074 dicunt
1823 1994 2161 2074 Dominum
2218 1993 2288 2055 in
2327 2012 2498 2055 cana
2542 1991 2880 2074 discipulis
2936 1991 3073 2053 suis
3116 1989 3287 2051 haud
3309 2006 3452 2074 pere
3500 1987 3687 2074 obtu-

467 2079 614 2140 lisse
663 2095 886 2157 panem
933 2095 1004 2136 ac
1029 2077 1268 2157 vinum,
1305 2067 1801 2157 sed-parabolice
1840 2073 2457 2157 lo_eutum,__Sumite,
2502 2067 2916 2143 manducate;
2945 2089 3164 2150 nempe
3194 2069 3385 2132 verba
3423 2087 3541 2130 sua
3570 2067 3685 2128 de-

464 2151 768 2219 notando.
805 2155 1018 2237 Neque
1071 2155 1140 2216 id
1186 2151 1458 2234 usquam
1495 2154 1722 2234 fecisse
1767 2151 2076 2214 traditum
2123 2151 2366 2213 dicunt.

457 2485 500 2540 ι.
535 2485 618 2540 Ειι
654 2483 768 2556 jam
797 2483 865 2540 ad
889 2481 1029 2539 duas
1050 2483 1344 2554 prmdictas
1369 2485 1587 2542 tertiam
1612 2487 1757 2544 hanc
1791 2488 1986 2560 adjun-

2159 2490 2239 2546 A'.
2290 2491 2420 2546 Ἰδοὺ
2470 2490 2611 2561 πρὸς
2656 2491 2770 2553 τοῖς
2813 2487 2936 2542 δυσὶ¹
2979 2487 3163 2558 τρίτον
3196 2485 3330 2557 ήμϊν
3366 2481 3686 2556 προκείσθω

361 2577 566 2649 -gimus
588 2574 1033 2630 lucubrationem
1074 2573 1220 2628 circa
1253 2575 1595 2630 tremendam
1623 2575 1980 2646 divinamque

2093 2583 2382 2654 κεφάλαιον
2419 2584 2548 2654 περὶ
2585 2582 2689 2652 τῆς
2733 2579 2972 2650 φρικτῆς
3021 2579 3120 2634 καὶ
3161 2579 3313 2642 Θείας
3361 2576 3472 2632 τῶν
3504 2575 3687 2644 ἁγίων

361 2680 705 2726 sanctorum
757 2669 1142 2740 mysteriorum
1194 2667 1584 2734 initiationem,
1633 2684 1758 2739 quae
1805 2668 1982 2724 media

2093 2677 2404 2748 μυστηρίων
2445 2676 2724 2745 μυήσεως,
2755 2673 2839 2726 ὄτι
2881 2673 3024 2744 μέση
3051 2673 3150 2740 τῆς
3175 2671 3270 2724 τοῦ
3303 2669 3513 2741 Κυρίου
3552 2683 3681 2736 γενο

386 2763 490 2817 fuit
519 2763 665 2817 inter
693 2762 906 2816 Domini
931 2761 1278 2816 nativitatem
1307 2769 1363 2816 et
1396 2761 1642 2831 ejusdem
1679 2760 1985 2816 crueiﬁxio-

388 2872 540 2911 nem.
577 2855 698 2910 Jam
722 2871 853 2910 vero
889 2855 1036 2925 quod
1066 2855 1292 2910 evidens
1321 2855 1396 2908 sit
1421 2854 1541 2909 haec
1572 2853 1868 2919 institutio,
1903 2853 1984 2908 si-

386 2960 483 3006 cut
513 2950 679 3005 etiam
714 2949 889 3004 sancti
926 2948 1181 3020 baptismi
1210 2964 1274 3002 ex
1306 2964 1447 3017 aqua
1465 2956 1522 3004 et
1553 2947 1761 3017 Spiritu
1789 2957 1981 3002 sancto

388 3057 500 3112 quo
547 3040 851 3096 Christiani
899 3055 1093 3096 omnes
1131 3040 1462 3106 imbuimur,
1506 3053 1686 3109 neque
1723 3039 1791 3093 ab
1849 3037 1980 3107 ipsis

389 3135 507 3190 fieri
548 3133 827 3190 calumnia
856 3132 1053 3201 possit,
1088 3139 1312 3202 propter
1353 3131 1473 3201 ejus
1514 3130 1594 3185 rei
1642 3129 1982 3200 simplicissi-

389 3245 540 3284 mam
562 3231 620 3282 in
647 3227 830 3283 divina
869 3225 1153 3296 Scriptura
1185 3225 1738 3288 demonstrationem,
1767 3223 1980 3278 cunctis

390 3331 477 3377 est
502 3321 866 3392 exploratum.
919 3318 1292 3374 Nihilominus
1330 3317 1384 3371 in
1425 3317 1529 3372 hoc
1563 3308 1728 3372 etiam
1765 3316 1978 3386 simpli-

389 3411 574 3465 ciores
621 3410 880 3480 decipere
917 3417 1192 3464 conantur
1217 3407 1274 3462 hi
1296 3407 1517 3463 scelesti
1547 3406 1796 3462 dicentes
1818 3447 1834 3472 ,
1867 3421 1978 3462 non

2080 2771 2290 2840 νήσεως
2331 2771 2426 2823 καὶ
2469 2769 2570 2838 τῆς
2607 2765 2972 2837 σταυρώσεως
3011 2764 3178 2822 αὑτοῦ
3229 2761 3370 2834 αὕτη
3423 2761 3679 2830 γέγονεν.

2083 2860 2206 2914 Ὀτι
2244 2859 2344 2930 μὲν
2371 2859 2480 2929 γὰρ
2520 2858 2757 2929 φανερόν
2799 2859 2915 2910 ἐστι
2960 2856 3140 2920 τοῦτο,
3177 2855 3253 2918 ὡς
3291 2853 3388 2908 καὶ
3423 2853 3486 2906 τὸ
3521 2852 3682 2920 ἆγιον

2085 2951 2373 3022 βάπτισμα
2397 2951 2458 3004 τὸ
2487 2950 2556 3004 δι’
2590 2949 2783 3013 ὕδατος
2810 2951 2906 3002 καὶ
2941 2947 3256 3018 Πνεύματος
3281 2945 3461 3015 ἁγίου,
3485 2944 3514 2997 ὃ
3536 2944 3683 2998 πάν-

2080 3060 2172 3106 τες
2223 3042 2542 3112 Χριστιανοὶ
2593 3040 2990 3112 βαπτιζόμεθα,
3040 3040 3136 3094 καὶ
3186 3040 3261 3110 μὴ
3315 3035 3683 3108 διαϐληθῆναι

2078 3135 2213 3207 παρ’
2249 3133 2427 3188 αὐτῶν
2467 3133 2786 3204 δυνάμενον,
2817 3133 2892 3197 ὼς
2942 3131 3325 3200 ἀπλουστάτην
3355 3130 3476 3199 ἔχον
3513 3130 3572 3180 ὲν
3603 3129 3677 3199 τῇ

2078 3229 2200 3298 θείᾳ.
2246 3229 2437 3299 Γραφῇ
2482 3227 2585 3297 τὴν
2623 3225 2880 3296 δήλωσιν,
2925 3227 3059 3279 πᾶσι
3107 3221 3374 3294 πρόδηλον
3419 3219 3579 3291 [cod.
3633 3215 3679 3271 Γ.

2077 3319 2177 3374 Ml
2212 3318 2296 3391 1).]
2318 3335 2333 3349 °
2369 3320 2520 3389 ὅμως
2543 3318 2637 3372 καὶ
2665 3319 2723 3371 ὲν
2756 3317 2930 3387 τούτῳ
2969 3314 3266 3387 πειρῶνται
3312 3312 3440 3374 τοὺς
3469 3309 3680 3364 ἁπλου-

2081 3413 2309 3484 στέρους
2365 3409 2731 3465 ὑποκλέπτειν
2781 3409 2831 3462 οἱ
2884 3408 3090 3462 ἀνόσιοι
3129 3406 3411 3474 λέγοντες,
3448 3404 3522 3473 μὴ
3562 3400 3680 3452 δεῖν

390 3515 649 3573 oportere
691 3503 835 3557 hanc
880 3501 1152 3573 liturgiam
1201 3516 1503 3571 peragere.
1552 3514 1732 3570 neque
1766 3514 1981 3556 sacrum

2093 3503 2427 3575 λειτουργίαν
2464 3501 2722 3572 τοιαύτην
2771 3499 3158 3565 ἐπιτελεῖσθαι,
3196 3497 3334 3569 μηδὲ
3381 3495 3485 3565 τῆς
3520 3494 3681 3564 ἱερᾶς

393 3594 622 3666 pretiosi
658 3594 906 3665 corporis
934 3610 999 3649 ac
1025 3593 1312 3664 sanguinis
1340 3593 1558 3648 Domini
1585 3593 1790 3665 Deique
1810 3594 1985 3650 nostri

2093 3596 2295 3668 τροφῆς
2343 3595 2440 3649 τοῦ
2483 3595 2666 3666 τιμίου
2727 3593 2982 3665 σώματος
3025 3592 3122 3645 τοῦ
3165 3588 3373 3660 Κυρίου
3417 3587 3510 3641 καὶ¹
3536 3583 3681 3637 Θεοῦ

393 3687 793 3739 nutrimentum
836 3684 1202 3754 participare,
1249 3699 1472 3740 causam
1509 3685 1732 3755 quidem
1780 3685 1986 3740 nullam

2093 3686 2245 3759 ἡμῶν
2279 3686 2531 3756 μετέχειν
2575 3685 2758 3739 αἰτίαν
2786 3685 3016 3748 ἐντελῶς
3057 3682 3133 3755 μὴ
3175 3681 3552 3753 ἐπιφέροντες,
3589 3677 3684 3729 διὰ

393 3786 620 3840 prorsus
645 3769 960 3837 aﬂ'erentes,
997 3782 1223 3843 propter
1250 3774 1690 3845 evangelicorum
1721 3775 1982 3845 apostoli-

2093 3780 2153 3834 τὸ
2194 3779 2304 3833 τῶν
2351 3778 2726 3848 εὐαγγελικῶν
2776 3779 2870 3832 καὶ
2920 3775 3298 3832 ἀποστολικῶν
3357 3769 3684 3844 μαρτυριῶν

369 3877 695 3942 _corumque
739 3863 1180 3918 testimoniorum
1224 3865 1452 3922 minime
1505 3867 1716 3922 variam
1758 3877 1985 3923 senten-

2093 3872 2373 3928 ἀποίκιλον
2409 3872 2702 3944 γνώρισμα
2722 3888 2736 3903 ο
2782 3872 3034 3941 λέγοντες
3061 3870 3118 3924 δὲ
3165 3868 3326 3941 μόνον
3354 3869 3438 3921 ὃτι
3471 3862 3687 3935 συμϐο-

392 3956 568 4022 tiam;
599 3955 694 4010 sed
727 3956 940 4011 aientes
966 3958 1369 4024 tantummodo,
1398 3957 1607 4014 dictum
1635 3957 1804 4013 fuisse
1836 3973 1983 4030 sym-

395 4049 574 4104 bolice
609 4064 639 4103 a
675 4048 911 4104 Domino
947 4067 960 4104 :
997 4048 1221 4116 Sumite,
1257 4053 1595 4115 manducate,
1639 4061 1688 4106 et
1718 4052 1878 4105 bibite
1922 4068 1986 4106 ea:

391 4160 452 4196 eo
497 4159 674 4197 omnes
702 4142 789 4208 “;
831 4142 962 4212 {ipsa
1016 4158 1117 4198 sua
1151 4142 1408 4199 videlicet
1454 4143 1622 4198 verba
1663 4143 1984 4208 denotante,

391 4235 656 4304 quoniam
693 4234 834 4288 nihil
873 4235 946 4289 ibi
986 4249 1178 4306 reapse
1225 4243 1345 4290 erat
1367 4234 1529 4306 panis
1561 4243 1618 4289 et
1660 4235 1796 4289 vini.
1829 4233 1988 4300 Quod

393 4336 766 4382 commentum
799 4327 926 4383 ideo
957 4327 1194 4384 fortasse
1223 4329 1360 4399 ipsis
1389 4327 1722 4400 excogitavit
1763 4327 1874 4397 ⁵18
1905 4327 1988 4381 in-

395 4420 552 4474 ιὶιιυε
593 4421 867 4487 diabolus,
902 4437 974 4476 ne
1005 4421 1206 4477 divinm
1234 4421 1650 4476 communionis
1676 4420 1889 4474 lumine
1920 4418 1990 4471 il-

395 4513 721 4566 lustrentur.
771 4512 936 4568 Certe
968 4513 1074 4568 hoc
1105 4513 1238 4584 ipsis
1262 4513 1376 4584 jam
1407 4529 1524 4568 non
1554 4514 1701 4576 licet,
1733 4512 1858 4581 quia
1902 4511 1990 4564 di-

395 4603 525 4656 vino
569 4601 840 4672 baptismo
877 4619 992 4658 non
1045 4613 1175 4658 sunt
1223 4604 1488 4674 perfecti,
1535 4618 1716 4673 neque
1776 4603 1832 4657 in
1886 4602 1992 4656 ﬁde

392 4696 701 4751 orthodoxa
729 4695 1057 4752 conﬁrmati.
1077 4697 1214 4752 Nam
1241 4696 1426 4752 divina
1451 4695 1772 4751 communio
1797 4710 1827 4749 a
1861 4710 1991 4765 per-

396 4789 554 4844 fectis
584 4797 748 4859 atque
792 4789 1046 4845 fidelibus
1091 4789 1489 4860 participatur:
1529 4787 1868 4858 imperfectis
1899 4803 1994 4842 au-

396 4890 507 4935 tem
540 4889 596 4935 et
625 4896 734 4934 non
765 4883 1101 4953 consignatis
1127 4889 1291 4950 atque
1315 4880 1627 4934 inﬁdelibus
1661 4895 1889 4949 prorsus
1910 4888 1994 4934 est

299 4965 306 4970 ’
397 4972 680 5030 inaccessa
703 4984 758 5029 et
793 4973 1346 5036 incommunicabilis,
1366 4973 1493 5042 quia
1524 4982 1716 5042 sponte
1739 4973 1808 5028 ad
1849 4973 1995 5028 veri-

398 5073 568 5117 tatem
616 5067 932 5120 caecutiunt.
972 5065 1157 5121 Omnis
1187 5065 1328 5119 enim
1350 5065 1442 5134 qui
1477 5065 1616 5119 male
1659 5066 1793 5136 agit,
1826 5073 1887 5118 ut
1917 5065 1994 5120 ait

397 5171 614 5209 sacrum
652 5158 956 5221 oraculum,
994 5156 1160 5210 lucem
1189 5157 1342 5210 odit:
1383 5172 1446 5209 ac
1482 5166 1758 5227 propterea
1800 5161 1868 5210 ad
1903 5157 1989 5210 lu-

395 5264 504 5300 cem
536 5264 637 5300 non
683 5250 921 5316 veniunt,
948 5258 1004 5302 ut
1033 5266 1135 5302 non
1175 5257 1477 5319 arguantur
1513 5265 1671 5318 opera
1701 5266 1884 5303 eorum
1920 5249 1984 5302 ’i’.

470 5338 534 5392 ll.
560 5337 671 5394 Nos
694 5357 824 5412 ergo
856 5341 1020 5397 unius
1046 5341 1406 5411 eiusdemque
1437 5341 1530 5396 Dei
1560 5342 1839 5397 credimus
1863 5357 1986 5397 esse

474 5496 727 5553 “Matth.
769 5515 914 5565 xxvi,
946 5498 1034 5554 26.
1118 5499 1160 5532 ιδ
1185 5497 1344 5556 Joan.
1383 5516 1463 5563 ιιι,
1493 5499 1585 5554 20.

472 5663 595 5739 (l0)_
628 5665 706 5739 lta
760 5665 849 5718 hic
886 5664 1083 5739 codex.
1129 5666 1238 5722 Sed
1273 5676 1454 5723 tamen
1503 5684 1556 5739 p.
1611 5669 1700 5734 M,
1738 5682 1842 5723 nec
1878 5680 1988 5720 non

399 5735 564 5802 paulo
586 5737 726 5790 intra
759 5737 1105 5806 συμϐολικῶς

2081 3964 2250 4028 λικῶς
2277 3963 2494 4036 εἴρηται
2524 3963 2629 4018 ὑπὸ
2652 3962 2749 4017 τοῦ
2797 3961 3004 4034 Κυρίου
3050 3961 3133 4025 τὸ,
3159 3957 3405 4023 Λάϐετε,
3436 3953 3685 4026 φάγετε,

2083 4056 2185 4112 καὶ
2213 4057 2381 4111 πίετε
2409 4055 2475 4120 ἐξ
2501 4054 2689 4110 αὐτοῦ
2717 4053 2937 4120 πάντες
2966 4069 2980 4084 ·
3018 4052 3088 4106 τὰ
3123 4051 3346 4122 ῥήματα
3389 4046 3555 4102 αὐτοῦ
3587 4045 3687 4098 λέ-

2083 4167 2219 4220 γων,
2255 4149 2378 4202 ἐπεὶ
2411 4149 2513 4202 οὐκ
2545 4143 2614 4218 ἦν
2641 4147 2860 4215 ἀληθῶς
2889 4145 3054 4216 ἄρτος
3088 4143 3183 4197 καὶ
3211 4137 3383 4204 οἶνοςο
3413 4140 3556 4209 τάχα
3585 4137 3690 4192 καὶ

2085 4241 2245 4294 τοῦτο
2269 4238 2363 4294 τοῦ
2389 4239 2630 4310 πονηροῦ
2659 4239 2902 4308 σόφισμα
2926 4234 3312 4309 βασκαίνοντος
3332 4233 3519 4294 αὐτοῖς
3542 4228 3690 4301 πρὸς

2087 4334 2149 4385 τὸ
2174 4332 2250 4402 μὴ
2278 4332 2356 4402 τῷ
2375 4329 2641 4401 φωτισμῷ
2663 4330 2763 4400 τῆς
2785 4328 2935 4392 θείας
2961 4325 3341 4397 ὲλλαμφθῆναι
3367 4321 3686 4384 κοινωνίας·

2089 4422 2212 4475 οὐδὲ
2247 4421 2359 4493 γὰρ
2389 4419 2549 4474 τοῦτο
2583 4420 2804 4491 θεμιτὸν
2848 4421 3033 4482 αὐτοῖς
3064 4418 3299 4487 ὑπάρχει
3335 4413 3409 4486 μὴ
3441 4411 3520 4484 τῷ
3553 4412 3692 4483 θείῳ

2091 4514 2432 4586 βαπτίσματι
2464 4515 2819 4583 τελεσθεῖσιν,
2852 4517 2948 4569 καὶ
2976 4517 3044 4585 τῇ
3077 4512 3345 4585 ὀρθοδόξῳ
3373 4509 3556 4562 πίστει
3589 4507 3686 4578 βε-

2091 4609 2439 4662 ϐαιωθείσιν·
2491 4611 2524 4681 ή
2559 4609 2667 4680 γὰρ
2715 4609 2837 4662 θεία
2867 4606 3145 4672 κοινωνία,
3175 4605 3284 4659 τῶν
3327 4601 3695 4672 τετελειωμέ-

2091 4717 2200 4752 νων
2234 4700 2327 4753 καὶ
2355 4701 2566 4754 πιστῶν
2596 4703 2713 4754 ὲστι
2739 4699 3040 4772 μετάληψις
3060 4715 3075 4729 °
3107 4700 3218 4761 τοῖς
3249 4696 3307 4750 δὲ
3341 4695 3561 4750 ἀτελέσι
3591 4695 3696 4748 καὶ

2089 4792 2486 4864 ἀσφραγίστοις
2519 4792 2629 4864 (Η)
2659 4794 2754 4847 καὶ
2786 4794 3060 4856 ἀπίστοις,
3111 4789 3344 4860 πάμπαν
3389 4786 3696 4858 ἀπρόσιτος

2092 4885 2331 4955 ὑπάρχει
2375 4886 2470 4938 καὶ
2520 4885 2824 4957 ἀμέτοχος,
2868 4884 2959 4938 διὰ
2985 4886 3045 4937 τὸ
3087 4883 3147 4948 ἐξ
3176 4882 3427 4936 ἑκουσίου
3458 4877 3696 4947 γνώμης

2089 4973 2428 5043 τυφλώττειν
2474 4975 2674 5039 αὐτοὺς
2708 4975 2839 5046 περὶ
2884 4975 2983 5045 τὴν
3016 4973 3307 5039 ἀλήθειαν·
3345 4967 3473 5033 Πᾶς
3502 4967 3617 5037 γὰρ
3661 4969 3697 5019 ό

2091 5065 2300 5136 φαῦλα
2343 5066 2662 5136 πράσσων,
2709 5068 2785 5131 ὥς
2821 5085 2956 5139 φησι
2985 5067 3046 5120 τὸ
3087 5065 3230 5134 ἱερὸν
3278 5063 3481 5130 λόγιον,
3521 5057 3704 5128 μισεῖ

2099 5160 2163 5212 τὸ
2186 5158 2342 5228 φῶς·
2369 5159 2470 5216 καὶ
2500 5159 2597 5214 διὰ
2620 5161 2797 5215 τοῦτο
2826 5163 2938 5215 οὐκ
2964 5159 3242 5229 ἔρχονται
3268 5153 3419 5225 πρὸς
3442 5150 3508 5206 τὸ
3539 5149 3696 5220 φῶς,

2095 5253 2215 5317 ἵνα,
2237 5250 2324 5322 μὴ
2353 5253 2728 5322 ἐλεγχθῶσιν
2756 5253 2958 5309 αὐτῶν
2985 5254 3058 5308 τὰ
3087 5252 3249 5320 ἔργα.

2168 5343 2244 5398 ις’.
2289 5347 2482 5416 Ἡμεῖς
2527 5347 2710 5399 τοίνυν
2757 5347 2875 5409 ἐνὸς
2907 5346 3004 5399 καὶ
3033 5344 3127 5397 τοῦ
3157 5339 3320 5395 αὐτοῦ
3369 5337 3508 5393 Θεοῦ
3549 5331 3699 5390 εἶναι

2181 5663 2293 5735 (ll)
2322 5662 2485 5720 Vides
2505 5665 2838 5720 Maniehmos
2860 5666 2980 5720 sine
3005 5664 3285 5735 Baptismo
3313 5671 3371 5718 et
3398 5662 3518 5718 sine
3541 5661 3703 5716 Coni-

2091 5737 2424 5803 ﬁrmutione,
2451 5746 2614 5808 atque
2645 5753 2744 5793 usu
2771 5736 3146 5792 liucharistize.
