3702 6240
52 278 179 342 1349

1010 268 1268 329 SERMO
1309 266 1404 328 III
1445 264 1843 327 ADVERSUS
1881 265 2366 348 MANICHZEOS.

3197 265 3335 333 1350

48 391 364 461 πιστεύομεν
399 387 463 441 τὸ
502 384 915 455 παντοδύναμον
960 384 1318 455 πρόσταγμα,
1352 384 1411 437 ὲν
1432 384 1501 454 τῇ
1529 379 1612 433 τοῐ

1784 387 2068 449 raeceptum
2101 380 2475 451 omnipotens,
2506 379 2667 436 initio
2689 381 2912 453 quidem
2941 384 3135 440 mundi
3164 387 3234 441 ab
3265 403 3333 442 eo

49 487 243 556 κόσμου
274 481 486 551 γενέσει
508 478 603 533 τοῦ
641 479 734 533 ὑπ’
765 475 929 531 αὑτοῦ
972 475 1288 538 κτισθέντος
1318 476 1626 548 εἰρηκότοςο

46 572 455 643 Βλαστησάτω
481 573 522 642 ή
562 569 637 643 γῆ
667 568 824 642 [cod.
853 570 893 625 f.
936 567 1063 641 142]
1087 568 1366 636 βοτάνην
1386 568 1627 637 χόρτου,

47 668 291 737 σπεῖρον
318 665 560 735 σπέρμα
589 663 744 719 κατὰ
769 662 946 734 γένος
982 661 1082 715 καὶ
1112 663 1244 716 καθ’
1275 663 1623 731 ὁμοιότητα·

46 764 133 816 καὶ
166 758 331 813 είσέτι
361 758 458 813 καὶ
499 755 597 812 νῦν
631 756 711 827 τῷ
741 757 871 827 θείῳ
901 756 1204 809 ὑπείκουσα
1239 753 1623 825 προστάγματι

46 856 213 909 πάντα
254 853 323 907 τά
351 850 497 922 φυτά
534 849 869 914 ἀνελλειπῶς
915 849 1149 921 ὲτησίως
1176 848 1403 920 ἐκφέρει
1425 864 1439 879 ·
1482 848 1541 900 ὲν
1564 846 1623 900 δὲ

44 947 115 1016 τῷ
142 949 183 999 ίε
195 944 272 1017 ρῷ
295 944 497 1015 δείπνῳ
523 944 637 1008 τοῖς
662 943 840 1013 ἁγίοις
870 942 1191 1005 ἀποστόλοις
1217 942 1381 1011 ἄρτον
1406 939 1623 1010 ἀληθῶς

45 1038 134 1092 καὶ
153 1033 290 1090 οἶνον
301 1036 482 1099 δόντος
507 1038 601 1089 καὶ
624 1034 902 1101 λέξαντος,
929 1031 1173 1097 Λάϐετε,
1187 1029 1406 1101 φάγετε
1424 1028 1626 1102 [τοῦτό

42 1133 165 1185 ἐστι
195 1129 261 1183 τὸ
285 1127 459 1196 σῶμά
483 1124 665 1198 you],
697 1126 798 1181 καὶ
844 1126 1013 1180 alere
1037 1125 1108 1189 ἐξ
1135 1122 1324 1178 αὐτοῦ
1363 1121 1620 1188 πάντες,

43 1222 209 1275 τοῦτό
231 1221 364 1275 ἐστι
393 1218 461 1273 τὸ
489 1218 634 1289 αἷμά
668 1236 811 1288 μου,
842 1217 909 1272 τὸ
930 1214 1038 1285 τῆς
1063 1215 1279 1285 καινῆς
1307 1214 1622 1283 διαθήκης,

41 1316 102 1367 τὸ
142 1312 293 1382 ὑπὲρ
322 1312 491 1382 ὑμῶν
520 1312 621 1366 καὶ
665 1309 920 1366 πολλῶν
949 1312 1363 1380 ἐκχυνόμενογ
1391 1311 1479 1375 εἱς
1507 1308 1624 1377 τὴν

41 1408 186 1477 ἐμὴν
209 1405 564 1477 ἀνάμνησιν
581 1423 596 1438 ο
624 1407 721 1460 καὶ
744 1405 839 1460 νῦν
868 1404 963 1460 καὶ
988 1403 1156 1458 εἰσέτι
1180 1404 1244 1457 τὸ
1273 1403 1405 1457 αὐτὸ
1428 1402 1621 1473 διαφυ-

40 1501 284 1555 λάττεται
315 1500 649 1574 πρόσταγμα
666 1501 733 1571 τῇ
760 1498 871 1553 τῶν
896 1497 1189 1570 ὑπηρετῶν
1221 1496 1506 1569 ἱερουργίᾳ
1533 1514 1621 1550 τε·

38 1594 374 1665 λειούμενονο
437 1591 653 1665 ὁρατῶς
710 1591 811 1662 μὲν
865 1589 961 1645 τοῦ
1010 1590 1178 1662 ἄρτου
1227 1589 1617 1661 προκειμένου,

36 1688 273 1758 ἀοράτως
307 1687 366 1740 δὲ
394 1686 489 1740 τοῦ
521 1686 794 1755 παναγίου
835 1685 1232 1755 ὲπιφοιτῶντος
1264 1684 1613 1754 Πνεύματος,

36 1780 123 1833 καὶ
154 1781 219 1832 τὰ
248 1778 622 1850 προτιθέμενοι
661 1777 987 1847 ἁγιάζοντος
1008 1793 1021 1808 ·
1065 1776 1161 1830 καὶ
1184 1777 1285 1830 οὑκ
1321 1774 1613 1836 ἀντίτυπα.

33 1870 141 1923 ἀλλ’
170 1870 300 1923 αὐτὸ
340 1871 402 1922 τὸ
432 1869 700 1939 πανάγιον
736 1869 898 1939 σῶμα
924 1868 1020 1922 καὶ
1054 1867 1116 1921 τὸ
1140 1866 1324 1937 τίμιον
1354 1860 1494 1936 αἷμα
1519 1863 1614 1918 τοῦ

33 1962 228 2031 Κυρίου
250 1961 347 2017 καὶ¹
371 1961 506 2017 Θεοῦ
540 1961 700 2033 ἡμῶν
730 1960 1127 2024 ἀποτελοῦντος
1152 1958 1263 2030 (12)
1282 2001 1297 2024 ,
1326 1958 1385 2023 ἐξ
1419 1952 1480 2012 οὗ
1519 1958 1616 2011 καὶ

32 2056 183 2123 ἡμεῖς
223 2056 272 2108 oi
322 2055 643 2126 ἁμαρτωλοί⁸
672 2053 1040 2125 ἁγιαζόμεθα,
1082 2052 1163 2117 είς
1204 2052 1400 2121 ἄφεσιν
1428 2051 1613 2121 ἁμαρ-

31 2146 153 2199 τιῶν
189 2147 725 2217 μεταλαμϐάνοντες.

94 2236 164 2292 Γ’.
207 2239 344 2307 Ἀγε
390 2239 457 2310 δὴ
490 2240 585 2291 καὶ
612 2238 711 2299 τὰς
743 2237 872 2309 περὶ
896 2236 1087 2291 τούτου
1122 2235 1273 2306 ίεράς
1298 2236 1504 2306 ῥήσεις,
1538 2232 1614 2296 ὼς

30 2327 315 2382 διάκεινται
340 2329 401 2381 ὲν
426 2330 547 2391 ταῖς
576 2328 746 2397 ίεραίς
774 2328 1044 2390 πτυκταῖς
1073 2325 1507 2396 ὑπογράψωμεν,
1536 2322 1613 2392 τῷ

31 2420 382 2491 ἁπλουστάτῳ
408 2421 501 2475 καὶ
533 2421 810 2492 ἀποικίλῳ
839 2422 940 2491 τῆς
977 2419 1234 2490 φράσεως
1263 2416 1444 2471 αὐτῶν
1474 2417 1613 2487 πρὸς

30 2511 367 2574 ἀξιοπιστίαν
412 2513 506 2566 τοῦ
558 2513 824 2583 παρόντος
879 2512 1197 2583 ζητήματος
1253 2509 1607 2580 ἀρκούμενοι.

30 2602 117 2665 Τίς
144 2603 248 2674 γὰρ
276 2604 725 2677 ἀξιοπιστότερος
744 2602 841 2658 τοῦ
869 2603 1037 2671 Θεοῦ;
1064 2603 1147 2667 τίς
1169 2603 1227 2656 δὲ
1257 2603 1377 2673 μετ’
1403 2603 1612 2655 ἐκεῖνον

28 2695 201 2767 ἕτερος
227 2739 241 2762 ,
296 2697 444 2769 πλὴν
483 2696 593 2752 τῶν
635 2697 923 2751 αὐτοπτῶν
953 2695 1121 2750 αὐτοῦ
1180 2696 1277 2749 καὶ
1319 2692 1613 2767 ὑπηρετῶν

31 2785 164 2857 [cod.
198 2788 238 2844 f.
272 2789 400 2843 M‘Z.
434 2787 540 2861 b.],
578 2788 688 2842 τῶν
729 2788 1137 2858 εὐαγγελιστῶν
1167 2787 1312 2855 λέγω
1341 2786 1437 2839 καὶ
1471 2786 1611 2839 ἀπο-

29 2883 239 2949 στόλων,
269 2884 512 2954 ὑπάρχει
537 2882 754 2935 πιστότε
765 2899 891 2953 ρος;
922 2880 1094 2944 ὅντως
1117 2880 1292 2944 οὐδείς
1311 2894 1325 2909 ⁸
1346 2878 1441 2933 καὶ
1473 2878 1615 2948 μάρ-

24 2992 114 3039 τυς
142 2978 230 3029 καὶ
260 2978 289 3031 ό
347 2976 506 3044 λόγος
540 2979 631 3030 καὶ
665 2977 694 3028 ό
743 2975 856 3046 βίος
896 2975 1077 3029 αὐτῶν
1117 2974 1214 3028 καὶ⁹
1244 2972 1314 3028 τά
1350 2971 1608 3042 θαύματα

1729 471 1959 537 conditi,
1999 472 2238 528 dicentis
2276 491 2291 528 :
2327 473 2596 529 Germinet
2638 484 2783 530 terra
2818 476 3036 533 herbam
3081 481 3208 551 feni,
3249 483 3333 550 fa-

1727 565 1949 620 cientem
1967 582 2144 620 semen
2162 567 2218 620 in
2239 582 2335 621 suo
2362 584 2797 641 unamquamque
2808 589 2995 644 genere
3007 575 3248 641 acspecie
3263 575 3329 629 “.

1725 657 1793 713 Et
1856 673 2137 728 en,usque
2178 659 2343 715 hodie
2379 660 2568 716 divino
2619 673 2894 733 prazcepto
2942 667 3333 737 obtemperans

1724 765 1891 807 omne
1935 766 2112 823 genus
2157 752 2414 823 stirpium
2444 754 2731 809 annuatim
2784 755 3167 813 indeﬁcienter
3198 775 3331 829 pro-

1724 845 1895 902 ducit.
1938 844 1996 900 ln
2040 861 2195 900 sacra
2234 862 2362 901 vero
2408 863 2565 903 coena
2600 850 2807 906 sanctis
2827 852 3090 922 apostolis
3129 868 3329 923 panem

1722 954 1854 993 vere
1875 938 2180 1009 vinumque
2203 954 2330 994 cum
2350 941 2665 997 exhibuerit
2686 942 2976 1012 Dominus,
2993 946 3324 1016 dixeritque:

1725 1027 1951 1090 Sumite.
1982 1031 2301 1085 manducate
2330 1030 2451 1103 [hoc
2473 1042 2548 1087 est
2573 1050 2762 1103 corpus
2796 1036 2992 1109 meum]
3020 1053 3039 1102 ;
3071 1047 3121 1092 et
3163 1038 3326 1093 bibite

1722 1139 1787 1177 ea:
1824 1140 1882 1177 eo
1920 1140 2117 1188 omnes,
2143 1125 2228 1177 hic
2271 1134 2347 1179 est
2390 1128 2611 1196 sanguis
2654 1144 2800 1182 meus
2840 1131 2960 1184 novi
3002 1133 3326 1200 testamenti,

1721 1215 1862 1285 quod
1891 1232 1988 1285 pro
2014 1216 2156 1270 vobis
2191 1226 2241 1271 et
2274 1233 2370 1287 pro
2405 1218 2587 1273 multis
2618 1220 2912 1289 eﬂ‘undetur
2950 1222 3008 1276 in
3046 1225 3325 1279 remissio-

1720 1323 1838 1361 nem
1873 1318 2213 1377 peccatorum
2237 1310 2373 1363 :hoc
2407 1312 2569 1381 facite
2616 1314 2672 1365 in
2722 1330 2898 1368 meam
2940 1332 3328 1371 commemora-

1720 1397 1914 1450 tionem
1938 1398 2020 1464 u';
2053 1414 2203 1453 nunc
2236 1399 2419 1454 adhuc
2446 1400 2589 1455 idem
2638 1404 2966 1460 observatur
2999 1407 3324 1464 mandatum

1720 1487 2033 1545 divinorum
2061 1490 2443 1545 ministrorum
2464 1507 2623 1547 sacro
2639 1492 2819 1548 ollicio
2841 1506 3320 1565 consummatum;

1718 1582 2017 1637 visibiliter
2060 1582 2282 1653 quidem
2327 1599 2470 1655 pane
2497 1587 2801 1656 proposito,
2834 1587 3187 1645 invisibiliter
3226 1605 3325 1643 au-

1724 1683 1836 1730 tem
1890 1675 2318 1746 superveniente
2367 1679 2716 1735 sanctissimo
2754 1680 2961 1751 Spiritu
2989 1724 3004 1749 ,
3046 1692 3103 1738 et
3139 1683 3322 1738 oblata

1724 1769 2147 1838 sanctiﬁcante;
2200 1786 2306 1826 nec
2344 1787 2477 1826 sane
2512 1775 2778 1846 antitypa,
2810 1776 2908 1831 sed
2951 1783 3201 1832 sanctum
3234 1777 3320 1848 ip-

1721 1874 1843 1915 sum
1905 1876 2106 1931 corpus
2151 1861 2567 1933 pretiosumque
2612 1867 2937 1937 sanguinem
2989 1856 3211 1923 Domini
3254 1884 3323 1924 ac

1718 1952 1813 2008 Dei
1836 1954 2011 2008 nostri
2042 1953 2343 2021 efﬁciente;
2373 1971 2442 2011 ex
2471 1972 2582 2026 quo
2616 1974 2720 2013 nos
2747 1974 2967 2030 quoque
2994 1971 3319 2030 peccatores

1718 2045 2161 2115 sanctiﬁcamur,
2203 2048 2334 2103 dum
2379 2048 2437 2103 in
2470 2050 2857 2107 remissionem
2903 2054 3189 2124 culparum
3220 2070 3318 2110 su-

1718 2138 1946 2194 mimus.

1785 2228 1877 2283 Ill.
1930 2230 2125 2302 Agesis
2159 2231 2227 2288 de
2255 2232 2361 2289 hoc
2388 2249 2609 2305 quoque
2639 2234 2897 2306 dogmate
2929 2251 3117 2293 sacras
3159 2238 3319 2294 locu-

1712 2320 1911 2388 tiones,
1970 2332 2133 2391 prout
2180 2323 2235 2377 in
2270 2325 2442 2379 sacris
2482 2326 2862 2382 voluminibus
2912 2328 3123 2397 jacent,
3171 2330 3316 2387 infra

1711 2417 2041 2481 scribamus,
2070 2419 2481 2489 simplicissimo
2508 2422 2754 2491 ipsarum
2787 2432 2844 2478 et
2865 2434 3154 2480 constante
3191 2442 3314 2482 ver—

1710 2508 1905 2563 borum
1934 2520 2123 2565 tenore
2150 2513 2216 2565 ad
2246 2516 2536 2582 praesentis
2550 2517 2939 2571 controversiae
2960 2521 3297 2576 auctoralem

1720 2601 2098 2658 deﬁnitionem
2138 2605 2250 2675 79
2287 2607 2554 2661 contenti.
2600 2607 2735 2673 Quis
2763 2609 2909 2663 enim
2939 2610 3050 2665 Deo
3091 2610 3197 2665 ﬁde
3227 2612 3316 2667 di-

1718 2693 1876 2764 gnior
1901 2695 1923 2746 ?
1953 2694 2089 2760 Quis
2127 2705 2250 2765 post
2280 2711 2405 2751 eum
2433 2698 2595 2761 alius,
2629 2708 2829 2768 praater
2857 2716 2954 2755 eos
2979 2702 3070 2772 qui
3098 2703 3147 2757 ei
3174 2718 3312 2757 ocu-

1715 2786 1810 2842 lati
1856 2796 2024 2842 testes
2049 2787 2362 2854 adfuerunt,
2389 2792 2757 2863 evangelistas
2785 2793 2907 2847 dico
2939 2804 2996 2848 et
3033 2794 3313 2863 aposmlos

1716 2880 1983 2951 majorem
2003 2890 2246 2937 nostram
2276 2881 2529 2937 ﬁduciam
2558 2885 2840 2954 postulat?
2866 2885 3099 2942 Prorsus
3122 2902 3310 2944 nemo.

1717 2971 1899 3029 Testis
1930 2989 2114 3028 sermo
2147 2990 2343 3029 eorum
2372 2985 2429 3031 et
2457 2977 2566 3032 vita
2592 2977 2834 3047 itemque
2864 2980 3147 3044 miracula,
3188 2998 3311 3051 quae

25 3068 231 3139 ἄληπτα
257 3087 336 3122 πα
346 3070 416 3140 ρὰ
448 3072 615 3123 πᾶσιν
645 3070 963 3140 ὑπάρχοντα
989 3067 1085 3121 καὶ
1118 3064 1487 3136 ἀνεπίληπτα,
1510 3065 1607 3156 καὶ

1784 3066 1875 3122 illd
1922 3081 2117 3122 omnes
2161 3067 2388 3123 indubia
2426 3070 2841 3140 sunt,nullique
2886 3072 3309 3142 reprehensioni

24 3160 296 3215 δεικνύντα
328 3160 554 3225 δούλους
579 3160 676 3214 τοῦ
704 3160 841 3213 Θεοῦ
870 3158 1159 3229 ἀληθινοὺς
1193 3157 1395 3219 αὐτοὺς
1428 3155 1609 3227 ὑπάρ-

1784 3159 1972 3227 noxia,
2002 3175 2235 3230 quaeque
2264 3160 2413 3233 ipsos
2440 3178 2600 3218 veros
2635 3162 2726 3217 Dei
2762 3164 2997 3219 famulos
3027 3174 3308 3237 testesque

24 3267 130 3320 χειν
182 3255 276 3306 καὶ
332 3252 640 3323 μάρτυρας.
698 3253 789 3306 Διὸ
835 3252 935 3306 καὶ
981 3249 1078 3304 νῦν
1128 3248 1311 3304 αὐτῶν
1340 3247 1610 3318 λεγόντων

1784 3267 1880 3308 sse
1913 3252 2318 3309 demonstrant.
2350 3256 2492 3326 Ergo
2524 3256 2675 3327 ipsos
2699 3272 2851 3312 nunc
2877 3257 3167 3329 loquentes
3204 3276 3306 3315 au-

24 3344 360 3418 ἀκούσωμεν.

1784 3361 1944 3401 ImllS.

89 3439 403 3511 Μαρτυρίαι
452 3440 552 3511 τῆς
601 3438 754 3504 θείας
803 3438 1026 3512 Γραφῆς
1077 3434 1479 3510 συνηγοροῢσαι
1530 3434 1609 3506 τῷ

1784 3438 1989 3495 Divinae
2026 3440 2327 3513 Scriptura
2376 3442 2714 3509 testimonia,
2758 3458 2881 3514 qua:
2928 3442 3160 3500 recitato
3197 3460 3309 3502 ser-

27 3531 234 3602 ῥηθέντι
256 3533 427 3604 λόγῳ.

1784 3533 1862 3587 )ni
1892 3533 2288 3606 suﬂ'ragantur.

101 3626 199 3679 Ἐκ
227 3625 336 3680 τοῦ
365 3625 516 3679 κατὰ
548 3622 854 3679 Ματθαῖον
882 3622 1283 3694 Εὐαγγελίου.

1786 3622 1871 3678 Ea:
1898 3623 2188 3696 Evangelia
2219 3628 2505 3681 secundum
2538 3626 2869 3683 Matt/rarum.

1784 3715 2060 3772 Fecerunt
2103 3728 2286 3773 autem
2314 3719 2565 3790 discipuli
2609 3728 2772 3790 prout
2814 3719 3060 3791 jusserat
3080 3720 3185 3778 illis
3212 3721 3307 3779 Je-

1709 3821 1808 3863 sus
1828 3820 1905 3875 ,ct
1931 3820 2265 3880 paraverunt
2291 3810 2521 3879 Pascha,
2553 3820 2662 3868 etc.

99 3717 392 3789 Ἐποίησαν
421 3716 479 3769 δὲ
520 3718 570 3769 oi
613 3715 877 3787 μαθηταὶ,
911 3714 987 3778 ὡς
1020 3712 1314 3778 συνέταξεν
1348 3711 1537 3776 αὐτοῖς
1579 3712 1610 3766 ό

52 3810 257 3878 ιησοῦς,
289 3809 387 3865 καὶ
416 3810 723 3880 ἡτοίμασαν
751 3809 813 3861 τὸ
837 3808 1051 3878 Πάσχα.
1081 3825 1137 3863 κ.
1156 3826 1209 3863 τ.
1234 3807 1284 3860 λ.

90 3924 155 3978 In
184 3926 284 3979 hac
314 3926 517 3996 pagina
551 3926 655 3979 142
678 3926 706 3978 b
737 3925 929 3979 desinit
960 3924 1218 3994 abruptus
1240 3918 1450 3977 'tertius
1486 3938 1679 3985 sermo,
1712 3938 1801 3976 seu
1833 3924 2135 3978 testimonia
2162 3924 2313 3979 illum
2360 3927 2734 3995 conﬁrmantia
2757 3969 2772 3994 ,
2813 3944 2931 3997 qua:
2966 3938 3103 3983 certe
3141 3930 3308 3997 petita

22 4015 225 4081 [iterant
252 4025 367 4085 post
404 4014 713 4068 Matt/neum
757 4030 820 4068 ea:
857 4011 1045 4066 Marco
1080 4021 1130 4065 et
1175 4011 1319 4065 Luca
1348 4010 1625 4082 Pauloque
1676 4010 1765 4064 ubi
1802 4013 1864 4065 de
1908 4014 2243 4067 sanctissima
2275 4015 2619 4069 Eucharistia
2647 4015 2952 4086 loquuntur.
2995 4016 3059 4069 In
3090 4018 3307 4071 amissis

22 4112 192 4155 autem
222 4103 445 4173 reliquis
478 4104 650 4171 operis
676 4101 1113 4174 quaternionibus
1140 4101 1411 4170 perierunt
1429 4108 1535 4153 tres
1551 4100 1870 4169 posteriores
1888 4100 2029 4159 libri.
2057 4119 2187 4169 quos
2214 4114 2402 4154 auctor
2425 4104 2666 4169 promisit
2698 4104 2754 4155 in
2780 4103 2999 4156 historia
3020 4120 3073 4171 p.
3106 4104 3303 4170 15-16,

22 4205 197 4259 nempe
218 4192 280 4245 de
302 4200 503 4245 sancta:
529 4192 700 4245 crucis
735 4190 902 4257 cultu,
924 4195 987 4244 de
1012 4189 1209 4244 Veteris
1238 4187 1559 4241 Testamenti
1578 4192 1925 4253 auctoritate,
1959 4200 2008 4244 et
2049 4194 2114 4245 de
2159 4191 2510 4246 ecclesiastica
2557 4193 2884 4248 hierarchia.
2922 4193 3100 4247 Alium
3134 4196 3308 4262 operis

23 4280 309 4347 pleniorem
338 4281 573 4334 codicem
608 4288 793 4349 optare
832 4280 1004 4351 magis
1026 4296 1189 4350 quam
1215 4293 1432 4347 sperare
1464 4276 1604 4331 licet.
1637 4275 1742 4331 Sed
1785 4287 2071 4348 antequam
2114 4280 2180 4333 de
2217 4281 2312 4334 hoc
2336 4297 2489 4350 opere
2534 4282 2707 4335 dicere
2734 4282 2934 4347 desino,
2979 4298 3175 4352 nequeo
3202 4298 3306 4337 non

18 4370 201 4423 mirari
224 4369 392 4424 Joan.
418 4368 721 4440 Christoph.
757 4369 1032 4439 Wolﬁum,
1067 4370 1159 4440 qui
1187 4369 1243 4422 in
1280 4369 1431 4438 prtef.
1463 4368 1534 4420 ad
1564 4367 1750 4421 anecd.
1783 4367 1876 4421 Gr.
1907 4376 1945 4421 t.
1984 4365 2069 4433 11,
2107 4367 2328 4422 Petrum
2356 4380 2601 4449 nostrum
2625 4368 2863 4423 Siculum
2892 4371 3020 4440 facit
3044 4369 3308 4425 Constan~

17 4460 446 4528 tinopolitanum,
468 4469 715 4513 sanctum
740 4458 1222 4529 Thaumaturgum,
1255 4468 1303 4511 et
1342 4457 1657 4526 Argivorum
1700 4457 2024 4525 episcopum,
2061 4458 2222 4510 citato
2253 4455 2514 4510 Bollando
2552 4466 2590 4511 t.
2626 4456 2687 4512 Il
2712 4457 2898 4524 Febr.,
2940 4474 2993 4527 ρ.
3030 4457 3136 4512 610
3161 4461 3303 4517 (cum

16 4548 176 4600 citare
204 4548 469 4601 debuisset
496 4558 537 4601 t.
561 4546 592 4601 1
619 4546 775 4611 Maii,
818 4564 873 4614 p.
917 4546 1067 4616 428).
1110 4545 1216 4601 Sed
1244 4561 1430 4615 reapse
1460 4545 1594 4599 nihil
1631 4561 1906 4598 commune
1935 4546 2127 4599 habent
2155 4545 2344 4600 Petrus
2381 4544 2595 4601 Siculus
2630 4556 2679 4601 et
2708 4546 2899 4603 Petrus
2918 4547 3166 4617 Argivus,
3199 4561 3306 4600 non

17 4643 248 4702 altatem,
274 4651 383 4687 non
412 4636 673 4704 patriam,
708 4649 811 4688 non
831 4633 1117 4698 miracula,
1144 4649 1249 4688 non
1272 4633 1394 4687 vita:
1414 4633 1639 4704 denique
1666 4634 2064 4705 professionem.

86 4775 125 4807 ¹⁸
158 4776 355 4833 Matth.
391 4793 538 4840 τινι,
570 4776 662 4844 26,
695 4776 786 4831 27.

79 4894 189 4963 (ίὲ)
243 4896 639 4953 Animadverte
692 4897 1017 4968 praeclarum
1088 4896 1466 4954 testimonium
1536 4896 1606 4953 de
1661 4894 2007 4952 sanctissima
2040 4894 2407 4952 Eucharistia.

36 5092 122 5105 ..ι-

36 5090 2961 5107 _.____________________________________________.
3195 5089 3276 5122 ε,

1343 5259 1970 5355 MONITUM.

79 5462 330 5517 Orationi
362 5462 611 5532 sequenti
642 5476 705 5517 ea
738 5470 949 5517 tantum
976 5459 1356 5531 prmmittenda
1387 5473 1677 5516 censemus
1717 5475 1840 5530 quae
1881 5459 1949 5514 de
1979 5474 2085 5513 ms.
2117 5457 2309 5515 (ἑτερο
2344 5457 2551 5520 codice,
2574 5456 2750 5527 deque
2780 5464 3005 5511 auctore
3028 5457 3303 5515 versionis

10 5566 170 5618 quam
207 5551 542 5607 Benedictus
568 5551 764 5607 Piazza
786 5551 996 5615 edidit,
1021 5553 1282 5605 adnotata
1325 5550 1676 5619 reperiuntur
1705 5545 1775 5599 ad
1797 5545 2003 5599 calcem
2029 5543 2381 5614 exemplaris,
2413 5542 2559 5612 quod
2585 5542 2638 5596 in
2661 5541 3055 5597 l’anormilana
3074 5541 3299 5614 Collegii

13 5640 135 5692 Sac.
166 5638 296 5694 .lcsu
334 5640 659 5695 bibliotheca
692 5649 1026 5695 asservatur.
1058 5640 1202 5692 Sunt
1224 5646 1406 5691 autem
1435 5652 1558 5705 quae
1583 5643 1930 5704 sequuntur:
1962 5631 2350 5687 Tes'rmouwn
2382 5645 2770 5686 EXSCRIPTORIS
2802 5645 2869 5683 E'l'
2896 5644 3296 5686 lNTEm‘RETlS:

11 5725 320 5801 Iteqnisitus
368 5729 430 5782 ab
474 5730 630 5786 Adm.
657 5727 781 5785 Rev.
830 5726 993 5781 Patre
1026 5726 1259 5782 Antonio
1298 5723 1476 5779 Maria
1508 5722 1694 5779 Portio
1728 5720 1849 5778 Sac.
1886 5719 2017 5776 Jcsu
2046 5761 2059 5786 ,
2100 5720 2211 5791 Ego
2248 5722 2622 5791 init-ascriptus
2656 5718 2854 5777 Crwcre
2881 5720 3076 5791 lingua:
3105 5720 3297 5789 lector,
