3928 6246
346 285 477 353 1351
1416 289 1643 350 PETRI
1700 286 2085 350 ARGORUM
2124 288 2469 352 EPISCOPI
3493 288 3637 355 1352

336 434 387 479 et
420 420 747 476 bibliotheca:
773 418 936 489 hujus
970 418 1157 490 Magni
1192 428 1240 474 et
1277 417 1425 489 Regii
1456 419 1767 473 monasterii
1803 416 1959 472 SSmi
1990 415 2288 471 Saluatoris
2326 417 2589 472 Messana:
2620 419 2676 471 in
2706 418 2895 489 lingua
2925 417 3093 472 Phari
3132 430 3332 483 custos,
3365 431 3638 474 annuente

340 510 475 565 limo
501 508 560 564 S.
596 507 692 563 Th.
726 507 801 561 Μ.
835 507 901 561 D.
926 505 1133 560 Basilio
1152 507 1217 561 de
1236 505 1491 576 Neapoli,
1515 506 1753 575 ejusdem
1776 505 2083 559 monasterii
2103 503 2311 567 abbate,
2330 506 2587 575 exscripsi
2606 520 2670 559 ea:
2699 507 2876 560 codice
2899 505 3067 561 XLII
3094 507 3255 560 dicta:
3281 506 3637 572 bibliotheca,

338 609 390 654 et
446 597 640 652 Latine
690 595 904 651 reddidi
955 597 1282 665 superiorem
1342 596 1638 649 orationem
1674 592 1736 649 S.
1770 594 1834 650 P.
1878 592 1953 647 N.
1992 594 2160 662 Petri,
2195 595 2424 665 episcopi
2458 597 2759 667 Argorum,
2804 598 2861 650 in
2890 597 3299 666 Conceptiouem
3340 595 3401 650 S.
3437 596 3638 663 Anum,

339 688 553 759 quando
590 686 653 741 S.
688 684 784 739 Dei
817 683 1137 739 Genitricem
1170 685 1430 751 concepit.

415 774 512 831 Est
536 787 712 829 autent
746 776 911 829 codex
941 775 1272 845 Itujusntodi,
1306 776 1525 845 integer,
1580 774 2033 839 membranaceus,
2068 774 2127 826 in
2163 773 2294 842 folio
2323 774 2539 843 majori,
2570 771 2755 829 Graeco
2804 790 3022 829 numero
3065 773 3205 839 ΜΒ,
3248 772 3303 826 id
3347 780 3424 825 est
3465 769 3516 824 Χ
3526 770 3634 826 ιιι

343 864 675 934 obsignatas,
711 862 1012 932 tabulisque
1046 862 1349 931 leucophaza
1383 862 1518 930 pelle
1548 880 1578 915 a
1615 872 1757 933 tergo
1790 862 2040 916 contectis
2071 874 2375 932 coopertus,
2404 862 2791 935 inscriptusque
2827 864 3061 919 exterius
3098 865 3208 930 sic,
3239 859 3419 915 MET.
3456 877 3643 931 nempe

347 952 751 1020 Metapltrastaz.
781 949 1048 1006 Craterum
1077 953 1167 1020 qui
1200 951 1355 1004 illum
1386 952 1597 1020 scripsit
1633 951 1842 1018 Daniel,
1874 952 2253 1023 πανηγυρικὸν
2286 962 2457 1007 vocat.

424 1039 615 1094 Totum
648 1040 745 1092 hoc
772 1055 901 1106 Opus
934 1038 1315 1110 πανηγυρικὸν
1341 1040 1545 1092 duobus
1570 1038 1920 1092 voluminibus
1943 1040 2179 1108 ejusdem
2216 1042 2377 1109 ferme
2409 1041 2567 1095 molis
2601 1052 2651 1096 et
2684 1043 3011 1097 characteris
3043 1044 3375 1109 continetur;
3408 1046 3643 1116 atquein

346 1130 416 1183 iis
443 1130 621 1182 varias
656 1143 747 1196 per
774 1144 977 1181 annum
1004 1128 1271 1197 legendas,
1299 1128 1375 1181 vel
1400 1131 1688 1193 orationes,
1723 1127 1800 1180 vel
1830 1138 2139 1182 sanctorum
2162 1129 2414 1182 historias
2438 1132 2685 1199 reperies.
2715 1129 2783 1183 In
2804 1131 2974 1199 priori
2996 1131 3160 1199 igitur
3189 1131 3474 1196 volumine,
3499 1131 3646 1201 quod

350 1218 666 1283 festivitates
698 1215 902 1269 exhibet
933 1215 997 1267 ab
1034 1214 1157 1269 Kal.
1202 1214 1526 1284 Septembris
1564 1232 1727 1285 usque
1772 1216 1841 1269 ad
1882 1232 1940 1270 ιιι
1979 1215 2123 1270 Νοιι.
2169 1218 2391 1287 Aprilis,
2442 1234 2470 1271 v
2531 1218 2663 1272 Idus
2694 1219 2992 1274 Decembris
3026 1219 3247 1273 habetur
3275 1220 3420 1274 dicta
3453 1220 3649 1276 Oratio

352 1304 411 1360 S.
447 1303 511 1360 P.
547 1304 619 1358 N.
651 1304 799 1358 Petri
828 1304 1078 1373 episcopi,
1110 1305 1357 1357 undecim
1379 1304 1543 1372 ferme
1566 1305 1825 1357 columnis
1846 1307 2215 1375 comprehensa
2240 1322 2257 1360 .'
2281 1308 2471 1377 incipit
2498 1310 2562 1361 ab
2589 1309 2792 1363 ultimis
2816 1309 2995 1362 decem
3020 1309 3177 1362 lineis
3209 1308 3421 1364 ultima:
3444 1311 3653 1363 colum-

350 1411 435 1449 na:
468 1395 831 1464 quaternionis
858 1392 928 1446 20
960 1410 1120 1463 usque
1146 1394 1215 1446 ad
1247 1393 1445 1446 lineam
1474 1393 1545 1448 50
1568 1394 1829 1448 columna:
1858 1395 1915 1448 ll
1948 1395 2312 1464 quaternionis
2347 1397 2633 1465 sequentis.
2668 1395 2905 1467 Singula:
2942 1412 3061 1450 vero
3099 1395 3361 1451 columnte
3400 1398 3553 1453 lineis
3578 1398 3653 1453 45

353 1493 413 1537 ut
446 1482 738 1552 plurimum
770 1482 1184 1537 concluduntur.
1220 1480 1465 1552 Scriptus
1500 1492 1578 1536 est
1606 1492 1783 1536 autem
1820 1482 1985 1537 codex
2014 1485 2098 1538 hic
2131 1501 2270 1538 anno
2302 1484 2445 1539 6816
2477 1486 2543 1540 ab
2578 1484 2644 1541 0.
2680 1486 2742 1542 C.
2771 1487 2902 1558 (hoc
2932 1495 3015 1541 est
3045 1487 3439 1543 sexmillesimo
3466 1489 3652 1542 octin-

354 1575 659 1643 gentesimo
690 1573 905 1627 decimo
953 1580 1109 1627 sexto
1134 1573 1203 1627 ab
1233 1574 1366 1628 orbe
1400 1572 1639 1643 condito)
1676 1583 1732 1626 ut
1770 1572 1942 1627 Graeci
1974 1573 2291 1643 calligraphi
2313 1584 2629 1644 supputant,
2663 1576 2718 1628 id
2746 1584 2822 1629 est
2852 1591 2992 1628 anno
3022 1572 3426 1628 Incarnationis
3458 1574 3655 1629 Darni-

356 1662 490 1713 nicw
532 1661 687 1715 1508.
720 1660 926 1714 Etenim
956 1662 1011 1713 in
1052 1658 1157 1728 ﬁne
1216 1660 1413 1715 codicis
1442 1662 1637 1732 legitur
1666 1671 1794 1716 nota
1830 1664 1907 1717 Ita:

2103 1660 2362 1734 τελειώθη
2417 1662 2480 1715 τὸ
2504 1664 2681 1734 παρὸν
2736 1664 3124 1733 Πανηγυρικὸν
3178 1662 3267 1716 διὰ
3320 1662 3505 1734 χειρὸς
3554 1664 3654 1717 τοῦ

356 1747 687 1819 ἁμαρτωλοῦ
747 1746 947 1819 Δανιὴλ
994 1749 1090 1801 καὶ
1146 1747 1506 1818 σκευὼφυλας
1542 1748 1664 1820 (sic)
1718 1751 1818 1821 τῆς
1874 1751 2119 1821 μεγάλης
2184 1751 2428 1821 μάνδρας
2477 1752 2570 1805 τοῦ
2620 1753 2875 1823 Σωτῆρος
2920 1751 3270 1823 ἀκρωτηρίου
3314 1753 3611 1821 Μεσσήνης
3640 1792 3657 1807 .

357 1837 508 1906 Μηνὶ
556 1837 920 1908 Σεπτεμϐρίῳ
949 1838 1029 1900 εἰς
1062 1835 1109 1906 β’
1150 1838 1339 1909 ἡμέρᾳ
1386 1838 1691 1905 Σαϐϐἀτου,
1721 1838 1841 1910 ὥρᾳ
1872 1838 1937 1905 θ’,
1972 1840 2127 1905 ἔτους
2162 1838 2351 1906 ςωις’,
2388 1840 2616 1895 ἰνδίκτου
2650 1839 2724 1907 ς’.
2760 1840 3022 1913 Εὔχεσθε,
3057 1843 3153 1895 καὶ
3188 1842 3263 1913 μὴ
3295 1842 3614 1912 καταρᾶσθε
3638 1880 3654 1903 ,

359 1926 443 1978 ὅτι
477 1928 505 1978 ὁ
535 1926 767 1994 γράφων
808 1926 1187 1997 παραγράφει.
1230 1946 1247 1978 ι
1287 1925 1543 1981 Scilicet:
1586 1947 1604 1979 ι
1636 1927 1909 1998 Explicilu

2107 1929 2183 1983 tie
2224 1928 2593 2000 Panegyricus
2633 1932 2767 1985 liber
2793 1946 2962 1985 manu
3002 1934 3304 2000 peccatoris
3344 1929 3571 1993 Daniel,
3599 1939 3658 1985 et

363 2012 790 2082 Sciw0phylacis
841 2028 1054 2083 magna:
1112 2013 1353 2068 Mandraa
1383 2013 1685 2069 Salvatoris
1715 2018 2073 2085 promontorii
2108 2016 2392 2082 Messanae,
2434 2034 2486 2072 tv
2526 2019 2665 2073 Non.
2695 2035 2870 2075 mens.
2904 2017 3264 2090 Septembris,
3294 2020 3381 2074 die
3410 2018 3663 2083 Sabbati,

368 2101 502 2153 liora
532 2098 587 2165 9,
628 2114 772 2152 anno
818 2099 979 2166 6816,
1028 2101 1326 2155 indictione
1366 2118 1457 2166 vi,
1505 2100 1669 2157 Orate
1711 2118 1810 2174 pro
1857 2119 1967 2173 me,
2005 2114 2058 2161 et
2102 2122 2215 2161 non
2254 2107 2594 2163 maledicatis
2631 2109 2801 2173 mihi,
2840 2110 3102 2179 quoniam
3130 2110 3227 2180 qui
3268 2109 3482 2174 scribit,
3519 2107 3667 2164 scri-

366 2185 548 2240 bendo
586 2196 750 2241 errat.
791 2206 809 2238 ι

439 2275 501 2330 In
532 2292 754 2347 quorum
796 2277 978 2347 ﬁdem,
1020 2288 1127 2336 etc.
1157 2277 1317 2337 Prid.
1349 2278 1497 2337 Non.
1523 2280 1815 2338 Februarii
1850 2285 1955 2340 An.
1985 2282 2203 2337 Domini
2232 2283 2389 2340 ΠΗ.

2168 2371 2512 2429 ΒεΝευιετυε
2548 2371 2925 2429 MONALDINIUS
2959 2370 3445 2427 HIEROIONACIIUS.

2236 2461 2317 2517 lta
2356 2472 2462 2529 est,
2515 2462 2692 2519 Anus
2719 2461 2976 2518 BASILIUS
2996 2476 3064 2516 ne
3110 2459 3375 2517 Nesso”.

654 2539 824 2597 Locus
852 2541 892 2614 -ι-
915 2541 1123 2613 Sigilli.

1206 2914 1563 3007 PETRI
1640 2915 2225 3011 ABGORUM
2302 2914 2850 3010 EPISCOPI

1122 3084 1125 3087 ⁷
1702 3130 2360 3261 ORATIO.

386 3367 574 3440 Sancti
602 3366 783 3421 Patris
815 3366 982 3421 nostri
1010 3363 1441 3440 PetriArgorum
1471 3370 1697 3439 episcOpi
1716 3370 1887 3424 oratio
1914 3370 1932 3423 i

2127 3369 2193 3424 οῦ
2241 3369 2326 3440 ἐν.
2354 3370 2547 3438 ἁγίοις
2579 3370 2812 3438 Πατρός
2843 3366 3015 3437 ἡμῶν
3062 3366 3289 3440 Πέτρον
3329 3366 3678 3440 ἐπισκόπου

453 3437 854 3511 Concep‘tiouem
879 3446 1091 3511 sancta:
1134 3437 1302 3494 Anna:
1331 3437 1544 3511 quando
1575 3437 1809 3511 concepit
1848 3457 1974 3495 san-

2166 3437 2380 3509 Ἀργῶν
2403 3437 2592 3510 λόγος
2611 3437 2836 3507 εἰςτὴν
2864 3441 3188 3511 Σύλλῃψειν
3207 3438 3311 3505 τῆς
3341 3439 3521 3511 ἁγίας
3547 3440 3680 3495 ’Δνι

455 3520 595 3562 ctam
629 3508 727 3563 Dei
758 3508 1097 3562 Genitricern.
1343 3508 1353 3511 ⁷
1733 3508 1742 3511 ⁷

2154 3508 2291 3581 uno,
2327 3512 2478 3565 ὅταν
2493 3508 2839 3566 συνέλαϐεν
2865 3511 2980 3578 τὴν
3011 3509 3193 3579 ἁγίαν
3221 3510 3542 3563 Θεοτόκον.

965 3621 1219 3692 Benedic,
1247 3623 1432 3681 Pater.

2564 3630 2948 3701 Εὺλόγησον,
2978 3626 3192 3697 Πάτερ.

458 3739 501 3793 l.
528 3739 662 3795 Cum
696 3752 894 3808 magna
920 3739 1197 3807 maximis,
1226 3740 1575 3810 inauditaque
1608 3740 1820 3797 videam
1860 3756 1985 3811 por-

2155 3743 2235 3798 A'.
2272 3742 2503 3811 Μεγάλα
2538 3742 2755 3813 βλέπων
2801 3742 2893 3795 καὶ⁸
2929 3741 3076 3809 ξένα,
3117 3741 3400 3812 μεγίστων
3446 3740 3688 3811 προτρέ-

391 3838 558 3892 tentis
602 3849 939 3905 praecurrere
990 3844 1275 3904 portenta,
1320 3836 1527 3907 ingenti
1564 3838 1749 3893 cordis
1788 3838 1942 3907 gaudi

2140 3852 2255 3889 w-cat
2284 3835 2560 3905 θαύματα,
2595 3835 2850 3905 μεγάλως
2877 3834 3089 3905 ἄγαμαι
3118 3837 3186 3905 τῇ
3219 3833 3419 3905 καρδίᾳ
3445 3832 3691 3903 γηθόμε-

391 3929 629 3999 gestiens
663 3928 719 3981 in
757 3926 1176 3981 admirationem
1212 3927 1414 3997 rapior,
1443 3939 1498 3983 et
1530 3930 1825 3985 Dominicze
1858 3946 1942 4000 erg

2137 3944 2201 3993 ις,
2237 3927 2335 3981 καὶ¹
2378 3927 2478 3998 τὴν
2508 3928 2590 3990 εἰς
2629 3928 2776 3997 ἡμᾶς
2820 3925 2913 3980 τοῦ
2950 3926 3229 3979 Δεσπότου
3271 3926 3688 3997 εύσπλαγχνίαν

395 4035 495 4075 nos
518 4018 906 4074 misericordiae
930 4019 1166 4087 viscera,
1205 4020 1715 4090 providentiamque
1745 4020 1946 4075 divinat

2141 4020 2187 4073 ti.
2221 4018 2364 4090 ὑπὲρ
2394 4019 2555 4086 λόγον
2592 4017 2943 4089 προμήθειαν
2990 4016 3467 4087 καταπλήττομαι.
3506 4016 3692 4086 Σήμε-

394 4112 543 4167 omni
571 4112 904 4181 cogitatione
938 4109 1198 4179 majorem
1247 4122 1471 4181 stupens
1518 4113 1778 4169 demiror.
1820 4112 1945 4168 Hodi

2141 4130 2187 4166 )ν
2216 4113 2327 4184 γὰρ
2350 4111 2451 4181 τῆς
2475 4111 2752 4181 ἡμετέρας
2780 4109 2917 4179 πρὸς
2938 4107 3073 4161 Θεὸν
3093 4106 3447 4175 καταλλαγῆς
3472 4105 3541 4159 ca
3581 4122 3692 4175 μη·-

397 4205 543 4260 enim
586 4214 785 4259 nostra:
819 4218 942 4257 cum
993 4204 1103 4258 Deo
1140 4205 1596 4260 reconciliationis
1637 4215 1824 4275 aperta
1858 4221 1948 4260 con

2143 4203 2342 4274 ἱματα·
2390 4203 2634 4272 σήμερον
2689 4202 2723 4270 ἡ
2781 4198 3103 4253 ἀπωσθεῖσα
3154 4196 3317 4268 φύσις
3365 4196 3547 4267 ἡμῶν,
3586 4196 3694 4267 τῆς

399 4296 706 4366 spiciuntur
734 4293 958 4349 indicia.
994 4292 1164 4349 Hodie
1211 4306 1404 4350 natura
1452 4306 1660 4361 nostra,
1690 4297 1816 4351 olim
1850 4296 1950 4365 reje

2143 4295 2451 4365 νακλήσεως
2506 4294 2576 4345 τὰ
2619 4292 2887 4363 προοίμια
2938 4290 3392 4356 κατοπτεύουσα,
3439 4288 3694 4358 γέγηθε·

401 4400 513 4452 cta,
564 4387 675 4457 jam
703 4402 813 4442 suae
857 4387 913 4441 in
955 4387 1240 4456 pristinum
1303 4387 1661 4442 restitutionis
1698 4387 1952 4458 primordi

2145 4388 2341 4458 ἡμερον
2368 4387 2417 4438 ol
2445 4383 2796 4455 προπάτορες
2834 4382 2934 4451 τῆς
2960 4384 3039 4445 εἰς
3070 4380 3175 4450 γῆν
3205 4380 3562 4451 ἀποστροφῆς
3593 4380 3696 4450 τὴν

404 4479 672 4548 aspiciens
700 4479 1003 4533 hilarescit.
1036 4477 1208 4534 Hodie
1237 4479 1395 4548 primi
1431 4490 1709 4548 parentes,
1738 4480 1864 4532 dum
1906 4494 1955 4533 at

2150 4480 2397 4549 πόφασιν,
2424 4479 2548 4530 ὅσον
2574 4474 2753 4541 οὔπω,
2779 4475 3004 4529 λύεσθαι
3034 4474 3337 4545 μέλλουσαν
3366 4472 3701 4542 ὲνωτιζόμε-

405 4580 568 4627 sonat
614 4586 802 4625 eorum
852 4572 1107 4638 auribus,
1144 4572 1257 4641 jam
1311 4572 1625 4627 solvendam
1676 4572 1822 4625 illam
1872 4586 1956 4625 ess

2147 4588 2179 4623 lt
2200 4569 2503 4639 χαίρουσιν.
2528 4568 2687 4638 Ἀρτι
2708 4566 2769 4618 τὸ
2798 4565 3170 4618 εὐωδέστατον
3192 4563 3347 4634 ῥόδον
3374 4565 3432 4615 ἐν
3453 4562 3698 4632 ἀκάρπῳ

407 4662 731 4718 senlettliam
755 4703 770 4728 ,
802 4677 904 4731 qua
936 4664 1141 4717 editum
1186 4664 1364 4717 fuerat
1394 4664 1667 4719 hominem
1704 4667 1758 4717 itt
1794 4675 1956 4719 terrai

2144 4661 2469 4729 υτευόμενον
2512 4658 2746 4731 ἁρούρᾳ,
2785 4657 2941 4727 πάσῃ
2978 4658 3044 4727 τῇ
3092 4655 3307 4725 ὑφηλίῳ
3360 4654 3561 4724 μέλλον
3598 4654 3694 4705 εὑ-

408 4771 755 4812 reversurum
794 4756 859 4814 ",
896 4755 1226 4810 laetissimam
1261 4756 1495 4811 frontem
1528 4757 1843 4827 explicant,
1874 4772 1959 4811 cer

2146 4753 2373 4816 διάξειν,
2409 4752 2505 4805 καὶ
2536 4730 2635 4820 τῆς
2658 4749 3029 4821 παραϐάσεως
3060 4747 3308 4801 ἐλαύνειν
3346 4746 3407 4798 τὸ
3430 4744 3697 4808 δυσῶδες,

410 4854 685 4919 tioresque
712 4850 837 4903 dum
875 4848 1030 4914 ﬁunt,
1078 4851 1238 4904 modo
1271 4850 1323 4904 in
1360 4866 1491 4920 agro
1520 4851 1691 4906 sterili
1748 4850 1961 4922 lragran

2150 4847 2580 4917 ιαγγελιζόμενοι
2645 4846 2929 4917 γήθονται.
2993 4843 3110 4898 Νῦν
3173 4842 3236 4895 τὸ
3301 4840 3701 4912 καθαρώτατον

414 4944 681 4999 tissimam
702 4942 846 4996 illam
877 4956 1056 4997 rosam
1088 4941 1340 5012 plantari,
1383 4958 1501 5012 quae
1527 4945 1692 4998 odore
1715 4958 1814 4998 suo
1841 4943 1965 5013 quid

2147 4938 2401 5007 νάκτορον
2424 4936 2517 4990 τοῦ
2544 4934 2941 5005 παμϐασιλέως
2962 4933 3206 5005 Χριστοῦ
3233 4931 3501 5003 θεμελιού
3511 4948 3698 5002 μενον,

413 5035 541 5104 quid
567 5035 667 5090 sub
697 5034 812 5088 sole
839 5043 941 5100 est,
974 5034 1282 5104 perfundet,
1327 5050 1391 5089 ac
1424 5036 1891 5104 prevaricationis
1924 5036 1964 5088 l'e

2152 5033 2254 5086 Ξσα
2280 5035 2315 5103 ἡ
2340 5031 2520 5095 κτίσις
2549 5030 2738 5101 ὁρῶσα
2768 5029 2989 5100 σκιρτᾷ,
3019 5027 3362 5098 χαριστήρια
3392 5026 3489 5079 καὶ
3510 5028 3703 5097 χεῖρας

418 5140 588 5181 torem
642 5127 845 5193 abiget,
903 5125 1145 5180 laetitiam
1194 5126 1725 5197 gratulationemque
1775 5126 1969 5198 ingemi

2153 5127 2309 5193 ροτεῖ,
2345 5124 2444 5177 καὶ
2474 5123 2554 5194 τῷ
2588 5123 2809 5176 πάντων
2847 5122 3009 5192 αἰτίῳ
3048 5120 3157 5174 τῶν
3199 5118 3423 5187 ἀγαθῶν
3471 5119 3704 5188 εὐχαρι-

415 5229 567 5273 nant.
595 5217 800 5275 Omnes
823 5228 1091 5291 quotquot
1128 5231 1256 5273 sunt
1283 5230 1550 5275 creatura:
1572 5221 1699 5274 dum
1730 5221 1966 5291 purissin

2152 5215 2311 5270 τοῦσα
2360 5216 2615 5288 γεραίρει
2663 5214 2807 5285 Θεῷ.
2848 5213 2963 5267 Νῦν
3015 5216 3045 5267 ὁ
3087 5213 3231 5274 θεῖος
3270 5211 3605 5283 παράδεισος
3642 5211 3703 5262 ὲν

418 5313 598 5381 templi
642 5312 806 5381 Regis
839 5314 1080 5366 omnium
1103 5310 1307 5367 Christi
1339 5327 1485 5366 nunc
1512 5313 1621 5383 jaci
1660 5312 1969 5368 l‘undament

2158 5311 2327 5382 ιίκμῳ
2388 5311 2545 5383 νηδύϊ
2594 5311 2913 5379 φυτεύεται,
2946 5311 3077 5371 τοὺς
3119 5311 3183 5362 ἐκ
3211 5307 3308 5360 τοῦ
3352 5306 3576 5378 πρώτου
3623 5304 3709 5370 ἑξ-

416 5414 673 5473 cernunt,
696 5416 978 5476 gratanter
1010 5407 1332 5476 tripudiant,
1360 5407 1717 5478 manibusque
1747 5408 1965 5477 plamlut

2157 5407 2429 5469 ιισθέντας
2464 5408 2612 5476 ἡμᾶς
2650 5405 2743 5458 καὶ
2795 5405 3013 5475 θανάτῳ
3056 5402 3517 5473 κατακριθέντας,
3567 5401 3708 5471 πρὸς

417 5506 472 5552 et
514 5495 681 5550 Deum
739 5497 1003 5553 bonorum
1038 5501 1282 5555 omnium
1322 5510 1600 5555 auctorem
1644 5516 1769 5555 cum
1805 5503 1968 5572 gratia

2155 5501 2279 5570 ωὴν,
2312 5499 2402 5553 διὰ
2433 5499 2526 5552 τοῦ
2557 5500 2617 5563 ἐξ
2647 5498 2812 5551 αὑτοῦ
2840 5498 3165 5569 βλαστήσειν
3198 5496 3508 5567 μέλλοντος.
3536 5498 3706 5547 ἐπαν-

416 5600 539 5640 rum
564 5586 783 5642 actione
810 5586 1066 5645 laudibus
1116 5600 1539 5662 prosequuntur.
1572 5589 1726 5647 Nunc
1779 5592 1965 5647 aridoi

2157 5592 2261 5657 ξων
2293 5592 2579 5663 ζωηςρόρου
2623 5590 2823 5662 φυτοῦ·
2866 5592 2962 5645 νῦν
2992 5591 3088 5644 τοῦ
3134 5588 3514 5661 πνευματικοῦ
3544 5588 3708 5657 ἔαρος

506 5763 549 5794 ³⁸
580 5762 717 5820 Gen.
761 5780 840 5832 ιιι,
868 5764 955 5819 19.
