3928 6246
302 203 437 269 135⁸3

1219 202 1300 264 ΙΝ
1338 200 1924 264 CONCEP’I‘IONEM
1959 205 2021 266 S.
2060 206 2287 269 ANNXE
2326 207 2630 270 ORATIO.

3426 204 3566 271 1354

296 319 364 373 τὰ
391 317 528 390 ἄνθη
567 316 908 389 μυρίζουσιν,
944 317 1036 370 καὶ
1070 316 1166 387 τὴν
1199 318 1365 369 αὐτοῦ
1400 318 1873 389 προαγγέλλουσιν

1994 333 2141 379 utero
2182 325 2397 380 divinus
2456 326 2545 379 ille
2588 324 2862 395 plantatur
2914 321 3229 391 Paradisus,
3257 322 3350 393 qui
3389 340 3489 380 nos
3527 343 3557 379 a

296 410 499 466 εἴσοδον
519 426 535 441 ο
566 412 780 482 νάρδος,
817 410 1039 481 κρόκος,
1067 410 1164 464 καὶ
1202 410 1363 481 κρίνα
1390 410 1745 483 κυπρίξουσι,
1784 410 1881 464 καὶ

294 504 392 575 τὴν
426 504 653 575 ἡδίστην
676 503 801 574 ὄψιν
824 502 1245 575 προδεικνύντα,
1272 502 1399 566 τοὺς
1427 504 1485 555 ὲν
1512 506 1578 573 τῇ
1606 503 1884 575 κατηφείᾳ

293 593 390 662 τῆς
421 593 698 664 ἁμαρτίας
730 593 878 664 ἡμᾶς
906 592 1358 663 κατατέρπουσιν
1379 608 1393 622 ο
1428 592 1705 664 προέκοψε
1743 593 1880 665 μετὰ

293 685 391 756 τῆς
419 684 613 748 νυκτὸς
649 685 747 755 τῆς
789 684 1065 757 ἁμαρτίας
1097 685 1124 737 ὁ
1167 684 1471 757 κατηφείας
1514 685 1730 755 πλήρης
1769 703 1881 755 χει-

298 777 430 847 μὼν,
459 779 554 831 καὶ
588 779 840 849 ἤγγικεν,
880 777 1024 850 μετὰ
1063 778 1162 847 τῆς
1196 778 1412 849 ἡμέρας
1441 778 1542 847 τῆς
1572 777 1877 844 εὐσεϐείας,

292 871 352 922 τὸ
380 871 737 942 χαριέστατον
767 872 887 943 ἔαρ,
914 872 1009 926 καὶ
1032 870 1129 942 τὴν
1160 870 1325 925 ἀλέαν
1349 869 1444 924 τοῦ
1470 870 1617 923 θείου
1644 888 1879 926 συνεπα-

294 965 524 1036 γόμενον
564 964 701 1018 Πνεύ
711 984 901 1036 ματος.

1986 418 2151 486 priori
2192 418 2461 485 expulsos,
2502 416 2769 485 mortique
2799 418 3104 481 damnatos,
3156 431 3250 486 per
3289 416 3562 471 vivificqu

1986 523 2202 579 germen
2235 524 2299 564 ex
2333 510 2447 579 ipso
2481 509 2747 563 oriturum
2779 509 2846 563 ad
2886 508 3048 562 vitam
3083 509 3376 563 revocabit.
3411 508 3564 565 Nunc

1984 600 2147 656 ﬂores
2203 601 2503 669 spiritualis
2559 602 2703 656 veris
2755 601 2965 670 Spiraut
3010 600 3268 666 odorem,
3314 601 3565 670 illiusque

1988 693 2352 763 prtenuntiant
2406 692 2729 763 ingressum.
2788 690 2905 745 Jam
2960 700 3189 745 vernant
3222 706 3344 745 cum
3390 692 3561 744 nardo

1989 798 2181 839 crocus
2219 792 2273 837 et
2302 782 2409 836 lilia
2442 798 2507 836 ac
2531 782 3050 849 su:wissimo,qnem
3086 781 3366 847 exhibent,
3401 796 3561 850 aspe-

1988 882 2077 927 ctu
2110 889 2208 928 nos
2241 874 2443 941 peccati
2486 874 2688 941 pudore
2728 874 3037 943 squalentes
3062 871 3276 941 erigunt
3328 882 3382 927 et
3415 873 3565 928 obles

1988 974 2157 1020 ctant.
2183 966 2467 1020 Praecessit
2490 967 2600 1033 jam
2628 982 2747 1020 cum
2784 976 2939 1020 nocte
2972 966 3174 1032 peccati
3214 965 3564 1033 plcnatristh

294 1060 381 1113 tia:
413 1059 587 1114 hiems
620 1057 1108 1127 :jucnndissimum
1149 1066 1330 1112 autem
1363 1072 1458 1112 ver
1492 1071 1612 1112 cum
1654 1056 1872 1127 pietatis
1910 1057 1998 1114 die
2031 1060 2196 1113 divini
2225 1058 2460 1127 Spiritus
2498 1058 2733 1114 calorem
2806 1074 2991 1113 secum
3049 1058 3323 1112 adducens
3366 1071 3564 1126 appro-

294 1151 599 1222 pinqnavit.

364 1240 441 1296 B'.
485 1240 976 1313 Ἀγαλλιασὼμεθα
1009 1241 1211 1308 τοίνυν,
1243 1242 1340 1296 καὶ
1373 1242 1692 1312 ψαλμικῶς
1729 1244 1878 1297 ἀλα-

292 1331 574 1402 λάξωμεν
613 1333 877 1399 ἅπαντες,
916 1335 1155 1405 ὁρῶντες
1199 1335 1298 1405 τὴν
1334 1335 1432 1403 τῆς
1466 1334 1744 1405 ἡμετέρας
1785 1335 1877 1387 εύ-

293 1424 514 1492 γένειαν
545 1425 761 1494 φύσεως
788 1425 1101 1498 ἀρχομένην
1136 1428 1193 1480 ὲν
1218 1428 1283 1496 τῇ
1317 1425 1519 1496 γαστρὶ
1540 1426 1641 1494 τῆς
1676 1426 1877 1496 Ἀννης

293 1518 654 1585 φυτεύεσθαιο
703 1522 1062 1591 κροτήσωμεν
1096 1522 1311 1590 χεῖρας,
1348 1522 1443 1572 καὶ
1474 1520 1879 1587 πνευματικοὺς

293 1611 492 1681 χοροὺς
538 1611 962 1683 συστησώμεθα,
1008 1612 1109 1680 τῆς
1144 1612 1323 1675 αἰτίας
1361 1613 1493 1681 ἡμῖν
1538 1611 1879 1681 εύσροσύνης

295 1705 537 1774 ἀπάσης,
579 1704 674 1757 καὶ
704 1706 879 1774 χαρᾶς
915 1705 1284 1775 ἀνεκλαλήτου
1332 1703 1599 1776 προξένου
1648 1721 1877 1774 γενησο-

295 1797 465 1867 μένης
500 1797 849 1867 ἑορτάζοντες
882 1795 1166 1866 σύλληψιν.

370 1877 625 1963 ’ᾼσῖυμεν
672 1890 979 1963 συμφώνως
1012 1890 1088 1961 τῷ
1122 1890 1242 1960 Θεῷ
1293 1890 1471 1962 ἡμῶν,
1521 1892 1772 1963 ᾀσωμεν·
1803 1889 1879 1953 ὼς

291 1984 392 2055 τὴν
417 1985 515 2053 τῆς
539 1983 819 2053 ἡμετέρας
850 1982 1108 2052 πρόξενον
1133 1981 1450 2053 ἐλευθερίας
1473 1985 1580 2036 τῶν
1611 1982 1880 2036 καταδου-

292 2077 577 2131 λωθέντων
605 2080 672 2147 τῇ
711 2077 957 2148 ἁμαρτίᾳ
995 2076 1269 2147 Παρθένον
1310 2076 1521 2145 διάτῆς
1557 2076 1757 2146 ’Ἀννης
1785 2075 1877 2128 καὶ

294 2169 389 2222 τοῦ
435 2169 698 2237 ’ῐωακεὶμ
739 2168 1100 2233 πλουτοῦντες
1149 2168 1496 2237 πανάμωμον
1542 2168 1877 2220 Δέσποιναν·

292 2261 543 2332 εἴπωμεν
591 2258 685 2315 οῦν
717 2264 881 2333 ἡμεῖς
914 2260 990 2323 ὡς
1036 2262 1091 2313 ἐν
1127 2260 1390 2329 ἐκπλήξει
1438 2260 1574 2330 μετὰ
1610 2260 1703 2312 τοῦ
1736 2259 1879 2312 θείου

294 2353 487 2407 Δαὸἱδ·
519 2354 614 2419 Ὠς
635 2354 1011 2423 ἐμεγαλύνθη
1035 2352 1107 2406 τὰ
1124 2351 1270 2421 ἔργα
1294 2370 1433 2411 σου.
1459 2354 1662 2419 Κύριε]
1684 2351 1883 2405 πάντα

295 2447 360 2500 ἐῢ
401 2448 591 2516 σοφίᾳ
619 2447 914 2515 ἐποίησας
935 2445 956 2498 ,ί
986 2444 1081 2509 Τίς
1116 2448 1221 2516 γὰρ
1248 2444 1413 2497 αὐτοῦ
1438 2446 1534 2507 τὰς
1562 2444 1883 2507 δυναστείας

296 2532 527 2603 λαλῆσαι
562 2534 893 2604 δυνήσεται;
940 2534 1100 2595 ποίας
1147 2534 1204 2585 δὲ
1250 2534 1341 2585 κοιλ⁸
1393 2532 1621 2603 καρδίας
1682 2533 1883 2597 πλάτος

298 2626 403 2678 τῶν
426 2626 849 2697 άνεξιχνιάστων
872 2622 1038 2679 αὑτοῦ
1068 2624 1356 2695 κριμάτων
1380 2625 1761 2695 ἀναμετρῆσαι
1785 2626 1882 2696 τὴν

300 2717 577 2783 ἁϐυσσον;
616 2718 679 2769 Οί
717 2716 1249 2788 προσκεκρουκὸτες,
1283 2717 1381 2787 τῆς
1412 2717 1706 2786 καταδίκης
1747 2718 1884 2769 ἁπο-

300 2810 543 2879 λυόμεθα
568 2826 583 2842 ·
619 2812 670 2864 οἱ
710 2810 787 2880 τῷ
836 2810 1138 2883 ἁρχεκάκῳ
1176 2810 1395 2877 δαίμονι
1434 2810 1752 2873 πεισθέντες
1795 2809 1886 2863 διὰ

302 2903 392 2956 τοῦ
422 2904 601 2971 ὄφεως
628 2903 1075 2970 συμϐουλεύοντι,
1107 2902 1262 2971 παρὰ
1284 2902 1377 2956 τοῦ
1405 2903 1710 2964 πλάσαντος
1736 2904 1885 2973 ἡμᾶς

304 2994 603 3057 Δεσπότου,
625 2995 715 3048 καὶ
738 2991 1300 3064 παρακίριουσθέντες
1324 2991 1882 3061 προσλαμϐανόμεθα·

302 3088 348 3138 oi
380 3087 561 3139 ἑκοντὶ
598 3084 691 3138 τοῦ
726 3084 999 3157 ἡμετέρου
1048 3084 1321 3154 τραχήλου
1371 3084 1462 3135 τὸν
1507 3083 1674 3136 αὐτοῦ
1722 3084 1886 3151 ζυγὸν

2057 1243 2118 1297 Il.
2158 1242 2464 1298 Nobilitatis
2511 1242 2690 1311 itaque
2748 1256 2811 1296 ac
2852 1242 3061 1297 decoris
3106 1252 3315 1297 naturae
3364 1253 3565 1300 nostra:

1984 1335 2209 1404 primam
2238 1336 2290 1388 in
2323 1336 2491 1389 Anna:
2529 1346 2683 1389 utero
2707 1334 3093 1404 plantatiouem
3145 1335 3437 1396 intrwutes,
3469 1352 3565 1390 ea:-

1983 1428 2236 1481 sultemus
2260 1441 2449 1482 omnes
2473 1438 2527 1479 et
2554 1428 2609 1480 in
2652 1427 2868 1496 psalmis
2909 1426 3200 1495 jubilemus
3234 1427 3277 1481 ³.
3331 1426 3564 1482 Plantla-

1987 1533 2107 1571 mus
2128 1517 2393 1581 manibus,
2426 1517 2735 1585 spirituales
2763 1518 2990 1571 choreas
3023 1518 3394 1583 instituamus,
3423 1521 3566 1574 (Zon-

1987 1610 2286 1676 ceptionem
2331 1609 2475 1663 illius
2505 1609 2696 1665 festive
2723 1609 3080 1671 celebrantes,
3113 1625 3231 1677 qua:
3257 1609 3412 1664 nobis
3445 1626 3563 1662 om-

1989 1700 2073 1755 nis
2104 1700 2299 1755 laetitizc
2330 1701 2543 1755 auctrix
2575 1700 2965 1770 incll‘abilisque
3002 1701 3181 1769 gaudii
3220 1703 3564 1756 conciliatrix

1985 1795 2233 1849 exsistet.

2057 1885 2353 1939 Cantamns
2392 1887 2646 1939 concordi
2699 1900 2829 1940 voce
2862 1886 2971 1940 Deo
3006 1897 3213 1950 nostro,
3246 1896 3562 1948 cantemus;

1983 1987 2165 2047 utpote
2187 1979 2276 2047 qui
2324 1993 2419 2046 per
2456 1979 2667 2032 Annam
2712 1980 3113 2034 elJoachimum
3162 1978 3319 2046 plane
3373 1968 3568 2033 imma-

1985 2070 2160 2124 culata
2194 2072 2414 2126 Domina
2446 2080 2499 2124 et
2522 2070 2741 2139 Virgine
2773 2072 3033 2135 ditemur,
3066 2086 3188 2141 qua:
3228 2086 3328 2125 nos
3362 2070 3568 2139 peccati

1986 2162 2246 2216 servitute
2261 2176 2476 2229 pressos
2504 2162 2555 2215 in
2588 2162 2895 2219 libertatem
2920 2171 3148 2217 asseret.
3179 2163 3241 2215 Et
3264 2177 3361 2215 nos
3379 2162 3566 2230 igitur,

1984 2263 2205 2322 stupore
2238 2254 2292 2307 in
2326 2254 2588 2309 exstasim
2625 2255 2787 2309 veluti
2816 2257 3119 2324 rapti,cuu|
3150 2256 3332 2310 divino
3368 2254 3568 2310 Davide

1985 2346 2282 2402 clamemus
2320 2365 2333 2401 :
2366 2347 2541 2413 Quam
2574 2348 2912 2415 magniﬁcam
2943 2359 3066 2401 sunt
3112 2365 3269 2415 opera
3314 2356 3428 2414 tua,
3464 2344 3570 2401 Duo

1986 2437 2166 2491 mine!
2202 2437 2397 2493 Omnia
2431 2442 2485 2494 in
2516 2441 2776 2507 sapientia
2806 2440 3019 2509 fecisti!
3060 2440 3256 2511 Ecquis
3289 2441 3432 2496 enim
3468 2456 3567 2511 po-

1988 2531 2187 2585 tentias
2222 2532 2393 2599 ipsius
2440 2533 2617 2601 eloqui
2650 2534 2880 2601 poterit?
2924 2534 3028 2591 Aut
3064 2537 3342 2599 cuiusnam
3378 2535 3571 2604 ampli.

1990 2623 2116 2677 tudo
2144 2624 2325 2677 cordis
2374 2624 2828 2694 investigabtlinm
2882 2626 3210 2695 judiciornm
3247 2627 3366 2697 ejus
3400 2627 3569 2700 abyso

1986 2730 2103 2769 smn
2136 2715 2376 2785 (poterit)
2407 2718 2721 2772 dimetiri“?
2765 2718 2865 2783 Qui
2928 2719 3373 2789 (indignationem
3427 2720 3567 2791 ejus)

1988 2808 2417 2873 incurreramus,
2457 2825 2487 2865 a
2527 2812 2877 2865 damnatione
2929 2812 3282 2867 absolvimur.
3323 2811 3423 2879 Qui
3463 2816 3572 2871 da»-

1990 2901 2157 2964 moui,
2181 2901 2441 2955 malorum
2473 2905 2712 2961 Omnium
2744 2905 3065 2972 architecto,
3100 2922 3264 2975 prava
3296 2922 3394 2977 per
3447 2923 3567 2963 ser-

1990 3002 2204 3061 pentem
2258 2993 2481 3048 consilia
2531 2998 2848 3065 suggerenti
2906 3002 3499 3067 obtemperaveramus,
3537 3020 3565 3052 ιι

1992 3086 2235 3151 Domino,
2255 3086 2547 3143 Conditore
2576 3097 2787 3152 nostro,
2815 3097 2933 3143 utut
2964 3089 3426 3157 praevaricatores,
3449 3106 3571 3147 sus-

305 3179 731 3250 ἀπορρίψαντες,
786 3178 881 3231 καὶ
923 3176 1001 3247 τῷ
1052 3177 1311 3246 δυσμενεί
1364 3179 1883 3247 προσχωρήσαντες,

1994 3177 2244 3245 cipimnr.
2279 3177 2378 3242 Qui
2405 3178 2793 3248 spontejngnm
2826 3180 2997 3248 ipsius
3040 3196 3068 3233 a
3118 3181 3329 3235 cervice
3388 3190 3570 3236 nostra

306 3271 440 3344 πρὸς
466 3272 557 3325 τὸν
582 3271 815 3342 χρηστὸν
848 3271 1058 3323 ἐκείνου
1092 3269 1257 3323 πάλιν
1280 3268 1368 3322 διὰ
1393 3268 1678 3339 σπλάγχνα
1706 3269 1888 3335 ἐλέους

305 3364 722 3435 ὑποϐαλλομεθα
747 3380 759 3391 ·
791 3364 840 3416 oi
867 3364 935 3416 τὰ
962 3362 1220 3415 δύσοιστα
1254 3361 1363 3412 τῶν
1400 3360 1732 3432 ἁμαρτάδων
1758 3378 1889 3430 φορ-

303 3460 393 3512 τία
426 3459 657 3521 ἑαυτοὺς
707 3456 1185 3527 ὲπιφορτίσαντες,
1232 3453 1371 3524 πρὸς
1423 3452 1522 3525 τὴν
1581 3454 1889 3507 ἀνάπαυσιν

305 3550 619 3621 προσκεκλή
629 3548 790 3621 μεθα.

375 3739 598 3794 Τούτων
638 3737 900 3791 ἁπάντων
933 3736 1079 3807 ἀρχὴ
1106 3735 1201 3788 καὶ
1227 3733 1375 3788 αἰτία
1406 3734 1440 3803 ἡ
1468 3731 1721 3803 παροῦσα
1750 3731 1887 3785 καθ-

306 3836 534 3903 έστηκεν
594 3832 783 3901 ἑορτὴ,
826 3830 925 3882 καὶ
968 3828 1077 3882 τῶν
1108 3829 1284 3882 ἄλλων
1318 3827 1597 3887 ἁπάντων,
1638 3825 1895 3893 καθάπερ

306 3946 386 3991 τις
413 3926 565 3997 ἡλίου
603 3924 904 3995 ἑωσφόρος,
939 3922 1443 3994 προανατέλλουσα,
1482 3921 1576 3973 καὶ
1597 3920 1663 3973 δι’
1688 3919 1888 3990 ἑαυτῆς

306 4021 524 4082 ἁπάσας
558 4018 860 4089 μηνύουσα.

374 4114 451 4168 1".
496 4112 756 4181 Ἰωακεὶμ
783 4110 891 4181 γάρ
918 4128 1001 4172 τις
1042 4108 1151 4161 τῶν
1180 4106 1404 4178 ἐξύχων,
1441 4106 1539 4159 καὶ
1580 4120 1725 4176 μέγα
1756 4107 1889 4176 παρ’

318 4205 594 4275 Ἑϐραίοις
618 4202 758 4274 ἔχων
792 4202 851 4255 τὸ
871 4202 1065 4271 ὄνομα,
1089 4201 1155 4255 ὲκ
1194 4198 1483 4257 Δαϐιδικοῦ
1519 4198 1688 4268 φύλου
1720 4199 1890 4252 κατά-

304 4313 417 4363 γων
447 4295 509 4347 τὸ
540 4293 719 4361 γένος,
753 4292 851 4361 τὴν
878 4291 979 4360 τῆς
1010 4289 1158 4351 θείας
1182 4291 1409 4361 χάριτος
1438 4287 1729 4358 ἐπώνυμον
1764 4289 1892 4341 Ἀν-

304 4404 401 4439 ναν
428 4383 532 4454 τῆς
552 4383 723 4451 αὐτῆς
755 4380 1078 4449 συγγενείας
1109 4376 1277 4434 οὖσαν
1303 4380 1577 4449 ἐκτήσατο
1602 4377 1850 4431 σύνοικον
1872 4391 1886 4405 ·

303 4480 365 4531 οὐ
393 4480 506 4547 γὰρ
552 4475 677 4545 ἐξῆν
712 4470 831 4527 κατ’
869 4473 1115 4535 ἐκείνους
1149 4472 1209 4535 ἐξ
1252 4470 1419 4539 ἄλλης
1455 4469 1627 4539 φυλῆς
1656 4470 1755 4532 τὰς
1791 4484 1887 4520 συ-

305 4571 497 4639 ζυγίας
524 4566 897 4640 ἁρμόζεσθαι·
931 4567 1027 4619 καὶ⁹
1051 4565 1116 4634 δὴ
1142 4563 1241 4634 τὴν
1270 4562 1474 4633 ἀρετὴν
1495 4561 1772 4632 ὁμοτίμως
1796 4560 1889 4613 καὶ

302 4662 599 4734 ὀμοψύχως
640 4660 943 4730 ἀμφότεροι
982 4657 1413 4727 ὲξασκήσαντες,
1450 4657 1563 4725 ὅοὐχ
1605 4651 1767 4727 ἧττον
1794 4654 1891 4707 θά-

302 4775 462 4829 τερος
494 4755 747 4826 θατέρου,
782 4754 994 4815 πάντας
1045 4752 1172 4812 τοὺς
1203 4750 1326 4802 κατ’
1351 4749 1560 4801 ἐκείνου
1607 4747 1801 4819 καιροῦ
1834 4748 1891 4799 ἐν

305 4851 501 4921 ταύτῃ,
526 4850 726 4901 ὁπόσον
750 4847 850 4898 οὐκ
881 4840 949 4915 ἦν
971 4844 1167 4904 εἰπεῖν,
1199 4842 1395 4914 ῥᾳδίως
1417 4840 1855 4911 ὑπερηκόντισαν
1874 4856 1887 4869 ·

306 4948 399 4999 καὶ
428 4943 623 4996 τούτου
661 4941 837 5010 σαφὴς
860 4941 929 4993 τὰ
970 4939 1109 5009 μετὰ
1147 4938 1236 4990 τὸν
1264 4937 1422 4989 τόκον
1455 4934 1749 4999 ἀπόδειξις.
1773 4934 1888 4988 Μό-

305 5054 385 5089 νοι
421 5035 532 5105 γὰρ
557 5033 665 5085 τῶν
700 5032 879 5085 ἄλλων
916 5031 1174 5085 ἁπάντων
1204 5026 1430 5097 τοιούτῳ
1458 5026 1745 5095 μυστηρίῳ
1771 5025 1889 5077 δια-

308 5128 534 5197 κονῆσαι
562 5124 1007 5194 κατηξιώθησαν,
1037 5122 1112 5185 ὡς
1148 5119 1286 5173 Θεοῦ
1303 5119 1525 5190 Μητρὸς
1551 5117 1892 5187 χρηματίσαι

308 5221 656 5291 γεννήτορες,
710 5220 804 5270 καὶ
832 5216 1024 5269 τούτου
1072 5216 1329 5285 πρόγονοι
1372 5213 1470 5281 τῆς
1518 5211 1671 5264 κάτω
1696 5212 1894 5282 γεννή-

312 5329 468 5376 σεως.
514 5311 682 5363 Ἀλλά
727 5328 792 5378 γε
845 5309 1048 5380 καίπερ
1094 5307 1324 5362 τοιοῦτοι
1386 5306 1650 5378 πρότερον
1701 5305 1893 5370 ὄντες,

312 5405 541 5467 ἄπαιδες
572 5406 896 5475 κατεγήρων
928 5402 1022 5455 τὸν
1067 5402 1201 5472 βίον,
1230 5401 1325 5453 καὶ
1356 5402 1454 5470 τὴν
1483 5400 1547 5451 ὲκ
1580 5396 1774 5449 τούτου
1801 5396 1895 5447 λύ-

314 5516 420 5571 πην
448 5495 822 5562 συναύξουσαν
852 5497 982 5566 παρ’
1004 5495 1126 5548 ὅλον
1157 5494 1496 5564 είσέκτηντο,
1526 5490 1601 5553 ὡς
1630 5488 1740 5542 τῶν
1763 5486 1894 5557 παρ’

386 5682 404 5711 ³
440 5677 643 5734 Psalm.
683 5693 824 5740 xcrv,
877 5679 921 5741 Ι,
951 5677 1005 5729 2.
1085 5675 1104 5705 ³
1137 5674 1335 5729 Psalm.
1378 5688 1494 5738 cut,
1530 5671 1618 5724 Eli.

680 5774 949 5835 PATROL.
994 5772 1112 5833 Gn.
1159 5770 1313 5833 CIV.

1704 5669 1722 5699 ⁵
1751 5665 1951 5724 Psalm.
1980 5678 2065 5728 (ιγ,
2095 5662 2149 5717 2.

1991 3285 2444 3338 excusseramus,
2471 3282 2525 3327 et
2559 3272 2697 3326 facta
2726 3274 2999 3329 deditione
3030 3276 3097 3329 ad
3137 3274 3345 3328 inimici
3386 3286 3571 3345 partes

1992 3365 2450 3433 transiveramus,
2513 3383 2703 3423 rursus
2768 3368 2919 3422 suavi
2976 3367 3120 3423 illius
3163 3368 3291 3438 jugo
3352 3380 3572 3438 propter

1990 3460 2377 3516 misericordiae
2434 3476 2547 3517 sua:
2606 3463 2818 3517 viscera
2870 3462 3212 3531 subjicimnr.
3249 3461 3349 3529 Qui
3402 3477 3570 3517 onere

1990 3565 2337 3623 peccatorum
2406 3554 2711 3610 miserrime
2790 3555 3130 3623 opprimente
3205 3554 3570 3622 nosmetipsos

1990 3661 2433 3716 gravaveramus,
2474 3646 2541 3700 ad
2586 3646 2938 3700 refectionem
2984 3647 3157 3701 vocati
3206 3646 3320 3717 jam
3359 3662 3566 3703 smnus.

2063 3735 2264 3790 Horum
2299 3749 2461 3804 porro
2511 3736 2774 3790 bonorum
2826 3736 3068 3791 omnium
3116 3736 3272 3808 origo
3300 3748 3355 3793 et
3404 3754 3570 3794 causa

1989 3842 2228 3898 praesens
2281 3828 2491 3883 exstitit
2537 3828 2873 3894 solemnitas,
2911 3844 3035 3899 qua:
3082 3829 3307 3899 reliquis
3348 3832 3569 3901 insuper

1989 3918 2262 3983 omnibus,
2286 3933 2383 3972 ceu
2436 3919 2683 3987 quaedam
2719 3920 2852 3975 solis
2909 3935 3104 3975 aurora
3127 3962 3143 3987 ,
3179 3932 3357 3976 ortum
3392 3933 3569 3991 parat,

1942 3996 1957 4009 ’
1990 4020 2319 4078 εωιοι-ιιεῳιε
2346 4010 2519 4079 seipsa
2548 4010 2924 4065 solemnitales
2958 4011 3303 4078 pmnnntiat.

2060 4102 2145 4155 Ill.
2174 4100 2441 4163 Joachim,
2474 4117 2614 4156 unus
2647 4117 2676 4156 e
2708 4101 3056 4168 primoribus,
3097 4103 3385 4171 magnique
3428 4106 3571 4174 apud

1990 4198 2243 4255 Hebraeos
2275 4200 2527 4262 nominis,
2554 4207 2609 4254 et
2634 4214 2663 4254 θ
2684 4190 2900 4255 Davidis
2940 4199 3141 4253 familia
3169 4201 3371 4256 ducens
3398 4203 3569 4271 origi-

1992 4289 2399 4355 netn,.Annam,
2459 4306 2489 4344 a
2542 4290 2726 4345 divina
2773 4290 2947 4359 gratia
2979 4305 3171 4345 nomen
3197 4290 3487 4347 habentem
3515 4302 3574 4347 et

1988 4394 2165 4436 ortum
2190 4398 2255 4436 ex
2280 4385 2466 4437 eadem
2498 4383 2666 4450 stirpe
2698 4382 3001 4436 trahentem
3043 4380 3400 4452 (nequeenim
3428 4385 3572 4453 apud

1989 4488 2083 4527 eos
2106 4490 2173 4529 ex
2199 4475 2411 4528 diversa
2441 4476 2583 4528 tribu
2613 4475 2956 4529 matrimonia
2981 4473 3133 4544 juugi
3162 4473 3243 4529 fas
3267 4476 3572 4543 erat),uxo-

1921 4543 1964 4597 Ῑ)
1995 4582 2106 4620 rem
2149 4566 2358 4621 habuit.
2388 4567 2563 4633 Atque
2600 4568 2760 4620 ambo
2794 4579 2925 4621 sane
2954 4543 3209 4621 concordi
3240 4568 3445 4628 animo,
3470 4581 3572 4634 apa-

1990 4661 2144 4730 rique
2163 4661 2340 4715 studio
2364 4663 2616 4715 virtutem
2667 4661 3013 4723 excolentes,
3056 4659 3215 4728 hujus
3258 4660 3573 4727 praestantia

1991 4768 2130 4807 unus
2158 4768 2311 4821 :eqne
2333 4764 2493 4822 atque
2509 4754 2675 4805 altera
2703 4765 2892 4807 omnes
2920 4753 3099 4807 aetatis
3132 4752 3276 4804 illius
3300 4751 3567 4811 homines,

1990 4855 2249 4914 quantum
2274 4860 2373 4898 nec
2404 4844 2583 4898 verbis
2608 4843 2713 4897 dici
2738 4855 2953 4911 posset,
2990 4842 3149 4897 facile
3197 4851 3568 4896 excesserunt.

1991 4934 2158 5003 Cujus
2192 4934 2267 4987 rei
2307 4935 2529 4988 evidens
2565 4934 2987 5002 suppeditabunt
3027 4942 3409 5001 argumentum
3452 4945 3574 4997 qua:

2000 5038 2121 5097 post
2154 5036 2364 5096 partum
2410 5037 2597 5079 secuta
2628 5036 2776 5078 sunt.
2814 5024 2879 5076 Et
2902 5038 3035 5077 sane
3064 5038 3130 5076 ex
3174 5020 3295 5074 aliis
3318 5021 3572 5075 omnibus

1998 5120 2099 5189 ipsi
2125 5118 2223 5173 soli
2249 5118 2393 5187 digni
2427 5118 2594 5171 habiti
2620 5127 2765 5182 sunt,
2799 5116 2889 5184 qui
2931 5114 3090 5183 hujus
3138 5113 3379 5183 mysterii
3412 5111 3573 5165 mini-

1993 5212 2089 5267 stri
2117 5210 2331 5276 forent,
2362 5217 2418 5260 nt
2455 5210 2677 5276 proinde
2712 5207 2801 5261 Dei
2833 5204 3020 5258 Matris
3057 5205 3357 5274 genitores,
3392 5217 3456 5257 ac
3478 5201 3575 5255 Dei

1996 5305 2165 5373 ipsius
2198 5300 2490 5354 secundum
2521 5297 2927 5368 generationem
2959 5305 3270 5351 terrestrem
3302 5296 3385 5348 avi
3407 5294 3575 5348 exsti-

1998 5395 2181 5448 terint.
2214 5390 2410 5445 Verum
2456 5389 2756 5451 enimvero,
2784 5386 2908 5440 licet
2944 5387 3106 5441 tantis
3154 5385 3234 5440 vel
3265 5394 3421 5437 antea
3462 5397 3576 5437 tue-

1996 5485 2116 5539 ritis
2146 5481 2385 5550 insignes
2411 5488 2615 5542 essent,
2641 5479 2757 5533 sine
2782 5478 2967 5534 liberis
2988 5485 3166 5533 tamen
3197 5475 3572 5540 senescebant;

2227 5665 2246 5694 ⁸
2280 5662 2501 5735 Psalm.
2527 5677 2700 5728 xxvu,
2728 5660 2782 5715 7.

3136 5749 3211 5810 {t3
