  <div class='ocr_page' id='page_1' title='image "/cluster/home/n/w/nwhite01/storage/ocr_20150623/104 pt.4/mdp.39015061931229/687.png"; bbox 0 0 3928 6246; ppageno 0'>
   <div class='ocr_carea' id='block_1_1' title="bbox 322 214 459 282">
    <p class='ocr_par' dir='ltr' id='par_1_1' title="bbox 322 214 459 282">
     <span class='ocr_line' id='line_1_1' title="bbox 322 214 459 282; baseline -0.015 -2"><span class='ocrx_word' id='word_1_1' title='bbox 322 214 459 282; x_wconf 83' lang='grc'><strong>1355</strong></span> 
     </span>
    </p>
   </div>
   <div class='ocr_carea' id='block_1_2' title="bbox 1441 206 2462 276">
    <p class='ocr_par' dir='ltr' id='par_1_2' title="bbox 1441 206 2462 276">
     <span class='ocr_line' id='line_1_2' title="bbox 1441 206 2462 276; baseline -0.009 -1"><span class='ocrx_word' id='word_1_2' title='bbox 1441 213 1670 276; x_wconf 84' lang='lat' dir='ltr'><strong>PETRI</strong></span> <span class='ocrx_word' id='word_1_3' title='bbox 1709 211 2081 273; x_wconf 81' lang='lat' dir='ltr'><strong>ARGORUM</strong></span> <span class='ocrx_word' id='word_1_4' title='bbox 2122 206 2462 271; x_wconf 78' lang='lat' dir='ltr'><strong>EPISCOPI</strong></span> 
     </span>
    </p>
   </div>
   <div class='ocr_carea' id='block_1_3' title="bbox 3446 207 3578 274">
    <p class='ocr_par' dir='ltr' id='par_1_3' title="bbox 3446 207 3578 274">
     <span class='ocr_line' id='line_1_3' title="bbox 3446 207 3578 274; baseline 0.015 -2"><span class='ocrx_word' id='word_1_5' title='bbox 3446 207 3578 274; x_wconf 80' lang='lat'><strong>1356</strong></span> 
     </span>
    </p>
   </div>
   <div class='ocr_carea' id='block_1_4' title="bbox 321 319 1907 396">
    <p class='ocr_par' dir='ltr' id='par_1_4' title="bbox 321 323 1888 396">
     <span class='ocr_line' id='line_1_4' title="bbox 321 323 1888 396; baseline -0.003 -12"><span class='ocrx_word' id='word_1_6' title='bbox 321 338 374 384; x_wconf 91' lang='lat' dir='ltr'><strong>et</strong></span> <span class='ocrx_word' id='word_1_7' title='bbox 404 323 603 383; x_wconf 85' lang='lat' dir='ltr'><strong>exinde</strong></span> <span class='ocrx_word' id='word_1_8' title='bbox 647 324 834 381; x_wconf 88' lang='lat' dir='ltr'><strong>dolore</strong></span> <span class='ocrx_word' id='word_1_9' title='bbox 869 323 1073 396; x_wconf 82' lang='lat' dir='ltr'><strong>jugiter</strong></span> <span class='ocrx_word' id='word_1_10' title='bbox 1126 323 1392 379; x_wconf 88' lang='lat' dir='ltr'><strong>accrbiorl</strong></span> <span class='ocrx_word' id='word_1_11' title='bbox 1441 326 1888 387; x_wconf 78' lang='lat' dir='ltr'><strong>conﬁciebantur,</strong></span> 
     </span>
    </p>
   </div>
   <div class='ocr_carea' id='block_1_5' title="bbox 2015 319 3576 396">
    <p class='ocr_par' dir='ltr' id='par_1_5' title="bbox 2015 319 3576 394">
     <span class='ocr_line' id='line_1_5' title="bbox 2015 319 3576 394; baseline -0.001 -18"><span class='ocrx_word' id='word_1_12' title='bbox 2015 324 2171 388; x_wconf 80' lang='grc' dir='ltr'>ιύτοῖς</span> <span class='ocrx_word' id='word_1_13' title='bbox 2201 321 2628 393; x_wconf 78' lang='grc' dir='ltr'><strong>ἐπηγγελμένων</strong></span> <span class='ocrx_word' id='word_1_14' title='bbox 2671 324 2736 377; x_wconf 78' lang='grc' dir='ltr'>ὲκ</span> <span class='ocrx_word' id='word_1_15' title='bbox 2786 322 2926 378; x_wconf 98' lang='grc' dir='ltr'>Θεοῦ</span> <span class='ocrx_word' id='word_1_16' title='bbox 2961 321 3186 394; x_wconf 80' lang='grc' dir='ltr'><strong>ἀγαθῶν</strong></span> <span class='ocrx_word' id='word_1_17' title='bbox 3225 319 3576 394; x_wconf 76' lang='grc' dir='ltr'>ὑπάρχοντος</span> 
     </span>
    </p>
   </div>
   <div class='ocr_carea' id='block_1_6' title="bbox 323 411 1901 485">
    <p class='ocr_par' dir='ltr' id='par_1_6' title="bbox 323 411 1901 485">
     <span class='ocr_line' id='line_1_6' title="bbox 323 411 1901 485; baseline -0.002 -14"><span class='ocrx_word' id='word_1_18' title='bbox 323 427 509 485; x_wconf 88' lang='lat' dir='ltr'><strong>utpote</strong></span> <span class='ocrx_word' id='word_1_19' title='bbox 536 430 601 469; x_wconf 90' lang='lat' dir='ltr'><strong>eo</strong></span> <span class='ocrx_word' id='word_1_20' title='bbox 632 417 772 470; x_wconf 93' lang='lat' dir='ltr'><strong>bono</strong></span> <span class='ocrx_word' id='word_1_21' title='bbox 797 424 1066 480; x_wconf 74' lang='lat' dir='ltr'><strong>carentes,</strong></span> <span class='ocrx_word' id='word_1_22' title='bbox 1091 413 1232 482; x_wconf 89' lang='lat' dir='ltr'><strong>quod</strong></span> <span class='ocrx_word' id='word_1_23' title='bbox 1265 413 1406 469; x_wconf 92' lang='lat' dir='ltr'><strong>inter</strong></span> <span class='ocrx_word' id='word_1_24' title='bbox 1438 413 1703 484; x_wconf 90' lang='lat' dir='ltr'><strong>promissa</strong></span> <span class='ocrx_word' id='word_1_25' title='bbox 1728 427 1758 468; x_wconf 88' lang='lat' dir='ltr'><strong>a</strong></span> <span class='ocrx_word' id='word_1_26' title='bbox 1788 411 1901 468; x_wconf 90' lang='lat' dir='ltr'><strong>Deo</strong></span> 
     </span>
    </p>
   </div>
   <div class='ocr_carea' id='block_1_7' title="bbox 323 502 1543 575">
    <p class='ocr_par' dir='ltr' id='par_1_7' title="bbox 323 502 1543 575">
     <span class='ocr_line' id='line_1_7' title="bbox 323 502 1543 575; baseline -0.003 -14"><span class='ocrx_word' id='word_1_27' title='bbox 323 521 422 575; x_wconf 88' lang='lat' dir='ltr'><strong>per</strong></span> <span class='ocrx_word' id='word_1_28' title='bbox 453 505 581 559; x_wconf 88' lang='lat' dir='ltr'><strong>illud</strong></span> <span class='ocrx_word' id='word_1_29' title='bbox 616 513 825 572; x_wconf 90' lang='lat' dir='ltr'><strong>tempus</strong></span> <span class='ocrx_word' id='word_1_30' title='bbox 854 503 1192 573; x_wconf 90' lang='lat' dir='ltr'><strong>potissimum</strong></span> <span class='ocrx_word' id='word_1_31' title='bbox 1222 502 1543 558; x_wconf 84' lang='lat' dir='ltr'><strong>habebatur.</strong></span> 
     </span>
    </p>
   </div>
   <div class='ocr_carea' id='block_1_8' title="bbox 396 592 1900 665">
    <p class='ocr_par' dir='ltr' id='par_1_8' title="bbox 396 592 1900 665">
     <span class='ocr_line' id='line_1_8' title="bbox 396 592 1900 665; baseline -0.003 -16"><span class='ocrx_word' id='word_1_32' title='bbox 396 593 485 649; x_wconf 75' lang='grc' dir='ltr'><strong>Ν.</strong></span> <span class='ocrx_word' id='word_1_33' title='bbox 514 596 646 650; x_wconf 89' lang='lat' dir='ltr'><strong>Cum</strong></span> <span class='ocrx_word' id='word_1_34' title='bbox 679 610 806 649; x_wconf 84' lang='lat' dir='ltr'><strong>vero</strong></span> <span class='ocrx_word' id='word_1_35' title='bbox 839 609 1028 665; x_wconf 90' lang='lat' dir='ltr'><strong>magna</strong></span> <span class='ocrx_word' id='word_1_36' title='bbox 1070 595 1209 663; x_wconf 89' lang='lat' dir='ltr'><strong>apud</strong></span> <span class='ocrx_word' id='word_1_37' title='bbox 1240 609 1333 650; x_wconf 86' lang='lat' dir='ltr'><strong>eos</strong></span> <span class='ocrx_word' id='word_1_38' title='bbox 1374 595 1491 648; x_wconf 90' lang='lat' dir='ltr'><strong>dies</strong></span> <span class='ocrx_word' id='word_1_39' title='bbox 1538 592 1900 658; x_wconf 87' lang='lat' dir='ltr'><strong>adventasset,</strong></span> 
     </span>
    </p>
   </div>
   <div class='ocr_carea' id='block_1_9' title="bbox 330 685 1905 759">
    <p class='ocr_par' dir='ltr' id='par_1_9' title="bbox 330 685 1905 759">
     <span class='ocr_line' id='line_1_9' title="bbox 330 685 1905 759; baseline -0.004 -18"><span class='ocrx_word' id='word_1_40' title='bbox 330 687 482 759; x_wconf 89' lang='lat' dir='ltr'><strong>(puto</strong></span> <span class='ocrx_word' id='word_1_41' title='bbox 524 695 702 740; x_wconf 89' lang='lat' dir='ltr'><strong>autem</strong></span> <span class='ocrx_word' id='word_1_42' title='bbox 765 685 903 740; x_wconf 91' lang='lat' dir='ltr'><strong>hanc</strong></span> <span class='ocrx_word' id='word_1_43' title='bbox 939 699 1060 740; x_wconf 91' lang='lat' dir='ltr'><strong>esse</strong></span> <span class='ocrx_word' id='word_1_44' title='bbox 1093 685 1472 754; x_wconf 84' lang='lat' dir='ltr'><strong>scen0pegiam</strong></span> <span class='ocrx_word' id='word_1_45' title='bbox 1497 722 1512 747; x_wconf 96' lang='lat'><strong>,</strong></span> <span class='ocrx_word' id='word_1_46' title='bbox 1559 698 1677 752; x_wconf 80' lang='lat' dir='ltr'><strong>quae</strong></span> <span class='ocrx_word' id='word_1_47' title='bbox 1719 696 1905 735; x_wconf 86' lang='lat' dir='ltr'><strong>mense</strong></span> 
     </span>
    </p>
   </div>
   <div class='ocr_carea' id='block_1_10' title="bbox 328 775 1903 848">
    <p class='ocr_par' dir='ltr' id='par_1_10' title="bbox 328 775 1903 848">
     <span class='ocr_line' id='line_1_10' title="bbox 328 775 1903 848; baseline -0.007 -13"><span class='ocrx_word' id='word_1_48' title='bbox 328 777 599 848; x_wconf 68' lang='lat' dir='ltr'><strong>Gorpiaso,</strong></span> <span class='ocrx_word' id='word_1_49' title='bbox 632 776 936 846; x_wconf 78' lang='lat' dir='ltr'><strong>Septembri</strong></span> <span class='ocrx_word' id='word_1_50' title='bbox 970 776 1201 842; x_wconf 84' lang='lat' dir='ltr'><strong>scilicet,</strong></span> <span class='ocrx_word' id='word_1_51' title='bbox 1224 775 1602 831; x_wconf 81' lang='lat' dir='ltr'><strong>celebrabatur</strong></span> <span class='ocrx_word' id='word_1_52' title='bbox 1634 789 1649 828; x_wconf 89' lang='lat'><strong>:</strong></span> <span class='ocrx_word' id='word_1_53' title='bbox 1684 782 1903 843; x_wconf 85' lang='lat' dir='ltr'><strong>Oporte-</strong></span> 
     </span>
    </p>
   </div>
   <div class='ocr_carea' id='block_1_11' title="bbox 329 863 1903 934">
    <p class='ocr_par' dir='ltr' id='par_1_11' title="bbox 329 863 1903 934">
     <span class='ocr_line' id='line_1_11' title="bbox 329 863 1903 934; baseline -0.006 -9"><span class='ocrx_word' id='word_1_54' title='bbox 329 873 420 926; x_wconf 85' lang='lat' dir='ltr'><strong>bat</strong></span> <span class='ocrx_word' id='word_1_55' title='bbox 440 884 590 934; x_wconf 91' lang='lat' dir='ltr'><strong>vero,</strong></span> <span class='ocrx_word' id='word_1_56' title='bbox 626 877 684 923; x_wconf 93' lang='lat' dir='ltr'><strong>ut</strong></span> <span class='ocrx_word' id='word_1_57' title='bbox 706 883 894 924; x_wconf 88' lang='lat' dir='ltr'><strong>omnes</strong></span> <span class='ocrx_word' id='word_1_58' title='bbox 920 883 987 923; x_wconf 82' lang='lat' dir='ltr'><strong>ex</strong></span> <span class='ocrx_word' id='word_1_59' title='bbox 1023 869 1293 923; x_wconf 87' lang='lat' dir='ltr'><strong>universis</strong></span> <span class='ocrx_word' id='word_1_60' title='bbox 1324 867 1573 923; x_wconf 86' lang='lat' dir='ltr'><strong>tribubus</strong></span> <span class='ocrx_word' id='word_1_61' title='bbox 1604 863 1903 922; x_wconf 80' lang='lat' dir='ltr'><strong>secundum</strong></span> 
     </span>
    </p>
   </div>
   <div class='ocr_carea' id='block_1_12' title="bbox 331 957 1905 1032">
    <p class='ocr_par' dir='ltr' id='par_1_12' title="bbox 331 957 1905 1032">
     <span class='ocr_line' id='line_1_12' title="bbox 331 957 1905 1032; baseline -0.004 -16"><span class='ocrx_word' id='word_1_62' title='bbox 331 962 502 1032; x_wconf 84' lang='lat' dir='ltr'><strong>legem</strong></span> <span class='ocrx_word' id='word_1_63' title='bbox 537 959 924 1030; x_wconf 80' lang='lat' dir='ltr'><strong>Hierosolymis</strong></span> <span class='ocrx_word' id='word_1_64' title='bbox 953 969 1432 1030; x_wconf 80' lang='lat' dir='ltr'><strong>congregarentur,</strong></span> <span class='ocrx_word' id='word_1_65' title='bbox 1456 967 1537 1014; x_wconf 90' lang='lat' dir='ltr'><strong>ter</strong></span> <span class='ocrx_word' id='word_1_66' title='bbox 1560 959 1685 1012; x_wconf 91' lang='lat' dir='ltr'><strong>anni</strong></span> <span class='ocrx_word' id='word_1_67' title='bbox 1715 957 1905 1012; x_wconf 89' lang='lat' dir='ltr'><strong>ordine</strong></span> 
     </span>
    </p>
   </div>
   <div class='ocr_carea' id='block_1_13' title="bbox 332 1048 1903 1122">
    <p class='ocr_par' dir='ltr' id='par_1_13' title="bbox 332 1048 1903 1122">
     <span class='ocr_line' id='line_1_13' title="bbox 332 1048 1903 1122; baseline -0.007 -12"><span class='ocrx_word' id='word_1_68' title='bbox 332 1055 385 1110; x_wconf 87' lang='lat' dir='ltr'><strong>id</strong></span> <span class='ocrx_word' id='word_1_69' title='bbox 412 1052 816 1122; x_wconf 76' lang='lat' dir='ltr'><strong>praescribente,</strong></span> <span class='ocrx_word' id='word_1_70' title='bbox 850 1052 952 1105; x_wconf 89' lang='lat' dir='ltr'><strong>hac</strong></span> <span class='ocrx_word' id='word_1_71' title='bbox 982 1065 1175 1121; x_wconf 88' lang='lat' dir='ltr'><strong>nempe</strong></span> <span class='ocrx_word' id='word_1_72' title='bbox 1202 1057 1515 1105; x_wconf 90' lang='lat' dir='ltr'><strong>rccurrente</strong></span> <span class='ocrx_word' id='word_1_73' title='bbox 1543 1048 1903 1109; x_wconf 84' lang='lat' dir='ltr'><strong>solemnitate,</strong></span> 
     </span>
    </p>
   </div>
   <div class='ocr_carea' id='block_1_14' title="bbox 334 1137 1906 1210">
    <p class='ocr_par' dir='ltr' id='par_1_14' title="bbox 334 1137 1906 1210">
     <span class='ocr_line' id='line_1_14' title="bbox 334 1137 1906 1210; baseline -0.004 -14"><span class='ocrx_word' id='word_1_74' title='bbox 334 1152 448 1197; x_wconf 91' lang='lat' dir='ltr'><strong>tum</strong></span> <span class='ocrx_word' id='word_1_75' title='bbox 487 1142 694 1196; x_wconf 90' lang='lat' dir='ltr'><strong>decima</strong></span> <span class='ocrx_word' id='word_1_76' title='bbox 724 1151 914 1210; x_wconf 91' lang='lat' dir='ltr'><strong>quarta</strong></span> <span class='ocrx_word' id='word_1_77' title='bbox 941 1140 1097 1209; x_wconf 90' lang='lat' dir='ltr'><strong>primi</strong></span> <span class='ocrx_word' id='word_1_78' title='bbox 1131 1139 1349 1204; x_wconf 90' lang='lat' dir='ltr'><strong>mensis,</strong></span> <span class='ocrx_word' id='word_1_79' title='bbox 1371 1149 1486 1193; x_wconf 90' lang='lat' dir='ltr'><strong>tum</strong></span> <span class='ocrx_word' id='word_1_80' title='bbox 1514 1139 1746 1208; x_wconf 90' lang='lat' dir='ltr'><strong>denique</strong></span> <span class='ocrx_word' id='word_1_81' title='bbox 1765 1137 1906 1191; x_wconf 84' lang='lat' dir='ltr'><strong>Pen-</strong></span> 
     </span>
    </p>
   </div>
   <div class='ocr_carea' id='block_1_15' title="bbox 333 1231 1907 1302">
    <p class='ocr_par' dir='ltr' id='par_1_15' title="bbox 333 1231 1907 1302">
     <span class='ocr_line' id='line_1_15' title="bbox 333 1231 1907 1302; baseline -0.007 -13"><span class='ocrx_word' id='word_1_82' title='bbox 333 1243 556 1299; x_wconf 89' lang='lat' dir='ltr'><strong>tecoste,</strong></span> <span class='ocrx_word' id='word_1_83' title='bbox 594 1248 697 1302; x_wconf 88' lang='lat' dir='ltr'><strong>qua</strong></span> <span class='ocrx_word' id='word_1_84' title='bbox 723 1235 788 1287; x_wconf 91' lang='lat' dir='ltr'><strong>de</strong></span> <span class='ocrx_word' id='word_1_85' title='bbox 826 1247 987 1287; x_wconf 90' lang='lat' dir='ltr'><strong>causa</strong></span> <span class='ocrx_word' id='word_1_86' title='bbox 1020 1231 1101 1286; x_wconf 83' lang='lat' dir='ltr'><strong>hae</strong></span> <span class='ocrx_word' id='word_1_87' title='bbox 1132 1231 1453 1287; x_wconf 81' lang='lat' dir='ltr'><strong>festivitates</strong></span> <span class='ocrx_word' id='word_1_88' title='bbox 1495 1245 1698 1299; x_wconf 75' lang='lat' dir='ltr'><strong>magna:</strong></span> <span class='ocrx_word' id='word_1_89' title='bbox 1744 1243 1907 1281; x_wconf 86' lang='lat' dir='ltr'><strong>voca-</strong></span> 
     </span>
    </p>
   </div>
   <div class='ocr_carea' id='block_1_16' title="bbox 335 1307 1909 1392">
    <p class='ocr_par' dir='ltr' id='par_1_16' title="bbox 335 1307 1909 1392">
     <span class='ocr_line' id='line_1_16' title="bbox 335 1307 1909 1392; baseline -0.005 -11"><span class='ocrx_word' id='word_1_90' title='bbox 335 1327 567 1392; x_wconf 83' lang='lat' dir='ltr'><strong>bantur;</strong></span> <span class='ocrx_word' id='word_1_91' title='bbox 603 1333 657 1378; x_wconf 90' lang='lat' dir='ltr'><strong>et</strong></span> <span class='ocrx_word' id='word_1_92' title='bbox 687 1337 874 1378; x_wconf 89' lang='lat' dir='ltr'><strong>onmes</strong></span> <span class='ocrx_word' id='word_1_93' title='bbox 902 1307 1118 1392; x_wconf 83' lang='lat' dir='ltr'><strong>quidem</strong></span> <span class='ocrx_word' id='word_1_94' title='bbox 1139 1322 1204 1376; x_wconf 90' lang='lat' dir='ltr'><strong>ad</strong></span> <span class='ocrx_word' id='word_1_95' title='bbox 1243 1323 1485 1377; x_wconf 88' lang='lat' dir='ltr'><strong>divinum</strong></span> <span class='ocrx_word' id='word_1_96' title='bbox 1514 1320 1643 1374; x_wconf 90' lang='lat' dir='ltr'><strong>illud</strong></span> <span class='ocrx_word' id='word_1_97' title='bbox 1690 1329 1744 1374; x_wconf 92' lang='lat' dir='ltr'><strong>et</strong></span> <span class='ocrx_word' id='word_1_98' title='bbox 1770 1319 1909 1374; x_wconf 86' lang='lat' dir='ltr'><strong>cele-</strong></span> 
     </span>
    </p>
   </div>
   <div class='ocr_carea' id='block_1_17' title="bbox 335 1411 1910 1487">
    <p class='ocr_par' dir='ltr' id='par_1_17' title="bbox 335 1411 1910 1487">
     <span class='ocr_line' id='line_1_17' title="bbox 335 1411 1910 1487; baseline -0.008 -12"><span class='ocrx_word' id='word_1_99' title='bbox 335 1419 631 1475; x_wconf 77' lang='lat' dir='ltr'><strong>berrimum</strong></span> <span class='ocrx_word' id='word_1_100' title='bbox 688 1416 947 1487; x_wconf 88' lang='lat' dir='ltr'><strong>templum</strong></span> <span class='ocrx_word' id='word_1_101' title='bbox 986 1424 1363 1478; x_wconf 90' lang='lat' dir='ltr'><strong>accurrentes,</strong></span> <span class='ocrx_word' id='word_1_102' title='bbox 1395 1428 1492 1482; x_wconf 87' lang='lat' dir='ltr'><strong>pro</strong></span> <span class='ocrx_word' id='word_1_103' title='bbox 1536 1427 1632 1466; x_wconf 87' lang='lat' dir='ltr'><strong>sua</strong></span> <span class='ocrx_word' id='word_1_104' title='bbox 1678 1411 1910 1480; x_wconf 86' lang='lat' dir='ltr'><strong>quisque</strong></span> 
     </span>
    </p>
   </div>
   <div class='ocr_carea' id='block_1_18' title="bbox 335 1501 1909 1576">
    <p class='ocr_par' dir='ltr' id='par_1_18' title="bbox 335 1501 1909 1576">
     <span class='ocr_line' id='line_1_18' title="bbox 335 1501 1909 1576; baseline -0.006 -11"><span class='ocrx_word' id='word_1_105' title='bbox 335 1510 609 1576; x_wconf 82' lang='lat' dir='ltr'><strong>facultate,</strong></span> <span class='ocrx_word' id='word_1_106' title='bbox 639 1509 747 1564; x_wconf 89' lang='lat' dir='ltr'><strong>Deo</strong></span> <span class='ocrx_word' id='word_1_107' title='bbox 778 1522 1004 1564; x_wconf 85' lang='lat' dir='ltr'><strong>munera</strong></span> <span class='ocrx_word' id='word_1_108' title='bbox 1033 1505 1334 1562; x_wconf 75' lang='lat' dir='ltr'><strong>oﬂ‘erebant</strong></span> <span class='ocrx_word' id='word_1_109' title='bbox 1380 1523 1394 1560; x_wconf 91' lang='lat'><strong>:</strong></span> <span class='ocrx_word' id='word_1_110' title='bbox 1421 1505 1548 1559; x_wconf 90' lang='lat' dir='ltr'><strong>illud</strong></span> <span class='ocrx_word' id='word_1_111' title='bbox 1579 1506 1746 1569; x_wconf 91' lang='lat' dir='ltr'><strong>enim,</strong></span> <span class='ocrx_word' id='word_1_112' title='bbox 1783 1501 1909 1556; x_wconf 80' lang='lat' dir='ltr'><strong>Non</strong></span> 
     </span>
    </p>
   </div>
   <div class='ocr_carea' id='block_1_19' title="bbox 334 1594 1910 1670">
    <p class='ocr_par' dir='ltr' id='par_1_19' title="bbox 334 1594 1910 1670">
     <span class='ocr_line' id='line_1_19' title="bbox 334 1594 1910 1670; baseline -0.004 -16"><span class='ocrx_word' id='word_1_113' title='bbox 334 1601 604 1670; x_wconf 78' lang='lat' dir='ltr'><strong>apparebis</strong></span> <span class='ocrx_word' id='word_1_114' title='bbox 639 1600 694 1653; x_wconf 82' lang='lat' dir='ltr'><strong>in</strong></span> <span class='ocrx_word' id='word_1_115' title='bbox 715 1608 991 1668; x_wconf 76' lang='lat' dir='ltr'><strong>conspectu</strong></span> <span class='ocrx_word' id='word_1_116' title='bbox 1021 1613 1134 1651; x_wconf 89' lang='lat' dir='ltr'><strong>meo</strong></span> <span class='ocrx_word' id='word_1_117' title='bbox 1155 1613 1347 1650; x_wconf 82' lang='lat' dir='ltr'><strong>vacuus</strong></span> <span class='ocrx_word' id='word_1_118' title='bbox 1387 1596 1433 1663; x_wconf 76' lang='grc'>⁸,</span> <span class='ocrx_word' id='word_1_119' title='bbox 1476 1597 1616 1652; x_wconf 90' lang='lat' dir='ltr'><strong>Deus</strong></span> <span class='ocrx_word' id='word_1_120' title='bbox 1649 1597 1764 1665; x_wconf 89' lang='lat' dir='ltr'><strong>ipse</strong></span> <span class='ocrx_word' id='word_1_121' title='bbox 1793 1594 1910 1663; x_wconf 76' lang='lat' dir='ltr'><strong>lege</strong></span> 
     </span>
    </p>
   </div>
   <div class='ocr_carea' id='block_1_20' title="bbox 2001 416 3183 488">
    <p class='ocr_par' dir='ltr' id='par_1_20' title="bbox 2001 416 3183 488">
     <span class='ocr_line' id='line_1_20' title="bbox 2001 416 3183 488; baseline 0.003 -18"><span class='ocrx_word' id='word_1_122' title='bbox 2001 417 2063 470; x_wconf 85' lang='grc' dir='ltr'><strong>τὸ</strong></span> <span class='ocrx_word' id='word_1_123' title='bbox 2092 416 2387 487; x_wconf 89' lang='grc' dir='ltr'>κεφάλαιον</span> <span class='ocrx_word' id='word_1_124' title='bbox 2416 416 2473 470; x_wconf 78' lang='grc' dir='ltr'>ἐν</span> <span class='ocrx_word' id='word_1_125' title='bbox 2500 416 2679 487; x_wconf 85' lang='grc' dir='ltr'>τούτῳ</span> <span class='ocrx_word' id='word_1_126' title='bbox 2705 417 3183 488; x_wconf 78' lang='grc' dir='ltr'>ὲφυστερίζοντες.</span> 
     </span>
    </p>
   </div>
   <div class='ocr_carea' id='block_1_21' title="bbox 2075 595 3581 669">
    <p class='ocr_par' dir='ltr' id='par_1_21' title="bbox 2075 595 3581 669">
     <span class='ocr_line' id='line_1_21' title="bbox 2075 595 3581 669; baseline 0.002 -20"><span class='ocrx_word' id='word_1_127' title='bbox 2075 599 2149 649; x_wconf 68' lang='grc' dir='ltr'><strong>Δν.</strong></span> <span class='ocrx_word' id='word_1_128' title='bbox 2198 595 2350 650; x_wconf 80' lang='grc' dir='ltr'>Ἐπεὶ</span> <span class='ocrx_word' id='word_1_129' title='bbox 2378 596 2435 650; x_wconf 85' lang='grc' dir='ltr'>δὲ</span> <span class='ocrx_word' id='word_1_130' title='bbox 2463 597 2562 668; x_wconf 84' lang='grc' dir='ltr'>τῆς</span> <span class='ocrx_word' id='word_1_131' title='bbox 2591 597 2721 668; x_wconf 82' lang='grc' dir='ltr'>παρ’</span> <span class='ocrx_word' id='word_1_132' title='bbox 2751 596 2983 661; x_wconf 77' lang='grc' dir='ltr'>ἐκείνοις</span> <span class='ocrx_word' id='word_1_133' title='bbox 3010 596 3298 667; x_wconf 87' lang='grc' dir='ltr'>φθασάσης</span> <span class='ocrx_word' id='word_1_134' title='bbox 3335 597 3581 669; x_wconf 80' lang='grc' dir='ltr'><strong>μεγάλης</strong></span> 
     </span>
    </p>
   </div>
   <div class='ocr_carea' id='block_1_22' title="bbox 2004 683 3583 760">
    <p class='ocr_par' dir='ltr' id='par_1_22' title="bbox 2004 683 3583 760">
     <span class='ocr_line' id='line_1_22' title="bbox 2004 683 3583 760; baseline 0 -19"><span class='ocrx_word' id='word_1_135' title='bbox 2004 689 2220 760; x_wconf 83' lang='grc' dir='ltr'>ἡμέρας</span> <span class='ocrx_word' id='word_1_136' title='bbox 2241 702 2254 717; x_wconf 80' lang='grc'><strong><em>⁸</em></strong></span> <span class='ocrx_word' id='word_1_137' title='bbox 2277 687 2485 759; x_wconf 87' lang='grc' dir='ltr'>ταύτην</span> <span class='ocrx_word' id='word_1_138' title='bbox 2503 688 2561 741; x_wconf 81' lang='grc' dir='ltr'>δὲ</span> <span class='ocrx_word' id='word_1_139' title='bbox 2576 683 2732 759; x_wconf 73' lang='grc' dir='ltr'>οἶμαι</span> <span class='ocrx_word' id='word_1_140' title='bbox 2753 688 2853 758; x_wconf 83' lang='grc' dir='ltr'>τὴν</span> <span class='ocrx_word' id='word_1_141' title='bbox 2877 689 3258 759; x_wconf 77' lang='grc' dir='ltr'><strong>σκηνοπηγίαν</strong></span> <span class='ocrx_word' id='word_1_142' title='bbox 3275 683 3415 744; x_wconf 76' lang='grc' dir='ltr'>εἶναι</span> <span class='ocrx_word' id='word_1_143' title='bbox 3440 687 3583 742; x_wconf 88' lang='grc' dir='ltr'><strong>κατά</strong></span> 
     </span>
    </p>
   </div>
   <div class='ocr_carea' id='block_1_23' title="bbox 2004 777 3583 849">
    <p class='ocr_par' dir='ltr' id='par_1_23' title="bbox 2004 777 3583 849">
     <span class='ocr_line' id='line_1_23' title="bbox 2004 777 3583 849; baseline -0.001 -17"><span class='ocrx_word' id='word_1_144' title='bbox 2004 779 2096 832; x_wconf 81' lang='grc' dir='ltr'><strong>τὸν</strong></span> <span class='ocrx_word' id='word_1_145' title='bbox 2126 779 2418 849; x_wconf 87' lang='grc' dir='ltr'>Γορπιαῖον</span> <span class='ocrx_word' id='word_1_146' title='bbox 2459 777 2818 848; x_wconf 83' lang='grc' dir='ltr'><strong>τελουμένην,</strong></span> <span class='ocrx_word' id='word_1_147' title='bbox 2863 778 2984 849; x_wconf 78' lang='grc' dir='ltr'>ἦτοι</span> <span class='ocrx_word' id='word_1_148' title='bbox 3024 779 3432 849; x_wconf 79' lang='grc' dir='ltr'>Σεπτέμσριον·</span> <span class='ocrx_word' id='word_1_149' title='bbox 3473 778 3583 831; x_wconf 75' lang='grc' dir='ltr'>ἔδει</span> 
     </span>
    </p>
   </div>
   <div class='ocr_carea' id='block_1_24' title="bbox 2005 868 3583 941">
    <p class='ocr_par' dir='ltr' id='par_1_24' title="bbox 2005 868 3583 941">
     <span class='ocr_line' id='line_1_24' title="bbox 2005 868 3583 941; baseline -0.001 -17"><span class='ocrx_word' id='word_1_150' title='bbox 2005 869 2063 924; x_wconf 81' lang='grc' dir='ltr'>δὲ</span> <span class='ocrx_word' id='word_1_151' title='bbox 2093 871 2305 933; x_wconf 82' lang='grc' dir='ltr'>πάντας</span> <span class='ocrx_word' id='word_1_152' title='bbox 2338 872 2403 923; x_wconf 82' lang='grc' dir='ltr'>ὲκ</span> <span class='ocrx_word' id='word_1_153' title='bbox 2431 870 2623 923; x_wconf 84' lang='grc' dir='ltr'>πασῶν</span> <span class='ocrx_word' id='word_1_154' title='bbox 2660 870 2771 923; x_wconf 91' lang='grc' dir='ltr'><strong>τῶν</strong></span> <span class='ocrx_word' id='word_1_155' title='bbox 2807 870 2992 940; x_wconf 90' lang='grc' dir='ltr'>φυλῶν</span> <span class='ocrx_word' id='word_1_156' title='bbox 3022 870 3165 925; x_wconf 87' lang='grc' dir='ltr'><strong>κατά</strong></span> <span class='ocrx_word' id='word_1_157' title='bbox 3198 869 3290 922; x_wconf 83' lang='grc' dir='ltr'>τὸν</span> <span class='ocrx_word' id='word_1_158' title='bbox 3330 868 3494 941; x_wconf 85' lang='grc' dir='ltr'>νόμον</span> <span class='ocrx_word' id='word_1_159' title='bbox 3524 872 3583 923; x_wconf 81' lang='grc' dir='ltr'><strong>ὲν</strong></span> 
     </span>
    </p>
   </div>
   <div class='ocr_carea' id='block_1_25' title="bbox 2020 959 3584 1034">
    <p class='ocr_par' dir='ltr' id='par_1_25' title="bbox 2020 959 3584 1034">
     <span class='ocr_line' id='line_1_25' title="bbox 2020 959 3584 1034; baseline -0.001 -19"><span class='ocrx_word' id='word_1_160' title='bbox 2020 962 2419 1033; x_wconf 85' lang='grc' dir='ltr'>Ἱεροσολύμοις</span> <span class='ocrx_word' id='word_1_161' title='bbox 2470 961 2864 1034; x_wconf 79' lang='grc' dir='ltr'><strong>ἀθροίζεσθαι⁸</strong></span> <span class='ocrx_word' id='word_1_162' title='bbox 2913 964 3035 1034; x_wconf 71' lang='grc' dir='ltr'>τρὶς</span> <span class='ocrx_word' id='word_1_163' title='bbox 3081 963 3174 1017; x_wconf 89' lang='grc' dir='ltr'><strong>τοῦ</strong></span> <span class='ocrx_word' id='word_1_164' title='bbox 3226 963 3382 1027; x_wconf 78' lang='grc' dir='ltr'>ἔτους</span> <span class='ocrx_word' id='word_1_165' title='bbox 3424 959 3584 1015; x_wconf 85' lang='grc' dir='ltr'>τοῦτο</span> 
     </span>
    </p>
   </div>
   <div class='ocr_carea' id='block_1_26' title="bbox 2007 1053 3581 1128">
    <p class='ocr_par' dir='ltr' id='par_1_26' title="bbox 2007 1053 3581 1128">
     <span class='ocr_line' id='line_1_26' title="bbox 2007 1053 3581 1128; baseline -0.001 -22"><span class='ocrx_word' id='word_1_166' title='bbox 2007 1055 2460 1124; x_wconf 77' lang='grc' dir='ltr'>προστάττοντος,</span> <span class='ocrx_word' id='word_1_167' title='bbox 2498 1055 2557 1107; x_wconf 87' lang='grc' dir='ltr'>ὲν</span> <span class='ocrx_word' id='word_1_168' title='bbox 2604 1053 2780 1128; x_wconf 82' lang='grc' dir='ltr'>ταύτῃ</span> <span class='ocrx_word' id='word_1_169' title='bbox 2805 1070 2865 1108; x_wconf 89' lang='grc' dir='ltr'><strong>τε</strong></span> <span class='ocrx_word' id='word_1_170' title='bbox 2904 1056 2999 1108; x_wconf 81' lang='grc' dir='ltr'>καὶ</span> <span class='ocrx_word' id='word_1_171' title='bbox 3035 1058 3100 1126; x_wconf 88' lang='grc' dir='ltr'>τῇ</span> <span class='ocrx_word' id='word_1_172' title='bbox 3127 1053 3581 1125; x_wconf 87' lang='grc' dir='ltr'>τεσσαρεσκαιδε-</span> 
     </span>
    </p>
   </div>
   <div class='ocr_carea' id='block_1_27' title="bbox 2007 1144 3586 1220">
    <p class='ocr_par' dir='ltr' id='par_1_27' title="bbox 2007 1144 3586 1220">
     <span class='ocr_line' id='line_1_27' title="bbox 2007 1144 3586 1220; baseline -0.001 -19"><span class='ocrx_word' id='word_1_173' title='bbox 2007 1148 2150 1220; x_wconf 83' lang='grc' dir='ltr'>κάτῃ</span> <span class='ocrx_word' id='word_1_174' title='bbox 2173 1146 2268 1198; x_wconf 89' lang='grc' dir='ltr'><strong>τοῦ</strong></span> <span class='ocrx_word' id='word_1_175' title='bbox 2294 1146 2514 1216; x_wconf 84' lang='grc' dir='ltr'>πρώτου</span> <span class='ocrx_word' id='word_1_176' title='bbox 2539 1146 2729 1218; x_wconf 86' lang='grc' dir='ltr'>μηνὸς,</span> <span class='ocrx_word' id='word_1_177' title='bbox 2757 1148 2854 1200; x_wconf 77' lang='grc' dir='ltr'>καὶ</span> <span class='ocrx_word' id='word_1_178' title='bbox 2879 1150 2946 1218; x_wconf 82' lang='grc' dir='ltr'>τῇ</span> <span class='ocrx_word' id='word_1_179' title='bbox 2976 1149 3347 1218; x_wconf 81' lang='grc' dir='ltr'>Πεντηκοστῇ,</span> <span class='ocrx_word' id='word_1_180' title='bbox 3377 1147 3469 1200; x_wconf 81' lang='grc' dir='ltr'><strong>καὶ</strong></span> <span class='ocrx_word' id='word_1_181' title='bbox 3494 1144 3586 1199; x_wconf 88' lang='grc' dir='ltr'><strong>διά</strong></span> 
     </span>
    </p>
   </div>
   <div class='ocr_carea' id='block_1_28' title="bbox 2007 1236 3582 1307">
    <p class='ocr_par' dir='ltr' id='par_1_28' title="bbox 2007 1236 3582 1307">
     <span class='ocr_line' id='line_1_28' title="bbox 2007 1236 3582 1307; baseline 0 -17"><span class='ocrx_word' id='word_1_182' title='bbox 2007 1237 2169 1290; x_wconf 89' lang='grc' dir='ltr'>τοῦτο</span> <span class='ocrx_word' id='word_1_183' title='bbox 2199 1237 2540 1307; x_wconf 78' lang='grc' dir='ltr'>καλουμένας</span> <span class='ocrx_word' id='word_1_184' title='bbox 2573 1236 2844 1306; x_wconf 75' lang='grc' dir='ltr'>μεγάλας</span> <span class='ocrx_word' id='word_1_185' title='bbox 2865 1255 2880 1271; x_wconf 78' lang='grc' dir='ltr'><strong>ο</strong></span> <span class='ocrx_word' id='word_1_186' title='bbox 2909 1241 3132 1305; x_wconf 86' lang='grc' dir='ltr'>πάντες,</span> <span class='ocrx_word' id='word_1_187' title='bbox 3168 1239 3312 1292; x_wconf 86' lang='grc' dir='ltr'><strong>κατά</strong></span> <span class='ocrx_word' id='word_1_188' title='bbox 3353 1237 3413 1291; x_wconf 82' lang='grc' dir='ltr'>τὸ</span> <span class='ocrx_word' id='word_1_189' title='bbox 3440 1237 3582 1302; x_wconf 75' lang='grc' dir='ltr'>ἐνὸν,</span> 
     </span>
    </p>
   </div>
   <div class='ocr_carea' id='block_1_29' title="bbox 2010 1329 3585 1402">
    <p class='ocr_par' dir='ltr' id='par_1_29' title="bbox 2010 1329 3585 1402">
     <span class='ocr_line' id='line_1_29' title="bbox 2010 1329 3585 1402; baseline -0.002 -18"><span class='ocrx_word' id='word_1_190' title='bbox 2010 1331 2090 1392; x_wconf 84' lang='grc' dir='ltr'><strong>είς</strong></span> <span class='ocrx_word' id='word_1_191' title='bbox 2123 1331 2214 1383; x_wconf 87' lang='grc' dir='ltr'><strong>τὸν</strong></span> <span class='ocrx_word' id='word_1_192' title='bbox 2243 1329 2384 1383; x_wconf 86' lang='grc' dir='ltr'>θεῖον</span> <span class='ocrx_word' id='word_1_193' title='bbox 2415 1330 2511 1383; x_wconf 78' lang='grc' dir='ltr'>καὶ</span> <span class='ocrx_word' id='word_1_194' title='bbox 2544 1329 2888 1402; x_wconf 86' lang='grc' dir='ltr'>περιώνυμον</span> <span class='ocrx_word' id='word_1_195' title='bbox 2935 1332 3142 1385; x_wconf 80' lang='grc' dir='ltr'>ἐκεῖνον</span> <span class='ocrx_word' id='word_1_196' title='bbox 3171 1331 3308 1384; x_wconf 86' lang='grc' dir='ltr'>νεὼν</span> <span class='ocrx_word' id='word_1_197' title='bbox 3351 1346 3585 1400; x_wconf 84' lang='grc' dir='ltr'>προσερ-</span> 
     </span>
    </p>
   </div>
   <div class='ocr_carea' id='block_1_30' title="bbox 2011 1419 3583 1492">
    <p class='ocr_par' dir='ltr' id='par_1_30' title="bbox 2011 1419 3583 1492">
     <span class='ocr_line' id='line_1_30' title="bbox 2011 1419 3583 1492; baseline -0.001 -19"><span class='ocrx_word' id='word_1_198' title='bbox 2011 1421 2252 1491; x_wconf 85' lang='grc' dir='ltr'>χόμενοι,</span> <span class='ocrx_word' id='word_1_199' title='bbox 2310 1420 2462 1490; x_wconf 90' lang='grc' dir='ltr'>δῶρά</span> <span class='ocrx_word' id='word_1_200' title='bbox 2517 1437 2578 1473; x_wconf 90' lang='grc' dir='ltr'><strong>τε</strong></span> <span class='ocrx_word' id='word_1_201' title='bbox 2628 1421 2970 1491; x_wconf 80' lang='grc' dir='ltr'>προσέφερον</span> <span class='ocrx_word' id='word_1_202' title='bbox 3019 1420 3098 1492; x_wconf 84' lang='grc' dir='ltr'>τῷ</span> <span class='ocrx_word' id='word_1_203' title='bbox 3141 1421 3288 1492; x_wconf 79' lang='grc' dir='ltr'>Θεῷ·</span> <span class='ocrx_word' id='word_1_204' title='bbox 3343 1421 3425 1474; x_wconf 84' lang='grc' dir='ltr'><strong>Οὐ</strong></span> <span class='ocrx_word' id='word_1_205' title='bbox 3472 1419 3583 1490; x_wconf 78' lang='grc' dir='ltr'>γὰρ</span> 
     </span>
    </p>
   </div>
   <div class='ocr_carea' id='block_1_31' title="bbox 2011 1511 3585 1584">
    <p class='ocr_par' dir='ltr' id='par_1_31' title="bbox 2011 1511 3585 1584">
     <span class='ocr_line' id='line_1_31' title="bbox 2011 1511 3585 1584; baseline -0.002 -19"><span class='ocrx_word' id='word_1_206' title='bbox 2011 1512 2252 1582; x_wconf 70' lang='grc' dir='ltr'>ὀφθήσῃ</span> <span class='ocrx_word' id='word_1_207' title='bbox 2285 1511 2462 1578; x_wconf 79' lang='grc' dir='ltr'>κενὸς</span> <span class='ocrx_word' id='word_1_208' title='bbox 2499 1512 2776 1566; x_wconf 71' lang='grc' dir='ltr'>ἐναντίον</span> <span class='ocrx_word' id='word_1_209' title='bbox 2797 1529 2938 1581; x_wconf 84' lang='grc' dir='ltr'>μου,</span> <span class='ocrx_word' id='word_1_210' title='bbox 2973 1514 3102 1584; x_wconf 86' lang='grc' dir='ltr'>παρ’</span> <span class='ocrx_word' id='word_1_211' title='bbox 3126 1512 3338 1566; x_wconf 75' lang='grc' dir='ltr'>ἐκείνου</span> <span class='ocrx_word' id='word_1_212' title='bbox 3371 1511 3585 1574; x_wconf 77' lang='grc' dir='ltr'><strong>τούτοις</strong></span> 
     </span>
    </p>
   </div>
   <div class='ocr_carea' id='block_1_32' title="bbox 2012 1603 3581 1677">
    <p class='ocr_par' dir='ltr' id='par_1_32' title="bbox 2012 1603 3581 1677">
     <span class='ocr_line' id='line_1_32' title="bbox 2012 1603 3581 1677; baseline -0.001 -19"><span class='ocrx_word' id='word_1_213' title='bbox 2012 1604 2381 1673; x_wconf 78' lang='grc' dir='ltr'>ὲνομοθετεῖτο</span> <span class='ocrx_word' id='word_1_214' title='bbox 2401 1619 2416 1636; x_wconf 78' lang='grc' dir='ltr'><strong><em>ο</em></strong></span> <span class='ocrx_word' id='word_1_215' title='bbox 2439 1603 2670 1673; x_wconf 85' lang='grc' dir='ltr'>ἀπάγων</span> <span class='ocrx_word' id='word_1_216' title='bbox 2696 1605 2914 1669; x_wconf 81' lang='grc' dir='ltr'>αὐτοὺς,</span> <span class='ocrx_word' id='word_1_217' title='bbox 2943 1604 3038 1658; x_wconf 90' lang='grc' dir='ltr'><strong>τοῦ</strong></span> <span class='ocrx_word' id='word_1_218' title='bbox 3078 1605 3154 1677; x_wconf 88' lang='grc' dir='ltr'><strong>μή</strong></span> <span class='ocrx_word' id='word_1_219' title='bbox 3201 1621 3307 1659; x_wconf 87' lang='grc' dir='ltr'>τινι</span> <span class='ocrx_word' id='word_1_220' title='bbox 3333 1603 3516 1668; x_wconf 77' lang='grc' dir='ltr'>σέϐας,</span> <span class='ocrx_word' id='word_1_221' title='bbox 3544 1603 3581 1674; x_wconf 80' lang='grc' dir='ltr'>ἢ</span> 
     </span>
    </p>
   </div>
   <div class='ocr_carea' id='block_1_33' title="bbox 335 1686 1907 1764">
    <p class='ocr_par' dir='ltr' id='par_1_33' title="bbox 335 1687 1906 1760">
     <span class='ocr_line' id='line_1_33' title="bbox 335 1687 1906 1760; baseline -0.005 -14"><span class='ocrx_word' id='word_1_222' title='bbox 335 1693 441 1748; x_wconf 87' lang='lat' dir='ltr'><strong>illis</strong></span> <span class='ocrx_word' id='word_1_223' title='bbox 478 1693 861 1755; x_wconf 82' lang='lat' dir='ltr'><strong>constituerat,</strong></span> <span class='ocrx_word' id='word_1_224' title='bbox 900 1689 1195 1760; x_wconf 88' lang='lat' dir='ltr'><strong>periculum</strong></span> <span class='ocrx_word' id='word_1_225' title='bbox 1231 1689 1312 1743; x_wconf 92' lang='lat' dir='ltr'><strong>sic</strong></span> <span class='ocrx_word' id='word_1_226' title='bbox 1367 1698 1648 1753; x_wconf 88' lang='lat' dir='ltr'><strong>avertens,</strong></span> <span class='ocrx_word' id='word_1_227' title='bbox 1705 1702 1771 1741; x_wconf 91' lang='lat' dir='ltr'><strong>ne</strong></span> <span class='ocrx_word' id='word_1_228' title='bbox 1821 1687 1906 1740; x_wconf 91' lang='lat' dir='ltr'><strong>cui</strong></span> 
     </span>
    </p>
   </div>
   <div class='ocr_carea' id='block_1_34' title="bbox 2015 1686 3587 1764">
    <p class='ocr_par' dir='ltr' id='par_1_34' title="bbox 2015 1692 3587 1764">
     <span class='ocr_line' id='line_1_34' title="bbox 2015 1692 3587 1764; baseline -0.004 -15"><span class='ocrx_word' id='word_1_229' title='bbox 2015 1693 2140 1749; x_wconf 80' lang='grc' dir='ltr'>ἄλλο</span> <span class='ocrx_word' id='word_1_230' title='bbox 2167 1704 2221 1747; x_wconf 76' lang='grc' dir='ltr'><strong>τι</strong></span> <span class='ocrx_word' id='word_1_231' title='bbox 2256 1692 2587 1763; x_wconf 79' lang='grc' dir='ltr'>προσφέρειν</span> <span class='ocrx_word' id='word_1_232' title='bbox 2618 1693 2728 1746; x_wconf 89' lang='grc' dir='ltr'><strong>τῶν</strong></span> <span class='ocrx_word' id='word_1_233' title='bbox 2769 1696 2869 1747; x_wconf 86' lang='grc' dir='ltr'><strong>οὐκ</strong></span> <span class='ocrx_word' id='word_1_234' title='bbox 2903 1693 3072 1747; x_wconf 80' lang='grc' dir='ltr'>ὄντων</span> <span class='ocrx_word' id='word_1_235' title='bbox 3111 1694 3272 1758; x_wconf 91' lang='grc' dir='ltr'>θεῶν,</span> <span class='ocrx_word' id='word_1_236' title='bbox 3308 1693 3402 1747; x_wconf 75' lang='grc' dir='ltr'><strong>καὶ</strong></span> <span class='ocrx_word' id='word_1_237' title='bbox 3433 1693 3587 1764; x_wconf 81' lang='grc' dir='ltr'>μόνῳ</span> 
     </span>
    </p>
   </div>
   <div class='ocr_carea' id='block_1_35' title="bbox 335 1777 1910 1854">
    <p class='ocr_par' dir='ltr' id='par_1_35' title="bbox 335 1777 1910 1854">
     <span class='ocr_line' id='line_1_35' title="bbox 335 1777 1910 1854; baseline -0.004 -14"><span class='ocrx_word' id='word_1_238' title='bbox 335 1787 562 1841; x_wconf 89' lang='lat' dir='ltr'><strong>deorum</strong></span> <span class='ocrx_word' id='word_1_239' title='bbox 600 1799 810 1849; x_wconf 87' lang='lat' dir='ltr'><strong>eorum,</strong></span> <span class='ocrx_word' id='word_1_240' title='bbox 843 1785 934 1854; x_wconf 88' lang='lat' dir='ltr'><strong>qui</strong></span> <span class='ocrx_word' id='word_1_241' title='bbox 959 1781 1092 1838; x_wconf 87' lang='lat' dir='ltr'><strong>nihil</strong></span> <span class='ocrx_word' id='word_1_242' title='bbox 1123 1782 1300 1852; x_wconf 90' lang='lat' dir='ltr'><strong>reipsa</strong></span> <span class='ocrx_word' id='word_1_243' title='bbox 1331 1789 1476 1844; x_wconf 90' lang='lat' dir='ltr'><strong>sunt,</strong></span> <span class='ocrx_word' id='word_1_244' title='bbox 1504 1791 1757 1849; x_wconf 88' lang='lat' dir='ltr'><strong>tanquam</strong></span> <span class='ocrx_word' id='word_1_245' title='bbox 1798 1777 1910 1834; x_wconf 92' lang='lat' dir='ltr'><strong>Deo</strong></span> 
     </span>
    </p>
   </div>
   <div class='ocr_carea' id='block_1_36' title="bbox 333 1872 1910 1944">
    <p class='ocr_par' dir='ltr' id='par_1_36' title="bbox 333 1872 1910 1944">
     <span class='ocr_line' id='line_1_36' title="bbox 333 1872 1910 1944; baseline -0.003 -14"><span class='ocrx_word' id='word_1_246' title='bbox 333 1892 466 1933; x_wconf 84' lang='lat' dir='ltr'><strong>vero</strong></span> <span class='ocrx_word' id='word_1_247' title='bbox 496 1879 753 1932; x_wconf 86' lang='lat' dir='ltr'><strong>honorem</strong></span> <span class='ocrx_word' id='word_1_248' title='bbox 798 1884 894 1929; x_wconf 91' lang='lat' dir='ltr'><strong>aut</strong></span> <span class='ocrx_word' id='word_1_249' title='bbox 916 1875 1192 1944; x_wconf 87' lang='lat' dir='ltr'><strong>quidpiam</strong></span> <span class='ocrx_word' id='word_1_250' title='bbox 1239 1873 1381 1927; x_wconf 90' lang='lat' dir='ltr'><strong>aliud</strong></span> <span class='ocrx_word' id='word_1_251' title='bbox 1413 1872 1697 1938; x_wconf 78' lang='lat' dir='ltr'><strong>offerrent,</strong></span> <span class='ocrx_word' id='word_1_252' title='bbox 1727 1872 1823 1927; x_wconf 91' lang='lat' dir='ltr'><strong>sed</strong></span> <span class='ocrx_word' id='word_1_253' title='bbox 1851 1879 1910 1926; x_wconf 93' lang='lat' dir='ltr'><strong>ut</strong></span> 
     </span>
    </p>
   </div>
   <div class='ocr_carea' id='block_1_37' title="bbox 334 1963 1909 2033">
    <p class='ocr_par' dir='ltr' id='par_1_37' title="bbox 334 1963 1909 2033">
     <span class='ocr_line' id='line_1_37' title="bbox 334 1963 1909 2033; baseline -0.006 -8"><span class='ocrx_word' id='word_1_254' title='bbox 334 1969 438 2025; x_wconf 86' lang='lat' dir='ltr'><strong>sibi</strong></span> <span class='ocrx_word' id='word_1_255' title='bbox 473 1968 572 2023; x_wconf 89' lang='lat' dir='ltr'><strong>soli</strong></span> <span class='ocrx_word' id='word_1_256' title='bbox 594 1981 686 2022; x_wconf 93' lang='lat' dir='ltr'><strong>eos</strong></span> <span class='ocrx_word' id='word_1_257' title='bbox 717 1967 1048 2031; x_wconf 77' lang='lat' dir='ltr'><strong>devinciret;</strong></span> <span class='ocrx_word' id='word_1_258' title='bbox 1085 1980 1208 2019; x_wconf 88' lang='lat' dir='ltr'><strong>nam</strong></span> <span class='ocrx_word' id='word_1_259' title='bbox 1241 1973 1495 2018; x_wconf 77' lang='lat' dir='ltr'><strong>caeterum</strong></span> <span class='ocrx_word' id='word_1_260' title='bbox 1526 1963 1667 2017; x_wconf 91' lang='lat' dir='ltr'><strong>haud</strong></span> <span class='ocrx_word' id='word_1_261' title='bbox 1696 1963 1909 2033; x_wconf 85' lang='lat' dir='ltr'><strong>indigus</strong></span> 
     </span>
    </p>
   </div>
   <div class='ocr_carea' id='block_1_38' title="bbox 334 2052 1912 2121">
    <p class='ocr_par' dir='ltr' id='par_1_38' title="bbox 334 2052 1912 2121">
     <span class='ocr_line' id='line_1_38' title="bbox 334 2052 1912 2121; baseline -0.007 -7"><span class='ocrx_word' id='word_1_262' title='bbox 334 2069 420 2115; x_wconf 92' lang='lat' dir='ltr'><strong>est</strong></span> <span class='ocrx_word' id='word_1_263' title='bbox 440 2057 701 2112; x_wconf 92' lang='lat' dir='ltr'><strong>bonorum</strong></span> <span class='ocrx_word' id='word_1_264' title='bbox 726 2065 1033 2110; x_wconf 86' lang='lat' dir='ltr'><strong>nostrorum</strong></span> <span class='ocrx_word' id='word_1_265' title='bbox 1064 2054 1224 2120; x_wconf 91' lang='lat' dir='ltr'><strong>Deus,</strong></span> <span class='ocrx_word' id='word_1_266' title='bbox 1252 2053 1340 2121; x_wconf 90' lang='lat' dir='ltr'><strong>qui</strong></span> <span class='ocrx_word' id='word_1_267' title='bbox 1373 2052 1554 2107; x_wconf 87' lang='lat' dir='ltr'><strong>omnia</strong></span> <span class='ocrx_word' id='word_1_268' title='bbox 1577 2065 1645 2105; x_wconf 88' lang='lat' dir='ltr'><strong>ex</strong></span> <span class='ocrx_word' id='word_1_269' title='bbox 1678 2065 1784 2104; x_wconf 94' lang='lat' dir='ltr'><strong>non</strong></span> <span class='ocrx_word' id='word_1_270' title='bbox 1820 2064 1912 2103; x_wconf 84' lang='lat' dir='ltr'><strong>ex-</strong></span> 
     </span>
    </p>
   </div>
   <div class='ocr_carea' id='block_1_39' title="bbox 333 2141 1910 2214">
    <p class='ocr_par' dir='ltr' id='par_1_39' title="bbox 333 2141 1910 2214">
     <span class='ocr_line' id='line_1_39' title="bbox 333 2141 1910 2214; baseline -0.008 -8"><span class='ocrx_word' id='word_1_271' title='bbox 333 2149 604 2206; x_wconf 88' lang='lat' dir='ltr'><strong>stantibus</strong></span> <span class='ocrx_word' id='word_1_272' title='bbox 631 2148 837 2203; x_wconf 90' lang='lat' dir='ltr'><strong>creavit</strong></span> <span class='ocrx_word' id='word_1_273' title='bbox 860 2163 876 2214; x_wconf 88' lang='lat'><strong>;</strong></span> <span class='ocrx_word' id='word_1_274' title='bbox 906 2146 998 2201; x_wconf 89' lang='lat' dir='ltr'><strong>sed</strong></span> <span class='ocrx_word' id='word_1_275' title='bbox 1021 2155 1275 2214; x_wconf 88' lang='lat' dir='ltr'><strong>tanquam</strong></span> <span class='ocrx_word' id='word_1_276' title='bbox 1299 2143 1475 2198; x_wconf 90' lang='lat' dir='ltr'><strong>omnis</strong></span> <span class='ocrx_word' id='word_1_277' title='bbox 1502 2142 1621 2197; x_wconf 83' lang='lat' dir='ltr'><strong>fons</strong></span> <span class='ocrx_word' id='word_1_278' title='bbox 1651 2141 1910 2196; x_wconf 83' lang='lat' dir='ltr'><strong>bonitatis</strong></span> 
     </span>
    </p>
   </div>
   <div class='ocr_carea' id='block_1_40' title="bbox 334 2234 1724 2313">
    <p class='ocr_par' dir='ltr' id='par_1_40' title="bbox 334 2234 1724 2313">
     <span class='ocr_line' id='line_1_40' title="bbox 334 2234 1724 2313; baseline -0.006 -15"><span class='ocrx_word' id='word_1_279' title='bbox 334 2257 431 2313; x_wconf 91' lang='lat' dir='ltr'><strong>per</strong></span> <span class='ocrx_word' id='word_1_280' title='bbox 452 2242 565 2296; x_wconf 67' lang='lat' dir='ltr'><strong>haec</strong></span> <span class='ocrx_word' id='word_1_281' title='bbox 591 2239 875 2295; x_wconf 88' lang='lat' dir='ltr'><strong>sollicitam</strong></span> <span class='ocrx_word' id='word_1_282' title='bbox 901 2237 1093 2292; x_wconf 89' lang='lat' dir='ltr'><strong>salutis</strong></span> <span class='ocrx_word' id='word_1_283' title='bbox 1122 2245 1323 2290; x_wconf 65' lang='lat' dir='ltr'><strong>nostrae</strong></span> <span class='ocrx_word' id='word_1_284' title='bbox 1351 2249 1538 2290; x_wconf 89' lang='lat' dir='ltr'><strong>curam</strong></span> <span class='ocrx_word' id='word_1_285' title='bbox 1564 2234 1724 2304; x_wconf 84' lang='lat' dir='ltr'><strong>gerit.</strong></span> 
     </span>
    </p>
   </div>
   <div class='ocr_carea' id='block_1_41' title="bbox 402 2326 1909 2400">
    <p class='ocr_par' dir='ltr' id='par_1_41' title="bbox 402 2326 1909 2400">
     <span class='ocr_line' id='line_1_41' title="bbox 402 2326 1909 2400; baseline -0.008 -10"><span class='ocrx_word' id='word_1_286' title='bbox 402 2333 538 2390; x_wconf 86' lang='lat' dir='ltr'><strong>Cum</strong></span> <span class='ocrx_word' id='word_1_287' title='bbox 564 2344 753 2388; x_wconf 88' lang='lat' dir='ltr'><strong>omnes</strong></span> <span class='ocrx_word' id='word_1_288' title='bbox 779 2329 965 2400; x_wconf 82' lang='lat' dir='ltr'><strong>igitur,</strong></span> <span class='ocrx_word' id='word_1_289' title='bbox 997 2337 1057 2383; x_wconf 92' lang='lat' dir='ltr'><strong>ut</strong></span> <span class='ocrx_word' id='word_1_290' title='bbox 1082 2329 1213 2391; x_wconf 87' lang='lat' dir='ltr'><strong>dixi,</strong></span> <span class='ocrx_word' id='word_1_291' title='bbox 1237 2342 1268 2383; x_wconf 90' lang='lat' dir='ltr'><strong>e</strong></span> <span class='ocrx_word' id='word_1_292' title='bbox 1305 2326 1531 2395; x_wconf 81' lang='lat' dir='ltr'><strong>singulis</strong></span> <span class='ocrx_word' id='word_1_293' title='bbox 1549 2327 1794 2380; x_wconf 91' lang='lat' dir='ltr'><strong>tribubus</strong></span> <span class='ocrx_word' id='word_1_294' title='bbox 1811 2339 1909 2380; x_wconf 86' lang='lat' dir='ltr'><strong>sua</strong></span> 
     </span>
    </p>
   </div>
   <div class='ocr_carea' id='block_1_42' title="bbox 334 2417 1906 2487">
    <p class='ocr_par' dir='ltr' id='par_1_42' title="bbox 334 2417 1906 2487">
     <span class='ocr_line' id='line_1_42' title="bbox 334 2417 1906 2487; baseline -0.008 -5"><span class='ocrx_word' id='word_1_295' title='bbox 334 2427 445 2482; x_wconf 89' lang='lat' dir='ltr'><strong>Deo</strong></span> <span class='ocrx_word' id='word_1_296' title='bbox 471 2439 694 2478; x_wconf 89' lang='lat' dir='ltr'><strong>munera</strong></span> <span class='ocrx_word' id='word_1_297' title='bbox 722 2421 1005 2487; x_wconf 80' lang='lat' dir='ltr'><strong>offerrent,</strong></span> <span class='ocrx_word' id='word_1_298' title='bbox 1041 2421 1228 2474; x_wconf 91' lang='lat' dir='ltr'><strong>aderat</strong></span> <span class='ocrx_word' id='word_1_299' title='bbox 1261 2427 1313 2472; x_wconf 92' lang='lat' dir='ltr'><strong>et</strong></span> <span class='ocrx_word' id='word_1_300' title='bbox 1347 2419 1476 2472; x_wconf 90' lang='lat' dir='ltr'><strong>illud</strong></span> <span class='ocrx_word' id='word_1_301' title='bbox 1507 2417 1747 2471; x_wconf 90' lang='lat' dir='ltr'><strong>divinum</strong></span> <span class='ocrx_word' id='word_1_302' title='bbox 1789 2431 1906 2485; x_wconf 91' lang='lat' dir='ltr'><strong>par,</strong></span> 
     </span>
    </p>
   </div>
   <div class='ocr_carea' id='block_1_43' title="bbox 332 2506 1908 2577">
    <p class='ocr_par' dir='ltr' id='par_1_43' title="bbox 332 2506 1908 2577">
     <span class='ocr_line' id='line_1_43' title="bbox 332 2506 1908 2577; baseline -0.006 -8"><span class='ocrx_word' id='word_1_303' title='bbox 332 2511 649 2570; x_wconf 83' lang='lat' dir='ltr'><strong>Joacbimus</strong></span> <span class='ocrx_word' id='word_1_304' title='bbox 673 2508 924 2565; x_wconf 84' lang='lat' dir='ltr'><strong>videlicet</strong></span> <span class='ocrx_word' id='word_1_305' title='bbox 958 2516 1012 2564; x_wconf 90' lang='lat' dir='ltr'><strong>et</strong></span> <span class='ocrx_word' id='word_1_306' title='bbox 1040 2508 1220 2573; x_wconf 85' lang='lat' dir='ltr'><strong>Anna,</strong></span> <span class='ocrx_word' id='word_1_307' title='bbox 1253 2506 1441 2577; x_wconf 83' lang='lat' dir='ltr'><strong>legalis</strong></span> <span class='ocrx_word' id='word_1_308' title='bbox 1475 2506 1605 2560; x_wconf 90' lang='lat' dir='ltr'><strong>illud</strong></span> <span class='ocrx_word' id='word_1_309' title='bbox 1632 2506 1908 2576; x_wconf 80' lang='lat' dir='ltr'><strong>religionis</strong></span> 
     </span>
    </p>
   </div>
   <div class='ocr_carea' id='block_1_44' title="bbox 335 2598 1907 2670">
    <p class='ocr_par' dir='ltr' id='par_1_44' title="bbox 335 2598 1907 2670">
     <span class='ocr_line' id='line_1_44' title="bbox 335 2598 1907 2670; baseline -0.006 -11"><span class='ocrx_word' id='word_1_310' title='bbox 335 2606 764 2667; x_wconf 80' lang='lat' dir='ltr'><strong>ﬁrmamentum,</strong></span> <span class='ocrx_word' id='word_1_311' title='bbox 805 2609 861 2656; x_wconf 90' lang='lat' dir='ltr'><strong>et</strong></span> <span class='ocrx_word' id='word_1_312' title='bbox 920 2600 1245 2670; x_wconf 66' lang='lat' dir='ltr'><strong>evangelicae</strong></span> <span class='ocrx_word' id='word_1_313' title='bbox 1299 2599 1654 2668; x_wconf 64' lang='lat' dir='ltr'><strong>philosophiae</strong></span> <span class='ocrx_word' id='word_1_314' title='bbox 1714 2598 1907 2669; x_wconf 79' lang='lat' dir='ltr'><strong>gloria,</strong></span> 
     </span>
    </p>
   </div>
   <div class='ocr_carea' id='block_1_45' title="bbox 334 2692 1907 2760">
    <p class='ocr_par' dir='ltr' id='par_1_45' title="bbox 334 2692 1907 2760">
     <span class='ocr_line' id='line_1_45' title="bbox 334 2692 1907 2760; baseline -0.004 -9"><span class='ocrx_word' id='word_1_315' title='bbox 334 2696 504 2751; x_wconf 90' lang='lat' dir='ltr'><strong>tribus</strong></span> <span class='ocrx_word' id='word_1_316' title='bbox 529 2693 679 2749; x_wconf 71' lang='lat' dir='ltr'><strong>Juda:</strong></span> <span class='ocrx_word' id='word_1_317' title='bbox 708 2692 1106 2748; x_wconf 87' lang='lat' dir='ltr'><strong>nobilissimum</strong></span> <span class='ocrx_word' id='word_1_318' title='bbox 1129 2701 1505 2746; x_wconf 89' lang='lat' dir='ltr'><strong>ornamentum</strong></span> <span class='ocrx_word' id='word_1_319' title='bbox 1526 2730 1542 2757; x_wconf 94' lang='lat'><strong>,</strong></span> <span class='ocrx_word' id='word_1_320' title='bbox 1574 2700 1736 2760; x_wconf 86' lang='lat' dir='ltr'><strong>atque</strong></span> <span class='ocrx_word' id='word_1_321' title='bbox 1768 2706 1907 2759; x_wconf 68' lang='lat' dir='ltr'><strong>prat-</strong></span> 
     </span>
    </p>
   </div>
   <div class='ocr_carea' id='block_1_46' title="bbox 333 2781 1903 2854">
    <p class='ocr_par' dir='ltr' id='par_1_46' title="bbox 333 2781 1903 2854">
     <span class='ocr_line' id='line_1_46' title="bbox 333 2781 1903 2854; baseline -0.003 -13"><span class='ocrx_word' id='word_1_322' title='bbox 333 2787 635 2843; x_wconf 90' lang='lat' dir='ltr'><strong>clarissima</strong></span> <span class='ocrx_word' id='word_1_323' title='bbox 667 2784 939 2854; x_wconf 81' lang='lat' dir='ltr'><strong>gloriatio,</strong></span> <span class='ocrx_word' id='word_1_324' title='bbox 969 2791 1155 2853; x_wconf 87' lang='lat' dir='ltr'><strong>utpote</strong></span> <span class='ocrx_word' id='word_1_325' title='bbox 1186 2782 1391 2839; x_wconf 87' lang='lat' dir='ltr'><strong>Christi</strong></span> <span class='ocrx_word' id='word_1_326' title='bbox 1415 2782 1658 2837; x_wconf 91' lang='lat' dir='ltr'><strong>omnium</strong></span> <span class='ocrx_word' id='word_1_327' title='bbox 1693 2781 1903 2836; x_wconf 89' lang='lat' dir='ltr'><strong>Domini</strong></span> 
     </span>
    </p>
   </div>
   <div class='ocr_carea' id='block_1_47' title="bbox 333 2874 1907 2946">
    <p class='ocr_par' dir='ltr' id='par_1_47' title="bbox 333 2874 1907 2946">
     <span class='ocr_line' id='line_1_47' title="bbox 333 2874 1907 2946; baseline -0.002 -15"><span class='ocrx_word' id='word_1_328' title='bbox 333 2875 700 2946; x_wconf 81' lang='lat' dir='ltr'><strong>generationis</strong></span> <span class='ocrx_word' id='word_1_329' title='bbox 750 2876 1049 2930; x_wconf 90' lang='lat' dir='ltr'><strong>secundum</strong></span> <span class='ocrx_word' id='word_1_330' title='bbox 1084 2889 1303 2930; x_wconf 90' lang='lat' dir='ltr'><strong>carnem</strong></span> <span class='ocrx_word' id='word_1_331' title='bbox 1341 2874 1668 2944; x_wconf 88' lang='lat' dir='ltr'><strong>principium</strong></span> <span class='ocrx_word' id='word_1_332' title='bbox 1723 2889 1788 2929; x_wconf 89' lang='lat' dir='ltr'><strong>ac</strong></span> <span class='ocrx_word' id='word_1_333' title='bbox 1819 2889 1907 2928; x_wconf 85' lang='lat' dir='ltr'><strong>ra-</strong></span> 
     </span>
    </p>
   </div>
   <div class='ocr_carea' id='block_1_48' title="bbox 332 2967 1905 3038">
    <p class='ocr_par' dir='ltr' id='par_1_48' title="bbox 332 2967 1905 3038">
     <span class='ocr_line' id='line_1_48' title="bbox 332 2967 1905 3038; baseline -0.004 -12"><span class='ocrx_word' id='word_1_334' title='bbox 332 2969 445 3038; x_wconf 83' lang='lat' dir='ltr'><strong>dix,</strong></span> <span class='ocrx_word' id='word_1_335' title='bbox 465 2968 679 3023; x_wconf 84' lang='lat' dir='ltr'><strong>Davidis</strong></span> <span class='ocrx_word' id='word_1_336' title='bbox 699 2969 1139 3036; x_wconf 85' lang='lat' dir='ltr'><strong>augustissimum</strong></span> <span class='ocrx_word' id='word_1_337' title='bbox 1164 2970 1347 3033; x_wconf 86' lang='lat' dir='ltr'><strong>decus,</strong></span> <span class='ocrx_word' id='word_1_338' title='bbox 1367 2976 1421 3021; x_wconf 92' lang='lat' dir='ltr'><strong>et</strong></span> <span class='ocrx_word' id='word_1_339' title='bbox 1444 2977 1641 3021; x_wconf 65' lang='lat' dir='ltr'><strong>nostra;</strong></span> <span class='ocrx_word' id='word_1_340' title='bbox 1667 2967 1905 3020; x_wconf 92' lang='lat' dir='ltr'><strong>omnium</strong></span> 
     </span>
    </p>
   </div>
   <div class='ocr_carea' id='block_1_49' title="bbox 330 3034 1976 3128">
    <p class='ocr_par' dir='ltr' id='par_1_49' title="bbox 330 3034 1976 3128">
     <span class='ocr_line' id='line_1_49' title="bbox 330 3034 1976 3128; baseline -0.004 -12"><span class='ocrx_word' id='word_1_341' title='bbox 330 3034 523 3116; x_wconf 76' lang='lat' dir='ltr'><strong>Salutis</strong></span> <span class='ocrx_word' id='word_1_342' title='bbox 555 3069 756 3114; x_wconf 84' lang='lat' dir='ltr'><strong>tessera</strong></span> <span class='ocrx_word' id='word_1_343' title='bbox 778 3034 1262 3128; x_wconf 33' lang='lat' dir='ltr'><strong>“splendidissima.</strong></span> <span class='ocrx_word' id='word_1_344' title='bbox 1298 3058 1538 3112; x_wconf 85' lang='lat' dir='ltr'><strong>Aderant</strong></span> <span class='ocrx_word' id='word_1_345' title='bbox 1573 3067 1754 3112; x_wconf 92' lang='lat' dir='ltr'><strong>autem</strong></span> <span class='ocrx_word' id='word_1_346' title='bbox 1797 3073 1902 3111; x_wconf 92' lang='lat' dir='ltr'><strong>non</strong></span> <span class='ocrx_word' id='word_1_347' title='bbox 1934 3034 1976 3092; x_wconf 65' lang='grc' dir='ltr'><strong>(ἶ</strong></span> 
     </span>
    </p>
   </div>
   <div class='ocr_carea' id='block_1_50' title="bbox 335 3149 1906 3220">
    <p class='ocr_par' dir='ltr' id='par_1_50' title="bbox 335 3149 1906 3220">
     <span class='ocr_line' id='line_1_50' title="bbox 335 3149 1906 3220; baseline -0.003 -13"><span class='ocrx_word' id='word_1_348' title='bbox 335 3153 480 3208; x_wconf 90' lang='lat' dir='ltr'><strong>sicut</strong></span> <span class='ocrx_word' id='word_1_349' title='bbox 511 3154 601 3207; x_wconf 88' lang='lat' dir='ltr'><strong>alii</strong></span> <span class='ocrx_word' id='word_1_350' title='bbox 645 3152 913 3206; x_wconf 89' lang='lat' dir='ltr'><strong>cervicem</strong></span> <span class='ocrx_word' id='word_1_351' title='bbox 959 3151 1263 3220; x_wconf 88' lang='lat' dir='ltr'><strong>erigentes,</strong></span> <span class='ocrx_word' id='word_1_352' title='bbox 1299 3164 1397 3205; x_wconf 87' lang='lat' dir='ltr'><strong>nec</strong></span> <span class='ocrx_word' id='word_1_353' title='bbox 1427 3149 1713 3219; x_wconf 89' lang='lat' dir='ltr'><strong>supercilia</strong></span> <span class='ocrx_word' id='word_1_354' title='bbox 1761 3150 1906 3204; x_wconf 86' lang='lat' dir='ltr'><strong>inso-</strong></span> 
     </span>
    </p>
   </div>
   <div class='ocr_carea' id='block_1_51' title="bbox 335 3242 1902 3312">
    <p class='ocr_par' dir='ltr' id='par_1_51' title="bbox 335 3242 1902 3312">
     <span class='ocr_line' id='line_1_51' title="bbox 335 3242 1902 3312; baseline -0.002 -14"><span class='ocrx_word' id='word_1_355' title='bbox 335 3243 510 3298; x_wconf 88' lang='lat' dir='ltr'><strong>lenter</strong></span> <span class='ocrx_word' id='word_1_356' title='bbox 557 3242 865 3298; x_wconf 89' lang='lat' dir='ltr'><strong>attollentes</strong></span> <span class='ocrx_word' id='word_1_357' title='bbox 896 3242 963 3296; x_wconf 89' lang='lat' dir='ltr'><strong>ad</strong></span> <span class='ocrx_word' id='word_1_358' title='bbox 1013 3242 1250 3298; x_wconf 82' lang='lat' dir='ltr'><strong>Rubenis</strong></span> <span class='ocrx_word' id='word_1_359' title='bbox 1275 3242 1572 3312; x_wconf 68' lang='lat' dir='ltr'><strong>praesertim</strong></span> <span class='ocrx_word' id='word_1_360' title='bbox 1608 3245 1902 3312; x_wconf 82' lang='lat' dir='ltr'><strong>exemplar,</strong></span> 
     </span>
    </p>
   </div>
   <div class='ocr_carea' id='block_1_52' title="bbox 334 3332 1904 3405">
    <p class='ocr_par' dir='ltr' id='par_1_52' title="bbox 334 3332 1904 3405">
     <span class='ocr_line' id='line_1_52' title="bbox 334 3332 1904 3405; baseline -0.003 -16"><span class='ocrx_word' id='word_1_361' title='bbox 334 3337 427 3405; x_wconf 87' lang='lat' dir='ltr'><strong>qui</strong></span> <span class='ocrx_word' id='word_1_362' title='bbox 478 3341 537 3389; x_wconf 89' lang='lat' dir='ltr'><strong>et</strong></span> <span class='ocrx_word' id='word_1_363' title='bbox 592 3335 849 3389; x_wconf 84' lang='lat' dir='ltr'><strong>adversus</strong></span> <span class='ocrx_word' id='word_1_364' title='bbox 905 3333 1041 3389; x_wconf 90' lang='lat' dir='ltr'><strong>alios</strong></span> <span class='ocrx_word' id='word_1_365' title='bbox 1093 3348 1214 3388; x_wconf 84' lang='lat' dir='ltr'><strong>sese</strong></span> <span class='ocrx_word' id='word_1_366' title='bbox 1268 3332 1550 3395; x_wconf 83' lang='lat' dir='ltr'><strong>el‘ferebat,</strong></span> <span class='ocrx_word' id='word_1_367' title='bbox 1607 3343 1661 3387; x_wconf 93' lang='lat' dir='ltr'><strong>et</strong></span> <span class='ocrx_word' id='word_1_368' title='bbox 1713 3334 1904 3387; x_wconf 90' lang='lat' dir='ltr'><strong>horum</strong></span> 
     </span>
    </p>
   </div>
   <div class='ocr_carea' id='block_1_53' title="bbox 332 3421 1907 3492">
    <p class='ocr_par' dir='ltr' id='par_1_53' title="bbox 332 3421 1907 3492">
     <span class='ocr_line' id='line_1_53' title="bbox 332 3421 1907 3492; baseline -0.004 -11"><span class='ocrx_word' id='word_1_369' title='bbox 332 3425 515 3481; x_wconf 90' lang='lat' dir='ltr'><strong>oblata</strong></span> <span class='ocrx_word' id='word_1_370' title='bbox 576 3424 717 3478; x_wconf 89' lang='lat' dir='ltr'><strong>dona</strong></span> <span class='ocrx_word' id='word_1_371' title='bbox 777 3423 1012 3492; x_wconf 88' lang='lat' dir='ltr'><strong>superbe</strong></span> <span class='ocrx_word' id='word_1_372' title='bbox 1070 3423 1426 3490; x_wconf 88' lang='lat' dir='ltr'><strong>metiebatur;</strong></span> <span class='ocrx_word' id='word_1_373' title='bbox 1482 3422 1575 3476; x_wconf 90' lang='lat' dir='ltr'><strong>sed</strong></span> <span class='ocrx_word' id='word_1_374' title='bbox 1623 3421 1810 3490; x_wconf 88' lang='lat' dir='ltr'><strong>quiete</strong></span> <span class='ocrx_word' id='word_1_375' title='bbox 1843 3435 1907 3474; x_wconf 90' lang='lat' dir='ltr'><strong>ac</strong></span> 
     </span>
    </p>
   </div>
   <div class='ocr_carea' id='block_1_54' title="bbox 321 3514 1908 3587">
    <p class='ocr_par' dir='ltr' id='par_1_54' title="bbox 321 3514 1908 3587">
     <span class='ocr_line' id='line_1_54' title="bbox 321 3514 1908 3587; baseline -0.004 -15"><span class='ocrx_word' id='word_1_376' title='bbox 321 3519 501 3573; x_wconf 81' lang='lat' dir='ltr'><strong>tacite</strong></span> <span class='ocrx_word' id='word_1_377' title='bbox 515 3527 568 3572; x_wconf 92' lang='lat' dir='ltr'><strong>et</strong></span> <span class='ocrx_word' id='word_1_378' title='bbox 595 3515 771 3587; x_wconf 82' lang='lat' dir='ltr'><strong>magis</strong></span> <span class='ocrx_word' id='word_1_379' title='bbox 795 3530 954 3586; x_wconf 90' lang='lat' dir='ltr'><strong>quam</strong></span> <span class='ocrx_word' id='word_1_380' title='bbox 977 3529 1066 3570; x_wconf 88' lang='lat' dir='ltr'><strong>res</strong></span> <span class='ocrx_word' id='word_1_381' title='bbox 1091 3514 1396 3576; x_wconf 86' lang='lat' dir='ltr'><strong>sensibiles,</strong></span> <span class='ocrx_word' id='word_1_382' title='bbox 1426 3529 1521 3568; x_wconf 92' lang='lat' dir='ltr'><strong>cor</strong></span> <span class='ocrx_word' id='word_1_383' title='bbox 1543 3514 1831 3567; x_wconf 89' lang='lat' dir='ltr'><strong>contritum</strong></span> <span class='ocrx_word' id='word_1_384' title='bbox 1854 3521 1908 3565; x_wconf 89' lang='lat' dir='ltr'><strong>et</strong></span> 
     </span>
    </p>
   </div>
   <div class='ocr_carea' id='block_1_55' title="bbox 337 3605 1903 3677">
    <p class='ocr_par' dir='ltr' id='par_1_55' title="bbox 337 3605 1903 3677">
     <span class='ocr_line' id='line_1_55' title="bbox 337 3605 1903 3677; baseline -0.006 -10"><span class='ocrx_word' id='word_1_385' title='bbox 337 3610 676 3667; x_wconf 87' lang='lat' dir='ltr'><strong>humiliatum</strong></span> <span class='ocrx_word' id='word_1_386' title='bbox 717 3607 848 3675; x_wconf 91' lang='lat' dir='ltr'><strong>Deo,</strong></span> <span class='ocrx_word' id='word_1_387' title='bbox 873 3607 964 3677; x_wconf 92' lang='lat' dir='ltr'><strong>qui</strong></span> <span class='ocrx_word' id='word_1_388' title='bbox 1002 3606 1144 3662; x_wconf 90' lang='lat' dir='ltr'><strong>istud</strong></span> <span class='ocrx_word' id='word_1_389' title='bbox 1171 3621 1278 3660; x_wconf 92' lang='lat' dir='ltr'><strong>non</strong></span> <span class='ocrx_word' id='word_1_390' title='bbox 1310 3605 1561 3676; x_wconf 87' lang='lat' dir='ltr'><strong>despicit,</strong></span> <span class='ocrx_word' id='word_1_391' title='bbox 1590 3605 1903 3660; x_wconf 80' lang='lat' dir='ltr'><strong>offerentes.</strong></span> 
     </span>
    </p>
   </div>
   <div class='ocr_carea' id='block_1_56' title="bbox 409 3798 1907 3871">
    <p class='ocr_par' dir='ltr' id='par_1_56' title="bbox 409 3798 1907 3871">
     <span class='ocr_line' id='line_1_56' title="bbox 409 3798 1907 3871; baseline -0.006 -11"><span class='ocrx_word' id='word_1_392' title='bbox 409 3805 566 3860; x_wconf 78' lang='lat' dir='ltr'><strong>V.At</strong></span> <span class='ocrx_word' id='word_1_393' title='bbox 592 3819 688 3860; x_wconf 91' lang='lat' dir='ltr'><strong>ore</strong></span> <span class='ocrx_word' id='word_1_394' title='bbox 721 3800 1022 3871; x_wconf 89' lang='lat' dir='ltr'><strong>impudenti</strong></span> <span class='ocrx_word' id='word_1_395' title='bbox 1066 3800 1252 3854; x_wconf 80' lang='lat' dir='ltr'><strong>Ruben</strong></span> <span class='ocrx_word' id='word_1_396' title='bbox 1285 3813 1406 3854; x_wconf 90' lang='lat' dir='ltr'><strong>sese</strong></span> <span class='ocrx_word' id='word_1_397' title='bbox 1445 3799 1511 3853; x_wconf 91' lang='lat' dir='ltr'><strong>iis</strong></span> <span class='ocrx_word' id='word_1_398' title='bbox 1549 3798 1651 3853; x_wconf 81' lang='lat' dir='ltr'><strong>fert</strong></span> <span class='ocrx_word' id='word_1_399' title='bbox 1671 3798 1907 3864; x_wconf 82' lang='lat' dir='ltr'><strong>obviam,</strong></span> 
     </span>
    </p>
   </div>
   <div class='ocr_carea' id='block_1_57' title="bbox 338 3890 1908 3966">
    <p class='ocr_par' dir='ltr' id='par_1_57' title="bbox 338 3890 1908 3966">
     <span class='ocr_line' id='line_1_57' title="bbox 338 3890 1908 3966; baseline -0.006 -11"><span class='ocrx_word' id='word_1_400' title='bbox 338 3907 503 3955; x_wconf 86' lang='lat' dir='ltr'><strong>eteos</strong></span> <span class='ocrx_word' id='word_1_401' title='bbox 529 3896 741 3966; x_wconf 89' lang='lat' dir='ltr'><strong>quidem</strong></span> <span class='ocrx_word' id='word_1_402' title='bbox 762 3902 946 3963; x_wconf 87' lang='lat' dir='ltr'><strong>utpote</strong></span> <span class='ocrx_word' id='word_1_403' title='bbox 979 3892 1175 3947; x_wconf 89' lang='lat' dir='ltr'><strong>nullam</strong></span> <span class='ocrx_word' id='word_1_404' title='bbox 1204 3891 1440 3946; x_wconf 89' lang='lat' dir='ltr'><strong>sobolem</strong></span> <span class='ocrx_word' id='word_1_405' title='bbox 1463 3890 1689 3945; x_wconf 90' lang='lat' dir='ltr'><strong>sortitos</strong></span> <span class='ocrx_word' id='word_1_406' title='bbox 1717 3902 1908 3945; x_wconf 85' lang='lat' dir='ltr'><strong>contu-</strong></span> 
     </span>
    </p>
   </div>
   <div class='ocr_carea' id='block_1_58' title="bbox 337 3983 1908 4050">
    <p class='ocr_par' dir='ltr' id='par_1_58' title="bbox 337 3983 1908 4050">
     <span class='ocr_line' id='line_1_58' title="bbox 337 3983 1908 4050; baseline -0.006 -4"><span class='ocrx_word' id='word_1_407' title='bbox 337 3989 514 4046; x_wconf 88' lang='lat' dir='ltr'><strong>meliis</strong></span> <span class='ocrx_word' id='word_1_408' title='bbox 543 3988 808 4042; x_wconf 88' lang='lat' dir='ltr'><strong>lacessere</strong></span> <span class='ocrx_word' id='word_1_409' title='bbox 828 4000 932 4039; x_wconf 91' lang='lat' dir='ltr'><strong>non</strong></span> <span class='ocrx_word' id='word_1_410' title='bbox 960 3997 1212 4047; x_wconf 88' lang='lat' dir='ltr'><strong>veretur;</strong></span> <span class='ocrx_word' id='word_1_411' title='bbox 1236 3991 1345 4035; x_wconf 92' lang='lat' dir='ltr'><strong>tum</strong></span> <span class='ocrx_word' id='word_1_412' title='bbox 1369 3995 1498 4036; x_wconf 86' lang='lat' dir='ltr'><strong>vero</strong></span> <span class='ocrx_word' id='word_1_413' title='bbox 1520 3983 1754 4050; x_wconf 79' lang='lat' dir='ltr'><strong>ipsorum</strong></span> <span class='ocrx_word' id='word_1_414' title='bbox 1769 3984 1908 4037; x_wconf 91' lang='lat' dir='ltr'><strong>dona</strong></span> 
     </span>
    </p>
   </div>
   <div class='ocr_carea' id='block_1_59' title="bbox 335 4071 1386 4147">
    <p class='ocr_par' dir='ltr' id='par_1_59' title="bbox 335 4071 1386 4147">
     <span class='ocr_line' id='line_1_59' title="bbox 335 4071 1386 4147; baseline -0.008 -11"><span class='ocrx_word' id='word_1_415' title='bbox 335 4081 536 4142; x_wconf 89' lang='lat' dir='ltr'><strong>oblata,</strong></span> <span class='ocrx_word' id='word_1_416' title='bbox 560 4077 712 4147; x_wconf 90' lang='lat' dir='ltr'><strong>quasi</strong></span> <span class='ocrx_word' id='word_1_417' title='bbox 759 4077 867 4130; x_wconf 87' lang='lat' dir='ltr'><strong>Deo</strong></span> <span class='ocrx_word' id='word_1_418' title='bbox 905 4075 1141 4144; x_wconf 88' lang='lat' dir='ltr'><strong>indigna,</strong></span> <span class='ocrx_word' id='word_1_419' title='bbox 1191 4071 1386 4141; x_wconf 87' lang='lat' dir='ltr'><strong>rejicit.</strong></span> 
     </span>
    </p>
   </div>
   <div class='ocr_carea' id='block_1_60' title="bbox 400 4161 1910 4240">
    <p class='ocr_par' dir='ltr' id='par_1_60' title="bbox 400 4161 1910 4240">
     <span class='ocr_line' id='line_1_60' title="bbox 400 4161 1910 4240; baseline -0.007 -14"><span class='ocrx_word' id='word_1_420' title='bbox 400 4172 546 4240; x_wconf 78' lang='lat' dir='ltr'><strong>Quid</strong></span> <span class='ocrx_word' id='word_1_421' title='bbox 597 4177 681 4225; x_wconf 88' lang='lat' dir='ltr'><strong>est</strong></span> <span class='ocrx_word' id='word_1_422' title='bbox 736 4168 877 4238; x_wconf 92' lang='lat' dir='ltr'><strong>quod</strong></span> <span class='ocrx_word' id='word_1_423' title='bbox 918 4167 990 4221; x_wconf 91' lang='lat' dir='ltr'><strong>ita</strong></span> <span class='ocrx_word' id='word_1_424' title='bbox 1020 4179 1183 4235; x_wconf 85' lang='lat' dir='ltr'><strong>agas,</strong></span> <span class='ocrx_word' id='word_1_425' title='bbox 1231 4180 1266 4219; x_wconf 89' lang='grc' dir='ltr'><strong>ο</strong></span> <span class='ocrx_word' id='word_1_426' title='bbox 1303 4163 1529 4219; x_wconf 80' lang='lat' dir='ltr'><strong>Ruben?</strong></span> <span class='ocrx_word' id='word_1_427' title='bbox 1557 4161 1695 4229; x_wconf 86' lang='lat' dir='ltr'><strong>Quid</strong></span> <span class='ocrx_word' id='word_1_428' title='bbox 1749 4162 1910 4216; x_wconf 92' lang='lat' dir='ltr'><strong>hosce</strong></span> 
     </span>
    </p>
   </div>
   <div class='ocr_carea' id='block_1_61' title="bbox 339 4255 1907 4329">
    <p class='ocr_par' dir='ltr' id='par_1_61' title="bbox 339 4255 1907 4329">
     <span class='ocr_line' id='line_1_61' title="bbox 339 4255 1907 4329; baseline -0.008 -11"><span class='ocrx_word' id='word_1_429' title='bbox 339 4264 583 4319; x_wconf 88' lang='lat' dir='ltr'><strong>insontes</strong></span> <span class='ocrx_word' id='word_1_430' title='bbox 614 4262 752 4329; x_wconf 91' lang='lat' dir='ltr'><strong>ipse,</strong></span> <span class='ocrx_word' id='word_1_431' title='bbox 784 4259 874 4328; x_wconf 91' lang='lat' dir='ltr'><strong>qui</strong></span> <span class='ocrx_word' id='word_1_432' title='bbox 919 4256 1100 4311; x_wconf 88' lang='lat' dir='ltr'><strong>multis</strong></span> <span class='ocrx_word' id='word_1_433' title='bbox 1135 4255 1349 4324; x_wconf 89' lang='lat' dir='ltr'><strong>probris</strong></span> <span class='ocrx_word' id='word_1_434' title='bbox 1387 4256 1772 4317; x_wconf 85' lang='lat' dir='ltr'><strong>inhonestaris,</strong></span> <span class='ocrx_word' id='word_1_435' title='bbox 1809 4269 1907 4307; x_wconf 91' lang='lat' dir='ltr'><strong>ceu</strong></span> 
     </span>
    </p>
   </div>
   <div class='ocr_carea' id='block_1_62' title="bbox 2007 1784 3587 1857">
    <p class='ocr_par' dir='ltr' id='par_1_62' title="bbox 2007 1784 3587 1857">
     <span class='ocr_line' id='line_1_62' title="bbox 2007 1784 3587 1857; baseline -0.002 -19"><span class='ocrx_word' id='word_1_436' title='bbox 2007 1785 2368 1857; x_wconf 85' lang='grc' dir='ltr'>προσοικειῶν</span> <span class='ocrx_word' id='word_1_437' title='bbox 2400 1786 2580 1857; x_wconf 74' lang='grc' dir='ltr'>ἑαυτῷ</span> <span class='ocrx_word' id='word_1_438' title='bbox 2600 1803 2615 1818; x_wconf 89' lang='grc'><strong>·</strong></span> <span class='ocrx_word' id='word_1_439' title='bbox 2644 1787 2705 1838; x_wconf 84' lang='grc' dir='ltr'><strong>ού</strong></span> <span class='ocrx_word' id='word_1_440' title='bbox 2735 1785 2845 1855; x_wconf 86' lang='grc' dir='ltr'><strong>γὰρ</strong></span> <span class='ocrx_word' id='word_1_441' title='bbox 2882 1784 2990 1838; x_wconf 87' lang='grc' dir='ltr'><strong>τῶν</strong></span> <span class='ocrx_word' id='word_1_442' title='bbox 3018 1785 3305 1856; x_wconf 78' lang='grc' dir='ltr'>ἡμετέρων</span> <span class='ocrx_word' id='word_1_443' title='bbox 3345 1786 3402 1837; x_wconf 81' lang='grc' dir='ltr'>ὲν</span> <span class='ocrx_word' id='word_1_444' title='bbox 3423 1785 3587 1854; x_wconf 82' lang='grc' dir='ltr'>χρείᾳ</span> 
     </span>
    </p>
   </div>
   <div class='ocr_carea' id='block_1_63' title="bbox 2007 1875 3586 1947">
    <p class='ocr_par' dir='ltr' id='par_1_63' title="bbox 2007 1875 3586 1947">
     <span class='ocr_line' id='line_1_63' title="bbox 2007 1875 3586 1947; baseline -0.003 -17"><span class='ocrx_word' id='word_1_445' title='bbox 2007 1877 2161 1940; x_wconf 85' lang='grc' dir='ltr'>Θεὸς,</span> <span class='ocrx_word' id='word_1_446' title='bbox 2213 1879 2241 1931; x_wconf 89' lang='grc' dir='ltr'><strong>ὁ</strong></span> <span class='ocrx_word' id='word_1_447' title='bbox 2284 1878 2348 1930; x_wconf 80' lang='grc' dir='ltr'>ὲκ</span> <span class='ocrx_word' id='word_1_448' title='bbox 2402 1877 2477 1947; x_wconf 84' lang='grc' dir='ltr'>μὴ</span> <span class='ocrx_word' id='word_1_449' title='bbox 2515 1876 2687 1931; x_wconf 78' lang='grc' dir='ltr'>ὅντων</span> <span class='ocrx_word' id='word_1_450' title='bbox 2719 1876 2786 1930; x_wconf 82' lang='grc' dir='ltr'>τὰ</span> <span class='ocrx_word' id='word_1_451' title='bbox 2825 1876 3004 1930; x_wconf 89' lang='grc' dir='ltr'>πάντα</span> <span class='ocrx_word' id='word_1_452' title='bbox 3052 1875 3414 1946; x_wconf 86' lang='grc' dir='ltr'>παραγαγὼν,</span> <span class='ocrx_word' id='word_1_453' title='bbox 3464 1875 3586 1927; x_wconf 81' lang='grc' dir='ltr'>ἀλλ’</span> 
     </span>
    </p>
   </div>
   <div class='ocr_carea' id='block_1_64' title="bbox 2008 1966 3589 2040">
    <p class='ocr_par' dir='ltr' id='par_1_64' title="bbox 2008 1966 3589 2040">
     <span class='ocr_line' id='line_1_64' title="bbox 2008 1966 3589 2040; baseline -0.001 -20"><span class='ocrx_word' id='word_1_454' title='bbox 2008 1969 2187 2039; x_wconf 84' lang='grc' dir='ltr'>ἡμῶν,</span> <span class='ocrx_word' id='word_1_455' title='bbox 2212 1968 2286 2032; x_wconf 86' lang='grc' dir='ltr'><strong>ὡς</strong></span> <span class='ocrx_word' id='word_1_456' title='bbox 2312 1969 2491 2040; x_wconf 83' lang='grc' dir='ltr'>πάσης</span> <span class='ocrx_word' id='word_1_457' title='bbox 2515 1967 2853 2040; x_wconf 84' lang='grc' dir='ltr'>ἀγαθότητος</span> <span class='ocrx_word' id='word_1_458' title='bbox 2870 1968 3132 2040; x_wconf 79' lang='grc' dir='ltr'>ὑπάρχων</span> <span class='ocrx_word' id='word_1_459' title='bbox 3152 1968 3329 2039; x_wconf 80' lang='grc' dir='ltr'>πηγὴ,</span> <span class='ocrx_word' id='word_1_460' title='bbox 3351 1966 3451 2038; x_wconf 84' lang='grc' dir='ltr'>τὴν</span> <span class='ocrx_word' id='word_1_461' title='bbox 3475 1982 3589 2019; x_wconf 90' lang='grc' dir='ltr'>σω-</span> 
     </span>
    </p>
   </div>
   <div class='ocr_carea' id='block_1_65' title="bbox 2005 2058 2408 2133">
    <p class='ocr_par' dir='ltr' id='par_1_65' title="bbox 2005 2058 2408 2133">
     <span class='ocr_line' id='line_1_65' title="bbox 2005 2058 2408 2133; baseline 0.002 -18"><span class='ocrx_word' id='word_1_462' title='bbox 2005 2061 2204 2133; x_wconf 86' lang='grc' dir='ltr'>τηρίαν</span> <span class='ocrx_word' id='word_1_463' title='bbox 2235 2058 2408 2130; x_wconf 78' lang='grc' dir='ltr'>ζητεῖ.</span> 
     </span>
    </p>
   </div>
   <div class='ocr_carea' id='block_1_66' title="bbox 2077 2328 3585 2404">
    <p class='ocr_par' dir='ltr' id='par_1_66' title="bbox 2077 2328 3585 2404">
     <span class='ocr_line' id='line_1_66' title="bbox 2077 2328 3585 2404; baseline -0.005 -14"><span class='ocrx_word' id='word_1_464' title='bbox 2077 2335 2306 2392; x_wconf 87' lang='grc' dir='ltr'>Πάντων</span> <span class='ocrx_word' id='word_1_465' title='bbox 2330 2334 2531 2400; x_wconf 89' lang='grc' dir='ltr'>τοίνυν,</span> <span class='ocrx_word' id='word_1_466' title='bbox 2561 2333 2638 2397; x_wconf 83' lang='grc' dir='ltr'>ὡς</span> <span class='ocrx_word' id='word_1_467' title='bbox 2665 2333 2824 2404; x_wconf 77' lang='grc' dir='ltr'>ἔφην,</span> <span class='ocrx_word' id='word_1_468' title='bbox 2851 2331 2996 2388; x_wconf 84' lang='grc' dir='ltr'>κατὰ</span> <span class='ocrx_word' id='word_1_469' title='bbox 3024 2330 3198 2402; x_wconf 88' lang='grc' dir='ltr'>φυλάς</span> <span class='ocrx_word' id='word_1_470' title='bbox 3237 2328 3585 2403; x_wconf 80' lang='grc' dir='ltr'>προσφερόν-</span> 
     </span>
    </p>
   </div>
   <div class='ocr_carea' id='block_1_67' title="bbox 2004 2420 3585 2497">
    <p class='ocr_par' dir='ltr' id='par_1_67' title="bbox 2004 2420 3585 2497">
     <span class='ocr_line' id='line_1_67' title="bbox 2004 2420 3585 2497; baseline -0.004 -17"><span class='ocrx_word' id='word_1_471' title='bbox 2004 2445 2114 2480; x_wconf 86' lang='grc' dir='ltr'><strong>των</strong></span> <span class='ocrx_word' id='word_1_472' title='bbox 2169 2427 2240 2480; x_wconf 88' lang='grc' dir='ltr'><strong>τά</strong></span> <span class='ocrx_word' id='word_1_473' title='bbox 2289 2425 2440 2497; x_wconf 85' lang='grc' dir='ltr'>δῶρα</span> <span class='ocrx_word' id='word_1_474' title='bbox 2490 2425 2631 2497; x_wconf 84' lang='grc' dir='ltr'>Θεῷ,</span> <span class='ocrx_word' id='word_1_475' title='bbox 2692 2424 2874 2496; x_wconf 83' lang='grc' dir='ltr'>παρῆν</span> <span class='ocrx_word' id='word_1_476' title='bbox 2926 2423 3020 2478; x_wconf 77' lang='grc' dir='ltr'>καὶ</span> <span class='ocrx_word' id='word_1_477' title='bbox 3067 2425 3127 2476; x_wconf 82' lang='grc' dir='ltr'><strong>τὸ</strong></span> <span class='ocrx_word' id='word_1_478' title='bbox 3171 2421 3313 2476; x_wconf 79' lang='grc' dir='ltr'>θεῖον</span> <span class='ocrx_word' id='word_1_479' title='bbox 3361 2420 3585 2491; x_wconf 84' lang='grc' dir='ltr'>ζεῦγος,</span> 
     </span>
    </p>
   </div>
   <div class='ocr_carea' id='block_1_68' title="bbox 2018 2512 3586 2589">
    <p class='ocr_par' dir='ltr' id='par_1_68' title="bbox 2018 2512 3586 2589">
     <span class='ocr_line' id='line_1_68' title="bbox 2018 2512 3586 2589; baseline -0.005 -16"><span class='ocrx_word' id='word_1_480' title='bbox 2018 2519 2294 2589; x_wconf 75' lang='grc' dir='ltr'>Ἰωακεὶμ,</span> <span class='ocrx_word' id='word_1_481' title='bbox 2335 2518 2501 2589; x_wconf 75' lang='grc' dir='ltr'>φημὶ,</span> <span class='ocrx_word' id='word_1_482' title='bbox 2551 2517 2646 2571; x_wconf 79' lang='grc' dir='ltr'>καὶ</span> <span class='ocrx_word' id='word_1_483' title='bbox 2677 2517 2866 2579; x_wconf 80' lang='grc' dir='ltr'>Ἀννα,</span> <span class='ocrx_word' id='word_1_484' title='bbox 2898 2516 2999 2586; x_wconf 86' lang='grc' dir='ltr'>τῆς</span> <span class='ocrx_word' id='word_1_485' title='bbox 3043 2515 3276 2585; x_wconf 84' lang='grc' dir='ltr'>νομικῆς</span> <span class='ocrx_word' id='word_1_486' title='bbox 3321 2512 3586 2582; x_wconf 81' lang='grc' dir='ltr'>λατρείας</span> 
     </span>
    </p>
   </div>
   <div class='ocr_carea' id='block_1_69' title="bbox 2005 2604 3590 2681">
    <p class='ocr_par' dir='ltr' id='par_1_69' title="bbox 2005 2604 3590 2681">
     <span class='ocr_line' id='line_1_69' title="bbox 2005 2604 3590 2681; baseline -0.004 -17"><span class='ocrx_word' id='word_1_487' title='bbox 2005 2610 2066 2664; x_wconf 80' lang='grc' dir='ltr'><strong>τὸ</strong></span> <span class='ocrx_word' id='word_1_488' title='bbox 2096 2611 2409 2681; x_wconf 83' lang='grc' dir='ltr'>στήριγμα,</span> <span class='ocrx_word' id='word_1_489' title='bbox 2454 2609 2549 2663; x_wconf 74' lang='grc' dir='ltr'><strong>καὶ</strong></span> <span class='ocrx_word' id='word_1_490' title='bbox 2587 2609 2688 2678; x_wconf 86' lang='grc' dir='ltr'>τῆς</span> <span class='ocrx_word' id='word_1_491' title='bbox 2745 2605 3112 2676; x_wconf 83' lang='grc' dir='ltr'>εὑαγγελικῆς</span> <span class='ocrx_word' id='word_1_492' title='bbox 3152 2605 3473 2674; x_wconf 79' lang='grc' dir='ltr'>φιλοσοφίας</span> <span class='ocrx_word' id='word_1_493' title='bbox 3521 2604 3590 2657; x_wconf 77' lang='grc' dir='ltr'><strong>τὸ</strong></span> 
     </span>
    </p>
   </div>
   <div class='ocr_carea' id='block_1_70' title="bbox 2006 2698 3592 2774">
    <p class='ocr_par' dir='ltr' id='par_1_70' title="bbox 2006 2698 3592 2774">
     <span class='ocr_line' id='line_1_70' title="bbox 2006 2698 3592 2774; baseline -0.004 -18"><span class='ocrx_word' id='word_1_494' title='bbox 2006 2704 2287 2774; x_wconf 85' lang='grc' dir='ltr'>καύχημα,</span> <span class='ocrx_word' id='word_1_495' title='bbox 2320 2703 2382 2755; x_wconf 83' lang='grc' dir='ltr'><strong>τὸ</strong></span> <span class='ocrx_word' id='word_1_496' title='bbox 2410 2703 2509 2772; x_wconf 81' lang='grc' dir='ltr'>τῆς</span> <span class='ocrx_word' id='word_1_497' title='bbox 2560 2700 2714 2754; x_wconf 87' lang='grc' dir='ltr'>Ιούδα</span> <span class='ocrx_word' id='word_1_498' title='bbox 2743 2699 2920 2769; x_wconf 82' lang='grc' dir='ltr'>φυλῆς</span> <span class='ocrx_word' id='word_1_499' title='bbox 2949 2699 3341 2767; x_wconf 84' lang='grc' dir='ltr'>εὐγενέστατον</span> <span class='ocrx_word' id='word_1_500' title='bbox 3380 2698 3592 2769; x_wconf 67' lang='grc' dir='ltr'>γνώρια</span> 
     </span>
    </p>
   </div>
   <div class='ocr_carea' id='block_1_71' title="bbox 2009 2789 3592 2866">
    <p class='ocr_par' dir='ltr' id='par_1_71' title="bbox 2009 2789 3592 2866">
     <span class='ocr_line' id='line_1_71' title="bbox 2009 2789 3592 2866; baseline -0.003 -17"><span class='ocrx_word' id='word_1_501' title='bbox 2009 2814 2143 2866; x_wconf 89' lang='grc' dir='ltr'>σμα,</span> <span class='ocrx_word' id='word_1_502' title='bbox 2175 2796 2273 2849; x_wconf 65' lang='grc' dir='ltr'><strong>καὶ¹</strong></span> <span class='ocrx_word' id='word_1_503' title='bbox 2317 2793 2413 2848; x_wconf 90' lang='grc' dir='ltr'><strong>τοῦ</strong></span> <span class='ocrx_word' id='word_1_504' title='bbox 2445 2795 2662 2848; x_wconf 88' lang='grc' dir='ltr'>πάντων</span> <span class='ocrx_word' id='word_1_505' title='bbox 2703 2794 2976 2845; x_wconf 89' lang='grc' dir='ltr'>Δεσπότου</span> <span class='ocrx_word' id='word_1_506' title='bbox 3015 2790 3258 2861; x_wconf 80' lang='grc' dir='ltr'>Χριστοῦ</span> <span class='ocrx_word' id='word_1_507' title='bbox 3295 2792 3397 2861; x_wconf 83' lang='grc' dir='ltr'>τῆς</span> <span class='ocrx_word' id='word_1_508' title='bbox 3441 2789 3592 2844; x_wconf 81' lang='grc' dir='ltr'>κατὰ</span> 
     </span>
    </p>
   </div>
   <div class='ocr_carea' id='block_1_72' title="bbox 2007 2881 3590 2960">
    <p class='ocr_par' dir='ltr' id='par_1_72' title="bbox 2007 2881 3590 2960">
     <span class='ocr_line' id='line_1_72' title="bbox 2007 2881 3590 2960; baseline -0.004 -19"><span class='ocrx_word' id='word_1_509' title='bbox 2007 2890 2187 2960; x_wconf 84' lang='grc' dir='ltr'>σάρκα</span> <span class='ocrx_word' id='word_1_510' title='bbox 2215 2887 2522 2957; x_wconf 84' lang='grc' dir='ltr'>γεννήσεως</span> <span class='ocrx_word' id='word_1_511' title='bbox 2551 2886 3041 2955; x_wconf 81' lang='grc' dir='ltr'>περιφανέστατον,</span> <span class='ocrx_word' id='word_1_512' title='bbox 3072 2882 3149 2946; x_wconf 86' lang='grc' dir='ltr'>ὡς</span> <span class='ocrx_word' id='word_1_513' title='bbox 3183 2882 3328 2954; x_wconf 84' lang='grc' dir='ltr'>ἀρχὴ</span> <span class='ocrx_word' id='word_1_514' title='bbox 3368 2881 3465 2936; x_wconf 70' lang='grc' dir='ltr'>καὶ</span> <span class='ocrx_word' id='word_1_515' title='bbox 3493 2882 3590 2936; x_wconf 84' lang='grc' dir='ltr'>αῐ-</span> 
     </span>
    </p>
   </div>
   <div class='ocr_carea' id='block_1_73' title="bbox 2007 2973 3595 3049">
    <p class='ocr_par' dir='ltr' id='par_1_73' title="bbox 2007 2973 3595 3049">
     <span class='ocr_line' id='line_1_73' title="bbox 2007 2973 3595 3049; baseline -0.004 -16"><span class='ocrx_word' id='word_1_516' title='bbox 2007 2997 2143 3043; x_wconf 91' lang='grc' dir='ltr'>τιον,</span> <span class='ocrx_word' id='word_1_517' title='bbox 2171 2978 2559 3049; x_wconf 86' lang='grc' dir='ltr'>σεμνολόγημα</span> <span class='ocrx_word' id='word_1_518' title='bbox 2582 2992 2597 3008; x_wconf 77' lang='grc'><strong><em>⁸</em></strong></span> <span class='ocrx_word' id='word_1_519' title='bbox 2625 2975 2689 3029; x_wconf 78' lang='grc' dir='ltr'><strong>τὸ</strong></span> <span class='ocrx_word' id='word_1_520' title='bbox 2728 2975 2825 3028; x_wconf 90' lang='grc' dir='ltr'><strong>τοῦ</strong></span> <span class='ocrx_word' id='word_1_521' title='bbox 2865 2974 3030 3028; x_wconf 75' lang='grc' dir='ltr'>Δαόὶδ</span> <span class='ocrx_word' id='word_1_522' title='bbox 3061 2973 3355 3044; x_wconf 87' lang='grc' dir='ltr'>ίερώτατον</span> <span class='ocrx_word' id='word_1_523' title='bbox 3389 2973 3595 3042; x_wconf 72' lang='grc' dir='ltr'>ἐγκαλ-</span> 
     </span>
    </p>
   </div>
   <div class='ocr_carea' id='block_1_74' title="bbox 2008 3064 3594 3141">
    <p class='ocr_par' dir='ltr' id='par_1_74' title="bbox 2008 3064 3594 3141">
     <span class='ocr_line' id='line_1_74' title="bbox 2008 3064 3594 3141; baseline -0.004 -17"><span class='ocrx_word' id='word_1_524' title='bbox 2008 3070 2288 3141; x_wconf 86' lang='grc' dir='ltr'>λώπισμα,</span> <span class='ocrx_word' id='word_1_525' title='bbox 2310 3069 2407 3123; x_wconf 77' lang='grc' dir='ltr'>καὶ</span> <span class='ocrx_word' id='word_1_526' title='bbox 2429 3071 2528 3139; x_wconf 85' lang='grc' dir='ltr'><strong>τῆς</strong></span> <span class='ocrx_word' id='word_1_527' title='bbox 2550 3068 2806 3121; x_wconf 84' lang='grc' dir='ltr'>ἁπάντων</span> <span class='ocrx_word' id='word_1_528' title='bbox 2823 3065 2985 3136; x_wconf 89' lang='grc' dir='ltr'>ήμῶν</span> <span class='ocrx_word' id='word_1_529' title='bbox 3007 3064 3285 3136; x_wconf 88' lang='grc' dir='ltr'>σωτηρίας</span> <span class='ocrx_word' id='word_1_530' title='bbox 3306 3065 3594 3118; x_wconf 83' lang='grc' dir='ltr'>ἀστειότα-</span> 
     </span>
    </p>
   </div>
   <div class='ocr_carea' id='block_1_75' title="bbox 2005 3156 3592 3232">
    <p class='ocr_par' dir='ltr' id='par_1_75' title="bbox 2005 3156 3592 3232">
     <span class='ocr_line' id='line_1_75' title="bbox 2005 3156 3592 3232; baseline -0.006 -15"><span class='ocrx_word' id='word_1_531' title='bbox 2005 3181 2097 3216; x_wconf 86' lang='grc' dir='ltr'><strong>τον</strong></span> <span class='ocrx_word' id='word_1_532' title='bbox 2127 3162 2447 3232; x_wconf 85' lang='grc' dir='ltr'>γνώρισμα·</span> <span class='ocrx_word' id='word_1_533' title='bbox 2504 3160 2602 3214; x_wconf 75' lang='grc' dir='ltr'><strong>καὶ</strong></span> <span class='ocrx_word' id='word_1_534' title='bbox 2649 3160 2850 3230; x_wconf 82' lang='grc' dir='ltr'>παρῆν,</span> <span class='ocrx_word' id='word_1_535' title='bbox 2896 3159 2998 3211; x_wconf 84' lang='grc' dir='ltr'><strong>οὐκ</strong></span> <span class='ocrx_word' id='word_1_536' title='bbox 3057 3156 3212 3227; x_wconf 82' lang='grc' dir='ltr'>αἷρον</span> <span class='ocrx_word' id='word_1_537' title='bbox 3266 3156 3411 3209; x_wconf 82' lang='grc' dir='ltr'>κατὰ</span> <span class='ocrx_word' id='word_1_538' title='bbox 3457 3160 3592 3220; x_wconf 82' lang='grc' dir='ltr'>τοὺς</span> 
     </span>
    </p>
   </div>
   <div class='ocr_carea' id='block_1_76' title="bbox 2006 3248 3593 3320">
    <p class='ocr_par' dir='ltr' id='par_1_76' title="bbox 2006 3248 3593 3320">
     <span class='ocr_line' id='line_1_76' title="bbox 2006 3248 3593 3320; baseline -0.004 -12"><span class='ocrx_word' id='word_1_539' title='bbox 2006 3255 2200 3319; x_wconf 80' lang='grc' dir='ltr'>ἄλλους</span> <span class='ocrx_word' id='word_1_540' title='bbox 2233 3254 2327 3307; x_wconf 86' lang='grc' dir='ltr'><strong>τὸν</strong></span> <span class='ocrx_word' id='word_1_541' title='bbox 2369 3253 2594 3307; x_wconf 81' lang='grc' dir='ltr'>τένοντα</span> <span class='ocrx_word' id='word_1_542' title='bbox 2627 3253 2723 3304; x_wconf 69' lang='grc' dir='ltr'>καὶ</span> <span class='ocrx_word' id='word_1_543' title='bbox 2769 3250 3008 3320; x_wconf 87' lang='grc' dir='ltr'>μάλιστα</span> <span class='ocrx_word' id='word_1_544' title='bbox 3050 3248 3143 3302; x_wconf 73' lang='grc' dir='ltr'><strong>τὸν</strong></span> <span class='ocrx_word' id='word_1_545' title='bbox 3187 3249 3435 3318; x_wconf 66' lang='grc' dir='ltr'>Ῥουσιμ,</span> <span class='ocrx_word' id='word_1_546' title='bbox 3483 3249 3593 3302; x_wconf 84' lang='grc' dir='ltr'><strong>οὑκ</strong></span> 
     </span>
    </p>
   </div>
   <div class='ocr_carea' id='block_1_77' title="bbox 2007 3342 3592 3417">
    <p class='ocr_par' dir='ltr' id='par_1_77' title="bbox 2007 3342 3592 3417">
     <span class='ocr_line' id='line_1_77' title="bbox 2007 3342 3592 3417; baseline -0.007 -13"><span class='ocrx_word' id='word_1_547' title='bbox 2007 3347 2265 3404; x_wconf 83' lang='grc' dir='ltr'>ἀνασπῶν</span> <span class='ocrx_word' id='word_1_548' title='bbox 2293 3347 2392 3410; x_wconf 85' lang='grc' dir='ltr'>τὰς</span> <span class='ocrx_word' id='word_1_549' title='bbox 2422 3345 2618 3417; x_wconf 84' lang='grc' dir='ltr'>ὀφρῦς,</span> <span class='ocrx_word' id='word_1_550' title='bbox 2653 3344 2752 3397; x_wconf 78' lang='grc' dir='ltr'>καὶ</span> <span class='ocrx_word' id='word_1_551' title='bbox 2775 3343 2884 3396; x_wconf 91' lang='grc' dir='ltr'><strong>τῶν</strong></span> <span class='ocrx_word' id='word_1_552' title='bbox 2912 3342 3088 3396; x_wconf 84' lang='grc' dir='ltr'>ἀλλων</span> <span class='ocrx_word' id='word_1_553' title='bbox 3113 3342 3592 3411; x_wconf 86' lang='grc' dir='ltr'>κατεπαιρόμενον</span> 
     </span>
    </p>
   </div>
   <div class='ocr_carea' id='block_1_78' title="bbox 2007 3432 3594 3506">
    <p class='ocr_par' dir='ltr' id='par_1_78' title="bbox 2007 3432 3594 3506">
     <span class='ocr_line' id='line_1_78' title="bbox 2007 3432 3594 3506; baseline -0.004 -15"><span class='ocrx_word' id='word_1_554' title='bbox 2007 3438 2102 3491; x_wconf 67' lang='grc' dir='ltr'>καὶ</span> <span class='ocrx_word' id='word_1_555' title='bbox 2129 3437 2199 3491; x_wconf 82' lang='grc' dir='ltr'>τὰ</span> <span class='ocrx_word' id='word_1_556' title='bbox 2226 3438 2435 3491; x_wconf 90' lang='grc' dir='ltr'>τούτων</span> <span class='ocrx_word' id='word_1_557' title='bbox 2467 3436 2618 3506; x_wconf 89' lang='grc' dir='ltr'>δῶρα</span> <span class='ocrx_word' id='word_1_558' title='bbox 2661 3433 3225 3504; x_wconf 88' lang='grc' dir='ltr'>παραμετρούμενον·</span> <span class='ocrx_word' id='word_1_559' title='bbox 3251 3432 3367 3487; x_wconf 83' lang='grc' dir='ltr'>ἀλλ’</span> <span class='ocrx_word' id='word_1_560' title='bbox 3399 3432 3594 3502; x_wconf 83' lang='grc' dir='ltr'>ἠρέμα</span> 
     </span>
    </p>
   </div>
   <div class='ocr_carea' id='block_1_79' title="bbox 2008 3524 3594 3600">
    <p class='ocr_par' dir='ltr' id='par_1_79' title="bbox 2008 3524 3594 3600">
     <span class='ocr_line' id='line_1_79' title="bbox 2008 3524 3594 3600; baseline -0.004 -17"><span class='ocrx_word' id='word_1_561' title='bbox 2008 3531 2102 3584; x_wconf 77' lang='grc' dir='ltr'>καὶ</span> <span class='ocrx_word' id='word_1_562' title='bbox 2133 3529 2334 3600; x_wconf 85' lang='grc' dir='ltr'>ήσυχῆ,</span> <span class='ocrx_word' id='word_1_563' title='bbox 2380 3528 2477 3582; x_wconf 75' lang='grc' dir='ltr'>καὶ</span> <span class='ocrx_word' id='word_1_564' title='bbox 2514 3527 2621 3597; x_wconf 77' lang='grc' dir='ltr'><strong>πρὸ</strong></span> <span class='ocrx_word' id='word_1_565' title='bbox 2663 3528 2774 3580; x_wconf 90' lang='grc' dir='ltr'><strong>τῶν</strong></span> <span class='ocrx_word' id='word_1_566' title='bbox 2802 3525 3077 3595; x_wconf 88' lang='grc' dir='ltr'>αίσθητῶν</span> <span class='ocrx_word' id='word_1_567' title='bbox 3121 3524 3348 3596; x_wconf 87' lang='grc' dir='ltr'>καρδίαν</span> <span class='ocrx_word' id='word_1_568' title='bbox 3397 3542 3594 3578; x_wconf 82' lang='grc' dir='ltr'>συντε-</span> 
     </span>
    </p>
   </div>
   <div class='ocr_carea' id='block_1_80' title="bbox 2008 3617 3593 3692">
    <p class='ocr_par' dir='ltr' id='par_1_80' title="bbox 2008 3617 3593 3692">
     <span class='ocr_line' id='line_1_80' title="bbox 2008 3617 3593 3692; baseline -0.003 -17"><span class='ocrx_word' id='word_1_569' title='bbox 2008 3621 2317 3692; x_wconf 82' lang='grc' dir='ltr'>τριμμένην</span> <span class='ocrx_word' id='word_1_570' title='bbox 2343 3621 2439 3675; x_wconf 72' lang='grc' dir='ltr'><strong>καὶ</strong></span> <span class='ocrx_word' id='word_1_571' title='bbox 2465 3619 2948 3692; x_wconf 79' lang='grc' dir='ltr'>τεταπεινωμένην</span> <span class='ocrx_word' id='word_1_572' title='bbox 2977 3617 3058 3690; x_wconf 77' lang='grc' dir='ltr'>τῷ</span> <span class='ocrx_word' id='word_1_573' title='bbox 3085 3617 3292 3688; x_wconf 86' lang='grc' dir='ltr'>ταύτην</span> <span class='ocrx_word' id='word_1_574' title='bbox 3324 3618 3400 3689; x_wconf 77' lang='grc' dir='ltr'>μὴ</span> <span class='ocrx_word' id='word_1_575' title='bbox 3430 3618 3593 3685; x_wconf 79' lang='grc' dir='ltr'>ἐξου-</span> 
     </span>
    </p>
   </div>
   <div class='ocr_carea' id='block_1_81' title="bbox 2010 3712 2674 3782">
    <p class='ocr_par' dir='ltr' id='par_1_81' title="bbox 2010 3712 2674 3782">
     <span class='ocr_line' id='line_1_81' title="bbox 2010 3712 2674 3782; baseline -0.002 -15"><span class='ocrx_word' id='word_1_576' title='bbox 2010 3712 2252 3767; x_wconf 86' lang='grc' dir='ltr'>θενοῦντι</span> <span class='ocrx_word' id='word_1_577' title='bbox 2282 3712 2674 3782; x_wconf 79' lang='grc' dir='ltr'>προσάγοντες.</span> 
     </span>
    </p>
   </div>
   <div class='ocr_carea' id='block_1_82' title="bbox 2079 3801 3594 3872">
    <p class='ocr_par' dir='ltr' id='par_1_82' title="bbox 2079 3801 3594 3872">
     <span class='ocr_line' id='line_1_82' title="bbox 2079 3801 3594 3872; baseline -0.001 -17"><span class='ocrx_word' id='word_1_578' title='bbox 2079 3803 2157 3855; x_wconf 89' lang='lat' dir='ltr'><strong>E&#39;.</strong></span> <span class='ocrx_word' id='word_1_579' title='bbox 2220 3802 2361 3855; x_wconf 86' lang='grc' dir='ltr'>’Λλλ’</span> <span class='ocrx_word' id='word_1_580' title='bbox 2420 3802 2655 3864; x_wconf 81' lang='grc' dir='ltr'>ἀναιδῶς</span> <span class='ocrx_word' id='word_1_581' title='bbox 2702 3801 2848 3856; x_wconf 83' lang='grc' dir='ltr'>κατὰ</span> <span class='ocrx_word' id='word_1_582' title='bbox 2905 3802 3202 3872; x_wconf 87' lang='grc' dir='ltr'>πρόσωπον</span> <span class='ocrx_word' id='word_1_583' title='bbox 3262 3803 3290 3855; x_wconf 83' lang='grc' dir='ltr'>ὁ</span> <span class='ocrx_word' id='word_1_584' title='bbox 3357 3801 3594 3872; x_wconf 72' lang='grc' dir='ltr'>Ῥουσὶμ</span> 
     </span>
    </p>
   </div>
   <div class='ocr_carea' id='block_1_83' title="bbox 2010 3891 3592 3964">
    <p class='ocr_par' dir='ltr' id='par_1_83' title="bbox 2010 3891 3592 3964">
     <span class='ocr_line' id='line_1_83' title="bbox 2010 3891 3592 3964; baseline -0.002 -17"><span class='ocrx_word' id='word_1_585' title='bbox 2010 3893 2246 3964; x_wconf 81' lang='grc' dir='ltr'>ἀπαντᾷ,</span> <span class='ocrx_word' id='word_1_586' title='bbox 2284 3894 2380 3946; x_wconf 77' lang='grc' dir='ltr'><strong>καὶ</strong></span> <span class='ocrx_word' id='word_1_587' title='bbox 2409 3893 2633 3955; x_wconf 85' lang='grc' dir='ltr'>τούτους</span> <span class='ocrx_word' id='word_1_588' title='bbox 2675 3894 2751 3956; x_wconf 86' lang='grc' dir='ltr'>ὡς</span> <span class='ocrx_word' id='word_1_589' title='bbox 2797 3892 3032 3954; x_wconf 78' lang='grc' dir='ltr'>ἄπαιδας</span> <span class='ocrx_word' id='word_1_590' title='bbox 3063 3891 3450 3956; x_wconf 75' lang='grc' dir='ltr'>κατονειδίζειν</span> <span class='ocrx_word' id='word_1_591' title='bbox 3483 3910 3592 3946; x_wconf 88' lang='grc' dir='ltr'>κα-</span> 
     </span>
    </p>
   </div>
   <div class='ocr_carea' id='block_1_84' title="bbox 2009 3981 3591 4054">
    <p class='ocr_par' dir='ltr' id='par_1_84' title="bbox 2009 3981 3591 4054">
     <span class='ocr_line' id='line_1_84' title="bbox 2009 3981 3591 4054; baseline -0.001 -17"><span class='ocrx_word' id='word_1_592' title='bbox 2009 3983 2434 4054; x_wconf 80' lang='grc' dir='ltr'>ταθρασύνεται,</span> <span class='ocrx_word' id='word_1_593' title='bbox 2464 3984 2559 4036; x_wconf 78' lang='grc' dir='ltr'><strong>καὶ</strong></span> <span class='ocrx_word' id='word_1_594' title='bbox 2589 3983 2658 4036; x_wconf 80' lang='grc' dir='ltr'><strong>τὰ</strong></span> <span class='ocrx_word' id='word_1_595' title='bbox 2687 3983 2894 4036; x_wconf 85' lang='grc' dir='ltr'>τούτων</span> <span class='ocrx_word' id='word_1_596' title='bbox 2922 3981 3096 4053; x_wconf 87' lang='grc' dir='ltr'>δῶρα,</span> <span class='ocrx_word' id='word_1_597' title='bbox 3125 3982 3202 4046; x_wconf 85' lang='grc' dir='ltr'>ὡς</span> <span class='ocrx_word' id='word_1_598' title='bbox 3241 3982 3373 4053; x_wconf 85' lang='grc' dir='ltr'>παρ’</span> <span class='ocrx_word' id='word_1_599' title='bbox 3404 3981 3591 4047; x_wconf 81' lang='grc' dir='ltr'>ἀξίαν,</span> 
     </span>
    </p>
   </div>
   <div class='ocr_carea' id='block_1_85' title="bbox 2009 4074 3508 4146">
    <p class='ocr_par' dir='ltr' id='par_1_85' title="bbox 2009 4074 3508 4146">
     <span class='ocr_line' id='line_1_85' title="bbox 2009 4074 3508 4146; baseline -0.004 -17"><span class='ocrx_word' id='word_1_600' title='bbox 2009 4075 2337 4146; x_wconf 77' lang='grc' dir='ltr'>ἐκκρούεται</span> <span class='ocrx_word' id='word_1_601' title='bbox 2367 4074 2812 4144; x_wconf 83' lang='grc' dir='ltr'>προσφερόμενα.</span> <span class='ocrx_word' id='word_1_602' title='bbox 3502 4083 3508 4090; x_wconf 84' lang='grc'><em>“</em></span> 
     </span>
    </p>
   </div>
   <div class='ocr_carea' id='block_1_86' title="bbox 2081 4165 3595 4239">
    <p class='ocr_par' dir='ltr' id='par_1_86' title="bbox 2081 4165 3595 4239">
     <span class='ocr_line' id='line_1_86' title="bbox 2081 4165 3595 4239; baseline 0 -19"><span class='ocrx_word' id='word_1_603' title='bbox 2081 4169 2146 4221; x_wconf 88' lang='grc' dir='ltr'><strong>Τί</strong></span> <span class='ocrx_word' id='word_1_604' title='bbox 2171 4169 2347 4222; x_wconf 89' lang='grc' dir='ltr'>ταῦτα</span> <span class='ocrx_word' id='word_1_605' title='bbox 2374 4168 2654 4239; x_wconf 84' lang='grc' dir='ltr'>πράττεις,</span> <span class='ocrx_word' id='word_1_606' title='bbox 2694 4167 2923 4235; x_wconf 77' lang='grc' dir='ltr'>Ῥουὸίμ</span> <span class='ocrx_word' id='word_1_607' title='bbox 2946 4183 2961 4233; x_wconf 91' lang='lat'><strong>;</strong></span> <span class='ocrx_word' id='word_1_608' title='bbox 2995 4167 3049 4220; x_wconf 85' lang='grc' dir='ltr'><strong>τί</strong></span> <span class='ocrx_word' id='word_1_609' title='bbox 3077 4169 3205 4230; x_wconf 83' lang='grc' dir='ltr'>τοὺς</span> <span class='ocrx_word' id='word_1_610' title='bbox 3232 4165 3535 4230; x_wconf 88' lang='grc' dir='ltr'>ἀναιτίους,</span> <span class='ocrx_word' id='word_1_611' title='bbox 3563 4169 3595 4220; x_wconf 69' lang='grc' dir='ltr'>ὁ</span> 
     </span>
    </p>
   </div>
   <div class='ocr_carea' id='block_1_87' title="bbox 2011 4259 3596 4329">
    <p class='ocr_par' dir='ltr' id='par_1_87' title="bbox 2011 4259 3596 4329">
     <span class='ocr_line' id='line_1_87' title="bbox 2011 4259 3596 4329; baseline -0.001 -17"><span class='ocrx_word' id='word_1_612' title='bbox 2011 4259 2222 4312; x_wconf 88' lang='grc' dir='ltr'>πολλῶν</span> <span class='ocrx_word' id='word_1_613' title='bbox 2260 4260 2432 4320; x_wconf 86' lang='grc' dir='ltr'>αἴτιος</span> <span class='ocrx_word' id='word_1_614' title='bbox 2472 4259 2888 4327; x_wconf 78' lang='grc' dir='ltr'>ἀπηχεστάτων,</span> <span class='ocrx_word' id='word_1_615' title='bbox 2942 4259 3187 4328; x_wconf 80' lang='grc' dir='ltr'>θρασέως</span> <span class='ocrx_word' id='word_1_616' title='bbox 3236 4259 3471 4329; x_wconf 80' lang='grc' dir='ltr'>γράφειν</span> <span class='ocrx_word' id='word_1_617' title='bbox 3505 4260 3596 4312; x_wconf 76' lang='grc' dir='ltr'>αι-</span> 
     </span>
    </p>
   </div>
   <div class='ocr_carea' id='block_1_88' title="bbox 337 4342 1907 4420">
    <p class='ocr_par' dir='ltr' id='par_1_88' title="bbox 337 4343 1906 4420">
     <span class='ocr_line' id='line_1_88' title="bbox 337 4343 1906 4420; baseline -0.01 -12"><span class='ocrx_word' id='word_1_618' title='bbox 337 4367 460 4408; x_wconf 83' lang='lat' dir='ltr'><strong>reos</strong></span> <span class='ocrx_word' id='word_1_619' title='bbox 496 4352 708 4420; x_wconf 80' lang='lat' dir='ltr'><strong>publice</strong></span> <span class='ocrx_word' id='word_1_620' title='bbox 737 4347 1010 4402; x_wconf 86' lang='lat' dir='ltr'><strong>criminari</strong></span> <span class='ocrx_word' id='word_1_621' title='bbox 1037 4347 1263 4400; x_wconf 85' lang='lat' dir='ltr'><strong>ﬁdenter</strong></span> <span class='ocrx_word' id='word_1_622' title='bbox 1287 4347 1452 4399; x_wconf 87' lang='lat' dir='ltr'><strong>audes</strong></span> <span class='ocrx_word' id='word_1_623' title='bbox 1471 4343 1642 4410; x_wconf 83' lang='lat' dir='ltr'><strong>?Quis</strong></span> <span class='ocrx_word' id='word_1_624' title='bbox 1674 4359 1906 4412; x_wconf 90' lang='lat' dir='ltr'><strong>unquam</strong></span> 
     </span>
    </p>
   </div>
   <div class='ocr_carea' id='block_1_89' title="bbox 2015 4342 3592 4420">
    <p class='ocr_par' dir='ltr' id='par_1_89' title="bbox 2016 4342 3592 4419">
     <span class='ocr_line' id='line_1_89' title="bbox 2016 4342 3592 4419; baseline -0.003 -17"><span class='ocrx_word' id='word_1_625' title='bbox 2016 4351 2136 4413; x_wconf 87' lang='grc' dir='ltr'>τίας</span> <span class='ocrx_word' id='word_1_626' title='bbox 2164 4350 2544 4419; x_wconf 81' lang='grc' dir='ltr'>κατατολμᾷς;</span> <span class='ocrx_word' id='word_1_627' title='bbox 2580 4349 2664 4410; x_wconf 88' lang='grc' dir='ltr'><strong>τίς</strong></span> <span class='ocrx_word' id='word_1_628' title='bbox 2692 4349 2833 4417; x_wconf 82' lang='grc' dir='ltr'>ὑπὲρ</span> <span class='ocrx_word' id='word_1_629' title='bbox 2871 4342 2946 4402; x_wconf 84' lang='grc' dir='ltr'>ὧν</span> <span class='ocrx_word' id='word_1_630' title='bbox 2977 4352 3037 4400; x_wconf 86' lang='grc' dir='ltr'><strong>ού</strong></span> <span class='ocrx_word' id='word_1_631' title='bbox 3075 4350 3291 4416; x_wconf 84' lang='grc' dir='ltr'>πέφυκε</span> <span class='ocrx_word' id='word_1_632' title='bbox 3327 4349 3592 4418; x_wconf 86' lang='grc' dir='ltr'>πράττειν</span> 
     </span>
    </p>
   </div>
   <div class='ocr_carea' id='block_1_90' title="bbox 337 4435 1912 4509">
    <p class='ocr_par' dir='ltr' id='par_1_90' title="bbox 337 4435 1912 4509">
     <span class='ocr_line' id='line_1_90' title="bbox 337 4435 1912 4509; baseline -0.007 -12"><span class='ocrx_word' id='word_1_633' title='bbox 337 4445 408 4497; x_wconf 86' lang='lat' dir='ltr'><strong>de</strong></span> <span class='ocrx_word' id='word_1_634' title='bbox 455 4443 522 4496; x_wconf 92' lang='lat' dir='ltr'><strong>iis</strong></span> <span class='ocrx_word' id='word_1_635' title='bbox 573 4440 904 4509; x_wconf 89' lang='lat' dir='ltr'><strong>postulatur,</strong></span> <span class='ocrx_word' id='word_1_636' title='bbox 955 4438 1152 4506; x_wconf 90' lang='lat' dir='ltr'><strong>quibus</strong></span> <span class='ocrx_word' id='word_1_637' title='bbox 1206 4437 1523 4505; x_wconf 79' lang='lat' dir='ltr'><strong>praestandis</strong></span> <span class='ocrx_word' id='word_1_638' title='bbox 1569 4437 1642 4490; x_wconf 86' lang='lat' dir='ltr'><strong>sit</strong></span> <span class='ocrx_word' id='word_1_639' title='bbox 1699 4435 1912 4504; x_wconf 87' lang='lat' dir='ltr'><strong>impos?</strong></span> 
     </span>
    </p>
   </div>
   <div class='ocr_carea' id='block_1_91' title="bbox 339 4527 1912 4603">
    <p class='ocr_par' dir='ltr' id='par_1_91' title="bbox 339 4527 1912 4603">
     <span class='ocr_line' id='line_1_91' title="bbox 339 4527 1912 4603; baseline -0.005 -15"><span class='ocrx_word' id='word_1_640' title='bbox 339 4535 602 4603; x_wconf 84' lang='lat' dir='ltr'><strong>Quisnam</strong></span> <span class='ocrx_word' id='word_1_641' title='bbox 656 4531 765 4585; x_wconf 87' lang='lat' dir='ltr'><strong>Deo</strong></span> <span class='ocrx_word' id='word_1_642' title='bbox 818 4531 964 4599; x_wconf 80' lang='lat' dir='ltr'><strong>leges</strong></span> <span class='ocrx_word' id='word_1_643' title='bbox 995 4529 1186 4584; x_wconf 83' lang='lat' dir='ltr'><strong>ferenti</strong></span> <span class='ocrx_word' id='word_1_644' title='bbox 1220 4528 1394 4597; x_wconf 90' lang='lat' dir='ltr'><strong>potuit</strong></span> <span class='ocrx_word' id='word_1_645' title='bbox 1425 4527 1822 4593; x_wconf 86' lang='lat' dir='ltr'><strong>contradicere,</strong></span> <span class='ocrx_word' id='word_1_646' title='bbox 1857 4537 1912 4580; x_wconf 86' lang='lat' dir='ltr'><strong>et</strong></span> 
     </span>
    </p>
   </div>
   <div class='ocr_carea' id='block_1_92' title="bbox 339 4618 1912 4691">
    <p class='ocr_par' dir='ltr' id='par_1_92' title="bbox 339 4618 1912 4691">
     <span class='ocr_line' id='line_1_92' title="bbox 339 4618 1912 4691; baseline -0.008 -9"><span class='ocrx_word' id='word_1_647' title='bbox 339 4635 527 4682; x_wconf 89' lang='lat' dir='ltr'><strong>contra</strong></span> <span class='ocrx_word' id='word_1_648' title='bbox 556 4623 806 4679; x_wconf 89' lang='lat' dir='ltr'><strong>stimulos</strong></span> <span class='ocrx_word' id='word_1_649' title='bbox 838 4621 1112 4691; x_wconf 71' lang='lat' dir='ltr'><strong>praasumit</strong></span> <span class='ocrx_word' id='word_1_650' title='bbox 1139 4621 1400 4675; x_wconf 87' lang='lat' dir='ltr'><strong>audacter</strong></span> <span class='ocrx_word' id='word_1_651' title='bbox 1420 4619 1746 4674; x_wconf 86' lang='lat' dir='ltr'><strong>calcitrare?</strong></span> <span class='ocrx_word' id='word_1_652' title='bbox 1780 4618 1912 4674; x_wconf 87' lang='lat' dir='ltr'><strong>Ubi-</strong></span> 
     </span>
    </p>
   </div>
   <div class='ocr_carea' id='block_1_93' title="bbox 341 4709 1914 4779">
    <p class='ocr_par' dir='ltr' id='par_1_93' title="bbox 341 4709 1914 4779">
     <span class='ocr_line' id='line_1_93' title="bbox 341 4709 1914 4779; baseline -0.006 -10"><span class='ocrx_word' id='word_1_653' title='bbox 341 4730 464 4769; x_wconf 91' lang='lat' dir='ltr'><strong>nam</strong></span> <span class='ocrx_word' id='word_1_654' title='bbox 498 4711 696 4766; x_wconf 88' lang='lat' dir='ltr'><strong>audisti</strong></span> <span class='ocrx_word' id='word_1_655' title='bbox 742 4710 906 4764; x_wconf 90' lang='lat' dir='ltr'><strong>Deum</strong></span> <span class='ocrx_word' id='word_1_656' title='bbox 941 4709 1078 4772; x_wconf 91' lang='lat' dir='ltr'><strong>illos,</strong></span> <span class='ocrx_word' id='word_1_657' title='bbox 1120 4709 1212 4779; x_wconf 89' lang='lat' dir='ltr'><strong>qui</strong></span> <span class='ocrx_word' id='word_1_658' title='bbox 1249 4719 1472 4764; x_wconf 88' lang='lat' dir='ltr'><strong>careant</strong></span> <span class='ocrx_word' id='word_1_659' title='bbox 1505 4709 1688 4778; x_wconf 89' lang='lat' dir='ltr'><strong>prole,</strong></span> <span class='ocrx_word' id='word_1_660' title='bbox 1739 4710 1914 4777; x_wconf 88' lang='lat' dir='ltr'><strong>repel-</strong></span> 
     </span>
    </p>
   </div>
   <div class='ocr_carea' id='block_1_94' title="bbox 339 4800 1911 4870">
    <p class='ocr_par' dir='ltr' id='par_1_94' title="bbox 339 4800 1911 4870">
     <span class='ocr_line' id='line_1_94' title="bbox 339 4800 1911 4870; baseline -0.006 -9"><span class='ocrx_word' id='word_1_661' title='bbox 339 4805 485 4861; x_wconf 81' lang='lat' dir='ltr'><strong>lere?</strong></span> <span class='ocrx_word' id='word_1_662' title='bbox 514 4802 703 4856; x_wconf 87' lang='lat' dir='ltr'><strong>Nonne</strong></span> <span class='ocrx_word' id='word_1_663' title='bbox 733 4800 953 4855; x_wconf 89' lang='lat' dir='ltr'><strong>Abelem</strong></span> <span class='ocrx_word' id='word_1_664' title='bbox 976 4839 992 4865; x_wconf 95' lang='lat'><strong>,</strong></span> <span class='ocrx_word' id='word_1_665' title='bbox 1022 4815 1332 4870; x_wconf 86' lang='lat' dir='ltr'><strong>quanquam</strong></span> <span class='ocrx_word' id='word_1_666' title='bbox 1388 4800 1682 4854; x_wconf 87' lang='lat' dir='ltr'><strong>liberorum</strong></span> <span class='ocrx_word' id='word_1_667' title='bbox 1719 4814 1911 4867; x_wconf 79' lang='lat' dir='ltr'><strong>exper-</strong></span> 
     </span>
    </p>
   </div>
   <div class='ocr_carea' id='block_1_95' title="bbox 342 4888 1911 4957">
    <p class='ocr_par' dir='ltr' id='par_1_95' title="bbox 342 4888 1911 4957">
     <span class='ocr_line' id='line_1_95' title="bbox 342 4888 1911 4957; baseline -0.004 -8"><span class='ocrx_word' id='word_1_668' title='bbox 342 4906 480 4957; x_wconf 89' lang='lat' dir='ltr'><strong>tem,</strong></span> <span class='ocrx_word' id='word_1_669' title='bbox 541 4908 665 4946; x_wconf 91' lang='lat' dir='ltr'><strong>cum</strong></span> <span class='ocrx_word' id='word_1_670' title='bbox 721 4889 944 4944; x_wconf 77' lang='lat' dir='ltr'><strong>offerret</strong></span> <span class='ocrx_word' id='word_1_671' title='bbox 1011 4903 1270 4954; x_wconf 91' lang='lat' dir='ltr'><strong>munera,</strong></span> <span class='ocrx_word' id='word_1_672' title='bbox 1339 4900 1620 4957; x_wconf 89' lang='lat' dir='ltr'><strong>acceptum</strong></span> <span class='ocrx_word' id='word_1_673' title='bbox 1689 4888 1911 4942; x_wconf 90' lang='lat' dir='ltr'><strong>habuit?</strong></span> 
     </span>
    </p>
   </div>
   <div class='ocr_carea' id='block_1_96' title="bbox 335 4981 1909 5048">
    <p class='ocr_par' dir='ltr' id='par_1_96' title="bbox 335 4981 1909 5048">
     <span class='ocr_line' id='line_1_96' title="bbox 335 4981 1909 5048; baseline -0.006 -5"><span class='ocrx_word' id='word_1_674' title='bbox 335 4989 528 5043; x_wconf 80' lang='lat' dir='ltr'><strong>Nonne</strong></span> <span class='ocrx_word' id='word_1_675' title='bbox 555 4985 783 5039; x_wconf 72' lang='lat' dir='ltr'><strong>Abrahae</strong></span> <span class='ocrx_word' id='word_1_676' title='bbox 803 4992 859 5036; x_wconf 90' lang='lat' dir='ltr'><strong>et</strong></span> <span class='ocrx_word' id='word_1_677' title='bbox 888 4981 1059 5048; x_wconf 73' lang='lat' dir='ltr'><strong>Sane,</strong></span> <span class='ocrx_word' id='word_1_678' title='bbox 1093 4989 1211 5034; x_wconf 91' lang='lat' dir='ltr'><strong>utut</strong></span> <span class='ocrx_word' id='word_1_679' title='bbox 1241 4981 1381 5034; x_wconf 82' lang='lat' dir='ltr'><strong>ﬁlios</strong></span> <span class='ocrx_word' id='word_1_680' title='bbox 1423 4995 1529 5035; x_wconf 92' lang='lat' dir='ltr'><strong>non</strong></span> <span class='ocrx_word' id='word_1_681' title='bbox 1565 4981 1909 5044; x_wconf 88' lang='lat' dir='ltr'><strong>habentibus,</strong></span> 
     </span>
    </p>
   </div>
   <div class='ocr_carea' id='block_1_97' title="bbox 334 5071 1909 5136">
    <p class='ocr_par' dir='ltr' id='par_1_97' title="bbox 334 5071 1909 5136">
     <span class='ocr_line' id='line_1_97' title="bbox 334 5071 1909 5136; baseline -0.006 -1"><span class='ocrx_word' id='word_1_682' title='bbox 334 5077 643 5136; x_wconf 79' lang='lat' dir='ltr'><strong>benedixit?</strong></span> <span class='ocrx_word' id='word_1_683' title='bbox 668 5074 854 5129; x_wconf 88' lang='lat' dir='ltr'><strong>Nonne</strong></span> <span class='ocrx_word' id='word_1_684' title='bbox 890 5074 1104 5126; x_wconf 85' lang='lat' dir='ltr'><strong>Annam</strong></span> <span class='ocrx_word' id='word_1_685' title='bbox 1137 5072 1438 5127; x_wconf 74' lang='lat' dir='ltr'><strong>Phenennze</strong></span> <span class='ocrx_word' id='word_1_686' title='bbox 1468 5072 1738 5135; x_wconf 59' lang='lat' dir='ltr'><strong>simulam,</strong></span> <span class='ocrx_word' id='word_1_687' title='bbox 1783 5071 1909 5126; x_wconf 90' lang='lat' dir='ltr'><strong>licet</strong></span> 
     </span>
    </p>
   </div>
   <div class='ocr_carea' id='block_1_98' title="bbox 335 5162 1911 5234">
    <p class='ocr_par' dir='ltr' id='par_1_98' title="bbox 335 5162 1911 5234">
     <span class='ocr_line' id='line_1_98' title="bbox 335 5162 1911 5234; baseline -0.007 -8"><span class='ocrx_word' id='word_1_688' title='bbox 335 5171 522 5226; x_wconf 86' lang='lat' dir='ltr'><strong>sobole</strong></span> <span class='ocrx_word' id='word_1_689' title='bbox 556 5167 896 5228; x_wconf 88' lang='lat' dir='ltr'><strong>destitutam,</strong></span> <span class='ocrx_word' id='word_1_690' title='bbox 929 5166 1305 5234; x_wconf 88' lang='lat' dir='ltr'><strong>deprecantem</strong></span> <span class='ocrx_word' id='word_1_691' title='bbox 1338 5164 1550 5217; x_wconf 91' lang='lat' dir='ltr'><strong>demnm</strong></span> <span class='ocrx_word' id='word_1_692' title='bbox 1595 5162 1911 5217; x_wconf 79' lang='lat' dir='ltr'><strong>exaudivit?</strong></span> 
     </span>
    </p>
   </div>
   <div class='ocr_carea' id='block_1_99' title="bbox 335 5253 1910 5326">
    <p class='ocr_par' dir='ltr' id='par_1_99' title="bbox 335 5253 1910 5326">
     <span class='ocr_line' id='line_1_99' title="bbox 335 5253 1910 5326; baseline -0.006 -13"><span class='ocrx_word' id='word_1_693' title='bbox 335 5257 687 5326; x_wconf 78' lang='lat' dir='ltr'><strong>Quandonam</strong></span> <span class='ocrx_word' id='word_1_694' title='bbox 719 5255 998 5324; x_wconf 83' lang='lat' dir='ltr'><strong>gignendis</strong></span> <span class='ocrx_word' id='word_1_695' title='bbox 1045 5253 1228 5307; x_wconf 90' lang='lat' dir='ltr'><strong>liberis</strong></span> <span class='ocrx_word' id='word_1_696' title='bbox 1273 5268 1492 5322; x_wconf 87' lang='lat' dir='ltr'><strong>Operam</strong></span> <span class='ocrx_word' id='word_1_697' title='bbox 1550 5253 1746 5307; x_wconf 87' lang='lat' dir='ltr'><strong>dedere</strong></span> <span class='ocrx_word' id='word_1_698' title='bbox 1796 5269 1910 5305; x_wconf 90' lang='lat' dir='ltr'><strong>ma-</strong></span> 
     </span>
    </p>
   </div>
   <div class='ocr_carea' id='block_1_100' title="bbox 338 5341 1910 5418">
    <p class='ocr_par' dir='ltr' id='par_1_100' title="bbox 338 5341 1910 5418">
     <span class='ocr_line' id='line_1_100' title="bbox 338 5341 1910 5418; baseline -0.001 -19"><span class='ocrx_word' id='word_1_699' title='bbox 338 5363 478 5418; x_wconf 83' lang='lat' dir='ltr'><strong>gnus</strong></span> <span class='ocrx_word' id='word_1_700' title='bbox 520 5347 608 5400; x_wconf 90' lang='lat' dir='ltr'><strong>ille</strong></span> <span class='ocrx_word' id='word_1_701' title='bbox 652 5343 799 5402; x_wconf 88' lang='lat' dir='ltr'><strong>Elias</strong></span> <span class='ocrx_word' id='word_1_702' title='bbox 829 5355 990 5412; x_wconf 90' lang='lat' dir='ltr'><strong>atque</strong></span> <span class='ocrx_word' id='word_1_703' title='bbox 1021 5343 1262 5404; x_wconf 69' lang='lat' dir='ltr'><strong>Elisazus,</strong></span> <span class='ocrx_word' id='word_1_704' title='bbox 1287 5357 1517 5411; x_wconf 89' lang='lat' dir='ltr'><strong>quorum</strong></span> <span class='ocrx_word' id='word_1_705' title='bbox 1551 5351 1733 5397; x_wconf 91' lang='lat' dir='ltr'><strong>tamen</strong></span> <span class='ocrx_word' id='word_1_706' title='bbox 1769 5341 1910 5398; x_wconf 88' lang='lat' dir='ltr'><strong>Dens</strong></span> 
     </span>
    </p>
   </div>
   <div class='ocr_carea' id='block_1_101' title="bbox 335 5435 1910 5508">
    <p class='ocr_par' dir='ltr' id='par_1_101' title="bbox 335 5435 1910 5508">
     <span class='ocr_line' id='line_1_101' title="bbox 335 5435 1910 5508; baseline -0.003 -15"><span class='ocrx_word' id='word_1_707' title='bbox 335 5450 392 5493; x_wconf 91' lang='lat' dir='ltr'><strong>et</strong></span> <span class='ocrx_word' id='word_1_708' title='bbox 419 5453 611 5508; x_wconf 89' lang='lat' dir='ltr'><strong>preces</strong></span> <span class='ocrx_word' id='word_1_709' title='bbox 657 5437 965 5500; x_wconf 79' lang='lat' dir='ltr'><strong>exaudivit,</strong></span> <span class='ocrx_word' id='word_1_710' title='bbox 1013 5446 1069 5490; x_wconf 87' lang='lat' dir='ltr'><strong>et</strong></span> <span class='ocrx_word' id='word_1_711' title='bbox 1113 5437 1288 5490; x_wconf 90' lang='lat' dir='ltr'><strong>oblata</strong></span> <span class='ocrx_word' id='word_1_712' title='bbox 1332 5435 1600 5489; x_wconf 82' lang='lat' dir='ltr'><strong>sacriﬁcia</strong></span> <span class='ocrx_word' id='word_1_713' title='bbox 1655 5435 1910 5489; x_wconf 87' lang='lat' dir='ltr'><strong>maximis</strong></span> 
     </span>
    </p>
   </div>
   <div class='ocr_carea' id='block_1_102' title="bbox 340 5525 1908 5584">
    <p class='ocr_par' dir='ltr' id='par_1_102' title="bbox 340 5525 1908 5584">
     <span class='ocr_line' id='line_1_102' title="bbox 340 5525 1908 5584; baseline -0.001 0"><span class='ocrx_word' id='word_1_714' title='bbox 340 5530 616 5584; x_wconf 82' lang='lat' dir='ltr'><strong>decoravit</strong></span> <span class='ocrx_word' id='word_1_715' title='bbox 666 5527 982 5583; x_wconf 85' lang='lat' dir='ltr'><strong>miraculis?</strong></span> <span class='ocrx_word' id='word_1_716' title='bbox 1029 5525 1118 5581; x_wconf 82' lang='lat' dir='ltr'><strong>Vel</strong></span> <span class='ocrx_word' id='word_1_717' title='bbox 1168 5543 1343 5583; x_wconf 88' lang='lat' dir='ltr'><strong>nonne</strong></span> <span class='ocrx_word' id='word_1_718' title='bbox 1397 5527 1588 5583; x_wconf 87' lang='lat' dir='ltr'><strong>saltem</strong></span> <span class='ocrx_word' id='word_1_719' title='bbox 1652 5525 1908 5584; x_wconf 77' lang='lat' dir='ltr'><strong>fateberis</strong></span> 
     </span>
    </p>
   </div>
   <div class='ocr_carea' id='block_1_103' title="bbox 414 5682 986 5753">
    <p class='ocr_par' dir='ltr' id='par_1_103' title="bbox 414 5682 986 5753">
     <span class='ocr_line' id='line_1_103' title="bbox 414 5682 986 5753; baseline -0.003 -14"><span class='ocrx_word' id='word_1_720' title='bbox 414 5688 433 5716; x_wconf 72' lang='grc' dir='ltr'><strong>θ</strong></span> <span class='ocrx_word' id='word_1_721' title='bbox 475 5683 645 5741; x_wconf 78' lang='lat' dir='ltr'><strong>Exod.</strong></span> <span class='ocrx_word' id='word_1_722' title='bbox 690 5699 850 5753; x_wconf 63' lang='grc' dir='ltr'>χχιιι,</span> <span class='ocrx_word' id='word_1_723' title='bbox 904 5682 986 5737; x_wconf 78' lang='grc'><strong>15.</strong></span> 
     </span>
    </p>
   </div>
   <div class='ocr_carea' id='block_1_104' title="bbox 2013 4435 3591 4506">
    <p class='ocr_par' dir='ltr' id='par_1_104' title="bbox 2013 4435 3591 4506">
     <span class='ocr_line' id='line_1_104' title="bbox 2013 4435 3591 4506; baseline -0.003 -15"><span class='ocrx_word' id='word_1_724' title='bbox 2013 4438 2327 4505; x_wconf 82' lang='grc' dir='ltr'>εύθύνεται;</span> <span class='ocrx_word' id='word_1_725' title='bbox 2352 4437 2434 4500; x_wconf 82' lang='grc' dir='ltr'><strong>τίς</strong></span> <span class='ocrx_word' id='word_1_726' title='bbox 2459 4437 2593 4489; x_wconf 87' lang='grc' dir='ltr'>Θεοῦ</span> <span class='ocrx_word' id='word_1_727' title='bbox 2623 4436 3055 4506; x_wconf 88' lang='grc' dir='ltr'>προστάττοντος</span> <span class='ocrx_word' id='word_1_728' title='bbox 3085 4438 3404 4506; x_wconf 72' lang='grc' dir='ltr'>ἀντιστῆναι</span> <span class='ocrx_word' id='word_1_729' title='bbox 3433 4435 3591 4487; x_wconf 85' lang='grc' dir='ltr'>δεδύ-</span> 
     </span>
    </p>
   </div>
   <div class='ocr_carea' id='block_1_105' title="bbox 2013 4525 3589 4598">
    <p class='ocr_par' dir='ltr' id='par_1_105' title="bbox 2013 4525 3589 4598">
     <span class='ocr_line' id='line_1_105' title="bbox 2013 4525 3589 4598; baseline -0.003 -18"><span class='ocrx_word' id='word_1_730' title='bbox 2013 4547 2192 4597; x_wconf 88' lang='grc' dir='ltr'>νηται,</span> <span class='ocrx_word' id='word_1_731' title='bbox 2224 4530 2318 4581; x_wconf 79' lang='grc' dir='ltr'><strong>καὶ</strong></span> <span class='ocrx_word' id='word_1_732' title='bbox 2348 4527 2484 4598; x_wconf 85' lang='grc' dir='ltr'>πρὸς</span> <span class='ocrx_word' id='word_1_733' title='bbox 2516 4525 3026 4596; x_wconf 78' lang='grc' dir='ltr'>κέντραλακτίζειν</span> <span class='ocrx_word' id='word_1_734' title='bbox 3066 4525 3542 4596; x_wconf 84' lang='grc' dir='ltr'>καταθρασύνεται</span> <span class='ocrx_word' id='word_1_735' title='bbox 3572 4541 3589 4590; x_wconf 86' lang='grc'>;</span> 
     </span>
    </p>
   </div>
   <div class='ocr_carea' id='block_1_106' title="bbox 2015 4612 3592 4685">
    <p class='ocr_par' dir='ltr' id='par_1_106' title="bbox 2015 4612 3592 4685">
     <span class='ocr_line' id='line_1_106' title="bbox 2015 4612 3592 4685; baseline -0.006 -12"><span class='ocrx_word' id='word_1_736' title='bbox 2015 4620 2126 4673; x_wconf 90' lang='grc' dir='ltr'>Ποῦ</span> <span class='ocrx_word' id='word_1_737' title='bbox 2156 4618 2289 4671; x_wconf 73' lang='grc' dir='ltr'>Θεὸν</span> <span class='ocrx_word' id='word_1_738' title='bbox 2326 4618 2561 4678; x_wconf 79' lang='grc' dir='ltr'>ἄπαιδας</span> <span class='ocrx_word' id='word_1_739' title='bbox 2602 4617 2842 4685; x_wconf 72' lang='grc' dir='ltr'>ἤκουσας</span> <span class='ocrx_word' id='word_1_740' title='bbox 2871 4612 3318 4683; x_wconf 80' lang='grc' dir='ltr'>ἀποστρέφεσθαι</span> <span class='ocrx_word' id='word_1_741' title='bbox 3344 4629 3358 4677; x_wconf 91' lang='lat'><strong>;</strong></span> <span class='ocrx_word' id='word_1_742' title='bbox 3389 4612 3452 4664; x_wconf 86' lang='grc' dir='ltr'><strong>ού</strong></span> <span class='ocrx_word' id='word_1_743' title='bbox 3494 4613 3592 4663; x_wconf 81' lang='grc' dir='ltr'><strong>τὸν</strong></span> 
     </span>
    </p>
   </div>
   <div class='ocr_carea' id='block_1_107' title="bbox 2018 4699 3588 4776">
    <p class='ocr_par' dir='ltr' id='par_1_107' title="bbox 2018 4699 3588 4776">
     <span class='ocr_line' id='line_1_107' title="bbox 2018 4699 3588 4776; baseline -0.005 -15"><span class='ocrx_word' id='word_1_744' title='bbox 2018 4707 2184 4760; x_wconf 81' lang='grc' dir='ltr'>Ἀϐελ</span> <span class='ocrx_word' id='word_1_745' title='bbox 2228 4707 2300 4760; x_wconf 84' lang='grc' dir='ltr'><strong>τὰ</strong></span> <span class='ocrx_word' id='word_1_746' title='bbox 2331 4705 2480 4776; x_wconf 90' lang='grc' dir='ltr'>δῶρα</span> <span class='ocrx_word' id='word_1_747' title='bbox 2510 4703 2891 4774; x_wconf 87' lang='grc' dir='ltr'>προσφέροντα</span> <span class='ocrx_word' id='word_1_748' title='bbox 2936 4699 3300 4771; x_wconf 84' lang='grc' dir='ltr'>προσεδέξατο</span> <span class='ocrx_word' id='word_1_749' title='bbox 3340 4699 3588 4765; x_wconf 62' lang='lat' dir='ltr'><strong>aranea;</strong></span> 
     </span>
    </p>
   </div>
   <div class='ocr_carea' id='block_1_108' title="bbox 2012 4786 3588 4863">
    <p class='ocr_par' dir='ltr' id='par_1_108' title="bbox 2012 4786 3588 4863">
     <span class='ocr_line' id='line_1_108' title="bbox 2012 4786 3588 4863; baseline -0.004 -16"><span class='ocrx_word' id='word_1_750' title='bbox 2012 4795 2073 4847; x_wconf 86' lang='grc' dir='ltr'><strong>ού</strong></span> <span class='ocrx_word' id='word_1_751' title='bbox 2099 4793 2192 4847; x_wconf 83' lang='grc' dir='ltr'><strong>τὸν</strong></span> <span class='ocrx_word' id='word_1_752' title='bbox 2232 4793 2483 4863; x_wconf 77' lang='grc' dir='ltr'>Ἀϐραὰμ</span> <span class='ocrx_word' id='word_1_753' title='bbox 2503 4793 2600 4844; x_wconf 77' lang='grc' dir='ltr'>καὶ</span> <span class='ocrx_word' id='word_1_754' title='bbox 2623 4790 2724 4860; x_wconf 85' lang='grc' dir='ltr'>τὴν</span> <span class='ocrx_word' id='word_1_755' title='bbox 2752 4791 2970 4861; x_wconf 80' lang='grc' dir='ltr'>Σάρῥαν</span> <span class='ocrx_word' id='word_1_756' title='bbox 2999 4789 3295 4857; x_wconf 83' lang='grc' dir='ltr'>εὐλόγησεν</span> <span class='ocrx_word' id='word_1_757' title='bbox 3316 4786 3588 4851; x_wconf 72' lang='grc' dir='ltr'>ἀπαιδαςς</span> 
     </span>
    </p>
   </div>
   <div class='ocr_carea' id='block_1_109' title="bbox 2011 4879 3588 4956">
    <p class='ocr_par' dir='ltr' id='par_1_109' title="bbox 2011 4879 3588 4956">
     <span class='ocr_line' id='line_1_109' title="bbox 2011 4879 3588 4956; baseline -0.006 -18"><span class='ocrx_word' id='word_1_758' title='bbox 2011 4887 2073 4939; x_wconf 85' lang='grc' dir='ltr'><strong>ού</strong></span> <span class='ocrx_word' id='word_1_759' title='bbox 2108 4885 2207 4956; x_wconf 78' lang='grc' dir='ltr'>τὴν</span> <span class='ocrx_word' id='word_1_760' title='bbox 2240 4886 2442 4937; x_wconf 79' lang='grc' dir='ltr'>’Λνναν</span> <span class='ocrx_word' id='word_1_761' title='bbox 2489 4883 2586 4952; x_wconf 85' lang='grc' dir='ltr'><strong>τῆς</strong></span> <span class='ocrx_word' id='word_1_762' title='bbox 2633 4883 2904 4948; x_wconf 80' lang='grc' dir='ltr'>Φενάννης</span> <span class='ocrx_word' id='word_1_763' title='bbox 2951 4879 3230 4934; x_wconf 84' lang='grc' dir='ltr'>ἀντίθετον</span> <span class='ocrx_word' id='word_1_764' title='bbox 3280 4894 3588 4948; x_wconf 85' lang='grc' dir='ltr'>προσευχο-</span> 
     </span>
    </p>
   </div>
   <div class='ocr_carea' id='block_1_110' title="bbox 2014 4966 3592 5047">
    <p class='ocr_par' dir='ltr' id='par_1_110' title="bbox 2014 4966 3592 5047">
     <span class='ocr_line' id='line_1_110' title="bbox 2014 4966 3592 5047; baseline -0.007 -17"><span class='ocrx_word' id='word_1_765' title='bbox 2014 4977 2205 5047; x_wconf 86' lang='grc' dir='ltr'>μένην,</span> <span class='ocrx_word' id='word_1_766' title='bbox 2232 4975 2458 5044; x_wconf 79' lang='grc' dir='ltr'>ὕστερον</span> <span class='ocrx_word' id='word_1_767' title='bbox 2490 4973 2770 5042; x_wconf 85' lang='grc' dir='ltr'>ὑπήκουσε</span> <span class='ocrx_word' id='word_1_768' title='bbox 2802 4969 3180 5040; x_wconf 81' lang='grc' dir='ltr'>τυγχάνουσαν</span> <span class='ocrx_word' id='word_1_769' title='bbox 3215 4967 3455 5032; x_wconf 74' lang='grc' dir='ltr'>ἄπαιδας</span> <span class='ocrx_word' id='word_1_770' title='bbox 3498 4966 3592 5019; x_wconf 83' lang='grc' dir='ltr'><strong>τὸν</strong></span> 
     </span>
    </p>
   </div>
   <div class='ocr_carea' id='block_1_111' title="bbox 2010 5060 3593 5139">
    <p class='ocr_par' dir='ltr' id='par_1_111' title="bbox 2010 5060 3593 5139">
     <span class='ocr_line' id='line_1_111' title="bbox 2010 5060 3593 5139; baseline -0.008 -17"><span class='ocrx_word' id='word_1_771' title='bbox 2010 5069 2068 5122; x_wconf 77' lang='grc' dir='ltr'>δὲ</span> <span class='ocrx_word' id='word_1_772' title='bbox 2117 5068 2293 5139; x_wconf 85' lang='grc' dir='ltr'>μέγαν</span> <span class='ocrx_word' id='word_1_773' title='bbox 2337 5066 2546 5131; x_wconf 85' lang='grc' dir='ltr'>Ἠλίαν,</span> <span class='ocrx_word' id='word_1_774' title='bbox 2579 5066 2674 5118; x_wconf 70' lang='grc' dir='ltr'>καὶ</span> <span class='ocrx_word' id='word_1_775' title='bbox 2720 5063 2812 5115; x_wconf 83' lang='grc' dir='ltr'><strong>τὸν</strong></span> <span class='ocrx_word' id='word_1_776' title='bbox 2850 5063 3121 5115; x_wconf 82' lang='grc' dir='ltr'>Ἐλισαῖον</span> <span class='ocrx_word' id='word_1_777' title='bbox 3159 5060 3288 5112; x_wconf 83' lang='grc' dir='ltr'>πότε</span> <span class='ocrx_word' id='word_1_778' title='bbox 3337 5074 3593 5124; x_wconf 84' lang='grc' dir='ltr'>τεκνογο-</span> 
     </span>
    </p>
   </div>
   <div class='ocr_carea' id='block_1_112' title="bbox 2010 5147 3588 5230">
    <p class='ocr_par' dir='ltr' id='par_1_112' title="bbox 2010 5147 3588 5230">
     <span class='ocr_line' id='line_1_112' title="bbox 2010 5147 3588 5230; baseline -0.01 -17"><span class='ocrx_word' id='word_1_779' title='bbox 2010 5161 2282 5230; x_wconf 87' lang='grc' dir='ltr'>νήσαντας</span> <span class='ocrx_word' id='word_1_780' title='bbox 2331 5155 2788 5227; x_wconf 84' lang='grc' dir='ltr'>προσευχομένων</span> <span class='ocrx_word' id='word_1_781' title='bbox 2836 5155 3120 5222; x_wconf 84' lang='grc' dir='ltr'>ὑπήκουε,</span> <span class='ocrx_word' id='word_1_782' title='bbox 3168 5151 3266 5203; x_wconf 74' lang='grc' dir='ltr'><strong>καὶ</strong></span> <span class='ocrx_word' id='word_1_783' title='bbox 3311 5148 3408 5210; x_wconf 77' lang='grc' dir='ltr'>τὰς</span> <span class='ocrx_word' id='word_1_784' title='bbox 3454 5147 3588 5216; x_wconf 87' lang='grc' dir='ltr'>παρ’</span> 
     </span>
    </p>
   </div>
   <div class='ocr_carea' id='block_1_113' title="bbox 2011 5238 3589 5319">
    <p class='ocr_par' dir='ltr' id='par_1_113' title="bbox 2011 5238 3589 5319">
     <span class='ocr_line' id='line_1_113' title="bbox 2011 5238 3589 5319; baseline -0.008 -17"><span class='ocrx_word' id='word_1_785' title='bbox 2011 5251 2190 5302; x_wconf 86' lang='grc' dir='ltr'>αὐτῶν</span> <span class='ocrx_word' id='word_1_786' title='bbox 2224 5248 2647 5319; x_wconf 87' lang='grc' dir='ltr'>προσαγομένας</span> <span class='ocrx_word' id='word_1_787' title='bbox 2683 5246 2872 5307; x_wconf 89' lang='grc' dir='ltr'>θυσίας</span> <span class='ocrx_word' id='word_1_788' title='bbox 2898 5245 3150 5314; x_wconf 79' lang='grc' dir='ltr'>ἀπείροις</span> <span class='ocrx_word' id='word_1_789' title='bbox 3186 5241 3408 5306; x_wconf 82' lang='grc' dir='ltr'>ὲδόξασε</span> <span class='ocrx_word' id='word_1_790' title='bbox 3459 5238 3589 5291; x_wconf 86' lang='grc' dir='ltr'>θαύ-</span> 
     </span>
    </p>
   </div>
   <div class='ocr_carea' id='block_1_114' title="bbox 2015 5330 3589 5412">
    <p class='ocr_par' dir='ltr' id='par_1_114' title="bbox 2015 5330 3589 5412">
     <span class='ocr_line' id='line_1_114' title="bbox 2015 5330 3589 5412; baseline -0.009 -16"><span class='ocrx_word' id='word_1_791' title='bbox 2015 5361 2214 5412; x_wconf 86' lang='grc' dir='ltr'>μασιν;</span> <span class='ocrx_word' id='word_1_792' title='bbox 2267 5341 2300 5411; x_wconf 84' lang='grc' dir='ltr'>ἢ</span> <span class='ocrx_word' id='word_1_793' title='bbox 2349 5341 2471 5393; x_wconf 83' lang='grc' dir='ltr'>οὐδὲ</span> <span class='ocrx_word' id='word_1_794' title='bbox 2509 5337 2790 5409; x_wconf 86' lang='grc' dir='ltr'>Ζαχαρίαν</span> <span class='ocrx_word' id='word_1_795' title='bbox 2844 5335 3208 5407; x_wconf 84' lang='grc' dir='ltr'>ὁμολογήσεις</span> <span class='ocrx_word' id='word_1_796' title='bbox 3257 5330 3589 5386; x_wconf 80' lang='grc' dir='ltr'>ἀποδεκτέον</span> 
     </span>
    </p>
   </div>
   <div class='ocr_carea' id='block_1_115' title="bbox 2011 5421 3589 5503">
    <p class='ocr_par' dir='ltr' id='par_1_115' title="bbox 2011 5421 3589 5503">
     <span class='ocr_line' id='line_1_115' title="bbox 2011 5421 3589 5503; baseline -0.008 -18"><span class='ocrx_word' id='word_1_797' title='bbox 2011 5430 2151 5488; x_wconf 81' lang='grc' dir='ltr'>εἶναι</span> <span class='ocrx_word' id='word_1_798' title='bbox 2185 5431 2587 5503; x_wconf 84' lang='grc' dir='ltr'>προσφέροντα,</span> <span class='ocrx_word' id='word_1_799' title='bbox 2628 5429 2721 5481; x_wconf 70' lang='grc' dir='ltr'><strong>καὶ</strong></span> <span class='ocrx_word' id='word_1_800' title='bbox 2750 5427 2838 5481; x_wconf 86' lang='grc' dir='ltr'>διὰ</span> <span class='ocrx_word' id='word_1_801' title='bbox 2866 5426 3026 5480; x_wconf 87' lang='grc' dir='ltr'>τοῦτο</span> <span class='ocrx_word' id='word_1_802' title='bbox 3066 5424 3332 5496; x_wconf 83' lang='grc' dir='ltr'>ἀρχιερέα</span> <span class='ocrx_word' id='word_1_803' title='bbox 3369 5421 3589 5490; x_wconf 84' lang='grc' dir='ltr'>γινόμε-</span> 
     </span>
    </p>
   </div>
   <div class='ocr_carea' id='block_1_116' title="bbox 2011 5513 3586 5593">
    <p class='ocr_par' dir='ltr' id='par_1_116' title="bbox 2011 5513 3586 5593">
     <span class='ocr_line' id='line_1_116' title="bbox 2011 5513 3586 5593; baseline -0.012 -12"><span class='ocrx_word' id='word_1_804' title='bbox 2011 5544 2119 5593; x_wconf 91' lang='grc' dir='ltr'>νον,</span> <span class='ocrx_word' id='word_1_805' title='bbox 2155 5527 2251 5579; x_wconf 73' lang='grc' dir='ltr'>καὶ</span> <span class='ocrx_word' id='word_1_806' title='bbox 2277 5526 2347 5579; x_wconf 77' lang='grc' dir='ltr'>τὰ</span> <span class='ocrx_word' id='word_1_807' title='bbox 2375 5524 2482 5578; x_wconf 85' lang='grc' dir='ltr'><strong>τῶν</strong></span> <span class='ocrx_word' id='word_1_808' title='bbox 2529 5522 2704 5578; x_wconf 83' lang='grc' dir='ltr'>ἀλλων</span> <span class='ocrx_word' id='word_1_809' title='bbox 2737 5522 2886 5593; x_wconf 84' lang='grc' dir='ltr'>δῶρα</span> <span class='ocrx_word' id='word_1_810' title='bbox 2925 5519 3217 5592; x_wconf 87' lang='grc' dir='ltr'>δεχόμενον</span> <span class='ocrx_word' id='word_1_811' title='bbox 3251 5515 3349 5569; x_wconf 79' lang='grc' dir='ltr'><strong>καὶ</strong></span> <span class='ocrx_word' id='word_1_812' title='bbox 3380 5513 3460 5584; x_wconf 79' lang='grc' dir='ltr'>τῷ</span> <span class='ocrx_word' id='word_1_813' title='bbox 3490 5513 3586 5563; x_wconf 74' lang='grc' dir='ltr'><strong>Δε-</strong></span> 
     </span>
    </p>
   </div>
  </div>
