3702 6240
65 217 217 284 1357
1033 224 1112 287 IN
1155 222 1740 289 CONCEPTIONEM
1780 229 1841 289 S.
1875 229 2100 293 ANN/E
2139 233 2444 299 ORATIO.
3228 233 3365 303 1358

65 340 263 412 σπότῃ
311 340 697 411 προσάγοντας
744 339 920 405 ἄλλως
948 340 1007 395 δὲ
1052 342 1249 414 ἱερέως
1295 344 1560 415 ἀντικρὺς
1606 347 1666 399 τά

1847 362 1889 401 ιο
1903 358 2179 418 acceptum
2209 364 2350 417 esse,
2402 351 2529 405 dum
2558 350 2739 419 oti'ert,
2764 350 3107 421 Zachariam,
3146 369 3211 409 ac
3234 372 3360 427 pro-

64 431 317 485 τοιαῦτα
364 434 596 503 κρίνειν.
632 433 753 502 οὑχ).
800 432 897 486 σοῦ
927 433 1022 486 τοῦ
1064 434 1163 505 τὴν
1204 435 1465 507 πατρῴαν
1514 437 1666 509 εὐνὴν

1847 454 1962 495 erea
1986 442 2182 496 summi
2209 445 2510 499 sacerdotis
2529 460 2725 500 munus
2753 445 2998 501 oblinere
3037 454 3201 517 atque
3228 448 3363 501 alio-

64 522 453 593 ὑϐρίσαντος·
492 526 627 578 Λευῖ
674 525 835 579 τοῦτο
863 525 926 578 τὸ
970 526 1139 595 γέρας
1184 526 1390 581 δέδωκε
1442 528 1666 599 Μωσῆς,

1849 548 1898 586 m
1936 534 2099 590 etiam
2130 537 2269 591 dona
2302 538 2555 607 excipere
2586 550 2640 593 et
2669 537 2895 593 Domino
2922 539 3217 594 dedicare?
3243 542 3362 597 (Ia--

63 617 194 686 οὺχὶ
222 619 340 682 σοὶ,
380 618 582 689 μᾶλλον
614 618 672 672 δὲ
695 616 763 671 δι’
792 618 1006 672 ἐκείνου
1032 620 1186 683 Θεὸς.

1847 640 1953 678 rum
1984 626 2159 692 palam
2198 638 2282 683 est
2320 629 2622 684 sacerdotis
2656 644 2777 684 esse
2805 630 2872 684 de
2909 630 3174 695 ejusmodi
3212 632 3363 700 judi-

67 723 226 775 care;
269 724 381 763 non
429 720 608 764 autem
652 710 762 777 tui,
811 710 903 780 qui
947 721 1229 781 paternum
1278 710 1455 766 cubile
1493 711 1748 769 violasti“
1775 716 1837 769 ':
1877 714 2026 783 Levi,
2067 731 2175 771 non
2237 727 2419 772 autem
2487 719 2610 785 tibi,
2680 719 2848 775 hocce
2900 734 3097 775 munus
3126 719 3361 791 Moyses,

66 806 185 858 imo
226 819 337 874 per
362 803 579 875 Moysen
612 806 754 859 Deus
783 807 897 876 ipse
931 807 1301 861 demandavit.

140 915 242 985 ς’.
281 917 411 982 Πῶς
439 917 503 971 ού
528 918 776 989 φρίττεις
804 918 900 972 τοῦ
940 922 1221 991 ἱερατικοῦ
1252 922 1347 975 καὶ
1386 920 1666 990 βασιλικοῦ

1848 922 2245 992 VLQuomodo
2272 929 2530 999 adversus
2550 928 2885 986 sacerdotale
2901 928 3058 984 simul
3091 944 3155 986 ac
3184 932 3364 995 regale

65 1010 279 1076 γένους
336 1010 857 1077 κατεξανίστασθαι;
903 1012 979 1081 μὴ
1026 1013 1137 1085 γὰρ
1179 1013 1419 1082 εὐλογῶν
1460 1015 1605 1085 ὑμᾶς
1646 1016 1666 1069 ι

1847 1035 1946 1074 nus
1979 1020 2260 1088 insurgere
2300 1036 2410 1075 non
2445 1022 2664 1090 penitus
2694 1020 3061 1077 reformidas?
3094 1022 3350 1093 Nunquid

68 1102 465 1173 πατριάρχης,
494 1104 527 1171 ἢ
560 1104 846 1173 προλέγων
874 1105 942 1157 τὰ
974 1105 1240 1176 μέλλοντα
1273 1108 1403 1176 ὑμῖν
1431 1106 1666 1178 ἀπαντή-

1850 1111 1921 1165 im
1952 1126 2076 1166 cum
2130 1113 2268 1166 bene
2300 1113 2452 1167 vobis
2494 1114 2805 1182 patriarcha
2862 1112 3071 1184 (Jacob)
3132 1114 3360 1176 diceret,

66 1195 306 1261 σασθαι,
344 1198 404 1251 σὲ
439 1197 537 1251 καὶ
566 1198 694 1261 τοὺς
725 1198 993 1267 ἀδελφοὺς
1023 1199 1262 1253 αἱνέσειν
1286 1199 1666 1271 προήγγειλεν¹

1853 1211 1873 1255 ι
1903 1217 2024 1256 cum
2072 1216 2157 1268 ea,
2184 1217 2303 1272 qua:
2337 1204 2490 1258 vobis
2523 1214 2785 1257 eventura
2813 1215 3002 1271 erant,
3040 1206 3363 1274 praenuntia-

68 1289 167 1341 καὶ
205 1288 429 1352 πάντας
456 1290 583 1354 τοὺς
623 1290 852 1360 ἐχθροὺς
882 1291 1140 1361 ἡττήσειν
1174 1292 1666 1363 πρωνεφώνησενς

1847 1294 1903 1347 t?
1934 1293 2197 1362 nunquid,
2225 1294 2462 1363 inquam,
2495 1295 2745 1365 praedixit
2797 1294 2935 1360 fore,
2977 1304 3035 1350 ut
3068 1305 3119 1351 te
3163 1297 3360 1353 fratres

80 1382 265 1452 Ἰούδᾳ
309 1380 473 1435 τοῦτο
514 1382 577 1435 τὸ
620 1382 791 1453 γέρας
814 1383 1163 1459 ἀπένειμεν,
1202 1382 1296 1436 σοῦ
1332 1383 1392 1437 δὲ
1433 1386 1530 1437 καὶ
1576 1383 1666 1453 τὴν

1847 1382 1859 1436 i
1889 1382 2192 1449 laudarent,
2222 1398 2315 1439 seu
2351 1385 2445 1439 tibi
2481 1385 2765 1441 universos
2806 1386 2995 1441 hostes
3052 1385 3358 1454 subjectum

67 1473 285 1544 πρᾶξιν
319 1474 538 1545 πικρῶς
573 1475 976 1545 ὲστηλίτευσεν,
1007 1475 1103 1529 καὶ
1132 1476 1336 1546 ἥττονα
1357 1477 1469 1529 τῶν
1500 1476 1666 1530 ἄλλων

1881 1474 2203 1530 vaticinatus
2226 1476 2348 1530 est?
2370 1475 2521 1532 Judze
2542 1478 2561 1509 ⁷
2584 1477 2681 1531 hos
2712 1477 2947 1532 honores
2965 1476 3245 1542 attribuit;
3272 1487 3364 1533 tua

68 1564 266 1634 φυλῶν
302 1566 587 1637 ἀπέφηνεν
618 1566 871 1621 ἔσεσθαι·
900 1567 959 1631 ἐξ
992 1569 1205 1621 ἐκείνου
1234 1568 1292 1621 δὲ
1328 1569 1422 1621 καὶ
1445 1568 1505 1621 τὸ
1534 1569 1672 1622 ἀπο-

1780 1574 1967 1620 contra
1990 1566 2228 1622 iacinora
2281 1582 2467 1623 amare
2516 1568 2818 1638 redarguit,
2860 1576 3120 1637 tuamque
3162 1568 3363 1623 tribum

68 1657 474 1726 κεκρυμμένον
527 1658 617 1709 ἐπ’
650 1659 886 1728 ἐσχάτου
933 1657 1045 1712 τῶν
1073 1658 1318 1729 ’ἡμερῶν
1369 1660 1666 1730 ἐκλάμπειν

1847 1658 2093 1713 leriorem
2124 1658 2245 1712 aliis
2276 1658 2509 1713 futuram
2541 1659 2898 1713 declaravit”.
2934 1659 3011 1713 Ex
3054 1658 3146 1713 illo
3173 1669 3355 1714 autem

69 1749 353 1816 προεῖπεν
404 1749 728 1820 μυστήριον,
755 1749 873 1817 τὴν
911 1749 1034 1802 τῶν
1067 1748 1262 1803 ἐθνῶν
1302 1749 1679 1817 προσδοκίαν

68 1840 165 1893 τὸν
192 1840 413 1911 Κύριον
445 1842 606 1911 ἡμῶν
651 1842 860 1913 Ἰησοῦν
884 1842 1123 1913 Χριστόν
1144 1859 1158 1873 ο
1188 1843 1251 1897 οὐ
1282 1843 1391 1913 μὴν
1418 1841 1557 1897 ἀλλά
1579 1845 1679 1899 καὶ

68 1932 164 1983 τὸν
195 1933 402 2002 χρόνον
428 1932 554 1985 καθ’
587 1932 646 1986 ὃν
691 1936 804 1997 τοῖς
836 1934 893 1986 ἐν
924 1935 1111 1986 σκότει
1152 1934 1248 1986 καὶ
1289 1935 1418 2005 σκιᾷ
1443 1932 1678 1987 θανάτου

71 2021 421 2092 καθημένοις
459 2025 593 2094 ἡμῖν
622 2026 650 2078 ὁ
681 2025 855 2093 μέγας
900 2026 1003 2094 τῆς
1030 2024 1377 2096 δικαιοσύνης
1409 2025 1680 2097 ἐπιφανή-

72 2132 237 2168 σεται
262 2117 497 2180 Ἧλιος,
533 2118 809 2187 εἰρηκώς·
852 2119 975 2172 Οὐκ
1027 2119 1299 2188 ἐκλείψει
1353 2118 1555 2188 ἅρχων
1604 2118 1675 2184 ἐξ

86 2206 316 2271 Ἰούδα,
351 2207 498 2261 οὐδὲ
539 2209 877 2277 ἡγούμενος
927 2208 996 2263 ἐκ
1044 2210 1164 2264 τῶν
1210 2209 1407 2279 μερῶν
1460 2210 1672 2277 αὐτοῦ,

77 2296 189 2364 ἕως
216 2295 299 2353 ἂν
338 2298 513 2368 ἔλθῃ,
542 2292 592 2366 ᾧ
616 2300 952 2364 ἀπόκειται,
980 2302 1079 2355 καὶ
1110 2301 1295 2368 αὐτὸς
1333 2301 1675 2369 προσδοκία

75 2389 293 2446 ἐθνῶν.
334 2390 604 2462 Προλέγει
650 2394 747 2446 καὶ
795 2393 988 2447 τούτου
1036 2394 1101 2447 τὸ
1152 2394 1345 2458 πάθος,
1401 2393 1462 2446 τὸ
1510 2394 1679 2448 πᾶσιν

86 2483 369 2537 ἀπάθειαν
392 2482 800 2555 πρυτανεῦσαν,
827 2485 927 2539 καὶ⁴
959 2483 1051 2538 τὸν
1078 2483 1384 2546 ἀθανασίας
1415 2482 1679 2553 πρόξενον

82 2574 321 2631 θάνατον
349 2575 740 2631 καταλύσαντα
781 2576 1046 2631 θάνατον·
1092 2575 1457 2639 Ἆναπεσὼν,
1488 2574 1678 2648 φησιν,

81 2664 159 2733 ὡς
178 2666 345 2721 λέων
377 2666 695 2738 ἐκοιμήθη,
722 2668 816 2733 τίς
838 2668 1035 2738 ἐγερεῖ
1064 2669 1295 2734 αὐτόν;
1324 2667 1433 2723 Καὶ
1458 2667 1685 2722 πλυνεῖ

79 2760 148 2811 ἐν
176 2759 323 2824 οϊνῳ
352 2758 469 2826 τὴν
490 2760 730 2829 στολὴν
750 2762 961 2826 αὐτοῦ,
994 2760 1093 2816 καὶ
1116 2761 1186 2815 ἐν
1208 2760 1411 2829 αἵματι
1439 2775 1674 2829 σταφυ-

84 2846 196 2915 λῆς
232 2850 357 2918 τὴν
404 2852 739 2920 περιϐολὴν
779 2853 989 2909 αὐτοῦ.
1032 2849 1165 2906 Εἶτα
1200 2851 1263 2905 τὸ
1291 2852 1392 2921 τῆς
1435 2851 1677 2905 ἀναστά-

1775 1748 1957 1821 (Juda)
1992 1749 2366 1805 absconditum
2388 1766 2604 1821 quoque
2635 1752 2979 1822 mysterium,
3011 1752 3363 1815 exspectatio-

1776 1858 1892 1895 nem
1927 1842 2218 1911 gentium“,
2255 1857 2447 1910 nempe
2503 1841 2783 1899 Christum
2838 1842 3024 1898 Jesum
3066 1842 3356 1898 Dominum

1778 1941 2062 1998 nostrum,
2106 1933 2420 1989 novissimis
2480 1934 2670 1989 diebus
2734 1934 3010 2002 proditum
3054 1949 3173 1991 esse
3221 1950 3361 2003 pras-

1776 2023 1933 2077 dixit.
1972 2021 2156 2093 Neque
2190 2038 2328 2078 vero
2354 2024 2405 2077 id
2440 2025 2641 2090 solum,
2678 2026 2771 2079 sed
2826 2032 2881 2079 et
2914 2033 3128 2096 tempus
3159 2025 3361 2095 ipsum,

1777 2131 1886 2185 quo
1914 2116 2071 2170 nobis
2101 2116 2421 2171 sedentibus
2446 2116 2499 2171 in
2532 2117 2773 2172 tenebris
2815 2127 2870 2172 et
2894 2118 2946 2172 in
2985 2118 3181 2174 umbra
3212 2134 3359 2173 mor-

1778 2206 1869 2272 tis,
1908 2205 2000 2261 Sol
2026 2205 2259 2276 justitia:
2303 2208 2554 2262 eriturus
2596 2216 2744 2263 esset
2774 2207 2839 2275 '°,
2876 2208 2960 2262 bis
2994 2210 3181 2265 verbis
3221 2225 3364 2280 prte-

1777 2297 2086 2352 nuntiavit:
2122 2295 2247 2350 Non
2270 2297 2477 2366 deﬁciet
2507 2298 2746 2367 princeps
2766 2314 2829 2352 ea:
2856 2297 3025 2365 Iuda,
3059 2316 3223 2371 neque
3255 2302 3368 2357 dua:

1784 2392 1849 2442 de
1878 2387 2165 2455 femoribus
2181 2388 2318 2455 eius,
2338 2389 2501 2443 donec
2520 2390 2720 2454 veniat,
2754 2391 2840 2444 cui
2868 2392 3158 2461 repositum
3182 2401 3283 2458 est,
3316 2404 3367 2449 et

1783 2481 1895 2549 ipse
1915 2488 1994 2533 est
2015 2482 2335 2547 exspectatio
2360 2481 2593 2550 gentium
2624 2482 2687 2535 “.
2720 2479 3058 2538 Prtennntiat
3078 2484 3242 2538 etiam
3269 2484 3370 2539 hu-

1779 2571 1871 2640 jus
1900 2571 2233 2639 passionem,
2264 2587 2384 2641 qua:
2418 2572 2909 2640 impassibilitatem
2948 2574 3206 2630 omnibus
3239 2588 3369 2643 sup-

1787 2662 2076 2731 peditavit,
2105 2670 2160 2715 et
2190 2672 2419 2717 mortem
2452 2675 2573 2731 qua:
2612 2672 2839 2717 mortem
2880 2663 3179 2737 destruxit,
3202 2675 3369 2737 atque

1786 2753 2252 2809 immortalitatem
2292 2753 2609 2809 conciliavit
2670 2773 2685 2809 :
2759 2754 3114 2822 Recumbens,
3169 2757 3367 2827 inquit,

1786 2856 1842 2900 ut
1865 2846 1941 2900 leo
1960 2846 2196 2909 dormiit;
2212 2845 2326 2915 quis
2339 2846 2614 2901 suscitabit
2634 2863 2749 2902 eum
2766 2848 2807 2879 ¹²
2826 2848 2850 2900 ?
2870 2847 2935 2901 Et
2953 2849 3155 2903 iuvabit
3177 2850 3234 2904 in
3250 2851 3370 2905 vino

88 2954 224 3001 σεως
254 2940 654 3010 χαριέστατονο
690 2944 1012 3011 Χαροποιοὶ
1054 2945 1108 2997 oi
1150 2940 1444 3012 ὀφθαλμοὶ
1488 2941 1666 2997 αὐτοί

1847 2938 1975 2993 alam
2014 2953 2203 3003 suam,
2229 2947 2275 2991 et
2307 2938 2362 2990 in
2404 2940 2663 3007 sanguine
2701 2955 2815 2995 uva:
2858 2939 3082 3006 pallium
3115 2956 3269 2996 suum
3300 2943 3366 2993 ιδ.

86 3030 240 3099 ὑπὲρ
264 3028 464 3097 οἶνον,
484 3032 583 3087 καὶ
614 3036 821 3090 λευκοὶ
861 3038 915 3089 οἱ
955 3035 1199 3101 ὀδόντες
1225 3033 1413 3088 αὐτοῦ
1442 3033 1685 3103 μᾶλλον

83 3124 120 3191 ἢ
161 3126 344 3192 γάλα.
384 3128 495 3180 Καὶ
528 3128 692 3183 πάλιν
720 3129 782 3182 τὸ
813 3127 912 3182 τοῦ
943 3129 1308 3200 κηρύγματος
1334 3126 1502 3180 αὐτοῦ
1528 3127 1684 3197 ἐνερ-

82 3216 353 3284 γέστατον
376 3234 388 3247 ·
439 3222 757 3289 Δεσμεύων
810 3221 961 3289 πρὸς
1006 3221 1283 3290 ἄμπελον
1326 3220 1433 3273 τὸν
1475 3216 1682 3272 πῶλον

84 3308 289 3371 αὐτοῦ,
327 3307 412 3379 τῷ
450 3310 559 3362 τῶν
588 3310 907 3364 ἀποστόλων
947 3310 1273 3381 κηρύγματι
1302 3310 1370 3362 τὰ
1400 3308 1531 3378 ἔθνη
1573 3324 1682 3361 πα-

90 3400 451 3465 ρασκευάζων
476 3402 816 3466 ἀκολουθεῖν,
850 3401 948 3456 καὶ
977 3400 1052 3472 τῇ
1078 3402 1233 3457 ἕλικι
1257 3401 1369 3470 τῆς
1396 3400 1673 3471 ἀμπέλου

89 3486 201 3555 τὴν
232 3490 380 3545 ὄνον
433 3492 643 3547 αὐτοῦ.
679 3494 755 3546 Οὐ
807 3494 1000 3564 γάρτοι
1046 3493 1236 3564 μόνοις
1274 3495 1391 3557 τοῖς
1437 3490 1671 3557 ἔθνεσιν,

88 3576 221 3632 ἀλλά
251 3584 347 3634 καὶ
385 3582 666 3648 Ἰουδαίοις
697 3584 747 3636 οἱ
771 3583 905 3639 θεῖοι
932 3585 1306 3656 μυσταγωγοὶ,
1332 3584 1432 3638 καὶ
1459 3582 1673 3647 τούτοις

90 3685 151 3735 γε
190 3674 453 3743 πρώτοις,
488 3678 550 3729 τὸ
596 3678 864 3749 σωτήριον
894 3678 1336 3750 διεπόρθμευσαν
1383 3678 1670 3748 κήρυγμα.

1786 3029 1992 3084 Deinde
2027 3035 2093 3093 tet
2146 3027 2605 3097 iucundissimam
2664 3032 3083 3087 resurreCIiouis
3134 3033 3367 3103 gratiam

1782 3120 2138 3192 (vaticinatur
2178 3118 2458 3188 inquiens)
2495 3136 2509 3174 :
2554 3118 2687 3174 [διειὶ
2728 3130 2851 3175 sunt
2900 3122 3044 3177 oculi
3103 3125 3218 3194 ejus
3251 3140 3366 3189 pra:

1781 3214 1921 3274 vino,
1963 3221 2011 3264 et
2059 3210 2236 3263 dentes
2268 3209 2416 3264 illius
2474 3210 2611 3263 lacte
2654 3213 2990 3267 candidiores
3038 3213 3103 3268 “.
3138 3213 3204 3268 Et
3232 3229 3363 3270 rur-

1780 3317 1876 3358 sus
1929 3300 2366 3355 ellicacissimant
2440 3302 2851 3370 praedicationis
2909 3307 3029 3375 ejus
3078 3305 3360 3369 virtutem,

1781 3395 1969 3449 dicens
2002 3412 2015 3448 :
2052 3392 2292 3462 Alligatus
2337 3395 2408 3446 ad
2448 3394 2603 3448 vitem
2628 3396 2831 3464 pullum
2862 3413 3016 3451 suum
3050 3398 3116 3463 ",
3147 3413 3361 3469 praepa-

1783 3500 1917 3541 rans
1946 3499 2140 3553 nempe
2172 3493 2360 3553 gentes
2392 3485 2462 3540 ad
2505 3487 2871 3556 apostolorum
2913 3490 3358 3559 praedicationem

1781 3578 1968 3632 animo
2000 3577 2273 3646 morigero
2308 3576 2710 3649 excipiendam,
2761 3591 2809 3634 et
2852 3583 2922 3636 ad
2978 3583 3193 3638 Itelicem
3240 3585 3361 3638 vitis

1782 3673 1987 3725 asinam
2008 3685 2163 3724 suam
2189 3668 2275 3721 “:
2315 3670 2569 3741 quoniam
2599 3686 2703 3727 non
2732 3681 2940 3729 tantum
2978 3677 3246 3746 gentibus,
3266 3676 3361 3730 sed

88 3762 282 3823 Judaais
340 3784 579 3839 quoque,
641 3773 750 3827 imo
815 3783 870 3827 et
928 3773 1061 3842 ipsis
1115 3772 1289 3842 prius,
1368 3770 1539 3825 divini
1593 3767 1673 3822 illi
1748 3765 2132 3836 mysteriorum
2176 3763 2588 3833 dispensatores
2648 3766 2893 3821 salutare
2952 3767 3363 3834 praedicationis

90 3867 311 3920 verbum
369 3877 795 3937 proposuerunt.

155 3997 229 4053 Z'.
262 4001 329 4053 Τί
351 3997 445 4055 οὖν
472 4004 505 4074 ἡ
555 4002 949 4075 θεοχαρίτωτος
975 4006 1072 4060 καὶ
1118 4004 1249 4074 ἀγία
1282 4003 1468 4071 ἐκείνη
1512 4000 1666 4063 δυὰς,

93 4089 279 4159 Ἅννα,
319 4095 484 4165 φημὶ,
527 4097 622 4151 καὶ
667 4096 946 4168 Ἰωακεὶμ,
998 4097 1337 4152 ἀντιτιθέασι
1371 4098 1493 4159 ταῖς
1537 4096 1667 4163 ἀγε-

96 4182 316 4250 ρωχίαις
346 4185 445 4238 τοῦ
488 4185 801 4251 ἀδικοῦντος
833 4190 933 4253 τὰς
982 4187 1119 4253 ίδίας
1161 4186 1420 4256 εὐλόγους
1460 4187 1663 4250 αἰτίας,

94 4273 181 4323 καὶ
223 4277 543 4330 συνιστάναι
591 4279 821 4342 ἑαυτοὺς
876 4281 1125 4349 κρεῖττον
1171 4279 1383 4332 ἐκείνου
1434 4276 1667 4330 σπουδά-

1847 3992 1963 4049 Vll.
2007 3992 2149 4060 Quid
2208 3993 2415 4064 igitur?
2459 3991 2597 4047 Num
2654 3992 2764 4047 Deo
2823 3995 3031 4064 accepti
3082 4006 3139 4051 et
3184 3999 3359 4053 sancti

1776 4087 2053 4156 conjuges,
2084 4088 2238 4139 Anna
2273 4087 2494 4155 inquam
2516 4096 2572 4139 et
2597 4084 2871 4151 Joacbim,
2906 4089 3233 4157 arrogantia:
3269 4103 3360 4144 ca-

1777 4177 2120 4231 luinniatoris
2163 4177 2244 4231 sui
2291 4177 2574 4244 propriam
2624 4188 2907 4243 opponunt
2948 4192 3181 4248 eamque
3219 4180 3361 4248 opti-
3440 4238 3443 4239 ν

1777 4284 1918 4321 mam
1951 4268 2214 4323 causam?
2238 4282 2368 4320 num
2401 4266 2543 4320 tueri
2599 4280 2719 4321 sese
2758 4278 2813 4322 et
2854 4271 3237 4326 commendare
3275 4273 3361 4325 ni-

94 4362 259 4429 ζουσι,
295 4367 467 4422 πολλὰ
508 4370 578 4423 τὰ
611 4372 690 4434 εἰς
734 4372 894 4425 τοῦτο
942 4372 1287 4425 συντείνοντα
1326 4369 1542 4441 ἔχοντες
1575 4367 1666 4421 εῦ-

1847 4370 1981 4423 ullll',
2014 4375 2135 4414 cum
2169 4359 2372 4429 potiori
2406 4358 2461 4413 id
2492 4358 2615 4425 jure
2647 4373 2756 4428 pra:
2793 4359 2886 4415 illo
2915 4372 3159 4428 possent,
3190 4362 3360 4418 multa

94 4465 255 4523 Aera;
297 4461 582 4531 Μηδαμῶς
605 4480 618 4493 ·
658 4463 795 4517 ἀλλὰ
842 4464 1118 4535 δριμείαις
1150 4465 1247 4535 μὲν
1280 4464 1375 4517 καὶ
1412 4462 1670 4533 πικροτά-

93 4561 207 4611 ταις
258 4551 357 4622 τὴν
402 4554 633 4625 καρδίαν
696 4555 913 4619 ὀδύναις
984 4555 1551 4627 κατατιτρώσκονται,
1607 4555 1669 4607 οὐ

92 4641 337 4697 τοσοῦτον
374 4644 464 4699 διὰ
504 4647 596 4699 τὸν
642 4648 887 4719 ἔλεγχον,
925 4650 1051 4706 ὅσον
1084 4650 1174 4703 διὰ
1218 4649 1277 4702 τὸ
1317 4648 1669 4719 ἁπρόσδεκτα

96 4736 271 4798 μεῖναι
301 4738 369 4790 τὰ
399 4738 570 4810 δῶρα,
617 4741 712 4793 καὶ
744 4740 841 4812 τὴν
868 4744 932 4794 ὲκ
964 4740 1100 4794 Θεοῦ
1134 4741 1274 4794 κατά
1303 4741 1367 4793 τὸ
1406 4740 1667 4810 φαινόμε-

94 4839 176 4873 νον
204 4825 539 4898 ἀποσόϐησιν
565 4845 578 4859 ·
613 4831 791 4901 ἡσυχῆ
816 4829 861 4883 δ’
900 4830 1050 4900 ὅμως
1079 4829 1175 4884 καὶ
1198 4831 1420 4903 πραέως
1448 4831 1667 4883 στένον-

94 4928 175 4975 τες
201 4918 291 4970 καὶ
322 4919 653 4990 δακρύοντες
688 4922 1125 4991 ὑποστρέφουσιν
1168 4922 1354 4975 οἴκαδε
1374 4940 1387 4952 ·
1420 4922 1522 4995 ἤδη
1550 4922 1661 4993 γὰρ

94 5003 266 5068 αὐτοῖς
311 5011 372 5062 τὸ
415 5011 509 5065 τοῦ
558 5012 699 5066 κατά
741 5014 921 5083 σάρκα
969 5015 1238 5083 ἀπογόνου
1268 5014 1509 5086 Χριστοῦ
1532 5033 1667 5069 κατ-

93 5094 295 5163 ηύγαςε
345 5102 594 5174 θέλημα*
633 5106 740 5170 Ὃς
790 5105 1257 5176 λοιδορούμενος
1290 5147 1306 5174 ,
1373 5110 1484 5161 οὐκ
1530 5108 1668 5161 ἀντ-

97 5191 391 5262 ελοιδόρεν
416 5197 693 5267 πάσχων,
723 5198 835 5252 οὐκ
856 5197 1113 5267 ἠπείλειο
1132 5190 1193 5251 οῦ
1216 5199 1310 5251 καὶ
1336 5199 1424 5252 διὰ
1440 5200 1662 5252 Ἡσαΐου

96 5276 318 5350 βοῶντος
372 5288 641 5361 πρότερον
700 5289 927 5361 ἤκουον’
972 5290 1103 5344 Ἐπὶ
1154 5291 1291 5343 τίνα
1334 5292 1661 5361 ἐπιϐλέψω,

1775 4450 2003 4513 scilicet,
2033 4465 2156 4520 quae
2196 4451 2301 4504 buc
2337 4457 2689 4519 spectarent,
2727 4451 2987 4520 praeclara
3039 4452 3105 4507 ad
3142 4468 3361 4510 manum

1778 4545 2079 4601 habentes?
2111 4544 2470 4612 Nultatenus;
2506 4545 2600 4600 sed
2633 4546 2847 4602 acerbis
2880 4561 3012 4603 sane
3044 4550 3361 4620 amarisque

1776 4635 2125 4689 doloribusin
2150 4636 2316 4690 corde
2338 4650 2439 4691 suo
2462 4636 2867 4705 excruciantur,
2902 4654 3009 4695 non
3041 4648 3149 4694 tam
3186 4641 3258 4695 ob
3295 4640 3359 4693 il-

1777 4726 1943 4780 latmn
1972 4727 2073 4781 sibi
2106 4727 2392 4796 probrum,
2426 4742 2588 4797 quam
2633 4729 2778 4799 quod
2812 4728 2995 4784 oblata
3050 4732 3191 4785 dona
3248 4744 3357 4784 non

1775 4818 2008 4873 fuissent
2048 4828 2301 4887 suscepta
2324 4859 2340 4884 ,
2377 4830 2542 4889 atque
2588 4822 2723 4876 adeo
2753 4822 2918 4876 etiam
2946 4837 2976 4875 a
3028 4823 3158 4887 Deo,
3197 4832 3360 4891 prout

1769 4911 1938 4965 videri
1976 4918 2213 4981 poterat,
2234 4911 2613 4982 rejicerentur.
2648 4912 2969 4983 Tranquillo
2997 4912 3358 4969 nihilominus

1770 5011 2164 5072 mansuetoque
2198 5004 2400 5075 gemitu
2442 5020 2505 5061 ac
2556 5004 2685 5061 ﬂetu
2721 5020 2841 5059 sese
2872 5006 3211 5061 continentes
3256 5006 3359 5063 dos

1770 5108 1921 5148 mum
1957 5106 2325 5152 revertuntur.
2364 5096 2483 5151 Jam
2519 5098 2663 5153 enim
2700 5113 2888 5153 eorum
2921 5098 3197 5153 mentibus
3231 5098 3357 5153 illu-

1771 5187 2032 5241 cescebat
2053 5188 2303 5244 voluntas
2320 5190 2516 5245 Christi
2546 5191 2783 5261 ipsorum
2809 5191 3106 5246 secundum
3132 5206 3354 5246 carnem

1775 5280 2006 5347 nepotis,
2046 5280 2149 5345 Qui
2200 5298 2319 5335 cum
2369 5282 2790 5348 malediceretur,
2834 5297 2938 5336 non
2980 5281 3353 5343 maledicebat;

164 5453 654 5544 :Gennxy},
720 5464 929 5544 [μήὸ.
971 5463 1003 5519 8
1038 5484 1051 5519 z
1086 5464 1251 5544 fIuda,
1297 5476 1345 5521 te
1405 5468 1698 5526 laudabunt
1768 5474 1961 5544 fratres
2011 5478 2355 5533 tui:manus
2405 5488 2510 5534 tua:
2561 5481 2617 5535 in
2668 5480 2950 5537 cervicibus
3020 5482 3354 5536 inimicorum

103 5530 321 5611 tito-rum.
394 5530 587 5611 Ibid.
680 5536 931 5611 :Eﬂ'usus
969 5552 1020 5589 es
1046 5540 1187 5611 sicut
1223 5530 1395 5601 aqua;
1444 5556 1565 5611 non
1597 5530 1821 5611 cresca's,

180 5593 283 5679 isti.
311 5615 383 5673 Ix,
408 5604 470 5673 2;
504 5603 693 5663 Matth.
738 5590 815 5674 iii,
869 5607 951 5660 16.
1044 5607 1083 5637 ¹¹
1126 5590 1280 5662 Gen.‘
1314 5590 1666 5676 χιῖκξνίοίη

1852 5590 2009 5677 αἶ”ὀῗ
2062 5590 2873 5679 vitam???mare;

106 5659 147 5691 ”
179 5665 306 5723 ibid.

2848 5553 2945 5608 tui.
3021 5553 3044 5585 ⁹
3087 5553 3221 5607 Ibid.
3262 5550 3348 5605 10.

3014 5624 3054 5657 ’⁸
3092 5624 3227 5679 ibitl.
3261 5621 3286 5673 1
3302 5625 3348 5677 ί.

1884 5549 2009 5617 quia
2062 5551 2348 5603 ascendiin
2397 5550 2569 5604 cubile
2610 5551 2776 5618 patris
