3928 6246
313 287 448 352 1359

1419 281 1644 343 PETRI
1691 281 2058 345 ARGORUM
2104 279 2438 342 EPISCOPI

3436 265 3572 332 1360

310 425 426 464 cum
455 412 744 478 pateretur,
769 421 871 459 non
903 400 1320 456 comminabatur
1345 400 1426 454 ‘7?
1449 416 1608 471 quem
1643 411 1698 454 et
1730 408 1888 453 antea

2000 396 2128 451 ἀλλ’
2161 395 2199 464 ἢ
2232 394 2330 448 ἐπὶ
2363 394 2468 448 τὸν
2499 390 2685 462 πρᾶον
2727 391 2825 447 καί
2859 390 3121 461 ἡσύχιον
3149 387 3247 442 καί
3279 384 3572 457 τρέμοντα

313 513 406 568 per
441 497 634 552 Isaiam
657 495 986 550 clamantem
1028 490 1350 546 audiveram
1379 509 1393 545 :
1430 491 1510 543 Ad
1547 506 1698 560 quem
1730 489 1891 556 respi-

310 591 468 655 ciam,
501 587 602 641 nisi
636 587 705 640 ad
728 593 1078 648 mansuetum,
1113 591 1163 638 et
1190 581 1558 653 tranquillum,
1588 592 1635 636 et
1671 592 1892 636 tremen-

312 691 414 735 tem
453 694 715 734 sermones
763 692 905 729 meos
958 674 1044 726 ‘3?

388 769 515 822 VIII.
543 769 676 823 Cum
709 782 840 821 vero
870 767 1088 818 domum
1121 767 1324 822 reversi
1359 758 1545 822 essent
1569 807 1584 831 ,
1620 765 1686 821 ad
1722 764 1888 819 Deum

311 874 483 918 semet
522 871 662 916 totos
689 871 1034 926 convertunt,
1070 876 1135 916 ac
1180 861 1406 930 reliquis
1447 859 1701 914 omnibus
1749 857 1892 912 votis

314 953 638 1026 posthabitis
667 954 770 1006 hoc
803 967 968 1006 unum
998 968 1063 1007 ac
1088 952 1260 1007 solum
1282 952 1348 1006 ab
1387 965 1452 1005 eo
1478 948 1800 1019 efﬂagitant,
1833 957 1891 1001 ut

312 1051 419 1104 sibi
447 1047 651 1116 prolem
679 1045 961 1114 largiatur,
993 1045 1046 1098 in
1081 1044 1396 1099 memoriam
1421 1042 1522 1113 ipsi
1558 1049 1889 1104 revocantes,

314 1154 513 1212 quanta
546 1139 613 1194 ab
646 1139 803 1193 initio
827 1137 1096 1192 mirabilia
1130 1136 1360 1203 fecerit;
1411 1133 1557 1203 quod
1605 1132 1893 1186 sterilitate

313 1234 523 1287 sublata
553 1231 846 1283 liberorum
891 1236 1073 1296 patres
1102 1225 1377 1290 effecerit;
1413 1231 1546 1294 quot;
1599 1222 1745 1277 omni
1798 1235 1894 1287 spe

314 1323 569 1395 gignendi
594 1321 797 1388 prolem
827 1333 1056 1388 prorsus
1087 1319 1401 1383 destitutos,
1435 1325 1721 1386 propterea
1750 1314 1892 1381 quod

315 1415 382 1469 ad
445 1425 743 1468 extremam
788 1410 1132 1464 devenissent
1184 1418 1555 1473 senectutem,
1590 1408 1704 1474 ipse
1737 1406 1894 1459 exhi-

315 1505 514 1567 buerit,
562 1514 620 1556 nt
655 1503 734 1556 sic
770 1516 836 1554 ex
879 1499 1102 1553 molesta
1134 1499 1369 1567 quadam
1417 1513 1481 1552 ac
1515 1497 1654 1552 tristi
1702 1496 1894 1550 condi-

319 1596 463 1649 tione
491 1595 555 1646 ad
588 1593 749 1646 vitam
782 1591 970 1647 latitia
1000 1589 1213 1657 plenam
1232 1603 1297 1643 ac
1327 1585 1896 1655 suavitatejucundis—

314 1690 507 1743 simam
539 1685 878 1740 transferret.

1992 486 2135 552 τοὺς
2157 489 2381 554 λόγους
2399 501 2519 556 μου
2543 501 2562 547 ;

2065 762 2146 816 Η’.
2179 759 2405 831 Ἐπειδὴ
2433 759 2802 831 ὑπέστρεψαν,
2829 759 2984 822 ὅλους
3012 759 3150 830 πρὸς
3178 756 3314 813 Θεὸν
3341 759 3569 819 ἑαυτοὺς

1994 851 2417 922 ἐπιστρέφουσιν
2442 868 2457 883 ο
2507 852 2602 906 καὶ
2645 853 2823 906 πάντα
2854 851 3126 917 λιπόντες,
3169 849 3227 903 ἓν
3273 851 3433 903 τοῦτο
3477 849 3570 902 καὶ

1996 943 2157 1014 μόνον
2183 941 2418 1007 αἰτοῦσι,
2445 940 2614 995 παῖδα
2643 941 2828 1003 αὐτοῖς
2863 939 3219 1010 χαρίσασθαι,
3253 937 3570 1007 ὑπομιμνή-

1996 1053 2220 1099 σκοντος
2247 1034 2409 1088 αὐτὸν
2453 1035 2556 1087 ὅσα
2581 1033 2904 1105 παραδόξως
2949 1031 3248 1101 πεποίηκεν
3286 1030 3344 1096 ἐξ
3370 1028 3569 1100 ἀρχῆς,

1992 1129 2134 1183 ὅσων
2162 1127 2260 1198 τὴν
2293 1127 2581 1196 στείρωσιν
2607 1125 2794 1188 λύσας,
2829 1123 3036 1178 παίδων
3064 1124 3312 1192 πατέρας
3336 1120 3570 1191 ὀφθῆναι

1995 1219 2330 1290 πεποίηκενο
2359 1218 2519 1281 ὅσους
2553 1216 3003 1284 ἀπηνωσθέντας
3032 1214 3120 1267 διὰ
3147 1214 3209 1266 τδ
3230 1215 3309 1277 είς
3341 1212 3571 1282 ἔσχατον

1994 1312 2171 1380 γῆρας
2203 1311 2551 1380 ἐληλακέναι,
2596 1312 2726 1381 παρ’
2777 1310 2998 1370 ἐλπίδας
3031 1306 3383 1374 τεκνογονίας
3424 1320 3572 1375 παρο

1995 1403 2186 1473 έσχετο
2211 1421 2225 1434 ·
2244 1404 2392 1466 ὅπως
2415 1403 2476 1466 ἐξ
2501 1403 2769 1472 ὀδυνηρᾶς
2794 1419 2940 1464 τινος
2972 1403 3067 1454 καὶ
3099 1399 3377 1469 κατηφοῦς
3389 1396 3570 1450 διαθέ-

1997 1512 2134 1557 σεως
2159 1495 2296 1566 πρὸς
2336 1495 2677 1567 εὐφροσύνης
2709 1496 2990 1566 μετήγαγε
3033 1493 3147 1563 βίον
3178 1492 3271 1546 καὶ
3301 1490 3572 1562 θυμηδίας

1994 1586 2300 1640 ἀνάπλεων.

384 1775 474 1830 IX.
500 1775 654 1829 Hunc
686 1775 735 1828 in
767 1773 986 1827 modum
1012 1779 1175 1825 noctu
1196 1769 1394 1840 diuque
1416 1769 1591 1825 enixis
1611 1768 1676 1822 ad
1705 1768 1892 1826 Deum,

2069 1769 2144 1824 8'.
2171 1769 2326 1823 Οὕτω
2348 1772 2504 1823 νυκτὶ
2533 1771 2626 1822 καὶ
2656 1771 2843 1842 ἡμέρᾳ
2869 1769 2946 1839 τῷ
2972 1773 3070 1839 τῆς
3101 1771 3342 1840 δεήσεως
3365 1769 3471 1823 τῶν
3501 1770 3573 1822 διο

316 1870 406 1936 qui
435 1866 705 1935 iustorum
730 1876 849 1919 vota
888 1879 994 1917 non
1027 1864 1278 1930 despicit,
1315 1862 1567 1932 precibus
1624 1875 1727 1914 una
1773 1875 1893 1913 cum

315 1957 538 2028 jejuniis
577 1967 741 2025 atque
775 1955 923 2009 omni
966 1955 1107 2008 bono
1140 1968 1323 2020 opere,
1376 1953 1718 2006 incessanter
1762 1949 1896 2002 insi—

318 2059 510 2114 stunt;
544 2059 703 2116 atque
739 2047 1018 2115 adjiciunt,
1049 2045 1092 2098 si
1131 2043 1237 2097 voti
1273 2053 1551 2111 compotes
1593 2041 1743 2105 fiant,
1790 2040 1898 2094 Deo

319 2140 580 2194 tribuenti
617 2154 672 2192 se
705 2139 867 2200 dono,
901 2135 1162 2205 quidquid
1196 2134 1566 2202 accepissent,
1595 2131 1895 2186 oblaturos.

320 2231 608 2285 Exanilivit
643 2229 807 2293 Deus,
844 2229 932 2295 qui
965 2241 1153 2297 preCrs
1178 2235 1322 2279 ratas
1351 2225 1554 2279 habens
1577 2223 1898 2277 voluntatem

267 2376 270 2380 ,
317 2317 613 2371 timentium
641 2333 695 2368 se
729 2317 854 2383 facit
876 2315 941 2378 ¹⁹,
970 2325 1022 2368 et
1054 2329 1214 2382 prope
1251 2324 1325 2366 est
1353 2312 1714 2366 invocantibus
1746 2311 1899 2364 illum

317 2413 372 2464 in
405 2413 623 2463 raritate
647 2409 713 2462 ¹⁰.
749 2406 812 2459 Et
858 2423 989 2462 sane
1012 2421 1106 2460 eos
1143 2421 1246 2459 non
1281 2406 1554 2472 genitores
1585 2415 1899 2471 utcumque,

315 2502 410 2556 sed
496 2499 835 2570 genitoribus
907 2497 1162 2551 omnibus
1237 2496 1642 2566 prmstantiores
1713 2494 1898 2550 elIicit.

315 2595 533 2660 Quanto
564 2591 708 2646 enim
737 2589 962 2656 reliquis
991 2587 1246 2641 omnibus
1283 2587 1468 2641 liberis
1500 2587 1613 2640 haec
1661 2585 1900 2654 ipsorum

315 2687 424 2739 tilia
454 2682 905 2754 superexcellnit,
942 2689 1092 2732 tanto
1129 2679 1208 2732 illi
1241 2679 1522 2748 quibusvis
1569 2678 1905 2747 genitoribus

314 2773 774 2845 pnecellentiores
803 2773 1122 2841 probantur.
1159 2770 1225 2824 Et
1262 2787 1320 2825 re
1346 2772 1564 2839 quidem
1600 2784 1726 2823 vera
1781 2783 1902 2822 cum

316 2866 477 2921 morti
503 2873 559 2918 et
599 2863 935 2933 corruptioni
973 2875 1194 2934 propter
1215 2873 1499 2932 peccatum
1530 2862 1775 2929 subacti,
1825 2862 1904 2915 in-

315 2962 651 3031 digeremus,
702 2966 760 3011 ut
814 2958 956 3012 Deus
1008 2973 1229 3012 carnem
1278 2966 1519 3012 nostram
1563 2963 1900 3028 assumeret;

314 3063 588 3122 oporteret
612 3063 814 3113 autem,
855 3060 912 3102 nt
964 3065 1081 3119 qua:
1117 3060 1223 3103 tam
1256 3048 1561 3103 admirandi
1593 3048 1771 3115 operis
1807 3046 1902 3099 ad-
1927 3084 1971 3142 α

317 3144 567 3198 ministra
590 3141 750 3206 foret,
771 3142 1113 3211 quippequ
1139 3140 1295 3210 (proh
1327 3139 1584 3209 mirum!)
1610 3139 1700 3192 Dei
1729 3147 1900 3191 mater

315 3236 498 3288 futura
527 3245 666 3295 erat,
706 3232 994 3286 universos
1033 3231 1282 3285 homines
1314 3231 1551 3298 puritate
1605 3227 1900 3283 antecelle-

316 3338 429 3393 ret;
456 3341 677 3381 necesse
706 3324 952 3394 profecto
983 3333 1120 3388 erat,
1142 3333 1199 3376 ιιι
1225 3331 1480 3391 parentes
1514 3337 1727 3392 quoque
1757 3320 1902 3388 ejus—

317 3419 441 3471 dem
491 3415 757 3485 Deiparze,
803 3424 988 3484 utpote
1040 3413 1154 3476 Dei,
1191 3429 1313 3483 qua:
1363 3428 1430 3467 ex
1461 3411 1550 3466 illa
1590 3412 1900 3466 nasciturus

314 3517 432 3562 crat
461 3509 862 3577 progenitores,
897 3507 1018 3559 aliis
1053 3505 1369 3574 parentibus
1406 3504 1897 3573 superemincrent.

316 3596 506 3667 Neque
541 3599 681 3650 enim
710 3610 796 3649 res
829 3596 1060 3656 ferebat,
1095 3605 1153 3648 ut
1180 3604 1271 3648 aut
1299 3595 1522 3648 alterius
1547 3611 1706 3662 quam
1741 3595 1899 3660 hujus

314 3689 391 3745 illi
424 3699 679 3758 parentes
718 3697 924 3753 essent,
955 3687 1295 3742 autaliorum
1324 3702 1484 3756 quam
1527 3687 1753 3740 istorum
1787 3686 1901 3739 bzec

313 3782 421 3838 filia
473 3782 866 3835 nominaretur.

386 3874 455 3928 Χ.
479 3872 653 3928 llodie
675 3882 961 3942 propterea
979 3872 1248 3926 universae
1296 3881 1558 3926 creatura:
1587 3870 1780 3940 gaudio
1805 3885 1898 3940 ge-

312 3966 500 4033 stiunt,
525 3976 580 4019 et
621 3973 813 4016 natura
835 3975 1019 4016 nostra
1059 3963 1232 4017 laudis
1259 3973 1312 4017 et
1336 3963 1632 4030 gratiarum
1665 3963 1898 4016 actionis

310 4073 474 4112 \oces
508 4057 574 4110 ad
613 4056 778 4110 Deum
803 4056 1024 4120 attollit,
1055 4057 1310 4124 inquiens
1343 4054 1604 4110 :Gratias
1631 4054 1726 4108 tibi
1758 4070 1886 4124 ago,

309 4147 729 4212 l)umine,qnod
776 4160 883 4211 me,
912 4161 1032 4215 qua:
1084 4145 1285 4201 sterilis
1315 4160 1465 4198 erant
1519 4160 1582 4199 ac
1637 4145 1892 4214 gignendi

313 4237 512 4305 impos,
560 4237 625 4289 ad
673 4236 912 4289 sobolem
959 4237 1348 4304 procreandam
1399 4235 1646 4289 excitasti
1699 4252 1712 4287 :
1752 4237 1894 4304 quod

313 4331 517 4396 apinas,
550 4331 751 4398 quibus
785 4329 1157 4398 germinandis
1191 4329 1444 4382 damnata
1477 4326 1710 4392 fueram,
1752 4329 1895 4381 avcl-

311 4422 422 4478 lere
459 4437 489 4474 a
533 4434 618 4474 me
651 4422 886 4490 cwpisti,
939 4431 995 4476 et
1043 4421 1109 4475 ad
1158 4421 1462 4491 plantarum
1488 4419 1758 4473 culturam
1797 4434 1894 4488 per

311 4524 548 4578 divinam
584 4525 791 4577 Annam
811 4536 866 4578 et
892 4522 1136 4578 Joacbim
1160 4538 1244 4577 me
1262 4532 1441 4593 aptam
1467 4521 1724 4576 effecisti.
1751 4522 1889 4576 Gra-

310 4617 414 4670 tias
445 4630 548 4684 ago
585 4615 701 4677 tibi,
731 4614 821 4682 qui
864 4629 949 4667 me
980 4613 1282 4682 castigasti,
1303 4621 1468 4681 atque
1499 4612 1695 4665 iterum
1731 4610 1890 4663 hodie

309 4706 560 4775 suscipis.
593 4706 732 4771 Quid
759 4705 1052 4759 retribuam
1089 4704 1317 4772 tibi,qui
1354 4718 1438 4756 me
1469 4702 1535 4756 ad
1569 4701 1888 4770 pariendum

308 4800 364 4852 in
391 4799 664 4852 doloribus
695 4806 914 4866 propter
944 4796 1444 4864 prarvaricationem
1486 4794 1629 4863 juste
1665 4793 1889 4845 damna-

309 4888 416 4952 sti;
451 4903 514 4941 ac
543 4889 736 4940 deinde
768 4902 863 4955 per
894 4886 1039 4938 hunc
1075 4894 1290 4952 partum
1322 4884 1515 4937 iterum
1542 4882 1718 4936 fausta
1753 4897 1886 4950 gau-

306 4977 379 5032 dii
429 4977 613 5029 nuntia
659 4975 835 5044 (mihi)
879 4974 1117 5043 prabes?
1153 4973 1310 5026 Nunc
1349 4973 1402 5026 in
1439 4973 1610 5026 Anna:
1639 4981 1796 5026 utero
1819 4987 1883 5025 ex

305 5069 448 5122 edita
475 5083 618 5133 rosa,
646 5066 841 5131 Maria,
864 5066 1110 5134 inquam,
1145 5079 1347 5128 meum,
1369 5063 1460 5132 qui
1482 5075 1566 5117 est
1593 5077 1658 5116 ex
1691 5077 1886 5116 corru-

302 5164 512 5229 ptione.
557 5160 784 5216 fetorem
815 5175 845 5214 e
893 5159 1074 5214 medio
1105 5157 1266 5220 tollit,
1309 5173 1575 5226 suumque
1607 5158 1718 5225 ipsa
1749 5159 1884 5210 odo-

305 5267 419 5304 rem
457 5251 722 5317 tribuens,
778 5252 974 5306 divina:
1019 5251 1400 5306 exsultatiouis
1447 5250 1765 5318 participem
1801 5265 1885 5304 me

302 5342 482 5397 ellicit.
503 5343 608 5398 Per
638 5345 917 5399 mulierem
953 5345 1227 5414 hucusque
1251 5345 1362 5412 ipsa
1399 5343 1721 5413 inl'elix,per
1751 5360 1883 5396 mn—

301 5433 489 5488 lierem
521 5439 682 5490 modo
710 5439 865 5490 beata
898 5436 1094 5490 effecm
1149 5451 1288 5490 sum.
1334 5435 1548 5503 Inipleri
1599 5435 1740 5488 enim
1772 5450 1877 5488 coe-

304 5526 450 5593 pisse
477 5527 590 5596 jam
627 5529 808 5594 video,
833 5544 954 5596 qua:
981 5529 1049 5582 de
1082 5537 1134 5581 te
1164 5542 1258 5598 per
1282 5527 1569 5595 prophetas
1596 5536 1716 5580 tuos
1748 5542 1882 5593 pra:-

1998 1863 2168 1915 καίων
2213 1862 2333 1932 Θεῷ
2365 1861 2703 1915 είσακούοντι
2743 1862 3102 1925 ἀδιαλείπτως
3135 1861 3274 1932 μετὰ
3299 1862 3572 1930 ,νηστειῶν

1998 1955 2093 2005 καὶ
2149 1954 2331 2023 πάσης
2377 1954 2665 2017 εὐποιίας,
2722 1957 2843 2017 ταῖς
2896 1954 3198 2017 ἀνενδότοις
3250 1953 3574 2024 σχολάζουσι

1998 2047 2331 2116 προσευχαῖς
2353 2063 2366 2075 ·
2408 2045 2504 2098 καὶ
2539 2045 2949 2114 προστιθέασιν,
2984 2046 3060 2108 ὡς
3090 2048 3137 2098 εί
3175 2045 3271 2098 τοῦ
3311 2045 3572 2114 αἰτουμέ-

2000 2151 2090 2190 νου
2119 2134 2353 2204 τύχοιεν,
2377 2137 2687 2205 προσάξωσι
2707 2137 2878 2206 δῶρον
2895 2136 2970 2206 τῷ
2995 2137 3251 2189 δεδωκότι
3278 2135 3416 2204 Θεῷ.
3448 2137 3575 2188 Εἰσ-

2001 2230 2234 2298 ήκουσεν
2263 2230 2295 2280 ό
2324 2227 2556 2297 θέλημα
2585 2227 2703 2281 τῶν
2747 2227 3339 2297 φοϐουμένων-αὐτὸν
3363 2225 3572 2287 ποιῶν,

2001 2319 2098 2372 καὶ
2125 2317 2223 2387 τῆς
2252 2318 2490 2388 δεήσεως
2539 2318 2720 2372 αὐτῶν
2754 2312 3058 2373 εἰσακούων
3089 2319 3240 2381 Θεὸς.
3277 2321 3309 2372 ὀ
3351 2318 3474 2383 τοῖς
3503 2317 3582 2370 ἐν

2002 2411 2255 2477 ἀληθείᾳ
2294 2410 2794 2479 ἐπικαλουμένοις
2841 2411 3028 2466 αὑτὸν
3054 2412 3311 2482 ἐγγίζων.
3346 2411 3456 2464 Καὶ
3509 2409 3576 2480 δὴ

2003 2501 2102 2571 οὐχ
2124 2501 2311 2565 ἁπλῶς
2332 2505 2532 2570 γονεῖς,
2560 2503 2674 2555 ἀλλ’
2698 2504 2953 2558 ἁπάντων
2979 2504 3346 2574 ὑπερέχοντας
3363 2503 3577 2556 δείκνυ-

2006 2611 2089 2648 σιν
2109 2611 2122 2622 ·
2157 2595 2266 2665 ὅσῳ
2294 2595 2404 2664 γὰρ
2429 2594 2536 2647 τῶν
2569 2594 2746 2648 ἄλλων
2772 2595 2978 2649 παίδων
3012 2598 3045 2665 ἡ
3075 2595 3281 2648 τούτων
3306 2593 3578 2664 ἁσυγκρί-

2003 2702 2110 2750 τως
2135 2686 2599 2756 ὐπερανέστηκεν,
2627 2687 2871 2758 τοσούτῳ
2903 2687 3009 2740 τῶν
3037 2689 3378 2759 γεννητόρων
3411 2688 3582 2742 ἁπάνο
3677 2719 3684 2722 -

2003 2793 2112 2830 των
2178 2771 2328 2832 οὗτοι
2402 2779 2762 2850 γνωρίζονται
2827 2779 3178 2851 προύχοντες.
3251 2780 3405 2832 Ἐπεὶ
3465 2779 3580 2849 γὰρ

2004 2869 2310 2940 ὲλεήθημεν
2338 2870 2476 2923 Θεοῦ
2507 2870 2903 2940 σαρκουμένου,
2931 2872 3018 2925 διὰ
3051 2874 3151 2942 τὴν
3179 2871 3452 2941 ἁμαρτίαν
3481 2871 3582 2921 θα-

2003 2963 2151 3034 νάτῳ
2189 2964 2622 3035 κατακριθέντες
2663 2964 2758 3016 καὶ
2799 2967 2867 3036 τῇ
2911 2965 3106 3036 φθορᾷ,
3149 2965 3256 3020 ἔδει
3301 2966 3356 3018 δὲ
3391 2965 3489 3034 τὴν
3519 2964 3580 3017 τὸ

2005 3059 2245 3112 τοιοῦτον
2279 3059 2570 3128 μεγαλεῖον
2601 3062 3007 3132 διακονήσασαν
3043 3061 3327 3131 κρείττονα
3357 3063 3580 3114 πάντων

2002 3150 2308 3221 ἀνθρώπων
2335 3153 2602 3223 ὑπάρχειν
2627 3154 2707 3215 είς
2744 3152 3115 3224 καθαρότητα,
3160 3153 3236 3215 ὡς
3277 3153 3579 3220 γενησομέ-

2001 3260 2122 3314 νην,
2155 3241 2200 3296 ῶ
2243 3242 2337 3296 τοῦ
2383 3243 2685 3311 θαύματοςί
2720 3244 2948 3314 Μητέρα
2991 3242 3126 3295 Θεοῦ
3152 3257 3164 3270 ·
3209 3241 3318 3294 ἔδει
3359 3245 3579 3308 πάντως

2001 3337 2095 3389 καὶ
2117 3336 2242 3398 τοὺς
2265 3332 2469 3404 ταύτης
2489 3337 2821 3406 γεννήτορας
2844 3334 3132 3397 Θεοτόκου,
3156 3332 3230 3396 ὡς
3257 3332 3368 3387 τῶν
3398 3332 3580 3386 ἄλλων

2001 3421 2141 3480 εἶναι
2175 3427 2514 3497 κρείττονας,
2563 3425 2698 3478 Θεοῦ
2733 3425 2828 3478 τοῦ
2869 3425 2930 3489 ἐξ
2969 3425 3142 3494 αὐτῆς
3167 3423 3577 3494 τεχθησομένου

2001 3520 2379 3591 προπάτορας.
2407 3519 2480 3572 Οὐ
2515 3517 2626 3589 γὰρ
2652 3517 2812 3571 ἄλλου
2840 3516 2969 3586 ἐξῆν
2989 3517 3023 3586 ἢ
3054 3515 3257 3586 ταύτης
3303 3512 3441 3568 εἶναι.
3471 3533 3573 3568 πα-

1999 3609 2164 3681 τέρας
2187 3610 2449 3674 ὲκείνους,
2472 3610 2595 3664 οὐδὲ
2627 3609 2832 3679 ταύτην
2860 3609 3038 3664 ἄλλων
3061 3607 3338 3679 Θυγατέρα
3365 3608 3398 3679 ἥ
3433 3611 3578 3662 ὲκεί-

2000 3719 2106 3755 νων
2136 3703 2530 3772 ὀνομασθῆναι.

2071 3869 2122 3923 l'.
2156 3870 2254 3923 Διὰ
2283 3871 2442 3924 τοῦτο
2458 3873 2635 3942 χαρᾶς
2653 3871 2722 3924 τὰ
2751 3871 3044 3941 σύμπαντα
3070 3873 3273 3942 γέγηθε
3312 3875 3573 3946 σήμερον,

1999 3964 2094 4016 καὶ
2123 3965 2156 4030 ή
2187 3963 2349 4031 φύσις
2367 3963 2525 4032 ἡμῶν
2542 3964 2934 4034 χαριστηρίους
2957 3966 3259 4035 προσφέρει
3292 3968 3476 4035 φωνὰς
3499 3968 3577 4038 τῷ

1998 4055 2138 4126 Θεῷ·
2167 4055 2491 4124 Εὐχαριστῶ
2522 4073 2626 4121 σοι,
2650 4059 2918 4124 Δέσποτα,
2945 4057 3198 4124 λέγουσα,
3225 4060 3304 4112 ὅτι
3336 4077 3402 4130 με
3431 4063 3580 4113 στεί-

2003 4163 2100 4214 ραν
2131 4141 2297 4200 οὖσαν
2332 4146 2426 4200 καὶ
2473 4146 2666 4218 ἄγονον
2702 4147 2839 4218 πρὸς
2868 4149 3217 4216 τεκνογονίαν
3247 4151 3529 4222 διήγειρας
3555 4169 3571 4182 ο

1996 4237 2079 4289 ὅτι
2125 4256 2226 4307 μου
2279 4238 2374 4302 τὰς
2421 4240 2521 4309 τῆς
2568 4241 2948 4309 κατακρίσεως
2994 4241 3239 4304 ἀκάνθας
3289 4243 3574 4313 καθαίρειν

1997 4329 2248 4398 ἀπήρξω,
2281 4331 2376 4383 καὶ
2406 4332 2543 4400 πρὸς
2579 4331 2914 4400 φυτουργίαν
2946 4333 3033 4386 διὰ
3065 4335 3164 4401 τῆς
3195 4333 3346 4398 θείας
3377 4337 3576 4405 Ἀννης

1998 4422 2212 4476 καὶτοῦ
2257 4424 2513 4495 Ἰωακεὶμ
2550 4424 2963 4495 καθωμάλισας.
3003 4427 3327 4497 Εὐχαριστῶ
3375 4445 3458 4482 σοι.
3495 4429 3576 4500 τῷ

1998 4515 2353 4569 παιδεύσαντι
2393 4517 2488 4570 καὶ
2528 4519 2691 4570 πάλιν
2722 4519 3266 4590 προσλαμϐανομένῳ
3310 4523 3570 4593 σήμερον.

1997 4606 2060 4658 Τί
2092 4607 2462 4661 ἀνταποδώσω
2495 4625 2576 4663 σοι
2609 4610 2686 4680 τῷ
2715 4613 2772 4663 ἐν
2799 4613 3002 4676 λύπαις
3031 4632 3097 4682 με
3120 4617 3325 4668 τίκτειν
3353 4618 3444 4669 διὰ
3472 4618 3574 4689 τὴν

1996 4700 2310 4769 παράϐασιν
2365 4702 2780 4771 κατακρίναντι,
2814 4705 2909 4757 καὶ
2948 4705 3111 4758 πάλιν
3147 4723 3214 4775 με
3237 4707 3322 4761 διὰ
3347 4708 3572 4762 τοκετοῦ

1995 4793 2172 4862 χαρᾶς
2209 4793 2685 4864 εὐαγγελιζομένῳ
2720 4796 3048 4867 μηνύματα;
3079 4799 3193 4850 Νῦν
3225 4799 3281 4866 ἐξ
3317 4801 3452 4870 ἐμοῦ
3478 4803 3571 4872 ῥά-

1993 4881 2082 4934 δον
2113 4883 2387 4951 προφανὲν
2415 4885 2449 4954 ἡ
2497 4886 2755 4956 Μαριὰμ,
2783 4888 2841 4940 ἐν
2873 4888 3029 4954 νηδύϊ
3070 4889 3168 4960 τῆς
3205 4891 3425 4962 Ἀννης,
3470 4895 3571 4964 τὴν

1993 4975 2057 5026 ἐκ
2095 4974 2302 5044 φθορᾶς
2351 4993 2454 5043 μου
2501 4976 2766 5030 δυσωδίαν
2816 4981 2880 5030 ὲκ
2934 4983 3098 5050 μέσου
3137 4986 3298 5048 ποιεῖ,
3329 4985 3422 5037 καὶ
3468 4988 3567 5054 τὴν

1991 5069 2192 5138 ἑαυτῆς
2214 5068 2442 5120 εὐωδίαν
2475 5069 2720 5134 διδοῦσα,
2759 5071 2908 5136 θείας
2935 5075 3313 5143 ἀγαλλιάσεως
3342 5079 3566 5147 μεταδί-

1989 5159 2122 5213 δωσι
2147 5175 2159 5188 ·
2192 5159 2280 5213 διὰ
2321 5162 2583 5227 γυναικὸς
2617 5163 2777 5234 μέχρι
2824 5165 2918 5218 τοῦ
2946 5166 3041 5220 νῦν
3084 5166 3248 5221 ἀθλία
3290 5167 3440 5236 ἐγιίν
3481 5169 3569 5222 διὰ

1990 5253 2247 5320 γυναικὸς
2280 5253 2406 5324 ἄρτι
2442 5257 2688 5324 μακαρία
2709 5257 3034 5328 γεγένημαι.
3068 5259 3212 5330 Ὀρῶ
3246 5262 3354 5332 γὰρ
3385 5263 3452 5315 τὰ
3481 5262 3568 5316 διὰ

1988 5342 2096 5395 τῶν
2128 5344 2236 5396 σῶν
2260 5346 2387 5414 περὶ
2416 5344 2508 5397 σοῦ
2532 5347 2829 5418 προφητῶν
2864 5349 3268 5420 προλελεγμένα
3291 5351 3564 5406 τελεῖσθαι

1988 5436 2290 5506 ἀρχόμενα,
2326 5440 2420 5492 καὶ
2462 5439 2525 5492 τὸ
2552 5439 2705 5504 τέλος
2734 5442 2940 5496 τούτων
2973 5445 3096 5498 ὅσον
3139 5445 3293 5499 οὐπω
3326 5446 3565 5500 κατιδεῖν

1989 5527 2388 5598 ἀπεκδέχομαι.

305 5621 547 5674 nuntiata
577 5632 727 5686 sunt,
764 5620 1173 5690 perfectumque
1203 5635 1390 5673 eorum
1421 5619 1628 5673 exitum
1651 5617 1873 5686 jamjzun
1915 5633 1998 5670 me
2027 5620 2261 5673 visuram
2281 5623 2577 5691 comperio.

375 5734 413 5765 "
457 5736 477 5790 l
512 5733 752 5802 P91l‘.ll,
794 5734 884 5790 25.
965 5736 1006 5766 ¹⁸
1047 5735 1145 5791 lsa.
1198 5749 1344 5801 LXVI,
1377 5733 1430 5788 2.
1513 5735 1552 5766 "
1591 5733 1791 5792 l’salm.
1847 5749 1893 5788 Cl

2000 5748 2022 5798 ',
2085 5735 2168 5790 19.
2250 5737 2293 5767 ²⁰
2333 5736 2585 5792 lltitl.18.
