3752 6232
153 212 309 282 1361

1098 214 1179 272 IN
1218 204 1803 273 CONCEPTIONEM
1840 203 1901 263 S.
1936 197 2162 261 ANN/E
2203 192 2505 256 ORATIO.

3290 177 3430 245 1362

243 320 346 383 IA’.
373 324 491 381 Νῦν
528 326 564 398 ή
600 324 741 382 κατὰ
766 324 859 379 τὸν
897 321 1129 377 Ἦσαταν
1158 320 1436 392 Παροέυος
1462 318 1664 385 ἕξουσα
1691 331 1750 367 σε
1779 319 1828 376 Α
1925 310 1938 365 ἶ

1938 310 2015 364 Kl.
2049 305 2205 361 Nunc
2241 305 2403 375 Virgo
2432 301 2545 367 illa,
2567 313 2687 370 quae
2722 294 3019 353 secundum
3053 291 3204 346 Isaiae
3236 304 3432 348 oracu-

147 420 265 474 τὸν
312 418 661 491 Ἐμμανουήλ
693 420 789 473 καί¹
816 416 1069 482 τέξουσα,
1097 414 1197 485 τῆς
1220 415 1325 484 γῆς
1350 413 1570 483 στείρας
1594 407 1751 478 νηδύϊ

153 510 497 580 φυτεύεται·
546 509 642 563 καὶ
685 510 719 580 ή
768 508 946 579 κούφη
978 506 1178 577 νεφέλη
1227 503 1541 557 συνίσταται
1589 498 1686 552 καὶ
1716 499 1753 570 ή

158 603 369 673 ῥάϐδος
399 601 665 675 ριζοῦται,
711 601 799 670 ἐφ’
828 594 862 673 ᾖ
898 597 1361 670 στηριχθήσομαι.
1388 590 1505 645 Νῦν
1538 593 1575 663 ή
1608 591 1752 646 κατὰ

155 694 440 755 ἀνατολὰς
493 692 636 746 κατὰ
668 692 762 744 τὸν
802 688 1069 760 Ἰεζεκιήλ
1112 688 1386 758 βλέπουσα
1443 685 1610 754 πύλη,
1657 683 1753 737 καί⁵

159 787 260 838 σοὶ
295 785 442 856 μόνῳ
469 784 787 856 τηρουμένη
828 783 966 853 πρὸς
992 783 1218 845 εἴσοδον,
1242 777 1748 842 κατασκευάζεται·

158 880 301 949 ἄρτι
325 877 385 930 τὸ
416 878 559 932 κατὰ
595 880 689 930 τὸν
713 876 915 944 Δανιὴλ
942 877 1069 946 ὅρος
1102 874 1417 941 αὐξάνεται,
1453 870 1514 935 ἐξ
1544 862 1603 923 οὗ
1630 869 1693 921 σὺ
1726 867 1755 920 ὁ

161 970 473 1035 ἁλάξευτος
507 969 653 1032 λίθος
692 966 947 1039 τμηθεὶς,
978 968 1160 1029 πάσας
1186 965 1287 1028 τὰς
1318 962 1645 1023 ἀντιπάλους
1672 976 1755 1011 σοι

164 1060 461 1132 βασιλείας
489 1062 556 1113 ὲκ
580 1058 751 1128 μέσου
789 1059 1045 1130 ποιήσας,
1077 1057 1177 1126 τὴν
1212 1055 1311 1126 σὴν
1346 1052 1564 1108 αίὼνιον
1589 1052 1756 1122 δήλην

162 1154 553 1227 ἀπεργάσειας
588 1154 812 1207 ἅπασιν.
848 1152 1094 1222 Σήμερον
1138 1150 1199 1203 τὸ
1243 1148 1389 1219 ὅρος,
1427 1146 1459 1201 ὃ
1501 1143 1757 1213 εὐδοκή-

164 1262 314 1314 σεις
333 1247 484 1302 κατὰ
512 1246 622 1301 τὸν
649 1244 815 1300 Δαϐὶδ
842 1242 1164 1309 κατοικεῖν,
1194 1244 1252 1296 ὲν
1281 1241 1480 1311 γαστρὶ
1508 1238 1608 1309 τῆς
1635 1238 1760 1290 Ἀν-

164 1357 278 1412 νης
302 1339 614 1410 ἐπαίρεται,
646 1338 743 1391 καὶ
761 1335 860 1408 τὴν
882 1334 1174 1407 Δαϐιδικὴν
1194 1333 1367 1404 φυλὴν
1386 1328 1761 1400 αὐξανομένην

168 1429 562 1501 προδείκνυσιν
596 1429 801 1483 ἅπασιν
826 1442 839 1455 ⁸
882 1427 1129 1497 σήμερον
1157 1424 1301 1479 κατὰ
1336 1422 1428 1476 τὸν
1458 1422 1633 1492 μέγαν
1658 1436 1762 1471 πα-

166 1521 455 1593 τριάρχην
493 1521 630 1593 πρὸς
662 1521 891 1591 οὐρανὸν
919 1519 1029 1573 ἀπὸ
1056 1517 1163 1587 γῆς
1197 1517 1231 1588 ή
1259 1513 1465 1585 κλίμαξ
1509 1511 1761 1582 στηρίζεο

167 1631 296 1680 ται,
322 1614 390 1668 δι’
414 1609 483 1687 ἦς
516 1613 767 1686 ἑνωθήσῃ
805 1630 895 1684 μοι
941 1609 1211 1675 καταϐὰς,
1243 1607 1340 1662 καὶ
1376 1607 1513 1677 πρὸς
1536 1607 1624 1659 τὸν
1654 1622 1760 1659 πα-

172 1706 376 1779 τρικόν
405 1723 475 1776 με
513 1705 706 1777 θρόνον
741 1703 1096 1767 ἀναϐιϐάσεις
1121 1702 1219 1773 τὴν
1245 1699 1547 1754 ἕκπτωτον.

259 1961 365 2016 ιΒν.
394 1958 654 2032 Χαίρετε,
693 1959 812 2029 μετ’
835 1957 970 2029 ὲμοῦ
1002 1958 1267 2028 σήμερον,
1304 1957 1400 2009 καὶ
1438 1954 1538 2025 τῆς
1568 1955 1769 2026 Ἀννης

174 2053 289 2124 τῆς
316 2053 539 2125 στείρας
574 2053 670 2107 καὶ
693 2051 790 2104 τοῦ
824 2049 1063 2121 μεγάλου
1108 2049 1366 2118 Ἰωακεὶμ
1391 2048 1441 2100 οἱ
1490 2048 1769 2117 προπάτο-

181 2161 318 2215 ρες’
354 2146 388 2216 ή
421 2144 577 2215 ὐμῶν
606 2143 907 2211 ἀνάκλησις
959 2140 1059 2211 ήδη
1107 2139 1337 2211 ήγγικεν
1364 2156 1378 2171 ο
1411 2140 1445 2207 ή
1485 2137 1642 2208 ὐμῶν
1679 2136 1773 2189 λύ-

174 2251 393 2307 τρωσις
449 2232 940 2306 πραγματεύεται·
1001 2233 1034 2300 ή
1091 2229 1235 2299 ὑμᾶς
1285 2228 1372 2282 διὰ
1423 2227 1518 2280 τοῦ
1573 2230 1771 2298 ἑαυτῆς

180 2324 415 2378 τοκετοῦ
444 2325 543 2394 τῆς
586 2325 806 2394 μακρᾶς
855 2320 1156 2390 καταδίκης
1197 2319 1466 2385 ὲξάξουσα
1504 2317 1771 2382 κτίζεται.

180 2419 451 2490 Χαίρετε,
481 2418 723 2480 ἆπαντες
752 2416 989 2470 δίκαιοι·
1026 2414 1271 2486 χαίρετε,
1311 2412 1653 2485 πατριάρχαι
1682 2414 1776 2465 καὶ

184 2511 470 2581 προφῆται
511 2510 752 2572 ἅπαντες
777 2525 789 2537 ·
818 2508 881 2562 τὸ
909 2506 1003 2559 τοῦ
1047 2506 1242 2573 γένους
1285 2504 1446 2567 ἄνθος
1479 2503 1773 2567 ἀνέτειλεν,

183 2602 302 2656 τῶν
344 2602 631 2674 ὑμετέρων
677 2600 1036 2672 προρρήσεων
1064 2600 1099 2669 ή
1150 2598 1379 2660 ἔκϐασις
1422 2598 1687 2668 ἤγγικενι
1719 2595 1778 2650 αἱ

184 2695 301 2749 τῶν
350 2694 696 2765 ἐπαγγελιῶν
739 2692 1071 2765 προθεσμίαι
1122 2691 1540 2763 πεπλήρωνται·
1590 2690 1647 2743 αἱ
1682 2706 1779 2742 πο-

189 2788 451 2861 λυμερῶς
491 2788 585 2842 καὶ
613 2786 971 2856 πολυτρόπως
1017 2785 1146 2855 ὑμῖν
1178 2786 1241 2837 ὲκ
1283 2783 1421 2837 Θεοῦ
1460 2782 1780 2852 λαληθεῖσαι

192 2879 526 2949 ὑποσχέσεις
569 2878 708 2950 πρὸς
741 2877 800 2930 τὸ
831 2876 1006 2947 πέρας
1046 2876 1393 2946 κατήντησαν
1415 2892 1428 2904 ·
1467 2876 1569 2927 οὐκ
1603 2873 1682 2927 ἔτι
1723 2875 1780 2926 ὲν

1852 405 1962 461 lum
1990 412 2042 456 te
2071 396 2391 455 Emmanuel
2427 398 2481 449 in
2516 403 2674 448 utero
2714 388 2939 445 habebit
2967 395 3024 441 et
3065 383 3242 455 pariet
3269 383 3339 447 ¹¹,
3376 382 3429 433 in

1854 506 2013 552 terrae
2068 491 2275 549 sterilis
2313 486 2526 561 (Annae)
2573 486 2697 540 sinu
2747 481 3045 553 plantatur,
3077 485 3133 530 et
3161 476 3295 530 levis
3334 488 3433 528 nu-

1852 594 1952 648 bes
1975 590 2019 622 “
2050 588 2337 649 formatur,
2373 593 2429 638 et
2468 578 2681 635 radices
2710 575 2823 646 agit
2861 574 3013 644 virga
3056 570 3104 604 ³³
3142 569 3230 623 cui
3287 565 3434 621 inni-

1856 680 2154 740 tar.‘Nunc
2178 675 2482 732 exstruitur
2502 680 2658 742 porta
2685 668 2772 723 illa
2799 680 2921 737 qua:
2951 662 3251 719 secundum
3298 659 3434 711 Eze-

1856 776 2047 834 chielis
2075 770 2353 831 oraculum
2386 768 2452 821 ad
2478 765 2742 820 orientem
2785 756 3011 826 respicit
3059 754 3128 819 “,
3175 763 3231 807 et
3280 749 3435 816 cujus

1857 870 1953 926 tibi
1980 869 2069 923 uni
2126 871 2377 920 servatur
2428 848 2731 928 ingressus.
2784 850 2939 905 Nunc
2992 846 3241 914 exsurgit
3280 858 3437 898 mons

1857 964 1948 1019 ille
1984 976 2013 1015 a
2044 956 2264 1014 Daniele
2292 952 2555 1024 prtevisus
2587 947 2657 1013 ",
2687 960 2715 999 e
2740 957 2847 1013 quo
2900 939 3151 1007 delapsus
3174 978 3188 1003 ,
3226 943 3281 989 tu
3330 949 3436 993 non

1858 1056 2075 1111 excisus
2108 1051 2267 1121 lapis,
2297 1042 2567 1101 universis
2591 1039 2687 1094 tibi
2732 1031 3165 1106 repugnantibus
3208 1027 3387 1097 regnis
3409 1041 3439 1078 e

1860 1146 2039 1202 tnedio
2101 1140 2364 1202 sublatis,
2420 1143 2680 1189 aeternum
2736 1140 2959 1195 regnum
2989 1131 3138 1177 tuum
3190 1117 3443 1173 omnibus

1861 1234 2206 1291 manifestum
2241 1239 2512 1295 exstrues.
2542 1220 2712 1275 Hodie
2734 1232 2887 1271 mons
2915 1214 3025 1277 ille,
3054 1215 3109 1266 in
3143 1226 3266 1280 quo,
3287 1209 3441 1278 juxta

1861 1327 2081 1385 Davidis
2130 1321 2471 1382 vaticinium,
2509 1314 2603 1369 tibi
2655 1308 3036 1380 beneplacitum
3095 1305 3192 1358 erit
3246 1299 3447 1355 inhabi-

1863 1431 1977 1477 tare
1999 1419 2066 1484 ",
2094 1418 2147 1471 in
2176 1415 2350 1468 Annae
2380 1420 2536 1465 utero
2565 1405 2854 1468 attollitur,
2885 1416 2949 1455 ac
2973 1397 3240 1453 Davidicre
3275 1394 3447 1448 tribus

1864 1528 2061 1571 nomen
2086 1522 2265 1579 usque
2301 1501 2617 1576 praeclarius
2651 1498 2791 1567 apud
2836 1507 3028 1550 omnes
3063 1489 3244 1543 eﬂicit.
3280 1483 3449 1540 Hodie

1868 1606 2163 1662 secundum
2220 1612 2477 1669 magnum
2534 1593 2687 1648 illum
2758 1585 3126 1660 patriarcham
3192 1578 3357 1636 Jacoh
3417 1590 3450 1631 ο

1794 1678 1839 1734 Β
1868 1708 2011 1753 terra
2048 1695 2114 1749 ad
2148 1692 2321 1748 cmlos
2354 1687 2502 1744 scala
2534 1685 2781 1739 ﬁrmatur
2797 1681 2869 1745 ’⁷,
2892 1692 2987 1749 per
3021 1689 3185 1746 quam
3217 1671 3448 1725 descen-

1868 1793 2001 1846 dens
2033 1786 2160 1841 milti
2191 1785 2401 1839 unieris
2451 1790 2505 1836 et
2531 1792 2615 1834 me
2643 1777 2850 1846 lapsam
2875 1772 2941 1825 ad
2973 1777 3260 1839 paternum
3289 1762 3446 1816 thro-

1868 1896 1996 1936 num
2034 1878 2319 1949 provebes.

1938 1971 2053 2026 Xll.
2084 1969 2429 2039 Congaudete
2449 1976 2592 2017 nunc
2609 1972 2841 2019 mecum,
2867 1967 2963 2007 vos
2986 1963 3220 2021 quoque,
3240 1961 3273 2001 o
3294 1943 3456 1999 steri-

1869 2063 1939 2119 lis
1969 2063 2137 2118 Annze
2167 2037 2226 2115 et
2280 2056 2458 2126 magni
2495 2050 2740 2108 Joachim
2782 2043 3183 2116 progenitores.
3241 2037 3454 2103 Appro-

1872 2154 2157 2226 pinquavit
2178 2150 2290 2220 jam
2326 2142 2656 2203 restauratio
2687 2148 2866 2192 vestra
2898 2152 2911 2189 :
2949 2128 3246 2197 redemptio
3278 2133 3457 2178 vestra

1868 2222 2071 2314 iamvad
2101 2257 2240 2313 opus
2266 2237 2549 2294 deducitur
2590 2250 2602 2285 :
2636 2230 2745 2301 jam
2780 2233 2997 2281 creatur
3024 2235 3116 2284 ea,
3144 2230 3265 2287 quae
3300 2222 3459 2280 partu

1875 2352 1975 2392 suo
2009 2349 2037 2388 a
2092 2334 2350 2387 diuturna
2397 2341 2491 2381 vos
2540 2319 2888 2377 damnatione
2924 2311 3140 2381 eripiet.
3195 2306 3459 2365 Gaudete,

1872 2425 2003 2498 justi
2034 2437 2224 2478 omnes
2259 2438 2274 2473 :
2330 2416 2579 2488 gaudete,
2606 2407 2846 2464 universi
2882 2401 3205 2473 patriarchae
3247 2411 3310 2448 ac
3331 2408 3461 2463 pro-

1877 2485 2051 2584 phetae
2081 2535 2093 2569 ;
2118 2485 2526 2581 generis'nostri
2568 2501 2667 2555 ﬂos
2702 2505 2857 2551 ortus
2890 2502 2973 2548 est
3003 2509 3017 2545 :
3055 2501 3220 2559 prope
3246 2485 3463 2553 estqve-

1878 2618 2116 2661 Strarum
2149 2599 2564 2673 prmdictionum
2579 2593 2792 2649 exitus:
2819 2586 3119 2659 praestituta
3146 2576 3464 2651 promissio-

1879 2713 2007 2753 num
2043 2706 2285 2765 tempora
2316 2692 2429 2761 jam
2463 2685 2680 2755 impleta
2724 2691 2851 2738 sunt
2885 2698 2897 2733 :
2931 2691 3051 2747 qua:
3110 2668 3463 2726 multifariam

1882 2788 2173 2857 multisque
2208 2782 2383 2837 modis
2416 2778 2510 2833 Dei
2551 2788 2681 2829 voce
2716 2770 2872 2825 nobis
2908 2764 3173 2837 promissa
3207 2769 3353 2823 sunt,
3397 2758 3466 2809 ad

1882 2880 2087 2938 exitum
2115 2890 2271 2932 suum
2310 2872 2420 2941 jam
2443 2870 2829 2924 adventaruut.
2875 2858 3028 2913 llaud
3051 2854 3282 2923 amplius
3322 2862 3471 2903 mera

191 2968 378 3022 ἐλπίσι
404 2967 473 3021 τά
501 2966 931 3037 προσδεχόμενα,
954 2966 1148 3027 αὐταῖς
1174 2939 1293 3027 ταῖς
1322 2963 1511 3031 ὄψεσιν
1540 2963 1615 3025 ὡς
1640 2961 1782 3033 ὁρὼ-
1884 2988 1938 3042 5p

385 3058 465 3070 -.η
607 3059 618 3070 .
809 3058 821 3070 .
862 3058 875 3070 .
953 3057 967 3070 .
1031 3057 1043 3070 .
1231 3055 1257 3067 .-
1338 3057 1351 3070 .
1410 3054 1422 3070 .
1544 3056 1554 3070 .
1656 3054 1691 3070 ,κ
1807 3029 1851 3070 Π
1891 3063 1903 3070 .

1938 2985 1981 3026 ie
2008 2969 2376 3027 continentur,
2438 2973 2557 3028 qua:
2604 2953 3094 3021 exspectabantur;
3153 2944 3247 2997 sed
3291 2939 3466 2994 oculis

1977 3062 1988 3070 “
2049 3060 2057 3070 “
2345 3051 2459 3070 νλννι
2482 3049 2739 3070 ²²”-²··-····-·
2789 3042 2805 3070 ¹
2831 3052 3023 3070 «MM-II-
3062 3051 3201 3070 unum
3233 3040 3280 3070 pl
3304 3030 3466 3070 omlp-

197 3078 363 3133 μενα.
385 3058 500 3113 Νῦν
525 3029 832 3130 χαίρειτκαὶ
852 3058 887 3128 ή
913 3029 1167 3127 οὐράνιος
1190 3055 1298 3109 τῶν
1328 3029 1502 3123 ἁγίων
1532 3029 1781 3123 ἀγγέλων
1807 3029 1851 3088 C
1891 3029 1938 3133 ii,

1938 3062 2021 3117 isis
2043 3060 2153 3129 jam
2192 3069 2359 3128 prope
2376 3049 2759 3118 subjiciuntur.
2789 3042 3023 3095 Laetatur
3062 3051 3203 3088 nunc
3233 3040 3286 3084 et
3304 3030 3470 3084 ρατιο-

196 3150 434 3221 πληθύς
466 3151 573 3202 εἰσὶ
601 3148 713 3219 γὰρ
749 3146 870 3201 λίαν
898 3143 1274 3215 φιλάνθρωποι
1303 3142 1394 3195 τὸν
1426 3142 1556 3195 ἴδιον
1583 3140 1783 3192 Δεσπό-

193 3260 301 3314 την
354 3240 709 3314 μιμούμενοι.
740 3239 810 3292 Et
853 3236 966 3306 γὰρ
991 3235 1093 3289 ἐπὶ
1131 3233 1223 3287 ἐνὶ
1251 3230 1577 3303 ἁμαρτωλῷ
1600 3248 1781 3301 μετα-

197 3333 446 3389 νοοῦντι
474 3332 778 3402 χαίρουσι,
804 3328 924 3392 πῶς
953 3326 1056 3397 τῆς
1089 3326 1311 3379 πάντων
1347 3323 1506 3394 ήμῶν
1544 3323 1783 3393 ἀνακλή-

203 3444 349 3490 σεως
377 3425 440 3478 οὐ
473 3425 781 3496 χαρήσουσι
827 3420 895 3473 τὰ
921 3419 1187 3490 προοίμια
1227 3416 1557 3487 βλέποντες;
1587 3415 1702 3478 πῶς
1727 3415 1787 3468 τὸ

201 3515 604 3586 καθαρώτατον
645 3512 739 3566 τοῦ
766 3511 1040 3564 Δεσπότου
1081 3513 1177 3562 καὶ
1215 3508 1616 3578 Παμϐασιλέως
1653 3509 1788 3576 Χρι⁴

206 3608 337 3664 στοῦ
384 3607 675 3678 βλέποντες
709 3603 1043 3673 ἀνάκτορον,
1073 3601 1174 3655 οὐκ
1220 3600 1642 3670 ἀγαλλιάσονται
1688 3614 1791 3653 κα-

206 3695 683 3766 τασκευαζόμενον
708 3709 723 3758 ;
749 3691 865 3755 πῶς
884 3691 977 3743 τὸν
1000 3689 1254 3761 φραγμὸν
1270 3688 1506 3761 ὁρῶντες
1527 3687 1789 3759 λυόμενον

207 3792 305 3844 καὶ
337 3790 417 3851 είς
445 3788 503 3841 ἓν
528 3787 597 3839 τὰ
626 3785 895 3838 διεστῶτα
936 3783 1336 3853 συνερχόμενα,
1367 3779 1465 3835 καὶ
1499 3781 1632 3851 μίαν
1664 3784 1788 3832 ποί-

212 3899 353 3952 μνην
385 3880 629 3944 ἅπαντας
656 3878 977 3947 γινομένους
1017 3875 1278 3947 Χριστοῦ,
1310 3875 1409 3928 οὐκ
1450 3873 1792 3945 εὐφροσύνης

210 3974 307 4028 καὶ
334 3972 511 4044 χαρᾶς
546 3968 688 4041 ὑπὲρ
714 3968 873 4036 λόγον
907 3966 1005 4020 καὶ
1033 3965 1159 4020 νοῦν
1195 3964 1686 4037 πληρωθήσονταις

281 4190 385 4244 ll".
407 4188 667 4259 Χαίρετε,
692 4186 785 4241 καὶ
807 4185 997 4257 αὐτὴὴ
1029 4184 1267 4253 συζυγία
1288 4186 1320 4254 ή
1346 4183 1793 4253 πανθαύμαστος,

212 4285 247 4354 ή
275 4284 412 4337 πᾶσι
466 4283 707 4352 σήμερον
733 4280 831 4351 τήν
880 4278 1056 4350 χαρὰν
1089 4277 1499 4349 προξενήσασα.
1545 4277 1793 4346 Χαίροις,

1892 3156 1993 3209 stis
2030 3122 2347 3207 sanctorum
2392 3143 2706 3212 angelorum
2767 3130 3078 3190 multitudo,
3114 3125 3313 3195 quippe
3377 3122 3471 3192 qui

1894 3245 2182 3302 Dominum
2204 3254 2360 3296 suum
2395 3230 3001 3295 imitantes,huinanum
3035 3234 3205 3289 genus
3235 3218 3477 3284 impense

1894 3338 2141 3407 diligunt.
2171 3332 2315 3388 Sane
2345 3329 2389 3381 si
2416 3325 2648 3397 gaudent
2686 3331 2844 3385 super
2870 3330 2974 3368 uno
3003 3320 3273 3381 peccatore
3314 3306 3478 3375 paeni-

1895 3406 2116 3485 tentiam
2142 3434 2322 3494 agente
2352 3421 2430 3487 ⁸⁸,
2460 3414 2731 3489 quomodo
2764 3425 2869 3464 non
2900 3406 3243 3477 gaudebunt,
3271 3410 3480 3453 restau-

1896 3521 2127 3577 rationis
2155 3514 2394 3571 omnium
2428 3518 2671 3564 nostrum
2692 3501 2844 3557 initia
2865 3494 3174 3554 intuentes?
3200 3492 3483 3559 Quomodo

1898 3627 2004 3668 non
2046 3608 2417 3667 exsultabunt,
2455 3599 2806 3671 purissimum
2838 3588 3050 3647 Domini
3086 3604 3150 3640 ac
3170 3584 3332 3653 Regis
3361 3597 3481 3635 om-

1898 3704 2050 3759 Iiium
2093 3698 2293 3755 Christi
2343 3676 2834 3766 palatiumparari
2864 3686 3110 3739 videntes
3153 3675 3484 3744 ?Quumodo

1896 3799 2008 3869 jam
2050 3795 2350 3861 disruptam
2426 3794 2711 3843 cernentes
2768 3794 2974 3850 sepem,
3027 3784 3189 3843 atque
3241 3769 3376 3823 adeo
3430 3766 3484 3818 in

1900 3903 2067 3945 unum
2103 3884 2248 3942 coire
2274 3897 2392 3951 quae
2420 3878 2608 3934 dissita
2639 3882 2820 3939 erant,
2845 3880 2898 3926 et
2927 3869 3212 3937 universos
3238 3862 3288 3915 in
3320 3873 3483 3912 unum

1900 3978 2102 4035 Christi
2136 3988 2352 4047 gregem
2407 3968 2721 4031 convenire,
2766 3962 2947 4019 laetitia
2989 3968 3042 4012 et
3088 3954 3285 4026 gaudio
3326 3965 3487 4018 supra

1902 4086 2063 4142 quam
2095 4042 2197 4123 (11ιηὶ
2236 4042 2574 4136 cogitarique
2605 4056 2778 4129 possit
2816 4068 2921 4109 non
2953 4042 3341 4119 replebuutur?

1975 4193 2112 4249 Xlll.
2140 4192 2382 4247 Gaudete
2419 4197 2474 4242 et
2501 4199 2633 4247 vos,
2667 4183 2925 4249 coniuges
2977 4176 3135 4247 plane
3159 4169 3489 4233 admirandi,

1904 4289 1995 4359 qui
2041 4283 2317 4339 universis
2355 4279 2615 4334 hodierna
2646 4274 2734 4329 die
2778 4269 2957 4342 gaudii
2994 4276 3246 4321 auctores
3276 4262 3491 4318 exstiti-

214 4378 411 4439 Ἀννα,
441 4375 604 4446 χάρις
627 4375 661 4444 ή
684 4373 870 4436 ἔνθεος
890 4388 905 4403 ⁶
943 4372 1181 4442 χαίροις,
1210 4372 1244 4441 ή
1276 4369 1489 4435 στείρα,
1517 4370 1551 4440 ή
1580 4370 1798 4433 πάντως
1831 4387 1877 4445 ο

1938 4383 2023 4434 tis.
2056 4378 2241 4433 Gaude
2264 4385 2342 4437 tu,
2372 4372 2549 4433 Anna,
2581 4367 2733 4434 cujus
2760 4378 2953 4419 nomen
2979 4357 3250 4414 caelestem
3276 4354 3494 4424 priefert

210 4469 273 4521 τὸ
300 4468 458 4537 γένος
486 4468 554 4537 τῇ
581 4465 839 4535 εὐπαιδίᾳ
879 4465 1183 4534 νικήσασα·
1234 4462 1471 4533 χαίροις,
1499 4465 1532 4531 ή
1570 4461 1800 4532 ἄνικμος

212 4561 306 4629 γῆ,
350 4560 447 4613 καὶ
498 4560 589 4612 τὸν
635 4557 731 4612 τοῦ
766 4556 904 4610 Θεοῦ
953 4556 1287 4627 παράδεισον
1337 4555 1754 4626 καταρδεύσασα
1782 4570 1795 4586 ·

213 4652 455 4723 χαίροις,
504 4651 538 4721 ή
599 4650 775 4713 ἄπαις
805 4648 895 4702 διὰ
940 4650 1041 4717 τὴν
1073 4648 1360 4718 στείρωσιν
1406 4647 1501 4699 καὶ
1532 4646 1629 4699 τοῦ
1662 4645 1798 4699 Θεοῦ

212 4747 312 4816 τὴν
334 4744 568 4816 Μητέρα
606 4742 991 4815 βλαστήσασασ
1016 4741 1255 4812 χαίροις,
1288 4741 1322 4810 ἡ
1368 4738 1708 4793 συλλαϐοῦσα
1740 4741 1800 4792 ὲν

215 4841 417 4911 γαστρὶ
442 4840 543 4910 τὴν
572 4836 939 4909 συλλήψεσθαι
967 4835 1271 4906 μέλλουσαν
1294 4834 1386 4887 τὸν
1419 4834 1720 4903 κατέχοντα
1741 4832 1803 4885 τὸ

217 4936 327 4988 πᾶν
358 4936 426 5004 τῇ
461 4932 625 5004 δρακί
648 4946 665 4962 ·
691 4933 876 5002 χαῖρε,
908 4930 1006 4998 τὴν
1026 4928 1122 4982 τοῦ
1156 4926 1391 4996 οὐρανοῦ
1415 4927 1510 4981 καὶ
1536 4928 1639 4996 γῆς
1668 4925 1804 4978 πλα-

216 5026 454 5095 τυτέραν
492 5026 550 5077 ὲν
596 5022 795 5093 γαστρί
846 5039 940 5075 σου
1003 5023 1337 5092 χωρήσασαο
1387 5021 1565 5090 χαῖρε,
1612 5018 1803 5071 πασῶν

220 5118 703 5189 ὐπερανεστηκυῖα
749 5113 1028 5186 μητέρων,
1057 5113 1190 5184 άτερ
1217 5116 1318 5184 τῆς
1349 5112 1448 5182 σῆς
1490 5110 1760 5179 θυγατρός
1784 5125 1800 5140 ⁸

221 5215 375 5285 παρὰ
401 5212 608 5283 ταύτης
641 5211 751 5281 γὰρ
786 5208 959 5281 μόνης
998 5208 1069 5261 τά
1108 5205 1301 5277 πρῶτα
1343 5208 1533 5275 φέρειν
1562 5202 1806 5257 κεκώλυ-

226 5324 316 5361 σαι
337 5325 351 5337 ·
394 5309 570 5378 χαῖρε,
594 5304 695 5374 τὴν
717 5303 888 5366 ὅντως
919 5300 1097 5372 χαράν
1123 5298 1204 5368 τῷ
1229 5300 1486 5368 ἡμετέρῳ
1515 5298 1662 5365 γένει
1682 5313 1806 5365 γεν-

226 5404 474 5473 νήσασα·
512 5399 745 5472 χαίροις,
768 5398 801 5468 ἠ
826 5398 884 5449 ὲν
916 5396 1067 5465 νόμῳ
1096 5393 1281 5456 καλῶς
1310 5392 1389 5461 τῷ
1422 5390 1542 5460 Θεῷ
1574 5392 1809 5461 λειτουρ-

1910 4473 2135 4541 gratiam
2182 4486 2193 4521 :
2225 4467 2421 4538 gaude,
2459 4478 2493 4517 ο
2531 4458 2752 4521 sterilis,
2789 4469 2909 4526 qua:
2951 4452 3269 4507 universum
3320 4462 3493 4516 genus

1908 4538 2236 4617 fecunditate
2291 4557 2446 4624 longe
2497 4550 2698 4605 vicisti.
2740 4546 2966 4610 Gaude,
3013 4542 3162 4596 arida
3196 4538 3381 4599 tellus,
3437 4542 3493 4587 at

1906 4672 2026 4725 qua:
2061 4655 2235 4722 ipsum
2277 4648 2371 4704 Dei
2423 4644 2736 4716 paradisum
2788 4637 3059 4708 irrigastia
3095 4630 3302 4690 Gaude,
3346 4640 3490 4695 qum,

1909 4750 2140 4803 ﬁliorum
2173 4756 2366 4813 expers
2419 4741 2487 4793 ob
2534 4736 2874 4792 sterilitatem
2932 4744 3053 4785 cum
3117 4739 3290 4785 esses,
3349 4729 3493 4772 nunc

1912 4835 2144 4903 tandem;
2167 4808 2261 4885 Dei
2295 4838 2521 4883 matrem
2551 4819 3000 4895 progerminasti.
3025 4815 3233 4877 Gaude,
3277 4824 3398 4879 quae
3436 4808 3490 4861 in

1911 4933 2067 4977 utero
2107 4895 2226 4975 eam
2266 4918 2584 4987 concepisti,
2620 4929 2739 4984 qua:
2786 4911 2888 4964 hoc
2944 4905 3253 4959 universum
3294 4895 3493 4967 pugillo

1911 5016 2279 5071 continentem
2322 5020 2657 5079 conceptura
2694 5017 2831 5059 erat.
2873 4997 3081 5059 Gaude,
3119 5007 3239 5062 quae
3276 4989 3490 5061 (tiliam)

1910 5110 2052 5165 caelo
2080 5124 2145 5163 ac
2208 5116 2355 5161 terra
2414 5101 2732 5173 ampliorem
2786 5104 2941 5148 utero
3006 5100 3098 5144 tuo
3150 5082 3491 5140 continuisti.

1913 5200 2122 5266 Gaude,
2156 5214 2278 5270 quae
2314 5196 2581 5252 matribus
2613 5187 2866 5244 munibus
2898 5179 3269 5251 superemiues
3302 5183 3497 5245 praeter

1912 5294 2078 5349 ﬁliam
2122 5304 2303 5351 tuam;
2337 5292 2451 5345 haec
2486 5288 2628 5342 enim
2672 5296 2777 5333 una
2824 5275 3092 5346 prohibet,
3153 5284 3222 5326 ne
3275 5281 3498 5339 prorsus

1916 5389 2059 5443 inter
2106 5400 2296 5443 omnes
2348 5380 2645 5455 principem
2678 5375 2851 5428 locum
2885 5379 3088 5423 teneas.
3133 5364 3342 5427 Gaude,
3377 5376 3498 5431 qua:

267 5538 348 5620 ,η
387 5537 493 5621 ιξρ.
532 5553 628 5621 vit,
676 5536 763 5590 M.
840 5535 886 5621 ’ξ
927 5531 1030 5586 lsa.
1060 5546 1175 5596 XIX,
1224 5529 1275 5581 l.
1312 5527 1556 5621 Deiparze
1603 5526 1906 5597 symbolum

922 5616 931 5621 -
998 5617 1145 5621 tu.--“
1184 5602 1364 5621 “hi.-.”
1428 5613 1563 5621 an...“
1638 5607 1676 5621 ,ι
1714 5600 1938 5621 3.--...-424

1971 5526 2075 5584 SS.
2110 5527 2306 5587 Patres
2353 5522 2609 5576 viderunt
2639 5515 2693 5569 in
2722 5511 2863 5567 nube
2894 5509 3004 5571 illa,
3038 5508 3103 5560 de
3132 5520 3235 5575 qua
3280 5502 3450 5558 lsaias
3479 5517 3493 5555 :

1938 5608 2040 5621 ----—
2090 5597 2358 5621 manu“...
2457 5591 2564 5621 nats
2622 5602 2672 5621 ν.
2742 5586 2761 5621 Δ
2869 5582 2915 5614 ιδ
2956 5580 3147 5621 szph-
3182 5590 3325 5621 xuv-
3360 5573 3405 5621 L
3438 5573 3493 5621 ‘2-

390 5573 493 5592 ιδαι-
539 5573 603 5592 ν..
681 5573 763 5590 η.
927 5573 1030 5586 ω...
1061 5573 1150 5583 ,....
1233 5573 1275 5581 .-
1312 5573 1403 5581 η,
1448 5573 1553 5581 -..-
1604 5573 1625 5580 _

238 5609 368 5663 Ecce
407 5579 660 5662 Dominu’s
693 5606 931 5660 ascendet
986 5573 1365 5670 super’mibem
1402 5573 1590 5670 favent,
1628 5573 1676 5649 ἕῑ
1713 5573 2427 5667 ξηανετίὶεεῖιῖλᾶῥρῖῦηιζμ
2457 5573 2585 5644 “is.
2622 5602 2698 5653 XI,
2742 5586 2789 5638 1.
2869 5582 2915 5614 ’δ
2955 5573 3326 5641 Εῑθειιξιιιν,
3359 5573 3407 5641 1,
3438 5573 3495 5630 ‘2.

233 5682 279 5713 "
318 5674 455 5735 Dan.
484 5695 544 5744 ιι,
570 5678 661 5734 54.
741 5679 785 5709 ³⁵
818 5674 960 5730 l’sal.
994 5686 1158 5737 van,
1200 5670 1254 5723 7.

1338 5669 1380 5700 ²⁷
1423 5667 1555 5723 Gen.
1595 5683 1785 5734 xxnu,
1818 5670 1905 5724 1‘2.

2045 5672 2086 5701 ’³
2120 5662 2253 5723 ωε.
2283 5681 2371 5734 xv,
2404 5662 2494 5717 10.
