3752 6232
149 321 316 392 1365

1057 328 1336 388 ORATIO
1377 329 1765 391 FUNEBRIS
1793 327 1874 392 IN
1916 329 1983 393 B.
2031 330 2550 393 ATHANASIUM.

3277 334 3424 403 1366

271 437 420 493 am
459 435 800 510 διεγέρθητε,
845 436 1141 505 σπεύσατε,
1176 441 1437 510 κινήσατε
1481 443 1618 514 πρὸς
1650 442 1750 514 τὴν

1943 441 1994 494 \t
2033 444 2308 513 exsurgite
2329 483 2346 510 ,
2409 441 2665 498 festinate
2698 458 2713 497 :
2771 443 2934 498 ﬁliam
2965 453 3202 501 vestram
3233 462 3297 504 ac
3333 451 3425 506 Dei

145 528 474 601 πρεσϐείαν
499 528 599 599 τὴν
625 527 779 598 ὑμῶν
826 528 1122 602 θυγατέρα,
1169 532 1265 585 καὶ
1301 532 1535 604 Μητέρα
1575 532 1745 586 Θεοῦ*

145 623 232 675 οὐ
262 622 372 692 γὰρ
398 620 704 692 παρόψεται
751 621 946 688 γονέας
979 620 1440 686 καθικετεύοντας
1463 642 1477 657 ·
1521 624 1658 695 ὁμοῦ
1689 625 1748 678 δὲ

147 714 313 784 πρὸς
337 714 429 766 τὸν
450 713 654 781 ταύτης
681 713 834 777 Υῑὸν,
875 713 968 767 καὶ
999 713 1154 780 Θεὸν,
1200 715 1294 768 καὶ
1326 716 1612 786 ὑμέτερον,
1659 717 1751 770 τὸν

149 806 320 860 κατὰ
350 805 551 876 σάρκα,
587 805 879 875 ἀπόγονον.
912 807 1102 878 Ἴσμεν
1125 808 1231 879 γὰρ
1255 809 1330 873 ὡς
1353 808 1604 878 οὐδαμῶς
1633 811 1754 879 Μη-

150 896 302 969 τρὸς
331 897 426 950 καὶ
448 895 810 968 προπατόρων
839 897 1203 969 ἑκκρούσηται
1240 899 1424 969 δέησιν
1443 915 1456 930 ⁸
1487 899 1605 953 ἀλλ’
1635 900 1752 952 εἰσ-

156 985 472 1040 ακούσεται
515 985 611 1040 καὶ
653 984 818 1040 σώσει
864 988 1014 1058 ἡμᾶς
1051 989 1115 1041 ἐκ
1148 990 1258 1043 τῶν
1308 989 1752 1060 ἐπεμϐαινόντων

149 1076 308 1144 ἡμῖν
327 1077 538 1148 ὁρατῶν
564 1077 662 1133 καὶ
689 1077 936 1150 ἀοράτων
965 1080 1179 1151 πικρῶς
1207 1081 1487 1152 δυσμενῶν
1508 1099 1521 1112 ·
1559 1082 1654 1135 καὶ
1693 1081 1756 1135 τὸ

153 1165 360 1221 λοιπὸν
405 1170 504 1239 τῆς
527 1170 804 1242 ἡμετέρας
845 1172 1010 1242 ζωῆς.
1045 1174 1307 1238 εὐσταθὲς
1350 1176 1445 1228 καὶ
1478 1174 1754 1247 εἰρηνικὸν

157 1257 270 1312 καὶ
303 1260 575 1331 ἀτάραχον
614 1262 932 1334 διατηρήσει
976 1264 1258 1335 λείψανονο
1282 1265 1366 1319 ὄτι
1408 1266 1543 1329 Θεὸς
1593 1265 1756 1329 αὐτὸς

161 1349 365 1414 ὲλέους
407 1353 502 1406 καὶ
541 1353 958 1425 φιλανθρωπίας
1006 1358 1176 1421 ἐστὶν,
1220 1358 1314 1411 καὶ
1358 1357 1507 1426 αὐτῷ
1553 1357 1754 1429 πρέπει

159 1439 328 1493 πᾶσα
351 1441 501 1509 δόξα,
545 1442 679 1513 τιμὴ
722 1444 820 1497 καὶ
847 1444 1242 1516 προσκύνησις,
1282 1447 1380 1500 σὺν
1415 1446 1494 1519 τῷ
1531 1446 1753 1517 ἀνάρχῳ

165 1529 352 1584 αὑτοῦ
377 1532 576 1603 Πατρὶ,
613 1534 711 1587 σὺν
739 1534 817 1606 τῷ
848 1536 1101 1608 παναγίῳ
1143 1538 1240 1590 καὶ
1277 1537 1470 1610 ἀγαθῷ
1498 1539 1593 1592 καὶ
1617 1539 1752 1602 ζωοο

161 1621 318 1692 ποιῷ
368 1623 534 1677 αὐτοῦ
589 1626 890 1697 Πνεύματι,
942 1629 1037 1684 νῦν
1086 1631 1180 1685 καὶ
1223 1630 1332 1698 ἀεὶ,
1381 1633 1476 1685 καὶ
1517 1632 1598 1695 εἰς
1627 1631 1756 1695 τοὺς

1851 531 2080 586 Matrem
2111 531 2178 585 ad
2210 531 2623 602 supplicandum
2657 546 2755 601 pro
2784 533 2941 588 nobis
2967 535 3202 592 excitate
3231 536 3433 607 (neque

1853 625 2000 679 enim
2041 625 2313 695 genitores
2352 624 2709 692 deprecantes
2749 624 3033 693 despiciet)
3067 641 3080 678 :
3121 636 3285 696 atque
3322 643 3430 683 una

1852 714 2214 786 (intercedite)
2243 714 2382 783 apud
2406 712 2566 782 hujus
2586 711 2802 779 Filium,
2835 729 2900 768 ac
2927 715 3117 776 Deum.
3145 727 3432 772 vestrum—

1851 821 1958 875 que
1984 807 2279 860 secundum
2319 819 2539 859 carnem
2589 812 2859 873 nepotem.
2897 804 3013 862 Non
3053 807 3235 875 enim,
3279 818 3430 864 certo

1853 897 1907 954 id
1937 898 2161 961 scimus,
2200 894 2407 962 Matris,
2441 909 2778 965 avorumque
2819 911 3010 966 preces
3053 900 3295 967 repellet,
3333 902 3429 956 sed

1853 989 2148 1054 exaudiet,
2185 1002 2390 1057 nosque
2444 987 2686 1042 tuebitur
2729 988 2800 1043 ab
2845 991 3091 1045 hostibus
3128 991 3430 1050 visibilibus

1855 1088 2021 1148 atque
2053 1078 2448 1145 invisibilibus,
2482 1079 2575 1148 qui
2622 1081 2831 1135 nel‘ario
2871 1082 2996 1136 odio
3040 1082 3246 1138 incensi
3277 1099 3432 1139 acer-

1855 1171 2080 1225 bissime
2119 1168 2274 1224 nobis
2300 1170 2598 1238 insultant;
2624 1173 2874 1242 quodque
2898 1174 2950 1227 in
2993 1183 3272 1243 posterum
3301 1176 3432 1231 reli-

1853 1276 2018 1332 quum
2053 1270 2137 1316 est
2177 1262 2301 1316 vita:
2339 1272 2564 1328 nostra,
2621 1264 2920 1330 incolume,
2965 1265 3370 1334 paciﬁcum,.et
3399 1283 3429 1321 a

1855 1350 2284 1421 perturbationis
2327 1365 2556 1405 vacuum
2599 1354 2966 1408 conservabit.
3005 1355 3270 1422 Quoniam
3315 1357 3432 1426 ipse

1855 1443 2242 1498 misericordiae
2262 1454 2317 1498 et
2337 1444 2689 1514 benignitatis
2719 1446 2972 1510 Deusest,
2999 1456 3051 1501 et
3076 1448 3248 1517 ipsum
3277 1449 3431 1504 decet

1856 1534 2029 1604 gloria
2056 1535 2256 1600 omnis,
2289 1536 2460 1591 honor
2482 1544 2536 1590 et
2561 1537 2829 1604 adoratio,
2857 1552 2980 1592 cum
3011 1547 3282 1594 coaeterno
3311 1525 3428 1608 ejus

1859 1625 2018 1679 Patre
2041 1663 2058 1690 ,
2085 1635 2141 1680 et
2176 1641 2299 1681 cum
2343 1626 2689 1683 sanctissimo
2727 1637 2783 1683 et
2832 1629 2977 1684 bono
3013 1637 3069 1684 et
3123 1629 3433 1685 viviﬁcante

162 1713 384 1778 αἰῶνας
403 1714 513 1771 τῶν
547 1716 783 1774 αἰώνων.
801 1719 997 1791 Ἀμήν.

1952 1732 1976 1771 s
2003 1715 2238 1787 Spiritu,
2269 1733 2411 1774 nunc
2437 1732 2495 1776 et
2534 1733 2753 1789 semper
2773 1729 2829 1777 et
2863 1721 2917 1776 in
2961 1720 3156 1777 saecula
3204 1721 3434 1777 saeculo-

1858 1822 2001 1863 rum.
2027 1809 2219 1864 Amen.

169 2011 3402 2052 Ἦ

929 2229 1346 2293 ΜΟΝΙΤΠΜ
1393 2231 1492 2294 ΙΝ
1544 2230 2060 2295 ΟΒΑΤΙΟΝΕΜ
2119 2231 2411 2308 SEQUE.

1200 2231 1346 2293 ’ΠΜ
1393 2231 1492 2294 ΙΝ
1544 2230 2060 2295 ΟΒΑΤῙΟΝΕΜ
2119 2231 2682 2308 SEQUENTEM.

1031 2447 1294 2509 (Bonum.
1339 2449 1458 2496 Acta
1484 2449 1789 2506 Sanctorum,
1816 2443 2033 2496 Januarii
2071 2449 2194 2495 tom.
2223 2444 2288 2506 ll,
2325 2459 2374 2508 p.
2401 2443 2563 2504 1125.)

246 2657 526 2728 Methone,
550 2660 852 2718 clarissima
876 2659 1270 2736 Messeniorum
1324 2662 1382 2717 in
1420 2660 1799 2734 Peloponneso
1824 2661 2039 2727 civitas,
2071 2660 2342 2732 insignem
2365 2658 2656 2715 sanctitate
2699 2659 3010 2730 episcopum
3063 2659 3261 2715 saeculo
3279 2657 3442 2715 Chri-

166 2757 355 2811 stiano
412 2772 559 2812 nono
603 2756 964 2813 Athanasium
1021 2757 1231 2814 habuit.
1279 2757 1332 2813 Is
1365 2758 1588 2814 (Satanae
1637 2759 1693 2813 in
1747 2759 1933 2814 Sicilia
1981 2767 2165 2823 natus,
2213 2756 2390 2811 insula
2419 2771 2449 2810 a
2489 2754 2793 2819 Saracenis,
2820 2755 3082 2811 Micliaele
3132 2754 3297 2810 Balbo
3334 2755 3444 2809 im-

170 2862 426 2924 perante,
466 2852 684 2908 circiter
729 2869 932 2908 annum
981 2854 1186 2911 Christi
1233 2855 1336 2912 827
1371 2863 1656 2924 occupata,
1695 2855 1750 2909 in
1780 2853 2215 2923 Peloponnesum
2261 2866 2386 2907 cum
2434 2849 2751 2920 parentibus
2813 2849 3127 2904 adolescens
3178 2847 3443 2919 profugit.

173 2942 261 2998 De
298 2958 364 2998 eo
391 2941 644 2998 Octavius
671 2943 964 3014 Cajetanus
995 2955 1182 3000 noster
1228 2946 1286 3002 in
1336 2947 1462 3002 ldea
1490 2947 1674 3016 operis
1723 2945 1794 3001 de
1835 2944 1936 3000 SS.
1968 2943 2166 2999 Siciliae
2221 2943 2291 3000 29
2323 2941 2452 2998 Julii
2506 2943 2579 2999 ita
2603 2942 2792 3000 scribit
2823 2959 2838 2996 :
2876 2941 3092 2997 Catena:
3141 2957 3447 2997 commemo-

173 3037 321 3090 ratio
371 3037 539 3090 sancti
601 3035 876 3090 Athanasii
915 3037 1250 3104 Cdtanensis,
1279 3038 1544 3093 Met/tones
1601 3037 1829 3106 episcopi
1881 3045 1929 3091 et
1968 3038 2302 3106 confessoris.
2352 3037 2671 3107 Cajetanum
2717 3036 2964 3106 sequitur
3002 3034 3302 3103 Ferrarius,
3341 3052 3448 3094 nec

175 3128 291 3184 alio
317 3129 406 3184 die
429 3129 546 3199 ejus
571 3130 955 3186 meminerunt.
976 3131 1075 3201 Agi
1108 3131 1327 3187 Catanae
1357 3132 1501 3188 illius
1553 3131 1792 3187 natalem
1829 3130 2004 3201 pridie
2064 3129 2290 3185 Kalend.
2335 3129 2615 3185 Februarii
2650 3127 2969 3200 signiﬁcavit
3013 3127 3169 3183 nobis
3223 3126 3448 3186 Franci-

175 3235 312 3276 scus
367 3219 666 3277 Blanditius
723 3232 940 3289 noster;
980 3223 1074 3294 qui
1103 3234 1157 3280 et
1194 3224 1343 3281 illius
1372 3224 1551 3280 Vitam
1596 3240 1625 3279 a
1659 3225 1816 3279 Petro
1847 3223 2028 3278 Siculo
2070 3223 2390 3294 Argivorum
2431 3221 2686 3292 episcopo
2715 3221 2991 3291 scriptam,
3021 3234 3052 3275 e
3086 3234 3219 3275 mss.
3242 3219 3450 3275 codici-

178 3317 288 3372 bus
335 3317 514 3387 magni
576 3305 890 3374 monasterii
949 3319 1131 3375 Sancti
1178 3317 1473 3373 Salvatoris
1526 3317 1737 3372 ordinis
1785 3315 1968 3370 Sancti
2020 3314 2201 3369 Basilii
2243 3314 2524 3379 Messanae,
2562 3312 2752 3369 Latine
2803 3328 2833 3368 a
2885 3327 2947 3368 se
2995 3328 3207 3369 versam
3240 3353 3257 3380 ,
3292 3312 3450 3368 nobis

181 3409 488 3464 transmisit
524 3426 538 3462 :
573 3411 891 3481 monuitque
931 3411 1078 3466 hunc
1142 3410 1290 3465 illum
1329 3411 1500 3467 videri
1547 3411 1765 3467 Petrum
1819 3410 2059 3465 Siculum
2112 3425 2253 3474 esse,
2293 3409 2384 3480 qui
2422 3424 2567 3465 anno
2597 3409 2632 3462 2
2685 3407 2863 3463 Basilii
2916 3406 3258 3476 Macedonis,
3290 3407 3450 3463 Cliti-

185 3501 259 3556 sti
293 3500 416 3568 868,
455 3501 726 3559 Tibricam
773 3505 1044 3559 Armenia:
1081 3505 1355 3561 civitatem
1409 3521 1508 3575 pro
1562 3504 1899 3575 captivorum
1930 3503 2331 3574 permutatione
2387 3502 2593 3572 legatus
2626 3541 2641 3565 .
2675 3516 2977 3572 novemque
3024 3499 3185 3555 isthic
3229 3512 3448 3555 menses

187 3599 454 3655 moratus,
501 3594 719 3664 scripsit
761 3595 828 3649 de
871 3595 1308 3660 Manichaeorum,
1340 3613 1476 3667 quos
1527 3595 1686 3651 isthic
1727 3595 1940 3662 didicit,
1972 3595 2247 3650 erroribus
2288 3593 2516 3659 librum,
2553 3591 2644 3662 qui
2697 3608 2728 3647 a
2789 3592 3039 3648 Matthaeo
3086 3591 3297 3646 Radere
3346 3603 3447 3644 no-

188 3694 306 3740 stro
349 3684 539 3741 Latine
586 3702 774 3742 versus
801 3726 817 3753 ,
876 3696 1050 3744 exstat
1094 3697 1128 3744 t.
1181 3688 1250 3742 IX
1296 3689 1624 3742 Bibliotheca
1665 3686 1779 3741 PP.
1832 3687 2077 3743 Meminit
2111 3685 2276 3757 hujus
2311 3683 2457 3741 Petri
2488 3681 2752 3740 Baronius
2784 3684 2851 3740 ad
2900 3700 2991 3739 an.
3029 3685 3154 3751 870,
3179 3697 3331 3738 num.
3354 3680 3445 3739 62.

190 3775 348 3833 Hanc
367 3776 543 3832 Vitam
573 3778 628 3833 in
653 3779 850 3850 capita,
883 3795 1033 3835 more
1115 3789 1322 3842 nostro,
1354 3779 1750 3834 distribuimus.

207 3979 535 4000 m-

547 3964 3440 3997 Μ

839 4136 1141 4216 PETRI
1219 4134 1594 4223 SICULI,
1667 4129 2160 4215 ARGOBUM
2238 4128 2739 4220 EPISCOPI,

592 4344 876 4409 ORATIO
931 4343 1312 4406 FUNEBRIS
1343 4344 1424 4406 IN
1480 4343 1540 4404 S.
1581 4339 2097 4415 ATHANASIUM,
2132 4312 2541 4400 ΜΕΤΙΪΟΝΕΞ
2583 4332 3046 4396 EPISCOPUM.

1124 4598 1420 4667 lnterprete
1451 4593 1739 4650 Francisco
1767 4589 2042 4646 Blanditio
2064 4585 2343 4644 Societatt's
2377 4583 2525 4640 Jcsu.

478 5045 606 5102 CAP.
637 5043 681 5100 1.
712 5074 780 5086 -
815 5043 1107 5099 Exordium
1135 5050 1184 5097 et
1203 5041 1520 5112 Propositio.
1809 5023 1851 5078 Β
1884 5037 1953 5092 ad
1985 5046 2270 5104 utramque
2306 5040 2518 5104 partem
2549 5031 2792 5088 habeant
2821 5035 3182 5092 momentum,
3209 5038 3457 5081 commu-

275 5139 328 5194 1.
356 5136 460 5204 Qui
494 5137 838 5193 heroicarum
877 5134 1142 5190 virtutum
1171 5133 1460 5203 splendore
1510 5132 1678 5188 vitam
1707 5131 1774 5186 il-
1883 5139 2066 5186 tantur
2101 5127 2400 5183 secundum
2443 5126 2714 5181 utentium
2760 5118 3203 5192 propensionem,
3253 5131 3457 5188 eosque

203 5229 505 5286 lustrarunt
533 5243 710 5293 suam,
742 5241 969 5296 seseque
990 5226 1059 5280 ab
1088 5226 1234 5279 omni
1257 5224 1566 5291 faeculenta,
1591 5224 1775 5279 humi-

203 5327 574 5392 que-repente
612 5318 906 5374 vitiositate
945 5325 1321 5381 secreverunt,
1384 5322 1548 5384 atque
1590 5314 1656 5368 ad
1695 5313 1778 5368 di-

207 5413 398 5469 vinum
419 5412 750 5480 coelesteque
785 5409 917 5464 illud
948 5409 1222 5480 fastigium
1254 5408 1616 5472 sustulerunt,
1642 5422 1777 5462 con-

204 5520 400 5578 gruum
439 5514 524 5559 est
563 5504 751 5559 beatos
788 5500 1059 5572 judicare,
1108 5499 1438 5568 laudumque
1478 5499 1770 5568 prazconiis

205 5597 617 5661 commendare;
638 5595 678 5650 si
703 5594 832 5664 quid
856 5592 1004 5648 aliud
1033 5605 1219 5645 eorum
1252 5589 1525 5644 inferioris
1547 5590 1774 5656 ordinis,

210 5703 333 5760 quae
363 5688 520 5759 vulgo
546 5688 684 5744 bona
714 5685 1093 5743 existimantur
1125 5697 1279 5752 τίμιαι
1303 5697 1427 5736 cum
1452 5680 1768 5735 facillimum

1883 5222 1950 5276 ad
2000 5220 2082 5275 sui
2133 5218 2548 5274 delectationem
2591 5215 2901 5270 traducunt.
2938 5210 3029 5265 Sic
3081 5209 3229 5264 enim
3273 5210 3459 5264 incre-

1883 5321 2128 5368 mentum
2177 5312 2356 5380 capiet
2387 5309 2561 5363 virtus
2600 5321 2813 5365 eorum;
2857 5303 2948 5373 qui
2986 5316 3107 5356 eam
3150 5308 3456 5366 sectantur,

1887 5420 2025 5476 quos
2064 5403 2352 5458 admiratio
2387 5399 2778 5469 consequitur:
2809 5404 2973 5466 atque
3016 5395 3136 5465 ejus
3186 5393 3456 5448 luminum

1889 5497 2206 5567 splendores
2243 5492 2582 5550 disseminati
2630 5505 2728 5560 per
2770 5489 3081 5542 auditorum
3122 5499 3284 5540 aures
3333 5499 3460 5540 cum

1889 5589 2066 5644 fausta
2101 5583 2512 5648 acclamatione,
2559 5581 2626 5637 ad
2673 5578 2920 5636 eamdem
2962 5577 3222 5632 virtutem
3261 5589 3458 5644 capes-

1891 5680 2114 5737 sendam
2150 5676 2439 5749 diligentes
2484 5688 2546 5731 ac
2576 5672 2762 5744 vigiles
2812 5670 3021 5726 animos
3058 5665 3460 5725 exstimulant:
