3928 6246
277 240 417 308 1369

1179 237 1461 299 ORATIO
1492 237 1880 299 FUNEBRIS
1925 237 2008 298 IN
2047 235 2118 296 Β.
2149 236 2670 300 ATHANASIUM.

3410 231 3548 302 I370

278 363 398 420 est;
437 349 529 423 qui
570 349 689 405 fieri
727 356 935 422 potest,
980 356 1039 403 ut
1079 362 1245 417 quam
1271 347 1553 418 despicere
1593 348 1859 417 optimum
1892 358 1934 412 Α
1963 347 2216 417 aliquaue
2237 348 2602 414 haesitatione,
2637 357 2731 403 aut
2759 347 2958 421 ingrati
2982 347 3295 405 animivitio
3313 345 3545 406 fuerunt

279 449 430 502 factu
465 444 702 510 censuit,
749 459 816 498 ex
855 444 1048 497 eadem
1113 455 1262 496 nunc
1314 440 1566 496 deductis
1612 440 1862 494 laudibus

277 539 588 594 oblectetur
615 536 638 589 ?
1017 537 1021 542 '

350 649 407 703 4.
467 647 658 716 Itaque
711 659 776 700 ex
815 643 981 714 huius
1013 642 1204 714 patriae
1241 640 1439 707 ruinis,
1467 650 1634 709 atque
1663 655 1862 695 occasu

275 742 452 798 veluti
480 741 702 811 quidam
750 737 1100 809 phosphorus
1141 735 1418 800 exoriens,
1448 742 1706 804 parentes
1733 747 1862 788 suos

278 852 446 907 aeque
464 835 751 906 religiosos
784 847 849 886 ac
878 831 990 885 Deo
1017 830 1224 884 amicos
1252 827 1382 884 inde
1411 843 1440 882 a
1481 841 1651 898 puero
1679 826 1864 881 decla-

279 928 441 992 ravit,
499 941 626 982 cum
667 925 738 979 ab
788 923 856 978 iis
898 922 1069 976 [ilium
1109 921 1329 975 Christo
1358 920 1447 990 pie
1479 918 1861 979 offerentibus,

279 1021 631 1091 primumque
672 1016 910 1070 fructum
963 1011 1395 1083 producentibus
1423 1051 1441 1076 ,
1509 1010 1714 1080 optime
1767 1023 1865 1078 per

282 1113 452 1168 totius
495 1111 621 1166 vitae
666 1125 886 1164 cursum
924 1108 1092 1162 fuerit
1129 1107 1456 1162 Athanasius
1495 1107 1770 1161 enutritus
1794 1105 1862 1159 ad

282 1202 604 1272 obsequium
631 1199 902 1255 divinum.
938 1197 1078 1264 Quid
1117 1207 1303 1253 autem
1331 1196 1498 1252 refert
1521 1196 1731 1267 singula
1768 1209 1864 1249 eo-

279 1305 404 1345 rum
447 1289 705 1360 praeclare
737 1287 878 1341 facta
912 1300 1222 1350 recensere,
1256 1301 1381 1340 cum
1412 1300 1479 1340 ex
1505 1284 1686 1339 fructu
1704 1284 1865 1338 arbo-

281 1398 396 1437 rem
420 1380 679 1436 admirari
713 1379 886 1449 probe
927 1378 1361 1449 cognoscamus?
1391 1377 1749 1431 Declararunt
1775 1386 1860 1431 et-

278 1475 426 1529 enim
469 1473 676 1528 celsum
700 1488 766 1527 ac
799 1487 1127 1544 generosum
1169 1471 1337 1525 animi
1365 1471 1449 1525 sui
1495 1471 1662 1524 robur
1693 1470 1864 1525 vehe-

281 1575 498 1620 mentes
527 1565 737 1620 obortae
776 1574 967 1620 contra
1014 1579 1110 1619 eos
1142 1564 1496 1626 tentationes,
1522 1564 1676 1628 quasi
1731 1577 1862 1632 pro-

280 1657 496 1712 cellosae
523 1664 880 1724 tempestates
911 1664 966 1710 et
991 1656 1309 1726 grandines,
1346 1656 1442 1710 sed
1467 1656 1691 1710 minime
1723 1657 1855 1712 illud

280 1748 692 1804 labefactantes.
745 1747 898 1803 Sicut
945 1749 1092 1802 enim
1138 1748 1332 1802 fornax
1385 1749 1580 1818 probat
1626 1764 1857 1816 aurum;

278 1843 427 1896 venti
451 1849 656 1907 autem,
685 1847 741 1896 et
787 1840 1004 1910 pluviae,
1045 1849 1101 1896 et
1127 1842 1441 1912 grandines,
1483 1849 1538 1895 et
1585 1849 1862 1896 torrentes

279 1930 514 2000 probant
553 1930 750 1984 aedium
777 1929 1175 2000 fundamenta;
1211 1930 1284 1984 ita
1320 1929 1558 1999 in0pina:
1579 1930 1863 1984 calamita-

280 2033 364 2079 tes
384 2023 472 2078 vel
505 2022 720 2077 ﬁrmum
749 2039 813 2078 ac
841 2023 1134 2086 munitum,
1173 2024 1258 2078 vel
1296 2022 1624 2077 imbecillum
1660 2038 1724 2078 ac
1756 2023 1860 2077 de-

285 2114 480 2167 tritum
515 2115 757 2169 auimum
787 2115 1047 2184 detegunt
1073 2113 1497 2168 :lsmaelitarum
1517 2115 1663 2168 enim
1701 2123 1864 2184 atque

280 2205 655 2276 Agarenorum
704 2206 938 2260 Barbara
979 2220 1148 2276 gens,
1193 2221 1292 2275 per
1321 2221 1484 2274 quam
1523 2206 1623 2276 (sic
1663 2206 1866 2260 nostris

281 2298 726 2367 promerentibus
745 2297 1010 2367 peccatis)
1038 2296 1219 2350 Sicilia
1249 2297 1429 2351 insula
1457 2297 1736 2350 devastata
1756 2304 1862 2362 est,

283 2403 476 2458 poenas
505 2405 536 2443 a
566 2390 726 2444 nobis
757 2391 825 2444 de
858 2389 1402 2459 praevaricationibus
1428 2389 1581 2458 quasi
1623 2389 1862 2443 carnifex

282 2479 508 2549 exigens
541 2479 830 2548 (siquidem
871 2479 980 2534 Deo
1006 2495 1115 2534 non
1143 2488 1204 2533 ut
1225 2479 1364 2548 patri
1387 2479 1750 2542 obedivimus,
1769 2495 1865 2533 ne-

281 2586 387 2638 que
412 2571 626 2626 facilem
659 2572 834 2626 eidem
875 2571 1092 2626 vocanti
1136 2573 1408 2626 cervicem
1457 2572 1865 2640 iuclinavimus)

282 2665 484 2720 multas
505 2665 722 2734 quidem
746 2665 972 2734 diripuit
993 2665 1244 2720 civitates
1261 2681 1325 2720 ac
1351 2665 1579 2718 vastavit
1605 2683 1619 2728 ;
1648 2680 1868 2719 earum-

283 2771 389 2824 que
423 2756 572 2810 cives
611 2771 734 2810 cnnt
785 2755 1031 2809 finitimis
1049 2755 1434 2821 accolis,‘alios
1461 2754 1678 2824 quidem
1711 2771 1865 2826 ama-

284 2848 504 2904 rissimo
539 2848 730 2902 mortis
775 2863 994 2915 genere,
1031 2863 1134 2916 qua
1172 2848 1374 2915 gladio,
1407 2863 1511 2916 qua
1545 2846 1686 2900 fame
1717 2848 1866 2900 delc-

282 2940 386 3008 vit,
414 2941 660 3008 marique
690 2941 1006 2993 submersos
1038 2939 1328 2994 suifocavit
1354 2956 1367 3002 ;
1402 2940 1499 2992 hos
1528 2949 1713 2993 autem
1740 2954 1863 3009 gra—

282 3031 522 3087 vissimis
572 3032 860 3096 molestiis,
911 3048 974 3087 ac
1005 3033 1242 3087 vinculis
1278 3033 1590 3098 damnavit;
1626 3041 1681 3087 et
1730 3033 1867 3087 alios

284 3122 477 3193 procul
514 3139 543 3176 a
574 3123 788 3176 nutrice
818 3133 962 3178 terra
985 3125 1252 3178 miserum
1283 3125 1338 3178 in
1372 3125 1593 3178 modum
1636 3125 1866 3197 aufuge-

282 3229 362 3277 re,
399 3223 456 3269 et
483 3229 582 3284 per
601 3221 815 3268 exteras
850 3216 1098 3270 nationes
1129 3216 1306 3284 coegit
1337 3216 1598 3286 divagari.

353 3308 409 3362 5.
451 3306 611 3362 Hisce
662 3308 1074 3377 tempestatibus
1117 3309 1397 3362 Athanasii
1441 3316 1697 3378 parentes
1751 3324 1861 3362 uua

283 3416 410 3456 cum
449 3403 730 3454 communi
767 3402 877 3455 filio
911 3401 1228 3455 domesticis
1280 3402 1446 3456 rebus
1497 3401 1866 3455 valedicentes

287 3493 493 3562 (neque
541 3493 687 3546 enim
748 3501 999 3563 poterant
1046 3492 1205 3546 siccis
1245 3491 1422 3546 oculis
1477 3491 1680 3546 intueri
1743 3491 1872 3546 hinc

285 3585 493 3640 Christi
546 3585 710 3648 ovile,
762 3595 976 3656 ga'titem
1031 3591 1295 3648 sanctam,
1334 3590 1387 3636 ct
1420 3582 1597 3652 regale
1624 3581 1877 3637 sacerdo-

286 3678 422 3732 tium
459 3677 600 3731 male
631 3677 874 3731 habitum
903 3677 970 3730 ab
995 3677 1196 3745 impiis,
1225 3677 1362 3748 inde
1387 3677 1487 3729 hos
1519 3675 1754 3744 superbe
1783 3675 1877 3729 de—

285 3769 603 3838 spicientes,
667 3777 993 3836 nostrasque
1047 3767 1384 3821 calamitates
1430 3766 1774 3826 deridentes.
1817 3773 1876 3819 ut

285 3862 343 3916 in
393 3861 653 3931 iujuriam
694 3877 874 3915 rerum
923 3865 1170 3914 omnium
1237 3861 1540 3915 conditoris
1597 3859 1694 3914 Dei
1738 3875 1874 3929 quas

285 3969 549 4024 percusso
580 3952 782 4007 foedere
809 3953 1244 4007 exterminarent
1276 3953 1577 4022 perfectum
1611 3953 1874 4022 populum

287 4043 693 4106 Christianum,
721 4050 891 4109 utque
930 4042 1078 4095 nulla
1105 4043 1226 4110 ejus
1257 4041 1517 4095 memoria
1542 4041 1870 4111 remaneret)

287 4134 347 4188 in
407 4134 688 4203 antiquam
753 4131 1118 4202 Peloponnesi
1169 4134 1472 4187 .Patrarum
1549 4132 1623 4203 (4)
1682 4133 1875 4186 urbem

288 4226 766 4296 commigrarunt:
807 4225 898 4279 ubi
938 4225 1065 4278 olim
1106 4224 1198 4294 qui
1242 4225 1452 4293 primus
1494 4223 1561 4278 ad
1599 4209 1871 4292 apostola-

286 4327 404 4373 tum
437 4326 662 4373 vocatus
678 4317 854 4371 fuerat
889 4319 1137 4372 Andreas
1174 4317 1288 4386 (qui
1327 4325 1382 4369 et
1408 4316 1629 4369 Petrum
1669 4332 1877 4386 germa-

287 4427 420 4468 num
449 4409 696 4472 fratrem,
722 4417 779 4463 et
813 4408 957 4463 illitis
985 4409 1156 4462 beatae
1179 4407 1592 4478 phalangisjam
1624 4406 1864 4460 futurmn

1967 440 2228 510 perculsi,
2251 450 2344 496 aut
2372 441 2638 496 adversus
2673 441 2857 495 divina
2886 439 3091 510 judicia
3123 451 3546 496 murmurarunt

1962 534 2108 604 quod
2143 549 2253 588 non
2283 533 2555 604 condigne
2578 575 2593 599 ,
2640 543 2804 604 atque
2831 549 3024 588 eorum
3069 535 3238 590 totius
3278 544 3548 589 anteactae

1961 627 2088 682 vitae
2125 641 2306 680 mores
2357 626 2858 696 promerebantur,
2900 625 3124 697 indigna
3181 627 3548 696 paterentur?

1963 715 2172 769 minine
2193 728 2323 768 vero
2359 713 2510 768 :imo
2539 729 2670 768 vero
2689 714 2853 768 etiam
2880 729 2946 768 ex
2983 713 3068 779 iis,
3105 729 3228 784 quae
3261 715 3316 767 in
3353 725 3544 768 nostra

1964 813 2235 876 potestate
2270 821 2381 859 non
2412 814 2560 870 sunt,
2597 805 2741 874 quod
2783 805 2959 859 solum
2995 804 3211 875 placere
3241 803 3353 859 Deo
3401 803 3548 858 arbi-

1967 892 2276 956 trabantur,
2304 891 2438 948 illud
2467 908 2635 946 unum
2667 893 3056 962 sequebantur.

2036 1008 2088 1063 6.
2123 1007 2323 1062 Eorum
2352 1023 2484 1064 vero
2513 1007 2676 1072 ﬁlius,
2696 1007 2793 1076 qui
2818 1008 2885 1062 ab
2919 1007 3330 1063 immortalitate
3377 1007 3550 1064 dedu-

1964 1101 2042 1155 xit
2077 1114 2298 1164 nomen,
2331 1099 2496 1154 divini
2544 1100 2744 1154 amoris
2777 1099 3032 1154 incendio
3066 1117 3162 1153 cor
3209 1101 3422 1156 habens
3463 1101 3550 1155 in-

1964 1191 2324 1255 ﬂammatum,
2368 1206 2509 1260 pene
2554 1191 2846 1244 immemor
2886 1206 3294 1256 aerumnarum,
3349 1191 3552 1260 quibus

1965 1283 2339 1346 obsidebatur,
2371 1282 2438 1338 ad
2465 1282 2809 1352 praeclariora
2839 1281 3081 1336 facinora
3108 1282 3548 1352 aggrediebatur.

1964 1375 2178 1430 Etenim
2229 1373 2417 1428 firmus
2457 1389 2520 1427 ac
2552 1373 2760 1427 stabilis
2788 1373 3008 1428 animus
3046 1373 3352 1437 Athanasii,
3382 1383 3437 1428 et
3483 1374 3552 1429 ab

1965 1469 2117 1524 omni
2161 1449 2632 1536 perturbationum
2673 1467 2834 1520 sorde
2890 1467 3140 1536 expiatus
3189 1481 3296 1520 non
3327 1467 3394 1520 ad
3438 1466 3550 1536 jam

1964 1561 2291 1624 collectum,
2333 1555 2450 1614 sed"
2476 1559 2542 1612 ad
2591 1560 2863 1628 reliquum
2913 1559 3178 1613 virtutum
3231 1559 3551 1612 thesaurum

1966 1652 2154 1708 oculos
2173 1652 2480 1722 adjiciebat:
2511 1650 2647 1706 Illud
2677 1652 2841 1705 etiam
2881 1651 2936 1704 in
2961 1651 3147 1720 seipso
3178 1651 3401 1720 exsequi
3434 1659 3552 1705 stu-

1964 1746 2146 1811 debat,
2179 1753 2240 1799 nt
2269 1760 2391 1814 quae
2412 1753 2558 1799 retro
2588 1753 2773 1799 essent
2799 1759 2864 1798 ex
2896 1745 3078 1815 magni
3107 1743 3353 1813 Apostoli
3397 1743 3549 1797 Pauli

1965 1853 2127 1893 sensu
2175 1837 2654 1899 oblivisceretur‘,
2703 1844 2760 1890 et
2801 1837 2868 1889 ad
2903 1851 2990 1901 ea,
3049 1851 3170 1906 quae
3200 1846 3328 1890 ante
3359 1837 3550 1891 oculos

1965 1938 2148 1983 essent
2172 1929 2296 1993 sita,
2330 1943 2608 1998 nunquam
2647 1945 2757 1981 non
2789 1928 3060 1998 aspiraret
3094 1945 3107 1981 :
3141 1938 3305 1998 atque
3349 1929 3553 1983 identi-

1965 2022 2087 2077 dem
2122 2023 2336 2076 tametsi
2383 2030 2602 2076 terreno
2639 2021 2819 2074 adhuc
2859 2021 3096 2090 pulvere
3145 2022 3445 2083 involutus,
3489 2037 3555 2076 ac

1967 2120 2183 2167 terrena
2214 2112 2566 2181 perlustrans,
2591 2112 2660 2166 ad
2679 2111 2876 2166 coelum
2903 2112 3273 2166 contendebat
3301 2113 3546 2166 evolare.

1966 2203 2272 2260 Monastico
2299 2205 2466 2274 igitur
2492 2205 2622 2274 jugo
2652 2205 2849 2258 collum
2875 2205 3173 2275 subiungit,
3202 2205 3346 2273 quod
3377 2221 3499 2258 cum
3523 2221 3555 2258 at

1967 2299 2249 2352 mundano
2279 2297 2528 2366 strepitu,
2554 2304 2610 2350 et
2640 2296 3040 2366 intempestivis
3066 2297 3406 2366 negotiorum
3435 2312 3556 2349 vor-

1969 2389 2167 2443 ticihus
2198 2388 2523 2457 emancipat,
2553 2397 2664 2441 tum
2689 2403 2818 2442 suos
2854 2388 3174 2442 candidatos
3231 2388 3286 2440 iu
3327 2387 3553 2457 expedi-

1969 2491 2077 2536 tam
2112 2496 2142 2533 a
2173 2480 2338 2534 rebus
2367 2480 2623 2533 omnibus
2659 2479 3122 2548 tranquillamque
3167 2479 3356 2541 vitam,
3402 2479 3552 2532 velut

1967 2571 2021 2625 in
2053 2580 2269 2640 portum
2303 2571 2664 2638 undequaque
2709 2579 2906 2633 tuttnn,
2940 2569 3211 2622 adducere
3239 2567 3546 2621 consuevit.

1967 2661 2155 2731 Itaque
2183 2660 2346 2714 rebus
2379 2661 2633 2714 omnibus
2653 2661 2895 2716 caducis.
2931 2660 3062 2729 ipsis
3091 2674 3307 2728 quoque
3353 2674 3552 2728 paren-

1969 2752 2114 2806 tibus
2142 2753 2324 2804 valere
2346 2749 2532 2816 jussis,
2561 2761 2619 2802 ut
2648 2751 2873 2803 remotis
2903 2751 3125 2804 arbitris
3156 2766 3262 2804 una
3293 2767 3417 2805 cum
3439 2752 3550 2804 Deo

1969 2845 2421 2905 communicaret,
2456 2858 2580 2896 cum
2609 2857 2786 2911 eoque
2818 2844 3038 2897 assidue
3068 2846 3346 2899 versando
3384 2845 3556 2899 divini

1967 2936 2240 3006 particeps
2270 2934 2472 2988 amoris
2513 2933 2687 2999 fieret,
2727 2934 2800 2986 illi
2837 2949 3059 3003 Operam
3091 2935 3272 2987 dando
3305 2944 3556 2988 contem-

1970 3027 2220 3097 plationi,
2247 3027 2394 3096 quod
2430 3024 2694 3079 Dominus
2725 3025 2844 3094 ipse
2869 3033 2954 3078 est
2983 3026 3143 3089 Deus,
3184 3026 3327 3080 inter
3350 3027 3556 3095 primos

1971 3122 2100 3174 huic
2122 3121 2244 3174 vitae
2270 3135 2490 3188 cperam
2517 3128 2784 3172 navantes
2813 3119 3096 3188 plusquam
3123 3119 3392 3173 secundas
3412 3119 3555 3179 tttlit,

1969 3215 2188 3268 tametsi
2224 3222 2372 3267 esset
2417 3221 2578 3266 aetate
2607 3213 3070 3267 adolescentulus.
3101 3212 3314 3265 Etenim
3355 3221 3554 3281 praeter

1969 3309 2234 3366 asceticas
2265 3306 2708 3368 exercitationes,
2751 3322 2874 3362 cum
2911 3322 2940 3360 a
2986 3306 3279 3359 mundanis
3309 3305 3551 3376 negotiis

1976 3404 2320 3463 abhorreret,
2354 3401 2516 3454 simul
2546 3415 2668 3452 cum
2709 3400 2794 3465 iis,
2815 3400 2906 3469 qui
2942 3399 2996 3452 in
3027 3399 3266 3452 desertis
3300 3398 3556 3467 agebant,

1971 3494 2426 3565 juctmdissimam
2472 3491 2585 3545 Deo
2621 3507 2842 3561 operam
2876 3492 3063 3546 dabat.
3101 3491 3373 3544 Hocenim
3401 3490 3557 3543 labo-

1978 3588 2183 3641 riosum
2212 3586 2338 3640 vita:
2371 3585 2710 3647 institutmu,
2741 3583 2896 3653 quasi
2924 3583 3115 3652 jugutu
3149 3581 3292 3634 ferre
3319 3596 3349 3634 a
3385 3580 3559 3649 prima

1975 3691 2158 3745 aetate,
2214 3694 2276 3733 ac
2306 3693 2405 3748 per
2432 3676 2760 3732 solitudines
2815 3675 3024 3741 vivere,
3072 3675 3269 3728 mirum
3295 3681 3562 3743 quantum

1975 3770 2303 3843 exoptabat?

1974 3903 2104 3957 CAP.
2129 3901 2217 3954 lll.
2263 3930 2333 3943 —
2366 3901 2680 3958 Mouasterii
2704 3901 3042 3970 prwfectura.
3078 3929 3144 3938 —
3185 3896 3554 3966 Episcopatus.

2047 4035 2098 4088 7.
2126 4033 2343 4088 Diutius
2373 4048 2502 4102 ergo
2541 4032 2608 4085 ad
2653 4031 2778 4086 vitae
2816 4045 2988 4100 genus
3034 4029 3349 4091 callentem,
3395 4037 3561 4095 atque

1974 4129 2176 4182 luctam
2205 4127 2500 4180 obeuntem
2545 4140 2654 4177 nou
2684 4123 2950 4176 adversus
2986 4137 3206 4175 carnem
3241 4130 3298 4174 et
3336 4119 3559 4190 sangui-

1972 4236 2125 4286 nem,
2164 4219 2260 4273 sed
2290 4219 2552 4272 adversus
2583 4217 2861 4285 principes
2891 4223 2945 4268 et
2979 4223 3298 4284 potestates,
3333 4223 3559 4266 contra-

1975 4329 2082 4383 que
2110 4310 2408 4381 spiritualia
2448 4309 2727 4379 nequitiae,
2773 4307 3119 4377 conspiciens
3155 4306 3263 4366 ille,
3297 4306 3389 4375 qui
3424 4303 3562 4360 inibi

1977 4399 2370 4454 monachorum
2404 4411 2522 4451 erat
2570 4398 2811 4450 Antistes
2857 4397 3094 4464 (fortiter
3137 4396 3287 4450 enim
3327 4411 3390 4449 ac
3416 4404 3559 4451 stre-

285 4502 592 4575 principem
619 4500 904 4556 advocavit
934 4499 999 4553 ad
1037 4499 1340 4561 Christum,
1382 4498 1472 4570 qui
1504 4514 1562 4552 se
1597 4498 1748 4568 prius
1775 4497 1871 4551 ad-
1902 4465 1948 4522 ῖ)
1981 4509 2110 4558 uue,
2147 4503 2203 4546 et
2228 4507 2296 4545 ex
2320 4489 2641 4544 monasticae
2671 4489 2806 4558 legis
2834 4488 3087 4542 inStituto
3120 4488 3177 4543 in
3219 4503 3438 4542 arenam
3464 4489 3561 4542 de-

286 4595 602 4659 vocaverat)
648 4601 771 4664 post
813 4593 1032 4664 longttm
1094 4593 1421 4663 evangelicae
1469 4591 1872 4662 praedicationis

284 4703 533 4752 cursum,
582 4685 964 4741 felicissimum
994 4685 1120 4739 vitae
1169 4684 1330 4738 fmeiu
1372 4693 1526 4738 actus
1567 4684 1621 4738 in
1649 4700 1869 4738 crucem

286 4786 618 4835 consecutus
645 4787 770 4842 est,
807 4777 983 4847 ipsum
1014 4792 1230 4846 quoque
1267 4777 1554 4830 Dominum
1587 4775 1641 4829 in
1672 4783 1864 4840 morte,

285 4873 430 4927 sicut
457 4871 624 4926 etiam
651 4871 772 4925 aliis
798 4871 853 4925 in
888 4870 1056 4924 rebus
1090 4870 1368 4931 omnibus,
1398 4869 1666 4923 imitatus.
1697 4869 1868 4922 Atidi-

286 4971 484 5018 verant
521 4962 726 5032 quippe
779 4961 1064 5016 Athanasii
1131 4971 1388 5031 parentes
1436 4962 1683 5016 divinum
1736 4961 1867 5016 illttd

285 5055 586 5111 Abrahami
626 5053 952 5123 patriarchae
993 5054 1315 5118 oraculum,
1374 5053 1601 5123 patriam
1642 5061 1866 5116 terram,

285 5145 571 5218 propriam
599 5145 846 5211 domum,
868 5152 922 5198 et
950 5145 1333 5214 cognationem
1363 5144 1466 5199 sibi
1503 5144 1869 5214 relinquenti-

285 5241 391 5297 bus
432 5254 501 5294 eo
540 5236 647 5293 loci
678 5236 1171 5309 commigraudum.
1218 5238 1360 5304 Quid
1403 5252 1534 5292 vero
1579 5236 1634 5291 in
1674 5236 1868 5292 hisce?

358 5419 372 5447 ’
409 5413 652 5496 Philipp.
715 5430 800 5480 tu,
851 5415 942 5472 i5.

1979 4584 2299 4648 scendebat,
2339 4591 2395 4636 et
2424 4582 2492 4636 ad
2529 4583 3102 4652 superum‘vocationis
3126 4583 3374 4636 bravium
3397 4596 3562 4650 quam

1979 4676 2263 4731 celerrimo
2307 4689 2492 4737 cursu,
2529 4673 2833 4742 meritoque
2881 4673 3284 4742 asseqttendunt
3330 4671 3562 4725 festina-

1976 4765 2116 4835 bat),
2178 4766 2404 4838 collegio
2436 4765 2829 4819 monachorum
2900 4765 3144 4834 praefecit
3178 4761 3559 4818 Athanasium.

1976 4859 2075 4914 Cui
2107 4860 2357 4929 quamvis
2382 4861 2679 4923 recusanti,
2713 4867 2772 4911 ιιι
2800 4874 2867 4911 ne
2889 4874 2992 4926 qua
3020 4858 3230 4911 ratione
3251 4855 3563 4910 sollicitudo

1976 4951 2122 5006 circa
2153 4952 2271 5004 illos
2291 4951 2674 5021 cegitationem
2706 4951 2826 5019 ejus
2857 4966 2918 5004 ex
2945 4950 3207 5004 altissima
3227 4949 3561 5018 contempla-

1977 5047 2127 5102 tione
2177 5052 2455 5108 avocaret,
2503 5043 2884 5112 praefecturam
2939 5050 3119 5095 tameu
3173 5040 3388 5094 detulit.
3433 5038 3557 5095 Non

1982 5138 2130 5193 enim
2173 5151 2388 5206 aequum
2441 5143 2558 5190 erat
2602 5135 2773 5187 multo
2825 5143 3067 5203 tempore
3102 5133 3394 5186 stabilitam
3433 5148 3560 5202 spe-

1975 5241 2287 5301 ctatamque
2329 5229 2654 5300 probitatem
2686 5240 3082 5280 consenescere
3111 5225 3339 5305 otiosam
3368 5232 3422 5280 et
3453 5225 3559 5278 itu-

358 5591 436 5662 (4)
466 5593 665 5664 Patrae,
698 5592 932 5664 Πάτραι,
971 5591 1101 5645 urbs
1122 5588 1355 5648 celebris
1395 5589 1618 5647 Achaiae
1639 5589 1859 5662 prOprie
1898 5589 2056 5646 dictae
2086 5589 2140 5645 in
2165 5587 2563 5660 Peloponneso,
2597 5591 2711 5659 ubi,
2752 5601 2810 5648 ut
2850 5590 2935 5646 hic
2975 5588 3198 5656 dicitur,
3220 5581 3542 5658 martyrium

287 5665 456 5721 subiit
488 5663 547 5718 S.
580 5663 829 5721 Andreas
855 5664 1152 5734 apostolus.
