3978 6238
426 282 557 369 tm

1533 317 1765 381 PETRI
1801 314 2179 376 ARGORUM
2217 312 2563 374 EPlSCOPI

3531 308 3669 375 1372

422 414 761 482 muniﬁcam,
785 432 1019 489 cumque
1044 417 1137 485 iis,
1165 419 1364 491 quibus
1384 434 1522 500 opus
1546 429 1685 484 erat,
1713 421 1995 490 haudqua-
2023 422 2067 479 Α
2097 428 2157 471 ut
2199 427 2418 472 sanctus
2464 425 2727 487 propneta
2765 416 3004 488 loquitur
3029 416 3099 488 ⁸),
3141 416 3342 487 quique
3396 412 3663 482 dicerent,

425 523 587 576 quam
617 510 1028 566 communicari.
1070 511 1283 567 Etenim
1308 512 1400 582 qui
1439 512 1751 567 divitiarum
1782 513 1994 583 copiam

425 600 754 655 eaducarum
784 603 1033 657 restricta
1069 604 1356 658 tenacitate
1388 605 1529 673 apud
1564 619 1623 659 se
1648 604 1868 669 retinet,
1896 620 1998 659 ne-

427 705 534 759 que
563 707 683 747 eam
712 693 767 747 in
796 709 997 764 egenos
1029 694 1305 759 diﬁundit,
1350 694 1473 749 fons
1500 695 1628 749 item
1663 711 1833 765 aquas
1862 697 1999 750 bau-

364 844 367 849 λ
430 782 540 836 rire
561 800 766 855 negans
783 787 1112 854 sitientibus,
1135 787 1250 857 ipsa
1266 802 1480 855 quoque
1502 787 1661 841 tellus
1678 788 1791 841 suis
1814 788 1999 843 celans

429 875 643 930 arcanis
672 877 842 947 adytis
888 880 1194 943 thesauros,
1229 894 1334 932 non
1360 879 1586 948 perinde
1619 892 1747 934 sunt
1776 881 1995 950 vitupe-

430 966 650 1031 rabiles,
685 977 847 1038 atque
891 970 936 1023 is
966 971 1059 1038 qui
1105 971 1245 1038 apud
1295 985 1415 1024 sese
1458 971 1729 1039 Spiritales
1781 972 2000 1026 divitias

430 1056 590 1119 celat,
641 1072 821 1127 neque
856 1059 975 1113 aliis
1022 1060 1331 1128 impertitur
1361 1080 1375 1116 :
1411 1061 1680 1131 siquidem
1725 1076 1834 1115 non
1888 1072 1999 1117 tam

432 1146 533 1200 sibi
575 1148 822 1218 quisque,
864 1166 1025 1219 quam
1060 1151 1178 1206 aliis
1199 1153 1791 1222 percepitcharismata
1833 1155 2000 1225 gratis

434 1252 465 1291 a
490 1237 599 1293 Deo
628 1240 847 1295 collata.
876 1244 1110 1311 Ideoque
1147 1244 1400 1299 Christus
1430 1245 1690 1301 Dominus
1706 1247 1843 1302 dixit
1875 1247 2001 1303 :Sic

436 1329 606 1383 luceat
633 1330 728 1384 tua:
753 1343 920 1385 vestra
947 1350 1125 1386 coram
1151 1335 1461 1398 hominibus,
1499 1347 1555 1389 ut
1584 1336 1794 1390 videant
1837 1354 1998 1406 opera

434 1430 606 1474 vestra
649 1421 803 1488 bona,
845 1432 893 1477 et
922 1424 1213 1495 glorificent
1259 1426 1475 1480 Patrem
1508 1439 1755 1494 vestrum,
1808 1432 1897 1501 qui
1944 1432 1999 1486 in

434 1510 575 1565 caelis
598 1524 673 1565 est
706 1517 747 1568 ⁸.

503 1600 556 1654 8.
596 1602 701 1656 Ubi
732 1619 860 1658 vero
889 1604 1123 1673 majores
1144 1606 1199 1658 in
1224 1603 1525 1662 Athanasio
1548 1607 1863 1664 divitiarum
1886 1626 1998 1667 coe-

435 1688 654 1744 lestium
686 1694 1031 1747 accessiones
1056 1694 1171 1748 ﬁeri
1203 1698 1501 1765 perspexit,
1544 1713 1664 1767 qua:
1693 1701 1992 1769 compluri-

2098 508 2405 563 Benedictus
2427 511 2496 563 sit
2520 510 2795 573 Dominus,
2822 512 3006 565 divites
3020 511 3145 579 facti
3164 522 3375 570 sumus;
3405 508 3497 562 sed
3535 523 3665 563 vere

2099 616 2164 655 ex
2200 600 2286 661 iis,
2327 601 2420 671 qui
2455 600 2700 656 inﬁrmos
2716 602 3152 663 corroborarent,
3178 599 3481 653 excitarent
3535 611 3666 663 pro-

2100 702 2321 757 stratos,
2378 692 2585 748 debiles
2621 708 2684 747 ac
2713 706 2935 747 mancos
2975 690 3312 761 colligarent,
3343 696 3401 742 et
3427 686 3494 741 ad
3542 701 3669 739 cur-

2100 784 2333 839 tendum
2354 784 2789 843 exstimularent.
2815 783 3168 851 animumque
3192 789 3248 835 et
3277 778 3422 834 vires
3451 776 3671 832 suﬁice—

2101 886 2242 930 rent.

2170 968 2224 1023 9.
2266 967 2471 1038 Agebat
2510 980 2639 1021 vero
2680 965 2726 1020 is
2767 964 3083 1036 dignitatem
3138 960 3503 1033 episcopalem
3552 974 3669 1013 non

2100 1058 2265 1113 animi
2300 1058 2493 1128 gratia,
2538 1058 2634 1113 sed
2657 1056 2930 1126 'majorum
2988 1070 3152 1111 causa
3192 1053 3551 1108 certaminum
3599 1066 3670 1104 ac

2102 1148 2349 1203 laborum
2370 1190 2383 1210 ,
2420 1162 2579 1217 quam
2610 1148 2889 1217 superiore
2924 1146 3032 1201 vita
3073 1145 3474 1206 exantlaverat,
3522 1142 3672 1199 sicut

2102 1239 2273 1293 multo
2309 1239 2491 1308 plures
2530 1238 2583 1292 in
2625 1237 2785 1293 ﬁdem
2831 1252 2983 1291 suam
3024 1233 3664 1300 administrationemque

2104 1329 2710 1398 susceperat:ideoque
2764 1344 2874 1383 non
2917 1326 3099 1383 verbis
3136 1325 3267 1380 solis
3306 1338 3423 1390 eos,
3469 1322 3673 1390 quibus

2103 1433 2240 1487 opus
2277 1427 2413 1482 erat,
2447 1418 2751 1481 erudiebat,
2799 1418 2893 1472 sed
2924 1416 3174 1486 exemplo
3199 1416 3370 1469 multo
3394 1413 3561 1484 magis
3588 1412 3663 1465 ad

2103 1522 2165 1563 ea
2200 1523 2319 1578 quae
2348 1508 2523 1562 fuerat
2542 1509 2853 1563 cohortatus
2881 1509 3146 1563 trahebat.
3192 1509 3260 1563 Et
3280 1506 3496 1577 quidem
3534 1506 3672 1559 illu-

2105 1597 2297 1652 strium
2320 1599 2580 1654 virtutum
2615 1607 2796 1669 partes
2834 1600 2905 1653 ita
2924 1608 3071 1653 recte
3106 1599 3232 1669 egit,
3262 1598 3444 1667 itaque
3467 1596 3669 1649 subse-

2102 1689 2394 1756 quentibus
2413 1704 2505 1743 eas
2528 1689 2751 1759 reliquis
2773 1704 2905 1744 usus
2940 1699 3044 1752 est,
3084 1698 3145 1743 ut
3173 1688 3323 1742 nullo
3361 1686 3520 1749 modo
3554 1700 3670 1754 prae

433 1779 538 1833 bus
565 1779 987 1850 ξιοουριθιίιηάίε
1027 1785 1161 1838 satis
1204 1800 1477 1854 superque
1514 1797 1730 1854 essent,
1773 1790 1999 1860 ejusque
2029 1800 2072 1857 Β
2102 1780 2479 1848 exsuperantia
2509 1781 2594 1835 vel
2627 1780 2845 1835 defectu
2883 1791 3073 1835 contra
3114 1780 3231 1835 illas
3271 1778 3669 1850 pugnantibus,

327 1933 334 1941 .
433 1869 779 1938 splendorem
812 1871 1068 1926 idoneum
1102 1874 1171 1929 ad
1197 1875 1547 1931 illustrandos
1572 1878 1672 1932 sibi
1698 1879 2002 1950 adjungen-

437 1969 540 2023 tes,
588 1968 713 2030 post
753 1976 944 2016 omnes
970 1965 1236 2017 honorum
1272 1963 1524 2021 Ecclesiae
1553 1969 1751 2037 gradus
1791 1970 1892 2024 rite
1922 1970 2005 2024 ci-

439 2056 629 2117 traque
656 2050 959 2119 cujuspiam
982 2054 1387 2108 contentionem
1407 2070 1757 2124 conscensos,
1787 2074 1911 2113 eum
1935 2060 2004 2115 ad

435 2153 709 2194 summum
754 2142 1234 2213 archiepiscopalis
1268 2145 1545 2216 dignitatis
1566 2150 1773 2218 apicem
1804 2153 2004 2207 sustol-

435 2230 549 2286 lere
586 2233 848 2297 decrevit,
889 2243 949 2288 ut
981 2250 1047 2289 ex
1081 2236 1312 2291 editiore
1360 2238 1528 2293 veluti
1571 2242 1790 2310 specula
1826 2242 2002 2312 pluri-

434 2338 553 2376 mos
583 2324 887 2394 dirigendo,
921 2326 1000 2380 eis
1040 2326 1283 2384 veritatis
1311 2329 1453 2383 viam
1496 2330 1915 2398 demonstraret,
1948 2344 2005 2391 et

435 2427 534 2481 per
554 2428 673 2466 eam
717 2415 977 2484 dispulsis
1010 2417 1267 2482 tenebris,
1297 2418 1541 2489 citraque
1588 2422 1997 2491 oil‘endiculum,

433 2504 601 2559 veluti
633 2508 780 2562 clara
818 2508 940 2562 luce
986 2508 1302 2565 incedentes
1345 2513 1608 2569 erudiret.
1638 2515 1825 2585 Neque
1853 2518 1999 2571 enim

434 2601 517 2656 fas
547 2612 668 2657 erat
705 2604 912 2674 exiguis
939 2607 1121 2676 anguli
1150 2609 1413 2679 angustiis
1434 2626 1684 2682 magnam
1726 2615 2001 2671 occultare

433 2692 628 2759 facem,
650 2711 827 2764 neque
859 2699 1089 2767 perenni
1116 2699 1416 2770 ingentium
1449 2702 1734 2759 ﬂuminum
1764 2705 2001 2761 inunda-

433 2783 583 2840 tione
635 2788 987 2855 pomariolum
1051 2790 1394 2845 hortulumve
1438 2792 1692 2864 exiguum
1752 2795 1998 2867 irrigare.

433 2874 797 2941 Quamobrem
839 2878 1211 2935 Methonensis
1252 2882 1508 2937 Ecclesiae
1549 2885 1862 2940 cathedram
1914 2888 2001 2941 in-

435 2982 653 3037 gressus
688 2969 771 3039 (ea
806 2986 934 3025 vero
964 2982 1049 3027 est
1074 2973 1371 3028 clarissima
1389 2974 1776 3031 Messeniorum
1808 2980 2000 3036 civitas

435 3056 491 3110 in
530 3056 922 3132 Peloponneso)
982 3064 1166 3119 multis
1216 3064 1391 3131 illam,
1438 3075 1498 3120 ut
1546 3068 1995 3139 diligentissimus

2098 1868 2167 1923 de
2196 1868 2341 1939 regia
2388 1880 2643 1940 rectaque
2672 1870 2887 1925 illarum
2914 1870 3002 1926 via
3032 1869 3341 1932 deﬂectere,
3371 1870 3456 1923 vel
3480 1867 3670 1939 praeﬁ-

2100 1974 2199 2015 xos
2219 1960 2483 2016 terminos
2511 1977 2750 2032 unquam
2778 1962 3051 2018 transilire
3082 1962 3234 2018 visus
3253 1964 3343 2017 sit.
3375 1961 3440 2015 Et
3482 1961 3668 2030 primo

2099 2048 2317 2118 quidem
2366 2051 2558 2117 menti,
2602 2053 2695 2108 ubi
2731 2056 2812 2108 vis
2854 2053 3064 2109 consilii
3099 2054 3263 2117 inest,
3320 2068 3416 2108 eos
3456 2051 3672 2107 addidit

2100 2141 2404 2209 prudentiae
2431 2157 2646 2209 nervos,
2692 2132 2974 2199 ut’omnes
3004 2145 3149 2199 illius
3190 2153 3371 2199 motus
3406 2142 3464 2197 in
3494 2144 3670 2197 Deum

2100 2230 2332 2285 evehere
2355 2241 2658 2302 exoptaret.
2692 2232 2820 2288 Eam
2845 2234 3042 2290 deinde
3077 2235 3241 2289 animi
3278 2244 3510 2305 partem,
3542 2248 3672 2303 qua:

2096 2320 2372 2391 voluptate
2421 2325 2649 2393 capitur,
2681 2329 3053 2396 temperantia;
3089 2326 3259 2382 frenis
3297 2327 3659 2390 moderatam,

2096 2415 2240 2471 facili
2276 2418 2491 2488 negotio
2534 2430 2651 2475 uta
2695 2422 2926 2477 terrenis
2971 2421 3039 2476 ad
3067 2421 3307 2477 coelestia
3346 2421 3664 2475 subvolaret

2097 2510 2475 2566 condoccfecit
2508 2528 2523 2565 :
2554 2522 2716 2582 atque
2757 2513 2885 2569 illuc
2923 2528 3085 2568 omne
3123 2529 3281 2568 suum
3326 2512 3664 2568 desiderium

2095 2598 2170 2652 ita
2196 2601 2451 2665 traduxit,
2500 2611 2561 2657 ut
2599 2604 2751 2673 quasi
2805 2605 2875 2659 ad
2940 2620 3028 2659 res
3063 2606 3332 2669 caducas,
3369 2618 3666 2673 earumque

2094 2703 2354 2752 amorem,
2392 2692 2482 2761 qui
2519 2694 2587 2748 ab
2637 2694 2904 2762 imperitis
2956 2694 3179 2749 innatus
3230 2702 3505 2760 censetur,
3550 2707 3663 2747 non

2095 2787 2256 2835 natus
2283 2796 2423 2849 esse,
2463 2783 2557 2838 sed
2588 2785 2766 2853 potius
2788 2784 2889 2840 hac
2925 2800 2990 2839 ex
3018 2794 3170 2854 parte
3202 2793 3447 2839 mortuus
3489 2784 3666 2837 Atha-

2098 2871 2285 2926 nasius
2334 2874 2655 2940 videretum
2689 2873 2905 2930 Robore
2955 2891 3173 2946 quoque
3232 2876 3398 2931 animi
3435 2884 3668 2930 eatenus

2096 2960 2428 3035 iracundiam
2462 2964 2725 3032 edomuit,
2781 2966 2959 3036 quoad
3004 2967 3291 3022 dimicaret
3331 2976 3520 3021 contra
3546 2980 3667 3021 ser-

2100 3053 2281 3121 pentis
2304 3054 2577 3120 astutiam,
2613 3055 2759 3111 unde
2790 3056 2860 3111 ad
2898 3071 3000 3113 nos
3028 3058 3220 3113 mortis
3254 3072 3526 3112 venenum
3552 3072 3671 3126 per-

431 3149 686 3219 agi-mola,
731 3152 1051 3209 Christiana,
1093 3156 1309 3225 pietatis
1342 3159 1538 3227 plumis
1587 3162 1854 3217 consitam
1882 3164 2001 3219 red,
2026 3154 2072 3217 ρ
2102 3144 2275 3210 vasit;
2301 3146 2478 3213 quoad
2506 3146 2671 3201 etiam
2693 3147 2961 3205 adversus
2993 3150 3162 3203 malas
3190 3149 3669 3219 perturbationum

434 3243 574 3297 didit
616 3244 1011 3311 fecundiorem,
1047 3258 1210 3317 atque
1253 3249 1388 3303 adeo
1416 3250 1484 3305 ad
1514 3260 1758 3307 maturos
1801 3253 2001 3323 jucun-

434 3334 641 3404 dosque
674 3335 885 3393 fructus
907 3340 1270 3408 procreandos
1291 3344 1624 3411 perennibus
1665 3362 1777 3401 suae
1800 3348 2003 3402 doctri-

437 3440 524 3481 me
567 3428 992 3500 irrigationibns,
1039 3447 1139 3486 nec
1170 3446 1279 3485 non
1310 3434 1375 3488 ad
1410 3435 1651 3501 delicias,
1696 3445 1753 3492 et
1790 3454 2005 3496 amores

433 3531 617 3572 rerum
644 3522 885 3575 omnium
921 3522 1151 3578 Domino
1202 3525 1501 3580 adornavit.
1531 3525 1648 3579 Non
1676 3528 1821 3583 enim
1862 3530 2005 3600 turpi

434 3606 548 3661 otio
585 3623 650 3661 ac
700 3608 907 3663 desidia
948 3610 1242 3680 languens,
1295 3620 1354 3665 ut
1392 3611 1514 3680 quis
1561 3611 1700 3667 alius
1748 3617 2000 3670 mercede

434 3697 759 3761 conductus,
809 3700 1144 3769 assignatum
1180 3701 1283 3756 sibi
1329 3717 1560 3770 pensum
1603 3702 1869 3772 explevit;
1903 3705 2000 3759 sed

434 3796 496 3840 ut
529 3788 705 3843 bonus
748 3797 933 3858 pastor
957 3791 1169 3844 Domini
1202 3796 1284 3846 sui
1316 3807 1445 3847 oves
1485 3793 1806 3849 existimans
1845 3796 1998 3865 quasi

435 3892 564 3932 suas
585 3880 907 3947 peculiares,
940 3881 1102 3936 vitam
1134 3883 1390 3952 periculis
1419 3900 1712 3955 exponere,
1739 3902 1865 3941 cum
1912 3904 2001 3944 res

436 3977 761 4039 tempusque
797 3972 1120 4041 postularet,
1163 3972 1299 4028 nihil
1337 3991 1467 4029 sane
1504 3978 1815 4032 verebatur.
1854 3977 2000 4045 Qua-

435 4072 658 4129 propter
692 4062 748 4116 in
775 4063 1017 4119 adversis
1058 4066 1280 4122 casibus
1325 4068 1664 4137 praecedebat
1721 4070 1995 4140 reliquos,

434 4150 492 4204 in
523 4151 843 4220 periculosis
869 4155 1261 4225 propugnabat,
1298 4164 1354 4210 et
1394 4159 1781 4227 tegrotantibus
1823 4159 1999 4215 medi-

433 4257 533 4296 cus
561 4242 943 4299 inveniebatur
963 4245 1343 4314 peritissimus,
1367 4250 1528 4304 nudis
1562 4251 1691 4305 item
1714 4259 1999 4321 tegumen-

435 4336 571 4393 tum,
624 4330 1020 4386 nutrimentum
1076 4332 1368 4402 l‘amelicis,
1411 4338 1620 4394 maestis
1655 4340 1994 4408 consolatio,

434 4417 622 4471 dolore
670 4420 992 4476 exanimatis
1031 4422 1281 4494 voluptas
1311 4444 1325 4479 :
1358 4436 1542 4496 atque,
1578 4437 1639 4483 ut
1681 4431 1993 4486 summatim

434 4508 784 4576 complectar,
820 4513 1150 4580 spectandus
1183 4524 1300 4570 erat
1326 4528 1483 4585 pater
1506 4519 1794 4589 orphanis,
1820 4521 1999 4579 viduis

434 4605 716 4666 patronus,
752 4601 1010 4671 nulloque
1034 4604 1221 4661 habito
1245 4606 1480 4673 delectu,
1511 4611 1765 4665 omnibus
1810 4612 1994 4667 omnia

433 4686 630 4754 factus,
669 4698 728 4744 ut
753 4691 1013 4761 plurimos
1033 4695 1249 4752 Christo
1278 4699 1637 4755 lucrifaceret.
1666 4700 1799 4767 Quis
1815 4712 1997 4758 autem

432 4792 828 4837 commemoret
863 4792 1158 4841 nocturnas
1202 4802 1267 4843 ac
1319 4788 1507 4859 longas
1552 4791 1997 4860 pervigilationes

431 4876 656 4937 propter
691 4870 1088 4928 eosiassiduos
1116 4875 1329 4932 labores
1356 4893 1421 4933 ac
1453 4879 1875 4948 sollicitudines,
1922 4899 1993 4939 ne

378 4962 383 4965 '
432 4972 541 5025 qua
580 4958 649 5013 de
688 4961 803 5015 suis
846 4962 1039 5019 ovibus
1067 4964 1305 5021 ferarum
1339 4970 1517 5038 prmda
1561 4972 1830 5036 interiret,
1887 4989 1997 5028 neu

433 5061 541 5114 qua
589 5048 933 5125 (evangelicae
965 5057 1371 5125 praedicationis
1408 5061 1535 5115 tuba
1584 5078 1697 5117 non
1741 5064 1998 5136 canente)

433 5136 703 5195 diabolico
736 5143 1144 5215 transﬁgerelur
1182 5149 1311 5213 telo,
1338 5150 1499 5219 atque
1531 5152 1629 5207 abs
1661 5168 1720 5207 se
1752 5155 1995 5222 tandem,

433 5228 593 5296 cujus
626 5230 747 5285 ﬁdei
788 5250 1002 5305 gregem
1031 5239 1351 5306 crediderat,
1396 5241 1761 5313 jugulatarum
1815 5245 1999 5301 ovium

435 5319 718 5389 sanguinis
755 5325 1018 5382 rationem
1053 5336 1341 5400 {repeteret
1386 5331 1568 5390 Deus?
1602 5335 1787 5406 Neque
1811 5350 2001 5396 noster

437 5406 768 5468 Athanasius
790 5417 985 5486 aliquis
1013 5434 1081 5475 ex
1110 5421 1174 5477 iis
1195 5425 1499 5481 censendus
1528 5436 1646 5481 erat
1670 5431 1759 5498 qui
1778 5431 2001 5503 pinguia

435 5510 758 5571 mactarent,
814 5506 1036 5566 fortiora
1066 5513 1439 5582 divcnderent,
1472 5518 1672 5574 vellera
1716 5522 2003 5579 induerent

2096 3234 2453 3304 appetitiones
2487 3277 2503 3301 ,
2556 3253 2758 3310 easque
2821 3250 3172 3313 suggerentes
3255 3240 3667 3296 cacodaamonas

2096 3326 2355 3382 audacter
2379 3336 2878 3398 castrametaretur,
2907 3342 3238 3402 strenueque
3288 3347 3484 3387 manus
3527 3348 3666 3387 con-

2099 3426 2330 3472 sereret.
2365 3417 2503 3471 Tum
2540 3419 2585 3472 si
2615 3421 2744 3490 quid
2774 3422 2997 3477 modum
3042 3423 3351 3485 excederet,
3395 3432 3560 3491 atque
3606 3422 3667 3477 in

2100 3503 2225 3560 vitae
2244 3505 2492 3575 partibus
2519 3508 2882 3564 adulterinum
2904 3521 3243 3574 censeretur,
3278 3526 3375 3581 per
3393 3512 3667 3581 justitiam

2102 3596 2381 3662 resecuit,
2450 3600 2879 3671 aequabilemque
2940 3602 3380 3658 distributionem
3420 3602 3672 3658 dividens

2100 3689 2375 3753 omnibus,
2402 3691 2637 3760 corpori,
2660 3691 2903 3760 inquam,
2936 3704 2991 3746 et
3012 3694 3193 3748 animo
3218 3703 3521 3763 opportuna
3538 3704 3672 3747 tem-

2101 3777 2311 3845 pestive
2348 3781 2818 3837 subministrabat.
2865 3782 3128 3838 Servabat
3172 3800 3299 3839 vero
3328 3785 3402 3838 ita
3449 3784 3670 3838 ﬁrmum

2099 3867 2276 3924 librile
2320 3869 2465 3925 inter
2495 3872 2628 3927 illud
2667 3872 2895 3943 iustitiae
2941 3873 3127 3928 lances
3162 3874 3547 3942 interpositum
3582 3874 3672 3943 juo

2102 3976 2250 4031 gmn,
2294 3975 2355 4018 ut
2386 3978 2455 4018 ne
2490 3965 2758 4019 tantillum
2803 3964 3024 4035 quidem
3069 3975 3287 4021 nutaret
3314 3984 3327 4020 :
3352 3976 3515 4035 atque
3543 3966 3670 4020 ideo

2094 4051 2300 4122 justum
2355 4056 2610 4111 omnibus
2661 4059 2947 4113 sententiae
2994 4074 3106 4113 sua:
3149 4058 3272 4112 tulit
3322 4057 3669 4127 suffragium,

2096 4144 2428 4216 violentique
2456 4149 2772 4204 commercii
2796 4149 3015 4204 fraudes
3049 4149 3321 4205 dissolvit.
3363 4147 3550 4218 Itaque
3578 4164 3673 4203 ca-

2095 4234 2349 4289 dentibus
2374 4236 2476 4293 l‘uit
2500 4238 2716 4303 levatio,
2743 4240 3012 4295 stantibus
3031 4240 3426 4302 fulcimentum,
3452 4240 3671 4294 uberri-

2096 4341 2183 4380 ma
2224 4328 2477 4383 omnibus
2531 4331 2853 4386 azrumnosis
2923 4332 3253 4397 liberalitas,
3302 4346 3533 4401 corpore
3583 4332 3674 4386 vel

2103 4415 2284 4470 animo
2313 4417 2745 4475 claudicantibus
2790 4421 2933 4476 idem
2968 4438 3064 4491 pes
3091 4422 3193 4476 fuit
3226 4433 3281 4477 et
3323 4432 3673 4477 sustentacu-

2031 4505 2073 4559 D
2104 4505 2233 4562 lum.
2260 4506 2585 4565 Hominibus
2605 4511 2672 4567 de
2691 4512 2798 4577 via,
2814 4514 3116 4568 secundum
3134 4513 3377 4568 divinum
3404 4514 3604 4569 Jobum
3626 4516 3674 4581 ⁸,

2104 4611 2215 4651 sua:
2234 4597 2425 4653 domus
2459 4599 2602 4656 fores
2629 4602 2887 4671 patebant
2915 4604 3169 4658 omnibus
3212 4623 3225 4658 :
3264 4605 3531 4659 nudorum
3565 4605 3675 4660 hu-

2105 4698 2281 4738 meros
2315 4687 2637 4742 vestimenta
2661 4690 2730 4745 ab
2756 4689 3054 4747 Athanasio
3082 4692 3370 4749 distributa
3402 4695 3472 4750 ad
3502 4696 3675 4751 vitam

2102 4775 2401 4840 tutandam,
2433 4778 2631 4833 mirum
2658 4787 2923 4850 quantum
2950 4780 3230 4839 fovebant.

2226 4921 2357 4977 CAP.
2396 4922 2487 4977 IV.
2512 4953 2580 4964 —
2607 4924 2853 4995 Eﬂicaces
2887 4934 2958 4983 ad
2988 4944 3109 4983 suos
3146 4929 3557 4984 exhortationes.

2164 5068 2252 5123 10.
2288 5068 2433 5135 Quas
2462 5072 2533 5127 ob
2583 5086 2671 5127 res
2699 5088 2730 5127 a
2757 5070 2869 5129 Deo
2911 5074 3130 5130 tandem
3179 5075 3410 5129 sortitus
3434 5085 3521 5130 est
3549 5076 3673 5147 glo-

2096 5160 2235 5215 riam
2278 5162 2689 5231 sempiternam,
2738 5166 3013 5220 communi
3062 5166 3308 5221 omnium
3355 5167 3673 5222 testimonio

2093 5251 2207 5322 jam
2239 5254 2628 5322 comprobatus
2652 5270 2794 5309 unus
2826 5255 2969 5311 inter
2992 5271 3183 5311 omnes
3204 5257 3321 5311 sine
3360 5257 3671 5327 cuiuspiam

2098 5344 2636 5415 querimoniajustus
2666 5353 2723 5400 et
2768 5361 2956 5401 verax.
2983 5347 3161 5415 Atque
3196 5361 3289 5400 eos
3338 5346 3429 5415 qui
3476 5362 3671 5416 super-

2098 5435 2225 5489 bam
2256 5434 2523 5489 cervicem
2552 5435 2605 5490 in
2641 5435 2810 5490 altum
2841 5434 3116 5502 eﬁ‘errent,
3153 5436 3413 5506 suavique
3461 5434 3669 5491 Christi

2098 5525 2226 5596 jugo
2259 5526 2465 5581 nollent
2493 5526 2803 5598 subjugare,
2839 5542 3030 5599 magna
3056 5542 3180 5583 cum
3224 5528 3510 5598 prudentia
3533 5541 3665 5583 con-
3732 5570 3752 5591 ι

513 5684 533 5715 ⁸
580 5684 767 5768 Matth.
824 5705 875 5752 v,
935 5689 1013 5744 l6.
1090 5691 1109 5722 ³
1152 5690 1350 5747 Ezech.
1380 5709 1557 5757 xxxxv,
1592 5694 1613 5746 1
1651 5709 1799 5767 seqq.
1880 5699 1899 5730 ⁸
1927 5698 2042 5754 Iob.
2079 5701 2334 5768 ΧΧΧΙ,ἾΞ.
