3978 6238
314 272 453 340 1373

1218 275 1500 337 ORATIO
1531 274 1917 337 FUNEBRIS
1941 275 2027 340 IN
2065 278 2134 342 Β.
2168 281 2691 348 ΑΤΗΑΝΑΞΙΗΜ.

3417 284 3557 352 1374

306 368 589 455 vincebat,
616 403 724 458 qua
757 388 1044 459 exemplis,
1092 405 1198 458 qua
1236 388 1730 453 adhortationibus,
1772 403 1877 455 qua
1909 389 1958 446 Α
1984 364 2119 460 gans
2143 390 2395 448 Christus
2410 394 2698 462 Dominus,
2731 394 2786 449 in
2817 409 2884 449 eo
2913 394 3233 465 prazoptavit
3256 395 3301 463 ',
3326 412 3557 469 eamque

306 482 473 535 etiam
512 480 725 535 idoneis
772 480 1263 551 objurgationibus,
1297 496 1444 535 nunc
1479 480 1711 534 terriﬁca
1758 495 1883 533 ora-

306 573 459 627 tione
487 573 768 627 delineans
798 574 1072 628 horribilis
1102 573 1288 643 judicii
1314 573 1577 635 tribunal,
1598 572 1883 627 severissi-

305 676 449 715 matn
487 661 541 714 in
591 660 791 715 throno
836 661 1080 717 sedentis
1120 662 1329 717 Judicis
1354 663 1686 733 aequitatem,
1725 678 1882 719 acer-

302 750 558 805 bissimas
600 767 889 822 pmnarum
940 754 1328 810 dissolutiones
1383 756 1451 809 ab
1485 756 1741 812 omnibus
1781 772 1880 826 pro

304 843 423 897 suis
476 841 743 911 cujusque
790 842 999 897 meritis
1052 843 1362 913 exigentem
1408 860 1424 897 :
1469 844 1614 912 ipsas
1665 858 1880 913 quoque

300 936 574 1006 angelicas
616 942 831 989 mentes
888 934 1056 989 torvis
1089 934 1516 1005 ardentibusque
1563 936 1734 991 oculis
1782 937 1878 991 de-

305 1029 624 1099 spicienles,
650 1044 827 1098 neque
848 1028 1175 1085 miserantes
1204 1030 1378 1084 vicem
1406 1030 1687 1083 hominum
1712 1037 1875 1083 aeter-

300 1122 387 1176 nis
423 1122 639 1191 ignibus
667 1122 1126 1191 mancipatorum,
1151 1136 1217 1175 eo
1242 1122 1367 1191 quia
1395 1134 1607 1191 tempus
1632 1136 1741 1174 non
1769 1136 1877 1190 pix-,-

298 1212 568 1277 nitentiae,
602 1212 700 1267 sed
732 1214 1185 1269 remunerationis
1216 1213 1545 1269 advenisset.
1583 1212 1677 1267 His
1709 1212 1874 1283 igitur

298 1305 554 1374 alloquiis
598 1305 909 1375 complures
942 1306 1009 1360 ad
1042 1306 1239 1360 bonam
1266 1304 1476 1375 frugem
1508 1304 1765 1368 correxit,
1815 1304 1872 1358 in

300 1411 507 1463 suaque
536 1395 713 1466 coegit
744 1396 906 1461 retia,
936 1396 1120 1464 itaque
1156 1395 1226 1449 ad
1257 1410 1501 1449 mensam
1524 1393 1756 1456 Christi,
1784 1393 1872 1448 cui

299 1487 355 1542 in
388 1488 567 1557 pretio
609 1502 673 1542 ac
698 1487 911 1543 deliciis
939 1497 1024 1541 est
1044 1488 1189 1542 salus
1214 1487 1525 1553 hominum,
1554 1487 1723 1541 veluti
1749 1487 1871 1555 Opi--

300 1595 494 1650 parum
537 1578 826 1634 obsonium
850 1580 1175 1635 transmisit.
1218 1578 1311 1634 Sic
1349 1579 1512 1649 igitur
1544 1579 1870 1633 attributum

295 1672 400 1728 sibi
422 1671 687 1726 talentum
718 1672 890 1726 multo
931 1672 1180 1741 pluribus
1212 1672 1488 1742 adaugens
1509 1671 1864 1735 Athanasius,

298 1766 511 1835 virjam
543 1774 799 1833 spectatae
833 1763 1130 1829 fidelitatis,
1165 1764 1461 1818 multarum
1486 1763 1703 1817 urbium
1726 1763 1867 1816 obti-

295 1858 423 1913 nuit
468 1856 838 1928 principatum
870 1856 981 1910 :sic
1018 1855 1073 1909 in
1109 1854 1319 1908 Domini
1361 1854 1443 1908 sui
1485 1854 1740 1924 gaudium
1784 1861 1869 1907 est

294 1950 578 2022 ingressus
602 1948 649 2014 ',
672 1963 797 2004 cum
832 1963 952 2005 sese
1000 1963 1222 2017 suaeque
1272 1962 1419 2002 cura:
1452 1945 1774 2001 commissos
1805 1944 1870 1999 li-

296 2042 401 2098 lios
428 2040 779 2097 intaminatos
812 2051 976 2111 atque
1002 2040 1268 2095 innocuos
1297 2037 1653 2094 exhibuisset.

364 2174 455 2229 11.
480 2172 782 2244 Eapropter
804 2173 1071 2245 gloriosos
1101 2173 1339 2229 honores
1365 2190 1397 2229 a
1426 2174 1541 2229 Deo
1562 2182 1649 2230 est
1669 2188 1870 2231 conse-

290 2275 476 2333 cutus,
493 2282 794 2337 omnesque
814 2267 1216 2338 suppeditatam
1237 2268 1622 2323 sibibonorum
1641 2266 1868 2322 afﬂuen-

292 2360 426 2416 tiam
471 2358 860 2414 concelebrant
889 2359 1171 2421 mortales,
1203 2359 1453 2413 insolitos
1479 2359 1729 2413 utilitatis
1751 2357 1865 2412 fru-

291 2461 415 2506 ctus
441 2465 512 2506 ex
538 2466 644 2504 una
668 2450 788 2518 ejus
820 2450 1082 2505 memoria
1127 2451 1507 2520 decerpentes.
1535 2448 1691 2505 Sicut
1716 2449 1863 2504 enim

290 2544 550 2615 cogitatio
576 2552 632 2598 et
673 2543 961 2599 collocutio
990 2558 1172 2598 rerum
1213 2559 1310 2598 sua
1343 2553 1535 2597 natura
1570 2542 1861 2598 vetitarum

288 2636 631 2692 auditoribus
660 2635 883 2707 pariter,
921 2635 1233 2705 pariterque
1262 2633 1719 2703 colloquentibus,
1758 2647 1863 2687 nec

287 2744 401 2784 non
425 2729 591 2784 etiam
620 2728 979 2798 cogjtantibus
1007 2725 1301 2783 identidem
1330 2725 1511 2781 nocuit
1536 2742 1551 2793 ;
1579 2725 1658 2782 sic
1678 2740 1711 2781 e
1730 2739 1865 2781 con-

288 2819 458 2873 trario
495 2819 763 2875 bonarum
810 2833 994 2873 rerum
1041 2819 1492 2873 commemoratio
1516 2832 1625 2871 non
1649 2816 1862 2872 medio-

286 2925 411 2965 cres
440 2908 753 2965 conciliavit
780 2908 1064 2963 utilitates.
1098 2908 1285 2977 Itaque
1313 2907 1539 2972 docens,
1570 2915 1627 2961 et
1650 2906 1860 2962 faciens

287 2999 373 3053 tut
400 2997 648 3052 divinum
678 2996 854 3066 inquit
884 2997 1161 3051 oraculum
1185 2997 1252 3065 °),
1280 2996 1614 3065 fecitjomnes
1642 2996 1853 3052 docibi-

1983 484 2401 552 aggrodiendam
2447 498 2560 554 pra:
2596 486 2819 555 reliquis
2849 486 3116 556 discipulo
3165 486 3250 542 sui
3288 490 3555 545 amantis-

1978 574 2139 638 simo,
2166 575 2390 645 jamjam
2426 576 2747 633 Christianae
2774 579 2854 634 rei
2894 577 3183 648 imperium
3225 580 3551 648 capessenti,

1978 669 2283 739 proposuit.

2050 781 2138 835 12.
2179 780 2411 851 Operam
2458 781 2622 835 etiam
2663 781 2826 836 dabat
2876 782 3207 839 Athanasius
3251 784 3552 839 secundum

1975 870 2264 942 Propheta:
2304 871 2582 925 oraculum
2607 871 2652 937 ⁸,
2697 879 2757 925 ut
2790 871 2845 925 in
2887 871 3087 927 divinis
3123 874 3409 943 praeceptis
3440 890 3552 929 non

1973 964 2117 1034 quod
2152 974 2295 1019 esset
2327 963 2479 1025 satis,
2513 963 2607 1019 sed
2625 979 2753 1019 vere
2775 963 3005 1018 nimium
3029 979 3093 1019 ac
3115 981 3389 1020 summum
3414 982 3549 1022 con-

1972 1056 2278 1126 cupisceret
2303 1073 2315 1108 :
2335 1056 2565 1125 ideoque
2586 1055 2639 1109 in
2671 1055 2975 1110 ctelestium
3004 1056 3384 1110 mandatorum
3407 1065 3551 1126 terra

1970 1146 2270 1218 permansit
2289 1161 2475 1201 semen
2506 1147 2645 1215 ejus,
2681 1146 2795 1199 sive
2818 1145 2872 1199 id
2896 1145 3169 1200 exstiterit
3204 1161 3383 1201 sermo
3408 1162 3551 1217 prte-

1969 1238 2206 1309 ceptoris
2237 1238 2293 1291 in
2327 1237 2635 1291 auditorum
2663 1244 2827 1305 atque
2856 1236 3186 1291 intuentium
3213 1238 3392 1292 cordis
3417 1252 3547 1309 agro

1968 1346 2069 1402 per
2092 1329 2432 1385 admirabilia
2472 1343 2639 1398 opera
2677 1329 3099 1394 disseminatus;
3130 1329 3243 1384 sive
3276 1330 3438 1384 etiam
3482 1330 3543 1395 ii,

1968 1423 2061 1492 qui
2109 1422 2177 1475 ab
2226 1436 2293 1475 eo
2333 1419 2487 1489 quasi
2533 1418 2807 1488 concepti,
2866 1418 2921 1471 in
2970 1417 3149 1472 lucem
3194 1417 3347 1483 editi,
3383 1425 3545 1487 atque

1968 1513 2184 1571 educati
2220 1512 2488 1584 genuinos
2528 1509 2852 1565 seminantis
2898 1524 2957 1565 se
2994 1509 3134 1564 ﬁlios
3168 1509 3345 1578 reipsa
3390 1524 3544 1564 com-

1970 1607 2288 1679 probarent.
2340 1603 2577 1658 Omnino
2609 1603 2799 1674 gloria,
2837 1601 3196 1671 maximaque
3238 1601 3439 1655 divitia:
3487 1601 3543 1655 in

1969 1706 2130 1763 domo
2150 1698 2290 1768 ejus,
2328 1696 2383 1750 in
2408 1694 2669 1759 Ecclesia,
2692 1693 2937 1763 inquam,
2964 1708 3088 1746 cum
3102 1693 3223 1762 ejus
3241 1691 3544 1761 itemjusti-

1964 1797 2043 1854 tia
2072 1795 2128 1849 in
2177 1800 2439 1845 aeternum
2487 1793 2795 1856 perseveret
2825 1802 2840 1838 :
2873 1798 2981 1837 non
3012 1798 3239 1846 vacuus,
3295 1784 3538 1851 inquam,

1964 1884 2203 1960 gloriola:
2226 1879 2402 1935 inanis
2421 1888 2624 1942 tumor,
2648 1884 2701 1929 et
2716 1874 2869 1944 quasi
2889 1874 3071 1928 inflata
3089 1888 3351 1943 aquarum
3372 1872 3538 1936 bulla,

1964 1974 2355 2052 quatocissime
2386 1968 2663 2025 evanescit
2708 1984 2721 2020 :
2765 1980 2941 2033 neque
2969 1965 3132 2019 etiam
3183 1965 3287 2018 illa:
3318 1964 3539 2029 divitiae,

1966 2091 2086 2146 quae
2104 2074 2159 2129 in
2190 2071 2411 2127 caeleste
2440 2080 2664 2135 regnum
2703 2060 3161 2118 contendentibus
3183 2058 3540 2119 reluctantur,

1964 2183 2086 2238 qua?
2102 2166 2213 2221 suis
2230 2159 2565 2217 amatoribus
2580 2165 2866 2211 sexcentas
2880 2154 3215 2208 calamitates
3226 2149 3510 2205 conciliant
3522 2189 3537 2215 ,

1965 2275 2087 2330 qute
2116 2258 2171 2312 in
2199 2256 2423 2325 laqueos
2451 2260 2502 2307 et
2532 2249 2755 2303 insidias
2777 2246 2975 2300 diaboli
3005 2245 3286 2315 impellunt
3306 2258 3421 2305 eos,
3446 2241 3538 2311 qui

1962 2350 2223 2405 ellrenata
2254 2345 2488 2415 quadam
2539 2339 2835 2408 cupiditate
2880 2335 3304 2391 insaturabiliter
3342 2348 3401 2388 se
3434 2333 3538 2387 illis

1958 2441 2149 2497 volunt
2177 2436 2489 2506 mancipare
2519 2450 2532 2487 ε
2559 2447 2667 2485 non
2701 2429 2917 2484 demum
2948 2427 3052 2481 illas
3076 2426 3340 2480 scelerum
3367 2438 3535 2492 expe-

1959 2531 2085 2586 dita:
2116 2525 2468 2588 administrat,
2485 2536 2605 2592 quae
2630 2519 2842 2574 abunde
2862 2516 3142 2571 materiam
3168 2516 3383 2569 illorum
3407 2529 3534 2584 sug—

1958 2628 2155 2695 gerunt
2191 2614 2495 2673 incendiis:
2527 2612 2620 2666 sed
2659 2611 2769 2675 illa,
2802 2610 2890 2663 illa
2918 2609 3137 2678 quidem
3186 2605 3375 2695 gloria,
3412 2620 3534 2695 qute

1956 2693 2130 2767 beatis
2158 2705 2472 2777 angelorum
2501 2699 2775 2755 mentibus
2806 2712 2962 2767 pares
2988 2697 3259 2751 honorum
3293 2693 3528 2763 dignita-

1958 2817 2012 2861 te
2038 2811 2295 2876 praestat;
2344 2814 2464 2868 qua:
2507 2806 2590 2852 ter
2633 2803 2881 2850 sanctum
2920 2792 3093 2846 Deum
3137 2791 3280 2845 inter
3316 2795 3534 2844 sanctos

1958 2899 2248 2969 degentem
2276 2893 2438 2949 nobis
2479 2888 2793 2961 quatumvis
2820 2886 2876 2939 in
2909 2896 3052 2940 terra
3083 2882 3311 2948 vexatis,
3345 2891 3533 2936 sancte

1960 2997 2142 3043 tamen
2187 2983 2607 3044 venerantibus;
2655 2978 2944 3044 conciliat;
2996 2992 3119 3047 qua:
3168 2989 3409 3045 praesens
3450 2981 3534 3028 est

285 3088 365 3144 les
391 3088 509 3153 Dei,
531 3095 695 3157 atque
722 3087 1064 3157 perspicaces
1089 3088 1155 3142 ad
1184 3087 1611 3143 discernendum
1642 3088 1846 3142 bonum
1880 3073 1923 3133 C
1962 3081 2156 3151 pignus
2181 3076 2418 3133 caelestis
2446 3073 2628 3145 gloriae
2658 3079 3006 3136 sanctorum;
3033 3083 3154 3137 quae
3173 3075 3358 3157 nostra
3383 3079 3536 3157 mor-

286 3195 317 3234 a
360 3180 536 3244 malo,
578 3180 870 3234 honestum
940 3194 971 3233 a
1012 3179 1181 3249 turpi.
1230 3178 1349 3233 Non
1400 3179 1859 3248 quemadmodum

287 3271 577 3327 Zamolxes
605 3280 661 3326 et
690 3270 1016 3326 Anacharsis
1036 3272 1190 3336 olim,
1214 3287 1444 3341 quorum
1459 3271 1705 3342 quamvis
1732 3274 1860 3327 bar-

286 3365 543 3419 barorum
567 3363 888 3433 sapientiam
912 3362 1082 3418 Graeci
1108 3364 1439 3419 admirantes
1470 3377 1856 3435 suspexerunt:

284 3469 465 3525 neque
498 3455 662 3510 etiam
689 3463 749 3510 ut
786 3455 933 3524 apud
972 3454 1273 3524 Spartiatas
1302 3456 1624 3526 legumlator
1648 3458 1857 3528 Lycur-

282 3563 401 3619 gus,
442 3548 688 3603 Mnesion
735 3548 877 3618 apud
923 3548 1179 3618 Argivos,
1230 3549 1373 3619 apud
1408 3547 1586 3620 Pylios
1625 3548 1844 3616 Nestor,

282 3637 442 3706 cujus
468 3651 776 3691 sermonem
804 3636 964 3692 melle
1005 3637 1303 3692 dulciorem
1342 3638 1511 3693 edixit
1545 3637 1853 3705 Homerus;

280 3743 391 3783 non
422 3727 642 3782 demum
672 3729 751 3782 uti
784 3728 965 3800 legum
982 3738 1262 3787 sanctores
1287 3728 1450 3784 Solon
1469 3739 1522 3784 et
1545 3730 1853 3785 Clisthenes

278 3818 423 3889 apud
464 3817 863 3873 Athenienses:
888 3820 981 3888 qui
1018 3835 1151 3875 sane
1178 3835 1371 3875 omnes
1396 3837 1505 3874 non
1537 3822 1699 3875 modo
1728 3821 1853 3875 lini-

280 3911 431 3966 timis
471 3908 697 3965 Graeciae
738 3911 955 3981 populis
978 3921 1038 3967 ut
1059 3926 1189 3967 suas
1215 3912 1520 3982 reciperent
1552 3914 1717 3983 leges,
1757 3929 1852 3968 ea-

276 4017 511 4073 rumque
555 4004 874 4073 praescripto
907 4003 1176 4065 viverent,
1217 4019 1329 4058 non
1376 4012 1705 4069 suaserunt;
1754 4003 1851 4059 sed

274 4111 345 4152 ne
372 4096 481 4151 illis
508 4096 752 4167 quidem,
792 4097 933 4165 apud
967 4111 1104 4166 quos
1146 4097 1294 4167 leges
1325 4098 1580 4161 tulerant,
1616 4105 1675 4151 ut
1702 4098 1767 4151 ad
1790 4097 1854 4150 fi-

272 4203 399 4244 nem
434 4202 609 4257 usque
656 4188 977 4242 retinerent.
1018 4186 1175 4244 Nunc
1202 4188 1424 4252 etenim,
1466 4203 1591 4242 cum
1626 4188 1849 4243 easdem

271 4281 489 4337 illorum
527 4279 673 4351 leges
703 4280 998 4336 velleribus
1035 4283 1375 4347 coronarint,
1421 4292 1516 4335 aut
1568 4290 1850 4352 unguento

268 4373 421 4428 velut
440 4371 763 4426 hirundines
784 4370 1145 4442 perlinierint,
1165 4387 1509 4443 nequaquam
1540 4387 1633 4426 eas
1657 4372 1847 4426 audire

266 4464 579 4535 patiuntur.
634 4462 742 4517 Sed
772 4478 903 4517 vero
930 4462 1135 4518 Christi
1175 4463 1405 4526 Domini,
1456 4465 1683 4533 ejusque
1713 4478 1841 4534 per-

267 4556 589 4626 pessionum
630 4554 775 4625 leges
803 4570 903 4609 suo
932 4553 1115 4609 ferens
1146 4554 1313 4624 gregi,
1352 4552 1523 4609 ell‘usa
1550 4555 1845 4611 admodum

263 4664 391 4703 cum
443 4648 975 4718 laetitia‘complecti,
1013 4656 1070 4702 et
1113 4648 1306 4703 illaasas
1355 4649 1421 4703 ad
1466 4650 1629 4702 linem
1674 4662 1846 4717 usque

260 4742 388 4799 vitae
412 4742 689 4796 custodire
716 4741 989 4812 persuasit
1012 4750 1196 4796 noster
1210 4741 1563 4796 Athanasius.
1590 4740 1845 4795 Virenim

260 4850 396 4891 vero
430 4835 644 4900 beatus,
680 4835 882 4904 quippe
915 4836 1005 4906 qui
1039 4852 1149 4890 non
1172 4836 1386 4901 rudem,
1415 4845 1471 4891 et
1501 4836 1610 4890 Deo
1637 4836 1845 4891 servire

262 4923 736 4996 aggredientium,
788 4926 884 4979 sed
928 4926 1229 4995 perfectum
1292 4927 1367 4981 ibi
1422 4936 1835 4995 comparaverat

260 5016 510 5070 divinum
559 5015 811 5069 timorem
864 5034 877 5071 :
928 5017 1130 5071 etenim
1172 5018 1485 5071 vehementi
1555 5016 1837 5071 Christum

259 5121 451 5162 amore
490 5108 940 5177 prosequebatur.
978 5110 1146 5179 Cujus
1180 5111 1395 5180 propria
1427 5111 1503 5165 rei
1551 5120 1699 5178 nota,
1736 5126 1839 5165 no-

259 5197 458 5269 bisque
484 5197 591 5253 ﬁde
610 5198 833 5269 dignum
857 5209 978 5254 esto
1005 5212 1406 5271 argumentum,
1427 5202 1839 5273 diligentissima

259 5292 311 5346 in
342 5292 597 5362 proprios
626 5309 819 5365 greges
858 5295 1141 5366 vigilantia
1170 5312 1234 5352 ac
1271 5297 1634 5367 providentia,
1674 5311 1837 5365 quam

258 5401 425 5441 unam
456 5401 571 5457 pra:
595 5387 782 5442 multis
811 5389 1078 5445 virtutum
1115 5390 1325 5456 formis,
1350 5391 1571 5446 Petrum
1604 5390 1836 5446 interro-

328 5620 349 5649 ⁸
389 5616 589 5677 Μηίιιι.⁸
611 5636 738 5687 xxv,
790 5622 877 5678 2i,

256 5704 440 5756 Lxxtv,
476 5690 525 5743 l.

959 5624 977 5654 ⁸
1007 5622 1165 5678 Joan.
1230 5642 1299 5689 γι,
1346 5625 1422 5679 l2}.

1503 5629 1518 5659 ⁷
1557 5626 1713 5681 Joan.
1758 5642 1878 5691 XXI,
1946 5626 2034 5680 ΞΟ.

1963 3170 2153 3225 talium
2184 3165 2481 3237 praecordia
2513 3180 2579 3219 eo
2604 3162 2841 3232 complet
2856 3159 3073 3231 gaudio,
3103 3156 3307 3211 utinde
3330 3154 3531 3209 lzetitiae

1960 3259 2285 3317 immortalis
2319 3256 2568 3312 cumulus
2611 3253 2901 3308 redundet.
2935 3250 3146 3304 Divitiae
3171 3248 3390 3303 demum
3418 3260 3530 3301 non

1956 3350 2166 3413 inanes,
2197 3361 2331 3416 quas
2362 3360 2463 3400 nec
2483 3343 2650 3409 fures,
2679 3357 2783 3396 nec
2811 3341 3049 3396 latrones
3077 3336 3365 3393 effodiunt.

2099 3460 2232 3514 CAP.
2263 3457 2332 3513 ν.
2357 3486 2427 3497 —-
2452 3454 2691 3511 Heroica:
2720 3454 2955 3508 virtutes.
2986 3482 3056 3510 -.—
3087 3447 3377 3504 Miracula.

2024 3575 2113 3629 15.
2148 3573 2366 3635 Beatus,
2402 3581 2459 3626 et
2499 3585 2558 3625 re
2594 3569 2814 3641 quidem
2858 3582 2988 3621 vera
3025 3573 3248 3619 sanctus
3280 3563 3528 3616 Athana-

1952 3665 2066 3720 sius
2108 3664 2348 3719 :etenim
2397 3664 2462 3728 is,
2499 3677 2678 3731 neque
2727 3662 2781 3714 in
2822 3657 3056 3715 concilio
3092 3656 3380 3725 impiorum
3430 3670 3530 3708 un-

1951 3770 2114 3824 quam
2141 3763 2393 3810 versatus
2420 3762 2527 3817 est,
2559 3769 2739 3823 neque
2761 3755 2816 3807 in
2842 3750 3229 3807 blaterantium
3251 3748 3529 3810 obscaena,

1953 3845 2201 3914 turpiave
2236 3845 2667 3914 perpetrantium
2730 3841 2990 3897 cathedra
3048 3838 3383 3902 consedit’;
3433 3836 3530 3891 scd

1956 3943 2211 4004 tanquam
2269 3934 2594 3989 immortalis
2663 3934 2827 3987 arbor
2878 3940 2995 3990 sata
3055 3946 3214 3986 secus
3267 3928 3528 3999 irriguum

1956 4024 2157 4080 Christi
2191 4025 2487 4080 Salvatoris
2516 4023 2897 4094 profluentem,
2928 4037 3089 4091 quem
3119 4022 3209 4075 hic
3234 4020 3303 4073 de
3338 4028 3530 4073 ventre

1956 4116 2011 4171 in
2044 4132 2102 4171 se
2136 4116 2475 4171 credentium
2496 4124 2878 4170 emanaturum
2910 4112 3184 4182 pollicitus
3204 4118 3305 4165 est.
3339 4109 3531 4163 Nullus

1954 4207 2011 4261 in
2028 4222 2124 4262 ore
2149 4208 2269 4277 ejus
2294 4207 2453 4261 dolus
2481 4206 2878 4267 inveniebatur,
2910 4204 3003 4258 sed
3025 4204 3136 4256 sola
3171 4201 3260 4255 Dei
3288 4200 3525 4269 eloquia,

1956 4299 2015 4354 in
2065 4301 2263 4368 quibus
2313 4299 2720 4354 sanctissimum
2769 4299 2872 4353 sibi
2921 4297 3189 4366 quoddam
3232 4294 3527 4365 hospitium

1954 4389 2468 4454 secreverat.‘_Visus
2489 4390 2650 4445 etiam
2678 4398 2761 4444 est
2792 4398 2874 4444 ter
2900 4388 2990 4441 ille
3022 4385 3393 4448 felicissimus,
3420 4384 3527 4439 sic-

1946 4489 2006 4534 ut
2054 4496 2211 4535 mons
2262 4480 2414 4545 Sion,
2443 4482 2533 4550 qui
2570 4480 2778 4535 habitat
2810 4481 2865 4533 in
2896 4494 3034 4533 nova
3060 4477 3526 4542 Jerusalem,'non

1944 4572 2087 4625 enim
2119 4573 2553 4627 commovebitur
2594 4571 2647 4625 in
2683 4580 2951 4626 aeternum
2990 4570 3072 4635 ¹⁰;
3118 4568 3413 4637 oculosque
3456 4565 3526 4621 ad

1944 4663 2117 4718 Deum
2176 4665 2431 4719 attollens
2468 4679 2577 4718 non
2620 4662 2835 4717 tardum
2865 4661 2990 4716 inde
3032 4658 3207 4715 sensit
3239 4658 3521 4711 auxilium.

1944 4755 2288 4826 Quapropter
2317 4772 2439 4825 quae
2482 4756 2694 4826 gaudia,
2724 4764 2886 4825 atque
2918 4756 3197 4811 hodiernm
3220 4756 3357 4810 lucis
3381 4754 3524 4809 lueti-

1948 4849 2033 4903 tiae
2065 4857 2461 4919 proponuntur,
2513 4848 2709 4902 iisdem
2736 4864 2847 4903 non
2874 4849 2939 4902 ad
2966 4849 3132 4903 breve
3160 4857 3394 4916 tempus,
3426 4846 3522 4900 sed

1946 4941 2331 4995 immortaliter
2353 4940 2441 4994 hie
2458 4939 2717 5008 frequens
2742 4939 3057 4993 auditorum
3074 4953 3337 4992 numerus
3378 4937 3525 4991 oble-

1940 5013 2121 5089 cte'tur
2158 5050 2171 5085 :
2203 5033 2403 5103 quippe
2440 5048 2561 5101 qua:
2606 5046 2731 5085 cum
2763 5032 2973 5085 animos
2991 5032 3265 5100 voluptate
3285 5031 3521 5099 quadam

1938 5122 2293 5191 perfundant,
2322 5122 2388 5178 ad
2412 5122 2762 5176 Divinitatem
2780 5136 2847 5175 ex
2880 5121 3160 5174 Athanasii
3207 5121 3515 5175 imitatione

1937 5215 2249 5268 sustollunt.
2277 5214 2353 5268 Eo
2385 5214 2511 5283 quia
2540 5214 2704 5267 etiam
2736 5212 2781 5266 is
2815 5213 2992 5265 adhuc
3021 5212 3367 5266 mortalitatis
3398 5213 3515 5282 pul-

1936 5321 2063 5359 vere
2097 5307 2385 5370 obductus,
2422 5306 2489 5361 ad
2532 5307 2637 5360 hoc
2677 5305 2896 5359 virtutis
2925 5304 3222 5374 fastigium,
3254 5312 3512 5373 tanquam

1934 5412 2182 5467 procera,
2214 5408 2537 5468 comataque
2583 5397 2764 5463 arbor,
2800 5396 3073 5466 pervenit,
3102 5396 3170 5450 ad
3204 5410 3300 5452 eos
3334 5397 3511 5465 respi-

2112 5625 2297 5679 “l’sal.
2360 5642 2468 5688 cxi,
2524 5627 2573 5680 1.
2653 5624 2840 5682 νινδυι.
2892 5639 2930 5692 I,
2983 5625 3005 5680 1
3073 5638 3223 5696 seqq.
3306 5623 3527 5683 "P831.
