3978 6238
459 249 601 315 i375

1570 253 1797 312 PETRI
1840 255 2217 317 ARGORUM
2260 258 2599 319 EPISCOPI

3583 264 3724 329 1376

452 360 627 422 ciens,
673 356 767 427 qui
802 354 911 412 Deo
941 355 1157 410 fuerant
1183 358 1424 427 gratiosi,
1458 368 1621 427 atque
1662 375 1855 415 eorum
1911 360 2036 413 vita:
2070 372 2112 422 Α
2144 364 2597 431 contemplatione
2629 365 2928 422 frueretur.
2960 368 3088 424 Elite
3121 377 3286 441 atque
3315 368 3492 426 Elisan
3521 375 3728 430 asceti-

452 448 741 517 exemplis,
770 448 925 517 quasi
963 448 1084 503 luce
1121 449 1353 518 quadam
1402 449 1503 504 sibi
1557 451 1701 505 viam
1739 451 2036 522 gradiendo

454 543 772 598 (‘OltSlt‘aViL

530 680 616 733 14.
660 679 793 746 Quis
836 682 980 735 enim
1040 681 1324 735 Athanasii
1391 681 1818 751 hospitalitatem
1846 720 1861 743 ,
1911 680 2037 735 fidei

455 786 673 840 quoque
703 773 1084 828 inimitabilem
1128 774 1420 843 puritatem
1468 773 1751 838 intuendo,
1786 774 1890 827 sibi
1935 788 2032 843 pa-

464 864 761 919 triarcham
808 867 1179 921 Abrahamum
1210 866 1394 920 videre
1425 882 1535 920 non
1574 865 1865 920 videatur?
1910 865 2034 933 quis

470 964 812 1009 constantem
848 956 965 1025 ejus
1008 956 1375 1019 tolerantiam,
1404 963 1567 1024 atque
1592 955 1645 1008 in
1670 955 1834 1009 rebus
1854 954 2037 1008 omni-

458 1045 582 1109 bus,
613 1062 747 1117 quas
782 1048 1087 1103 destinarat
1131 1048 1296 1114 Deus,
1338 1049 1679 1103 tractabilem
1709 1048 2028 1102 facilitatem

458 1136 834 1199 considerans,
884 1138 1115 1192 alterum
1154 1138 1406 1192 lsaacum
1455 1138 1627 1191 oculis
1665 1152 1893 1191 cernere
1931 1136 2036 1191 sibi

458 1243 569 1281 non
593 1230 963 1295 persuadeat?
1004 1228 1135 1295 Quis
1170 1230 1223 1283 in
1249 1230 1495 1285 adversis
1524 1229 1743 1284 casibus
1774 1230 1893 1298 ejus
1918 1230 2037 1283 ani-

459 1319 533 1374 liti
568 1322 1003 1391 magnitudinem
1035 1338 1099 1377 ac
1122 1321 1470 1385 soliditatem,
1508 1336 1718 1374 morum
1758 1320 1887 1375 item
1920 1322 2038 1377 sine

460 1411 587 1466 fuco
616 1420 671 1466 et
720 1412 946 1467 fallaciis
991 1414 1353 1483 integritatem
1387 1413 1698 1473 attendens,
1734 1411 1900 1467 Jacob
1934 1413 2037 1467 sibi

458 1502 569 1572 jam
600 1503 791 1557 adesse
818 1520 925 1558 non
945 1505 1236 1574 opinetur?
1259 1503 1391 1569 Quis
1421 1504 1473 1557 in
1502 1503 1801 1558 Athanasio
1816 1502 2039 1574 Josephi

461 1595 903 1662 temperantiam,
964 1594 1289 1648 modestiam
1336 1603 1392 1647 et
1433 1594 1755 1663 injuriarum
1796 1596 2035 1649 toleran-

460 1684 615 1745 tiam,
648 1699 675 1736 a
710 1684 972 1739 fratribus
1012 1686 1139 1740 odio
1175 1702 1234 1740 se
1261 1686 1721 1755 prosequentibus
1754 1703 1816 1741 ac
1856 1688 2039 1741 diven-
2071 1703 2111 1755 Β

459 1774 716 1828 dentibus
745 1777 972 1845 gratiam
1005 1777 1142 1831 inire
1166 1777 1456 1841 studentis,
1480 1783 1607 1829 ante
1629 1778 1818 1832 oculos
1843 1779 2044 1833 habere

460 1880 572 1919 non
594 1868 880 1921 censeret?
914 1869 1047 1933 Quis
1075 1869 1195 1937 ejus
1217 1869 1440 1923 minime
1466 1870 1765 1938 abjectum,
1800 1870 1897 1924 sed
1916 1886 2044 1925 vere

463 1973 793 2027 generosum
838 1960 1081 2014 animum
1142 1962 1195 2014 in
1237 1962 1644 2016 occursantium
1673 1978 2044 2016 aerumnarum

465 2051 764 2119 repentinis
793 2053 1055 2107 molestiis
1077 2053 1345 2122 patiendis
1379 2055 1759 2124 perpendens,
1798 2054 2044 2110 invictis-

464 2141 593 2195 simi
634 2140 754 2195 Johi
789 2142 1083 2211 imaginem
1126 2143 1196 2197 ob
1231 2145 1422 2198 oculos
1457 2144 1561 2198 sibi
1608 2144 1889 2198 obversari
1932 2159 2045 2198 non

467 2233 715 2289 diceret?
744 2236 941 2305 Moysis
971 2237 1134 2290 etiam
1172 2245 1227 2289 et
1253 2237 1435 2290 Aaron
1458 2237 1905 2305 placabilitatem,
1930 2251 2043 2290 mo-

467 2340 557 2379 res
578 2327 714 2380 citra
747 2328 1231 2396 reprehensionem
1265 2329 1446 2391 mites,
1484 2329 1829 2397 d-ivinamque
1858 2342 2049 2382 eorum

468 2419 1028 2486 contemplationem,
1071 2420 1333 2474 mortales
1384 2422 1693 2490 rapientem
1751 2420 2047 2488 sublimes,

470 2507 807 2563 imitabatur.
856 2510 1066 2566 Justam
1097 2526 1316 2580 quoque
1348 2511 1581 2566 Phinees
1616 2510 2049 2578 indignationem

473 2599 854 2661 aemulabatur,
900 2616 1009 2654 non
1042 2601 1219 2655 ferreo
1260 2604 1495 2671 pugione
1529 2602 1708 2672 legum
1758 2601 2051 2655 violatores

471 2689 901 2755 confodientem,
936 2693 1030 2746 sed
1062 2709 1207 2747 nunc
1239 2694 1446 2762 asperis
1479 2702 1534 2747 et
1578 2693 1780 2745 severis
1806 2692 2053 2746 mulcen-

472 2790 607 2846 tem,
630 2799 793 2839 ‘nunc
816 2785 1070 2840 mollibus
1088 2794 1141 2840 et
1166 2786 1382 2839 blandis
1405 2786 1655 2855 alloquiis
1684 2794 2048 2847 coercentem,

474 2876 743 2928 scelerum
784 2892 1008 2942 cursus,
1055 2885 1111 2931 et
1157 2877 1454 2946 iujuriosos
1496 2877 1550 2930 in
1611 2876 1771 2929 obvia
1823 2890 2051 2944 quaeque

477 2967 737 3034 impetus.
772 2968 1258 3023 Verumenimvero
1277 2985 1403 3023 eum
1435 2984 1494 3023 se
1526 2968 1795 3035 przestitit,
1828 2968 1922 3036 qui
1950 2981 2051 3021 nec

475 3057 848 3113 dehiscentem
878 3067 1080 3112 terram
1128 3058 1369 3112 efficeret
1411 3059 1660 3129 sepulcra
1708 3073 1918 3117 eorum,
1961 3056 2053 3125 qui
2083 3047 2126 3103 C

475 3148 537 3202 in
578 3158 986 3203 sacrosanctum
1024 3149 1394 3203 sacerdotium
1438 3149 1699 3202 audacter
1724 3148 2060 3216 petulanter—

478 3254 586 3307 que
610 3253 708 3307 per
729 3238 1041 3308 superbiam
1068 3238 1443 3292 efferebantur
1470 3253 1484 3297 ;
1512 3252 1617 3291 nec
1646 3237 1878 3290 flammis
1903 3236 2061 3289 addi-

478 3340 696 3385 ceretur
750 3331 897 3400 quod
945 3330 1147 3400 impius
1201 3331 1382 3399 legum
1441 3328 1671 3383 violator
1726 3330 2059 3394 abstulerat;

482 3422 860 3490 hujuscemodi
907 3423 1054 3476 enim
1105 3421 1348 3492 prodigia
1394 3420 1446 3475 id
1488 3420 1663 3475 aetatis
1710 3421 2059 3490 cxposcebat.

483 3514 591 3569 Sed
634 3529 762 3570 vero
816 3515 1097 3567 hominem
1149 3513 1443 3583 quemdam
1503 3512 1700 3565 similia
1750 3520 2061 3581 patrantem

484 3607 817 3659 Athanasius
852 3622 1076 3664 suarum
1107 3620 1327 3673 precum
1361 3605 1413 3657 vi
1442 3603 1855 3657 inscnsibilibus
1886 3606 2062 3657 solum

486 3698 732 3753 viduavit
766 3698 1184 3767 capillamentis,
1220 3713 1340 3765 qua:
1364 3696 1584 3765 quidem
1610 3696 1825 3765 corpori
1858 3712 1925 3749 ex
1969 3712 2066 3753 su-

489 3782 800 3857 perfluitate
833 3789 1226 3852 aduascuntur,
1261 3802 1441 3856 neque
1472 3802 1595 3840 cum
1627 3787 1830 3840 adsunt
1862 3789 1926 3840 ad
1959 3787 2065 3839 hu-

490 3896 667 3935 manae
688 3882 940 3935 essentia:
975 3880 1180 3935 faciunt
1209 3880 1682 3944 constitutionem,
1713 3894 1888 3947 neque
1915 3879 2065 3933 abla-

400 3974 405 3978 ”
489 3980 544 4026 ta
592 3979 794 4027 nocent
828 3971 959 4025 :sed
995 3986 1121 4025 cum
1161 3970 1433 4040 piaculare
1482 3970 1636 4023 nefas
1688 3971 1955 4024 audaculo
2004 3985 2071 4028 ac

490 4064 781 4119 temerario
811 4065 985 4118 solum
1019 4063 1295 4129 indicent,
1327 4063 1393 4117 ad
1419 4064 1797 4134 pmnitcndum
1824 4064 2068 4133 adigunt,

490 4167 546 4213 ti.
576 4158 645 4213 ad
682 4157 879 4212 nefarii
921 4156 1147 4213 sceleris
1194 4156 1399 4227 fugam,
1437 4169 1498 4212 et
1525 4155 1643 4210 vitii
1675 4157 2071 4211 succrescentis

491 4259 797 4305 tonsuram.

2139 470 2259 509 cam
2302 458 2604 527 duramque
2653 460 2781 515 vita:
2807 460 3097 525 rationem,
3135 462 3308 515 zelum
3341 478 3578 533 quoque,
3627 466 3730 519 sed

2136 561 2247 599 non
2294 546 2446 617 ignes
2476 549 2867 618 exspirantem,
2910 560 2993 605 est
3038 553 3300 613 imitatus,
3340 568 3520 621 neque
3557 556 3728 606 etiam

2138 635 2382 692 flammas
2412 639 2479 693 de
2508 642 2789 709 superiore
2813 642 2931 696 loco
2960 642 3258 705 deducens,
3280 643 3584 713 impiosque
3604 660 3726 697 cm.-

2137 727 2365 781 lestibus
2432 728 2699 784 incendiis
2762 734 3093 787 comburens
3147 749 3161 787 :
3208 749 3386 802 neque
3444 734 3729 803 injuriosis

2136 820 2480 873 contumeliis
2507 822 2882 877 conviciantes
2909 824 3177 878 exhibens
3201 825 3423 893 epulum
3452 825 3584 880 feris
3597 842 3727 880 san-

2130 911 2391 981 guinariis
2438 913 2582 981 (nam
2643 914 2805 968 etiam
2847 916 2962 969 haec
2997 916 3218 985 antiqua
3257 915 3348 970 illa
3388 919 3726 986 exposcebat

2131 1015 2262 1059 aetas
2287 1045 2301 1069 ,
2349 1004 2457 1059 Deo
2498 1007 2814 1062 vulneribus
2867 1008 3124 1063 curandis
3159 1009 3434 1063 severiora
3477 988 3721 1064 r‘emcdia

2134 1094 2583 1167 adhibente),sed
2642 1099 2917 1167 gravibus,
2955 1115 3075 1167 quae
3108 1100 3268 1153 talem
3312 1099 3577 1154 decebant
3617 1100 3725 1155 do~

2145 1199 2375 1255 ctorem,
2416 1189 2684 1259 alloquiis,
2737 1191 2931 1245 divinae
2974 1191 3253 1259 sapientia:
3288 1192 3399 1245 sale
3428 1190 3699 1256 conditis,

2140 1280 2371 1348 vitaeque
2414 1281 2646 1335 innoxiae
2682 1282 2964 1347 consonis,
3009 1282 3318 1351 complures
3353 1281 3699 1337 facinorosos

2141 1370 2206 1423 ad
2252 1370 2449 1423 bonam
2504 1371 2714 1438 frugem
2772 1372 3282 1441 corrigens:novit
3355 1373 3499 1427 enim
3569 1389 3726 1429 more

2142 1458 2348 1513 Christi
2402 1459 2613 1513 Domini
2690 1461 2975 1531 pacificare
3029 1478 3125 1515 eos
3171 1463 3262 1531 qui
3314 1474 3443 1517 sunt
3488 1463 3729 1532 Spiritus

2144 1550 2235 1603 filii
2267 1550 2327 1605 “.
2374 1552 2497 1607 Fuit
2525 1553 2687 1607 etiam
2716 1555 2819 1618 vir,
2857 1554 3078 1608 beatum
3110 1554 3387 1609 Danielem
3413 1566 3633 1609 secutus
3657 1555 3724 1622 ¹²,

2145 1641 2477 1710 spiritalium
2512 1643 2931 1707 desideriorum,
2963 1644 3195 1698 viriliter
3225 1646 3503 1715 corporeis
3539 1646 3724 1702 illece-

2142 1732 2254 1786 bris
2287 1733 2582 1799 obsistens,
2627 1744 2680 1790 et
2722 1737 2836 1789 sola
2866 1737 3049 1791 divina
3088 1737 3399 1807 deperiens,
3428 1739 3486 1793 in
3522 1742 3727 1811 quibus

2143 1826 2314 1879 Deum
2371 1826 2711 1883 manifestius
2760 1829 3049 1884 inveniret.
3110 1830 3252 1885 Idem
3290 1848 3506 1902 quoque
3554 1836 3726 1889 trium

2141 1916 2389 1985 exemplo
2427 1918 2837 1973 adulescentum
2868 1921 3013 1989 apud
3067 1919 3390 1991 Babylonem
3429 1939 3729 1993 corporea-

2142 2022 2262 2060 rum
2292 2006 2537 2064 flammas
2576 2010 2937 2079 voluptatum,
2957 2012 3122 2065 veluti
3149 2013 3355 2084 sopitas
3376 2014 3485 2084 jam
3515 2015 3731 2071 favillas

2143 2099 2484 2167 despiciens,
2524 2110 2580 2155 ct
2618 2102 2851 2157 subinde
2904 2104 3237 2158 reviviscens
3295 2105 3606 2161 incendium
3658 2107 3730 2163 de

2148 2190 2330 2244 subito
2389 2193 2755 2257 conculcavit,
2799 2210 2870 2249 ne
2919 2210 3025 2264 qua
3068 2197 3280 2250 ratione
3328 2196 3428 2251 sibi
3475 2198 3531 2251 in
3561 2199 3733 2253 corde

2151 2281 2465 2350 hujusmodi
2497 2284 2763 2353 imagines
2798 2286 3243 2351 immorarentur,
3278 2287 3629 2357 ipsarumque
3646 2290 3731 2345 le-

2152 2372 2349 2427 thifera
2414 2375 2837 2446 contagiosaque
2896 2377 3039 2431 idola
3093 2377 3338 2432 venerari
3394 2377 3734 2434 Athanasius

2151 2463 2450 2517 videretur.

2231 2556 2317 2609 l6.
2344 2556 2497 2621 Quod
2529 2556 2574 2610 si
2616 2558 2943 2613 sanctissimi
2980 2558 3125 2613 illius
3158 2556 3386 2615 Joannis
3418 2560 3549 2629 (quo
3569 2574 3737 2614 nemo

2158 2647 2303 2701 inter
2351 2661 2510 2703 natos
2554 2650 2843 2703 mulierum
2887 2654 3123 2706 surrexit
3151 2652 3346 2720 major,
3376 2653 3465 2720 qui
3494 2653 3737 2721 primum

2158 2740 2351 2795 vivens
2395 2741 2536 2809 apud
2582 2742 2773 2803 vivos,
2824 2743 3023 2798 deinde
3057 2755 3309 2799 mortuus
3353 2746 3495 2813 apud
3531 2744 3739 2798 inferos

2158 2847 2323 2885 verus
2354 2832 2556 2886 Christi
2581 2834 2901 2901 prodromus
2919 2835 3289 2901 praecucurrit,
3307 2834 3396 2904 qui
3422 2833 3735 2888 venientem

2162 2922 2496 2977 Salvatorem
2539 2932 2593 2977 et
2634 2925 2977 2979 liberatorem
3021 2926 3229 2991 edixit,
3276 2936 3333 2980 et
3376 2926 3431 2979 in
3498 2925 3743 2980 Iordane

2160 3014 2335 3067 abluit
2355 3015 2525 3078 illum,
2550 3016 2642 3084 qui
2661 3026 3007 3084 peccatorum
3033 3026 3341 3072 nostrorum
3365 3018 3513 3073 labes
3535 3020 3741 3074 ibidem

2160 3106 2441 3173 demersit)
2475 3121 2789 3175 expressam
2832 3107 3149 3178 imaginem,
3180 3110 3471 3179 vivamque
3504 3110 3739 3179 efﬁgiem

2160 3197 2439 3251 desideres
2482 3197 2717 3260 intueri;
2761 3197 2855 3252 tibi
2897 3213 3104 3266 ponas,
3150 3214 3371 3268 quaeso,
3423 3200 3493 3254 ob
3546 3201 3744 3255 oculos

2161 3287 2429 3341 fluxarum
2464 3296 2914 3357 terrenarumque
2944 3305 3127 3342 rerum
3167 3290 3604 3358 despicientiam,
3627 3291 3740 3345 cibi

2163 3381 2534 3443 sobrietatem,
2594 3380 2818 3433 uberem
2865 3381 3080 3434 dicendi
3126 3382 3455 3444 libertatem,
3495 3390 3743 3437 mentem

2163 3471 2327 3524 nullis
2350 3472 2851 3539 perturbationibus
2877 3472 3167 3526 obnoxiam
3201 3490 3215 3539 ;
3247 3475 3524 3540 quomodo
3552 3474 3603 3526 in
3630 3473 3748 3541 pri-

2167 3570 2341 3615 mates
2386 3575 2451 3614 ac
2495 3561 2752 3630 dynastas
2775 3561 3025 3616 invectus
3064 3578 3158 3617 eos
3181 3564 3553 3633 redargueret,
3594 3566 3745 3633 quod

2165 3661 2526 3705 sacrosanctae
2552 3650 2646 3707 Dei
2678 3653 2823 3724 leges
2856 3654 3182 3723 posthabita:
3202 3654 3313 3723 jam
3345 3655 3746 3709 submoveren-

2169 3753 2278 3809 tur,
2335 3754 2499 3813 atque
2550 3744 2715 3800 etiam
2752 3747 3226 3801 conculcarentur.
3278 3746 3543 3800 Attendas
3582 3747 3748 3800 etiam

2166 3838 2572 3893 adhortationes
2601 3839 2666 3893 ad
2700 3838 3096 3907 paenitentiam,
3130 3848 3185 3891 et
3220 3838 3556 3893 indicantem
3578 3838 3749 3909 digito

2168 3929 2444 3984 Christum
2480 3934 2548 3983 ab
2593 3930 2685 3983 illo
2712 3931 3067 4000 baptizatum,
3117 3930 3315 3985 iterum
3357 3938 3647 3983 venturum
3680 3930 3748 3983 ad

2170 4037 2361 4075 omnes
2407 4022 2754 4091 judicandus,
2812 4038 2876 4075 ac
2916 4037 3012 4091 pro
3066 4022 3179 4075 suis
3222 4021 3488 4090 cujusque
3533 4022 3747 4075 meritis

2170 4113 2467 4181 condignas
2496 4112 2647 4165 vices
2703 4124 3088 4180 repensurum.
3153 4109 3307 4176 Quod
3345 4111 3388 4163 si
3425 4109 3629 4163 Christi
3665 4110 3752 4163 di—

2168 4206 2499 4274 scipulorum
2514 4204 2797 4273 vestigium
2813 4204 3027 4272 aliquod
3042 4212 3259 4271 expetat
3276 4202 3397 4271 quis
3409 4202 3753 4265 adiuvenire,

2178 4303 2363 4365 pergat
2392 4294 2455 4357 is,
2492 4308 2553 4347 ac
2582 4293 2927 4361 speculetur;
2960 4291 3331 4361 spectabitque
3365 4292 3416 4343 in
3443 4290 3750 4344 Athanasio

565 4386 653 4439 15.
697 4384 1015 4439 Imitandam
1047 4385 1211 4440 etiam
1254 4382 1493 4454 suscepit
1544 4383 1763 4438 Davidis
1799 4384 2065 4437 malorum
2101 4391 2142 4445 D
2176 4387 2341 4441 totius
2366 4385 2487 4439 vita:
2510 4384 2977 4452 aspernationem,
3006 4392 3065 4437 ut
3092 4383 3365 4437 Christum
3404 4381 3757 4435 lucrifaciens

497 4488 662 4549 atque
698 4478 1025 4549 iniuriarum
1066 4479 1499 4547 perpessionem,
1545 4486 1601 4530 et
1645 4478 1900 4530 eximiam
1950 4491 2077 4545 erga

500 4573 668 4626 lleum
695 4573 951 4640 pietatem
987 4589 1001 4626 :
1032 4586 1139 4639 qua
1160 4571 1227 4625 de
1254 4586 1418 4625 causa
1444 4584 1554 4623 non
1574 4568 1735 4622 modo
1754 4568 1807 4621 in
1834 4569 2077 4622 cacodae-

500 4677 691 4717 monas
716 4662 975 4727 occinuit,
1004 4663 1097 4716 sed
1116 4663 1172 4717 in
1197 4676 1311 4726 eas,
1343 4676 1484 4730 qute,
1516 4660 1707 4714 iisdem
1736 4659 2076 4730 suggerenti-

499 4757 622 4820 bus,
651 4756 1073 4810 exstimulantur
1110 4755 1393 4826 magisque
1416 4753 1734 4816 efferantur,
1756 4752 1922 4806 animi
1952 4767 2078 4821 per-

501 4849 861 4903 turbationes.
902 4850 1080 4918 Atque
1138 4848 1335 4902 horum
1379 4846 1685 4901 facinorum
1730 4856 1897 4901 testes
1952 4853 2082 4901 sunt

501 4941 841 5010 complures,
893 4955 1125 5009 quorum
1172 4939 1390 5009 quidem
1446 4938 1673 5007 aliquot,
1728 4937 1856 4991 dum
1902 4936 2082 4991 adhuc

502 5033 903 5103 superviveret,
942 5034 1173 5097 curavit,
1215 5033 1481 5100 boumque
1522 5029 1817 5084 valetudini
1844 5031 2083 5084 restituit

503 5124 834 5178 Athanasius
867 5140 879 5176 :
912 5124 1118 5192 aliquot
1146 5121 1331 5186 etiam,
1366 5119 1457 5188 qui
1488 5118 1703 5173 ardenti
1730 5132 1855 5172 cum
1878 5118 1979 5173 fide
2021 5134 2085 5172 ac

504 5216 776 5271 desiderio
805 5222 1157 5270 accesserunt
1180 5213 1248 5267 ad
1280 5213 1399 5281 ejus
1422 5211 1757 5280 sepulcrum,
1802 5226 1925 5265 cum
1965 5209 2080 5281 jam

505 5307 574 5360 ad
608 5306 913 5373 Christum,
951 5323 1113 5376 quem
1150 5307 1576 5370 desideraverat,
1611 5306 2070 5375 transmigrasset,

508 5406 733 5468 propter
755 5415 916 5468 quem
951 5410 1305 5469 exoptaverat
1334 5400 1615 5468 corporeis
1644 5398 1881 5453 vinculis
1903 5395 2080 5451 exsol-

509 5491 582 5557 vi,
619 5490 698 5545 uti
737 5490 962 5546 liberius
998 5508 1063 5547 ac
1101 5490 1345 5545 sanctius
1392 5489 1464 5542 illi
1499 5488 1801 5544 convivens
1832 5488 2077 5557 ejusdem

586 5673 625 5703 “
663 5672 853 5729 Matth.
885 5691 939 5729 v.
1015 5675 1057 5707 "
1085 5675 1219 5729 Dan.
1277 5688 1348 5737 Ix,
1384 5671 1471 5724 ‘25.

2176 4476 2482 4530 inveniret:
2514 4475 2779 4529 intentam
2822 4489 3039 4543 quoque
3081 4474 3135 4527 in
3180 4472 3454 4541 Evangelii
3490 4472 3756 4541 przcdica-

2179 4570 2322 4622 tione
2349 4568 2793 4631 sollicitudinem,
2824 4568 2879 4621 in
2911 4567 3235 4621 turbulentis
3263 4582 3442 4619 rerum
3466 4567 3758 4620 eventibus

2178 4661 2343 4713 animi
2385 4656 2839 4730 magnitudinem.
2894 4659 3317 4713 familiaritatem
3356 4673 3482 4712 cum
3536 4659 3758 4712 Christo

2180 4753 2455 4805 memorite
2504 4751 2768 4808 beneficio
2813 4751 3107 4813 assiduam,
3145 4759 3205 4803 ut
3236 4748 3365 4803 inde
3396 4748 3547 4801 nullo
3596 4749 3762 4803 modo

2180 4842 2424 4896 abstrahi
2458 4851 2671 4912 posset,
2704 4842 2790 4895 vel
2818 4841 3034 4895 avocari
3067 4856 3081 4893 :
3108 4840 3377 4910 spectabit
3408 4840 3571 4893 etiam
3609 4841 3762 4895 illum

2180 4932 2383 4987 Christi
2418 4948 2634 4986 crucem
2662 4941 2773 4986 toto
2806 4932 2925 4986 vitae
2957 4941 3205 4999 tempore
3226 4930 3579 4999 bajulantem,
3608 4931 3767 4985 Chri-

2183 5033 2377 5094 stoque
2408 5023 2783 5087 famulantcm,
2810 5039 2873 5078 ac
2904 5022 3130 5092 vestigia
3181 5032 3520 5091 sequentem,
3553 5023 3767 5093 reliqua

2183 5133 2313 5172 vero
2344 5117 2527 5171 omnia
2559 5116 2965 5170 existimantem
2993 5114 3311 5167 retrimeuta
3346 5115 3767 5183 etquisquilias.

2184 5208 2570 5278 Apostolorum
2606 5208 2766 5278 igitur
2788 5207 2951 5260 vitam
2982 5206 3227 5260 imitatus
3249 5207 3612 5266 Athanasius.
3633 5208 3769 5262 adeo

2185 5317 2251 5357 ex
2282 5316 2471 5355 eorum
2516 5301 2800 5370 architypo
2838 5300 3014 5353 vivam
3048 5298 3334 5369 imaginem
3385 5300 3438 5352 in
3479 5301 3669 5368 seipse
3705 5302 3772 5354 ad

2186 5392 2449 5447 amussim
2488 5391 2718 5457 effluxit,
2748 5400 2806 5445 ut
2852 5391 2896 5444 si
2933 5391 3056 5460 quis
3090 5390 3294 5445 intueri
3325 5390 3489 5445 vellet
3525 5392 3771 5461 singulo-

2194 5501 2314 5539 rum
2348 5484 2715 5548 characteres,
2752 5481 3016 5536 attentius
3058 5480 3426 5551 diepicieudo,
3472 5482 3613 5535 nihil
3658 5484 3772 5535 fere
