3752 6232
55 176 175 242 1377

904 173 1188 234 ORATIO
1228 175 1613 237 FUNEBRTS
1656 177 1738 239 IN
1776 181 1839 241 Β.
1882 183 2403 249 ATIIANASIUM.

3151 184 3288 251 1378

54 284 349 351 dissimiles,
385 282 479 338 sed
507 281 732 338 omnino
752 294 912 336 veros
938 289 1102 373 atque
1128 278 1429 351 ipsissiinos
1451 283 1603 341 inve—
1632 293 1681 349 Α
1709 290 2010 349 suli‘ocabat
2045 310 2226 351 suum.
2276 298 2645 353 Miserendum
2688 297 2854 354 etiam
2899 313 2999 369 per
3041 299 3292 360 innatum

53 380 198 433 uiret.

228 532 355 588 CAP.
391 529 473 585 Vl.
502 560 574 570 —
595 526 849 585 Extrema
880 531 990 583 suis
1028 532 1155 584 data
1178 532 1399 587 monita.

111 674 199 727 l7.
224 671 331 726 Sed
361 669 578 724 tandem
614 665 907 737 aliquando
946 666 1232 737 venitejus
1259 668 1614 737 profectionis

51 776 280 835 tempus;
306 777 483 831 neque
518 760 663 815 enim
698 760 805 813 alio
822 773 1075 813 censeam
1104 760 1326 815 nomine
1356 761 1474 831 ejus
1491 762 1616 816 vitae

51 861 241 913 exitum
280 854 689 926 appellandum,
733 868 896 923 quam
937 853 1150 907 reditus
1184 854 1237 907 in
1278 856 1508 924 patriam
1546 857 1615 910 ab

61 950 230 1004 exilio.
293 946 361 1000 Et
401 945 621 1015 quidem
670 947 738 998 de
793 944 973 1012 seipse
1015 944 1274 997 nonnulla
1319 945 1614 999 obtestanti

56 1043 274 1095 aderant
296 1037 604 1107 complures
626 1034 860 1106 graviter
890 1034 1103 1099 aﬂ‘eeti,
1145 1037 1370 1106 ejusque
1427 1037 1613 1106 sejun-

53 1134 276 1188 ctioncm
298 1129 451 1200 quasi
476 1143 741 1182 summam
778 1128 1043 1195 jacturam
1088 1128 1484 1183 lamentantes:
1514 1145 1612 1183 au-

50 1225 254 1278 diebant
288 1236 417 1274 vero
436 1219 589 1274 illum
616 1217 706 1270 vili
733 1218 1241 1286 lectulojacentem,
1265 1234 1445 1288 neque
1463 1220 1610 1289 quod

50 1318 109 1369 ad
132 1314 444 1369 divitiarum
484 1312 773 1365 thesauros
806 1310 1003 1364 attinet
1043 1320 1396 1376 statuentem,
1436 1328 1617 1381 neque

51 1409 155 1461 auri
200 1404 516 1476 argentique
576 1402 787 1471 cepiam
833 1401 1103 1455 tutoribus
1163 1403 1564 1471 relinquentem
1596 1446 1611 1470 ,

50 1513 265 1568 quorum
307 1504 628 1565 egestatem,
668 1493 810 1547 sicut
836 1492 923 1546 alii
951 1492 1321 1561 adeptionem,
1365 1494 1454 1548 ille
1488 1511 1609 1549 ma-

1713 394 2074 453 sanctumque
2104 388 2270 441 animi
2316 404 2539 443 sensum
2586 390 3059 445 necessitudinum
3095 408 3297 462 egeno-

1715 491 1859 541 rum,
1890 477 1967 531 uti
2014 479 2279 550 benignas
2310 498 2471 537 aures
2502 484 2566 537 iis
2599 486 2987 553 applicuimus,
3033 495 3093 539 ut
3119 503 3295 555 quan-

1717 568 1916 623 tumvis
1976 572 2176 626 terreni
2241 589 2305 628 ac
2366 577 2629 629 mortales
2699 578 2899 646 (quoad
2946 578 3063 631 fieri
3111 586 3293 631 tamen

1714 664 1917 737 potest)
1960 664 2075 720 Deo
2104 665 2309 721 similes
2336 667 2651 729 eﬂieiamur,
2681 668 2771 736 qui
2801 669 3070 737 ejusmodi
3116 670 3293 723 homi-

1714 776 1815 817 nes
1868 763 1924 817 in
1977 778 2208 832 regnum
2258 760 2553 814 introducit
2591 776 2775 821 suum,
2819 775 3050 828 seseque
3114 760 3293 828 ipsum

1715 855 2073 924 cleemosynae
2112 868 2177 907 ac
2210 852 2605 906 misericordiae
2659 851 2906 919 indigum
2954 851 3289 916 confitetur;

1712 956 1770 998 at
1790 960 1883 999 eos
1908 945 2002 1013 qui
2047 944 2288 997 ferarum
2326 943 2431 996 ritu
2478 943 2777 1005 insaniunt,
2806 950 2859 996 et
2888 958 3014 1011 erga
3040 943 3293 997 homines

1713 1039 2090 1093 inhumaniter
2120 1048 2453 1109 grassantur,
2480 1039 2531 1091 in
2565 1048 2798 1092 aeternos
2829 1040 2984 1108 ignes
3020 1054 3128 1091 una
3167 1054 3291 1091 cum

1713 1132 2053 1200 nequissimo
2106 1130 2327 1193 Satana,
2380 1142 2435 1184 et
2485 1131 2692 1200 angelis
2754 1130 2876 1197 ejus
2922 1130 3295 1197 conjiciendos

1715 1221 2121 1276 intermittatur.
2159 1221 2331 1290 Igitur
2367 1221 2551 1275 Jesum
2574 1223 2851 1275 Christum
2887 1220 3179 1275 Dominum
3198 1238 3295 1275 no-

1710 1324 1883 1369 strum
1917 1306 2213 1367 identidem
2255 1315 2565 1383 redigemus
2602 1316 2656 1367 in
2683 1314 3028 1373 memoriam.
3054 1315 3292 1383 judicem

1719 1421 1873 1474 teque
1924 1406 2303 1475 incorruptum
2342 1422 2406 1460 ac
2447 1422 2721 1471 severum,
2772 1404 3101 1459 formidabili
3156 1406 3294 1461 solio

1714 1498 2066 1565 insidentem,
2084 1515 2113 1553 e
2135 1501 2290 1570 cujus
2315 1510 2610 1568 conspectu
2634 1500 2861 1569 ignitum
2882 1500 3085 1553 ﬂumen
3113 1515 3294 1554 erum-

50 1606 144 1659 gno
182 1587 361 1642 studio
403 1592 752 1640 consectatus
791 1582 968 1636 fuerat
1002 1600 1015 1635 :
1054 1597 1155 1637 nec
1199 1594 1357 1638 terrae
1390 1584 1606 1655 jugera,
1644 1634 1685 1689 Β
1714 1592 1813 1662 pit,
1862 1608 2165 1660 omnesque
2202 1592 2468 1661 patefacta
2501 1590 2836 1645 conscientia
2867 1592 2935 1645 ad
2959 1592 3077 1659 ejus
3116 1593 3291 1646 tribu-

50 1689 291 1741 arborum
323 1684 511 1745 silvas,
542 1682 749 1745 vineas,
784 1695 991 1751 greges,
1023 1690 1395 1750 armentaque,
1422 1698 1454 1736 a
1486 1682 1612 1748 qui-

50 1781 159 1844 bus,
198 1774 374 1844 quoad
415 1773 552 1829 vixit
604 1787 772 1841 super
824 1780 1042 1834 terram,
1087 1786 1249 1838 quam
1292 1773 1523 1826 maxime
1569 1772 1616 1825 is

49 1871 141 1923 fuit
174 1868 378 1921 alienus
409 1884 423 1919 :
456 1864 548 1919 sed
582 1879 665 1925 ea,
697 1862 765 1916 de
806 1861 1002 1929 quibus
1041 1876 1258 1930 semper
1293 1862 1615 1932 disputavit,

49 1962 365 2030 quandoque
386 1964 614 2026 propter
645 1953 818 2008 morbi
844 1951 1123 2006 molestias
1154 1953 1372 2007 concise
1419 1969 1615 2007 recen-

52 2064 254 2107 sentem
291 2051 483 2119 (homo
514 2048 658 2102 enim
701 2058 842 2113 erat,
877 2062 1189 2118 quanquam
1241 2046 1419 2116 magni
1446 2045 1614 2099 animi

50 2149 158 2217 ejus
187 2143 456 2201 celsitudo
492 2141 860 2195 humilitatem
903 2142 1216 2210 corpusculi
1246 2141 1561 2210 superabat)
1596 2157 1611 2193 :

53 2242 225 2306 Operae
249 2235 488 2305 pretium
513 2240 676 2293 esset,
700 2231 972 2299 inquiens,
1004 2230 1059 2283 in
1087 2230 1352 2298 meipsum
1382 2244 1616 2284 conver-

52 2344 159 2383 sum
181 2329 247 2381 de
276 2325 542 2397 praesenti
566 2324 745 2381 solum
778 2323 1027 2393 digressu
1059 2323 1129 2377 ab
1161 2323 1262 2376 hac
1295 2322 1402 2375 vita
1429 2322 1615 2391 pensi-

53 2433 174 2485 tare,
203 2428 257 2474 et
303 2415 651 2473 formidabile
694 2423 858 2483 atque
908 2414 1483 2483 horrendnmjussum
1525 2429 1613 2467 ca-

51 2526 275 2581 pessere,
306 2508 516 2579 quique
546 2522 721 2560 meam
763 2506 1073 2575 suscepturi
1119 2506 1230 2560 sint
1258 2506 1514 2571 animam,
1562 2514 1616 2560 et

54 2615 271 2669 quonam
326 2599 575 2652 locorum
617 2595 689 2649 sit
732 2595 864 2648 mihi
898 2595 1000 2648 iter
1045 2593 1380 2659 faciendum,
1430 2596 1614 2649 hostes

54 2698 203 2747 etiam
239 2690 468 2743 infestos
499 2687 552 2740 in
585 2685 797 2741 insidiis
837 2701 1054 2754 semper
1092 2686 1319 2747 locatos,
1370 2686 1618 2755 viamque

52 2785 198 2837 nobis
220 2793 477 2850 tanquam
510 2779 749 2831 latrones
775 2792 840 2831 ae
866 2778 1151 2845 praedones
1193 2778 1607 2847 praepedientes,

55 2876 311 2945 cogitare:
337 2873 433 2928 sed
453 2871 714 2940 quoniam
742 2878 797 2923 et
821 2885 958 2932 mea,
992 2878 1044 2924 et
1080 2880 1257 2923 vestra
1301 2869 1608 2933 connnoda,

1717 1688 1804 1739 nal
1850 1684 2146 1747 sistendos,
2199 1685 2574 1752 rationemque
2605 1684 2915 1738 reddituros
2952 1700 3073 1754 quae
3121 1694 3292 1747 recte,

1716 1791 1907 1843 quaeve
1956 1789 2117 1829 secus
2163 1774 2587 1843 patraverimus.
2649 1772 2927 1842 Quotquot
2973 1774 3028 1826 in
3076 1773 3296 1828 Christo

1714 1880 1873 1919 sacro
1924 1864 2076 1918 fonte
2107 1864 2279 1918 abluti
2322 1880 2533 1927 smnus,
2562 1863 2841 1917 Christum
2870 1863 3147 1917 induimus
3183 1882 3196 1917 :
3224 1878 3295 1916 ne

1713 1957 1896 2025 itaque
1932 1965 2152 2025 propter
2180 1956 2598 2023 propensionem
2631 1955 2697 2007 ad
2724 1969 2809 2037 res
2840 1963 3084 2007 terrenas
3105 1955 3297 2021 hujus-

1713 2048 1858 2101 modi
1896 2058 2102 2100 vestem
2145 2046 2473 2114 rejiciamus.
2505 2062 2573 2099 ne
2599 2046 2836 2100 vicissim
2863 2061 2891 2099 a
2921 2042 3129 2100 cmlesti
3177 2048 3298 2099 tha-

1716 2140 1882 2205 lamo,
1919 2150 2234 2193 sanctorum
2290 2139 2475 2192 laetitia
2507 2154 2570 2192 ac
2612 2138 2867 2206 tripudiis
2918 2137 3293 2205 repudiemur.

1714 2231 1899 2301 Turpe
1937 2232 2186 2294 verbum,
2227 2240 2287 2284 ut
2325 2230 2545 2283 divinus
2586 2230 2763 2297 inquit
2792 2228 3088 2297 Apostolus
3134 2227 3197 2291 “’,
3230 2244 3297 2281 ex

1714 2342 1811 2381 ore
1839 2333 2023 2380 vestro
2060 2324 2271 2377 nullum
2296 2323 2557 2384 dimanct,
2590 2321 2686 2374 sed
2712 2321 2767 2373 in
2796 2320 2996 2381 solum,
3019 2319 3163 2387 quod
3190 2318 3299 2372 vir-

1715 2425 1896 2472 tutum
1944 2415 2227 2484 exemplar
2261 2413 2503 2481 ellingat,
2538 2412 2623 2465 vel
2660 2411 2851 2465 aliena:
2887 2410 3138 2463 utilitatis
3178 2408 3298 2462 fiu-

1719 2519 1869 2565 ctum
1917 2509 2363 2574 referatmeque
2401 2504 2546 2558 enim
2600 2504 2670 2559 de
2715 2502 3018 2556 malefactis
3054 2510 3291 2565 tantum,

1719 2618 1907 2657 verum
1948 2603 2015 2656 de
2063 2600 2254 2654 etiosis
2283 2598 2447 2653 etiam
2488 2597 2690 2661 verbis,
2718 2604 2881 2664 atque
2911 2594 3048 2649 adeo
3076 2595 3145 2649 de
3169 2609 3299 2664 pra-

1717 2694 1803 2747 vis
1850 2691 2291 2762 cogitationibus,
2329 2689 2597 2742 rationem
2634 2702 2734 2741 nos
2771 2685 2880 2739 Deo
2912 2686 3175 2740 reddituri
3204 2702 3301 2739 su-

1718 2799 1862 2837 mus.
1894 2783 2278 2851 Unusquisque
2297 2782 2363 2834 ab
2383 2781 2636 2834 omnibus
2660 2779 2884 2849 gratiam
2934 2779 3091 2839 inire,
3128 2779 3301 2833 hone-

1729 2879 1935 2946 stisque
1960 2877 2012 2929 in
2044 2876 2207 2929 rebus
2234 2889 2418 2927 comes
2446 2888 2567 2926 esse
2596 2882 2750 2926 curet
2782 2889 2795 2925 :
2822 2871 2901 2926 sic
2925 2872 3071 2925 enim
3102 2871 3301 2942 singuli

56 2978 111 3023 ιιι
144 2982 370 3035 semper.
407 2978 557 3018 ηυηο
589 2962 757 3016 eliam
793 2962 1147 3016 Vehementer
1193 2962 1463 3023 ἀθεῖίίιὶΐυυ
1513 2962 1618 3016 huc
1647 2975 1688 3033 C
1729 2970 1957 3025 animati
1988 2983 2112 3022 csse
2141 2967 2426 3027 debemus,
2474 2974 2533 3018 ut
2563 2964 2631 3018 de
2664 2965 2786 3018 aliis
2808 2980 2906 3034 per
2932 2966 3301 3019 emolumenta

56 3060 187 3111 enim
211 3058 404 3111 divina:
434 3055 578 3124 leges
611 3053 989 3121 praescribunt,
1015 3068 1353 3122 quaecunque
1380 3052 1609 3120 permit-

60 3152 115 3205 tit
150 3148 477 3220 indulgentia
510 3146 798 3216 temporis,
832 3154 887 3199 et
914 3146 1057 3214 quod
1079 3145 1345 3214 reliquum
1375 3154 1457 3197 est
1480 3145 1623 3206 vitie,

60 3245 207 3297 etiam
229 3258 373 3297 nunc
402 3242 648 3308 eloquar.
694 3239 808 3307 Ego
840 3238 1090 3307 equidem
1114 3276 1129 3303 ,
1171 3249 1231 3291 ut
1262 3239 1475 3299 videtis,
1505 3238 1627 3290 lon-

56 3350 166 3403 gam
199 3334 264 3389 ad
285 3349 439 3387 meos
475 3339 725 3400 parentes
771 3328 1044 3400 ingredior
1074 3329 1249 3393 viam;
1290 3344 1465 3395 neque
1509 3341 1628 3380 ain-

58 3426 187 3493 phus
215 3426 267 3478 in
297 3428 395 3479 hac
416 3423 634 3478 mortali
668 3426 774 3475 vita
807 3436 893 3474 me
923 3418 1201 3487 aspicietis
1232 3434 1245 3470 :
1271 3418 1365 3470 sed
1389 3433 1457 3471 ne
1478 3432 1621 3480 mea,

59 3520 262 3583 (amabo
289 3522 406 3587 vos)
445 3515 722 3571 admonita
755 3529 851 3583 per
882 3513 1211 3567 oblivionem
1235 3509 1620 3571 eontemnatis,

57 3624 169 3676 quae
217 3610 368 3664 vobis
406 3623 508 3678 pro
550 3622 618 3662 eo
653 3605 825 3660 divini
869 3604 1072 3658 amoris
1113 3604 1329 3669 ardore,
1370 3618 1479 3671 quo
1526 3616 1624 3657 vos

59 3715 365 3769 prosequor,
423 3716 545 3753 sunt
595 3700 925 3769 impertitus.
977 3694 1135 3765 Apud
1188 3711 1281 3750 vos
1330 3711 1466 3758 ero,
1514 3694 1622 3749 imo

58 3808 177 3846 vero
202 3794 380 3862 potius
412 3793 530 3862 ipse
560 3793 714 3845 vobis
744 3791 918 3844 aderit
951 3789 1205 3843 Christus
1226 3804 1349 3843 cum
1377 3788 1485 3840 Deo
1520 3786 1619 3839 Pa-

60 3893 152 3945 tre,
177 3901 238 3939 ae
262 3884 449 3939 divino
476 3885 687 3953 Spiritu
717 3901 729 3935 :
772 3886 953 3951 itaque
985 3881 1232 3935 divinum
1254 3881 1406 3933 eritis
1451 3878 1625 3933 domi-

67 3977 262 4042 cilium,
287 3978 643 4044 animataque
670 3975 811 4028 illius
837 3974 1057 4043 templa,
1092 3973 1246 4039 cujus
1275 3972 1506 4025 thronus
1543 3979 1627 4023 est

58 4071 262 4134 caelum,
303 4070 462 4139 cujus
490 4069 784 4124 seabellum
810 4078 892 4121 est
920 4076 1086 4120 terra.
1115 4066 1223 4134 Ego
1255 4065 1417 4126 enim,
1450 4064 1629 4115 Salva-

59 4168 137 4211 tor
159 4160 351 4229 inquit,
380 4170 431 4213 et
458 4159 625 4213 Pater
655 4160 723 4211 ad
745 4175 864 4211 eum
891 4158 1177 4219 veniemus,
1203 4164 1253 4207 et
1302 4153 1629 4207 mansionem

59 4253 294 4320 faciemus
346 4253 489 4319 apud
539 4269 659 4305 eum
706 4251 772 4316 ιδ,
818 4250 907 4319 qui
938 4248 1197 4302 nimirum
1240 4247 1357 4315 ejus
1394 4244 1631 4313 capessit

1725 3062 1867 3116 bene
1914 3059 2111 3113 mereri
2148 3058 2485 3112 Studeamus.
2532 3056 2707 3110 Nemo
2756 3056 3001 3125 profecto
3050 3067 3303 3110 nostrum

1729 3152 1947 3206 etiamsi
1983 3151 2305 3221 ignorantiae
2342 3151 2710 3203 velamentum
2748 3149 3026 3206 obtendat.
3055 3148 3302 3202 divinum

1723 3246 1989 3315 judicium
2008 3253 2219 3298 evertet
2249 3263 2260 3296 :
2279 3257 2470 3297 omnes
2498 3242 2647 3296 enim
2668 3242 2908 3311 quotidie
2932 3242 3113 3295 divina
3131 3240 3307 3295 Evan-

1727 3336 1989 3407 geliorum
2018 3343 2312 3404 praecepta,
2344 3335 2719 3405 apostolorum
2754 3334 3052 3398 admonita,
3072 3335 3308 3404 prophe-

1727 3437 1902 3483 tarum
1927 3429 2338 3484 adhortationes
2377 3427 2716 3482 exaudimus.

1799 3520 1887 3573 l8.
1916 3519 2057 3584 Quid
2096 3518 2229 3572 mihi
2273 3533 2420 3571 nunc
2458 3524 2863 3577 recenseantur,
2889 3516 2933 3569 si
2966 3532 3088 3570 cum
3118 3516 3297 3585 legiti-

1727 3609 1835 3664 mis
1873 3611 2023 3663 hisce
2043 3619 2249 3663 nostra:
2283 3609 2642 3679 philosophiae
2668 3607 3133 3676 diSputationibus
3151 3624 3301 3686 corn:

1729 3714 1992 3772 parentur
2036 3704 2349 3757 inveteratae
2386 3701 2627 3756 Socratis
2657 3701 3027 3770 quaestiones?
3075 3717 3307 3769 quarum

1725 3796 1894 3866 gratia
1946 3796 2326 3865 superbientes
2368 3795 2539 3849 Graeci
2596 3795 2949 3863 supercilium
3009 3794 3303 3859 attollunt,

1723 3890 1867 3957 quod
1904 3890 1985 3956 (ut
2013 3887 2111 3957 ipsi
2139 3904 2197 3941 se
2223 3888 2450 3956 jactaut)
2482 3886 2526 3939 is
2556 3886 2915 3954 philosophus
2946 3886 3141 3939 timore
3162 3901 3308 3938 rnor-

1726 3980 1795 4031 tis
1821 3978 2075 4046 superior
2102 3977 2397 4031 eststiterit.
2450 3975 2771 4043 llujusmodi
2805 3976 2951 4027 enim
2982 3975 3308 4042 disputatio-

1726 4084 1825 4122 nes
1866 4084 2053 4121 auram
2105 4083 2259 4120 vanze
2304 4074 2525 4134 captant
2577 4065 2835 4134 gloriolae,
2861 4080 3147 4133 scenaeque
3178 4075 3306 4120 sunt

1729 4161 2007 4231 ﬁgmenta,
2046 4168 2100 4213 ct
2144 4158 2320 4212 solum
2366 4158 2601 4209 induunt
2649 4156 3011 4225 philosophiae
3043 4158 3303 4225 speciem,

1736 4252 1965 4320 ejusque
2011 4264 2295 4319 personam
2330 4248 2707 4316 prmseferunt,
2740 4249 2885 4315 quod
2914 4248 2965 4300 in
2995 4263 3069 4301 se.
3109 4264 3218 4301 non
3251 4249 3303 4302 in

56 4344 214 4414 jltssa.
249 4346 315 4401 At
362 4346 507 4400 inter
551 4346 734 4399 divina
770 4351 1040 4413 praecepta
1078 4341 1236 4410 longe
1278 4336 1623 4407 prmclariSSi-
1656 4333 1701 4388 Ι)
1729 4343 1865 4397 alios
1892 4348 2193 4403 convertat,
2224 4339 2488 4408 quidquid
2528 4338 2789 4391 elaborat.
2826 4339 3000 4406 Atque
3034 4338 3137 4392 hoc
3181 4354 3306 4391 cro-

61 4449 309 4501 mum,et
328 4439 549 4508 quidem
578 4437 814 4507 primum
846 4444 949 4497 est,
983 4450 1049 4487 ex
1086 4441 1197 4486 tota
1222 4431 1427 4496 anima,
1461 4445 1624 4484 cona-

63 4537 135 4593 tu,
184 4540 384 4596 mente,
441 4539 662 4598 totoque
712 4536 932 4597 pectore
974 4525 1145 4579 Deum
1194 4538 1515 4593 peramare,
1568 4529 1623 4575 et

59 4622 354 4687 proximum
397 4621 538 4677 sicut
558 4622 798 4690 seipsum
830 4635 843 4671 :
874 4619 979 4672 hoc
1029 4616 1172 4670 enim
1206 4624 1402 4669 caetera
1439 4615 1622 4667 omnia

61 4725 481 4784 consequuntur,
512 4729 624 4768 uno
655 4714 888 4766 alterum
918 4710 1350 4779 complectente;
1392 4715 1447 4758 et
1480 4705 1623 4774 quod

58 4808 204 4876 jubet
237 4825 422 4863 amore
450 4807 865 4879 prosequendos
890 4804 1163 4865 inimicos,
1188 4802 1333 4854 idem
1365 4815 1461 4869 pro
1488 4799 1625 4852 ami-

63 4918 122 4953 co
156 4903 427 4971 propriam
466 4902 656 4961 vitam,
695 4900 738 4953 si
774 4907 989 4966 tempus
1037 4902 1246 4965 poscat,
1284 4891 1623 4961 profunden-

61 4993 175 5046 dam
201 4994 375 5063 jubet.
409 4994 598 5047 Debita
649 4992 779 5045 item
815 4988 1137 5044 dnnittenda
1180 4984 1384 5038 nostris
1413 4982 1629 5037 debito-

62 5084 225 5148 ribus,
268 5086 409 5140 sicut
451 5093 505 5139 et
541 5084 700 5137 nobis
750 5090 935 5135 nostra
974 5080 1159 5134 debita
1200 5076 1364 5131 Pater
1393 5074 1631 5130 cmlestis

63 5174 297 5230 dimittit.
363 5175 710 5229 Horrendum
752 5174 914 5227 etiam
955 5169 1342 5241 pensitandum
1382 5166 1629 5238 patrisfa-

64 5269 233 5321 milias
257 5268 535 5323 decretum
574 5283 699 5337 erga
736 5281 983 5328 servum,
1017 5263 1162 5332 apud
1200 5277 1359 5331 quem
1393 5258 1625 5329 plurima

66 5360 317 5415 beneﬁcia
347 5362 658 5423 collocarat,
689 5372 1049 5427 magnamque
1072 5356 1198 5409 aeris
1228 5356 1331 5407 vim
1352 5354 1461 5422 jam
1496 5367 1631 5404 con-

67 5454 315 5515 donarat,
347 5453 435 5508 hic
464 5462 645 5507 autem
681 5458 899 5521 preptcr
929 5449 1136 5501 minuta
1168 5463 1273 5501 acra
1305 5459 1635 5501 conservum

141 5597 181 5625 ³³
221 5592 377 5646 Joan.
418 5610 527 5655 vtv,
558 5594 647 5647 25.
729 5593 771 5623 ¹⁸
806 5590 1100 5653 (Nessum,
1154 5589 1207 5642 8.

1731 4438 1861 4492 citat
1907 4434 2225 4502 Eseulapio
2258 4431 2569 4486 immolatus
2600 4430 2770 4501 gallus
2802 4444 2832 4483 a
2873 4430 3121 4495 Socrate,
3158 4431 3308 4500 ejus-

1731 4543 1838 4599 que
1897 4525 2210 4581 hominibus
2253 4522 2504 4592 placendi
2562 4522 2743 4575 studio
2796 4522 2941 4590 pleni
2993 4538 3304 4586 sermones,

1732 4635 1872 4689 quos
1901 4618 2202 4688 (discipulis
2232 4614 2606 4678 suadentibus,
2646 4628 2703 4667 ut
2740 4614 2851 4682 ipse
2875 4616 3306 4684 perieulumevi-

1734 4722 1896 4775 taret,
1932 4711 2075 4779 quod
2104 4710 2151 4761 ci
2175 4707 2383 4777 Anytus
2423 4716 2477 4760 et
2510 4706 2728 4760 Melitus
2760 4716 3104 4759 accusatores
3134 4706 3309 4758 susci-

1737 4803 1939 4873 tarant)
1985 4802 2182 4870 passim
2215 4799 2396 4853 caeteri
2445 4799 2789 4852 dictitabant.
2826 4797 2933 4850 Sed
2965 4811 3096 4850 vero
3122 4806 3310 4847 noster

1734 4894 1821 4947 hic
1853 4893 2199 4954 Athanasius,
2238 4891 2397 4944 rebus
2429 4890 2681 4943 omnibus
2714 4889 2764 4941 id
2792 4887 3050 4954 temporis
3083 4886 3309 4954 postha-

1734 4985 1881 5050 bitis,
1928 4985 1996 5038 ad
2048 4984 2179 5037 illud
2211 4998 2381 5036 unum
2429 4982 2804 5043 incumbebat,
2844 4979 2911 5033 ad
2945 4978 3194 5049 gloriam,
3224 4979 3310 5030 in-

1736 5094 1919 5147 quam,
1954 5076 2179 5140 Christi,
2207 5091 2390 5129 rerum
2422 5074 2666 5129 omnium
2696 5070 3021 5139 inspectoris
3047 5085 3110 5123 ac
3132 5069 3310 5138 Epho-

1739 5170 1782 5221 ri
1833 5166 2316 5236 amplificandam;
2365 5164 2593 5233 perinde
2642 5176 2795 5229 mque
2837 5160 2975 5213 nihil
3020 5159 3123 5213 sibi
3169 5166 3314 5212 esset

1737 5258 2019 5327 antiquius
2062 5258 2351 5326 studioque
2394 5256 2639 5325 dignum,
2679 5269 2841 5321 quam
2865 5251 3041 5323 gregis
3064 5252 3165 5305 sibi
3193 5266 3314 5305 cre-

1741 5352 1837 5404 diti
1889 5351 2119 5405 salutem
2163 5364 2442 5409 accurare,
2491 5346 2648 5413 cujus
2695 5344 2875 5398 studio
2910 5343 3215 5397 mirandum
3260 5342 3313 5396 in

1744 5443 1963 5497 modum
1996 5442 2108 5509 ipse
2122 5440 2440 5495 Deushomo
2466 5436 2638 5489 factus
2665 5442 2765 5501 est,
2793 5433 3045 5503 idemque
3074 5432 3315 5488 studium
