3978 6238
432 180 565 243 1379

1182 178 1414 243 PETRI
1451 178 1831 240 ARGORUM
1866 178 2148 240 ORATIO
2190 180 2270 240 IN
2315 179 2382 240 B.
2424 177 2944 241 ATHANASIUM.

3548 177 3691 246 1380

438 294 500 339 ut
549 280 898 355 perspicuum
946 276 1276 351 symbolum,
1330 277 1547 345 reliquit
1580 274 1751 328 Deum
1779 271 2014 326 amanti-
2043 283 2089 336 Α
2116 272 2274 326 nobis
2295 287 2419 326 eum
2444 271 2783 324 imitantibus
2810 270 3021 323 fructus
3044 265 3205 322 παθη
3234 264 3570 331 uberrimos,
3608 278 3698 321 at-

435 376 563 432 bus.
594 374 773 442 Atque
805 372 929 426 ideo
955 384 1264 440 quanquam
1313 378 1462 423 esset
1492 367 1771 435 proximus
1802 363 2016 419 occasui
2112 382 2219 437 que
2259 365 2439 420 calore
2477 364 2835 419 tentationum
2871 361 3231 417 aestuantibus
3256 361 3509 415 umbram
3542 360 3698 413 salu-

435 468 581 533 vitaa,
630 464 963 535 iamiamque
1011 462 1208 515 anima:
1260 460 1505 530 corporis
1545 457 1859 520 discidium,
1896 470 2017 525 quae

438 568 632 613 natura
685 556 891 626 optime
941 554 1361 625 conglutinarat,
1408 550 1795 620 opperiretur;
1830 558 2016 603 tamen

438 666 526 712 ca,
566 664 688 718 qua:
740 646 1001 701 effecerat
1048 647 1215 699 vitam
1261 659 1429 715 agens
1472 642 1864 712 episcopalem,
1898 649 2020 694 tan-

437 757 601 811 quam
631 739 840 795 advena
876 747 931 792 et
972 737 1316 807 peregrinus,
1338 736 1404 789 in
1442 735 1765 789 memoriam
1791 746 2021 786 revoca-

441 835 537 888 vit.
580 831 769 899 Itaque
800 844 923 883 cum
956 828 1009 881 in
1038 827 1232 893 Deum,
1266 837 1379 881 tum
1410 827 1463 880 in
1498 826 1747 880 homines
1784 824 2023 878 charita-

448 934 561 979 tem
580 921 891 976 arctissimo
911 920 1128 974 virtutis
1146 920 1361 973 vinculo
1381 918 1652 989 colligavit
1670 916 2025 979 Athanasius,

442 1016 530 1086 qui
558 1030 663 1068 non
695 1014 871 1067 solum
907 1021 1055 1066 recte
1084 1010 1260 1075 factis,
1293 1014 1388 1066 sed
1421 1012 1487 1066 ad
1513 1019 1817 1065 extremum
1852 1023 2024 1077 usque

440 1110 685 1163 habitum
726 1106 891 1161 etiam
944 1106 1128 1160 verbis
1172 1121 1234 1158 ea
1284 1106 1443 1159 nobis
1490 1104 1713 1174 reliquit
1750 1104 2017 1157 virtutum

437 1199 718 1269 exempla,
754 1198 821 1252 ad
876 1214 997 1267 qua:
1043 1198 1230 1251 oculos
1260 1198 1591 1257 attollentes,
1649 1205 1909 1264 tanquam
1955 1195 2022 1249 ad

437 1294 624 1349 stellas
654 1294 784 1347 dum
808 1308 905 1362 per
938 1292 1292 1361 caliginosam
1332 1300 1548 1344 noctem
1590 1290 1645 1343 in
1683 1291 1808 1344 vitae
1856 1289 2019 1357 hujus

438 1385 629 1455 pelago
656 1382 1355 1451 miserabiliterjactamur,
1380 1395 1571 1435 omnes
1594 1379 1716 1448 ejus
1758 1379 2020 1433 decuma-

437 1491 541 1531 nos
569 1474 785 1537 ﬂuctus,
820 1474 1151 1541 obortasque
1186 1481 1557 1541 tempestates,
1578 1481 1635 1526 et
1660 1487 1690 1525 a
1714 1469 2021 1525 communis

439 1567 731 1636 infestique
762 1565 937 1619 hostis
967 1565 1185 1621 insidiis
1213 1565 1477 1620 excitatas
1499 1563 1766 1635 procellas
1795 1563 2023 1617 eluden-

440 1659 512 1712 do
546 1657 976 1727 enavigabimus,
1007 1664 1064 1710 et
1116 1655 1185 1709 ad
1215 1656 1569 1725 tranquillum
1608 1654 1812 1710 Christi
1863 1655 2015 1723 regni

442 1759 663 1821 portum
690 1748 1112 1818 applicabimus,
1137 1748 1403 1802 habentes
1433 1764 1534 1817 pro
1556 1748 1817 1818 magistro
1855 1746 2019 1800 Atha-

443 1842 709 1904 nasium;
740 1841 834 1909 qui
875 1840 1029 1910 quasi
1059 1840 1424 1910 peritissimus
1455 1841 1790 1911 gubernator
1810 1840 2026 1893 clavum

446 1941 639 1986 tenens
668 1932 737 1985 ad
768 1932 996 2001 puppim
1039 1931 1247 1993 sedeat,
1281 1940 1529 1985 nostram
1574 1930 1829 1984 ﬁduciam
1874 1928 2029 1983 exci-

447 2030 545 2087 tet,
575 2030 631 2075 et
669 2022 737 2075 ad
785 2037 849 2076 ea
882 2023 1124 2086 demum,
1178 2020 1322 2076 unde
1372 2031 1563 2075 nostra
1607 2020 1813 2090 pendet
1858 2021 2027 2086 salus,

446 2114 661 2169 animos
696 2113 869 2167 tollat.

769 2206 895 2260 CAP.
938 2204 1050 2260 VII.
1096 2236 1165 2247 —
1202 2205 1361 2269 Mors,
1407 2205 1691 2261 miracula.

518 2296 608 2352 19.
649 2294 799 2349 Hanc
830 2295 993 2366 igitur
1015 2294 1140 2349 ﬁliis
1170 2294 1286 2349 suis
1308 2295 1626 2363 relinquens
1657 2292 2029 2348 haereditatem

450 2386 837 2443 sanctissimus
866 2386 1223 2449 Athanasius,
1268 2385 1552 2455 protensis
1581 2385 1846 2454 speciosis
1882 2384 2034 2454 pedi-

450 2480 577 2545 bus,
616 2487 673 2533 et
726 2478 981 2532 innocuis
1047 2477 1366 2547 compositis
1409 2477 1697 2542 manibus,
1750 2476 2032 2545 oculisque

450 2576 686 2646 graviter
714 2589 779 2629 ac
822 2575 1070 2646 religiose
1109 2575 1176 2629 ad
1210 2574 1420 2629 coelum
1451 2574 1700 2639 sublatis,
1746 2584 1911 2642 atque
1954 2573 2028 2626 ita

452 2676 761 2721 extremum
801 2666 1056 2720 locutus:
1090 2663 1153 2720 In
1192 2680 1388 2721 manus
1418 2673 1562 2729 tuas,
1592 2664 1843 2729 Domine,
1884 2678 2034 2718 com-

452 2758 655 2812 mendo
701 2758 957 2827 spiritum
999 2772 1206 2821 meum,
1252 2757 1530 2827 jucundus
1575 2765 1631 2811 et
1656 2756 1814 2811 valde
1845 2755 2035 2809 hilaris

453 2851 689 2904 animam
733 2850 801 2903 ab
829 2849 1037 2920 angelis
1076 2849 1300 2919 jamjam
1327 2848 1704 2903 adducendam
1736 2846 2033 2903 exhalavit.

455 2942 631 2997 Homo
661 2943 921 2997 nimirum
950 2943 1163 2997 dierum
1193 2941 1432 3011 Spiritus
1472 2942 1644 2996 sancti
1670 2941 1886 3012 plenus,
1919 2941 2036 3010 ple-

453 3050 560 3087 nus
579 3033 709 3088 item
735 3033 937 3088 divinae
959 3032 1351 3087 muniﬁcentiae
1389 3032 1569 3098 donis,
1600 3047 1724 3086 cum
1756 3032 2033 3087 caelestem

454 3126 700 3180 laborum
734 3126 1233 3180 remunerationem
1280 3124 1491 3194 liquido
1531 3124 1867 3195 perSpiceret
1916 3126 2027 3195 jam

454 3218 771 3282 all‘uturam,
810 3217 1013 3282 effecit,
1053 3225 1114 3271 ut
1156 3217 1464 3285 sapientem
1500 3216 1677 3282 decet,
1710 3227 1769 3271 ut
1805 3217 2031 3272 minime

454 3324 516 3364 se
547 3308 838 3378 pamiteret
879 3309 1004 3363 vitae
1047 3316 1334 3369 anteactzc,
1371 3307 1467 3361 sed
1511 3307 1693 3376 potius
1735 3308 2028 3364 laetaretur.

455 3400 723 3454 Maturum
754 3400 985 3456 dixisses
1016 3400 1356 3455 frumentum
1387 3398 1444 3452 in
1487 3399 1800 3455 coelestibus
1824 3400 2033 3455 horreis

455 3492 823 3554 conitendum,
854 3493 923 3547 ab
951 3492 1101 3546 omni
1136 3492 1488 3546 collectarum
1518 3491 1733 3563 frugum
1758 3492 1889 3546 vitio
1911 3492 2042 3546 alie-

455 3597 587 3638 num
616 3594 674 3638 et
700 3585 1080 3654 incorruptum
1115 3602 1129 3638 :
1165 3593 1331 3652 atque
1360 3582 1483 3638 ideo
1521 3583 1577 3637 in
1608 3584 1840 3637 concilio
1860 3583 2041 3653 justo-

456 3656 578 3729 rum
604 3674 769 3728 vitam
824 3674 961 3729 vivit
1002 3673 1389 3739 immortalem,
1425 3675 1655 3744 ejusque
1703 3690 1915 3730 merces
1953 3683 2038 3730 est

458 3768 627 3821 multa
670 3766 835 3821 nimis
867 3767 1011 3836 apud
1038 3766 1363 3821 altissimum
1410 3765 1601 3821 Deum.
1648 3767 1831 3822 Floret
1870 3768 2037 3839 igitur

458 3867 518 3912 ut
552 3858 747 3928 palma,
779 3868 946 3930 utque
974 3858 1173 3915 cedrus
1203 3866 1434 3930 augetur
1457 3866 1512 3913 et
1536 3859 1916 3933 ampliﬁcatur,
1935 3861 2029 3932 qui

2115 458 2407 513 berrimam
2435 456 2677 511 exhibet.
2711 454 3056 523 Quapropter
3080 453 3402 507 memoriam
3425 450 3572 521 apud
3596 466 3702 504 nos

2116 551 2476 605 immortalem
2524 555 2894 613 consecutus,
2924 544 3257 600 inexstincta
3306 542 3473 599 etiam
3528 542 3701 614 gloria

2115 640 2437 711 perfruitur.

2135 741 2139 745 ‘
2187 732 2279 787 20.
2318 730 2557 802 Reliquit
2603 746 2738 787 vero
2766 728 2931 785 nobis
2976 742 3085 782 una
3108 742 3237 783 cum
3268 736 3353 783 ter
3379 727 3543 783 beato
3572 740 3704 783 cor-

2122 841 2254 897 pore
2288 824 2618 895 sepulcrum,
2645 824 2790 893 quod
2818 822 2990 877 veluti
3029 820 3287 891 perennis
3311 819 3437 876 fons
3458 820 3703 874 curatio-

2123 931 2255 969 num
2293 913 2438 969 rivos
2465 914 2721 968 omnibus
2744 928 2868 967 cum
2900 911 3007 966 llde
3030 910 3418 966 accedentibus
3463 910 3701 963 ubertim

2124 1006 2374 1060 eﬂ‘undit.
2410 1005 2774 1071 Quamobrem
2808 1005 2863 1059 in
2910 1018 2979 1059 eo
3009 1003 3284 1072 inspicere
3322 1001 3706 1057 existimemus

2124 1099 2482 1154 Athanasium
2540 1100 2741 1169 ipsum,
2773 1113 2938 1169 quem
2968 1098 3158 1153 dolore
3192 1097 3414 1168 pariter,
3447 1112 3513 1152 ac
3562 1096 3707 1151 desi-

2124 1194 2278 1248 derio
2309 1192 2715 1262 incomparabili
2755 1194 2819 1247 ad
2851 1192 2985 1247 illud
3019 1191 3346 1247 accedentes
3368 1190 3707 1260 complecta-

2123 1303 2267 1354 mur,
2290 1288 2428 1342 sicut
2454 1286 2670 1342 Patrem
2701 1296 3050 1349 venerantes,
3075 1294 3132 1341 et
3153 1302 3257 1356 qua
3297 1301 3397 1356 par
3424 1295 3505 1340 est
3524 1285 3705 1354 pieta-

2123 1386 2179 1433 te
2219 1387 2651 1448 prosequentes;
2712 1379 2855 1433 sicut
2904 1379 3453 1434 benemerentissimo
3497 1377 3707 1448 gratias

2124 1480 2351 1542 agentes
2380 1471 2716 1526 immortales
2740 1487 2754 1535 ;
2790 1471 2933 1526 sicut
2958 1471 3170 1525 medico
3199 1486 3323 1525 cum
3351 1469 3519 1523 animi
3541 1468 3707 1539 :egri-

2127 1566 2349 1622 tudines
2386 1574 2497 1618 tum
2547 1565 2795 1634 corporis
2832 1572 3193 1634 exponentes,
3227 1572 3390 1632 atque
3432 1563 3497 1616 ad
3536 1562 3708 1631 hujus

2128 1660 2528 1715 medicamenta
2562 1657 2907 1711 festinantes.
2937 1655 3229 1710 Enimvero
3248 1656 3353 1710 huc
3369 1655 3438 1710 ad
3457 1655 3706 1708 Athana-

2126 1754 2190 1807 sii
2221 1753 2531 1822 sepulcrum
2559 1750 2906 1805 iuvisendum
2938 1748 3167 1803 veniunt
3194 1748 3359 1803 etiam
3386 1748 3478 1817 qui
3491 1746 3707 1817 longio-

2126 1846 2201 1900 ris
2238 1842 2701 1915 peregrinationis
2744 1842 2847 1895 iter
2881 1841 3198 1907 instituunt,
3235 1840 3329 1893 ubi
3372 1850 3702 1909 prosperum

2127 1936 2256 1989 item
2289 1935 2521 1989 reditum
2537 1932 2883 2001 beneprecati
2911 1931 3135 1986 domum
3158 1946 3311 1985 suam
3325 1938 3698 1985 revertuntur.

2126 2024 2379 2079 Mulieres
2395 2040 2607 2093 quoque
2630 2039 2777 2077 nunc
2800 2021 2950 2086 viris,
2984 2037 3135 2077 nunc
3164 2021 3287 2076 ﬁliis
3315 2035 3556 2090 praesens
3589 2034 3706 2073 Ine-

2130 2118 2519 2179 dicamentum,
2546 2125 2601 2171 et
2624 2116 2817 2171 mortis
2838 2116 3197 2185 prolationem
3226 2112 3708 2184 precabundaairn—

2130 2218 2351 2281 petrant
2379 2228 2393 2263 -.
2424 2209 2517 2278 qui
2571 2208 2746 2279 rigida
2794 2207 3124 2277 potentioris
3175 2220 3369 2261 manus
3417 2203 3708 2275 tyrannide

2131 2302 2564 2373 opprimuntur,
2612 2308 2907 2369 patronum
2962 2299 3220 2353 invocant
3274 2296 3637 2351 Athanasium
3691 2309 3708 2347 :

2131 2394 2332 2463 quibus
2359 2407 2458 2462 per
2487 2392 2816 2446 calumniam
2846 2390 3025 2445 aliena
3048 2389 3290 2443 facinora
3332 2387 3707 2448 ascribuntur,

2132 2496 2295 2553 atque
2326 2484 2529 2552 injuste
2554 2484 2623 2537 ad
2650 2482 2827 2537 forum
2848 2482 3160 2551 rapiuntur,
3197 2490 3482 2536 strenuum
3503 2492 3711 2547 propu-

2127 2585 2405 2648 gnatorem
2438 2574 2683 2629 sentiunt
2700 2573 3086 2628 Athanasium.
3113 2571 3375 2641 Denique,
3390 2578 3451 2624 ut
3465 2582 3711 2623 summa-

2132 2668 2500 2732 tim'dicam,
2556 2682 2750 2722 omnes
2805 2666 3193 2732 Athanasium,
3244 2664 3426 2719 omnia
3477 2662 3709 2724 factum,

2132 2763 2358 2832 ejusque
2384 2761 2645 2816 auxilium
2683 2760 3038 2829 implorantes
3064 2766 3313 2814 votorum
3335 2757 3445 2827 jam
3478 2768 3712 2825 compo-

2136 2863 2218 2909 tes
2255 2852 2457 2920 ell‘ecti,
2512 2867 2578 2906 ac
2614 2851 2865 2905 laetantes
2894 2858 3271 2905 revertuntur.
3303 2848 3461 2902 Hunc
3502 2848 3710 2901 etenim

2139 2946 2452 3017 experimur
2493 2945 2649 3016 quasi
2683 2945 2912 2999 alteram
2940 2943 3149 3008 Siloen,
3181 2942 3364 2997 omnia
3392 2940 3556 2995 nobis
3583 2954 3712 3009 per-

2136 3040 2510 3096 turbationum
2567 3038 2819 3093 incendia
2842 3036 3277 3107 exstinguentem
3298 3072 3315 3099 ,
3351 3032 3712 3101 omniumque

2135 3131 2371 3196 animos,
2423 3137 2479 3184 et
2544 3143 2777 3198 corpora
2838 3127 3250 3197 irrigationibus
3303 3131 3709 3195 unguentorum

2138 3221 2491 3293 fragrantiam
2529 3220 2868 3290 spirantibus
2902 3227 3263 3275 recreantem.
3308 3219 3487 3286 Atque
3511 3216 3711 3271 horum

2138 3313 2529 3369 beneﬁciorum
2575 3327 2678 3367 nos
2707 3327 2925 3382 quoque
2970 3312 3267 3381 participes
3319 3310 3439 3364 ﬁeri
3473 3316 3706 3378 exopta-

2138 3420 2302 3472 mus;
2333 3404 2603 3459 bonorum
2634 3404 2880 3459 omnium
2910 3402 3144 3467 auctori,
3178 3410 3235 3457 et
3276 3401 3333 3455 in
3366 3400 3577 3455 sanctis
3598 3400 3713 3454 suis

2138 3496 2373 3568 glorioso
2397 3495 2599 3566 gratias
2622 3505 2848 3567 agentes
2887 3494 2996 3549 Deo
3028 3509 3192 3549 :eum
3224 3492 3373 3548 enim
3406 3491 3571 3546 decet
3592 3506 3711 3545 om-

2136 3588 2225 3642 nis
2258 3586 2453 3658 gloria,
2484 3586 2682 3653 honor,
2722 3586 3027 3652 veneratio,
3057 3586 3299 3651 Patrem,
3324 3594 3380 3640 et
3411 3583 3635 3649 Filium,
3660 3590 3714 3637 et

2136 3676 2401 3748 Spiritum
2440 3687 2714 3743 sanctum,
2747 3693 2915 3742 nunc,
2937 3688 2992 3733 et
3016 3693 3254 3749 semper,
3284 3686 3341 3734 et
3365 3676 3420 3732 in
3463 3674 3711 3733 omnium

2131 3771 2457 3828 saeculorum
2484 3771 2867 3829 aeternitatem.
2891 3773 3086 3829 Amen.
