3978 6238
289 231 3514 296 M—

1643 453 1815 496 ΔΝΝΟ
1859 452 2154 496 INCEBTO.

919 632 2781 814 BARTHOLOMZEUS
2820 763 2862 840 ,

1187 969 1862 1060 EDESSENUS
1930 965 2616 1058 MONACHUS.

1719 1317 2075 1379 NOTITIA.

1461 1513 1629 1576 (Cave,
1657 1514 1858 1566 Dissert.
1880 1513 2052 1577 prim,
2084 1529 2195 1579 pag.
2228 1515 2364 1580 168.)

347 1822 795 1888 Bartholommus,
826 1829 1002 1892 gente,
1034 1819 1085 1873 ni
1117 1816 1290 1883 fallor,
1329 1818 1520 1888 Syrus,
1566 1818 1723 1882 civis,
1754 1829 1901 1876 certe
1957 1823 2255 1877 monachus
2275 1862 2290 1888 ,
2327 1820 2669 1889 Edessenus;
2698 1822 2824 1891 quin
2869 1838 2976 1878 non
3008 1835 3134 1878 raro
3175 1838 3234 1880 se
3264 1822 3526 1894 simplici-

275 1923 360 1972 ter
391 1914 725 1984 Edessenum
756 1918 918 1965 vocat
945 1926 959 1974 ;
1003 1907 1179 1962 {etatis
1203 1907 1493 1962 admodum
1525 1907 1748 1962 incerta:
1781 1910 2037 1980 scriptor,
2070 1911 2222 1980 cujus
2251 1926 2317 1965 ne
2350 1911 2620 1965 levissima
2652 1911 2892 1978 quidem,
2914 1911 3056 1980 quod
3077 1912 3269 1977 sciam,
3293 1911 3526 1965 habetur

275 2001 510 2068 mentio,
548 2000 814 2068 cuiusque
843 1999 896 2052 in
934 2004 1054 2050 toto
1102 2010 1200 2050 suo
1235 1993 1416 2064 Opere
1447 2010 1547 2050 nec
1590 1995 1732 2060 vola,
1768 2010 1867 2051 nec
1898 1999 2214 2069 vestigium;
2247 2001 2329 2052 vir
2365 2015 2471 2054 non
2530 1999 2851 2069 inelegantis
2877 2000 3103 2071 ingenii,
3135 2015 3240 2055 non
3273 2009 3525 2054 contem-

274 2093 469 2146 nenda
515 2088 860 2151 eruditionis,
894 2088 944 2139 in
973 2085 1191 2154 scriptis
1214 2094 1269 2139 et
1290 2085 1486 2139 ritibits
1520 2084 2205 2154 Chaldaeorum,Arabum,
2229 2086 2803 2142 Muhantmedanorum
2836 2086 3262 2142 versatissimus.
3293 2085 3526 2153 Scripsit

281 2179 574 2232 Elenchum
627 2192 721 2230 seu
758 2174 1183 2230 confutationem
1225 2172 1480 2241 Agareni,
1531 2187 1634 2241 qna
1685 2187 1794 2228 non
1826 2178 1942 2229 sine
1982 2178 2401 2246 magnoingenii
2439 2177 2686 2232 acumine
2720 2186 2775 2231 et
2819 2178 3056 2231 mordaci
3111 2177 3242 2241 sale,
3272 2177 3525 2231 Alcorani

279 2271 514 2337 ineptias
540 2278 596 2324 et
621 2267 1012 2321 Multammedis
1039 2277 1242 2327 ortum,
1272 2266 1460 2329 vitam,
1491 2279 1693 2326 mores.
1727 2267 1867 2319 ritus
1919 2271 1974 2317 et
2004 2265 2276 2331 dogmata,
2301 2263 2580 2335 eleganter
2621 2265 2861 2333 exponit.
2901 2263 3048 2329 Opus
3079 2264 3183 2317 hoc
3245 2262 3526 2333 ἀκέφαλον

278 2356 375 2411 Gr.
407 2356 532 2410 Lat.
567 2355 760 2410 extulit
799 2353 985 2422 Steph.
1013 2353 1088 2408 Le
1115 2351 1366 2418 Moinius,
1398 2362 1452 2405 et
1487 2353 1628 2405 inter
1677 2350 1840 2404 Varia
1870 2368 1966 2407 sua
2025 2354 2192 2408 Sacra
2217 2354 2392 2408 locum
2450 2356 2633 2421 dedit,
2669 2354 2841 2424 Lugd.
2880 2353 3066 2406 Batav.
3097 2352 3256 2416 1685,
3290 2368 3342 2422 p.
3383 2352 3523 2418 δοες

282 2446 652 2510 subnectitur,
679 2445 806 2497 ibid.
837 2459 891 2512 p.
920 2442 1046 2507 429,
1089 2449 1351 2496 tractatus
1380 2441 1514 2494 alter
1544 2439 1638 2494 Gr.
1679 2437 1799 2494 Lat.
1831 2439 2026 2495 Contra
2064 2441 2507 2510 Muhammedem,
2541 2459 2607 2498 an
2643 2444 2883 2509 ejusdem
2908 2442 3174 2508 auctoris,
3206 2457 3308 2495 non
3334 2441 3522 2510 liquet.

286 2534 425 2587 Sunt
454 2547 575 2600 qua:
606 2532 657 2586 id
687 2532 918 2585 suadere
946 2529 1234 2584 videantur
1273 2528 1515 2582 materia
1566 2525 1820 2592 afﬁnitas,
1871 2530 2114 2584 auctoris
2174 2529 2470 2599 ingenium,
2501 2541 2752 2584 accurata
2810 2545 2992 2585 rerum
3047 2528 3527 2583 Muhammedana-

286 2637 404 2674 rum
431 2621 644 2689 peritia.
675 2619 786 2675 Nec
816 2620 1012 2675 desunt
1052 2633 1172 2688 qua:
1219 2632 1504 2672 assensum
1553 2617 1712 2686 plane
1761 2617 2061 2683 retrahunt,
2095 2619 2364 2688 praecipue
2416 2620 2558 2673 haud
2601 2620 2732 2673 levis
2764 2620 2816 2673 in
2864 2628 3098 2687 utroque
3132 2618 3519 2686 discrepantia.

284 2709 717 2764 Bartholomazus
759 2711 814 2762 in
849 2707 1199 2762 recensendis
1229 2705 1621 2759 Muhatnmedis
1667 2706 1926 2762 uxoribus
1953 2717 2007 2762 et
2038 2707 2244 2771 liberis,
2276 2722 2397 2760 cum
2427 2721 2716 2776 anonymo,
2755 2721 2854 2761 nec
2926 2705 3262 2770 nominibus,
3298 2719 3398 2760 nec
3430 2721 3530 2758 nu-

285 2817 459 2864 mero,
490 2801 762 2856 convenit.
796 2799 1057 2856 Monacho
1108 2797 1459 2860 Nestoriano,
1491 2798 1754 2867 primario
1807 2795 2203 2851 Multammedis
2228 2795 2280 2848 in
2317 2795 2596 2848 condendo
2617 2794 2892 2848 Alrorano
2936 2793 3276 2865 ὲργοδιώκτῃ
3331 2807 3528 2847 nomen

287 2891 424 2959 apud
461 2889 908 2943 Bartholomaaum
945 2895 1030 2941 est
1055 2885 1352 2950 Pachuras,
1393 2888 1532 2953 apud
1558 2900 1882 2955 anonymum
1909 2882 2095 2949 Baira,
2121 2890 2178 2938 ut
2201 2881 2306 2936 alia
2334 2882 2446 2952 jam
2473 2883 2704 2936 mittam.
2737 2879 2807 2937 Ut
2834 2891 2893 2936 ut
2929 2882 3022 2948 sit,
3052 2890 3350 2949 utrumque
3385 2895 3522 2950 Opus

281 2980 621 3050 jucunditate
637 2988 690 3033 et
713 2977 943 3032 utilitate
970 2991 1066 3031 sua
1103 2991 1162 3031 se
1190 2989 1513 3045 magnopere
1535 2971 1950 3029 commendat".

251 3119 256 3128 ι
287 3223 327 3278 L
354 3149 566 3276 deotgf.
592 3149 801 3275 Fagﬂc.
829 3148 1080 3273 Bibelioth.
1122 3147 1292 3203 στανδ.
1325 3149 1412 3204 ed.
1454 3146 1645 3203 llarles
1675 3157 1713 3202 t.
1741 3144 1877 3213 VIII,
1918 3161 1971 3216 p.
2003 3144 2071 3201 86
2105 3153 2216 3201 not.
2255 3161 2404 3210 mm;
2436 3155 2473 3198 ι.
2503 3143 2612 3212 LX,
2643 3159 2695 3214 p.
2731 3142 2836 3199 586
2867 3158 2881 3208 ;
2942 3150 2998 3197 et
3043 3140 3220 3198 Catal.
3264 3140 3530 3199 biblioth.

331 3236 629 3278 eten.n.
765 3237 874 3278 .n.
952 3243 1002 3273 -.

331 3236 538 3277 etuens.
577 3236 629 3290 p.
655 3236 780 3284 aeu,
818 3237 874 3274 n.
911 3236 1002 3273 τι.

1115 3579 1536 3644 MONITUM
1569 3577 1668 3640 IN
1698 3576 2197 3654 SEQUENTIA
2244 3573 2691 3638 OPUSCULA.

1276 3765 1546 3830 (Latmus,
1585 3764 1743 3815 Varia
1764 3777 1923 3825 sacra,
1949 3762 2328 3826 Prolegomena,
2362 3772 2412 3822 p.
2454 3757 2554 3819 I7.)

360 4112 494 4167 Cum
514 4125 581 4164 ex
611 4107 787 4178 legato
811 4104 1197 4168 Warneriano,
1226 4103 1293 4159 ad
1323 4103 1729 4172 Scaligeranum
1754 4107 2123 4168 pergerem,et
2156 4096 2450 4152 desultoria
2479 4095 2707 4166 quadam
2735 4092 2980 4155 libidine,
3018 4091 3178 4145 modo
3204 4089 3292 4144 illo
3315 4128 3332 4154 ,
3373 4090 3535 4144 modo

291 4200 396 4254 isto
428 4197 617 4252 oculos
655 4175 803 4250 meos
826 4208 1127 4262 pascerem,
1157 4200 1211 4246 et
1241 4192 1530 4259 utriusque
1557 4203 1688 4257 opes
1711 4187 1962 4248 mirarer,
1986 4200 2050 4238 ac
2109 4185 2470 4253 explorarem,
2505 4181 2670 4235 incidi
2727 4181 2782 4234 in
2825 4177 3254 4247 Disputationem
3303 4175 3538 4230 Bartbo-

294 4288 466 4340 lotnaai
498 4285 776 4346 Edesscni,
821 4261 1088 4352 sequioris
1126 4283 1246 4347 aevi,
1283 4281 1336 4334 tti
1369 4278 1546 4343 fallor,
1579 4275 1848 4335 monachi,
1913 4280 2098 4326 contra
2151 4269 2471 4323 Saracenos.
2520 4265 2672 4336 Opus
2700 4266 2996 4335 Scaligero,
3026 4262 3304 4328 Vulcanio,
3331 4261 3538 4316 Mursio

295 4387 510 4438 notum,
552 4371 876 4440 illorumque
899 4349 1088 4423 ﬁdoctis
1117 4367 1367 4421 manibus
1396 4366 1486 4419 diu
1516 4363 1700 4417 tritutn
1731 4376 1794 4416 ac
1833 4368 2128 4421 versatum,
2153 4359 2246 4411 sed
2284 4359 2387 4410 huc
2431 4370 2605 4424 usque
2656 4354 2938 4416 ineditum,
2972 4365 3072 4405 nec
3100 4349 3394 4404 Latinitate
3437 4350 3536 4403 do-

297 4435 508 4516 natum.
545 4460 679 4514 Cum
710 4435 836 4513 vero
896 4459 1040 4512 illius
1071 4457 1232 4512 lectio
1263 4471 1364 4508 non
1405 4455 1597 4508 leviter
1630 4451 1869 4504 animum
1915 4446 2174 4508 alliceret,
2207 4459 2268 4497 ac
2295 4443 2346 4496 in
2373 4442 2461 4495 illo
2489 4441 2652 4494 multa
2709 4437 3178 4503 occurrerent,de
3205 4435 3535 4498 Mahumete,

296 4551 362 4603 de
395 4548 815 4611 Mahnmetanis,
843 4546 908 4601 de
964 4546 1223 4614 religione
1281 4540 1824 4601 Muhamedanorunt,
1848 4537 1913 4590 de
1936 4534 2098 4589 variis
2128 4532 2269 4601 apud
2304 4530 2423 4583 illos
2463 4530 2683 4592 ritibus,
2721 4538 2876 4597 grata
2925 4541 2990 4580 ac
3044 4525 3307 4594 jucunda,
3348 4540 3536 4614 queen

299 4637 593 4691 let-toribus
619 4637 760 4689 sicut
787 4648 890 4688 nec
935 4649 963 4686 a
999 4611 1103 4699 me,
1135 4647 1241 4685 non
1279 4633 1396 4684 sine
1428 4628 1658 4695 quadam
1711 4625 1987 4693 voluptate
2024 4621 2128 4687 legi
2161 4633 2321 4688 posse
2353 4618 2700 4688 videbantur,
2734 4614 2920 4669 statim
2949 4614 3016 4667 de
3054 4626 3220 4681 opere
3263 4626 3384 4664 cum
3415 4611 3537 4662 aliis

296 4725 407 4793 jam
470 4723 674 4793 paratis
722 4721 983 4776 sociande
1039 4696 1296 4788 cogitavi,
1335 4715 1636 4768 versionem
1672 4712 1955 4766 adornavi.
1994 4709 2074 4761 Ad
2114 4706 2315 4761 calcem
2342 4720 2475 4758 vero
2528 4704 2689 4758 iSIius
2745 4701 2952 4756 codicis
2996 4714 3129 4753 mss.
3165 4696 3539 4793 Bartltolortizei

303 4783 581 4878 Edesseni,
611 4812 854 4880 quaedam
903 4811 1082 4865 addita
1108 4783 1604 4877 'Iegebantur,qu:e
1634 4800 1993 4854 Mahumetem
2038 4797 2212 4865 ipsum
2255 4792 2591 4863 spectabant.
2654 4790 2782 4856 Quze
2822 4803 2946 4844 cum
2995 4785 3265 4857 superiori
3299 4783 3540 4852 disputa-

301 4900 455 4966 tioni,
486 4879 716 4955 concilio
769 4899 1003 4969 quodam
1056 4897 1236 4952 addita
1280 4892 1533 4956 fuissent,
1567 4903 1632 4946 ea
1661 4888 1714 4943 in
1759 4888 1999 4944 editione
2025 4896 2212 4941 nostra
2270 4882 2542 4938 noluimus
2580 4879 2898 4937 desiderari.
