3978 6238
433 381 1681 404 ’.Μ-ὴ

1564 227 2126 292 BARTHOLOMEI
2169 229 2545 292 EDESSENI

3535 229 3678 294 1384

827 532 2058 655 ΒΑΡΘΟΛΟΜΑΙΟΥ
2136 458 2436 652 ΤΟΥ
2507 536 3310 654 ΕΔΕΣΗΝΟΥ

1453 781 1974 871 ΕΛΕΓΧΘΣ
2046 778 2662 868 ΑΓΑΡΗΝΟΥ.

1046 1147 2230 1276 BARTHOLOM/EI
2325 1143 3081 1273 EDESSENI

840 1401 1483 1483 ELENCHUS
1563 1401 1712 1477 ET
1785 1397 2608 1477 CONFUTATIO
2709 1396 3270 1476 AGABE‘NI6

436 1868 455 1884 ο
533 1866 546 1881 0
632 1863 648 1879 ο
729 1864 742 1878 0
827 1861 841 1882 η
919 1861 935 1876 0
1014 1859 1030 1874 0
1108 1857 1126 1874 ο
1205 1856 1222 1874 ο
1300 1859 1315 1873 0
1395 1857 1410 1871 0
1493 1858 1504 1869 ι
1584 1856 1597 1870 0
1679 1859 1694 1872 ο
1773 1855 1788 1870 0
1868 1857 1881 1871 0

507 2007 573 2060 Et
600 2007 713 2058 hmo
746 2003 923 2056 inteni
952 2000 1168 2069 scriptis
1220 1999 1476 2052 mandata
1506 1999 1555 2049 itt
1583 2007 1673 2050 tuo
1713 1995 2000 2048 Alcorano.

439 2102 588 2166 Quod
628 2113 753 2151 vero
812 2095 968 2157 dicis,
999 2106 1166 2162 quare
1211 2091 1482 2148 Christum
1515 2088 1787 2141 conﬁteris
1837 2085 1999 2138 Deum

436 2207 595 2259 quem
650 2188 796 2241 eruei
854 2185 1118 2248 alIixistis,
1172 2191 1228 2237 et
1263 2181 1506 2250 sepulcro
1566 2179 1919 2233 condidi-tis?
1950 2186 2003 2232 et

435 2293 627 2337 rursus
653 2279 920 2347 quomodo
951 2277 1115 2328 Deum
1145 2288 1323 2326 rerum
1378 2273 1614 2325 omnium
1658 2271 1903 2340 opificem
1951 2279 2004 2322 et

436 2381 734 2428 creatorem
789 2369 840 2420 in
875 2375 1026 2418 utero
1064 2363 1276 2415 feminae
1318 2359 1702 2429 comprehendi
1764 2357 2003 2427 potuisse

434 2459 780 2523 existimatis,
804 2466 858 2511 et
885 2455 1129 2524 generari
1157 2463 1207 2506 et
1233 2454 1400 2514 nasci,
1428 2463 1481 2501 ιιι
1505 2451 1590 2501 alii
1640 2451 1880 2502 homines
1911 2463 2001 2502 so-

435 2556 568 2616 lent,
604 2562 654 2604 el
707 2547 914 2602 vocatis
945 2557 1211 2600 terrenam
1279 2543 1542 2605 Mariam,
1587 2541 1893 2594 ἸῚιυοιοιοιι
1950 2548 2004 2593 et

440 2647 533 2699 Dei
563 2643 890 2699 Genitricem
917 2639 939 2692 ?
964 2641 1234 2706 quomodo
1263 2637 1438 2688 dicitis
1465 2636 1602 2687 illam
1635 2649 1752 2687 esse
1776 2643 2000 2686 matrem

439 2737 557 2800 Dei,
587 2744 641 2787 et
668 2732 860 2785 Filium
889 2731 978 2784 Dei
1011 2729 1078 2781 ab
1126 2728 1208 2780 illa
1236 2726 1588 2796 generatum?
1622 2735 1674 2778 et
1721 2725 1765 2777 si
1808 2738 1883 2776 est
1917 2723 2003 2776 Fi-

437 2827 538 2880 iius
564 2825 678 2888 Dei,
712 2821 978 2891 quomodo
1006 2832 1066 2873 ea
1104 2833 1224 2886 qua:
1249 2817 1391 2869 illum
1425 2816 1650 2884 peperit,
1685 2824 1860 2882 potest
1885 2828 2003 2866 esse

440 2918 534 2971 Dei
600 2914 868 2984 genitrix?
931 2912 1117 2964 Dicitis
1165 2914 1384 2978 insuper
1455 2908 1793 2960 christiani:
1841 2908 2000 2959 [lenm

439 3004 778 3074 agnoscimus
807 3000 1157 3053 substantiam
1182 2999 1299 3051 sine
1341 3011 1530 3056 causa,
1561 3013 1738 3056 rerum
1765 2998 2000 3048 omnium

2179 1999 2288 2052 Καὶ
2319 1997 2488 2060 οὕτως
2518 1990 2677 2068 εὗρον
2701 1996 2877 2050 ταῦτα
2907 1998 2963 2051 ὲν
2993 1997 3071 2068 τῷ
3123 1998 3416 2069 Κουρανίῳ
3449 2016 3541 2052 σου
3576 2016 3679 2068 γε-

2101 2094 2546 2162 γραμμένα.Καὶ
2569 2093 2650 2144 ὃτι
2678 2091 2851 2159 λέγεις
2878 2107 2890 2120 ³
2917 2090 3014 2142 Διὰ
3040 2089 3093 2142 τί
3116 2091 3206 2142 τὸν
3235 2092 3467 2161 Χριστὸν
3487 2090 3679 2161 ὁμολο-

2101 2187 2217 2252 γεῖς
2246 2183 2379 2236 Θεὸν
2405 2185 2483 2245 είς
2516 2182 2607 2234 τὸν
2637 2181 2872 2250 σταυρὸν
2908 2180 3359 2247 ἀναϐιϐάσαντος,
3385 2181 3478 2233 καὶ
3513 2183 3570 2232 ἐν
3594 2179 3676 2250 τῷ

2102 2277 2260 2344 τάφῳ
2289 2274 2610 2338 τεΟείκατε;
2647 2273 2756 2325 Καὶ
2794 2268 2948 2336 αὖθις
2978 2271 3070 2324 τὸν
3097 2273 3161 2324 τὰ
3207 2270 3380 2324 πάντα
3411 2271 3678 2341 δημιουρ-

2104 2369 2358 2435 γήσαντα
2386 2365 2518 2416 Θεὸν
2555 2365 2632 2426 εἰς
2656 2365 2869 2433 μήτραν
2901 2363 3158 2431 γυναικὸς
3189 2363 3303 2425 πῶς
3332 2363 3674 2432 ὲχωρὴσατε,

2103 2459 2195 2512 καὶ
2226 2457 2486 2527 τεχθέντα
2539 2457 2614 2518 ὡς
2677 2455 2998 2526 ἄνθρωπον,
3050 2455 3146 2507 καὶ
3193 2453 3380 2522 λέγετε
3433 2453 3528 2507 καὶ
3575 2453 3677 2524 τὴν

2104 2550 2296 2619 χοῖκὴν
2327 2549 2545 2618 Μαρίαν
2565 2547 2832 2598 Θεοτόκον
2856 2563 2868 2610 ;
2891 2547 3005 2609 πῶς
3030 2546 3123 2598 καὶ
3145 2545 3326 2614 λέγετε
3354 2544 3522 2615 αὐτὴν
3549 2546 3674 2614 Μη-

2102 2641 2236 2710 τέρα
2290 2637 2449 2704 Θεοῦ,
2501 2637 2598 2691 καὶ⁹
2644 2636 2768 2690 Υἱὸν
2799 2636 2935 2690 Θεοῦ
2987 2637 3047 2702 ἐξ
3089 2637 3257 2706 αὐτῆς
3308 2637 3674 2705 γεννηθέντας

2102 2733 2227 2785 ἐπεὶ
2282 2730 2409 2794 Υἱὸς
2463 2730 2597 2783 Θεοῦ
2625 2770 2640 2796 ,
2692 2731 2809 2793 πῶς
2842 2731 3086 2783 καλεῖται
3125 2731 3384 2792 Θεοτὸκος
3418 2733 3451 2801 ἡ
3485 2731 3676 2783 τοῦτον

2102 2824 2444 2892 γεννήσασα;
2473 2822 2663 2890 λέγετε
2687 2821 2742 2874 δὲ
2770 2821 2928 2891 ὑμεῖς
2945 2817 3098 2884 αὖθις
3114 2821 3162 2873 οἱ
3183 2820 3505 2891 Χριστιανοί
3529 2836 3542 2849 ·
3569 2819 3675 2872 Τὸν

2101 2915 2232 2966 Θεὸν
2270 2913 2608 2984 γνωρίζομεν
2624 2913 2809 2967 οὐσίαν
2834 2913 3074 2967 ἀναίτιον
3098 2928 3111 2941 ·
3137 2912 3314 2964 αἰτίαν
3343 2910 3436 2963 οῦν
3461 2928 3675 2963 παντο-

2101 3005 2357 3074 δύναμον,
2384 3005 2696 3075 παναληοῆ,
2721 3005 2904 3074 πάσης
2933 3004 3120 3067 οὐσίας
3148 3003 3244 3056 καὶ
3272 3003 3484 3073 φύσεως
3515 3005 3677 3074 ὑπερ-

439 3114 655 3151 ιιειιιειιῐιι
692 3094 1144 3164 potentissimum,
1173 3091 1532 3153 verissimam,
1561 3093 1703 3143 omni
1741 3091 1840 3141 alia
1871 3089 1997 3142 sub-

2101 3097 2301 3160 ούσιον,
2335 3096 2569 3166 ἄναρχον
2608 3097 2701 3148 καὶ
2761 3095 3134 3165 ἀτελεύτητον.
3168 3095 3240 3147 Τὸ
3279 3095 3386 3165 γὰρ
3413 3094 3671 3164 ἄναρχον,

437 3194 632 3242 stantia
660 3198 711 3241 et
739 3199 924 3240 natura
961 3185 1318 3252 superiorem,
1352 3185 1469 3235 sine
1499 3184 1761 3251 principio
1787 3192 1839 3234 et
1859 3183 1996 3234 line:

439 3281 580 3346 quod
615 3289 697 3331 est
733 3294 856 3329 vero
886 3276 1002 3329 sine
1035 3276 1298 3343 principio
1328 3285 1410 3327 est
1434 3273 1651 3325 omnino
1681 3275 1997 3324 incrratum.

439 3372 880 3438 Quandoquidem
914 3385 1041 3436 ergo
1065 3377 1145 3421 est
1181 3382 1360 3420 rerum
1399 3367 1636 3418 omnium
1672 3365 1830 3424 Dens,
1865 3380 1997 3430 quo-

439 3467 596 3519 tnotlo
627 3473 798 3531 potest
835 3477 955 3515 esse
989 3462 1261 3528 particeps
1293 3455 1716 3525 ingenerationis
1748 3466 1800 3508 et
1836 3473 1998 3520 gene-

439 3559 686 3618 rationis,
725 3566 782 3608 ut
821 3569 914 3608 vos
945 3553 1239 3607 Christiani
1266 3552 1509 3605 asseritis
1530 3551 1552 3601 ?
1572 3550 1671 3614 Qui
1701 3567 1803 3601 nott
1841 3551 2002 3601 habet

438 3651 675 3716 genitum
704 3647 938 3708 Patrem,
983 3645 1251 3712 quomodo
1277 3641 1450 3695 faetus
1479 3650 1560 3693 est
1584 3640 1784 3692 l’ater?
1814 3651 2000 3691 osten-

437 3743 576 3794 datis
608 3742 768 3792 etiam
799 3738 955 3789 nobis
989 3737 1256 3804 quomodo
1282 3735 1419 3787 Deus
1441 3733 1718 3803 generavit
1778 3730 1996 3782 Filium.

440 3835 494 3887 Si
537 3832 731 3885 dicatis
791 3831 856 3881 ab
903 3835 1123 3887 attento,
1150 3828 1417 3894 quomodo
1469 3840 1560 3877 vos
1590 3839 1777 3877 recens
1800 3833 1852 3874 et
1903 3837 2000 3873 nu-

437 3926 558 3979 dius
583 3924 772 3976 tertius
821 3921 952 3984 nali,
983 3919 1051 3972 ad
1098 3919 1456 3986 cognitionem
1484 3932 1668 3970 eorum
1727 3930 1842 3983 qua:
1875 3923 2001 3967 sunt

437 4021 501 4071 ab
529 4029 730 4070 aeterno
763 4013 1012 4085 potuistis
1034 4009 1358 4081 assurgere?
1387 4010 1520 4074 Quis
1556 4009 1704 4061 vobis
1744 4006 1999 4060 revelavit

437 4109 591 4161 talem
626 4103 1061 4175 generationem?
1088 4103 1292 4161 Rursus
1355 4116 1450 4155 vos
1504 4100 1792 4154 Christiani
1819 4098 1998 4150 dicitis

433 4203 576 4271 quod
611 4199 774 4253 Filius
805 4198 1037 4266 genitus,
1074 4195 1212 4249 idem
1243 4195 1405 4248 habet
1436 4209 1556 4246 cum
1587 4191 1744 4244 Putre
1799 4189 1998 4259 princi-

436 4297 603 4361 pium,
639 4291 907 4358 quomodo
940 4303 1067 4355 ergo
1092 4288 1252 4339 habet
1293 4285 1452 4338 aliam
1519 4286 1916 4353 generationem
1943 4291 1998 4336 et

435 4386 648 4450 quidem
671 4387 849 4436 increa
861 4391 964 4434 tam
984 4379 1006 4430 ?
1029 4380 1121 4432 sed
1140 4377 1279 4446 quod
1299 4377 1537 4447 genitum
1555 4387 1661 4442 est,
1685 4384 1924 4430 creatum
1944 4383 1998 4428 ct

2099 3188 2357 3242 ἄκτιστον
2389 3187 2629 3254 λέγεται.
2674 3187 2826 3240 Ἐπεὶ
2857 3189 2886 3238 ὁ
2910 3187 3019 3240 τῶν
3049 3187 3187 3239 ὅλων
3218 3186 3350 3246 Θεὸς
3379 3186 3553 3255 παρὲξ
3571 3184 3672 3250 ὢν,

2099 3279 2173 3343 ὡς
2198 3279 2386 3347 λέγετε
2436 3281 2486 3331 οἱ
2540 3278 2881 3349 Χριστιανοὶ,
2938 3279 3035 3348 τῆς
3064 3278 3397 3347 ἀγεννησίας
3428 3279 3526 3330 καὶ⁵
3569 3277 3673 3344 τῆς

2099 3374 2430 3441 γεννήσεως,
2483 3372 2602 3434 πῶς
2661 3371 2925 3440 γέγονεν;
2981 3371 3243 3440 Γεννητὸν
3319 3369 3538 3440 Πατέρα
3594 3369 3672 3439 μὴ

2099 3465 2260 3532 ἔχων,
2297 3464 2410 3525 πῶς
2442 3464 2667 3532 γέγονεν
2719 3465 2911 3533 Πατήρ
2939 3479 2953 3528 ;
2980 3464 3089 3516 Καὶ
3133 3462 3338 3525 δείξατε
3387 3463 3522 3532 ἡμῖν
3574 3463 3674 3514 καὶ

2099 3554 2215 3616 πῶς
2246 3554 2539 3622 ἐγέννησεν
2578 3555 2606 3606 ὁ
2631 3553 2761 3616 Θεὸς
2793 3553 2952 3605 Υἱόν·
2981 3554 3030 3604 εί
3069 3552 3166 3621 μὲν
3201 3552 3386 3619 λέγετε
3421 3552 3525 3621 πρὸ
3562 3552 3673 3604 τῶν

2097 3645 2332 3709 αἰώνων,
2369 3645 2528 3714 ὑμεῖς
2580 3644 2815 3714 χθεσινοὶ
2860 3643 3032 3708 ὄντες,
3062 3644 3226 3696 πόθεν
3259 3645 3436 3696 οἴδατε
3464 3643 3531 3696 τὰ
3563 3644 3675 3713 πρὸ

2098 3739 2350 3802 αίώνων;
2380 3739 2475 3800 Τίς
2522 3737 2719 3801 ἔδειξεν
2771 3739 2900 3808 ὑμῖν
2949 3737 3207 3806 τοιαύτην
3253 3737 3537 3805 γέννησινς
3575 3737 3673 3789 καὶ

2099 3830 2259 3883 πάλιν
2279 3831 2414 3898 φατὲ
2435 3832 2484 3882 οἱ
2508 3831 2824 3900 Χριστιανοί
2843 3831 2930 3884 "0
2958 3830 3350 3900 γεγεννημένος
3381 3829 3526 3898 Υἱὸς,
3555 3831 3674 3883 σύν-

2098 3939 2263 3992 αρχος
2300 3922 2378 3991 τῷ
2409 3924 2600 3993 Πατρὶ,
2636 3923 2729 3975 καὶ
2763 3922 2880 3985 πῶς
2909 3923 3077 3993 ἄλλην
3119 3922 3353 3990 γένεσιν,
3390 3922 3482 3974 καὶ
3511 3922 3672 3975 ἄκτια-

2099 4030 2252 4078 στον;
2286 4013 2423 4065 ἀλλὰ
2468 4013 2529 4064 τὸ
2583 4015 2840 4083 γεννητὸν
2896 4014 3134 4067 κτιστύν.
3175 4015 3284 4066 Καὶ
3333 4015 3453 4067 ἐπεὶ
3480 4015 3509 4066 ὁ
3561 4015 3672 4067 τῶν

2095 4106 2231 4158 ὅλων
2259 4104 2388 4166 Θεὸς
2420 4105 2654 4175 ὑπάρχει
2684 4105 2788 4175 πρὸ
2811 4104 3041 4170 αἰώνων,
3073 4106 3164 4158 καὶ
3212 4101 3291 4168 εἷς
3316 4107 3452 4171 ἐστι,
3485 4106 3578 4158 καὶ
3605 4106 3670 4158 οὑ

2094 4199 2266 4267 τρεῖς,
2300 4196 2509 4259 λοιπὸν,
2550 4198 2726 4248 κοινὸν
2749 4196 2922 4266 ὄνομα
2949 4195 3080 4265 ἔχει,
3119 4196 3216 4249 καὶ
3248 4199 3308 4249 οὑ
3341 4196 3515 4249 κοινά.
3555 4198 3670 4250 Καὶ

2096 4288 2219 4338 ἐπεὶ
2247 4287 2405 4337 κοινὰ
2437 4284 2683 4355 ὀνόματα
2714 4284 2916 4352 λέγεις,
2945 4287 3061 4348 πῶς
3095 4286 3255 4338 πάλιν
3288 4287 3464 4338 κοινὸν
3499 4287 3668 4356 lives:

2097 4379 2388 4448 ἀναφέρεις
2422 4393 2437 4444 ;
2476 4375 2660 4430 λοιπὸν
2705 4379 2796 4429 καί
2828 4377 2883 4429 αἱ
2936 4380 3082 4447 τρεῖς
3119 4378 3443 4440 ὑποστάσεις
3486 4378 3672 4448 έχουσι

435 4477 706 4530 conditum
723 4489 842 4528 esse
857 4473 1034 4526 debet.
1052 4472 1378 4540 thuoniam
1405 4487 1580 4526 rerum
1595 4469 1833 4524 omnium
1851 4467 1994 4522 Deus

2103 4469 2238 4520 ἰδίαν
2273 4468 2436 4535 φύσιν
2479 4468 2574 4520 καὶ¹
2632 4468 2836 4520 οὐσίαν.
2883 4469 2990 4519 Καὶ
3034 4469 3194 4520 πάλιν
3229 4469 3342 4530 πῶς
3388 4469 3575 4537 λέγετε
3618 4470 3670 4520 οἱ

437 4567 651 4622 exsistit
680 4575 801 4617 ante
836 4563 1052 4628 saecula,
1079 4575 1134 4617 et
1168 4579 1306 4617 unus
1329 4574 1413 4616 est
1432 4575 1675 4623 numero,
1716 4576 1820 4612 non
1861 4567 1994 4621 tres,

436 4660 682 4727 sequitur
733 4669 1019 4709 commune
1046 4654 1194 4707 illum
1227 4656 1427 4708 habere
1467 4667 1682 4715 nomen,
1711 4666 1814 4702 non
1846 4664 1996 4704 com-

436 4745 613 4800 ntnnia
638 4741 876 4806 nomina,
903 4752 956 4795 et
977 4743 1412 4812 quandoquidem
1434 4742 1740 4796 COIllll‘llmia
1783 4741 1997 4793 nomina

436 4839 632 4903 dicitis,
661 4837 930 4906 quomodo
959 4848 1241 4888 commune
1301 4849 1492 4890 nomen
1530 4849 1719 4887 rursus
1776 4832 2000 4902 potestis

439 4931 684 5001 proferre
711 4937 767 4983 et
804 4943 1077 4992 asserere;
1124 4928 1369 4996 sequitur
1409 4927 1551 4981 enim
1593 4937 1700 4979 tres
1735 4938 1993 4994 personas

439 5021 708 5093 propriam
760 5019 961 5073 habere
996 5028 1242 5072 naturam
1284 5025 1337 5069 et
1363 5017 1740 5072 substantiam.
1790 5015 1988 5069 lterum

437 5113 749 5176 Christiani,
779 5111 1046 5178 quomodo
1071 5109 1274 5163 docetis
1327 5110 1468 5177 quod
1516 5108 1657 5162 Deus
1692 5118 1865 5162 vester
1923 5107 1994 5159 sit

433 5209 616 5259 nnitus
645 5202 869 5268 ltontitti,
903 5212 956 5255 et
989 5211 1212 5256 vocetur
1240 5199 1399 5256 simul
1434 5201 1593 5254 homo
1642 5210 1696 5253 et
1735 5215 1892 5253 verus
1937 5209 1992 5253 et

433 5296 700 5363 pet-fectus
728 5293 887 5346 Deus.
921 5291 1036 5346 Non
1061 5293 1139 5346 sic
1167 5295 1354 5346 unitur
1383 5293 1684 5346 substantia
1721 5303 1774 5347 et
1801 5308 1989 5348 essen-

434 5387 503 5438 tia
543 5385 1068 5437 Dirinitatisnaturie
1117 5395 1342 5437 terrena:
1364 5395 1416 5437 et
1465 5385 1820 5452 corruptibili,
1855 5387 1998 5439 sicut

433 5474 577 5539 ignis
605 5474 790 5524 unitur
823 5473 982 5542 ligno.
1019 5472 1225 5526 Rursus
1256 5475 1417 5525 audio
1453 5488 1544 5527 vos
1574 5475 1819 5526 dit-entes
1878 5475 1993 5527 «lari

431 5564 670 5626 Patrem,
693 5563 908 5628 Filium,
937 5564 1221 5632 Spiritum,
1252 5575 1305 5618 et
1340 5575 1449 5618 tres
1473 5581 1732 5633 personas
1749 5577 1801 5618 et
1829 5581 1992 5618 unum

433 5664 617 5726 postea
677 5670 996 5719 memorare,
1028 5657 1120 5712 sed
1177 5659 1361 5712 eadem
1397 5658 1602 5712 ratione
1658 5659 1887 5727 possetis
1939 5669 1994 5716 et

2099 4559 2440 4627 Χριστιανοὶ,
2481 4559 2563 4612 ὅτι
2595 4561 2624 4611 ὁ
2668 4560 2797 4622 Θεὸς
2829 4559 2982 4628 ὑμῶν
3029 4560 3208 4630 ἡνώΟη
3265 4559 3342 4630 τῷ
3374 4559 3669 4630 ἀνθρώπῳ,

2099 4654 2195 4706 καὶ
2233 4652 2523 4722 ἄνθρωπος
2555 4652 2781 4723 ἐκλήθη,
2816 4654 2908 4705 καὶ
2933 4652 3137 4715 τέλειος
3167 4653 3317 4716 Θεὸς,
3351 4653 3464 4714 πῶς
3515 4653 3672 4705 ένοῦ⁶

2098 4759 2190 4795 ται
2213 4740 2273 4792 τὸ
2300 4741 2410 4808 πῦρ
2432 4740 2509 4811 τῷ
2551 4741 2716 4811 ξύλῳ,
2745 4743 2843 4812 οὑχ
2878 4742 3094 4796 ἑνοῦται
3119 4746 3150 4812 ἡ
3174 4743 3332 4796 οὐσία
3356 4743 3457 4812 τῆς
3491 4745 3676 4813 θεότη-

2099 4848 2190 4894 τος
2221 4835 2288 4902 τῇ
2325 4836 2482 4903 χοῖκῇ
2514 4834 2704 4902 φύσει.
2741 4837 2849 4888 Καὶ
2873 4835 3031 4898 αὖθις
3066 4836 3252 4890 ἀκούω
3285 4837 3384 4906 μὲν
3413 4836 3568 4906 ὑμῶν
3586 4836 3675 4889 λε-

2100 4926 2303 4992 γόντων
2357 4927 2452 4978 καὶ
2499 4927 2740 4996 Πατέρα,
2795 4927 2890 4980 καὶ
2928 4928 3074 4988 Υίὸν,
3129 4929 3222 4982 καὶ
3265 4927 3508 4998 Πνεῦμα,
3546 4929 3675 4982 ἐπεὶ

2099 5016 2195 5068 ἕνα
2219 5014 2426 5082 λέγετε.
2454 5016 2566 5069 Καὶ
2587 5017 2836 5085 συνάγειν
2865 5021 2957 5070 καὶ
2975 5020 3215 5088 ἐτέρους,
3242 5019 3332 5071 καὶ
3356 5018 3632 5089 τέσσαρας
3654 5059 3671 5082 ,

2101 5108 2194 5159 καὶ
2224 5107 2383 5159 πέντε
2407 5108 2499 5159 καὶ
2522 5107 2774 5171 πλείονας
2801 5109 3008 5180 δυνήσῃ
3037 5111 3310 5177 συνάγειν.
3345 5110 3456 5163 Καὶ
3479 5113 3670 5179 πάλιν,

2099 5199 2186 5252 διὰ
2212 5200 2264 5251 τί
2310 5199 2522 5267 γλυπτὰ
2554 5200 2703 5264 ξύλα,
2745 5205 2837 5254 καὶ
2880 5204 3094 5266 εἰκόνας
3137 5207 3494 5273 προσκυνεῖτε
3553 5206 3676 5258 οεο-

2099 5290 2361 5361 πρεπῶς;
2401 5293 2489 5343 διὰ
2537 5294 2591 5344 τι
2628 5293 2882 5362 μιγνὺετε
2933 5295 3022 5346 τὸν
3056 5295 3218 5364 ἄρτον
3254 5299 3348 5348 καὶ
3381 5296 3474 5346 τὸν
3505 5292 3670 5362 οἶνον,

2095 5385 2191 5435 καὶ
2219 5384 2299 5445 είς
2323 5381 2519 5451 ἄφεσιν
2542 5385 2831 5455 ἁμαρτιῶν
2866 5387 3177 5456 μεταδίδοτε
3196 5390 3306 5448 τοῖς
3337 5387 3670 5457 ἀνορὼπςις,

2095 5472 2188 5523 καὶ
2221 5471 2525 5540 λαμϐάνετε
2551 5472 2697 5542 δῶρα
2724 5474 2782 5538 ἐξ
2817 5475 3032 5537 αὑτῶν;
3070 5476 3368 5536 Βαπτίζετε
3398 5476 3454 5528 δὲ
3492 5478 3586 5528 καὶ
3613 5481 3673 5528 ὲν

2095 5563 2246 5616 ῦδατι
2273 5565 2519 5630 τούτους,
2547 5566 2639 5618 καὶ
2673 5565 2875 5635 ὁμοίως
2905 5567 2964 5618 οὑ
3022 5567 3327 5637 λαμϐάνετε
3363 5567 3532 5638 δῶρα.
3570 5568 3671 5620 ΔιΞι

2091 5659 2143 5710 τί
2172 5658 2230 5710 τὸ
2257 5657 2514 5710 κατελθὸν
2545 5659 2876 5726 Εὑαγγέλιον
2907 5660 3205 5732 ἐκρύψατε,
3233 5660 3327 5714 καὶ
3353 5660 3474 5714 νέον
3500 5660 3666 5730 ἐγρά-
