3752 6232
50 262 179 326 1335
1204 264 1679 326 CONFUTATIO
1742 268 2099 328 AGARENI.
2152 291 2159 297 ·
3153 280 3285 345 1386

42 378 174 445 φατε
196 391 209 437 ;
229 369 455 435 καὶπῶς
476 371 613 442 μετὰ
633 371 1083 442 τὸάναληφθῆναι
1112 371 1204 424 τὸν
1216 373 1424 444 Κύριον
1455 375 1591 445 ὕμῶπ

1750 378 1864 435 lias.
1896 384 2146 448 quatuor,
2181 383 2436 451 quinque,
2469 384 2646 453 plures
2676 400 2993 443 coacervare
3018 403 3066 443 et
3096 391 3278 443 multi-

42 467 118 530 εὶς
140 466 270 528 τοὺς
300 464 594 534 οὐρανοὺς,
614 463 991 527 ἐξαπέστειλεν
1020 463 1083 515 τὸ
1106 463 1335 534 Πνεῦμα
1364 466 1425 518 τὸ
1458 466 1591 535 ἆγιοπ

1757 467 1939 523 licare.
1972 470 2176 526 Deinde
2200 487 2367 540 quare
2402 476 2677 544 srulptilia
2707 487 2761 530 et
2792 469 3051 549 imagines
3089 474 3283 535 adora—

40 559 145 618 τοῖς
194 553 558 618 άποστὸλοις;
598 552 720 616 Πῶς
763 552 923 605 τοῦτο
956 553 1053 604 οὐκ
1086 554 1381 622 ἐχαρίσατο
1420 556 1591 618 αὐτοῖςΙ

1750 561 1787 614 is
1818 563 1961 616 cultu
1994 563 2175 618 divino
2206 574 2261 618 ct
2296 566 2569 634 religioso.
2604 568 2782 634 Quare
2820 572 3059 626 miscetis
3090 588 3283 640 panem

41 648 142 718 πρὸ
182 646 277 699 τοῦ
327 645 735 715 ἀναληφθῆναι,
763 646 858 697 καὶ
891 645 951 697 οὺ
975 643 1197 697 λούεσθε
1228 647 1285 699 ὲν
1314 646 1394 716 τῷ
1425 646 1591 710 ὕδατιἸ

1755 653 1993 718 tvinnm,
2028 664 2081 707 ct
2112 655 2202 708 illa
2236 657 2449 711 traditis
2480 659 2788 714 hominibus
2824 660 2879 715 in
2910 662 3283 719 remissionem

39 737 176 790 καθά
204 754 372 806 φησιν
415 737 679 799 Ἠσαῒαςς
713 735 813 787 Διὰ
861 736 913 788 τι
949 735 1357 805 ἁμαρτάνοντες
1384 738 1591 807 τρέχετε

1754 754 2082 809 eccatorum,
2125 756 2176 798 et
2206 747 2272 799 ab
2308 746 2412 800 illis
2471 748 2611 801 dona
2662 750 2946 819 accipitis?
2977 754 3284 821 quareillos

40 830 112 890 ei;
143 827 429 897 ἄνθρωπον
454 827 636 896 χοῖκὸν
677 825 1164 896 ἐξομολογούμενοι
1196 827 1295 890 τὰς
1327 828 1591 898 ἁμαρτίας

1750 850 1861 902 qua
1903 845 1958 890 et
1988 837 2326 903 baptismate
2386 840 2615 909 tingitis,
2665 852 2719 895 et
2771 842 2838 895 ab
2879 843 2984 897 illis
3037 845 3286 899 similiter

40 920 205 988 ὑμῶν,
239 918 563 986 φάσκοντες,
603 917 873 988 Ἰλάσθητί
906 936 995 988 μοι
1024 919 1103 990 τῷ
1129 920 1474 990 ἁμαρτωλῷ;
1506 919 1602 973 Διά

38 1012 88 1063 τι
120 1014 175 1063 ἐν
203 1012 325 1072 ταῖς
374 1009 630 1079 ἐσχάταις
670 1009 825 1078 ὑμῶν
856 1011 1153 1074 ἀναπνοαῖς
1191 1010 1285 1064 τοῦ
1322 1010 1486 1081 ἄρτου
1512 1012 1609 1064 καὶ¹

38 1100 126 1153 τοῦ
168 1099 313 1152 οἴνου
354 1099 890 1169 μεταλαμϐάνοντες,
948 1100 1218 1167 λέγοντες,
1249 1100 1324 1164 ώς
1378 1102 1486 1153 ἀπὸ
1514 1101 1609 1154 τοῦ

40 1193 127 1246 νῦν
162 1192 379 1263 μὲτοχοί
428 1193 554 1245 ὲστε
598 1191 692 1244 τοῦ
746 1192 1127 1262 παραδείσου;
1172 1192 1333 1246 Ἀλλὰ
1376 1198 1470 1245 καὶ
1516 1193 1608 1246 τοῦ

38 1286 329 1354 Μουχάμετ
361 1284 517 1353 ἡμῶν
542 1284 602 1335 τὸ
653 1284 825 1353 ὄνομα
870 1288 927 1336 ἐν
975 1284 1055 1353 τῷ
1090 1284 1415 1353 Εὑαγγελίῳ
1455 1284 1609 1354 ὑμῶν

40 1377 415 1446 γεγραμμένον
440 1372 528 1445 ἦν,
564 1375 660 1427 καὶ
689 1373 978 1439 ὲξεώσατε.
1496 1398 1499 1401 λ

1715 923 1851 977 dona
1883 933 2066 979 mutuo
2090 927 2381 996 accipitis?
2406 930 2583 994 Quare
2629 930 2770 999 quod
2802 932 3075 988 descendit
3102 934 3282 989 Evan-

1715 1014 1910 1083 gelinm
1941 1016 2279 1083 occultastis,
2309 1028 2363 1072 et
2402 1034 2595 1075 novum
2653 1020 2880 1077 cudistis
2905 1031 2958 1077 et
3008 1026 3286 1096 conscrip-

1713 1104 1897 1157 sistis?
1927 1103 1991 1158 Et
2025 1120 2191 1174 quare
2228 1117 2347 1176 post
2388 1111 2798 1167 'asccensionem
2850 1115 3061 1170 Domini
3112 1118 3282 1172 vestri

1708 1193 1767 1246 in
1794 1194 1960 1249 caelos
1991 1197 2134 1250 misit
2161 1190 2423 1266 Spiritum
2482 1211 2728 1255 sanctum
2766 1203 2833 1256 in'
2867 1206 3155 1272 apostolos.
3186 1221 3284 1261 cur

1716 1299 1818 1336 non
1847 1296 2134 1354 antequam
2187 1288 2509 1344 eveheretur
2540 1300 2594 1345 tn
2627 1292 2845 1357 ccclnm,
2881 1294 2985 1348 isto
3019 1295 3281 1350 beneﬂcio

1716 1374 1836 1429 illos
1866 1377 2197 1431 cumulavit?
2220 1377 2399 1445 Quare
2434 1397 2536 1433 non
2557 1382 2813 1436 lavamini
2842 1398 3004 1451 aqua,
3030 1394 3087 1438 ut
3122 1387 3279 1458 docet

40 1466 228 1521 lsaias?
279 1466 461 1532 Quare
484 1476 707 1534 peccato
729 1464 1077 1518 contaminati
1132 1464 1357 1517 curritis
1396 1464 1461 1516 ad
1513 1464 1782 1517 hominem
1844 1474 2119 1519 terrenum
2161 1467 2476 1521 confitentes
2535 1479 2749 1535 peccata
2784 1480 2979 1537 vestra,
3008 1483 3061 1526 et
3095 1473 3279 1528 dicen—
3336 1528 3357 1541 ,

41 1574 114 1619 tes
149 1583 161 1617 :
197 1563 455 1616 Miserere
477 1562 580 1616 mei
602 1560 932 1630 peccatoris?
958 1573 1126 1627 quare
1177 1559 1229 1612 in
1276 1558 1463 1613 ultimo
1492 1559 1615 1611 vita:
1656 1568 1850 1613 vestrae
1907 1560 2155 1623 articulo,
2222 1571 2277 1615 et
2327 1561 2559 1615 animam
2614 1563 2846 1619 elllaturi
2882 1570 3005 1634 pani
3063 1577 3117 1622 et
3152 1569 3277 1622 vinn

38 1658 464 1720 communicatis,
497 1663 799 1715 asserentes
834 1668 927 1707 vos
991 1656 1055 1708 ab
1108 1653 1198 1707 illo
1278 1664 1550 1707 momento
1608 1655 1844 1723 paradisi
1887 1653 2001 1722 jam
2023 1671 2142 1709 esse
2164 1656 2486 1724 participes?
2516 1656 2622 1711 Sed
2692 1660 2832 1728 quod
2874 1660 3042 1731 magis
3067 1667 3149 1715 est
3176 1674 3275 1714 no-

40 1767 149 1803 men
181 1750 352 1817 ipsum
396 1748 715 1801 Mabumetis
752 1749 918 1801 nostri
970 1757 1086 1802 erat
1142 1747 1269 1801 olim
1323 1749 1581 1815 scriptum
1622 1750 1674 1801 in
1743 1752 1935 1803 vestris
1962 1750 2287 1820 Evangeliis,
2352 1752 2443 1806 sed
2482 1751 2610 1805 illud
2644 1755 2949 1810 removistis
2974 1764 3028 1809 et
3062 1770 3275 1824 expun-

40 1840 199 1893 sistis.

104 1929 237 1991 Πρὸς
258 1926 351 1990 οὒς
383 1928 652 1996 ἀντιλέγει
686 1928 847 1989 αὐτὸς
874 1930 899 1979 ὁ
930 1930 1161 1999 μοναχδς
1183 1929 1588 2001 Βαρθολομαῖος
1626 1938 1665 1994 Β

39 2021 64 2071 ὁ
124 2019 460 2087 Ἐδεσηνὸςὸ
515 2018 892 2087 ἀμαθέστατος
926 2020 1033 2072 τῶν
1087 2021 1451 2091 Χριστιανῶν,
1510 2022 1605 2075 καὶ

39 2109 248 2178 ἔσχατος
300 2109 522 2162 πάντων
578 2108 769 2172 ταῦτα,
830 2108 905 2179 μὴ
956 2098 1227 2180 ἐρῖοθριῶν
1272 2113 1372 2182 τὴν
1430 2114 1601 2182 ἀφρο-

42 2202 194 2272 σύνην
245 2202 403 2272 ὑμῶν
468 2202 794 2269 ἀνοιγόντων
870 2200 993 2253 καθ’
1043 2202 1201 2272 ἡμῶν
1268 2203 1329 2256 τὸ
1382 2204 1603 2274 αἰσχρὸν

41 2294 124 2345 καὶ
173 2290 529 2361 παμϐέόηλον
592 2291 764 2361 στόμα
831 2291 1006 2360 ὑμῶν,
1058 2296 1141 2346 ὅτι
1186 2295 1236 2346 oi
1289 2295 1604 2365 Χριστιανοὶ

40 2386 179 2452 τρεῖς
218 2384 387 2444 Θεοὺς
419 2382 669 2436 σέϐονται
694 2399 708 2413 ⁸
736 2384 880 2435 τοῦτ’
912 2384 1058 2437 ἐστιν
1086 2385 1177 2437 τὸν
1213 2388 1453 2457 Πατέρα,
1511 2390 1601 2440 τὸν

45 2474 191 2537 Υἱὸν,
249 2474 343 2526 καὶ
396 2474 458 2525 τὸ
509 2472 663 2540 ἅγιον
717 2474 961 2544 Πνεῦμα.
1018 2475 1133 2529 Νῦν
1186 2478 1393 2546 ἐλέγχω
1462 2479 1602 2532 κατά

42 2562 314 2634 πρόσωπον
340 2566 413 2617 τὰ
439 2565 682 2635 σφαλερὰ
714 2566 867 2635 ὑμῶν
920 2568 1164 2636 ῥήματα,
1207 2569 1367 2640 οἵπερ
1410 2568 1471 2634 ἐξ
1501 2571 1587 2623 οὐ·

42 2655 192 2723 ρανοῦ
222 2656 325 2708 ὑπὸ
346 2655 484 2707 Θεοῦ
530 2656 924 2725 κατενεχθῆναι
958 2658 1148 2727 λέγετε
1198 2660 1535 2729 Εὑαγγέλιον
1564 2661 1597 2733 ἥ

43 2746 95 2812 ἐξ
126 2747 280 2800 αὑτοῦ
331 2748 585 2816 ἀντερεῖν
631 2748 817 2815 λέγετε
843 2749 1156 2815 δικάζοντες
1197 2750 1411 2819 ψευδῶς
1447 2754 1598 2823 ἡμᾶς

41 2839 157 2900 τοὺς
190 2839 570 2909 Χριστιανούς.
607 2839 711 2892 Σὺν
740 2839 859 2910 Θεῷ
893 2841 949 2893 δὲ
978 2843 1073 2894 καὶ
1105 2844 1171 2913 τῇ
1215 2842 1378 2895 αὐτοῦ
1411 2844 1597 2913 χάριτι

44 2930 331 2999 ἐκθήσομαι
378 2930 507 3001 ἄρτι
560 2930 696 3001 πρὸς
733 2930 1194 3002 ὲπιθρυλλοῦντας
1243 2934 1311 2986 τὰ
1351 2934 1596 2999 τοιαῦτα,

43 3021 114 3073 ὅτι
146 3022 191 3073 οἱ
218 3023 273 3074 ἐν
303 3022 491 3084 αὐτοῖς
534 3022 903 3088 πιστεύοντες,
938 3024 1020 3075 ὅτι
1061 3026 1211 3094 τρεῖς
1241 3024 1408 3087 Θεοὺς
1444 3025 1597 3077 σεϐό-

47 3128 181 3179 μενοι
207 3112 654 3182 βλασφημοῦμεν,
702 3114 796 3165 καὶ
840 3114 907 3166 τὰ
952 3114 1199 3176 τοιαῦτα,
1233 3116 1382 3167 ὅτιοὶ
1414 3115 1474 3168 ἐν
1502 3115 1596 3166 αὑ-

45 3205 143 3265 τοῖς
168 3204 515 3264 πιστεύοντες
535 3204 634 3255 οὺκ
653 3204 1017 3273 ἀφεθήσονται
1046 3207 1232 3269 αὐτοῖς
1253 3208 1307 3258 αἱ
1332 3206 1595 3275 ἁμαρτίαι

1773 1932 1850 1983 Ad
1880 1947 1997 2000 quae
2034 1946 2133 2001 ego
2161 1934 2273 2000 ipse
2295 1931 2718 1987 Bartholomrens
2784 1933 3095 1989 Edessenus
3153 1952 3273 1990 mo-

1709 2022 1936 2085 nachus,
1985 2021 2419 2077 Christianorum
2469 2024 2862 2093 ignarissimus,
2917 2036 2971 2079 et
3026 2026 3269 2079 omnium

1708 2112 1950 2176 ultimus,
1983 2112 2096 2165 lucc
2149 2112 2447 2180 respondeo
2522 2126 2625 2165 non
2677 2111 3004 2166 erubescens
3058 2102 3293 2182 propter.

1706 2204 2069 2273 insipientiam
2104 2214 2334 2258 vestram
2360 2220 2464 2273 qua
2508 2204 2792 2273 impudens
2816 2213 2871 2257 et
2893 2204 3115 2259 omnino
3145 2220 3273 2274 pro-

1706 2295 1887 2348 fanum
1941 2309 2001 2348 os
2076 2304 2313 2348 vestrum
2368 2308 2551 2349 contra
2604 2310 2703 2350 nos
2772 2295 2981 2350 audetis
3039 2298 3270 2365 aperire,

1704 2395 2002 2440 asserentes
2035 2386 2374 2439 Christianos
2410 2397 2521 2439 tres
2565 2384 2705 2439 Deos
2761 2380 2975 2450 colere;
3014 2386 3268 2437 nimirum

1703 2474 1941 2540 Patrem,
1967 2476 2160 2529 Filium
2179 2486 2233 2530 et
2251 2476 2510 2544 Spiritum
2535 2484 2802 2529 sanctum.
2820 2473 2971 2528 Nunc
2995 2476 3048 2529 in
3077 2475 3268 2530 faciem

1701 2566 1907 2634 singula
1934 2575 2107 2620 vestra
2128 2579 2355 2619 erronea
2377 2564 2521 2619 dicta
2543 2580 2709 2635 arguo
2737 2575 2792 2619 et
2816 2564 3057 2621 confuto.
3082 2565 3271 2620 Dicitis

1703 2656 1901 2726 quippe
1961 2655 2310 2725 Evangelium
2361 2670 2392 2709 a
2451 2654 2562 2709 Deo
2590 2670 2654 2709 ex
2685 2655 2824 2711 coelo
2876 2656 3175 2725 delapsum,
3217 2667 3273 2711 et

1701 2762 1766 2799 ex
1793 2746 1884 2801 illo
1935 2746 2403 2801 contradictiones
2466 2745 3027 2815 nectitis,judicantes
3059 2757 3112 2802 et
3139 2763 3270 2803 con-

1700 2834 2043 2899 demnantes,
2082 2834 2220 2890 falso
2249 2851 2345 2890 nos
2377 2834 2753 2903 Christianos;
2779 2839 2871 2892 sed
2905 2852 3026 2893 cum
3070 2836 3180 2893 Deo
3215 2848 3271 2894 et

1704 2926 1875 2981 fretus
1899 2927 2043 2981 illius
2067 2926 2264 2997 gratia,
2291 2928 2472 2982 omnia
2496 2943 2637 2983 nunc
2659 2942 2922 2997 exponam
2954 2939 3140 2984 contra
3171 2943 3267 2985 eos

1701 3020 1792 3088 qui
1847 3021 2004 3089 vulgo
2068 3019 2195 3073 talia
2276 3020 2486 3088 jactare
2547 3029 2602 3073 et
2656 3020 3013 3075 disseminare
3064 3022 3265 3086 solent,

1700 3110 1851 3180 quasi
1889 3126 1985 3165 nos
2004 3110 2301 3179 blasphemi
2346 3119 2456 3165 tres
2491 3112 2624 3164 Deos
2653 3111 2972 3176 coleremus,
2996 3122 3046 3165 et
3074 3114 3265 3166 similia

1700 3219 1817 3273 qua:
1846 3205 1889 3256 si
1927 3204 2125 3272 aliquis
2189 3204 2378 3258 credat
2424 3219 2531 3257 non
2581 3203 2936 3256 remittentnr
2965 3205 3107 3258 illius
3142 3220 3267 3273 pec-

46 3292 153 3345 οὓτε
190 3296 244 3346 ὲν
272 3294 349 3365 τῷ
383 3295 500 3360 νῦν,
532 3294 655 3347 οὔτε
688 3299 745 3347 ὲν
773 3296 850 3365 τῷ
896 3296 1143 3365 μέλλοντι
1178 3296 1381 3367 καιρῷ.
1418 3297 1588 3364 Κάγώ

1750 3303 1821 3345 litt
1878 3308 1975 3346 nec
2013 3292 2062 3345 in
2111 3293 2359 3362 praesenti
2403 3308 2502 3346 nec
2540 3292 2591 3343 in
2652 3291 2832 3343 futuro
2883 3292 3099 3347 smeulo.
3156 3294 3268 3363 Ego

46 3386 72 3435 ὁ
111 3385 378 3459 Ἐδεσηνὸς
426 3386 571 3454 λέγω
621 3388 781 3457 ὑμῖν
819 3386 879 3440 Ὀ
941 3389 1016 3458 μὴ
1052 3390 1341 3457 γινώσκων
1384 3388 1600 3455 λογικὸν

47 3475 161 3529 Υἱὺν
215 3479 307 3532 καὶ
356 3479 624 3532 ἀθάνατον
681 3479 834 3540 Θεὸν,
891 3473 1048 3542 οὗτος
1088 3479 1275 3549 ἔνοχός
1327 3481 1476 3532 ἐστιν
1520 3481 1599 3539 εἰς

46 3569 135 3637 τὴν
156 3571 374 3636 γέενναν
396 3571 499 3623 τοῦ
528 3572 717 3641 πυρός.
747 3573 891 3623 Διὸτι
911 3572 1043 3625 Θεὸν
1062 3571 1314 3624 ἐλεοῦντα
1338 3571 1429 3623 καὶ
1449 3569 1598 3639 ὲλεή-

48 3678 172 3729 μονα
206 3665 512 3733 ὀνομάζεις.
562 3666 670 3717 Καὶ
718 3659 873 3727 οὗτος
925 3668 1039 3717 ἐστι
1089 3664 1408 3734 προφανῶς,
1445 3664 1501 3716 ὃν
1548 3665 1596 3715 οἱ

54 3752 666 3824 Ἀρῤἀϐοιδογματιζετε
711 3759 771 3808 τὸ
825 3756 1130 3824 Ἑωσφόρον
1153 3757 1367 3826 ἄστρον,
1423 3755 1593 3818 Ζέϐω,

57 3842 348 3917 Ἀφροδίτη,
387 3847 614 3917 Κρόνος,
650 3847 741 3899 καὶ
772 3848 975 3917 Χαμὰρ
1010 3847 1219 3914 λέγετε.
1256 3848 1461 3908 Αὐτοὺς
1494 3863 1597 3898 κα-

46 3931 175 3986 λεῖτε
213 3936 394 4002 θεούς;
423 3937 629 4005 ἐλέγχω
653 3938 760 4007 γὰρ
791 3938 933 4002 ὑμᾶς
957 3939 1020 3988 ἐκ
1049 3939 1146 4004 τῆς
1175 3936 1391 4005 γραφῆς
1420 3935 1593 4003 ὑμῶν·

48 4020 192 4078 Οὗτοι
220 4030 267 4079 οἱ
306 4030 419 4080 θεοὶ
450 4027 604 4097 ὑμῶν
644 4029 852 4080 κτιστοί
881 4030 1039 4091 εἰσιν,
1092 4027 1186 4080 καὶ
1211 4027 1413 4093 κτίσμα
1441 4027 1595 4095 ἔχου-

49 4129 142 4168 σιν.
176 4118 281 4170 Καὶ
302 4118 536 4188 φθαρτοί
565 4119 724 4179 εἰσιν,
756 4117 890 4186 ἔργα
924 4115 1125 4186 χειρῶν
1158 4114 1479 4184 ἀνθρώπιον,
1505 4113 1598 4165 καὶ

46 4207 365 4262 εῖδωλα.Καὶ
405 4211 538 4263 αὐτὸ
570 4210 630 4261 τὸ
658 4210 847 4278 ὄνομα,
879 4201 939 4260 οὗ
970 4208 1112 4277 ἁρχὴ
1142 4209 1200 4259 ὲν
1257 4203 1425 4258 αὑτοῦ
1456 4205 1596 4255 Kon-

50 4302 217 4368 ρανίου
254 4320 366 4365 σου,
398 4305 579 4355 ὅντινα
614 4302 871 4356 ἐλεοῦντα
902 4303 993 4355 καὶ
1041 4301 1310 4370 ἐλεήμονα
1344 4300 1441 4368 μὲν
1470 4300 1596 4350 ἁπο-

48 4391 264 4457 καλεῖέε,
300 4388 446 4447 οὗτοι
501 4395 651 4446 ἐστιν
700 4394 794 4455 οὒς
839 4393 1051 4445 καλεῖτε
1095 4392 1181 4444 διὰ
1230 4391 1327 4458 τῆς
1353 4388 1596 4457 γλώττης

49 4483 187 4549 ὑμῶν
224 4485 404 4555 ’Λλάχ,
439 4486 643 4555 Σαμὲτ,
679 4486 920 4555 Τζαμὲτ,
951 4484 1093 4536 τοῦτ’
1138 4482 1281 4535 ἐστιν
1306 4480 1597 4551 προφανῶς

48 4571 346 4646 ὀλόσφυρος,
384 4577 478 4630 καὶ
511 4575 776 4637 όλόϐολος,
800 4572 910 4638 οἷος
942 4577 1247 4644 κρατεῖται,
1279 4574 1373 4625 καὶ
1407 4572 1595 4641 σχῆμα

48 4664 168 4732 ἕχει.
203 4669 261 4718 Οἱ
293 4670 381 4720 τὸν
405 4666 641 4720 τοιοῦτον
672 4666 791 4717 θεὸν
829 4666 1114 4733 σεϐόμενοι
1139 4705 1151 4726 ,
1205 4664 1349 4716 οὗτοί
1378 4664 1514 4713 εἰσιν
1541 4662 1589 4714 οἱ

48 4758 144 4817 τοῖς
174 4760 284 4809 ἐκεῖ
315 4759 692 4828 κολαστηρὶοις
724 4757 918 4826 ἔνοχοι.
947 4758 1007 4808 Οἱ
1030 4756 1087 4808 δὲ
1112 4754 1471 4821 γινώσκοντες
1500 4755 1594 4804 καὶ

48 4848 408 4916 ὁμολογοῦντες
434 4852 495 4902 τὸ
530 4851 699 4919 δνομα
726 4849 821 4902 τοῦ
869 4848 1089 4916 λογικοῦ
1124 4848 1217 4898 καὶ
1271 4844 1470 4908 ζῶντος
1502 4845 1593 4896 καὶ

47 4936 295 4993 ἀθανάτου
329 4942 486 5005 Θεοῦ,
511 4937 654 4994 οὗτοί
684 4942 821 4992 εἰσιν
850 4942 897 4992 οἱ
949 4939 1273 5009 κληρονόμοι
1308 4937 1404 5005 τῆς
1436 4937 1590 5004 βασις

46 5022 181 5088 λείας
212 5030 300 5081 τοῦ
329 5030 483 5092 Θεοῦ,
520 5031 613 5082 καὶ
637 5030 730 5082 τοῦ
772 5028 1124 5101 παραδείσου.
1156 5028 1289 5097 Περὶ
1322 5026 1379 5078 δὲ
1423 5020 1496 5077 ὧν
1524 5041 1590 5093 με

48 5115 334 5188 ἠρώτησας,
370 5122 544 5173 πάντα
576 5119 801 5190 ὕστερον
844 5137 924 5171 σοι
956 5118 1378 5186 ὁμολογήσομαι.

1700 3400 1828 3437 vero
1864 3385 2164 3438 Edessenus
2190 3384 2311 3437 dico
2341 3386 2491 3437 vobis
2520 3400 2535 3437 :
2566 3381 2665 3448 Qui
2723 3398 2826 3436 non
2860 3385 3137 3451 cognoscit
3183 3400 3268 3438 ra-

1703 3475 1951 3529 tionalem
1980 3484 2033 3528 et
2060 3476 2419 3529 immortalem
2476 3476 2639 3527 Deum
2703 3473 2921 3539 Filium,
2952 3490 3034 3527 na:
3060 3474 3148 3529 ille
3185 3477 3266 3530 dio

1700 3581 1837 3633 gnns
1870 3574 1951 3619 est
2009 3565 2100 3634 qui
2125 3565 2174 3617 in
2201 3567 2503 3633 gehennam
2540 3566 2680 3634 ignis
2707 3566 3043 3620 detrudatur.
3084 3567 3266 3632 Quare

1701 3671 1829 3709 vero
1858 3668 1911 3709 tu
1948 3658 2110 3710 Deum
2144 3658 2490 3711 miserantem
2524 3666 2578 3709 ct
2616 3657 3017 3711 misericordem
3081 3674 3264 3713 vocas.

1699 3749 1906 3802 Revera
1960 3749 2046 3802 ille
2080 3749 2198 3818 ipse
2236 3760 2319 3802 est
2374 3765 2531 3818 quem
2561 3750 2683 3803 vos'
2713 3749 2920 3803 Arabes
2952 3750 3132 3805 dicitis
3170 3752 3266 3804 As-

1702 3849 1842 3892 trnm
1873 3840 2197 3893 matutinum
2220 3855 2312 3893 seu
2345 3841 2735 3909 phosphorum,
2771 3850 2819 3895 et
2852 3841 2942 3909 qni
2966 3840 3129 3907 Zebo,
3172 3840 3295 3897 νει

1701 3945 1820 3993 nus,
1856 3930 2126 3983 Saturnus
2153 3941 2205 3984 et
2237 3930 2432 3984 Camar
2452 3931 2676 3984 dicitur.
2708 3930 2830 3984 lllos
2867 3933 3074 3987 vocatis
3115 3935 3261 3997 deos,

1697 4030 1751 4073 et
1780 4022 1921 4075 istud
1953 4030 2141 4074 contra
2174 4036 2268 4075 vos
2297 4036 2363 4075 ex
2427 4022 2555 4090 ipsis
2586 4023 2867 4089 scripturis
2901 4023 3095 4076 vestris
3147 4038 3268 4091 pos-

1699 4128 1816 4166 Sum
1878 4112 2149 4166 evincere.
2184 4111 2271 4165 lstl
2331 4112 2400 4164 dii
2428 4114 2588 4165 vestri
2642 4122 2767 4166 sunt
2817 4113 3040 4176 conditi,
3074 4123 3128 4166 et
3163 4113 3264 4167 ha-

1700 4204 1822 4254 bent
1853 4211 2099 4255 naturam
2130 4212 2390 4264 creatam,
2413 4211 2467 4255 et
2525 4211 2652 4255 sunt
2711 4204 3109 4273 corruptibiles,
3140 4214 3267 4258 sunt

1699 4294 1838 4347 idola
1869 4303 1921 4347 et
1943 4309 2102 4363 opera
2127 4307 2381 4347 manuum
2420 4294 2717 4346 hominum.
2753 4293 2817 4347 Et
2840 4310 3032 4349 nomen
3087 4296 3262 4365 ipsum

1697 4386 1837 4452 quod
1878 4393 1960 4439 est
1994 4386 2044 4438 in
2100 4385 2368 4454 principio
2398 4385 2469 4437 tui
2503 4385 2752 4437 Alcorani
2808 4388 2948 4453 quod
2974 4400 3067 4453 per
3102 4388 3267 4441 mise-

1701 4485 1903 4525 rentem
1928 4482 1982 4526 et
2006 4473 2409 4527 misericordem
2438 4474 2752 4541 designatis,
2785 4473 2873 4527 illo
2915 4475 3265 4544 designantur

1699 4566 1733 4618 ii
1761 4580 1894 4633 quos
1925 4565 1976 4617 in
2012 4565 2189 4633 lingua
2225 4575 2404 4617 vestra
2447 4564 2674 4627 vocatis,
2701 4565 2859 4631 Alab,
2898 4566 3100 4629 Samet,
3131 4566 3265 4620 Tsa-

1628 4639 1835 4716 Dmet,
1894 4657 2037 4723 quod
2087 4654 2372 4708 manifeste
2428 4663 2577 4709 notat
2641 4664 2810 4709 totum
2873 4657 3157 4709 rotundum
3212 4669 3264 4710 et

1703 4746 1895 4798 malleo
1930 4747 2175 4806 ductum,
2213 4746 2665 4812 quemadmodum
2700 4745 2846 4797 illurn
2874 4746 3178 4807 admittitis,
3210 4756 3265 4798 et

1696 4852 1798 4903 qua
1832 4838 2000 4889 forma
2033 4847 2086 4889 et
2135 4836 2299 4902 ﬁgura
2354 4835 2492 4902 apud
2525 4849 2618 4887 vos
2670 4835 2929 4887 induitur.
2966 4833 3064 4897 Qui
3102 4834 3259 4885 talem

1697 4930 1853 4982 deum
1887 4930 2092 4993 colunt,
2138 4928 2211 4981 illi
2242 4930 2340 4995 ipsi
2375 4936 2501 4981 sunt
2538 4928 2628 4995 qui
2677 4927 2822 4995 digni
2881 4936 3009 4979 sunt
3062 4924 3263 4991 suppl?-

1694 5021 1793 5075 ciis
1819 5021 2101 5091 gehennae;
2136 5021 2223 5088 qui
2247 5035 2369 5071 vero
2387 5027 2739 5086 cognoscunt,
2769 5024 2971 5077 amant,
3003 5014 3264 5067 conﬁten-

1694 5122 1781 5166 tur
1837 5129 2028 5166 nomen
2065 5113 2369 5174 rationalis,
2418 5110 2650 5164 viventis
2694 5114 2752 5162 ‘et
2793 5104 3115 5160 immortalis
3146 5104 3259 5168 Dei,

48 5208 112 5260 illi
150 5210 276 5264 linnt
306 5212 544 5266 haerech
593 5212 738 5279 regni
787 5210 881 5264 Dei
912 5221 965 5265 et
1008 5209 1259 5278 paradisi.
1285 5209 1363 5261 Ad
1395 5220 1457 5261 ea
1515 5220 1639 5260 vero
1679 5205 1743 5257 de
1798 5204 1991 5270 quibus
2042 5220 2125 5256 ιιιο
2176 5203 2539 5270 interrogasti,
2568 5200 2635 5252 ad
2683 5212 2768 5260 ea,
2801 5197 3043 5264 inquam,
3083 5196 3261 5248 omnia

48 5310 216 5363 postea
255 5304 603 5371 respondebo.

110 5394 216 5445 Νῦν
237 5395 290 5447 δὲ
319 5396 505 5465 ἐρωτῶ
535 5414 591 5448 σε
624 5396 751 5464 περὶ
780 5394 874 5447 τοῦ
907 5395 1026 5447 νέου
1058 5396 1180 5447 θεοῦ
1221 5412 1315 5447 σου
1338 5437 1349 5458 ,
1380 5394 1472 5445 καὶ
1495 5396 1593 5462 τῆς

50 5484 266 5551 πίστεώς
304 5506 417 5542 σου.
454 5490 577 5551 Πῶς
618 5490 712 5541 καὶ
752 5490 878 5541 πότε
903 5490 1190 5556 γινώσκεις
1224 5491 1317 5540 καὶ
1374 5491 1429 5539 ἐν
1454 5490 1590 5556 ποίῳ

52 5577 219 5647 τρόπῳ
248 5580 341 5650 τὴν
379 5582 631 5649 τοιαύτην
668 5581 948 5648 θεολογίαν
977 5581 1260 5651 ἐδιδάχθης
1284 5598 1297 5645 ;
1346 5579 1502 5642 Θεὸν,
1531 5580 1590 5630 ὃν

52 5664 369 5738 γινώσκομεν
426 5673 587 5739 ἡμεῖς
645 5670 695 5721 οἱ
744 5672 1098 5739 Χριστιανοὶ,
1149 5670 1321 5731 οὐδεῖς
1376 5670 1585 5738 ἑώρακε

374 5761 636 5821 Parnm"
680 5762 793 5821 Gn.
829 5761 983 5821 CIV.

1775 5390 1877 5442 Sed
1902 5388 2074 5457 primo
2109 5387 2236 5439 mitn
2280 5388 2439 5440 liccat
2469 5382 2793 5453 quaestiones
2822 5381 2984 5434 etiam
3016 5380 3107 5433 tibi
3147 5396 3263 5434 mo-

1702 5496 1826 5534 vere
1853 5482 1917 5535 dc
1944 5491 2035 5531 tuo
2069 5479 2171 5531 isto
2201 5494 2336 5530 novo
2370 5478 2469 5529 den
2492 5483 2586 5535 ,λι
2618 5474 2684 5526 de
2742 5472 2844 5525 lide
2876 5486 3034 5539 quam
3092 5472 3258 5529 foves.

1700 5574 1979 5639 Quomodo
2010 5582 2063 5626 et
2098 5572 2237 5625 unde
2269 5570 2334 5623 ad
2388 5580 2437 5622 te
2469 5568 2714 5637 pervcnit
2738 5567 2971 5636 cognitio
2996 5566 3260 5633 tnaYQna

1698 5669 1805 5731 ria,
1836 5666 1923 5719 tali
1947 5664 2187 5718 doctrina
2215 5672 2267 5717 ct
2296 5662 2564 5730 theologia
2613 5661 2849 5713 imbutus
2873 5660 3013 5713 fuisxi
3034 5659 3055 5712 ’ἶ
3077 5658 3261 5725 Quoad

2712 5750 2785 5809 Μ
