3978 6238
451 284 582 349 1387

1581 282 2144 347 ΒΑΒΤΗΟΕΟΜᾸΞΙ
2181 280 2556 342 EDESSENI

3557 280 3697 348 1388

452 416 581 468 nos,
613 399 790 456 nullus
824 413 1060 470 unquam
1115 398 1249 455 vidit
1282 399 1446 456 Deum
1481 413 1645 469 quem
1700 415 1798 454 nos
1862 398 2024 454 Chri-

2130 393 2376 460 πώποτε,
2417 394 2541 448 οὔτε
2583 394 2697 458 τοῖς
2730 392 2982 463 ἀγγέλοις
3010 433 3025 459 ,
3057 393 3181 448 οὔτε
3209 396 3323 460 τοῖς
3369 397 3698 467 προφήταις,

450 494 618 550 stiani
652 492 903 556 colimus,
940 507 1112 563 neque
1142 492 1369 563 angelis,
1410 506 1586 560 neque
1605 492 1899 560 prophetis,
1923 505 2019 545 uc-

451 602 557 657 que
604 586 695 639 ulli
740 586 1013 639 hominum
1072 586 1221 639 visus
1257 594 1360 647 est,
1394 599 1568 651 neque
1603 582 1875 636 multoties
1907 597 2021 634 ma-

451 677 729 732 nifestavit
788 678 1022 745 seipsum
1078 678 1328 744 cuiquam
1397 674 1613 728 mortali
1680 682 1737 728 et
1793 682 2021 727 terrenae

451 776 734 827 creaturas,
770 764 910 818 sicut
936 773 991 818 tu
1024 763 1203 833 inepte
1257 764 1457 819 asseris
1525 763 1698 818 Deum
1749 762 2022 816 multoties

453 855 721 910 salutasse
770 865 826 911 et
865 855 1046 910 adhuc
1096 856 1323 922 singulis
1369 856 1557 910 diebus
1598 854 1809 909 salvare
1832 852 2022 921 jubere

456 956 603 999 tuum
632 943 1015 998 Maltumetem.
1050 944 1106 998 Si
1140 959 1268 998 vero
1303 944 1502 998 asseris
1522 955 1575 998 te
1605 945 1771 997 Deum
1807 941 2022 996 novisse

453 1036 758 1091 ministerio
796 1035 1137 1101 Mahumctis,
1183 1037 1428 1104 sequitur
1461 1036 1601 1100 quod
1634 1035 1721 1089 ille
1748 1036 1817 1089 sit
1835 1036 1940 1087 dux
1968 1043 2022 1088 et

451 1136 860 1181 consummator
914 1129 1039 1179 vita:
1069 1138 1206 1191 tum;
1237 1127 1361 1179 hinc
1401 1125 1548 1178 illum
1593 1139 1755 1177 vocas
1789 1126 2021 1193 prophe-

452 1229 559 1271 tam
622 1228 676 1271 et
722 1218 1020 1291 apostolum
1077 1217 1189 1269 Dei.
1234 1215 1495 1270 Omnibus
1550 1229 1679 1269 vero
1727 1225 1908 1268 notum
1940 1224 2024 1268 est

450 1306 811 1363 Mahumetam
846 1323 943 1360 nec
962 1306 1279 1375 pr0phetam
1307 1321 1403 1360 nec
1435 1304 1736 1373 apostolum
1760 1304 1847 1358 Dei
1880 1320 2019 1373 esse,

450 1398 545 1453 sed
582 1396 727 1450 illum
750 1408 954 1449 tantum
984 1396 1146 1450 fuisse
1170 1396 1450 1450 alumnum
1482 1395 1797 1465 Abutalepi,
1830 1405 2019 1449 etser-

452 1505 578 1543 vum
628 1487 869 1552 Cadiztc,
922 1489 1073 1557 cujus
1099 1488 1335 1543 camelos
1396 1489 1617 1557 regebat
1685 1500 1739 1541 et
1788 1488 2024 1540 ducebat

404 1584 411 1587 ’
455 1583 773 1637 Damascum
818 1589 1073 1634 oneratos
1119 1579 1284 1632 variis
1337 1579 1629 1643 mercibus,
1671 1586 1727 1631 et
1771 1577 1839 1631 ad
1890 1576 2024 1630 alios

454 1674 617 1729 etiam
652 1673 874 1743 populos
903 1671 1109 1739 dedoco
1164 1672 1218 1725 in
1261 1671 1435 1724 locum
1481 1672 1759 1739 pergebat,
1806 1669 2020 1737 negotia

2121 486 2244 540 οὕτε
2303 485 2411 539 τινὶ
2477 486 2587 539 τῶν
2645 482 2952 555 ἀνθρώπων
3038 485 3230 556 ώράθη
3255 527 3270 552 ,
3332 486 3457 541 οὔτε
3532 490 3700 542 πάλιν

2121 578 2465 648 ἐφανέρωσεν
2515 581 2543 632 6
2602 579 2734 642 Θεὸς
2786 578 2977 632 ἑαυτὸν
3034 577 3205 647 χοῖκῷ
3272 595 3380 632 τινι
3403 619 3418 645 ,
3490 580 3568 643 ώς
3632 580 3701 632 σὺ

2123 668 2383 739 φλυαρεῖς
2405 668 2578 735 λέγων
2600 668 2682 720 ὅτι
2712 668 2837 720 καθ’
2877 666 3119 736 ἑκάστην
3148 670 3177 721 6
3203 668 3336 731 Θεὸς
3360 669 3704 739 ὲχαιρέτιζεν

2121 757 2217 811 καὶ
2240 758 2534 828 χαιρετίζει
2567 757 2885 829 Μουχάμετ.
2921 759 3031 812 Kal.
3056 758 3107 810 εί
3137 756 3238 826 μὲν
3267 757 3467 825 λέγεις,
3503 759 3586 811 ὅτι
3608 761 3704 811 τὸν

2121 848 2253 900 Θεὸν
2287 850 2350 901 ὲκ
2377 848 2471 900 τοῦ
2510 849 2808 919 Μουχάμετ
2859 848 3182 918 γινώσκεις,
3215 848 3405 902 λοιπὸν
3450 850 3705 912 κάκεῖνός

2122 937 2271 989 ἐστιν
2302 937 2331 988 6
2356 937 2598 1006 ἀρχηγὸς
2625 939 2723 1006 τῆς
2746 936 2891 1006 ζωῆς
2923 953 3041 1002 σου,
3072 936 3170 989 καὶ
3194 936 3287 988 διὰ
3312 936 3475 990 τοῦτο
3514 938 3704 1000 καλεῖς

2122 1028 2283 1081 αὑτὸν
2309 1030 2597 1099 προφήτην
2616 1030 2709 1081 καὶ
2739 1027 3038 1080 ἀπόστολον
3059 1026 3221 1081 Θεοῦ.
3248 1028 3392 1080 Πᾶσι
3423 1027 3706 1099 γνώριμον

2122 1120 2223 1187 ἔνι,
2262 1123 2345 1175 ὅτι
2367 1123 2395 1175 6
2430 1121 2732 1192 Mouxdpsr
2758 1119 2883 1173 οὔτε
2911 1121 3217 1191 προφήτης,
3254 1119 3376 1173 οὔτε
3404 1121 3707 1183 ἀπόστολος

2121 1212 2255 1266 Θεοὺ
2275 1213 2529 1283 ὑπάρχει,
2549 1214 2597 1265 εἰ
2618 1212 2693 1282 μὴ
2719 1212 3056 1283 ἀναθρεπτὸς
3079 1211 3187 1277 τοῦ¹
3210 1211 3594 1274 Ἀπουταλεπὶ,
3610 1212 3709 1265 καὶ

2126 1304 2425 1375 μισθάργος
2447 1304 2549 1374 τῆς
2576 1304 2821 1367 Χατίζας
2843 1306 2925 1367 εἰς
2950 1305 3020 1357 τὰ
3050 1304 3320 1374 καμήλια,
3342 1304 3379 1358 ἃ.
3403 1305 3709 1374 ἐπεφέρετο

2121 1399 2201 1461 εἰς
2221 1397 2530 1467 Δαμασκὸν,
2553 1398 2650 1450 καὶ
2676 1398 2756 1461 εἰς
2777 1397 2997 1467 ἐτέρους
3022 1397 3223 1459 τόπους
3261 1400 3707 1467 πεφορτωμένων

2123 1490 2538 1560 πραγματειῶν,
2564 1490 2865 1560 μεταϐιϐέιζ⁹
2870 1508 2944 1544 ων
2961 1490 3134 1545 ταῦτα
3155 1494 3219 1544 ὲκ
3236 1492 3401 1544 τόπου
3416 1495 3493 1554 εἰς
3514 1494 3707 1556 τόπον,

2121 1584 2216 1634 καὶ
2233 1583 2755 1652 πραγματευόμενος
2777 1584 2881 1636 ὑπὸ
2896 1584 2995 1655 τῆς
3014 1583 3273 1654 ρηθείσης
3301 1585 3492 1655 κυρίας
3511 1586 3702 1639 αὑτοῦ.

2124 1675 2233 1726 Kal.
2260 1674 2322 1726 τὸ
2379 1676 2682 1746 Κουράνιόν
2738 1693 2833 1728 σου
2889 1680 3161 1747 μαρτυρεῖ
3201 1677 3330 1746 περὶ
3375 1678 3562 1739 αὑτοῦ,
3621 1678 3707 1731 ὅτι

454 1781 650 1837 gerens
672 1772 728 1818 et
758 1764 1148 1818 administrans
1199 1761 1465 1829 praedictae
1524 1776 1635 1816 suae
1673 1761 1921 1814 domime.
1964 1758 2028 1811 Et

2130 1766 2420 1835 τριάκοντα
2473 1765 2568 1820 δύο
2597 1768 2823 1838 χρόνους
2878 1768 3106 1831 ἄπιστος
3166 1768 3433 1839 ὑπῆρχεν,
3484 1770 3708 1836 καὶτῆς

451 1859 753 1913 Alcoranus
810 1867 934 1910 tuus
988 1856 1054 1909 de
1102 1854 1189 1908 illo
1244 1862 1494 1918 testatur,
1541 1852 1800 1906 nimirum
1850 1851 2024 1919 spatio

456 1952 679 2021 triginta
723 1951 951 2003 duorum
1016 1961 1277 1999 annorum
1311 1945 1458 1998 illum
1494 1944 1696 1998 vixisse
1742 1945 1859 1998 sine
1895 1943 2020 1998 ﬁde.

454 2043 717 2098 Memorat
740 2041 937 2110 quippe
970 2038 1117 2091 illum
1160 2037 1469 2104 implevisse
1510 2035 1865 2104 quadraginta
1897 2050 2024 2102 sep-

456 2145 564 2190 tem
604 2147 795 2196 anuos,
826 2128 1003 2197 spatio
1042 2128 1348 2196 quindecim
1407 2142 1673 2179 annorum
1706 2127 1853 2179 illum
1897 2126 2024 2178 reli-

455 2225 761 2298 giosissime
794 2222 1020 2285 vixisse,
1046 2220 1137 2273 sed
1166 2218 1391 2271 aliorum
1423 2218 1639 2287 triginta
1688 2218 1916 2270 duorum
1945 2218 2027 2269 in-

458 2315 679 2374 tervallo
707 2323 820 2369 toto
875 2313 1019 2366 illum
1050 2311 1267 2375 vixisse,
1301 2310 1418 2363 sine
1448 2308 1575 2369 Deo,
1600 2308 1720 2362 sine
1772 2308 1906 2378 lege,
1932 2310 2028 2361 itu-

454 2406 565 2476 pie,
633 2413 685 2457 et
734 2400 991 2471 pessimis
1047 2396 1387 2466 dogmatibus
1448 2394 1761 2449 obnoxium.
1786 2394 1923 2459 Quin
1972 2401 2027 2446 et

457 2499 573 2568 ipse
622 2495 779 2550 duxit
817 2495 1001 2548 decem
1038 2505 1259 2555 uxores,
1288 2498 1343 2543 et
1399 2488 1669 2543 sexdecim
1698 2488 2026 2542 concubinas

457 2589 720 2656 captivas.
739 2585 885 2649 1am,
907 2598 1111 2653 quaeso,
1135 2580 1346 2636 declara
1376 2580 1591 2649 quando
1620 2579 1737 2632 illas
1757 2579 2026 2644 habuerit,

456 2696 527 2735 an
558 2672 797 2747 tempore
827 2692 938 2732 suae
967 2673 1281 2744 impietatis,
1308 2687 1374 2724 an
1428 2685 1556 2725 vero
1586 2685 1707 2724 cum
1738 2670 1904 2724 Deum
1932 2684 2027 2725 co-

458 2775 571 2829 lere
598 2772 765 2840 C(Bpil
818 2779 872 2823 et
898 2768 1147 2836 religiose
1187 2765 1386 2818 vivere.
1421 2761 1477 2817 Si
1534 2762 1793 2816 memoria
1825 2777 2022 2831 suppe-

459 2867 785 2930 tit,oslende
815 2860 1018 2930 aliquid
1041 2874 1148 2928 quo
1180 2859 1281 2911 hoc
1310 2854 1851 2925 possitcomprobari.
1884 2856 2030 2909 Insu-

460 2974 557 3028 per
581 2955 856 3010 Mabumet
884 2967 948 3007 ex
976 2960 1195 3020 peccato
1221 2960 1275 3002 et
1314 2947 1523 3002 semine
1556 2948 1790 3000 humano
1829 2946 2030 2999 forma-

2126 1858 2272 1928 ζωῆς
2317 1858 2482 1911 αὑτοῦ
2509 1857 2675 1929 οὑσης
2708 1859 2917 1930 χρόνων
2948 1860 3357 1930 τεσσαράκοντα
3383 1860 3544 1925 ἑπτὰ,
3584 1862 3708 1924 πῶς

2123 1946 2250 2010 τοὺς
2270 1948 2431 2000 πέντε
2456 1948 2553 2001 καὶ
2581 1947 2722 2002 δέκα
2750 1948 2973 2020 χρόνους
2997 1948 3246 2018 ὑπῆρχεν
3267 1950 3549 2021 θεοσεϐὴς,
3576 1952 3710 2013 τοὺς

2123 2038 2181 2093 δὲ
2206 2038 2507 2109 τριάκοντα
2554 2039 2647 2093 δύο
2676 2041 2811 2111 μήτε
2841 2040 2974 2093 Θεὸν
3006 2040 3317 2108 γινώσκων,
3369 2043 3509 2112 μήτε
3540 2043 3712 2111 νόμον

2126 2127 2291 2198 ἔχων,
2321 2128 2458 2181 ἀλλὰ
2484 2129 2687 2200 ἀσεϐὴς
2718 2130 2813 2182 καὶ
2841 2129 3135 2193 κακόδοξος
3158 2130 3433 2201 ὑπῆρχεν.
3461 2133 3573 2185 Καὶ
3609 2133 3710 2185 λα-

2124 2218 2237 2270 ϐὼν
2272 2214 2535 2288 γυναῖκας
2562 2220 2713 2284 δέκα,
2752 2221 2845 2273 καὶ
2894 2219 3137 2283 σκλάϐας
3181 2220 3275 2287 ις’,
3318 2222 3449 2275 πότε
3503 2222 3711 2287 ταύτας

2125 2310 2337 2374 ἐλαϐεν,
2355 2311 2528 2377 δεῖξόν
2552 2329 2661 2381 μοι.
2682 2312 2836 2365 Μετὰ
2849 2312 2911 2364 τὸ
2937 2312 3279 2383 θεοσεϐῆσαι,
3303 2315 3335 2385 ἢ
3365 2314 3471 2385 πρὸ
3486 2315 3712 2382 τούτους

2126 2401 2404 2467 ὑπόδειξὸν
2443 2419 2535 2472 μοι
2576 2401 2676 2473 τὴν
2710 2403 2836 2474 περὶ⁵
2876 2403 3070 2457 τούτου
3099 2403 3352 2474 δήλωσιν,
3399 2405 3497 2457 ὲάν
3539 2401 3710 2469 οἶδας.

2126 2495 2238 2548 Καὶ
2271 2495 2434 2548 πάλιν
2460 2497 2487 2547 6
2510 2496 2811 2565 Μουχάμετ
2854 2496 2964 2549 ἀπὸ
3004 2496 3282 2568 ἁμαρτίας
3316 2497 3412 2550 καὶ
3445 2498 3709 2568 σπέρμα-

2126 2604 2217 2650 τος
2236 2587 2766 2657 ἀνθρωπίνουὲστίν.
2795 2588 2906 2641 Kal.
2926 2589 3090 2651 αὑτὸς
3115 2590 3384 2659 ἥμαρτεν,
3412 2591 3507 2643 καὶ⁸
3532 2592 3719 2643 ἔσπει-

2129 2696 2242 2751 ρεν.
2268 2678 2391 2742 Πῶς
2414 2676 2507 2732 οὖν
2534 2679 2695 2733 αὑτὸν
2724 2680 2925 2748 λέγεις,
2952 2681 3034 2733 ὅτι
3067 2680 3295 2748 ἀδελφός
3310 2682 3428 2734 ἐστι
3455 2682 3551 2733 τοὺ
3572 2684 3716 2752 Χρι-

2128 2767 2254 2821 στοῦ
2275 2785 2290 2832 ;
2315 2769 2396 2821 ὅτι
2425 2770 2486 2821 οὑ
2519 2770 2675 2839 μόνον
2691 2769 3015 2839 ἁμαρτωλός
3038 2771 3209 2833 ἐστιν,
3228 2769 3363 2824 ἀλλὰ
3383 2774 3477 2825 καὶ
3500 2772 3569 2825 δι’
3590 2774 3714 2826 ὅλου

2127 2859 2319 2930 ἐχθρὸς
2342 2860 2436 2913 τοὺ
2459 2860 2615 2925 Θεοῦ,
2637 2860 2819 2924 καθὼς
2838 2859 3152 2929 γινώσκεις,
3178 2864 3261 2916 ὅτι
3293 2863 3401 2933 πρὸ
3416 2864 3511 2916 τοὺ
3539 2864 3719 2919 Θεοσε-

2133 2950 2320 3021 ϐῆσαι,
2343 2952 2438 3003 κα)⁹
2465 2951 2723 3021 κλέπτης,
2750 2953 2847 3005 καὶ
2873 2952 3204 3021 νυκτοπόρος
3229 2953 3473 3023 ὑπῆρχεν
3500 2954 3597 3006 καὶ
3616 2955 3718 3028 λῃ-

462 3062 549 3105 tus
579 3057 683 3113 est,
717 3053 770 3100 et
806 3044 893 3097 ille
928 3045 1040 3112 ipse
1069 3040 1312 3109 peccavit
1371 3050 1420 3093 et
1469 3038 1650 3091 liberis
1678 3038 2026 3106 procreandis

2130 3039 2281 3109 στὴς,
2312 3041 2403 3092 καὶ
2424 3041 2642 3102 sane;
2663 3043 2959 3111 στρωμνὰς
3009 3042 3236 3104 πολλοὺς
3274 3042 3382 3095 τῶν
3409 3042 3720 3113 ἀνθρώπων

459 3157 682 3215 cperam
740 3139 921 3203 dedit;
961 3135 1231 3204 quomodo
1286 3147 1415 3201 ergo
1471 3131 1609 3185 dicis
1663 3130 1809 3184 illum
1857 3131 2025 3186 fuisse

458 3234 679 3289 fratrem
712 3226 1097 3291 Christi;cum
1150 3238 1254 3276 non
1311 3221 1481 3276 solum
1543 3219 1705 3274 fuerit
1753 3229 2026 3288 peccator,

2132 3132 2442 3201 ἐφόνευσεν.
2476 3133 2584 3185 Καὶ
2608 3132 2783 3185 ταῦτα
2802 3133 2890 3186 διὰ
2922 3136 3204 3201 γυναῖκας,
3227 3135 3320 3186 καὶ
3365 3134 3434 3186 δι’
3475 3138 3718 3203 ἄκρατον

2130 3223 2276 3293 μῖξιν
2291 3222 2602 3295 ἐξωνήσατο
2616 3225 2841 3295 βοτάνια
2862 3243 2926 3278 συ
2936 3225 3283 3296 μϐαλλόμενα
3298 3226 3472 3279 ταῦτα
3491 3229 3573 3291 εἰς
3586 3244 3721 3299 πορ-

459 3326 554 3380 sed
608 3320 1003 3376 iul‘eusissimus
1056 3316 1147 3369 Dei
1182 3314 1356 3369 hostis
1412 3322 1467 3365 ut
1507 3315 1621 3381 ipse
1678 3310 1930 3380 agnoscis
1976 3321 2028 3366 et

2130 3318 2276 3372 νείαν
2299 3318 2547 3389 ἄσχετον,
2575 3320 2653 3383 ὡς
2687 3321 2763 3391 μὴ
2789 3320 2926 3383 ὅλως
2955 3321 3115 3390 κόρον
3139 3322 3280 3390 ἔχων
3313 3324 3413 3392 τῆς
3454 3324 3719 3388 τοιαύτης

460 3414 740 3471 conﬁteris
777 3429 792 3466 :
836 3425 958 3464 nam
1014 3418 1304 3474 antequam
1365 3405 1530 3458 vitam
1569 3402 1871 3472 religiosam
1915 3416 2028 3454 am-

2130 3406 2444 3476 ὲπιθυμῐας,
2462 3411 2631 3481 ὅνπερ
2660 3411 2726 3463 δι’
2744 3409 2869 3463 ὅλου
2906 3411 3026 3481 μεθ’
3049 3411 3242 3467 ἑαυτοῦ
3268 3409 3405 3482 εἶχε,
3430 3413 3720 3485 χρώμενος

458 3507 810 3578 plecteretur,
842 3509 961 3555 erat
996 3498 1102 3563 fur,
1128 3497 1285 3562 latro,
1318 3505 1615 3550 nocturnus
1668 3494 1880 3548 viarum
1943 3494 2028 3548 iu-

2130 3496 2207 3567 τῷ
2236 3499 2461 3569 τοιούτῳ
2490 3502 2583 3554 ἐπὶ
2618 3504 2687 3572 τῇ
2718 3501 2885 3555 αὑτοῦ
2914 3503 3170 3574 ἐργασίᾳ.

459 3617 641 3660 sessor
666 3600 755 3669 qui
783 3596 1209 3667 quamplurimos
1232 3592 1284 3646 in
1316 3590 1539 3645 insidias
1570 3604 1706 3658 quas
1751 3598 2026 3643 struxerat
2061 3589 2313 3658 delapsos
2346 3595 2582 3649 violenta
2651 3605 2823 3651 morte
2894 3599 3145 3666 peremit.
3191 3598 3455 3654 Praeterea
3489 3612 3715 3670 propter

458 3712 683 3760 uxores,
728 3702 783 3748 et
828 3695 1175 3760 impotentem
1219 3688 1780 3754 intemperantemque
1827 3688 2029 3741 coitum
2072 3687 2268 3742 herbas
2331 3690 2541 3746 solebat
2606 3704 2789 3746 emere
2841 3692 3038 3760 quibus
3070 3708 3322 3749 venerem
3355 3704 3408 3748 et
3431 3694 3715 3749 libidinem

460 3790 717 3848 eil‘renem
742 3784 1090 3844 conciliaret;
1125 3781 1260 3834 adeo
1291 3787 1350 3831 ut
1407 3791 1678 3845 nunquam
1725 3778 1952 3833 satiatus
2009 3784 2288 3835 recederet
2347 3782 2415 3836 ab
2446 3783 2565 3836 istis
2626 3784 2812 3853 pravis
2849 3786 3160 3850 desideriis,
3202 3787 3397 3854 quibus
3419 3803 3516 3856 per
3544 3798 3715 3839 totum

460 3884 586 3938 vitae
638 3877 965 3934 curriculum
1013 3873 1116 3929 fuit
1180 3869 1470 3936 obnoxius,
1515 3885 1643 3925 usus
1693 3870 1815 3925 istis
1862 3872 2103 3927 moribus
2144 3881 2401 3943 tanquam
2461 3878 2722 3934 exercitio
2774 3892 2880 3947 quo
2934 3879 3038 3935 sibi
3102 3879 3310 3934 lucrum
3357 3890 3413 3936 et
3451 3892 3717 3951 quaestum

461 3988 719 4042 compara
729 3980 833 4027 ret.
3270 4018 3279 4021 Α

531 4066 709 4133 Quare
740 4075 869 4133 ergo
892 4059 1209 4131 prophetam
1239 4065 1294 4112 et
1353 4054 1657 4126 apostolum
1693 4055 1788 4111 Dei
1831 4056 2028 4112 vocatis

2208 4056 2410 4110 Λοιπὸν
2442 4056 2529 4111 διά
2555 4059 2609 4111 τί
2628 4057 2791 4111 αὑτὸν
2820 4060 3110 4131 προφήτην
3132 4060 3226 4113 καὶ
3247 4059 3547 4115 ἀπόστολον
3579 4062 3717 4115 Θεοῦ

462 4155 613 4211 illum
664 4153 753 4221 qui
813 4150 913 4204 fuit
948 4147 1372 4218 impurissituus,
1401 4144 1547 4198 omni
1597 4145 1883 4198 criminum
1918 4144 2028 4199 labe

2138 4149 2324 4213 καλεῖς
2351 4149 2546 4217 λάγνον
2584 4150 2735 4215 ὄντα,
2778 4153 2873 4204 καὶ
2922 4151 3168 4205 τοιοῦτον
3226 4153 3574 4224 παμμίαρον,
3621 4158 3719 4208 καὶ

464 4247 888 4307 contaminatus,
918 4242 1077 4305 latro,
1110 4240 1366 4309 iniustus,
1390 4237 1681 4303 homicida,
1707 4247 1910 4307 raptor.
1943 4236 2028 4290 Dic

2138 4238 2363 4311 λῃστὴν,
2394 4242 2490 4293 καὶ
2519 4240 2720 4305 ἄδικον,
2745 4242 2840 4295 καὶ
2870 4242 3055 4310 φονέα,
3089 4242 3186 4295 καὶ
3212 4242 3441 4311 ἅρπαγα
3464 4261 3480 4308 ;
3503 4246 3719 4314 Φράσον

469 4338 624 4403 mihi,
651 4350 861 4406 quaeso,
898 4333 1027 4403 quid
1062 4329 1333 4399 signiﬁcet
1360 4330 1642 4400 pr0phetia
1680 4338 1735 4383 et
1764 4328 2028 4399 apostola-

2142 4346 2253 4399 μοι,
2294 4331 2347 4383 τί
2404 4331 2774 4401 ἑρμηνεύεται
2847 4331 3196 4402 προφητεία,
3258 4334 3354 4386 καὶ
3399 4335 3715 4397 ἀπόστολος.

469 4439 577 4483 tus.
608 4395 857 4482 'Certumv
891 4395 977 4479 est
1028 4433 1084 4478 et
1117 4395 1277 4477 'Deus
1316 4395 1489 4487 novit,
1553 4430 1606 4475 te
1662 4420 1763 4476 hoc
1801 4395 2028 4490 prorsus

2143 4395 2300 4474 Οἶδεν
2329 4423 2357 4474 6
2382 4395 2651 4485 Θεδςίότι
2679 4424 2739 4476 οὐ
2771 4395 3084 4491 γινώσκεις,
3118 4395 3266 4494 εἰμὴ
3306 4424 3563 4495 διδαχΘῇς
3608 4395 3716 4478 ἀπὸ

469 4522 738 4592 ignorare,
790 4519 891 4573 nisi
938 4518 1045 4571 hoc
1103 4532 1131 4570 a
1192 4516 1505 4571 Christiano
1557 4517 1706 4585 prius
1764 4514 2039 4568 didiceris.

463 4613 515 4668 0
574 4612 857 4681 impudens
911 4618 962 4663 et
1026 4607 1421 4664 inverecunde!
1473 4616 1525 4660 tu
1583 4605 1864 4661 conﬁteris
1922 4604 2040 4657 Mu-

472 4704 807 4759 hammedem
852 4701 1028 4771 spatio
1080 4701 1299 4769 triginta
1353 4700 1579 4753 duorum
1634 4712 1901 4751 annorum
1943 4710 2041 4750 nec

470 4796 637 4851 tuisse
670 4794 1007 4863 prophetam,
1043 4808 1141 4848 nec
1172 4792 1666 4862 prepltelizantem,
1703 4804 1802 4843 nec
1829 4799 2042 4855 aposto-

471 4886 605 4949 lum,
640 4900 741 4938 nec
770 4886 1074 4948 docentem,
1104 4899 1202 4938 nec
1225 4882 1315 4937 Dei
1335 4883 1620 4947 cultorem,
1652 4897 1749 4937 ncc
1768 4892 2037 4947 orantem,

474 4991 574 5030 nec
630 4986 1043 5045 cognoscentem
1105 4976 1295 5040 Deum,
1340 4975 1433 5029 sed
1484 4982 1605 5042 post
1672 4972 1912 5039 elapsum
1970 4973 2042 5025 is-

472 5076 649 5122 torum
686 5082 952 5120 annorum
980 5066 1335 5130 curriculum,
1370 5064 1678 5133 cognitione
1731 5063 1910 5117 divina
1949 5062 2041 5114 im-

472 5158 659 5213 butum
724 5158 916 5213 fuisse.
967 5159 1072 5212 Sed
1116 5157 1160 5212 si
1226 5158 1324 5211 ista
1374 5155 1557 5209 omnia
1606 5170 1831 5225 negares
1884 5155 2037 5223 quasi

470 5263 592 5317 qua:
628 5263 734 5302 non
786 5248 1114 5317 contigerint
1146 5250 1255 5301 isto
1314 5247 1531 5316 triginta
1588 5248 1817 5298 duorum
1868 5260 2038 5297 anno-

472 5355 593 5393 rum
641 5340 836 5407 spatio,
866 5354 1031 5408 quare
1079 5340 1265 5393 eadem
1319 5340 1529 5391 ratione
1567 5352 1664 5405 ego
1695 5336 2040 5391 Christianus

470 5446 578 5486 non
604 5444 855 5500 negarem
882 5446 943 5483 ea
970 5445 1086 5499 qua:
1113 5430 1471 5483 Multammedi
1502 5429 1799 5499 contigisse
1839 5429 2040 5481 asseris

471 5522 780 5591 quindecim
814 5522 918 5574 illis
946 5522 1100 5575 annis
1129 5534 1248 5585 post
1282 5522 1497 5590 triginta
1528 5522 1660 5575 duos
1722 5534 1892 5573 annos
1939 5535 2037 5587 po-

471 5611 910 5680 steriusclapsis?
932 5610 1033 5665 Sed
1060 5613 1255 5679 primo,
1279 5612 1629 5680 qurso,doce
1662 5624 1746 5662 me
1772 5609 2040 5676 quomodo

469 5702 723 5770 cegnovit
784 5702 972 5768 Deum,
999 5713 1050 5757 ct
1101 5707 1152 5757 in
1210 5719 1315 5773 qua
1360 5702 1530 5757 forma
1561 5701 1664 5755 ?Si
1716 5702 1858 5755 enim
1906 5700 2039 5756 dicis

2141 4510 2494 4580 Χριστιανοῦ.
2530 4508 2601 4564 Ὦ
2643 4513 3037 4584 ἀνερυορίαστε
3088 4515 3184 4567 καὶ
3237 4515 3599 4585 ἀναισχυντεὲ
3652 4518 3717 4569 σὺ

2141 4601 2445 4673 ὁμολογεῖς,
2473 4604 2554 4656 ὅτι
2580 4606 2608 4658 6
2660 4605 2962 4675 Μουχάμετ
3023 4607 3317 4677 τριάκοντα
3343 4606 3436 4660 δύο
3488 4608 3719 4677 χρόνους

2145 4695 2283 4764 μήτε
2300 4697 2604 4767 προφήτης,
2632 4698 2772 4768 μήτε
2798 4698 3161 4768 προφητεύων
3188 4695 3276 4771 ἦν,
3307 4700 3445 4770 μήτε
3473 4701 3717 4753 ἀπόστο-

2138 4785 2251 4852 λος,
2288 4789 2424 4859 μήτε
2453 4789 2741 4852 διδάσκων,
2770 4790 2908 4859 μήτε
2929 4789 3206 4860 θεοσεϐὴς,
3238 4792 3377 4860 μήτε
3399 4791 3717 4860 εὐχόμενος,

2145 4880 2282 4948 μήτε
2312 4879 2599 4947 γινώσκων
2633 4880 2785 4946 Θεὸν,
2823 4880 2961 4936 ἀλλά
2991 4881 3131 4951 μετά
3157 4881 3331 4935 ταῦτα
3370 4883 3507 4934 Θεὸν
3546 4884 3719 4951 ὲγνώ·

2145 4990 2315 5045 ρισεν.
2351 4973 2492 5025 Ἀλλ’
2528 4972 2715 5043 ἐπειδὴ
2741 4976 2805 5026 ὲκ
2830 4971 3037 5027 τούτων
3065 4974 3183 5037 ὅλος
3213 4974 3442 5046 ἔξαρνος
3463 4976 3717 5047 γένηται,

2139 5065 2216 5128 ὡς
2245 5064 2319 5135 μὴ
2347 5065 2650 5132 γεγονότων
2688 5067 2753 5116 ὲκ
2774 5064 2867 5118 τοῦ
2905 5066 3205 5135 Μουχάμετ
3236 5065 3378 5118 κατά
3405 5068 3535 5129 τοὺς
3563 5068 3720 5136 τριά-

2143 5175 2305 5210 κοντα
2354 5157 2449 5210 δύο
2486 5158 2712 5226 χρόνους
2744 5175 2758 5189 ’
2816 5158 2933 5221 πῶς
2988 5156 3142 5226 κάγὼ
3176 5160 3205 5211 6
3245 5157 3571 5226 Χριστιανὸς
3618 5158 3719 5211 οὑκ

2142 5248 2410 5319 ἀρνοῦμαι
2442 5250 2510 5302 τὰ
2538 5248 2676 5317 μετά
2722 5248 2894 5301 ταῦτα
2926 5248 3117 5312 αὑτοῦ,
3148 5249 3319 5318 ἤγουν
3352 5249 3421 5300 τὰ
3445 5248 3555 5299 τῶν
3584 5264 3720 5299 πεν-

2142 5339 2431 5391 τεκαίδεκα
2454 5338 2696 5408 χρόνωνς
2725 5338 2943 5405 πρῶτον
2969 5338 3240 5406 γνώρισόν
3278 5354 3370 5407 μοι
3400 5338 3565 5403 τέως,
3600 5339 3719 5401 πῶς

2142 5426 2438 5499 ἐγνώρισεν
2474 5428 2627 5490 Θεὸν,
2653 5428 2745 5481 καὶ
2773 5428 2832 5480 ὲν
2875 5428 3011 5497 ποίῳ
3046 5428 3232 5499 τρόπῳ
3253 5444 3267 5458 ⁸
3308 5430 3356 5480 εἰ
3389 5428 3490 5498 μὲν
3512 5428 3714 5495 λέγεις,

2141 5520 2222 5572 ὅτι
2246 5521 2273 5571 6
2311 5518 2441 5581 Θεὸς
2474 5518 2840 5591 [ἀπέστειλεν]
2868 5519 2958 5571 τὸν
2988 5519 3217 5587 ἄγγελον
3250 5518 3416 5572 αὑτοῦ
3456 5520 3593 5589 πρὸς
3622 5521 3717 5573 αὑ-

2141 5610 2254 5675 τὸν,
2269 5610 2363 5663 καὶ
2380 5610 2615 5675 ἐδίδαξεν
2640 5609 2802 5665 αὑτὸν
2816 5609 2944 5679 περὶ
2964 5608 3312 5676 θεογνωσίας,
3342 5608 3531 5662 λοιπὸν
3556 5612 3585 5661 6
3609 5609 3682 5677 ἀγ
3697 5638 3713 5649 ο

2141 5701 2298 5770 γελός
2338 5703 2484 5755 ἐστιν
2500 5700 2795 5765 ἀπόστολος
2810 5699 2946 5754 Θεοῦ
2972 5699 3108 5771 πρὸς
3128 5700 3291 5755 αὑτὸν
3336 5701 3429 5754 καὶ
3456 5700 3546 5753 τὸν
3565 5700 3713 5757 λαόν.
