3752 6232
34 268 179 334 1389

1218 271 1693 335 CONFUTATIO
1760 245 2120 335 AGAnENI.

3148 275 3281 341 1390

27 381 148 434 Καὶ
181 368 337 439 οὗτος
357 374 545 430 λοιπὸν
574 368 644 447 ἦν
666 374 1038 446 ψεύστης,καὶ
1067 375 1345 434 ἀπατεὼν.
1392 379 1615 450 Ἐπειδὴ

1792 395 1891 435 ειιηι
1914 381 1981 436 ad
2043 380 2190 436 illum
2230 379 2446 438 misisse
2498 382 2749 453 angelum
2779 397 2956 449 suum,
2988 386 3081 455 qui
3132 387 3279 442 illum

26 472 127 525 καὶ
159 468 323 524 αὑτὸν
364 469 654 539 προφήτην
703 468 909 532 καλεῖς,
940 468 1114 533 δεῖξόν
1164 486 1257 540 μοι
1279 471 1335 522 τί
1367 471 1611 542 ἐπροφή-

23 579 249 622 τευσεν,
290 561 386 614 καὶ
419 563 477 613 ὲν
516 560 656 631 ποίῳ
680 559 823 631 λόγῳ
866 559 1047 626 τοῦτο,
1079 560 1174 614 καὶ
1200 561 1257 614 τί
1296 561 1534 626 κελεύει,
1572 562 1608 631 ἢ

23 655 81 708 τί
110 654 340 724 σημεῖον
363 651 456 704 καὶ
478 651 643 721 τέρας
674 651 996 722 πεποίηκεν.
1032 652 1219 706 Πάντα
1250 652 1359 723 γὰρ
1383 652 1454 706 τὰ
1478 652 1613 722 ύμέ-

23 762 167 816 τερα
199 742 383 813 βιϐλία
406 743 669 811 ἀνέγνων,
700 741 794 795 καὶ
823 742 1019 809 ἔγνων.
1055 743 1179 796 Ἐὰν
1206 738 1277 812 ἦν
1302 744 1609 815 προφήτης,

23 835 106 898 ὡς
146 834 359 903 λέγετε,
391 833 480 887 διὰ
508 832 560 885 τί
587 831 877 902 μέλλοντος
908 835 1096 884 πεσεῖν
1132 834 1197 886 ὲκ
1230 832 1326 886 τοῦ
1383 833 1607 902 ἀλόγου,

22 922 87 980 οὗ
128 926 389 996 ἐκάθητο,
431 925 524 977 καὶ
567 922 883 993 σχισθέντος
918 923 1014 976 τοῦ
1043 924 1257 993 τοίχους
1286 923 1481 989 αὑτοῦ,
1510 925 1609 979 καὶ

24 1016 161 1080 τοὺς
192 1016 343 1069 κάτω
378 1015 475 1068 καὶ
508 1014 623 1068 ἄνω
656 1014 877 1075 ὀδόντας
912 1014 1076 1068 αὑτοῦ
1100 1014 1397 1084 μέλλοντας
1420 1017 1610 1069 πεσεῖν

24 1109 128 1161 καὶ
174 1105 474 1174 θλασθῆναι
510 1104 619 1157 ἀπὸ
645 1103 742 1156 τοῦ
789 1102 1031 1157 τοιούτου
1070 1104 1516 1175 προσκόμματος,
1547 1105 1609 1159 ού

38 1200 475 1269 προεφήτευσεν,
507 1197 541 1267 ἢ
594 1197 884 1267 προέγνω;
926 1197 1036 1249 Καὶ
1068 1197 1252 1263 πάλιν,
1294 1197 1419 1249 ἐπεὶ
1471 1213 1610 1267 προ-

23 1291 210 1360 φήτης
232 1285 321 1359 ἦν,
367 1288 577 1357 μέλλων
634 1286 869 1354 συνάψαι
930 1286 1071 1355 μετὰ
1096 1284 1189 1339 τοῦ
1229 1286 1465 1357 Καϐαρὰ
1514 1286 1611 1339 πόα

22 1382 218 1450 λεμον,
242 1380 358 1444 πῶς
395 1380 497 1432 οὐκ
531 1379 696 1447 έγνω,
731 1380 812 1432 ὅτι
842 1377 1068 1448 ἔμελλεν
1094 1378 1227 1450 παρ’
1257 1379 1424 1433 αὑτοῦ
1457 1396 1612 1449 νικη-

23 1474 212 1543 Θῆναι,
235 1471 396 1533 αὐτὸς
434 1470 528 1523 καὶ
563 1469 632 1521 τὰ
666 1468 765 1522 ὅλα
807 1467 973 1522 αὑτοῦ
1019 1469 1267 1537 φουσᾶτα
1297 1486 1312 1536 ;
1342 1468 1477 1522 ἀλλά
1516 1468 1613 1522 καὶ

22 1563 196 1625 αὐτὸς
223 1564 408 1631 φυγὼν
437 1558 669 1628 διεσώθη
701 1561 758 1612 ὲν
791 1558 870 1628 τῷ
917 1558 1187 1631 σπηλαίῳ,
1220 1558 1411 1629 μείνας
1458 1560 1612 1630 τρεῖς

23 1655 248 1725 ἡμέρας
294 1654 389 1707 καὶ
408 1653 557 1724 τρεῖς
590 1649 811 1713 νύκτας,
842 1651 937 1703 καὶ
962 1650 1136 1711 οὕτως
1176 1650 1329 1717 μόλις
1350 1648 1609 1720 διεσώθη.

1713 470 1931 525 doceret
1960 479 2015 525 et
2056 471 2368 542 cognitione
2403 473 2493 528 Dei
2517 473 2808 541 imbueret,
2838 476 3085 545 sequitur
3134 480 3281 546 quod

1712 560 1935 629 angelus
1974 562 2091 630 ipse
2144 571 2263 617 erat
2306 563 2580 631 apostolus
2618 564 2712 620 Dei
2751 564 2818 621 ad
2847 566 3101 635 populum
3127 576 3183 621 et
3210 570 3278 621 ad

1710 649 2111 719 Mahumedem,
2136 667 2201 708 ac
2227 653 2454 723 proinde
2481 654 2896 711 Muhammedes
2917 656 3020 712 fuit
3051 658 3277 711 mendax

1710 750 1764 797 et
1791 744 2065 798 seductor.
2120 743 2188 799 Et
2212 745 2469 813 quoniam
2535 745 2686 801 illum
2723 747 3047 817 prophetam
3094 762 3277 811 vocas,

1710 834 1933 888 ostende
1971 833 2103 887 mihi
2137 835 2267 903 quid
2292 835 2365 890 sit
2393 836 2742 903 vaticinatus,
2767 853 2876 908 quo
2900 847 2956 894 et
2986 839 3131 909 quali
3158 854 3280 894 ser—

1712 937 1873 978 mone
1914 924 2130 978 oracula
2173 940 2273 980 sua
2328 925 2486 994 fudit,
2518 928 2646 998 quid
2704 929 3026 997 imperavit,
3064 940 3120 986 et
3171 946 3280 1001 quo

1711 1014 1865 1083 signo
1896 1023 1950 1069 et
1979 1014 2241 1070 miraculo
2266 1030 2327 1071 se
2355 1020 2777 1074 commendavit.
2800 1020 3003 1076 Omnes
3037 1022 3182 1076 enim
3215 1022 3282 1075 li-

1710 1104 1839 1161 bros
1869 1114 1988 1161 tuos
2009 1106 2130 1162 novi
2156 1115 2211 1161 et
2240 1108 2440 1163 evolvi.
2472 1108 2530 1164 Si
2584 1109 2687 1165 fuit
2739 1113 3023 1181 propheta,
3050 1122 3110 1167 ut
3145 1112 3282 1169 dici-

1711 1195 1801 1257 tis.
1830 1209 1953 1250 cum
1987 1210 2053 1251 ex
2088 1211 2228 1267 equo
2247 1211 2475 1254 casurus
2499 1208 2618 1255 erat
2652 1202 2741 1256 cui
2774 1203 3061 1272 insidebat,
3092 1213 3148 1257 et
3199 1202 3283 1257 ef-

1712 1283 1886 1340 fracto
1913 1286 2189 1356 scissoque
2206 1287 2375 1344 latere
2399 1303 2522 1344 cum
2545 1292 2735 1347 dentes
2763 1292 3073 1361 superiores
3110 1301 3169 1348 et
3192 1293 3281 1346 in-

1712 1375 1943 1434 feriores
1975 1378 2069 1432 tali
2098 1394 2224 1435 casu
2258 1388 2315 1435 et
2343 1382 2497 1435 ruina
2525 1391 2706 1437 essent
2733 1385 3046 1439 conterendi
3081 1393 3138 1438 et
3190 1398 3283 1439 ca-

1711 1468 1848 1533 suri,
1870 1482 2037 1537 quare
2067 1470 2170 1525 hoc
2200 1485 2305 1526 non
2341 1472 2588 1541 praevidit
2606 1481 2661 1527 et
2690 1473 3017 1529 vaticinatus
3036 1482 3140 1531 est.
3174 1473 3285 1529 lte-

1711 1574 1830 1613 rum
1870 1561 1916 1613 si
1964 1561 2226 1629 propheta
2269 1562 2389 1628 fuit,
2441 1578 2566 1619 cum
2603 1564 2804 1619 bellum
2842 1575 2989 1621 esset
3047 1567 3283 1621 initurus

1711 1665 1833 1705 cum
1859 1650 2130 1718 Chabara,
2148 1661 2202 1708 et
2224 1654 2293 1708 ah
2319 1654 2426 1710 isto
2448 1655 2800 1712 debellandus
2814 1665 2871 1712 et
2894 1656 3280 1727 profligandus,

20 1745 141 1799 Καὶ
165 1746 232 1798 σὺ
257 1745 365 1797 ἀπὸ
390 1742 592 1810 πολλῆς
616 1759 709 1793 σου
738 1741 1002 1811 αἰσχύνης
1032 1740 1231 1807 λέγεις,
1262 1740 1345 1793 ὅτι
1380 1739 1609 1808 ἄγγελος

1792 1742 1997 1812 ιηίοίιιιε
2028 1743 2174 1799 illius
2219 1752 2400 1801 castra
2459 1754 2651 1802 essent
2704 1749 3085 1819 expugnanda,
3112 1763 3285 1818 quare

24 1837 176 1906 μετὰ
210 1836 472 1906 ἀράχνης,
502 1833 600 1903 τὴν
643 1832 813 1903 θύραν
840 1831 932 1884 τοῦ
966 1832 1233 1901 σπηλαίου
1275 1830 1605 1893 ὲσκέπασεν,

20 1929 123 1981 καὶ
152 1921 294 1979 εἶδον
322 1926 372 1977 οἱ
400 1924 778 1994 ψηλαφῶντες,
808 1923 905 1977 καὶ
939 1919 1114 1988 εἷπον,
1153 1923 1229 1993 μὴ
1260 1919 1402 1975 εἶναι
1439 1922 1498 1975 έν
1528 1921 1607 1991 τῷ

22 2017 286 2089 σπηλαίῳ
303 2016 444 2081 τινά,
469 2015 557 2068 διὰ
584 2015 646 2067 τὸ
676 2010 816 2068 εἶναι
843 2015 942 2084 τὴν
967 2015 1231 2085 ἀράχνην.
1258 2014 1367 2067 Καὶ
1386 2012 1504 2074 πῶς
1541 2014 1604 2066 οὐ

21 2111 465 2179 προεφήτευσεν,
493 2106 568 2169 ὡς
600 2107 661 2158 ού
690 2104 916 2177 ζήσεται
945 2122 1031 2168 τις
1075 2107 1141 2158 ὲκ
1170 2105 1280 2157 τῶν
1323 2103 1608 2174 τεσσάρων

23 2199 242 2270 τεχνῶν
287 2195 451 2251 αὑτοῦ
471 2237 487 2259 ,
514 2196 614 2249 καὶ
651 2196 751 2250 οὐκ
781 2191 938 2248 εἶπεν
976 2194 1053 2266 τῷ
1083 2194 1198 2266 λαῷ
1223 2194 1295 2249 τὰ
1335 2195 1465 2265 περὶ
1506 2197 1608 2265 τῆς

22 2286 214 2354 φυγῆς
237 2284 401 2338 αὐτοῦ
430 2284 523 2337 καὶ
550 2285 665 2346 τοῖς
707 2283 895 2346 ἵπποις
918 2300 935 2349 ;

23 2378 287 2431 dixerunt
333 2376 599 2432 neminem
640 2377 692 2431 in
750 2377 1005 2445 spelunca
1050 2376 1286 2443 latitare,
1344 2393 1466 2434 cum
1526 2392 1591 2433 os

1712 1834 1816 1889 hoc
1845 1848 1953 1889 non
1977 1836 2244 1904 praevidit.
2277 1837 2390 1893 lmo
2410 1837 2581 1893 victus
2607 1851 2665 1892 et
2715 1838 2929 1909 fugiens
2980 1840 3037 1893 in
3088 1854 3282 1894 caver-

1712 1941 1839 1980 nam
1874 1940 1933 1983 se
1960 1927 2165 1996 recepit
2184 1929 2277 1983 ubi
2327 1945 2425 2000 per
2486 1939 2600 1986 tres
2632 1929 2750 1986 dies
2781 1940 2836 1985 et
2863 1942 2974 1985 tres
2999 1940 3189 1987 noctes
3213 1930 3285 1983 la-

1713 2015 1878 2069 titans
1930 2016 2021 2069 vix
2078 2017 2297 2073 tandem
2354 2019 2534 2075 salvus
2586 2022 2780 2076 evasit.
2831 2020 2898 2074 Et
2938 2030 2993 2074 tu
3032 2033 3133 2089 pro
3192 2031 3284 2075 tuo

1711 2120 1925 2161 summo
1945 2109 2175 2178 [pudore
2209 2126 2405 2167 narras
2449 2118 2592 2181 quod
2643 2113 2867 2183 angelus
2913 2128 2975 2169 os
3038 2128 3286 2169 cavernae

1709 2196 1973 2252 velaverit
2013 2199 2169 2270 longa
2226 2217 2444 2258 aranea:
2475 2204 2595 2259 telae
2646 2212 2886 2269 textura,
2937 2220 3100 2274 quam
3158 2219 3283 2259 cum

1709 2287 2220 2347 animadvertissent
2271 2294 2364 2364 qui
2417 2294 2565 2349 illum
2617 2296 2902 2365 diligenter
2950 2296 3283 2364 quazrebant,

1674 2383 1948 2451 speluncae
1989 2387 2284 2443 ohduceret
2368 2390 2555 2444 aranei
2593 2390 2721 2444 tela.
2757 2391 3037 2456 Quomodo
3063 2404 3167 2444 non
3201 2395 3287 2443 est

22 2469 381 2535 vaticinatus,
428 2469 634 2523 nullum
668 2483 734 2523 ex
758 2478 993 2538 quatuor
1045 2471 1171 2528 filiis
1198 2472 1315 2527 suis
1336 2471 1426 2527 diu
1450 2470 1603 2527 vitali
1642 2486 1774 2530 aura
1841 2475 2161 2546 fruiturum,
2196 2487 2254 2535 et
2290 2480 2489 2551 populo
2525 2491 2583 2537 et
2638 2482 2917 2553 equitibus
2960 2497 3065 2537 non
3092 2482 3285 2553 signﬂo

29 2558 188 2615 cavit
208 2574 325 2629 qua:
347 2558 668 2627 spectabant
692 2558 836 2614 illius
862 2558 1084 2630 fugam?

100 2650 217 2704 Καὶ
239 2650 353 2714 πῶς
368 2650 467 2703 οὐκ
490 2646 663 2715 εἶπεν,
678 2651 759 2705 ὅτι
783 2652 833 2704 οἱ
855 2652 1227 2723 Κωρασιῶται
1254 2652 1396 2724 μετὰ
1424 2654 1615 2725 καιρὸν

27 2741 321 2813 μέλλουσιν
348 2741 512 2795 αὑτὸν
542 2741 702 2813 δῆσαι
731 2742 789 2794 ὲν
816 2742 881 2812 τῇ
907 2742 1045 2814 οὺρᾷ
1064 2743 1166 2813 τῆς
1194 2743 1617 2815 μεμεθυσμένης

24 2833 306 2905 καμήλου,
360 2833 456 2887 καὶ
506 2832 695 2886 τοῦτον
748 2833 937 2897 κακῶς
989 2834 1407 2907 διαρῤἧξαιτην
1469 2837 1616 2908 ζωὴν

24 2926 245 2993 αὐτοῦ;
286 2927 396 2981 Καὶ
448 2926 547 2980 οὐκ
578 2925 688 2995 ἐγὼ
734 2925 909 2980 ταῦτα
951 2927 1165 2981 οἴκοθεν
1210 2928 1374 2997 λέγω,
1400 2928 1516 2981 ἀλλ’
1561 2927 1612 2981 οί

1792 2657 2076 2726 Quomodo
2134 2675 2242 2717 non
2300 2663 2550 2733 praedixit
2580 2664 2726 2734 quod
2768 2662 3104 2719 Chorasiota:
3162 2676 3287 2736 post

1720 2746 1937 2817 aliquod
2000 2753 2260 2821 temporis
2294 2754 2664 2823 intervallum,
2708 2756 2856 2811 illum
2888 2758 3096 2813 vincire
3123 2759 3287 2815 debe-

1720 2848 1841 2893 rent
1868 2840 1935 2894 ad
1978 2844 2205 2897 caudam
2258 2844 2537 2901 inebriatte
2568 2847 2694 2901 vino
2728 2847 3008 2917 myrrhato
3034 2852 3279 2915 camclte,

1717 2938 1773 2985 et
1800 2930 1943 2986 illius
1980 2932 2144 2986 vitam
2174 2943 2230 2987 et
2259 2935 2427 2990 latera
2483 2938 2715 3006 pessime
2748 2938 3010 3009 disrumpi
3053 2949 3110 2996 et
3175 2942 3287 2996 dif-

25 3016 291 3070 Χαλδαῖοι
317 3017 447 3086 περὶ⁸
474 3015 664 3069 τούτου
695 3007 1086 3087 μαρτυροῦσιν,
1127 3017 1177 3070 οι
1203 3016 1615 3088 παρατυχόντες

1792 3019 1879 3089 ngi
1906 3020 2123 3076 debere.
2150 3022 2216 3077 Et
2244 3024 2346 3080 hoc
2368 3040 2473 3079 non
2500 3027 2802 3083 domestico
2831 3038 2886 3085 et
2915 3007 3137 3101 proprio
3196 3040 3285 3086 te-

28 3107 381 3162 ἑκεῖσε.Καὶ
411 3108 574 3177 ἡμεῖς
620 3105 679 3159 δὲ
736 3105 893 3158 αὐτοὶ
956 3106 1382 3178 μεμαθήκαμεν.
1448 3106 1614 3160 Ἀλλὰ

28 3199 134 3253 καὶ
163 3202 476 3270 μαρτυρεῖς,
510 3198 584 3262 ὡς
615 3197 972 3267 ὲψευδόμεθα.
1011 3199 1073 3251 Εἰ
1093 3198 1151 3251 δὲ
1183 3199 1282 3269 μὴ,
1310 3198 1489 3263 δεῖξόν
1518 3216 1613 3270 μοι

27 3291 139 3363 τὴν
178 3292 514 3361 προφητείαν
550 3292 735 3357 αὑτοῦ,
771 3291 866 3344 καὶ
897 3288 1001 3342 ποῦ
1033 3290 1180 3342 ἔστιν
1207 3288 1567 3360 γεγραμμένη
1597 3304 1611 3318 ⁸

28 3383 171 3437 αὐτὸ
198 3383 307 3452 γὰρ
355 3384 412 3435 τὸ
444 3385 743 3455 Κουράνιόν
775 3400 869 3436 σου
905 3382 1168 3450 ἀνέγνων.
1201 3384 1316 3452 Οὐχ
1358 3376 1522 3453 εὗρον
1556 3383 1615 3435 ἐν

28 3472 187 3545 αὐτῷ
216 3477 751 3547 καταγεγραμμένην
796 3474 1135 3545 προφητείαν
1161 3473 1257 3527 τοῦ
1279 3473 1609 3543 Μουχάμετ,

27 3570 80 3621 εί
116 3568 193 3640 μὴ
221 3567 348 3639 περὶ
375 3567 469 3621 τοῦ
515 3568 688 3638 Ἀδάμ
713 3568 916 3639 μικράν
942 3585 1067 3621 τινα
1114 3566 1356 3635 ὁμιλίαν,
1383 3568 1481 3619 καὶ
1507 3566 1611 3637 τῆς

29 3660 208 3725 Εὔας,
269 3660 365 3714 καὶ
417 3660 509 3714 τοῦ
572 3662 678 3732 Σὴθ
704 3703 719 3727 ,
779 3662 875 3714 καὶ
922 3660 1013 3714 τοῦ
1085 3659 1353 3731 Ἀϐραάμ,
1406 3658 1615 3713 καὶτοῦ

39 3753 260 3815 Ἰσαὰκ,
290 3753 386 3807 καὶ
437 3753 532 3808 τοῦ
606 3752 819 3817 Ἰακὼϐ,
845 3752 942 3807 τοῦ
987 3752 1134 3816 Νῶε,
1185 3752 1280 3805 τοῦ
1345 3752 1490 3817 Λὼτ,
1521 3750 1615 3804 τοῦ

39 3846 231 3905 Ἰωνᾶ,
258 3843 350 3897 τοῦ
374 3846 676 3910 Μωῦσέως,
698 3845 794 3900 τοῦ
837 3844 1069 3915 Ἀαρὼν.
1114 3845 1291 3915 Ἰησοῦ
1319 3844 1412 3899 τοῦ
1432 3846 1613 3915 Ναυῆ,

26 3938 136 3992 τοῦ
160 3938 524 4009 Σολομῶντος,
548 3940 642 3993 τοῦ
672 3940 895 4010 Ἰωσὴφ,
916 3938 1011 3993 τοῦ
1049 3937 1242 4009 Ἑνὼχ,
1272 3938 1366 3991 τοῦ
1407 3938 1613 4004 Ἠλίου,

26 4027 136 4083 τοῦ
180 4027 459 4100 Ἰεζεκιὴλ,
491 4030 585 4083 τοῦ
614 4031 909 4101 Ζαχαρίου,
943 4029 1036 4082 τοῦ
1079 4029 1332 4083 Ἰωάννου
1351 4029 1445 4083 τοῦ
1479 4032 1619 4102 Προ-

25 4122 263 4192 δρόμου,
294 4122 388 4175 τοῦ
433 4122 607 4192 Ἰησοῦ
643 4122 905 4194 Χριστοῦ,
929 4122 1029 4191 τῆς
1064 4122 1225 4190 ἁγίας
1250 4123 1494 4193 Μαρίας,
1517 4123 1616 4191 τῆς

27 4211 207 4278 ἁγίας
245 4212 440 4281 ’Λννης
464 4212 564 4281 τῆς
594 4212 802 4281 μητρὸς
832 4214 1027 4281 αὐτῆς,
1055 4211 1151 4263 τοῦ
1198 4211 1477 4280 Ἰωακείμ,
1506 4212 1618 4265 τῶν

27 4302 219 4370 ἁγίων
268 4302 603 4369 ἀποστόλων,
641 4303 938 4374 ἐξαιρέτως
992 4303 1237 4374 Σίμωνος
1265 4304 1478 4373 Πέτρου
1520 4303 1616 4357 τοῦ

28 4396 187 4450 κατὰ
210 4394 307 4467 τὴν
334 4395 431 4466 σὴν
473 4396 719 4464 γλῶτταν
751 4396 989 4467 Σεμεοῦν
1015 4398 1192 4466 Σαφᾶ.
1226 4391 1399 4467 Εὗρον
1428 4393 1522 4450 οὖν
1556 4396 1617 4450 τὸ
1650 4374 1693 4429 D

29 4486 345 4556 Κουράνιόν
374 4505 467 4539 σου
487 4487 772 4559 ἀληθεύειν
795 4489 889 4542 καὶ
925 4489 1277 4558 ψευδόμενον.
1307 4489 1415 4542 Καὶ
1440 4491 1472 4561 ή
1516 4490 1617 4560 μὲν

30 4576 293 4647 ἀλήθεια,
327 4579 436 4631 ἀπὸ
455 4580 548 4647 τῆς
578 4580 926 4643 διδασκαλίας
955 4580 1049 4633 τοῦ
1100 4582 1332 4652 Παχυρᾶ
1368 4580 1506 4651 πρὸς
1526 4582 1618 4634 τὸν

29 4668 360 4737 Μουχάμετ.
415 4668 489 4721 Τὸ
534 4669 592 4722 δὲ
632 4669 830 4739 ψεῦδος
893 4670 1001 4724 ἀπὸ
1062 4671 1163 4738 τῆς
1230 4671 1448 4741 γραφῆς
1523 4669 1618 4723 τοῦ

46 4758 320 4828 Ὄθμὰνη.
359 4758 453 4811 Ἐκ
480 4759 685 4812 τούτων
715 4756 811 4813 οὖν
850 4758 1215 4829 γινώσκομεν,
1249 4760 1332 4813 ὅτι
1361 4761 1395 4830 ή
1428 4761 1615 4830 γραφή

34 4867 141 4905 σου
173 4850 273 4905 οὐκ
296 4850 555 4921 ἐπέμφθη
584 4852 649 4903 ὲκ
696 4851 791 4905 τοῦ
830 4852 1084 4923 ούρανοῦ,
1115 4853 1202 4907 διὰ
1253 4852 1314 4906 τὸ
1350 4853 1481 4905 ποτὲ
1516 4852 1617 4923 μὲν

34 4942 353 5012 ἀληθεύειν,
384 4942 515 4995 ποτὲ
552 4942 608 4996 δὲ
634 4942 947 5012 ψεύδεσθαι.
975 4944 1086 4999 Καὶ
1114 4944 1221 4997 ἀπδ
1274 4946 1483 4998 τούτων
1512 4946 1621 5000 τῶν

38 5034 294 5105 σημείων
346 5033 872 5106 πληροφορούμεθα,
920 5037 1002 5090 δτι
1050 5035 1176 5090 οὔτε
1227 5038 1517 5108 προφήτης
1555 5034 1624 5109 ἦν

34 5124 175 5180 οὔτε
202 5123 517 5187 ἀπόστολος.
553 5124 747 5189 Ἀλλος
778 5128 927 5179 ἐστὶν
966 5127 1289 5191 ἀπόστολος,
1321 5130 1416 5182 καὶ
1463 5129 1627 5190 ἄλλος

35 5218 358 5290 προφήτης.
397 5218 520 5282 [Ιῶς
570 5217 701 5287 γοῦν
755 5220 904 5273 ἐστιν
956 5222 985 5273 ό
1040 5221 1135 5284 σὸς
1188 5222 1489 5290 Μουχάμετ
1533 5221 1627 5273 καὶ

39 5310 362 5379 προφήτης,
383 5307 476 5359 καὶ
505 5308 804 5372 ἀπόστολος
825 5327 839 5375 ;
867 5310 1038 5363 Ὅταν
1063 5310 1173 5364 ἀπὸ
1202 5310 1520 5373 Βαϐυλῶνός
1543 5326 1628 5372 τις

41 5404 271 5474 ἔρχεται
332 5399 469 5469 πρὸς
518 5400 611 5454 τὸν
683 5400 984 5453 Σουλτανδν
1019 5400 1097 5464 ὡς
1149 5401 1623 5471 γραμματοφόρον

42 5493 214 5548 αὐτὸν
241 5490 583 5554 καλέσουσιν,
626 5491 658 5561 ἢ
687 5492 1009 5562 προφήτηνς
1075 5492 1205 5544 Ὅτε
1228 5491 1284 5543 δὲ
1306 5490 1522 5544 ἵσταταί
1542 5506 1628 5554 τις

44 5588 104 5637 ὲν
142 5582 293 5655 μέσῳ
327 5581 487 5653 ὄχλου
520 5582 742 5648 πολλοῦ,
768 5583 862 5636 καὶ
893 5582 1230 5653 προφητεύει
1264 5583 1359 5635 καὶ
1397 5581 1629 5635 δεικνύει

47 5680 257 5749 σημεῖα
305 5676 401 5733 καὶ
445 5676 669 5748 τέρατα,
695 5676 748 5729 τί
807 5675 1086 5748 ὲροῦμεν;
1126 5675 1232 5731 Ἴδε
1263 5674 1363 5747 τὴν
1413 5690 1628 5745 προφηο

1715 3108 1971 3165 stimonio
1996 3110 2203 3167 aﬂirmo
2233 3132 2248 3180 ;
2282 3116 2375 3170 sed
2411 3116 2513 3186 ipsi
2564 3117 2800 3175 Chaldaei
2849 3120 2938 3189 qui
2994 3122 3105 3177 illic
3128 3131 3287 3179 erant

1715 3198 1820 3254 hoc
1844 3200 1910 3255 de
1938 3201 2029 3257 illo
2051 3204 2430 3269 testificantur,
2455 3216 2510 3262 et
2533 3223 2629 3263 nos
2679 3209 2777 3280 ipsi
2835 3210 3143 3267 didicimus.
3179 3210 3286 3269 Sed

1716 3302 1929 3345 asseres
1960 3307 2057 3347 nos
2095 3296 2312 3347 mentiri
2348 3312 2363 3350 :
2392 3298 2485 3351 sed
2514 3298 2558 3351 si
2594 3313 2701 3353 non
2736 3314 2865 3354 vera
2902 3300 3161 3368 dicimus,
3194 3318 3289 3357 os-

1719 3378 1879 3432 tende
1912 3381 2070 3435 nohis
2102 3381 2244 3438 illius
2270 3368 2631 3454 prophetiam,
2662 3397 2717 3444 et
2752 3390 2841 3445 dic
2870 3392 3026 3446 nobis
3056 3393 3145 3447 uhi
3175 3394 3289 3448 sint

1716 3471 1915 3538 scripta
1948 3472 2092 3529 illius
2122 3475 2400 3530 vaticinia.
2437 3476 2612 3533 Tuum
2649 3482 2794 3535 enim
2828 3482 3102 3538 Coranum
3160 3485 3287 3557 legi,

1718 3570 1771 3617 et
1800 3562 1997 3617 nullam
2036 3565 2089 3619 in
2128 3566 2217 3621 illo
2246 3567 2425 3623 inveni
2478 3570 2869 3630 Muhammedis
2926 3578 3287 3646 prophetiam,

1716 3655 1809 3708 sed
1843 3666 2050 3710 tantum
2081 3657 2274 3714 breves
2299 3662 2560 3729 quasdam
2619 3665 2872 3721 homilias
2925 3678 2979 3722 et
3008 3683 3291 3727 sermones

1717 3743 1782 3797 de
1797 3744 2105 3810 Adamo,'de
2126 3748 2259 3815 Eva,
2277 3752 2343 3805 de
2365 3750 2521 3817 Setlt,
2546 3753 2615 3809 de
2633 3755 2965 3823 Abrahamo,
2990 3760 3055 3814 de
3082 3760 3287 3825 lsaaco,

1719 3836 1785 3891 de
1815 3835 2037 3905 Jacoho,
2072 3842 2137 3895 de
2160 3841 2294 3907 Noe,
2348 3843 2417 3899 de
2474 3843 2598 3911 Lot,
2631 3848 2700 3903 de
2734 3846 2894 3915 Jona,
2928 3852 2994 3905 de
3023 3850 3190 3917 Mose,
3224 3856 3295 3909 de

1715 3928 1923 3995 Aaron,
1948 3931 2016 3986 de
2041 3928 2165 3987 Jesu
2188 3933 2297 3987 filio
2317 3932 2484 3999 Nave,
2515 3936 2582 3989 de
2605 3936 2918 4004 Salomone,
2942 3942 3007 3995 de
3026 3940 3290 4013 Josepho.

1718 4016 1787 4073 de
1824 4020 2066 4085 Euocho,
2100 4023 2166 4077 de
2197 4022 2334 4087 Elia,
2372 4023 2440 4077 de
2465 4024 2771 4089 Ezechiele,
2805 4029 2871 4082 de
2906 4029 3192 4095 Zacharia,
3225 4035 3293 4087 de

1717 4108 1929 4165 Joanne
1954 4111 2321 4179 Pratcursore,
2350 4116 2414 4170 de
2437 4115 2563 4170 Jesu
2588 4116 2833 4181 Christo,
2866 4120 2933 4173 de
2966 4129 3153 4175 sancta
3182 4122 3295 4177 Ma-

1720 4205 1821 4269 ria,
1864 4207 1929 4258 de
1956 4214 2142 4259 sancta
2190 4208 2345 4260 Anna
2373 4207 2518 4263 illius
2543 4219 2733 4274 matre,
2783 4210 2852 4265 de
2893 4210 3196 4280 Joachimo,
3224 4216 3294 4270 de

1719 4296 1922 4349 sanctis
1939 4296 2222 4364 apostolis,
2246 4298 2513 4367 praecipue
2534 4299 2600 4354 de
2623 4299 2845 4356 Simone
2866 4299 3047 4367 Petro,
3070 4305 3164 4372 qui
3193 4304 3295 4359 lin-

1720 4400 1824 4454 gua
1850 4395 1940 4439 tua
1966 4386 2165 4442 dicitur
2201 4386 2420 4443 Simeon
2458 4388 2664 4459 Sapha.
2702 4392 2884 4447 Inveni
2923 4393 3089 4448 etiam
3143 4403 3294 4449 tuum

1722 4475 1993 4531 Coranum
2020 4494 2147 4533 vera
2179 4488 2237 4535 et
2281 4478 2413 4535 falsa
2462 4482 2663 4536 dicere.
2699 4482 2917 4540 Veritas
2967 4496 3086 4541 orta
3115 4498 3199 4543 est
3226 4503 3297 4543 ex

1721 4570 1965 4625 doctrina
1989 4587 2149 4640 quam
2182 4572 2468 4628 Multatned
2498 4574 2686 4629 habuit
2710 4590 2741 4629 a
2774 4575 3048 4646 Pachura,
3074 4582 3296 4635 menda-

1723 4664 1866 4717 cium
1905 4678 2036 4719 vero
2060 4672 2115 4719 et
2142 4664 2353 4720 falsitas
2388 4664 2547 4720 ﬂuxit
2569 4681 2635 4721 ex
2664 4670 2883 4735 scriptis
2906 4670 3181 4727 Othmani.
3219 4672 3297 4726 Ex

1722 4757 1918 4825 quibus
1944 4756 2320 4824 cognoscimus
2380 4758 2573 4814 liltrum
2602 4768 2753 4816 tuum
2788 4776 2853 4817 ex
2903 4765 3041 4817 cado
3072 4764 3295 4817 missum

1724 4860 1829 4900 non
1882 4845 2070 4911 fuisse,
2096 4848 2223 4915 quia
2254 4848 2549 4917 aliquando
2581 4852 2862 4906 veritatem
2899 4852 3100 4922 profert
3126 4862 3179 4905 et
3199 4852 3297 4904 ali-

1725 4937 1943 5004 quando
1990 4937 2291 4993 mendacia.
2338 4939 2408 4993 Et
2438 4938 2543 4996 ista
2573 4950 2895 5011 argumenta
2931 4955 3028 4994 nos
3075 4955 3299 5007 prorsus

1724 5031 2052 5098 persuadent
2075 5029 2507 5089 Multatnmedem
2540 5047 2639 5088 nec
2669 5034 2991 5101 apostolum,
3012 5048 3111 5088 nec
3134 5034 3303 5089 fuisse

1726 5121 2067 5187 prophetam.
2117 5122 2268 5177 Alius
2303 5134 2388 5178 est
2414 5125 2557 5178 enim
2588 5124 2870 5193 propheta,
2912 5123 3052 5177 alius
3080 5133 3302 5192 aposto«

1725 5212 1828 5266 lus.
1856 5212 2135 5278 Quomodo
2160 5228 2289 5285 ergo
2328 5224 2454 5269 tuus
2484 5216 2822 5269 Multammed
2854 5224 2999 5269 esset
3037 5217 3300 5283 propheta

1726 5314 1782 5357 ct
1809 5304 2108 5374 apostolus.
2135 5304 2268 5359 Cum
2326 5305 2522 5375 aliquis
2550 5304 2820 5374 Babylone
2847 5307 2996 5360 venit
3024 5308 3089 5359 ad
3121 5307 3299 5361 Sulla-

1729 5412 1856 5450 num
1911 5411 2033 5451 cum
2079 5396 2296 5463 litteris,
2318 5412 2385 5449 an
2426 5397 2573 5450 illum
2621 5396 2961 5451 tabellarium
2989 5407 3186 5452 vocant
3230 5413 3300 5455 an

1730 5486 2083 5558 prepltetam?
2104 5487 2237 5541 Cum
2252 5502 2381 5543 vero
2405 5488 2599 5557 aliquis
2629 5496 2735 5542 stat
2753 5488 2945 5544 alicubi
2975 5504 3167 5560 magna
3196 5492 3301 5545 ho-

1734 5579 1936 5632 minum
1949 5577 2314 5635 circumdatus
2339 5586 2576 5645 caterva,
2595 5588 2650 5633 et
2680 5580 3023 5647 vaticinatur,
3053 5590 3109 5635 et
3147 5581 3302 5649 signa

1734 5677 1790 5723 et
1838 5668 2093 5725 miracula
2123 5680 2300 5740 palrat
2328 5678 2384 5727 ct
2411 5672 2669 5739 ostendit,
2700 5673 2829 5741 quid
2867 5672 3139 5732 dicimus?
3167 5670 3305 5730 Vide
