3978 6238
435 278 561 344 1391

1556 271 2118 333 BARTHOLOM/EI
2159 268 2529 329 EDESSENI

3531 257 3666 319 1302

432 392 771 464 prophetiam
800 382 1072 461 propheta:
1090 388 1247 457 hujus
1275 387 1354 441 vel
1377 385 1709 453 prophetiam
1726 382 1994 452 apostoli?

2111 381 2245 433 τεὶαν
2285 380 2380 432 τοῦ
2432 374 2710 448 προφήτου
2754 376 2945 429 τούτου
2987 375 3149 446 ἢτὴν
3181 374 3521 445 προφητείαν
3572 372 3667 425 τοῦ

431 484 681 540 Profecto
736 482 1006 552 apostolus
1050 481 1269 534 omnino
1326 479 1502 547 prodit
1554 490 1615 530 se
1670 473 1992 544 apostolum,

430 577 690 645 propheta
721 589 850 628 vero
881 588 948 627 ex
988 570 1267 640 pr0phetia
1298 584 1414 631 sua,
1439 568 1604 635 signis
1650 577 1703 619 et
1763 566 1993 618 miracu-

435 667 500 718 lis
549 678 607 718 se
672 663 1103 731 cognoscendum
1153 659 1467 730 praebet.Et
1522 672 1617 710 nos
1677 655 1834 708 talem
1898 667 1997 721 pro

433 756 691 822 propheta
725 752 1006 813 habemus,
1049 751 1138 819 qui
1173 749 1355 803 futura
1387 756 1571 801 narrat
1600 756 1657 799 ct
1702 743 1993 813 praeterita,

432 859 485 898 et
510 846 596 913 qui
638 845 807 913 signis
837 854 891 898 et
918 842 1194 897 miraculis
1223 855 1283 895 se
1305 839 1648 907 conspicuum
1680 837 1872 890 reddit.
1902 834 1994 887 llis

432 951 561 991 vero
618 937 794 991 simile
865 935 991 1004 quid
1041 949 1149 986 non
1211 936 1457 986 novimus
1494 932 1543 982 in
1597 928 1992 992 lllnhamniede,

433 1035 493 1078 ut
525 1026 801 1094 prophetat
822 1034 875 1077 et
923 1023 1151 1093 apostoli
1177 1020 1757 1089 nomineinsigniatur.
1785 1017 1839 1069 Si
1868 1032 1996 1072 vero

433 1126 488 1169 tu
522 1115 638 1183 ipse
674 1116 836 1177 nosti,
868 1115 1002 1168 velis
1033 1122 1088 1167 et
1119 1113 1257 1165 istud
1292 1111 1621 1180 significare,
1648 1109 1763 1175 ipse
1801 1108 1995 1174 quippe

431 1221 530 1276 ego
560 1222 671 1259 non
690 1208 833 1260 novi.
870 1207 924 1263 Si
974 1221 1099 1259 vero
1142 1214 1194 1257 tu
1228 1204 1391 1266 nosti,
1434 1202 1660 1254 ostende
1692 1199 1841 1263 mihi,
1907 1199 1992 1253 tibi

432 1308 486 1352 et
510 1298 560 1349 in
589 1313 694 1366 quo
724 1297 857 1351 libro
888 1296 1029 1350 istud
1058 1296 1319 1364 scriptum
1389 1292 1749 1345 contineatur.
1792 1287 1994 1342 Omnes

433 1385 635 1453 quippe
662 1386 828 1438 libros
851 1395 1059 1438 vestros
1092 1383 1302 1437 versavi
1338 1392 1391 1434 et
1420 1381 1611 1443 evolvi,
1646 1380 1742 1433 sed
1782 1378 1915 1431 nihil
1942 1379 1991 1430 in

432 1475 543 1529 illis
573 1476 701 1530 utile
756 1476 954 1539 inveni,
987 1476 1093 1529 imo
1134 1488 1351 1544 prorsus
1392 1473 1573 1525 omnia
1628 1469 1907 1524 cachinnis
1941 1478 1995 1523 et

434 1565 661 1619 ludibrio
683 1568 863 1635 digna.
896 1565 1172 1635 Pra-cipue
1203 1565 1252 1617 id
1278 1564 1427 1632 quod
1447 1562 1648 1615 dicitur
1676 1562 1727 1614 in
1753 1560 1991 1622 Corano,

432 1652 1088 1710 Mahummedemscilicet
1110 1656 1380 1709 exstitisse
1399 1661 1521 1706 ante
1551 1652 1769 1707 saecula.
1790 1651 1856 1703 At
1874 1666 1995 1704 cum

2096 470 2413 524 ἀποστόλου.
2447 469 2669 529 Πάντως
2688 467 2717 518 0
2745 466 3041 527 ἀπόστολος
3072 463 3319 532 φαίνεται
3348 462 3669 524 ἀπόστολος.

2109 564 2166 617 ’0
2204 564 2259 615 δὲ
2313 564 2597 633 προφήτης
2633 563 2696 614 ἐκ
2738 560 2838 625 τῆς
2869 559 3202 630 προφητείας
3232 556 3397 610 αὐτοῦ
3427 557 3520 609 καὶ
3558 555 3673 608 τῶν

2100 655 2362 723 σημείων,
2400 655 2495 707 καὶ
2521 655 2628 706 τῶν
2651 654 2914 723 τεράτων.
2949 654 3058 705 Kal
3087 653 3249 720 ἡμεῖς
3280 651 3373 703 τὸν
3419 649 3670 701 τοιοῦτον

2099 747 2384 815 προφήτην
2433 744 2630 814 ἔχομεν
2677 745 2768 796 τὸν
2793 743 3019 811 λέγοντα
3052 744 3119 796 τὰ
3148 742 3428 812 μέλλοντα,
3449 742 3543 793 καὶ
3600 739 3670 791 τὰ

2097 836 2485 905 προγεγονότα,
2520 837 2613 888 καὶ
2665 834 2978 888 δεικνύοντα
3028 836 3229 903 σημεῖα
3283 834 3379 885 καὶ
3430 832 3666 902 τέρατα,

2100 928 2196 994 ἀφ’
2219 922 2294 980 ὧν
2321 927 2421 980 οὐκ
2465 927 2708 996 ἔγνωμεν
2738 944 2788 979 τι
2819 928 2898 988 εἰς
2930 926 3020 978 τὸν
3055 926 3373 994 Μουχάμετ,
3405 923 3493 975 ἴνα
3530 940 3670 992 προ-

2099 1020 2277 1088 φήτην
2328 1019 2605 1088 καλοῖμεν,
2651 1018 2683 1087 ἢ
2745 1017 3061 1070 ἀπόστολον.
3107 1016 3167 1070 El
3212 1016 3314 1084 μὲν
3357 1015 3421 1067 σὺ
3478 1009 3666 1076 οἶδας,

2100 1112 2325 1180 φράσον.
2365 1110 2506 1179 Ἐγὼ
2550 1111 2607 1163 δέ
2663 1112 2762 1163 οὐκ
2806 1109 2963 1163 εἶδον.
3000 1109 3112 1161 Kal
3171 1109 3265 1160 ἐὰν
3297 1101 3463 1171 οἶδας,
3495 1105 3670 1169 δεῖξόν

2103 1219 2196 1287 μοι
2233 1201 2414 1267 τοῦτο,
2466 1202 2606 1268 ποῦ,
2646 1203 2741 1254 καὶ
2797 1203 2854 1256 ἐν
2904 1201 3042 1270 ποίῳ
3096 1198 3286 1269 βιϐλίῳ
3335 1199 3669 1266 γέγραπται.

2100 1289 2285 1343 Πάντα
2345 1290 2453 1360 γὰρ
2498 1290 2577 1343 τὰν
2626 1290 2866 1361 ὑμέτερα
2912 1288 3094 1357 βιϐλία
3133 1288 3369 1356 διῆλθον.
3413 1288 3519 1339 Kal
3571 1287 3675 1355 οὐχ

2100 1377 2416 1451 εῦρονοὺδέν
2436 1399 2486 1434 τι
2514 1383 2768 1452 χρηστὸν,
2787 1384 2834 1433 εἰ
2865 1381 2937 1450 μὴ
2968 1380 3035 1433 τὰ
3061 1380 3235 1432 πάντα
3259 1379 3493 1446 γέλωτος
3522 1376 3673 1443 ἀξια.

2113 1473 2457 1542 Ἐξαιρέτως,
2489 1474 2570 1525 ὅτι
2602 1473 2790 1541 λέγετε
2818 1475 2896 1535 εἰς
2925 1472 2985 1523 τὸ
3015 1471 3338 1543 Κουράνιον,
3361 1471 3442 1522 ὃτι
3473 1470 3500 1521 0
3527 1471 3678 1521 Μου-

2100 1567 2276 1636 χάμετ
2334 1565 2488 1635 ὑμῶν
2524 1566 2628 1634 πρὸ
2676 1566 2784 1617 τῶν
2842 1564 3352 1633 αιὶώνωνζὺπάρχει.
3383 1561 3494 1614 Kal
3544 1562 3678 1614 ὅταν

2102 1656 2383 1727 ἐρωτᾶσθε
2416 1656 2522 1709 ποῦ
2554 1658 2817 1726 ὑπῆρχεν,
2853 1656 3007 1723 φατὲ,
3034 1655 3116 1707 ὅτι
3149 1652 3457 1723 ἀναμεταξὺ
3502 1650 3679 1719 πηλοῦ

432 1761 463 1798 a
498 1746 655 1801 vobis
681 1748 941 1814 quatritur
978 1747 1195 1799 ubinam
1238 1746 1526 1809 existebat,
1554 1745 1890 1811 rcSpondetis
1936 1744 1997 1795 il-

2111 1748 2195 1800 ιαὶ
2225 1748 2413 1809 ὓδατος
2445 1747 2772 1816 ἐκέκρυπτο.
2798 1747 2893 1808 Τίς
2935 1745 3064 1813 γοῦν
3088 1745 3310 1813 ἀσεϐὴς,
3380 1742 3678 1811 Ἀγαρηνὲ,

433 1834 541 1889 lum
574 1838 715 1891 inter
750 1838 916 1891 lutum
954 1848 1008 1892 et
1037 1853 1229 1905 aquam
1257 1837 1582 1891 occultatum
1620 1835 1808 1889 fuisse.
1863 1834 1995 1900 Quis

433 1940 582 1993 vero,
617 1943 652 1981 o
684 1930 951 1998 Agarene.
980 1939 1071 1983 est
1101 1930 1295 1996 impius
1353 1936 1408 1981 tu
1461 1940 1552 1981 aut
1603 1929 1742 1995 ego?
1773 1928 1999 1982 Ubinam

433 2017 667 2071 didicisti
717 2030 844 2072 ante
868 2019 1121 2073 sa‘cnlum
1150 2034 1340 2085 aquam
1375 2020 1557 2081 fuisse,
1588 2030 1679 2073 aut
1712 2020 1877 2074 lutum
1909 2036 2001 2074 ex-

433 2104 675 2157 stitisse?
704 2103 910 2158 Rursus
934 2121 1102 2173 quare
1156 2123 1261 2159 non
1323 2108 1599 2161 erubescis
1634 2125 1754 2163 cum
1800 2112 1998 2164 asseris

435 2195 578 2250 circa
617 2196 866 2251 thronum
903 2196 994 2251 Dei
1028 2198 1287 2267 scriptum
1326 2198 1494 2254 fuisse
1524 2214 1721 2254 nomen
1751 2200 1996 2254 Multam—

436 2289 630 2343 medis.
657 2287 763 2343 Sed
783 2290 870 2343 ubi
902 2298 1019 2343 erat
1045 2290 1551 2354 tunsMuhammed,
1582 2306 1703 2345 eum
1742 2292 1880 2346 Dens
1913 2308 1997 2347 es-

434 2386 535 2441 set,
574 2390 692 2433 erat
737 2388 795 2432 et
838 2380 1064 2434 thronos
1109 2379 1247 2448 ejus.
1288 2378 1541 2433 Thronus
1596 2396 1721 2435 vero
1774 2382 1866 2435 Dei
1915 2394 1999 2436 est

436 2469 629 2525 (mlum
674 2480 733 2524 et
766 2479 929 2535 terra,
957 2484 1149 2525 nomen
1178 2486 1305 2524 vero
1337 2470 1731 2527 Muhammedis
1759 2473 2000 2527 continet

2102 1839 2187 1900 σὺ,
2219 1838 2250 1907 ἢ
2284 1836 2392 1905 ἐγώ
2415 1853 2429 1902 ;
2456 1839 2565 1907 Πρὸ
2590 1837 2800 1890 αἰώνων
2839 1836 2941 1889 ποῦ
2978 1836 3179 1907 ἔμαθες
3224 1833 3472 1903 πηλόν,ἢ
3533 1834 3683 1903 ὕδωρ

2101 1927 2271 1994 εἶναι;
2304 1930 2475 1982 Πάλιν
2501 1929 2556 1981 δὲ
2586 1929 2703 1991 πῶς
2730 1930 2828 1981 οὐκ
2862 1930 3138 1998 ἐρυθριᾷς,
3172 1928 3347 1995 λέγων
3369 1927 3450 1978 ὅτι
3474 1926 3683 1994 γέγρα-

2103 2038 2233 2073 πται
2257 2020 2503 2091 γύρωθεν
2546 2020 2639 2073 τοῦ
2677 2021 2865 2089 θρόνου
2906 2020 2963 2072 τὸ
2990 2020 3159 2088 ὄνομα
3205 2018 3298 2070 τοῦ
3357 2018 3682 2086 Μουχάμετ.

2108 2112 2217 2163 Kal
2243 2111 2344 2164 ποῦ
2376 2107 2442 2182 ἦν
2469 2114 2496 2165 0
2532 2113 2850 2181 Μουχάμετ,
2883 2114 3011 2164 ὅταν
3051 2113 3079 2164 0
3118 2110 3270 2172 Θεὸς,
3306 2110 3401 2161 καὶ
3430 2111 3457 2160 0
3488 2108 3687 2178 θρόνος

2097 2202 2265 2255 αὑτοῦ
2315 2198 2383 2273 ἦν
2420 2221 2434 2269 ;
2472 2204 2530 2257 Ὁ
2566 2204 2751 2273 θρόνος
2804 2203 2897 2255 τοῦ
2942 2202 3076 2255 Θεοῦ
3131 2205 3159 2256 ὁ
3210 2203 3458 2272 οὕρανὸς,
3506 2202 3539 2271 ἡ
3586 2200 3683 2267 γῆ,

2098 2296 2192 2346 καὶ
2221 2296 2279 2347 :0
2307 2296 2479 2363 ὄνομα
2502 2296 2593 2348 τοῦ
2625 2298 2923 2366 Μουχάμετ
2973 2295 3331 2364 τρισύλλαϐόν
3377 2296 3512 2346 ἐστι.
3565 2292 3681 2344 Καὶ

2105 2384 2222 2445 πῶς
2254 2384 2501 2455 γύρωθεν
2551 2388 3001 2457 καταγέγραπται
3028 2384 3121 2437 τοῦ
3156 2385 3345 2455 θρόνου
3381 2381 3476 2436 τοῦ
3507 2380 3643 2434 Θεοῦ
3669 2396 3684 2444 ς

2116 2476 2480 2552 Περιεγράιζιω
2508 2478 2585 2549 τῷ
2607 2478 2760 2548 Θεῴς
2795 2478 2929 2531 ἀλλὰ
2969 2477 3330 2547 πεπλάνησαι.

437 2573 645 2617 tantum
703 2573 812 2619 tres
846 2564 1098 2635 syllabas.
1131 2566 1411 2631 Quomodo
1456 2560 1583 2634 ergo
1606 2566 1751 2621 circa
1811 2568 2222 2637 amplitudinem
2291 2572 2449 2627 istius
2521 2573 2701 2627 throni
2762 2570 3136 2627 circumscribi
3167 2576 3483 2639 potuerunt.
3518 2566 3683 2620 Dicrs

438 2654 549 2710 Deo
577 2656 1021 2725 circumscriptas
1041 2654 1229 2723 fuisse,
1265 2658 1358 2711 sed
1384 2656 1609 2711 falleris.

507 2750 707 2804 lterum
742 2751 876 2806 dicis
903 2751 1044 2818 quod
1068 2749 1415 2805 Muhammed
1466 2766 1629 2806 unum
1680 2766 1835 2805 suum
1881 2767 2004 2820 pro-

439 2839 621 2894 fanum
672 2843 857 2911 pedem
922 2841 1351 2912 Hierosolymam
1381 2856 1549 2910 usque
1570 2843 1898 2910 extenderit,
1930 2844 2008 2898 al-

441 2944 556 2985 tero
587 2946 715 2984 vero
736 2947 856 2986 cum
890 2932 1159 2987 sandaliis
1207 2932 1360 3000 ipsis,
1388 2931 1681 2984 calcaverit
1704 2931 1870 2986 ctelos
1901 2933 2015 2985 Deo

2182 2756 2292 2810 Kal
2326 2756 2488 2811 πάλιν
2518 2756 2718 2826 λέγεις,
2746 2759 2828 2811 ὅτι
2887 2758 2916 2810 0
2965 2757 3264 2829 Μουχάμετ
3318 2754 3541 2824 ἥπλωσε
3594 2752 3690 2805 τὸν

2111 2847 2208 2900 ἕνα
2239 2847 2465 2917 βέϐηλον
2512 2850 2652 2908 πόδα
2700 2848 2866 2901 αὑτοῦ
2891 2851 2948 2902 ἐν
2990 2852 3103 2911 τοῖς
3142 2844 3558 2917 Ἰεροσολύμοις.
3590 2843 3691 2895 καὶ

2114 2939 2204 2990 τὸν
2242 2939 2426 3009 ἕτερον
2480 2940 2615 2992 πόδα
2640 2939 2869 3006 ἀνῆλθεν
2913 2939 3007 2992 τοῦ
3038 2938 3271 3009 οὐρανοῦ
3308 2937 3540 3006 πλησίον
3588 2934 3685 2988 τοῦ

440 3024 732 3088 proximus,
763 3032 817 3075 et
839 3029 947 3075 tant
982 3023 1258 3091 proximus
1297 3024 1361 3075 ad
1393 3022 1532 3075 latus
1574 3020 1806 3087 sederet,
1849 3037 2004 3089 quam

2113 3031 2249 3083 Θεοῦ
2282 3034 2377 3085 σὺν
2405 3034 2515 3094 τοῖς
2552 3032 2859 3094 σανδαλίοις
2898 3031 3086 3086 αὑτοῦ.
3132 3030 3239 3083 Kal
3262 3028 3515 3083 τοσοῦτον
3546 3027 3690 3096 πλη-

440 3113 742 3178 proxitnum
775 3120 858 3167 est
884 3112 1175 3179 supercilio
1199 3111 1572 3179 supercilium,
1605 3126 1727 3165 cum
1783 3110 1890 3165 Deo
1942 3111 2007 3164 li-

444 3206 572 3257 bere
635 3212 1070 3268 conversaretur,
1138 3204 1413 3271 Deumque
1481 3204 1814 3271 cognoverit,
1867 3203 2009 3257 sicut

447 3294 584 3350 Deus
609 3297 757 3350 illum
783 3297 1069 3365 cognovit;
1100 3294 1203 3349 hoc
1234 3295 1375 3348 enim
1406 3294 1505 3363 legi
1529 3296 1579 3346 in
1600 3295 1864 3348 Mcorano
1897 3303 2004 3347 tuo.

439 3385 573 3441 Cum
605 3401 734 3456 ergo
768 3387 898 3441 tales
950 3387 1165 3455 ineptia:
1223 3387 1274 3438 in
1308 3397 1398 3438 tuo
1432 3385 1645 3439 Corano
1677 3386 2000 3437 continean-

445 3491 552 3542 tur,
593 3480 860 3546 quomodn
893 3490 1044 3548 potes
1071 3493 1318 3531 asserere
1371 3478 1517 3530 illuni
1542 3492 1572 3529 e
1603 3477 1738 3531 cmlo
1785 3478 2007 3531 missum

442 3580 499 3624 et
531 3569 808 3638 delapsum
835 3569 1022 3625 fuisse.
1058 3570 1160 3623 Sed
1193 3569 1235 3622 si
1275 3569 1492 3637 jactetis
1522 3569 1947 3622 Mnhammedem
1979 3584 2010 3622 ο

446 3664 586 3718 εαξιο
616 3663 960 3718 descendisse
984 3674 1267 3731 postquam
1292 3676 1411 3714 cum
1452 3660 1558 3713 Deo
1591 3659 1779 3714 inisset
1827 3658 2010 3711 confa-

447 3755 680 3818 bulatus,
707 3763 762 3806 et
794 3754 966 3807 adhuc
1008 3753 1302 3806 ferventem
1345 3763 1399 3805 et
1447 3753 1672 3805 calidam
1735 3753 2009 3805 ἰυγθιιίεςο

444 3859 597 3899 suam
652 3844 971 3912 stragulam,
1041 3861 1067 3895 a
1127 3858 1211 3896 me
1253 3859 1379 3897 vero
1423 3844 1731 3896 Christiano
1791 3852 2011 3911 regatns

445 3948 604 4002 quem
629 3933 784 3988 istius
841 3933 1034 4002 negotii
1080 3944 1271 3987 testem
1321 3933 1617 3998 producere
1661 3942 1830 3999 potes,
1867 3933 2012 3986 ilices

444 4026 614 4080 solam
643 4024 943 4079 Phatimam
974 4023 1364 4078 Mtthammedis
1413 4024 1574 4077 tiliam
1608 4024 1709 4076 hoc
1768 4023 2010 4076 testimo-

448 4122 535 4174 nio
560 4135 657 4175 suo
687 4119 1060 4187 comprobare.
1103 4117 1236 4170 Cum
1266 4133 1395 4170 vero
1447 4118 1584 4184 apud
1643 4131 1737 4170 vos
1812 4114 2009 4168 femina

448 4212 684 4282 legitime
738 4221 790 4263 et
835 4208 982 4275 jusle
1033 4208 1376 4260 matrimonio
1430 4208 1618 4277 juncta
1677 4206 2009 4269 declaratur,

450 4304 733 4358 duodecim
766 4303 938 4355 solt-nt
964 4301 1205 4354 adhiberi
1260 4311 1442 4363 teStes,
1471 4301 1556 4353 hic
1586 4309 1767 4352 autem
1806 4299 2010 4352 nullum

2112 3124 2223 3175 σίον
2254 3124 2347 3175 τοῦ
2378 3123 2511 3175 Θεοῦ
2545 3122 2818 3185 ἐκάθισεν,
2862 3124 2935 3184 ὼς
2967 3122 3073 3175 ἀπὸ
3120 3122 3339 3190 ὀφρύος,
3373 3122 3451 3180 εἰς
3490 3119 3687 3189 ὀφρύν.

2109 3215 2219 3267 Kal
2274 3218 2559 3285 συνέτυχεν
2602 3215 2679 3285 τῷ
2742 3214 2860 3284 Θεῷ
2923 3213 3535 3284 πεπαρῤησιασμένως,
3598 3212 3692 3262 καὶ

2111 3307 2376 3376 ἐγνώρισε
2406 3308 2496 3358 τὸν
2514 3308 2666 3367 Θεὸν,
2701 3307 2792 3358 καί
2817 3308 2844 3357 0
2865 3305 2997 3367 Θεὸς
3025 3305 3207 3365 αὑτὸν,
3239 3303 3419 3363 καθὼς
3444 3302 3692 3365 ἀνέγνων

2111 3398 2191 3460 εἰς
2216 3399 2275 3449 :0
2295 3397 2595 3467 Κουράνιόν
2626 3415 2738 3451 σου.
2768 3397 2889 3458 Πῶς
2932 3392 3023 3448 οὖν
3056 3395 3124 3446 τά
3169 3392 3393 3446 τοιαῦτα
3438 3392 3691 3461 φλυαρή-

2114 3506 2258 3558 ματα
2308 3488 2446 3558 ἔχων
2476 3489 2535 3541 ἐν
2579 3488 2656 3558 τῷ
2708 3487 2996 3557 Κουρανίῳ
3047 3503 3138 3538 σου
3168 3485 3308 3554 ἔχεις
3358 3484 3518 3537 αὐτὸν
3581 3482 3691 3535 ἀπὸ

2111 3581 2244 3632 Θεοῦ
2304 3581 2759 3651 ἀπεσταλμένους
2804 3579 2940 3631 ἀλλά
3004 3578 3097 3631 καὶ
3149 3577 3197 3628 ει
3242 3575 3545 3645 καυχᾶσθε,
3609 3576 3691 3627 ὅτι

2114 3672 2421 3739 κατῆλθενὸ
2458 3673 2754 3740 Μουχάμετ
2784 3671 2842 3733 ἐξ
2876 3668 3107 3739 οὐρανοῦ
3145 3671 3282 3739 μετὰ
3318 3668 3377 3720 τὸ
3407 3669 3692 3735 συντυχεῖν

2115 3761 2190 3830 τῷ
2216 3761 2355 3831 Θεῷ,
2386 3762 2481 3812 καὶ
2511 3755 2666 3831 εὗρεν
2691 3760 2770 3812 ἔτι
2802 3761 3029 3823 ζέουσαν
3050 3757 3147 3829 τὴν
3176 3756 3463 3827 στρωμνὴν
3498 3754 3689 3818 αὑτοῦ,

2114 3857 2208 3907 καὶ
2250 3853 2601 3924 ἐρωτώμενος
2625 3853 2754 3924 παρ’
2799 3853 2934 3923 ἐμοῦ
2985 3852 3077 3903 τοῦ
3132 3848 3481 3919 Χριστιανοῦ,
3536 3850 3690 3900 ποῖον

2115 3944 2257 4013 ἔχεις
2282 3945 2532 4014 μάρτυρα
2579 3943 2807 4005 τούτου,
2842 3945 2936 3996 καὶ
2982 3943 3183 4010 λέγεις,
3210 3943 3293 3994 ὅτι
3342 3942 3375 4010 ἡ
3432 3938 3687 4009 θυγάτηρ

2118 4037 2251 4106 μόνη
2284 4036 2375 4089 τοῦ
2402 4037 2698 4107 Μουχάμετ
2746 4038 2778 4105 ἡ
2825 4036 3017 4103 Φάτμα
3078 4035 3365 4104 μαρτυρεῖ.
3400 4033 3510 4084 Kal
3559 4034 3690 4085 ὅταν

2119 4127 2215 4195 μὲν
2250 4127 2473 4196 γένηται
2504 4126 2562 4191 ἐξ
2585 4128 2737 4196 ὑμῶν
2767 4130 3001 4194 γυναῖκα
3044 4125 3277 4193 νόμιμον
3330 4124 3512 4192 φέρεις
3551 4125 3692 4192 μάρ-

2113 4233 2279 4285 τυρας
2308 4216 2391 4284 ιβ’.
2426 4218 2538 4269 Kal
2566 4218 2694 4287 περὶ
2723 4216 2815 4268 τοῦ
2841 4216 3136 4283 Μουχὰμετ
3166 4212 3513 4282 σῦδέναὲχεις
3545 4215 3683 4285 μάρ-

2114 4322 2274 4373 τυρα,
2303 4307 2351 4356 εξ
2394 4305 2467 4374 μὴ
2501 4306 2597 4374 τὴν
2630 4303 2907 4374 θυγχτέρα
2938 4304 3104 4356 αὑτοῦ
3141 4305 3330 4374 μόνην.
3372 4303 3523 4355 Ἐπεὶ
3560 4302 3691 4370 γοῦν

450 4393 699 4461 producis
741 4392 1075 4450 testem.scd
1136 4400 1344 4445 tantum
1399 4393 1565 4444 solam
1620 4389 2004 4444 lllubatnmedi:

2120 4372 2286 4466 χωρὶς
2318 4372 2611 4465 μαρτύρων
2636 4397 2715 4457 εἰς
2743 4372 2847 4464 τὴν
2872 4395 3059 4448 τούτου
3078 4372 3369 4464 ἀνάληψιν,
3402 4394 3518 4454 πῶς
3553 4412 3627 4463 μα
3640 4412 3690 4463 ρ-

452 4484 637 4537 ﬁliam.
670 4483 1115 4552 Quandoquidem
1153 4500 1282 4555 ergo
1338 4485 1385 4535 in
1425 4484 1746 4537 ascensione
1796 4498 1889 4535 sua
1918 4482 2018 4535 l‘nit

448 4579 565 4631 sine
597 4578 844 4637 testibus,
878 4578 1144 4643 quomodo
1175 4576 1359 4630 testari
1405 4585 1557 4643 potes
1625 4575 1770 4628 illum
1826 4589 2019 4626 ascen-

446 4669 594 4722 disse
643 4668 696 4721 in
743 4668 977 4720 cmlnm?
1036 4667 1314 4731 Quomodo
1366 4666 1481 4720 solo
1535 4664 1797 4717 Phatimrc
1863 4664 2016 4716 tosti-

451 4761 630 4814 tnonio
664 4759 955 4811 continuas
995 4758 1133 4809 illius
1157 4756 1551 4810 ascensionem.
1584 4755 1823 4809 Feminae
1863 4756 2018 4808 testi-

451 4851 690 4906 monium
715 4861 798 4905 ρει
832 4851 947 4903 sine
972 4853 1017 4901 vi
1072 4860 1125 4901 ct
1156 4848 1351 4903 robore
1378 4850 1442 4901 ad
1495 4849 1650 4903 fidem
1692 4848 2017 4915 ingeneran-

450 4943 595 4994 datu.
629 4939 800 4993 Noctu
857 4953 985 5005 ergo
1044 4949 1097 4990 et
1134 4938 1274 4992 clam
1309 4938 1553 4991 ascendit
1607 4939 1659 4991 in
1710 4938 1928 4998 malum,
1964 4944 2017 4987 et

448 5028 726 5083 descendit
748 5028 907 5082 nullis
945 5028 1200 5082 adhibitis
1231 5029 1478 5082 testibus.
1507 5026 1572 5079 Et
1604 5043 1728 5081 vera
1758 5037 1843 5079 est
1874 5026 2016 5079 illius

450 5120 718 5183 ascensio,
766 5120 907 5172 sicut
960 5120 1099 5171 illius
1160 5120 1464 5188 prophetia.
1501 5120 1605 5172 Sed
1664 5120 1748 5173 dic
1782 5119 1910 5171 mihi
1947 5133 2015 5172 an

452 5220 578 5265 ante
609 5211 688 5265 vel
735 5222 853 5279 post
900 5226 1182 5264 ascensum
1234 5226 1457 5263 uxorem
1496 5212 1647 5263 duxit
1676 5222 1728 5263 et
1789 5212 2018 5263 habuit?

450 5304 630 5369 Quare
660 5316 764 5356 non
794 5312 845 5355 te
872 5304 1014 5357 sub.t
1043 5301 1255 5370 pudor?
1289 5301 1354 5354 Et
1377 5317 1563 5354 rursus
1594 5303 1863 5367 quomodo
1924 5319 2008 5354 as-

446 5394 590 5449 seris
616 5401 870 5460 tanquam
899 5405 962 5446 ex
994 5401 1084 5445 tuo
1114 5394 1488 5460 depromptum
1548 5391 1839 5456 Alvorano,
1874 5394 2017 5461 quod

449 5486 495 5538 si
519 5482 855 5538 Multammed
892 5497 994 5534 non
1022 5482 1421 5545 exstitisset,et
1455 5482 1507 5535 ni
1566 5483 1704 5535 Deus
1763 5482 2017 5537 intensis-

450 5577 592 5630 simo
626 5587 810 5629 amore
846 5574 994 5628 illum
1029 5585 1176 5627 esset
1209 5584 1545 5643 prosccutus,
1576 5574 1714 5626 Deus
1738 5590 2012 5643 nunquam

445 5667 781 5723 condidisset
845 5666 1117 5732 thronum,
1184 5666 1424 5736 angelos,
1492 5666 1710 5732 emittm,
1792 5677 2012 5734 terram,

2118 4490 2299 4556 τυρείς
2331 4490 2415 4551 σὺ,
2437 4488 2517 4539 ὅτι
2544 4487 2854 4557 ἀνελήφοη;
2889 4487 3009 4548 Πῶς
3036 4490 3097 4539 ἐκ
3127 4486 3224 4555 τῆς
3257 4485 3563 4555 μαρτυρὶας
3593 4487 3691 4554 τῆς

2117 4578 2338 4646 Φατμᾶς
2369 4580 2641 4647 παριστᾷς
2672 4580 2769 4646 τὴν
2792 4577 2980 4629 τούτου
3006 4576 3269 4646 ἀνάληψιν
3295 4592 3310 4641 ;
3349 4577 3613 4637 ’Λπιστος
3658 4578 3690 4645 ἡ

2119 4669 2217 4737 τῆς
2257 4669 2509 4736 γυναικὸς
2554 4669 2852 4739 μαρτυρία,
2892 4671 2999 4723 Kal
3054 4669 3269 4732 νυκτὸς,
3301 4668 3395 4720 καὶ
3456 4667 3692 4735 κρυφίος

2119 4763 2282 4832 ἀνέϐη
2312 4765 2390 4823 εἰς
2412 4764 2535 4825 τοὺς
2564 4762 2847 4832 οὐρανοὺς,
2877 4762 2970 4814 καὶ
3000 4761 3205 4829 κατέϐη
3256 4760 3329 4829 μὴ
3358 4759 3510 4827 παρά
3538 4775 3687 4821 τινος

2123 4855 2408 4921 γνωσθείς.
2452 4855 2536 4917 Ὠς
2566 4856 2850 4923 ἀληθεύειν
2877 4856 2976 4924 τὴν
3000 4855 3186 4907 τούτου
3206 4853 3494 4921 ἀνάληψιν,
3514 4851 3689 4913 οὓτως

2119 4948 2212 4999 καὶ
2236 4949 2314 5009 εἰς
2340 4948 2437 5014 τὴν
2480 4947 2816 5017 προφητείαν
2858 4946 3045 4998 αὑτοῦ.
3073 4945 3251 5008 Δεῐξὸν
3306 4962 3415 5012 μοι,
3454 4945 3560 5012 πρὸ
3594 4943 3687 4995 τοῦ

2120 5038 2511 5108 ἀναληφθῆναι,
2553 5034 2697 5105 εἶχεν
2747 5041 2998 5105 γυναῖκα,
3041 5036 3072 5106 ἢ
3137 5036 3274 5104 μετά
3317 5034 3530 5096 ταῦτας
3566 5033 3689 5092 Πῶς

2118 5128 2219 5179 οὐκ
2266 5128 2533 5198 αἰσχύνῃς
2568 5128 2677 5180 Kal
2717 5127 2877 5179 πάλιν
2931 5126 3046 5188 πῶς
3095 5125 3295 5190 λέγεις,
3328 5124 3400 5183 ὡς
3430 5120 3539 5173 ἀπὸ
3591 5120 3685 5171 τοῦ

2120 5218 2420 5284 Κουρανὶου
2461 5234 2572 5274 σου,
2601 5218 2679 5267 ὅτι
2711 5216 2807 5267 ἐὰν
2853 5217 2951 5267 οὐκ
2986 5210 3051 5282 ἦν
3085 5216 3110 5265 0
3159 5213 3475 5281 Μουχάμετ,
3510 5210 3603 5260 καὶ
3654 5209 3687 5277 ή

2118 5309 2183 5358 ἐκ
2231 5306 2365 5358 Θεοῦ
2416 5306 2619 5375 σφοδρά
2666 5308 2854 5373 ἀγάπη
2912 5304 3105 5365 αὐτοῦ,
3142 5300 3263 5354 οὔτε
3317 5302 3524 5369 θρόνος,
3564 5297 3687 5350 οὕτε

2119 5397 2368 5464 ἄγγελος,
2427 5396 2550 5449 οὔτε
2605 5396 2854 5468 οὐρανὸς,
2898 5394 3022 5447 οὔτε
3068 5395 3237 5463 ἥλιος,
3294 5391 3417 5444 οὔτε
3462 5389 3684 5458 σελήνη,

2117 5489 2239 5541 οὔτε
2268 5490 2514 5557 ἀστέρες,
2536 5488 2656 5541 οὔτε
2691 5492 2782 5559 γῆ.
2811 5487 2933 5541 οὔτε
2971 5487 3243 5555 ἄνθρωποι
3273 5483 3499 5552 ἔμελλον
3520 5477 3684 5533 εῖναι.

2120 5576 2468 5647 Παμϐἑϐηλε,
2505 5575 2599 5628 νῦν
2639 5578 2719 5649 τίς
2770 5578 2917 5628 ἐστιν
2952 5574 3151 5643 ἀσεϐὴς
3182 5572 3273 5623 καὶ
3336 5570 3516 5630 ἄθεος,
3554 5568 3685 5635 ἐγὼ.

2120 5668 2151 5738 ἢ
2188 5668 2252 5719 σύ
2283 5667 2419 5731 ;ποῦ
2442 5669 2469 5719 0
2501 5668 2819 5737 Μουχάμετ,
2842 5668 2968 5720 ὅταν
2992 5667 3019 5717 0
3062 5663 3249 5734 θρόνος
3293 5656 3361 5731 ἦν
3387 5659 3480 5712 τοῦ
3524 5659 3685 5719 Θεοῦ,
