3752 6232
49 271 171 334 i393
367 297 392 329 ι

1184 263 1665 324 CONFUTATIO
1734 265 2100 326 AGARENI.

3133 262 3266 329 1394

49 364 123 413 ul
149 363 175 411 6
196 360 492 430 καθήμενος
526 353 707 407 ἐπάνω
737 350 932 416 αὐτοῦ;
968 350 1077 402 Καὶ
1104 350 1242 418 μετὰ
1270 350 1441 404 ταῦτα
1468 352 1597 405 ὅταν

1786 367 1894 415 em,
1949 352 2159 416 lunam,
2212 350 2418 417 sidera,
2464 366 2563 407 nec
2603 351 2696 406 ulli
2740 344 2991 408 homines
3043 353 3268 408 fuissem

49 454 79 504 ιί
126 452 339 520 ἄγγελοι
372 446 528 519 ἦσαν,
562 445 656 498 καὶ
686 446 715 496 6
771 443 1019 513 οὐρανὸς,
1052 442 1146 492 καὶ
1190 442 1224 510 ή
1270 442 1362 510 γῆ,
1398 443 1493 493 καὶ¹
1546 442 1595 494 οί

49 542 325 610 ἱνθρωποι,
361 540 457 593 καὶ
490 536 670 588 πάντα
705 534 775 587 τὰ
825 535 882 584 ὲν
912 535 975 603 τῇ
1027 536 1117 602 γῇ,
1156 532 1471 602 ὑμνοῦντες,
1502 532 1598 585 καὶ

49 634 423 700 δοξολογοῦντες
454 630 543 682 τὸν
564 628 658 680 ἐπὶ
694 626 887 696 Θρόνου
913 626 1244 695 καθήμενον.

50 736 225 778 tcum
255 732 406 777 erant
434 720 629 788 angeli,
688 730 744 773 et
778 718 993 778 crelnm,
1061 726 1116 770 et
1174 728 1341 778 terra,
1393 724 1447 769 et
1503 716 1769 782 homines,
1823 726 1878 769 et
1925 732 2115 771 omnes
2194 731 2461 771 creaturae
2530 728 2816 772 terrestres

50 819 240 888 iymnis
264 823 649 885 prosequentes
670 814 943 866 sedentem
976 826 1138 879 super
1175 811 1446 865 thronum.

104 911 299 965 Λοιπὸν
322 911 451 978 γοῦν
479 910 614 980 ἀρνῇ
649 907 748 977 τὴν
783 906 1005 975 ἀγάπην
1028 904 1121 957 τοῦ
1166 904 1325 969 Θεοῦ,
1351 905 1418 975 ἢν
1451 901 1599 973 εἶχεν

49 997 169 1073 προς
209 999 297 1048 τὸν
344 999 535 1067 ’Λδάμ,
579 999 637 1062 ὃς
676 997 912 1050 ἔπλασεν
950 998 1133 1060 αὐτὸν,
1167 998 1259 1050 καὶ
1308 997 1376 1049 τά
1433 997 1600 1048 τέκνα

49 1092 225 1158 αὑτοῦ,
269 1092 486 1145 καὶτὸν
550 1089 822 1160 Ἀϐραὰμ,
864 1090 957 1141 xei.
1004 1088 1095 1140 τὸν
1153 1087 1357 1148 Ἰσαὰκ,
1386 1087 1481 1138 καὶ
1509 1086 1600 1138 τὸν

54 1183 261 1245 Ἰακὼϐ,
292 1183 386 1236 καὶ
409 1183 534 1244 τοὺς
568 1182 919 1252 προπάτορας
949 1178 1129 1248 ἡμῶν,
1161 1177 1305 1243 Νῶε,
1333 1176 1596 1242 Μωῦσῆν,

49 1274 237 1342 Ἰησοῦν
262 1274 353 1325 τὸν
376 1272 555 1340 Ναυῆ,
579 1271 670 1324 τὸν
698 1270 880 1331 Δαϐὶδ,
912 1270 1002 1321 τὸν
1055 1268 1328 1335 Σολομὼν,
1358 1265 1449 1318 τὸν
1495 1266 1601 1317 Ζα-

49 1364 244 1434 χαρίαν,
280 1364 370 1416 τὸν
417 1363 730 1432 Πρόδρομον
798 1361 1073 1429 Ἰωάννην,
1104 1360 1197 1421 οὓς
1252 1357 1432 1411 καὶτὸ
1459 1358 1602 1409 Κου-

49 1457 216 1526 ράνιόν
264 1471 360 1507 σου
397 1456 697 1523 μαρτυρεῖ,
731 1451 969 1505 ἐπαινῶν
1019 1450 1115 1502 καὶ
1159 1450 1249 1501 τὸν
1289 1447 1460 1515 Λόγον
1506 1445 1601 1498 τοῦ

49 1547 165 1599 Βεοῦ
208 1545 412 1614 Ἰησοῦν
442 1544 700 1614 Χριστόν.
744 1544 854 1595 Καὶ
883 1542 1031 1609 λέγει
1065 1542 1146 1603 είς
1195 1538 1256 1592 τὸ
1300 1538 1603 1608 Κουράνιόν

49 1654 148 1692 σου·
185 1638 436 1703 Ἐξῆλθεν
482 1640 545 1690 ὲκ
569 1634 703 1687 Θεοῦ
739 1634 834 1687 καὶ
874 1632 1023 1685 ἔστιν
1052 1632 1225 1699 Λόγος
1277 1629 1462 1694 αὑτοῦ,
1506 1629 1599 1680 καὶ

1710 459 1950 513 unquam
1982 444 2256 499 exstituri.
2294 444 2712 509 Scelestissime,
2757 448 2881 513 quis
2938 456 3021 499 est
3074 446 3268 514 impius

1706 542 1761 586 et
1786 534 2003 594 atheus,
2051 546 2151 598 ego
2181 547 2251 585 an
2313 534 2415 587 tu?
2449 533 2545 587 Ubi
2595 544 2716 587 erat
2772 534 3113 590 Multammed
3147 552 3267 590 cum

1700 634 1816 677 erat
1845 623 2036 677 solium
2060 634 2113 677 et
2155 626 2380 678 thronus
2444 626 2563 688 Dei,
2594 634 2649 679 et
2684 624 2821 680 Dens
2889 627 2962 680 illi
3005 627 3264 682 insidens‘

2912 719 3159 774 laudibus
3211 727 3269 773 et

1777 904 1870 960 Sic
1898 906 2064 961 debes
2093 921 2294 975 negare
2323 908 2666 963 dilectionem
2695 911 2789 965 Dei
2817 924 2946 979 erga
2975 910 3265 969 Adamum.

1704 1014 1864 1065 quem
1899 997 2155 1053 formavit
2184 1010 2240 1053 et
2296 999 2440 1053 illius
2469 999 2688 1065 liberos,
2717 1009 2771 1054 et
2803 1001 3191 1064 Abrahamutn,
3218 1014 3269 1053 et

1706 1091 1973 1151 lsaacum.
2003 1100 2058 1143 et
2084 1089 2367 1154 Iacobum,
2403 1100 2457 1145 et
2478 1106 2664 1146 omnes
2685 1103 2867 1160 patres
2895 1101 3271 1158 antecessores

1707 1188 1948 1245 nostros,
1973 1178 2165 1243 Neam,
2196 1178 2418 1244 Mosen,
2450 1178 2634 1234 Jesum
2692 1181 2859 1247 lilium
2905 1180 3071 1245 Nave,
3111 1179 3270 1233 Davi-

1706 1272 1851 1335 dem,
1883 1271 2253 1334 Salomonem,
2287 1270 2606 1324 Zachariam
2626 1309 2641 1332 ,
2671 1269 2930 1325 Joannem
2962 1272 3272 1326 Przecurso-

1711 1375 1842 1426 rem,
1877 1376 2016 1429 quos
2077 1369 2344 1415 memorat
2379 1361 2678 1415 Alcoranus
2736 1369 2880 1424 tuus,
2908 1361 3192 1415 celebrans
3219 1372 3273 1414 et

1706 1453 1877 1518 ipsum
1908 1452 2000 1506 Dei
2033 1450 2264 1504 Verbum
2288 1450 2473 1505 Jesum
2504 1450 2801 1505 Christum.
2837 1451 2942 1505 Sed
2974 1454 3175 1506 dicitur
3202 1454 3267 1506 de

1696 1542 1914 1597 Corano
1937 1553 2026 1596 tuo
2057 1541 2270 1596 :Etivit
2300 1559 2327 1595 a
2359 1544 2463 1597 Ileo
2493 1552 2546 1595 et
2572 1555 2653 1596 est
2680 1543 2822 1598 illius
2848 1544 3105 1609 Verbum,
3134 1546 3274 1599 sicut

1702 1633 1789 1686 ille
1816 1633 1935 1687 sine
1954 1634 2222 1702 principio
2250 1634 2541 1688 exsisteus.
2576 1636 2870 1688 Ostendam
2904 1649 3031 1690 vero
3077 1634 3271 1690 falsum

49 1724 385 1794 συνάναρχος.
451 1723 611 1776 Ἀλλὰ
659 1722 831 1787 δεῖξαι
871 1720 979 1789 ἔχω
1006 1760 1019 1783 ,
1053 1720 1133 1772 ὅτι
1186 1718 1380 1787 ψευδὲς
1427 1714 1495 1788 ἦν
1541 1718 1602 1769 τὸ

1786 1740 1826 1777 se
1855 1723 2129 1777 Coranum
2166 1734 2316 1777 tuum
2347 1741 2508 1792 quem
2564 1726 2787 1780 tradidit
2819 1736 2873 1781 et
2905 1728 3091 1782 docuit
3141 1727 3275 1782 0th-

49 1813 330 1884 Κουράνιόν
361 1829 455 1864 σου
485 1812 544 1864 τὸ
571 1810 817 1880 διδαχοὲν
840 1811 991 1878 παρὰ
1014 1808 1108 1860 τοῦ
1143 1808 1407 1877 ὐθμάνη.
1441 1808 1602 1874 Λέγει

50 1904 161 1971 γοῦν
189 1904 247 1956 τὸ
272 1904 577 1972 Κουράνιόν
608 1919 701 1955 σου
736 1903 815 1963 εἰς
846 1900 942 1968 τὴν
973 1902 1149 1969 ἀρχὴν
1169 1901 1267 1966 τῆς
1297 1898 1601 1967 τραπέζης,

49 1998 114 2048 ὅτι
140 1996 194 2046 τὸ
236 1995 439 2062 ἀγαθὸν
486 1995 582 2047 καὶ
628 1996 689 2045 τὸ
730 1992 965 2062 πονηρὸν
1008 1994 1071 2043 ὲκ
1134 1990 1271 2042 Θεοῦ
1312 1993 1454 2044 ἐστιί
1490 1992 1604 2054 τοῖς

49 2083 358 2148 Ξινϐρώποις,
388 2085 530 2155 ἆπερ
589 2083 856 2153 ἔρχονται.
908 2082 1089 2135 Εἰσέτι
1136 2082 1337 2146 παντὸς
1393 2082 1600 2150 ἀγαθοῦ

49 2176 127 2227 καὶ
150 2174 390 2244 πονηροῦ
409 2175 499 2229 τὸν
525 2175 656 2228 Θεὸν
670 2176 845 2236 ποιεῖς
866 2175 1059 2238 αἴτιον,
1083 2175 1207 2237 τοὺς
1220 2174 1275 2227 δέ
1292 2190 1354 2241 γε
1373 2174 1600 2246 λῃστὰς,

49 2266 127 2316 καὶ
140 2267 258 2329 τοὺς
289 2267 744 2336 φαρμακοὺς,καὶ
768 2268 969 2333 φονεῖς,
992 2266 1229 2328 καὶτοὺς
1260 2266 1415 2332 κακῴ
1438 2267 1606 2319 θανά·

49 2373 110 2424 τῳ
124 2355 481 2419 τελευτῶντας
496 2356 687 2421 οὓτως,
705 2356 888 2427 φησὶν,
906 2359 935 2409 6
948 2358 1076 2419 Θεὸς
1094 2355 1353 2426 ἔγραψεν.
1386 2356 1603 2425 ’Λνόητε

49 2444 129 2494 καὶ
163 2443 330 2513 βραδὺ
363 2446 427 2513 τῇ
454 2445 671 2515 καρδίᾳ,
720 2447 841 2498 ἐπεὶ
877 2447 935 2499 τὸ
972 2446 1269 2515 Κουρανιόν
1308 2462 1400 2496 σου
1430 2446 1604 2512 Λόγον

49 2534 168 2585 ι’)εοῦ
194 2533 402 2603 λέγεις,
445 2533 562 2597 πῶς
590 2539 616 2588 ὁ
651 2536 819 2604 Λόγος
841 2535 934 2589 τοῦ
964 2536 1097 2588 Θεοῦ
1129 2536 1405 2604 ψεύδεται,
1425 2537 1519 2587 καὶ
1546 2535 1606 2587 τὸ

49 2625 269 2695 πονηρὸν
299 2626 398 2678 καὶ
428 2625 489 2677 τὸ
515 2626 717 2693 ἀγαθὸν
742 2629 803 2678 ἐκ
829 2626 963 2678 Θεοῦ
985 2629 1165 2691 ὲστιν;
1194 2631 1251 2679 εν
1283 2628 1466 2696 ἡμέρα
1484 2626 1607 2691 xpl-

49 2733 173 2778 σεως
192 2716 305 2780 πῶς
333 2718 433 2769 οὐκ
458 2717 765 2786 ἀφώρισται
781 2721 892 2778 τοῖς
921 2718 1151 2780 δικαίοις
1174 2717 1401 2779 καὶτοῖς
1421 2720 1606 2786 ἀμαρ-

49 2809 247 2874 τιιιλοῖς;
282 2807 447 2861 Ἀλλά
469 2812 577 2870 τοῖς
597 2809 693 2877 μὲν
720 2809 949 2870 δικαίοις
967 2811 993 2860 6
1009 2809 1365 2878 παράδεισος,
1384 2810 1610 2869 καὶτοῖς

50 2900 381 2969 ἁμαρτωλοῖς
409 2901 442 2971 ἡ
466 2898 706 2960 κόλασις.
736 2898 842 2951 Τοῦ
880 2898 1047 2951 καλοῦ
1080 2901 1175 2951 καὶ
1220 2898 1315 2951 τοῦ
1348 2896 1521 2950 κακοῦ
1547 2898 1609 2949 ἐκ

49 2988 173 3039 Θεοῦ
185 2987 359 3049 ὄντος,
381 2988 497 3049 πῶς
520 2986 854 3058 ὲξεχωρίσθη
876 2989 903 3039 6
934 2987 1104 3057 Ἀδὰμ
1133 2990 1228 3041 τοῦ
1253 2987 1605 3057 παραδείσου.

50 3076 162 3139 Πῶς
188 3042 445 3142 ἐξέπεισεν
466 3042 752 3141 όδιάξολος
772 3042 940 3131 εἰπών
960 3095 973 3107 °
997 3042 1159 3147 Q9ch
1179 3079 1270 3132 τὸν
1296 3042 1609 3149 Θρόνονσμου
1638 3042 1679 3098 C

51 3171 224 3222 ἕπὰνω
283 3168 397 3223 τῶν
420 3168 657 3240 νεφελῶν
682 3169 775 3223 τοῦ
804 3168 1062 3239 οὐρανοῦ,
1082 3170 1177 3223 καὶ
1206 3169 1402 3240 ἔσομαι
1424 3171 1610 3237 ὅμοιος

52 3260 121 3329 τῷ
160 3260 397 3330 ’Υψίστῳ
430 3278 443 3291 ·
469 3263 517 3314 εί
545 3262 605 3313 τὸ
636 3261 838 3330 ἀγαθὸν
874 3263 969 3317 καὶ
998 3262 1057 3314 τὸ
1106 3261 1342 3333 πονηρὸν
1371 3266 1436 3315 ὲκ
1464 3262 1602 3314 Θεοῦ

52 3353 179 3413 ἐστι,
211 3352 329 3414 πῶς
384 3350 662 3405 ἀπώλοντο
724 3353 951 3423 Σόδομα,
983 3354 1077 3406 καὶ
1132 3354 1387 3425 Γόμορρα
1429 3354 1611 3416 αὐτοῖς

52 3442 241 3511 ἔργοις,
267 3444 364 3496 καὶ
395 3446 450 3495 ἐν
480 3446 545 3513 τῇ
587 3443 835 3515 ἁμαρτίᾳ
880 3443 1058 3497 αὐτῶν
1088 3461 1102 3511 ;
1140 3444 1373 3513 Ὁμοίως
1400 3446 1495 3496 καὶ
1522 3444 1613 3496 ἐπὶ

52 3533 134 3584 τιῦ
174 3534 559 3603 κατακλυσμοῦ
598 3534 691 3587 τοῦ
716 3536 859 3600 Νῶε,
896 3535 1012 3598 πῶς
1036 3537 1063 3587 ὁ
1087 3535 1291 3604 κόσμος
1320 3533 1566 3587 ἀπώλετο
1593 3551 1605 3599 ;

52 3624 151 3674 Καὶ
182 3624 298 3686 πῶς
350 3624 723 3693 ἑϐδομήκοντα
751 3624 845 3677 δύο
874 3624 1054 3694 φυλῶν
1104 3621 1270 3693 οὔσης
1301 3622 1401 3691 τῆς
1424 3627 1614 3690 γενεᾶς

51 3711 150 3763 τῶν
192 3714 661 3782 Μουσουλμανῶν,
696 3715 728 3782 ὴ
792 3714 890 3785 μία
945 3716 1112 3781 ἐστὶν,
1146 3714 1220 3779 ὡς
1274 3713 1484 3783 λέγετε,
1514 3718 1609 3771 τοῦ

51 3806 409 3873 παραδείσου;
446 3807 537 3859 καὶ
594 3809 649 3860 αἱ
694 3806 850 3862 ἄλλαι
910 3809 1015 3861 τῶν
1069 3810 1381 3875 κολάσεωνς
1455 3812 1612 3882 Ὁρᾷς

51 3896 125 3947 ὅτι
146 3898 251 3949 ἀπὸ
272 3898 382 3949 τῶν
399 3896 569 3965 λόγων
595 3898 854 3967 ψεύδεσαι
876 3916 889 3963 ;
910 3902 1016 3951 Καὶ
1040 3900 1186 3963 οῦτε,
1221 3902 1293 3965 ὡς
1318 3904 1380 3956 σὺ
1410 3904 1611 3971 λέγεις,

51 3988 189 4041 ἐστιν
220 3991 312 4043 τοῦ
338 3991 473 4043 Θεοῦ
506 3992 565 4043 τὸ
593 3994 893 4063 Κουράνιόν
940 4011 1053 4057 σου,
1091 3995 1214 4047 οῦτε
1241 3999 1304 4048 ὲκ
1334 3998 1427 4050 τοῦ
1451 3999 1615 4068 οὐρα-

53 4082 137 4134 νοῦ
192 4083 482 4153 κατῆλθεν,
510 4083 583 4146 ὡς
632 4084 840 4156 ληροῖς.
891 4088 1000 4139 Καὶ
1047 4088 1155 4157 γὰρ
1208 4088 1390 4142 ἄδικον
1441 4094 1616 4155 ποιεῖς

53 4172 131 4224 τὸν
167 4175 298 4227 Θεὸν
357 4175 550 4243 λέγων,
578 4177 658 4228 ὅτι
695 4178 756 4229 τὸ
805 4179 1005 4246 ἀγαθον
1053 4180 1235 4231 καὶτὸ
1284 4182 1521 4249 πονηρὸν
1554 4186 1617 4235 ὲκ

53 4264 180 4317 Θεοῦ
217 4267 385 4321 ἐστιν.
426 4270 482 4321 'U
502 4271 556 4322 δὲ
587 4270 716 4333 Θεὸς
746 4272 917 4340 κρίνει
947 4274 1008 4325 τὸ
1036 4273 1261 4342 ἀγαθὸν,
1298 4276 1391 4327 καὶ
1424 4276 1484 4327 τὸ
1515 4295 1614 4329 πο-

1705 1829 1914 1868 tnattes.
1951 1814 2241 1884 Dicilxrgo
2289 1816 2532 1870 Coranus
2583 1826 2706 1870 tuus
2756 1819 2807 1870 in
2838 1820 3102 1887 principio
3160 1835 3276 1874 ser—

1707 1908 1884 1961 monis
1906 1909 1970 1961 de
2011 1924 2218 1971 mensa,
2242 1909 2383 1975 quod
2423 1910 2601 1961 omnia
2628 1924 2749 1977 que:
2783 1910 3099 1965 hominibus
3148 1927 3276 1965 con-

1710 1999 1921 2066 tingunt
1956 1998 2094 2051 bona
2144 1999 2228 2050 vel
2274 1998 2412 2051 mala
2461 1999 2621 2053 aDeo
2680 2003 2991 2068 procedunt.
3044 2003 3101 2054 Si
3149 2017 3277 2070 ergo

1710 2089 1876 2141 Deum
1910 2088 2046 2142 facis
2077 2089 2253 2143 omnis
2278 2089 2401 2141 boni
2427 2098 2483 2142 et
2510 2088 2635 2142 mali
2672 2099 2974 2155 auctorem,
3014 2092 3271 2148 latrones.

1707 2180 2003 2243 veneﬁcos,
2061 2179 2384 2245 homicidas,
2445 2178 2677 2233 violenta
2749 2191 2921 2234 morte
2987 2191 3273 2252 pereuntes

1707 2272 1851 2328 Deus
1880 2274 2015 2327 tales
2048 2273 2262 2327 futuros
2291 2275 2514 2343 scripsit
2543 2284 2598 2327 et
2629 2275 3035 2329 determinavit.
3068 2274 3269 2343 Inepte,

1707 2379 1762 2422 et
1813 2369 1975 2422 corde
2032 2367 2335 2435 spirituque
2400 2368 2579 2428 tarde,
2614 2368 2659 2421 si
2712 2367 2980 2421 Coranum
3047 2366 3274 2422 Verbum

1709 2458 1804 2512 Dei
1853 2473 1973 2513 esse
2002 2459 2306 2523 existimas,
2366 2460 2635 2525 quomodo
2690 2457 2923 2512 Verbum
2967 2458 3057 2511 Dei
3099 2468 3275 2526 potest

1709 2549 1842 2604 falsa
1875 2550 2248 2618 pronuntiare,
2285 2558 2337 2601 et
2369 2551 2412 2603 si
2442 2550 2641 2603 bonum
2674 2560 2728 2604 et
2752 2550 2950 2603 malum
2977 2566 3004 2602 a
3032 2549 3142 2605 Deo
3171 2564 3274 2614 est,

1712 2643 1763 2695 in
1793 2642 1879 2695 die
1900 2641 2088 2709 judicii
2123 2640 2392 2709 quomodo
2415 2650 2661 2707 separata
2693 2652 2750 2693 et
2778 2641 3036 2695 distincta
3078 2656 3272 2697 conce-

1712 2732 2090 2797 dunturjustis
2119 2743 2171 2785 ct
2194 2730 2445 2798 injustis?
2480 2732 2584 2784 Sed
2615 2730 2791 2798 justos
2825 2730 3125 2799 paradisus,
3152 2748 3276 2802 pec-

1713 2832 1927 2883 catores
1955 2837 2079 2876 vero
2110 2822 2370 2890 supplicia
2402 2832 2643 2874 manent.
2680 2822 2825 2875 Bono
2857 2838 2920 2876 ac
2951 2825 3095 2877 Inalo
3126 2839 3276 2893 atque

1712 2928 1740 2965 a
1778 2913 1887 2965 Deo
1911 2913 2230 2975 orientibus,
2260 2929 2425 2979 quare
2449 2916 2685 2965 Adamus
2728 2914 2976 2980 paradiso
3009 2916 3194 2983 pulsus
3226 2926 3278 2970 et

1713 3003 1921 3070 ejectus
1950 3002 2092 3056 fuit?
2118 3001 2296 3068 Quare
2320 3002 2513 3056 cecidit
2543 3013 2598 3056 et
2620 3004 2727 3056 ruit
2750 3003 2998 3059 diabolus
3042 3004 3230 3059 dicens
3262 3023 3274 3057 :

1712 3094 2001 3149 Collocaho
2032 3094 2285 3148 thronum
2319 3106 2496 3147 meum
2525 3108 2693 3162 super
2722 3093 2895 3148 nubes
2925 3094 3070 3161 cuali,
3100 3105 3157 3151 et
3183 3110 3278 3150 ero

1711 3184 1906 3239 similis
1933 3183 2234 3240 Altissimo.
2264 3182 2322 3237 Si
2350 3183 2549 3238 tnalmn
2582 3194 2639 3238 et
2661 3185 2863 3241 bonum
2887 3185 3090 3241 habent
3114 3187 3278 3241 Deum

1712 3289 2017 3340 auctorem,
2051 3293 2222 3346 quare
2275 3278 2533 3347 operibus
2558 3279 2670 3332 suis
2726 3291 2953 3333 vastata:
2996 3290 3122 3334 sunt
3177 3280 3276 3335 So-

1712 3369 1866 3421 doma
1903 3379 1957 3420 et
1980 3366 2380 3432 Gomorrba,et
2444 3368 2495 3422 in
2544 3377 2765 3437 peccatu
2816 3383 2914 3423 suo
2972 3370 3281 3439 perierunt?

1714 3457 1978 3511 Similiter
2017 3459 2349 3527 temporibus
2365 3459 2548 3512 diluvii
2574 3456 2708 3523 Noe,
2738 3474 2911 3527 quare
2939 3461 3100 3528 periit
3122 3478 3278 3514 mun-

1715 3549 1859 3605 dus?
1883 3552 1947 3604 Et
1973 3566 2144 3620 quare
2203 3552 2537 3620 septuaginta
2578 3552 2807 3605 duarum
2843 3553 3077 3607 tribuum
3124 3565 3176 3606 et
3202 3554 3280 3605 fa-

1716 3644 1981 3697 miliarum
2009 3644 2373 3713 generationis
2400 3642 2823 3707 Musulmanicm,
2853 3646 3011 3698 unica
3049 3654 3277 3707 tantum,

1716 3746 1773 3786 ιιι
1801 3736 2067 3798 asseritis,
2104 3734 2413 3801 paradisum
2445 3742 2826 3801 consequetur,
2859 3732 2975 3785 alia:
3017 3747 3144 3787 vero
3171 3747 3280 3801 pce-

1716 3830 1799 3882 nis
1826 3838 1880 3880 et
1933 3826 2210 3895 suppliciis
2272 3825 2763 3893 adjudicabuntur?
2805 3825 2967 3879 Vides
3015 3828 3285 3894 quomodo

1718 3919 2017 3982 tnentiaris,
2050 3926 2105 3970 et
2130 3916 2397 3970 Coranum
2444 3928 2590 3969 tuum
2649 3930 2747 3970 nec
2790 3930 2819 3968 a
2861 3916 2970 3969 Deo
3019 3916 3281 3984 originem

1718 4009 1935 4071 habere,
1972 4023 2122 4062 nece
2160 4007 2299 4059 coelo
2327 4008 2690 4070 descendisse,
2734 4017 2793 4058 ut
2816 4006 3018 4059 delirus
3066 4010 3283 4057 asseris.

1718 4100 1850 4153 Nam
1876 4098 2044 4151 Deum
2078 4100 2252 4165 ipsutn
2312 4096 2568 4161 injustum
2626 4096 2805 4163 ﬁngis,
2841 4098 3029 4150 dicens
3086 4096 3283 4147 bonum

1719 4201 1773 4242 et
1821 4188 2020 4241 malum
2052 4204 2079 4240 a
2115 4191 2223 4243 Deo
2252 4189 2515 4257 originem
2552 4188 2770 4242 habere.
2812 4184 3146 4253 Sedjudicat
3188 4185 3287 4238 bu-

1722 4296 1846 4332 num
1876 4287 1932 4331 et
1974 4278 2198 4343 malum,
2234 4290 2288 4332 et
2342 4279 2731 4331 convenienter
2778 4276 2953 4331 reddit
3000 4274 3288 4342 unicuique

53 4360 227 4426 ιηρδν,
261 4362 358 4412 καὶ
388 4362 710 4416 ἀποδίδωσιν
746 4366 962 4434 ἑκάστῳ
1008 4369 1152 4420 κατὰ
1183 4368 1247 4421 τά
1277 4368 1411 4436 ἔργα
1445 4370 1602 4422 αὑτοῐ

1786 4372 2016 4423 cundum
2037 4383 2197 4437 Opera
2229 4383 2348 4422 sua.

53 4450 231 4512 ἀξίως.

114 4542 307 4607 Λέγεις
326 4557 339 4569 ·
371 4543 555 4605 Ὅστις
581 4544 640 4595 οῦ
665 4543 852 4598 πλύνει
876 4547 972 4615 τὴν
992 4547 1258 4618 καθέδραν
1281 4568 1395 4614 του,
1418 4547 1534 4604 εἶτα
1560 4552 1620 4604 τὸ

54 4632 222 4698 στόμα
276 4651 391 4696 του,
423 4634 501 4696 εἰς
529 4636 854 4705 παράδεισον
905 4640 1004 4690 οὐκ
1052 4641 1381 4711 εἰσέρχεται,
1430 4643 1620 4707 καθὼς

53 4722 401 4793 διαλαμϐάνει
428 4726 487 4777 τὸ
509 4728 809 4797 Κουράνιόν
837 4747 948 4782 σου.
983 4732 1092 4784 Καὶ
1135 4729 1292 4796 αῦΟίς
1356 4754 1509 4805 φησι,
1541 4739 1620 4789 ὅτι

53 4818 73 4865 ὁ
100 4816 325 4885 τρώγων
350 4820 584 4888 χοίρειον
610 4820 794 4888 κρέας,
838 4822 937 4873 οὐκ
969 4824 1276 4893 εἰσέρχεται
1316 4829 1395 4888 εἰς
1440 4828 1619 4895 παρά-

53 4906 219 4961 ῐεισον
278 4909 361 4961 δτι
413 4910 682 4979 μιαίνεται
742 4915 767 4963 6
802 4913 1127 4982 παράδεισος
1172 4916 1265 4967 τοῦ
1312 4917 1467 4970 Θεοῦ.
1513 4920 1623 4971 Καὶ

55 5000 230 5065 πάλιν,
255 5004 282 5053 6
317 5001 524 5069 μέλλων
542 5002 727 5054 λαϐεῖν
748 5008 999 5070 γυναῖκα,
1044 5005 1272 5059 ἐνώπιον
1300 5009 1432 5061 δέκα
1479 5028 1621 5080 μαρ-

55 5092 226 5161 τύρων
256 5092 468 5146 λαϐέτω
510 5095 699 5165 αὐτὴν,
743 5096 827 5147 ἵνα
868 5096 1049 5149 δικαία
1081 5100 1226 5153 ἐστὶν
1257 5100 1395 5169 αὕτη
1429 5104 1458 5170 ἡ
1488 5105 1627 5171 πρᾶ-

57 5184 156 5245 ξις.
203 5186 329 5247 Πῶς
387 5187 516 5239 δέκα
594 5189 928 5257 μαρτυρίας·
960 5190 1048 5242 διὰ
1101 5195 1330 5257 γυναῖκα
1396 5193 1574 5262 ζητεῖς
1609 5233 1623 5255 ,

55 5277 142 5327 καὶ
172 5275 262 5329 διὰ
292 5276 381 5329 τὸν
404 5280 687 5349 προφήτην
722 5298 812 5331 σου
848 5281 1061 5345 οὐδένα,
1080 5281 1168 5332 τὸν
1205 5284 1525 5353 συντυχόντα
1552 5284 1626 5353 τῷ

55 5365 169 5435 Θεῷ
187 5368 362 5436 στόμα
393 5370 525 5439 πρὸς
560 5372 762 5441 arripe;
796 5374 1014 5433 Λοιπὸν,
1045 5373 1165 5425 οὗτε
1187 5374 1277 5425 τὸν
1307 5375 1437 5426 Θεὸν
1471 5376 1628 5439 γινώ-

56 5471 235 5517 σκετε,
269 5456 389 5510 οὔτε
442 5461 893 5530 προφήτην,οῦτε
922 5464 1379 5526 ἁπόστολον,οῦτε
1427 5469 1627 5534 σημεῖα

55 5549 253 5611 οἴδατε,
286 5550 407 5603 οὔτε
438 5553 657 5621 τέρατα.
691 5553 828 5606 Οῦτε
877 5556 936 5607 τὺ
969 5556 1272 5626 Κουράνιον
1294 5557 1448 5626 ὑμῶν
1481 5560 1627 5608 ἐστιν

56 5640 224 5706 Λόγος
248 5641 343 5693 τοῦ
390 5644 546 5707 Θεοῦ,
575 5646 653 5698 ὅτι
679 5646 809 5697 Θεὸν
869 5648 927 5698 οὐ
973 5648 1292 5715 γινώσκετε.
1354 5651 1475 5702 Ὀτι
1528 5652 1623 5718 οὐχ

1796 4548 1977 4601 Dicis:
2009 4545 2108 4613 Qui
2138 4562 2241 4599 non
2283 4546 2425 4599 lavat
2470 4560 2654 4609 auum,
2688 4553 2741 4596 et
2773 4554 2958 4613 postea
3005 4560 3065 4598 os
3109 4562 3286 4609 suum,

1723 4657 1829 4695 nun
1863 4650 2035 4709 potest
2066 4638 2267 4708 ingredi
2325 4637 2653 4706 paradisum,
2695 4648 2751 4689 ut
2783 4641 2972 4691 statuit
3024 4650 3077 4691 et
3107 4654 3288 4693 censet

1726 4740 1845 4782 tuus
1874 4728 2204 4791 Alcoranus;
2230 4736 2283 4779 et
2312 4740 2498 4779 rursus
2539 4728 2730 4780 asserit
2772 4743 2892 4779 eum
2941 4729 3031 4796 qui
3072 4744 3289 4781 carnem

1724 4824 1931 4877 suillam
1963 4823 2216 4875 comedit.
2252 4838 2356 4874 non
2392 4822 2711 4888 adepturum
2752 4821 3140 4875 beatitudinem
3194 4838 3292 4888 pa.-

1726 4916 1912 4979 radisi,
1956 4915 2082 4983 quia
2145 4924 2272 4967 tunc
2331 4913 2612 4981 paradisus
2664 4913 2754 4965 Dt-i
2813 4914 3292 4966 contaminareltn'.

1726 5008 1789 5061 Et
1815 5024 1999 5061 rursus
2022 5008 2156 5059 dicis
2187 5006 2330 5075 quod
2362 5005 2450 5072 qui
2484 5021 2704 5058 uxorem
2737 5005 2806 5057 sit
2830 5008 3111 5069 ducturus,
3138 5006 3297 5058 debet

1728 5102 1872 5153 illam
1898 5101 2093 5153 ducere
2128 5099 2489 5165 praesentibus
2537 5100 2718 5150 decem
2754 5097 3003 5161 testibus,
3036 5110 3093 5149 ut
3128 5106 3292 5149 totum

1728 5193 1866 5244 istud
1897 5191 2168 5257 negotium
2193 5190 2489 5257 legitimum
2523 5189 2805 5240 habeatur.
2843 5186 3021 5250 Quare
3043 5202 3172 5241 vero
3200 5188 3293 5239 dc-

1727 5299 1843 5335 t'em
1876 5280 2179 5334 testimonia
2208 5280 2274 5331 ad
2306 5294 2524 5331 uxorem
2557 5278 2748 5329 marito
2769 5276 3003 5343 legitime
3038 5276 3291 5343 capulan-

1727 5374 1852 5426 dum
1888 5373 2140 5441 requiris,
2178 5372 2378 5426 nullttm
2412 5385 2537 5422 vero
2568 5369 2633 5421 ad
2677 5368 3020 5419 asserendam
3058 5368 3294 5436 dignita-

1730 5475 1833 5517 tem
1866 5464 2142 5532 propheta:
2164 5463 2258 5526 tui,
2287 5462 2375 5527 qui
2402 5476 2495 5513 ore
2534 5460 2598 5511 ad
2621 5476 2681 5512 os
2715 5475 2835 5514 cum
2876 5458 2983 5513 Deo
3002 5469 3088 5513 est
3126 5460 3295 5512 collu—

1729 5566 1906 5610 cutus.
1935 5555 2231 5619 Caeterum,
2266 5568 2439 5622 neque
2466 5551 2632 5606 Deum
2687 5551 2861 5605 nostis
2892 5591 2904 5614 ,
2946 5565 3044 5604 nec
3065 5553 3297 5620 pr0plns—

1733 5658 1858 5711 tam,
1883 5664 1980 5702 nec
2014 5647 2453 5717 apostolum,nec
2471 5646 2621 5713 signa
2656 5644 2844 5709 nostis,
2881 5658 2977 5697 nec
3014 5642 3293 5701 miracula.
