3978 6238
474 280 612 346 1395

1600 283 2063 346 BARTHOLOM
2072 283 2169 345 .‘EI
2207 283 2585 346 EDESSENI

3571 287 3711 353 1396

473 406 649 462 neque
672 390 920 446 Coranus
948 398 1127 447 vester
1157 399 1243 447 est
1272 390 1510 447 Verbum
1549 392 1668 449 Dei.
1731 393 1800 449 Et
1845 408 2034 450 revera

2141 390 2295 464 εὖρον
2323 396 2383 448 ὲν
2413 393 2492 465 τῷ
2516 393 2806 464 Κουρανίῳ
2840 410 2934 449 σου
2975 395 3147 468 ὄνομα
3188 395 3284 452 τοῦ
3332 397 3567 468 δρῶντος
3618 401 3715 453 καὶ

474 487 642 540 Deum
673 498 779 540 non
807 484 1000 551 nostis,
1031 498 1157 539 nam
1188 484 1240 539 in
1260 485 1474 540 Corano
1500 494 1682 542 vestro
1706 501 1812 542 non
1856 487 2038 542 inveni

474 592 670 633 nomen
718 577 1002 642 creatoris,
1027 576 1335 641 rationalis,
1369 588 1423 632 et
1456 578 1776 634 immortalis
1802 579 1920 644 Dei,
1945 580 2039 634 sed

475 678 685 723 tantum
718 683 914 723 nomen
938 667 1030 722 Dei
1055 682 1213 737 quem
1240 650 1449 723 Arabes
1476 669 1726 724 colebant
1768 680 1893 724 ante
1942 672 2040 723 ad-

480 769 705 815 ventum
760 758 1177 820 Muhammedis.
1212 759 1469 813 nimirum
1525 760 1893 830 phosphorum
1942 775 2039 815 seu

476 861 687 909 astrum
736 850 1085 906 matutinum.
1138 849 1252 903 Non
1306 850 1474 905 habes
1530 854 1870 921 prophetam,
1914 868 2037 905 nam

478 942 612 996 nihil
662 941 945 1001 ostendisti
975 941 1119 1009 quod
1162 951 1434 1010 spectaret
1480 941 1625 997 illius
1665 942 2035 1012 prophetiam,

474 1041 526 1085 et
554 1030 642 1085 ubi
680 1031 884 1100 scripta
913 1030 1206 1101 legeretur,
1234 1033 1374 1087 sicut
1401 1047 1501 1087 nos
1535 1033 1802 1088 habemus
1846 1033 2041 1087 vatici-

475 1119 562 1174 nia
618 1120 1003 1190 prophetarum
1063 1122 1115 1176 in
1172 1123 1372 1192 quibus
1425 1124 1695 1193 praeterita
1754 1133 1809 1178 et
1855 1123 2041 1179 futura

477 1221 722 1277 narrant,
756 1221 1050 1282 antequam
1082 1212 1345 1267 vidissent
1394 1228 1530 1281 Opus
1582 1213 1803 1283 aliquod
1832 1211 2036 1279 fusum,

474 1301 558 1355 vel
584 1302 845 1370 scriptum
887 1302 1032 1359 unde
1081 1302 1169 1357 illa
1216 1303 1431 1358 haurire
1474 1312 1716 1372 possent.
1776 1303 1883 1358 Sed
1936 1318 2037 1359 nec

475 1391 752 1459 apostolus
781 1405 881 1446 nec
900 1392 1163 1461 propheta
1191 1391 1293 1446 fuit
1337 1392 1707 1447 Muhammed.
1760 1392 1896 1447 Nam
1930 1408 2037 1447 non

475 1482 631 1536 nobis
660 1490 874 1537 constat
900 1483 1048 1537 illum
1078 1484 1391 1539 ascendisse
1417 1484 1469 1538 in
1494 1483 1665 1539 caelos
1702 1484 1785 1538 vel
1808 1484 2040 1539 descen-

472 1574 638 1629 disse.
680 1572 928 1629 Testaris
978 1575 1192 1643 quidem
1243 1576 1491 1644 angelum
1537 1575 1631 1629 Dei
1698 1574 1917 1629 venisse
1971 1574 2039 1629 ad

472 1663 928 1730 Muhammedem,
955 1676 1012 1721 et
1055 1666 1135 1721 sic
1185 1677 1509 1734 sequeretur
1554 1665 1805 1734 angelum
1865 1665 2038 1721 fuisse

2142 482 2363 550 λογικοῦ
2398 482 2556 549 Θεοῦ,
2586 484 2684 537 καὶ
2715 484 3006 550 ἀθανάτου,
3035 487 3084 539 εί
3138 486 3213 558 μὴ
3254 487 3425 558 ὄνομα
3472 487 3629 553 Θεοῦ,
3653 488 3719 541 ὃν

2139 575 2190 626 οἱ
2223 574 2499 645 Ἀῥραϐες
2520 576 2627 645 πρὸ
2658 574 2754 627 τοῦ
2784 577 3078 646 Μουχάμετ
3100 578 3450 643 ἐπίστευσαν,
3482 578 3539 643 ὃς
3567 581 3719 634 ἐστιν

2139 669 2168 721 6
2223 667 2501 739 ἑωσφόρος
2557 668 2753 739 ἀστήρ.
2797 669 2911 722 υύκ
2942 669 3085 740 ἔχεις
3144 672 3453 742 προφήτην,
3482 672 3566 725 ὄτι
3613 673 3717 725 οὐκ

2139 757 2346 823 sanes;
2372 775 2462 829 μοι
2492 759 2743 831 περὶτῆς
2779 762 3118 830 προφητείας
3151 762 3315 815 αὑτοῦ
3342 760 3444 816 ποῦ
3475 764 3715 834 ἐγράφη,

2142 848 2326 911 καθὼς
2358 849 2554 919 ἔχομεν
2582 850 2742 921 ἡμεῖς
2772 851 2869 915 τὰς
2895 851 3007 903 τῶν
3040 851 3339 923 προφητῶν
3357 854 3717 923 προφητείας,

2140 942 2201 994 ὲν
2224 936 2310 1004 αἷς
2336 938 2489 995 εἷπον
2522 944 2651 1011 περὶ
2686 942 2795 996 τῶν
2841 942 3273 1012 προγεγονότων,
3308 942 3542 996 καὶτῶν
3584 944 3719 1012 μελ-

2139 1032 2338 1087 λόντων
2374 1034 2481 1106 πρὸ
2512 1033 2604 1087 τοῦ
2640 1036 2770 1088 ἰδεῖν
2803 1035 3103 1105 χρυσοχόου
3144 1034 3326 1102 ἔργον,
3362 1034 3396 1105 ἢ
3446 1049 3718 1104 γραμμα-

2138 1126 2311 1180 τικόν.
2368 1125 2510 1177 Ἀλλ’
2540 1125 2663 1179 οὐδὲ
2707 1126 3005 1189 ἀπόστολος
3044 1123 3134 1197 ἦν,
3161 1126 3286 1179 οὕτε
3336 1127 3626 1197 προφήτης
3690 1127 3722 1179 6

2138 1216 2457 1286 Μουχάμετ,
2488 1218 2569 1270 ὅτι
2594 1218 2694 1271 οὐκ
2718 1218 2940 1287 οἴδαμεν
2972 1218 3135 1271 αὐτὸν
3159 1217 3435 1271 ἀναϐάντα
3461 1218 3541 1280 είς
3590 1214 3722 1280 τοὺς

2138 1308 2419 1378 οὐρανοὺς,
2455 1307 2489 1379 ἢ
2519 1310 2857 1364 καταϐάντα.
2885 1310 3334 1379 Συμμαρτυρεῖς.
3362 1309 3443 1362 ὅτι
3485 1306 3723 1376 ἄγγελος

2139 1399 2344 1469 Κυρίου
2381 1400 2599 1470 ἔρχεται
2639 1403 2720 1464 είς
2770 1400 2860 1454 τὸν
2906 1401 3227 1471 Μουχάμετ.
3286 1401 3399 1453 Καὶ
3463 1398 3648 1455 λοιπὸν
3690 1400 3723 1453 6

2138 1490 2371 1561 ἄγγελός
2388 1493 2535 1545 ἐστιν
2562 1493 2878 1558 ἀπόστολος,
2902 1494 2996 1546 καὶ
3016 1494 3043 1544 6
3068 1493 3368 1562 Μουχάμετ
3385 1490 3556 1544 οὐδέν.
3578 1489 3723 1543 Οὐδὲ

2142 1582 2340 1648 σημεῖα
2361 1582 2453 1633 καὶ
2473 1583 2677 1653 τέρατα
2698 1584 2878 1637 οίδατε
2908 1582 2969 1648 ἐξ
2996 1583 3191 1637 αὐτοῦ.
3224 1584 3346 1635 Ὅτι
3372 1582 3526 1635 οὐδὲν
3556 1575 3723 1654 εὖρον

2140 1670 2311 1723 αὑτὸν
2341 1673 2514 1741 Λόγον
2536 1673 2696 1739 Θεοῦ,
2731 1674 2875 1745 εἰμὴ
2907 1675 3120 1729 πλαστὰ
3154 1674 3251 1728 καὶ
3290 1673 3722 1744 βέϐηλανλόγια.

468 1760 794 1827 apostolum,
845 1775 948 1815 nou
1000 1774 1130 1815 vero
1176 1759 1605 1814 llluhammedem
1660 1760 1863 1829 ipsum.
1907 1758 2019 1814 Nec
2066 1760 2219 1829 signa
2259 1778 2361 1819 nec
2419 1767 2677 1821 miracula
2744 1768 2932 1822 abillo
2961 1777 3175 1837 patrata
3221 1768 3446 1837 potestis
3472 1766 3724 1836 proferre

468 1872 534 1907 rx
559 1855 675 1920 ipso
704 1853 935 1908 Corano.
966 1851 1033 1906 Et
1070 1853 1202 1908 nihil
1233 1853 1286 1907 in
1315 1853 1403 1907 illo
1443 1853 1642 1919 iuveni,
1671 1854 1811 1923 quod
1855 1852 2124 1909 redoleret
2163 1864 2218 1910 et
2273 1859 2509 1929 spiraret
2538 1860 2772 1917 Verbum
2808 1862 2937 1930 Dei;
2962 1862 3056 1917 sed
3119 1870 3323 1916 tantum
3372 1860 3625 1932 ﬁgtitenta
3662 1861 3725 1917 οι

468 1948 720 2017 profanas
745 1945 1245 2001 sermocinationes.

538 2039 625 2105 El,
683 2052 885 2107 quaeso,
928 2035 1017 2091 die
1071 2036 1201 2089 mihi
1234 2034 1499 2104 quomodo
1526 2034 1760 2091 Verbum
1792 2036 1884 2092 Dei
1924 2038 2035 2091 uni-

2218 2037 2331 2091 Καὶ
2377 2038 2516 2103 πῶς,
2544 2035 2667 2093 εἶπέ
2701 2057 2811 2112 μοι,
2852 2041 2881 2093 6
2904 2037 2997 2093 τοῦ
3026 2039 3163 2093 Θεοῦ
3199 2038 3373 2107 Λόγος
3422 2035 3611 2108 ἡνώθη
3638 2035 3726 2108 τῷ

469 2142 580 2185 tum
609 2138 755 2185 esset
808 2128 969 2191 libro,
1004 2141 1098 2181 seu
1156 2127 1368 2181 Corano
1410 2135 1521 2190 tuo,
1550 2136 1645 2181 aut
1690 2127 1969 2192 volumini,
1994 2137 2035 2181 et

2148 2133 2376 2204 χαρτίῳ,
2402 2131 2571 2201 ἤγουν
2595 2131 2672 2202 τῷ
2721 2131 3013 2202 Κουρανίῳ
3050 2147 3168 2196 σου,
3202 2126 3299 2182 καὶ
3326 2126 3404 2198 τῷ
3442 2127 3721 2198 τομαρίῳ,

464 2222 713 2277 Coranus
771 2229 895 2275 tuus
930 2219 1189 2273 evaderet
1230 2218 1465 2273 Verbum
1514 2219 1616 2287 ipsi
1652 2218 1760 2273 Deo
1782 2234 2043 2274 cozevum.

466 2317 522 2369 lu
567 2313 742 2382 platea
796 2310 993 2366 offendi
1052 2323 1246 2381 pueros
1294 2324 1455 2379 quam
1494 2310 1773 2379 plurimos,
1807 2310 1899 2379 qui
1927 2310 2047 2364 Co-

464 2421 653 2461 ranum
724 2402 1126 2473 gestabant,et
1186 2416 1308 2456 cum
1375 2401 1568 2471 aliquis
1614 2416 1801 2456 eorum
1865 2402 2044 2471 priva-

467 2500 560 2550 tittl
623 2495 835 2549 volebat
899 2494 1153 2549 secedere
1228 2505 1444 2564 propter
1499 2493 1902 2555 necessitatem,
1941 2491 2045 2547 Coo

468 2604 656 2643 ranum
722 2591 877 2654 juxta
950 2598 1012 2640 se
1070 2585 1489 2650 collocabat,et
1533 2584 1773 2639 sedebat.
1828 2581 2041 2651 Alioqui

466 2695 562 2749 per
596 2687 765 2733 totam
790 2679 929 2733 diem
950 2678 1099 2747 pueri
1117 2677 1385 2731 Coranum
1417 2676 1636 2741 habent,
1654 2685 1712 2732 et
1738 2675 2034 2745 aliquando

467 2774 618 2827 illum
654 2772 884 2837 calcant,
919 2771 1207 2837 aliquando
1233 2785 1353 2824 cum
1398 2771 1490 2825 illo
1523 2769 1677 2825 ludos
1707 2761 1897 2839 agunt,
1931 2768 2037 2822 ali-

468 2865 685 2933 quando
714 2879 845 2917 vero
872 2863 965 2916 illo
994 2878 1053 2916 se
1095 2872 1280 2915 mutuo
1314 2861 1579 2929 impetunt
1632 2870 1687 2915 et
1722 2861 2035 2915 verberant.

469 2955 750 3021 Quomodo
782 2968 912 3021 ergo
949 2954 1193 3008 Coranus
1239 2962 1386 3008 esset
1415 2951 1650 3007 Verbum
1685 2953 1799 3017 Dei,
1841 2960 1909 3007 et.
1935 2952 2036 3022 ipsi

472 3048 581 3101 Deo
630 3054 953 3100 coaeternus.
1009 3043 1190 3110 Quare
1239 3058 1343 3096 non
1393 3044 1588 3096 annuis
1611 3042 1808 3097 dicenti
1850 3041 2035 3097 Jesum

467 3138 747 3194 Christum
795 3138 1126 3191 excitantem
1189 3145 1449 3201 mortuos,
1481 3145 1699 3205 peccata
1758 3136 2034 3190 tollentem

468 3232 868 3295 et’aholentem,
896 3229 1062 3284 variis
1083 3229 1250 3298 signis
1282 3236 1338 3282 et
1367 3226 1639 3282 miraculis
1672 3241 1731 3282 se
1764 3241 2036 3282 commen-

2149 2225 2236 2278 ἵνα
2270 2224 2506 2295 ὑπάρχει
2534 2224 2597 2276 τὸ
2629 2222 2929 2293 Κουράνιόν
2962 2239 3054 2274 σου
3089 2222 3245 2289 λόγος
3286 2219 3556 2291 σύναρχος
3612 2217 3715 2270 τοῦ

2146 2318 2281 2373 Θεοῦ
2320 2320 2514 2384 ;Κατά
2540 2319 2639 2389 τὴν
2685 2317 2805 2370 ὁδὸν
2844 2317 3016 2388 μικρά
3056 2314 3246 2368 παιδία
3293 2310 3605 2382 κρατοῦντα
3648 2308 3719 2361 τὸ

2145 2412 2447 2481 Κουράνιον
2487 2426 2603 2471 σου⁹
2626 2409 2725 2462 καὶ
2770 2409 2828 2460 ὲν
2854 2408 2931 2478 τῷ
2968 2406 3179 2476 μέλλειν
3205 2405 3383 2458 αὐτῶν
3444 2400 3553 2456 τῶν
3585 2418 3725 2452 παι-

2143 2501 2270 2554 δίων
2326 2499 2450 2552 καθ’
2494 2499 2736 2566 ἑκάστην
2769 2495 3086 2566 ὲξέρχεσθαι
3136 2494 3226 2547 διὰ
3277 2493 3467 2563 χρείαν
3510 2490 3719 2554 αὐτῶν,

2145 2594 2326 2647 εοεντο
2354 2592 2580 2664 πλησίον
2606 2589 2788 2642 αὐτῶν
2825 2588 2920 2640 καὶ
2972 2586 3034 2639 τὸ
3080 2584 3385 2655 Κουράνιόν
3432 2600 3549 2645 σου,
3616 2579 3722 2633 καὶ

2141 2686 2441 2758 ὲκάθησαν.
2470 2683 2583 2737 Καὶ
2615 2682 2790 2744 ἄλλως
2819 2680 2887 2732 δι’
2909 2679 3033 2731 ὅλου
3064 2679 3163 2748 τῆς
3186 2676 3400 2747 ἡμέρας
3427 2676 3477 2727 oi
3519 2672 3719 2735 παῖδες

2142 2778 2298 2849 ὑμῶν
2333 2776 2655 2845 κατέχουσιν
2683 2772 2836 2826 αὑτό.
2864 2771 2974 2823 Καὶ
3006 2769 3135 2822 ποτε
3164 2768 3260 2837 μὲν
3289 2764 3545 2829 πατοῦσι,
3580 2762 3720 2817 ποτὲ

2140 2871 2197 2925 δὲ
2232 2868 2488 2934 παίζουσι
2516 2868 2633 2936 μετ’
2668 2863 2855 2917 αὐτοῦ.
2888 2862 3026 2914 Ποτὲ
3054 2860 3335 2930 δέρῤονται
3366 2852 3447 2917 εἷς
3473 2855 3567 2907 τὸν
3592 2854 3720 2906 ἓτε-

2145 2979 2236 3033 ρον
2268 2961 2385 3031 μετ’
2414 2958 2599 3013 αὐτοῦ.
2627 2956 2752 3019 Πῶς
2787 2954 2918 3021 γοῦν
2956 2955 3070 3005 ἐστι
3100 2950 3273 3018 Λόγος
3309 2948 3403 3000 τοῦ
3434 2945 3593 3007 Θεοῦ,
3615 2941 3721 2996 καὶ

2140 3053 2408 3122 σύναρχος
2435 3051 2494 3102 τὸ
2539 3048 2838 3118 Κουράνιόν
2890 3061 2982 3096 σου
3014 3058 3029 3109 ;
3059 3041 3184 3105 Πῶς
3238 3040 3300 3093 οὐ
3339 3036 3718 3110 παραδέχεσαι

2138 3143 2393 3211 λέγοντα,
2425 3141 2507 3193 ὅτι
2548 3138 2755 3209 Ἰησοῦς
2813 3134 3048 3205 Χριστὸς
3090 3134 3118 3185 6
3164 3132 3289 3193 τοὺς
3344 3128 3572 3199 νεκροὺς
3618 3125 3723 3178 ἀν-

2143 3232 2336 3291 ιστῶν,
2369 3229 2465 3283 κα)⁵
2498 3229 2594 3290 τάς
2615 3224 2891 3297 ἁμαρτίας
2911 3222 3171 3290 ἀναιρῶν,
3191 3220 3286 3273 καὶ
3304 3217 3473 3272 πολλά
3508 3216 3721 3286 σημεῖα

468 3326 687 3378 dantem
715 3336 836 3377 esse
865 3321 1038 3390 ipsum
1084 3319 1320 3373 Verbum
1365 3316 1480 3383 Dei,
1518 3328 1571 3371 et
1622 3318 1721 3387 ipsi
1771 3332 2033 3372 coamun.

2141 3323 2232 3377 καὶ
2250 3322 2453 3393 τέρατα
2474 3319 2757 3382 δεικνύων,
2787 3318 2844 3379 ὅς
2868 3319 3016 3368 ἐστιν
3035 3314 3207 3382 Λόγος
3236 3310 3372 3364 Θεοῦ
3388 3308 3483 3362 καὶ
3512 3308 3718 3375 σύναρ-

470 3414 578 3469 Sed
610 3414 788 3483 potius
816 3412 963 3466 illum
997 3419 1055 3464 ut
1076 3410 1295 3464 atheum
1320 3409 1579 3477 exagitas.
1627 3408 1908 3474 Quomodo
1937 3422 2036 3461 au-

468 3508 564 3561 des
605 3520 851 3561 asserere
884 3503 1340 3564 Mubammedem,
1396 3498 1697 3564 Christum,
1742 3497 2036 3560 Adamum,

469 3599 761 3665 prephetas
793 3597 952 3650 unius
984 3610 1105 3649 esse
1132 3593 1340 3647 ordinis
1364 3592 1613 3661 parisque
1640 3590 1805 3645 sortis
1846 3598 1902 3644 et
1956 3590 2039 3643 di-

467 3689 697 3758 gnitalis
759 3686 898 3755 apud
954 3684 1158 3739 Deum?
1213 3693 1268 3738 et
1321 3697 1443 3737 cum
1491 3680 1738 3736 Coranus
1763 3691 1886 3736 tuus
1944 3693 2039 3733 ore

470 3781 586 3847 ipso
613 3776 872 3831 Pachura:
932 3775 1077 3827 dicat
1127 3772 1403 3826 Christum
1455 3787 1576 3826 esse
1615 3772 1847 3827 Verbum
1903 3770 2033 3838 Dei,

469 3884 640 3936 qimre
667 3865 913 3922 asseritis
959 3864 1109 3918 illum
1158 3874 1397 3918 creatum
1456 3863 1643 3927 fuisse,
1673 3873 1731 3916 ut
1789 3861 2037 3931 Mullum-

469 3962 590 4013 mcd
620 3968 672 4013 et
704 3957 816 4011 alii.
848 3957 911 4010 Et
941 3955 987 4010 si
1013 3954 1289 4010 Christum
1318 3962 1401 4007 est
1435 3952 1669 4007 Verbum
1699 3952 1813 4016 Dei,
1846 3966 1942 4004 cur
1971 3950 2032 4004 il-

467 4050 583 4105 lum
620 4049 936 4118 prophetam
972 4060 1157 4101 vocas.
1221 4046 1391 4110 Quem
1448 4044 1782 4098 inveniemus
1822 4044 1877 4095 in
1929 4042 2035 4097 Co-

468 4156 601 4195 rauo
632 4151 724 4195 tuo
750 4140 961 4194 duobus
991 4139 1076 4193 his
1120 4135 1432 4191 nominibus
1477 4136 1835 4205 designatum,
1876 4132 2034 4190 Jesus

465 4232 736 4295 Christus,
770 4230 821 4283 id
850 4239 934 4284 est
962 4230 1102 4283 Deus
1128 4238 1181 4281 et
1204 4226 1402 4282 homo?
1432 4226 1565 4293 Quis
1620 4226 1883 4295 propheta
1952 4224 2037 4280 diu

464 4336 583 4381 ctus
611 4324 872 4395 propheta
900 4332 953 4378 et
985 4320 1279 4390 apostolus.

531 4530 783 4586 Christus
816 4542 895 4585 est
927 4529 1161 4584 Verbum
1212 4528 1302 4583 Dei
1336 4540 1390 4582 et
1445 4529 1553 4584 Deo
1613 4543 1844 4582 cozevus.
1886 4526 2033 4593 Quo-

465 4622 627 4679 modo
650 4621 905 4676 convenit
932 4637 1124 4676 nomen
1155 4619 1268 4683 Dei,
1299 4622 1544 4675 criminis
1567 4632 1619 4675 et
1642 4620 1865 4675 sceleris
1914 4622 2029 4688 puri

464 4726 519 4770 et
555 4713 900 4780 immortalis,
939 4713 1141 4767 nomini
1212 4712 1355 4767 illius
1384 4713 1473 4781 qui
1507 4712 1559 4766 iu
1594 4723 1815 4781 peccalo
1872 4722 2032 4767 natus

462 4816 564 4875 est,
588 4808 678 4878 qui
704 4814 985 4876 peccatum
1016 4806 1184 4871 novit,
1209 4814 1265 4859 et
1293 4807 1343 4859 in
1377 4804 1614 4874 peccatis
1648 4814 1896 4860 mortuus
1927 4816 2030 4860 est.

534 4982 703 5039 Nobis
734 4998 840 5037 non
875 4994 959 5037 est
989 4992 1329 5052 compertum
1360 4982 1736 5044 Mahumedem
1769 4982 1950 5037 verbis
1980 4992 2035 5037 et

460 5075 717 5144 operibus
744 5085 1016 5143 potentem
1054 5073 1243 5137 luisse,
1282 5071 1424 5127 sicut
1457 5070 1559 5125 fuit
1586 5071 1715 5127 olim
1739 5072 2026 5138 Christus;

460 5171 589 5224 hinc
611 5169 856 5224 Coranus
909 5169 1101 5223 asserit
1139 5165 1322 5221 Jesum
1368 5166 1646 5221 ChriStum
1704 5166 1849 5220 cruci
1918 5182 2024 5221 non

459 5262 629 5315 fuisse
660 5258 902 5323 alIixum,
937 5273 1035 5313 nec
1099 5266 1392 5321 mortuum,
1460 5270 1527 5309 ne
1585 5255 1726 5310 illius
1786 5271 2027 5311 resurre-

465 5351 661 5406 ctionis
691 5349 1014 5403 miraculum
1057 5357 1353 5413 constaret,
1387 5348 1477 5402 sed
1511 5346 1658 5401 illum
1695 5347 1837 5401 sicut
1888 5348 2032 5403 Deus

461 5443 724 5497 exsistere
756 5440 1140 5494 immortalem.
1172 5441 1277 5494 Sed
1336 5454 1494 5495 error
1546 5447 1633 5493 est
1676 5447 1730 5492 et
1764 5441 2028 5508 deceptio.

460 5534 595 5587 Nam
630 5534 757 5587 licet
786 5534 992 5602 negetis
1031 5533 1175 5587 illius
1214 5546 1429 5586 crucem
1468 5539 1521 5585 et
1551 5533 2027 5593 resurrectionem,

2140 3433 2254 3487 χος,
2288 3413 2422 3468 ἀλλὰ
2472 3412 2569 3464 καὶ
2614 3409 2771 3465 ἄθεον
2816 3407 2981 3460 αὐτὸν
3031 3404 3329 3466 ἀποκαλεῖς
3362 3419 3376 3467 ;
3406 3400 3529 3460 Πῶς
3587 3397 3719 3450 τολ-

2142 3508 2248 3577 μᾷς
2282 3505 2486 3573 λέγειν,
2512 3503 2591 3555 ὅτι
2627 3502 2656 3553 6
2696 3499 3022 3568 Μουχάμετ,
3051 3495 3144 3549 καὶ
3171 3497 3198 3548 6
3241 3491 3497 3564 Χριστὸς,
3538 3489 3637 3542 καὶ
3685 3489 3717 3540 6

2150 3598 2343 3667 Ἀδὰμ,
2377 3597 2473 3649 καὶ
2504 3594 2552 3646 οἱ
2581 3591 2855 3663 προφῆται
2900 3589 3017 3651 ἑνός
3056 3588 3164 3639 είσι
3208 3586 3397 3647 τόπου,
3445 3582 3539 3635 καὶ
3580 3581 3719 3650 μιᾶς

2138 3688 2294 3754 ἀξίας
2321 3686 2474 3756 παρά
2505 3682 2582 3753 τῷ
2612 3682 2750 3751 Θεῷ.
2784 3681 2894 3734 Καὶ
2925 3679 2985 3732 τὸ
3016 3676 3321 3748 Κουράνιόν
3353 3692 3471 3739 σου,
3518 3674 3716 3743 φησὶν,

2137 3780 2204 3833 ὲκ
2240 3778 2509 3848 στόματος
2534 3774 2626 3828 τοῦ
2661 3774 2909 3844 Παχυρᾶ,
2939 3771 3021 3825 ὅτι
3054 3772 3081 3824 6
3111 3768 3344 3839 Χριστὸς
3378 3766 3550 3834 Λόγος
3590 3766 3716 3817 ἐστὶ

2136 3872 2231 3925 τοῦ
2268 3868 2427 3936 Θεοῦ,
2454 3868 2544 3921 διὰ
2578 3866 2632 3921 τί
2662 3866 2849 3933 λέγετε
2900 3863 3061 3915 αὐτὸν
3115 3860 3353 3925 κτιστδν,
3420 3859 3496 3920 ὡς
3542 3856 3715 3909 αὐτὸν

2139 3960 2466 4030 Μουχάμετ;
2496 3956 2672 4010 καὶτὸ
2700 3954 2906 4007 λοιπόν.
2945 3953 3054 4005 Καὶ
3082 3954 3130 4004 εί
3162 3950 3339 4030 Λόγος.
3382 3947 3519 4001 Θεοῦ
3555 3949 3713 3999 ἐστιν

2137 4052 2167 4105 6
2195 4048 2450 4120 Χριστὸς,
2490 4047 2608 4109 πῶς
2637 4046 2800 4099 αὑτὸν
2844 4044 3133 4114 προφήτην
3164 4034 3381 4105 καλεῖς;
3410 4040 3574 4092 Ποῖον
3610 4034 3713 4090 εῦ-

2140 4159 2307 4214 ρομεν
2337 4144 2395 4193 ὲν
2419 4139 2498 4210 τῷ
2534 4138 2824 4210 Κουρανίῳ
2850 4153 2943 4187 σου
2970 4134 3161 4204 ἔχοντα
3197 4134 3291 4186 δύο
3330 4132 3569 4202 ὀνόματα
3601 4131 3715 4200 Ἰηο

2138 4234 2265 4287 σοῦν
2296 4233 2555 4301 Χριστὸν,
2587 4230 2729 4283 τοῦτ’
2757 4228 2904 4281 ἔστιν
2950 4228 3082 4289 Θεὸς
3122 4226 3218 4279 καὶ
3250 4224 3534 4293 ἄνθρωπος
3568 4240 3583 4288 ;
3610 4221 3716 4275 Διά

2141 4327 2293 4381 ποῖον
2329 4332 2617 4395 προφήτην
2647 4318 2802 4375 εἷπον
2822 4322 3105 4392 προφήτην
3130 4318 3225 4371 καὶ
3262 4314 3560 4370 ἀπόστολον
3584 4330 3603 4380 ;

2220 4518 2279 4570 Ὀ
2297 4517 2551 4587 Χριστὸς,
2570 4514 2740 4581 Λόγος
2766 4510 2914 4565 ἐστὶν
2947 4509 3039 4561 τοῦ
3069 4506 3227 4570 Θεοῦ,
3286 4505 3383 4560 καὶ
3414 4504 3709 4573 σύναρχος.

2137 4609 2262 4671 Πῶς
2301 4607 2479 4659 ἔοικεν
2510 4604 2573 4657 τὺ
2618 4604 2790 4672 ὄνομα
2819 4600 2911 4653 τοῦ
2955 4598 3090 4651 Θεοῦ
3148 4596 3243 4649 τοῦ
3292 4596 3708 4664 ἀναμαρτήτου,

2137 4702 2228 4754 καὶ
2257 4698 2552 4759 ἀθανάτου,
2583 4694 2662 4764 τῷ
2687 4693 2911 4762 ὀνόματι
2933 4689 3025 4742 τοῦ
3046 4688 3102 4753 ἐξ
3120 4686 3393 4758 ἁμαρτίας
3418 4683 3711 4754 γεννηθένο

2133 4809 2249 4856 τος,
2292 4792 2386 4844 καὶ
2414 4789 2511 4851 τὰς
2546 4784 2821 4857 ἁμαρτίας
2859 4783 3250 4853 γνωρίσαντος,
3282 4780 3375 4833 καὶ
3406 4780 3463 4830 ἐν
3512 4778 3710 4840 αὑταῖς

2135 4881 2321 4945 κακῶς
2342 4879 2704 4939 ἀποθανόντος
2726 4893 2741 4940 ;

2206 4974 2321 5027 Οὐκ
2350 4974 2571 5041 οἴδαμεν
2609 4970 2702 5021 τὸν
2723 4968 3023 5038 Μουχάμετ
3048 4965 3273 5020 δυνατὸν
3307 4965 3365 5017 ὲν
3423 4962 3574 5035 ἔργῳ
3610 4962 3706 5017 καὶ

2135 5068 2300 5137 λόγῳ,
2335 5064 2523 5135 ῶσπερ
2549 5063 2638 5116 τὸν
2661 5062 2919 5133 Χριστόν.
2955 5062 3054 5112 Ara
3081 5059 3236 5113 τοῦτο
3265 5058 3415 5126 λέγει
3444 5059 3508 5109 τὸ
3558 5058 3704 5109 Κου-

2138 5159 2317 5231 ράνιὸν
2352 5174 2466 5219 σου,
2498 5157 2580 5209 ὅτι
2612 5154 2703 5208 τὸν
2734 5152 2945 5222 Ἰησοῦν
2972 5150 3206 5221 Χριστὸν
3241 5148 3365 5202 οὔτε
3412 5147 3705 5218 ἐσταύρω-

2138 5268 2258 5315 σαν,
2298 5248 2421 5302 οΰτε
2443 5247 2759 5317 ἐφόνευσαν,
2786 5245 2873 5297 διὰ
2894 5244 2954 5297 τδ
2978 5244 3051 5314 μὴ
3097 5243 3404 5313 φανερῶσαι
3432 5240 3531 5311 τὴν
3570 5241 3708 5295 ἀνά-⁸

2138 5357 2327 5394 στασιν
2348 5337 2629 5401 αὑτοῦ,ὂτι
2653 5334 2920 5394 ἀθάνατος
2940 5333 3172 5402 ὑπάρχει
3196 5331 3335 5384 καθά
3352 5329 3510 5393 Θεός.
3539 5328 3707 5381 Ἀλλά

2136 5431 2513 5501 πεπλάνησθε.
2553 5429 2667 5497 Τὴν
2712 5426 2820 5497 γὰρ
2861 5425 3169 5496 σταύρωσιν
3191 5423 3355 5475 αὑτοῦ
3379 5424 3703 5492 ἀρνούμενοι

2130 5524 2222 5577 καὶ
2244 5524 2342 5592 τὴν
2387 5522 2704 5583 ἀνάστασιν,
2742 5519 2842 5589 τὴν
2893 5517 3002 5570 τῶν
3046 5515 3255 5584 νεκρῶν
3313 5513 3697 5579 ἐξανάστασιν,

462 5638 737 5691 nunquam
775 5623 1027 5691 poteritis
1067 5636 1265 5691 negare
1320 5620 1777 5674 resurrectionem
1837 5637 2025 5675 eorum

2141 5617 2216 5681 ιῦς
2254 5616 2572 5686 ἀνέστησεν,
2608 5614 2667 5665 οὐ
2696 5612 2919 5665 δύνασαι
2951 5609 3315 5682 ἀρνήσασθαι.
3363 5608 3438 5660 Τὸ
3469 5611 3698 5678 σημεῖον

460 5728 596 5783 quos
626 5729 688 5769 cx
721 5715 951 5769 rmrtuis
1008 5712 1286 5769 excitavit.
1321 5711 1432 5766 lloc
1458 5710 1669 5780 signum
1706 5711 1798 5766 tibi
1831 5711 2025 5766 sullicit

2141 5711 2286 5780 ἱρκεῖ
2320 5725 2423 5774 σοι,
2458 5708 2539 5759 ὅτι
2573 5706 2694 5769 τοὺς
2721 5703 2949 5774 νεκροὺς
2990 5700 3225 5756 ἁνιστῶν
3255 5699 3416 5765 αὐτὸς
3443 5700 3545 5754 οὐκ
3576 5700 3695 5753 ἐνε-
