3978 6238
324 206 458 273 1397

1501 203 1978 268 CONFUTATIO
2038 210 2391 272 AGARENI.

3445 204 3577 267 1398

320 320 522 393 κροῦτο
565 315 811 384 πώποτε,
839 315 953 369 ἀλλ’
981 313 1058 378 ὡς
1099 312 1234 376 Θεὸς
1282 312 1550 377 ἀθάνατός
1576 316 1745 371 ἐστιν.
1774 316 1884 380 Πῶς

2002 324 2146 389 quod
2179 334 2418 378 mortuos
2454 321 2731 375 viviﬁcans
2798 319 2915 389 ipse
2971 320 3129 373 morti
3182 318 3422 371 nonfuit
3473 321 3572 371 ob-

330 411 471 481 γοῦν,
514 410 565 462 εἰ
605 406 875 470 ἀθάνατός
932 406 1104 470 ἐστιν,
1154 405 1251 457 καὶ
1292 404 1547 473 ποιητὴς,
1619 406 1713 457 καὶ
1758 408 1890 470 τοὺς

319 501 547 572 νεκροὺς
578 497 834 560 ἀνιστῶν,
864 496 925 560 ἐξ
952 496 1071 549 ἴσου
1091 493 1239 563 αὑτῷ
1264 494 1353 546 τὸν
1387 494 1647 564 Μαχόμετ
1675 498 1849 558 ποιεῖς
1876 513 1891 561 ;

317 593 408 661 Μὴ
437 594 466 645 6
500 590 797 660 Mouxauzr
825 588 991 644 ἀνέϐη
1019 589 1077 639 ὲν
1093 585 1427 656 ἀλαλαγμῷ;
1458 584 1596 640 Οῦτε
1621 587 1887 641 ἐκάλεσαν

315 683 365 735 οἰ
400 682 624 750 ἄγγελοι
659 679 1011 749 γεννηθέντα,
1041 678 1102 731 οὑ
1130 678 1447 745 ποιηθέντα,
1474 678 1524 730 εἰ
1559 678 1635 750 μὴ
1666 679 1757 731 τὸν
1783 680 1892 732 Κύ-

315 790 434 843 ριον
472 773 629 844 ἡμῶν
670 770 876 843 Ἰησοῦν
913 769 1169 840 Χριστόν.
1208 769 1318 823 Kal
1367 770 1464 824 ἐπὶ
1496 769 1591 824 τοῦ
1638 772 1880 842 Χριστοῦ

312 864 619 933 ἀνεϐόησαν
640 862 721 926 τὸ,
748 882 767 913 ‹
788 861 925 925 Δόξα
963 862 1021 913 ἐν
1061 860 1306 928 ὑψίστοις
1332 859 1474 931 Θεῷ,
1522 861 1616 915 καὶ
1669 863 1763 915 ἐπὶ
1792 864 1893 932 τῆς

314 957 418 1024 γῆς
462 955 677 1024 εἰρήνη,
712 954 769 1005 ἐν
816 949 1121 1022 ἀνθρώποις
1154 950 1390 1005 εὐδοκία.
1422 971 1441 1003 ι
1478 953 1726 1022 Σήμερον
1778 953 1889 1024 γὰρ

312 1046 581 1115 ἐγεννήθη
610 1043 823 1097 παιδίον
839 1043 957 1095 νέον
978 1043 1005 1095 6
1035 1041 1138 1113 πρὸ
1158 1042 1369 1096 αἰώνων
1383 1042 1535 1105 Θεός.
1551 1062 1569 1096 ι
1603 1044 1889 1114 Πεπλανη-

316 1138 468 1206 μένε,
505 1137 739 1190 ἄκουσον
770 1135 881 1199 τὸ,‹
912 1136 1137 1205 Χαῖρε,›
1168 1134 1272 1187 ὑπὸ
1297 1134 1390 1187 τοῦ
1416 1134 1760 1204 ἀρχαγγέλου
1786 1137 1889 1189 Γα-

310 1226 476 1297 ϐριὴλ
505 1226 641 1297 πρὸς
677 1226 778 1295 τὴν
810 1226 1085 1292 παναγίαν
1130 1224 1426 1293 Παρθένον,
1446 1226 1526 1278 ὅτι
1560 1243 1579 1276 ι
1618 1227 1646 1277 6
1683 1225 1888 1295 Κύριος

314 1319 455 1387 μετά
502 1317 620 1381 σοῦ,
680 1316 774 1370 καὶ
809 1318 1041 1385 δύναμις
1095 1315 1349 1382 Ὑψίστου
1394 1315 1706 1369 ἐπισκιάσει
1739 1333 1873 1369 σοι.»

312 1403 514 1467 Καθὼς
543 1404 766 1467 ἀκούεις
789 1406 853 1457 ἐκ
881 1402 976 1456 τοῦ
1008 1402 1201 1470 κεφαλ.
1231 1409 1297 1455 ια’
1322 1404 1402 1465 εἰς
1425 1402 1523 1473 τήν
1546 1405 1767 1472 γραφὴν
1788 1401 1883 1456 τοῦ

311 1496 608 1566 Ζαχαρίου.
649 1495 760 1547 Kal
790 1496 823 1565 ή
861 1493 1131 1565 Παρθένος
1153 1495 1210 1546 ἐν
1235 1491 1349 1562 ναῷ
1378 1492 1581 1563 Κυρίου
1628 1495 1881 1565 παραγέ-

310 1603 491 1655 γονεν,
540 1588 648 1641 Kal
679 1588 912 1655 ἄγγελος
942 1587 1150 1658 Κυρίου
1177 1586 1384 1656 τροφὴν
1418 1586 1664 1655 κομίζων
1704 1587 1873 1657 αὑτῇ,

2001 413 2215 466 noxius.
2255 412 2360 489 Sed
2390 414 2529 467 sicut
2557 411 2698 467 Deus
2725 411 2814 467 ille
2860 412 2973 476 ipse
3011 420 3096 465 est
3122 409 3463 463 immortalis.
3514 408 3570 462 Si

1997 515 2127 553 vero
2185 510 2267 556 est
2329 503 2676 567 immortalis,
2738 502 3008 567 conditor,
3048 512 3103 555 et
3156 513 3397 556 mortuos
3450 503 3573 556 vita:

1996 592 2238 659 pristina:
2268 594 2578 659 restituens,
2606 594 2878 663 quomodo
2908 593 3055 646 illmn
3092 592 3456 647 Muhammcdi
3492 594 3571 649 si-

1996 684 2176 739 milem
2211 694 2266 738 et
2299 701 2485 754 parem
2522 685 2827 740 constituis.
2854 684 2972 738 Non
2998 684 3340 739 Muhammed
3375 699 3569 740 ascen-

1996 774 2072 827 dit
2096 774 2149 827 in
2179 776 2375 828 corium
2395 776 2715 845 cumjubilis
2741 784 2797 829 et
2829 777 3343 831 acclamationibus.
3380 779 3571 848 Neque

1995 863 2169 932 angeli
2200 864 2366 917 alimn
2399 865 2701 920 increatum
2735 878 2789 919 et
2821 868 3060 934 genitum
3086 868 3202 921 suis
3243 868 3569 923 clamoribus

1992 964 2120 1009 sunt
2178 955 2445 1023 prosecuti
2504 971 2665 1025 quam
2721 958 3004 1011 Dominmn
3079 968 3321 1011 nostrum
3383 956 3566 1013 Jesum

1989 1044 2287 1123 Christum,
2319 1057 2373 1099 et
2400 1046 2514 1102 solo
2545 1055 2798 1102 nascente
2837 1045 3056 1099 Christo
3114 1048 3166 1100 in
3202 1048 3299 1100 has
3363 1058 3566 1116 erupe’~

1993 1147 2116 1190 rttnt
2142 1152 2298 1192 voces
2330 1156 2343 1191 :
2380 1137 2559 1193 Gloria
2590 1140 2641 1192 in
2693 1139 2924 1192 excelsis
2962 1139 3091 1200 Deo,
3120 1139 3173 1192 in
3231 1151 3372 1193 terra
3431 1156 3563 1209 pax,

1988 1242 2115 1294 erga
2172 1227 2417 1281 homines
2461 1230 2598 1282 bona
2630 1229 2903 1294 voluntas,
2960 1230 3117 1282 hodie
3160 1232 3357 1299 quippe
3406 1243 3568 1286 natus

1989 1326 2072 1371 est
2128 1316 2305 1372 infans
2370 1333 2561 1381 novus,
2607 1319 2810 1387 quiest
2879 1320 3016 1373 Deus
3067 1331 3193 1373 ante
3245 1322 3459 1377 smeula.
3516 1323 3564 1377 0

1987 1410 2264 1463 erroribus
2311 1410 2546 1463 obnoxie
2575 1449 2591 1473 ,
2631 1411 2757 1464 audi
2810 1410 3041 1466 salutem
3093 1414 3403 1484 archangeli
3450 1413 3562 1469 Ga-

1990 1498 2171 1553 hrielis
2216 1514 2321 1568 qua
2380 1501 2784 1555 sanctissimam
2840 1500 3113 1571 Virginem
3188 1506 3558 1559 adoriebatur.

1987 1585 2253 1642 Nimirum
2302 1606 2319 1643 :
2378 1589 2637 1645 Dominus
2686 1600 2864 1646 tecum
2897 1630 2913 1655 ,
2966 1592 3138 1646 virtus
3198 1591 3464 1648 Altissimi
3513 1604 3565 1648 te

310 1682 376 1732 ἐκ
400 1682 500 1751 τῆς
525 1680 743 1750 γραφῆς
772 1679 865 1732 τοῦ
886 1678 1177 1748 Ζαχαρίου.
1206 1677 1317 1730 Kal
1346 1677 1530 1741 πάλιν,
1553 1677 1620 1730 τα
1647 1677 1879 1747 οὐράνια

1989 1678 2365 1746 adumbrabit,
2414 1681 2553 1735 sicut
2620 1681 2747 1735 illud
2824 1681 3043 1735 auditur
3094 1691 3151 1735 et
3193 1682 3445 1736 hauritur
3492 1697 3558 1737 ex

311 1775 493 1827 πάντα
522 1772 821 1840 ἐξέστησαν
848 1772 927 1833 εἰς
953 1771 1051 1841 τὴν
1082 1771 1333 1838 γέννησιν
1362 1770 1457 1822 τοῦ
1498 1768 1622 1822 νέου
1668 1770 1882 1823 παιδίου

307 1865 402 1918 τοῦ
424 1866 528 1935 πρὸ
554 1865 766 1918 αἰώνων
787 1863 939 1918 Θεοῦ.
984 1864 1075 1916 Διὸ
1118 1864 1168 1916 οἰ
1214 1862 1437 1931 ἄγγελοι
1472 1862 1749 1933 προσῆγον
1782 1862 1880 1915 τὸν

309 1954 501 2022 ὕμνον,
529 1957 577 2008 oi
610 1954 869 2024 ποίμενες
901 1953 963 2006 τὸ
994 1952 1201 2021 θαῦμα,
1241 1954 1275 2021 ἡ
1301 1952 1373 2020 γῆ
1409 1953 1469 2004 τ’)
1516 1951 1806 2021 σπήλαιον,
1840 1951 1875 2022 ή

308 2044 512 2115 ἔρημος
530 2044 629 2114 τήν
654 2044 883 2112 φάτνην,
917 2043 967 2096 οί
999 2043 1221 2112 οὐρανοὶ
1247 2042 1342 2094 τὸν
1372 2041 1602 2110 ἀστέρα,
1630 2041 1680 2093 οἰ
1702 2041 1886 2110 Μάγοι

305 2138 373 2190 τὰ
397 2135 770 2206 δῶρα.οῦτως
802 2133 1041 2204 ὑπάρχει
1071 2134 1103 2203 ὴ
1129 2133 1382 2201 γέννησις
1409 2131 1503 2185 τοῦ
1526 2130 1662 2184 Θεοῦ
1684 2131 1881 2200 Λόγου.

308 2229 419 2281 Kal
453 2227 516 2279 τὸ
570 2225 873 2295 Κουράνιον
920 2223 1179 2294 προσθεὶς
1226 2222 1376 2290 λέγει
1409 2220 1623 2285 οὕτως*
1688 2222 1885 2276 Ἦνίκα

307 2316 578 2387 ἐγεννήθη
595 2318 622 2369 6
644 2316 814 2385 Λόγος
844 2314 939 2368 τοῦ
960 2313 1094 2367 Θεοῦ
1120 2316 1233 2378 τοῖς
1257 2313 1581 2385 δορυφόροις
1599 2312 1881 2383 συνέτυχε.

306 2412 418 2465 Kal
460 2409 644 2463 λαϐὼν
668 2408 838 2479 πηλὸν
891 2408 1159 2477 πεποίηκε
1218 2406 1474 2476 πτερωτά
1521 2407 1618 2459 καὶ
1672 2405 1884 2476 ἑρπετὰ

303 2501 572 2571 ἥσθησαν.
613 2500 735 2561 Πῶς
764 2499 862 2569 οὐχ
889 2492 1045 2570 εὗρον
1086 2500 1142 2553 ἐν
1170 2497 1247 2567 τῷ
1306 2496 1599 2567 Κουρανίῳ
1641 2513 1735 2549 σου
1780 2496 1882 2549 κᾶν

305 2591 403 2644 ἕνα
435 2590 656 2643 ἔπαινον
680 2590 776 2643 τοῦ
805 2591 1129 2659 Μουχάμετ,
1187 2589 1284 2641 καὶ
1336 2588 1435 2657 τῆς
1469 2588 1676 2660 μητρὸς
1711 2587 1882 2641 αὑτοῦ

306 2683 574 2753 Ἶεμενᾶς,
623 2683 803 2745 καθὼς
841 2682 1039 2751 εὑρέθη
1097 2682 1155 2733 ἐν
1186 2680 1265 2749 τῷ
1300 2680 1588 2751 Κουρανίῳ
1636 2696 1729 2733 σου
1787 2679 1877 2733 διὰ

306 2774 513 2844 Κύριον
540 2775 700 2845 ήμῶν
730 2772 938 2842 Ἰησοῦν
963 2771 1218 2843 Χριστὸν,
1250 2774 1343 2825 καὶ
1380 2771 1482 2843 τὴν
1528 2770 1688 2839 ἁγίαν
1728 2773 1877 2842 Hap-
1910 2792 1919 2805 π

308 2865 461 2919 θένον
486 2867 721 2936 Μαριὰμ.
746 2868 840 2918 καὶ
862 2865 1158 2931 Θεοτόκον;
1187 2863 1359 2918 Πόθεν
1388 2860 1483 2916 οῦν
1505 2864 1692 2928 καλεῖς
1723 2863 1884 2917 αὑτὸν

304 2958 535 3026 ἀδελφὸν
555 2957 649 3010 τοῦ
683 2957 959 3029 Χριστοῦ;
1002 2956 1072 3008 Ἢ
1094 2956 1279 3026 ἕτερον
1333 2957 1622 3025 προφήτην
1659 2956 1717 3021 ἐξ
1763 2957 1884 3027 ἴσης

1985 1769 2159 1838 capite
2181 1786 2235 1823 τι
2265 1769 2384 1823 lihri
2426 1786 2516 1825 seu
2551 1773 2737 1841 scripti
2784 1773 3062 1826 Zacharia:
3098 1787 3114 1826 :
3168 1773 3229 1826 Et
3255 1773 3415 1842 Virgo
3446 1785 3565 1828 erat

1986 1860 2037 1911 in
2069 1858 2281 1927 templo,
2311 1866 2364 1912 et
2415 1863 2638 1929 angelus
2684 1861 2895 1914 Domini
2939 1861 3012 1913 illi
3081 1861 3428 1915 ministrabat
3477 1861 3563 1912 vi-

1984 1960 2151 2004 ctum.
2186 1948 2261 2001 Et
2297 1950 2483 2003 eodem
2509 1950 2713 2019 scripto
2740 1949 3344 2014 Zat-ltari:e,etrursus:
3370 1950 3560 2004 Omnia

1984 2040 2223 2096 cmlestia
2258 2051 2528 2095 commota
2562 2049 2689 2095 sunt
2711 2041 2765 2094 in
2801 2042 3087 2095 nativitate
3119 2042 3243 2094 novi
3276 2043 3429 2109 pueri
3467 2044 3561 2110 qui

1984 2142 2103 2187 erat
2128 2130 2269 2186 Dens
2313 2140 2436 2188 ante
2462 2132 2690 2199 sarcula;
2725 2143 3063 2203 quapropter
3086 2133 3263 2199 angeli
3306 2132 3562 2203 hymnum

1985 2224 2412 2294 suppeditarunt,
2440 2236 2687 2290 pastores
2706 2225 3141 2288 admirationem,
3170 2232 3313 2279 terra
3337 2224 3557 2292 spelun-

1984 2328 2126 2379 cam,
2153 2313 2426 2368 desertum
2457 2330 2735 2384 przeszepe,
2781 2315 2904 2370 coeli
2956 2315 3191 2378 stellam,
3220 2315 3359 2382 magi
3394 2314 3557 2369 dona.

1985 2404 2130 2459 'I'alis
2159 2405 2367 2459 exstitit
2426 2405 2685 2459 nativitas
2717 2405 2809 2458 Dei
2838 2405 3021 2461 Verbi.
3055 2404 3160 2459 Sed
3185 2406 3420 2458 addatur
3445 2404 3561 2472 ipse

1983 2496 2227 2551 Coranus
2245 2498 2335 2565 qui
2365 2499 2443 2552 sic
2467 2498 2705 2567 loquitur
2736 2496 3059 2566 :Postquam
3079 2508 3235 2551 natus
3255 2505 3401 2551 esset
3429 2496 3561 2551 Ver-

1986 2589 2107 2642 bum
2128 2588 2397 2655 Dei,forte
2423 2604 2548 2644 cum
2579 2590 2839 2643 militibus
2870 2590 3319 2654 conversahatur,
3349 2588 3561 2656 accepit

1984 2697 2115 2735 vero
2146 2682 2313 2734 lutum
2344 2681 2543 2751 illoque
2573 2679 2780 2736 eﬂinxit
2805 2682 3060 2735 animalia
3123 2681 3367 2750 quaedam
3401 2680 3559 2734 vola-

1987 2773 2097 2826 tilia
2125 2783 2180 2828 ct
2217 2774 2425 2843 reptilia
2451 2789 2613 2829 sensu
2644 2774 2865 2828 omnino
2917 2772 3162 2842 praedita.
3195 2772 3377 2839 Quare
3425 2786 3560 2826 vero

1984 2868 2037 2921 in
2062 2876 2172 2920 toto
2196 2867 2412 2922 Corano
2445 2868 2590 2921 nulla
2653 2866 3045 2927 Multarumedis
3079 2865 3162 2919 vel
3214 2866 3402 2919 matris
3443 2865 3561 2931 ejus

1984 2956 2221 3013 Jemenae
2245 2957 2833 3023 occurrnntencomia,
2869 2958 3009 3013 sicut
3038 2957 3394 3011 inveniuntur
3436 2972 3559 3026 qua:

304 3051 384 3120 τῷ
404 3016 645 3119 Χριστῷ,
666 3016 891 3117 πλάσμα
920 3016 1068 3109 ὄντες
1091 3016 1199 3098 τοῦ.
1217 3046 1353 3098 Θεοῦ
1380 3016 1588 3115 Λόγου,
1607 3016 1883 3116 καὶνπε

1989 3058 2235 3118 spectant
2265 3048 2548 3101 Dominum
2607 3057 2853 3102 nostrum
2908 3046 3091 3103 Jcsum
3161 3046 3459 3111 Christum,
3501 3057 3566 3102 et

305 3157 546 3211 γραπτοι
588 3142 681 3193 καὶ
714 3138 921 3209 θνητοὶ,
981 3138 1075 3191 καὶ
1110 3136 1371 3208 φθαρτοὶ,
1408 3138 1527 3200 πῶς
1576 3136 1879 3202 ἐξισοῦνται

306 3233 389 3304 τῷ
418 3233 539 3303 Θεῷ
572 3233 730 3303 Λόγῳ
759 3231 980 3301 ἀνάρχῳ
1010 3230 1105 3282 καὶ
1133 3230 1479 3301 ἀτελευτήτῳ
1512 3229 1625 3284 ὄντι
1652 3249 1667 3295 ;

1987 3149 2231 3193 sanctam
2258 3140 2375 3207 ejus
2419 3138 2643 3193 Matrem
2691 3138 2963 3209 Virginem
3025 3138 3117 3193 Dei
3184 3136 3558 3193 Genitricem‘l

1990 3229 2144 3285 Uude
2175 3230 2233 3283 lit
2255 3228 2395 3297 quod
2417 3228 2565 3282 illum
2593 3243 2754 3283 vocas
2775 3228 2998 3283 fratrem
3029 3228 3265 3283 Christi?
3285 3234 3390 3282 Aut
3418 3243 3559 3297 quo-

310 3330 473 3383 modo
499 3327 661 3382 alium
698 3324 1011 3396 prephetatn
1043 3323 1280 3395 aequabis
1305 3323 1701 3389 Christo,cmn
1743 3322 1844 3393 ipsi
1883 3323 1993 3378 sint
2020 3339 2184 3392 opera
2245 3323 2339 3378 Dei
2413 3323 2575 3378 Verbi
2607 3324 2630 3376 Ἰ
2663 3324 2731 3378 Ει
2787 3339 2911 3378 cum
2961 3324 3072 3377 sint
3136 3319 3556 3394 circumscripti.

310 3421 568 3479 mortales
617 3429 672 3477 et
714 3418 1113 3491 corruptibiles,
1162 3418 1435 3488 quomodo
1483 3421 1844 3489 aequabuntur
1886 3420 1993 3476 Deo
2048 3416 2226 3473 Verbo
2257 3417 2400 3487 quod
2427 3427 2580 3473 caret
2612 3417 2883 3487 principio
2912 3426 2966 3472 et
2992 3415 3151 3472 ﬁne?

383 3598 496 3652 Kal
524 3597 660 3662 πῶς,
688 3595 937 3665 λέγοντός
965 3613 1091 3667 μου,
1124 3596 1208 3649 ὃτι
1241 3598 1269 3650 6
1314 3594 1551 3666 Χριστὸς
1582 3595 1717 3659 Υἰὺς
1746 3595 1883 3650 Θεοῦ

311 3692 453 3756 ἐστι,
481 3690 575 3743 καὶ
611 3689 781 3758 Λόγος
810 3688 967 3752 Θεοῦ,
993 3688 1175 3756 λέγεις
1207 3689 1292 3753 σὺ,
1313 3689 1419 3742 Kal
1451 3689 1480 3740 6
1518 3688 1689 3758 Ἀδὰμ
1712 3688 1887 3756 Λόγος

311 3783 435 3835 ἐστὶ
463 3781 557 3833 τοῦ
593 3783 728 3833 Θεοῦ
748 3797 764 3847 ;
787 3780 893 3833 Kal
915 3780 997 3833 ὅτι
1018 3781 1047 3833 6
1074 3780 1308 3850 Χριστὸς
1342 3780 1545 3849 σημεῖα
1562 3780 1657 3833 καὶ
1681 3780 1888 3851 τέρατα

312 3874 592 3944 ἐποίησεν,
629 3875 723 3925 καὶ
745 3873 826 3926 ὅτι
861 3872 990 3926 ἀνευ
1024 3872 1234 3940 σπορᾶς
1262 3871 1481 3942 ἐτέχθη,
1515 3872 1610 3925 καὶ
1636 3873 1887 3943 ἀναμάρ-

311 3968 474 4037 τητός
503 3969 672 4029 ἐστιν,
706 3965 865 4034 ὑμεῖς
909 3982 1069 4033 φατε,
1100 3964 1182 4017 ὅτι
1226 3965 1320 4017 καὶ
1374 3967 1402 4017 6
1458 3964 1631 4035 Ἀδὰμ
1676 3964 1883 4034 ὅμοιος.

312 4059 425 4111 Kal
454 4058 538 4110 ὅτι
568 4057 688 4109 οὑδέ
719 4057 864 4125 ἴχνος
885 4056 1162 4126 ἁμαρτίας
1191 4056 1321 4125 παρ’
1367 4055 1515 4125 αὑτῷ
1537 4054 1759 4125 Χριστῷ
1788 4058 1884 4108 ἐσο

309 4167 416 4214 τιν,
442 4148 642 4216 λέγεις,
668 4147 778 4199 Kal
810 4147 1031 4217 Ἰωάννῃ
1061 4146 1122 4198 τὸ
1146 4145 1276 4198 αὑτό
1297 4162 1309 4176 ·
1327 4146 1436 4199 Kal
1460 4144 1514 4198 τὶ
1537 4144 1880 4214 θαυμαστόνς

308 4238 421 4291 Kal
444 4239 574 4289 ὅταν
604 4236 752 4305 λέγω
773 4238 853 4290 ὅτι
877 4239 1102 4309 νεκροὺς
1125 4237 1445 4308 ἀνέστησεν,
1471 4237 1566 4290 καὶ
1596 4237 1753 4307 ὑμεῖς
1800 4235 1885 4290 λέ-

2059 3599 2240 3666 Quare
2284 3615 2433 3669 vero,
2464 3614 2550 3655 me
2584 3609 2864 3656 asserente
2910 3600 3184 3655 Christum
3213 3612 3333 3653 esse
3363 3598 3557 3654 Filium

1992 3690 2084 3745 Dei
2114 3701 2169 3747 et
2194 3690 2433 3748 Verbum
2466 3692 2585 3756 Dei,
2634 3695 2841 3763 regeris
2870 3692 3139 3745 Adamum
3173 3705 3294 3744 esse
3332 3680 3556 3744 verbum

1993 3782 2127 3838 Dei?
2150 3782 2283 3839 Cum
2308 3784 2427 3840 dico
2446 3782 2725 3839 Christum
2756 3786 2907 3855 signa
2924 3793 2978 3837 et
3010 3782 3266 3837 miracula
3290 3793 3556 3850 patrasse,

1991 3885 2045 3930 et
2078 3876 2197 3931 sine
2248 3876 2456 3931 semine
2486 3886 2694 3940 natum,
2726 3884 2780 3928 et
2823 3874 2971 3929 nulla
3015 3873 3225 3943 peccati
3298 3871 3419 3925 lahe
3479 3870 3562 3924 iu-

1991 3968 2297 4037 quinatum.
2331 3982 2429 4021 cur
2456 3967 2635 4021 dicitis
2688 3966 2828 4019 idem
2890 3978 3182 4019 occurrere
3212 3964 3269 4017 in
3300 3960 3562 4016 Adamo?

1988 4073 2088 4112 cur
2110 4058 2359 4112 asseritis
2394 4059 2560 4127 quod,
2598 4057 2641 4110 si
2675 4057 2727 4109 in
2762 4056 2976 4109 Christo
3010 4054 3155 4108 nulla
3208 4051 3563 4122 apparuerint

1989 4147 2194 4215 peccati
2245 4148 2494 4216 vestigia,
2547 4147 2687 4199 idem
2746 4146 2811 4199 de
2854 4143 3061 4199 Joanne
3118 4143 3221 4197 dici
3276 4142 3469 4211 possit,
3493 4151 3563 4204 ,οι

1992 4241 2093 4292 hoc
2118 4238 2257 4291 inter
2281 4238 2524 4292 miranda
2579 4254 2681 4291 non
2710 4250 2831 4291 esse
2862 4235 3247 4289 recensendum
3272 4233 3297 4287 ?
3324 4234 3389 4288 Et
3432 4248 3556 4287 cum

309 4331 592 4396 γετε,Καὶ
635 4330 817 4393 Ἠλίας
862 4331 1180 4401 ἀνέστησεν.
1212 4331 1322 4383 Kal
1370 4328 1436 4382 ἂν
1466 4328 1577 4398 ἐγὼ
1615 4330 1781 4398 λέγω,
1824 4330 1884 4384 '0

1990 4344 2174 4385 assero
2232 4328 2507 4383 Christum
2570 4339 2812 4382 mortuos
2859 4326 3153 4388 excitasse,
3213 4338 3312 4379 cur
3381 4324 3560 4382 dicitis

308 4418 517 4489 Κύριος
542 4418 816 4489 ἀνελήφθη
844 4421 924 4482 εἰς
943 4421 1230 4490 οὐρανοὺς,
1250 4420 1461 4489 λέγετε,
1498 4420 1608 4473 Kal
1632 4420 1684 4474 τί
1711 4422 1886 4491 παρά-

307 4510 490 4576 δοξον;
521 4512 617 4563 καὶ
650 4513 678 4563 6
712 4510 882 4581 Ἑνὼχ
909 4512 1129 4581 ὁμοίως.
1165 4512 1421 4583 Ἔτοιμός
1467 4514 1585 4583 εἰμι
1626 4515 1654 4567 6
1689 4531 1886 4566 ταπει-

308 4601 401 4664 νὸς
463 4601 747 4672 Ἐδεσηνος
803 4603 1032 4673 μοναχὸς
1086 4603 1300 4672 ἐλέγξαι
1353 4621 1414 4657 σε
1482 4605 1610 4675 περὶ
1668 4605 1885 4658 πάντων

309 4687 385 4744 ὧν
418 4682 599 4760 λέγεις
645 4693 1085 4763 διαψευδόμενος.
1114 4689 1185 4746 Ὦ
1210 4695 1403 4764 ἀνόητε
1448 4696 1549 4749 κᾶν
1601 4696 1766 4767 λέγῃς
1802 4696 1885 4748 ὃτι

308 4786 338 4837 6
363 4783 541 4853 Ἀδὰμ
570 4783 745 4837 ἔοικεν
774 4784 850 4855 τῷ
872 4783 1094 4853 Χριστῷ
1116 4785 1205 4837 διὰ
1223 4785 1303 4847 τὸ,
1346 4786 1421 4849 ὡς
1454 4785 1885 4857 πρωτόπλαστος

308 4869 402 4944 ἦν,
439 4876 534 4926 καὶ
553 4874 680 4927 ἄνευ
710 4876 917 4943 σπορᾶς
942 4870 1031 4945 ἦν,
1061 4876 1249 4928 λοιπὸν
1277 4877 1369 4929 καὶ
1417 4879 1446 4930 6
1496 4876 1711 4947 πρῶτος
1744 4878 1884 4943 ἀγα-

307 4966 548 5035 τίδαρος,
579 4967 672 5019 καὶ
696 4969 724 5019 6
750 4967 916 5029 κύων,
946 4967 1038 5019 καὶ
1071 4968 1099 5019 6
1131 4966 1255 5035 δφις
1305 4969 1434 5021 ἄνευ
1480 4970 1689 5037 σπορᾶς
1721 4970 1881 5033 εἰσιν,

310 5059 407 5111 καὶ
442 5059 677 5122 ἐοίκασι,
708 5059 851 5112 κατὰ
873 5059 965 5111 τὶν
996 5059 1088 5111 σον
1114 5059 1291 5126 λόγον,
1318 5060 1411 5111 καὶ
1446 5058 1522 5128 τῷ
1565 5059 1759 5130 Ἀδὰμ,
1791 5063 1885 5113 καὶ

309 5149 390 5221 τῷ
448 5150 690 5220 Χριστῷ.
752 5151 863 5203 Kal
913 5150 1138 5202 αὐτόθεν
1196 5150 1341 5218 λέγω
1390 5167 1519 5203 σοι·
1583 5149 1643 5203 '0
1714 5152 1883 5221 Ἀδὰμ

311 5239 526 5307 ποίημά
550 5241 698 5292 ἐστιν
744 5239 837 5292 τοῦ
879 5237 1015 5290 Θεοῦ
1070 5238 1267 5306 Λόγου.
1320 5240 1431 5292 Kal
1481 5241 1509 5291 6
1555 5240 1732 5307 Λόγος
1786 5241 1882 5293 τοῦ

309 5330 470 5397 Θεοῦ,
501 5330 735 5401 Χριστός
775 5331 942 5383 ἐστιν.
983 5329 1095 5382 Kal
1127 5330 1242 5392 πῶς
1265 5329 1410 5392 ἴσους
1438 5333 1608 5393 ποιεῖς
1636 5346 1649 5396 ;
1688 5330 1745 5383 Ὀ
1793 5331 1883 5382 ’Λ-

310 5422 423 5491 δὲμ
447 5422 632 5484 δοῦλος
662 5422 757 5473 καὶ
786 5422 1083 5491 ὑπουργὸς,
1140 5425 1236 5477 καὶ
1269 5422 1487 5494 παρέϐη
1517 5422 1616 5493 τὴν
1661 5424 1883 5494 ἐντολὴν

311 5511 406 5565 τοῦ
436 5509 597 5577 Θεοῦ,
615 5512 711 5565 καὶ
735 5512 1061 5582 ἁμαρτήσας
1089 5512 1366 5583 ἐξωρίσθη
1395 5512 1488 5566 τοῦ
1520 5512 1880 5581 παραδείσου.

316 5601 428 5656 Kal
454 5599 572 5665 πῶς
595 5599 773 5655 έοικεν
804 5602 833 5654 6
853 5601 1236 5673 ἀναμάρτητος
1261 5604 1431 5672 Λόγος
1465 5601 1562 5656 τοῦ
1594 5602 1728 5657 Θεοῦ
1782 5604 1874 5658 καὶ

1992 4422 2163 4475 Eliam
2217 4421 2359 4475 idem
2390 4422 2553 4476 etiam
2600 4418 2961 4490 praestitisse?
2995 4417 3062 4472 Et
3122 4432 3244 4472 cum
3304 4419 3561 4487 proﬁteor

1980 4512 2275 4601 Pominum
2310 4514 2363 4567 in
2388 4513 2551 4567 caelos
2578 4511 2905 4576 ascendisse,
2938 4525 3036 4564 cur
3094 4510 3433 4579 respondetis
3456 4508 3561 4563 hoc

1986 4619 2097 4660 non
2122 4620 2243 4660 esse
2264 4606 2618 4673 paradoxum,
2642 4612 2695 4657 et
2722 4613 2873 4657 extra
2911 4617 3090 4656 rerum
3115 4602 3557 4670 etexemplorum

1986 4697 2250 4762 ordinem,
2275 4712 2397 4751 cum
2422 4696 2630 4763 ctﬁdem
2666 4695 2829 4748 etiam
2869 4691 3088 4748 Enocho
3112 4692 3418 4761 contigerit.
3450 4688 3556 4744 Sed

1985 4802 2085 4856 ego
2105 4786 2956 4856 humilistrionachnsﬁdessenus
2979 4801 3094 4840 smn
3117 4793 3336 4853 paratus
3359 4782 3425 4836 ad
3448 4781 3557 4835 dif-

1986 4877 2157 4931 nanda
2176 4878 2569 4933 etcenintanda
2590 4894 2650 4930 ea
2665 4878 2845 4930 omnia
2862 4892 2982 4946 qum
3000 4875 3207 4944 profers
3227 4873 3553 4927 mentiendo.

1987 4966 2031 5022 Ο
2049 4968 2400 5037 ineptissime,
2434 4969 2476 5021 si
2504 4968 2624 5021 ideo
2644 4965 3249 5020 AdannuscumChristo
3275 4963 3557 5018 conferen-

1986 5060 2086 5113 dus
2114 5061 2237 5127 quia
2262 5059 2403 5112 sicut
2442 5056 2689 5111 Christus
2723 5059 2930 5126 primus
2971 5058 3131 5109 homo
3156 5054 3422 5108 formatus
3456 5054 3554 5107 fuit

1986 5149 2103 5202 sine
2130 5149 2687 5214 semine,sequeretur
2710 5148 2941 5214 primum
2960 5147 3198 5208 asinmu,
3214 5144 3445 5212 primum
3460 5160 3555 5197 ca-

1988 5255 2130 5302 nem,
2152 5240 2385 5307 primum
2416 5248 2744 5306 serpentem,
2765 5238 3060 5290 secundum
3085 5235 3551 5289 ratiocinationem

1988 5340 2156 5395 tuam,
2180 5345 2302 5384 cum
2329 5330 2535 5382 Adamo
2559 5337 2614 5381 et
2640 5327 2855 5381 Christo
2880 5340 3038 5394 posse
3058 5325 3312 5390 conferri,
3336 5340 3435 5379 nec
3463 5324 3553 5379 illa

1988 5421 2040 5475 in
2074 5437 2138 5475 eo
2169 5436 2291 5475 esse
2318 5419 2604 5473 deterioris
2628 5418 2816 5481 sortis;
2851 5430 2973 5468 nam
3004 5420 3148 5469 sicut
3174 5415 3282 5480 ille,
3317 5414 3549 5469 formata

1986 5514 2103 5568 sine
2134 5514 2341 5567 semine
2376 5511 2601 5564 luerunt
2629 5510 2727 5561 ista
2768 5506 3046 5561 animalia.
3084 5505 3191 5560 Sed
3235 5520 3422 5559 rursus
3448 5506 3547 5560 tibi

1989 5620 2178 5675 regem
2208 5606 2479 5661 Adamum
2515 5602 2692 5672 ipsum
2746 5597 2917 5654 fuisse
2968 5606 3278 5653 creaturam
3321 5607 3374 5653 et
3404 5612 3544 5668 opus
