3752 6232
407 208 544 276 1399
1541 210 2103 273 BARTHOLOM/EI
2149 209 2486 270 EDESSEN
2497 209 2519 266 I
3476 213 3568 278 iiiis

406 330 577 396 ipsius
610 325 770 382 Verbi
815 326 930 392 Dei,
973 324 1208 380 Verbum
1247 338 1375 379 vero
1441 324 1536 380 Dei
1594 337 1681 380 est
1733 326 1972 380 Christus

2088 322 2378 387 ἀθανάτος,
2405 323 2496 373 καὶ
2532 319 2709 389 μένων
2756 320 2836 384 εἰς
2878 323 3001 383 τοὺς
3059 319 3264 383 αἰῶνας
3311 320 3426 372 ὅπου
3467 317 3571 392 ἢ·νῂ

405 418 540 486 ipse.
574 416 854 482 Quomodo
886 431 1013 484 ergo
1045 415 1167 470 illos
1197 429 1353 484 pares
1385 422 1440 472 et
1493 415 1698 470 similes
1751 414 1955 495 consti-
2065 411 2329 483 πρότερον
2356 428 2372 476 ;

405 509 534 562 tuis.
563 508 801 560 Adamus
835 505 935 560 iuit
986 519 1197 568 servus,
1245 504 1514 569 minister,
1547 513 1601 557 et
1659 495 1970 556 mandatum
2012 500 2104 554 Dei
2169 509 2516 566 trangressus
2565 506 2669 562 est,
2706 507 2761 551 et
2819 505 2944 566 post
2990 504 3276 566 peccatum
3309 495 3442 549 exsul
3469 512 3575 564 para-

407 600 526 654 diso
554 600 736 668 pulsus
763 609 862 653 est.
896 597 1176 664 Quomodo
1203 613 1332 668 ergo
1361 599 1551 653 similis
1582 609 1725 653 esset
1747 597 1922 651 Verbo
1949 597 2059 660 Dei,
2081 596 2226 664 quod
2241 598 2330 647 ’est
2353 593 2679 654 immortale,
2715 595 2860 662 quod
2888 602 2973 647 est
3000 597 3120 646 sine
3161 601 3389 661 peccato,
3411 600 3566 661 etquod

408 704 622 760 semper
656 701 885 758 occupat
907 692 1154 746 eumdem
1189 690 1365 744 locum
1401 705 1560 759 quem
1589 690 1656 744 ab
1679 699 1883 743 aeterno
1901 688 2203 754 occupavit.

479 785 596 838 Dixi
635 784 726 838 tibi
773 782 1044 837 Christum
1095 783 1212 836 sine
1257 783 1466 836 semine
1501 790 1708 846 natum,
1741 789 1794 833 et
1829 797 1976 832 nun-

409 891 570 944 quam
616 885 834 943 peccato
868 874 1161 930 obnoxium
1219 873 1414 936 fuisse;
1474 873 1680 942 regeris
1735 888 1862 925 vero
1921 884 1975 924 tu

410 967 551 1034 quod
598 967 745 1023 idem
779 966 846 1020 de
898 963 1104 1018 Joanne
1162 965 1265 1018 dici
1322 964 1507 1033 possit.
1556 964 1661 1017 Sed
1704 962 1970 1026 mentiris,

410 1072 536 1111 nam
602 1055 816 1112 etiamsi
861 1070 963 1109 non
1015 1054 1315 1124 peccaverit
1344 1064 1398 1107 et
1442 1052 1608 1107 soboli
1659 1050 1981 1120 generandae

410 1163 516 1202 non
565 1147 859 1210 vacaverit,
906 1153 1068 1198 natus
1121 1155 1204 1198 est
1253 1155 1428 1198 tamen
1471 1159 1534 1196 ex
1570 1143 1796 1206 semine,
1825 1150 1973 1195 eteo

409 1238 571 1292 modo
613 1237 841 1290 naturali
889 1253 995 1305 qtto
1027 1236 1275 1289 homines
1324 1235 1566 1302 generari
1591 1237 1785 1288 solent.
1816 1231 1990 1298 Quo-.

410 1328 570 1381 modo
599 1341 726 1396 ergo
764 1327 981 1380 Christo
1012 1325 1245 1380 conferri
1291 1333 1466 1393 potest
1493 1324 1515 1377 ’ἰ
1550 1324 1667 1377 Dixi
1699 1323 1974 1377 Christum

408 1416 517 1468 vim
538 1430 692 1470 suam
749 1415 1027 1469 exeruisse
1066 1415 1117 1467 in
1154 1415 1316 1467 variis
1363 1415 1531 1482 signis
1599 1423 1653 1468 et
1704 1411 1978 1467 miraculis

407 1507 720 1575 patrandis;
760 1506 893 1561 dicis
928 1521 1054 1560 vero
1086 1515 1161 1568 tu,
1202 1507 1342 1574 quod
1383 1505 1556 1559 Moses
1588 1506 1725 1561 idem
1762 1505 1973 1558 fecerit.

2149 775 2314 830 Εῐπύν
2346 793 2452 838 σοι,
2482 777 2565 829 ὅτι
2595 777 2621 828 6
2640 774 2878 844 Χριστὸς
2907 773 3033 826 ἄνευ
3067 773 3276 843 σπορᾶς
3303 773 3486 844 ἐτέχθη,
3517 778 3572 828 κίε

2073 868 2234 922 οὐδὲν
2285 867 2549 938 ἥμαρτεν.
2602 867 2713 918 Καὶ
2748 867 2812 919 σὺ
2863 865 3080 932 λέγεις’
3125 865 3236 916 Kal.
3297 864 3511 934 Ἰωάννης
3539 871 3576 918 τε

2076 959 2229 1011 αὐτό.
2276 957 2440 1010 Ἀλλὰ
2486 955 2760 1028 ψεύδῃ.Εἰ
2813 957 2909 1010 καὶ
2965 957 3066 1010 οὐκ
3115 955 3381 1024 ἔσπειρεν,
3411 958 3484 1010 καὶ
3516 961 3575 1027 οἰχ

2083 1050 2350 1121 ἥμαρτεν,
2384 1048 2502 1102 ἀλλ’
2527 1051 2590 1101 ὲκ
2651 1049 2967 1118 σπέρματος
3003 1047 3230 1117 ἐτέχθη,
3261 1048 3351 1101 καὶ
3371 1051 3488 1102 κατὰ
3515 1051 3576 1118 τὴν

2078 1139 2421 1210 ἀνθρωπίνην
2449 1139 2667 1208 ἐγένετο
2683 1139 2868 1208 φύσιν.
2909 1139 3026 1192 Νῦν
3049 1137 3246 1209 ὲρωτῶ
3286 1156 3340 1191 σε
3365 1139 3464 1203 πῶς
3480 1140 3576 1194 ἔοικε

2074 1230 2152 1302 τῷ
2175 1230 2429 1302 Χριστῷ;
2465 1228 2620 1284 εἶπόν
2648 1249 2751 1296 σοι,
2782 1231 2864 1284 ὅτι
2887 1233 2914 1284 6
2945 1231 3191 1300 Χριστὸς
3225 1233 3410 1300 σημεῖα
3437 1234 3574 1284 niti-

2080 1339 2218 1391 ρατα
2257 1321 2531 1391 ἐποίησεν,
2554 1322 2648 1375 καὶ
2671 1317 2852 1386 εἴπας,
2888 1324 2970 1375 ὅτι
2994 1321 3093 1374 καὶ
3129 1321 3364 1390 Μωῢσῆς
3398 1321 3447 1373 τδ
3471 1323 3572 1376 αὖτέ.

2090 1411 2252 1465 Ἀλλὰ
2287 1412 2479 1483 ψεύδῃ.
2521 1413 2576 1465 '0
2610 1414 2852 1483 Μωῦσῆς
2878 1414 3047 1484 χωρὶς
3080 1414 3342 1481 ὀνόματος
3382 1412 3461 1465 τοῦ
3492 1415 3577 1482 Χρι-

2083 1503 2210 1556 στοῦ
2229 1506 2432 1574 σημεῖα
2466 1503 2691 1574 ποιῆσαι
2715 1505 2816 1556 οὐκ
2843 1503 3400 1575 ὲὸυνήθη.Εἷπενγὰρ

412 1598 517 1653 Sed
544 1597 770 1653 falleris.
805 1597 979 1653 Moses
1018 1598 1134 1652 sine
1175 1599 1392 1652 nomine
1455 1597 1658 1651 Christi
1717 1595 1972 1649 miracula

2094 1595 2336 1663 Ἐϐραΐδι
2360 1598 2511 1666 φωνῇ
2539 1597 2674 1666 πρὸς
2710 1597 2804 1650 τὸν
2841 1595 3063 1668 Φαραὼ,
3117 1596 3264 1656 Ἀῑὰ,
3300 1598 3452 1666 Ἀσαρ
3481 1598 3573 1660 'A’J,

409 1701 632 1758 patrare
659 1704 761 1742 non
794 1699 1024 1759 poterat.
1060 1689 1245 1744 Primo
1266 1690 1463 1758 quippe
1492 1688 1704 1742 dicebat
1732 1686 1974 1740 Pharao-

409 1779 464 1834 ni
498 1779 760 1836 Hebraica
788 1780 1004 1849 lingua:
1048 1781 1168 1842 Aia,
1201 1780 1355 1843 Aser,
1403 1781 1517 1843 Aia,
1573 1779 1797 1847 Aspaot,
1831 1777 1978 1832 mislt

409 1883 496 1923 me
520 1870 586 1925 ad
617 1878 686 1933 te,
713 1870 815 1923 hoc
845 1879 920 1923 est
954 1869 1117 1934 Deus,
1159 1871 1442 1932 Dominus,
1465 1869 1703 1938 Spiritus
1729 1877 1972 1932 sanctus,

408 1960 605 2028 quibus
629 1960 812 2013 verbis
836 1961 968 2014 satis
995 1962 1224 2015 ostendit
1261 1962 1530 2030 propriam
1564 1975 1714 2015 suam
1744 1962 1976 2016 servitu-

413 2059 538 2115 tem,
571 2066 678 2118 qua
705 2051 1038 2118 superiorem
1077 2063 1129 2104 ct
1159 2052 1442 2105 Dominum
1474 2051 1825 2120 agnoscebat;
1865 2052 1975 2104 imo

409 2150 649 2194 sanctam
714 2140 1034 2194 Trinitatem
1085 2143 1248 2195 etiam
1306 2142 1675 2196 manifestavit
1725 2143 1912 2197 dicens
1959 2161 1972 2194 :

410 2231 575 2296 Deus,
604 2231 882 2296 Dominus,
925 2242 977 2286 et
1007 2233 1241 2301 Spiritus
1286 2242 1525 2288 sanctus.
1572 2233 1636 2288 Et
1671 2234 1734 2287 ad
1765 2243 1974 2302 tempus

413 2331 643 2387 tantum,
668 2333 861 2378 etcum
887 2324 1138 2390 precibus
1159 2333 1210 2376 et
1231 2325 1487 2395 lacrymis
1510 2324 1767 2378 miracula
1788 2337 1968 2393 patra-

410 2416 506 2468 vit.
557 2414 691 2478 Quia
727 2425 781 2469 et
816 2425 1001 2484 postea
1033 2418 1082 2468 in
1133 2415 1224 2471 Dei
1278 2416 1588 2470 mandatum
1648 2417 1971 2484 impingens,

409 2514 696 2572 propterea
741 2520 848 2560 non
879 2507 1012 2560 vidit
1049 2517 1247 2561 terram
1300 2506 1694 2576 promissionis,
1735 2518 1790 2562 et
1819 2521 1973 2562 extra

411 2594 557 2648 illam
609 2597 849 2650 suaviter
913 2607 1159 2652 mortuus
1197 2607 1309 2653 'est.
1361 2597 1478 2664 Quo
1529 2599 1595 2653 de
1637 2599 1854 2668 negotio
1897 2598 1978 2654 sic

409 2685 649 2755 loquitur
684 2688 930 2743 Coranus
959 2696 1083 2744 tuus
1125 2688 1708 2759 Μπατελμουκάτεμ,
1733 2706 1826 2746 seu
1866 2701 1974 2745 ter-

413 2791 526 2837 ram
566 2777 960 2844 promissionis.
1000 2780 1248 2835 Christus
1293 2795 1420 2835 vero
1467 2780 1585 2835 sine
1622 2783 1874 2848 precibus
1920 2788 1974 2834 et

409 2865 882 2936 elllagitationihus
953 2882 1193 2925 mortuos
1282 2873 1584 2936 excitavit,
1672 2873 1972 2941 imperante

2093 1685 2364 1739 Ἀσπαούθ
2385 1702 2399 1715 ο
2418 1685 2738 1738 Ἀπέστειλέ
2762 1703 2829 1757 με
2849 1689 2985 1758 πρὸς
3021 1686 3106 1750 σὲ,
3137 1684 3234 1738 τοῦ
3245 1686 3283 1738 τ’
3308 1686 3452 1750 ἔστιν,
3475 1686 3571 1748 826;.

2079 1775 2304 1846 Κύριος,
2329 1776 2424 1829 καὶ
2451 1778 2511 1829 τὸ
2539 1776 2694 1844 ἆγιον
2717 1776 2966 1846 Πνεῦμα.
2999 1777 3116 1830 Καὶ
3151 1776 3389 1841 ὑπέδειξε
3428 1777 3504 1843 τὴν
3527 1779 3573 1827 si-

2079 1866 2233 1920 κείαν
2257 1865 2584 1936 δουλοσύνην
2615 1867 2749 1935 πρὸς
2779 1867 2869 1920 τὸν
2892 1868 3180 1935 Δεσπότην
3211 1865 3386 1919 αὑτοῦ.
3423 1866 3576 1934 Ἐφανέ-

2080 1975 2222 2029 ρωσε
2245 1957 2340 2028 τὴν
2371 1958 2531 2026 ἁγίαν
2591 1958 2820 2028 Τριάδα,
2858 1957 3052 2020 εἰπὼν,
3102 1958 3260 2021 Θεὸς,
3299 1960 3485 2028 Κύριος.
3514 1960 3572 2011 καὶ

2077 2049 2137 2102 τὸ
2171 2049 2322 2116 ἅγιον
2357 2048 2601 2119 Πνεῦμα.
2647 2050 2758 2102 Καὶ
2785 2048 2873 2103 διὰ
2909 2049 3006 2118 μὲν
3032 2049 3275 2119 χρόνων,
3310 2050 3395 2102 καὶ
3427 2049 3478 2101 δι’
3515 2051 3571 2100 εὖ·

2078 2141 2210 2212 χῶν,
2233 2141 2327 2194 καὶ
2349 2141 2602 2211 δακρύων
2636 2141 2902 2210 πεποίηκε
2935 2141 3003 2194 τὰ
3050 2141 3334 2212 θαύματα.
3372 2142 3451 2194 Ἐκ
3492 2142 3569 2194 τότε

2082 2234 2312 2294 πταίσας
2346 2232 2480 2301 πρὸς
2499 2230 2590 2284 τὸν
2621 2230 2754 2284 Θεὸν
2775 2232 2873 2284 οὐκ
2899 2227 3038 2284 εἶδεν
3071 2233 3176 2302 τὴν
3210 2234 3308 2301 γῆν
3344 2233 3430 2301 τῆς
3453 2233 3570 2299 ἕπετο

2077 2323 2287 2390 γελίας,
2328 2323 2466 2376 ἀλλὰ
2497 2323 2618 2375 κατ’
2657 2323 2852 2392 ἡδονὴν
2901 2324 3314 2394 τετελεύτηκεν.
3369 2324 3459 2376 Καὶ

2076 2414 2265 2468 τούτου
2292 2416 2351 2467 τὸ
2388 2415 2690 2486 Κουράνιόν
2725 2431 2819 2467 σου
2868 2415 3036 2483 λέγει,
3072 2416 3567 2484 Μπατενιμουκατὲμ·

2077 2505 2245 2576 ἤγουν
2273 2507 2372 2576 τὴν
2424 2507 2527 2576 γῆν
2559 2507 2655 2574 τῆς
2697 2507 3052 2574 ἐπαγγελίας.
3125 2507 3186 2560 Ὃ
3213 2508 3426 2577 Χριστὸς
3461 2508 3568 2575 χωρὶς

2078 2597 2243 2667 εὐχῆς
2287 2597 2380 2650 καὶ
2411 2596 2846 2668 παρακαλέσεως
2895 2599 3024 2662 τοὺς
3084 2599 3568 2668 νεκροὺς

2076 2689 2383 2758 Δεσποτικῇ
2417 2690 2569 2759 φωνῇ
2600 2688 2707 2758 γὰρ
2737 2688 3000 2758 ἐλάλησεν
3027 2689 3177 2761 πρὸς
3227 2689 3314 2742 τὸν
3345 2689 3567 2759 τετραήμε.

2078 2795 2172 2850 ρον
2202 2776 2469 2850 Λάζαροψ
2499 2797 2519 2830 ι
2555 2778 2968 2851 Λάζαρε,δεῦρο
3000 2779 3168 2845 ἔξω.»
3188 2780 3305 2844 Πῶς
3321 2780 3430 2848 γοῦν
3455 2779 3568 2832 ἔοικεν

2077 2869 2155 2940 τῷ
2199 2869 2390 2940 Ἀδὰμ,
2419 2869 2516 2925 καὶ
2539 2869 2620 2940 τῷ
2648 2871 2881 2942 Μωῦσῇ,
2915 2871 2946 2941 ἢ
2969 2872 3142 2943 ἑτέρᾳ
3166 2874 3273 2925 τινὶ
3293 2872 3386 2925 τῶν
3407 2871 3566 2940 κτισμά-

411 2934 609 3028 quippe
633 2973 762 3014 voce
784 2962 862 3015 sic
893 2963 1104 3017 locutus
1122 2964 1187 3016 ad
1216 2963 1482 3017 Lazarum
1504 2964 1922 3033 quatriduanum
1954 2982 1967 3017 :

2081 2934 2188 3016 των
2238 2934 2421 3032 φύσει.
2446 2934 2635 3030 Λέγων
2667 2934 2858 3026 παλαι,
2896 2934 2953 3017 ’ό
2985 2934 3228 3036 Χριστος
3261 2934 3567 3033 ἀνελήφθηέἰς

409 3047 634 3117 Lazare,
667 3052 784 3106 veni
829 3051 1005 3120 loras;
1038 3057 1309 3122 quomodo
1357 3070 1486 3123 ergo
1532 3056 1766 3110 conferri
1801 3063 1978 3124 potest

408 3158 528 3206 cum
554 3144 795 3210 Adamo,
847 3161 967 3198 cum
1023 3146 1190 3210 Mose,
1233 3147 1315 3202 vel
1376 3162 1495 3202 cum
1556 3149 1659 3201 alia
1711 3149 1971 3218 quapiam

2083 3056 2366 3125 οὐρανοὺς,
2396 3054 2471 3116 ὡς
2501 3049 2652 3106 εἶπόν
2683 3071 2784 3118 σοι,
2815 3055 2872 3107 ὲν
2901 3055 3028 3126 δόξῃ
3064 3072 3082 3088 ’
3124 3057 3221 3110 καὶ
3251 3058 3310 3110 σὺ
3333 3051 3475 3118 εἶπας,
3516 3053 3563 3104 ὅτι

2086 3146 2198 3200 Καὶ
2230 3148 2257 3200 6
2289 3145 2462 3215 Ἑνὼχ
2475 3146 2698 3216 ὁμοίως,
2736 3146 2829 3199 καὶ
2849 3146 2901 3198 τι
2928 3147 3158 3214 καινὸνς

409 3235 694 3289 creatura?
724 3238 865 3292 Ante
898 3252 1023 3293 vero
1066 3253 1186 3293 cum
1229 3239 1463 3294 dicerem
1491 3241 1761 3294 Christum
1790 3240 1958 3308 εισι-εει
1997 3238 2388 3292 circumdatum
2451 3237 2761 3291 ascendisse
2827 3239 2879 3292 in
2931 3241 3130 3305 caelos,
3161 3239 3331 3294 dixisti
3370 3236 3563 3292 Bacchum

409 3326 520 3392 pari
557 3326 814 3380 miraculo
836 3328 1184 3397 conspicuum
1221 3331 1406 3396 fuisse,
1432 3339 1485 3384 et
1505 3331 1634 3384 nihil
1669 3331 1721 3384 in
1751 3331 1967 3383 Christo
2007 3327 2130 3381 novi
2161 3327 2475 3396 contigisse.

479 3415 704 3482 lnsulse,
731 3425 784 3469 et
807 3419 1031 3472 ahomni
1059 3421 1283 3475 veritate
1312 3423 1506 3484 aliene,
1529 3423 1572 3474 si
1597 3420 1781 3474 Euoch
1816 3421 1974 3496 istam

408 3508 714 3562 libertatem
744 3520 798 3562 et
833 3511 1057 3579 gloriam
1084 3511 1226 3566 illius
1255 3513 1418 3567 sortis
1462 3525 1514 3566 et
1546 3512 1636 3565 lati
1665 3521 1748 3566 est
1786 3527 1978 3566 conse-

409 3611 588 3662 cutus,
637 3617 824 3656 verum
881 3603 1094 3671 quidem
1137 3604 1292 3657 dicis.
1350 3603 1455 3659 Sed
1502 3619 1567 3658 ex
1606 3604 1714 3658 tuis
1762 3604 1978 3672 scriptis

407 3701 622 3756 consult
665 3692 763 3745 hoc
790 3706 911 3746 esse
952 3692 1166 3746 falsum.
1193 3694 1436 3749 Coranus
1468 3695 1663 3764 quippe
1698 3706 1819 3750 tuus
1848 3695 1979 3748 dicit

408 3781 687 3833 Enochum
712 3797 852 3835 nunc
874 3797 994 3836 esse
1040 3783 1092 3836 in
1121 3782 1236 3838 loco
1260 3785 1491 3852 quodam
1520 3785 1808 3847 altissimo,
1836 3798 1888 3839 et
1920 3787 1970 3840 in

410 3870 528 3938 ipso
557 3880 648 3924 tuo
672 3870 886 3924 Corano
909 3871 1086 3926 inveni
1111 3871 1282 3926 locum
1307 3872 1469 3927 istum
1498 3887 1617 3928 esse
1645 3875 1970 3942 paradisum.

409 3959 668 4030 Sequitur
714 3977 843 4028 ergo
887 3961 1164 4016 Enochum
1205 3979 1326 4018 esse
1363 3973 1568 4018 tantmn
1607 3966 1658 4018 in
1694 3967 1969 4033 paradiso.

408 4051 560 4118 Quod
603 4065 730 4105 vero
767 4051 1052 4106 Dominum
1099 4039 1328 4122 spectat,
1384 4056 1580 4126 legitur
1611 4057 1662 4110 in
1697 4056 1976 4111 Alcorauo

406 4144 549 4214 quod
592 4142 735 4206 Deus
787 4146 1064 4198 voc:tvcrit
1123 4143 1303 4199 .lesum
1368 4147 1643 4202 Christum
1699 4159 1755 4202 ut
1797 4149 1973 4204 locum

406 4245 698 4302 occuparet
727 4250 888 4303 supra
939 4237 1107 4291 caelos
1135 4237 1517 4303 sublimiores;
1553 4249 1605 4293 et
1635 4239 1687 4292 in
1731 4239 1978 4308 Evange-

2159 3417 2400 3489 Ἀφρον›
2435 3417 2530 3470 καὶ
2559 3417 2663 3483 ἔξω
2679 3421 2778 3488 τῆς
2812 3418 3106 3488 ἀληθειαςι
3148 3420 3271 3474 Ἐὰν
3300 3419 3561 3490 mtas;

2084 3507 2180 3577 τὴν
2223 3509 2558 3580 παρρησίαν,
2613 3511 2705 3562 καὶ
2739 3511 2838 3580 τὴν
2873 3511 3031 3575 δόξαν
3072 3512 3176 3581 τῆς
3230 3511 3402 3583 μοίρας
3436 3510 3558 3567 αὐτοῦ,

2084 3598 2392 3668 ἀληθεύεις.
2435 3599 2594 3654 Ἀλλὰ
2621 3601 2708 3652 διὰ
2727 3600 2836 3652 τῶν
2868 3601 2978 3652 σῶν
3010 3603 3350 3672 γραμμάτων
3376 3600 3562 3670 ψευδόμε-

2086 3707 2174 3744 νον
2203 3688 2266 3742 τὸ
2300 3690 2606 3760 Κουράνιόν
2639 3707 2731 3742 σου
2763 3691 2936 3760 λέγει,
2970 3693 3051 3745 ὅτι
3089 3695 3119 3746 6
3158 3691 3322 3761 Ἑνὼχ
3346 3695 3481 3743 κεῖται
3511 3692 3560 3749 εἰς

2081 3780 2282 3851 ὑψηλὸν
2313 3781 2499 3847 τόπον,
2534 3779 2690 3853 εὗρον
2721 3785 2777 3835 ἑν
2801 3782 2880 3852 τῷ
2912 3784 3205 3854 Κουρανίῳ
3225 3800 3313 3835 σου
3343 3783 3418 3836 τὸν
3441 3780 3560 3848 παρὰ·

2088 3874 2286 3941 δεισον,
2321 3873 2416 3926 καὶ
2449 3873 2635 3927 λοιπὸν
2666 3874 2724 3926 ὲν
2755 3874 2830 3944 τῷ
2867 3876 3186 3946 παραδείσῳ
3216 3877 3348 3928 ἐστὶν
3376 3876 3398 3926 6
3432 3871 3558 3937 Ἐνώχ-

2084 3964 2193 4015 Kal
2220 3963 2307 4017 διὰ
2328 3967 2419 4017 τὸν
2453 3963 2680 4034 Κύριον,
2719 3964 2894 4028 οὕτως
2927 3966 3079 4036 λέγει
3111 3967 3173 4018 τὸ
3202 3964 3462 4035 Κουρὰνιόν
3485 3977 3558 4020 σαι,

2086 4056 2168 4124 ὅτι
2193 4057 2220 4107 6
2259 4056 2392 4118 Θεὸς
2437 4057 2666 4111 ἐκάλεσε
2705 4058 2797 4110 τὸν
2850 4058 3057 4128 Ἰησοῦν
3104 4059 3330 4130 Χριστὸν
3369 4055 3557 4121 ἀνώτερον

2085 4147 2193 4198 τῶν
2226 4146 2490 4218 οὐρανῶν.
2526 4146 2724 4201 Καιτὸ
2760 4150 2904 4202 θεῖον
2939 4150 3097 4219 ἡμῶν
3141 4149 3438 4218 Εὑαγγέλιον
3468 4144 3558 4196 οὕτω

2086 4234 2236 4309 φησι·
2268 4253 2284 4284 ι
2317 4235 2515 4304 Κύριε,
2539 4238 2603 4306 τῇ
2633 4240 2696 4308 σῇ
2737 4238 3002 4308 ἀναλήψει
3039 4237 3394 4309 ἐξεπλάγησαν
3408 4236 3460 4288 τὰ
3489 4233 3555 4286 Xa-

408 4325 480 4376 lio
507 4339 690 4381 nostro
729 4326 925 4397 legitur
962 4347 974 4382 :
1011 4329 1254 4394 Domine,
1288 4331 1608 4396 ascensione
1640 4341 1728 4384 tua
1757 4330 1972 4386 attoniti

2081 4325 2298 4395 ρουὸὶμ,
2337 4327 2688 4396 θεωρήσαντὰ
2710 4346 2768 4382 σε
2790 4331 2881 4382 ἐπὶ
2901 4331 3139 4399 νεφελῶν
3164 4330 3487 4400 aiis-2916;453th
3501 4323 3555 4374 τὶν

408 4416 628 4469 fuerunt
675 4416 989 4482 Cheruliim,
1025 4434 1146 4473 cum
1203 4430 1253 4473 te
1287 4420 1535 4475 viderent
1572 4437 1735 4490 super
1803 4422 1976 4478 nubes

409 4505 744 4559 incedentem
797 4518 851 4560 et
877 4511 1174 4563 sedentem.
1197 4511 1454 4577 Quaenam
1484 4526 1614 4579 ergo
1645 4513 1784 4566 inter
1826 4513 1974 4566 illum

407 4596 534 4666 tingi
589 4607 764 4666 potest
799 4610 852 4652 et
888 4600 1164 4655 Eitochum
1199 4603 1573 4671 comparatio?
1602 4605 1798 4658 lterum
1837 4585 1976 4659 dili¥

406 4700 596 4761 genter
635 4692 1023 4757 animadverte,
1075 4698 1215 4762 quod
1253 4696 1430 4751 nullus
1465 4707 1660 4765 praeter
1693 4699 1967 4752 Christum

407 4798 528 4834 cum
577 4782 747 4850 jubilo
791 4793 845 4837 et
877 4784 1361 4841 acclamationibus
1392 4795 1448 4841 et
1483 4803 1603 4841 cum
1643 4789 1782 4842 tuba:
1823 4792 1971 4843 clau-

406 4888 532 4935 gere
555 4874 836 4936 ascendit;
896 4876 985 4944 qui
1029 4877 1381 4932 descenderat
1434 4895 1497 4933 cx
1555 4879 1717 4943 cazlo,
1777 4881 1973 4935 iterum

406 4978 525 5015 eum
551 4964 720 5034 gloria
755 4967 1015 5019 remeavit
1045 4968 1110 5020 ad
1155 4968 1320 5022 ccelos
1346 4970 1432 5024 ubi
1483 4970 1632 5038 prius
1659 4981 1796 5036 erat,
1833 4973 1975 5026 sicut

408 5053 598 5121 legitur
645 5057 695 5109 in
757 5056 975 5124 seriptis
1015 5058 1398 5127 prophetarum
1447 5071 1790 5127 nostrorum;
1847 5078 1971 5115 nam

405 5148 543 5199 sicut
575 5147 836 5202 Dominus
883 5151 1186 5213 descendit,
1211 5161 1264 5203 et
1308 5151 1446 5204 sicut
1485 5151 1742 5206 Dominus
1778 5153 1970 5206 iterum

406 5239 456 5289 in
495 5239 661 5292 caelos
697 5241 956 5308 ast-endit.
1007 5243 1285 5307 Quomodo
1316 5256 1444 5308 ergo
1495 5242 1566 5295 illi
1599 5243 1791 5296 similis
1830 5253 1972 5297 esset

407 5328 660 5382 Euocltus
685 5331 707 5380 Ἰ
735 5328 900 5397 Igitur
933 5342 1200 5396 terrenus,
1232 5341 1466 5396 creatus,
1510 5349 1720 5396 servus,
1772 5345 1972 5387 morta-

407 5422 489 5478 lis.
523 5422 883 5486 corruptibilis
917 5422 1254 5476 illuhammcd
1287 5427 1336 5477 in
1365 5425 1532 5479 cados
1561 5440 1665 5478 non
1696 5426 1969 5491 ascendit;

408 5527 505 5566 nec
531 5526 718 5566 errore
751 5513 852 5566 isto
884 5512 1106 5567 nimium
1135 5516 1226 5568 tibi
1259 5517 1575 5580 blandiaris,
1609 5517 1762 5584 quasi
1786 5531 1969 5568 verum

407 5611 552 5656 esset
589 5601 1016 5658 Mulmnmcdcm
1045 5605 1092 5658 in
1120 5607 1285 5661 cmlos
1319 5607 1645 5669 ascendisse,
1679 5605 1803 5675 quia
1832 5606 1970 5660 illius

2079 4416 2163 4491 ἐπ’
2187 4416 2366 4469 αὐτῶν
2390 4418 2776 4489 καθεζόμενον.
2815 4438 2834 4471 ι
2885 4422 3011 4484 Πῶς
3043 4417 3139 4476 οὖν
3161 4423 3320 4474 ἔοικεν
3334 4419 3396 4490 τῷ
3420 4415 3550 4481 Ἐὐάλιὶ

2079 4506 2250 4559 Πάλιν
2291 4508 2429 4573 μάθε
2459 4510 2726 4580 ἀκριϐῶς,
2762 4511 2843 4564 ὅτι
2877 4513 3056 4575 οὐδεὶς
3094 4513 3258 4581 ἀνέϐη
3290 4513 3340 4564 ἐν
3389 4507 3553 4570 ἀλεύατ’

2081 4599 2185 4670 μῷ,
2219 4599 2267 4649 εἱ
2297 4599 2371 4669 μὴ
2393 4602 2421 4652 6
2461 4602 2694 4670 Χριστὸς
2742 4605 2798 4656 ἐν
2831 4603 2982 4675 φώνῃ
3018 4606 3317 4672 σάλπιγγος
3342 4619 3353 4631 .
3380 4604 3402 4654 ὁ
3439 4613 3550 4652 κω,

2078 4692 2179 4754 6i;
2212 4692 2269 4758 ἐξ
2300 4693 2532 4764 οὐρανυῦ
2563 4695 2726 4758 αὐτὸς
2767 4698 2937 4750 πάλιν
2965 4698 3234 4768 ἀνελήφθη
3274 4701 3325 4749 ὲν
3371 4692 3467 4760 ὃῦᾑ
3498 4689 3550 4746 εἰς

2075 4785 2203 4846 τοὺς
2234 4784 2517 4854 οὐρανοὺς,
2546 4786 2679 4839 ὅπου
2699 4783 2767 4856 ἦν
2791 4788 2851 4840 τὸ
2879 4790 3164 4861 πρότερον,
3208 4787 3366 4850 καθὼς
3406 4784 3547 4852 γέγρα-

2079 4892 2211 4928 πται
2243 4878 2300 4928 ὲν
2353 4880 2465 4938 τοῖς
2508 4879 2818 4948 προφήταις
2855 4881 3034 4949 ἡμῶν.
3083 4882 3170 4945 Ὠς
3216 4881 3313 4950 γὰρ
3351 4873 3546 4936 Δεσπότης

2077 4968 2341 5031 καταϐὰς,
2383 4970 2544 5022 πάλιν
2575 4972 2650 5032 ὡς
2676 4973 2954 5042 Δεσπότης
2980 4973 3171 5044 ἀνέϐη.
3214 4971 3321 5034 Πῶς
3345 4965 3419 5021 οὖν
3450 4967 3546 5017 ἐστιν

2078 5061 2189 5122 ἴσος
2219 5060 2291 5129 τῷ
2333 5061 2500 5130 Ἑνώχ
2525 5079 2537 5124 ;
2571 5062 2768 5126 Χοῖκὸς
2791 5065 2886 5116 καὶ
2917 5065 3150 5135 ποίημα,
3188 5066 3272 5116 καὶ
3296 5061 3458 5120 δοῦλος,
3485 5054 3542 5106 καὶ

2077 5151 2290 5214 θνητὸς,
2328 5153 2421 5204 καὶ
2459 5152 2715 5221 φθαρτὸς,
2747 5157 2825 5217 εἰς
2850 5157 3113 5225 οὐρανοὺς
3143 5159 3170 5208 ὁ
3211 5153 3455 5222 Metilii-fter
3479 5146 3541 5196 οὐκ

2076 5241 2262 5310 ἀνέϐη,
2303 5242 2377 5311 μὴ
2397 5235 2602 5306 πλανῶ,
2637 5243 2777 5296 ὥστε
2803 5245 3091 5315 ἀληθεύειν
3138 5243 3456 5313 ἀναληφθῆναι
3478 5236 3537 5287 αὖ·

2075 5334 2166 5385 τὸν
2201 5333 2280 5394 εἰς
2316 5333 2599 5403 οὐρανοὺς,
2651 5336 2746 5386 καὶ
2781 5337 3081 5407 μαρτυρεῖν
3129 5337 3251 5400 περ).
3277 5333 3434 5385 τούτου
3473 5326 3532 5392 τὴν

2076 5423 2350 5495 θυγατέρα
2373 5425 2537 5476 αὑτοῦ
2573 5427 2816 5495 Φατμάν.
2856 5430 2965 5480 Καὶ
2999 5427 3150 5492 amt;
3174 5429 3328 5494 λέγεις
3352 5441 3361 5452 ’
3384 5423 3428 5474 Ὀ
3451 5421 3532 5485 κρῖ·

2076 5517 2198 5578 στὸς
2228 5515 2444 5586 ηὔχετο,
2475 5518 2567 5568 καὶ
2587 5518 2612 5567 6
2637 5519 2932 5589 εὐχόμενος
2966 5522 3153 5584 δοῦλός
3185 5523 3285 5573 ἐστι
3309 5514 3384 5569 τοῦ
3427 5507 3530 5564 Θεοὲο

2089 5609 2226 5662 Ἀλλ’
2258 5609 2488 5663 ἄκουσον
2517 5610 2649 5679 ἐμοῦ
2676 5613 2767 5663 τοῦ
2811 5611 3114 5684 Ἐδεσηνοῦ.
3149 5611 3336 5674 Ἔδειξά
3361 5625 3420 5661 σοι
