3978 6238
321 197 451 265 1401

1480 209 1955 273 CONFUTATIO
2020 215 2329 276 AGAREN
2335 217 2362 276 Ι
2369 261 2386 277 .

3425 217 3563 282 1402

318 317 497 380 λάκις,
526 315 609 369 ὃτι
635 315 664 369 6
705 315 940 387 Χριστὸς
967 317 1139 386 Λόγος
1171 319 1322 372 ἐστὶν
1367 319 1460 374 τοῦ
1491 323 1650 389 Θεοῦ,
1688 325 1783 377 καὶ
1823 326 1871 380 τί

1993 328 2099 382 ﬁlia
2125 327 2372 383 Phatima
2398 331 2500 384 hoc
2521 331 2829 385 testimonio
2844 346 2942 387 suo
2969 331 3558 388 tentavltconﬁrmare.

317 407 618 476 Κουράνιόν
677 424 768 459 σου
825 411 1112 478 μαρτυρεῖ.
1149 410 1257 462 Kai.
1308 410 1381 482 μὴ
1419 414 1886 487 πολυπραγμονῇς

316 497 445 567 περὶ
471 495 684 550 τούτου.
717 497 821 550 Τὸν
847 499 978 552 Θεὸν
1010 500 1181 568 Λόγον
1225 501 1457 567 δοξάζει,
1489 506 1582 557 καὶ
1626 507 1882 576 ἁνυμνεῖ,

315 586 408 640 καὶ
439 591 743 655 προσκυνεῖ
772 591 974 660 πᾶσαὴ
1000 589 1228 660 δύναμις
1264 592 1370 645 τῶν
1391 594 1656 664 οὐρανῶν.
1691 597 1798 648 Καὶ
1827 597 1886 649 τὸ

314 676 470 744 γένος
502 677 611 730 τῶν
642 677 968 749 ἀνθρώπων,
993 682 1088 733 καὶ
1125 683 1152 733 ὁ
1182 682 1354 749 Λόγος
1389 678 1542 746 οὗτος
1571 688 1884 756 ἐσκήνωσεν

314 770 370 821 ὲν
400 773 466 840 τῇ
496 771 679 840 σαρκὶ,
704 771 737 842 ἢ
762 773 854 824 καὶ
885 774 1128 825 καλεῖται
1159 774 1190 841 ή
1215 773 1350 844 σὰρξ
1382 775 1546 828 αὑτοῦ
1581 776 1707 839 ναὸς
1737 778 1876 831 Θεοῦ

313 861 514 928 Λόγου.
547 862 656 916 Καὶ
685 864 742 916 ἐν
778 863 952 935 τούτῳ
981 864 1058 934 τῷ
1088 866 1200 934 ναῷ
1231 868 1460 938 νεκροὺς
1505 868 1874 941 ἐζωοποίησεν

303 953 331 1004 ὸ
370 950 542 1016 Λόγος
575 950 916 1022 θεοπρεπῶς,
945 954 1129 1006 καὶτὰ
1161 955 1310 1024 ἑξῆς.

1994 417 2203 472 Rursus
2232 435 2361 474 vero
2393 420 2528 475 dicis
2553 438 2566 474 :
2608 421 2858 478 Christus
2877 423 3040 478 etiam
3067 437 3256 492 preces
3288 424 3558 491 adhibuit,

1988 508 2080 576 qui
2130 523 2257 562 vero
2305 520 2573 576 precatur,
2625 526 2816 566 servus
2852 513 2945 567 Dei
2990 514 3176 567 haberi
3237 514 3417 569 debet.
3451 514 3558 570 Sed

1989 601 2108 654 audi
2135 616 2219 654 me
2249 603 2659 669 reSpondentem
2690 604 3050 658 Edessenum.
3080 605 3289 672 Smpins
3318 607 3419 662 hoc
3462 598 3557 661 tibi

1987 695 2352 760 comprobavi,
2389 705 2442 748 et
2474 696 2575 750 hoc
2627 706 2749 750 tuus
2783 696 3028 751 Coranus
3074 699 3390 753 testimonio
3453 714 3556 754 suo

1984 783 2290 844 conﬁrmat,
2335 785 2588 837 nimirum
2615 786 2756 854 quod
2785 785 3035 840 Christus
3066 787 3136 841 sit
3167 786 3404 841 Verbum
3437 787 3552 843 Dei.

1981 869 2051 926 Et
2079 888 2140 926 ea
2173 876 2237 927 de
2263 889 2321 928 re
2345 888 2448 930 non
2477 876 2638 930 debes
2661 877 2886 930 nimium
2913 892 3034 931 esse
3063 877 3327 932 sollicitus
3347 877 3556 943 ;.Deum

1983 977 2111 1016 vero
2129 964 2360 1018 Verbum
2383 967 2608 1034 honore,
2631 968 2864 1037 hymnis,
2889 969 3206 1024 adoratione
3225 985 3530 1040 prosequun
3546 1002 3560 1014 -

309 1051 396 1124 tur
431 1061 624 1100 omnes
645 1046 762 1100 οωΙί
797 1046 1044 1109 virtutes,
1077 1054 1129 1099 et
1167 1057 1332 1100 totum
1354 1064 1520 1118 genus
1556 1053 1869 1105 humanum.
1911 1053 1977 1106 Et
2055 1053 2286 1109 Verbum
2344 1058 2486 1112 istud
2546 1060 2810 1114 habitavit
2887 1063 2938 1114 in
2981 1076 3168 1128 carne,
3201 1074 3254 1117 et
3297 1079 3424 1118 caro
3451 1063 3553 1120 ista

311 1135 448 1187 fat-la
481 1145 565 1187 est
593 1135 846 1202 templum
881 1135 992 1189 Dei.
1032 1136 1094 1189 Et
1122 1134 1354 1191 Verbum
1422 1141 1579 1222 modo
1629 1143 1733 1196 Deo
1775 1145 2153 1212 conveniente,
2227 1157 2465 1202 mortuos
2502 1149 2828 1217 vi-viﬁcavit,
2892 1153 3162 1209 exsistens
3193 1156 3246 1208 in
3283 1156 3386 1209 isto
3411 1166 3554 1210 tem-

312 1229 398 1295 plo
437 1225 694 1279 nimirum
736 1240 919 1290 carne,
948 1236 1002 1280 et
1031 1242 1147 1292 quae
1179 1240 1502 1296 sequuntur.

390 1319 576 1388 Ὁρᾷς,
613 1320 735 1371 ἐπεὶ
770 1320 893 1382 ναὸς
929 1321 1065 1373 Θεοῦ
1097 1305 1247 1375 ἐστιν
1291 1325 1318 1376 6
1353 1324 1446 1376 τοῦ
1480 1325 1614 1377 Θεοῦ
1677 1326 1876 1394 Λόγος,

308 1407 495 1462 λοιπὸν
524 1409 585 1460 οὐ
616 1409 807 1478 χρείαν
855 1409 969 1480 ἔχει
1002 1411 1094 1464 τοῦ
1124 1412 1402 1479 εὔξασθαι,
1437 1417 1530 1468 καὶ
1584 1417 1679 1470 ἐὰν
1708 1417 1877 1489 εὗχη-

308 1515 400 1552 ται
436 1497 667 1551 ἐνώπιον
694 1500 803 1552 τῶν
837 1501 1162 1572 ἀνθρώπων,
1207 1504 1353 1568 ἕλεος
1396 1508 1496 1559 καὶ
1529 1510 1876 1580 συγχώρησιν

308 1588 552 1650 διδάσκει
585 1589 662 1659 τῷ
716 1589 850 1661 λαῷ,
884 1591 1054 1646 σῶσαι
1119 1593 1442 1664 βουλόμενος
1498 1599 1717 1662 αὐτούς.
1766 1602 1878 1653 Καὶ

305 1678 490 1746 λέγεις
508 1698 521 1712 ’
539 1682 648 1734 Καὶ
687 1684 714 1735 6
751 1683 982 1749 ἄγγελος
1008 1683 1306 1754 ἀσώματος
1331 1683 1422 1758 ἦν,
1444 1690 1537 1741 καὶ
1569 1691 1695 1752 ναὸς
1722 1691 1881 1748 Θεοῦ.

308 1769 408 1821 Διὰ
429 1770 482 1821 τί
499 1770 732 1840 ,εὔχεται
765 1789 780 1837 ;
812 1775 1032 1843 Ληρεῖς.
1055 1775 1186 1828 Οὺδέ
1211 1793 1341 1828 ποτε
1385 1773 1542 1830 εἶπεν
1567 1781 1594 1831 ὁ
1614 1780 1746 1842 Θεὸς
1776 1781 1884 1833 τῶν

307 1859 579 1926 ἀγγέλων,
601 1861 634 1932 ἢ
654 1863 944 1933 προφητῶν
965 1881 1121 1928 τινι,‹
1147 1865 1290 1934 Ἐγὼ
1313 1869 1553 1938 σήμερον
1579 1871 1888 1938 γεγέννηκά

308 1967 387 2015 σε,
402 1968 422 2002 ι
441 1950 514 2013 ὡς
533 1953 598 2003 ἐκ
615 1952 878 2022 στόματος
898 1954 1079 2014 Δαδὶδ,
1103 1955 1156 2024 ἢ,
1171 1975 1188 2005 ι
1213 1956 1354 2018 Ναὸς
1371 1953 1421 2008 εἷ
1433 1958 1524 2009 τοῦ
1541 1957 1695 2013 Θεοῦ.
1709 1978 1726 2010 ι
1749 1959 1885 2012 Οῠτε

308 2042 494 2107 πάλιν,
541 2061 558 2093 ι
589 2037 759 2106 Οὗτός
784 2045 930 2097 ἐστιν
967 2046 994 2097 ὁ
1027 2045 1152 2106 Υἱός
1188 2064 1287 2115 μου
1321 2047 1350 2099 ὁ
1383 2049 1689 2120 ἀγαπητὸς,
1719 2050 1884 2104 αὐτοῦ

305 2134 569 2202 άκούετε.
600 2155 618 2188 ›
663 2136 805 2188 Ἀλλ’
842 2137 964 2189 οὐδὲ
988 2137 1096 2189 τῶν
1115 2138 1440 2210 ἀγγέλων,ίῆ
1471 2158 1573 2194 τινι
1606 2143 1714 2195 τῶν
1747 2160 1883 2213 προ-

303 2226 498 2295 φητῶν
519 2268 534 2293 ,
559 2245 578 2278 ι
613 2227 796 2282 Κάθου
833 2230 896 2280 ὲκ
927 2227 1120 2294 δεξιῶν
1155 2247 1277 2298 μου,
1314 2231 1416 2294 ἕως
1439 2231 1504 2284 ἂν
1538 2232 1614 2284 θῶ
1639 2235 1764 2296 τοὺς
1792 2236 1884 2303 ἐχ..

300 2317 471 2387 ,θροῦς
503 2335 600 2371 σου
637 2319 924 2372 ὑποπόδιον
983 2319 1090 2372 τῶν
1121 2320 1299 2372 ποδῶν
1335 2337 1450 2374 σου.
1486 2341 1506 2374 ι
1545 2323 1679 2376 Οὐδὲ
1727 2321 1882 2388 αὖθις

301 2409 447 2480 πρὸς
479 2411 735 2477 ἄγγελον,
759 2429 777 2460 ι
803 2411 860 2462 '0
878 2411 1008 2473 Θεὸς
1031 2411 1188 2480 ἡμῶν
1203 2416 1264 2464 ἐκ
1281 2412 1524 2477 δεξιῶν.»
1541 2412 1678 2467 Οῦτε
1697 2416 1880 2483 πάλιν,

310 2521 328 2554 ι
366 2505 487 2556 Ἀπ’
520 2505 696 2574 ἀρχῆς
748 2504 809 2556 τὸ
837 2503 1009 2574 ὸνομά
1038 2521 1129 2557 σου
1155 2505 1306 2558 ἐστὶν
1325 2505 1466 2577 ὑπὲρ
1499 2506 1590 2559 τὸν
1619 2508 1770 2576 ἥλιον
1788 2509 1881 2561 καὶ

304 2596 402 2665 τὴν
439 2593 672 2664 σελήνην
704 2595 782 2653 εἰς
808 2594 934 2655 τοὺς
965 2593 1186 2656 αἰῶνας.
1214 2611 1232 2644 ι
1261 2594 1395 2646 Οὐδὲ
1431 2593 1596 2648 πάλιν
1625 2595 1761 2665 πρὸς
1783 2596 1882 2663 ἄγ-

204 2751 216 2760 _
303 2685 535 2757 γελον,ἢ
571 2686 882 2756 προφήτην,
915 2702 933 2736 ι
965 2686 1057 2737 Σοὶ
1085 2687 1557 2756 προσκυνήσουσιν
1574 2687 1621 2738 οἱ
1642 2687 1881 2756 βασιλεῖς

301 2779 395 2831 τοῦ
427 2777 586 2848 λαοῦ,
627 2779 722 2830 καὶ
761 2779 819 2829 αἱ
849 2777 1037 2844 φυλαὶ,
1081 2776 1179 2830 καὶ
1231 2777 1325 2829 ἐπὶ
1363 2779 1446 2831 σοὶ
1500 2777 1876 2846 εὐλογοῦνται,

299 2872 397 2924 καὶ
471 2870 912 2940 προσκυνήσουσί
965 2887 1026 2923 σε
1091 2869 1293 2935 πάντες
1346 2870 1646 2942 ἄνθρωποι.
1687 2890 1706 2924 ι
1763 2870 1877 2927 Οὐκ

299 2962 450 3015 ἔστιν
473 2964 581 3033 ἄρα
619 2963 828 3026 λοιπὸν,
864 2963 958 3016 καὶ
989 2965 1016 3016 6
1045 2961 1274 3030 ἄγγελος
1317 2963 1442 3027 ναὸς
1478 2962 1615 3016 Θεοῦ
1641 3005 1658 3030 ,
1697 2964 1774 3028 ὡς
1810 2965 1874 3018 σὺ

299 3053 496 3116 δοκεῖς.
531 3055 645 3108 Καὶ
675 3051 832 3117 αὖθις
862 3054 1051 3124 ἐρωτῶ
1087 3071 1148 3107 σε
1178 3057 1243 3107 ὲκ
1267 3054 1366 3125 τῆς
1398 3059 1620 3125 γραφῆς
1649 3072 1763 3119 σου,
1793 3057 1875 3109 ὅτι

299 3145 677 3216 ἐϐδομήκοντα
747 3149 898 3218 τρεῖς
955 3145 1117 3216 φυλαί
1175 3149 1313 3200 εἰσιν
1358 3149 1405 3200 oi
1458 3147 1872 3218 Μουσαλμανοὶ,

297 3237 372 3300 ὡς
399 3237 603 3306 λέγεις,
637 3241 670 3306 ἡ
710 3239 809 3308 μία
838 3238 932 3291 τοῦ
967 3239 1320 3309 παραδείσου,
1356 3239 1448 3292 καὶ
1473 3242 1525 3292 αἱ
1547 3238 1732 3292 λοιπαὶ⁹
1764 3240 1873 3291 τῶν

295 3330 593 3385 κολάσεων·
628 3333 725 3385 καὶ
781 3332 986 3396 πάντες
1025 3332 1123 3386 ἕνα
1171 3334 1470 3403 Μουχάμετ
1502 3332 1869 3400 γινώσκουσιν

294 3423 390 3476 καὶ
437 3423 535 3475 ἕνα
559 3423 692 3476 Θεὸν
720 3424 880 3477 ἄλλον
922 3425 1262 3494 ὁμολογοῦσι,
1301 3425 1396 3478 καὶ
1452 3424 1698 3495 τέσσαρα
1750 3426 1873 3494 δόγ-

298 3531 445 3584 ματα
479 3514 890 3584 δογματίζουσι.
938 3517 1010 3569 Τὸ
1045 3516 1260 3586 πρῶτον
1313 3515 1422 3570 ἀπὸ
1465 3517 1706 3584 Χανιφὰ,
1752 3515 1872 3569 δεύ-

293 3621 457 3674 τερον
479 3607 632 3676 Σεφὶ,
669 3609 850 3677 τρίτον
884 3607 1082 3674 Mem,
1119 3609 1378 3678 τέταρτον
1441 3608 1656 3678 ’Λχμὰτ
1710 3609 1872 3679 Χαμο

287 3695 418 3751 πίλ.

364 3961 479 4014 Καὶ
504 3959 728 4032 ἔμαθον,
761 3963 841 4016 ὅτι
866 3963 1016 4032 λέγει
1072 3965 1100 4017 ὁ
1133 3965 1432 4034 Μουχαμὲτ
1479 3965 1537 4016 ὲν
1604 3963 1687 4035 τῷ
1724 3967 1869 4019 Κου-

293 4054 465 4126 ρανίῳ
487 4095 502 4120 ,
537 4054 947 4126 Ἑϐδομήκοντα
973 4055 1065 4110 δύο
1105 4056 1271 4125 φυλαὶ
1290 4059 1390 4126 τῆς
1419 4056 1718 4120 κολάσεως,
1775 4057 1870 4110 καὶ

290 4146 395 4218 μία
424 4145 518 4198 τοῦ
551 4147 908 4215 παραδείσου.
946 4148 1215 4210 Πάντωςό
1244 4147 1566 4217 Μουχὰμετ,
1596 4147 1724 4200 οὐδὲ
1758 4148 1868 4200 ἀπὸ

288 4238 495 4309 πολλῆς
530 4239 797 4310 συλλογῆς
824 4240 1046 4308 βιϐλίων
1079 4240 1402 4293 ἐπαίδευσεν
1439 4239 1529 4292 τὸν
1577 4238 1708 4292 λαὸν
1768 4241 1866 4292 αὑ-

2058 1330 2223 1386 Vides
2259 1335 2402 1401 quod
2429 1314 2864 1404 quandoquidem
2896 1336 3131 1391 Verbum
3173 1348 3259 1393 est
3299 1341 3554 1408 templum

1986 1421 2102 1484 Dei,
2130 1425 2373 1493 sequitur
2408 1442 2509 1479 nou
2536 1428 2606 1479 illi
2635 1444 2770 1496 opus
2800 1429 2962 1484 fuisse
2994 1431 3266 1499 precibus,
3295 1441 3346 1485 et
3373 1432 3416 1485 si
3449 1432 3554 1487 ali-

1985 1513 2200 1580 quando
2231 1529 2418 1582 preces
2446 1515 2614 1570 visum
2649 1526 2732 1572 est
2763 1517 2984 1573 fundere
3011 1535 3192 1572 coram
3225 1520 3552 1586 hominibus,

1912 1635 1954 1689 Β
1985 1602 2086 1656 hac
2117 1605 2306 1672 agendi
2342 1607 2554 1661 ratione
2578 1608 2748 1662 voluit
2777 1609 2899 1664 illos
2930 1611 3359 1665 misericordiam
3384 1621 3440 1665 et
3464 1611 3551 1664 in-

1982 1695 2308 1765 dulgentiam
2327 1700 2538 1761 docere,
2558 1707 2612 1752 et
2633 1700 2749 1754 illos
2772 1702 2837 1754 ad
2858 1702 3084 1754 salutem
3109 1703 3421 1769 perducere.
3445 1702 3551 1757 Sed

1986 1786 2131 1841 dices
2168 1803 2182 1840 :
2216 1788 2451 1857 Angelus
2493 1799 2574 1844 est
2608 1792 2982 1858 incorporeus,
3011 1801 3066 1845 et
3097 1793 3356 1860 templum
3413 1793 3502 1846 Dei
3531 1831 3548 1859 ,

1985 1893 2150 1946 quare
2201 1894 2330 1946 ergo
2384 1880 2671 1947 precatur?
2704 1880 2809 1934 Sed
2872 1881 3090 1945 deliras,
3145 1881 3272 1954 nulli
3313 1898 3549 1951 unquam

1987 1967 2298 2037 angelorum
2335 1980 2427 2021 aut
2455 1971 2842 2038 prephetarum
2885 1971 3022 2027 dixit
3058 1973 3218 2036 Deus,
3250 1972 3412 2026 hodie
3454 1988 3553 2042 ge-

1985 2059 2074 2110 nui
2107 2068 2177 2122 te,
2221 2066 2277 2110 ut
2306 2059 2544 2126 loquitur
2571 2060 2762 2122 David,
2816 2070 2907 2114 aut
2947 2069 3005 2114 tu
3065 2076 3125 2116 es
3153 2062 3407 2129 templum
3431 2061 3550 2118 Dei.

1984 2147 2049 2201 Et
2073 2163 2259 2201 rursus
2292 2148 2358 2202 de
2385 2148 2530 2201 nullo
2564 2149 2666 2201 alio
2698 2149 2902 2203 dictum
2952 2157 3035 2204 est
3067 2166 3080 2202 :
3118 2149 3214 2204 Hic
3263 2159 3352 2205 est
3383 2150 3552 2204 Filius

1982 2253 2136 2292 meus
2167 2238 2412 2303 dilectus,
2451 2239 2637 2292 audite
2661 2239 2832 2292 illum.
2860 2239 2926 2294 Et
2957 2241 3084 2292 nulli
3115 2240 3429 2308 angelorum
3459 2250 3549 2292 aut

1979 2328 2366 2398 prophetarum
2404 2328 2604 2380 dictum
2651 2339 2735 2380 est.
2773 2346 2784 2379 :
2825 2328 2950 2382 sede
2974 2343 3004 2381 a
3040 2329 3242 2381 dextris
3276 2329 3408 2382 meis
3453 2328 3552 2382 do-

1981 2436 2080 2474 nec
2110 2434 2341 2488 posuero
2375 2419 2623 2474 inimicos
2673 2428 2794 2474 tuos
2854 2421 3147 2474 scabellum
3201 2421 3392 2488 pedum
3428 2429 3546 2474 tuo-

1981 2509 2257 2564 rtun.Nec
2309 2511 2376 2563 de
2437 2511 2628 2579 angelo
2687 2511 2938 2565 dictum:
2987 2512 3122 2565 Deus
3172 2521 3356 2564 noster
3403 2521 3486 2564 est
3515 2525 3548 2562 a

1981 2601 2204 2654 dextris.
2230 2597 2340 2652 Nec
2398 2615 2623 2654 rursus:
2662 2599 2870 2654 Nomen
2927 2611 3075 2654 tuum
3135 2609 3218 2654 est
3267 2601 3334 2654 ah
3391 2601 3548 2654 initio

1980 2700 2106 2744 ante
2148 2690 2340 2755 solem,
2369 2698 2423 2745 et
2448 2689 2651 2757 lunam,
2681 2692 2814 2746 etin
2844 2691 3072 2757 saecula;
3111 2704 3209 2745 nec
3243 2692 3308 2746 de
3357 2692 3548 2760 angelo

1979 2792 2032 2837 et
2062 2782 2317 2851 prepheta
2353 2783 2554 2837 dictum
2591 2799 2604 2835 :
2634 2781 2711 2836 Te
2744 2783 3142 2838 venerabuntttr
3185 2798 3338 2852 reges
3367 2783 3547 2854 populi

1979 2874 2077 2935 tui,
2112 2882 2165 2927 et
2197 2873 2370 2928 tribus
2399 2874 2580 2942 populi
2635 2875 2710 2926 tui
2767 2875 2820 2928 in
2850 2883 2900 2929 te
2950 2875 3357 2940 benedicentur,
3385 2886 3440 2930 et
3496 2885 3549 2930 te

1981 2961 2281 3016 adorabunt
2309 2977 2497 3016 omnes
2516 2960 2914 3016 homines.Nou
2945 2976 3074 3028 ergo
3105 2962 3375 3030 sequitur,
3410 2971 3466 3015 ut
3490 2970 3544 3014 tu

1978 3053 2273 3111 existimas.
2317 3053 2460 3122 quod
2485 3053 2713 3123 angelus
2742 3055 2812 3106 sit
2843 3053 3095 3120 templum
3128 3053 3238 3106 Dei.
3269 3053 3374 3105 Sed
3428 3067 3545 3104 rur-

1978 3158 2070 3198 sus
2097 3145 2238 3212 apud
2282 3153 2336 3200 te
2357 3147 2711 3213 quaestionem
2763 3146 2991 3199 movebo
3020 3159 3083 3197 ex
3118 3144 3230 3211 ipsa
3271 3145 3542 3210 scriptura

1979 3242 2069 3289 tua
2097 3237 2316 3304 petitam
2342 3279 2358 3304 ,
2386 3237 2475 3290 ubi
2508 3249 2761 3291 narratur
2785 3238 3120 3307 septuaginta
3158 3248 3264 3289 tres
3294 3249 3416 3288 esse
3445 3235 3543 3285 tri-

1977 3329 2073 3379 bus
2111 3325 2630 3393 Musulmannorum,
2668 3330 2881 3384 unicam
2914 3346 3041 3383 vero
3076 3328 3304 3397 paradisi
3336 3326 3543 3381 deliciis

1977 3419 2285 3487 potituram,
2322 3421 2454 3474 alias
2478 3437 2602 3475 vero
2630 3436 2819 3475 omnes
2846 3422 3124 3490 suppliciis
3155 3431 3205 3472 et
3239 3420 3412 3486 poenis
3445 3419 3542 3472 ad-

1969 3508 2326 3577 judieandas;
2356 3520 2410 3566 el.
2449 3527 2637 3567 omnes
2671 3513 2887 3580 quidem
2913 3529 3074 3566 unum
3111 3511 3540 3566 Mubammedetu

1973 3610 2289 3670 agnoscunt,
2316 3619 2478 3658 unum
2514 3619 2644 3657 vero
2671 3604 2835 3658 alium
2888 3605 3053 3657 Deum
3109 3605 3454 3668 conﬁtentur,
3487 3613 3544 3658 et

1973 3702 2204 3761 quatuor
2224 3695 2438 3762 quidem
2472 3697 2769 3749 sententias
2795 3695 2970 3748 varias
2992 3694 3173 3748 fovent
3197 3705 3251 3748 et
3280 3694 3541 3766 proﬁten-

1973 3790 2080 3839 tur.
2110 3781 2278 3837 Unam
2308 3782 2660 3853 aChanipha,
2697 3785 2923 3838 alterum
2959 3801 2986 3838 a
3023 3784 3215 3854 Sepbi,
3241 3787 3454 3851 tertiam
3505 3800 3534 3839 a

1971 3872 2186 3938 Melrhi,
2215 3886 2459 3942 quartam
2486 3876 2552 3928 ab
2582 3877 2812 3929 Acluuet
2838 3876 3102 3944 Cbampil.

2039 3963 2100 4016 Et
2127 3967 2304 4019 audivi
2337 3975 2390 4019 et
2416 3967 2537 4021 novi
2575 3970 2716 4034 quod
2749 3966 3094 4021 Muhammed
3121 3967 3312 4022 doceat
3336 3969 3387 4021 in
3445 3967 3540 4022 Al-

1969 4069 2168 4108 corano
2199 4057 2541 4125 septuaginta
2600 4058 2738 4110 duas
2769 4058 2944 4109 tribus
2965 4058 3263 4126 suppliciis,
3318 4059 3534 4112 unicam

1968 4159 2097 4199 Vero
2124 4147 2384 4200 destinari
2419 4149 2688 4213 paradiso.
2715 4148 2874 4200 Certe
2899 4147 3244 4202 Multammed
3280 4164 3344 4203 ex
3389 4153 3536 4204 varia

1967 4239 2324 4306 ettnultiplici
2352 4239 2609 4292 librorum
2637 4241 2942 4310 cognitione
2966 4241 3216 4310 populum
3246 4257 3400 4295 suum
3431 4257 3535 4296 non

285 4332 405 4396 τοῦ,
440 4333 530 4386 ἵνα
559 4335 608 4386 οἱ
644 4333 743 4403 μὲν
775 4332 1154 4402 γινώσκουσιν,
1203 4335 1250 4386 οἱ
1281 4333 1337 4386 δὲ
1397 4335 1492 4404 μή.
1560 4333 1695 4386 Ἀπὸ
1758 4333 1862 4403 τῆς

1977 4329 2152 4383 docuit
2181 4340 2235 4382 et
2294 4330 2634 4383 institutione
2685 4331 2944 4396 erudivit,
2981 4339 3036 4384 ul
3099 4331 3339 4399 quidam,
3394 4331 3538 4386 illius

287 4425 546 4492 τοιαύτης
598 4425 860 4494 συλλογῆς
904 4425 1121 4487 πάντως
1172 4425 1427 4496 ἡδιδαχὴ
1461 4425 1626 4478 αὑτοῦ
1682 4426 1855 4491 πᾶσα,

288 4514 381 4566 καὶ
409 4517 441 4583 ἡ
478 4515 616 4583 πρὸς
637 4516 728 4568 τὸν
748 4515 876 4568 λαὸν
906 4514 1153 4585 κήρυξις,
1187 4516 1330 4586 καὶὴ
1355 4516 1539 4578 πίστις
1559 4518 1591 4584 ἡ
1620 4515 1855 4588 φοϐερὰ,

288 4605 385 4658 καὶ
410 4605 472 4657 τὸ
497 4605 692 4676 δόγμα,
746 4607 840 4660 καὶ
869 4608 900 4677 ή
931 4605 1188 4676 ὁμολογία
1247 4606 1340 4658 τοῦ
1369 4606 1728 4677 παραδείσου,
1763 4608 1860 4660 καὶ

286 4697 380 4764 τῆς
401 4696 657 4766 κρίσεως,
692 4697 782 4749 καὶ
813 4698 1062 4768 ἡσυχίας,
1097 4697 1194 4750 καὶ
1216 4699 1242 4750 6
1262 4695 1432 4765 ὕμνος
1452 4739 1465 4762 ,
1493 4702 1586 4750 καὶ
1611 4699 1646 4767 ἡ
1678 4697 1862 4766 ψαλμ-

285 4787 441 4858 ῳδία,
483 4789 574 4842 διαὶ
612 4790 644 4858 ἡ
679 4790 992 4859 προφητεία
1048 4789 1216 4842 αὐτοῦ
1247 4831 1261 4856 ,
1299 4791 1394 4842 καὶ
1445 4791 1478 4859 ή
1514 4789 1856 4853 διδασκαλία,

285 4880 383 4940 καὶ
416 4882 450 4950 ἡ
486 4881 672 4946 σοφία,
698 4881 793 4933 καὶ
821 4881 881 4933 τὸ
901 4881 1039 4950 φῶς,
1063 4883 1155 4935 καὶ
1196 4884 1223 4935 6
1253 4881 1437 4952 νόμος,
1463 4882 1520 4934 ὃν
1553 4882 1755 4936 δέδωκε
1800 4881 1863 4934 τὸ

283 4971 442 5040 γένος
480 4971 588 5024 τῶν
610 4973 1072 5041 Μουσουλμανῶν,
1091 4973 1242 5026 τοῦτ’
1283 4972 1398 5026 ἔστι
1427 4974 1486 5026 τὸ
1517 4976 1714 5035 εἰπεῖν,
1747 4973 1861 5026 Οὐκ

283 5060 435 5112 ἔστιν
472 5060 625 5122 Θεὸς,
654 5060 793 5131 πλὴν
828 5061 986 5126 Θεοῦ,
1029 5063 1123 5114 καὶ
1174 5064 1202 5114 6
1229 5064 1526 5132 Μουχάμετ
1560 5063 1862 5126 ἀπόστολος

285 5149 445 5204 Θεοῦ.
489 5151 600 5204 Καὶ
630 5151 990 5217 πάλιν,τοῦτό
1021 5155 1170 5206 ἐστιν
1194 5153 1254 5206 τὸ
1289 5154 1586 5221 κεφάλαιον
1627 5154 1724 5223 τῆς
1753 5171 1861 5206 σω-

281 5243 481 5314 τηρίας
518 5243 694 5311 ὑμῶν,
722 5245 784 5297 τὸ
809 5244 1010 5312 λέγειν,
1044 5247 1138 5308 Εἰς
1172 5246 1232 5298 τὸ
1263 5247 1434 5316 ὄνομα
1477 5247 1570 5298 τοῦ
1602 5245 1734 5298 Θεοῦ
1764 5246 1858 5299 τοῦ

283 5335 586 5401 ἐλεοῦντος,
616 5337 705 5388 καὶ
725 5335 847 5405 ἐλεη
858 5337 1042 5407 μένου,
1062 5331 1106 5404 ᾧ
1138 5339 1187 5389 οἱ
1205 5339 1263 5390 ὲν
1288 5338 1516 5408 ἀληθεία
1547 5338 1856 5408 εὐχόμενοι.

283 5426 396 5488 Καὶ
409 5427 491 5478 ὅτι
509 5427 683 5496 παρὲξ
706 5426 948 5480 τοιούτου
979 5427 1249 5497 δόγματος
1279 5429 1339 5481 οὐ
1369 5428 1636 5492 δοξάζεις,
1667 5429 1855 5498 ἕτερος

284 5519 442 5586 λόγος
491 5518 768 5589 σωτηρίας
821 5521 919 5588 οὐχ
979 5520 1236 5589 ὑπάρχει.
1298 5520 1410 5572 Καὶ
1477 5520 1504 5570 6
1557 5521 1858 5590 Μουχάμετ

289 5606 592 5671 ἀπόστολος
625 5607 784 5673 Θεοῦ,
821 5607 1099 5678 βασιλείαν
1131 5608 1264 5663 Θεοῦ
1299 5610 1360 5663 οὑ
1412 5609 1854 5680 κληρονομήσας.

1967 4423 2268 4474 doctrinam
2303 4432 2746 4490 assequerentur,
2780 4424 2868 4476 alii
2906 4438 3034 4476 vero
3065 4438 3206 4488 non;
3233 4439 3298 4477 ex
3335 4440 3436 4477 una
3481 4434 3538 4480 et

1964 4511 2148 4565 eadem
2180 4511 2449 4580 farragine
2474 4511 2628 4566 fluxit
2663 4521 2770 4565 tota
2816 4513 2963 4566 illius
2991 4513 3256 4578 doctrina,
3305 4523 3360 4568 et
3393 4514 3536 4570 illius

1966 4603 2030 4655 ad
2066 4602 2316 4671 p0pulum
2349 4605 2682 4671 przedicatio.
2717 4615 2771 4662 et
2843 4605 3109 4658 horrenda
3141 4606 3294 4670 lides,
3327 4615 3381 4660 et
3435 4608 3536 4660 do-

1966 4696 2161 4756 etrina,
2211 4705 2265 4746 et
2318 4693 2592 4750 confessio
2632 4698 2696 4749 de
2759 4695 3028 4765 paradiso.
3086 4699 3272 4749 ultimo
3306 4696 3532 4764 judicio,

1963 4795 2015 4838 et
2036 4785 2216 4852 quiete
2239 4796 2460 4850 aeterna,
2482 4794 2534 4838 et
2556 4787 2805 4855 hymnus,
2828 4798 2878 4838 et
2909 4787 3122 4856 psalmi,
3142 4797 3195 4840 et
3228 4787 3531 4853 disciplina,

1965 4887 2019 4928 et
2079 4879 2420 4944 supplicatio,
2461 4885 2514 4930 et
2562 4878 2754 4941 lux,et
2806 4879 2910 4943 lex,
2940 4894 3100 4946 quant
3133 4877 3276 4946 genti
3327 4877 3531 4930 Musul-

1966 4971 2196 5022 manieae
2231 4969 2469 5033 tradidit,
2506 4970 2556 5021 in
2589 4985 2654 5024 eo
2684 4978 2886 5023 tantum
2913 4970 3176 5033 consistit,
3207 4977 3264 5020 ut
3294 4970 3528 5032 dicatur,

1965 5076 2068 5114 non
2126 5071 2209 5114 est
2259 5061 2396 5115 Deus
2431 5063 2529 5115 nisi
2583 5064 2743 5126 Deus,
2776 5072 2830 5116 et.
2870 5062 3214 5114 Multammed
3255 5062 3531 5129 apOstolus

1965 5151 2075 5205 Dei.
2107 5153 2168 5204 Et
2197 5153 2410 5215 iterum,
2443 5155 2557 5207 haec
2607 5164 2689 5207 est
2738 5170 2945 5206 summa
3005 5153 3192 5207 salutis
3223 5164 3434 5218 vestrae,
3476 5156 3528 5207 in

1964 5245 2177 5297 nomine
2202 5244 2293 5297 Dei
2344 5245 2686 5298 miserateris
2751 5255 2806 5297 et
2839 5244 3210 5297 llliSt‘l‘itZOI‘tliS
3258 5260 3417 5313 quem
3475 5245 3528 5299 iu

1962 5337 2190 5388 veritate
2235 5336 2628 5404 precamini,et
2684 5347 2878 5403 praeter
2916 5337 3057 5389 istud
3126 5338 3341 5405 dogma,
3379 5338 3524 5391 nulla

1962 5427 2066 5480 alia
2098 5427 2188 5480 Dei
2229 5427 2544 5488 celebratio,
2568 5427 2879 5494 nullumque
2913 5430 3053 5493 apud
3097 5443 3193 5482 vos
3225 5430 3367 5481 aliud
3402 5444 3525 5481 ver-

1960 5520 2083 5574 bum
2114 5523 2324 5576 salutis.
2358 5521 2421 5574 Et
2457 5519 2799 5575 Mubauuued
2859 5528 2943 5573 est
3002 5519 3276 5588 apostolus
3309 5519 3398 5572 Dei
3427 5520 3520 5587 qui

1963 5619 2142 5665 tamen
2175 5627 2398 5681 regnum
2435 5612 2528 5667 Dei
2567 5628 2669 5668 non
2713 5620 2791 5666 est
2818 5623 3178 5679 consecutus;
3210 5611 3520 5683 quicunque
