3978 6238
496 248 631 312 1403

1610 256 2171 325 BARTIIOLOM/EI
2210 266 2546 329 EDESSEN
2554 271 2581 329 Ι

3584 286 3704 355 1404

499 380 626 421 vero
656 364 800 418 sicut
828 364 1087 435 scriptum
1112 376 1196 422 cst
1216 370 1499 423 confessus
1528 370 1709 435 fuerit,
1753 372 1895 426 inter
1920 374 2063 428 cives

2175 377 2365 441 Ὅστις
2392 380 2450 431 δὲ
2492 397 2647 439 ουτος
2674 380 3038 453 ὁμολογήσας,
3086 387 3161 452 ὡς
3194 393 3518 460 γέγραπται,
3568 397 3705 454 ἐστὶν

497 467 553 510 et
575 455 787 511 accolas
838 458 1072 524 paradisi
1123 461 1513 515 recensebitnr.
1554 461 1641 515 Va:
1716 463 1812 517 toti
1872 465 2057 531 generi

500 545 892 601 Musnlmanico
948 558 1169 618 propter
1219 549 1378 602 talem
1423 550 1746 608 doctrinam.
1781 552 1915 618 Quia
1969 553 2061 620 qui

502 643 617 694 haec
646 640 816 704 audit,
850 650 905 694 et
943 644 1116 695 credit
1143 641 1226 694 illa
1255 642 1305 695 in
1333 642 1583 710 paradiso
1608 644 1744 706 tieri,
1788 645 2067 714 innnergi-

502 742 592 784 tur
623 740 843 797 peceato
873 731 1014 782 sicut
1042 745 1178 799 aqua
1203 732 1505 785 scaturiens
1528 740 1582 785 et
1630 745 1877 799 mergens
1935 732 2064 785 her-

502 824 647 876 bam.
677 820 940 873 Czeterum
984 821 1420 889 quandoquidem
1472 836 1660 877 omnes
1692 823 2055 879 Mnsnlmanni

502 921 562 966 ut
608 913 721 980 ipse
772 912 907 964 bene
960 911 1104 973 novi,
1138 910 1259 963 talia
1316 912 1477 965 verba
1526 910 1807 978 proferunt
1864 922 1918 966 et
1974 913 2057 967 sic

500 1021 690 1060 omnes
724 1004 981 1063 sentiunt,
1006 1002 1275 1070 quomodo
1327 1010 1381 1054 tu
1431 1002 1630 1056 asseris
1715 1003 2056 1072 septuaginta

501 1100 714 1154 illorum
762 1097 929 1149 tribus
962 1103 1014 1148 et
1040 1092 1271 1145 fairiilias
1292 1093 1464 1161 poenis
1490 1092 1802 1157 adjndicari,
1838 1095 2054 1148 unicam

500 1205 628 1245 vero
659 1189 964 1258 paradisum
994 1195 1426 1238 consecuturam.
1476 1182 1712 1238 Ostende
1751 1185 1885 1238 mihi
1922 1200 2063 1253 quo-

501 1278 659 1332 modo
685 1279 785 1330 hoc
818 1276 926 1338 liat,
967 1275 1008 1327 si
1040 1273 1167 1326 illud
1218 1273 1389 1338 nosti;
1426 1273 1469 1327 si
1493 1287 1623 1327 vero
1655 1274 1797 1329 illius
1844 1290 1949 1328 non
1997 1290 2057 1330 es

500 1366 769 1428 conscius,
801 1365 903 1418 hoc
950 1364 1043 1416 tibi
1072 1364 1193 1431 ipsi,
1226 1364 1341 1430 ipse
1391 1364 1568 1417 dicam
1614 1373 1668 1418 et
1720 1364 2059 1434 significabo.

571 1458 862 1529 Propterea
937 1458 1074 1511 dixit
1124 1458 1468 1513 Mnhannned
1533 1459 1871 1526 septuaginta
1927 1458 2066 1515 duas

496 1554 671 1608 tribus
697 1554 763 1605 ad
794 1551 1056 1621 snpplicia
1112 1551 1399 1615 destinari,
1432 1566 1594 1605 unam
1627 1566 1755 1605 vero
1803 1552 1869 1605 ad
1902 1566 2064 1620 para-

495 1640 602 1693 disi
635 1639 947 1707 voluptates,
976 1639 1101 1707 quia
1160 1641 1499 1707 septuaginta
1533 1642 1674 1704 dure,
1706 1642 1901 1711 inquit,
1932 1652 2059 1697 sunt

2167 467 2389 539 πολίτης
2416 469 2510 521 τοῦ
2538 470 2889 540 παραδείσου.
2926 476 3067 529 Οὐαὶ
3116 478 3177 530 τὸ
3208 480 3366 547 γένος
3410 482 3516 537 τῶν
3567 488 3703 541 Μου-

2167 559 2486 627 σουλμανῶν
2513 562 2570 613 ὲν
2601 562 2677 632 τῷ
2710 564 2853 633 λόγῳ
2882 566 3083 637 τούτῳ.
3115 569 3239 623 Ὅτι
3278 572 3306 622 6
3342 573 3549 627 ἀκούων
3591 581 3703 632 roti-

2165 666 2260 701 του
2288 649 2381 701 τοῦ
2401 651 2656 718 γενέσθαι
2685 656 2741 707 ὲν
2771 656 2849 725 τῷ
2884 659 3206 729 παραδείσῳ
3229 662 3438 730 εἰσάγει
3459 668 3518 735 τῇ
3551 668 3704 739 ἁμαρ-

2166 740 2256 810 τίᾳ
2288 741 2363 804 ῶς
2391 742 2585 812 βρύσιν
2612 745 2830 815 χόρτου.
2854 749 3076 814 Λοιπὸν,
3100 752 3247 804 είπεὶ
3274 754 3469 818 πάντες
3495 758 3541 808 οί
3572 759 3706 811 Mou-

2170 830 2461 900 σουλμανοὶ
2485 873 2500 895 ,
2531 834 2607 898 ὡς
2645 831 2762 889 οῖδα
2803 839 2978 907 κάγὼ,
3005 842 3234 896 τοιαῦτα
3279 843 3432 913 λόγια
3485 847 3702 915 λέγουσι,

2166 922 2263 975 καὶ
2306 924 2586 993 φρονοῦσι,
2616 928 2679 980 σὺ
2706 927 2822 992 πῶς
2851 930 3056 999 λέγεις,
3086 935 3167 987 ὅτι
3218 936 3577 1007 ἐϐδομήκοντα
3623 940 3706 992 δύο

2165 1014 2305 1066 είσὶν
2325 1015 2491 1083 φυλαὶ
2522 1018 2625 1087 τῆς
2660 1020 2954 1087 κολάσεως,
2985 1024 3081 1077 καὶ
3104 1025 3202 1096 μία
3233 1026 3326 1079 τοῦ
3368 1030 3702 1098 παραδείσους

2177 1106 2508 1174 ’Υπόδειξον,
2540 1111 2635 1163 ἐάν
2661 1112 2949 1180 γινώσκεις
2975 1117 3092 1182 πῶς
3118 1115 3283 1174 εἶναι.
3323 1120 3383 1172 Ei
3410 1118 3465 1174 δὲ
3500 1121 3595 1175 οὐκ
3633 1118 3706 1177 οἶ-

2164 1198 2280 1265 δας,
2318 1201 2511 1272 φράσω
2541 1219 2623 1256 σοι
2658 1204 2843 1270 αὑτός.

2236 1462 2335 1515 Διὰ
2382 1463 2542 1518 τοῦτο
2580 1459 2734 1519 εἶπεν
2762 1469 2789 1521 6
2838 1467 3159 1539 Μουχαμετ,
3220 1469 3303 1522 ὅτι
3352 1470 3707 1541 ἑϐδομήκοντα

2162 1552 2258 1603 δύο
2301 1553 2438 1605 είσὶν
2477 1554 2577 1625 τῆς
2624 1555 2899 1621 κολάσεως
2932 1558 3025 1610 καὶ
3084 1558 3182 1627 μία
3225 1559 3323 1611 τοῦ
3359 1560 3704 1631 παραδείσου,

2162 1641 2245 1693 ὅτι
2282 1645 2337 1695 αί
2375 1643 2749 1715 ἑϐδομήκοντα
2804 1647 2898 1701 δύο
2941 1640 3127 1714 αὗται,
3179 1649 3355 1716 λέγει,
3391 1651 3447 1702 ὲν
3480 1649 3556 1720 τῷ
3605 1667 3702 1718 φα-

498 1729 1176 1783 tantum'Musnlmannicae
1216 1732 1390 1798 quoad
1440 1732 1641 1785 cultum
1692 1732 1985 1800 publicum,
2011 1746 2063 1787 et

2166 1734 2330 1804 νερῷ,
2368 1736 2464 1788 καὶ
2506 1737 2798 1808 ἀληθεύειν
2826 1740 2923 1793 τὸν
2968 1741 3290 1811 Μουχάμετο
3324 1744 3379 1795 ἐν
3423 1741 3477 1794 δὲ
3520 1742 3595 1813 τῷ
3623 1757 3709 1795 κε-

493 1834 717 1875 cxterne
749 1830 951 1872 tantmn
980 1819 1299 1889 profitentur
1334 1835 1458 1873 vera
1498 1822 1679 1875 dicere
1722 1821 2056 1877 Muhamme-

492 1912 637 1974 dem,
669 1910 806 1964 clam
839 1924 965 1964 vero
988 1911 1496 1979 asseruntpOpulum
1525 1911 1915 1967 Muhammedis
1936 1931 2059 1969 cum
2084 1924 2093 1931 ‘

492 2001 589 2056 illo
620 2002 732 2055 falli
772 2010 827 2054 et
858 2000 1066 2054 fallere.
1092 2000 1158 2053 Et
1181 2002 1354 2055 dicam
1384 2002 1477 2055 tibi
1514 2018 1758 2071 quaenam
1793 2005 1905 2058 sint
1943 2007 2062 2061 istae

494 2092 690 2155 tribus,
726 2103 984 2148 eteorum
1022 2096 1258 2156 nomina,
1292 2108 1481 2162 nempe
1503 2094 1818 2162 Chasisimi,
1844 2096 2057 2169 Separi,

493 2186 723 2253 lsmaeli,
760 2186 996 2240 Montani
1032 2196 1085 2241 et
1118 2188 1336 2255 reliquae
1368 2203 1486 2257 quae
1514 2201 1835 2259 sequuntur.
1856 2190 1965 2246 Sed
1985 2210 2051 2246 ne

493 2280 654 2333 nimis
684 2279 869 2347 longas
893 2280 1178 2333 verborum
1204 2281 1458 2350 ambages
1507 2291 1812 2347 nectamus,
1869 2298 2061 2340 rursus

491 2371 613 2424 dico
640 2376 781 2439 quod
806 2373 1144 2440 septuaginta
1172 2372 1291 2427 duae
1313 2383 1506 2428 vestra:
1530 2373 1743 2443 linguae,
1794 2375 2062 2447 abnegent

491 2457 941 2515 Muhammedem.
973 2460 1178 2515 Nostrae
1238 2477 1365 2515 vero
1405 2477 1593 2517 omnes
1635 2465 1845 2518 unicam
1899 2468 2057 2521 fidem

491 2552 831 2619 profitentur,
869 2562 923 2607 et
951 2552 1225 2607 Christum
1270 2554 1515 2623 religiose
1549 2556 1750 2611 colunt.
1812 2558 1867 2611 Si
1932 2574 2058 2613 vero

492 2653 686 2697 vestrae
722 2645 1055 2714 septuaginta
1083 2646 1199 2699 dum
1220 2646 1391 2700 tribus
1414 2655 1465 2700 et
1496 2646 1689 2714 lingua:
1719 2647 2055 2701 Mubamme-

491 2736 612 2790 dem
642 2738 903 2806 abnegent
927 2748 981 2791 et
1010 2739 1324 2807 reprobent,
1347 2754 1595 2807 quamam
1633 2740 1915 2794 veritatem
1937 2755 2061 2808 pro-

492 2828 689 2883 ferent.
725 2829 955 2884 Omnino
995 2831 1074 2884 vel
1102 2830 1280 2899 plures
1307 2831 1386 2885 vel
1420 2846 1520 2883 una
1552 2832 1741 2884 saltem
1790 2832 2056 2886 mentien-

492 2930 600 2975 tur.
632 2920 739 2974 Nec
763 2931 845 2974 est
882 2924 1022 2989 quod
1047 2921 1239 2975 dicatis
1267 2922 1448 2976 fideles
1461 2934 1515 2976 et
1542 2924 1747 2977 electos
1767 2924 2049 2977 veritatem

492 3012 751 3082 profiteri.
783 3011 913 3067 Nam
949 3015 1049 3067 hnc
1097 3015 1257 3069 etiam
1298 3030 1616 3084 responsum
1678 3015 1969 3070 dissolvam
2002 3022 2055 3069 et

490 3077 710 3160 elidam.
770 3104 904 3159 Nam
955 3106 1041 3159 dic
1077 3107 1288 3169 mihi,o
1333 3077 1601 3175 Agarene,
1671 3122 1840 3175 quare
1892 3077 2128 3161 Deumc

492 3196 664 3265 ipsum
710 3198 1029 3252 conviciaris
1072 3207 1129 3251 et
1176 3198 1547 3263 calumniaris,
1599 3214 1846 3254 asserens
1891 3198 2058 3254 Deum

495 3290 608 3343 IIIBC
636 3289 791 3342 verba
820 3291 871 3341 in
927 3290 1131 3343 ambitu
1170 3290 1345 3344 throni
1378 3291 1457 3344 sui
1493 3306 1766 3355 exarasse,
1806 3306 1907 3343 non
1970 3299 2057 3343 est

494 3381 626 3435 lides
660 3395 782 3433 vera
814 3379 914 3433 alia
936 3396 1095 3449 quam
1147 3379 1279 3436 fides
1328 3381 1620 3435 electorum
1658 3380 2061 3434 Mnsnlmanno-

495 3489 634 3527 rum.
671 3473 785 3528 Hoc
820 3475 1017 3542 quippe
1040 3473 1217 3527 inveni
1253 3473 1508 3540 scriptum
1532 3472 1583 3524 in
1622 3470 1835 3525 Corano
1878 3480 1987 3523 tuo.
2018 3471 2062 3526 0

493 3582 523 3621 a
556 3568 785 3620 veritate
812 3569 1090 3628 oberrans,
1117 3565 1291 3619 nullus
1321 3578 1554 3632 unquam
1582 3564 1717 3618 vidit
1747 3566 1935 3628 Deum,
1960 3578 2059 3617 nec

494 3658 639 3712 illius
690 3659 940 3711 thronmn
993 3659 1292 3724 conspexit,
1332 3656 1450 3724 quis
1486 3665 1537 3709 te
1577 3670 1705 3724 ergo
1771 3656 2059 3709 certiorem

495 3748 622 3803 fecit
653 3750 755 3803 ista
797 3750 940 3803 circa
973 3749 1227 3801 thronum
1271 3748 1360 3800 Dei
1412 3760 1533 3800 esse
1586 3747 1789 3813 scripta
1819 3753 1875 3800 et
1934 3762 2063 3801 exa-

496 3839 648 3892 rata?
678 3839 736 3893 Si
770 3854 896 3892 vero
921 3839 1067 3892 dicas
1086 3840 1186 3891 hoc
1215 3847 1265 3891 te
1287 3836 1539 3890 didicisse
1570 3851 1635 3889 ex
1677 3845 1771 3889 tuo
1809 3835 1925 3904 ipso
1958 3836 2064 3890 Co-

495 3944 647 3994 rano,
675 3939 822 3983 certe
856 3943 1073 3997 prorsus
1096 3928 1349 3982 n‘ientitur
1377 3927 1621 3980 Coranus
1650 3932 1790 3978 tuus.
1815 3924 1946 3978 Nam
1973 3928 2060 3979 ubi

2164 1827 2487 1898 κρυμμένῳ,
2538 1830 2620 1883 ὅτι
2676 1832 2705 1884 6
2770 1832 2896 1895 λαὸς
2935 1831 3029 1885 τοῦ
3085 1834 3385 1902 Μουχάμετ
3434 1835 3529 1887 σὺν
3574 1832 3709 1903 αὐτῷ

2163 1916 2431 1982 πλανῶσι,
2484 1920 2579 1971 καὶ
2633 1920 2963 1975 πλανῶνται.
3022 1922 3132 1974 Καὶ
3174 1922 3354 1991 μέλλω
3406 1939 3487 1975 σοι
3518 1919 3711 1986 διδάξαι

2163 2007 2381 2069 αὐτοὺς,
2422 2009 2517 2061 καὶ
2545 2009 2612 2062 τὰ
2643 2010 2881 2081 ὀνόματα
2916 2013 3118 2075 αὐτῶν,
3146 2012 3477 2082 Χασισίμου,
3501 2012 3707 2081 Σεπερὶ,

2177 2099 2429 2168 ’Ῑσμαῖλῖ,
2479 2101 2750 2165 Μουτανὶ,
2791 2104 2887 2156 καὶ
2929 2104 2985 2157 αἱ
3039 2103 3227 2157 λοιπαὶ
3272 2103 3526 2173 καθεξῆς.
3580 2102 3709 2155 Ἀλλ’

2166 2189 2255 2243 ἵνα
2289 2189 2364 2260 μὴ
2397 2192 2850 2263 μακρολογῶμεν,
2909 2195 3007 2247 καὶ
3061 2195 3224 2249 πάλιν
3253 2196 3314 2248 αί
3372 2194 3468 2264 μὲν
3495 2193 3707 2263 ἑϐδομή-

2164 2297 2335 2335 κοντα
2366 2281 2462 2334 δύο
2504 2284 2770 2354 ὑμέτεραι
2819 2284 3065 2353 γλῶσσαι
3120 2286 3412 2356 ἀρνοῦνται
3439 2286 3529 2338 τὸν
3575 2284 3712 2339 Μου-

2165 2374 2364 2444 χάμετ.
2388 2376 2453 2428 Δί
2475 2375 2533 2429 δὲ
2559 2378 2827 2448 ἡμέτεραι
2879 2379 3031 2433 τόσαι
3095 2381 3225 2450 μίαν
3255 2379 3440 2432 πίστιν
3468 2378 3556 2430 ἐπὶ
3596 2378 3714 2446 Χρι-

2164 2466 2292 2519 στοῦ
2342 2467 2587 2521 σέϐονται
2618 2470 3042 2540 εὐσεὸοφρδνως.
3063 2472 3125 2523 Λί
3151 2471 3285 2539 γοῦν
3302 2471 3555 2542 ὑμέτεραι
3582 2468 3713 2521 ἑϐδο-

2165 2560 2408 2628 μήκοντα
2430 2559 2520 2613 δύο
2558 2560 2801 2628 γλῶσσαι
2854 2564 2903 2613 εί
2939 2562 3233 2631 ἀρνοῦνται
3284 2563 3375 2614 τὸν
3412 2560 3708 2630 Μουχάμετ,

2160 2650 2301 2711 τινὲς
2323 2648 2454 2716 γοῦν
2483 2649 2867 2720 ἀληθεύουσιν.
2902 2653 3001 2705 Διὰ
3034 2652 3255 2715 παντὸς,
3301 2652 3333 2722 ἢ
3378 2652 3629 2712 πλείονες,
3674 2648 3706 2718 ἡ

2163 2739 2261 2807 μία
2296 2739 2448 2808 ὑμῶν
2472 2740 2692 2808 γλῶσσα
2725 2741 3000 2810 ψεύδεται.
3042 2741 3201 2804 υῦτε,
3228 2742 3311 2803 ὡς
3340 2742 3437 2811 μὲν
3462 2740 3710 2810 νομίζετε,

2160 2830 2344 2882 πιστοὶ
2392 2833 2490 2883 καὶ
2538 2832 2805 2887 ἐκλεκτοί.
2853 2833 3013 2885 Ἀλλὰ
3066 2832 3361 2886 καταλύσω
3409 2833 3567 2901 ὑμᾶς,
3628 2828 3712 2882 καὶ

2162 2922 2452 2991 συντρίψω.
2490 2922 2589 2976 Διὰ
2611 2924 2682 2987 τί,
2728 2925 3023 2995 Ἀγαρηνὲ,
3062 2926 3185 2979 εἰπέ
3214 2943 3335 2995 μοι,
3384 2921 3711 2991 συκοφαντεῖς

2159 3015 2251 3067 τὸν
2279 3015 2410 3067 Θεὸν
2440 3016 2641 3085 λέγων,
2671 3018 2754 3071 ὅτι
2782 3018 2987 3090 ἔγραψε
3013 3020 3272 3091 γύρωθεν
3304 3020 3397 3073 τοῦ
3418 3020 3596 3089 θρόνου
3622 3015 3712 3070 αὒ-

2159 3106 2253 3160 τοῦ
2283 3107 2458 3172 οὕτως
2486 3124 2501 3139 ο
2544 3108 2660 3163 Οὐκ
2691 3110 2838 3163 ἔστιν
2868 3109 3208 3183 ἀληθεστέρα
3247 3113 3434 3174 πίστις
3465 3109 3633 3179 ἑτέρα,
3681 3105 3710 3175 ἢ

2157 3200 2264 3252 τῶν
2298 3200 2568 3254 ἐκλεκτῶν
2594 3202 3069 3271 Μουσουλμανῶν;
3103 3204 3209 3256 Καὶ
3254 3203 3432 3265 οὕτως
3475 3196 3622 3270 εὖρον
3665 3200 3714 3249 ἐν

2157 3290 2235 3359 τῷ
2263 3291 2549 3362 Κουρανίῳ
2606 3309 2721 3357 σου,
2749 3293 3129 3364 πεπλανημένε
3160 3310 3175 3325 ο
3210 3295 3324 3347 Τὸν
3382 3292 3510 3345 Θεὸν
3559 3288 3715 3348 οὐδεὶς

2160 3378 2376 3450 ἑώρακε
2418 3380 2661 3446 πώποτε,
2689 3382 2809 3435 οὐδὲ
2859 3383 2950 3435 τὸν
2974 3383 3161 3453 θρόνον
3209 3383 3405 3448 αὑτοῦ,
3445 3380 3560 3435 οὐδέ
3616 3391 3716 3438 πως

2161 3467 2331 3533 οἶδας,
2364 3471 2637 3536 ὄτιοῦτως
2658 3474 2969 3544 γέγραπται
3004 3475 3063 3529 ἐν
3120 3474 3199 3545 τῷ
3253 3475 3428 3545 θρόνῳ
3456 3473 3545 3526 τοῦ
3574 3468 3715 3521 Θεοῦ.

2162 3562 2223 3613 Ei
2252 3552 2349 3631 μὲν
2378 3562 2578 3630 λέγεις,
2620 3563 2698 3627 ὡς
2737 3566 2845 3618 ἀπὸ
2870 3566 2962 3619 τοῦ
3012 3568 3322 3636 Κουρανίου
3391 3582 3479 3619 σου
3517 3561 3715 3634 ἔμαθες.

2159 3651 2345 3704 λοιπὸν
2376 3652 2630 3721 ψεύδεται
2654 3654 2716 3708 τὸ
2754 3656 3052 3727 Κουράνιόν
3090 3674 3205 3709 σου.
3224 3656 3341 3709 Ποῦ
3375 3658 3480 3727 γάρ
3503 3650 3566 3725 ἦν
3590 3654 3717 3706 Μου-

2161 3744 2477 3814 σουλμανὸς,
2507 3747 2633 3798 ὅταν
2662 3749 2690 3799 ὁ
2729 3746 2920 3817 θρόνος
2948 3748 3043 3801 τοῦ
3095 3748 3235 3801 Θεοῦ
3299 3745 3385 3819 ἦν,
3422 3748 3515 3799 καὶ
3566 3746 3592 3796 6
3626 3758 3716 3794 κα·

2161 3834 2395 3903 θήμενος
2426 3834 2755 3907 ὲπὶθρόνου,
2779 3839 2806 3889 6
2838 3836 3117 3904 στεγάζων
3146 3838 3206 3891 ὲν
3236 3838 3393 3891 ῦδασι
3428 3837 3495 3889 τὰ
3513 3829 3717 3902 ὑπερῷα

2160 3920 2347 3992 αὑτοῦ,
2378 3928 2472 3980 καὶ
2506 3928 2744 3998 συνέχων
2772 3929 2839 3982 τὰ
2866 3930 3046 3982 πάντα
3076 3946 3091 3995 ς

492 4028 853 4072 crantomnes
887 4016 1242 4071 Musulmanui
1281 4030 1403 4069 cum
1433 4022 1577 4070 esset
1604 4014 1827 4068 thronus
1862 4014 1977 4080 Dei,
2027 4025 2079 4070 et
2119 4016 2313 4072 sedens
2342 4033 2505 4087 super
2545 4018 2717 4087 illum,
2744 4020 2833 4089 qui
2859 4021 2990 4090 tegit
3054 4020 3212 4089 aquis
3244 4018 3531 4089 superiora
3570 4014 3717 4074 illius,

491 4122 547 4169 et
579 4113 759 4167 omnia
778 4112 1207 4181 comprehendit.

563 4211 716 4265 Nunc
749 4226 877 4264 vero
922 4210 1009 4264 die
1039 4210 1190 4275 mihi,
1219 4224 1253 4263 o
1302 4208 1492 4273 fidelis,
1518 4224 1623 4276 quo
1651 4202 1803 4262 titulo
1824 4207 2062 4277 gaudere

492 4304 773 4356 contendis
790 4302 933 4356 inter
961 4317 1147 4355 omnes
1172 4302 1307 4355 alias
1337 4301 1603 4363 nationes,
1628 4314 1695 4353 an
1719 4316 1821 4353 non
1848 4314 2061 4353 summa

2249 4210 2430 4281 Ἄρτι,
2467 4210 2587 4263 είπέ
2626 4228 2737 4281 μοι,
2763 4209 2837 4274 ὡς
2862 4211 3053 4264 ἑαυτὸν
3086 4210 3270 4273 καλεῖς
3310 4211 3373 4263 ἐκ
3420 4204 3601 4260 πασῶν
3626 4199 3721 4253 τῶν

2171 4297 2399 4364 γενεῶν,
2430 4302 2648 4362 πάντως
2679 4300 2740 4351 τὸ
2771 4299 2986 4369 πρῶτον
3008 4300 3306 4368 κεφάλαιον
3334 4297 3433 4366 τῆς
3467 4292 3718 4362 σωτηρίας

494 4392 685 4446 salutis
710 4394 984 4445 hominum
1028 4391 1280 4455 fidelium,
1306 4400 1362 4443 et
1403 4405 1526 4445 vera
1556 4401 1609 4444 et
1670 4401 1816 4443 recta
1851 4391 1936 4444 via
2001 4389 2063 4442 ad

2173 4388 2284 4441 τῶν
2318 4391 2523 4442 πιστῶν
2554 4390 2881 4460 ἀνθρώπων,
2918 4394 3012 4444 καὶ
3060 4393 3093 4461 ἡ
3130 4391 3322 4445 εὐθεῖα
3383 4389 3500 4451 ὁδὸς
3547 4388 3577 4456 ἡ
3622 4384 3717 4437 ἀπ·

494 4485 658 4537 vitam
690 4495 970 4546 aeternam,
997 4494 1050 4538 et
1082 4484 1491 4537 fundamentum
1523 4482 1713 4535 salutis
1776 4482 1971 4536 anima:
2014 4488 2069 4534 ct

494 4576 757 4645 corporis,
789 4586 843 4629 et
870 4592 1015 4643 pune
1043 4576 1107 4629 ad
1142 4574 1307 4629 Deum
1351 4573 1635 4639 orationis,
1688 4581 1772 4626 est
1832 4573 2070 4641 cognitio

497 4666 609 4720 Dei.
634 4665 713 4719 Tu
739 4682 864 4721 vero
890 4666 1047 4719 deum
1078 4667 1281 4721 ratione
1314 4677 1370 4720 et
1418 4667 1529 4719 vita
1556 4674 1830 4718 carentem
1897 4679 2067 4734 agno-

496 4758 606 4813 scis
630 4766 685 4811 et
712 4758 1009 4821 conﬁteris,
1044 4757 1300 4826 illumque
1334 4757 1481 4811 cultu
1506 4756 1688 4811 divino
1720 4756 2067 4824 prosequeris

496 4857 550 4903 ct
576 4851 855 4905 veneraris
886 4858 942 4903 ut
966 4851 1215 4919 superius
1244 4860 1523 4903 ostensum
1555 4856 1658 4903 est.
1689 4849 1838 4902 Adde
1868 4857 1917 4901 te
1958 4864 2064 4901 non

497 4941 697 4995 habere
720 4943 1033 5010 prophetam
1071 4951 1165 4994 aut
1190 4940 1487 5010 apostolqu
1512 4958 1526 5005 ;
1552 4955 1655 5007 qua
1688 4940 1896 4993 ratione
1933 4952 2062 5007 ergo

497 5035 730 5102 teipsum
792 5034 1021 5088 electum
1054 5049 1213 5087 voces
1263 5033 1477 5086 declara
1515 5041 1569 5084 et
1602 5031 1919 5100 comproba.
1958 5029 2068 5083 Nec

497 5126 665 5181 habes
694 5128 1074 5190 sacerdotium,
1102 5142 1197 5181 nec
1226 5126 1474 5196 gratiam,
1508 5139 1606 5178 nec
1653 5124 1932 5192 templum,
1969 5137 2067 5176 nec

500 5218 794 5271 remedium
825 5217 891 5270 ad
943 5218 1159 5270 morbos
1183 5216 1378 5269 anima:
1408 5226 1457 5269 et
1490 5215 1735 5282 corporis
1771 5213 2067 5278 curandos,

498 5320 599 5360 nec
632 5308 888 5373 psalmos,
943 5323 1043 5361 nec
1090 5307 1384 5360 orationes.
1450 5306 1505 5359 Si
1566 5306 1821 5369 mentiar,
1858 5303 1943 5357 fac
2010 5313 2067 5357 ut

498 5406 705 5451 censtet
756 5397 962 5451 falsitas
1012 5406 1067 5451 et
1138 5398 1473 5451 mendacium
1542 5412 1742 5449 meum.
1793 5395 1885 5448 llla
1939 5409 2068 5463 ergo

499 5501 795 5557 agnoscens
825 5489 1093 5557 quomodo
1124 5488 1326 5556 poteris
1379 5488 1584 5556 ingredi
1637 5501 1858 5555 regnum
1909 5485 2072 5540 οωιυ-

500 5598 616 5638 rum
648 5589 701 5634 ct
730 5581 915 5648 gratiae
935 5578 1026 5634 Dei
1047 5582 1318 5649 particeps
1346 5580 1619 5646 evadere?
1650 5580 1729 5633 Ab
1756 5579 1874 5632 istis
1896 5577 2070 5632 omni-

502 5675 601 5728 bus
628 5667 687 5727 es
716 5687 874 5741 quam
906 5672 1219 5742 longissime
1240 5672 1466 5727 alienus.

2175 4482 2386 4549 άγουσα
2409 4484 2490 4545 εἰς
2515 4482 2612 4553 τὴν
2642 4482 2788 4552 ζωὴν
2814 4483 2913 4553 τὴν
2932 4482 3167 4546 αἰώνιον,
3187 4484 3279 4536 καὶ
3298 4481 3396 4550 τῆς
3415 4479 3605 4548 ψυχῆς,
3634 4473 3717 4526 καὶ

2169 4574 2262 4624 τοῦ
2311 4572 2561 4643 σώματος
2615 4575 2913 4644 σωτηρίας,
2967 4575 3062 4627 καὶ
3105 4574 3357 4643 καθαρᾶς
3398 4570 3561 4639 εὐχῆς
3602 4565 3721 4634 πρὸς

2177 4664 2336 4727 Θεὸν,
2374 4667 2406 4733 ἡ
2436 4666 2732 4734 θεογνωσία
2765 4668 2878 4719 ἐστί
2910 4683 2924 4697 ο
2959 4666 3022 4719 σὺ
3077 4665 3133 4717 δὲ
3166 4664 3361 4731 ἄλογον
3410 4662 3527 4715 θεὸν
3579 4653 3723 4725 γινώ-

2173 4773 2332 4819 σκεις
2359 4757 2451 4809 καὶ
2482 4758 2679 4821 ἄζωον,
2744 4757 2838 4809 καὶ
2889 4755 3048 4808 αὐτὸν
3080 4753 3399 4824 λατρεύεις,
3458 4749 3597 4804 καθά
3643 4743 3724 4799 καὶ

2171 4848 2437 4916 πρότερον
2464 4845 2641 4911 ἔδειξα
2674 4863 2776 4899 σοι.
2830 4846 2998 4899 Πάλιν
3058 4844 3183 4897 οὗτε
3239 4845 3529 4915 προφήτην
3574 4840 3720 4906 ἔχεις,

2172 4934 2297 4986 οὔτε
2370 4934 2688 4988 ἀπόστολον.
2738 4934 2861 4997 Πῶς
2911 4933 3042 5001 γοῦν
3105 4933 3292 4994 καλεῖς
3332 4930 3522 4984 ἑαυτὸν
3582 4925 3721 4979 ἔκλε-

2176 5030 2325 5093 κτὸν,
2363 5030 2533 5095 δεῖξόν
2590 5046 2701 5100 μοι.
2726 5027 2863 5081 Οῦτε
2899 5026 3198 5096 ἱερωσύνην
3254 5024 3564 5092 γινώσκεις,
3612 5016 3722 5070 οὔτε

2170 5120 2331 5191 χάριν
2362 5120 2529 5190 ἔχεῖς,
2570 5118 2693 5171 οῦτε
2728 5120 2878 5184 ναὸν,
2941 5117 3064 5170 οῦτε
3103 5117 3249 5169 ἴασιν
3294 5114 3475 5184 ψυχῆς
3509 5111 3600 5164 καὶ
3632 5104 3723 5160 σώο

2176 5230 2364 5283 ματος,
2394 5211 2515 5264 οὔτε
2552 5210 2895 5281 ψαλμῳδίαν,
2949 5208 3073 5261 οὔτε
3112 5207 3278 5278 εὐχάς
3313 5223 3327 5237 ο
3360 5205 3456 5258 καὶ
3507 5204 3555 5254 εί
3600 5197 3723 5269 ψεύ-

2172 5303 2352 5373 δομαι,
2395 5301 2567 5367 δεῖξόν
2605 5301 2846 5371 μοι.Καὶ
2875 5300 3026 5369 ὅμως
3070 5299 3243 5351 ταῦτα
3269 5296 3575 5365 γινώσκων,
3616 5287 3721 5348 πῶς

2172 5393 2400 5446 δύνασαι
2437 5392 2692 5445 ἀπελθεῖν
2728 5392 2809 5454 εἰς
2847 5392 2946 5458 τὴν
3001 5387 3282 5459 βασιλείαν
3328 5385 3439 5438 τῶν
3488 5376 3721 5452 οὐρανῶν

2172 5486 2267 5538 καὶ
2297 5487 2397 5554 τῆς
2426 5485 2646 5556 χάριτος
2689 5481 2784 5537 τοῦ
2819 5480 2987 5549 Θεοῦ;
3022 5479 3238 5534 Τούτων
3293 5477 3516 5532 πάντων
3548 5470 3721 5542 πόῤῥω

2171 5580 2482 5650 τυγχάνεις.
