  <div class='ocr_page' id='page_1' title='image "/cluster/home/n/w/nwhite01/storage/ocr_20150623/104 pt.4/mdp.39015061931229/712.png"; bbox 0 0 3978 6238; ppageno 0'>
   <div class='ocr_carea' id='block_1_1' title="bbox 351 225 485 290">
    <p class='ocr_par' dir='ltr' id='par_1_1' title="bbox 351 225 485 290">
     <span class='ocr_line' id='line_1_1' title="bbox 351 225 485 290; baseline 0.007 -1"><span class='ocrx_word' id='word_1_1' title='bbox 351 225 485 290; x_wconf 77' lang='grc' dir='ltr'><strong>1-ίοῦ</strong></span> 
     </span>
    </p>
   </div>
   <div class='ocr_carea' id='block_1_2' title="bbox 1521 223 2389 291">
    <p class='ocr_par' dir='ltr' id='par_1_2' title="bbox 1521 223 2389 291">
     <span class='ocr_line' id='line_1_2' title="bbox 1521 223 2389 291; baseline 0.002 -6"><span class='ocrx_word' id='word_1_2' title='bbox 1521 223 1999 288; x_wconf 82' lang='lat' dir='ltr'><strong>CONFUTATIO</strong></span> <span class='ocrx_word' id='word_1_3' title='bbox 2028 227 2389 291; x_wconf 84' lang='lat' dir='ltr'><strong>AGARENI.</strong></span> 
     </span>
    </p>
   </div>
   <div class='ocr_carea' id='block_1_3' title="bbox 3446 227 3583 295">
    <p class='ocr_par' dir='ltr' id='par_1_3' title="bbox 3446 227 3583 295">
     <span class='ocr_line' id='line_1_3' title="bbox 3446 227 3583 295; baseline 0 0"><span class='ocrx_word' id='word_1_4' title='bbox 3446 227 3583 295; x_wconf 75' lang='grc'><strong>1406</strong></span> 
     </span>
    </p>
   </div>
   <div class='ocr_carea' id='block_1_4' title="bbox 413 333 1923 412">
    <p class='ocr_par' dir='ltr' id='par_1_4' title="bbox 413 333 1913 408">
     <span class='ocr_line' id='line_1_4' title="bbox 413 333 1913 408; baseline 0.001 -19"><span class='ocrx_word' id='word_1_5' title='bbox 413 337 523 390; x_wconf 89' lang='lat' dir='ltr'><strong>Kal</strong></span> <span class='ocrx_word' id='word_1_6' title='bbox 549 337 583 406; x_wconf 85' lang='grc' dir='ltr'>ὴ</span> <span class='ocrx_word' id='word_1_7' title='bbox 610 333 863 406; x_wconf 73' lang='grc' dir='ltr'>κήρυξις,</span> <span class='ocrx_word' id='word_1_8' title='bbox 899 334 965 406; x_wconf 74' lang='grc' dir='ltr'>ἦν</span> <span class='ocrx_word' id='word_1_9' title='bbox 987 349 1047 387; x_wconf 87' lang='grc' dir='ltr'><strong>σε</strong></span> <span class='ocrx_word' id='word_1_10' title='bbox 1078 333 1390 407; x_wconf 77' lang='grc' dir='ltr'>ἐκήρυξενό</span> <span class='ocrx_word' id='word_1_11' title='bbox 1418 336 1750 408; x_wconf 84' lang='grc' dir='ltr'>Μουχάμετ·</span> <span class='ocrx_word' id='word_1_12' title='bbox 1780 338 1913 391; x_wconf 87' lang='grc' dir='ltr'>Ὅτε</span> 
     </span>
    </p>
   </div>
   <div class='ocr_carea' id='block_1_5' title="bbox 2028 333 3582 412">
    <p class='ocr_par' dir='ltr' id='par_1_5' title="bbox 2086 340 3582 412">
     <span class='ocr_line' id='line_1_5' title="bbox 2086 340 3582 412; baseline 0.002 -18"><span class='ocrx_word' id='word_1_13' title='bbox 2086 340 2211 394; x_wconf 65' lang='lat' dir='ltr'><strong>Haec</strong></span> <span class='ocrx_word' id='word_1_14' title='bbox 2230 348 2314 396; x_wconf 88' lang='lat' dir='ltr'><strong>est</strong></span> <span class='ocrx_word' id='word_1_15' title='bbox 2336 354 2465 396; x_wconf 90' lang='lat' dir='ltr'><strong>vero</strong></span> <span class='ocrx_word' id='word_1_16' title='bbox 2498 340 2741 396; x_wconf 87' lang='lat' dir='ltr'><strong>doctrina</strong></span> <span class='ocrx_word' id='word_1_17' title='bbox 2767 355 2928 410; x_wconf 88' lang='lat' dir='ltr'><strong>quam</strong></span> <span class='ocrx_word' id='word_1_18' title='bbox 2954 340 3312 412; x_wconf 83' lang='lat' dir='ltr'><strong>promulgavit</strong></span> <span class='ocrx_word' id='word_1_19' title='bbox 3336 340 3582 397; x_wconf 76' lang='lat' dir='ltr'><strong>Muham-</strong></span> 
     </span>
    </p>
   </div>
   <div class='ocr_carea' id='block_1_6' title="bbox 348 425 1912 500">
    <p class='ocr_par' dir='ltr' id='par_1_6' title="bbox 348 425 1912 500">
     <span class='ocr_line' id='line_1_6' title="bbox 348 425 1912 500; baseline 0.001 -20"><span class='ocrx_word' id='word_1_20' title='bbox 348 426 563 498; x_wconf 78' lang='grc' dir='ltr'><strong>μέλλεις</strong></span> <span class='ocrx_word' id='word_1_21' title='bbox 584 425 868 492; x_wconf 73' lang='grc' dir='ltr'>εὔξασθαι,</span> <span class='ocrx_word' id='word_1_22' title='bbox 910 427 1040 481; x_wconf 79' lang='grc' dir='ltr'>λαϐὲ</span> <span class='ocrx_word' id='word_1_23' title='bbox 1067 427 1589 499; x_wconf 89' lang='grc' dir='ltr'>μακρογούργουρον</span> <span class='ocrx_word' id='word_1_24' title='bbox 1647 429 1912 500; x_wconf 84' lang='grc' dir='ltr'>κεράμιον</span> 
     </span>
    </p>
   </div>
   <div class='ocr_carea' id='block_1_7' title="bbox 347 516 1913 591">
    <p class='ocr_par' dir='ltr' id='par_1_7' title="bbox 347 516 1913 591">
     <span class='ocr_line' id='line_1_7' title="bbox 347 516 1913 591; baseline 0.001 -22"><span class='ocrx_word' id='word_1_25' title='bbox 347 517 445 570; x_wconf 82' lang='grc' dir='ltr'>σὺν</span> <span class='ocrx_word' id='word_1_26' title='bbox 478 516 654 570; x_wconf 79' lang='grc' dir='ltr'>ῦδατι.</span> <span class='ocrx_word' id='word_1_27' title='bbox 677 518 785 568; x_wconf 82' lang='grc' dir='ltr'><strong>Καὶ</strong></span> <span class='ocrx_word' id='word_1_28' title='bbox 806 517 946 586; x_wconf 89' lang='grc' dir='ltr'>μετὰ</span> <span class='ocrx_word' id='word_1_29' title='bbox 977 518 1077 584; x_wconf 78' lang='grc' dir='ltr'>τῆς</span> <span class='ocrx_word' id='word_1_30' title='bbox 1103 517 1284 591; x_wconf 77' lang='grc' dir='ltr'>δεξιᾶς</span> <span class='ocrx_word' id='word_1_31' title='bbox 1317 534 1413 569; x_wconf 88' lang='grc' dir='ltr'><strong>σου</strong></span> <span class='ocrx_word' id='word_1_32' title='bbox 1446 518 1630 587; x_wconf 89' lang='grc' dir='ltr'>χειρὸς</span> <span class='ocrx_word' id='word_1_33' title='bbox 1664 518 1791 587; x_wconf 80' lang='grc' dir='ltr'>βάλε</span> <span class='ocrx_word' id='word_1_34' title='bbox 1822 518 1913 572; x_wconf 82' lang='grc' dir='ltr'><strong>τὸν</strong></span> 
     </span>
    </p>
   </div>
   <div class='ocr_carea' id='block_1_8' title="bbox 343 608 1904 680">
    <p class='ocr_par' dir='ltr' id='par_1_8' title="bbox 343 608 1904 680">
     <span class='ocr_line' id='line_1_8' title="bbox 343 608 1904 680; baseline 0 -18"><span class='ocrx_word' id='word_1_35' title='bbox 343 608 603 663; x_wconf 75' lang='grc' dir='ltr'>δάκτυλόν</span> <span class='ocrx_word' id='word_1_36' title='bbox 628 625 722 661; x_wconf 89' lang='grc' dir='ltr'><strong>σου</strong></span> <span class='ocrx_word' id='word_1_37' title='bbox 757 610 839 671; x_wconf 87' lang='grc' dir='ltr'><strong>είς</strong></span> <span class='ocrx_word' id='word_1_38' title='bbox 870 609 974 676; x_wconf 79' lang='grc' dir='ltr'>τὴν</span> <span class='ocrx_word' id='word_1_39' title='bbox 1001 608 1270 678; x_wconf 75' lang='grc' dir='ltr'><strong>καθέδραν</strong></span> <span class='ocrx_word' id='word_1_40' title='bbox 1298 625 1414 662; x_wconf 89' lang='grc' dir='ltr'>σου.</span> <span class='ocrx_word' id='word_1_41' title='bbox 1452 628 1470 659; x_wconf 75' lang='grc' dir='ltr'><strong>ι</strong></span> <span class='ocrx_word' id='word_1_42' title='bbox 1501 609 1610 661; x_wconf 88' lang='lat' dir='ltr'><strong>Kal</strong></span> <span class='ocrx_word' id='word_1_43' title='bbox 1638 611 1779 677; x_wconf 74' lang='grc' dir='ltr'>μετὰ</span> <span class='ocrx_word' id='word_1_44' title='bbox 1803 612 1904 680; x_wconf 86' lang='grc' dir='ltr'>τῆς</span> 
     </span>
    </p>
   </div>
   <div class='ocr_carea' id='block_1_9' title="bbox 343 696 1909 773">
    <p class='ocr_par' dir='ltr' id='par_1_9' title="bbox 343 696 1909 773">
     <span class='ocr_line' id='line_1_9' title="bbox 343 696 1909 773; baseline -0.001 -18"><span class='ocrx_word' id='word_1_45' title='bbox 343 702 639 773; x_wconf 80' lang='grc' dir='ltr'>ἀριστερᾶς</span> <span class='ocrx_word' id='word_1_46' title='bbox 661 718 754 753; x_wconf 89' lang='grc' dir='ltr'><strong>σου</strong></span> <span class='ocrx_word' id='word_1_47' title='bbox 785 699 967 770; x_wconf 86' lang='grc' dir='ltr'>χειρὸς</span> <span class='ocrx_word' id='word_1_48' title='bbox 985 699 1114 769; x_wconf 70' lang='grc' dir='ltr'>βάλε</span> <span class='ocrx_word' id='word_1_49' title='bbox 1135 700 1195 752; x_wconf 88' lang='grc' dir='ltr'><strong>τὸ</strong></span> <span class='ocrx_word' id='word_1_50' title='bbox 1229 698 1396 770; x_wconf 80' lang='grc' dir='ltr'>ὕδωρ,</span> <span class='ocrx_word' id='word_1_51' title='bbox 1420 696 1540 753; x_wconf 82' lang='grc' dir='ltr'>εἶτα</span> <span class='ocrx_word' id='word_1_52' title='bbox 1574 700 1762 754; x_wconf 81' lang='grc' dir='ltr'>πλῦνε.</span> <span class='ocrx_word' id='word_1_53' title='bbox 1799 702 1909 754; x_wconf 81' lang='grc' dir='ltr'>Καὶ</span> 
     </span>
    </p>
   </div>
   <div class='ocr_carea' id='block_1_10' title="bbox 347 783 1913 863">
    <p class='ocr_par' dir='ltr' id='par_1_10' title="bbox 347 783 1913 863">
     <span class='ocr_line' id='line_1_10' title="bbox 347 783 1913 863; baseline -0.001 -17"><span class='ocrx_word' id='word_1_54' title='bbox 347 793 489 863; x_wconf 85' lang='grc' dir='ltr'>μετὰ</span> <span class='ocrx_word' id='word_1_55' title='bbox 540 792 637 845; x_wconf 80' lang='grc' dir='ltr'><strong>τοῦ</strong></span> <span class='ocrx_word' id='word_1_56' title='bbox 663 791 930 844; x_wconf 81' lang='grc' dir='ltr'>δακτύλου</span> <span class='ocrx_word' id='word_1_57' title='bbox 976 807 1093 855; x_wconf 87' lang='grc' dir='ltr'>σου,</span> <span class='ocrx_word' id='word_1_58' title='bbox 1122 783 1166 858; x_wconf 85' lang='grc' dir='ltr'><strong>ᾧ</strong></span> <span class='ocrx_word' id='word_1_59' title='bbox 1199 791 1444 854; x_wconf 80' lang='grc' dir='ltr'>ἔπλυνας</span> <span class='ocrx_word' id='word_1_60' title='bbox 1500 790 1602 861; x_wconf 84' lang='grc' dir='ltr'>τὴν</span> <span class='ocrx_word' id='word_1_61' title='bbox 1644 792 1913 862; x_wconf 78' lang='grc' dir='ltr'><strong>καθέδραν</strong></span> 
     </span>
    </p>
   </div>
   <div class='ocr_carea' id='block_1_11' title="bbox 352 878 1913 952">
    <p class='ocr_par' dir='ltr' id='par_1_11' title="bbox 352 878 1913 952">
     <span class='ocr_line' id='line_1_11' title="bbox 352 878 1913 952; baseline -0.001 -17"><span class='ocrx_word' id='word_1_62' title='bbox 352 900 474 948; x_wconf 88' lang='grc' dir='ltr'>σου,</span> <span class='ocrx_word' id='word_1_63' title='bbox 516 882 686 935; x_wconf 84' lang='grc' dir='ltr'>πλῦνε</span> <span class='ocrx_word' id='word_1_64' title='bbox 715 881 835 951; x_wconf 81' lang='grc' dir='ltr'>μετ’</span> <span class='ocrx_word' id='word_1_65' title='bbox 863 880 1029 934; x_wconf 81' lang='grc' dir='ltr'>αὐτοῦ</span> <span class='ocrx_word' id='word_1_66' title='bbox 1054 881 1116 933; x_wconf 85' lang='grc' dir='ltr'><strong>τὸ</strong></span> <span class='ocrx_word' id='word_1_67' title='bbox 1151 882 1325 949; x_wconf 83' lang='grc' dir='ltr'>στόμα</span> <span class='ocrx_word' id='word_1_68' title='bbox 1353 898 1467 933; x_wconf 86' lang='grc' dir='ltr'>σου.</span> <span class='ocrx_word' id='word_1_69' title='bbox 1496 878 1630 934; x_wconf 83' lang='grc' dir='ltr'>Εῐτα</span> <span class='ocrx_word' id='word_1_70' title='bbox 1653 881 1715 934; x_wconf 84' lang='grc' dir='ltr'><strong>τὸ</strong></span> <span class='ocrx_word' id='word_1_71' title='bbox 1746 882 1913 952; x_wconf 79' lang='grc' dir='ltr'>πρόσ-</span> 
     </span>
    </p>
   </div>
   <div class='ocr_carea' id='block_1_12' title="bbox 342 970 1919 1043">
    <p class='ocr_par' dir='ltr' id='par_1_12' title="bbox 342 970 1919 1043">
     <span class='ocr_line' id='line_1_12' title="bbox 342 970 1919 1043; baseline -0.002 -15"><span class='ocrx_word' id='word_1_72' title='bbox 342 975 494 1028; x_wconf 90' lang='grc' dir='ltr'>ωπόν</span> <span class='ocrx_word' id='word_1_73' title='bbox 528 991 645 1040; x_wconf 81' lang='grc' dir='ltr'>σου,</span> <span class='ocrx_word' id='word_1_74' title='bbox 678 976 867 1026; x_wconf 86' lang='grc' dir='ltr'>ἔκτοτε</span> <span class='ocrx_word' id='word_1_75' title='bbox 899 974 995 1035; x_wconf 73' lang='grc' dir='ltr'><strong>τὰς</strong></span> <span class='ocrx_word' id='word_1_76' title='bbox 1024 972 1119 1025; x_wconf 88' lang='grc' dir='ltr'><strong>δύο</strong></span> <span class='ocrx_word' id='word_1_77' title='bbox 1165 976 1357 1043; x_wconf 86' lang='grc' dir='ltr'>χεῖρας</span> <span class='ocrx_word' id='word_1_78' title='bbox 1392 972 1555 1042; x_wconf 82' lang='grc' dir='ltr'>μέχρι</span> <span class='ocrx_word' id='word_1_79' title='bbox 1587 972 1697 1025; x_wconf 83' lang='grc' dir='ltr'>τῶν</span> <span class='ocrx_word' id='word_1_80' title='bbox 1735 970 1919 1041; x_wconf 85' lang='grc' dir='ltr'>ἀγκώ-</span> 
     </span>
    </p>
   </div>
   <div class='ocr_carea' id='block_1_13' title="bbox 342 1058 1917 1132">
    <p class='ocr_par' dir='ltr' id='par_1_13' title="bbox 342 1058 1917 1132">
     <span class='ocr_line' id='line_1_13' title="bbox 342 1058 1917 1132; baseline -0.001 -13"><span class='ocrx_word' id='word_1_81' title='bbox 342 1083 474 1131; x_wconf 91' lang='grc' dir='ltr'><strong>νων,</strong></span> <span class='ocrx_word' id='word_1_82' title='bbox 505 1060 625 1117; x_wconf 77' lang='grc' dir='ltr'>εῐτα</span> <span class='ocrx_word' id='word_1_83' title='bbox 660 1066 760 1127; x_wconf 84' lang='grc' dir='ltr'>τὰς</span> <span class='ocrx_word' id='word_1_84' title='bbox 787 1063 981 1132; x_wconf 82' lang='grc' dir='ltr'>ὀφρῦς,</span> <span class='ocrx_word' id='word_1_85' title='bbox 1015 1065 1106 1116; x_wconf 77' lang='grc' dir='ltr'>καὶ</span> <span class='ocrx_word' id='word_1_86' title='bbox 1122 1065 1189 1116; x_wconf 74' lang='grc' dir='ltr'>τὰ</span> <span class='ocrx_word' id='word_1_87' title='bbox 1215 1058 1351 1127; x_wconf 80' lang='grc' dir='ltr'>ὦτα,</span> <span class='ocrx_word' id='word_1_88' title='bbox 1376 1066 1472 1116; x_wconf 81' lang='grc' dir='ltr'><strong>καὶ</strong></span> <span class='ocrx_word' id='word_1_89' title='bbox 1500 1064 1624 1116; x_wconf 85' lang='grc' dir='ltr'>τότε</span> <span class='ocrx_word' id='word_1_90' title='bbox 1665 1064 1792 1127; x_wconf 77' lang='grc' dir='ltr'>τοὺς</span> <span class='ocrx_word' id='word_1_91' title='bbox 1821 1065 1917 1117; x_wconf 83' lang='grc' dir='ltr'><strong>πό-</strong></span> 
     </span>
    </p>
   </div>
   <div class='ocr_carea' id='block_1_14' title="bbox 342 1154 1918 1225">
    <p class='ocr_par' dir='ltr' id='par_1_14' title="bbox 342 1154 1918 1225">
     <span class='ocr_line' id='line_1_14' title="bbox 342 1154 1918 1225; baseline -0.001 -14"><span class='ocrx_word' id='word_1_92' title='bbox 342 1159 461 1221; x_wconf 84' lang='grc' dir='ltr'>δας.</span> <span class='ocrx_word' id='word_1_93' title='bbox 490 1158 600 1209; x_wconf 90' lang='lat' dir='ltr'><strong>Kal</strong></span> <span class='ocrx_word' id='word_1_94' title='bbox 647 1158 696 1208; x_wconf 91' lang='grc' dir='ltr'><strong>εί</strong></span> <span class='ocrx_word' id='word_1_95' title='bbox 745 1156 845 1225; x_wconf 82' lang='grc' dir='ltr'><strong>μέν</strong></span> <span class='ocrx_word' id='word_1_96' title='bbox 872 1158 1019 1208; x_wconf 80' lang='grc' dir='ltr'>ἔστιν</span> <span class='ocrx_word' id='word_1_97' title='bbox 1069 1157 1129 1207; x_wconf 83' lang='grc' dir='ltr'>ἐν</span> <span class='ocrx_word' id='word_1_98' title='bbox 1164 1154 1407 1225; x_wconf 83' lang='grc' dir='ltr'>ταξιδίῳ,</span> <span class='ocrx_word' id='word_1_99' title='bbox 1431 1154 1665 1223; x_wconf 78' lang='grc' dir='ltr'><strong>ὀφείλεις</strong></span> <span class='ocrx_word' id='word_1_100' title='bbox 1697 1155 1918 1209; x_wconf 78' lang='grc' dir='ltr'>πλύνειν</span> 
     </span>
    </p>
   </div>
   <div class='ocr_carea' id='block_1_15' title="bbox 345 1239 1918 1316">
    <p class='ocr_par' dir='ltr' id='par_1_15' title="bbox 345 1239 1918 1316">
     <span class='ocr_line' id='line_1_15' title="bbox 345 1239 1918 1316; baseline -0.001 -18"><span class='ocrx_word' id='word_1_101' title='bbox 345 1245 450 1312; x_wconf 77' lang='grc' dir='ltr'><strong>ἔξω</strong></span> <span class='ocrx_word' id='word_1_102' title='bbox 487 1245 594 1298; x_wconf 85' lang='grc' dir='ltr'>τῶν</span> <span class='ocrx_word' id='word_1_103' title='bbox 621 1244 984 1316; x_wconf 78' lang='grc' dir='ltr'>ὑποδημάτων</span> <span class='ocrx_word' id='word_1_104' title='bbox 1014 1260 1130 1309; x_wconf 87' lang='grc' dir='ltr'>σου,</span> <span class='ocrx_word' id='word_1_105' title='bbox 1171 1244 1258 1297; x_wconf 81' lang='grc' dir='ltr'><strong>ἵνα</strong></span> <span class='ocrx_word' id='word_1_106' title='bbox 1289 1245 1364 1314; x_wconf 82' lang='grc' dir='ltr'>μὴ</span> <span class='ocrx_word' id='word_1_107' title='bbox 1415 1246 1637 1314; x_wconf 83' lang='grc' dir='ltr'>κοπιᾷς,</span> <span class='ocrx_word' id='word_1_108' title='bbox 1672 1239 1791 1296; x_wconf 82' lang='grc' dir='ltr'>εἶτα</span> <span class='ocrx_word' id='word_1_109' title='bbox 1822 1249 1918 1297; x_wconf 81' lang='grc' dir='ltr'><strong>ὲκ-</strong></span> 
     </span>
    </p>
   </div>
   <div class='ocr_carea' id='block_1_16' title="bbox 344 1335 1918 1407">
    <p class='ocr_par' dir='ltr' id='par_1_16' title="bbox 344 1335 1918 1407">
     <span class='ocr_line' id='line_1_16' title="bbox 344 1335 1918 1407; baseline -0.001 -18"><span class='ocrx_word' id='word_1_110' title='bbox 344 1338 563 1390; x_wconf 80' lang='grc' dir='ltr'>ϐαλλειν</span> <span class='ocrx_word' id='word_1_111' title='bbox 595 1336 753 1398; x_wconf 85' lang='grc' dir='ltr'>αὐτὰ,</span> <span class='ocrx_word' id='word_1_112' title='bbox 782 1337 877 1389; x_wconf 71' lang='grc' dir='ltr'><strong>καὶ</strong></span> <span class='ocrx_word' id='word_1_113' title='bbox 904 1336 1067 1389; x_wconf 84' lang='grc' dir='ltr'>πάλιν</span> <span class='ocrx_word' id='word_1_114' title='bbox 1100 1335 1445 1389; x_wconf 80' lang='grc' dir='ltr'>ὑποδέεσθαι.</span> <span class='ocrx_word' id='word_1_115' title='bbox 1487 1337 1597 1390; x_wconf 90' lang='lat' dir='ltr'><strong>Kal</strong></span> <span class='ocrx_word' id='word_1_116' title='bbox 1625 1337 1718 1390; x_wconf 74' lang='grc' dir='ltr'>ἔὰν</span> <span class='ocrx_word' id='word_1_117' title='bbox 1745 1338 1918 1407; x_wconf 75' lang='grc' dir='ltr'>φορῇς</span> 
     </span>
    </p>
   </div>
   <div class='ocr_carea' id='block_1_17' title="bbox 344 1426 1915 1497">
    <p class='ocr_par' dir='ltr' id='par_1_17' title="bbox 344 1426 1915 1497">
     <span class='ocr_line' id='line_1_17' title="bbox 344 1426 1915 1497; baseline 0.001 -16"><span class='ocrx_word' id='word_1_118' title='bbox 344 1428 679 1481; x_wconf 79' lang='grc' dir='ltr'>δακτυλίδιον</span> <span class='ocrx_word' id='word_1_119' title='bbox 698 1427 953 1497; x_wconf 89' lang='grc' dir='ltr'>χρυσοῦν,</span> <span class='ocrx_word' id='word_1_120' title='bbox 984 1426 1183 1479; x_wconf 86' lang='grc' dir='ltr'>ἔκϐαλε</span> <span class='ocrx_word' id='word_1_121' title='bbox 1203 1428 1357 1491; x_wconf 86' lang='grc' dir='ltr'>αὐτὸ,</span> <span class='ocrx_word' id='word_1_122' title='bbox 1379 1430 1475 1480; x_wconf 73' lang='grc' dir='ltr'><strong>καὶ</strong></span> <span class='ocrx_word' id='word_1_123' title='bbox 1516 1427 1705 1481; x_wconf 78' lang='grc' dir='ltr'>ἔκτοτε</span> <span class='ocrx_word' id='word_1_124' title='bbox 1730 1426 1915 1495; x_wconf 76' lang='grc' dir='ltr'>εὔχου.</span> 
     </span>
    </p>
   </div>
   <div class='ocr_carea' id='block_1_18' title="bbox 348 1515 1910 1588">
    <p class='ocr_par' dir='ltr' id='par_1_18' title="bbox 348 1515 1910 1588">
     <span class='ocr_line' id='line_1_18' title="bbox 348 1515 1910 1588; baseline -0.001 -18"><span class='ocrx_word' id='word_1_125' title='bbox 348 1518 410 1571; x_wconf 77' lang='grc' dir='ltr'><strong>Εἰ</strong></span> <span class='ocrx_word' id='word_1_126' title='bbox 438 1517 495 1569; x_wconf 83' lang='grc' dir='ltr'>δὲ</span> <span class='ocrx_word' id='word_1_127' title='bbox 523 1518 620 1587; x_wconf 82' lang='grc' dir='ltr'><strong>μὴ,</strong></span> <span class='ocrx_word' id='word_1_128' title='bbox 652 1515 835 1586; x_wconf 79' lang='grc' dir='ltr'>εὔχου.</span> <span class='ocrx_word' id='word_1_129' title='bbox 859 1518 968 1568; x_wconf 86' lang='lat' dir='ltr'><strong>Kal</strong></span> <span class='ocrx_word' id='word_1_130' title='bbox 987 1516 1081 1569; x_wconf 73' lang='grc' dir='ltr'><strong>ἐὰν</strong></span> <span class='ocrx_word' id='word_1_131' title='bbox 1110 1519 1297 1587; x_wconf 77' lang='grc' dir='ltr'>φορεῖς</span> <span class='ocrx_word' id='word_1_132' title='bbox 1326 1516 1489 1583; x_wconf 90' lang='grc' dir='ltr'>γοῦνα</span> <span class='ocrx_word' id='word_1_133' title='bbox 1505 1517 1610 1569; x_wconf 85' lang='grc' dir='ltr'>ὑπὸ</span> <span class='ocrx_word' id='word_1_134' title='bbox 1637 1517 1910 1588; x_wconf 77' lang='grc' dir='ltr'>δέρματος</span> 
     </span>
    </p>
   </div>
   <div class='ocr_carea' id='block_1_19' title="bbox 346 1607 1912 1681">
    <p class='ocr_par' dir='ltr' id='par_1_19' title="bbox 346 1607 1912 1681">
     <span class='ocr_line' id='line_1_19' title="bbox 346 1607 1912 1681; baseline -0.001 -19"><span class='ocrx_word' id='word_1_135' title='bbox 346 1609 657 1674; x_wconf 70' lang='grc' dir='ltr'>κατουδίου,</span> <span class='ocrx_word' id='word_1_136' title='bbox 693 1614 767 1679; x_wconf 84' lang='grc' dir='ltr'>μὴ</span> <span class='ocrx_word' id='word_1_137' title='bbox 796 1607 985 1678; x_wconf 75' lang='grc' dir='ltr'>εὔχου,</span> <span class='ocrx_word' id='word_1_138' title='bbox 1016 1610 1146 1681; x_wconf 81' lang='grc' dir='ltr'>πρὶν</span> <span class='ocrx_word' id='word_1_139' title='bbox 1172 1608 1410 1679; x_wconf 74' lang='grc' dir='ltr'>ἐκϐάλῃς</span> <span class='ocrx_word' id='word_1_140' title='bbox 1440 1609 1629 1679; x_wconf 84' lang='grc' dir='ltr'>αὑτήν.</span> <span class='ocrx_word' id='word_1_141' title='bbox 1666 1608 1777 1661; x_wconf 87' lang='lat' dir='ltr'><strong>Kal</strong></span> <span class='ocrx_word' id='word_1_142' title='bbox 1812 1608 1912 1661; x_wconf 77' lang='grc' dir='ltr'><strong>ἐὰν</strong></span> 
     </span>
    </p>
   </div>
   <div class='ocr_carea' id='block_1_20' title="bbox 2014 432 3579 501">
    <p class='ocr_par' dir='ltr' id='par_1_20' title="bbox 2014 432 3579 501">
     <span class='ocr_line' id='line_1_20' title="bbox 2014 432 3579 501; baseline 0.004 -18"><span class='ocrx_word' id='word_1_143' title='bbox 2014 432 2156 495; x_wconf 90' lang='lat' dir='ltr'><strong>med,</strong></span> <span class='ocrx_word' id='word_1_144' title='bbox 2195 446 2404 501; x_wconf 86' lang='lat' dir='ltr'><strong>nempe,</strong></span> <span class='ocrx_word' id='word_1_145' title='bbox 2434 447 2553 485; x_wconf 89' lang='lat' dir='ltr'><strong>cum</strong></span> <span class='ocrx_word' id='word_1_146' title='bbox 2591 432 2839 501; x_wconf 84' lang='lat' dir='ltr'><strong>precibus</strong></span> <span class='ocrx_word' id='word_1_147' title='bbox 2897 432 3125 486; x_wconf 89' lang='lat' dir='ltr'><strong>orationi</strong></span> <span class='ocrx_word' id='word_1_148' title='bbox 3165 442 3453 487; x_wconf 75' lang='lat' dir='ltr'><strong>vacaturus</strong></span> <span class='ocrx_word' id='word_1_149' title='bbox 3494 450 3579 501; x_wconf 88' lang='lat' dir='ltr'><strong>es,</strong></span> 
     </span>
    </p>
   </div>
   <div class='ocr_carea' id='block_1_21' title="bbox 2014 523 3579 593">
    <p class='ocr_par' dir='ltr' id='par_1_21' title="bbox 2014 523 3579 593">
     <span class='ocr_line' id='line_1_21' title="bbox 2014 523 3579 593; baseline 0.003 -18"><span class='ocrx_word' id='word_1_150' title='bbox 2014 523 2199 591; x_wconf 82' lang='lat' dir='ltr'><strong>accipe</strong></span> <span class='ocrx_word' id='word_1_151' title='bbox 2239 524 2609 593; x_wconf 75' lang='lat' dir='ltr'><strong>gurgulionem</strong></span> <span class='ocrx_word' id='word_1_152' title='bbox 2646 539 2739 578; x_wconf 86' lang='lat' dir='ltr'><strong>seu</strong></span> <span class='ocrx_word' id='word_1_153' title='bbox 2771 540 2867 577; x_wconf 89' lang='lat' dir='ltr'><strong>vas</strong></span> <span class='ocrx_word' id='word_1_154' title='bbox 2894 525 3077 590; x_wconf 76' lang='lat' dir='ltr'><strong>lietile,</strong></span> <span class='ocrx_word' id='word_1_155' title='bbox 3133 524 3425 592; x_wconf 78' lang='lat' dir='ltr'><strong>oblongum</strong></span> <span class='ocrx_word' id='word_1_156' title='bbox 3477 525 3579 580; x_wconf 86' lang='lat' dir='ltr'><strong>ha-</strong></span> 
     </span>
    </p>
   </div>
   <div class='ocr_carea' id='block_1_22' title="bbox 2014 613 3585 681">
    <p class='ocr_par' dir='ltr' id='par_1_22' title="bbox 2014 613 3585 681">
     <span class='ocr_line' id='line_1_22' title="bbox 2014 613 3585 681; baseline 0.001 -15"><span class='ocrx_word' id='word_1_157' title='bbox 2014 616 2147 666; x_wconf 88' lang='lat' dir='ltr'><strong>bens</strong></span> <span class='ocrx_word' id='word_1_158' title='bbox 2174 614 2367 666; x_wconf 89' lang='lat' dir='ltr'><strong>collum</strong></span> <span class='ocrx_word' id='word_1_159' title='bbox 2393 613 2444 666; x_wconf 95' lang='lat' dir='ltr'><strong>in</strong></span> <span class='ocrx_word' id='word_1_160' title='bbox 2481 626 2588 679; x_wconf 86' lang='lat' dir='ltr'><strong>quo</strong></span> <span class='ocrx_word' id='word_1_161' title='bbox 2635 628 2775 681; x_wconf 83' lang='lat' dir='ltr'><strong>aqua</strong></span> <span class='ocrx_word' id='word_1_162' title='bbox 2828 613 3189 679; x_wconf 89' lang='lat' dir='ltr'><strong>contineatur,</strong></span> <span class='ocrx_word' id='word_1_163' title='bbox 3234 632 3251 664; x_wconf 77' lang='grc' dir='ltr'><strong>ι</strong></span> <span class='ocrx_word' id='word_1_164' title='bbox 3303 613 3368 667; x_wconf 88' lang='lat' dir='ltr'><strong>Et</strong></span> <span class='ocrx_word' id='word_1_165' title='bbox 3423 630 3585 668; x_wconf 86' lang='lat' dir='ltr'><strong>manu</strong></span> 
     </span>
    </p>
   </div>
   <div class='ocr_carea' id='block_1_23' title="bbox 2018 701 3583 773">
    <p class='ocr_par' dir='ltr' id='par_1_23' title="bbox 2018 701 3583 773">
     <span class='ocr_line' id='line_1_23' title="bbox 2018 701 3583 773; baseline 0.002 -18"><span class='ocrx_word' id='word_1_166' title='bbox 2018 701 2210 755; x_wconf 81' lang='lat' dir='ltr'><strong>dextra</strong></span> <span class='ocrx_word' id='word_1_167' title='bbox 2247 702 2311 755; x_wconf 87' lang='lat' dir='ltr'><strong>ad</strong></span> <span class='ocrx_word' id='word_1_168' title='bbox 2348 719 2507 755; x_wconf 85' lang='lat' dir='ltr'><strong>anum</strong></span> <span class='ocrx_word' id='word_1_169' title='bbox 2536 713 2587 757; x_wconf 89' lang='lat' dir='ltr'><strong>et</strong></span> <span class='ocrx_word' id='word_1_170' title='bbox 2621 704 2863 771; x_wconf 87' lang='lat' dir='ltr'><strong>podicem</strong></span> <span class='ocrx_word' id='word_1_171' title='bbox 2889 704 3100 755; x_wconf 88' lang='lat' dir='ltr'><strong>adntuta</strong></span> <span class='ocrx_word' id='word_1_172' title='bbox 3153 704 3373 758; x_wconf 84' lang='lat' dir='ltr'><strong>sinistra</strong></span> <span class='ocrx_word' id='word_1_173' title='bbox 3421 719 3583 773; x_wconf 87' lang='lat' dir='ltr'><strong>quam</strong></span> 
     </span>
    </p>
   </div>
   <div class='ocr_carea' id='block_1_24' title="bbox 2016 792 3620 868">
    <p class='ocr_par' dir='ltr' id='par_1_24' title="bbox 2016 792 3620 868">
     <span class='ocr_line' id='line_1_24' title="bbox 2016 792 3620 868; baseline 0.001 -22"><span class='ocrx_word' id='word_1_174' title='bbox 2016 792 2203 861; x_wconf 85' lang='lat' dir='ltr'><strong>injice,</strong></span> <span class='ocrx_word' id='word_1_175' title='bbox 2233 803 2286 847; x_wconf 88' lang='lat' dir='ltr'><strong>et</strong></span> <span class='ocrx_word' id='word_1_176' title='bbox 2317 792 2723 847; x_wconf 73' lang='lat' dir='ltr'><strong>fundamentum</strong></span> <span class='ocrx_word' id='word_1_177' title='bbox 2761 793 2900 846; x_wconf 76' lang='lat' dir='ltr'><strong>lava.</strong></span> <span class='ocrx_word' id='word_1_178' title='bbox 2933 792 2995 846; x_wconf 83' lang='lat' dir='ltr'><strong>Et</strong></span> <span class='ocrx_word' id='word_1_179' title='bbox 3024 794 3192 862; x_wconf 82' lang='lat' dir='ltr'><strong>digito</strong></span> <span class='ocrx_word' id='word_1_180' title='bbox 3235 809 3342 863; x_wconf 92' lang='lat' dir='ltr'><strong>quo</strong></span> <span class='ocrx_word' id='word_1_181' title='bbox 3400 792 3620 868; x_wconf 65' lang='lat' dir='ltr'><strong>funda-.</strong></span> 
     </span>
    </p>
   </div>
   <div class='ocr_carea' id='block_1_25' title="bbox 2017 882 3586 953">
    <p class='ocr_par' dir='ltr' id='par_1_25' title="bbox 2017 882 3586 953">
     <span class='ocr_line' id='line_1_25' title="bbox 2017 882 3586 953; baseline 0.001 -18"><span class='ocrx_word' id='word_1_182' title='bbox 2017 894 2255 937; x_wconf 89' lang='lat' dir='ltr'><strong>mentum</strong></span> <span class='ocrx_word' id='word_1_183' title='bbox 2311 882 2578 937; x_wconf 84' lang='lat' dir='ltr'><strong>lavaveris</strong></span> <span class='ocrx_word' id='word_1_184' title='bbox 2609 892 2662 936; x_wconf 89' lang='lat' dir='ltr'><strong>et</strong></span> <span class='ocrx_word' id='word_1_185' title='bbox 2686 884 3025 953; x_wconf 82' lang='lat' dir='ltr'><strong>purgaveris,</strong></span> <span class='ocrx_word' id='word_1_186' title='bbox 3054 884 3239 935; x_wconf 88' lang='lat' dir='ltr'><strong>eodem</strong></span> <span class='ocrx_word' id='word_1_187' title='bbox 3302 884 3417 951; x_wconf 88' lang='lat' dir='ltr'><strong>ipso</strong></span> <span class='ocrx_word' id='word_1_188' title='bbox 3469 883 3586 936; x_wconf 86' lang='lat' dir='ltr'><strong>lava</strong></span> 
     </span>
    </p>
   </div>
   <div class='ocr_carea' id='block_1_26' title="bbox 2014 974 3587 1038">
    <p class='ocr_par' dir='ltr' id='par_1_26' title="bbox 2014 974 3587 1038">
     <span class='ocr_line' id='line_1_26' title="bbox 2014 974 3587 1038; baseline -0.003 -7"><span class='ocrx_word' id='word_1_189' title='bbox 2014 990 2077 1031; x_wconf 91' lang='lat' dir='ltr'><strong>os</strong></span> <span class='ocrx_word' id='word_1_190' title='bbox 2106 982 2277 1029; x_wconf 88' lang='lat' dir='ltr'><strong>tuum.</strong></span> <span class='ocrx_word' id='word_1_191' title='bbox 2311 974 2502 1029; x_wconf 84' lang='lat' dir='ltr'><strong>Postea</strong></span> <span class='ocrx_word' id='word_1_192' title='bbox 2536 974 2650 1026; x_wconf 88' lang='lat' dir='ltr'><strong>lava</strong></span> <span class='ocrx_word' id='word_1_193' title='bbox 2697 974 2908 1038; x_wconf 82' lang='lat' dir='ltr'><strong>faciem,</strong></span> <span class='ocrx_word' id='word_1_194' title='bbox 2951 985 3005 1028; x_wconf 87' lang='lat' dir='ltr'><strong>et</strong></span> <span class='ocrx_word' id='word_1_195' title='bbox 3034 989 3225 1030; x_wconf 89' lang='lat' dir='ltr'><strong>manus</strong></span> <span class='ocrx_word' id='word_1_196' title='bbox 3269 975 3457 1030; x_wconf 85' lang='lat' dir='ltr'><strong>ambas</strong></span> <span class='ocrx_word' id='word_1_197' title='bbox 3518 974 3587 1028; x_wconf 89' lang='lat' dir='ltr'><strong>ad</strong></span> 
     </span>
    </p>
   </div>
   <div class='ocr_carea' id='block_1_27' title="bbox 2016 1066 3584 1136">
    <p class='ocr_par' dir='ltr' id='par_1_27' title="bbox 2016 1066 3584 1136">
     <span class='ocr_line' id='line_1_27' title="bbox 2016 1066 3584 1136; baseline 0 -15"><span class='ocrx_word' id='word_1_198' title='bbox 2016 1067 2228 1121; x_wconf 90' lang='lat' dir='ltr'><strong>cubitus</strong></span> <span class='ocrx_word' id='word_1_199' title='bbox 2258 1082 2449 1136; x_wconf 85' lang='lat' dir='ltr'><strong>usque,</strong></span> <span class='ocrx_word' id='word_1_200' title='bbox 2482 1067 2713 1136; x_wconf 91' lang='lat' dir='ltr'><strong>denique</strong></span> <span class='ocrx_word' id='word_1_201' title='bbox 2747 1067 2877 1119; x_wconf 69' lang='lat' dir='ltr'><strong>&quot;lava</strong></span> <span class='ocrx_word' id='word_1_202' title='bbox 2938 1066 3227 1135; x_wconf 87' lang='lat' dir='ltr'><strong>supercilia</strong></span> <span class='ocrx_word' id='word_1_203' title='bbox 3285 1075 3340 1120; x_wconf 86' lang='lat' dir='ltr'><strong>et</strong></span> <span class='ocrx_word' id='word_1_204' title='bbox 3404 1082 3584 1133; x_wconf 80' lang='lat' dir='ltr'><strong>aures,</strong></span> 
     </span>
    </p>
   </div>
   <div class='ocr_carea' id='block_1_28' title="bbox 2018 1158 3588 1227">
    <p class='ocr_par' dir='ltr' id='par_1_28' title="bbox 2018 1158 3588 1227">
     <span class='ocr_line' id='line_1_28' title="bbox 2018 1158 3588 1227; baseline 0.003 -18"><span class='ocrx_word' id='word_1_205' title='bbox 2018 1166 2292 1225; x_wconf 88' lang='lat' dir='ltr'><strong>postremo</strong></span> <span class='ocrx_word' id='word_1_206' title='bbox 2332 1158 2495 1226; x_wconf 83' lang='lat' dir='ltr'><strong>pedes</strong></span> <span class='ocrx_word' id='word_1_207' title='bbox 2522 1160 2684 1227; x_wconf 84' lang='lat' dir='ltr'><strong>ipsos.</strong></span> <span class='ocrx_word' id='word_1_208' title='bbox 2726 1158 2781 1212; x_wconf 90' lang='lat' dir='ltr'><strong>Si</strong></span> <span class='ocrx_word' id='word_1_209' title='bbox 2806 1174 2935 1213; x_wconf 90' lang='lat' dir='ltr'><strong>vero</strong></span> <span class='ocrx_word' id='word_1_210' title='bbox 2986 1159 3062 1212; x_wconf 92' lang='lat' dir='ltr'><strong>sis</strong></span> <span class='ocrx_word' id='word_1_211' title='bbox 3093 1159 3146 1211; x_wconf 88' lang='lat' dir='ltr'><strong>in</strong></span> <span class='ocrx_word' id='word_1_212' title='bbox 3179 1159 3450 1227; x_wconf 67' lang='lat' dir='ltr'><strong>praesidio,</strong></span> <span class='ocrx_word' id='word_1_213' title='bbox 3495 1161 3588 1213; x_wconf 89' lang='lat' dir='ltr'><strong>de-</strong></span> 
     </span>
    </p>
   </div>
   <div class='ocr_carea' id='block_1_29' title="bbox 2017 1249 3583 1315">
    <p class='ocr_par' dir='ltr' id='par_1_29' title="bbox 2017 1249 3583 1315">
     <span class='ocr_line' id='line_1_29' title="bbox 2017 1249 3583 1315; baseline 0.003 -15"><span class='ocrx_word' id='word_1_214' title='bbox 2017 1249 2113 1301; x_wconf 88' lang='lat' dir='ltr'><strong>bes</strong></span> <span class='ocrx_word' id='word_1_215' title='bbox 2167 1260 2321 1301; x_wconf 80' lang='lat' dir='ltr'><strong>extra</strong></span> <span class='ocrx_word' id='word_1_216' title='bbox 2386 1250 2601 1303; x_wconf 84' lang='lat' dir='ltr'><strong>calceos</strong></span> <span class='ocrx_word' id='word_1_217' title='bbox 2637 1252 2839 1315; x_wconf 87' lang='lat' dir='ltr'><strong>lavare,</strong></span> <span class='ocrx_word' id='word_1_218' title='bbox 2868 1265 2933 1304; x_wconf 92' lang='lat' dir='ltr'><strong>ne</strong></span> <span class='ocrx_word' id='word_1_219' title='bbox 2968 1250 3069 1303; x_wconf 91' lang='lat' dir='ltr'><strong>hoc</strong></span> <span class='ocrx_word' id='word_1_220' title='bbox 3133 1250 3226 1302; x_wconf 84' lang='lat' dir='ltr'><strong>tibi</strong></span> <span class='ocrx_word' id='word_1_221' title='bbox 3281 1250 3583 1305; x_wconf 84' lang='lat' dir='ltr'><strong>molestiam</strong></span> 
     </span>
    </p>
   </div>
   <div class='ocr_carea' id='block_1_30' title="bbox 2018 1339 3587 1401">
    <p class='ocr_par' dir='ltr' id='par_1_30' title="bbox 2018 1339 3587 1401">
     <span class='ocr_line' id='line_1_30' title="bbox 2018 1339 3587 1401; baseline 0.002 -10"><span class='ocrx_word' id='word_1_222' title='bbox 2018 1346 2187 1401; x_wconf 87' lang='lat' dir='ltr'><strong>creet,</strong></span> <span class='ocrx_word' id='word_1_223' title='bbox 2228 1339 2422 1393; x_wconf 89' lang='lat' dir='ltr'><strong>deinde</strong></span> <span class='ocrx_word' id='word_1_224' title='bbox 2458 1340 2580 1394; x_wconf 91' lang='lat' dir='ltr'><strong>illos</strong></span> <span class='ocrx_word' id='word_1_225' title='bbox 2604 1350 2855 1395; x_wconf 88' lang='lat' dir='ltr'><strong>excutere</strong></span> <span class='ocrx_word' id='word_1_226' title='bbox 2892 1352 2946 1393; x_wconf 88' lang='lat' dir='ltr'><strong>et</strong></span> <span class='ocrx_word' id='word_1_227' title='bbox 2983 1342 3174 1395; x_wconf 88' lang='lat' dir='ltr'><strong>iterum</strong></span> <span class='ocrx_word' id='word_1_228' title='bbox 3214 1341 3462 1396; x_wconf 84' lang='lat' dir='ltr'><strong>induere.</strong></span> <span class='ocrx_word' id='word_1_229' title='bbox 3522 1341 3587 1395; x_wconf 87' lang='lat' dir='ltr'><strong>Et</strong></span> 
     </span>
    </p>
   </div>
   <div class='ocr_carea' id='block_1_31' title="bbox 2018 1430 3581 1502">
    <p class='ocr_par' dir='ltr' id='par_1_31' title="bbox 2018 1430 3581 1502">
     <span class='ocr_line' id='line_1_31' title="bbox 2018 1430 3581 1502; baseline 0.004 -20"><span class='ocrx_word' id='word_1_230' title='bbox 2018 1430 2062 1482; x_wconf 87' lang='lat' dir='ltr'><strong>si</strong></span> <span class='ocrx_word' id='word_1_231' title='bbox 2093 1439 2271 1498; x_wconf 82' lang='lat' dir='ltr'><strong>gestes</strong></span> <span class='ocrx_word' id='word_1_232' title='bbox 2308 1432 2565 1484; x_wconf 86' lang='lat' dir='ltr'><strong>annulum</strong></span> <span class='ocrx_word' id='word_1_233' title='bbox 2593 1446 2836 1496; x_wconf 88' lang='lat' dir='ltr'><strong>aureum,</strong></span> <span class='ocrx_word' id='word_1_234' title='bbox 2868 1447 3082 1486; x_wconf 79' lang='lat' dir='ltr'><strong>remove</strong></span> <span class='ocrx_word' id='word_1_235' title='bbox 3112 1432 3291 1497; x_wconf 88' lang='lat' dir='ltr'><strong>illum,</strong></span> <span class='ocrx_word' id='word_1_236' title='bbox 3319 1442 3374 1487; x_wconf 89' lang='lat' dir='ltr'><strong>et</strong></span> <span class='ocrx_word' id='word_1_237' title='bbox 3422 1443 3581 1502; x_wconf 85' lang='lat' dir='ltr'><strong>post-</strong></span> 
     </span>
    </p>
   </div>
   <div class='ocr_carea' id='block_1_32' title="bbox 2017 1520 3589 1592">
    <p class='ocr_par' dir='ltr' id='par_1_32' title="bbox 2017 1520 3589 1592">
     <span class='ocr_line' id='line_1_32' title="bbox 2017 1520 3589 1592; baseline 0.003 -19"><span class='ocrx_word' id='word_1_238' title='bbox 2017 1534 2079 1573; x_wconf 90' lang='lat' dir='ltr'><strong>ea</strong></span> <span class='ocrx_word' id='word_1_239' title='bbox 2119 1534 2245 1573; x_wconf 87' lang='lat' dir='ltr'><strong>vaca</strong></span> <span class='ocrx_word' id='word_1_240' title='bbox 2276 1520 2526 1575; x_wconf 89' lang='lat' dir='ltr'><strong>orationi.</strong></span> <span class='ocrx_word' id='word_1_241' title='bbox 2582 1520 2639 1575; x_wconf 89' lang='lat' dir='ltr'><strong>Si</strong></span> <span class='ocrx_word' id='word_1_242' title='bbox 2661 1537 2790 1575; x_wconf 87' lang='lat' dir='ltr'><strong>vero</strong></span> <span class='ocrx_word' id='word_1_243' title='bbox 2820 1522 3019 1576; x_wconf 87' lang='lat' dir='ltr'><strong>annulo</strong></span> <span class='ocrx_word' id='word_1_244' title='bbox 3054 1537 3268 1587; x_wconf 88' lang='lat' dir='ltr'><strong>careas,</strong></span> <span class='ocrx_word' id='word_1_245' title='bbox 3301 1533 3451 1592; x_wconf 89' lang='lat' dir='ltr'><strong>putes</strong></span> <span class='ocrx_word' id='word_1_246' title='bbox 3482 1532 3589 1578; x_wconf 89' lang='lat' dir='ltr'><strong>sta-</strong></span> 
     </span>
    </p>
   </div>
   <div class='ocr_carea' id='block_1_33' title="bbox 2023 1610 3587 1683">
    <p class='ocr_par' dir='ltr' id='par_1_33' title="bbox 2023 1610 3587 1683">
     <span class='ocr_line' id='line_1_33' title="bbox 2023 1610 3587 1683; baseline 0.003 -20"><span class='ocrx_word' id='word_1_247' title='bbox 2023 1610 2118 1663; x_wconf 86' lang='lat' dir='ltr'><strong>tim</strong></span> <span class='ocrx_word' id='word_1_248' title='bbox 2146 1626 2327 1665; x_wconf 88' lang='lat' dir='ltr'><strong>orarc.</strong></span> <span class='ocrx_word' id='word_1_249' title='bbox 2367 1612 2432 1665; x_wconf 84' lang='lat' dir='ltr'><strong>Et</strong></span> <span class='ocrx_word' id='word_1_250' title='bbox 2472 1612 2516 1665; x_wconf 93' lang='lat' dir='ltr'><strong>si</strong></span> <span class='ocrx_word' id='word_1_251' title='bbox 2563 1622 2738 1667; x_wconf 89' lang='lat' dir='ltr'><strong>tecum</strong></span> <span class='ocrx_word' id='word_1_252' title='bbox 2792 1622 2970 1681; x_wconf 77' lang='lat' dir='ltr'><strong>gestes</strong></span> <span class='ocrx_word' id='word_1_253' title='bbox 3001 1626 3205 1677; x_wconf 82' lang='lat' dir='ltr'><strong>vestem</strong></span> <span class='ocrx_word' id='word_1_254' title='bbox 3234 1628 3298 1667; x_wconf 76' lang='lat' dir='ltr'><strong>ex</strong></span> <span class='ocrx_word' id='word_1_255' title='bbox 3322 1614 3457 1683; x_wconf 90' lang='lat' dir='ltr'><strong>pelle</strong></span> <span class='ocrx_word' id='word_1_256' title='bbox 3479 1614 3587 1669; x_wconf 83' lang='lat' dir='ltr'><strong>cati</strong></span> 
     </span>
    </p>
   </div>
   <div class='ocr_carea' id='block_1_34' title="bbox 349 1689 1923 1775">
    <p class='ocr_par' dir='ltr' id='par_1_34' title="bbox 349 1696 1920 1774">
     <span class='ocr_line' id='line_1_34' title="bbox 349 1696 1920 1774; baseline 0 -21"><span class='ocrx_word' id='word_1_257' title='bbox 349 1702 484 1774; x_wconf 77' lang='grc' dir='ltr'>πίνῃ</span> <span class='ocrx_word' id='word_1_258' title='bbox 511 1700 983 1770; x_wconf 79' lang='grc' dir='ltr'>ὁΜουσουλμανὸς</span> <span class='ocrx_word' id='word_1_259' title='bbox 1023 1696 1166 1753; x_wconf 79' lang='grc' dir='ltr'>οἶνον</span> <span class='ocrx_word' id='word_1_260' title='bbox 1216 1701 1344 1769; x_wconf 86' lang='grc' dir='ltr'>ὃλην</span> <span class='ocrx_word' id='word_1_261' title='bbox 1394 1700 1492 1769; x_wconf 81' lang='grc' dir='ltr'>τὴν</span> <span class='ocrx_word' id='word_1_262' title='bbox 1544 1701 1781 1771; x_wconf 79' lang='grc' dir='ltr'><strong>ἡμέραν,</strong></span> <span class='ocrx_word' id='word_1_263' title='bbox 1824 1700 1920 1753; x_wconf 74' lang='grc' dir='ltr'><strong>καὶ</strong></span> 
     </span>
    </p>
   </div>
   <div class='ocr_carea' id='block_1_35' title="bbox 2028 1689 3593 1775">
    <p class='ocr_par' dir='ltr' id='par_1_35' title="bbox 2028 1699 3593 1775">
     <span class='ocr_line' id='line_1_35' title="bbox 2028 1699 3593 1775; baseline 0.003 -22"><span class='ocrx_word' id='word_1_264' title='bbox 2028 1715 2118 1754; x_wconf 91' lang='lat' dir='ltr'><strong>seu</strong></span> <span class='ocrx_word' id='word_1_265' title='bbox 2155 1699 2273 1756; x_wconf 90' lang='lat' dir='ltr'><strong>l&#39;elis</strong></span> <span class='ocrx_word' id='word_1_266' title='bbox 2307 1713 2613 1767; x_wconf 84' lang='lat' dir='ltr'><strong>consutam,</strong></span> <span class='ocrx_word' id='word_1_267' title='bbox 2645 1717 2711 1756; x_wconf 92' lang='lat' dir='ltr'><strong>ne</strong></span> <span class='ocrx_word' id='word_1_268' title='bbox 2738 1718 2924 1771; x_wconf 87' lang='lat' dir='ltr'><strong>preces</strong></span> <span class='ocrx_word' id='word_1_269' title='bbox 2955 1704 3146 1758; x_wconf 80' lang='lat' dir='ltr'><strong>fundas</strong></span> <span class='ocrx_word' id='word_1_270' title='bbox 3190 1706 3501 1775; x_wconf 77' lang='lat' dir='ltr'><strong>priusquam</strong></span> <span class='ocrx_word' id='word_1_271' title='bbox 3531 1706 3593 1759; x_wconf 81' lang='lat' dir='ltr'><strong>il-</strong></span> 
     </span>
    </p>
   </div>
   <div class='ocr_carea' id='block_1_36' title="bbox 347 1790 1923 1864">
    <p class='ocr_par' dir='ltr' id='par_1_36' title="bbox 347 1791 1916 1864">
     <span class='ocr_line' id='line_1_36' title="bbox 347 1791 1916 1864; baseline 0 -19"><span class='ocrx_word' id='word_1_272' title='bbox 347 1794 478 1864; x_wconf 76' lang='grc' dir='ltr'>θέλῃ</span> <span class='ocrx_word' id='word_1_273' title='bbox 510 1791 794 1856; x_wconf 80' lang='grc' dir='ltr'>εῦξασθαι,</span> <span class='ocrx_word' id='word_1_274' title='bbox 820 1791 1111 1855; x_wconf 78' lang='grc' dir='ltr'>ἁτενιζέτω</span> <span class='ocrx_word' id='word_1_275' title='bbox 1142 1794 1222 1855; x_wconf 82' lang='grc' dir='ltr'>εἰς</span> <span class='ocrx_word' id='word_1_276' title='bbox 1251 1792 1313 1844; x_wconf 89' lang='grc' dir='ltr'><strong>τὸ</strong></span> <span class='ocrx_word' id='word_1_277' title='bbox 1347 1793 1561 1861; x_wconf 83' lang='grc' dir='ltr'>ἱμάτιον</span> <span class='ocrx_word' id='word_1_278' title='bbox 1591 1791 1779 1845; x_wconf 85' lang='grc' dir='ltr'>αὑτοῦ.</span> <span class='ocrx_word' id='word_1_279' title='bbox 1807 1793 1916 1845; x_wconf 91' lang='lat' dir='ltr'><strong>Kal</strong></span> 
     </span>
    </p>
   </div>
   <div class='ocr_carea' id='block_1_37' title="bbox 2028 1790 3591 1864">
    <p class='ocr_par' dir='ltr' id='par_1_37' title="bbox 2028 1790 3591 1849">
     <span class='ocr_line' id='line_1_37' title="bbox 2028 1790 3591 1849; baseline 0.004 -8"><span class='ocrx_word' id='word_1_280' title='bbox 2028 1790 2129 1842; x_wconf 82' lang='lat' dir='ltr'><strong>lant</strong></span> <span class='ocrx_word' id='word_1_281' title='bbox 2161 1793 2481 1845; x_wconf 85' lang='lat' dir='ltr'><strong>removeris.</strong></span> <span class='ocrx_word' id='word_1_282' title='bbox 2502 1792 2631 1846; x_wconf 83' lang='lat' dir='ltr'><strong>Etsi</strong></span> <span class='ocrx_word' id='word_1_283' title='bbox 2664 1792 3069 1847; x_wconf 80' lang='lat' dir='ltr'><strong>Musulmannus</strong></span> <span class='ocrx_word' id='word_1_284' title='bbox 3113 1803 3223 1849; x_wconf 87' lang='grc' dir='ltr'>ιυιο</span> <span class='ocrx_word' id='word_1_285' title='bbox 3258 1797 3346 1849; x_wconf 88' lang='lat' dir='ltr'><strong>die</strong></span> <span class='ocrx_word' id='word_1_286' title='bbox 3386 1810 3444 1849; x_wconf 83' lang='lat' dir='ltr'><strong>se</strong></span> <span class='ocrx_word' id='word_1_287' title='bbox 3469 1797 3591 1849; x_wconf 87' lang='lat' dir='ltr'><strong>vino</strong></span> 
     </span>
    </p>
   </div>
   <div class='ocr_carea' id='block_1_38' title="bbox 345 1881 1923 1953">
    <p class='ocr_par' dir='ltr' id='par_1_38' title="bbox 345 1881 1917 1953">
     <span class='ocr_line' id='line_1_38' title="bbox 345 1881 1917 1953; baseline 0.001 -18"><span class='ocrx_word' id='word_1_288' title='bbox 345 1882 442 1935; x_wconf 70' lang='grc' dir='ltr'>ἐὰν</span> <span class='ocrx_word' id='word_1_289' title='bbox 472 1883 696 1947; x_wconf 76' lang='grc' dir='ltr'>ἔσταξεν</span> <span class='ocrx_word' id='word_1_290' title='bbox 736 1885 818 1945; x_wconf 90' lang='grc' dir='ltr'><strong>είς</strong></span> <span class='ocrx_word' id='word_1_291' title='bbox 870 1882 1003 1936; x_wconf 81' lang='grc' dir='ltr'>αὐτὸ</span> <span class='ocrx_word' id='word_1_292' title='bbox 1028 1882 1134 1935; x_wconf 86' lang='grc' dir='ltr'>ἀπὸ</span> <span class='ocrx_word' id='word_1_293' title='bbox 1158 1881 1253 1935; x_wconf 85' lang='grc' dir='ltr'><strong>τοῦ</strong></span> <span class='ocrx_word' id='word_1_294' title='bbox 1283 1883 1448 1943; x_wconf 83' lang='grc' dir='ltr'>οίνου,</span> <span class='ocrx_word' id='word_1_295' title='bbox 1482 1882 1730 1936; x_wconf 81' lang='grc' dir='ltr'>πλυνέτω</span> <span class='ocrx_word' id='word_1_296' title='bbox 1777 1885 1917 1953; x_wconf 80' lang='grc' dir='ltr'>μετὰ</span> 
     </span>
    </p>
   </div>
   <div class='ocr_carea' id='block_1_39' title="bbox 2028 1881 3593 1953">
    <p class='ocr_par' dir='ltr' id='par_1_39' title="bbox 2028 1884 3593 1950">
     <span class='ocr_line' id='line_1_39' title="bbox 2028 1884 3593 1950; baseline 0.004 -16"><span class='ocrx_word' id='word_1_297' title='bbox 2028 1884 2449 1950; x_wconf 82' lang='lat' dir='ltr'><strong>iugurgitaverit,</strong></span> <span class='ocrx_word' id='word_1_298' title='bbox 2473 1895 2529 1937; x_wconf 94' lang='lat' dir='ltr'><strong>et</strong></span> <span class='ocrx_word' id='word_1_299' title='bbox 2550 1884 2777 1937; x_wconf 89' lang='lat' dir='ltr'><strong>voluerit</strong></span> <span class='ocrx_word' id='word_1_300' title='bbox 2796 1893 2978 1937; x_wconf 89' lang='lat' dir='ltr'><strong>tamen</strong></span> <span class='ocrx_word' id='word_1_301' title='bbox 3000 1899 3181 1947; x_wconf 89' lang='lat' dir='ltr'><strong>orare,</strong></span> <span class='ocrx_word' id='word_1_302' title='bbox 3228 1895 3434 1940; x_wconf 87' lang='lat' dir='ltr'><strong>attente</strong></span> <span class='ocrx_word' id='word_1_303' title='bbox 3462 1902 3593 1940; x_wconf 92' lang='lat' dir='ltr'><strong>con-</strong></span> 
     </span>
    </p>
   </div>
   <div class='ocr_carea' id='block_1_40' title="bbox 347 1971 1923 2043">
    <p class='ocr_par' dir='ltr' id='par_1_40' title="bbox 347 1972 1921 2043">
     <span class='ocr_line' id='line_1_40' title="bbox 347 1972 1921 2043; baseline 0.001 -18"><span class='ocrx_word' id='word_1_304' title='bbox 347 1973 654 2026; x_wconf 84' lang='grc' dir='ltr'>σωπουνίου</span> <span class='ocrx_word' id='word_1_305' title='bbox 685 1973 781 2026; x_wconf 75' lang='grc' dir='ltr'><strong>καὶ</strong></span> <span class='ocrx_word' id='word_1_306' title='bbox 812 1972 1029 2038; x_wconf 79' lang='grc' dir='ltr'>ὓδατος,</span> <span class='ocrx_word' id='word_1_307' title='bbox 1079 1972 1176 2026; x_wconf 75' lang='grc' dir='ltr'>καὶ</span> <span class='ocrx_word' id='word_1_308' title='bbox 1232 1972 1353 2025; x_wconf 87' lang='grc' dir='ltr'>τότε</span> <span class='ocrx_word' id='word_1_309' title='bbox 1386 1973 1648 2043; x_wconf 76' lang='grc' dir='ltr'>εὐχέσθω.</span> <span class='ocrx_word' id='word_1_310' title='bbox 1689 1991 1707 2023; x_wconf 77' lang='lat' dir='ltr'><strong>t</strong></span> <span class='ocrx_word' id='word_1_311' title='bbox 1750 1974 1921 2041; x_wconf 75' lang='grc' dir='ltr'>Κάγὼ</span> 
     </span>
    </p>
   </div>
   <div class='ocr_carea' id='block_1_41' title="bbox 2028 1971 3595 2043">
    <p class='ocr_par' dir='ltr' id='par_1_41' title="bbox 2028 1971 3595 2037">
     <span class='ocr_line' id='line_1_41' title="bbox 2028 1971 3595 2037; baseline 0.003 -12"><span class='ocrx_word' id='word_1_312' title='bbox 2028 1972 2217 2025; x_wconf 78' lang='lat' dir='ltr'><strong>sideret</strong></span> <span class='ocrx_word' id='word_1_313' title='bbox 2269 1982 2473 2025; x_wconf 88' lang='lat' dir='ltr'><strong>vestem</strong></span> <span class='ocrx_word' id='word_1_314' title='bbox 2527 1987 2703 2037; x_wconf 85' lang='lat' dir='ltr'><strong>suam,</strong></span> <span class='ocrx_word' id='word_1_315' title='bbox 2746 1981 2800 2027; x_wconf 91' lang='lat' dir='ltr'><strong>et</strong></span> <span class='ocrx_word' id='word_1_316' title='bbox 2847 1971 2893 2025; x_wconf 88' lang='lat' dir='ltr'><strong>si</strong></span> <span class='ocrx_word' id='word_1_317' title='bbox 2937 1972 3081 2025; x_wconf 85' lang='lat' dir='ltr'><strong>illam</strong></span> <span class='ocrx_word' id='word_1_318' title='bbox 3142 1973 3595 2029; x_wconf 77' lang='lat' dir='ltr'><strong>animadverterit</strong></span> 
     </span>
    </p>
   </div>
   <div class='ocr_carea' id='block_1_42' title="bbox 345 2063 1923 2136">
    <p class='ocr_par' dir='ltr' id='par_1_42' title="bbox 345 2064 1922 2136">
     <span class='ocr_line' id='line_1_42' title="bbox 345 2064 1922 2136; baseline 0.001 -18"><span class='ocrx_word' id='word_1_319' title='bbox 345 2066 494 2135; x_wconf 85' lang='grc' dir='ltr'>λέγω</span> <span class='ocrx_word' id='word_1_320' title='bbox 527 2084 635 2131; x_wconf 89' lang='grc' dir='ltr'>σοι,</span> <span class='ocrx_word' id='word_1_321' title='bbox 673 2067 809 2119; x_wconf 79' lang='grc' dir='ltr'>Οὐαὶ</span> <span class='ocrx_word' id='word_1_322' title='bbox 852 2065 955 2136; x_wconf 84' lang='grc' dir='ltr'><strong>τῆς</strong></span> <span class='ocrx_word' id='word_1_323' title='bbox 991 2064 1330 2135; x_wconf 71' lang='grc' dir='ltr'>ἀφροσύνης,</span> <span class='ocrx_word' id='word_1_324' title='bbox 1376 2066 1461 2119; x_wconf 85' lang='grc' dir='ltr'><strong>ὃτι</strong></span> <span class='ocrx_word' id='word_1_325' title='bbox 1512 2066 1542 2118; x_wconf 85' lang='grc' dir='ltr'>ὁ</span> <span class='ocrx_word' id='word_1_326' title='bbox 1570 2065 1726 2130; x_wconf 80' lang='grc' dir='ltr'>πίθος</span> <span class='ocrx_word' id='word_1_327' title='bbox 1760 2067 1922 2136; x_wconf 83' lang='grc' dir='ltr'><strong>γέμει</strong></span> 
     </span>
    </p>
   </div>
   <div class='ocr_carea' id='block_1_43' title="bbox 2028 2063 3597 2136">
    <p class='ocr_par' dir='ltr' id='par_1_43' title="bbox 2028 2063 3597 2132">
     <span class='ocr_line' id='line_1_43' title="bbox 2028 2063 3597 2132; baseline 0.001 -16"><span class='ocrx_word' id='word_1_328' title='bbox 2028 2063 2131 2116; x_wconf 87' lang='lat' dir='ltr'><strong>vini</strong></span> <span class='ocrx_word' id='word_1_329' title='bbox 2162 2063 2327 2132; x_wconf 77' lang='lat' dir='ltr'><strong>guttis</strong></span> <span class='ocrx_word' id='word_1_330' title='bbox 2350 2063 2673 2132; x_wconf 89' lang='lat' dir='ltr'><strong>quibusdam</strong></span> <span class='ocrx_word' id='word_1_331' title='bbox 2710 2063 3054 2129; x_wconf 86' lang='lat' dir='ltr'><strong>maculatam,</strong></span> <span class='ocrx_word' id='word_1_332' title='bbox 3088 2064 3276 2118; x_wconf 87' lang='lat' dir='ltr'><strong>statim</strong></span> <span class='ocrx_word' id='word_1_333' title='bbox 3310 2063 3461 2117; x_wconf 83' lang='lat' dir='ltr'><strong>illam</strong></span> <span class='ocrx_word' id='word_1_334' title='bbox 3506 2078 3597 2117; x_wconf 83' lang='lat' dir='ltr'><strong>sa-</strong></span> 
     </span>
    </p>
   </div>
   <div class='ocr_carea' id='block_1_44' title="bbox 342 2155 1193 2223">
    <p class='ocr_par' dir='ltr' id='par_1_44' title="bbox 342 2155 1193 2223">
     <span class='ocr_line' id='line_1_44' title="bbox 342 2155 1193 2223; baseline -0.002 -13"><span class='ocrx_word' id='word_1_335' title='bbox 342 2160 513 2223; x_wconf 74' lang='grc' dir='ltr'>οἴνου,</span> <span class='ocrx_word' id='word_1_336' title='bbox 546 2158 642 2211; x_wconf 76' lang='grc' dir='ltr'>καὶ</span> <span class='ocrx_word' id='word_1_337' title='bbox 681 2157 882 2221; x_wconf 83' lang='grc' dir='ltr'>ἔξωθεν</span> <span class='ocrx_word' id='word_1_338' title='bbox 914 2155 1193 2208; x_wconf 82' lang='grc' dir='ltr'>πλύνεται.</span> 
     </span>
    </p>
   </div>
   <div class='ocr_carea' id='block_1_45' title="bbox 2024 2153 3590 2222">
    <p class='ocr_par' dir='ltr' id='par_1_45' title="bbox 2024 2153 3590 2222">
     <span class='ocr_line' id='line_1_45' title="bbox 2024 2153 3590 2222; baseline 0.001 -18"><span class='ocrx_word' id='word_1_339' title='bbox 2024 2166 2163 2218; x_wconf 85' lang='lat' dir='ltr'><strong>pune</strong></span> <span class='ocrx_word' id='word_1_340' title='bbox 2189 2160 2243 2205; x_wconf 92' lang='lat' dir='ltr'><strong>et</strong></span> <span class='ocrx_word' id='word_1_341' title='bbox 2273 2167 2410 2219; x_wconf 90' lang='lat' dir='ltr'><strong>aqua</strong></span> <span class='ocrx_word' id='word_1_342' title='bbox 2446 2161 2661 2222; x_wconf 84' lang='lat' dir='ltr'><strong>purget,</strong></span> <span class='ocrx_word' id='word_1_343' title='bbox 2692 2161 2746 2207; x_wconf 91' lang='lat' dir='ltr'><strong>ct</strong></span> <span class='ocrx_word' id='word_1_344' title='bbox 2776 2165 2961 2222; x_wconf 85' lang='lat' dir='ltr'><strong>postea</strong></span> <span class='ocrx_word' id='word_1_345' title='bbox 2995 2153 3270 2207; x_wconf 88' lang='lat' dir='ltr'><strong>incumbat</strong></span> <span class='ocrx_word' id='word_1_346' title='bbox 3288 2154 3544 2209; x_wconf 88' lang='lat' dir='ltr'><strong>orationi.</strong></span> <span class='ocrx_word' id='word_1_347' title='bbox 3569 2170 3590 2205; x_wconf 69' lang='grc' dir='ltr'><strong>ι</strong></span> 
     </span>
    </p>
   </div>
   <div class='ocr_carea' id='block_1_46' title="bbox 349 2240 3600 2319">
    <p class='ocr_par' dir='ltr' id='par_1_46' title="bbox 349 2240 3600 2319">
     <span class='ocr_line' id='line_1_46' title="bbox 349 2240 3600 2319; baseline -0.002 -15"><span class='ocrx_word' id='word_1_348' title='bbox 349 2252 460 2319; x_wconf 79' lang='lat' dir='ltr'><strong>Ego</strong></span> <span class='ocrx_word' id='word_1_349' title='bbox 500 2266 628 2304; x_wconf 82' lang='lat' dir='ltr'><strong>vero</strong></span> <span class='ocrx_word' id='word_1_350' title='bbox 671 2264 901 2319; x_wconf 79' lang='lat' dir='ltr'><strong>regero:</strong></span> <span class='ocrx_word' id='word_1_351' title='bbox 939 2246 1055 2301; x_wconf 82' lang='lat' dir='ltr'><strong>Vah</strong></span> <span class='ocrx_word' id='word_1_352' title='bbox 1108 2247 1435 2317; x_wconf 87' lang='lat' dir='ltr'><strong>ineptiarum</strong></span> <span class='ocrx_word' id='word_1_353' title='bbox 1483 2253 1539 2301; x_wconf 90' lang='lat' dir='ltr'><strong>et</strong></span> <span class='ocrx_word' id='word_1_354' title='bbox 1581 2244 1954 2300; x_wconf 89' lang='lat' dir='ltr'><strong>stultitiarum.</strong></span> <span class='ocrx_word' id='word_1_355' title='bbox 1993 2240 2129 2296; x_wconf 77' lang='lat' dir='ltr'><strong>Nam</strong></span> <span class='ocrx_word' id='word_1_356' title='bbox 2180 2244 2283 2297; x_wconf 93' lang='lat' dir='ltr'><strong>hoc</strong></span> <span class='ocrx_word' id='word_1_357' title='bbox 2315 2251 2399 2299; x_wconf 88' lang='lat' dir='ltr'><strong>est</strong></span> <span class='ocrx_word' id='word_1_358' title='bbox 2460 2243 2661 2298; x_wconf 85' lang='lat' dir='ltr'><strong>dolium</strong></span> <span class='ocrx_word' id='word_1_359' title='bbox 2713 2245 2954 2299; x_wconf 78' lang='lat' dir='ltr'><strong>exterius</strong></span> <span class='ocrx_word' id='word_1_360' title='bbox 3022 2258 3260 2314; x_wconf 82' lang='lat' dir='ltr'><strong>purgare</strong></span> <span class='ocrx_word' id='word_1_361' title='bbox 3306 2252 3361 2299; x_wconf 90' lang='lat' dir='ltr'><strong>et</strong></span> <span class='ocrx_word' id='word_1_362' title='bbox 3415 2242 3600 2298; x_wconf 80' lang='lat' dir='ltr'><strong>lavare</strong></span> 
     </span>
    </p>
   </div>
   <div class='ocr_carea' id='block_1_47' title="bbox 344 2341 1171 2410">
    <p class='ocr_par' dir='ltr' id='par_1_47' title="bbox 344 2341 1171 2410">
     <span class='ocr_line' id='line_1_47' title="bbox 344 2341 1171 2410; baseline -0.002 -17"><span class='ocrx_word' id='word_1_363' title='bbox 344 2343 487 2410; x_wconf 88' lang='lat' dir='ltr'><strong>quod</strong></span> <span class='ocrx_word' id='word_1_364' title='bbox 516 2344 660 2396; x_wconf 88' lang='lat' dir='ltr'><strong>intus</strong></span> <span class='ocrx_word' id='word_1_365' title='bbox 683 2343 806 2394; x_wconf 87' lang='lat' dir='ltr'><strong>vino</strong></span> <span class='ocrx_word' id='word_1_366' title='bbox 825 2341 1044 2409; x_wconf 85' lang='lat' dir='ltr'><strong>plenum</strong></span> <span class='ocrx_word' id='word_1_367' title='bbox 1066 2352 1171 2394; x_wconf 88' lang='lat' dir='ltr'><strong>est.</strong></span> 
     </span>
    </p>
   </div>
   <div class='ocr_carea' id='block_1_48' title="bbox 418 2430 1919 2503">
    <p class='ocr_par' dir='ltr' id='par_1_48' title="bbox 418 2430 1919 2503">
     <span class='ocr_line' id='line_1_48' title="bbox 418 2430 1919 2503; baseline -0.002 -18"><span class='ocrx_word' id='word_1_368' title='bbox 418 2432 607 2495; x_wconf 77' lang='grc' dir='ltr'>Οῦτως</span> <span class='ocrx_word' id='word_1_369' title='bbox 630 2433 726 2485; x_wconf 77' lang='grc' dir='ltr'><strong>καὶ</strong></span> <span class='ocrx_word' id='word_1_370' title='bbox 760 2434 823 2485; x_wconf 80' lang='grc' dir='ltr'><strong>σὺ</strong></span> <span class='ocrx_word' id='word_1_371' title='bbox 877 2432 974 2499; x_wconf 80' lang='grc' dir='ltr'><strong>τῆς</strong></span> <span class='ocrx_word' id='word_1_372' title='bbox 1006 2431 1217 2495; x_wconf 79' lang='grc' dir='ltr'>κοιλίας</span> <span class='ocrx_word' id='word_1_373' title='bbox 1279 2448 1375 2484; x_wconf 86' lang='grc' dir='ltr'><strong>σου</strong></span> <span class='ocrx_word' id='word_1_374' title='bbox 1410 2430 1690 2503; x_wconf 83' lang='grc' dir='ltr'>γεμούσης</span> <span class='ocrx_word' id='word_1_375' title='bbox 1741 2430 1919 2493; x_wconf 74' lang='grc' dir='ltr'>οἴνου,</span> 
     </span>
    </p>
   </div>
   <div class='ocr_carea' id='block_1_49' title="bbox 350 2522 1918 2593">
    <p class='ocr_par' dir='ltr' id='par_1_49' title="bbox 350 2522 1918 2593">
     <span class='ocr_line' id='line_1_49' title="bbox 350 2522 1918 2593; baseline -0.002 -16"><span class='ocrx_word' id='word_1_376' title='bbox 350 2526 443 2577; x_wconf 77' lang='grc' dir='ltr'>καὶ</span> <span class='ocrx_word' id='word_1_377' title='bbox 480 2526 581 2577; x_wconf 78' lang='grc' dir='ltr'><strong>οὐκ</strong></span> <span class='ocrx_word' id='word_1_378' title='bbox 604 2524 891 2593; x_wconf 82' lang='grc' dir='ltr'>ἔμιάνθης,</span> <span class='ocrx_word' id='word_1_379' title='bbox 922 2523 1018 2575; x_wconf 80' lang='grc' dir='ltr'><strong>καὶ</strong></span> <span class='ocrx_word' id='word_1_380' title='bbox 1048 2522 1143 2575; x_wconf 73' lang='grc' dir='ltr'><strong>τοῦ</strong></span> <span class='ocrx_word' id='word_1_381' title='bbox 1178 2524 1395 2593; x_wconf 75' lang='grc' dir='ltr'>ἱματίου</span> <span class='ocrx_word' id='word_1_382' title='bbox 1429 2540 1521 2575; x_wconf 87' lang='grc' dir='ltr'><strong>σου</strong></span> <span class='ocrx_word' id='word_1_383' title='bbox 1556 2525 1918 2592; x_wconf 79' lang='grc' dir='ltr'>σταλαγμοῖς,</span> 
     </span>
    </p>
   </div>
   <div class='ocr_carea' id='block_1_50' title="bbox 346 2612 1921 2686">
    <p class='ocr_par' dir='ltr' id='par_1_50' title="bbox 346 2612 1921 2686">
     <span class='ocr_line' id='line_1_50' title="bbox 346 2612 1921 2686; baseline -0.003 -18"><span class='ocrx_word' id='word_1_384' title='bbox 346 2617 635 2686; x_wconf 80' lang='grc' dir='ltr'>ὲμιάνθης.</span> <span class='ocrx_word' id='word_1_385' title='bbox 664 2617 775 2669; x_wconf 82' lang='lat' dir='ltr'><strong>Kal</strong></span> <span class='ocrx_word' id='word_1_386' title='bbox 823 2612 976 2678; x_wconf 83' lang='grc' dir='ltr'>αὖθις</span> <span class='ocrx_word' id='word_1_387' title='bbox 1021 2614 1247 2667; x_wconf 75' lang='grc' dir='ltr'>ἀνάθετε</span> <span class='ocrx_word' id='word_1_388' title='bbox 1298 2615 1429 2685; x_wconf 77' lang='grc' dir='ltr'>εὐχῇ</span> <span class='ocrx_word' id='word_1_389' title='bbox 1470 2616 1535 2685; x_wconf 85' lang='grc' dir='ltr'>τῇ</span> <span class='ocrx_word' id='word_1_390' title='bbox 1594 2614 1921 2684; x_wconf 85' lang='grc' dir='ltr'>μιαινομένῃ</span> 
     </span>
    </p>
   </div>
   <div class='ocr_carea' id='block_1_51' title="bbox 345 2703 1923 2777">
    <p class='ocr_par' dir='ltr' id='par_1_51' title="bbox 345 2703 1923 2777">
     <span class='ocr_line' id='line_1_51' title="bbox 345 2703 1923 2777; baseline -0.004 -16"><span class='ocrx_word' id='word_1_391' title='bbox 345 2707 457 2761; x_wconf 82' lang='grc' dir='ltr'>ἀπὸ</span> <span class='ocrx_word' id='word_1_392' title='bbox 482 2706 684 2777; x_wconf 91' lang='grc' dir='ltr'>χρυσοῦ</span> <span class='ocrx_word' id='word_1_393' title='bbox 729 2705 1091 2769; x_wconf 86' lang='grc' dir='ltr'>δακτυλιδίου,</span> <span class='ocrx_word' id='word_1_394' title='bbox 1129 2704 1222 2758; x_wconf 63' lang='grc' dir='ltr'><strong>καί⁷</strong></span> <span class='ocrx_word' id='word_1_395' title='bbox 1277 2703 1769 2774; x_wconf 79' lang='grc' dir='ltr'>δερμακατουδίου,</span> <span class='ocrx_word' id='word_1_396' title='bbox 1827 2704 1923 2755; x_wconf 81' lang='grc' dir='ltr'>καὶ</span> 
     </span>
    </p>
   </div>
   <div class='ocr_carea' id='block_1_52' title="bbox 347 2788 1925 2866">
    <p class='ocr_par' dir='ltr' id='par_1_52' title="bbox 347 2788 1925 2866">
     <span class='ocr_line' id='line_1_52' title="bbox 347 2788 1925 2866; baseline -0.003 -15"><span class='ocrx_word' id='word_1_397' title='bbox 347 2798 600 2865; x_wconf 83' lang='grc' dir='ltr'>ἀνὰοεμα</span> <span class='ocrx_word' id='word_1_398' title='bbox 646 2795 969 2866; x_wconf 80' lang='grc' dir='ltr'>παραδείσῳ</span> <span class='ocrx_word' id='word_1_399' title='bbox 1038 2795 1373 2864; x_wconf 86' lang='grc' dir='ltr'>μιαινομένῳ</span> <span class='ocrx_word' id='word_1_400' title='bbox 1425 2795 1533 2846; x_wconf 85' lang='grc' dir='ltr'>ἀπὸ</span> <span class='ocrx_word' id='word_1_401' title='bbox 1582 2788 1766 2864; x_wconf 83' lang='grc' dir='ltr'>χοίρου</span> <span class='ocrx_word' id='word_1_402' title='bbox 1825 2796 1925 2847; x_wconf 79' lang='grc' dir='ltr'>καὶ</span> 
     </span>
    </p>
   </div>
   <div class='ocr_carea' id='block_1_53' title="bbox 348 2883 1926 2955">
    <p class='ocr_par' dir='ltr' id='par_1_53' title="bbox 348 2883 1926 2955">
     <span class='ocr_line' id='line_1_53' title="bbox 348 2883 1926 2955; baseline -0.002 -13"><span class='ocrx_word' id='word_1_403' title='bbox 348 2890 517 2943; x_wconf 80' lang='grc' dir='ltr'>οἴνου.</span> <span class='ocrx_word' id='word_1_404' title='bbox 564 2886 727 2950; x_wconf 83' lang='grc' dir='ltr'>Τέλος</span> <span class='ocrx_word' id='word_1_405' title='bbox 768 2886 986 2939; x_wconf 81' lang='grc' dir='ltr'>πάντων</span> <span class='ocrx_word' id='word_1_406' title='bbox 1021 2888 1055 2952; x_wconf 74' lang='grc' dir='ltr'><strong>ἡ</strong></span> <span class='ocrx_word' id='word_1_407' title='bbox 1116 2886 1437 2938; x_wconf 89' lang='grc' dir='ltr'>διδασκαλία</span> <span class='ocrx_word' id='word_1_408' title='bbox 1474 2883 1570 2937; x_wconf 85' lang='grc' dir='ltr'><strong>τοῦ</strong></span> <span class='ocrx_word' id='word_1_409' title='bbox 1622 2885 1926 2955; x_wconf 83' lang='grc' dir='ltr'>Μουχάμετ</span> 
     </span>
    </p>
   </div>
   <div class='ocr_carea' id='block_1_54' title="bbox 352 2975 1929 3047">
    <p class='ocr_par' dir='ltr' id='par_1_54' title="bbox 352 2975 1929 3047">
     <span class='ocr_line' id='line_1_54' title="bbox 352 2975 1929 3047; baseline -0.003 -17"><span class='ocrx_word' id='word_1_410' title='bbox 352 2995 446 3032; x_wconf 87' lang='grc' dir='ltr'><strong>σου</strong></span> <span class='ocrx_word' id='word_1_411' title='bbox 473 2976 848 3047; x_wconf 76' lang='grc' dir='ltr'>παραγγέλλει</span> <span class='ocrx_word' id='word_1_412' title='bbox 879 2993 992 3028; x_wconf 82' lang='grc' dir='ltr'>σοι’</span> <span class='ocrx_word' id='word_1_413' title='bbox 1022 2995 1040 3028; x_wconf 79' lang='grc' dir='ltr'><strong>ι</strong></span> <span class='ocrx_word' id='word_1_414' title='bbox 1071 2976 1133 3029; x_wconf 91' lang='grc' dir='ltr'>Εί</span> <span class='ocrx_word' id='word_1_415' title='bbox 1158 2975 1256 3045; x_wconf 82' lang='grc' dir='ltr'>μὲν</span> <span class='ocrx_word' id='word_1_416' title='bbox 1296 2976 1559 3045; x_wconf 82' lang='grc' dir='ltr'>ὑπάρχεις</span> <span class='ocrx_word' id='word_1_417' title='bbox 1590 2976 1755 3041; x_wconf 79' lang='grc' dir='ltr'>ἔγγὺς</span> <span class='ocrx_word' id='word_1_418' title='bbox 1787 2992 1929 3045; x_wconf 74' lang='grc' dir='ltr'>μασ-</span> 
     </span>
    </p>
   </div>
   <div class='ocr_carea' id='block_1_55' title="bbox 348 3067 1920 3140">
    <p class='ocr_par' dir='ltr' id='par_1_55' title="bbox 348 3067 1920 3140">
     <span class='ocr_line' id='line_1_55' title="bbox 348 3067 1920 3140; baseline -0.004 -15"><span class='ocrx_word' id='word_1_419' title='bbox 348 3071 549 3140; x_wconf 84' lang='grc' dir='ltr'>γιδίου,</span> <span class='ocrx_word' id='word_1_420' title='bbox 597 3070 779 3122; x_wconf 85' lang='grc' dir='ltr'>λαϐὼν</span> <span class='ocrx_word' id='word_1_421' title='bbox 816 3069 1132 3140; x_wconf 71' lang='grc' dir='ltr'>μανδήλιον,</span> <span class='ocrx_word' id='word_1_422' title='bbox 1190 3068 1287 3122; x_wconf 80' lang='grc' dir='ltr'>καὶ</span> <span class='ocrx_word' id='word_1_423' title='bbox 1314 3067 1567 3121; x_wconf 84' lang='grc' dir='ltr'>ἆπλωσον</span> <span class='ocrx_word' id='word_1_424' title='bbox 1608 3067 1920 3138; x_wconf 79' lang='grc' dir='ltr'>ἔμπροσθέν</span> 
     </span>
    </p>
   </div>
   <div class='ocr_carea' id='block_1_56' title="bbox 353 3156 1927 3231">
    <p class='ocr_par' dir='ltr' id='par_1_56' title="bbox 353 3156 1927 3231">
     <span class='ocr_line' id='line_1_56' title="bbox 353 3156 1927 3231; baseline -0.003 -17"><span class='ocrx_word' id='word_1_425' title='bbox 353 3179 448 3214; x_wconf 87' lang='grc' dir='ltr'><strong>σου</strong></span> <span class='ocrx_word' id='word_1_426' title='bbox 473 3162 755 3231; x_wconf 80' lang='grc' dir='ltr'>ἐχόμενος,</span> <span class='ocrx_word' id='word_1_427' title='bbox 790 3160 877 3211; x_wconf 83' lang='grc' dir='ltr'><strong>ἵνα</strong></span> <span class='ocrx_word' id='word_1_428' title='bbox 902 3159 977 3228; x_wconf 83' lang='grc' dir='ltr'>μὴ</span> <span class='ocrx_word' id='word_1_429' title='bbox 1011 3156 1213 3228; x_wconf 80' lang='grc' dir='ltr'>μιανθῇ</span> <span class='ocrx_word' id='word_1_430' title='bbox 1259 3157 1320 3210; x_wconf 90' lang='grc' dir='ltr'><strong>τὸ</strong></span> <span class='ocrx_word' id='word_1_431' title='bbox 1353 3157 1644 3227; x_wconf 80' lang='grc' dir='ltr'>πρόσωπόν</span> <span class='ocrx_word' id='word_1_432' title='bbox 1689 3174 1783 3209; x_wconf 90' lang='grc' dir='ltr'><strong>σου</strong></span> <span class='ocrx_word' id='word_1_433' title='bbox 1820 3159 1927 3210; x_wconf 78' lang='grc' dir='ltr'>ἀπὸ</span> 
     </span>
    </p>
   </div>
   <div class='ocr_carea' id='block_1_57' title="bbox 352 3248 1929 3324">
    <p class='ocr_par' dir='ltr' id='par_1_57' title="bbox 352 3248 1929 3324">
     <span class='ocr_line' id='line_1_57' title="bbox 352 3248 1929 3324; baseline -0.004 -18"><span class='ocrx_word' id='word_1_434' title='bbox 352 3252 452 3306; x_wconf 83' lang='grc' dir='ltr'><strong>τοῦ</strong></span> <span class='ocrx_word' id='word_1_435' title='bbox 493 3254 655 3324; x_wconf 84' lang='grc' dir='ltr'>χροὸς</span> <span class='ocrx_word' id='word_1_436' title='bbox 695 3251 788 3304; x_wconf 80' lang='grc' dir='ltr'><strong>τοῦ</strong></span> <span class='ocrx_word' id='word_1_437' title='bbox 839 3250 1153 3320; x_wconf 84' lang='grc' dir='ltr'>μασγιδίου.</span> <span class='ocrx_word' id='word_1_438' title='bbox 1197 3250 1259 3302; x_wconf 80' lang='lat' dir='ltr'><strong>Ei</strong></span> <span class='ocrx_word' id='word_1_439' title='bbox 1314 3249 1372 3302; x_wconf 81' lang='grc' dir='ltr'>δὲ</span> <span class='ocrx_word' id='word_1_440' title='bbox 1395 3248 1690 3319; x_wconf 82' lang='grc' dir='ltr'>τυγχάνεις</span> <span class='ocrx_word' id='word_1_441' title='bbox 1729 3248 1929 3314; x_wconf 77' lang='grc' dir='ltr'>ἔξωθεν</span> 
     </span>
    </p>
   </div>
   <div class='ocr_carea' id='block_1_58' title="bbox 356 3340 1932 3416">
    <p class='ocr_par' dir='ltr' id='par_1_58' title="bbox 356 3340 1932 3416">
     <span class='ocr_line' id='line_1_58' title="bbox 356 3340 1932 3416; baseline -0.004 -17"><span class='ocrx_word' id='word_1_442' title='bbox 356 3345 646 3416; x_wconf 81' lang='grc' dir='ltr'>μασγιδίου</span> <span class='ocrx_word' id='word_1_443' title='bbox 670 3384 685 3409; x_wconf 92' lang='grc'><strong>,</strong></span> <span class='ocrx_word' id='word_1_444' title='bbox 717 3344 813 3396; x_wconf 74' lang='grc' dir='ltr'><strong>καὶ</strong></span> <span class='ocrx_word' id='word_1_445' title='bbox 839 3343 938 3395; x_wconf 79' lang='grc' dir='ltr'><strong>οὐκ</strong></span> <span class='ocrx_word' id='word_1_446' title='bbox 965 3342 1110 3411; x_wconf 89' lang='grc' dir='ltr'>ἔχεις</span> <span class='ocrx_word' id='word_1_447' title='bbox 1146 3341 1455 3412; x_wconf 79' lang='grc' dir='ltr'>μανδήλιον,</span> <span class='ocrx_word' id='word_1_448' title='bbox 1476 3340 1676 3394; x_wconf 87' lang='grc' dir='ltr'>ἔκϐαλε</span> <span class='ocrx_word' id='word_1_449' title='bbox 1696 3340 1758 3393; x_wconf 87' lang='grc' dir='ltr'><strong>τὸ</strong></span> <span class='ocrx_word' id='word_1_450' title='bbox 1790 3342 1932 3394; x_wconf 80' lang='grc' dir='ltr'>ἄνω-</span> 
     </span>
    </p>
   </div>
   <div class='ocr_carea' id='block_1_59' title="bbox 354 3426 1928 3503">
    <p class='ocr_par' dir='ltr' id='par_1_59' title="bbox 354 3426 1928 3503">
     <span class='ocr_line' id='line_1_59' title="bbox 354 3426 1928 3503; baseline -0.005 -15"><span class='ocrx_word' id='word_1_451' title='bbox 354 3435 446 3488; x_wconf 84' lang='grc' dir='ltr'>οέν</span> <span class='ocrx_word' id='word_1_452' title='bbox 471 3451 568 3487; x_wconf 80' lang='grc' dir='ltr'><strong>σου</strong></span> <span class='ocrx_word' id='word_1_453' title='bbox 601 3434 840 3503; x_wconf 85' lang='grc' dir='ltr'>ἱμάτιον,</span> <span class='ocrx_word' id='word_1_454' title='bbox 866 3434 961 3485; x_wconf 76' lang='grc' dir='ltr'><strong>καὶ</strong></span> <span class='ocrx_word' id='word_1_455' title='bbox 994 3433 1246 3484; x_wconf 80' lang='grc' dir='ltr'>ἆπλωσον</span> <span class='ocrx_word' id='word_1_456' title='bbox 1271 3428 1584 3500; x_wconf 80' lang='grc' dir='ltr'>ἔμπροσθέν</span> <span class='ocrx_word' id='word_1_457' title='bbox 1611 3445 1728 3482; x_wconf 89' lang='grc' dir='ltr'>σου.</span> <span class='ocrx_word' id='word_1_458' title='bbox 1750 3426 1928 3497; x_wconf 81' lang='grc' dir='ltr'>Εῦχου</span> 
     </span>
    </p>
   </div>
   <div class='ocr_carea' id='block_1_60' title="bbox 353 3520 1930 3593">
    <p class='ocr_par' dir='ltr' id='par_1_60' title="bbox 353 3520 1930 3593">
     <span class='ocr_line' id='line_1_60' title="bbox 353 3520 1930 3593; baseline -0.006 -10"><span class='ocrx_word' id='word_1_459' title='bbox 353 3527 560 3583; x_wconf 79' lang='grc' dir='ltr'>ἀνωθεν</span> <span class='ocrx_word' id='word_1_460' title='bbox 592 3525 780 3589; x_wconf 81' lang='grc' dir='ltr'>αὑτοῦ,</span> <span class='ocrx_word' id='word_1_461' title='bbox 806 3525 902 3579; x_wconf 73' lang='grc' dir='ltr'><strong>καὶ</strong></span> <span class='ocrx_word' id='word_1_462' title='bbox 925 3524 1068 3576; x_wconf 81' lang='grc' dir='ltr'>ἔστω</span> <span class='ocrx_word' id='word_1_463' title='bbox 1097 3525 1131 3593; x_wconf 86' lang='grc' dir='ltr'>ή</span> <span class='ocrx_word' id='word_1_464' title='bbox 1158 3523 1291 3591; x_wconf 82' lang='grc' dir='ltr'>εὐχή</span> <span class='ocrx_word' id='word_1_465' title='bbox 1331 3538 1424 3574; x_wconf 90' lang='grc' dir='ltr'><strong>σου</strong></span> <span class='ocrx_word' id='word_1_466' title='bbox 1459 3520 1632 3585; x_wconf 77' lang='grc' dir='ltr'>οὕτως</span> <span class='ocrx_word' id='word_1_467' title='bbox 1651 3521 1774 3585; x_wconf 81' lang='grc' dir='ltr'>’Τίς</span> <span class='ocrx_word' id='word_1_468' title='bbox 1797 3521 1930 3583; x_wconf 85' lang='grc' dir='ltr'>Θεὸς</span> 
     </span>
    </p>
   </div>
   <div class='ocr_carea' id='block_1_61' title="bbox 356 3613 1928 3691">
    <p class='ocr_par' dir='ltr' id='par_1_61' title="bbox 356 3613 1928 3691">
     <span class='ocr_line' id='line_1_61' title="bbox 356 3613 1928 3691; baseline -0.005 -18"><span class='ocrx_word' id='word_1_469' title='bbox 356 3622 554 3691; x_wconf 80' lang='grc' dir='ltr'>μέγας,</span> <span class='ocrx_word' id='word_1_470' title='bbox 591 3620 666 3682; x_wconf 85' lang='grc' dir='ltr'>ὡς</span> <span class='ocrx_word' id='word_1_471' title='bbox 687 3620 714 3671; x_wconf 83' lang='grc' dir='ltr'>ὁ</span> <span class='ocrx_word' id='word_1_472' title='bbox 743 3618 875 3679; x_wconf 88' lang='grc' dir='ltr'>Θεὸς</span> <span class='ocrx_word' id='word_1_473' title='bbox 905 3616 1094 3686; x_wconf 81' lang='grc' dir='ltr'><strong>ήμῶν;</strong></span> <span class='ocrx_word' id='word_1_474' title='bbox 1145 3616 1241 3667; x_wconf 73' lang='grc' dir='ltr'>καὶ</span> <span class='ocrx_word' id='word_1_475' title='bbox 1266 3654 1282 3680; x_wconf 93' lang='grc'><strong>,</strong></span> <span class='ocrx_word' id='word_1_476' title='bbox 1313 3616 1414 3666; x_wconf 76' lang='grc' dir='ltr'><strong>οὐκ</strong></span> <span class='ocrx_word' id='word_1_477' title='bbox 1442 3614 1590 3667; x_wconf 84' lang='grc' dir='ltr'>ἔστιν</span> <span class='ocrx_word' id='word_1_478' title='bbox 1616 3614 1748 3676; x_wconf 80' lang='grc' dir='ltr'>Θεὸς</span> <span class='ocrx_word' id='word_1_479' title='bbox 1789 3613 1928 3684; x_wconf 85' lang='grc' dir='ltr'>πλὴν</span> 
     </span>
    </p>
   </div>
   <div class='ocr_carea' id='block_1_62' title="bbox 356 3700 1931 3778">
    <p class='ocr_par' dir='ltr' id='par_1_62' title="bbox 356 3700 1931 3778">
     <span class='ocr_line' id='line_1_62' title="bbox 356 3700 1931 3778; baseline -0.003 -15"><span class='ocrx_word' id='word_1_480' title='bbox 356 3712 480 3774; x_wconf 89' lang='grc' dir='ltr'>σοῦ,</span> <span class='ocrx_word' id='word_1_481' title='bbox 513 3710 612 3764; x_wconf 74' lang='grc' dir='ltr'>καὶ</span> <span class='ocrx_word' id='word_1_482' title='bbox 640 3711 940 3778; x_wconf 66' lang='grc' dir='ltr'>Μουχὰμετ</span> <span class='ocrx_word' id='word_1_483' title='bbox 992 3707 1293 3769; x_wconf 83' lang='grc' dir='ltr'>ἀπόστολος</span> <span class='ocrx_word' id='word_1_484' title='bbox 1346 3705 1505 3761; x_wconf 87' lang='grc' dir='ltr'>Θεοῦ.</span> <span class='ocrx_word' id='word_1_485' title='bbox 1550 3707 1744 3776; x_wconf 80' lang='grc' dir='ltr'>Ἀμήν.</span> <span class='ocrx_word' id='word_1_486' title='bbox 1796 3700 1931 3760; x_wconf 85' lang='grc' dir='ltr'>Εἶτα</span> 
     </span>
    </p>
   </div>
   <div class='ocr_carea' id='block_1_63' title="bbox 354 3790 1931 3870">
    <p class='ocr_par' dir='ltr' id='par_1_63' title="bbox 354 3790 1931 3870">
     <span class='ocr_line' id='line_1_63' title="bbox 354 3790 1931 3870; baseline -0.003 -17"><span class='ocrx_word' id='word_1_487' title='bbox 354 3801 563 3870; x_wconf 83' lang='grc' dir='ltr'>βαίνεις</span> <span class='ocrx_word' id='word_1_488' title='bbox 594 3799 947 3867; x_wconf 84' lang='grc' dir='ltr'>γονυκλισίας</span> <span class='ocrx_word' id='word_1_489' title='bbox 967 3799 1115 3866; x_wconf 84' lang='grc' dir='ltr'>τρεῖς</span> <span class='ocrx_word' id='word_1_490' title='bbox 1146 3790 1319 3862; x_wconf 82' lang='grc' dir='ltr'>λέγων</span> <span class='ocrx_word' id='word_1_491' title='bbox 1344 3795 1516 3858; x_wconf 77' lang='grc' dir='ltr'>οὕτως</span> <span class='ocrx_word' id='word_1_492' title='bbox 1532 3812 1545 3825; x_wconf 72' lang='grc' dir='ltr'><strong>ο</strong></span> <span class='ocrx_word' id='word_1_493' title='bbox 1564 3795 1931 3865; x_wconf 83' lang='grc' dir='ltr'>Εὐχαριστοῦ-</span> 
     </span>
    </p>
   </div>
   <div class='ocr_carea' id='block_1_64' title="bbox 357 3888 1931 3962">
    <p class='ocr_par' dir='ltr' id='par_1_64' title="bbox 357 3888 1931 3962">
     <span class='ocr_line' id='line_1_64' title="bbox 357 3888 1931 3962; baseline -0.003 -18"><span class='ocrx_word' id='word_1_494' title='bbox 357 3892 457 3962; x_wconf 85' lang='grc' dir='ltr'><strong>μέν</strong></span> <span class='ocrx_word' id='word_1_495' title='bbox 498 3909 583 3955; x_wconf 82' lang='grc' dir='ltr'><strong>σε,</strong></span> <span class='ocrx_word' id='word_1_496' title='bbox 611 3893 743 3953; x_wconf 77' lang='grc' dir='ltr'>Θεὸς</span> <span class='ocrx_word' id='word_1_497' title='bbox 774 3890 868 3941; x_wconf 76' lang='grc' dir='ltr'>καὶ</span> <span class='ocrx_word' id='word_1_498' title='bbox 903 3888 1079 3959; x_wconf 76' lang='grc' dir='ltr'>Κύριε</span> <span class='ocrx_word' id='word_1_499' title='bbox 1113 3889 1221 3943; x_wconf 86' lang='grc' dir='ltr'><strong>τῶν</strong></span> <span class='ocrx_word' id='word_1_500' title='bbox 1248 3889 1527 3951; x_wconf 82' lang='grc' dir='ltr'>ἁπάντων,</span> <span class='ocrx_word' id='word_1_501' title='bbox 1565 3888 1713 3958; x_wconf 86' lang='grc' dir='ltr'>ήτοῦ</span> <span class='ocrx_word' id='word_1_502' title='bbox 1747 3889 1931 3951; x_wconf 80' lang='grc' dir='ltr'>ἐλέους</span> 
     </span>
    </p>
   </div>
   <div class='ocr_carea' id='block_1_65' title="bbox 355 3979 1931 4051">
    <p class='ocr_par' dir='ltr' id='par_1_65' title="bbox 355 3979 1931 4051">
     <span class='ocr_line' id='line_1_65' title="bbox 355 3979 1931 4051; baseline -0.002 -15"><span class='ocrx_word' id='word_1_503' title='bbox 355 3985 613 4045; x_wconf 81' lang='grc' dir='ltr'>ἄϐυσσος,</span> <span class='ocrx_word' id='word_1_504' title='bbox 670 3983 699 4033; x_wconf 86' lang='grc' dir='ltr'>ὁ</span> <span class='ocrx_word' id='word_1_505' title='bbox 752 3983 810 4034; x_wconf 81' lang='grc' dir='ltr'>ὲν</span> <span class='ocrx_word' id='word_1_506' title='bbox 844 3984 911 4051; x_wconf 82' lang='grc' dir='ltr'>τῇ</span> <span class='ocrx_word' id='word_1_507' title='bbox 965 3980 1239 4051; x_wconf 81' lang='grc' dir='ltr'>μελλούσῃ</span> <span class='ocrx_word' id='word_1_508' title='bbox 1291 3979 1479 4050; x_wconf 75' lang='grc' dir='ltr'>ἡμέρᾳ</span> <span class='ocrx_word' id='word_1_509' title='bbox 1525 3980 1931 4051; x_wconf 82' lang='grc' dir='ltr'>ἀδωροδόκητος</span> 
     </span>
    </p>
   </div>
   <div class='ocr_carea' id='block_1_66' title="bbox 355 4071 1927 4145">
    <p class='ocr_par' dir='ltr' id='par_1_66' title="bbox 355 4071 1927 4145">
     <span class='ocr_line' id='line_1_66' title="bbox 355 4071 1927 4145; baseline -0.004 -17"><span class='ocrx_word' id='word_1_510' title='bbox 355 4078 572 4145; x_wconf 77' lang='grc' dir='ltr'>κριτὴς,</span> <span class='ocrx_word' id='word_1_511' title='bbox 606 4075 700 4127; x_wconf 79' lang='grc' dir='ltr'><strong>καὶ</strong></span> <span class='ocrx_word' id='word_1_512' title='bbox 732 4073 1007 4143; x_wconf 78' lang='grc' dir='ltr'>βασιλεὺς,</span> <span class='ocrx_word' id='word_1_513' title='bbox 1061 4072 1287 4143; x_wconf 79' lang='grc' dir='ltr'>χάρισαι</span> <span class='ocrx_word' id='word_1_514' title='bbox 1317 4074 1448 4141; x_wconf 79' lang='grc' dir='ltr'><strong>ἡμῖν</strong></span> <span class='ocrx_word' id='word_1_515' title='bbox 1502 4071 1657 4134; x_wconf 69' lang='grc' dir='ltr'>ὁδοὺς</span> <span class='ocrx_word' id='word_1_516' title='bbox 1687 4072 1927 4135; x_wconf 75' lang='grc' dir='ltr'>εὐθείας,</span> 
     </span>
    </p>
   </div>
   <div class='ocr_carea' id='block_1_67' title="bbox 353 4162 1928 4235">
    <p class='ocr_par' dir='ltr' id='par_1_67' title="bbox 353 4162 1928 4235">
     <span class='ocr_line' id='line_1_67' title="bbox 353 4162 1928 4235; baseline -0.008 -14"><span class='ocrx_word' id='word_1_517' title='bbox 353 4171 411 4221; x_wconf 82' lang='grc' dir='ltr'>ὲν</span> <span class='ocrx_word' id='word_1_518' title='bbox 444 4162 533 4229; x_wconf 79' lang='grc' dir='ltr'>αἷς</span> <span class='ocrx_word' id='word_1_519' title='bbox 560 4166 824 4235; x_wconf 78' lang='grc' dir='ltr'>ἐδωρήσω</span> <span class='ocrx_word' id='word_1_520' title='bbox 846 4167 957 4226; x_wconf 87' lang='grc' dir='ltr'>τοῖς</span> <span class='ocrx_word' id='word_1_521' title='bbox 976 4165 1154 4231; x_wconf 82' lang='grc' dir='ltr'>ἁγίοις</span> <span class='ocrx_word' id='word_1_522' title='bbox 1184 4180 1277 4215; x_wconf 87' lang='grc' dir='ltr'><strong>σου</strong></span> <span class='ocrx_word' id='word_1_523' title='bbox 1314 4162 1764 4232; x_wconf 80' lang='grc' dir='ltr'>πορευθῆναιούχ</span> <span class='ocrx_word' id='word_1_524' title='bbox 1786 4162 1859 4225; x_wconf 82' lang='grc' dir='ltr'>ὡς</span> <span class='ocrx_word' id='word_1_525' title='bbox 1880 4165 1928 4215; x_wconf 74' lang='grc' dir='ltr'>οξ</span> 
     </span>
    </p>
   </div>
   <div class='ocr_carea' id='block_1_68' title="bbox 351 4255 1925 4330">
    <p class='ocr_par' dir='ltr' id='par_1_68' title="bbox 351 4255 1925 4330">
     <span class='ocr_line' id='line_1_68' title="bbox 351 4255 1925 4330; baseline -0.004 -16"><span class='ocrx_word' id='word_1_526' title='bbox 351 4261 687 4330; x_wconf 83' lang='grc' dir='ltr'>ὠργισμένοι</span> <span class='ocrx_word' id='word_1_527' title='bbox 702 4256 1236 4328; x_wconf 74' lang='grc' dir='ltr'>ἐπορεύ[οη]σαν,ἔτι</span> <span class='ocrx_word' id='word_1_528' title='bbox 1255 4255 1310 4307; x_wconf 81' lang='grc' dir='ltr'>δὲ</span> <span class='ocrx_word' id='word_1_529' title='bbox 1330 4255 1486 4307; x_wconf 71' lang='grc' dir='ltr'>καὶοί</span> <span class='ocrx_word' id='word_1_530' title='bbox 1504 4256 1925 4326; x_wconf 80' lang='grc' dir='ltr'>πεπλανημένοι.</span> 
     </span>
    </p>
   </div>
   <div class='ocr_carea' id='block_1_69' title="bbox 365 4344 1928 4422">
    <p class='ocr_par' dir='ltr' id='par_1_69' title="bbox 365 4344 1928 4422">
     <span class='ocr_line' id='line_1_69' title="bbox 365 4344 1928 4422; baseline -0.004 -16"><span class='ocrx_word' id='word_1_531' title='bbox 365 4352 565 4422; x_wconf 82' lang='grc' dir='ltr'>Ἀμήν.</span> <span class='ocrx_word' id='word_1_532' title='bbox 599 4349 711 4401; x_wconf 87' lang='lat' dir='ltr'><strong>Kal</strong></span> <span class='ocrx_word' id='word_1_533' title='bbox 739 4348 881 4400; x_wconf 90' lang='grc' dir='ltr'>ποίει</span> <span class='ocrx_word' id='word_1_534' title='bbox 914 4348 1063 4418; x_wconf 86' lang='grc' dir='ltr'>τρεῖς</span> <span class='ocrx_word' id='word_1_535' title='bbox 1097 4345 1452 4413; x_wconf 85' lang='grc' dir='ltr'>γονυκλισίας</span> <span class='ocrx_word' id='word_1_536' title='bbox 1480 4344 1812 4415; x_wconf 80' lang='grc' dir='ltr'>καθήμενος,</span> <span class='ocrx_word' id='word_1_537' title='bbox 1832 4347 1928 4399; x_wconf 74' lang='grc' dir='ltr'><strong>καὶ</strong></span> 
     </span>
    </p>
   </div>
   <div class='ocr_carea' id='block_1_70' title="bbox 2102 2428 3597 2503">
    <p class='ocr_par' dir='ltr' id='par_1_70' title="bbox 2102 2428 3597 2503">
     <span class='ocr_line' id='line_1_70' title="bbox 2102 2428 3597 2503; baseline 0.001 -21"><span class='ocrx_word' id='word_1_538' title='bbox 2102 2428 2195 2484; x_wconf 87' lang='lat' dir='ltr'><strong>Sic</strong></span> <span class='ocrx_word' id='word_1_539' title='bbox 2224 2428 2511 2484; x_wconf 85' lang='lat' dir='ltr'><strong>abdomine</strong></span> <span class='ocrx_word' id='word_1_540' title='bbox 2561 2437 2653 2483; x_wconf 91' lang='lat' dir='ltr'><strong>tuo</strong></span> <span class='ocrx_word' id='word_1_541' title='bbox 2709 2438 2932 2484; x_wconf 88' lang='lat' dir='ltr'><strong>onerato</strong></span> <span class='ocrx_word' id='word_1_542' title='bbox 2963 2438 3040 2503; x_wconf 33' lang='lat' dir='ltr'><strong>.et</strong></span> <span class='ocrx_word' id='word_1_543' title='bbox 3100 2429 3259 2499; x_wconf 87' lang='lat' dir='ltr'><strong>pleno</strong></span> <span class='ocrx_word' id='word_1_544' title='bbox 3312 2429 3438 2484; x_wconf 88' lang='lat' dir='ltr'><strong>vino</strong></span> <span class='ocrx_word' id='word_1_545' title='bbox 3490 2443 3597 2485; x_wconf 87' lang='lat' dir='ltr'><strong>non</strong></span> 
     </span>
    </p>
   </div>
   <div class='ocr_carea' id='block_1_71' title="bbox 2028 2522 3601 2590">
    <p class='ocr_par' dir='ltr' id='par_1_71' title="bbox 2028 2522 3601 2590">
     <span class='ocr_line' id='line_1_71' title="bbox 2028 2522 3601 2590; baseline 0.001 -15"><span class='ocrx_word' id='word_1_546' title='bbox 2028 2523 2440 2584; x_wconf 87' lang='lat' dir='ltr'><strong>contaminaris,</strong></span> <span class='ocrx_word' id='word_1_547' title='bbox 2470 2522 2634 2590; x_wconf 86' lang='lat' dir='ltr'><strong>guttis</strong></span> <span class='ocrx_word' id='word_1_548' title='bbox 2668 2538 2795 2575; x_wconf 88' lang='lat' dir='ltr'><strong>vero</strong></span> <span class='ocrx_word' id='word_1_549' title='bbox 2824 2523 3021 2589; x_wconf 86' lang='lat' dir='ltr'><strong>quibus</strong></span> <span class='ocrx_word' id='word_1_550' title='bbox 3048 2522 3286 2575; x_wconf 79' lang='lat' dir='ltr'><strong>inﬁcitur</strong></span> <span class='ocrx_word' id='word_1_551' title='bbox 3311 2522 3601 2577; x_wconf 84' lang='lat' dir='ltr'><strong>vestimen-</strong></span> 
     </span>
    </p>
   </div>
   <div class='ocr_carea' id='block_1_72' title="bbox 2031 2613 3599 2682">
    <p class='ocr_par' dir='ltr' id='par_1_72' title="bbox 2031 2613 3599 2682">
     <span class='ocr_line' id='line_1_72' title="bbox 2031 2613 3599 2682; baseline 0 -16"><span class='ocrx_word' id='word_1_552' title='bbox 2031 2624 2140 2666; x_wconf 89' lang='lat' dir='ltr'><strong>tum</strong></span> <span class='ocrx_word' id='word_1_553' title='bbox 2168 2622 2312 2667; x_wconf 83' lang='lat' dir='ltr'><strong>tuutu</strong></span> <span class='ocrx_word' id='word_1_554' title='bbox 2341 2629 2400 2667; x_wconf 92' lang='lat' dir='ltr'><strong>cs</strong></span> <span class='ocrx_word' id='word_1_555' title='bbox 2421 2628 2641 2681; x_wconf 82' lang='lat' dir='ltr'><strong>prorsus</strong></span> <span class='ocrx_word' id='word_1_556' title='bbox 2670 2613 3005 2682; x_wconf 88' lang='lat' dir='ltr'><strong>inquinatus.</strong></span> <span class='ocrx_word' id='word_1_557' title='bbox 3035 2613 3103 2666; x_wconf 88' lang='lat' dir='ltr'><strong>Et</strong></span> <span class='ocrx_word' id='word_1_558' title='bbox 3146 2627 3334 2666; x_wconf 89' lang='lat' dir='ltr'><strong>rursus</strong></span> <span class='ocrx_word' id='word_1_559' title='bbox 3374 2613 3599 2667; x_wconf 83' lang='lat' dir='ltr'><strong>anathe-</strong></span> 
     </span>
    </p>
   </div>
   <div class='ocr_carea' id='block_1_73' title="bbox 2030 2706 3602 2775">
    <p class='ocr_par' dir='ltr' id='par_1_73' title="bbox 2030 2706 3602 2775">
     <span class='ocr_line' id='line_1_73' title="bbox 2030 2706 3602 2775; baseline 0.001 -16"><span class='ocrx_word' id='word_1_560' title='bbox 2030 2716 2173 2759; x_wconf 89' lang='lat' dir='ltr'><strong>tuate</strong></span> <span class='ocrx_word' id='word_1_561' title='bbox 2210 2707 2409 2759; x_wconf 86' lang='lat' dir='ltr'><strong>nutatis</strong></span> <span class='ocrx_word' id='word_1_562' title='bbox 2435 2716 2483 2760; x_wconf 92' lang='lat' dir='ltr'><strong>et</strong></span> <span class='ocrx_word' id='word_1_563' title='bbox 2519 2706 2909 2775; x_wconf 86' lang='lat' dir='ltr'><strong>prosequimini</strong></span> <span class='ocrx_word' id='word_1_564' title='bbox 2956 2719 3145 2773; x_wconf 76' lang='lat' dir='ltr'><strong>preces</strong></span> <span class='ocrx_word' id='word_1_565' title='bbox 3205 2706 3602 2760; x_wconf 83' lang='lat' dir='ltr'><strong>contaminatas</strong></span> 
     </span>
    </p>
   </div>
   <div class='ocr_carea' id='block_1_74' title="bbox 2032 2794 3600 2864">
    <p class='ocr_par' dir='ltr' id='par_1_74' title="bbox 2032 2794 3600 2864">
     <span class='ocr_line' id='line_1_74' title="bbox 2032 2794 3600 2864; baseline -0.001 -16"><span class='ocrx_word' id='word_1_566' title='bbox 2032 2796 2335 2864; x_wconf 83' lang='lat' dir='ltr'><strong>gestatione</strong></span> <span class='ocrx_word' id='word_1_567' title='bbox 2362 2795 2564 2860; x_wconf 90' lang='lat' dir='ltr'><strong>annuli,</strong></span> <span class='ocrx_word' id='word_1_568' title='bbox 2593 2804 2647 2848; x_wconf 87' lang='lat' dir='ltr'><strong>et</strong></span> <span class='ocrx_word' id='word_1_569' title='bbox 2677 2796 2828 2864; x_wconf 76' lang='lat' dir='ltr'><strong>pellis</strong></span> <span class='ocrx_word' id='word_1_570' title='bbox 2870 2795 3008 2860; x_wconf 81' lang='lat' dir='ltr'><strong>felis,</strong></span> <span class='ocrx_word' id='word_1_571' title='bbox 3044 2805 3098 2848; x_wconf 90' lang='lat' dir='ltr'><strong>et</strong></span> <span class='ocrx_word' id='word_1_572' title='bbox 3140 2794 3457 2862; x_wconf 87' lang='lat' dir='ltr'><strong>paradisum</strong></span> <span class='ocrx_word' id='word_1_573' title='bbox 3518 2794 3600 2862; x_wconf 85' lang='lat' dir='ltr'><strong>ip-</strong></span> 
     </span>
    </p>
   </div>
   <div class='ocr_carea' id='block_1_75' title="bbox 2031 2884 3600 2941">
    <p class='ocr_par' dir='ltr' id='par_1_75' title="bbox 2031 2884 3600 2941">
     <span class='ocr_line' id='line_1_75' title="bbox 2031 2884 3600 2941; baseline -0.001 -2"><span class='ocrx_word' id='word_1_574' title='bbox 2031 2901 2150 2939; x_wconf 88' lang='lat' dir='ltr'><strong>sum</strong></span> <span class='ocrx_word' id='word_1_575' title='bbox 2207 2887 2332 2939; x_wconf 90' lang='lat' dir='ltr'><strong>vino</strong></span> <span class='ocrx_word' id='word_1_576' title='bbox 2391 2895 2445 2938; x_wconf 90' lang='lat' dir='ltr'><strong>et</strong></span> <span class='ocrx_word' id='word_1_577' title='bbox 2506 2902 2673 2941; x_wconf 88' lang='lat' dir='ltr'><strong>carne</strong></span> <span class='ocrx_word' id='word_1_578' title='bbox 2732 2887 2887 2940; x_wconf 90' lang='lat' dir='ltr'><strong>suilla</strong></span> <span class='ocrx_word' id='word_1_579' title='bbox 2970 2886 3424 2940; x_wconf 86' lang='lat' dir='ltr'><strong>contaminatum.</strong></span> <span class='ocrx_word' id='word_1_580' title='bbox 3494 2884 3600 2938; x_wconf 86' lang='lat' dir='ltr'><strong>Do-</strong></span> 
     </span>
    </p>
   </div>
   <div class='ocr_carea' id='block_1_76' title="bbox 2034 2974 3602 3043">
    <p class='ocr_par' dir='ltr' id='par_1_76' title="bbox 2034 2974 3602 3043">
     <span class='ocr_line' id='line_1_76' title="bbox 2034 2974 3602 3043; baseline -0.001 -15"><span class='ocrx_word' id='word_1_581' title='bbox 2034 2974 2207 3028; x_wconf 86' lang='lat' dir='ltr'><strong>ctrina</strong></span> <span class='ocrx_word' id='word_1_582' title='bbox 2230 2990 2355 3029; x_wconf 87' lang='lat' dir='ltr'><strong>vero</strong></span> <span class='ocrx_word' id='word_1_583' title='bbox 2377 2974 2762 3029; x_wconf 86' lang='lat' dir='ltr'><strong>Muhammedis</strong></span> <span class='ocrx_word' id='word_1_584' title='bbox 2784 2977 2895 3029; x_wconf 69' lang='lat' dir='ltr'><strong>haec</strong></span> <span class='ocrx_word' id='word_1_585' title='bbox 2912 2983 3165 3043; x_wconf 86' lang='lat' dir='ltr'><strong>tanquam</strong></span> <span class='ocrx_word' id='word_1_586' title='bbox 3189 2975 3346 3027; x_wconf 80' lang='lat' dir='ltr'><strong>linem</strong></span> <span class='ocrx_word' id='word_1_587' title='bbox 3370 2983 3425 3026; x_wconf 91' lang='lat' dir='ltr'><strong>et</strong></span> <span class='ocrx_word' id='word_1_588' title='bbox 3448 2987 3602 3027; x_wconf 89' lang='lat' dir='ltr'><strong>sum-</strong></span> 
     </span>
    </p>
   </div>
   <div class='ocr_carea' id='block_1_77' title="bbox 2036 3065 3600 3139">
    <p class='ocr_par' dir='ltr' id='par_1_77' title="bbox 2036 3065 3600 3139">
     <span class='ocr_line' id='line_1_77' title="bbox 2036 3065 3600 3139; baseline -0.001 -17"><span class='ocrx_word' id='word_1_589' title='bbox 2036 3085 2177 3123; x_wconf 87' lang='lat' dir='ltr'><strong>mam</strong></span> <span class='ocrx_word' id='word_1_590' title='bbox 2214 3085 2430 3123; x_wconf 90' lang='lat' dir='ltr'><strong>suorum</strong></span> <span class='ocrx_word' id='word_1_591' title='bbox 2455 3070 2763 3138; x_wconf 87' lang='lat' dir='ltr'><strong>dogmatqu</strong></span> <span class='ocrx_word' id='word_1_592' title='bbox 2800 3077 2975 3139; x_wconf 83' lang='lat' dir='ltr'><strong>urget,</strong></span> <span class='ocrx_word' id='word_1_593' title='bbox 3011 3079 3068 3121; x_wconf 90' lang='lat' dir='ltr'><strong>ut</strong></span> <span class='ocrx_word' id='word_1_594' title='bbox 3101 3068 3386 3121; x_wconf 85' lang='lat' dir='ltr'><strong>nimirum:</strong></span> <span class='ocrx_word' id='word_1_595' title='bbox 3413 3083 3432 3115; x_wconf 78' lang='grc' dir='ltr'><strong>ι</strong></span> <span class='ocrx_word' id='word_1_596' title='bbox 3464 3065 3600 3121; x_wconf 82' lang='lat' dir='ltr'><strong>Cum</strong></span> 
     </span>
    </p>
   </div>
   <div class='ocr_carea' id='block_1_78' title="bbox 2030 3159 3603 3226">
    <p class='ocr_par' dir='ltr' id='par_1_78' title="bbox 2030 3159 3603 3226">
     <span class='ocr_line' id='line_1_78' title="bbox 2030 3159 3603 3226; baseline -0.001 -11"><span class='ocrx_word' id='word_1_597' title='bbox 2030 3164 2254 3216; x_wconf 77' lang='lat' dir='ltr'><strong>accedes</strong></span> <span class='ocrx_word' id='word_1_598' title='bbox 2277 3163 2339 3214; x_wconf 89' lang='lat' dir='ltr'><strong>ad</strong></span> <span class='ocrx_word' id='word_1_599' title='bbox 2369 3163 3004 3226; x_wconf 70' lang='lat' dir='ltr'><strong>moschaeam,sudarium</strong></span> <span class='ocrx_word' id='word_1_600' title='bbox 3050 3175 3143 3213; x_wconf 89' lang='lat' dir='ltr'><strong>seu</strong></span> <span class='ocrx_word' id='word_1_601' title='bbox 3172 3159 3392 3212; x_wconf 87' lang='lat' dir='ltr'><strong>mantile</strong></span> <span class='ocrx_word' id='word_1_602' title='bbox 3414 3168 3603 3213; x_wconf 82' lang='lat' dir='ltr'><strong>exten-</strong></span> 
     </span>
    </p>
   </div>
   <div class='ocr_carea' id='block_1_79' title="bbox 2029 3250 3604 3321">
    <p class='ocr_par' dir='ltr' id='par_1_79' title="bbox 2029 3250 3604 3321">
     <span class='ocr_line' id='line_1_79' title="bbox 2029 3250 3604 3321; baseline -0.003 -15"><span class='ocrx_word' id='word_1_603' title='bbox 2029 3256 2126 3308; x_wconf 87' lang='lat' dir='ltr'><strong>das</strong></span> <span class='ocrx_word' id='word_1_604' title='bbox 2163 3268 2345 3306; x_wconf 89' lang='lat' dir='ltr'><strong>coram</strong></span> <span class='ocrx_word' id='word_1_605' title='bbox 2378 3262 2452 3321; x_wconf 83' lang='lat' dir='ltr'><strong>te,</strong></span> <span class='ocrx_word' id='word_1_606' title='bbox 2495 3270 2561 3308; x_wconf 90' lang='lat' dir='ltr'><strong>ne</strong></span> <span class='ocrx_word' id='word_1_607' title='bbox 2591 3269 2619 3307; x_wconf 90' lang='lat' dir='ltr'><strong>a</strong></span> <span class='ocrx_word' id='word_1_608' title='bbox 2649 3254 2831 3307; x_wconf 89' lang='lat' dir='ltr'><strong>colore</strong></span> <span class='ocrx_word' id='word_1_609' title='bbox 2852 3254 2936 3307; x_wconf 89' lang='lat' dir='ltr'><strong>vel</strong></span> <span class='ocrx_word' id='word_1_610' title='bbox 2966 3262 3109 3305; x_wconf 87' lang='lat' dir='ltr'><strong>terra</strong></span> <span class='ocrx_word' id='word_1_611' title='bbox 3143 3251 3425 3304; x_wconf 73' lang='lat' dir='ltr'><strong>moschaea:</strong></span> <span class='ocrx_word' id='word_1_612' title='bbox 3480 3250 3604 3303; x_wconf 90' lang='lat' dir='ltr'><strong>inli-</strong></span> 
     </span>
    </p>
   </div>
   <div class='ocr_carea' id='block_1_80' title="bbox 2030 3338 3599 3412">
    <p class='ocr_par' dir='ltr' id='par_1_80' title="bbox 2030 3338 3599 3412">
     <span class='ocr_line' id='line_1_80' title="bbox 2030 3338 3599 3412; baseline -0.002 -16"><span class='ocrx_word' id='word_1_613' title='bbox 2030 3345 2206 3397; x_wconf 90' lang='lat' dir='ltr'><strong>ciatur</strong></span> <span class='ocrx_word' id='word_1_614' title='bbox 2227 3354 2280 3396; x_wconf 91' lang='lat' dir='ltr'><strong>et</strong></span> <span class='ocrx_word' id='word_1_615' title='bbox 2309 3343 2629 3412; x_wconf 90' lang='lat' dir='ltr'><strong>inquinetur</strong></span> <span class='ocrx_word' id='word_1_616' title='bbox 2659 3343 2837 3395; x_wconf 86' lang='lat' dir='ltr'><strong>vultus</strong></span> <span class='ocrx_word' id='word_1_617' title='bbox 2873 3353 3017 3395; x_wconf 90' lang='lat' dir='ltr'><strong>tuus.</strong></span> <span class='ocrx_word' id='word_1_618' title='bbox 3055 3338 3110 3393; x_wconf 89' lang='lat' dir='ltr'><strong>Si</strong></span> <span class='ocrx_word' id='word_1_619' title='bbox 3149 3355 3275 3393; x_wconf 86' lang='lat' dir='ltr'><strong>vero</strong></span> <span class='ocrx_word' id='word_1_620' title='bbox 3324 3353 3384 3393; x_wconf 88' lang='lat' dir='ltr'><strong>es</strong></span> <span class='ocrx_word' id='word_1_621' title='bbox 3442 3351 3599 3393; x_wconf 80' lang='lat' dir='ltr'><strong>extra</strong></span> 
     </span>
    </p>
   </div>
   <div class='ocr_carea' id='block_1_81' title="bbox 2036 3430 3601 3495">
    <p class='ocr_par' dir='ltr' id='par_1_81' title="bbox 2036 3430 3601 3495">
     <span class='ocr_line' id='line_1_81' title="bbox 2036 3430 3601 3495; baseline -0.002 -9"><span class='ocrx_word' id='word_1_622' title='bbox 2036 3433 2385 3495; x_wconf 66' lang='lat' dir='ltr'><strong>tnoschzeam,</strong></span> <span class='ocrx_word' id='word_1_623' title='bbox 2414 3442 2468 3485; x_wconf 91' lang='lat' dir='ltr'><strong>et</strong></span> <span class='ocrx_word' id='word_1_624' title='bbox 2499 3447 2604 3485; x_wconf 91' lang='lat' dir='ltr'><strong>non</strong></span> <span class='ocrx_word' id='word_1_625' title='bbox 2630 3430 2794 3486; x_wconf 84' lang='lat' dir='ltr'><strong>habes</strong></span> <span class='ocrx_word' id='word_1_626' title='bbox 2816 3432 3110 3495; x_wconf 83' lang='lat' dir='ltr'><strong>sudarium,</strong></span> <span class='ocrx_word' id='word_1_627' title='bbox 3136 3445 3272 3483; x_wconf 79' lang='lat' dir='ltr'><strong>exue</strong></span> <span class='ocrx_word' id='word_1_628' title='bbox 3299 3440 3352 3482; x_wconf 89' lang='lat' dir='ltr'><strong>et</strong></span> <span class='ocrx_word' id='word_1_629' title='bbox 3371 3431 3601 3483; x_wconf 82' lang='lat' dir='ltr'><strong>extende</strong></span> 
     </span>
    </p>
   </div>
   <div class='ocr_carea' id='block_1_82' title="bbox 2033 3512 3596 3594">
    <p class='ocr_par' dir='ltr' id='par_1_82' title="bbox 2033 3512 3596 3594">
     <span class='ocr_line' id='line_1_82' title="bbox 2033 3512 3596 3594; baseline -0.005 -13"><span class='ocrx_word' id='word_1_630' title='bbox 2033 3526 2364 3594; x_wconf 77' lang='lat' dir='ltr'><strong>Superiorem</strong></span> <span class='ocrx_word' id='word_1_631' title='bbox 2392 3512 2594 3578; x_wconf 87' lang='lat' dir='ltr'><strong>vestem</strong></span> <span class='ocrx_word' id='word_1_632' title='bbox 2623 3532 2789 3586; x_wconf 89' lang='lat' dir='ltr'><strong>tuam,</strong></span> <span class='ocrx_word' id='word_1_633' title='bbox 2819 3532 2874 3576; x_wconf 89' lang='lat' dir='ltr'><strong>et</strong></span> <span class='ocrx_word' id='word_1_634' title='bbox 2923 3538 3085 3589; x_wconf 87' lang='lat' dir='ltr'><strong>super</strong></span> <span class='ocrx_word' id='word_1_635' title='bbox 3135 3522 3223 3573; x_wconf 92' lang='lat' dir='ltr'><strong>illa</strong></span> <span class='ocrx_word' id='word_1_636' title='bbox 3289 3521 3596 3574; x_wconf 89' lang='lat' dir='ltr'><strong>orationem</strong></span> 
     </span>
    </p>
   </div>
   <div class='ocr_carea' id='block_1_83' title="bbox 2036 3610 3601 3682">
    <p class='ocr_par' dir='ltr' id='par_1_83' title="bbox 2036 3610 3601 3682">
     <span class='ocr_line' id='line_1_83' title="bbox 2036 3610 3601 3682; baseline -0.006 -11"><span class='ocrx_word' id='word_1_637' title='bbox 2036 3628 2182 3671; x_wconf 88' lang='lat' dir='ltr'><strong>tuam</strong></span> <span class='ocrx_word' id='word_1_638' title='bbox 2213 3616 2398 3682; x_wconf 79' lang='lat' dir='ltr'><strong>funde,</strong></span> <span class='ocrx_word' id='word_1_639' title='bbox 2423 3625 2477 3669; x_wconf 92' lang='lat' dir='ltr'><strong>et</strong></span> <span class='ocrx_word' id='word_1_640' title='bbox 2515 3615 2637 3669; x_wconf 87' lang='lat' dir='ltr'><strong>talis</strong></span> <span class='ocrx_word' id='word_1_641' title='bbox 2660 3614 2733 3668; x_wconf 88' lang='lat' dir='ltr'><strong>sit</strong></span> <span class='ocrx_word' id='word_1_642' title='bbox 2758 3613 2933 3668; x_wconf 88' lang='lat' dir='ltr'><strong>oratio</strong></span> <span class='ocrx_word' id='word_1_643' title='bbox 2971 3623 3057 3666; x_wconf 93' lang='lat' dir='ltr'><strong>tua</strong></span> <span class='ocrx_word' id='word_1_644' title='bbox 3095 3628 3110 3665; x_wconf 89' lang='lat'><strong>:</strong></span> <span class='ocrx_word' id='word_1_645' title='bbox 3146 3612 3277 3677; x_wconf 80' lang='lat' dir='ltr'><strong>Quis</strong></span> <span class='ocrx_word' id='word_1_646' title='bbox 3310 3610 3452 3663; x_wconf 88' lang='lat' dir='ltr'><strong>Dens</strong></span> <span class='ocrx_word' id='word_1_647' title='bbox 3488 3624 3601 3662; x_wconf 85' lang='lat' dir='ltr'><strong>ma-</strong></span> 
     </span>
    </p>
   </div>
   <div class='ocr_carea' id='block_1_84' title="bbox 2030 3700 3601 3781">
    <p class='ocr_par' dir='ltr' id='par_1_84' title="bbox 2030 3700 3601 3781">
     <span class='ocr_line' id='line_1_84' title="bbox 2030 3700 3601 3781; baseline -0.004 -20"><span class='ocrx_word' id='word_1_648' title='bbox 2030 3725 2166 3781; x_wconf 83' lang='lat' dir='ltr'><strong>gnus</strong></span> <span class='ocrx_word' id='word_1_649' title='bbox 2196 3709 2335 3763; x_wconf 89' lang='lat' dir='ltr'><strong>sicut</strong></span> <span class='ocrx_word' id='word_1_650' title='bbox 2377 3706 2518 3760; x_wconf 87' lang='lat' dir='ltr'><strong>Deus</strong></span> <span class='ocrx_word' id='word_1_651' title='bbox 2548 3716 2761 3769; x_wconf 86' lang='lat' dir='ltr'><strong>noster,</strong></span> <span class='ocrx_word' id='word_1_652' title='bbox 2785 3714 2839 3759; x_wconf 92' lang='lat' dir='ltr'><strong>et</strong></span> <span class='ocrx_word' id='word_1_653' title='bbox 2869 3720 2973 3757; x_wconf 91' lang='lat' dir='ltr'><strong>non</strong></span> <span class='ocrx_word' id='word_1_654' title='bbox 3008 3712 3092 3756; x_wconf 90' lang='lat' dir='ltr'><strong>est</strong></span> <span class='ocrx_word' id='word_1_655' title='bbox 3144 3702 3285 3757; x_wconf 82' lang='lat' dir='ltr'><strong>Deus</strong></span> <span class='ocrx_word' id='word_1_656' title='bbox 3324 3703 3424 3756; x_wconf 91' lang='lat' dir='ltr'><strong>nisi</strong></span> <span class='ocrx_word' id='word_1_657' title='bbox 3459 3700 3601 3754; x_wconf 84' lang='lat' dir='ltr'><strong>Deus</strong></span> 
     </span>
    </p>
   </div>
   <div class='ocr_carea' id='block_1_85' title="bbox 2031 3794 3602 3865">
    <p class='ocr_par' dir='ltr' id='par_1_85' title="bbox 2031 3794 3602 3865">
     <span class='ocr_line' id='line_1_85' title="bbox 2031 3794 3602 3865; baseline -0.005 -8"><span class='ocrx_word' id='word_1_658' title='bbox 2031 3812 2243 3865; x_wconf 90' lang='lat' dir='ltr'><strong>noster,</strong></span> <span class='ocrx_word' id='word_1_659' title='bbox 2269 3809 2328 3855; x_wconf 89' lang='lat' dir='ltr'><strong>et</strong></span> <span class='ocrx_word' id='word_1_660' title='bbox 2355 3799 2691 3853; x_wconf 81' lang='lat' dir='ltr'><strong>Muhammed</strong></span> <span class='ocrx_word' id='word_1_661' title='bbox 2716 3798 2991 3865; x_wconf 88' lang='lat' dir='ltr'><strong>apostolus</strong></span> <span class='ocrx_word' id='word_1_662' title='bbox 3019 3794 3133 3850; x_wconf 90' lang='lat' dir='ltr'><strong>Dei.</strong></span> <span class='ocrx_word' id='word_1_663' title='bbox 3165 3794 3359 3850; x_wconf 81' lang='lat' dir='ltr'><strong>Amen.</strong></span> <span class='ocrx_word' id='word_1_664' title='bbox 3398 3795 3602 3849; x_wconf 85' lang='lat' dir='ltr'><strong>Deinde</strong></span> 
     </span>
    </p>
   </div>
   <div class='ocr_carea' id='block_1_86' title="bbox 2031 3886 3600 3964">
    <p class='ocr_par' dir='ltr' id='par_1_86' title="bbox 2031 3886 3600 3964">
     <span class='ocr_line' id='line_1_86' title="bbox 2031 3886 3600 3964; baseline -0.006 -18"><span class='ocrx_word' id='word_1_665' title='bbox 2031 3908 2227 3964; x_wconf 79' lang='lat' dir='ltr'><strong>perges</strong></span> <span class='ocrx_word' id='word_1_666' title='bbox 2252 3902 2304 3946; x_wconf 91' lang='lat' dir='ltr'><strong>et</strong></span> <span class='ocrx_word' id='word_1_667' title='bbox 2338 3901 2418 3945; x_wconf 89' lang='lat' dir='ltr'><strong>ter</strong></span> <span class='ocrx_word' id='word_1_668' title='bbox 2441 3906 2611 3960; x_wconf 88' lang='lat' dir='ltr'><strong>genua</strong></span> <span class='ocrx_word' id='word_1_669' title='bbox 2638 3887 2819 3942; x_wconf 81' lang='lat' dir='ltr'><strong>ﬂectes</strong></span> <span class='ocrx_word' id='word_1_670' title='bbox 2835 3890 3039 3950; x_wconf 87' lang='lat' dir='ltr'><strong>dicens,</strong></span> <span class='ocrx_word' id='word_1_671' title='bbox 3074 3887 3443 3941; x_wconf 88' lang='lat' dir='ltr'><strong>benedicimus</strong></span> <span class='ocrx_word' id='word_1_672' title='bbox 3477 3886 3600 3949; x_wconf 82' lang='lat' dir='ltr'><strong>tibi,</strong></span> 
     </span>
    </p>
   </div>
   <div class='ocr_carea' id='block_1_87' title="bbox 2030 3973 3596 4051">
    <p class='ocr_par' dir='ltr' id='par_1_87' title="bbox 2030 3973 3596 4051">
     <span class='ocr_line' id='line_1_87' title="bbox 2030 3973 3596 4051; baseline -0.009 -12"><span class='ocrx_word' id='word_1_673' title='bbox 2030 4002 2063 4039; x_wconf 91' lang='lat'><strong>0</strong></span> <span class='ocrx_word' id='word_1_674' title='bbox 2096 3986 2255 4048; x_wconf 83' lang='lat' dir='ltr'><strong>Deus,</strong></span> <span class='ocrx_word' id='word_1_675' title='bbox 2306 3984 2393 4051; x_wconf 89' lang='lat' dir='ltr'><strong>qui</strong></span> <span class='ocrx_word' id='word_1_676' title='bbox 2433 3998 2493 4035; x_wconf 86' lang='lat' dir='ltr'><strong>es</strong></span> <span class='ocrx_word' id='word_1_677' title='bbox 2523 3980 2782 4035; x_wconf 78' lang='grc' dir='ltr'>υοιιιὶιιιιδ</span> <span class='ocrx_word' id='word_1_678' title='bbox 2809 3989 2863 4033; x_wconf 92' lang='lat' dir='ltr'><strong>et</strong></span> <span class='ocrx_word' id='word_1_679' title='bbox 2895 3993 3073 4032; x_wconf 87' lang='lat' dir='ltr'><strong>rerum</strong></span> <span class='ocrx_word' id='word_1_680' title='bbox 3104 3977 3341 4031; x_wconf 91' lang='lat' dir='ltr'><strong>omnium</strong></span> <span class='ocrx_word' id='word_1_681' title='bbox 3375 3973 3596 4039; x_wconf 84' lang='lat' dir='ltr'><strong>arbiter,</strong></span> 
     </span>
    </p>
   </div>
   <div class='ocr_carea' id='block_1_88' title="bbox 2031 4068 3598 4146">
    <p class='ocr_par' dir='ltr' id='par_1_88' title="bbox 2031 4068 3598 4146">
     <span class='ocr_line' id='line_1_88' title="bbox 2031 4068 3598 4146; baseline -0.006 -17"><span class='ocrx_word' id='word_1_682' title='bbox 2031 4078 2121 4146; x_wconf 85' lang='lat' dir='ltr'><strong>qui</strong></span> <span class='ocrx_word' id='word_1_683' title='bbox 2152 4086 2206 4129; x_wconf 89' lang='lat' dir='ltr'><strong>et</strong></span> <span class='ocrx_word' id='word_1_684' title='bbox 2238 4074 2625 4127; x_wconf 59' lang='lat' dir='ltr'><strong>misericordiae</strong></span> <span class='ocrx_word' id='word_1_685' title='bbox 2649 4074 2894 4141; x_wconf 87' lang='lat' dir='ltr'><strong>abyssus,</strong></span> <span class='ocrx_word' id='word_1_686' title='bbox 2928 4079 2982 4123; x_wconf 90' lang='lat' dir='ltr'><strong>et</strong></span> <span class='ocrx_word' id='word_1_687' title='bbox 3015 4069 3105 4137; x_wconf 90' lang='lat' dir='ltr'><strong>qui</strong></span> <span class='ocrx_word' id='word_1_688' title='bbox 3163 4068 3357 4121; x_wconf 90' lang='lat' dir='ltr'><strong>ultimo</strong></span> <span class='ocrx_word' id='word_1_689' title='bbox 3389 4068 3476 4121; x_wconf 89' lang='lat' dir='ltr'><strong>die</strong></span> <span class='ocrx_word' id='word_1_690' title='bbox 3507 4083 3598 4121; x_wconf 89' lang='lat' dir='ltr'><strong>se-</strong></span> 
     </span>
    </p>
   </div>
   <div class='ocr_carea' id='block_1_89' title="bbox 2031 4159 3596 4234">
    <p class='ocr_par' dir='ltr' id='par_1_89' title="bbox 2031 4159 3596 4234">
     <span class='ocr_line' id='line_1_89' title="bbox 2031 4159 3596 4234; baseline -0.006 -12"><span class='ocrx_word' id='word_1_691' title='bbox 2031 4166 2359 4234; x_wconf 81' lang='lat' dir='ltr'><strong>debisjudex</strong></span> <span class='ocrx_word' id='word_1_692' title='bbox 2383 4163 2543 4218; x_wconf 88' lang='lat' dir='ltr'><strong>nullis</strong></span> <span class='ocrx_word' id='word_1_693' title='bbox 2566 4164 2721 4217; x_wconf 90' lang='lat' dir='ltr'><strong>donis</strong></span> <span class='ocrx_word' id='word_1_694' title='bbox 2752 4171 2807 4215; x_wconf 90' lang='lat' dir='ltr'><strong>et</strong></span> <span class='ocrx_word' id='word_1_695' title='bbox 2835 4162 3147 4215; x_wconf 91' lang='lat' dir='ltr'><strong>muneribus</strong></span> <span class='ocrx_word' id='word_1_696' title='bbox 3185 4159 3596 4228; x_wconf 89' lang='lat' dir='ltr'><strong>corruptibilis;</strong></span> 
     </span>
    </p>
   </div>
   <div class='ocr_carea' id='block_1_90' title="bbox 2028 4249 3598 4319">
    <p class='ocr_par' dir='ltr' id='par_1_90' title="bbox 2028 4249 3598 4319">
     <span class='ocr_line' id='line_1_90' title="bbox 2028 4249 3598 4319; baseline -0.004 -9"><span class='ocrx_word' id='word_1_697' title='bbox 2028 4273 2061 4312; x_wconf 89' lang='grc' dir='ltr'><strong>ο</strong></span> <span class='ocrx_word' id='word_1_698' title='bbox 2098 4255 2234 4319; x_wconf 77' lang='lat' dir='ltr'><strong>Rex,</strong></span> <span class='ocrx_word' id='word_1_699' title='bbox 2265 4256 2499 4308; x_wconf 83' lang='lat' dir='ltr'><strong>concede</strong></span> <span class='ocrx_word' id='word_1_700' title='bbox 2527 4253 2681 4306; x_wconf 89' lang='lat' dir='ltr'><strong>nobis</strong></span> <span class='ocrx_word' id='word_1_701' title='bbox 2715 4253 2829 4305; x_wconf 86' lang='lat' dir='ltr'><strong>vias</strong></span> <span class='ocrx_word' id='word_1_702' title='bbox 2862 4260 3054 4316; x_wconf 89' lang='lat' dir='ltr'><strong>rectas,</strong></span> <span class='ocrx_word' id='word_1_703' title='bbox 3091 4265 3224 4319; x_wconf 88' lang='lat' dir='ltr'><strong>quas</strong></span> <span class='ocrx_word' id='word_1_704' title='bbox 3283 4249 3598 4305; x_wconf 76' lang='lat' dir='ltr'><strong>concessisti</strong></span> 
     </span>
    </p>
   </div>
   <div class='ocr_carea' id='block_1_91' title="bbox 2030 4340 3597 4409">
    <p class='ocr_par' dir='ltr' id='par_1_91' title="bbox 2030 4340 3597 4409">
     <span class='ocr_line' id='line_1_91' title="bbox 2030 4340 3597 4409; baseline -0.003 -11"><span class='ocrx_word' id='word_1_705' title='bbox 2030 4345 2253 4409; x_wconf 88' lang='lat' dir='ltr'><strong>sanctis,</strong></span> <span class='ocrx_word' id='word_1_706' title='bbox 2289 4344 2423 4397; x_wconf 89' lang='lat' dir='ltr'><strong>utin</strong></span> <span class='ocrx_word' id='word_1_707' title='bbox 2456 4342 2561 4396; x_wconf 91' lang='lat' dir='ltr'><strong>illis</strong></span> <span class='ocrx_word' id='word_1_708' title='bbox 2593 4342 2926 4406; x_wconf 82' lang='lat' dir='ltr'><strong>iucedamus,</strong></span> <span class='ocrx_word' id='word_1_709' title='bbox 2980 4356 3085 4394; x_wconf 89' lang='lat' dir='ltr'><strong>non</strong></span> <span class='ocrx_word' id='word_1_710' title='bbox 3144 4355 3271 4395; x_wconf 86' lang='lat' dir='ltr'><strong>vero</strong></span> <span class='ocrx_word' id='word_1_711' title='bbox 3323 4340 3467 4395; x_wconf 87' lang='lat' dir='ltr'><strong>sicut</strong></span> <span class='ocrx_word' id='word_1_712' title='bbox 3523 4341 3597 4394; x_wconf 88' lang='lat' dir='ltr'><strong>illi</strong></span> 
     </span>
    </p>
   </div>
   <div class='ocr_carea' id='block_1_92' title="bbox 350 4430 1923 4514">
    <p class='ocr_par' dir='ltr' id='par_1_92' title="bbox 350 4436 1923 4508">
     <span class='ocr_line' id='line_1_92' title="bbox 350 4436 1923 4508; baseline 0.001 -12"><span class='ocrx_word' id='word_1_713' title='bbox 350 4442 596 4503; x_wconf 75' lang='grc' dir='ltr'>ἀναστὰς</span> <span class='ocrx_word' id='word_1_714' title='bbox 644 4441 792 4508; x_wconf 87' lang='grc' dir='ltr'>λέγε·</span> <span class='ocrx_word' id='word_1_715' title='bbox 827 4440 922 4502; x_wconf 84' lang='grc' dir='ltr'><strong>Τίς</strong></span> <span class='ocrx_word' id='word_1_716' title='bbox 955 4439 1088 4501; x_wconf 83' lang='grc' dir='ltr'>Θεὸς</span> <span class='ocrx_word' id='word_1_717' title='bbox 1134 4438 1329 4508; x_wconf 79' lang='grc' dir='ltr'>μέγας,</span> <span class='ocrx_word' id='word_1_718' title='bbox 1375 4437 1451 4499; x_wconf 86' lang='grc' dir='ltr'>ὼς</span> <span class='ocrx_word' id='word_1_719' title='bbox 1509 4437 1537 4488; x_wconf 88' lang='grc' dir='ltr'>ὁ</span> <span class='ocrx_word' id='word_1_720' title='bbox 1567 4436 1699 4497; x_wconf 81' lang='grc' dir='ltr'>Θεὸς</span> <span class='ocrx_word' id='word_1_721' title='bbox 1727 4436 1923 4504; x_wconf 77' lang='grc' dir='ltr'>ἡμῶνς</span> 
     </span>
    </p>
   </div>
   <div class='ocr_carea' id='block_1_93' title="bbox 2028 4430 3597 4514">
    <p class='ocr_par' dir='ltr' id='par_1_93' title="bbox 2032 4430 3597 4507">
     <span class='ocr_line' id='line_1_93' title="bbox 2032 4430 3597 4507; baseline -0.006 -16"><span class='ocrx_word' id='word_1_722' title='bbox 2032 4439 2122 4507; x_wconf 92' lang='lat' dir='ltr'><strong>qui</strong></span> <span class='ocrx_word' id='word_1_723' title='bbox 2155 4438 2233 4491; x_wconf 89' lang='lat' dir='ltr'><strong>ira</strong></span> <span class='ocrx_word' id='word_1_724' title='bbox 2257 4446 2313 4491; x_wconf 90' lang='lat' dir='ltr'><strong>et</strong></span> <span class='ocrx_word' id='word_1_725' title='bbox 2350 4450 2535 4490; x_wconf 90' lang='lat' dir='ltr'><strong>errore</strong></span> <span class='ocrx_word' id='word_1_726' title='bbox 2575 4449 2605 4487; x_wconf 81' lang='lat' dir='ltr'><strong>a</strong></span> <span class='ocrx_word' id='word_1_727' title='bbox 2656 4434 2743 4486; x_wconf 85' lang='lat' dir='ltr'><strong>via</strong></span> <span class='ocrx_word' id='word_1_728' title='bbox 2813 4442 2959 4487; x_wconf 85' lang='lat' dir='ltr'><strong>recta</strong></span> <span class='ocrx_word' id='word_1_729' title='bbox 3020 4432 3372 4486; x_wconf 78' lang='lat' dir='ltr'><strong>deﬂexerunt.</strong></span> <span class='ocrx_word' id='word_1_730' title='bbox 3406 4430 3597 4484; x_wconf 81' lang='lat' dir='ltr'><strong>Amen.</strong></span> 
     </span>
    </p>
   </div>
   <div class='ocr_carea' id='block_1_94' title="bbox 350 4527 1924 4610">
    <p class='ocr_par' dir='ltr' id='par_1_94' title="bbox 350 4527 1924 4610">
     <span class='ocr_line' id='line_1_94' title="bbox 350 4527 1924 4610; baseline -0.004 -24"><span class='ocrx_word' id='word_1_731' title='bbox 350 4536 503 4605; x_wconf 79' lang='grc' dir='ltr'>τρίς·</span> <span class='ocrx_word' id='word_1_732' title='bbox 533 4532 699 4585; x_wconf 79' lang='grc' dir='ltr'>πάλιν</span> <span class='ocrx_word' id='word_1_733' title='bbox 746 4531 803 4583; x_wconf 81' lang='grc' dir='ltr'><strong>δὲ</strong></span> <span class='ocrx_word' id='word_1_734' title='bbox 862 4530 1145 4610; x_wconf 59' lang='grc' dir='ltr'>καθήσας,</span> <span class='ocrx_word' id='word_1_735' title='bbox 1177 4530 1273 4581; x_wconf 71' lang='grc' dir='ltr'><strong>καὶ</strong></span> <span class='ocrx_word' id='word_1_736' title='bbox 1321 4528 1625 4598; x_wconf 84' lang='grc' dir='ltr'>μεγάλυνον</span> <span class='ocrx_word' id='word_1_737' title='bbox 1658 4528 1751 4581; x_wconf 82' lang='grc' dir='ltr'><strong>τὸν</strong></span> <span class='ocrx_word' id='word_1_738' title='bbox 1793 4527 1924 4580; x_wconf 88' lang='grc' dir='ltr'>Θεὸν</span> 
     </span>
    </p>
   </div>
   <div class='ocr_carea' id='block_1_95' title="bbox 352 4616 1925 4696">
    <p class='ocr_par' dir='ltr' id='par_1_95' title="bbox 352 4616 1925 4696">
     <span class='ocr_line' id='line_1_95' title="bbox 352 4616 1925 4696; baseline -0.001 -25"><span class='ocrx_word' id='word_1_739' title='bbox 352 4625 475 4696; x_wconf 81' lang='grc' dir='ltr'>τρίς</span> <span class='ocrx_word' id='word_1_740' title='bbox 504 4640 518 4653; x_wconf 87' lang='grc'><strong>·</strong></span> <span class='ocrx_word' id='word_1_741' title='bbox 546 4618 667 4674; x_wconf 70' lang='grc' dir='ltr'>εἶτα</span> <span class='ocrx_word' id='word_1_742' title='bbox 703 4619 977 4691; x_wconf 81' lang='grc' dir='ltr'>χαιρέτιζε</span> <span class='ocrx_word' id='word_1_743' title='bbox 1000 4622 1065 4672; x_wconf 83' lang='grc' dir='ltr'>ὲκ</span> <span class='ocrx_word' id='word_1_744' title='bbox 1092 4619 1187 4671; x_wconf 90' lang='grc' dir='ltr'><strong>τοῦ</strong></span> <span class='ocrx_word' id='word_1_745' title='bbox 1233 4616 1409 4681; x_wconf 79' lang='grc' dir='ltr'>δεξιοῦ</span> <span class='ocrx_word' id='word_1_746' title='bbox 1455 4618 1677 4688; x_wconf 77' lang='grc' dir='ltr'>μέρους,</span> <span class='ocrx_word' id='word_1_747' title='bbox 1732 4617 1925 4685; x_wconf 82' lang='grc' dir='ltr'>λέγων’</span> 
     </span>
    </p>
   </div>
   <div class='ocr_carea' id='block_1_96' title="bbox 354 4710 1928 4788">
    <p class='ocr_par' dir='ltr' id='par_1_96' title="bbox 354 4710 1928 4788">
     <span class='ocr_line' id='line_1_96' title="bbox 354 4710 1928 4788; baseline -0.005 -17"><span class='ocrx_word' id='word_1_748' title='bbox 354 4718 568 4788; x_wconf 78' lang='grc' dir='ltr'><strong>Εἰρήνη</strong></span> <span class='ocrx_word' id='word_1_749' title='bbox 595 4717 746 4784; x_wconf 77' lang='grc' dir='ltr'>ἡμῖν.</span> <span class='ocrx_word' id='word_1_750' title='bbox 783 4715 893 4766; x_wconf 87' lang='lat' dir='ltr'><strong>Kal</strong></span> <span class='ocrx_word' id='word_1_751' title='bbox 919 4712 980 4777; x_wconf 78' lang='grc' dir='ltr'>ἐξ</span> <span class='ocrx_word' id='word_1_752' title='bbox 1009 4711 1323 4781; x_wconf 77' lang='grc' dir='ltr'>εὐωνύμων</span> <span class='ocrx_word' id='word_1_753' title='bbox 1355 4710 1517 4763; x_wconf 83' lang='grc' dir='ltr'>πάλιν</span> <span class='ocrx_word' id='word_1_754' title='bbox 1545 4710 1608 4762; x_wconf 81' lang='grc' dir='ltr'><strong>τὸ</strong></span> <span class='ocrx_word' id='word_1_755' title='bbox 1636 4711 1789 4773; x_wconf 85' lang='grc' dir='ltr'>αὐτὸ,</span> <span class='ocrx_word' id='word_1_756' title='bbox 1825 4711 1928 4764; x_wconf 81' lang='grc' dir='ltr'><strong>Σὺν</strong></span> 
     </span>
    </p>
   </div>
   <div class='ocr_carea' id='block_1_97' title="bbox 351 4799 1920 4877">
    <p class='ocr_par' dir='ltr' id='par_1_97' title="bbox 351 4799 1920 4877">
     <span class='ocr_line' id='line_1_97' title="bbox 351 4799 1920 4877; baseline -0.011 -15"><span class='ocrx_word' id='word_1_757' title='bbox 351 4809 615 4877; x_wconf 82' lang='grc' dir='ltr'>ὲλεήμονι</span> <span class='ocrx_word' id='word_1_758' title='bbox 643 4802 783 4873; x_wconf 79' lang='grc' dir='ltr'>Θεῷ.</span> <span class='ocrx_word' id='word_1_759' title='bbox 818 4802 929 4857; x_wconf 83' lang='lat' dir='ltr'><strong>Kal</strong></span> <span class='ocrx_word' id='word_1_760' title='bbox 949 4802 1171 4856; x_wconf 75' lang='grc' dir='ltr'>ἁπόλυε.</span> <span class='ocrx_word' id='word_1_761' title='bbox 1216 4819 1236 4852; x_wconf 68' lang='grc' dir='ltr'><strong>ι</strong></span> <span class='ocrx_word' id='word_1_762' title='bbox 1268 4799 1418 4870; x_wconf 78' lang='grc' dir='ltr'><strong>Αὕτη</strong></span> <span class='ocrx_word' id='word_1_763' title='bbox 1444 4800 1662 4862; x_wconf 75' lang='grc' dir='ltr'>πάντως</span> <span class='ocrx_word' id='word_1_764' title='bbox 1716 4802 1750 4870; x_wconf 80' lang='grc' dir='ltr'>ἡ</span> <span class='ocrx_word' id='word_1_765' title='bbox 1785 4801 1920 4872; x_wconf 68' lang='grc' dir='ltr'>εὐχή</span> 
     </span>
    </p>
   </div>
   <div class='ocr_carea' id='block_1_98' title="bbox 356 4893 1929 4967">
    <p class='ocr_par' dir='ltr' id='par_1_98' title="bbox 356 4893 1929 4967">
     <span class='ocr_line' id='line_1_98' title="bbox 356 4893 1929 4967; baseline -0.01 -12"><span class='ocrx_word' id='word_1_766' title='bbox 356 4918 472 4966; x_wconf 89' lang='grc' dir='ltr'>σου,</span> <span class='ocrx_word' id='word_1_767' title='bbox 505 4898 603 4951; x_wconf 75' lang='grc' dir='ltr'><strong>καὶ</strong></span> <span class='ocrx_word' id='word_1_768' title='bbox 628 4902 661 4967; x_wconf 78' lang='grc' dir='ltr'>ὴ</span> <span class='ocrx_word' id='word_1_769' title='bbox 691 4894 1011 4950; x_wconf 85' lang='grc' dir='ltr'>διδασκαλία</span> <span class='ocrx_word' id='word_1_770' title='bbox 1050 4910 1167 4960; x_wconf 89' lang='grc' dir='ltr'>σου,</span> <span class='ocrx_word' id='word_1_771' title='bbox 1204 4894 1297 4947; x_wconf 78' lang='lat' dir='ltr'><strong><em>xal</em></strong></span> <span class='ocrx_word' id='word_1_772' title='bbox 1347 4894 1381 4964; x_wconf 78' lang='grc' dir='ltr'>ἡ</span> <span class='ocrx_word' id='word_1_773' title='bbox 1436 4893 1590 4963; x_wconf 77' lang='grc' dir='ltr'>παρὰ</span> <span class='ocrx_word' id='word_1_774' title='bbox 1626 4894 1929 4964; x_wconf 81' lang='grc' dir='ltr'>Μουχάμετ</span> 
     </span>
    </p>
   </div>
   <div class='ocr_carea' id='block_1_99' title="bbox 354 4984 1789 5061">
    <p class='ocr_par' dir='ltr' id='par_1_99' title="bbox 354 4984 1789 5061">
     <span class='ocr_line' id='line_1_99' title="bbox 354 4984 1789 5061; baseline -0.006 -15"><span class='ocrx_word' id='word_1_775' title='bbox 354 5010 448 5048; x_wconf 89' lang='grc' dir='ltr'><strong>σου</strong></span> <span class='ocrx_word' id='word_1_776' title='bbox 482 4992 667 5061; x_wconf 74' lang='grc' dir='ltr'>σοφία.</span> <span class='ocrx_word' id='word_1_777' title='bbox 698 4989 866 5043; x_wconf 84' lang='grc' dir='ltr'>Πλέον</span> <span class='ocrx_word' id='word_1_778' title='bbox 889 4988 943 5039; x_wconf 78' lang='grc' dir='ltr'><strong>δὲ</strong></span> <span class='ocrx_word' id='word_1_779' title='bbox 974 4986 1165 5039; x_wconf 85' lang='grc' dir='ltr'>τούτου</span> <span class='ocrx_word' id='word_1_780' title='bbox 1188 4986 1287 5038; x_wconf 82' lang='grc' dir='ltr'><strong>οὐκ</strong></span> <span class='ocrx_word' id='word_1_781' title='bbox 1312 4984 1456 5056; x_wconf 91' lang='grc' dir='ltr'>ἔχεις</span> <span class='ocrx_word' id='word_1_782' title='bbox 1482 4988 1543 5037; x_wconf 87' lang='grc' dir='ltr'><strong>τὸ</strong></span> <span class='ocrx_word' id='word_1_783' title='bbox 1563 4985 1789 5038; x_wconf 85' lang='grc' dir='ltr'>οἱονοῦν.</span> 
     </span>
    </p>
   </div>
   <div class='ocr_carea' id='block_1_100' title="bbox 2030 4523 3600 4596">
    <p class='ocr_par' dir='ltr' id='par_1_100' title="bbox 2030 4523 3600 4596">
     <span class='ocr_line' id='line_1_100' title="bbox 2030 4523 3600 4596; baseline -0.006 -12"><span class='ocrx_word' id='word_1_784' title='bbox 2030 4531 2097 4584; x_wconf 77' lang='lat' dir='ltr'><strong>Et</strong></span> <span class='ocrx_word' id='word_1_785' title='bbox 2125 4529 2288 4582; x_wconf 77' lang='lat' dir='ltr'><strong>facies</strong></span> <span class='ocrx_word' id='word_1_786' title='bbox 2322 4539 2432 4582; x_wconf 89' lang='lat' dir='ltr'><strong>tres</strong></span> <span class='ocrx_word' id='word_1_787' title='bbox 2470 4524 2872 4596; x_wconf 77' lang='lat' dir='ltr'><strong>genuﬂexiones</strong></span> <span class='ocrx_word' id='word_1_788' title='bbox 2899 4523 3111 4590; x_wconf 89' lang='lat' dir='ltr'><strong>sedens,</strong></span> <span class='ocrx_word' id='word_1_789' title='bbox 3147 4524 3339 4578; x_wconf 90' lang='lat' dir='ltr'><strong>deinde</strong></span> <span class='ocrx_word' id='word_1_790' title='bbox 3376 4538 3600 4590; x_wconf 79' lang='lat' dir='ltr'><strong>surgens</strong></span> 
     </span>
    </p>
   </div>
   <div class='ocr_carea' id='block_1_101' title="bbox 2030 4613 3598 4685">
    <p class='ocr_par' dir='ltr' id='par_1_101' title="bbox 2030 4613 3598 4685">
     <span class='ocr_line' id='line_1_101' title="bbox 2030 4613 3598 4685; baseline -0.006 -10"><span class='ocrx_word' id='word_1_791' title='bbox 2030 4621 2117 4677; x_wconf 91' lang='lat' dir='ltr'><strong>dic</strong></span> <span class='ocrx_word' id='word_1_792' title='bbox 2146 4630 2248 4673; x_wconf 90' lang='lat' dir='ltr'><strong>ter.</strong></span> <span class='ocrx_word' id='word_1_793' title='bbox 2276 4621 2407 4685; x_wconf 83' lang='lat' dir='ltr'><strong>Quis</strong></span> <span class='ocrx_word' id='word_1_794' title='bbox 2436 4619 2577 4673; x_wconf 87' lang='lat' dir='ltr'><strong>Deus</strong></span> <span class='ocrx_word' id='word_1_795' title='bbox 2606 4632 2827 4685; x_wconf 83' lang='lat' dir='ltr'><strong>magnus</strong></span> <span class='ocrx_word' id='word_1_796' title='bbox 2856 4618 2997 4669; x_wconf 89' lang='lat' dir='ltr'><strong>sicut</strong></span> <span class='ocrx_word' id='word_1_797' title='bbox 3024 4616 3159 4670; x_wconf 87' lang='lat' dir='ltr'><strong>Deus</strong></span> <span class='ocrx_word' id='word_1_798' title='bbox 3185 4626 3364 4669; x_wconf 88' lang='lat' dir='ltr'><strong>uoster</strong></span> <span class='ocrx_word' id='word_1_799' title='bbox 3397 4633 3411 4667; x_wconf 91' lang='lat'><strong>:</strong></span> <span class='ocrx_word' id='word_1_800' title='bbox 3443 4613 3598 4666; x_wconf 79' lang='lat' dir='ltr'><strong>Post-</strong></span> 
     </span>
    </p>
   </div>
   <div class='ocr_carea' id='block_1_102' title="bbox 2035 4702 3597 4772">
    <p class='ocr_par' dir='ltr' id='par_1_102' title="bbox 2035 4702 3597 4772">
     <span class='ocr_line' id='line_1_102' title="bbox 2035 4702 3597 4772; baseline -0.006 -5"><span class='ocrx_word' id='word_1_801' title='bbox 2035 4729 2098 4767; x_wconf 89' lang='lat' dir='ltr'><strong>ea</strong></span> <span class='ocrx_word' id='word_1_802' title='bbox 2167 4714 2361 4767; x_wconf 89' lang='lat' dir='ltr'><strong>sedeus</strong></span> <span class='ocrx_word' id='word_1_803' title='bbox 2425 4712 2592 4766; x_wconf 88' lang='lat' dir='ltr'><strong>Deunt</strong></span> <span class='ocrx_word' id='word_1_804' title='bbox 2660 4719 2741 4763; x_wconf 89' lang='lat' dir='ltr'><strong>ter</strong></span> <span class='ocrx_word' id='word_1_805' title='bbox 2774 4708 3075 4763; x_wconf 88' lang='lat' dir='ltr'><strong>celebrabis</strong></span> <span class='ocrx_word' id='word_1_806' title='bbox 3104 4716 3158 4761; x_wconf 91' lang='lat' dir='ltr'><strong>et</strong></span> <span class='ocrx_word' id='word_1_807' title='bbox 3209 4702 3597 4772; x_wconf 77' lang='lat' dir='ltr'><strong>tuagnilicabis,</strong></span> 
     </span>
    </p>
   </div>
   <div class='ocr_carea' id='block_1_103' title="bbox 2036 4794 3600 4859">
    <p class='ocr_par' dir='ltr' id='par_1_103' title="bbox 2036 4794 3600 4859">
     <span class='ocr_line' id='line_1_103' title="bbox 2036 4794 3600 4859; baseline -0.01 0"><span class='ocrx_word' id='word_1_808' title='bbox 2036 4805 2228 4859; x_wconf 90' lang='lat' dir='ltr'><strong>deinde</strong></span> <span class='ocrx_word' id='word_1_809' title='bbox 2259 4803 2520 4857; x_wconf 86' lang='lat' dir='ltr'><strong>salutabis</strong></span> <span class='ocrx_word' id='word_1_810' title='bbox 2550 4803 2617 4855; x_wconf 88' lang='lat' dir='ltr'><strong>ad</strong></span> <span class='ocrx_word' id='word_1_811' title='bbox 2647 4803 2897 4855; x_wconf 81' lang='lat' dir='ltr'><strong>dextrum</strong></span> <span class='ocrx_word' id='word_1_812' title='bbox 2938 4798 3079 4852; x_wconf 88' lang='lat' dir='ltr'><strong>latus</strong></span> <span class='ocrx_word' id='word_1_813' title='bbox 3107 4798 3289 4851; x_wconf 89' lang='lat' dir='ltr'><strong>dicens</strong></span> <span class='ocrx_word' id='word_1_814' title='bbox 3315 4814 3328 4849; x_wconf 91' lang='lat'><strong>:</strong></span> <span class='ocrx_word' id='word_1_815' title='bbox 3358 4794 3468 4848; x_wconf 83' lang='lat' dir='ltr'><strong>Pax</strong></span> <span class='ocrx_word' id='word_1_816' title='bbox 3503 4807 3600 4845; x_wconf 85' lang='lat' dir='ltr'><strong>nu-</strong></span> 
     </span>
    </p>
   </div>
   <div class='ocr_carea' id='block_1_104' title="bbox 2035 4890 3598 4961">
    <p class='ocr_par' dir='ltr' id='par_1_104' title="bbox 2035 4890 3598 4961">
     <span class='ocr_line' id='line_1_104' title="bbox 2035 4890 3598 4961; baseline -0.009 -10"><span class='ocrx_word' id='word_1_817' title='bbox 2035 4896 2243 4951; x_wconf 88' lang='lat' dir='ltr'><strong>biscum</strong></span> <span class='ocrx_word' id='word_1_818' title='bbox 2268 4911 2284 4961; x_wconf 87' lang='lat'><strong>;</strong></span> <span class='ocrx_word' id='word_1_819' title='bbox 2311 4895 2503 4949; x_wconf 86' lang='lat' dir='ltr'><strong>deinde</strong></span> <span class='ocrx_word' id='word_1_820' title='bbox 2532 4893 2597 4947; x_wconf 89' lang='lat' dir='ltr'><strong>ad</strong></span> <span class='ocrx_word' id='word_1_821' title='bbox 2630 4892 2906 4948; x_wconf 90' lang='lat' dir='ltr'><strong>sinistrum</strong></span> <span class='ocrx_word' id='word_1_822' title='bbox 2938 4892 3122 4946; x_wconf 86' lang='lat' dir='ltr'><strong>eadem</strong></span> <span class='ocrx_word' id='word_1_823' title='bbox 3152 4890 3317 4943; x_wconf 85' lang='lat' dir='ltr'><strong>verba</strong></span> <span class='ocrx_word' id='word_1_824' title='bbox 3332 4895 3598 4955; x_wconf 78' lang='lat' dir='ltr'><strong>repetens,</strong></span> 
     </span>
    </p>
   </div>
   <div class='ocr_carea' id='block_1_105' title="bbox 2035 4978 3600 5055">
    <p class='ocr_par' dir='ltr' id='par_1_105' title="bbox 2035 4978 3600 5055">
     <span class='ocr_line' id='line_1_105' title="bbox 2035 4978 3600 5055; baseline -0.008 -16"><span class='ocrx_word' id='word_1_825' title='bbox 2035 4987 2229 5055; x_wconf 89' lang='lat' dir='ltr'><strong>quibus</strong></span> <span class='ocrx_word' id='word_1_826' title='bbox 2266 4986 2431 5040; x_wconf 86' lang='lat' dir='ltr'><strong>addes</strong></span> <span class='ocrx_word' id='word_1_827' title='bbox 2468 5001 2483 5039; x_wconf 87' lang='lat'><strong>:</strong></span> <span class='ocrx_word' id='word_1_828' title='bbox 2518 4984 2652 5039; x_wconf 89' lang='lat' dir='ltr'><strong>Cum</strong></span> <span class='ocrx_word' id='word_1_829' title='bbox 2683 4982 2795 5036; x_wconf 91' lang='lat' dir='ltr'><strong>Deo</strong></span> <span class='ocrx_word' id='word_1_830' title='bbox 2827 4979 3195 5035; x_wconf 84' lang='lat' dir='ltr'><strong>misericorde.</strong></span> <span class='ocrx_word' id='word_1_831' title='bbox 3239 4978 3447 5044; x_wconf 82' lang='lat' dir='ltr'><strong>Quibus</strong></span> <span class='ocrx_word' id='word_1_832' title='bbox 3477 4991 3600 5046; x_wconf 84' lang='lat' dir='ltr'><strong>pcr-</strong></span> 
     </span>
    </p>
   </div>
   <div class='ocr_carea' id='block_1_106' title="bbox 352 5065 3599 5148">
    <p class='ocr_par' dir='ltr' id='par_1_106' title="bbox 352 5065 3599 5148">
     <span class='ocr_line' id='line_1_106' title="bbox 352 5065 3599 5148; baseline -0.007 -4"><span class='ocrx_word' id='word_1_833' title='bbox 352 5091 498 5144; x_wconf 88' lang='lat' dir='ltr'><strong>actis</strong></span> <span class='ocrx_word' id='word_1_834' title='bbox 541 5084 810 5140; x_wconf 84' lang='lat' dir='ltr'><strong>discedas.</strong></span> <span class='ocrx_word' id='word_1_835' title='bbox 841 5099 861 5132; x_wconf 70' lang='grc' dir='ltr'><strong>ι</strong></span> <span class='ocrx_word' id='word_1_836' title='bbox 896 5079 1022 5133; x_wconf 66' lang='lat' dir='ltr'><strong>llaec</strong></span> <span class='ocrx_word' id='word_1_837' title='bbox 1085 5088 1170 5133; x_wconf 88' lang='lat' dir='ltr'><strong>est</strong></span> <span class='ocrx_word' id='word_1_838' title='bbox 1226 5088 1334 5131; x_wconf 84' lang='lat' dir='ltr'><strong>tota</strong></span> <span class='ocrx_word' id='word_1_839' title='bbox 1379 5089 1463 5131; x_wconf 88' lang='lat' dir='ltr'><strong>tua</strong></span> <span class='ocrx_word' id='word_1_840' title='bbox 1523 5080 1709 5131; x_wconf 89' lang='lat' dir='ltr'><strong>orandi</strong></span> <span class='ocrx_word' id='word_1_841' title='bbox 1747 5081 1904 5142; x_wconf 85' lang='lat' dir='ltr'><strong>ratio,</strong></span> <span class='ocrx_word' id='word_1_842' title='bbox 1947 5088 2054 5134; x_wconf 90' lang='lat' dir='ltr'><strong>tota</strong></span> <span class='ocrx_word' id='word_1_843' title='bbox 2090 5090 2178 5135; x_wconf 89' lang='lat' dir='ltr'><strong>tua</strong></span> <span class='ocrx_word' id='word_1_844' title='bbox 2214 5079 2519 5148; x_wconf 87' lang='lat' dir='ltr'><strong>disciplina,</strong></span> <span class='ocrx_word' id='word_1_845' title='bbox 2574 5086 2685 5133; x_wconf 86' lang='lat' dir='ltr'><strong>tota</strong></span> <span class='ocrx_word' id='word_1_846' title='bbox 2722 5092 2886 5147; x_wconf 83' lang='lat' dir='ltr'><strong>quam</strong></span> <span class='ocrx_word' id='word_1_847' title='bbox 2914 5088 2944 5128; x_wconf 90' lang='lat' dir='ltr'><strong>a</strong></span> <span class='ocrx_word' id='word_1_848' title='bbox 2974 5070 3346 5128; x_wconf 77' lang='lat' dir='ltr'><strong>Multammede</strong></span> <span class='ocrx_word' id='word_1_849' title='bbox 3373 5065 3599 5125; x_wconf 88' lang='lat' dir='ltr'><strong>hausisti</strong></span> 
     </span>
    </p>
   </div>
   <div class='ocr_carea' id='block_1_107' title="bbox 355 5170 2242 5252">
    <p class='ocr_par' dir='ltr' id='par_1_107' title="bbox 355 5170 2242 5252">
     <span class='ocr_line' id='line_1_107' title="bbox 355 5170 2242 5252; baseline -0.006 -13"><span class='ocrx_word' id='word_1_850' title='bbox 355 5183 621 5252; x_wconf 89' lang='lat' dir='ltr'><strong>sapientia</strong></span> <span class='ocrx_word' id='word_1_851' title='bbox 673 5185 729 5230; x_wconf 89' lang='lat' dir='ltr'><strong>et</strong></span> <span class='ocrx_word' id='word_1_852' title='bbox 781 5182 973 5243; x_wconf 63' lang='lat' dir='ltr'><strong>praeter</strong></span> <span class='ocrx_word' id='word_1_853' title='bbox 1002 5171 1129 5224; x_wconf 89' lang='lat' dir='ltr'><strong>illud</strong></span> <span class='ocrx_word' id='word_1_854' title='bbox 1155 5170 1283 5223; x_wconf 82' lang='lat' dir='ltr'><strong>nihil</strong></span> <span class='ocrx_word' id='word_1_855' title='bbox 1309 5171 1605 5239; x_wconf 83' lang='lat' dir='ltr'><strong>quidquam</strong></span> <span class='ocrx_word' id='word_1_856' title='bbox 1631 5172 1773 5224; x_wconf 91' lang='lat' dir='ltr'><strong>aliud</strong></span> <span class='ocrx_word' id='word_1_857' title='bbox 1800 5171 2044 5240; x_wconf 77' lang='lat' dir='ltr'><strong>proferre</strong></span> <span class='ocrx_word' id='word_1_858' title='bbox 2067 5182 2242 5243; x_wconf 88' lang='lat' dir='ltr'><strong>potes.</strong></span> 
     </span>
    </p>
   </div>
   <div class='ocr_carea' id='block_1_108' title="bbox 421 5266 1928 5342">
    <p class='ocr_par' dir='ltr' id='par_1_108' title="bbox 421 5266 1928 5342">
     <span class='ocr_line' id='line_1_108' title="bbox 421 5266 1928 5342; baseline -0.013 -13"><span class='ocrx_word' id='word_1_859' title='bbox 421 5272 596 5342; x_wconf 83' lang='grc' dir='ltr'><strong>Κάγὼ</strong></span> <span class='ocrx_word' id='word_1_860' title='bbox 628 5270 686 5323; x_wconf 84' lang='grc' dir='ltr'><strong>δέ</strong></span> <span class='ocrx_word' id='word_1_861' title='bbox 709 5285 793 5322; x_wconf 87' lang='grc' dir='ltr'><strong>σοι</strong></span> <span class='ocrx_word' id='word_1_862' title='bbox 819 5267 972 5337; x_wconf 79' lang='grc' dir='ltr'>φέρω</span> <span class='ocrx_word' id='word_1_863' title='bbox 1002 5266 1307 5337; x_wconf 79' lang='grc' dir='ltr'>μάρτυρας,</span> <span class='ocrx_word' id='word_1_864' title='bbox 1360 5266 1444 5318; x_wconf 84' lang='grc' dir='ltr'><strong>ὅτι</strong></span> <span class='ocrx_word' id='word_1_865' title='bbox 1476 5266 1584 5337; x_wconf 82' lang='grc' dir='ltr'>πρὸ</span> <span class='ocrx_word' id='word_1_866' title='bbox 1625 5267 1844 5319; x_wconf 77' lang='grc' dir='ltr'>πάντων</span> <span class='ocrx_word' id='word_1_867' title='bbox 1880 5268 1928 5319; x_wconf 79' lang='grc' dir='ltr'><strong>οἱ</strong></span> 
     </span>
    </p>
   </div>
   <div class='ocr_carea' id='block_1_109' title="bbox 359 5354 1933 5441">
    <p class='ocr_par' dir='ltr' id='par_1_109' title="bbox 359 5354 1933 5441">
     <span class='ocr_line' id='line_1_109' title="bbox 359 5354 1933 5441; baseline -0.015 -16"><span class='ocrx_word' id='word_1_868' title='bbox 359 5366 640 5441; x_wconf 75' lang='grc' dir='ltr'>Ἀρραϐες</span> <span class='ocrx_word' id='word_1_869' title='bbox 672 5362 740 5415; x_wconf 81' lang='grc' dir='ltr'>τὰ</span> <span class='ocrx_word' id='word_1_870' title='bbox 772 5364 995 5432; x_wconf 73' lang='grc' dir='ltr'>ῥήματα</span> <span class='ocrx_word' id='word_1_871' title='bbox 1028 5358 1203 5411; x_wconf 83' lang='grc' dir='ltr'>ταῦτα</span> <span class='ocrx_word' id='word_1_872' title='bbox 1228 5354 1373 5427; x_wconf 83' lang='grc' dir='ltr'>εἶχον</span> <span class='ocrx_word' id='word_1_873' title='bbox 1401 5357 1495 5410; x_wconf 74' lang='grc' dir='ltr'><strong>καὶ</strong></span> <span class='ocrx_word' id='word_1_874' title='bbox 1528 5359 1596 5411; x_wconf 82' lang='grc' dir='ltr'>τὰ</span> <span class='ocrx_word' id='word_1_875' title='bbox 1628 5359 1933 5428; x_wconf 77' lang='grc' dir='ltr'>γράμματα</span> 
     </span>
    </p>
   </div>
   <div class='ocr_carea' id='block_1_110' title="bbox 359 5446 1935 5527">
    <p class='ocr_par' dir='ltr' id='par_1_110' title="bbox 359 5446 1935 5527">
     <span class='ocr_line' id='line_1_110' title="bbox 359 5446 1935 5527; baseline -0.009 -12"><span class='ocrx_word' id='word_1_876' title='bbox 359 5462 455 5515; x_wconf 71' lang='grc' dir='ltr'>σὺν</span> <span class='ocrx_word' id='word_1_877' title='bbox 483 5457 563 5527; x_wconf 78' lang='grc' dir='ltr'>τῷ</span> <span class='ocrx_word' id='word_1_878' title='bbox 595 5452 873 5522; x_wconf 83' lang='grc' dir='ltr'>ὲλεημένῳ</span> <span class='ocrx_word' id='word_1_879' title='bbox 903 5450 995 5501; x_wconf 78' lang='grc' dir='ltr'>καὶ</span> <span class='ocrx_word' id='word_1_880' title='bbox 1021 5448 1283 5510; x_wconf 83' lang='grc' dir='ltr'>ἐλεοῦντι,</span> <span class='ocrx_word' id='word_1_881' title='bbox 1321 5446 1357 5499; x_wconf 80' lang='grc' dir='ltr'><strong>δι</strong></span> <span class='ocrx_word' id='word_1_882' title='bbox 1402 5447 1460 5500; x_wconf 86' lang='grc' dir='ltr'>δὲ</span> <span class='ocrx_word' id='word_1_883' title='bbox 1512 5449 1935 5517; x_wconf 79' lang='grc' dir='ltr'>Μουσουλμανοὶ</span> 
     </span>
    </p>
   </div>
   <div class='ocr_carea' id='block_1_111' title="bbox 360 5538 1935 5619">
    <p class='ocr_par' dir='ltr' id='par_1_111' title="bbox 360 5538 1935 5619">
     <span class='ocr_line' id='line_1_111' title="bbox 360 5538 1935 5619; baseline -0.006 -16"><span class='ocrx_word' id='word_1_884' title='bbox 360 5553 456 5607; x_wconf 71' lang='grc' dir='ltr'>καὶ</span> <span class='ocrx_word' id='word_1_885' title='bbox 485 5542 871 5619; x_wconf 73' lang='grc' dir='ltr'>γραμματικοὶ</span> <span class='ocrx_word' id='word_1_886' title='bbox 897 5540 1169 5603; x_wconf 87' lang='grc' dir='ltr'>κελεύετε,</span> <span class='ocrx_word' id='word_1_887' title='bbox 1200 5539 1293 5593; x_wconf 78' lang='grc' dir='ltr'><strong>τὸν</strong></span> <span class='ocrx_word' id='word_1_888' title='bbox 1346 5538 1516 5610; x_wconf 78' lang='grc' dir='ltr'>ὕμνον</span> <span class='ocrx_word' id='word_1_889' title='bbox 1570 5540 1783 5605; x_wconf 87' lang='grc' dir='ltr'>τοῦτον,</span> <span class='ocrx_word' id='word_1_890' title='bbox 1839 5542 1935 5595; x_wconf 79' lang='grc' dir='ltr'><strong>καὶ</strong></span> 
     </span>
    </p>
   </div>
   <div class='ocr_carea' id='block_1_112' title="bbox 363 5631 1933 5719">
    <p class='ocr_par' dir='ltr' id='par_1_112' title="bbox 363 5631 1933 5719">
     <span class='ocr_line' id='line_1_112' title="bbox 363 5631 1933 5719; baseline 0.009 -27"><span class='ocrx_word' id='word_1_891' title='bbox 363 5646 458 5715; x_wconf 74' lang='grc' dir='ltr'><strong>τὴν</strong></span> <span class='ocrx_word' id='word_1_892' title='bbox 486 5638 827 5712; x_wconf 74' lang='grc' dir='ltr'>ψαλμῳδίαν,</span> <span class='ocrx_word' id='word_1_893' title='bbox 876 5634 1109 5719; x_wconf 43' lang='grc' dir='ltr'>καλαὶ),</span> <span class='ocrx_word' id='word_1_894' title='bbox 1141 5631 1237 5697; x_wconf 77' lang='grc' dir='ltr'><strong>Τίς</strong></span> <span class='ocrx_word' id='word_1_895' title='bbox 1272 5632 1417 5716; x_wconf 53' lang='grc' dir='ltr'>θεὸς</span> <span class='ocrx_word' id='word_1_896' title='bbox 1468 5633 1683 5705; x_wconf 80' lang='grc' dir='ltr'>μέγας;</span> <span class='ocrx_word' id='word_1_897' title='bbox 1732 5632 1933 5704; x_wconf 71' lang='grc' dir='ltr'>μᾶλλον</span> 
     </span>
    </p>
   </div>
   <div class='ocr_carea' id='block_1_113' title="bbox 2106 5261 3585 5340">
    <p class='ocr_par' dir='ltr' id='par_1_113' title="bbox 2106 5261 3585 5340">
     <span class='ocr_line' id='line_1_113' title="bbox 2106 5261 3585 5340; baseline -0.003 -16"><span class='ocrx_word' id='word_1_898' title='bbox 2106 5271 2218 5340; x_wconf 85' lang='lat' dir='ltr'><strong>Ego</strong></span> <span class='ocrx_word' id='word_1_899' title='bbox 2247 5283 2375 5323; x_wconf 88' lang='lat' dir='ltr'><strong>vero</strong></span> <span class='ocrx_word' id='word_1_900' title='bbox 2410 5275 2573 5323; x_wconf 87' lang='lat' dir='ltr'><strong>testes</strong></span> <span class='ocrx_word' id='word_1_901' title='bbox 2594 5266 2687 5321; x_wconf 91' lang='lat' dir='ltr'><strong>tibi</strong></span> <span class='ocrx_word' id='word_1_902' title='bbox 2708 5263 2992 5334; x_wconf 86' lang='lat' dir='ltr'><strong>suppedito</strong></span> <span class='ocrx_word' id='word_1_903' title='bbox 3016 5261 3213 5333; x_wconf 90' lang='lat' dir='ltr'><strong>quibus</strong></span> <span class='ocrx_word' id='word_1_904' title='bbox 3235 5270 3448 5317; x_wconf 88' lang='lat' dir='ltr'><strong>constat</strong></span> <span class='ocrx_word' id='word_1_905' title='bbox 3483 5262 3585 5319; x_wconf 86' lang='lat' dir='ltr'><strong>ista</strong></span> 
     </span>
    </p>
   </div>
   <div class='ocr_carea' id='block_1_114' title="bbox 2035 5354 3601 5426">
    <p class='ocr_par' dir='ltr' id='par_1_114' title="bbox 2035 5354 3601 5426">
     <span class='ocr_line' id='line_1_114' title="bbox 2035 5354 3601 5426; baseline -0.003 -10"><span class='ocrx_word' id='word_1_906' title='bbox 2035 5361 2217 5416; x_wconf 88' lang='lat' dir='ltr'><strong>omnia</strong></span> <span class='ocrx_word' id='word_1_907' title='bbox 2258 5369 2314 5413; x_wconf 89' lang='lat' dir='ltr'><strong>et</strong></span> <span class='ocrx_word' id='word_1_908' title='bbox 2350 5359 2496 5415; x_wconf 86' lang='lat' dir='ltr'><strong>dicta</strong></span> <span class='ocrx_word' id='word_1_909' title='bbox 2530 5368 2581 5412; x_wconf 92' lang='lat' dir='ltr'><strong>et</strong></span> <span class='ocrx_word' id='word_1_910' title='bbox 2605 5357 2806 5426; x_wconf 89' lang='lat' dir='ltr'><strong>scripta</strong></span> <span class='ocrx_word' id='word_1_911' title='bbox 2846 5354 3145 5410; x_wconf 89' lang='lat' dir='ltr'><strong>obtinuisse</strong></span> <span class='ocrx_word' id='word_1_912' title='bbox 3203 5357 3347 5423; x_wconf 89' lang='lat' dir='ltr'><strong>apud</strong></span> <span class='ocrx_word' id='word_1_913' title='bbox 3388 5356 3601 5412; x_wconf 85' lang='lat' dir='ltr'><strong>Arabas</strong></span> 
     </span>
    </p>
   </div>
   <div class='ocr_carea' id='block_1_115' title="bbox 2035 5443 3603 5510">
    <p class='ocr_par' dir='ltr' id='par_1_115' title="bbox 2035 5443 3603 5510">
     <span class='ocr_line' id='line_1_115' title="bbox 2035 5443 3603 5510; baseline -0.004 -6"><span class='ocrx_word' id='word_1_914' title='bbox 2035 5461 2163 5505; x_wconf 90' lang='lat' dir='ltr'><strong>ante</strong></span> <span class='ocrx_word' id='word_1_915' title='bbox 2194 5449 2644 5510; x_wconf 81' lang='lat' dir='ltr'><strong>Muhammedem,</strong></span> <span class='ocrx_word' id='word_1_916' title='bbox 2675 5447 2784 5502; x_wconf 83' lang='lat' dir='ltr'><strong>into</strong></span> <span class='ocrx_word' id='word_1_917' title='bbox 2811 5445 2969 5499; x_wconf 90' lang='lat' dir='ltr'><strong>verba</strong></span> <span class='ocrx_word' id='word_1_918' title='bbox 2990 5444 3089 5498; x_wconf 88' lang='lat' dir='ltr'><strong>ista</strong></span> <span class='ocrx_word' id='word_1_919' title='bbox 3116 5443 3413 5501; x_wconf 86' lang='lat' dir='ltr'><strong>:CumDeo</strong></span> <span class='ocrx_word' id='word_1_920' title='bbox 3441 5445 3603 5499; x_wconf 86' lang='lat' dir='ltr'><strong>mise-</strong></span> 
     </span>
    </p>
   </div>
   <div class='ocr_carea' id='block_1_116' title="bbox 2035 5534 3600 5608">
    <p class='ocr_par' dir='ltr' id='par_1_116' title="bbox 2035 5534 3600 5608">
     <span class='ocr_line' id='line_1_116' title="bbox 2035 5534 3600 5608; baseline -0.004 -11"><span class='ocrx_word' id='word_1_921' title='bbox 2035 5552 2220 5597; x_wconf 88' lang='lat' dir='ltr'><strong>ratore</strong></span> <span class='ocrx_word' id='word_1_922' title='bbox 2268 5551 2324 5596; x_wconf 90' lang='lat' dir='ltr'><strong>et</strong></span> <span class='ocrx_word' id='word_1_923' title='bbox 2352 5538 2724 5605; x_wconf 86' lang='lat' dir='ltr'><strong>misericorde,</strong></span> <span class='ocrx_word' id='word_1_924' title='bbox 2758 5552 2878 5608; x_wconf 64' lang='lat' dir='ltr'><strong>quas</strong></span> <span class='ocrx_word' id='word_1_925' title='bbox 2906 5550 3001 5591; x_wconf 80' lang='lat' dir='ltr'><strong>vos</strong></span> <span class='ocrx_word' id='word_1_926' title='bbox 3047 5534 3405 5591; x_wconf 83' lang='lat' dir='ltr'><strong>Musulmanni</strong></span> <span class='ocrx_word' id='word_1_927' title='bbox 3461 5536 3600 5590; x_wconf 88' lang='lat' dir='ltr'><strong>libro</strong></span> 
     </span>
    </p>
   </div>
   <div class='ocr_carea' id='block_1_117' title="bbox 2036 5626 3600 5705">
    <p class='ocr_par' dir='ltr' id='par_1_117' title="bbox 2036 5626 3600 5705">
     <span class='ocr_line' id='line_1_117' title="bbox 2036 5626 3600 5705; baseline -0.004 -17"><span class='ocrx_word' id='word_1_928' title='bbox 2036 5642 2216 5690; x_wconf 81' lang='lat' dir='ltr'><strong>vestro</strong></span> <span class='ocrx_word' id='word_1_929' title='bbox 2240 5634 2443 5705; x_wconf 88' lang='lat' dir='ltr'><strong>scripto</strong></span> <span class='ocrx_word' id='word_1_930' title='bbox 2464 5632 2801 5689; x_wconf 77' lang='lat' dir='ltr'><strong>adhazreutes</strong></span> <span class='ocrx_word' id='word_1_931' title='bbox 2823 5628 3008 5686; x_wconf 85' lang='lat' dir='ltr'><strong>soletis</strong></span> <span class='ocrx_word' id='word_1_932' title='bbox 3030 5626 3223 5685; x_wconf 86' lang='lat' dir='ltr'><strong>vestris</strong></span> <span class='ocrx_word' id='word_1_933' title='bbox 3244 5628 3600 5686; x_wconf 66' lang='lat' dir='ltr'><strong>sectatoribus</strong></span> 
     </span>
    </p>
   </div>
  </div>
