3978 6238
452 281 608 358 1407,

1563 282 2140 348 'BARTHOLOMIEI
2178 282 2514 344 EDESSEN
2524 285 2549 343 Ι

3554 285 3692 348 1408

449 401 725 457 inculcare
751 411 805 456 et
835 401 1125 469 imperare,
1160 411 1214 456 et
1249 401 1410 456 istum
1451 400 1732 473 hymnum,
1787 413 1842 456 et
1867 402 2022 456 istam

2131 399 2184 452 δὲ
2209 400 2312 454 ’καὶ
2343 402 2730 472 ἀστρονομίαν,
2765 404 2860 457 καὶ
2900 401 3280 474 ψηφηφορίαν,
3331 401 3424 457 καὶ
3453 403 3689 472 στίχους,

448 493 822 562 psalmodiam,
852 501 907 546 et
931 493 1035 546 ista
1077 493 1238 546 verba
1271 508 1285 544 :
1318 492 1450 558 Quis
1481 503 1564 548 est
1601 494 1741 547 Deus
1765 507 2021 560 magnus,

447 593 580 646 etc.,
603 583 712 636 imo
743 595 795 635 et
815 584 1221 647 aetronomiam,
1251 589 1305 635 et
1326 582 1557 651 phaseos
1575 598 1667 636 seu
1701 584 2021 650 positionum

452 675 591 728 luna:
619 674 874 735 calculos,
899 685 954 728 et
1001 673 1374 744 epilogismos,
1405 685 1460 729 et
1502 675 1636 730 artis
1677 675 1896 728 medicae
1935 689 2025 728 sa-

449 766 728 833 pientiam,
753 777 806 819 et
838 780 1052 829 versus,
1086 776 1140 820 et
1185 767 1409 829 scholia,
1447 781 1540 820 seu
1595 766 2022 829 observationes,

391 917 394 926 ι
453 859 553 911 ista
582 859 761 911 omnia
798 856 1149 910 excoluerunt
1190 855 1394 912 Arabes
1439 856 1619 910 multis
1681 856 1838 909 annis
1875 868 2026 908 ante-

452 962 614 1016 quam
657 945 996 999 lllubatuuted
1027 947 1286 998 oriretur.
1318 943 1504 998 Omnis
1539 959 1667 998 vero
1707 960 1735 995 ιι
1791 943 2027 996 Multam-

451 1041 608 1092 mede
639 1039 946 1107 excogitata
975 1038 1262 1103 sapientia,
1294 1047 1347 1091 et
1368 1037 1682 1106 praedicatio
1727 1037 1778 1090 in
1803 1051 1867 1090 eo
1898 1051 2024 1090 con-

450 1131 596 1185 sistit
613 1140 669 1183 ut
686 1118 991 1199 proferatur
1013 1150 1024 1184 :
1049 1129 1387 1182 Mnhannned
1411 1138 1493 1182 est
1520 1127 1795 1197 apostolus
1813 1127 1937 1194 Dei;
1969 1137 2023 1181 tu

455 1238 561 1278 non
618 1234 769 1292 potes
827 1238 912 1276 me
966 1222 1234 1276 mendacii
1303 1218 1693 1289 arguereJioc
1754 1220 1900 1274 disce
1958 1219 2025 1273 ab

451 1317 680 1385 ipsumet
710 1315 1104 1369 Muhannnede.
1143 1332 1160 1363 ι
1193 1313 1247 1366 Si
1277 1314 1418 1381 quis,
1448 1311 1644 1380 inquit,
1671 1315 1771 1366 hoc
1796 1311 1953 1364 faciat
1973 1319 2026 1364 et

449 1410 796 1470 conﬁteatur,
833 1408 1042 1460 futurus
1067 1417 1150 1459 est
1201 1405 1437 1474 paradisi
1493 1404 1771 1468 incola,et
1817 1403 1859 1457 si
1904 1404 2025 1472 quis

450 1515 589 1568 aqua
626 1517 728 1554 non
759 1515 819 1554 se
844 1500 1234 1568 purificaverit,
1285 1513 1387 1550 non
1415 1499 1576 1550 debet
1604 1513 1667 1551 eo
1709 1498 2025 1551 temeritatis

451 1593 704 1646 devenire
729 1603 788 1644 ιιι
818 1608 976 1644 orare
1043 1605 1278 1658 ttttqttatn
1310 1588 1524 1650 audeat,
1567 1598 1619 1642 et
1663 1589 1707 1641 si
1748 1590 1869 1656 quis
1898 1604 2026 1641 con-

453 1685 766 1740 trectaverit
803 1697 855 1736 et
896 1684 1129 1750 tetigerit
1169 1695 1392 1734 uxorem
1449 1695 1624 1745 suam,
1661 1696 1763 1733 non
1818 1691 2022 1735 tantum

2130 492 2225 544 κιι¹ι
2256 491 2466 560 σχόλια,
2492 494 2587 545 καὶ
2620 493 2996 564 ίατροσοφίαν,
3034 492 3206 545 ταῦτα
3233 492 3413 545 πάντα
3447 491 3554 560 πρὸ
3597 488 3693 542 τῦῦ

2127 582 2428 653 Μουχάμετ
2451 583 2664 653 φανερὰ
2693 581 2834 654 ἦσαν
2858 584 2972 654 πρὸ
3001 584 3209 655 χρόνων
3238 583 3466 635 πολλῶν.
3494 581 3694 635 Λοιπόν

2124 673 2282 726 τοῦτο
2304 675 2398 727 τοῦ
2424 677 2727 746 Μουχάμετ
2755 679 2788 747 ἡ
2821 676 2980 744 σοφία
3017 676 3112 729 καὶ
3138 676 3171 744 ή
3215 673 3466 745 κήρυξις.
3519 672 3695 725 Τοῦτο

2127 767 2274 818 ἔστιν
2317 768 2378 820 τὸ
2418 771 2619 830 εἰπεῖν,
2648 773 2676 822 ὁ
2707 769 3004 838 Μουχάμετ
3054 766 3351 828 ἀπόστολος
3398 763 3553 817 Θεοῦ.
3618 764 3693 815 Οὐ

2125 857 2352 909 δύνασαι
2424 861 2597 911 ποιεῖν
2668 876 2735 929 με
2795 859 3058 929 ψεύστην.
3125 856 3384 910 Μάνθανε
3442 857 3551 909 ἀπὸ
3601 854 3697 906 τοῦ

2125 951 2424 1018 Μουχὰμετ
2465 952 2561 1002 καὶ
2589 952 2746 1004 τοῦτο
2768 953 2796 983 ·’
2820 970 2837 1001 ι
2871 952 2933 1003 Εἴ
2968 968 3050 1013 τις
3077 950 3252 1002 ταῦτα
3277 952 3424 1002 ποιεῖ
3447 947 3541 1000 καὶ
3569 948 3699 1017 ὁμο·

2125 1040 2296 1107 λογεῖ,
2330 1041 2479 1092 ἔστιν
2512 1039 2608 1092 τοῦ
2642 1041 2993 1112 παραδείσου.
3049 1042 3157 1092 Καὶ
3187 1041 3336 1103 ὅστις
3363 1041 3424 1092 οὐ
3463 1038 3698 1107 καθαρί-

2127 1131 2212 1194 ζει
2237 1131 2435 1183 ἑαυτὸν
2473 1133 2612 1200 μετὰ
2645 1131 2854 1194 ὓδατος,
2880 1132 2939 1183 οὺ
2970 1131 3146 1202 τολμᾷ
3171 1130 3430 1200 εὔχεσθαι
3451 1129 3697 1191 πώποτε,

2133 1225 2227 1276 καὶ
2262 1224 2290 1274 ό
2340 1222 2648 1290 συναφθεὶς
2683 1225 2749 1293 τῇ
2784 1222 3004 1292 συζύγῳ
3053 1221 3242 1284 αὑτοῦ,
3277 1223 3337 1274 οὐ
3390 1222 3551 1290 μόνον
3599 1220 3700 1290 τὴν

2127 1315 2394 1384 καθέδραν
2446 1315 2659 1375 πλύνει,
2712 1314 2826 1366 ἀλλ’
2883 1315 2989 1367 ἀπὸ
3052 1312 3304 1384 κορυφῆς
3355 1312 3459 1373 ἕως
3517 1310 3697 1362 ποδῶν

2127 1409 2380 1460 πλυνέτω
2408 1409 2547 1475 μετὰ
2572 1406 2763 1470 ὓδατος
2783 1424 2797 1439 ⁸
2855 1407 2948 1459 καὶ
2977 1406 3097 1458 τότε
3128 1405 3241 1475 ἔχει
3299 1404 3548 1469 ἐξουσίαν
3597 1401 3698 1454 τοῦ

2128 1497 2383 1568 εὔχεσθαι
2429 1499 2522 1550 καὶ
2575 1493 2714 1549 εἶναι
2759 1496 2854 1549 τοῦ
2882 1497 3235 1565 παραδείσου.
3273 1515 3291 1546 ι
3329 1496 3436 1548 Καὶ
3470 1495 3634 1547 πάλιν
3665 1495 3699 1561 ἡ

2126 1589 2361 1661 κήρυξις
2392 1587 2487 1639 τοῦ
2525 1587 2825 1657 Μουχάμετ
2852 1604 2945 1639 σου
2981 1587 3155 1649 οὕτως
3180 1587 3328 1639 ἐστίν
3349 1603 3364 1617 ο
3395 1604 3412 1636 ι
3460 1585 3586 1638 Ἐὰν
3626 1583 3702 1652 μὴ

2130 1682 2324 1751 εὑρεθῇ
2357 1680 2520 1750 ὕδωρ,
2547 1681 2668 1732 ἀντὶ
2695 1678 2790 1731 τοῦ
2823 1679 3012 1740 ὓδατος
3050 1678 3257 1748 ὀφείλει
3290 1674 3430 1730 εἶναι
3459 1676 3610 1748 χοῦς.
3651 1693 3670 1724 ι

451 1779 606 1832 debet
641 1778 1068 1840 fundamentum,
1097 1786 1152 1829 et
1187 1774 1430 1841 podicem
1485 1773 1686 1836 lavare,
1720 1774 1810 1826 sed
1861 1792 1888 1826 ιι
1922 1777 2098 1844 capite
2164 1779 2227 1828 ad
2260 1776 2461 1828 calcem
2511 1775 2668 1827 debet
2738 1783 2879 1826 totus
2936 1789 3074 1842 aqua
3103 1773 3293 1838 lavari,
3347 1781 3401 1825 et
3459 1783 3581 1823 tunc
3611 1769 3703 1835 jus

451 1873 687 1937 acquirit
719 1885 906 1938 preces
929 1868 1211 1942 fundendi,
1241 1877 1294 1919 et
1334 1865 1644 1934 paradisum
1686 1867 2036 1933 adipiscendi.
2073 1890 2088 1918 ι
2133 1867 2196 1920 Et
2239 1883 2423 1920 rursus
2487 1866 2588 1919 alia
2633 1877 2716 1919 est
2755 1865 3067 1934 praedicatio
3125 1864 3515 1918 llluhammedis
3566 1878 3693 1930 qua:

451 1967 531 2022 sic
568 1981 624 2018 se
666 1964 820 2017 habet
853 1981 864 2015 :
905 1981 923 2012 ι
957 1961 1059 2015 Ubi
1115 1960 1287 2013 deerit
1323 1973 1472 2024 aqum
1521 1959 1696 2026 copia,
1733 1959 1848 2012 loco
1884 1977 2034 2028 aquae
2075 1963 2232 2016 debet
2261 1962 2332 2014 uti
2376 1960 2594 2028 pulvere
2623 1976 2716 2013 seu
2749 1973 2907 2012 terra.
2941 1978 2958 2009 ι

523 2058 658 2110 Audi
687 2054 881 2124 quippe
907 2054 1194 2121 diligenter
1228 2066 1348 2102 enin
1382 2051 1469 2116 qui
1497 2061 1640 2103 recta
1689 2053 2027 2106 institutione
2061 2086 2101 2138 Β

450 2148 620 2204 voluit
643 2157 694 2200 te
718 2149 930 2200 docere.
950 2147 1004 2198 Si
1033 2147 1309 2212 contingat
1333 2148 1605 2200 teltaerere
1632 2145 1683 2198 itt
1703 2161 1892 2213 campo
1912 2145 2030 2198 titil-

455 2241 523 2294 lis
564 2241 715 2308 aquis
760 2239 982 2304 irriguo,
1027 2239 1106 2291 vel
1159 2239 1208 2290 in
1239 2250 1439 2300 monte,
1475 2238 1695 2291 omnino
1727 2252 1829 2289 non
1865 2236 2029 2291 habes

454 2331 764 2386 facultatem
789 2330 1000 2383 orandi.
1040 2328 1094 2382 Si
1119 2345 1250 2384 vero
1287 2347 1430 2384 mors
1476 2339 1525 2382 te
1553 2330 1839 2397 derepente
1860 2329 2030 2382 corri-

451 2424 580 2493 piat,
610 2421 763 2489 plane
788 2418 880 2472 tibi
905 2419 1230 2486 pereundum
1257 2432 1358 2484 ρει,
1382 2419 1481 2472 nisi
1515 2418 1854 2485 obtemperes
1873 2433 2027 2470 man-

451 2515 578 2566 dato
601 2511 869 2580 propheta:
891 2510 986 2573 ttti,
1010 2525 1116 2578 quo
1135 2511 1380 2564 concedit
1402 2520 1453 2563 et
1471 2511 1621 2577 jubet
1641 2518 1720 2574 ut,
1743 2509 2028 2564 delicientc

452 2616 613 2670 aqua,
641 2616 743 2668 qua
769 2598 939 2650 lavari
971 2599 1165 2667 possis,
1213 2600 1331 2652 vice
1357 2615 1505 2666 aqua:
1547 2600 1720 2667 possis
1754 2600 2024 2668 pulverem

453 2705 547 2744 seu
585 2700 782 2742 terram
815 2703 1098 2754 usurpare,
1137 2699 1190 2741 et
1220 2704 1284 2741 eo
1326 2688 1734 2741 fundamentum
1769 2702 2021 2756 purgare.

451 2781 568 2832 Jam
600 2795 750 2844 vero,
777 2794 809 2831 ο
829 2778 1098 2846 Agarcne,
1126 2778 1213 2830 die
1240 2779 1392 2843 tnilti,
1419 2793 1538 2831 cum
1565 2793 1725 2829 manu
1752 2779 2022 2843 pulverem

454 2869 737 2939 collegisti,
764 2876 819 2921 et
841 2883 998 2919 manu
1029 2868 1273 2936 podicem
1302 2867 1500 2920 trivisti
1527 2865 1898 2936 etdefricasti,
1923 2881 2023 2919 an—

457 2974 562 3014 non
588 2973 777 3012 manus
803 2957 856 3010 in
887 2957 978 3009 illo
1003 2957 1155 3024 quasi
1182 2956 1458 3008 volutatur
1478 2967 1534 3009 et.
1588 2955 1924 3023 inquinatur,
1969 2963 2022 3008 et

456 3060 638 3106 tamen
671 3063 701 3102 a
731 3059 820 3102 tuo
849 3046 1229 3102 Mtthammede
1269 3049 1534 3100 sancitum
1571 3056 1675 3111 est,
1714 3055 1768 3100 ut
1799 3055 2025 3116 purgato

456 3155 548 3199 tuo
589 3144 798 3211 podice,
828 3157 893 3196 os
932 3153 1105 3206 tuum,
1135 3151 1188 3197 et
1211 3143 1394 3197 vultus
1458 3153 1584 3197 tuus
1625 3143 1806 3197 statim
1856 3143 2022 3197 etiam

455 3235 828 3305 purilicentur.
857 3235 1001 3287 Adeo
1030 3244 1106 3299 ut,
1144 3237 1270 3286 trito
1299 3244 1354 3288 et
1384 3244 1612 3304 purgato
1643 3234 1831 3304 podice
1893 3243 2010 3304 tuo,

453 3343 576 3382 cuin
610 3341 768 3379 ntantt
792 3335 876 3377 ttta
909 3325 1108 3379 debeas
1135 3327 1317 3378 statim
1353 3327 1498 3379 illaut
1531 3329 1822 3381 admovere
1863 3327 1928 3382 ad
1956 3342 2019 3412 gs

2205 2055 2474 2107 Ἄκουσον
2505 2054 2613 2124 γὰρ
2648 2053 2893 2122 ἀκριϐῶς
2939 2053 3090 2122 παρὰ
3135 2051 3227 2104 τοῦ
3254 2051 3430 2121 ὀρθῶς
3463 2050 3706 2115 διδάξονο

2129 2147 2220 2209 τός
2249 2163 2308 2198 σε
2341 2161 2354 2175 ⁸
2397 2146 2570 2216 Εἴπερ
2629 2144 2947 2215 παρατύχῃς
2984 2145 3062 2206 είς
3115 2145 3334 2213 κάμπον
3386 2142 3637 2212 ἄνυδρον,
3670 2141 3704 2212 ἢ

2133 2239 2339 2308 βουνὸν,
2399 2239 2590 2292 λοιπὸν
2646 2238 2746 2290 οὐκ
2798 2236 2942 2306 ἔχεις
2975 2236 3225 2302 ἐξουσίαν
3277 2235 3372 2288 τοῦ
3416 2233 3701 2305 εὔχεσθαι.

2142 2328 2282 2380 Ἀλλ’
2315 2327 2410 2379 ἐὰν
2445 2327 2706 2396 ἐξαίφνης
2738 2326 2878 2398 λάϐῃ
2915 2343 2973 2377 σε
3008 2325 3256 2388 Θάνατος,
3289 2325 3505 2388 πάντως
3526 2324 3703 2377 ἀπόλ-

2128 2418 2289 2471 λυσαι
2320 2435 2334 2450 ·
2365 2418 2459 2470 καλ⁴
2491 2418 2586 2470 ἐὰν
2615 2417 2848 2487 ποιήσῃς
2882 2415 3022 2468 κατὰ
3045 2415 3144 2486 τὴν
3169 2413 3388 2484 ἐντολὴν
3423 2413 3516 2465 τοῦ
3563 2430 3706 2483 προ-

2130 2510 2300 2578 φήτου
2339 2525 2455 2567 σου,
2481 2508 2561 2560 ὅτι
2595 2509 2724 2559 ὅταν
2767 2507 2841 2575 μὴ
2873 2506 3124 2575 ξυρήσεις
3153 2503 3318 2572 ὕδωρ,
3357 2504 3443 2555 ἵνα
3472 2503 3701 2573 λουθῇς,

2129 2600 2258 2671 χοῦν
2290 2601 2411 2652 ἀντὶ
2462 2598 2556 2650 τοῦ
2603 2598 2794 2659 ὕδατος
2824 2597 3006 2649 λαϐὼν
3052 2597 3350 2665 καθάρισον
3402 2595 3701 2664 καθέδραν.

2131 2694 2197 2743 Ἀ
2210 2708 2292 2761 ρτι
2317 2690 2438 2742 εἰπέ
2473 2707 2586 2759 μοι,
2618 2683 2662 2742 ὦ
2705 2688 2996 2758 Ἀγαρηνὲ,
3023 2689 3150 2741 ὅταν
3176 2689 3400 2758 κρατεῖς
3426 2689 3517 2740 τὸν
3562 2687 3698 2757 χοῦν

2129 2783 2268 2852 μετὰ
2297 2782 2396 2850 τῆς
2426 2781 2606 2850 χειρός
2648 2798 2763 2844 σου,
2805 2782 2898 2831 καὶ
2919 2779 3115 2849 τρίψῃς
3166 2779 3264 2849 τὴν
3294 2777 3560 2845 καθέδραν
3599 2793 3697 2828 σου

2130 2875 2268 2944 μετὰ
2295 2873 2395 2940 τῆς
2434 2873 2616 2942 χειρός
2643 2889 2756 2934 σου,
2791 2873 3141 2939 συγκυλίεται
3171 2875 3235 2941 τῇ
3260 2871 3403 2942 χειρί
3431 2888 3546 2935 σου,
3599 2873 3700 2924 καὶ

2124 2966 2425 3034 Μουχάμετ
2457 2963 2597 3018 οὕτω
2649 2981 2729 3016 σοι
2771 2964 3167 3035 παραγγέλλει,
3204 2965 3286 3016 ὅτι
3343 2966 3472 3017 ὅταν
3523 2966 3705 3016 καθα-

2129 3055 2286 3125 ρίζῃς
2316 3056 2417 3126 τὴν
2439 3054 2710 3127 καθέδραν
2735 3073 2828 3108 σου
2864 3054 3128 3126 καθάριζε
3151 3055 3244 3108 καὶ
3276 3055 3336 3107 τὸ
3367 3059 3544 3125 στόμα
3577 3072 3702 3121 σου,

2125 3145 2300 3199 καὶτὸ
2335 3145 2624 3216 πρόσωπόν
2654 3162 2773 3200 σου.
2794 3146 3005 3216 Τρίψας
3032 3142 3124 3198 οὖν
3151 3145 3248 3215 τὴν
3290 3145 3560 3216 καθέδραν
3610 3164 3705 3198 σου

2130 3235 2270 3306 μετὰ
2298 3238 2397 3305 τῆς
2431 3237 2616 3305 χειρός
2646 3252 2764 3297 σου,
2793 3235 2988 3288 ἔπειτα
3036 3234 3127 3298 θές
3162 3236 3243 3296 εἰς
3275 3235 3337 3287 τὸ
3372 3235 3547 3303 στόμα
3583 3253 3703 3298 σου,

2131 3325 2235 3377 καὶ
2256 3326 2336 3387 εἰς
2365 3324 2426 3375 τὸ
2453 3324 2747 3395 πρόσωπόν
2779 3341 2870 3376 σου
2898 3341 2910 3352 ·
2943 3326 3036 3376 καὶ
3070 3323 3285 3392 μέλλεις
3315 3323 3538 3391 ποιῆσαι
3571 3323 3708 3374 ταῦ-

456 3427 606 3472 ιιιιιιιι
642 3427 697 3471 et
735 3417 928 3470 faciem
961 3426 1148 3480 tuam,
1178 3429 1230 3470 et
1281 3419 1484 3471 vicibus
1527 3411 1813 3486 quinquies
1868 3411 2023 3487 repe-

2131 3433 2191 3469 τα
2223 3415 2483 3479 πεντάκις
2513 3418 2578 3486 τῇ
2612 3416 2815 3486 ἡμέρᾳ.
2856 3417 2962 3466 Καὶ
2985 3417 3030 3466 εἰ
3057 3414 3224 3484 τύχῃς
3248 3415 3328 3478 εἰς
3351 3414 3582 3484 ἄνυδρον
3615 3415 3707 3467 τό-

459 3509 572 3562 titis
609 3508 710 3561 hoc
727 3507 954 3574 singulis
999 3507 1188 3562 diebus
1241 3507 1400 3561 debet
1430 3508 1635 3577 peragi.
1677 3509 1732 3560 Si
1782 3524 1910 3578 ergo
1945 3510 2024 3562 lo-

455 3600 836 3667 cum-aliquem
873 3599 959 3650 tibi
994 3614 1102 3650 non
1142 3599 1212 3650 sit
1259 3614 1395 3666 aqua
1431 3599 1523 3651 tibi
1571 3600 1852 3667 contingat
1903 3614 2027 3668 per-

454 3707 672 3760 agrare,
695 3702 749 3744 et
780 3692 1019 3757 quinque
1044 3690 1254 3743 vicibus
1287 3698 1429 3742 terra
1463 3699 1667 3742 tantum
1699 3690 2023 3764 purificcris,

453 3798 592 3851 quos
631 3782 830 3835 fetores
885 3783 1104 3833 debebis
1165 3782 1384 3834 naribus
1448 3781 1752 3845 admittere,
1806 3781 1913 3833 imo
1957 3781 2024 3833 ad

455 3871 754 3924 medullam
804 3869 1016 3936 usque?
1049 3868 1114 3922 Et
1165 3869 1322 3922 talem
1375 3871 1754 3923 suavissimum
1803 3871 2022 3923 odorem

455 3961 671 4015 exhalat
696 3961 980 4027 paradisus
1011 3959 1138 4024 iste,
1161 3969 1268 4012 tam
1297 3959 1487 4013 calidis
1518 3962 1654 4014 votis
1677 3976 1706 4012 a
1744 3971 1795 4014 te
1833 3975 2026 4029 exspe-

451 4063 631 4108 status
644 4063 697 4106 et
723 4052 1088 4106 desideratus.
1117 4052 1222 4104 Sed
1253 4051 1446 4106 iterum
1471 4051 1557 4104 dic
1581 4052 1734 4116 mihi,
1752 4054 1796 4105 si
1819 4053 2023 4106 haereas

410 4130 418 4137 ’
451 4147 506 4201 in
543 4148 824 4200 cacumine
860 4146 1058 4198 ntontis
1089 4145 1320 4213 alicujus
1360 4145 1647 4200 celsissimi
1695 4145 1785 4200 ubi
1817 4161 1918 4199 non
1953 4148 2024 4200 sit

450 4255 586 4307 aqua
609 4249 664 4292 et
693 4248 918 4303 terra,et
936 4247 987 4290 te
1015 4252 1159 4291 mors
1187 4238 1361 4291 subita
1397 4249 1450 4292 et
1478 4240 1753 4306 repentina
1779 4240 2019 4303 invadat,

450 4330 694 4391 omnino,
723 4345 756 4381 υ
803 4330 979 4391 atbee,
999 4331 1338 4397 pereundum
1371 4330 1474 4382 erit
1505 4330 1621 4392 tibi,
1648 4347 1769 4383 cum
1807 4332 1860 4383 in
1917 4331 2021 4384 isto

451 4425 592 4468 statu
623 4431 726 4466 non
751 4416 844 4466 tibi
880 4416 1210 4468 concedatur
1233 4415 1459 4470 facultas
1512 4418 1724 4480 orandi,
1750 4429 1805 4472 et
1856 4419 2022 4488 probe

451 4506 573 4559 novi
599 4505 741 4573 quod
766 4507 858 4574 qui
891 4520 993 4558 non
1022 4517 1164 4569 orat,
1193 4520 1294 4559 non
1348 4508 1540 4562 habeat
1568 4508 1735 4562 Deum
1763 4517 2017 4576 tanquam

449 4596 754 4666 portionem
799 4611 972 4649 suant.
1024 4597 1128 4650 Sed
1213 4613 1279 4650 ex
1338 4600 1666 4666 supradictis
1704 4611 1758 4652 et
1804 4602 2020 4668 scriptis

449 4691 661 4742 abunde
717 4687 813 4741 tibi
873 4688 1210 4741 inanifestavi
1265 4699 1315 4741 te
1354 4704 1544 4744 revera
1601 4706 1720 4746 esse
1774 4693 2014 4748 athenm.

2129 3525 2251 3572 πον,
2286 3507 2504 3568 καὶτὰς
2548 3507 2711 3558 πέντε
2753 3506 2926 3577 φορὰς
2985 3506 3121 3577 μετὰ
3160 3509 3254 3558 τοῦ
3304 3506 3428 3576 χοὸς
3461 3506 3706 3573 ὀφείλεις

2135 3598 2560 3668 καθαρισθῆναι,
2591 3599 2775 3650 πόσων
2803 3599 3055 3668 ῶρωμῶν
3085 3599 3301 3669 μέλλεις
3327 3600 3707 3669 όσφρανθῆναι

2131 3695 2190 3744 ἐν
2221 3695 2330 3753 τοῖς
2389 3693 2499 3761 ρισί
2534 3708 2626 3742 σου
2664 3693 2824 3760 μέχρι
2858 3691 2915 3743 δὲ
2951 3693 3044 3744 καὶ
3096 3690 3260 3744 αὑτοῦ
3318 3691 3409 3743 τοῦ
3443 3692 3653 3760 μυελοῦ
3689 3706 3704 3718 ·

2127 3785 2224 3836 καὶ
2269 3786 2410 3837 κατὰ
2449 3785 2547 3856 τὴν
2588 3785 2814 3836 εὐωδίαν
2852 3783 3056 3853 ταύτην
3095 3785 3247 3837 ἔσται
3286 3786 3502 3846 πάντως
3539 3787 3639 3837 καὶ
3679 3787 3707 3837 ὁ

2127 3875 2582 3944 προσδοκώμενός
2649 3892 2732 3927 σοι
2779 3876 3131 3946 παράδεισος.
3199 3877 3306 3927 Καὶ
3352 3877 3445 3927 ἐὰν
3501 3876 3703 3948 λάχῃς,

2123 3969 2247 4019 εἰπέ
2285 3984 2397 4036 μοι,
2440 3969 2519 4030 εἰς
2561 3967 2685 4037 ὅρος
2734 3967 2958 4038 ὑψηλὸν,
2995 3970 3050 4019 ἐν
3101 3963 3144 4035 ᾧ
3173 3968 3296 4019 οῦτε
3330 3969 3474 4036 ὓδωρ
3527 3970 3700 4032 ἐστὶν,

2123 4059 2251 4111 οἵτε
2283 4058 2432 4128 χοῦς,
2490 4059 2547 4110 τί
2594 4058 2810 4128 μέλλεις
2863 4059 3116 4128 ﬁatﬁat;
3173 4060 3436 4128 Ὀφείλεις
3480 4060 3704 4120 πάντως

2127 4147 2430 4200 ἀποθανεῖν
2475 4147 2744 4215 αἰφνιδίου
2785 4147 3044 4213 θανάτου,
3096 4148 3314 4212 πάντως
3364 4149 3700 4221 ἀπολέσθης,

2123 4241 2271 4307 ἇθεε,
2305 4243 2431 4296 ἄνευ
2484 4242 2649 4312 εὐχῆς
2674 4256 2690 4272 ⁸
2721 4239 2816 4295 οἶδ’
2843 4245 2923 4296 ὅτι
2947 4247 2974 4296 ὀ
3006 4244 3080 4315 μὴ
3137 4245 3426 4315 εὐχόμενος
3450 4245 3586 4298 Θεὸν
3603 4248 3703 4299 οὐκ

2125 4333 2238 4403 ἔχει
2283 4334 2469 4404 μέρος,
2527 4333 2620 4385 καὶ
2659 4333 2970 4404 ἔμπροσθεν
3031 4337 3416 4406 γεγραμμένον
3449 4336 3702 4407 ἐδήλωσά

2124 4443 2229 4488 σοι,
2261 4427 2339 4478 ὅτι
2369 4427 2526 4488 ἄθεος
2556 4421 2626 4480 εἷ.
2653 4426 2784 4478 Θεὸν
2827 4426 3018 4495 ἄλογον
3055 4427 3177 4497 δίχα
3230 4429 3390 4496 λόγου
3416 4429 3512 4481 καὶ
3539 4431 3703 4481 πνεύ-

2127 4533 2299 4586 ματος
2327 4517 2639 4586 λατρεύεις.
2685 4517 2849 4588 Ὁρᾷς
2870 4520 2969 4585 τὴν
3005 4519 3201 4587 σοφίαν
3220 4519 3385 4590 αὐτὴν
3414 4521 3697 4589 ἀνωφελῆ,

2125 4609 2224 4678 τὴν
2253 4608 2472 4678 διδαχὴν
2504 4611 2596 4661 καὶ
2635 4609 2731 4680 τὴν
2758 4609 2991 4679 κήρυξιν
3022 4609 3116 4662 τοῦ
3159 4611 3519 4680 Μουχάμετός
3557 4629 3655 4665 σου
3680 4653 3694 4676 ,

2127 4701 2244 4762 πῶς
2301 4702 2679 4770 σκοτεινοτέρα
2709 4702 2802 4753 καὶ
2841 4701 3006 4771 χάους
3036 4718 3050 4766 ;
3078 4702 3242 4754 Ὅθεν
3281 4704 3342 4755 οὐ
3393 4702 3701 4770 γινώσκετε

448 4782 616 4835 Deum
684 4781 881 4848 quippe
942 4780 1350 4846 irrationaletn,
1414 4783 1639 4838 rationis
1691 4795 1744 4838 ct
1799 4786 2019 4853 spiritus

2131 4791 2176 4842 τί
2213 4795 2363 4844 ἐστιν
2415 4794 2688 4862 ἁγιασμὸς
2725 4793 2902 4864 ψυχῆς
2939 4795 3034 4849 καὶ
3075 4795 3346 4866 σώματος,
3392 4795 3514 4850 οὐαὶ
3568 4797 3702 4867 ὑμῖν

448 4883 725 4940 extpertetn
761 4872 1061 4924 veneraris.
1105 4870 1257 4925 Unde
1286 4883 1440 4941 potes
1472 4876 1904 4930 animadvertere
1931 4893 2014 4930 sa-

2125 4882 2622 4955 βεϐορϐορωμὲνοι.

448 4971 732 5040 pientiam,
769 4969 1098 5031 doctrinam,
1128 4970 1568 5036 praedicationem
1602 4971 1996 5030 Mubamntedis
2035 4993 2256 5045 prorsus
2301 4996 2422 5034 esse
2486 4983 2754 5046 inutilem,
2816 4998 2975 5052 quam
3008 4985 3238 5038 obscura
3265 4987 3338 5038 sit
3364 4995 3418 5039 et
3457 4986 3702 5040 tenebris

449 5063 708 5124 involuta,
749 5076 910 5128 quam
961 5061 1186 5112 confusa
1229 5070 1280 5112 et
1343 5076 1549 5114 lliel'lllll
1596 5065 1796 5121 Chaos.
1858 5067 2008 5121 Unde
2050 5071 2105 5125 lit
2150 5084 2207 5125 nt
2271 5074 2530 5142 ignoretis
2562 5075 2736 5140 qualis
2769 5075 2841 5130 sit
2909 5091 3032 5131 vera
3080 5079 3437 5134 sanctificatio
3502 5085 3704 5136 anitnze

447 5161 503 5207 et
539 5152 800 5222 corporis.
834 5154 922 5210 Vae
954 5158 1128 5220 vobis,
1152 5174 1184 5211 ο
1214 5158 1524 5215 borboritac.

517 5246 740 5300 Ostendi
775 5249 869 5300 tibi
899 5249 1074 5316 qualis
1099 5251 1169 5303 sit
1197 5252 1376 5304 oratio
1413 5263 1526 5317 tua,
1561 5265 1616 5308 et
1658 5272 1722 5311 ex
1772 5258 2022 5312 doctrina

448 5346 540 5391 tua
574 5338 674 5392 hoc
723 5340 837 5406 ipse
872 5353 1027 5406 putes
1077 5341 1356 5410 colligere,
1398 5353 1454 5396 et
1503 5345 1847 5401 manifestavi
1907 5365 2023 5404 om-

447 5445 570 5482 nem
629 5437 776 5482 tuatn
809 5431 1196 5496 perditionem.
1224 5431 1291 5484 Et
1316 5447 1500 5487 rursus
1523 5436 2019 5508 tihieatndentper-

447 5522 705 5576 ditionem
747 5521 843 5574 tibi
873 5525 1256 5590 manifestabo,
1287 5537 1340 5580 et
1373 5528 1606 5592 ruinam,
1639 5543 1691 5582 et
1739 5531 2016 5584 interitum

447 5611 645 5664 anima:
682 5623 784 5666 tua:
840 5622 896 5666 et
951 5616 1193 5684 corporis
1247 5617 1426 5679 tui,et
1472 5620 1740 5685 quomodo
1797 5635 1898 5673 non
1938 5622 2017 5675 vis

447 5703 642 5757 salvari
675 5718 702 5757 a
735 5705 972 5771 peccatis
1024 5717 1079 5760 et
1114 5708 1435 5765 criminibus
1493 5727 1610 5779 qua:
1673 5715 2013 5780 perpetrasti.

2211 5159 2242 5184 ἰι

2204 5260 2443 5328 Ἐδειξᾱι.
2459 5279 2538 5314 σοι
2572 5263 2794 5325 πάντως
2828 5263 2881 5342 τί
2909 5267 3060 5318 ἐστιν
3091 5266 3223 5336 εὐχή
3253 5283 3369 5333 σου,
3404 5270 3500 5322 καὶ
3550 5266 3702 5332 οἶδας

2133 5352 2432 5422 δυνάμενος
2463 5355 2538 5423 τῷ
2570 5355 2803 5424 δόγματί
2839 5373 2953 5420 σου,
3006 5358 3099 5411 καὶ
3145 5361 3464 5430 ἐφανέρωσα
3514 5365 3704 5416 πᾶσαν

2127 5461 2220 5496 συυ
2255 5446 2354 5514 τὴν
2380 5445 2678 5499 ἀπώλειαν.
2734 5447 2843 5500 Καὶ
2879 5449 3041 5502 πάλιν
3091 5466 3172 5502 σοι
3230 5450 3404 5514 δεῖξαι
3457 5452 3566 5523 ἔχω
3598 5457 3702 5524 τὴν

2124 5535 2403 5588 ἀπώλειαν
2440 5552 2453 5566 ’
2492 5539 2588 5590 καὶ
2615 5538 2799 5604 πάλιν,
2832 5539 3001 5606 δεῖξαί
3039 5559 3119 5593 σοι
3170 5542 3275 5612 ἔχω
3331 5544 3421 5596 τὸν
3473 5545 3700 5618 ὄλεθρον

2125 5628 2220 5697 τῆς
2245 5629 2424 5698 ψυχῆς
2459 5647 2553 5682 σου
2580 5631 2675 5683 καὶ
2713 5631 2807 5685 τοῦ
2840 5632 3114 5703 σώματος,
3143 5635 3258 5698 πῶς
3289 5637 3349 5689 οὐ
3377 5635 3552 5701 θέλεις
3583 5656 3695 5692 σω-

2128 5719 2285 5787 θῆναι
2313 5722 2419 5773 ἀπὸ
2451 5723 2558 5776 τῶν
2587 5725 2877 5796 ἁμαρτιῶν
2909 5727 3029 5791 σοῦ,
3071 5721 3144 5780 ὧν
3177 5727 3437 5798 ἔπραξαςο
3473 5731 3699 5792 “in”;
