3978 6238
337 284 475 348 itos
1491 261 1887 348 .CONFUTA'I

2056 285 2417 346 AGARENI.
3444 291 3579 357 1410

285 380 296 391 ⁸
331 397 508 460 οὕτως
525 395 788 466 ἐκήρυξεν
817 396 844 449 6
875 395 1198 466 Μουχάμετ,
1223 394 1312 451 ἵνα
1337 396 1498 471 νίψῃς
1524 398 1632 452 ἀπὺ
1654 401 1887 471 κορυφῆς

2006 403 2139 457 Nam
2173 403 2263 456 tali
2283 402 2666 472 pradicatione
2698 411 2750 458 te
2774 405 2994 460 omnino
3020 405 3309 462 obstrinxit
3332 405 3578 463 Multam-

335 489 504 559 μέχρι
540 487 718 539 ποδῶν
740 485 837 539 σὺν
857 486 966 556 ὅλῳ
991 484 1072 556 τῷ
1096 485 1332 556 σώματι,
1361 489 1470 541 εἴτε
1495 489 1632 559 μετὰ
1655 490 1748 543 τοῦ
1779 489 1887 544 ὓδα·

2015 496 2156 559 med,
2189 503 2246 548 ut
2275 495 2525 548 nimirum
2553 504 2724 549 totum
2763 511 2960 565 corpus
2991 512 3018 550 a
3052 498 3253 553 vertice
3285 501 3350 554 ad
3387 503 3572 570 pedes,

329 601 443 647 τος,
485 583 593 636 εἴτε
630 582 767 653 μετὰ
799 581 893 634 τοῦ
928 581 1087 651 χοός;
1122 581 1232 632 K‘al
1269 576 1408 633 εἶναι
1446 580 1508 633 τὸ
1547 581 1708 652 χῶμα
1735 599 1907 653 μεμε-

329 674 604 746 τρημένον
653 675 789 744 μετὰ
841 672 1068 734 σκεύους
1130 671 1343 735 ἱκανοῦ,
1383 672 1469 724 ἵνα
1512 671 1587 741 μὴ
1633 673 1815 735 πλέον,

330 767 552 818 ἔλαττον
575 765 767 836 λάὸῃς.
816 765 951 817 Ἰδοὺ
986 762 1117 832 γοῦν
1153 763 1297 830 λέγω
1328 780 1412 815 σοι
1439 780 1454 796 ο
1486 761 1608 816 οὔτε
1636 765 1744 816 ἀπὸ
1776 763 1904 816 ὓδα-

326 874 421 919 τος
471 855 759 924 ἁγιάζεται
787 854 1020 924 ἡψυχὴ,
1046 853 1170 906 οὔτε
1229 853 1338 905 ἀπὸ
1380 853 1657 923 χώματος.
1705 855 1767 906 Ei
1805 854 1904 924 μὲν

328 941 421 998 οῦν
447 945 658 1012 λέγετε,
683 944 764 996 ὅτι
800 945 834 1010 ἡ
861 943 1005 1012 ψυχή
1037 943 1183 994 ἐστιν
1220 942 1520 1013 ἱερωμένη,
1551 945 1645 995 καὶ
1663 944 1762 995 οὐκ
1790 944 1902 1012 ἔχει

328 1040 518 1110 χρείαν
559 1041 639 1101 είς
668 1039 730 1090 τὸ
763 1038 945 1108 ἱεροῦν
980 1037 1153 1107 αὐτὴν
1197 1036 1322 1090 οὔτε
1353 1038 1459 1090 ἀπὸ
1511 1038 1724 1103 ὓδατος,
1780 1038 1901 1091 οῦτε

326 1131 435 1183 άπὸ
464 1129 716 1199 χώματος
745 1145 758 1159 ³
790 1127 945 1197 κάγὼ
984 1127 1125 1196 λέγω
1158 1145 1273 1190 σοι,
1303 1128 1385 1181 ὅτι
1416 1130 1449 1199 ἡ
1485 1127 1630 1198 ψυχὴ
1685 1128 1901 1181 ἑνοῦται

325 1221 403 1292 τῷ
433 1222 669 1292 σώματι.
696 1220 807 1273 Kal
832 1220 896 1272 σὺ
934 1221 1050 1282 πῶς
1096 1219 1300 1287 λέγεις,
1335 1220 1417 1273 ὅτι
1452 1221 1484 1289 ἡ
1545 1221 1692 1290 ψυχὴ
1739 1223 1900 1291 ἡγια-

336 1314 508 1383 σμένη
544 1313 692 1365 ἐστὶν
728 1312 834 1365 ἀπὸ
863 1310 956 1363 τοῦ
988 1311 1145 1376 Θεοῦ,
1175 1314 1269 1364 καὶ
1311 1312 1370 1364 τὸ
1401 1312 1577 1380 σῶμα,
1614 1312 1734 1364 ἐπεὶ
1771 1327 1898 1381 μια-

329 1409 418 1477 ρόν
446 1409 583 1469 ἐστι,
628 1407 733 1476 χρὴ
766 1403 1117 1476 καθεκάστην
1163 1405 1295 1458 αὐτὸ
1342 1405 1564 1458 πλύνειν
1613 1404 1754 1473 μετὰ
1800 1402 1894 1456 τοῦ

325 1495 516 1559 ὓδατος
550 1496 654 1562 ςΕἰ
687 1495 786 1565 μὲν
811 1494 992 1561 λέγεις
1038 1493 1121 1546 ὅτι
1160 1493 1246 1544 διὰ
1302 1493 1363 1544 τὸ
1413 1491 1685 1560 συμϐῆναι
1745 1489 1897 1560 αὑτῷ

327 1587 588 1657 μιασμὸν,
617 1584 729 1638 εἴτε
760 1585 817 1651 ἐξ
847 1584 1143 1662 ἁμαρτίας,
1174 1582 1285 1635 εἴτε
1315 1585 1376 1636 ἐκ
1403 1582 1696 1652 ρυπαρίας,
1737 1583 1898 1647 ἀναγ-

322 1679 478 1731 καῖόν
537 1680 684 1730 ἐστιν
734 1676 932 1730 πλῦναι
987 1676 1122 1728 αὐτὸ
1181 1677 1306 1728 καθ’
1342 1674 1552 1738 ὓδατος,
1603 1675 1696 1726 καὶ
1750 1671 1910 1724 οὕτω¹

2009 588 2152 641 laves
2181 601 2317 656 aqua
2341 587 2423 640 vcl
2460 587 2696 656 pulvere.
2733 588 2846 642 lmo
2897 591 3170 659 pulverem
3225 608 3318 646 seu
3373 602 3573 648 terram

2008 679 2206 731 debere
2279 693 2400 731 cum
2451 693 2701 732 mensura
2771 680 3014 736 adhiberi
3069 683 3289 737 vasculo
3336 687 3572 753 quodam

2007 781 2154 837 apto,
2189 778 2241 820 et
2266 769 2331 821 ad
2357 771 2711 824 munusistud
2737 773 3059 840 composito,
3091 789 3157 828 ne
3211 776 3330 842 plus
3358 775 3438 828 vel
3473 776 3572 827 mi-

2007 873 2293 927 nusquam
2345 873 2440 926 par
2465 859 2559 920 sit,
2589 859 2914 914 adhibeatur
2963 873 3014 914 et
3052 861 3390 917 infundatur.
3450 861 3569 916 .laut

2005 965 2133 1002 vero
2170 950 2262 1002 tibi
2295 947 2415 1003 dico
2443 966 2541 1003 nec
2569 951 2635 1004 ab
2680 966 2817 1019 aqua
2842 967 2939 1005 nec
2965 968 2994 1006 a
3029 954 3268 1022 pulvere,
3306 969 3397 1008 seu
3431 962 3571 1010 terra

2003 1051 2180 1108 potest
2202 1041 2412 1093 sanatio
2441 1041 2634 1094 anith
2694 1043 2993 1097 conciliari.
3027 1044 3177 1109 Quod
3216 1046 3260 1098 si
3309 1049 3571 1114 regeratis

2004 1132 2238 1183 animam
2266 1145 2389 1185 esse
2415 1142 2682 1197 sanctam,
2715 1149 2812 1186 nec
2858 1134 2930 1186 illi
2996 1151 3130 1202 opus
3162 1151 3279 1189 esse
3311 1145 3370 1190 ut
3433 1151 3570 1204 aqua

2001 1225 2083 1276 vel
2121 1223 2338 1290 pulvere
2382 1224 2776 1288 sanctilicetur,
2822 1241 2919 1293 ego
2963 1240 3089 1278 vero
3149 1227 3292 1281 insto
3348 1238 3403 1281 et
3449 1229 3571 1281 dico

1999 1313 2231 1365 animam
2265 1314 2468 1366 unitam
2511 1329 2629 1366 esse
2653 1319 2886 1384 corpori.
2921 1315 2998 1369 Tu
3023 1333 3150 1371 vero
3176 1321 3446 1385 quomodo
3479 1336 3568 1372 as-

1997 1405 2136 1457 seris
2161 1405 2396 1457 animam
2434 1420 2461 1456 a
2496 1404 2606 1458 Deo
2644 1408 2996 1468 sanctilicari,
3035 1423 3234 1477 corpus
3267 1425 3394 1464 vero
3439 1428 3561 1463 eum

1996 1505 2080 1547 est
2103 1496 2524 1546 contaminatum
2561 1496 2758 1549 debere
2788 1498 3015 1566 singulis
3061 1498 3245 1552 diebus
3302 1515 3439 1568 aqua
3486 1500 3560 1551 la-

1997 1587 2179 1639 variet
2210 1586 2475 1653 purgari?
2516 1587 2570 1638 Si
2610 1601 2822 1656 regeras
2876 1589 2994 1641 ideo
3039 1591 3139 1643 hoc
3187 1588 3300 1642 ﬁeri
3349 1600 3568 1658 propter

1996 1677 2513 1730 contaminationem
2545 1691 2611 1730 ex
2666 1690 2885 1745 peccato
2916 1679 2998 1733 vel
3053 1696 3117 1733 ex
3179 1681 3449 1746 sordibus,
3500 1697 3565 1736 ac

326 1768 604 1838 εὔχεσθαι.
635 1765 804 1834 Κάγὼ
832 1767 994 1835 λέγω,
1020 1767 1102 1820 ὅτι
1131 1768 1164 1837 ἡ
1212 1768 1380 1836 ψυχὴ,
1416 1767 1509 1818 καὶ
1544 1765 1605 1817 τὸ
1643 1763 1804 1833 σῶμα
1833 1762 1887 1815 ἓν

1998 1771 2224 1838 proinde
2256 1785 2392 1838 opus
2425 1785 2545 1824 esse
2567 1782 2624 1822 ιιι
2661 1787 2795 1839 aqua
2820 1783 3096 1841 purgetur,
3133 1785 3187 1827 et
3225 1782 3405 1840 postea
3439 1789 3562 1825 ora-

321 1865 500 1914 ἐστιψ
533 1861 628 1915 καὶ
666 1860 775 1912 τῶν
811 1859 903 1912 δύο
938 1860 1086 1912 ἐστὶν
1142 1859 1250 1912 άπδ
1279 1858 1373 1910 τοῦ
1408 1857 1542 1909 Θεοῦ
1599 1855 1888 1924 ἁγιασμὸς,

319 1957 421 2023 τῆς
449 1955 647 2023 ψυχῆς,
685 1953 782 2006 καὶ
809 1952 904 2004 τοῦ
961 1952 1237 2020 σώματος,
1267 1950 1455 2019 ὥσπερ
1505 1949 1601 2000 καὶ
1657 1949 1752 2000 ἐπὶ
1794 1946 1888 1998 τοῦ

322 2042 563 2112 μιασμοῦ
610 2043 897 2112 ἀμφότερα
947 2043 1281 2110 τυγχάνουσι
1341 2040 1569 2110 μέτοχα.
1621 2039 1732 2090 Kal
1778 2039 1888 2089 πᾶν

321 2138 464 2210 ἱερὸν
495 2139 689 2207 μιαρὸν
714 2137 773 2189 οὐ
824 2136 1033 2204 γίνεται
1073 2136 1318 2202 πώποτε,
1353 2136 1554 2204 μᾶλλον
1581 2135 1640 2187 τὸ
1687 2133 1884 2204 μιαρὸν

316 2229 612 2294 ἁγιάζεται
673 2230 766 2282 καὶ
803 2228 1063 2298 ἱεροῦται.
1099 2229 1210 2280 Kal
1245 2227 1338 2280 ἐὰν
1369 2227 1430 2280 τὺ
1466 2226 1608 2296 ἱερὸν
1662 2227 1884 2295 μιανθῇ,

313 2321 413 2390 οὐχ
443 2320 727 2386 ἁγιάζεται
752 2321 901 2390 παρὰ
945 2317 1040 2372 τοῦ
1072 2318 1260 2381 ὕδατος
1285 2317 1525 2372 πώποτε·
1577 2314 1742 2388 Ὁρᾷς
1786 2316 1886 2369 ἀεὶ

317 2407 436 2469 πῶς
467 2424 535 2458 πε
544 2407 717 2476 πλάνη
726 2424 840 2460 σαι.

2001 1859 2129 1912 tioui
2163 1868 2417 1923 vacetur;
2450 1874 2547 1927 ego
2573 1859 2733 1910 etiam
2767 1875 2934 1926 arguo
2965 1868 3022 1912 et
3067 1861 3188 1913 dico
3231 1863 3466 1914 animam
3506 1871 3561 1915 et

1996 1962 2192 2014 corpus
2245 1961 2408 1998 unum
2441 1959 2496 1999 et
2531 1947 2668 1998 idem
2692 1962 2810 2000 esse
2841 1950 3014 2014 quoad
3040 1949 3556 2012 sanctiﬁcatioaem,

1994 2049 2046 2090 et
2071 2047 2357 2104 utrmuqne
2382 2051 2409 2088 a
2446 2036 2554 2090 Deo
2582 2038 2798 2106 purgari
2827 2047 2881 2089 et
2907 2039 3260 2101 sanctilicari,
3292 2041 3550 2092 nimirum

1992 2127 2222 2180 animam
2251 2138 2305 2180 et
2332 2142 2546 2193 corpus,
2574 2143 2693 2180 cum
2739 2128 2896 2180 ambo
2945 2129 3168 2182 maculis
3214 2141 3267 2183 et
3312 2130 3561 2183 sordibus

1993 2223 2102 2275 sint
2163 2221 2471 2290 participes.
2504 2220 2569 2274 Et
2619 2235 2780 2274 omne
2828 2230 3076 2274 sanctum
3127 2221 3552 2273 contaminatum

1997 2329 2100 2366 non
2127 2313 2327 2375 evadit,
2360 2312 2452 2364 sed
2489 2311 2631 2378 quod
2662 2320 2746 2364 est
2785 2313 3127 2379 inquinatum
3183 2312 3555 2366 sanctiﬁcatur

1994 2413 2044 2454 ct
2080 2413 2358 2470 purgatur.
2393 2402 2455 2453 Et
2491 2401 2533 2454 si
2573 2416 2657 2453 res
2690 2401 2873 2467 aliqua
2899 2414 3086 2456 sancta
3119 2403 3255 2458 forte
3284 2404 3554 2458 contami-

317 2511 497 2563 netur,
532 2501 582 2552 vi
611 2509 663 2552 et
691 2513 846 2568 aqua!
869 2497 1109 2552 subsidio
1173 2512 1447 2564 nunquam
1500 2497 1698 2565 poterit
1746 2479 2095 2549 sanctificari.
2163 2492 2322 2546 Vides
2380 2493 2492 2561 jam
2564 2497 2832 2561 quomodo
2873 2509 2901 2546 ο
2952 2495 3196 2550 veritatis
3252 2504 3398 2550 recto
3449 2507 3556 2548 tra-

317 2591 445 2643 mite
466 2589 714 2644 deﬂectas
746 2598 800 2644 et
828 2588 1086 2642 declines.

387 2683 556 2735 Πάλιν
573 2681 630 2734 δὲ
650 2683 771 2734 είπὲ
814 2697 928 2749 μοι,
957 2679 1122 2733 πόθεν
1151 2679 1212 2733 τὸ
1234 2679 1538 2751 Κουράνιόν
1569 2695 1662 2732 σου
1703 2678 1886 2747 λέγεις

315 2768 461 2828 εἶναι
485 2773 661 2841 Λόγον
690 2771 848 2834 Θεοῦ,
880 2772 1130 2837 ἐλθόντα,
1159 2772 1253 2824 καὶ
1283 2772 1343 2824 οὐ
1375 2769 1670 2842 ποιηθέντα
1697 2787 1711 2836 ;
1746 2769 1888 2838 Ἐγὼ

316 2866 413 2919 τὸν
461 2864 634 2932 Λόγον
665 2863 760 2917 τοῦ
791 2863 925 2916 Θεοῦ
958 2863 1072 2932 φῶς
1110 2865 1175 2916 ὲκ
1234 2863 1414 2932 φωτὸς
1455 2862 1731 2929 γινώσκω.
1775 2861 1887 2914 Kal

317 2958 436 3020 πῶς
457 2956 643 3028 ήνώθη
673 2957 705 3027 ὴ
757 2956 999 3025 ἄληπτος
1034 2954 1126 3006 καὶ
1180 2953 1324 3023 ἁπλῆ
1360 2952 1520 3021 φύσις
1554 2952 1633 3022 τῷ
1693 2952 1882 3021 βιῦλίῳ

2059 2678 2268 2731 Rursus
2322 2691 2450 2730 vero
2495 2675 2584 2731 die
2631 2675 2763 2731 mihi
2806 2692 2975 2746 quare
3019 2679 3220 2734 asseris
3276 2679 3548 2737 Coranum

1989 2775 2144 2820 tuum
2175 2781 2295 2820 esse
2333 2763 2568 2822 Verbum
2597 2763 2690 2818 Dei
2744 2780 2848 2818 non
2878 2766 3100 2832 factum,
3142 2776 3198 2822 et
3240 2772 3380 2837 quod
3409 2773 3555 2828 venit

1990 2872 2019 2909 e
2057 2856 2214 2910 coelo.
2243 2855 2356 2924 Ego
2387 2854 2510 2908 novi
2534 2863 2741 2908 tantmn
2770 2854 3002 2910 Verbum
3042 2857 3135 2912 Dei
3165 2861 3304 2927 quod
3335 2869 3423 2916 est
3470 2864 3554 2918 lu-

1997 2962 2116 3000 men
2143 2961 2210 3000 ex
2245 2945 2465 2999 lumine.
2502 2945 2565 2998 Et
2596 2950 2864 3014 quomodo
2890 2948 3030 3002 uniri
3093 2960 3275 3018 posset
3323 2953 3553 3021 simplex

317 3064 410 3100 σου
438 3065 452 3113 ;
498 3047 562 3099 Ἦ
589 3045 892 3114 λεπτοτάτη
927 3045 1004 3114 τῷ
1036 3042 1246 3096 τοιοῦτο
1283 3043 1456 3111 πάχος
1493 3041 1688 3111 ἔχωντι,
1740 3040 1887 3103 ἐξαι-

1998 3047 2060 3090 et-
2098 3038 2660 3106 incoinprebensibilis
2712 3046 2901 3092 natura
2951 3055 3072 3094 cum
3123 3043 3261 3098 libro
3322 3055 3429 3111 tuo,
3473 3056 3554 3102 te-

318 3137 489 3209 ρέτως
510 3137 590 3205 τῷ
615 3137 860 3207 τομαρίῳ
891 3136 968 3205 τῷ
1001 3132 1522 3203 καταπεπατημένῳ
1545 3133 1650 3184 ὑπὸ
1681 3130 1884 3200 χοῖκῶν

317 3227 514 3292 ποδῶν,
536 3229 630 3280 καὶ
665 3227 813 3297 ἔργῳ
841 3225 1040 3296 χειρῶν
1067 3223 1393 3294 ἀνθρώπων.
1427 3223 1598 3274 Πόθεν
1620 3217 1715 3274 οὖν
1747 3223 1883 3273 ἁπο-

316 3320 506 3382 καλείς
537 3319 709 3386 Λόγον
733 3316 868 3370 Θεοῦ
900 3317 1062 3369 αὐτὸν
1085 3314 1338 3378 ἐλθόντα,
1361 3315 1453 3366 καὶ
1471 3313 1532 3364 οὐ
1558 3312 1880 3382 ποιηθέντα;

316 3412 388 3464 Τὸ
416 3412 473 3462 δὲ
496 3409 652 3479 σῶμα
682 3407 774 3461 τοῦ
799 3405 1034 3480 Χριστοῦ
1079 3423 1180 3476 μου
1239 3406 1337 3456 οὑκ
1383 3405 1496 3456 ἔστι
1535 3404 1745 3472 ποίημα
1785 3404 1879 3455 ἀνα·

240 3521 247 3527 ·
319 3502 560 3573 θρώπου,
590 3501 684 3553 καὶ
732 3499 1128 3567 καταπάτημα.
1178 3497 1303 3559 Πῶς
1354 3492 1446 3548 οὖν
1480 3495 1541 3546 οὐ
1601 3495 1882 3566 παραδέχῃ

322 3615 387 3666 με
421 3597 675 3663 λέγοντα,
698 3595 726 3647 6
763 3593 937 3660 Λόγος
976 3592 1070 3643 τοῦ
1104 3589 1239 3642 Θεοῦ
1269 3587 1448 3658 ἡνώθη
1473 3590 1539 3657 τῇ
1567 3587 1752 3657 σαρκὶ,
1789 3586 1883 3639 καὶ

315 3688 460 3741 ἔστιν
483 3685 784 3758 γεννηθεὶς,
816 3686 910 3737 καὶ
952 3685 1012 3736 οὐ
1055 3681 1344 3748 ποιηθείς;
1389 3680 1517 3732 Ἐὰν
1583 3680 1644 3731 τὸ
1680 3677 1881 3748 βιϐλίον

317 3797 409 3833 σου
436 3779 760 3850 ῥιπτόμενον
811 3777 889 3838 είς
916 3775 974 3826 τὸ
1018 3773 1112 3827 καὶ
1154 3771 1333 3840 ἑαυτῷ
1396 3771 1661 3841 βοηθῆσαι
1697 3771 1755 3823 οὐ
1785 3769 1880 3822 δύ-

315 3890 491 3932 ναται,
526 3871 645 3932 πῶς
685 3869 817 3922 αὐτὸ
853 3869 1024 3934 Λόγον
1059 3864 1196 3918 Θεοῦ
1241 3865 1452 3935 καλέσῃ
1484 3879 1603 3927 τις;
1639 3861 1747 3914 Kal
1785 3861 1880 3914 ἐὰν

314 3967 341 4017 6
373 3963 576 4032 Κύριος
603 3961 796 4014 ἑαυτὸν
823 3961 888 4013 ἐκ
939 3958 1051 4011 τῶν
1097 3956 1370 4010 Ἰουδαίων
1423 3953 1738 4016 διεσώσατο,
1786 3953 1880 4004 καὶ¹

313 4057 392 4117 εἰς
438 4056 505 4107 τὰ
567 4053 794 4122 οὐράνια
851 4051 1130 4102 κατοικεῖν
1181 4043 1500 4114 ἀνελήλυθε,
1549 4043 1664 4105 πῶς
1719 4042 1880 4094 αὑτὸν

312 4147 442 4198 Θεὸν
474 4144 646 4211 Λόγον
679 4143 739 4194 οὐ
765 4140 930 4193 καλοῦ
943 4155 1070 4209 μεν;
1107 4138 1217 4190 Kal
1239 4136 1332 4187 ἐὰν
1353 4135 1552 4202 λέγεις,
1577 4133 1680 4183 Τὸν
1707 4132 1878 4198 Λόγον

311 4237 404 4291 τοῦ
441 4235 577 4288 Θεοῦ
611 4236 673 4286 οὑ
706 4233 984 4302 δυνάμεθα
1010 4232 1254 4299 κρατεῖν,
1284 4228 1380 4280 καὶ
1413 4225 1624 4293 νοῆσαι,
1663 4225 1755 4274 καὶ
1784 4239 1880 4290 μα-

314 4329 425 4380 θεῖν
446 4327 536 4379 διὰ
569 4326 633 4377 τὸ
669 4327 846 4393 πάχος
879 4322 972 4375 τοῦ
1019 4320 1228 4388 βιϐλίου
1255 4334 1269 4349 ⁸
1310 4315 1427 4376 πῶς
1485 4314 1546 4366 οὗ
1597 4312 1878 4381 παραδέχῖὶ

1987 3129 2246 3182 uuissima
2277 3137 2331 3181 et
2353 3127 2705 3180 subtilissima
2732 3130 2968 3182 essentia
3004 3146 3126 3184 cum
3161 3147 3219 3185 re
3264 3134 3385 3187 talis
3427 3137 3554 3189 den-

1985 3218 2160 3273 sitatis
2187 3227 2240 3270 et
2265 3217 2551 3279 crassitiei,
2578 3232 2698 3270 cum
2729 3226 2819 3270 tuo
2842 3219 3092 3273 nimirum
3121 3223 3393 3278 volumine
3409 3227 3550 3293 quod

1983 3325 2124 3379 saepe
2155 3310 2381 3377 pedibus
2423 3310 2685 3373 calcatur,
2722 3311 2937 3378 etquod
2995 3323 3078 3366 est
3102 3328 3238 3381 opus
3295 3331 3550 3370 manuum

1986 3401 2380 3456 humanarum?
2411 3400 2526 3466 Qua
2565 3402 2775 3455 ratione
2801 3417 2929 3471 ergo
2953 3403 3078 3457 illud
3117 3419 3281 3460 vocas
3318 3405 3550 3462 Verbum

1984 3491 2075 3546 Dei
2107 3493 2250 3560 quod
2284 3506 2387 3544 non
2412 3500 2495 3544 est
2524 3491 2724 3544 factum
2753 3502 2805 3544 et
2857 3495 2998 3561 quod
3055 3497 3200 3549 venit.
3249 3513 3314 3550 ex
3377 3500 3552 3553 coelo?

1981 3582 2190 3653 Corpus
2217 3598 2343 3637 vero
2405 3583 2605 3637 Christi
2667 3585 2770 3638 mei
2811 3601 2912 3637 non
2974 3595 3057 3639 est
3107 3596 3242 3655 opus
3293 3589 3549 3657 hominis,

1983 3690 2081 3728 nec
2109 3687 2196 3728 res
2228 3688 2349 3743 quae
2401 3675 2571 3742 possit
2632 3675 2846 3728 calcari.
2881 3676 3062 3741 Quare
3102 3691 3230 3746 ergo
3297 3697 3380 3734 me
3443 3698 3547 3734 non

1983 3766 2182 3820 toleras
2212 3776 2264 3819 et
2321 3767 2517 3835 probas
2563 3782 2684 3820 cum
2734 3782 2920 3821 assero
2956 3768 3190 3822 Verbum
3247 3770 3343 3826 Dei
3401 3775 3548 3827 carni

1981 3871 2101 3912 esse
2141 3857 2346 3910 unitum
2376 3867 2429 3910 et
2460 3857 2586 3910 illud
2614 3873 2734 3910 esse
2757 3872 3098 3928 generatum,
3135 3878 3238 3914 non
3275 3877 3400 3918 vero
3473 3866 3552 3918 la-

1981 3958 2130 4002 etum
2157 3958 2247 4000 aut
2279 3947 2568 4000 creatum?
2609 3947 2665 4001 Si
2698 3949 2835 4002 liber
2872 3961 2992 4003 tuus
3027 3951 3340 4020 projiciatur
3372 3956 3422 4005 in
3453 3969 3551 4020 pu-

1983 4049 2148 4104 teum,
2167 4037 2245 4091 vel
2265 4038 2427 4090 alium
2444 4037 2674 4106 aliquem
2694 4038 2866 4091 locum
2884 4040 2968 4092 ubi
2991 4057 3094 4092 non
3116 4039 3285 4108 possit
3301 4059 3356 4095 se
3372 4045 3546 4110 ipsum

1975 4128 2166 4194 juvare
2190 4137 2241 4180 et
2281 4130 2347 4179 ab
2381 4127 2484 4179 isto
2542 4127 2856 4181 discrimine
2910 4143 2967 4183 se
2994 4125 3244 4196 liberare,
3278 4134 3547 4201 quomodo

1983 4231 2034 4272 tu
2063 4229 2213 4288 potes
2247 4219 2394 4271 illum
2429 4214 2647 4270 nomine
2690 4216 2849 4272 Verbi
2895 4218 2988 4272 Dei
3041 4222 3359 4289 designare?
3390 4225 3452 4276 Et
3501 4227 3545 4278 si

1983 4310 2238 4363 Dominus
2308 4315 2494 4361 noster
2552 4307 2796 4375 seipsum
2836 4323 2864 4360 a
2904 4308 3084 4362 furore
3133 4309 3438 4367 Judteorum
3480 4315 3547 4368 li-

316 4437 404 4490 μοι
425 4419 514 4470 διὰ
539 4417 831 4487 μαρτύρων
859 4411 1069 4465 πολλῶν
1086 4452 1098 4472 ,
1116 4411 1198 4463 ὃτι
1221 4412 1249 4461 6
1271 4409 1438 4475 Λόγος
1465 4406 1557 4458 τοῦ
1577 4404 1712 4456 Θεοῦ
1747 4402 1880 4475 ἡνώ⁴

1990 4399 2210 4463 beravit,
2241 4407 2295 4452 et
2319 4399 2487 4453 caelos
2520 4413 2688 4466 usque
2721 4400 2981 4467 pervenit,
3014 4413 3069 4454 ut
3097 4403 3165 4455 ibi
3225 4407 3379 4459 sedes
3420 4422 3546 4461 suas

312 4513 377 4582 θη
412 4514 479 4581 τῇ
516 4509 701 4579 σαρκὶ,
750 4508 843 4559 καὶ
885 4505 998 4590 ἔστι
1038 4501 1342 4570 γεννηθεὶς,
1382 4500 1474 4552 καὶ
1501 4497 1562 4549 οὑ
1597 4494 1872 4564 ποιηθείς;

314 4607 424 4660 Kal
457 4602 602 4656 οὕτω
631 4602 725 4654 καὶ
752 4602 911 4670 ἡμεῖς
947 4587 1182 4666 εὕρομεν
1225 4594 1283 4644 ὲν
1309 4591 1386 4660 τῷ
1425 4589 1590 4658 πάχει
1616 4587 1714 4655 τῆς
1747 4601 1876 4654 σαρ-

314 4697 408 4758 κὸς
437 4694 499 4747 τὸ
546 4691 709 4745 ἄῡλον
737 4690 830 4742 καὶ
864 4687 1060 4740 λεπτὸν
1094 4683 1189 4737 τοῦ
1214 4682 1372 4746 Θεοῦ,
1401 4680 1493 4733 καὶ
1531 4679 1744 4748 εἴδομεν
1776 4674 1874 4744 τὴν

312 4786 470 4850 δόξαν
498 4782 686 4844 αὑτοῦ,
726 4782 881 4844 δόξαν
909 4775 1202 4848 προφανῶς
1231 4775 1405 4841 Λόγου
1436 4771 1593 4824 Θεοῦ.

1985 4490 2174 4558 ﬁgeret
2215 4499 2271 4544 et
2330 4490 2643 4552 collocaret,
2681 4491 2948 4558 quomodo
2983 4493 3217 4548 Verbum
3251 4495 3344 4549 Dei
3399 4498 3546 4552 illum

1984 4596 2086 4635 non
2121 4581 2475 4634 vocaremus?
2503 4580 2654 4646 Quod
2715 4581 2758 4634 si
2804 4583 2988 4635 dicas:
3033 4584 3261 4639 Verbum
3319 4588 3407 4642 Dei
3443 4605 3546 4643 nou

1985 4687 2271 4740 possumus
2296 4671 2755 4733 comprehendere
2786 4688 2888 4726 nec
2921 4679 3220 4742 percipere,
3247 4693 3345 4731 nec
3364 4679 3540 4732 anim-

1986 4766 2268 4818 advertere
2295 4763 2394 4817 nisi
2430 4778 2524 4832 per
2556 4765 2881 4819 crassitiem-
2911 4778 2964 4819 et
3013 4770 3340 4836 opacitatem
3385 4769 3542 4835 libri,

314 4892 482 4949 quare
508 4875 833 4930 sententiam
868 4885 1039 4924 meum
1071 4884 1176 4921 non
1237 4866 1479 4920 admittis
1544 4864 1707 4918 variis
1767 4859 2094 4916 testimoniis
2143 4859 2474 4922 roboratam,
2541 4872 2645 4925 qua
2676 4872 2868 4912 assero
2939 4859 3173 4914 Verbum
3208 4861 3300 4913 Dei
3338 4864 3544 4914 unitum

315 4979 432 5024 esse
455 4968 608 5023 carni
641 4978 695 5020 et
721 4965 962 5035 genitum
1013 4976 1156 5024 esse,
1212 4975 1317 5012 non
1347 4972 1471 5011 vero
1503 4956 1790 5010 creatum?
1819 4956 1881 5008 Et
1923 4955 2021 5008 ista
2059 4953 2267 5004 ratione
2336 4951 2640 5004 invenimus
2698 4953 2748 5003 in
2784 4955 3028 5007 crassitie
3059 4964 3111 5006 et
3137 4954 3395 5016 densitate
3425 4970 3546 5008 car-
3601 4981 3604 4984 -

316 5068 397 5119 nis
438 5062 848 5118 immaterialem
911 5069 967 5112 et
1027 5055 1435 5111 subtilissimam
1511 5053 1873 5107 substantiam
1916 5050 2104 5114 Dei,et
2127 5049 2372 5102 novimus
2429 5047 2571 5103 illius
2640 5048 3170 5116 gloriam,tanquam
3219 5046 3545 5114 ipsissimam

316 5157 538 5227 gloriam
565 5153 723 5209 Verbi
763 5151 879 5203 Dei.

384 5247 589 5301 Λοιπὸν
610 5244 724 5304 πῶς
756 5244 900 5311 ἡμᾶς
925 5239 1234 5301 ὀνειδίζετε,
1258 5236 1332 5299 ὡς
1365 5235 1738 5300 ὲπαοιδιστὰς,
1783 5234 1878 5288 καί

316 5341 535 5401 ἀσεϐεῖς
566 5340 624 5390 ἐν
651 5338 826 5407 τούτῳ
857 5335 1077 5406 μᾶλλον,
1109 5336 1190 5385 ὅτι
1219 5333 1441 5400 οἴδαμεν
1467 5334 1669 5400 σημεῖα
1715 5330 1879 5397 φοϐε-

319 5436 406 5506 ρὰ,
441 5429 759 5499 καὶτέρατα
815 5426 1164 5497 ὰναρίθμητα
1193 5422 1300 5476 ἀπὸ
1361 5421 1456 5474 τοῦ
1515 5421 1722 5489 πάχους
1780 5420 1880 5487 τῆς

318 5525 472 5582 θείας
508 5519 711 5590 σαρκὸς
749 5517 842 5570 τοῦ
873 5518 1046 5584 Λόγου
1071 5513 1164 5567 τοῦ
1209 5513 1365 5565 Θεοῦ.
1397 5512 1506 5563 Kal
1537 5513 1601 5563 σὺ
1641 5511 1748 5562 ἀπὸ
1785 5508 1882 5561 τοῦ

318 5611 628 5686 Κουρανίου
661 5627 755 5662 σου
799 5609 920 5662 οὐδὲ
955 5608 1016 5660 τὸ
1044 5605 1273 5659 οἱονοῦν.
1309 5605 1416 5658 Kal
1450 5604 1522 5666 ὡς
1547 5605 1648 5656 οὐκ
1684 5602 1880 5672 ἠδυνή-

321 5708 418 5776 θης
461 5702 654 5774 μαθεῖν
687 5700 750 5752 τὸ
780 5698 994 5762 λεπτὸν,
1054 5697 1147 5750 καὶ
1182 5695 1409 5766 ἀόρατον
1449 5693 1646 5760 ἄλλως,
1699 5694 1748 5746 εί
1801 5691 1876 5764 μὴ

2057 5234 2234 5300 Quare
2261 5247 2389 5284 vero
2429 5247 2525 5284 nos
2560 5231 2822 5284 conviciis
2854 5230 3113 5294 oneratis,
3157 5240 3411 5298 tanquam
3461 5231 3544 5285 in-

1979 5331 2285 5380 cantatores
2317 5332 2370 5376 et
2406 5321 2596 5388 impios
2628 5321 2726 5373 hac
2754 5323 3020 5387 praecipue
3075 5322 3139 5374 de
3188 5337 3376 5385 causa,
3403 5324 3544 5390 quod

1982 5415 2258 5468 tremenda
2288 5413 2461 5480 signa,
2485 5421 2538 5465 et
2572 5411 2833 5463 miracula
2871 5411 3151 5463 innumera
3194 5413 3544 5470 admittamus

1979 5506 2177 5574 quibus
2203 5506 2316 5575 ipsa
2353 5502 2646 5556 materialis
2681 5515 2732 5555 et
2758 5502 2939 5553 divina
2993 5517 3122 5557 caro
3153 5502 3310 5558 Verbi
3335 5506 3425 5559 Dei
3485 5522 3546 5560 se

1977 5594 2423 5649 commendavit?
2457 5592 2600 5646 Nihil
2642 5604 2768 5643 vero
2799 5590 2862 5643 de
2888 5590 3099 5645 Corano
3135 5604 3230 5648 tuo
3284 5596 3386 5650 tale
3415 5597 3542 5664 qnil

1976 5686 2182 5756 jactare
2213 5695 2385 5756 potes.
2420 5684 2526 5742 Sed
2561 5685 2699 5741 sicut
2735 5698 2839 5738 non
2857 5691 3006 5754 potes
3035 5686 3388 5742 substantiam
3416 5689 3541 5746 sub-
