3978 6238
365 237 498 307 1411

1493 230 2057 293 BARTHOLOM/EI
2092 232 2469 296 EDESSENI

3474 236 3607 302 14Ῑὲ

364 352 512 408 tiletn
544 356 599 402 et
637 341 965 400 iuvisibilem
1014 338 1175 395 aliter
1200 336 1495 407 concipere
1524 353 1683 407 quam
1728 338 1930 390 unitam

2036 336 2132 390 σὺν
2166 336 2245 407 τῷ
2284 337 2451 407 πάχει
2473 334 2567 390 τοῦ
2597 333 2851 405 σώματος
2876 336 2971 390 τοῦ
2996 334 3301 406 Κουρανίου
3329 353 3426 392 σου
3449 354 3462 369 ’
3510 342 3604 394 οὒ-

364 436 623 495 densitati
648 445 701 490 et
748 429 1015 488 crassitiel
1063 426 1310 499 corporis
1344 426 1543 482 Coraui
1579 426 1683 489 tui;
1711 425 1789 479 sic
1830 441 1931 495 ego

363 530 712 587 Christianus
743 541 846 580 non
892 537 1111 592 possum
1149 519 1612 589 comprehendere
1639 527 1695 571 et
1745 516 1931 570 videre

367 620 601 676 Verbum
628 618 792 671 Deum
830 616 930 669 nisi
969 627 1069 682 per
1091 610 1399 667 crassitiem
1445 606 1695 674 corporis
1730 607 1836 661 sui.
1866 606 1931 661 Et

364 727 555 769 rursus
609 709 878 778 quomodo
916 706 1101 760 dicere
1134 713 1362 773 possunt
1390 700 1747 755 Musuhnanni
1781 716 1795 753 :
1824 698 1932 753 Nos

364 804 614 859 volumus
637 798 921 865 diejudicii
956 798 1143 849 videre
1172 803 1475 848 creatorem
1498 804 1550 847 et
1578 795 1929 847 formatorem

366 891 653 948 nostrum?
688 889 791 943 Sed
831 904 930 958 ego
957 902 1144 957 regero
1181 887 1299 950 tibi,
1336 901 1457 939 cum
1488 885 1723 939 Meccam
1760 885 1932 938 tendis

364 987 434 1041 ad
466 986 752 1045 orandum,
786 993 840 1035 et
876 980 1160 1048 diligenter
1191 978 1421 1047 inquiris
1446 987 1500 1031 et
1534 978 1703 1031 instas
1726 986 1783 1030 ut
1810 991 1935 1045 pos-

363 1082 440 1133 sis
478 1079 664 1131 videre
708 1074 1017 1144 sepulcrum
1046 1071 1463 1132 Muhammedis,
1488 1078 1541 1123 et
1569 1069 1697 1122 illud
1730 1070 1934 1122 saluta-

369 1172 514 1225 tione
542 1168 770 1237 quadam
830 1164 1102 1234 prosequi,
1136 1164 1226 1232 qui
1290 1162 1361 1219 ibi
1416 1170 1842 1225 commorantur,
1877 1171 1934 1214 ιιι

365 1267 433 1318 ab
468 1265 574 1317 isto
606 1261 835 1316 consilio
866 1270 916 1313 te
947 1262 1258 1313 deterreant
1315 1257 1520 1317 dicunt,
1548 1271 1613 1310 eo
1661 1265 1934 1309 momento

363 1373 473 1426 quo
504 1355 809 1424 sepulcrum
846 1352 1072 1414 videbis,
1103 1349 1473 1404 excaecaberis
1526 1356 1580 1402 et
1620 1348 1791 1401 oculis
1845 1364 1935 1400 or-

366 1449 465 1502 bus
490 1449 622 1500 eris.
657 1444 808 1499 Unde
843 1444 1091 1511 sequitur
1121 1442 1441 1510 prephetam
1496 1447 1643 1492 tuum
1706 1439 1932 1492 multum

367 1539 519 1592 abest
542 1546 600 1588 ut
630 1533 871 1601 tejuvet,
907 1532 1251 1585 imo-ruinam
1284 1540 1430 1583 tuam
1464 1539 1520 1583 et
1571 1531 1933 1597 perditionem

365 1642 705 1695 promovere.
741 1625 831 1677 Sic
875 1624 927 1676 in
988 1622 1075 1675 die
1104 1620 1294 1688 judicii
1328 1622 1373 1673 si
1434 1621 1615 1674 videas
1649 1621 1813 1674 Deum
1843 1621 1923 1688 ip-

2029 444 2137 490 τως
2159 427 2315 496 κάγὼ
2359 429 2387 480 ό
2417 428 2742 498 Χριστιανὸς
2775 429 2876 481 οὐκ
2918 427 3196 497 ἠδυνήθην
3255 428 3446 498 μαθεῖν
3496 433 3595 486 καὶ

2034 520 2160 573 ἰδεῖν
2183 520 2275 572 τὸν
2303 520 2435 573 Θεὸν
2461 520 2651 587 Λόγον,
2681 522 2729 572 εἰ
2758 520 2834 589 μὴ
2860 520 2949 573 διὰ
2964 519 3059 572 τοῦ
3089 523 3297 591 πάχους
3341 522 3433 576 τοῦ
3488 524 3602 577 σώοο

2033 628 2224 680 ματος.
2256 613 2369 666 Καὶ
2398 612 2562 665 πάλιν
2591 613 2707 673 πῶς
2732 612 3033 679 λέγεις,Ἐν
3065 614 3488 684 ἡμέρᾳκρίσεως
3521 616 3610 669 θέ-

2030 702 2195 772 λομεν
2214 702 2379 755 εἰδεῖν
2400 702 2491 755 τὸν
2520 702 2757 756 πλαστου
2767 704 2868 775 ργή
2878 721 3043 757 σαντα
3072 705 3103 773 ὴ
3112 707 3217 774 μᾶς
3238 723 3253 770 ;
3278 704 3449 774 Κάγὼ
3465 707 3611 775 λέγω

2032 810 2136 853 σοι,
2165 794 2247 847 ὅτι
2293 794 2423 847 ὅταν
2466 794 2681 865 ἀπέρχῃ
2712 796 2791 858 εἰς
2832 795 2929 866 τὴν
2958 797 3174 859 Μαχᾶν,
3212 798 3305 851 ἐπὶ
3345 800 3405 852 τὸ
3448 800 3610 866 εὖξα-

2035 886 2298 945 σθαι,καὶ
2322 885 2601 955 ἐπιζητεῖς
2622 887 2886 940 εἰσελθεῖν
2914 889 2990 950 εἰς
3020 888 3111 940 τὸν
3143 890 3314 957 τάφον
3344 890 3438 943 τοῦ
3463 893 3612 944 Μου-

2031 977 2209 1046 χάμετ
2230 977 2322 1028 ἐπὶ
2350 978 2412 1029 τὸ
2447 978 2797 1030 ἀσπάσασθαι
2851 979 3035 1039 αὑτὸν.
3095 981 3188 1033 καὶ
3217 983 3267 1034 οἱ
3295 983 3476 1034 ἐκεῖσε
3514 984 3608 1034 λέ-

2032 1066 2189 1132 γουσί
2213 1083 2294 1118 σοι
2322 1065 2492 1129 οὕτως
2517 1083 2532 1097 ·
2571 1066 2723 1134 ’Ἅμα
2751 1066 2829 1136 τῷ
2850 1067 2976 1119 ἰδεῖν
3002 1084 3057 1119 σε
3075 1068 3166 1120 τὸν
3190 1070 3377 1136 τάςρον,
3410 1070 3610 1123 ἀπολέ-

2036 1174 2123 1209 σαι
2142 1156 2282 1227 ἔχεις
2298 1159 2425 1219 τοὺς
2453 1156 2766 1227 ὀφθαλμούς
2801 1176 2918 1212 σου.
2955 1159 3155 1211 Λοιπὸν
3183 1156 3298 1220 οὖν,
3330 1163 3358 1213 ὁ
3388 1164 3606 1231 προςή-

2032 1265 2132 1317 της
2163 1265 2253 1300 σου
2277 1249 2398 1301 ἀντὶ
2440 1248 2534 1301 τοῦ
2568 1250 2743 1301 σῶσαί
2788 1267 2866 1314 σε,
2912 1250 3171 1303 ἀπολέσει
3207 1268 3286 1305 σε.
3325 1252 3513 1320 Ὅμως
3540 1256 3608 1305 ἂν

2034 1342 2181 1410 εἰδῇς
2213 1340 2305 1392 τὸν
2334 1341 2465 1394 Θεὸν
2496 1345 2554 1394 ἐν
2576 1344 2760 1413 ἡμέρᾳ
2784 1341 2884 1411 τῆς
2914 1342 3171 1412 κρίσεως,
3197 1343 3380 1408 καθὼς
3401 1345 3605 1412 λέγεις,

2034 1431 2256 1500 ἕτοιμός
2282 1433 2430 1484 ἐστιν
2468 1433 2732 1485 ἀπολέσαι
2789 1450 2847 1485 σε
2888 1436 2969 1496 εἰς
2998 1434 3094 1505 τὴν
3127 1435 3352 1501 γέενναν
3381 1436 3476 1487 τοῦ
3509 1436 3610 1488 πύ-

2037 1540 2149 1592 ρος.
2179 1524 2252 1575 Σὺ
2270 1522 2469 1591 λέγεις,
2500 1524 2582 1575 ὅτι
2617 1526 2645 1576 ὁ
2672 1524 2970 1593 Μουχάμετ
2994 1528 3143 1578 ἐστὶν
3159 1529 3221 1578 ἐκ
3240 1526 3371 1579 Θεοῦ
3395 1528 3609 1597 ἄνθρω-

2038 1631 2159 1677 πος,
2195 1614 2292 1666 καὶ
2316 1614 2503 1667 λοιπὸν
2533 1617 2598 1667 ὲκ
2645 1616 2779 1668 Θεοῦ
2827 1616 2999 1685 ἔμαθε
3032 1617 3093 1670 τὸ
3134 1618 3373 1684 ἀδικεῖν;
3425 1621 3512 1673 Ἐν
3538 1623 3607 1690 τῇ

364 1735 506 1785 sum,
540 1719 679 1773 sicut
706 1717 944 1769 futurum
996 1713 1305 1777 contendis,
1336 1713 1487 1766 illum
1546 1722 1852 1781 promptum
1881 1719 1931 1765 et

2038 1707 2151 1775 ζωῇ
2185 1705 2353 1759 αὑτοῦ
2385 1708 2474 1759 ἀεὶ
2512 1708 2726 1771 ἀδικίας
2755 1709 2849 1762 καὶ
2882 1710 3161 1774 ἀπωλείας
3184 1713 3450 1783 ἐργάζετο
3485 1714 3611 1767 ἀντὶ

363 1822 615 1881 paratum
645 1812 709 1863 ad
745 1808 1101 1876 perditionem
1134 1816 1279 1857 tuam
1318 1805 1714 1874 experieris,et
1747 1812 1800 1856 te
1832 1804 1924 1856 de-

364 1900 547 1955 trudct
580 1901 630 1953 in
656 1899 954 1967 gehennam
989 1897 1146 1966 ignis.
1174 1895 1250 1948 Tu
1280 1911 1410 1948 vero
1430 1895 1569 1948 dicis
1602 1893 1934 1947 Mithamme-

365 1993 485 2045 dent
516 2006 638 2045 esse
670 1990 942 2061 hOntinem
972 1989 1084 2052 Dei,
1111 1998 1161 2041 et
1185 1988 1274 2055 qui
1304 1987 1513 2040 scilicet
1537 2002 1564 2037 a
1596 1985 1706 2038 Deo
1735 1985 1931 2053 injuste

2029 1799 2121 1851 τοῦ
2157 1799 2351 1863 σῶσαι,
2380 1800 2473 1851 καὶ
2510 1801 2649 1869 μετὰ
2681 1800 2911 1854 θάνατον
2946 1803 3109 1855 πάλιν
3174 1805 3225 1855 τὸ
3277 1806 3409 1859 αὐτό
3440 1822 3454 1835 ·
3487 1806 3610 1858 ἀντὶ

2036 1891 2131 1943 τοῦ
2161 1891 2394 1959 φωτίσαι
2426 1908 2484 1944 σε
2530 1892 2808 1960 τυφλῶσαί
2832 1910 2890 1946 σε
2917 1893 3050 1965 ἔχει,
3100 1897 3175 1960 ὡς
3202 1898 3265 1950 σὺ
3300 1897 3500 1965 λέγεις.
3537 1894 3611 1949 ’Ὢ

2038 1982 2446 2053 πεπλανημένε,
2469 1984 2618 2047 ὅστις
2645 1984 2746 2036 οῦκ
2774 1979 2880 2038 εἶδε
2911 1988 3009 2058 τὴν
3032 1988 3261 2059 θεότητα
3283 1991 3343 2041 ὲν
3385 1989 3463 2060 τῷ
3477 1989 3607 2043 νῦνι

366 2101 527 2155 agere
555 2081 849 2138 didicerit?
880 2080 941 2134 In
975 2089 1082 2133 tota
1111 2080 1215 2131 vita
1256 2093 1371 2142 sua,
1398 2077 1514 2130 loco
1574 2076 1913 2130 liberationis
1951 2084 2006 2130 et
2068 2076 2280 2139 salutis,
2350 2074 2575 2142 injurias
2616 2084 2671 2129 et
2736 2077 2918 2130 ruinas
2968 2079 3091 2134 aliis
3120 2081 3346 2146 creavit,
3377 2090 3434 2135 et
3491 2094 3613 2151 post

366 2187 593 2230 mortem
623 2188 837 2242 semper
896 2172 1060 2233 idem,
1106 2169 1294 2224 eadem
1355 2170 1530 2222 adhuc
1567 2180 1846 2238 operatur,
1873 2178 1929 2222 et
2001 2168 2118 2223 vice
2176 2168 2615 2230 illuminatimiis,
2669 2180 2972 2225 seotomate
3021 2182 3077 2224 et
3129 2175 3491 2229 excmcatione
3557 2185 3612 2227 te

369 2266 628 2335 percutit,
662 2273 721 2317 ut
761 2273 815 2316 tu
834 2262 948 2330 ipse
975 2258 1574 2314 asseris.0averitate
1602 2259 1764 2328 longe
1823 2259 2105 2324 aberrans,
2149 2258 2241 2327 qui
2307 2273 2413 2312 non
2477 2258 2611 2313 vidit
2661 2259 3001 2315 divinitatem
3071 2263 3126 2316 in
3194 2263 3298 2317 hoc
3347 2272 3596 2332 tempore

369 2356 620 2430 praesenti
652 2356 669 2409 ι

435 2455 615 2522 Quare
645 2468 747 2507 non
782 2450 986 2505 asseris
1022 2448 1168 2519 quod
1204 2446 1440 2503 Verbum
1497 2449 1614 2512 Dei,
1670 2448 1782 2504 Deo
1839 2463 1938 2505 coo

363 2561 561 2606 aavum,
616 2557 802 2597 revera
833 2539 1079 2593 videmus
1140 2538 1191 2589 itt
1234 2554 1416 2603 carne,
1446 2538 1499 2592 in
1546 2554 1649 2606 qua
1697 2548 1938 2593 mortuos

363 2634 953 2701 excitavit,corruptos
988 2640 1166 2684 etnon
1226 2631 1459 2697 amplius
1503 2630 1829 2683 exsisteutcs
1870 2628 1937 2681 ad

358 2741 487 2782 esse
520 2724 807 2795 pristinum
828 2722 1121 2785 revocavit,
1145 2730 1200 2775 et
1230 2736 1451 2775 carnem
1480 2735 1634 2776 suam
1662 2710 1933 2774 mortuam

364 2820 658 2877 viviﬁeavit
705 2827 762 2871 ut
797 2817 983 2871 Deus?
1015 2818 1295 2883 Quomodo
1327 2831 1460 2886 ergo
1522 2832 1679 2886 pares
1729 2816 1931 2870 asset-is

366 2914 517 2969 illum
549 2921 603 2965 et
640 2908 1108 2963 Muhannnedem?
1151 2909 1253 2962 Sed
1312 2924 1495 2962 coram
1561 2908 1672 2963 Deo
1727 2908 1930 2977 aliquid

2111 2447 2224 2501 Kal.
2253 2446 2371 2511 πῶς
2425 2447 2487 2501 οὐ
2530 2447 2728 2516 λέγεις,
2778 2448 2860 2502 ὃτι
2891 2448 2984 2502 τὸν
3036 2449 3210 2518 Λόγον
3233 2451 3327 2505 τοῦ
3358 2452 3491 2507 Θεοῦ
3513 2454 3609 2508 τὸν

2036 2541 2306 2612 σύναρχον
2336 2542 2549 2612 εἴδομεν
2580 2543 2638 2594 ὲν
2669 2545 2735 2612 τῇ
2759 2543 2948 2613 σαρκὶ,
2971 2544 3067 2596 καὶ
3087 2546 3144 2596 ὲν
3173 2545 3309 2616 αὐτῇ
3335 2546 3608 2617 ἀνέστησε

2034 2633 2284 2703 νεκροὺς,
2318 2633 2707 2704 φθειρομένους
2740 2635 2797 2687 δὲ
2852 2636 2917 2687 ἐκ
2951 2636 3045 2689 τοῦ
3082 2638 3159 2709 μὴ
3221 2639 3373 2703 ὄντος
3415 2642 3496 2704 εἰς
3545 2643 3610 2695 τὸ

2035 2719 2175 2776 εἶναι
2210 2725 2405 2786 αὐτοὺς
2432 2726 2781 2795 παρήγαγεν,
2853 2729 2949 2780 καὶ
2980 2730 3078 2796 τὴν
3111 2730 3287 2799 σάρκα
3326 2732 3492 2785 αὐτοῦ
3542 2734 3609 2786 ἐκ

2035 2814 2248 2884 νεκρῶν
2282 2815 2528 2887 ἤγειρεν,
2564 2818 2659 2870 καὶ
2687 2818 2992 2888 ἀνέστησεν
3031 2820 3109 2882 ὡς
3135 2822 3269 2885 Θεός
3301 2840 3315 2888 ;
3348 2824 3473 2887 Πῶς
3512 2820 3610 2879 οῦν

2037 2907 2201 2960 αὑτὸν
2231 2908 2440 2960 καὶτὸν
2478 2909 2779 2978 Μουχάμετ
2826 2912 2938 2963 ἴσον
2966 2915 3163 2978 ποιεῖς;
3198 2915 3459 2970 Ἐνὼπιον
3509 2918 3610 2971 τοῦ

363 3005 540 3059 adhuc
565 3001 695 3055 mihi
725 3009 972 3069 superest
999 3000 1197 3054 clarius
1223 3001 1363 3067 quod
1392 3011 1581 3053 contra
1613 3010 1665 3055 te
1683 3016 1923 3070 urgeam.

2046 2996 2184 3050 Θεοῦ
2222 2997 2556 3065 σαφέστερόν
2612 3017 2692 3052 σοι
2742 3001 2902 3056 εἴπω.
2957 3002 3184 3056 Μέλλων
3231 3004 3504 3075 εὔχεσθαι,
3557 3010 3610 3062 οἱ

362 3092 497 3149 Cum
530 3107 591 3148 es
621 3092 852 3146 orationi
871 3102 926 3145 et
955 3091 1207 3158 precibus
1236 3107 1456 3160 operam
1490 3093 1735 3156 daturus,
1765 3093 1930 3161 pedes

364 3187 533 3241 babes
570 3199 731 3252 super
761 3194 984 3248 terram,
1024 3180 1081 3235 et
1112 3182 1213 3236 sub
1246 3182 1472 3250 pedibus
1504 3182 1610 3236 tuis
1636 3182 1782 3251 jacet
1807 3181 1930 3236 Mu-

366 3278 617 3331 hammed
646 3277 697 3328 itt
739 3287 906 3336 terra,
936 3273 1219 3341 putredine
1259 3288 1325 3325 ac
1375 3273 1651 3326 vermibus
1680 3288 1933 3331 corrosus

364 3378 419 3421 et
455 3366 764 3430 dissolutus,
789 3380 979 3418 manus
1001 3380 1128 3418 vero
1155 3364 1294 3418 tollis
1325 3373 1382 3417 et
1412 3364 1585 3418 tendis
1631 3364 1696 3417 ad
1735 3366 1929 3419 coelum

366 3457 456 3511 ubi
512 3467 596 3510 est
630 3454 862 3508 Verbum
918 3456 1035 3517 Dei,
1063 3465 1117 3508 et
1164 3457 1390 3508 thronus
1430 3455 1546 3524 ejus
1594 3465 1649 3509 et
1700 3456 1933 3525 Spiritus

364 3554 621 3609 sanctus;
660 3552 715 3598 et
768 3544 946 3599 locum
1003 3543 1091 3596 ubi
1138 3542 1286 3610 jacet
1318 3541 1653 3595 llluhammed
1705 3543 1931 3611 pedibus

366 3637 550 3706 pulsas
580 3647 629 3690 et
665 3637 867 3698 calcas,
894 3636 960 3688 ad
991 3634 1166 3687 locum
1205 3648 1332 3687 vero
1373 3633 1462 3685 ubi
1522 3632 1732 3686 habitat
1791 3630 1932 3686 Ver-

365 3728 489 3780 bum
523 3727 636 3791 Dei,
667 3726 732 3779 ad
780 3725 1111 3780 celsissimos
1144 3726 1276 3778 lSIOS
1319 3724 1488 3778 caelos
1549 3738 1740 3777 manus
1790 3724 1933 3778 soles

364 3818 633 3884 attollere,
662 3827 718 3872 et
771 3818 990 3872 invocas
1048 3818 1299 3872 caelestes
1329 3817 1641 3880 exercitus,
1688 3817 1931 3884 angelos,

366 3910 743 3977 archangelos,
770 3909 1087 3973 Chernhim,
1126 3909 1437 3977 Seraphim,
1473 3908 1560 3976 qui
1622 3908 1839 3978 hymnis
1878 3916 1933 3961 et

365 3997 853 4053 acclamatiOnibus
873 3997 1148 4051 celebrant
1175 3996 1340 4049 Deum
1374 3997 1662 4049 maximum
1714 4006 1769 4050 et
1834 4012 1930 4066 po-

367 4091 757 4152 teutissimutn,
783 4104 907 4143 cum
937 4086 1115 4144 Verbo
1145 4099 1199 4141 et
1223 4088 1447 4157 Spiriltt.
1466 4088 1866 4151 Animadverte.
1897 4105 1931 4144 0

364 4184 631 4253 Agarene,
661 4183 810 4236 locus
843 4198 999 4252 quem
1054 4183 1232 4237 calcas
1261 4192 1344 4236 est
1376 4181 1526 4235 locus
1555 4182 1605 4234 in
1654 4197 1758 4250 quo
1788 4182 1933 4251 jacet

366 4285 612 4330 mortuus
664 4273 1033 4340 Mnbannned,
1062 4274 1213 4329 locus
1241 4289 1370 4327 vero
1421 4273 1665 4328 sublimis
1724 4274 1812 4327 ille
1861 4275 1929 4329 ad

2037 3088 2199 3150 πόδες
2238 3105 2330 3140 σου
2365 3088 2423 3140 ἐν
2461 3091 2525 3159 τῇ
2554 3091 2645 3159 γῇ.
2690 3092 2801 3143 Καὶ
2832 3093 2860 3143 ὁ
2891 3093 3191 3163 Μουχάμετ
3243 3100 3421 3151 κεῖται
3467 3101 3609 3153 ὑπο-

2034 3179 2184 3232 κάτω
2211 3178 2317 3232 τῶν
2360 3179 2535 3232 ποδῶν
2591 3197 2685 3233 σου
2735 3182 2793 3233 ἐν
2834 3186 2901 3254 τῇ
2950 3188 3020 3255 γῇ
3062 3190 3446 3258 σεσαπημένος
3508 3194 3610 3247 καὶ

2033 3267 2450 3338 διεφθαρμένος,
2510 3271 2604 3323 καὶ
2648 3271 2791 3340 ἄρας
2838 3275 2936 3336 τὰς
2994 3279 3182 3345 χεῖράς
3216 3296 3312 3331 σου
3347 3283 3487 3351 πρὸς
3544 3285 3611 3337 τὸ

2035 3358 2171 3427 ὕψος
2202 3359 2295 3412 τοῦ
2327 3361 2582 3429 οὐρανοῦ,
2607 3362 2665 3413 ὲν
2693 3356 2736 3430 ᾧ
2769 3366 2917 3417 ἐστιν
2951 3367 2979 3417 ὁ
3012 3367 3186 3435 Λόγος
3217 3371 3313 3423 τοῦ
3336 3372 3494 3441 Θεοῦ,
3514 3376 3613 3429 καὶ

2033 3451 2062 3502 ὁ
2090 3449 2273 3520 θρόνος
2308 3450 2498 3513 αὑτοῦ,
2533 3452 2629 3504 καὶ
2649 3452 2874 3521 Πνεῦμα
2914 3456 2973 3507 τὸ
3000 3456 3159 3523 ἅγιον
3178 3501 3195 3524 ,
3232 3462 3324 3514 καὶ
3357 3463 3480 3517 ὃθεν
3500 3468 3613 3518 κεῖ-

2033 3558 2124 3594 ται
2154 3543 2182 3594 ὁ
2229 3542 2555 3612 Μουχάμετ,
2616 3549 2975 3609 καταπατείς,
3034 3550 3167 3602 ὅπου
3212 3553 3268 3605 δὲ
3304 3561 3551 3611 κατοικεῖ
3579 3561 3612 3613 ὁ

2032 3632 2204 3701 Λόγος
2232 3633 2327 3685 τοῦ
2357 3633 2517 3698 Θεοῦ,
2546 3637 2626 3698 εἰς
2667 3635 2801 3705 ὕψος
2834 3639 3007 3709 αἴρων
3034 3643 3132 3705 τὰς
3161 3647 3349 3715 χεῖράς
3377 3664 3470 3700 σου
3500 3665 3613 3703 πα-

2036 3725 2296 3794 ρακαλεῖς
2326 3726 2396 3779 τὰ
2417 3726 2648 3796 οὐράνια
2674 3728 2954 3799 τάγματα,
2985 3733 3276 3801 ἀγγέλους,
3324 3740 3611 3808 ἀρχαγγέ-

2045 3816 2190 3881 λους,
2222 3819 2524 3888 Χερουϐὶμ,
2550 3819 2615 3871 Σε
2626 3822 2822 3890 ραφὶμ,
2844 3823 3170 3892 ὑμνοῦντας,
3188 3827 3609 3897 δοξολογοῦντας

2032 3908 2125 3961 τὸν
2151 3909 2596 3981 μεγαλοδύναμον
2626 3912 2761 3965 Θεὸν
2797 3914 2894 3966 σὺν
2919 3915 2997 3984 τῷ
3013 3917 3172 3987 Λόγῳ
3212 3922 3309 3974 καὶ
3334 3922 3412 3992 τῷ
3442 3926 3610 3979 Ilvati-

2037 4017 2193 4069 ματι.
2246 4000 2495 4067 Βλέπεις,
2557 4003 2854 4076 ’Λγαρηνὲ,
2892 4007 3029 4060 ὅπου
3082 4015 3295 4077 πατεῖς,
3348 4019 3524 4070 κεῖται
3577 4019 3608 4071 ό

2033 4094 2357 4163 Μουχάμετ,
2376 4096 2470 4148 καὶ
2490 4096 2613 4149 ὅθεν
2636 4098 2899 4167 ἦπλωσας
2913 4100 3013 4163 τὰς
3039 4104 3230 4172 χεῖράς
3248 4122 3343 4157 σου
3372 4108 3605 4172 ἄνωθεν,

2032 4186 2178 4237 ἐστὶν
2207 4187 2236 4238 ὁ
2282 4187 2470 4255 ῥηθεὶς
2508 4187 2698 4259 ὕμνος.
2750 4190 2876 4254 Πῶς
2907 4187 3001 4245 οὖν
3029 4194 3121 4246 τὸν
3172 4198 3471 4269 Μουχάμετ
3510 4205 3609 4261 καὶ

2032 4276 2124 4330 τὸν
2144 4277 2379 4347 Χριστὸν
2417 4279 2530 4331 ἴσον
2556 4281 2887 4348 ἀποκαλεῖς;
2921 4284 3044 4347 Πῶς
3088 4287 3189 4339 οὐκ
3218 4289 3478 4362 ἐρυθριᾷς
3509 4296 3609 4348 καὶ

365 4382 524 4435 quem
589 4382 782 4421 manus
857 4366 1126 4430 extendis,
1194 4375 1278 4419 est
1329 4365 1476 4418 locus
1534 4365 1623 4433 qui
1674 4375 1931 4433 personat

2038 4344 2306 4439 αἰσχύνῃς
2364 4370 2487 4433 Πῶς
2544 4371 2718 4425 ἔοικεν
2772 4376 2801 4427 ό
2832 4344 2919 4430 ἀεὶ
2968 4344 3173 4430 ὤνκαὶ
3225 4344 3609 4457 ales-Ida}

365 4458 563 4529 hymno
593 4469 646 4511 et
693 4470 953 4512 concentu
1024 4472 1186 4526 supra
1219 4465 1535 4511 memorato.
1591 4456 1767 4521 Quare
1802 4472 1931 4526 ergo

364 4547 792 4602 Mnhammedent
820 4558 874 4599 et
922 4547 1193 4601 Christum
1232 4547 1492 4614 dignitate
1539 4559 1701 4612 pares
1730 4545 1929 4599 vocas?

362 4641 545 4706 Quare
582 4656 684 4693 non
711 4641 989 4693 erubescis
1016 4648 1070 4691 et
1102 4638 1305 4709 pudore
1325 4637 1618 4691 obrueris?
1647 4637 1929 4703 Quomodo

362 4732 556 4785 similis
588 4745 709 4785 esse
742 4739 917 4798 potest
948 4738 1207 4790 aeternus,
1247 4729 1591 4790 immortalis,
1620 4729 1692 4782 illi
1723 4729 1814 4797 qui
1844 4739 1929 4783 est

362 4824 627 4887 mortalis,
655 4834 898 4877 mortuus
915 4832 968 4876 et
997 4822 1324 4890 corruptus?
1370 4823 1655 4889 Qumnodo
1721 4824 1955 4878 Verbum

2038 4458 2126 4509 ἀεὶ
2143 4457 2323 4528 θνητῷ
2346 4460 2440 4513 καὶ
2463 4461 2841 4536 φθειρομένῳ;
2880 4466 3005 4530 Πῶς
3052 4467 3325 4533 ἐξισοῦται
3353 4476 3381 4527 ὀ
3428 4476 3606 4546 Λόγος

2035 4548 2129 4601 τοῦ
2168 4550 2424 4622 Ποιητοῦ,
2476 4553 2554 4623 τῷ
2595 4558 2865 4627 ποιήματι
2918 4556 3011 4611 καὶ
3059 4564 3229 4634 χοῖκῷ
3281 4567 3603 4637 Μουχάμετ.

2034 4640 2129 4691 καὶ
2155 4641 2362 4712 πλάνῳ,
2385 4643 2463 4713 τῷ
2490 4644 2762 4711 διδάξαντι
2796 4667 2877 4715 σε,
2899 4652 2972 4705 Τὸ
2997 4652 3141 4725 ὕδωρ
3160 4657 3308 4709 ἐστὶν
3331 4658 3606 4730 ἁγιασμὸς

2002 4770 2013 4781 .
2034 4731 2133 4800 τῆς
2162 4732 2338 4803 ψυχῆς
2380 4735 2475 4787 καὶ
2501 4735 2595 4789 τοῦ
2619 4737 2899 4810 σώματος;

2035 4827 2149 4892 Dei,
2186 4844 2365 4883 rerum
2415 4833 2657 4887 omnium
2703 4836 2914 4905 opiﬁcis
2959 4847 3015 4894 et
3074 4845 3356 4909 creatoris,
3402 4848 3606 4913 poterit

360 4914 681 4985 requiparari
710 4928 833 5006 cum
856 4927 1019 4979 opere
1042 4924 1096 4966 et
1127 4924 1377 4968 creatura
1404 4925 1640 4980 terrena,
1698 4931 1821 4968 cum
1874 4914 2251 4973 Muhamtuede
2270 4921 2471 4989 quiest
2528 4922 2812 4994 impostor,
2883 4939 2937 4985 et
2993 4932 3085 4999 qui
3137 4942 3190 4988 te
3233 4935 3415 4989 docuit
3461 4953 3603 5006 aqua

360 5007 691 5062 sanctiticari
718 5005 953 5056 animant
983 5013 1038 5057 et
1067 5020 1285 5073 corpus.

432 5102 571 5155 Audi
619 5114 747 5153 vero
775 5100 913 5152 hanc
948 5100 1255 5168 parabolam
1302 5116 1314 5151 :
1353 5102 1526 5154 Homo
1554 5101 1769 5169 quidam
1802 5112 1924 5158 erat

359 5193 583 5249 indutus
618 5190 754 5246 stola
788 5205 883 5244 seu
912 5199 1062 5265 veste
1086 5191 1225 5252 alba,
1250 5206 1371 5245 eum
1412 5205 1538 5243 vero
1580 5192 1631 5245 in
1663 5194 1744 5246 via
1802 5211 1926 5262 per-

358 5294 510 5354 geret
540 5297 699 5337 coeno
751 5294 804 5337 et
828 5282 939 5336 luto
980 5283 1178 5335 referta
1230 5292 1285 5334 et
1339 5283 1579 5346 serdida,
1613 5285 1810 5339 cecidit
1874 5287 1925 5340 in

357 5374 530 5431 solum
559 5384 612 5429 et
643 5376 817 5428 locum
844 5374 992 5429 saxis
1023 5384 1078 5427 et
1107 5372 1377 5441 lapidibus
1427 5388 1679 5441 asperum
1706 5394 1719 5441 ;
1758 5379 1923 5432 vestis

356 5467 577 5539 quidem
613 5468 723 5520 luto
762 5476 818 5520 et
874 5480 1035 5520 caeno
1070 5464 1170 5516 fuit
1211 5464 1501 5526 maculata,
1541 5467 1633 5521 sed
1668 5484 1762 5537 pes
1812 5471 1924 5524 saxi

356 5559 635 5626 cujusdam
666 5557 911 5611 allisione
941 5555 1207 5609 contritus
1231 5554 1349 5607 fuit.
1371 5554 1596 5620 Quidam
1621 5572 1748 5610 vero
1779 5560 1927 5612 illuni

354 5654 421 5704 es
455 5647 558 5702 isto
585 5644 894 5703 discrimine
927 5643 1179 5700 tollentes
1204 5651 1258 5698 et
1318 5643 1574 5705 levantes,
1632 5644 1779 5700 illum
1834 5648 1929 5701 do-

2104 5103 2372 5156 ”Axousov
2406 5104 2500 5158 οῦν
2524 5106 2625 5175 τὴν
2658 5110 2972 5182 παραϐολὴν
2997 5115 3208 5186 ταύτην
3226 5132 3241 5147 ⁸
3280 5120 3606 5195 Ἄνθρωπός

2031 5211 2117 5258 τις
2142 5197 2336 5266 στολὴν
2359 5196 2560 5271 λευκὴν
2593 5195 2661 5270 ἦν
2684 5203 3053 5274 ἐνδεδυμένος,
3086 5215 3514 5285 περιερχόμενος
3542 5226 3604 5276 ἐν

2027 5286 2131 5355 ὁδῷ
2167 5286 2640 5363 βεόορὸορωμένῃ,
2671 5294 2765 5346 καὶ
2798 5294 2980 5351 πεσὼν
2999 5300 3057 5351 ὲν
3086 5302 3162 5371 τῷ
3208 5305 3470 5375 πέλματι,
3504 5314 3600 5365 εὖ-

2033 5378 2178 5471 ρέθη-
2197 5380 2254 5471 ἐν
2280 5379 2418 5471 αὐτῇ
2434 5382 2647 5471 πέτρα,
2671 5385 2766 5438 καὶ
2797 5387 2830 5456 ἡ
2855 5388 2954 5457 μὲν
2979 5392 3139 5464 στολὴ
3162 5396 3194 5465 ή
3222 5395 3389 5470 λευκὴ
3410 5405 3603 5471 ἐμιάν-

2030 5468 2122 5567 θη-
2159 5468 2264 5567 ὑπὸ
2292 5469 2387 5567 τοῦ
2422 5470 2709 5543 βορϐόρου,
2769 5480 2867 5531 καὶ
2904 5482 2933 5533 ὁ
2963 5482 3099 5547 ποὺς
3148 5487 3317 5541 αὑτοῦ
3361 5468 3600 5567 έθλάσθη

2030 5562 2252 5658 άπὸ
2272 5564 2497 5658 πέτρας.
2524 5568 2800 5658 ςΑραντες
2822 5568 2917 5626 οὖν
2949 5591 3095 5640 τινες
3120 5580 3286 5634 αὐτὸν
3308 5562 3600 5658 ἀπήγαγον

2029 5652 2087 5703 ἐν
2111 5653 2176 5721 τῇ
2206 5651 2353 5723 οέκίᾳ.
2386 5653 2577 5719 αὑτοῦ,
2605 5659 2699 5711 καὶ
2726 5659 2823 5730 τὴν
2853 5663 3047 5736 στολὴν
3080 5667 3244 5722 αὐτοῦ
3270 5651 3600 5743 ἐμϐαλόντες
