3752 6232
48 250 217 320 1413

1287 247 1768 312 CONFUTATIO
1804 244 2170 311 AGARENI.

3215 243 3350 310 14M

40 368 392 423 ἁπέπλυναν
417 364 554 439 μετά
584 362 881 419 σαπουνίου
909 378 925 394 ’
954 361 1048 418 καὶ
1073 362 1458 436 ἀπελευκάνοη
1518 364 1662 419 κατὰ

1879 379 1915 417 n
1940 364 2310 427 deduxerunt,
2351 368 2406 417 et
2440 360 2583 417 iliius
2610 368 2817 418 vestem
2873 371 3160 427 ementes,
3193 371 3247 418 ct
3282 365 3348 417 il-

44 462 124 514 τὺ
167 460 461 532 πρότερον.
496 459 602 512 Τὸν
635 458 694 511 δὲ
732 454 1039 510 θλασθὲντα
1071 456 1210 508 πόδα
1252 456 1315 509 οὑ
1346 456 1571 509 δύναται
1598 454 1660 533 τδ

48 552 222 626 ὕδωρ
266 552 405 624 μετά
436 551 731 604 σαπουνίου
782 549 1088 621 ἰατρεῦσαι,
1133 550 1183 602 εἰ
1222 549 1296 619 μὴ
1342 548 1528 620 ἰατροῦ
1561 548 1662 616 ὲμ-

46 646 271 716 πείρου
302 642 704 706 καταλαϐόντος
747 644 804 695 ὲν
855 641 1022 712 πολλῇ
1061 641 1230 711 σχολῇ
1272 640 1370 694 καὶ
1417 639 1662 710 φροντίδι

47 735 557 792 ἀποκαθίστασθαι
588 735 740 805 ὑγιῆ,
766 734 841 798 ὡς
870 733 932 786 τὸ
983 733 1272 804 πρότερον.
1323 732 1381 784 Ὀ
1434 732 1491 783 δὲ
1523 748 1662 801 προ-

52 829 259 900 φήτης
281 845 375 881 σου
405 826 578 889 οὕτως
607 825 865 890 ὲδίδοιξεν,
911 826 994 878 ὅτι
1018 825 1123 877 ὑπὸ
1143 823 1236 877 τοῦ
1271 822 1467 887 ὓδατος
1489 822 1662 875 καθα-

57 921 292 991 ρίζεται
328 925 422 972 καὶ
454 918 785 973 ἁπολούεται
809 919 963 970 πᾶσα
992 917 1148 979 νόσος
1175 915 1378 985 ψυχῆς,
1408 915 1503 966 καὶ
1551 913 1661 965 σώ-

59 1030 271 1084 ματος.
305 1011 466 1081 ’Λρτι
495 1010 557 1062 τὸ
586 1009 730 1080 ὕδωρ
752 1010 853 1061 οὐκ
885 1008 1107 1077 ἴσχυσεν
1140 1008 1369 1075 ἁγιάσαι
1402 1007 1493 1057 τὸν
1533 1004 1664 1057 θλα-

61 1102 283 1155 σθέντα
313 1100 449 1153 πόδα
472 1098 668 1170 ὁρατὸν
694 1115 752 1151 τε
775 1098 869 1150 καὶ
894 1098 1247 1167 φαινόμενον.
1270 1096 1429 1166 ῐΙὸσῳ
1460 1094 1664 1164 μᾶλλον

58 1193 178 1264 τὴν
197 1192 432 1263 ἀόρατον
442 1188 733 1262 ψυχὴν[οὺ]
747 1188 969 1242 δύναται
983 1189 1209 1256 ἁγιάσαι
1226 1188 1321 1239 καὶ
1335 1186 1663 1251 άποπλῦναις

60 1283 138 1335 Εἰ
176 1282 281 1353 μὲν
326 1282 526 1349 λέγεις,
561 1282 707 1352 Εὐχή
735 1283 852 1333 ἐστι
882 1281 1059 1350 ψυχῆς
1094 1279 1386 1349 ἁγιασμὸς,
1423 1277 1541 1341 πῶς
1567 1279 1668 1329 οὐκ

61 1374 198 1429 ἐστι
228 1376 322 1429 καὶ
348 1375 443 1427 τοῦ
482 1376 735 1447 σώματος
757 1391 772 1437 ;
794 1374 909 1426 Νῦν
940 1375 998 1427 δὲ
1020 1374 1163 1442 λέγω
1186 1391 1290 1426 σοι·
1319 1374 1520 1425 Δεκτὸν
1552 1374 1669 1424 ἐστι

63 1466 355 1541 πρότερον
405 1469 745 1540 θεραπεῦσαι
800 1469 861 1521 τὸ
916 1469 1137 1538 θλᾶσμα
1185 1467 1277 1521 τοῦ
1334 1467 1515 1530 ποδὸς,
1548 1462 1667 1518 εἶτα

60 1562 284 1614 πλῦναι
312 1562 408 1632 τὴν
436 1562 629 1629 στολὴν
659 1561 755 1613 καὶ
781 1561 1067 1625 λευκᾶναι,
1090 1560 1260 1630 ἤγουν
1290 1558 1515 1630 πρώτην
1564 1559 1666 1628 τὴν

57 1653 260 1724 ψυχὴν
300 1655 545 1721 ἁγιάσαι,
578 1653 673 1706 καὶ
693 1652 956 1719 φωτίσαι,
992 1652 1087 1704 καὶ
1116 1652 1246 1703 αὑτό
1287 1668 1345 1703 τε
1393 1653 1454 1702 τὸ
1506 1650 1666 1720 σῶμα

1765 455 1871 508 lam
1904 455 1959 509 in
1985 470 2181 525 aquam
2203 454 2573 526 projicieutes,
2599 470 2720 510 cum
2747 469 2949 525 sapone
2972 465 3026 509 et
3051 464 3354 527 smegmate

1768 546 1914 601 illam
1962 548 2234 612 lavarunt,
2293 558 2350 601 et
2406 548 2641 618 pristino
2689 547 2968 617 splendori
3012 558 3067 601 et
3129 548 3351 601 candori

1767 637 2149 693 restituerunt.
2172 639 2323 709 Aqua
2353 653 2482 695 vero
2516 650 2571 694 et
2598 655 2839 709 smegma
2869 654 2973 693 non
3006 648 3238 710 possunt
3263 638 3353 705 ju-

1768 743 1897 784 vare
1934 731 2123 798 pedem
2156 730 2491 785 laborantem
2521 740 2574 785 et
2605 731 2926 795 contritum,
2968 732 3064 786 sed
3119 746 3211 785 ars
3235 731 3348 786 sola

1769 822 1966 876 medici
1996 823 2482 891 experientissimi,
2520 824 2612 893 qui
2651 823 2704 877 in
2734 838 2793 878 se
2818 824 3008 892 recipit.
3041 839 3180 878 onus
3229 840 3351 879 cum

1770 924 2015 980 tempore
2051 922 2103 969 et
2130 930 2285 979 cura,
2314 914 2462 968 illum
2503 916 2747 985 pristina:
2777 915 2998 971 sanitati
3028 916 3255 969 reddere
3299 924 3355 969 et

1770 1007 2081 1061 restituere.
2131 1007 2399 1079 Propheta
2429 1024 2566 1063 vero
2608 1021 2732 1063 tuus
2772 1009 2865 1063 tali
2909 1016 2961 1063 te
2992 1009 3239 1063 doctrina
3269 1010 3356 1063 in-

1768 1100 1966 1167 stituit,
2000 1115 2192 1155 omnes
2238 1100 2451 1155 scilicet
2505 1102 2698 1155 animas
2752 1110 2806 1155 et
2856 1101 3103 1170 corporis
3138 1101 3355 1155 morbos

1768 1207 1891 1247 cum
1922 1206 2061 1259 aqua
2118 1192 2363 1264 purgari,
2397 1192 2565 1246 lavari
2612 1202 2668 1247 et
2718 1193 3012 1247 removeri.
3052 1191 3175 1245 Jam
3223 1208 3357 1248 vero

1769 1298 1909 1352 aqua
1941 1298 2046 1336 non
2071 1284 2244 1338 valuit
2270 1300 2468 1339 curare
2499 1285 2794 1338 contritum
2847 1284 3037 1352 pedem
3074 1284 3347 1339 visibilem

1770 1380 1904 1431 etin
1961 1392 2154 1432 sensus
2214 1377 2613 1441 incurrentem,
2672 1378 2947 1445 quomodo
2977 1390 3107 1445 ergo
3170 1385 3355 1444 possit

1770 1473 2004 1524 animam
2034 1468 2363 1523 invisibilem
2399 1467 2584 1522 lavare
2612 1476 2665 1521 et
2718 1468 3106 1523 sanctiﬁcare?
3155 1468 3209 1523 Si
3271 1469 3354 1522 di-

1770 1578 1863 1616 cas
1891 1576 1905 1615 :
1946 1562 2135 1617 Oratio
2166 1570 2249 1614 est
2278 1562 2472 1614 animm
2511 1560 2891 1623 sanctiﬁcatio,
2922 1576 3091 1628 quare
3125 1576 3228 1615 nou
3258 1576 3355 1614 va-

1771 1652 1843 1707 let
1871 1654 2033 1706 etiam
2067 1666 2264 1721 corpus
2292 1650 2465 1718 ipsum
2494 1652 2883 1705 sanctilicare?
2906 1650 3060 1705 Nunc
3095 1668 3225 1707 vero
3277 1654 3351 1706 is-

58 1742 235 1811 νίψαι
268 1743 404 1812 μετὰ
437 1739 629 1803 ὓδατος
660 1742 751 1792 καὶ
783 1739 1101 1793 σαπουνίου.
1135 1741 1271 1792 Οὐαί
1307 1758 1410 1804 σοι,
1446 1741 1665 1802 ἐλεεινὲ,

1902 1754 1958 1798 et
1987 1743 2220 1811 amplius
2265 1744 2386 1798 dico
2438 1744 2555 1807 tibi,
2580 1745 2995 1799 convenientius
3039 1756 3126 1800 est
3178 1746 3354 1814 primo

64 1835 252 1903 μέρος
281 1832 532 1903 κρίσεως·
558 1833 657 1901 τὴν
686 1833 849 1893 ἁγίαν
881 1831 1061 1901 ψυχὴν
1085 1830 1343 1885 καλοῦσιν
1379 1833 1436 1884 ὲν
1487 1849 1663 1899 παρα-

59 1926 329 1997 δείσῳ,ῆ
372 1924 651 1993 λέγουσιν,
693 1924 865 1989 Ἐλθὲ,
897 1924 1207 1978 πλυνόκωλε
1245 1926 1302 1977 ἐν
1352 1922 1431 1994 τῷ
1482 1940 1665 1995 παρα-

57 2019 264 2090 δείσῳ.

1769 1851 1966 1890 curare
2034 1836 2229 1888 vulnus
2285 1836 2456 1903 pedis,
2485 1846 2541 1889 et
2588 1836 2783 1891 deinde
2842 1840 3101 1892 accedere
3149 1841 3213 1891 ad
3264 1853 3355 1891 vc-

1774 1939 1913 1983 stem
1962 1928 2251 1980 lavandam
2311 1937 2362 1981 et
2408 1927 2784 1993 dealbandam,
2819 1929 2900 1982 sic
2948 1929 3121 1996 primo
3161 1930 3356 1981 animze

1771 2035 1901 2075 eura
1938 2020 2097 2073 debet
2132 2034 2227 2073 nos
2251 2018 2568 2082 sollicitare,
2596 2029 2655 2071 ut
2680 2020 2752 2073 sit
2781 2019 3035 2072 nimirum
3061 2029 3272 2082 sancta,
3299 2030 3356 2073 et

64 2114 405 2176 illuminata,
437 2112 653 2175 deinde,
673 2114 918 2181 corporis
941 2128 1081 2182 aqua
1113 2122 1167 2168 et
1191 2119 1491 2184 smcgmate
1514 2112 1726 2168 lavandi
1769 2124 1853 2170 est
1885 2114 2131 2168 habenda
2171 2114 2329 2168 ratio.
2377 2110 2468 2167 Va:
2519 2112 2637 2176 tibi,
2694 2113 3002 2167 miserrime
3050 2115 3226 2181 portio
3277 2113 3361 2167 fu-

65 2222 205 2266 tura
236 2205 631 2271 ultimijndicii.
670 2205 752 2258 Au
781 2216 1006 2258 vocatur
1022 2208 1200 2260 anima
1235 2206 1301 2258 ad
1327 2205 1635 2274 paradisum
1676 2217 1731 2261 et
1761 2206 2002 2261 dicitur:
2048 2203 2203 2269 Veni,
2231 2219 2263 2259 ο
2305 2203 2586 2267 ciunilote,
2620 2204 2743 2257 veni
2777 2205 2828 2257 in
2856 2204 3212 2274 paradisum?

148 2302 328 2355 Ὅταν
351 2299 482 2368 γοῦν
515 2299 833 2369 τελευτήσῃ
867 2300 895 2350 ὁ
924 2299 1211 2369 ἅνθρωπος
1238 2301 1335 2352 καὶ
1370 2303 1542 2370 ταφῇ,
1574 2298 1672 2353 καὶ

74 2392 230 2464 μετὰ
262 2376 664 2462 τρείςήμέρας
716 2391 816 2460 οὐχ
871 2390 1130 2461 ὑπάρχει,
1167 2391 1366 2462 βρῶμα
1395 2393 1492 2444 καὶ
1526 2391 1673 2444 σκώ-

69 2481 208 2553 ληξ,
238 2482 335 2535 καὶ
363 2481 477 2545 δζει
504 2482 599 2535 καὶ
618 2479 928 2550 φθείρεται,
975 2483 1073 2534 καὶ
1125 2484 1207 2534 ὅτι
1239 2484 1335 2536 ὲὰν
1396 2482 1471 2552 μὴ
1497 2480 1674 2551 πολλῷ

72 2575 308 2648 χώματι
354 2575 449 2627 καὶ
500 2573 669 2626 πλακί
719 2590 849 2637 τινι,
907 2573 1004 2626 καὶ
1061 2574 1320 2643 ἀσφαλῶς
1364 2574 1676 2646 περικρυϐῇ

76 2668 169 2739 τῷ
195 2668 431 2737 σώματι,
455 2669 483 2720 6
504 2667 729 2734 ἐγγίσας
749 2664 916 2718 αὑτοῦ
953 2666 1183 2733 πλησίον
1210 2666 1318 2719 άπὸ
1346 2667 1447 2736 τῆς
1473 2665 1677 2736 πολλῆς

77 2760 353 2821 δυσωδίας
378 2757 637 2811 ἐτελεύτα
666 2759 751 2812 ἄν.
788 2759 900 2811 Νῦν
930 2759 985 2811 δὲ
1010 2757 1100 2821 τίς
1158 2758 1397 2827 ὠφέλεια
1438 2758 1522 2827 τῷ
1573 2760 1671 2811 άν-

82 2850 299 2922 θρώπῳ
327 2850 417 2903 τὸν
447 2850 620 2903 κῶλον
648 2850 813 2903 αὐτοῦ
847 2850 1068 2903 πλύνειν
1096 2851 1277 2912 πάσας
1310 2850 1407 2912 τὰς
1453 2850 1669 2920 ἡμέρας

81 2944 191 3013 τῆς
217 2941 363 3012 ζωῆς
378 2940 542 2995 αὑτοῦ
563 2961 577 3008 ;
597 2945 731 3011 φησὶ
752 2942 861 3012 γὰρ
882 2944 908 2994 6
930 2943 1214 3011 προφήτης
1235 2941 1418 2993 Δαϐίδ·
1467 2959 1483 2991 t
1521 2942 1676 3010 Καρ-

1844 2301 1980 2356 Cum
2010 2315 2143 2354 vero
2175 2299 2375 2368 aliquis
2446 2309 2697 2353 mortuus
2730 2308 2814 2352 est
2852 2307 2909 2353 et.
2940 2300 3192 2366 sepulcro
3234 2315 3361 2357 con-
3434 2297 3439 2301 ⁷

1774 2391 1940 2453 ditus,
1974 2400 2029 2445 et
2084 2405 2361 2451 corrosns,
2395 2398 2450 2443 et
2508 2390 2759 2444 redactus
2788 2389 2841 2443 iu
2914 2393 3255 2458 putredinem
3301 2405 3358 2448 et

1773 2496 2010 2544 vermes,
2049 2481 2180 2536 fetet
2211 2489 2264 2536 et
2287 2495 2514 2550 prorsus
2548 2483 2932 2551 corrumpitur,
2964 2494 3017 2537 et
3049 2484 3155 2538 nisi
3190 2486 3358 2539 multa

1778 2580 1919 2625 terra
1965 2573 2252 2636 tumulata,
2282 2582 2337 2627 et
2359 2574 2661 2638 asseribus,
2686 2584 2737 2627 et
2771 2574 3008 2627 maxima
3073 2575 3357 2645 diligentia

1779 2660 2145 2716 abscondatur
2196 2677 2417 2732 corpus,
2479 2661 2641 2717 talem
2702 2665 2921 2719 exhalat
2992 2646 3246 2731 fetorem,
3301 2676 3363 2720 ut

1782 2755 2006 2822 propius
2052 2757 2379 2810 accedentes
2406 2764 2547 2809 tetro
2577 2756 2744 2811 odore
2790 2758 2977 2811 statim
3028 2769 3353 2813 enecentur.

1780 2844 1898 2900 Jam
1929 2862 2057 2902 vero
2080 2848 2209 2917 quid
2239 2851 2396 2916 juvat
2428 2849 2704 2902 hominem
2734 2849 2961 2919 singulis
2982 2849 3173 2903 diebus
3207 2859 3362 2905 tanta

1783 2953 1911 2992 cura
1942 2938 2123 2992 culum
2151 2948 2207 2992 et
2236 2938 2413 2993 colum
2452 2938 2669 2992 lavare?
2700 2938 2824 2993 Ideo
2846 2940 2978 2993 dicit
3013 2939 3180 2993 David
3231 2955 3362 3010 pro-

82 3035 214 3088 δίαν
233 3034 479 3106 καθαρὰν
506 3034 689 3087 κτίσον
722 3037 780 3087 ἐν
805 3035 949 3104 ἐμοὶ,
970 3037 997 3087 6
1020 3034 1171 3097 Θεός.
1200 3052 1217 3084 ι
1252 3034 1362 3086 Καὶ
1390 3033 1672 3101 ὁΜωῦσῆς

1879 3042 1945 3085 ita
1973 3048 1987 3084 :
2025 3030 2069 3086 Ο
2101 3032 2264 3097 Deus,
2299 3047 2421 3085 crea
2457 3032 2509 3085 iu
2540 3045 2624 3086 me
2644 3047 2740 3085 cor
2767 3048 2959 3101 purum
2993 3043 3047 3086 et
3077 3035 3359 3087 mundum.

84 3127 508 3196 τεσσαράκοντα
552 3126 765 3197 ἡμέρας
810 3126 907 3177 καὶ
937 3125 1139 3187 νύκτας
1175 3126 1529 3203 ὲνήστευσεν,
1584 3126 1677 3176 καὶ

84 3216 151 3269 τὸ
183 3219 364 3285 στόμα
412 3216 576 3268 αὑτοῦ
612 3216 805 3279 ὣζετο,
830 3215 1008 3268 λαϐὼν
1032 3217 1087 3268 δὲ
1116 3216 1292 3285 φύλλα
1324 3216 1544 3285 δένδρου
1569 3218 1676 3269 άπ-

86 3309 392 3377 εσπόγγισε
414 3311 480 3361 τά
508 3309 660 3378 χείλη
695 3306 886 3363 αὐτοῦ.
929 3309 1037 3360 Καὶ
1060 3308 1337 3377 ὀργισθεὶς
1366 3309 1392 3359 6
1419 3307 1550 3369 Θεὸς
1581 3307 1676 3359 αὐ-

84 3404 193 3474 τῷ,
225 3398 411 3453 εἶπεν
448 3401 546 3453 Διὰ
589 3401 642 3453 τί
688 3401 1026 3468 ἑσπόγγισας
1081 3401 1148 3451 τά
1180 3400 1334 3469 χείλη
1386 3416 1479 3452 σου
1540 3398 1681 3469 μετὰ

84 3494 206 3547 τῶν
240 3491 451 3562 φύλλων
476 3509 491 3557 ;
519 3492 760 3559 Ὕπαγε,
798 3492 1096 3563 νήστευσον
1144 3491 1344 3560 ὲτέρας
1400 3490 1679 3562 τεσσαρά-

86 3602 287 3641 κοντα.
325 3584 494 3654 Κάγὼ
522 3584 617 3637 νῦν
646 3584 921 3653 άγιασμὸν
950 3583 1130 3653 ψυχῆς
1178 3601 1238 3636 τε
1290 3585 1387 3635 καὶ
1429 3582 1681 3653 σώματος

88 3677 271 3750 ζητῶ,
305 3677 401 3729 ἐὰν
432 3675 625 3746 βρωμῇ
658 3677 721 3728 τὸ
752 3676 927 3746 στόμα
960 3692 1077 3739 σου,
1100 3674 1154 3728 τί
1204 3674 1341 3744 πρός
1374 3691 1479 3744 με;
1538 3674 1683 3737 Χοῦς

87 3771 389 3840 ὑπάρχεις,
433 3769 530 3822 καὶ
594 3771 675 3830 εἰς
717 3771 822 3839 γῆν
859 3767 1165 3840 άπελεύσῃ.
1210 3769 1374 3838 Ἀρτι
1406 3766 1529 3819 εἰπέ
1565 3783 1679 3837 μοι,

90 3859 142 3918 ὦ
186 3862 476 3934 Ἀγαρηνὲ,
508 3864 632 3915 ἐπεὶ
660 3864 687 3915 6
716 3863 850 3924 Θεὸς
878 3862 1236 3925 ἐκατεδὲξατο
1282 3862 1342 3914 τὸ
1386 3860 1560 3929 στόμα
1587 3859 1682 3911 τοῦ

88 3954 386 4025 προφήτου
414 3954 558 4016 ὄζον,
588 3955 682 4005 καὶ
712 3952 813 4004 οὐκ
834 3946 1010 4016 εἶπεν,
1046 3951 1253 4003 [Ιλῦναι
1289 3951 1430 4020 μετὰ
1486 3948 1682 4012 ὓδατος

91 4047 268 4102 αὑτοῦ
297 4046 391 4099 τοῦ
426 4048 731 4117 προφήτου,
762 4046 794 4115 ἢ
823 4045 1119 4112 σπόγγισαι
1148 4061 1160 4073 ·
1204 4047 1267 4097 σὺ
1327 4044 1446 4107 πῶς
1476 4043 1681 4111 λέγεις,

90 4140 188 4194 ὅτι
218 4138 356 4209 μετὰ
396 4137 491 4189 τοῦ
545 4137 739 4200 ὓδατος
791 4137 1080 4201 ἁγιάζεται
1156 4137 1190 4205 ἡ
1241 4136 1413 4206 ψυχὴ,
1470 4137 1563 4187 καὶ
1624 4134 1685 4185 τὸ

95 4230 301 4302 σῶμας
323 4228 697 4298 πεπλάνησαι.
725 4229 836 4282 Καὶ
869 4228 999 4281 ὅταν
1023 4228 1371 4298 ἁμαρτάνῃς,
1400 4225 1462 4277 οὐ
1522 4224 1685 4293 μόνον

94 4322 167 4376 τὸ
194 4322 353 4392 σῶμα
378 4320 648 4392 λαμϐάνει
672 4321 772 4391 τὴν
804 4318 1105 4390 ἁμαρτίαν,
1136 4318 1275 4372 ἀλλὰ
1321 4318 1416 4370 καὶ
1443 4318 1476 4386 ἡ
1509 4318 1680 4386 ψυχή.

94 4413 222 4471 Νῦν
253 4414 310 4469 δὲ
335 4415 396 4467 τὺ
422 4414 584 4484 σῶμα
636 4412 871 4475 ἕπλυνας
899 4412 1008 4465 ἀπὸ
1056 4411 1156 4479 τῆς
1212 4409 1493 4480 ῥυπαρίας
1545 4408 1685 4477 μετὰ

96 4504 203 4560 τοῦ
227 4504 442 4567 ὕδατος,
472 4505 571 4574 τὴν
596 4502 652 4555 δὲ
700 4501 878 4571 ψυχὴν
924 4500 1024 4572 τὴν
1057 4502 1294 4571 ἀόρατον
1348 4502 1487 4569 μετὰ
1527 4498 1682 4550 ποίου

101 4595 303 4655 ὕδατος
322 4594 499 4657 θέλεις
537 4593 823 4665 καθαίρειν
850 4593 1023 4664 αὐτὴν
1070 4592 1179 4644 ἀπὸ
1230 4591 1329 4660 τῆς
1384 4589 1685 4659 ἁμαρτίας;

101 4689 222 4743 Καὶ
252 4687 368 4752 πῶς
402 4687 678 4757 προτιμᾷν
708 4685 768 4738 τὸ
805 4686 966 4754 σῶμα
995 4683 1287 4737 ἐκπλύνειν
1318 4682 1439 4735 καθ’
1473 4682 1689 4752 ἡμέραν

102 4782 393 4845 πεντάκις,
452 4781 551 4834 καὶ
610 4782 708 4851 τὴν
754 4779 936 4850 ψυχὴν
980 4781 1245 4846 άφεῖναι;
1282 4778 1417 4846 Οὐχὶ
1465 4778 1498 4845 ἡ
1544 4774 1691 4846 ψυχὴ

106 4875 348 4944 ὑπάρχει
378 4874 579 4943 μείζων
605 4873 698 4925 τοῦ
732 4871 1022 4941 σώματοςς
1092 4870 1301 4940 ’Ὠσπερ
1344 4868 1444 4941 τὴν
1494 4868 1691 4938 στολὴν

105 4964 434 5030 ὲλεύκανας,
474 4966 570 5018 καὶ
598 4964 660 5016 τὸ
692 4964 916 5031 θλάσμα
950 4963 1045 5016 τοῦ
1082 4962 1243 5021 ποδὸς
1268 4962 1370 5013 οὐκ
1414 4959 1693 5030 ἡδυνήθης

109 5057 456 5128 θεραπεῦσαι
489 5056 594 5109 ὑπὸ
626 5055 721 5107 τοῦ
752 5056 967 5120 ὕδατος,
1004 5054 1141 5107 ἀλλὰ
1176 5054 1316 5125 μετὰ
1368 5051 1570 5124 ἰατρῶν
1598 5053 1694 5105 καὶ

113 5149 357 5221 βοτανῶν
388 5149 649 5220 ἀρίστων.

1778 3124 1844 3178 Ει
1880 3139 2004 3180 cum
2027 3122 2202 3178 Moses
2221 3122 2899 3195 jejunassetquadraginta
2928 3127 3044 3179 dies
3075 3135 3130 3179 et
3166 3137 3356 3180 noctes

1778 3217 1978 3285 incepit
2002 3232 2256 3270 acescere
2278 3217 2424 3271 illius
2457 3216 2680 3282 halitus,
2710 3228 2765 3273 et
2793 3233 2889 3271 ore
2917 3218 3189 3285 ingratum
3224 3219 3356 3271 mlo.

1779 3322 1893 3362 rem
1924 3308 2217 3373 emittere;
2243 3307 2516 3377 accipiens
2571 3323 2701 3362 vero
2737 3309 2862 3362 folia
2900 3311 3115 3364 arboris
3171 3311 3357 3377 cujus-

1780 3401 1901 3454 dam
1961 3400 2160 3469 quibus
2205 3400 2351 3453 labia
2414 3399 2584 3455 voluit
2637 3402 2877 3456 irrorare
2925 3411 2981 3456 et
3053 3404 3360 3473 detergere,

1772 3494 1984 3546 exarsit
2012 3494 2195 3547 statim
2238 3492 2318 3546 ira
2355 3492 2446 3545 Dei
2476 3502 2531 3547 et
2575 3494 2750 3559 dixit;
2802 3509 2974 3563 quare
3031 3493 3175 3548 foliis
3221 3496 3362 3549 labia

1783 3584 2223 3640 detersisti?Abi
2275 3594 2329 3641 et
2354 3583 2539 3653 jejuna
2580 3586 2761 3642 adhuc
2813 3587 2948 3640 alios
3004 3590 3365 3658 quadraginta

1781 3681 1919 3743 dies,
1955 3695 2077 3733 nam
2140 3694 2241 3748 ego
2281 3680 2403 3733 volo
2453 3681 2951 3735 sanctiﬁcationem
2984 3698 3088 3735 non
3120 3686 3367 3751 corporis

1784 3771 1876 3824 sed
1914 3772 2134 3832 animae,
2165 3771 2212 3823 si
2250 3770 2389 3823 male
2412 3768 2523 3822 olet
2545 3785 2608 3824 os
2639 3779 2809 3834 tuum,
2843 3772 2971 3839 quid
3000 3772 3103 3826 hoc
3136 3772 3201 3824 ad
3243 3772 3368 3827 me?

1785 3865 1864 3920 Tu
1892 3882 1950 3919 es
1975 3875 2120 3919 terra
2143 3874 2198 3918 et
2225 3867 2278 3917 in
2314 3875 2514 3919 terram
2530 3874 2584 3918 et
2604 3863 2880 3933 pulverem
2910 3866 3222 3920 reverteris.
3244 3863 3363 3920 Jam

1786 3972 1953 4020 vero,
2002 3971 2033 4008 ο
2081 3957 2366 4023 Αειιιέιιεξ,
2406 3955 2493 4008 dic
2551 3955 2705 4018 mihi,
2738 3954 3177 4022 quandoquidem
3229 3954 3369 4008 Deus

1789 4047 2043 4101 toleravit
2078 4057 2134 4099 et
2188 4046 2516 4099 admisit'os
2573 4043 2750 4096 fetcns
2787 4045 3065 4112 pr0pheta:
3096 4044 3279 4107 Mosis,
3316 4055 3371 4096 et

1789 4149 1894 4187 non
1930 4133 2089 4201 jussit
2120 4133 2475 4200 prophetam,
2507 4141 2567 4182 ut
2598 4145 2660 4183 os
2684 4146 2839 4183 suum
2878 4146 3012 4197 aqua
3068 4132 3275 4184 lavaret
3316 4143 3370 4186 et

1788 4226 2141 4293 detergeret,
2168 4233 2223 4275 tu
2276 4238 2381 4290 qua
2411 4222 2739 4274 verecundia
2776 4230 2927 4289 potes
2956 4236 3206 4275 asserere
3243 4224 3370 4275 ani-

1794 4331 1936 4368 mam
1972 4325 2027 4368 et
2050 4329 2247 4383 corpus
2271 4327 2409 4383 aqua
2447 4312 2666 4380 purgari
2692 4322 2748 4366 et
2772 4312 3104 4366 sanctiﬁeari
3126 4314 3149 4366 ?
3176 4315 3364 4371 Erras.

1794 4408 1927 4464 Nam
1956 4423 2078 4463 cum
2110 4422 2303 4477 peccas
2357 4422 2461 4459 non
2506 4414 2714 4457 tantum
2774 4419 2974 4471 corpus
3035 4405 3372 4473 inquinatur.

1793 4504 1887 4557 sed
1920 4504 2086 4555 etiam
2117 4501 2298 4553 anima
2322 4498 2529 4573 peccati
2562 4497 2681 4550 labe
2718 4497 2977 4550 inlicitur.
3002 4496 3059 4551 Si
3099 4514 3225 4553 vero
3252 4515 3375 4553 cor-

1793 4595 1941 4665 poris
1972 4594 2162 4646 sordcs
2195 4606 2333 4658 aqua
2365 4591 2638 4657 abstergis
2668 4598 2722 4642 et
2747 4590 2921 4653 doles,
2947 4606 3052 4659 qua
3074 4606 3216 4659 aqua
3251 4592 3366 4644 ani.

1793 4703 1937 4740 Inatn
1971 4685 2297 4739 invisibilem
2331 4700 2358 4735 a
2392 4694 2614 4751 peccato
2639 4682 2874 4735 liberare
2909 4696 2961 4737 et
3019 4699 3252 4753 purgare
3277 4699 3369 4736 cn-

1794 4777 1981 4832 naris?
2010 4777 2073 4829 Et
2095 4791 2196 4843 qua
2258 4776 2471 4827 ratione
2502 4775 2559 4826 fit
2594 4783 2652 4826 ut
2693 4774 2865 4842 primo
2894 4787 3118 4827 curetur
3175 4789 3375 4841 corpus

1794 4879 1849 4925 et
1888 4868 2180 4939 quinquies
2210 4866 2439 4932 singulis
2459 4865 2652 4920 diebus
2685 4876 2956 4935 purgetur
2982 4876 3035 4918 et
3063 4865 3373 4933 mundetnr,

1798 4961 1978 5016 anima
2038 4975 2167 5013 vero
2218 4959 2461 5027 neglecta
2489 4967 2545 5011 et.
2596 4958 2743 5010 illota
2783 4956 3374 5024 relinquatur?Annon

1796 5056 1976 5108 anima
2002 5051 2272 5122 dignitate
2298 5066 2498 5117 corpus
2552 5050 2726 5117 ipsum
2758 5048 3022 5117 superat?
3073 5048 3236 5103 Certe
3290 5066 3379 5105 res

1800 5144 1877 5198 ita
1908 5159 1966 5199 se
1996 5144 2161 5197 habet
2196 5152 2256 5196 ut
2296 5143 2349 5196 in
2385 5142 2639 5211 parabola
2674 5140 2844 5193 vestis
2864 5146 2925 5209 _et
2955 5140 3127 5208 pedis.
3164 5139 3378 5195 Vestem

111 5252 269 5313 potes
301 5258 495 5298 curare
522 5253 575 5295 et
601 5240 881 5295 dealbare.
913 5238 1019 5293 Sed
1044 5240 1231 5307 pedem
1258 5237 1598 5291 vulneratum
1633 5248 1689 5294 et
1725 5241 2023 5295 contritum
2067 5252 2172 5292 non
2238 5237 2445 5306 poteris
2479 5235 2672 5303 juvare
2700 5247 2865 5301 aqua,
2896 5233 2992 5286 sed
3041 5234 3382 5299 experientia

114 5339 473 5399 medicorum,
504 5344 560 5390 et
624 5334 834 5386 viribus
867 5331 1160 5385 herbarum
1212 5330 1680 5398 praestandorum.

185 5430 302 5484 Νῦν
327 5429 468 5483 θέλω
523 5445 607 5482 σοι
643 5429 842 5482 εἰπεῖν.
895 5428 967 5479 Σὺ
1019 5426 1163 5495 ἔχεις
1198 5426 1368 5494 τάφον
1422 5425 1618 5495 ἔχοντά
1646 5442 1699 5477 τι

122 5524 323 5591 ἔξωθεν
377 5524 718 5593 ὲγκοίμισμα
766 5520 911 5574 πάνυ
951 5520 1268 5590 θαυμαστὸν
1311 5519 1418 5572 ἀπὸ
1471 5521 1698 5589 χρυσίου

116 5620 215 5674 καὶ
248 5616 575 5690 μαργάρων,
616 5614 821 5669 ἔσωθεν
852 5614 912 5667 δὲ
943 5612 1210 5676 δυσωδίας
1269 5613 1365 5665 καὶ
1400 5610 1701 5681 σκωλήκων

114 5711 302 5783 γέμει.
336 5709 510 5763 Πάλιν
536 5707 730 5779 ἐρωτῶ
755 5724 838 5773 σε,
875 5706 1007 5760 ὅταν
1029 5703 1274 5775 χωρισθῇ
1316 5703 1379 5757 τὸ
1410 5702 1611 5774 βρέφος
1636 5704 1701 5757 ἐκ

1879 5424 2038 5479 Nunc
2063 5431 2113 5478 et
2152 5420 2297 5476 aliud
2331 5434 2527 5490 urgere
2549 5418 2688 5475 volo.
2716 5416 2896 5474 Habes
2917 5421 3223 5488 sepulcrum
3250 5414 3386 5476 inira

1806 5513 2221 5587 prorsuslorica
2284 5510 2708 5575 circumdatum,
2740 5522 2797 5564 et
2849 5513 3019 5566 variis
3075 5517 3389 5581 margaritis

1806 5621 1863 5663 et
1887 5624 2021 5662 auro
2056 5608 2393 5671 dccoratmn,
2422 5604 2656 5658 interius
2688 5618 2818 5659 vero
2839 5612 2925 5659 est
2964 5604 3184 5673 plenum
3212 5605 3383 5660 fetore

1809 5709 1866 5757 et
1910 5700 2213 5757 vermibus.
2267 5697 2480 5754 Rursus
2535 5696 2685 5753 aliud
2742 5706 2795 5755 te
2852 5696 3229 5766 interrogabo,
3266 5713 3389 5754 cum
