3978 6238
356 266 494 332 1415

1453 263 2017 326 BARTHOLOM/EI
2058 224 2429 326 EDESSENI

3461 261 3595 327 1415

354 385 547 447 partus
563 388 628 428 ex
657 381 847 428 ventre
868 371 1060 426 matris
1085 371 1376 440 emittitur,
1400 346 1545 428 illius
1563 390 1761 444 corpus
1790 389 1927 444 aqua

2033 379 2128 446 τῆς
2162 375 2371 438 κοιλίας
2403 376 2501 445 τῆς
2533 373 2741 446 μητρὸς
2761 372 2950 436 αὑτοῦ,
2973 372 3334 442 καθαρίζεται
3356 372 3416 427 τὸ
3441 376 3602 445 σῶμα

355 467 667 522 Inundatur.
697 464 790 519 Est
815 478 944 517 vero
973 463 1134 517 molle
1167 463 1310 518 illius
1341 479 1558 535 corpus,
1588 477 1641 522 et
1674 482 1778 522 non
1826 483 1922 536 po-

357 559 656 615 testadhuc
686 571 868 623 orare,
903 557 1045 624 quod
1073 557 1193 610 dico
1226 573 1291 610 ne
1323 558 1448 612 hinc
1477 560 1818 613 Occasionem
1842 559 1924 613 in-

353 651 544 706 venias
575 649 850 703 assereudi
898 648 1040 716 quod
1097 663 1193 713 per
1225 664 1412 717 preces
1456 651 1828 704 sanctificatnr
1858 652 1921 704 il-

359 744 461 794 lius
503 741 681 794 anima
722 740 786 791 ad
835 722 1082 793 ultimum
1131 753 1303 805 usque
1350 740 1541 792 mortis
1570 751 1921 794 momentum.

357 829 578 886 Ostendi
603 842 733 896 ergo
770 827 862 879 tibi
894 826 1038 893 quod
1064 841 1207 895 aqua
1269 842 1366 880 nec
1395 843 1592 895 corpus
1619 843 1714 883 nec
1746 830 1925 883 anima

355 921 784 977 sanetilicantur.
824 917 877 972 Si
915 934 1044 971 vero
1070 933 1290 987 regeras
1343 924 1484 988 quod
1546 919 1690 975 fetus
1738 936 1926 976 recens

355 1027 514 1070 natus
540 1017 732 1068 debeat
760 1011 1072 1065 circumcidi
1114 1023 1166 1065 et
1191 1012 1270 1064 sic
1302 1013 1661 1079 sanctilicari,
1707 1029 1928 1082 respon-

356 1106 476 1164 deo,
497 1117 593 1155 nec
621 1105 671 1153 in
708 1101 808 1154 hoc
837 1100 999 1153 etiam
1024 1101 1326 1152 consistere
1352 1102 1596 1169 corporis
1627 1101 1709 1155 vel
1735 1105 1929 1155 animae

355 1194 863 1249 sanctilicationem.
889 1191 990 1244 Sed
1028 1190 1437 1245 Israelita-hanc
1471 1193 1777 1247 habuerunt
1799 1210 1930 1263 gen-

358 1289 426 1340 tis
453 1296 506 1340 et
535 1287 751 1354 generis
784 1285 864 1336 sui
895 1293 1075 1337 notam
1110 1299 1213 1352 qua
1255 1286 1321 1337 ab
1345 1283 1468 1338 aliis
1524 1285 1774 1352 gentibus
1817 1284 1925 1338 (lis-

359 1379 753 1446 tinguerentur.
792 1376 990 1428 lterum
1025 1389 1155 1444 ergo
1203 1386 1366 1443 atque
1425 1375 1618 1428 iterum
1657 1376 1748 1428 tibi
1809 1376 1929 1427 diro

357 1469 498 1537 quod
525 1468 614 1538 qui
665 1466 823 1521 docet
859 1464 1025 1519 Deum
1087 1465 1297 1517 ratione
1370 1473 1670 1526 carentem,
1709 1464 1930 1516 omnino

356 1561 447 1615 ille
488 1563 600 1629 ipse
624 1567 767 1612 caret
801 1557 1109 1626 cognitione
1154 1569 1210 1611 et
1257 1556 1479 1625 pietate,
1518 1564 1576 1609 ut
1630 1556 1724 1608 tibi
1768 1571 1928 1624 supra

357 1649 768 1721 repraesentari.

2026 468 2193 521 αὑτοῦ
2213 468 2319 521 ἀπὸ
2346 468 2557 529 ὕδατος.
2589 457 2761 518 Αὑτοῦ
2801 465 2907 536 γὰρ
2942 466 3179 536 μαλακὸν
3208 466 3271 519 τὸ
3293 466 3472 538 σῶμα,
3508 471 3604 522 καὶ

2025 558 2084 611 οὐ
2119 557 2338 612 δύναται
2372 557 2536 627 εὐχὴν
2578 555 2823 625 ποιῆσαι,
2862 554 2948 606 ἵνα
2991 552 3161 624 εῦρῃς
3213 555 3476 624 ἀφορμὴν
3511 555 3597 606 ὅτι

2029 649 2168 719 μετὰ
2193 649 2294 718 τῆς
2319 649 2481 718 εὐχῆς
2512 647 2798 715 ἁγιάζεται
2829 647 2862 715 ἡ
2896 645 3046 716 ψυχὴ
3089 644 3254 698 αὑτοῦ
3301 646 3462 715 μέχρι
3505 646 3605 700 θα-

2026 740 2210 793 νάτου.
2242 739 2459 803 Ἔδειξά
2491 756 2594 800 σοι,
2627 739 2708 790 ὅτι
2738 737 2800 789 τὸ
2822 736 2967 807 ὕδωρ
2997 737 3056 788 οὐ
3107 735 3396 806 καθαρίζει
3422 737 3605 808 ψυχὴν

2027 826 2151 878 οὗτε
2183 826 2359 895 σῶμα.
2389 826 2449 879 Ei
2476 825 2533 878 δὲ
2560 825 2740 892 λέγεις
2769 826 2850 878 ὅτι
2882 823 2988 894 χρὴ
3019 825 3472 895 περιτέμνεσθαι,
3505 828 3606 880 καὶ

2026 914 2198 976 οὕτως
2228 914 2541 980 ἁγιάζεται,
2566 914 2712 983 λέγω
2745 931 2848 977 σοι,
2884 914 3030 967 Λὺτὸ
3065 914 3188 968 οὔτε
3222 915 3316 968 τοῦ
3348 917 3608 987 σώματός

2027 1007 2175 1059 ἐστιν
2199 1007 2490 1077 ἁγιασμὸς,
2519 1005 2644 1058 οὔτε
2673 1007 2873 1077 ψυχῆς.
2919 1007 3060 1060 Ἀλλ’
3087 1001 3234 1078 εἶχον
3265 1010 3317 1061 οἱ
3379 1010 3608 1081 Ἰσραηο

2027 1099 2171 1151 λῖται
2229 1099 2385 1151 τοῦτο
2433 1097 2724 1169 γνώρισμα
2789 1103 2892 1168 τῆς
2951 1100 3091 1164 ιδίας
3138 1102 3352 1168 γενεᾶς,
3386 1102 3608 1154 διιστῶν

2028 1192 2225 1254 αὐτοὺς
2260 1190 2369 1243 ἀπὸ
2414 1191 2523 1244 τῶν
2547 1190 2737 1245 ἐθνῶν.
2783 1192 2946 1244 Ἀλλὰ
2988 1193 3083 1245 καὶ
3122 1193 3283 1256 αὖθις
3320 1192 3464 1261 λέγω
3496 1210 3604 1258 σοι,

2027 1284 2108 1335 ὅτι
2139 1284 2166 1335 6
2210 1282 2404 1350 ἄλογον
2433 1281 2566 1335 Θεὸν
2603 1283 2948 1354 δογματίζων
2969 1326 2985 1351 ,
3037 1286 3132 1338 καὶ
3165 1283 3393 1353 ἁπλοῦν,
3441 1285 3604 1337 εὐσε-

2031 1375 2179 1438 ϐείας
2203 1375 2349 1426 ἐστὶν
2387 1376 2480 1427 καὶ
2512 1373 2761 1441 γνώσεως
2799 1377 3049 1448 ἄμοιρος,
3076 1378 3258 1442 καθὼς
3290 1380 3387 1432 καὶ
3426 1376 3608 1444 ἔδειξά

2033 1484 2117 1520 σοι
2153 1468 2212 1533 ἐξ
2237 1468 2430 1537 ἀρχῆς.

427 1743 633 1795 linrsns
658 1757 786 1795 vero
841 1751 890 1794 te
945 1741 1296 1806 interrogabo
1345 1739 1409 1793 de
1445 1741 1633 1811 viginti
1694 1754 1929 1811 quatuor

2103 1741 2270 1794 Πάλιν
2295 1739 2353 1793 δὲ
2383 1742 2575 1810 ἐρωτῶ
2610 1758 2670 1792 σε
2716 1738 2846 1812 περὶ
2884 1740 2994 1792 τῶν
3030 1742 3488 1814 εἰκοσιτεσσάρων
3520 1762 3609 1815 χι-

357 1835 693 1905 myriadibns
724 1836 1109 1903 prolihetarum
1142 1845 1276 1901 quos
1304 1834 1512 1899 jactare
1543 1835 1706 1898 soles,
1739 1845 1797 1888 ut
1845 1851 1933 1888 eo-

356 1941 478 1978 rmn
500 1926 716 1979 nomina
752 1926 975 1987 referas,
1013 1935 1064 1975 et
1093 1925 1224 1990 quid
1247 1924 1438 1991 singuli
1475 1927 1750 1978 vaticinati
1779 1938 1926 1989 sunt,

359 2032 464 2087 quo
517 2017 778 2069 miraculo
832 2016 1219 2077 inclaruerint,
1278 2030 1384 2083 quo
1443 2027 1707 2085 tempore,
1758 2034 1932 2087 quove

357 2108 457 2162 διώ
487 2107 714 2174 imperio
753 2108 1087 2160 exstiterint.
1121 2105 1292 2159 Tutus
1337 2107 1487 2160 orbis
1543 2118 1756 2162 constat
1808 2125 1929 2178 sep-

361 2199 603 2268 tuaginta
647 2198 855 2252 duabus
889 2199 1105 2267 linguis.
1137 2208 1194 2251 ut
1223 2210 1409 2251 notttm
1453 2212 1557 2254 est.
1611 2198 1678 2253 Et
1702 2202 1930 2270 si'potes

359 2305 664 2345 memorare
691 2300 810 2344 tnos
836 2292 1130 2360 prophetas
1160 2292 1455 2343 secundum
1501 2307 1782 2345 numerum
1831 2294 1936 2346 lin-

357 2397 587 2451 gnarum
622 2382 787 2436 totius
831 2384 1006 2443 orbis,
1045 2383 1201 2435 Iidem
1235 2383 1327 2435 tibi
1388 2384 1729 2438 habebimus.
1780 2385 1933 2441 Nunc

356 2489 486 2529 vero
511 2489 576 2529 ne
606 2476 822 2543 quidem
855 2484 1070 2528 centum
1098 2477 1488 2543 prophetarum
1527 2477 1746 2530 nomina
1779 2489 1932 2544 potes

359 2564 585 2620 referre.
617 2567 753 2619 Audi
791 2566 988 2635 quippe
1023 2581 1051 2619 a
1079 2582 1163 2620 tne
1207 2567 1482 2621 Edessena
1506 2582 1617 2621 rem
1645 2584 1804 2637 quam
1838 2569 1930 2624 tibi

358 2657 613 2710 narrabo.
639 2656 975 2725 Dieqnodam
1013 2655 1306 2711 Zecchetes
1331 2673 1425 2711 seu
1457 2659 1741 2729 religiosus
1778 2663 1933 2730 quie-

359 2759 540 2809 scens,
572 2747 805 2800 accessit
849 2746 916 2798 ad
952 2747 1240 2815 quemdam
1269 2746 1662 2816 Calepitarinn,
1686 2765 1780 2819 spe
1819 2751 1930 2806 fre-

364 2845 448 2890 tus
477 2840 617 2905 quod
641 2837 710 2890 ab
742 2837 832 2891 illo
865 2851 1048 2906 rugam
1079 2853 1172 2892 seu
1205 2840 1608 2910 eleemosynam
1658 2853 1806 2896 esset
1835 2858 1930 2898 ac-

361 2938 637 2997 cepturus.
666 2927 811 2982 Petit
835 2943 964 2999 ergo
989 2939 1045 2982 ut
1074 2946 1180 3000 quo
1219 2945 1347 3000 erga
1375 2934 1540 2986 Deum
1563 2943 1616 2987 et
1636 2935 1931 3002 prophetas

362 3035 550 3075 amore
584 3020 878 3086 ferebatur,
927 3022 1088 3076 vellet
1129 3022 1199 3075 illi
1237 3039 1515 3076 nummum
1581 3039 1806 3096 erogare
1865 3027 1928 3078 ad

360 3112 569 3181 singula
616 3127 735 3180 quae
794 3125 1193 3166 memoraretur
1260 3116 1641 3183 prophetarum
1690 3118 1928 3172 nomina.

363 3205 515 3260 Sedit
543 3219 670 3257 vero
720 3204 792 3256 illi
849 3205 1095 3273 petitioni
1148 3205 1642 3273 obtemperaturus.
1704 3208 1765 3261 Et
1810 3225 1930 3263 cum

362 3312 546 3351 coram
588 3313 647 3351 se
679 3297 997 3351 collocasset
1037 3313 1283 3365 magnam
1318 3315 1667 3353 nummorum
1699 3304 1930 3369 copiam,

285 3393 292 3398 ’
363 3387 765 3457 emugitavitab
800 3389 909 3451 illo,
947 3399 1002 3439 ut
1035 3388 1242 3455 singula
1274 3387 1669 3458 Prophetarum
1715 3393 1931 3444 nomina

364 3489 692 3543 recenseret,
725 3480 788 3530 ad
823 3478 1098 3545 quodlibet
1121 3480 1400 3547 praphetaz
1427 3494 1621 3533 nomen
1653 3495 1931 3534 nummum

359 3581 699 3638 accepturus.
716 3569 850 3625 Cum
869 3568 1114 3636 verojam
1135 3571 1396 3638 quosdam
1424 3586 1672 3624 nummos
1689 3574 1927 3642 accepis-

359 3674 461 3724 set,
493 3673 547 3716 et
577 3661 934 3730 quorumdam
975 3662 1254 3714 nominum
1307 3663 1695 3730 prophetarum
1745 3680 1932 3718 recor-

361 3758 517 3809 datus
548 3753 757 3816 iuisset,
793 3753 974 3804 statim
1009 3752 1166 3806 haesit
1213 3754 1495 3815 memoria,
1527 3763 1582 3807 et
1633 3755 1772 3809 ultra
1828 3772 1931 3811 non

359 3847 748 3919 suppeditavit,
781 3847 996 3899 etiamsi
1033 3846 1168 3900 alter
1201 3847 1430 3901 instaret
1459 3857 1513 3902 et
1564 3860 1802 3918 urgeret.
1842 3852 1932 3907 Sic

362 3948 600 3992 tentatus
632 3948 684 3989 et
712 3937 904 3989 irrisus
953 3935 1051 3988 fuit
1081 3951 1112 3989 a
1165 3936 1450 4003 Moratino,
1487 3948 1539 3992 et
1588 3950 1806 4008 pactum
1877 3953 1933 3996 et

359 4025 612 4079 conditio!
647 4024 899 4088 rescissa,
964 4031 1019 4077 et
1072 4023 1141 4076 ab
1176 4023 1266 4076 illo
1316 4025 1638 4092 improbata.
1691 4026 1746 4080 Si
1800 4039 1929 4084 tunc

359 4117 656 4173 adfuissent
705 4116 1020 4179 Christiani,
1083 4131 1262 4168 annon
1315 4117 1414 4184 ipsi
1473 4133 1566 4171 vos
1610 4119 1845 4173 ludibrio
1877 4132 1930 4175 et

360 4213 471 4264 risu
521 4208 880 4276 excepissent.
937 4206 1070 4259 Cum
1123 4222 1250 4275 ergo
1297 4207 1558 4274 ignoretis
1636 4212 1928 4279 propheta-

362 4316 478 4353 rum
527 4299 768 4359 nomina,
814 4298 1086 4365 quomodo
1139 4305 1344 4348 tantum
1399 4299 1780 4366 prophetarum
1827 4317 1929 4352 tnt-

2033 1830 2230 1883 λιάδων
2259 1831 2558 1901 προφητῶν
2591 1825 2665 1884 ὧν
2701 1832 2849 1900 ἡμᾶς
2878 1830 3174 1898 διδάσκεις,
3226 1830 3368 1885 ὥστε
3404 1833 3500 1886 καὶ
3540 1835 3611 1887 τὰ

2033 1924 2270 1992 ὀνόματα
2293 1922 2554 1988 ἐξειπεῖν,
2590 1925 2683 1975 za‘t
2711 1925 2736 1973 6
2755 1923 2943 1986 καθεὶς
2966 1923 3147 1974 αὐτῶν
3171 1925 3608 1994 ἐπροφήτευσεν,

2033 2013 2245 2083 ἦποῖον
2293 2013 2479 2082 θαῦμα
2523 2015 2842 2085 εἰργάσατο,
2889 2017 2982 2067 καὶ
3018 2014 3248 2077 ἕκαστος
3296 2016 3391 2068 ἐπὶ
3449 2018 3612 2069 ποίαν

2035 2101 2312 2172 βασιλείαν
2364 2105 2649 2174 ὑπῆρχενς
2704 2103 2761 2156 '0
2819 2104 3021 2174 κόσμος
3066 2104 3187 2167 ὅλος
3236 2104 3614 2176 ἑϐδομήκοντα

2033 2196 2125 2248 δύο
2147 2195 2388 2265 γλῶσσαι
2419 2198 2580 2259 εἰσιν,
2609 2195 2684 2258 ὡς
2710 2196 2957 2266 οἴδαμεν.
2991 2198 3100 2248 Καὶ
3124 2197 3218 2249 ἐὰν
3260 2196 3389 2268 ἔχῃς
3432 2199 3614 2252 εἰπεῖν

2033 2289 2175 2340 κατὰ
2197 2286 2291 2338 τὸν
2319 2286 2553 2356 ἀριθμὸν
2605 2286 2712 2339 τῶν
2775 2286 3043 2354 γλωσσῶν
3070 2289 3261 2351 τόσους
3301 2291 3612 2360 προφήτας,

2035 2378 2398 2448 ὲπιστεύομέν
2451 2395 2553 2430 σοι.
2607 2377 2721 2429 Νῦν
2765 2377 2821 2430 δὲ
2870 2377 2992 2430 οὐδὲ
3063 2381 3258 2432 ἑκατὸν
3315 2383 3615 2452 προφητῶν

2032 2470 2276 2539 ὀνόματα
2335 2471 2542 2543 δυνήσῃ
2588 2473 2790 2525 εἰπεῖν.
2870 2473 3072 2523 Ἀκουε
3135 2472 3242 2542 γὰρ
3297 2474 3429 2540 παρ’
3475 2475 3613 2544 ἐμοῦ

2047 2562 2353 2632 Ἐδεσηνοῦ.
2383 2563 2530 2616 Μίαν
2563 2558 2658 2617 οὖν
2708 2563 2819 2616 τῶν
2863 2563 3087 2633 ἡμερῶν
3124 2559 3289 2634 ἦλθεν
3334 2565 3616 2635 Ζεκχέτης

2031 2673 2137 2719 τις,
2171 2653 2330 2708 τοῦτ’
2361 2654 2530 2720 ἐστιν,
2561 2655 2894 2725 ήσυχαστὴς,
2915 2657 2999 2717 είς
3032 2654 3132 2726 τὴν
3159 2653 3364 2726 ροῦγάν
3384 2655 3616 2708 τινιτῶν

2033 2746 2376 2812 Χαλεπιτῶν,
2409 2748 2506 2802 καὶ
2552 2749 2701 2818 λέγει
2733 2733 2905 2818 αὐτῷ·
2963 2748 3091 2800 Ἐὰν
3115 2749 3334 2819 ἀγαπᾷς
3359 2749 3448 2802 τὸν
3478 2749 3617 2802 Θεὸν

2033 2841 2281 2902 καὶτοὺς
2311 2839 2622 2910 προφήτας,
2690 2839 2916 2910 χάρισόν
2949 2856 3038 2909 μοι
3072 2841 3313 2910 νόμισμα
3352 2841 3429 2905 ἒν,
3479 2839 3616 2896 ἑκά-

2035 2948 2160 2983 στου
2190 2931 2470 3000 προφήτου
2503 2929 2749 3000 όνόματι.
2783 2928 2890 2982 Καὶ
2923 2929 3216 2982 ἑκατέθετο
3243 2929 3391 2999 αὐτῷ
3430 2929 3614 2983 δοῦναι

2033 3022 2108 3085 ῶς
2139 3024 2400 3093 ῂτήσατο.
2433 3023 2544 3075 Καὶ
2578 3021 2688 3084 θεὶς
2738 3019 2968 3072 ἐνώπιον
3000 3020 3166 3072 αὐτοῦ
3213 3020 3396 3090 πλήθη
3457 3038 3616 3090 νομι-

2042 3118 2286 3186 σμάτων,
2313 3115 2598 3186 ἀπῄτησεν
2655 3113 2814 3166 αὐτὸν
2848 3101 3032 3181 λέγειν
3071 3111 3297 3174 καθενὸς
3331 3115 3616 3183 προφήτου

2037 3207 2228 3279 ὖνομα,
2258 3207 2668 3276 καὶλαμδὰνειν
2697 3205 2799 3259 ἀνὰ
2822 3205 2878 3257 ἓν
2920 3205 3185 3274 νόμισμα.
3232 3203 3288 3256 Ὁ
3343 3204 3400 3257 δὲ
3440 3205 3616 3272 ἀρξὰο

2040 3316 2199 3370 μενος
2228 3298 2322 3351 τοῦ
2347 3297 2650 3368 λαμϐάνειν
2701 3297 2767 3349 τὰ
2819 3296 3152 3365 νομίσματα,
3208 3295 3363 3364 μόλις
3407 3294 3617 3364 ἤρξατο

2037 3396 2132 3446 καὶ
2184 3391 2428 3462 ἐμνήσθη
2484 3391 2647 3444 τινῶν
2685 3388 3014 3458 ὀνομασιῶν,
3070 3388 3168 3440 καὶ
3209 3389 3616 3457 ἀπαιτούμενος

2036 3487 2135 3538 οὐκ
2176 3485 2424 3555 ἐμνήσθη
2479 3484 2579 3536 ἔτι.
2628 3483 2826 3536 Λοιπὸν
2877 3484 2973 3534 καὶ
3033 3473 3188 3543 οὗτος
3234 3480 3614 3550 κατεγελάσθη

2036 3577 2190 3648 παρὰ
2218 3577 2312 3630 τοῦ
2347 3576 2678 3645 Μορατίνου,
2726 3573 2821 3626 καὶ
2870 3571 3160 3643 ἐπειράθη,
3194 3573 3288 3624 καὶ
3333 3573 3401 3624 τὰ
3455 3589 3613 3642 νομι-

2037 3670 2233 3723 σθέντα
2292 3668 2549 3739 ὲμέμφθη
2591 3667 2722 3738 παρ’
2779 3664 2970 3718 αὐτοῦ.
3029 3664 3093 3716 Εἰ
3156 3663 3463 3734 παρέτυχον
3503 3662 3613 3732 ἄρα

2034 3764 2178 3825 τινὲς
2246 3762 2562 3832 Χριστιανοὶ
2627 3753 2751 3822 ὦδε,
2804 3759 2865 3810 οὐ
2895 3756 3273 3824 κατεγέλασαν
3305 3754 3370 3808 ἂν
3421 3757 3609 3823 ὑμᾶς,

2037 3857 2160 3916 Πῶς
2185 3854 2277 3906 οῦν
2317 3855 2495 3922 ὑμεῖς,
2550 3854 2672 3904 ἐπεὶ
2701 3853 2762 3904 οὐ
2806 3852 3106 3918 γινώσκετε
3152 3847 3262 3901 τῶν
3314 3848 3612 3919 προφητῶν

2034 3948 2292 4016 ὀνόματα,
2320 3943 2589 3997 τοσούτων
2629 3944 2837 4013 πλῆθος
2885 3941 3185 4013 προφητῶν
3240 3941 3418 4008 λέγεις
3464 3939 3611 4010 ἔχειν

2035 4040 2215 4108 ὑμᾶςς
2259 4039 2368 4090 Καὶ
2428 4037 2822 4106 ἁπετόλμησας
2870 4036 2933 4088 σὺ
2977 4032 3212 4104 ζητῆσαι
3254 4033 3492 4087 τοσαῦτα
3524 4049 3610 4084 νο-

2038 4131 2285 4201 μίσματα
2317 4131 2446 4198 περὶ
2480 4122 2555 4182 ὧν
2581 4129 2643 4180 οὐ
2672 4126 2962 4196 γινώσκεις
2993 4126 3229 4196 ἀριθμὸν
3270 4126 3376 4191 τῶν
3407 4125 3607 4195 ὐμετέο

2041 4240 2149 4293 ρων
2191 4221 2510 4292 προφητῶν.
2547 4221 2740 4286 Λέγεις
2773 4236 2862 4289 μοι
2891 4219 3076 4284 πάλιν,
3102 4220 3183 4270 ὅτι
3218 4218 3432 4288 πρῶτος
3475 4233 3610 4288 προ-

2035 4315 2210 4383 φήτης
2233 4315 2380 4366 ἐστὶν
2433 4315 2460 4364 6
2506 4311 2699 4381 Ἀδὰμ,
2760 4313 2855 4364 καὶ
2915 4312 3144 4380 ἔσχατος
3194 4313 3222 4364 6
3281 4311 3606 4380 Μουχάμετ.

364 4405 569 4443 merum
619 4389 757 4456 apud
817 4401 912 4440 vos
965 4387 1212 4440 lloruisse
1255 4388 1468 4440 audetis
1531 4404 1804 4454 asserere,
1873 4403 1926 4445 et

2037 4405 2282 4474 Ἄφρων,
2300 4406 2390 4456 καὶ
2421 4404 2525 4466 ἔξω
2552 4404 2650 4474 τῆς
2681 4399 2960 4472 ἁλήθείας.
3011 4404 3099 4457 Ἑν
3121 4403 3397 4474 διαφόροις
3421 4405 3610 4466 τόποις

359 4497 527 4553 quare
552 4497 656 4533 non
711 4479 987 4533 erubescis
1039 4487 1115 4532 tot
1163 4494 1413 4533 nummos
1460 4479 1757 4549 efﬂagitare
1796 4493 1928 4550 quot

359 4575 722 4629 suntnomina
776 4571 1188 4637 prephetarum,
1226 4586 1343 4638 quae
1394 4581 1571 4623 tamen
1623 4587 1928 4626 memorare

360 4683 463 4721 non
497 4677 670 4734 potes,
703 4672 756 4714 et
787 4671 911 4714 sunt
947 4661 1037 4714 tibi
1092 4676 1317 4728 prorsus
1367 4662 1568 4729 ignota.
1605 4660 1710 4714 Sed
1745 4664 1808 4715 ad
1863 4678 1927 4717 ea

359 4759 604 4828 qna-dixi
634 4769 824 4807 rursus
867 4753 1094 4822 rogeris,
1115 4755 1381 4806 Adatnum
1410 4754 1575 4806 fuisse
1617 4757 1935 4823 prophetam

359 4853 620 4922 primum;
644 4847 1071 4900 Mnhannnedetn
1092 4861 1220 4899 vero
1249 4846 1494 4899 ultimum
1518 4846 1702 4901 fuisse.
1735 4847 1940 4903 lusulse

360 4952 414 4997 et
439 4941 793 5008 extrajacens
824 4937 1068 4993 veritatis
1093 4940 1345 4992 orbitam.
1382 4937 1435 4990 ln
1469 4941 1632 4993 Variis
1687 4941 1821 4995 locis
1845 4944 1937 4996 de-

361 5033 623 5102 prehendi
655 5041 705 5084 te
731 5031 1023 5093 dicentem,
1060 5031 1201 5097 quod
1238 5040 1359 5083 erat
1392 5031 1764 5094 Muhammed,
1809 5047 1936 5089 ante

2036 4494 2249 4565 εὕρηκά
2289 4511 2372 4558 σε,
2405 4497 2478 4558 ὼς
2511 4497 2711 4562 λέγεις,
2741 4497 2822 4548 ὅτι
2847 4499 2873 4548 6
2902 4496 3196 4565 Μουχάμετ
3241 4497 3346 4565 πρὸ
3377 4497 3610 4548 καταϐο-

2035 4588 2132 4658 λῆς
2171 4587 2376 4650 κόσμου
2437 4583 2525 4658 ἦν.
2580 4588 2687 4640 Καὶ
2740 4588 3096 4658 ἐρωτώμενος
3157 4586 3286 4658 παρ’
3337 4589 3471 4658 ἐμοῦ
3506 4589 3609 4641 ποῦ

2041 4678 2336 4740 ὲκατοίκει,
2393 4682 2486 4730 καὶ
2539 4677 2742 4745 λέγεις·
2781 4679 3002 4741 Μεταξὺ
3055 4678 3230 4749 πηλοῦ
3287 4682 3378 4732 καὶ
3419 4680 3609 4743 ὕδατος

2036 4771 2355 4840 ἐκρύπτετο.
2379 4773 2487 4823 Καὶ
2515 4771 2698 4823 λοιπὸν
2721 4771 2834 4832 πῶς
2856 4771 3080 4838 ὕστερόν
3106 4772 3251 4824 ἐστιν
3273 4771 3364 4824 τοῦ
3401 4772 3573 4840 Ἀδὰμ
3594 4813 3608 4835 ,

2039 4864 2229 4933 ἐπειδὴ
2265 4865 2373 4934 πρὸ
2444 4865 2763 4934 καταϐολῆς
2814 4865 3024 4934 κόσμου
3077 4866 3357 4935 ὑπῆρχεν;
3408 4867 3479 4918 Σῦ
3515 4867 3610 4926 καὶ

2038 4950 2169 5002 αὐτὸ
2198 4949 2396 5018 λέγεις.
2426 4951 2497 5003 Σὺ
2538 4951 2632 5003 καὶ
2667 4951 3016 5022 ἀνατρέπεις,
3073 4953 3168 5006 καὶ
3203 4954 3317 5017 πῶς
3352 4954 3452 5006 οὐκ
3486 4955 3609 5024 ἐρυ-

2040 5040 2218 5109 θριᾷς,
2257 5040 2526 5104 ἁσῦνετες
2588 5094 2596 5102 ,

353 5129 495 5196 jacta
521 5122 706 5178 mundi
741 5122 1113 5185 fundamenta,
1145 5133 1200 5175 et
1236 5131 1453 5191 rogatus
1505 5139 1533 5174 a
1567 5137 1651 5177 me
1710 5127 1928 5182 ubinam
1994 5133 2292 5196 habitabat,
2365 5135 2565 5186 asset-is
2627 5133 2774 5186 illum
2803 5133 3132 5186 occultatum
3164 5135 3326 5188 fuisse
3357 5137 3496 5191 inter
3524 5139 3608 5189 lu-

360 5231 469 5274 tum
495 5228 792 5283 ctaqttani.
827 5211 884 5266 Si
919 5227 1047 5264 vero
1081 5227 1166 5266 res
1213 5214 1286 5265 ita
1330 5229 1388 5266 se
1419 5215 1634 5279 habeat,
1661 5222 1930 5286 quomodo
1986 5232 2068 5275 est
2131 5234 2372 5294 tempore
2434 5227 2641 5278 Adamo
2689 5227 2975 5291 posterior.
3024 5229 3066 5279 si
3105 5227 3357 5280 nimirum
3403 5231 3612 5282 exstitit

357 5326 481 5370 ante
507 5311 779 5367 conditum
815 5308 1109 5361 mundum?
1141 5306 1222 5362 Tu
1277 5310 1416 5364 idem
1459 5311 1660 5366 asseris
1689 5324 1738 5367 et
1772 5318 1991 5372 evertis.
2030 5319 2073 5372 0
2139 5321 2314 5374 omnis
2345 5320 2670 5390 cognitionis
2726 5336 2941 5389 expers,
2984 5335 3150 5389 quare
3218 5329 3271 5373 tu
3333 5337 3438 5374 non
3476 5337 3605 5376 eru-

354 5411 530 5466 bescis
550 5407 572 5459 ?
2571 5411 2573 5414 ’

427 5507 532 5560 Sed
563 5506 755 5558 iterum
789 5514 841 5558 te
863 5498 1209 5567 interrogabo
1243 5511 1256 5548 :
1299 5497 1382 5549 dic
1403 5511 1532 5563 ergo
1563 5497 1690 5552 mihi
1728 5501 1817 5553 ubi
1872 5511 1926 5555 et

2119 5506 2260 5559 Ἀλλ’
2287 5507 2476 5576 ἐρωτῶ
2503 5525 2563 5560 σε
2595 5507 2776 5571 πάλιν,
2805 5505 2898 5558 καὶ
2920 5505 3041 5557 εἰπέ
3074 5521 3183 5573 μοι,
3212 5505 3340 5571 ποῦ,
3360 5508 3454 5559 καὶ
3473 5509 3603 5560 πότε

355 5600 570 5665 quando
592 5611 751 5652 natus
797 5602 882 5649 est
912 5590 1277 5655 liluhannned,
1322 5603 1430 5657 quo
1485 5589 1782 5657 profectus,
1814 5594 1929 5646 ubi-

2033 5597 2301 5667 ἐγεννήθη
2335 5599 2362 5650 6
2391 5597 2725 5667 Μουχόιμετ,
2760 5596 2854 5648 καὶ¹
2897 5593 2998 5645 ποῦ
3022 5576 3458 5661 ἐπορεύετο,’καὶ
3500 5593 3605 5646 ποῦ
3649 5621 3652 5624 -

363 5703 484 5744 nam
513 5699 756 5745 mortuus
793 5696 846 5742 et
871 5682 1261 5741 humanitatem
1291 5680 1465 5750 exuit,
1532 5691 1625 5736 aut
1657 5685 1928 5752 quomodo

2033 5689 2320 5756 ἀπέθανεν,
2357 5691 2388 5758 ἦ
2428 5691 2455 5742 ὁ
2489 5690 2669 5759 πατὴρ
2716 5687 2901 5752 αὐτοῦ,
2939 5683 3032 5738 καὶ
3098 5686 3124 5738 6
3173 5684 3398 5748 πάππος
3433 5685 3602 5737 αὑτοῦ
