3978 6238
369 253 503 318 1417

1568 254 2047 317 CONFUTATIO
2087 258 2454 319 AGARENI.

3483 262 3626 331 1418

362 368 480 430 rit-3;
520 365 806 421 καλεῖται’
836 367 1016 421 πάντα
1037 366 1096 420 οὐ
1131 368 1442 435 γινώσκεις.
1479 366 1623 421 Ἀλλ’
1652 368 1763 438 ἐγὼ
1786 370 1934 437 γινώ-

2053 382 2215 441 pater
2260 373 2404 429 illius
2454 382 2543 427 aut
2584 387 2718 430 avus
2764 373 3078 430 vocabatur.
3128 374 3234 431 Ista
3270 377 3452 432 omnia
3518 394 3625 437 non

361 477 500 523 σκω,
547 459 643 511 καὶ
689 459 870 522 καλῶς
927 459 1253 528 ἐπίσταμαι.
1319 460 1445 512 Ἐὰν
1495 462 1713 528 ἀγνοεῖς
1764 464 1833 515 τὰ
1878 462 1947 515 σὰ

360 554 691 623 γράμματα,
725 551 818 604 καὶ
836 553 905 604 τά
923 551 1053 621 ἐμά.
1084 550 1201 604 Κᾶν
1228 552 1291 603 σὺ
1317 550 1388 605 τὰ
1419 551 1525 620 ὲμά
1546 554 1607 605 ού
1631 552 1945 621 γινώσκεις,

358 644 597 699 ἄκουσον
626 645 813 697 λοιπὸν
838 644 933 697 ἀπ’
984 644 1141 716 ἐμοῦ,
1199 647 1294 698 καὶ
1346 644 1629 716 διδάχθητι
1674 646 1736 699 οὐ
1784 647 1947 717 μόνον

361 739 493 806 περὶ
524 734 620 788 τοῦ
653 736 891 790 πάππου
917 736 1108 799 αὑτοῦ,
1137 737 1273 789 ἀλλά
1303 738 1398 791 καὶ
1429 738 1533 801 ἕως
1566 740 1764 806 γενεάς
1812 740 1945 794 δέκα

357 831 471 891 τοῖς
498 829 721 883 ἑαυτοῦ.
769 828 912 895 Ἐγὼ
941 828 999 881 δὲ
1030 828 1119 881 διὰ
1152 829 1498 882 ἀναδιδάσκω
1529 830 1621 883 τὸν
1661 832 1774 884 υἱόν
1817 846 1941 900 μου·

357 921 453 973 τὸν
492 922 549 973 δὲ
581 922 697 974 υίόν
727 939 827 991 μου
877 921 979 975 οὐκ
1025 921 1305 986 ἐνδέχεται
1337 921 1497 975 τοῦτο
1532 926 1729 987 ποιεῖν,
1771 925 1853 977 ὃτι
1880 925 1943 978 οὐ

355 1012 604 1068 δύ·.αται.
639 1011 797 1067 Οὕτω
827 1014 937 1085 γὰρ
963 1014 1058 1067 καὶ
1110 1013 1264 1082 ὑμεῖς
1298 1014 1357 1065 ού
1410 1014 1640 1067 δύνασθε
1688 1018 1817 1087 περὶ
1847 1018 1942 1071 τοῦ

361 1106 661 1175 Μουχάμετ
698 1104 942 1176 ἀκριϐῶς
970 1105 1190 1170 εἰδέναι,
1221 1105 1296 1167 ὡς
1323 1106 1485 1175 ἡμεῖς
1506 1107 1554 1158 oi
1577 1108 1899 1197 Χριστιανοέ
1924 1126 1937 1139 ·

355 1196 493 1248 διότι
523 1198 683 1266 ἡμεῖς
714 1196 820 1267 πρὸ
854 1196 948 1249 τοῦ
976 1198 1281 1266 Μουχάμετ
1325 1196 1511 1265 ἐσμὲν,
1563 1199 1657 1250 καὶ
1697 1196 1944 1269 ἁκριόῶς

360 1290 432 1343 τὰ
458 1290 575 1342 κατ’
606 1290 773 1343 αὑτοῦ
801 1290 1037 1344 ἅπαντα.
1065 1291 1256 1359 Ὅμως
1289 1293 1382 1344 καὶ
1427 1290 1521 1342 ἐὰν
1546 1292 1726 1344 οἴδατε
1758 1293 1939 1362 ὑμεῖς,

357 1379 576 1445 δείξατε
609 1384 743 1451 ἡμῖν
769 1382 902 1454 περὶ
948 1382 1049 1452 τῆς
1084 1384 1394 1453 γεννήσεως
1442 1384 1608 1437 αὑτοῦ
1645 1384 1747 1439 κᾶν
1813 1385 1943 1456 μίαν

357 1475 577 1545 ἑορτὴν,
613 1474 711 1526 καὶ
766 1475 895 1544 περὶ
952 1474 1047 1527 τοῦ
1095 1474 1476 1544 ἀναληφθῆναι
1510 1475 1673 1529 αὐτὸν
1721 1479 1804 1539 είς
1849 1476 1943 1530 τὸν

355 1562 606 1632 οὐρανόν.
644 1563 781 1616 Εἰπέ
840 1580 953 1633 μοι,
1020 1564 1073 1615 τί
1126 1564 1440 1634 ὲορτάζειςς
1484 1564 1517 1635 ἢ
1576 1565 1676 1618 καὶ
1726 1566 1814 1619 διὰ
1842 1568 1942 1639 τὴν

356 1656 526 1727 θανὴν
554 1654 745 1718 αὐτοῦ,
800 1656 896 1709 καὶ
942 1655 1286 1735 ποῦγὲτάφη,
1333 1658 1427 1709 καὶ
1463 1657 1546 1720 τίς
1596 1657 1941 1730 ήψαλμῳδία

2047 466 2214 531 nosti,
2237 466 2452 520 illorum
2489 481 2619 520 vero
2652 480 2760 521 non
2792 481 2911 522 sum
2947 467 3190 537 ignarus,
3224 468 3333 523 imo
3367 484 3428 525 ea
3455 476 3626 540 probe

2048 556 2194 609 novi.
2236 556 2458 626 Ignoras
2488 556 2671 612 forsan
2714 567 2805 613 tua
2837 559 2983 614 sicut
3014 570 3225 615 nostra.
3281 559 3388 617 Sed
3450 563 3496 617 si
3529 578 3629 619 no-

2046 654 2165 698 stra
2206 645 2303 700 tibi
2342 657 2469 701 sunt
2500 648 2926 719 incognita,audi
2962 659 3051 703 tua
3091 660 3149 705 et
3172 650 3320 706 disce
3352 667 3380 705 a
3403 667 3493 707 me
3516 669 3627 709 non

2048 746 2259 791 tantum
2296 739 2421 809 quis
2450 739 2615 794 fuerit
2658 740 2803 795 illius
2859 750 3018 810 pater
3065 753 3158 797 aut
3191 758 3347 806 avus,
3374 746 3470 799 sed
3498 746 3625 801 audi

2044 843 2259 883 sursum
2278 840 2333 885 et
2356 840 2524 895 retro,
2555 830 2753 886 decem
2784 830 2930 886 illius
2952 832 3352 901 generationes.
3370 833 3480 905 Ego
3505 835 3627 904 qui-

2044 919 2167 974 dem
2203 922 2379 977 doceo
2410 922 2579 976 ﬁlium
2604 938 2805 986 meum,
2840 924 2934 979 sed
2967 924 3055 980 ille
3079 940 3184 980 non
3222 924 3360 981 idem
3406 935 3627 995 pmstat

2044 1023 2098 1063 et
2141 1028 2326 1067 revera
2354 1028 2459 1067 non
2491 1023 2690 1083 potest.
2742 1014 2834 1069 Sic
2872 1015 3037 1071 etiam
3086 1031 3194 1069 non
3233 1017 3461 1084 potestis
3514 1025 3623 1070 tam

2048 1112 2305 1156 accurate
2329 1118 2390 1157 ea
2419 1118 2575 1158 nosse
2601 1120 2721 1172 quae
2750 1113 3000 1174 spectant
3020 1104 3460 1162 Muhammedem
3483 1107 3628 1161 sicut

2047 1209 2143 1247 nos
2169 1195 2465 1249 Christiani
2494 1211 2511 1261 ς
2540 1211 2663 1250 nam
2686 1211 2871 1251 sumus
2894 1197 3015 1265 ipso
3038 1197 3415 1253 Muhammede
3453 1200 3625 1254 multo

2047 1290 2393 1356 vetustiores,
2424 1298 2481 1343 et
2509 1305 2628 1359 quae
2652 1292 2719 1344 ad
2750 1291 2899 1345 illum
2947 1292 3220 1361 pertinent
3285 1293 3439 1347 nobis
3500 1307 3625 1361 per-

2055 1378 2242 1447 spicue
2280 1380 2497 1449 cognita
2523 1389 2673 1435 sunt.
2705 1381 2905 1435 Dicatis
2928 1394 3057 1450 ergo
3083 1380 3239 1453 nobis
3261 1380 3307 1435 si
3345 1380 3447 1437 hoc
3471 1382 3625 1436 vobis

2045 1470 2116 1524 sit
2160 1470 2460 1539 cognitum,
2496 1471 2767 1540 quodnam
2816 1471 3016 1527 festum
3071 1473 3381 1529 celebretur
3406 1474 3459 1528 in
3511 1489 3625 1530 me-

2047 1563 2273 1616 moriam
2314 1564 2612 1617 nativitatis
2639 1576 2693 1619 et
2742 1565 3128 1634 assumptionis
3168 1565 3313 1620 illius
3346 1567 3399 1620 in
3431 1567 3621 1623 caelos.

2047 1650 2141 1707 Dic
2169 1652 2299 1706 mihi
2340 1668 2461 1721 qua;
2495 1654 2611 1708 dies
2650 1653 2910 1710 solemnis
2947 1656 3192 1711 instituta
3224 1656 3289 1711 ad
3326 1657 3625 1715 nativitatis

356 1748 457 1818 τῆς
482 1747 796 1816 κοιμήσεως
829 1746 997 1801 αὑτοῦ
1023 1729 1139 1813 ςΤά
1173 1746 1356 1817 βιϐλία
1390 1748 1543 1817 ὑμῶν
1569 1749 1677 1818 ὅλα,
1700 1729 1934 1820 διῆλθον,

2050 1745 2131 1798 vel
2166 1744 2358 1799 mortis
2378 1746 2460 1800 vel
2494 1748 2790 1815 sepultum
2827 1747 2971 1802 illius
3018 1749 3341 1802 memoriam
3374 1748 3623 1805 recolen-

355 1840 453 1894 καὶ
502 1840 764 1909 οὐδεμίαν
829 1831 992 1910 εὗρον
1064 1839 1322 1893 ὑπόθεσιν
1363 1840 1760 1911 γεγραμμένην
1810 1842 1942 1912 περὶ

359 1932 586 1984 ἐπαίνου
618 1931 712 1985 καὶ
766 1930 961 2001 ὕμνου.
995 1930 1131 1983 Οὐδὲ
1185 1932 1219 2000 ἡ
1284 1930 1470 2002 μήτηρ
1508 1931 1672 1985 αὑτοῦ
1729 1934 1941 2003 ἰεμένα

357 2021 686 2093 ὲχαιρετήθη
719 2022 824 2074 ὑπὸ
878 2022 975 2074 τοῦ
1020 2022 1285 2092 Γαϐριὴλ,
1339 2021 1466 2075 οὔτε
1525 2024 1558 2094 ὴ
1606 2023 1835 2095 δύναμις
1880 2025 1940 2091 ἐξ

355 2112 527 2176 ὕψους
582 2111 820 2183 κατῴκει
855 2114 913 2165 ὲν
954 2112 1112 2183 αὐτῇ,
1160 2114 1253 2166 καὶ
1287 2112 1484 2181 ἔγγυος
1521 2114 1766 2182 γέγονεν,
1809 2116 1938 2170 οὔτε

357 2204 585 2265 Πνεῦμα
611 2204 1053 2271 ἆγιοεβὲκάλεσεν
1093 2204 1264 2274 αὐτὴν
1291 2205 1477 2271 ἁγίαν,
1534 2206 1629 2259 καὶ
1687 2207 1794 2277 πρὸ
1841 2207 1937 2260 τοῦ

349 2297 517 2350 τόκου
570 2297 860 2368 παρθένον,
894 2298 989 2350 καὶ
1031 2297 1170 2367 μετά
1211 2298 1371 2350 τόκον
1424 2299 1695 2367 παρθένον
1734 2300 1933 2369 μένειν.

355 2391 417 2443 Εἰ
456 2392 530 2460 μὴ
572 2389 645 2462 [ὲ]
677 2390 867 2462 γράφη
901 2390 1097 2454 οὕτως,
1126 2391 1208 2442 ὅτι
1238 2390 1345 2443 ὑπὸ
1388 2391 1597 2443 πολλῶν
1635 2391 1938 2462 ἀνθρώπων

350 2482 517 2551 δούλη
549 2483 851 2554 ἠγοράσθη.
914 2482 1040 2545 Πῶς
1082 2483 1253 2553 αὐτὴν
1293 2482 1389 2554 τὴν
1444 2484 1658 2554 δούλην,
1696 2486 1788 2536 καὶ
1839 2484 1937 2555 τὴν

352 2572 536 2638 ἀγίαν,
570 2572 664 2623 κᾸι
696 2573 994 2641 μακαρίαν,
1031 2573 1125 2625 καὶ
1159 2573 1503 2643 παναμωμον
1534 2574 1808 2643 Παρθένον
1836 2576 1935 2645 τὴν

355 2664 584 2734 Μητέρα
606 2664 698 2716 τοῦ
720 2665 855 2717 Θεοῦ
876 2666 1051 2732 Λόγου
1070 2665 1195 2727 ῑσας
1226 2668 1418 2728 ποιεῖς,
1440 2665 1626 2738 ὥσπερ
1657 2667 1757 2719 οὐκ
1788 2667 1935 2719 ἔστιν

349 2756 412 2808 ὲν
439 2758 627 2819 αὐταῖς
661 2756 878 2827 ίσότης;
912 2756 1069 2809 Οὕτω
1099 2757 1191 2809 καὶ
1239 2759 1266 2809 6
1300 2758 1600 2828 Μουχάμετ
1642 2759 1752 2821 ῐσος
1785 2760 1935 2812 ἐστὶν

348 2846 433 2915 τῷ
463 2847 707 2917 Χριστῷ,
741 2849 825 2901 ὅτι
852 2849 882 2901 6
906 2849 1208 2919 Μουχὰμετ
1234 2851 1465 2919 νεκροὺς
1492 2853 1589 2903 οὐκ
1615 2852 1930 2921 ἀνέστησεν,

350 2937 467 2991 ἀλλ’
496 2940 616 2992 οὐδὲ
638 2940 713 3002 ὠς
761 2942 790 2993 ὁ
839 2941 1073 3006 Χριστὸς
1118 2941 1209 2994 τὸν
1264 2943 1642 3011 τετραήμερον
1679 2944 1933 3015 Λάζαρον

348 3030 672 3101 ἀνέστησεν,
701 3030 824 3083 οὐδὲ
846 3031 938 3083 τοῦ
957 3033 1361 3100 γεγεννημένου
1387 3033 1587 3102 τυφλοῦ
1612 3034 1821 3105 ἤνοιξεν
1836 3036 1932 3104 ὀφ-
1958 3071 2002 3129 c

351 3122 619 3193 θαλμοὺς,
651 3123 776 3175 οὔτε
827 3125 1007 3177 πᾶσαν
1037 3125 1221 3176 -νόσον
1276 3126 1370 3177 καὶ
1422 3128 1602 3178 πᾶσαν
1659 3126 1931 3195 μαλακίαν

350 3216 749 3286 ἐθεράπευσεν,
806 3215 1042 3286 λεπροὺς
1090 3217 1189 3268 οὐκ
1252 3217 1781 3287 ἐῑκαθὰρισε,κωφολ⁹
1839 3220 1933 3272 καὶ

348 3308 541 3363 αλαλοι
571 3309 669 3361 ούκ
700 3308 934 3375 ίάθησαν
965 3309 1097 3377 παρ’
1142 3308 1329 3370 αὑτοῦ,
1372 3308 1497 3360 οὔτε
1548 3308 1670 3378 βίαν
1714 3311 1933 3380 ἀνέμων

353 3401 448 3453 καὶ
469 3401 821 3469 ἀγριαίνοντα
847 3400 1066 3469 κύματα
1096 3399 1345 3469 ἔστησεν,
1376 3400 1469 3451 καὶ
1485 3402 1543 3452 ὲν
1564 3398 1719 3453 ὕδατι
1742 3401 1932 3473 ῶσπερ

353 3493 527 3564 ξηρᾶς
554 3492 979 3561 ὲπεριπὰτησεν,
1028 3492 1123 3543 καὶ
1181 3493 1261 3554 είς
1312 3493 1437 3553 τοὺς
1476 3492 1724 3562 μαθητὰς
1767 3492 1931 3546 αὑτοῦ

349 3583 455 3635 οὐκ
491 3582 741 3652 εἰσῆλθεν
783 3582 893 3635 τῶν
932 3582 1113 3653 θυρῶν
1169 3582 1601 3651 κεκλεισμένων,
1639 3582 1765 3636 οὔτε
1805 3601 1934 3654 μετ-

351 3674 648 3746 εμορφώθη
667 3675 903 3745 πρόσθεν
930 3675 1038 3729 τῶν
1066 3676 1321 3744 μαθητῶν
1347 3674 1536 3741 αὐτοῦ,
1561 3677 1655 3728 καὶ
1678 3677 1932 3748 ἀναμάρ-

351 3786 519 3840 τητος
574 3769 676 3822 ούκ
719 3765 808 3840 ἦν,
863 3767 987 3822 οὔτε
1042 3770 1333 3833 ἀθάνατος,
1369 3768 1929 3841 ούτειδικαιοκριτής.

354 3861 479 3924 Πῶς
509 3860 622 3915 ἴσον
656 3862 830 3924 ποιεῖς
860 3861 1022 3913 αὑτὸν
1051 3860 1131 3930 τῷ
1164 3859 1417 3931 Χριστῷ;
1457 3861 1579 3913 ἐπεὶ
1614 3860 1855 3914 τοιοῦτόν
1877 3878 1931 3914 τι

348 3953 415 4006 οὑ
444 3953 746 4024 πεποίηκεν
771 3954 798 4005 6
820 3952 1141 4022 Μουκὰμετ,
1177 3952 1299 4005 οὐδὲ
1338 3952 1467 4006 ἄλλο
1521 3952 1709 4023 ἕτερον
1735 3953 1795 4005 τὸ
1824 3954 1932 4006 οἱο-

351 4044 497 4098 νοῦν.
555 4043 693 4098 Οῦτε
742 4043 1000 4115 ἀληθείας
1048 4046 1328 4115 ἐχόμενος,
1379 4042 1504 4096 οὔτε
1561 4044 1928 4115 δικαιοσύνης,

349 4137 488 4191 ἀλλά
538 4138 760 4207 μᾶλλον,
808 4138 890 4191 ὅτι
959 4139 1141 4191 πᾶσαν
1202 4136 1421 4190 ἀδικίαν
1484 4136 1787 4200 ἐνεδείξατο
1833 4137 1930 4189 καὶ

346 4230 635 4296 διετάξατο
690 4229 1015 4299 φονεύεσθαι
1052 4230 1230 4283 πάντα
1280 4229 1373 4280 τὸν
1433 4228 1509 4298 μὴ
1565 4228 1796 4297 λέγοντα
1823 4230 1925 4281 αύ-

348 4324 441 4377 τδν
490 4322 627 4376 Θεοῦ
660 4324 987 4377 ἀπόστολον.
1045 4323 1158 4374 Καὶ
1200 4323 1264 4375 σὺ
1313 4320 1494 4389 λέγεις
1545 4321 1800 4386 ἀναιδῶς,
1844 4321 1928 4373 ὅτι

2044 1834 2165 1888 dam
2189 1851 2203 1899 ;
2227 1836 2390 1905 quina
2404 1852 2453 1890 m
2478 1838 2671 1907 psalmi
2697 1846 2751 1892 et
2764 1838 2881 1892 ode
2899 1839 3259 1894 decantantur
3280 1840 3333 1894 in
3362 1842 3621 1896 honorem

2042 1928 2389 1984 dormitionis
2412 1929 2595 1983 illius?
2633 1926 2837 1983 Omnes
2889 1938 3011 1985 tuos
3044 1930 3214 1987 libros
3269 1932 3473 1998 evolvi,
3528 1934 3624 1988 sed

2044 2021 2247 2075 nullutn
2270 2022 2449 2076 inveni
2471 2031 2876 2092 argumentum,
2895 2023 2979 2078 vel
3002 2023 3427 2079 declarationem
3450 2025 3625 2094 scrip-

2042 2120 2152 2165 tam
2186 2113 2253 2167 de
2276 2113 2532 2169 laudibus
2565 2121 2621 2169 et
2646 2115 2848 2185 hymno
2883 2115 3080 2185 quibus
3106 2114 3616 2172 fueritcelebratus.

2040 2203 2151 2260 Nec
2206 2207 2430 2275 angelus
2486 2206 2707 2261 Gabriel
2756 2206 3010 2262 salutavit
3065 2206 3622 2264 JemenamMubam-

2042 2297 2215 2352 tnedis
2237 2308 2492 2364 matrem,
2522 2315 2625 2355 nec
2650 2299 2823 2355 virtus
2854 2300 3119 2356 Altissimi
3157 2302 3210 2355 in
3230 2300 3317 2355 illa
3354 2301 3620 2357 habitavit

2040 2399 2099 2443 ut
2147 2405 2434 2461 prmguans
2507 2400 2561 2445 et
2609 2392 2835 2462 gravida
2893 2393 3178 2463 evaderetl,
3228 2408 3331 2448 nec
3384 2390 3618 2464 Spiritus

2039 2492 2262 2536 sanctus
2294 2482 2442 2537 illam
2478 2483 2695 2537 vocavit
2722 2490 2969 2539 sanctam
2998 2523 3014 2547 ,
3044 2498 3145 2540 nec
3191 2483 3293 2538 fuit
3314 2484 3463 2555 virgo
3488 2492 3617 2540 ante

2038 2583 2275 2642 partum,
2326 2587 2426 2628 nec
2480 2584 2602 2644 post
2644 2586 2857 2644 partum
2900 2576 3051 2644 virgo
3103 2578 3320 2633 mansit.
3356 2578 3463 2633 Sed
3495 2587 3615 2633 tan-

2039 2674 2149 2719 tum
2176 2667 2275 2721 hoc
2296 2668 2554 2735 scriptum
2574 2667 3046 2738 invenitur,qnod,
3069 2684 3190 2724 cum
3213 2679 3359 2725 esset
3375 2684 3553 2738 serva,
3585 2688 3613 2724 a

2037 2758 2200 2811 variis
2230 2758 2543 2813 hominibus
2593 2759 2868 2829 redempta
2933 2760 3128 2825 fuerit;
3164 2761 3434 2831 quomodo
3487 2777 3618 2831 ergo

2038 2849 2195 2902 istam
2221 2864 2455 2915 servam,
2478 2860 2533 2905 et
2561 2852 3480 2919 sanctam,beatam,immaculatam
3503 2853 3617 2908 Ma-

2036 2951 2172 2995 trem
2190 2942 2282 2995 Dei
2304 2942 2486 3004 Verbi,
2507 2958 2769 3013 suppares
2799 2944 2953 3009 facis,
2986 2960 3111 2999 cum
3140 2946 3285 3001 inter
3324 2945 3446 3000 illas
3473 2945 3615 3000 nulla

2036 3033 2108 3085 sit
2140 3033 2446 3102 aequalitas.
2478 3033 2569 3088 Sic
2610 3033 2953 3089 Muhammed
3020 3034 3229 3090 scilicet
3254 3044 3338 3090 est
3391 3036 3617 3105 aequalis

2036 3127 2274 3192 Christo,
2299 3142 2419 3180 cum
2456 3138 2636 3181 tamen
2669 3135 2917 3181 mortuos
2974 3143 3080 3180 non
3124 3128 3474 3194 excitaverit,
3518 3146 3617 3185 nec

2037 3220 2175 3273 sicut
2210 3220 2460 3274 Christus
2481 3220 2904 3288 quatriduanutn
2934 3220 3204 3273 Lazarum
3229 3222 3293 3273 ad
3330 3222 3497 3275 vitam
3526 3238 3614 3277 re-

2039 3312 2331 3375 vocaverit,
2370 3327 2468 3365 nec
2497 3315 2622 3366 caci
2643 3312 2831 3366 oculos
2861 3313 3098 3380 aperuit,
3144 3328 3244 3368 nec
3264 3314 3447 3368 omnia
3468 3330 3616 3370 mor-

2036 3404 2227 3458 borum
2260 3414 2314 3456 et
2342 3402 2713 3457 inﬁrinitatum
2745 3419 2943 3473 genera
2973 3404 3204 3468 curavit,
3232 3422 3330 3459 nec
3354 3407 3502 3475 lepra
3537 3409 3616 3462 la-

2039 3493 2294 3548 borantes
2318 3493 2622 3555 mundavit,
2647 3510 2744 3547 nec
2762 3495 2907 3548 surdi
2930 3509 3029 3548 nec
3055 3498 3190 3550 muti
3209 3498 3277 3551 ab
3295 3498 3386 3551 illo
3413 3500 3611 3565 sanati,

2037 3600 2136 3638 nec
2168 3585 2274 3638 vim
2307 3593 2590 3639 ventorum
2619 3584 2969 3654 {arentesque
2995 3586 3192 3642 lluctus
3252 3593 3610 3658 compescuit,

2037 3691 2138 3732 nec
2167 3677 2339 3730 salum
2391 3685 2448 3729 ut
2508 3676 2681 3730 solum
2740 3679 2968 3747 pedibus
3014 3680 3266 3745 calcavit,
3310 3680 3613 3748 necjauuis

2034 3768 2233 3822 clausis
2263 3769 2328 3821 ad
2362 3767 2657 3836 discipulos
2713 3784 2840 3824 suos
2870 3772 3196 3839 penetravit,
3226 3786 3325 3827 uec
3387 3772 3609 3826 transﬁ-

2034 3860 2378 3929 guratusluit
2412 3875 2596 3917 coram
2624 3862 2750 3928 illis,
2778 3877 2876 3917 nec
2909 3862 3007 3916 fuit
3037 3865 3243 3932 peccati
3275 3880 3468 3932 purus,
3514 3878 3617 3919 nec

2034 3952 2383 4018 immortalis,
2411 3969 2511 4009 nec
2534 3954 2700 4022 judex
2743 3954 3108 4022 aequissimus.
3144 3956 3426 4022 Quomodo
3483 3972 3613 4027 ergo

2032 4043 2463 4099 Mahummedem
2478 4045 2696 4099 Christo
2708 4062 2770 4113 pa
2780 4060 2891 4099 rem
2908 4055 3059 4113 potes
3074 4060 3468 4111 asserere,cum
3482 4048 3611 4102 talia

2032 4136 2119 4191 vel
2150 4136 2349 4189 similia
2392 4151 2672 4204 nunquam
2705 4136 2794 4189 ille
2831 4135 3170 4205 praestiterit,
3204 4152 3305 4191 nec
3357 4138 3612 4192 veritatis

2031 4238 2085 4280 et
2106 4228 2334 4298 justitiae
2372 4228 2548 4282 l‘autor
2585 4239 2641 4282 et
2665 4240 2945 4296 promotor
2966 4229 3263 4294 exstiterit,
3287 4229 3395 4284 imo
3414 4231 3598 4299 potius

2033 4333 2092 4371 se
2142 4318 2421 4387 injustitia:
2466 4319 2798 4387 mancipium
2846 4318 3179 4386 exhibuerit,
3233 4335 3355 4374 cum
3420 4335 3611 4376 omnes

344 4417 377 4467 6
401 4415 703 4485 Μουχάμετ
760 4416 855 4467 καὶ
900 4417 929 4467 6
968 4412 1203 4483 Χριστὸς
1236 4411 1442 4482 Ἰησοῦς
1499 4412 1645 4463 ἐστιν
1669 4426 1682 4440 ’
1718 4412 1844 4482 περὶ
1869 4411 1929 4464 δὲ

2039 4409 2297 4462 trucidari
2321 4408 2567 4475 jusserit,
2597 4410 2688 4477 qui
2724 4409 2872 4464 illum
2910 4411 2999 4464 Dei
3030 4411 3333 4477 apostolum
3358 4412 3609 4467 conﬁteri

347 4506 441 4561 τοῦ
476 4506 595 4577 βίου
626 4506 723 4559 τοῦ
750 4506 916 4560 αὐτοῦ
944 4505 1242 4575 Μουχάμετ
1272 4503 1416 4571 λέγω
1438 4519 1521 4555 σοι
1552 4519 1565 4533 ’

2032 4502 2390 4555 recusarunt?
2416 4501 2457 4554 Τ
2465 4517 2497 4555 u
2523 4516 2650 4554 vero
2676 4502 3038 4556 inverecunde
3060 4511 3114 4555 et
3150 4502 3492 4572 impudenter
3520 4518 3610 4557 as-

348 4599 487 4654 seris
550 4598 985 4655 Muhammedein
1030 4610 1084 4654 et
1144 4599 1419 4652 Christum
1508 4596 1733 4651 omnino
1770 4610 1930 4665 pares
1969 4593 2171 4660 fuisse;
2238 4596 2331 4649 sed
2362 4598 2428 4649 ad
2452 4610 2513 4648 ea
2542 4609 2665 4663 quae
2704 4603 2953 4662 spectant
2991 4595 3155 4649 vitam
3178 4607 3232 4649 et
3262 4613 3440 4653 mores
3487 4596 3608 4649 Mu-

349 4693 652 4747 hammedis
684 4708 827 4747 nunc
860 4708 947 4746 me
980 4702 1265 4755 converto,
1296 4702 1351 4745 et
1385 4690 1507 4744 dico
1549 4708 1563 4743 :

430 4785 490 4839 '0
513 4785 812 4855 λεγόμενος
841 4786 895 4837 Ἀ
907 4785 1413 4856 μπτουλμουτάλεπ
1426 4784 1597 4845 οὐδεὶς
1614 4777 1683 4853 ἦν
1709 4780 1818 4834 ἀπὸ
1837 4780 1933 4833 τοῦ

345 4879 537 4946 γένους
567 4878 677 4930 τῶν
708 4878 803 4931 νῦν
834 4877 1277 4947 Μουσουλμανῶν
1328 4876 1533 4944 γνῶναι
1571 4874 1756 4938 αὑτὸν,
1808 4871 1931 4924 οὔτε

342 4970 547 5034 οἴδατε,
582 4968 705 5022 οὔτε
741 4968 1058 5040 γνωρίζετε.
1104 4968 1299 5040 Ἡμεῖς
1352 4968 1409 5020 δὲ
1465 4967 1513 5020 οἱ
1543 4964 1861 5037 Χριστιανοὶ
1881 4964 1928 5016 oi

345 5062 697 5124 πιστεύοντες
725 5062 801 5130 τῷ
829 5060 1032 5131 λογικῴ
1089 5062 1184 5113 καὶ
1241 5059 1404 5123 ζῶντι
1438 5057 1577 5127 Θεῷ,
1637 5057 1734 5109 καὶ
1789 5055 1928 5124 πρὸς

341 5154 507 5205 αὐτὸν
558 5152 881 5224 ὐπάρχομεν
939 5151 1121 5215 καθὼς
1169 5154 1263 5205 καὶ
1318 5150 1646 5223 κληρονόμοι
1692 5151 1790 5218 τῆς
1821 5149 1922 5218 γῆς

342 5244 708 5312 τυγχάνομεν.
759 5244 868 5295 Καὶ
916 5242 1140 5313 οἴδαμεν
1170 5243 1335 5296 αὐτὸν
1390 5243 1485 5295 καὶ
1522 5242 1917 5311 ἐγνωρίσαμεν,

341 5335 529 5388 λοιπὸν
564 5335 659 5387 ἀπ’
686 5334 820 5406 ἐμοῦ
875 5336 1111 5403 ὀφείλεις
1165 5334 1354 5405 μαθεῖν
1388 5334 1517 5403 περὶ
1555 5334 1796 5395 πάντων,
1844 5326 1917 5385 ὧν

340 5428 404 5479 οὑ
437 5425 750 5495 γινώσκεις.
796 5427 853 5480 Ὀ
874 5428 1172 5496 Μουχάμετ
1195 5426 1411 5495 ἐγένετο
1437 5425 1553 5487 υίὸς
1595 5425 1929 5494 Ἀμπτουλᾶ,

339 5521 372 5572 6
415 5519 767 5588 Ἀμπτουλᾶς
806 5520 921 5581 υίὸς
973 5517 1529 5588 Ἀμπταλμουταλὶπ,
1560 5518 1589 5569 6
1652 5515 1931 5586 Ἀμπταλη

347 5611 628 5681 petimur:
683 5610 797 5673 υίὸς
848 5612 1038 5680 Ἀοὲμ,
1112 5608 1284 5678 ’Λσὲμ
1346 5608 1462 5671 υἱὸς
1509 5606 1930 5675 Ἀδελμουνέφη,

364 5703 762 5775 Ἀδελμουνὲφη
813 5705 920 5766 υίὸς
942 5706 1133 5770 Κουοὶ,
1160 5708 1187 5758 6
1202 5706 1312 5756 Κου
1323 5705 1401 5767 σίς
1416 5701 1526 5765 υἱὸς
1547 5700 1735 5767 Λουαῒ,
1766 5701 1930 5757 Λονσῆ⁵

663 5798 939 5885 Ρωιιοι.
975 5801 1088 5863 Gn.
1128 5799 1281 5864 CIV.

2106 4780 2177 4845 ls,
2229 4780 2313 4834 cui
2347 4779 2915 4848 Amptoulmoutalepo
2969 4795 3165 4834 nomen
3212 4786 3354 4844 erat,
3385 4778 3604 4845 ignotus

2029 4883 2148 4927 erat
2174 4874 2269 4927 toti
2313 4872 2813 4926 Musulmanuorum
2845 4874 3015 4941 genti,
3048 4882 3101 4925 et
3125 4870 3414 4940 "equidem
3436 4884 3603 4936 nunc,

2026 4968 2147 5034 quis
2166 4967 2254 5020 ille
2273 4966 2439 5020 fuerit
2459 4966 2600 5034 apud
2629 4982 2724 5021 vos
2743 4977 2925 5019 notum
2951 4975 3005 5019 et
3023 4972 3354 5033 compertum
3372 4973 3476 5019 est.
3497 4962 3607 5020 Nos

2022 5057 2458 5111 veroChristiani
2477 5057 2566 5126 qui
2593 5057 2864 5111 credimus
2886 5056 2996 5111 Deo
3027 5056 3226 5109 viventi
3255 5063 3309 5109 et
3331 5054 3603 5120 rationali,

2030 5151 2119 5220 qui
2137 5151 2208 5203 illi
2230 5152 2649 5215 adhmremus,et
2665 5151 2755 5220 qui
2778 5150 2940 5203 totius
2961 5162 3119 5202 terra:
3137 5149 3378 5202 lueredes
3393 5164 3601 5210 sumus,

2034 5242 2179 5295 illum
2212 5242 2379 5308 probe
2411 5241 2786 5308 cognovimus.
2826 5242 2932 5294 Sed
2968 5241 3067 5293 hac
3095 5245 3159 5294 de
3196 5255 3252 5294 re
3279 5241 3421 5294 sicut
3451 5249 3506 5294 et
3540 5240 3606 5293 de

2036 5333 2218 5388 multis
2235 5334 2352 5387 aliis
2369 5350 2488 5401 qua:
2505 5333 2601 5388 tibi
2624 5344 2748 5387 sunt
2768 5333 3045 5400 incognita
3062 5332 3224 5387 debes
3248 5349 3275 5385 a
3294 5347 3377 5386 me
3397 5334 3602 5387 doceri.

2031 5425 2374 5480 Multammcd
2422 5426 2523 5480 fuit
2557 5426 2695 5480 ﬁlius
2744 5428 3069 5494 Amptoulm,
3113 5428 3431 5495 Amptoulas
3476 5441 3604 5481 vero

2032 5518 2132 5573 fuit
2181 5518 2324 5573 ﬁlius
2352 5518 2875 5587 Amptalmoutalipi,
2923 5519 3431 5589 Amptaulmutalip,
3467 5519 3606 5573 ﬁlius

2030 5610 2239 5675 Ascmi,
2275 5615 2504 5665 Asemus
2551 5612 2694 5665 lilius
2729 5612 3145 5683 Adelmuuaphi,
3200 5613 3606 5682 Attelmunaphe

2031 5702 2178 5761 ﬁlius
2210 5703 2362 5770 Cusi,
2400 5703 2560 5761 Cusis
2590 5706 2732 5763 ﬁlius
2772 5704 2952 5777 Lovm,
2982 5706 3127 5763 Lova
3155 5707 3296 5761 ﬁlius
3324 5706 3603 5770 lllutracw,

3253 5803 3330 5864 145
