3978 6238
236 322 241 335 ἡ
302 254 303 257 γ
390 238 537 304 me

1521 231 2091 295 BARTHOLOMZEI
2131 233 2508 296 EDESSENI

3536 233 3676 300 MEO

399 358 675 413 Mutrscas
735 350 878 407 ﬁlius
936 349 1164 415 Cainan,
1223 348 1430 405 Cainan
1490 347 1634 406 illius
1692 349 1974 415 Emuldabl

2088 351 2204 416 υίὸς
2258 353 2581 423 Μουτραιῖᾶ,
2634 338 2968 424 Μουτρακᾶς
3007 352 3121 416 υίὸς
3172 351 3403 419 Καϊνὰν,
3461 353 3674 407 Καϊνὰν

401 446 666 506 Emnldab
714 444 857 500 illius
915 441 1115 507 Elisai,
1180 441 1348 497 Elisai
1417 441 1563 498 illius
1620 441 1978 512 Metusalach,

401 535 738 595 bletusalach
772 534 920 589 (ilius
938 530 1335 602 Arphalxiach.

468 631 613 686 Audi
644 638 807 693 nunc,
830 625 1058 691 insulse,
1073 638 1137 679 ea
1160 639 1277 693 qua:
1296 633 1543 692 spectant
1562 639 1722 679 avum
1737 624 1983 680 Muham-

402 725 576 781 media
595 720 1165 791 Amptulmutalipum,
1196 718 1307 773 imo
1336 731 1397 772 ea
1430 718 1544 788 ipsa
1572 734 1694 789 quae
1737 719 1981 789 contige-

400 824 528 872 runt
559 815 626 871 ad
651 813 841 869 ultima
866 808 1262 867 Mahammedis
1315 808 1487 880 ipsius
1519 808 1654 865 fata.
1708 810 1787 867 Ea
1851 825 1982 866 vero

399 923 521 979 qua
543 906 680 973 dixi,
712 914 770 961 et
798 905 1150 974 imposterum
1184 902 1359 959 dicam
1384 909 1441 958 et
1497 902 1757 969 scribam,
1788 916 1850 958 ea
1889 916 1983 971 pe-

401 1001 497 1055 tita
520 1008 649 1055 sunt
673 1008 730 1053 et
755 998 949 1051 hausta
1005 995 1188 1052 omnia
1215 1009 1280 1050 ex
1318 994 1544 1065 scriptis
1573 1005 1628 1050 et
1650 993 1805 1050 libris
1830 994 1975 1062 ipso-

402 1107 521 1146 rum
555 1088 954 1147 Chaldaeorum.
986 1086 1276 1156 Amptulas
1305 1084 1713 1142 Muhammedis
1739 1095 1896 1155 pater
1928 1086 1980 1140 in

402 1182 521 1238 foro
548 1181 784 1251 quodam
816 1180 1056 1233 Arabum
1091 1178 1227 1233 emit
1257 1177 1363 1232 sibi
1414 1192 1641 1232 uxorem
1699 1175 1981 1232 Jemenam

405 1273 798 1329 Muhammedis
829 1280 1085 1335 matrem,
1115 1270 1348 1341 puellam
1377 1280 1433 1325 et
1479 1270 1648 1325 tiliam
1699 1270 1981 1340 cujusdam

400 1365 491 1419 cui
546 1362 717 1418 Leoni
777 1377 976 1417 nomen
1027 1372 1168 1417 erat.
1196 1362 1332 1417 Cum
1383 1376 1515 1417 vero
1552 1361 1983 1418 Muhammedem

402 1455 720 1526 peperisset,
749 1453 949 1524 elapsis
1005 1454 1188 1508 decem
1239 1453 1398 1509 anuis
1449 1453 1665 1509 tandem
1716 1462 1840 1524 post
1884 1470 1985 1509 ex-

402 1550 601 1603 stittcta
669 1557 776 1602 est.
836 1546 1184 1601 Muhammed
1229 1560 1356 1601 vero
1414 1556 1588 1602 matre
1618 1548 1863 1612 orbatus,
1916 1547 1985 1602 ab

401 1639 825 1709 Amptoutalepo
854 1638 957 1693 fuit
988 1639 1271 1704 educatus,
1304 1648 1358 1691 et
1387 1653 1509 1693 cum
1555 1639 1623 1693 ad
1651 1653 1852 1694 annum
1904 1639 1983 1692 vi-

2085 444 2203 508 υἱὸς
2239 444 2566 515 Ἐμουλδὰϐ,
2621 446 2925 516 Ἐμουλδὰϐ
2978 449 3093 511 υίὸς
3169 448 3403 512 Ἀλισαῒ,
3462 438 3676 503 Ἀλισοίῒ

2083 538 2197 603 υἱὸς
2225 538 2605 609 Μετουσάλαχ,
2633 540 2993 611 Μετουσάλαχ
3041 540 3157 604 υίὸς
3201 542 3564 613 Ἀρφαλσιάχ.

2152 633 2268 687 Νῦν
2298 632 2556 697 ἄκουσον,
2580 632 2800 703 ἀνόητε,
2836 632 2933 686 τοῦ
2972 633 3203 687 πάππου
3230 633 3326 686 τοῦ
3365 634 3677 704 Μουχάμετ

2080 721 2178 777 τοῦ
2223 720 2848 793 Ἀμπτουλμουταλεπῆ,
2876 720 3007 792 ἄχρι
3038 721 3294 792 τελευτῆς
3316 722 3414 777 τοῦ
3442 724 3672 794 Μουχά-

2087 831 2210 886 μετ.
2254 815 2367 869 Kal
2386 812 2423 868 ἃ.
2450 808 2628 875 εἷπον,
2656 816 2751 868 καὶ
2787 813 2969 887 μέλλω
2997 815 3194 876 εἰπεῖν,
3222 816 3404 869 αὐτῶν
3431 816 3674 871 Χαλδαῖ-

2088 908 2200 961 κῶν
2234 924 2317 961 σοι
2358 905 2589 978 γραφῶν
2639 906 2784 976 λέγω
2822 908 2920 963 καὶ
2976 909 3197 980 γράφω.
3241 908 3301 963 '0
3358 908 3542 980 πατὴρ
3575 909 3672 963 τοῦ

2083 999 2387 1070 Μουχάμετ
2421 1001 2451 1053 6
2483 998 2834 1067 Ἀμπτουλᾶς
2853 1000 3093 1071 ἠγόρασε
3110 1000 3211 1069 τὴν
3240 1003 3472 1069 γυναῖκα
3502 1002 3671 1056 αὐτοῦ

2082 1087 2180 1158 τὴν
2230 1088 2474 1157 Ἰεμενᾶν
2506 1087 2605 1159 τὴν
2638 1087 2853 1159 μητέρα
2908 1088 3002 1142 τοῦ
3059 1091 3362 1161 Μουχάμετ
3412 1092 3521 1145 ἀπὸ
3570 1092 3670 1146 τοῦ

2088 1178 2261 1250 φόρου
2290 1178 2401 1233 τῶν
2464 1178 2771 1250 ’Λρῤάϐων,
2808 1179 2903 1233 τοῦ
2938 1180 3166 1244 Λέοντος
3190 1182 3290 1251 τὴν
3330 1184 3522 1253 κόρην.
3558 1184 3674 1238 Kal

2081 1269 2158 1332 ὡς
2187 1267 2334 1340 αὕτη
2368 1269 2629 1341 ἐγέννησε
2658 1269 2750 1323 τὸν
2810 1270 3136 1341 Μουχάμετ,
3178 1273 3317 1342 μετὰ
3357 1274 3489 1328 δέκα
3539 1276 3671 1345 χρό-

2083 1380 2207 1428 νους
2236 1362 2519 1434 τέθνηκεν.
2554 1364 2664 1418 Καὶ
2700 1365 2982 1435 ἀνετράφη
3013 1367 3042 1419 ό
3076 1366 3377 1437 Μουχάμετ
3411 1368 3485 1439 μὴ
3526 1368 3670 1438 ἔχων

2087 1454 2304 1525 μητέρα
2333 1455 2489 1527 παρὰ
2516 1454 2611 1509 τοῦ
2670 1455 3152 1527 ’Λμπτουταλεπῆ.
3199 1458 3295 1512 καὶ
3333 1458 3409 1512 κδ’
3460 1460 3671 1531 χρόνων

2085 1546 2345 1616 γεγονὼς,
2370 1546 2564 1601 ἐλαϐεν
2595 1547 2784 1601 ἔκτοτε
2822 1550 3087 1617 γυναῖκας
3104 1549 3261 1615 δέκα,
3290 1550 3384 1605 καὶ
3425 1550 3672 1614 σκλάϐας

2084 1637 2164 1706 ἒξ.
2205 1637 2270 1692 Ἠ
2296 1636 2488 1710 πρώτη
2528 1636 2860 1710 γυνήαύτοῦ
2903 1638 3140 1705 Χατιτζὲ
3192 1640 3227 1711 ή
3265 1639 3517 1712 θυγάτηρ
3562 1640 3661 1694 τοῦ

398 1733 661 1802 gesimum
686 1740 942 1801 quartum
972 1729 1153 1785 aetatis
1215 1745 1327 1785 sua:
1376 1730 1740 1800 pervenisset,
1790 1732 1974 1785 decem

2082 1701 2393 1801 Χαλεπῆ,’ή
2417 1701 2665 1801 δευτέρα.
2689 1728 3034 1801 Ἀμπταλμὲ,
3137 1701 3388 1803 θυγάτηρ
3415 1701 3510 1785 τόίῖ
3558 1732 3667 1787 Σα-

400 1840 596 1880 uxores
620 1824 796 1891 duxit,
828 1824 1026 1894 quibus
1059 1836 1156 1878 sex
1199 1823 1545 1879 concubinas
1591 1824 1833 1893 captivas
1885 1839 1979 1877 su-

400 1917 730 1986 perindnxit.
795 1915 977 1970 Prima
1018 1914 1165 1969 illius
1210 1930 1352 1969 uxor
1404 1915 1703 1971 vocabatur
1756 1915 1977 1971 Caditsa

402 2009 507 2063 lilia
544 2009 827 2078 cujusdam
853 2007 1111 2078 Chalepi;
1139 2009 1384 2064 secunda
1406 2007 1716 2078 Amptalme
1740 2007 1847 2061 lilia
1874 2006 1977 2062 Sa-

380 2102 606 2171 vphove;
635 2101 793 2157 tertia
840 2100 1013 2168 Aisai,
1047 2100 1155 2155 lilia
1184 2098 1402 2167 Omari;
1433 2109 1626 2169 quarta
1658 2099 1831 2167 Asiai,
1868 2100 1978 2155 illia

399 2197 689 2263 Apupacri,
723 2207 819 2247 seu
848 2191 1205 2262 Mpoumpaci,
1230 2193 1322 2262 qui
1353 2191 1719 2247 Muhammedi
1743 2207 1967 2248 succeso

398 2288 472 2342 sit
491 2293 545 2341 et
577 2294 700 2356 post
727 2284 876 2339 illum
900 2284 1084 2339 sedem
1112 2283 1418 2352 occupavit,
1444 2284 1497 2338 id
1544 2292 1631 2340 est
1673 2282 1778 2338 fuit
1832 2282 1979 2339 Cali-

399 2376 757 2448 pha;.quinta
781 2376 881 2430 fuit
904 2375 1078 2430 Maria
1102 2373 1390 2446 Egyptia;
1431 2383 1583 2429 sexta
1626 2374 1816 2438 Zaite;
1851 2390 1976 2445 sep-

402 2470 540 2526 tima
572 2467 802 2535 Zulcha,
836 2476 892 2523 et
917 2482 1040 2537 qua:
1060 2474 1384 2536 sequuntur.
1412 2464 1532 2521 Jam
1562 2480 1691 2523 vero
1723 2466 1819 2521 tibi
1853 2482 1978 2521 nar-

401 2562 532 2619 rabo
566 2562 708 2617 unde
751 2567 809 2616 et
850 2559 1126 2629 quomodo
1185 2558 1307 2613 illas
1364 2558 1619 2614 habuerit
1645 2567 1701 2614 et
1739 2559 1975 2616 duxerit.

397 2658 619 2714 Caditsa
646 2654 935 2711 hauriebat
959 2667 1180 2723 aquam,
1211 2660 1266 2707 et
1317 2651 1540 2707 camelis
1562 2660 1747 2722 potum
1780 2667 1975 2723 suppe-

398 2749 642 2814 ditabat;
672 2760 795 2801 cum
813 2759 943 2800 vero
966 2744 1091 2799 illac
1117 2744 1376 2799 transiret
1402 2742 1975 2814 Muhammed,aquam

400 2844 513 2911 ipse
532 2838 747 2911 petiita
776 2836 974 2908 puella,
1013 2851 1175 2907 quam
1228 2845 1286 2889 ut
1332 2850 1456 2891 cum
1485 2835 1576 2890 illo
1629 2836 1977 2891 matrimonio

395 2932 547 3001 jungi
579 2929 759 2993 vellet,
797 2927 942 2983 nulla
991 2942 1142 2981 mora
1210 2926 1439 2996 rogavit.
1503 2924 1805 2997 Respondit
1847 2941 1977 2982 vero

2079 1822 2242 1892 φουᾶ,
2290 1822 2326 1892 ἡ
2381 1821 2539 1891 τρίτη
2579 1820 2763 1885 Αίσαῖ,
2816 1822 2850 1892 ἡ
2895 1821 3143 1893 θυγάτηρ
3197 1822 3292 1876 τοῦ
3323 1824 3562 1894 Οὺμαρὶ,
3621 1828 3657 1895 ὴ

2087 1912 2324 1983 τετάρτη
2416 1911 2625 1977 Ἀσιαὶ,
2683 1913 2718 1983 ή
2786 1910 3035 1985 θυγάτηρ
3108 1912 3204 1966 τοῦ
3292 1914 3621 1985 ’Δποπάκρη
3646 1954 3665 1980 ,

2080 2006 2249 2076 ἤγουν
2271 2003 2368 2058 τοῦ
2402 2004 2757 2076 Μπουμπέκη
2779 2004 2875 2059 τοῦ
2908 2005 3236 2070 καθίσαντος
3268 2006 3407 2077 μετὰ
3432 2007 3667 2078 Μουχά-

2081 2098 2262 2169 μετ,ἢ
2306 2096 2548 2167 Χανιφὰ,
2588 2096 2814 2167 πέμπτη
2849 2096 3073 2167 Μεριὲμ
3124 2097 3422 2165 Αἰγυπτία,
3454 2100 3489 2169 ή
3526 2099 3667 2170 ἒκτη

2078 2187 2262 2252 Ζαιτὲ,
2291 2189 2325 2259 ἡ
2352 2187 2554 2257 ἑϐδόμη
2581 2184 2811 2256 Ζουλχὰ,
2839 2187 2935 2240 καὶ
2964 2185 3221 2257 καθεξῆς.
3247 2188 3357 2242 Καὶ
3379 2188 3489 2242 ίδοὺ
3518 2187 3670 2257 λέγω

2078 2296 2181 2347 σοι,
2238 2281 2354 2344 πῶς
2410 2280 2581 2342 αὐτὰς
2622 2278 2909 2346 ἀνέλαϐεν,
2949 2278 3047 2334 καὶ
3092 2280 3278 2336 πόθεν.
3325 2282 3389 2335 Ἡ
3420 2280 3664 2345 Χατιτζὲ

2077 2373 2344 2446 ήντλησεν
2371 2371 2537 2443 ὕδωρ.
2579 2372 2673 2425 καὶ
2693 2369 2910 2435 ὲπότιζε
2938 2372 3039 2435 τὰς
3094 2372 3399 2442 καμήλους,
3455 2374 3549 2426 καὶ
3577 2373 3668 2438 ,δι-

2080 2464 2293 2519 έϐαινεν
2317 2467 2345 2519 6
2377 2464 2700 2541 Μουχάμετ,
2736 2465 2831 2517 καὶ
2853 2462 3119 2532 ἐζήτησεν
3140 2463 3305 2535 ὕδωρ,
3334 2464 3428 2518 καὶ
3460 2464 3668 2536 ᾔτησεν

2079 2558 2341 2630 αὑτὴνείς
2352 2560 2609 2626 γυναῖκα.
2644 2556 2754 2610 Kal
2774 2550 2979 2627 εἶπενζὴ
3007 2556 3265 2621 Χατιτζὲ,
3281 2557 3355 2611 Τὸ
3374 2558 3668 2630 πρόσωπόν

2080 2668 2175 2705 σου
2209 2651 2415 2721 βλέπω,
2441 2651 2537 2705 καὶ
2590 2650 2653 2704 οὐ
2687 2648 2869 2719 τολμῶ
2902 2649 3124 2719 ἐγγίσαι
3178 2666 3260 2703 σοι
3287 2665 3302 2681 θ
3328 2650 3403 2720 μὴ
3458 2649 3522 2703 σὺ
3558 2646 3612 2703 εῐ
3637 2652 3670 2704 6

2078 2740 2368 2814 προφήτης
2396 2742 2462 2794 ὲκ
2488 2738 2583 2792 τοῦ
2610 2740 2802 2807 γένους
2847 2739 2958 2794 τῶν
3012 2739 3405 2810 Κωρασιωτῶν
3434 2756 3449 2805 ;
3497 2741 3667 2808 Λέγει

2078 2835 2243 2905 αὐτῇο
2283 2832 2423 2887 Ναί.
2452 2832 2563 2885 Kal
2590 2833 2856 2903 ἐζήτησεν
2885 2833 3057 2903 αὐτὴν
3093 2835 3156 2886 ἐκ
3196 2833 3289 2886 τοῦ
3332 2833 3538 2906 πατρὸς
3568 2835 3671 2888 αὖ-

2076 2927 2178 2997 τῆς
2228 2931 2309 2990 εις
2365 2926 2622 2995 γυναῖκα.
2684 2924 2798 2994 Τὴν
2848 2923 2905 2977 δὲ
2970 2924 3298 2995 Ἀμπταλμὲ
3346 2924 3538 2977 έλαϐεν
3600 2927 3669 2978 ἐκ

397 3020 645 3086 Caditsa,
674 3020 883 3075 vultum
923 3018 1145 3087 quidem
1184 3027 1334 3071 tuum
1380 3032 1603 3087 possum
1632 3018 1971 3088 conspicere,

2081 3019 2326 3083 δουλείας
2386 3016 2481 3070 τοῦ
2554 3017 2707 3071 οίκου
2778 3015 2968 3081 αὑτοῦ,
3019 3018 3114 3070 καὶ
3169 3016 3667 3089 διεπαρθενεύσατο

395 3115 490 3170 sed
526 3124 705 3168 tamen
749 3127 855 3166 non
905 3109 1079 3165 audeo
1112 3109 1180 3164 ad
1234 3120 1285 3164 te
1321 3110 1618 3175 accedere;
1650 3125 1717 3164 an
1754 3120 1808 3164 tu
1861 3126 1967 3165 non

2080 3113 2272 3182 αὑτήν.

395 3222 455 3264 es
479 3206 568 3262 ille
600 3202 863 3275 propheta
885 3201 977 3270 qui
1005 3201 1145 3255 inter
1170 3200 1483 3255 Corasiotas
1513 3209 1671 3255 natus
1718 3202 1831 3256 est?
1865 3203 2205 3274 Respondit:
2241 3200 2354 3257 lmo
2388 3199 2478 3254 ille
2529 3199 2644 3269 ipse
2675 3214 2819 3255 sum.
2875 3197 2941 3255 Et
2998 3201 3065 3256 ad
3101 3211 3310 3271 patrem
3360 3201 3551 3271 puellae
3577 3216 3667 3263 ac,

395 3298 561 3364 cedit,
605 3296 864 3364 illamque
914 3291 1168 3362 coniugio
1219 3292 1324 3347 sibi
1378 3291 1695 3347 sociandam
1738 3308 1770 3347 a
1836 3306 1991 3363 patre
2030 3292 2363 3363 impetravit.
2403 3290 2763 3359 Amptalmein
2826 3307 2954 3347 vero
3016 3296 3191 3358 duxit,
3245 3305 3500 3365 tanquam
3544 3312 3662 3352 ser-

396 3404 520 3445 vam
546 3386 926 3449 domesticam,
968 3394 1024 3441 et
1059 3384 1112 3439 in
1139 3383 1348 3439 aedibus
1402 3384 1517 3439 suis
1564 3393 1773 3451 natam,
1804 3402 1967 3456 quam
2006 3402 2131 3442 cum
2188 3385 2343 3455 prius
2367 3384 2685 3440 deﬂorasset
2718 3394 2773 3440 et
2812 3385 3232 3456 devirginassel,
3284 3386 3426 3442 illam
3473 3397 3661 3457 postea

395 3482 666 3541 connubio
691 3478 1007 3547 sibijunxit.
1290 3554 1293 3557 Α

466 3582 613 3637 Aisai
668 3594 801 3634 vero
854 3592 976 3631 cum
1035 3591 1066 3630 e
1104 3576 1399 3645 longinquo
1447 3576 1662 3630 videret
1726 3576 1975 3630 inceden-

398 3687 506 3731 tem
562 3684 616 3728 et
654 3674 1001 3728 accedentem
1050 3668 1505 3731 Mnhammedem,
1551 3669 1795 3723 extendit
1836 3670 1974 3737 pha-

397 3766 614 3820 cinlium
675 3776 857 3828 suum,
889 3775 1056 3829 super
1093 3760 1236 3828 quod
1284 3774 1408 3813 cum
1468 3761 1801 3825 incessisset,
1838 3761 1975 3815 dixit

396 3855 603 3926 puellae,
631 3853 833 3926 gratias
879 3864 982 3920 ago
1037 3848 1155 3903 tibi.
1181 3846 1370 3918 Magna
1421 3859 1505 3903 est
1547 3848 1679 3904 ﬁdes
1735 3859 1847 3913 tua,
1874 3851 1973 3904 mi-

393 3950 465 4003 sit
500 3961 626 4001 vero
671 3945 737 3998 ad
780 3942 919 3997 illius
960 3952 1166 4012 patrem
1226 3941 1427 4010 juhcns
1482 3950 1543 3995 ut
1601 3941 1767 3995 ﬁliam
1814 3942 1880 3996 ad
1911 3958 1971 3999 se

393 4041 634 4095 mitteret
670 4050 894 4091 uxorem
923 4034 1025 4089 sibi
1055 4033 1386 4089 sociandam.
1417 4034 1612 4087 Audito
1678 4048 1804 4087 vero
1830 4049 1968 4087 nun-

394 4133 490 4199 tio,
528 4130 719 4201 puella;
751 4138 906 4199 pater
938 4128 1174 4181 maximo
1224 4124 1477 4196 perfusus
1519 4137 1601 4181 est
1646 4126 1864 4194 gaudio,
1902 4127 1965 4179 il-

393 4228 608 4296 Iamque
648 4224 794 4279 misit
822 4223 890 4276 ad
926 4221 1360 4275 Multammedem
1417 4235 1542 4274 cum
1572 4219 1968 4290 oxygalactent

392 4320 523 4375 illud
584 4318 911 4381 comederet,
941 4324 996 4370 et
1035 4328 1134 4384 pro
1175 4314 1282 4367 illis
1342 4322 1678 4381 precaretur.
1726 4313 1967 4383 Abrepto

2158 3574 2224 3629 'H
2276 3574 2335 3629 δὲ
2390 3572 2553 3628 Alea?
2606 3573 2790 3627 ίδοῦσα
2839 3574 2931 3627 τὸν
2981 3575 3280 3645 Μουχάμετ
3338 3576 3660 3647 ἐρχόμενον,

2072 3669 2327 3740 ἥπλωσεν
2363 3668 2426 3721 τὺ
2452 3668 2827 3738 φακαιώλαιον
2867 3669 3062 3739 αὐτῆς,
3108 3672 3205 3723 καὶ
3252 3673 3661 3743 περιεπάτησεν

2072 3762 2258 3816 ἐπάνω
2290 3760 2477 3814 αὑτοῦ.
2508 3761 2672 3830 Λέγει
2701 3760 2796 3815 οὖν
2825 3762 2963 3832 αὐτῇ
2994 3764 3022 3815 6
3050 3763 3372 3835 Μουχάμετο
3422 3766 3661 3837 Εὐχάρι-

2072 3851 2185 3905 στῶ
2216 3869 2323 3915 σοι,
2354 3851 2564 3922 μεγάλη
2597 3869 2690 3905 σου
2760 3854 2792 3923 ή
2821 3852 3026 3917 πίστις.
3076 3854 3187 3907 Καὶ
3232 3855 3554 3910 ἀπέστειλεν
3578 3860 3660 3921 εἰς

2074 3942 2165 3996 τὸν
2201 3945 2417 4013 πατέρα
2443 3943 2615 4013 αὐτῆς
2641 3944 2820 4012 λέγων
2843 3962 2856 3975 -
2890 3946 3113 3998 Στεῖλόν
3145 3963 3234 4016 μοι
3259 3946 3359 4018 τὴν
3384 3949 3660 4021 θυγατέρα

2077 4050 2170 4086 σου
2200 4036 2279 4097 εἰς
2307 4038 2564 4102 γυναῖκα.
2595 4035 2705 4088 Kal.
2725 4035 2965 4100 ἀκούσας
2988 4038 3015 4088 6
3048 4037 3229 4109 πατὴρ
3267 4039 3441 4109 αὐτῆς
3482 4042 3655 4113 ἐχάρη

2076 4125 2304 4196 σφόδρα,
2336 4129 2431 4179 καὶ
2464 4127 2704 4182 ἔστειλεν
2743 4128 2915 4199 αὐτὴν
2956 4130 3096 4198 μετὰ
3141 4131 3235 4183 καὶ
3286 4130 3657 4199 ὀξυγάλακτος

2077 4216 2210 4287 πρὸς
2240 4218 2331 4270 τὸν
2355 4218 2674 4289 Μουχάμετ,
2704 4220 2789 4272 ίνα
2823 4222 2995 4291 φάγῃ.
3046 4221 3141 4273 καὶ
3195 4221 3419 4293 εὔξηται
3468 4226 3653 4289 αὑτός.

2074 4307 2185 4360 Kal
2220 4307 2399 4362 λαϐὼν
2440 4309 2500 4362 τὸ
2533 4308 2676 4376 γάλα
2713 4311 2937 4380 ἔφαγεν,
2986 4314 3086 4379 τὴν
3123 4312 3181 4365 δὲ
3224 4315 3394 4387 κόρην
3428 4315 3657 4388 διεπαρ-

392 4426 521 4467 vero
550 4411 714 4474 lacte,
737 4409 830 4463 illo
857 4422 916 4463 se
948 4406 1238 4475 saginavit,
1269 4415 1324 4459 et
1348 4406 1565 4459 tandem
1622 4404 1815 4475 puella;
1861 4406 1967 4459 vir-

2081 4398 2385 4453 lsvsdaato.
2431 4400 2493 4453 Ἦ
2527 4401 2765 4471 Μεριὲμ,
2791 4399 2860 4473 ἦν
2889 4403 2944 4455 δὲ
2969 4404 3265 4470 Αἰγυπτία,
3307 4408 3389 4470 εἰς
3412 4409 3653 4477 κάστρον

392 4502 548 4575 ginea
574 4499 814 4555 claustra
843 4497 1013 4552 salaci
1068 4495 1235 4550 sicula
1273 4495 1584 4549 temeravit.
1617 4495 1785 4549 Maria
1838 4511 1967 4551 vero

393 4604 509 4649 erat
537 4590 817 4662 Egyptia,
843 4602 963 4655 qua:
988 4596 1106 4640 erat
1135 4589 1187 4640 in
1219 4587 1354 4642 urbe
1388 4587 1579 4656 Mpois,
1611 4587 1714 4641 sita
1744 4588 1799 4642 in
1831 4602 1963 4658 agro

393 4687 749 4741 Damasceno.
782 4681 915 4736 Cum
940 4693 1070 4733 vero
1097 4678 1225 4732 illuc
1256 4681 1595 4748 pervenisset
1621 4677 1965 4734 Muhammed

390 4794 513 4834 cum
567 4774 791 4832 camelis
831 4771 1061 4827 domica:
1083 4784 1195 4825 sua:
1228 4786 1366 4840 quos
1392 4774 1659 4826 conducta
1718 4773 1967 4827 mercede

389 4881 579 4940 regere
600 4867 828 4930 solebat,
866 4862 996 4916 vidit
1031 4860 1263 4930 puellam
1283 4872 1339 4915 et
1379 4862 1524 4916 illam
1554 4863 1850 4927 adamavit,
1900 4863 1967 4918 il-

390 4962 607 5030 lamque
636 4972 861 5013 uxorem
894 4955 949 5009 in
1010 4954 1232 5007 domum
1261 4968 1416 5009 suam
1478 4955 1719 5010 deduxit.
1771 4955 1961 5011 Zaiten

389 5049 553 5103 etiam
583 5061 777 5117 aquam
807 5046 1147 5101 haurientem
1217 5053 1273 5097 et
1312 5056 1657 5115 spargentem
1711 5061 1836 5103 cum
1869 5064 1963 5102 va-

389 5141 537 5196 sculo
561 5143 792 5210 quodam
825 5137 1064 5202 lictili,et
1091 5137 1375 5205 purpureis
1403 5138 1556 5206 genis
1589 5138 1963 5208 conspicuam,

389 5234 570 5287 statim
602 5232 897 5297 adamavit,
917 5244 1078 5298 quant
1101 5244 1263 5281 manu
1292 5230 1764 5299 comprehensam,
1788 5234 1865 5285 sic
1882 5243 1965 5286 est

2068 4487 2361 4557 λεγόμενον
2384 4492 2578 4555 Μποὺς
2605 4495 2683 4555 εἰς
2715 4495 2819 4564 γῆν
2848 4496 3147 4565 Δαμασκοῦ
3172 4498 3527 4571 καθιζομένη,
3554 4503 3654 4555 καί⁵

2066 4581 2158 4633 ὅτε
2191 4582 2439 4651 ἀπῆλθεν
2468 4584 2496 4635 ό
2534 4585 2836 4655 Μουχάμετ
2872 4587 3012 4655 μετὰ
3045 4590 3309 4659 καμήλων
3358 4591 3507 4645 ίδίων
3548 4594 3651 4665 τῆς

2070 4673 2267 4742 κυρίας
2318 4673 2482 4727 αὑτοῦ
2531 4675 2769 4745 μίσθιος,
2815 4673 2956 4731 εἶδεν
2998 4680 3168 4750 αὐτὴν
3208 4682 3301 4733 καὶ
3336 4683 3650 4753 ἠγάπησεν,

2068 4766 2163 4818 καὶ
2192 4764 2371 4819 λαϐὼν
2404 4768 2579 4839 αὐτὴν
2608 4769 2803 4840 ἔφερεν
2837 4771 2918 4834 εἰς
2938 4771 3008 4824 τὰ
3047 4773 3175 4828 ῐδια.
3204 4774 3314 4827 Kal
3344 4782 3443 4844 τὴν
3489 4778 3653 4830 Ζαῐτὲ

2068 4855 2212 4928 ὕδωρ
2243 4859 2611 4914 ὲκϐάλλουσαν
2642 4863 2783 4931 μετὰ
2802 4861 2898 4916 τοῦ
2933 4865 3209 4935 κεραμίου
3252 4866 3363 4920 ἀπὸ
3412 4867 3503 4920 τὸν
3535 4868 3653 4922 κλί-

2069 4952 2249 5015 ϐανον,
2278 4953 2374 5005 καὶ
2414 4953 2514 5015 τὰς
2555 4955 2789 5023 παρειὰς
2817 4956 3055 5038 έρυθράς
3098 4958 3318 5028 ἔχουσα,
3360 4960 3651 5032 ἠγάπησεν

2066 5044 2255 5117 αὐτὴν,
2286 5047 2378 5099 καὶ
2408 5050 2691 5120 κρατήσας
2749 5052 2848 5120 τῆς
2889 5053 3071 5123 χειρὸς
3124 5054 3295 5125 αὐτῆς
3330 5050 3508 5109 εἶπεν·
3533 5058 3651 5112 Οὐκ

2066 5138 2178 5207 ἔχει
2216 5156 2300 5191 σοι
2364 5139 2523 5204 ἄλλος
2572 5142 2841 5208 ἐξουσίαν,
2894 5147 2943 5198 εί
3008 5147 3083 5217 μὴ
3116 5147 3249 5216 ἐγὼ,
3308 5148 3405 5202 καὶ
3439 5152 3649 5222 ἐπῆρεν

1969 5283 2037 5323 υ
2066 5230 2234 5299 αὐτὴν
2264 5229 2449 5284 ἔκτοτε
2489 5235 2570 5296 εἰς
2610 5238 2865 5302 γυναῖκα.
2929 5239 3039 5292 Kal
3086 5239 3328 5305 ἀκούσας
3383 5246 3411 5295 6
3440 5246 3647 5317 ταύτης

392 5326 687 5379 allocutus:
717 5321 904 5376 Nullus
941 5332 1139 5390 praeter
1186 5336 1271 5375 me
1305 5320 1360 5373 in
1414 5330 1469 5375 te
1527 5333 1855 5389 potestatem
1909 5338 1967 5378 et

2081 5320 2247 5389 πατὴρ
2277 5322 2447 5393 ὲχάρη
2475 5324 2698 5394 σφόδρα,
2732 5328 2825 5378 καὶ
2858 5327 3032 5381 ἐλθὼν
3059 5331 3333 5383 ἐπέπεσεν
3385 5333 3468 5395 εἰς
3511 5336 3644 5398 τοὺς

384 5420 475 5487 jus
508 5416 745 5478 habebit,
775 5424 827 5469 et
861 5425 1045 5482 postea
1067 5412 1211 5466 illam
1245 5429 1341 5482 pro
1366 5428 1534 5467 uxore
1569 5415 1779 5471 habuit.
1806 5416 1963 5483 Quod

2081 5413 2229 5475 πόδας
2260 5415 2422 5468 αὑτοῦ
2459 5417 2651 5485 λέςων·
2706 5420 2875 5473 Πόθεν
2908 5439 2999 5491 μοι
3031 5423 3213 5487 τοῦτο,
3250 5425 3518 5478 άπόστολε
3548 5427 3642 5479 τοῦ

388 5524 507 5561 ιιιιιι
541 5517 693 5577 pater
739 5506 1061 5567 audivisset,
1110 5513 1281 5559 totum
1318 5520 1387 5571 se
1420 5508 1658 5561 maximo
1714 5508 1959 5578 permisit

2081 5505 2220 5569 θεοῦ,
2255 5506 2340 5559 ἵνα
2370 5507 2577 5580 κληθῇς
2605 5512 2853 5582 γαμϐρός
2882 5531 2983 5583 μου
3008 5533 3021 5578 ;
3056 5516 3222 5582 Λέγει
3259 5516 3413 5586 αὐτῷ
3438 5519 3465 5570 6
3494 5519 3643 5571 Μου-

388 5602 607 5671 gaudio,
639 5608 693 5653 et
727 5598 791 5652 ad
829 5597 1265 5651 Muhatnmedem
1323 5600 1622 5668 profectus,
1656 5616 1838 5656 coram
1867 5602 1963 5656 illo

2081 5597 2243 5668 (άμετ
2265 5612 2279 5627 ’
2319 5599 2558 5666 Ἀνίστα,
2589 5603 2671 5657 ὃτι
2705 5603 2881 5669 οὕτως
2930 5606 3259 5679 γέγραπται.
3307 5610 3560 5681 Ἐποίησε
3587 5612 3642 5663 δὲ

388 5690 692 5761 procubuit,
722 5691 912 5746 dicens
939 5708 953 5743 :
988 5688 1147 5747 Unde
1178 5689 1310 5745 mihi
1346 5699 1526 5748 tantus
1551 5694 1751 5759 honos,
1772 5705 1825 5748 ut
1860 5710 1954 5765 ge-

2081 5690 2420 5763 ίΜουχάμετ
2444 5694 2630 5748 παιδία
2661 5697 2705 5750 δ’
2731 5698 2832 5767 μὲν
2875 5698 3099 5770 ἄρρενα,
3150 5704 3241 5755 καὶ
3280 5703 3411 5775 θῆλυ
3451 5705 3528 5761 ἒν.
3586 5705 3642 5757 Ὁ
