3978 6238
357 280 360 283 ’
385 287 521 354 1423

1522 291 2082 354 ΒΑΡιΤΗΟιΟΜΑῑι
2127 293 2501 357 EDESSENI

3507 270 3649 337 1111

381 399 558 453 rabat.
615 395 921 468 Regerebat
989 409 1118 451 vero
1174 402 1326 466 pater
1379 396 1645 465 Amptulze
1677 414 1690 450 :
1721 395 1955 454 Patruus

2083 400 2229 467 1050;,
2257 401 2365 470 ἐγὼ
2389 401 2446 455 δὲ
2480 397 2712 469 πτωχὸς,
2749 394 2842 449 καὶ
2897 393 2992 446 ἐὰν
3023 388 3116 443 τού
3163 390 3323 451 εῐπω,
3367 383 3511 437 θέλει
3571 402 3639 454 με

384 499 507 544 tuus
537 489 729 560 opibus
749 488 926 552 ﬂoret,
951 497 1002 542 et
1019 486 1106 541 ille
1136 501 1302 542 vanos
1327 496 1381 542 et
1407 487 1580 543 elatos
1601 488 1694 542 alit
1712 491 1957 558 animos;

383 595 482 649 ego
519 595 648 634 vero
686 595 804 634 sum
839 581 892 634 in
933 593 990 634 re
1022 589 1280 650 angusta,
1307 590 1361 635 et
1385 595 1508 635 cum
1529 593 1605 636 ‘ea
1639 583 1704 637 de
1730 598 1787 638 re
1813 583 1960 638 illum

383 683 711 735 convenero,
737 669 918 724 statim
960 684 1044 722 me
1075 680 1390 739 contemptu
1432 679 1485 723 et
1513 671 1772 726 conviciis
1814 672 1963 726 exci-

385 762 515 830 piet.
541 762 634 816 Ille
663 776 790 817 vero
823 761 1078 829 instabat,
1118 771 1172 816 et
1225 764 1453 832 urgebat
1504 773 1711 832 patrem
1739 773 1962 820 11111110-

386 866 497 906 rem
525 852 628 907 sibi
657 861 927 922 quareret
957 852 1340 906 consobrinam
1377 853 1540 907 filiam
1575 854 1780 920 fratris,
1805 856 1960 923 cuius

2058 494 2329 548 ὀνειδίσει.
2363 495 2470 548 Kal
2495 486 2652 554 οὗτος
2703 488 2865 542 πάλιν
2890 485 3088 555 ὀχλησε
3109 481 3201 533 τὸν
3232 477 3448 548 πατέρα
3479 475 3648 529 αὑτοῦ

2061 587 2190 656 περὶ
2236 584 2334 657 τὴν
2370 585 2597 654 ἀνεψιάν
2628 598 2743 648 του,
2781 580 2847 652 ἢν
2918 577 3130 648 ήγάπα,
3179 571 3280 641 τὴν
3336 568 3641 638 ἐξαδέλφην

2062 675 2250 730 αὑτοῦ.
2289 677 2397 730 Kal
2427 677 2524 746 μιᾷ
2552 676 2659 729 τῶν
2692 671 2915 744 ἡμερῶν
2948 669 3220 737 ἐμήνυσεν
3264 660 3355 713 τὸν
3403 658 3637 726 ἀδελφόν

2059 785 2153 821 του
2183 765 2280 821 τοῦ
2310 766 2496 821 λαϐεῖν
2526 765 2624 838 τήν
2647 762 2875 831 ἀνεψιάν
2906 776 2998 813 του
3024 755 3249 827 νύμφην
3277 752 3360 815 εἰς
3395 750 3488 804 τόν
3544 766 3648 820 μου

2066 861 2180 914 υἱὸν
2208 861 2308 932 τὴν
2351 857 2722 930 Ἀμπτουλάν.

386 961 572 1001 amore
605 946 883 1002 urebatur.
916 946 1244 1014 lmportunis
1297 961 1430 1016 ergo
1477 946 1957 1017 etﬂagitatiouibus
1991 964 2334 1024 expugnatus
2399 961 2456 1006 et
2523 952 2696 1005 victus
2748 958 2922 1020 pater,
2951 943 3106 999 fratri
3132 949 3307 997 totum
3367 934 3647 1007 negotium

387 1040 707 1104 declaravit,
732 1051 788 1095 et
832 1041 1042 1110 rogavit
1078 1050 1135 1093 ut
1159 1040 1266 1094 lilia
1298 1042 1647 1095 matrimonio
1675 1042 2026 1112 copularetur
2055 1047 2319 1116 Amptulze
2351 1045 2462 1099 filio
2487 1059 2608 1098 suo.

455 1131 538 1185 lra
585 1145 714 1185 vero
765 1147 1028 1186 accensus
1090 1131 1259 1186 frater
1306 1131 1627 1200 respondit:
1663 1131 1766 1186 Per
1792 1132 1960 1188 Deum

387 1223 508 1280 caeli
531 1233 580 1278 el
612 1224 858 1288 terrae,si
886 1235 939 1276 tu
970 1239 1075 1278 non
1092 1239 1241 1278 esses
1279 1224 1447 1278 frater
1471 1239 1622 1278 meus
1647 1241 1959 1294 germanus,

2127 1137 2412 1206 Θυμωθεὶς
2432 1135 2488 1189 δέ
2520 1133 2751 1198 ἐκείνος,
2790 1129 2880 1184 καὶ
2907 1127 3099 1188 εἰπὼν,
3122 1125 3216 1180 Ma
3261 1123 3355 1176 τὸν
3383 1119 3519 1177 Θεὸν
3555 1118 3650 1172 τοῦ

2058 1227 2287 1299 ούρανοῦ
2320 1227 2413 1281 καὶ
2445 1227 2545 1297 τῆς
2567 1226 2690 1295 γῆς,
2716 1227 2798 1276 ὅτι
2829 1223 2921 1275 ἐὰν
2949 1221 3035 1274 δὲν
3097 1221 3265 1288 ήσουν
3289 1213 3514 1283 γνήσιός
3545 1228 3649 1281 μου

387 1329 488 1382 ego
520 1316 603 1370 bis
632 1315 747 1370 oris
772 1324 823 1370 te
839 1330 1063 1384 prorsus
1078 1316 1429 1385 expellerem,
1459 1325 1514 1370 ct
1542 1315 1714 1370 solum
1752 1327 1965 1371 vertere

2083 1321 2318 1389 ιδελφὸς.
2363 1319 2584 1390 ἐχάωσα
2630 1317 2694 1371 ἄν
2728 1333 2786 1369 σε
2847 1316 2910 1367 ἐκ
2961 1312 3061 1382 τῆς
3118 1309 3223 1378 γῆς
3269 1305 3498 1373 ταύτης.
3536 1303 3650 1356 Kal

391 1417 443 1460 te
471 1406 656 1460 statim
693 1421 970 1474 cogerem.
1020 1406 1085 1459 Et
1116 1407 1169 1459 in
1205 1418 1482 1476 posterum
1524 1421 1648 1460 cum
1676 1407 1767 1459 illo
1808 1423 1966 1461 acer-

2083 1412 2317 1482 ;ποίησεν
2375 1411 2494 1482 μετ’
2555 1408 2717 1462 αὐτὸν
2769 1405 2971 1476 ἔχθραν
3026 1399 3252 1469 πολλήν.
3315 1393 3476 1466 Εἷχεν
3531 1393 3588 1446 δὲ
3622 1395 3652 1444 6

389 1497 642 1553 bissimas
672 1499 916 1554 exercuit
947 1497 1965 1568 inimicitias.Amptnlm—utalcpautem

388 1587 822 1657 babebafcanem
838 1589 1360 1655 pmstautissimam,
1375 1599 1426 1643 et
1440 1589 1968 1658 fau‘iigeratissimam

2076 1502 2634 1574 Ἀμπτουλμουτάλεπ
2665 1502 2804 1552 κύνα
2833 1497 2972 1549 πάνυ
2999 1489 3326 1563 ὀνομαστὸν,
3358 1487 3455 1540 καὶ
3479 1487 3656 1552 ἀπερ-

2071 1594 2306 1665 χομένην
2361 1592 2442 1654 εἰς
2484 1591 2581 1661 τὴν
2629 1588 2810 1642 οἰκίαν
2865 1582 2963 1637 τοῦ
3002 1581 3281 1652 Κουρέση,
3330 1576 3654 1665 ἀπέκτεινεν

389 1695 508 1748 qua!
536 1695 658 1734 cum
683 1681 826 1737 aedes
857 1682 1070 1736 Coresa:
1102 1682 1343 1751 ingressa
1371 1691 1536 1747 esset,
1571 1683 1716 1736 illam
1748 1683 1964 1746 Occidit,

2195 1660 2510 1754 ἀπέκρυψεν
2541 1660 2710 1749 αὐτὴν
2739 1679 2831 1730 καὶ
2852 1675 3056 1746 ἔχωσεν
3085 1675 3164 1734 εἰς
3192 1671 3290 1741 τὴν
3311 1668 3416 1738 γῆν
3449 1663 3543 1718 τοῦ
3575 1660 3653 1734 μὴ

387 1779 444 1826 et
477 1770 642 1826 multa
672 1781 925 1841 congesta
966 1781 1129 1833 terra,
1155 1772 1300 1826 illam
1330 1772 1642 1836 occultavit,
1679 1788 1742 1826 ne
1771 1773 1969 1826 factum

389 1860 772 1917 innotesceret.
791 1861 1024 1916 Corcses
1041 1877 1168 1915 vero
1183 1861 1414 1915 habebat
1429 1876 1620 1930 equam
1641 1861 1973 1929 praestantis-

390 1950 540 2003 sima:
555 1949 741 2004 formae
762 1950 1153 2027 etvelocitatis,
1178 1965 1296 2017 quae
1313 1960 1366 2004 et
1396 1959 1613 2003 ventum
1640 1951 1813 2017 ipsum
1833 1950 1973 2004 cele-

391 2041 549 2095 ritate
581 2041 948 2104 antecederet,
982 2047 1038 2093 et
1062 2039 1273 2093 duobus
1304 2037 1497 2094 ferreis
1521 2040 1754 2094 vinculis
1793 2048 1849 2094 et
1881 2054 1973 2108 pe-

391 2129 531 2186 dicis
566 2140 688 2185 erat
742 2131 982 2201 alligata.
1017 2130 1152 2184 Cum
1183 2145 1312 2186 vero
1338 2131 1390 2184 in
1453 2131 1634 2194 animo
1689 2132 1974 2186 volverent

391 2235 494 2275 suo
523 2220 804 2290 Amptulas
845 2233 901 2275 et
965 2221 1110 2274 illius
1151 2231 1322 2288 pater,
1349 2221 1494 2290 quod
1538 2220 1768 2276 Corcses
1819 2221 1968 2276 occi-

393 2311 547 2366 derat
583 2325 793 2378 canem,
823 2325 924 2366 nec
953 2310 1237 2380 Amptulas
1263 2326 1361 2380 par
1413 2321 1563 2366 esset
1619 2311 1711 2365 tali
1761 2311 1973 2380 injuriae

390 2402 821 2466 tissimtilandaa,
856 2410 911 2458 et
961 2411 1112 2456 tanto
1151 2401 1326 2457 dolori
1393 2403 1632 2466 ferendo.
1694 2403 1972 2472 accipiens

391 2509 576 2550 secum
610 2497 936 2560 canistrum,
995 2494 1164 2548 adivit
1225 2494 1510 2561 Coresum,
1541 2497 1831 2550 consilium
1879 2511 1970 2549 oc-

391 2589 623 2653 cultans,
653 2599 706 2644 et
733 2603 843 2658 prae
871 2602 932 2642 se
967 2587 1148 2642 ferens
1174 2603 1364 2659 pacem
1407 2597 1464 2642 et
1514 2589 1757 2642 animum
1804 2589 1972 2644 bene-

392 2682 597 2736 volum.
628 2682 837 2735 Arabes
852 2695 979 2736 vero
1006 2696 1193 2751 pacem
1217 2689 1276 2734 ut
1300 2695 1412 2735 rem
1444 2681 1669 2734 maximi
1709 2680 1970 2735 momenti

395 2775 670 2830 aestimare
724 2775 927 2829 solent.
988 2774 1247 2829 Videntes
1297 2787 1426 2844 ergo
1471 2773 1620 2828 illum
1675 2773 1972 2829 Corasiotre

397 2869 698 2924 venientem
727 2883 850 2922 cum
886 2867 1144 2931 canistro,
1166 2876 1220 2921 et
1253 2867 1358 2922 illis
1383 2868 1565 2922 omnia
1595 2867 1746 2937 pacis
1785 2865 1968 2922 ofﬁcia

400 2959 822 3028 impertientem,
856 2958 924 3013 de
949 2971 1016 3012 eo
1041 2965 1327 3027 coeperunt
1359 2970 1483 3010 esse
1523 2956 1698 3009 minus
1728 2954 1970 3020 solliciti,

2076 1777 2330 1846 φανῆναι.
2372 1776 2430 1825 ’0
2457 1773 2512 1827 δὲ
2548 1770 2814 1841 Κωρέσης
2844 1764 2987 1836 εἶχεν
3023 1763 3233 1835 φοράδα
3262 1761 3405 1813 πάνυ
3441 1757 3655 1846 θαυμα-

2079 1837 2226 1934 στὴν,
2284 1837 2688 1936 προτρέχουσαν
2741 1858 2879 1930 μετά
2921 1855 3014 1910 τοῦ
3063 1854 3288 1923 ἀνέμου.
3345 1849 3502 1913 Μετά
3536 1837 3654 1899 ’δύο

2074 1958 2275 2026 ζυγιῶν
2316 1956 2550 2027 σιδηρῶν
2577 1950 3124 2022 πεπεδουκλωμένην.
3160 1947 3268 2001 Kal
3288 1945 3583 2015 νοήσαντες
3622 1941 3652 1992 6

2086 2050 2450 2118 Ἀμπτουλᾶς,
2493 2047 2586 2100 καὶ
2612 2047 2639 2098 6
2664 2045 2848 2115 πατὴρ
2873 2042 3059 2105 αὑτοῦ,
3097 2042 3178 2094 ὅτι
3227 2037 3327 2108 τὴν
3350 2035 3488 2089 κύνα
3519 2032 3654 2101 ἐφύ-

2072 2160 2260 2197 νευσεν
2303 2143 2330 2195 6
2367 2141 2633 2209 Κωρέσης
2677 2139 2772 2192 καὶ¹
2820 2136 2894 2207 μὴ
2948 2135 3132 2204 φέρων
3174 2131 3274 2202 τὴν
3329 2128 3506 2198 λύπην
3551 2127 3655 2195 τῆς

2073 2234 2234 2297 κυνὸς
2265 2234 2293 2285 6
2326 2229 2690 2301 ’Λμπτουλᾶς,
2747 2225 2931 2280 λαϐὼν
2969 2224 3252 2279 κανίσκιον
3300 2218 3541 2288 ἀπῆλθεν
3571 2217 3658 2278 είς

2072 2326 2163 2380 τοῦ
2188 2325 2448 2396 Κωρέσου
2482 2321 2617 2393 μετὰ
2653 2321 2896 2392 εἰρήνης.
2943 2318 3051 2371 Kal
3079 2316 3130 2368 οἱ
3177 2312 3456 2384 Ἀῥραϐες
3493 2308 3658 2379 ἔχουν

2072 2420 2167 2490 τὴν
2198 2419 2421 2489 εἰρήνην
2456 2416 2529 2477 ti);
2565 2417 2705 2485 μέγα
2734 2432 2783 2468 τι
2806 2414 3059 2483 πρᾶγμα.
3091 2410 3199 2462 Kal
3222 2407 3424 2466 ἰδόντες
3447 2405 3494 2454 οἱ
3531 2403 3658 2454 Κω-

2075 2511 2340 2585 ρασιῶται
2389 2509 2554 2565 αὐτὸν
2592 2508 2888 2580 ἐρχόμενον
2915 2504 3052 2576 μετά
3089 2500 3184 2553 τοῦ
3225 2497 3529 2555 κανισκίου,
3558 2494 3658 2547 καὶ

2071 2583 2232 2659 δόντα
2277 2603 2461 2666 αὐτοῖς
2510 2600 2609 2672 τὴν
2656 2601 2904 2670 εἰρήνην,
2956 2592 3426 2664 ἀπεμερίμνησαν
3461 2583 3657 2646 αὐτοῦ,

2073 2697 2155 2748 ὅτι
2185 2688 2340 2756 οὗτος
2374 2694 2475 2747 οὐκ
2499 2691 2750 2762 ἐθυμήθη
2801 2708 2855 2743 τι
2889 2687 3079 2752 κακὸν,
3134 2685 3228 2740 καὶ
3267 2681 3660 2753 ἐφιλοξένησαν

2077 2787 2258 2843 αὐτόν.
2289 2787 2398 2842 Kal
2423 2784 2589 2848 αὐτὸς
2624 2784 2863 2846 ἀναστὰς
2895 2781 3089 2843 νυκτὸς
3120 2777 3377 2847 ἐφόνευσε
3403 2773 3504 2844 τὴν
3553 2788 3658 2841 φο-

2081 2881 2212 2950 9161
2242 2878 2328 2932 διὰ
2373 2879 2670 2948 μαχαίρας
2713 2877 2810 2928 καὶ
2839 2874 3002 2936 εὐθὺς
3033 2870 3256 2940 ἔφυγεν.
3290 2869 3368 2938 Τῇ
3401 2867 3458 2919 δὲ
3487 2863 3664 2918 ἐπαύ-

2081 2988 2192 3041 ριον
2216 2971 2550 3032 ἀναστάντες
2582 2963 2738 3035 εὗρον
2771 2967 2874 3038 τὴν
2914 2965 3126 3036 φοράδα
3174 2960 3525 3029 τεθνηκυῖαν,
3562 2954 3664 3010 καὶ

401 3052 755 3108 exstimantes
789 3049 937 3122 illum
980 3064 1084 3103 non
1110 3063 1274 3119 prava
1326 3050 1380 3102 in
1440 3047 1622 3101 animo
1679 3046 1865 3101 fovere
1922 3057 1974 3100 et

2083 3030 2236 3112 εἶπεν
2264 3060 2290 3112 6
2324 3030 2615 3128 Κωρέσηςο
2645 3030 2805 3126 Εἴχεν
2825 3030 3117 3126 τὴν-ὀργὴν
3152 3054 3208 3104 ἐν
3248 3054 3312 3120 τῇ
3343 3047 3537 3119 καρδίᾳ
3570 3047 3667 3099 αὐ-

402 3145 615 3199 volvere
633 3143 877 3207 consilia,
910 3151 963 3196 et
992 3141 1141 3196 illum
1166 3152 1222 3195 ut
1274 3140 1538 3207 hospitem
1601 3139 1971 3210 gratissimum

400 3235 886 3306 exeeperunt.'Ast
933 3235 1023 3288 ille
1075 3243 1242 3288 noctu
1281 3233 1422 3286 lecto
1451 3231 1711 3286 exsilieus
1747 3239 1802 3285 et
1850 3245 1975 3285 sur-

404 3346 560 3400 gens,
588 3329 765 3384 cultro
791 3343 985 3398 equam
1012 3328 1409 3392 trucidavitﬁet
1466 3325 1648 3379 statim
1702 3338 1760 3379 se
1802 3323 1979 3393 prori-

405 3424 522 3494 puit
579 3431 635 3476 et
681 3421 805 3490 fuga
870 3419 973 3475 sibi
1007 3419 1301 3474 consuluit.
1329 3416 1589 3485 Sequenti
1644 3430 1772 3470 vero
1824 3428 1981 3467 mane

407 3533 600 3572 somno
654 3525 708 3571 et
767 3515 907 3569 lecto
970 3512 1195 3566 excitati
1275 3510 1577 3566 Corasiotm
1656 3508 1980 3562 invenerunt

407 3625 602 3678 equam
635 3615 926 3672 mortuam,
961 3616 1013 3661 et
1067 3605 1234 3658 variis
1284 3604 1596 3658 vulneribus
1655 3602 1979 3656 confossam.

411 3703 568 3760 Unde
602 3701 814 3757 dicebat
850 3700 1078 3754 Corases
1110 3715 1125 3752 :
1161 3696 1302 3751 Iram
1364 3708 1420 3751 et
1472 3696 1767 3750 vindictam
1821 3697 1984 3749 corde

410 3795 704 3850 occultavit
763 3793 1074 3861 Amptulas,
1129 3799 1184 3844 et
1246 3789 1400 3842 nobis
1453 3787 1633 3842 fucum
1677 3786 1803 3847 fecit
1863 3803 1984 3842 cum

413 3903 509 3942 sua
550 3886 802 3941 simulata
844 3901 1010 3956 pace;
1045 3885 1167 3938 ideo
1200 3884 1347 3936 illum
1373 3881 1694 3936 observandi
1723 3881 1864 3934 nulla
1893 3898 1990 3934 Ilus

416 3980 589 4035 tenuit
643 3967 770 4034 cura
820 3977 902 4032 vel
957 3975 1290 4032 sollicitudo.
1330 3972 1610 4041 Amptulas
1643 3987 1770 4026 vero
1811 3988 1989 4026 rever-

412 4085 504 4126 sus
550 4073 615 4126 ad
694 4079 904 4141 patrem
965 4071 1145 4123 omnia
1182 4069 1357 4135 [prout
1413 4075 1564 4135 gesta
1628 4065 1842 4120 fuerant
1896 4081 1991 4135 ge-

2085 3149 2201 3215 τοῦ,
2225 3149 2316 3203 καὶ
2353 3149 2658 3219 ἐπλάνησεν
2686 3148 2833 3218 ἡμᾶς
2868 3147 3003 3218 μετά
3031 3146 3129 3215 τῆς
3164 3144 3386 3214 εἰρήνης
3413 3138 3509 3192 τοῦ
3539 3140 3667 3206 μεῖ-

2095 3260 2181 3296 ναι
2235 3243 2380 3312 ἡμᾶς
2431 3241 2790 3312 ἀμερίμνους.
2857 3240 2914 3292 '0
2967 3239 3023 3291 δέ
3086 3233 3435 3306 Ἀμπτουλᾶς
3485 3228 3666 3284 ἐλθὼν

2089 3335 2224 3406 πρὸς
2262 3335 2353 3386 τὸν
2386 3333 2598 3402 πατέρα
2633 3329 2798 3385 αὐτοῦ
2824 3328 3146 3399 ἀνήγγειλεν
3179 3328 3247 3380 τὰ
3272 3326 3474 3386 πάντα,
3513 3322 3610 3375 καὶ
3637 3322 3668 3374 6

2090 3425 2273 3496 πατὴρ
2301 3425 2462 3477 αὐτοῦ
2507 3423 2677 3491 λέγει·
2723 3423 2797 3474 Τὸ
2851 3420 3040 3474 λοιπὸν
3072 3417 3490 3487 ἐτοιμαζόμενοι
3513 3408 3669 3481 ὦμεν

2093 3518 2225 3587 πρὸς
2261 3518 2518 3584 πόλεμον.
2589 3515 2644 3568 Ὁ
2690 3515 2742 3566 δὲ
2779 3513 3044 3584 Κωρὲσης
3080 3508 3365 3563 ἀναλαϐὼν
3415 3507 3506 3560 τὸν
3537 3504 3670 3558 λαὸν

2092 3610 2259 3660 αὐτοῦ
2324 3609 2462 3677 μετὰ
2512 3607 2778 3678 ἁρμάτων
2849 3603 3088 3672 ἀπῆλθεν
3143 3603 3224 3664 εἰς
3285 3600 3376 3652 τὸν
3438 3594 3670 3664 ἀδελφὸν

2093 3701 2254 3754 αὐτοῦ
2287 3702 2380 3753 καὶ
2431 3701 2769 3768 ἐπολέμησεν
2815 3698 3000 3751 αὐτόν.
3048 3696 3158 3747 Kal
3205 3691 3576 3762 ἐφονεύθησαν
3609 3688 3672 3751 ἐξ

2086 3794 2414 3862 ἀμφοτέρων
2443 3794 2567 3856 λαὸς
2595 3792 2780 3854 πολὺς,
2822 3791 2918 3843 καὶ
2951 3789 3025 3859 μὴ
3063 3787 3359 3856 δυνάμενος,¹
3391 3783 3554 3852 ζῆσαι
3582 3781 3673 3833 διὰ

2084 3887 2175 3937 τὸν
2203 3885 2365 3952 φόϐον
2399 3888 2425 3938 ὀ
2453 3885 2636 3955 πατὴρ
2665 3884 2759 3936 τοῦ
2805 3879 3138 3951 ’Λμπτουλᾶ
3176 3879 3379 3947 ἔφυγεν
3433 3877 3512 3938 εἰς
3565 3873 3674 3942 γῆν

2089 3978 2274 4041 Μακᾶ,
2317 3977 2539 4047 ἡμερῶν
2603 3983 2631 4027 ι’
2658 3976 2955 4043 διάστημα,
3023 3971 3162 4042 μετά
3226 3968 3499 4036 ὀλιγίστου
3537 3965 3673 4019 λαοῦ

2091 4071 2184 4122 καὶ
2206 4068 2300 4121 τού
2337 4069 2452 4122 υἱοῦ
2478 4068 2646 4121 αὐτοῦ
2667 4109 2683 4135 ,
2714 4069 2762 4120 οἱ
2791 4067 2846 4119 δέ
2878 4065 3027 4119 ἄλλοι
3059 4061 3453 4132 ἐφονεύθησαν.

412 4165 584 4221 Stiens
637 4165 938 4222 enarravit.
971 4163 1134 4216 Pater
1187 4177 1314 4215 vero
1345 4161 1661 4230 regerebat;
1708 4160 1849 4214 Nihil
1886 4176 2026 4214 nunc
2068 4164 2222 4217 nobis
2298 4163 2662 4233 peragendum
2726 4171 2992 4231 superest,
3046 4173 3209 4229 quam
3264 4163 3321 4208 ut
3360 4156 3424 4208 ad
3473 4151 3672 4207 bellum

413 4261 718 4327 proximum
756 4276 854 4313 nos
883 4259 990 4313 cito
1017 4258 1381 4326 arciugamus.
1425 4255 1490 4307 Et
1517 4271 1702 4309 revera
1750 4255 1980 4310 Corases
2021 4273 2212 4326 magna
2276 4258 2455 4325 populi
2526 4257 2822 4312 comitante
2852 4265 3095 4315 caterva,
3127 4262 3181 4306 et
3215 4251 3386 4303 variis
3413 4247 3674 4301 curribus

414 4360 468 4406 et
524 4355 691 4407 armis
746 4352 1068 4414 iuSIructus,
1103 4350 1350 4403 adoritur
1412 4349 1658 4414 fratrem,
1689 4360 1742 4402 et
1773 4349 1970 4403 acerbo
2011 4349 2151 4403 bello
2183 4352 2409 4405 invadit.
2440 4353 2520 4405 Ab
2595 4360 2825 4419 utraque
2893 4357 3048 4418 parte
3083 4345 3237 4398 multi
3264 4344 3424 4397 dubia
3484 4351 3537 4394 et
3569 4354 3673 4393 an-

413 4443 561 4515 cipiti
597 4445 822 4498 victoria
879 4445 1204 4498 occubuere.
1259 4443 1418 4496 Pater
1456 4458 1586 4496 vero
1629 4444 1922 4511 Atnptula‘,
1959 4445 2165 4498 viribus
2207 4425 2454 4510 iulerior,
2491 4454 2718 4498 ettanto
2757 4453 2898 4496 metu
2941 4447 3248 4508 correptus,
3319 4443 3376 4487 ut
3434 4434 3670 4485 animam

416 4537 574 4591 modo
615 4545 760 4590 esset
787 4534 1084 4597 clllaturns,
1124 4534 1246 4604 fuga
1297 4534 1468 4587 tetulit
1504 4533 1738 4588 Meceam
1801 4534 1985 4587 der-em
2029 4534 2240 4589 dierum
2267 4534 2463 4588 itinere
2495 4535 2791 4588 distantem
2832 4547 2954 4586 cum
2995 4531 3102 4583 lilio
3161 4537 3216 4580 et
3281 4523 3528 4593 reliquiis
3565 4536 3659 4591 po-

415 4633 524 4704 puli
561 4630 679 4695 sui;
719 4629 871 4688 multi
913 4629 1057 4683 enim
1106 4628 1159 4680 in
1219 4627 1386 4681 variis
1419 4627 1622 4695 praeliis
1682 4627 1988 4694 perierant?

487 4729 621 4784 Cum
643 4740 773 4780 vero
803 4726 959 4779 sedes
989 4723 1120 4776 ﬁxas
1146 4721 1470 4776 collocasset
1504 4724 1554 4774 in
1590 4721 1822 4775 desertis
1849 4721 1977 4776 Mec-

2168 4723 2277 4776 Kal
2299 4721 2615 4783 καθίσαντες
2651 4722 2727 4782 ei;
2755 4718 2852 4781 τὰς
2878 4716 3112 4786 ἐρημίας
3132 4713 3223 4766 τοῦ
3250 4710 3416 4765 Μακά
3446 4709 3672 4779 χρόνους

414 4821 550 4885 clue,
581 4817 758 4887 spatio
790 4815 951 4868 trium
987 4827 1255 4866 annorum
1284 4811 1561 4876 animalia,
1598 4826 1808 4876 servos,
1850 4827 1995 4866 mer-

415 4929 506 4966 ces
530 4913 724 4965 iterum
753 4907 855 4962 sibi
889 4911 1373 4976 comparaverunt,
1410 4913 1466 4958 ct
1489 4919 1612 4958 cum
1643 4904 1823 4958 omnia
1867 4905 1987 4959 loca

417 5007 582 5072 probe
605 5009 853 5062 noscent,
893 4999 1207 5067 inceperunt
1230 4995 1493 5065 negotiari
1520 5006 1574 5049 et
1623 5005 1984 5050 mercaturam

414 5110 693 5151 exercere.
721 5095 887 5149 Moris
909 5103 1090 5146 autem
1150 5099 1266 5145 erat
1331 5088 1478 5144 soliti
1506 5090 1646 5156 apud
1676 5089 1908 5150 Arabas,
1937 5099 1995 5140 ut

416 5187 634 5259 singuli,
657 5193 812 5254 prout
829 5200 1014 5239 eorum
1039 5181 1330 5237 facultates
1346 5179 1612 5246 ferebant,
1633 5180 1734 5232 sibi
1751 5188 1996 5232 einen-nt

417 5281 850 5351 quau-plurimas
878 5278 1145 5348 captivas,
1184 5289 1319 5346 quas
1351 5273 1751 5342 prostituebant
1779 5271 1994 5341 juveni-

419 5375 519 5427 bus
573 5382 730 5426 actate
789 5373 1127 5432 florentibus,
1158 5378 1213 5421 et
1277 5367 1546 5434 praecipue
1617 5364 1878 5429 llebrzeis,
1927 5379 1991 5418 ex

417 5481 650 5535 quorum
709 5479 833 5518 cum
887 5463 993 5518 illis
1051 5461 1343 5517 concubitu
1393 5458 1627 5540 gra'vidac
1677 5459 1992 5518 evaderent,

418 5559 866 5626 susciperentqne
892 5555 1090 5608 liberos
1115 5551 1467 5622 elegantioris
1502 5548 1710 5613 1111111111,
1749 5550 1799 5601 111
1853 5546 1986 5601 foris

365 5689 370 5696 .
418 5661 470 5702 et
495 5649 750 5704 numlinis
777 5648 1008 5718 publicis
1035 5660 1232 5715 magno
1266 5643 1442 5713 pretio
1466 5642 1797 5695 vendendus.
1831 5638 1992 5693 Certo

419 5755 550 5812 ergo
576 5743 808 5810 quodam
828 5741 913 5796 die
948 5739 1084 5794 dixit
1109 5737 1247 5808 patri
1284 5736 1568 5806 Aniptulas
1593 5732 1989 5788 Mnbammedis

2098 4818 2266 4885 τρεῖς,
2304 4815 2677 4880 ἐπεκτήσαντο
2703 4807 2856 4873 αὖθις
2903 4809 3016 4872 ζῶα
3051 4808 3145 4859 καὶ
3182 4802 3528 4872 ἀνθρώπους,
3578 4800 3673 4854 καὶ

2098 4905 2417 4976 πράγματα.
2459 4904 2569 4955 Kal
2616 4901 2684 4953 τὰ
2735 4902 2899 4952 τὸπια
2959 4899 3136 4952 πάντα
3203 4893 3530 4963 ἐγνώρισαν,
3579 4892 3672 4945 καὶ

2096 4996 2281 5048 ἔκτοτε
2349 4994 2583 5063 ἤρξαντο
2635 4988 3141 5064 πραγματεύεσθαι.
3189 4988 3252 5040 Οἱ
3295 4986 3352 5039 δὲ
3400 4982 3672 5054 Ἀῤῥαδες

2099 5081 2241 5154 εἶχον
2264 5081 2504 5136 τοιοῦτον
2538 5081 2658 5144 ἔθος
2696 5080 2788 5133 τοῦ
2813 5077 3106 5148 ἀγοράζειν
3135 5077 3366 5137 ἕκαστος
3401 5073 3544 5126 κατά
3571 5073 3670 5143 τὴν

2101 5178 2236 5230 ἰδίαν
2263 5175 2492 5244 δύναμιν
2538 5172 2778 5234 σκλάὅας
2824 5172 2918 5223 καὶ
2964 5170 3295 5241 προτάσσειν
3366 5165 3540 5228 αὐτὰς
3595 5165 3675 5227 εἰς

2095 5269 2222 5329 τοὺς
2239 5266 2391 5328 νέους
2414 5264 2753 5336 ἀνθρώπους,
2787 5261 2881 5315 xal
2907 5262 2987 5323 είς
3023 5257 3328 5328 Ἐϐραίους,
3356 5256 3448 5308 καὶ
3475 5254 3672 5324 μίγνυ-

2099 5359 2222 5412 σθαι
2259 5359 2373 5426 μετ’
2405 5357 2593 5423 αὐτὰς,
2622 5355 2763 5408 ὥστε
2795 5351 3121 5422 ἐγκυοῦσοαι
3153 5352 3246 5402 καὶ
3276 5349 3524 5400 ποιοῦσιν
3543 5363 3674 5400 παι-

2095 5451 2180 5502 δία
2197 5448 2255 5501 εύ
2265 5464 2470 5522 μορφα,
2487 5447 2574 5500 ἵνα
2595 5447 2801 5516 φέρωσι
2819 5462 2868 5497 τι
2878 5445 2984 5514 μὴν
2999 5441 3200 5512 πολλὴν
3213 5443 3292 5503 εἰς
3310 5440 3369 5492 τὸ
3392 5438 3667 5507 πωλῆσαι.

2097 5544 2212 5612 Μιᾷ
2241 5537 2333 5595 οὖν
2383 5540 2491 5593 τῶν
2521 5539 2748 5611 ἡμερῶν
2779 5538 2926 5605 λέγει
2969 5535 2997 5587 6
3047 5533 3392 5604 Ἀμπτουλᾶς
3429 5532 3458 5584 6
3491 5527 3674 5600 πατὴρ

2096 5634 2188 5688 τοῦ
2216 5633 2539 5702 Μουχάμετ,
2565 5631 2701 5701 προς
2724 5629 2814 5682 τὸν
2841 5627 3055 5696 πατέρα
3079 5624 3267 5677 αὐτοῦ’
3316 5623 3516 5690 Πάτερ,
3537 5620 3675 5673 θέλω

2097 5727 2328 5796 γυναῖκα
2349 5742 2360 5752 ·
2389 5724 2480 5777 καὶ
2512 5717 2665 5777 εἶπεν
2691 5721 2839 5793 αὐτῷ
2867 5721 2894 5772 6
2921 5718 3102 5785 πατὴρ
3155 5714 3342 5769 αὐτοῦ’
3395 5710 3670 5781 Ἀνάθεμά
