3978 6238
381 317 404 381 1
426 317 519 380 195

1573 320 1762 382 CONF
1771 320 2050 381 UTATIO
2091 320 2189 379 AG
2202 320 2431 381 ΔιΙῖΕΝΙ
2443 368 2455 380 .

3504 315 3638 379 1426

379 445 461 492 σε,
492 426 705 492 τέκνον,
737 426 833 479 καὶ
859 426 919 479 σέ
950 425 1045 479 καὶ
1064 426 1166 498 τὴν
1194 429 1453 495 γυναῖκα,
1482 428 1549 499 ἢν
1565 427 1765 495 Θέλεις,
1797 429 1952 493 λάϐε,

2061 438 2216 498 pater
2240 448 2253 483 :
2287 428 2469 493 Pater,
2490 441 2711 483 uxorem
2739 427 2869 483 mihi
2887 425 3088 499 jungas
3108 426 3251 483 volo.
3275 426 3639 500 Indignabatu-

376 519 473 572 καὶ
509 518 578 575 τὰ
606 516 793 584 τέκνα,
842 518 878 572 a
928 518 1145 588 μέλλεις
1182 518 1434 589 ποιῆσαι,
1496 521 1578 574 ὅτι
1624 522 1682 574 ἐν
1725 522 1791 592 τῇ
1842 521 1955 592 ζωῇ

378 621 474 663 σου
499 608 798 679 ἐγενόμεθα
826 608 965 675 ξένοι
1000 610 1065 663 ἐκ
1091 612 1192 681 τῆς
1238 604 1422 681 χώρας
1468 611 1649 681 ήμῶν,
1674 612 1768 666 καὶ
1797 614 1856 665 ἐν
1888 615 1955 683 τῇ

376 702 615 773 ξενιτείᾳ
651 702 921 772 μέλλομεν
955 702 1273 757 ἀποθανεῖν.
1304 705 1461 758 Μετὰ
1495 704 1689 778 καιρὸν
1715 705 1771 759 δὲ
1791 704 1957 760 πάλιν

329 806 333 810 ‘
375 794 573 866 δχλησε
617 795 708 850 τὸν
738 795 956 867 πατέρα
986 795 1151 851 αὑτοῦ
1195 795 1372 866 λέγων
1415 797 1587 867 αὐτῷ,
1643 798 1794 853 Ἐλθέ
1838 800 1957 871 μετ’

374 886 511 956 ἐμοῦ
545 888 605 940 ἐν
640 888 706 959 τῇ
737 887 1070 959 πανηγύρει,
1096 888 1191 943 καὶ
1215 888 1558 961 ἐξωνήσομεν
1597 891 1804 946 σκλάϐα
1833 893 1957 946 ὅσον

375 979 441 1033 νᾶ
478 979 625 1033 δόσει
665 981 696 1033 6
744 979 878 1043 Θεὸς
918 980 1008 1034 ἵνα
1043 997 1144 1052 μου
1208 980 1358 1034 δόσει
1392 984 1488 1036 καὶ
1538 986 1793 1051 γυναῖκα.
1848 986 1958 1039 Καὶ

374 1072 701 1135 ἀπελθόντες
727 1073 786 1124 ἐν
810 1073 878 1143 τῇ
903 1072 1230 1144 πανηγύρει,
1268 1075 1364 1128 καὶ
1407 1074 1829 1146 ψηλαφήσαντες
1861 1077 1957 1132 ἀπ’

373 1164 543 1231 ἄκρον
593 1164 700 1229 ἕως
755 1165 945 1236 ἄκρον,
997 1158 1159 1236 εὗρεν
1198 1168 1227 1220 6
1309 1167 1624 1237 Ἀμπτολᾶς
1687 1169 1954 1235 σκλάϐαν,

374 1258 467 1310 καὶ
498 1256 807 1327 ἐξωνήσατο
833 1258 1029 1327 αὐτήν.
1048 1258 1162 1327 ,Καὶ
1194 1257 1343 1327 λέγει
1381 1260 1410 1312 6
1459 1264 1900 1333 σωματοπράτης
1929 1266 1957 1318 6

377 1348 611 1418 ράπτης,
653 1348 736 1401 ὅτι
776 1347 871 1403 Μὰ
922 1349 1015 1402 τὸν
1047 1348 1180 1402 Θεὸν
1218 1349 1312 1403 τὸν
1365 1350 1597 1420 φοϐερὸν
1645 1352 1809 1405 πλέον
1846 1355 1957 1407 τῶν

374 1440 583 1494 δώδεκα
620 1441 801 1513 φόρων
827 1441 1042 1512 ἐπράθη
1080 1443 1113 1512 ἡ
1146 1441 1354 1495 σκλάϐα
1378 1440 1539 1512 αὕτη.
1565 1442 1674 1496 Καὶ
1703 1442 1958 1509 λαϐόντες

376 1534 583 1603 ἤγαγον
612 1535 783 1604 αὐτὴν
830 1537 910 1598 εἰς
948 1535 1047 1604 τὴν
1090 1536 1270 1588 οἰκίαν
1302 1537 1611 1608 χαίροντες.
1658 1537 1771 1590 Kal
1818 1539 1957 1607 μετὰ

378 1627 573 1698 μικρὸν
594 1627 917 1680 ἀπέστειλεν
942 1628 1113 1698 αὐτὴν
1142 1627 1359 1695 βόσκειν
1382 1627 1480 1691 τὰς
1506 1628 1789 1699 καμήλους
1816 1629 1957 1681 κατὰ

374 1718 475 1788 τὴν
522 1718 633 1771 τῶν
696 1718 982 1789 Ἀρῤάϐων
1048 1717 1359 1789 συνήθειαν,
1434 1720 1837 1790 ἐπιφερομένην
1897 1719 1957 1772 τὸ

375 1811 606 1882 ὀψώνιον
628 1811 799 1879 αὐτῆς
816 1814 874 1864 ἐν
904 1810 1331 1881 προσφωναρίῳ,
1356 1811 1449 1864 ἐπὶ
1464 1810 1559 1863 τοῦ
1582 1810 1734 1880 ὤμου
1757 1813 1953 1881 αὐτῆς,

376 1905 471 1959 καὶ
502 1904 597 1973 ἀφ’
645 1904 887 1974 ἑσπέρας
934 1904 1193 1972 ἐγέμισεν
1242 1903 1375 1956 αὐτὸ
1409 1903 1676 1973 καμήλων
1726 1903 1953 1973 κόπρον,

376 1995 572 2067 ἔφερεν
599 1996 657 2048 ἐν
684 1996 751 2065 τῇ
799 1994 946 2065 οἰκίᾳ
984 1994 1077 2047 τοῦ
1114 1994 1307 2065 κυρίου
1369 1994 1563 2064 αὐτῆς.
1622 1996 1731 2048 Kal
1758 1997 1816 2048 ἐν
1879 1994 1958 2065 τῷ

373 2085 650 2139 δουλεύειν
680 2083 850 2155 αὐτὴν
878 2085 1073 2147 οὓτως,
1108 2085 1184 2148 ὡς
1215 2087 1497 2156 προεῖπον,
1546 2086 1790 2156 συνήφθη
1817 2087 1955 2157 αὐτῇ

373 2180 403 2230 ὁ
452 2170 817 2247 Ἀμπτουλᾶς.
878 2177 992 2231 Kal
1035 2177 1234 2245 ἔγκυος
1286 2178 1398 2230 εῐτε
1446 2176 1505 2242 ἐξ
1537 2178 1726 2240 αὐτοῦ,
1756 2178 1868 2231 εἴτε
1893 2180 1957 2232 ἐκ

373 2268 485 2322 τῶν
512 2270 725 2339 βοσκῶν
752 2269 860 2322 τῶν
894 2270 1013 2339 μετ’
1036 2270 1209 2339 αὐτῆς
1241 2268 1350 2323 τῶν
1384 2270 1443 2322 ἐν
1465 2270 1543 2341 τῷ
1573 2270 1690 2341 ὄρει
1725 2270 1826 2334 τὰς
1851 2288 1954 2324 κα-

376 2362 583 2432 μήλους
612 2362 936 2432 βοσκόντων⁸
962 2361 1168 2430 ἔφθασε
1205 2362 1310 2433 γὰρ
1340 2364 1369 2415 6
1399 2362 1593 2433 καιρὸς
1633 2362 1735 2433 τῆς
1760 2364 1958 2434 γεννήη

376 2474 514 2519 σεως
541 2457 732 2526 αὐτῆς.
772 2457 883 2510 Kal
920 2458 1062 2511 κατὰ
1094 2456 1193 2527 τὴν
1236 2456 1529 2527 συνήθειαν
1574 2456 1745 2527 αὐτῆς
1790 2456 1957 2509 ἀπελ-

374 2550 545 2603 θοῦσα
578 2551 635 2602 ὲν
662 2550 739 2620 τῷ
759 2550 873 2619 ὄρει
924 2550 1137 2620 βόσκειν
1191 2552 1291 2615 τὰς
1347 2550 1630 2621 καμήλους
1665 2548 1957 2619 ἐγέννησεν

375 2645 555 2696 ἐκεῖσε
576 2642 667 2695 τὸν
695 2643 1016 2713 Μουχάμετ,
1052 2645 1147 2697 καὶ
1174 2643 1420 2697 λαϐοῦσα
1444 2646 1501 2695 ἐν
1520 2641 1598 2713 τῷ
1626 2658 1956 2713 προσφωνα-

378 2734 480 2805 ρίῳ
514 2736 655 2789 κατὰ
712 2735 777 2788 τὸ
812 2735 1044 2807 σύνηθες
1103 2737 1341 2807 ἑσπέρας
1392 2738 1491 2803 τὴν
1540 2735 1649 2789 τῶν
1691 2737 1956 2807 καμήλων

376 2828 602 2898 κόπρον,
651 2828 745 2881 καὶ
787 2828 998 2882 ἄνωθεν
1055 2830 1144 2883 τὸν
1193 2830 1520 2899 Μουχάμετ,
1578 2824 1741 2901 ἦλθεν
1789 2833 1846 2882 ἐν
1887 2834 1953 2901 τῇ

375 2920 523 2990 οἰκίᾳ
548 2918 640 3000 τοῦ
676 2920 868 2991 κυρίου
892 2921 1084 2990 αὐτῆς.
1120 2917 1275 2974 Εἷδεν
1308 2918 1403 2974 οὖν
1454 2921 1546 2974 τὸν
1598 2921 1897 2991 Μουχάμετ
1927 2922 1955 2972 6

378 3013 605 3075 πάππος
634 3012 820 3077 αὑτοῦ,
846 3014 942 3066 καὶ
976 3012 1146 3080 λέγει·
1204 3012 1482 3083 Ἀνάθεμα
1512 3014 1605 3066 καὶ
1665 3012 1743 3083 τῷ
1797 3014 1953 3066 σπεί-

2060 521 2163 577 dus
2192 520 2411 590 replicat
2437 530 2590 589 paler
2623 539 2635 576 :
2672 520 2975 575 Anatbema
3016 521 3093 575 sis
3142 529 3217 587 tu,
3240 528 3294 575 et
3318 535 3458 575 uxor
3474 537 3636 592 quam

2062 613 2156 667 tibi
2198 612 2492 681 ropulabis,
2529 622 2583 667 et
2630 612 2784 667 liberi
2832 627 2969 681 quos
3021 627 3089 667 ex
3144 612 3235 667 illa
3292 612 3632 682 procreabis.

2059 704 2195 771 Quin
2220 705 2275 758 in
2300 705 2407 759 vita
2434 714 2522 760 tua
2543 720 2641 760 nos
2659 720 2847 760 sumus
2881 714 3137 760 extorres
3160 714 3215 759 et
3237 707 3416 774 patria
3445 715 3630 761 nostra

2058 798 2295 867 profugi,
2328 807 2383 852 et
2404 799 2657 854 exsilium
2703 808 2950 853 nostrum
2998 797 3103 853 nisi
3132 812 3256 853 cum
3289 797 3399 852 vita
3449 805 3634 853 nostra

2061 903 2165 943 non
2203 889 2479 946 ﬁniemus.
2517 887 2647 945 Post
2714 888 2933 958 aliquod
2982 904 3112 944 vero
3160 888 3426 958 temporis
3469 888 3639 943 inter—

2058 981 2278 1047 vallum,
2304 981 2496 1036 iterum
2541 982 2684 1050 patri
2716 981 3006 1037 molestum
3070 983 3345 1054 negotium
3408 980 3637 1037 facessi-

2059 1074 2136 1129 vit
2174 1070 2610 1128 dicendo:Veni
2645 1086 2853 1127 mecura
2906 1073 2975 1126 ad
3027 1070 3229 1139 forum,
3279 1081 3336 1126 et
3392 1086 3639 1126 ememus

2060 1163 2326 1231 captivam
2374 1162 2587 1231 qualem
2634 1160 2779 1215 Deus
2840 1161 2998 1217 nobis
3052 1161 3446 1231 suppeditabit,
3516 1176 3637 1231 quae

2062 1257 2188 1312 mihi
2225 1256 2496 1311 connubio
2527 1254 2895 1324 copulabitur.
2929 1254 2996 1309 Et
3019 1254 3250 1325 proiecti
3290 1256 3358 1310 ad
3431 1254 3636 1321 forum,

2059 1364 2248 1404 omnes
2273 1348 2372 1419 l'ori
2407 1348 2634 1418 angulos
2680 1348 2918 1401 maxima
2971 1361 3102 1402 cura
3158 1348 3626 1417 pervestigarunt,

2059 1451 2111 1496 et
2137 1442 2347 1496 invenit
2388 1440 2673 1508 Amptulas
2728 1439 2997 1509 captivam
3047 1422 3414 1510 qttam'emit.
3471 1437 3639 1493 Sutor

2060 1547 2241 1591 autem
2271 1536 2362 1603 qui
2391 1549 2605 1589 servam
2631 1549 2726 1590 seu
2771 1534 3047 1603 captivam
3096 1533 3388 1598 vendebat,
3422 1532 3639 1589 dicebat

2058 1639 2112 1684 et
2150 1629 2253 1683 hoc
2282 1628 2601 1698 juramento
2630 1643 2726 1695 per
2761 1626 2935 1682 Deum
2964 1629 3307 1683 tremendum
3333 1626 3629 1682 confirma-

2062 1724 2173 1787 bat,
2206 1720 2347 1790 quod
2376 1721 2474 1775 ista
2500 1722 2711 1789 captiva
2745 1720 2865 1790 plus
2890 1736 3051 1789 quam
3085 1720 3377 1775 duodecim
3413 1722 3626 1776 vicibus

2063 1815 2279 1868 vendita
2309 1813 2521 1878 fuerat;
2557 1828 2660 1883 qua
2686 1813 2753 1867 de
2784 1827 2840 1866 re
2867 1813 3050 1868 laetitia
3080 1814 3447 1879 exsultantes,
3486 1813 3637 1867 illam

2061 1905 2277 1957 domum
2341 1906 2703 1958 deduxerunt.
2750 1903 2953 1973 Elapso
2985 1918 3112 1959 vero
3166 1906 3324 1975 pauci
3377 1906 3640 1974 temporis

2060 1997 2257 2067 spatio.
2296 1996 2440 2050 illam
2491 1998 2542 2050 in
2584 2012 2772 2066 agrum
2828 1997 3095 2051 miserunt
3151 2006 3209 2051 ut
3263 1997 3505 2053 camelos
3545 2012 3643 2066 pa-

2008 2104 2011 2105 '
2062 2099 2241 2145 sceret
2266 2091 2563 2144 secundum
2596 2103 2800 2142 morem
2822 2089 3071 2173 qui'apud
3096 2089 3308 2144 Arabas
3335 2088 3639 2152 obtinebat,

2060 2191 2115 2238 et
2149 2180 2378 2251 singulis
2412 2180 2700 2235 matutinis
2749 2178 3108 2247 temporibus,
3136 2180 3319 2238 cibum
3385 2183 3640 2237 diurnum

2059 2294 2168 2350 quo
2191 2280 2434 2333 aleretur
2469 2279 2711 2334 canistro
2738 2294 2924 2333 secum
2954 2276 3197 2333 humeris
3220 2275 3490 2345 gestabat,
3515 2264 3643 2330 sin-

2060 2371 2199 2440 gulis
2230 2385 2359 2425 vero
2389 2370 2712 2439 vespertinis
2756 2370 2907 2423 horis
2940 2369 3083 2422 idem
3146 2365 3447 2420 canistrum
3503 2376 3643 2421 ster‘

2059 2474 2186 2514 core
2227 2459 2563 2514 camelorum
2616 2458 2834 2528 plenum
2886 2458 3108 2511 domum
3158 2455 3363 2510 domini
3426 2455 3513 2510 sui
3555 2470 3642 2511 re-

2060 2552 2202 2607 ferre
2226 2551 2453 2607 solebat.
2483 2551 2713 2616 Etcum,
2746 2551 2821 2603 uti
2836 2550 2958 2619 ‘jam
2991 2548 3315 2613 memoravi,
3378 2549 3638 2613 serviret,

2058 2660 2182 2698 cum
2220 2643 2311 2696 illa
2348 2657 2461 2697 rem
2491 2642 2680 2697 habuit
2718 2641 3022 2711 Amptulas.
3055 2639 3192 2695 Cum
3234 2654 3366 2711 ergo
3421 2649 3636 2694 uterum

2061 2735 2232 2789 ferret
2260 2735 2375 2790 sive
2401 2734 2523 2802 quia
2554 2732 2841 2801 Amptulas
2876 2733 2988 2787 sive
3016 2731 3158 2799 quod
3197 2730 3517 2787 armentarii
3547 2731 3641 2801 qui

2060 2828 2111 2880 in
2142 2835 2325 2881 monte
2350 2826 2591 2882 camelos
2618 2826 2937 2895 pascebant,
2957 2840 3080 2880 cum
3118 2824 3210 2879 illa
3257 2832 3639 2885 consuessent.

2061 2919 2278 2973 tandem
2305 2919 2553 2988 pervenit
2585 2918 2651 2973 ad
2687 2927 2900 2987 tempus
2928 2932 3036 2986 quo
3078 2925 3293 2972 uterum
3350 2917 3633 2986 deponere

2057 3018 2112 3065 et
2140 3023 2333 3078 parere
2362 3010 2613 3063 debebat.
2644 3008 2790 3063 More
2831 3010 2997 3079 igitur
3058 3009 3219 3063 solito
3268 3008 3517 3079 profecta
3569 3010 3637 3061 ad

382 3119 561 3172 ραντι,
591 3103 688 3155 καὶ
726 3104 825 3172 τὴν
879 3104 1175 3171 φέρουσαν,
1211 3103 1293 3156 ὅτι
1337 3103 1394 3169 ἐξ
1449 3104 1629 3164 αἰτίας
1666 3101 1760 3156 τοῦ
1803 3102 1954 3155 σπεί-

2060 3112 2294 3156 montem
2352 3110 2411 3153 ιιι
2475 3100 2548 3153 ibi
2605 3100 2843 3155 camelos
2892 3101 3085 3165 aleret,
3137 3101 3347 3169 peperit
3398 3100 3472 3155 ibi
3528 3098 3643 3153 Mu-

300 3256 303 3257 r
379 3211 571 3264 ραντος
595 3194 923 3266 ἐχαώθημεν
968 3194 1076 3250 ἀπὸ
1122 3194 1220 3265 τὴν
1268 3194 1373 3265 γῆν
1405 3196 1498 3248 καὶ
1530 3194 1641 3247 τῶν
1678 3192 1955 3263 γυναικῶν

374 3291 406 3357 ἡ
418 3288 555 3358 μῶν.

2066 3194 2429 3256 hammedem,
2474 3193 2684 3262 vesperi
2756 3207 2883 3246 vero
2968 3207 3281 3258 reversura,
3340 3191 3642 3248 secundum

2067 3284 2515 3340 consuetudinem
2541 3283 2841 3338 canistrum
2894 3292 3136 3338 stercore
3168 3284 3503 3339 camelorum
3538 3284 3643 3338 im-

375 3382 565 3450 plevit,
601 3382 959 3439 Mabometem
1003 3399 1133 3438 vero
1156 3396 1351 3438 recens
1375 3392 1562 3437 natum
1612 3383 2054 3452 superimposuit,
2118 3382 2306 3450 sicque
2364 3382 2432 3434 ad
2493 3380 2638 3435 mdes
2673 3379 2881 3434 domini
2917 3378 3001 3434 sui
3065 3378 3249 3435 rediit.
3283 3381 3431 3434 Avus
3457 3387 3642 3434 autem

376 3491 502 3531 cum
542 3477 749 3533 videret
820 3488 1072 3547 nepotem
1128 3479 1560 3534 Muhammedem
1627 3480 1818 3534 dixit:
1870 3479 2174 3535 Auatbema
2226 3489 2283 3533 et
2358 3479 2500 3548 patri
2553 3486 2609 3532 et
2668 3476 2854 3542 matri,
2933 3490 3061 3531 nam
3114 3475 3272 3548 culpa
3325 3476 3496 3547 patris
3552 3491 3644 3532 su-

378 3587 497 3627 tnus
527 3574 700 3641 patria
732 3575 869 3643 pulsi
893 3584 947 3629 et
977 3575 1237 3630 uxoribus
1275 3576 1476 3630 orbati.

448 3665 597 3738 Αὕτη
625 3667 682 3719 δὲ
711 3668 854 3721 κατὰ
888 3668 989 3737 τὴν
1027 3668 1316 3737 συνήθειαν
1351 3669 1521 3739 αὐτῆς
1548 3668 1843 3739 ἐπορεύετο
1880 3671 1959 3735 εἰς

375 3758 437 3809 ab
461 3758 586 3829 ὅρος
619 3760 834 3828 βόσκειν
857 3762 957 3824 τὰς
988 3760 1274 3831 καμήλους
1310 3761 1659 3831 βαστάζουσα
1691 3763 1783 3816 τὸν
1810 3764 1959 3816 Μου-

377 3853 578 3923 χάμετ,
604 3854 692 3909 ἵνα
711 3854 899 3909 τοῦτον
950 3856 1181 3926 θηλάζῃ,
1217 3855 1314 3909 καὶ
1339 3857 1478 3926 μετὰ
1527 3856 1694 3927 τριῶν
1752 3856 1960 3926 χρόνων

296 3976 303 3980 -
380 3942 806 4014 συμπληρῶσαι,
838 3944 1065 4015 ἐξῆλθεν
1100 3949 1128 3999 6
1175 3944 1355 4016 πατὴρ
1401 3945 1497 3998 τοῦ
1538 3946 1836 4016 Μουχάμετ
1879 3947 1959 4009 εἰς

377 4034 655 4103 κυνήγιον.
707 4036 817 4087 Kal
871 4037 1214 4106 ἐκυνήγησεν
1263 4036 1455 4107 ἄγριον
1514 4036 1807 4107 πρόϐατον,
1865 4037 1959 4089 καὶ

377 4121 674 4186 ἐπέζευσεν
706 4123 800 4177 τοῦ
834 4124 1038 4191 σφάξαι
1066 4125 1216 4189 αὐτὸ,
1253 4126 1349 4178 καὶ
1381 4124 1717 4195 παρατυχὼν
1771 4127 1954 4177 ἐκεῖσε

375 4216 498 4285 ὄφις
520 4215 711 4269 ἔδακεν
740 4217 924 4281 αὐτὸν,
953 4218 1047 4271 καὶ
1083 4217 1245 4280 εὐθὺς
1272 4217 1379 4269 ἀπο
1404 4218 1496 4270 τοῦ
1542 4217 1820 4286 δήγματος
1852 4219 1959 4270 ἁπ-

377 4305 556 4359 έοανε.
586 4308 742 4359 Μετὰ
770 4308 826 4361 δὲ
861 4308 922 4360 τὸ
958 4307 1359 4379 συμπληρῶσαι
1404 4309 1624 4379 χρόνους
1651 4307 1693 4359 ε’
1716 4307 1957 4360 ἀπέθανε

378 4399 470 4450 καὶ
505 4400 535 4451 6
572 4400 799 4462 πάππος
843 4399 936 4453 τοῦ
994 4401 1314 4471 Μουχάμετ.
1364 4403 1473 4454 Καὶ
1530 4399 1881 4455 ἀναλαϐοῦσα
1924 4403 1957 4471 ἡ

2130 3667 2223 3723 illa
2259 3683 2388 3723 vero
2416 3683 2566 3724 more
2588 3667 2748 3724 solito
2776 3666 3008 3735 singulis
3044 3666 3236 3721 diebus
3260 3664 3646 3734 proﬁcisceba-

2062 3772 2149 3815 tur
2176 3762 2242 3816 ad
2271 3770 2508 3815 montem
2540 3771 2597 3815 ut
2628 3760 2868 3814 camelos
2904 3766 3178 3827 pasceret,
3208 3768 3261 3813 et
3285 3772 3472 3813 secum
3526 3759 3644 3815 Mu-

2060 3855 2397 3909 hammedem
2430 3858 2681 3924 gestabat
2707 3854 2933 3908 utillum
2960 3851 3210 3906 lactaret.
3231 3849 3433 3909 Tribus
3460 3863 3641 3909 autem

2061 3950 2287 4018 integris
2322 3948 2481 4002 annis
2510 3948 2735 4017 elapsis,
2777 3956 2936 4016 pater
2996 3949 3394 4003 Mubammedis
3451 3948 3518 4003 ad
3550 3962 3645 4004 ve-

2058 4041 2299 4095 nandum
2331 4039 2532 4101 .exivit,
2581 4046 2638 4091 et
2686 4053 2842 4092 ovem
2875 4037 3189 4092 silvestrem
3238 4038 3291 4091 in
3352 4038 3646 4092 venatione

2059 4142 2272 4201 captam
2299 4132 2516 4185 domum
2570 4131 2834 4195 deduxit;
2873 4130 2968 4183 sed
3016 4144 3140 4182 cum
3198 4130 3264 4183 ad
3325 4129 3470 4183 illam
3526 4145 3643 4184 ma-

2057 4224 2307 4279 Ctaudam
2340 4238 2401 4278 se
2427 4222 2740 4292 accingeret
2779 4232 2832 4275 et
2865 4220 3010 4274 illam
3042 4231 3388 4289 sequeretur,
3416 4234 3643 4290 serpens

2058 4316 2208 4369 illum
2244 4313 2444 4367 invasit
2501 4321 2556 4367 et
2576 4327 2758 4365 morsu
2809 4310 3067 4379 impetiit,
3092 4321 3146 4365 et
3207 4310 3393 4365 statim
3424 4326 3641 4367 morsus

2038 4398 2283 4460 vulnere
2312 4404 2538 4459 interiit.
2579 4402 2793 4470 Elapsis
2830 4415 2958 4455 vero
2989 4401 3231 4471 quinque
3272 4401 3395 4457 aliis
3456 4403 3640 4469 annis,

378 4491 585 4545 σκλάϐα
601 4493 689 4546 τὸν
717 4495 951 4562 ὀρφανὸν
975 4494 1158 4559 παῖδα,
1189 4494 1308 4564 ἦτοι
1332 4495 1424 4547 τὸν
1447 4494 1768 4564 Μουχάμετ,
1787 4489 1953 4565 ἧλοεν

2064 4513 2197 4551 avus
2230 4498 2343 4565 ipse
2368 4494 2764 4549 Multantmedis
2811 4493 3032 4547 tandem
3085 4492 3198 4548 fato
3254 4492 3478 4550 functus
3536 4505 3640 4550 est.

376 4584 457 4646 εἰς
478 4584 646 4636 τόπον
676 4584 992 4653 σύγκαιρον,
1024 4586 1118 4638 καὶ
1146 4580 1303 4655 εὗρεν
1340 4588 1519 4638 ἐκεῖσε
1543 4586 1638 4638 τὸν
1681 4587 1952 4639 Ἀπουτα-

375 4673 514 4743 λέπη
546 4672 639 4727 τὸν
679 4673 1041 4743 ἁνδράδελφον
1079 4673 1274 4742 αὐτῆς,
1322 4674 1415 4725 καὶ
1462 4673 1756 4742 συνέτυχεν
1808 4671 1955 4740 αὺτῴ

376 4767 507 4835 περὶ
538 4765 754 4817 πάντων
792 4764 900 4815 τῶν
949 4764 1380 4834 συμϐεϐηκότων
1435 4763 1596 4833 αὐτῇ.
1649 4763 1760 4815 Kal
1805 4761 1956 4826 λέγει

375 4857 557 4927 αὑτῇό
588 4855 1015 4926 ’Λπουταλέπης
1047 4856 1188 4924 Ἐγὼ
1218 4857 1283 4909 vit
1312 4854 1705 4926 ἀναθρέψωτὸν
1737 4854 1956 4923 ἀνεψιόν

381 4966 502 5013 μου,
533 4950 625 5002 τὸν
653 4950 911 5019 Μωαμὲδ,
942 4950 1127 5002 καὶσὺ
1164 4948 1383 5001 δούλευε
1421 4949 1521 5016 ἐμὲ
1555 4950 1633 5009 εἰς
1671 4946 1731 4999 τὸ
1791 4944 1957 5015 σπῆτί

380 5058 503 5110 μου,
540 5042 634 5093 καὶ
661 5040 885 5108 ἐποίησε
912 5041 1048 5109 μετὰ
1074 5041 1172 5108 τῆς
1207 5039 1415 5108 μητρὸς
1448 5036 1615 5090 αὑτοῦ
1648 5035 1887 5106 χρόνους
1925 5042 1956 5086 ι’

377 5135 471 5187 καὶ
495 5133 824 5203 ἀνετρέφετο
861 5126 1041 5197 οὗτος.
1089 5134 1198 5184 Kal
1257 5132 1444 5183 ἔκτοτε
1477 5129 1715 5182 ἀπέθανε
1775 5129 1870 5181 καὶ
1921 5130 1952 5195 ἡ

380 5227 566 5294 μήτηρ
616 5223 801 5288 αὑτοῦ,
844 5226 937 5277 καὶ
979 5225 1309 5295 άνετρέφετο
1371 5223 1478 5276 ὑπὸ
1533 5221 1628 5275 τοῦ
1664 5220 1808 5273 Θείου
1862 5220 1956 5274 τοῦ

388 5317 791 5387 Ἀπουταλέπη,
848 5318 942 5370 καὶ
984 5317 1288 5371 ἐκδέδωκεν
1355 5315 1521 5368 αὑτὸν
1574 5314 1714 5385 μετὰ
1747 5313 1957 5383 βοσκῷν

376 5410 470 5463 τοῦ
504 5409 720 5478 βόσκειν
755 5411 919 5463 αὑτὸν
948 5409 1196 5478 πρόϐατα
1242 5410 1335 5462 καλ⁵
1378 5407 1660 5479 καμήλους
1700 5408 1794 5460 ἐπὶ
1824 5407 1956 5478 χρό-

377 5520 499 5564 νους
530 5500 561 5554 ι’
597 5504 692 5555 καὶ
720 5503 908 5555 ἔκτοτε
957 5502 1158 5574 ὥρισεν
1192 5504 1225 5573 ἡ
1261 5503 1429 5577 κυρία
1470 5503 1654 5565 αὑτὸν,
1690 5504 1776 5555 ἵνα
1806 5500 1957 5566 ταξι-

378 5593 522 5646 δεύει
550 5594 659 5647 ἀπὸ
701 5593 880 5665 χώρας
913 5597 992 5658 εἰς
1041 5594 1226 5665 χώραν
1272 5595 1540 5666 μισθωτὸς
1596 5596 1733 5665 μετὰ
1771 5597 1956 5664 καμή-

379 5686 468 5739 λια
491 5687 680 5756 αὐτῆς.
726 5688 831 5739 Kal
873 5690 940 5741 τὰ
996 5688 1250 5742 ἐντεῦθεν
1306 5688 1475 5757 κέρδη
1509 5688 1851 5757 προσέφερεν
1884 5692 1950 5757 τῇ

2060 4589 2350 4657 Abripieus
2400 4602 2527 4641 vero
2597 4600 2754 4640 serva
2818 4583 3253 4640 Mubammedem
3310 4587 3640 4656 orphanum,

2060 4680 2271 4735 abiitet
2298 4679 2547 4749 pervenit
2578 4678 2630 4730 in
2683 4676 2860 4731 locum
2908 4676 3202 4745 quemdam
3246 4678 3484 4732 amicum
3550 4676 3647 4731 ubi

2060 4771 2285 4826 oli'eudit
2309 4771 2672 4840 Abutalepuut
2716 4770 2941 4824 fratrem
2976 4769 3159 4823 mariti
3215 4770 3295 4824 sui
3351 4778 3406 4824 et
3457 4769 3651 4822 omnia

2060 4864 2134 4918 illi
2172 4863 2417 4917 narravit
2448 4879 2571 4931 qua:
2597 4864 2698 4932 ipsi
2730 4864 3095 4932 contigerant.
3127 4861 3401 4930 Abutalep
3457 4870 3641 4916 autem

2063 4957 2383 5026 regerebat:
2411 4956 2522 5025 Ego
2551 4956 2752 5009 victum
2784 4957 3142 5026 suppeditabo
3169 4953 3315 5008 alIini
3350 4967 3474 5008 meo
3522 4953 3640 5009 Mu-

2062 5051 2363 5113 bnmmedi,
2398 5058 2454 5102 tu
2494 5064 2623 5103 vero
2657 5050 2867 5103 servias
2896 5051 3036 5118 apud
3066 5061 3151 5102 me
3180 5048 3231 5100 in
3268 5046 3400 5115 ipsis
3436 5047 3642 5101 aedibus

2064 5143 2219 5197 meis.
2254 5140 2321 5195 Et
2366 5143 2543 5211 spatio
2600 5156 2863 5195 annorum
2910 5142 3117 5205 decem,
3146 5155 3265 5192 cum
3313 5148 3485 5193 matre
3544 5156 3659 5193 sua-

2062 5238 2201 5303 apud
2232 5235 2378 5289 illum
2415 5235 2639 5299 mansit,
2673 5242 2727 5287 el
2752 5233 2825 5287 ibi
2878 5233 3043 5285 vitam
3094 5245 3249 5286 suam
3287 5231 3637 5284 sustentavit.

2064 5330 2166 5383 Sed
2186 5336 2369 5391 postea
2398 5328 2511 5396 ipsa
2546 5336 2719 5379 mater
2745 5324 3102 5390 moriebatur,
3134 5324 3359 5379 etsolus
3390 5323 3639 5377 alebatur

2062 5423 2201 5493 apud
2231 5420 2552 5474 avunculum
2587 5417 2965 5487 Abutalepum,
3000 5419 3099 5471 hac
3124 5416 3201 5470 illi
3226 5416 3485 5486 imposita
3507 5431 3637 5471 cura

2065 5526 2124 5572 ut
2172 5532 2292 5571 cum
2352 5514 2471 5569 aliis
2519 5510 2824 5582 pastoribus
2856 5525 2989 5565 oves
3046 5520 3101 5563 et
3140 5507 3380 5564 camelos
3433 5518 3643 5577 regeret

2062 5616 2115 5661 et
2139 5613 2406 5676 pasceret.
2437 5603 2588 5671 Quod
2645 5617 2766 5657 cum
2796 5615 2892 5670 per
2918 5602 3103 5654 decem
3142 5612 3315 5652 annos
3358 5596 3646 5668 prmstitis:

2065 5705 2168 5759 set,
2204 5694 2347 5751 illius
2378 5694 2595 5750 domina
2637 5692 2777 5763 apud
2802 5707 2867 5755 se
2901 5690 3188 5746 constituit
3221 5688 3372 5743 illum
3432 5690 3498 5743 de
3553 5702 3641 5743 re-

383 5781 548 5853 κυρία
579 5780 766 5847 αὐτοῦ,
802 5784 895 5836 καὶ
931 5782 1229 5854 πεποίηκεν
1271 5782 1442 5845 οὕτως
1480 5782 1705 5854 χρόνους
1740 5790 1800 5836 ε’.
1870 5784 1956 5838 Ἐν

2066 5786 2223 5856 gioue
2252 5786 2302 5840 in
2336 5784 2615 5855 regionem
2641 5784 2860 5841 mittere
2890 5798 3008 5837 cum
3042 5781 3288 5848 ca-nelis,
3317 5789 3374 5835 ut
3410 5796 3495 5836 res
3517 5792 3644 5836 sunt
