3978 6238
355 334 493 401 1427
1489 346 1578 405 BA
1590 341 1931 405 RTHOLOM

2035 340 2049 399 [
2090 339 2463 401 EDESSENI
3466 329 3603 393 1428

350 455 559 515 ageret,
592 449 875 506 commoda
901 463 1272 521 promoveret,
1314 452 1524 506 lucrum
1574 451 1806 507 ﬁdeliter
1839 466 1924 505 re-

2035 448 2083 501 Βὲ
2132 446 2210 517 τῷ
2254 447 2473 517 βόσκειν
2497 446 2595 509 τὰς
2620 445 2904 515 καμήλους
2948 442 3007 496 ἐν
3064 441 3142 511 τῷ
3187 441 3305 511 δρει
3359 439 3606 509 ὑπῆρχεν

351 550 729 608 prresentaret,
755 553 905 597 certa
938 559 1032 614 spe
1063 544 1137 598 illi
1164 543 1304 599 facta
1339 544 1603 598 mercedis
1637 552 1690 597 et
1718 543 1921 597 salarii.

2035 539 2210 593 ἐκεῖσε
2259 557 2342 602 τις
2395 538 2625 610 μοιαχδς
2692 535 3006 607 ἡσυχαστὴς
3064 531 3416 601 Νεστοριανῷ
3466 531 3607 600 ἔχων

351 630 471 697 Quo
497 633 760 702 obsequio
782 633 997 689 functus
1021 646 1105 688 est
1126 636 1300 702 spatio
1345 637 1584 705 quinque
1637 650 1924 688 annorum.

2035 634 2282 703 δόγματι,
2336 631 2577 703 τοῦνομα
2630 630 2915 701 Παχυρᾶς.
2949 623 3061 681 Ἦν
3112 626 3170 680 δὲ
3204 628 3261 680 ἐν
3290 624 3371 694 τῷ
3409 624 3608 695 κελλίῳ

350 726 483 777 tium
515 737 693 779 autem
724 727 775 780 in
809 738 991 782 monte
1017 729 1258 783 camelos
1289 740 1558 795 pasceret,
1599 729 1928 781 morabatur

2035 724 2196 778 αὑτοῦ
2221 726 2424 797 φρέαρ,
2451 726 2544 778 καὶ
2566 726 2624 775 ἐν
2643 724 2724 793 τῷ
2753 719 3119 790 εἰσέρχεσθαι,
3150 719 3247 772 καὶ
3286 716 3610 787 ἐξέρχεσθαι

354 817 425 868 ibi
457 818 674 884 quidam
705 820 1001 873 monachus
1024 820 1235 875 otiosus
1264 819 1605 875 Nestorianm
1665 820 1928 873 doctrinae

2035 817 2117 870 τὸν
2147 817 2449 887 Μουχάμετ
2494 816 2780 869 ἀνέϐαινεν
2820 815 2959 884 πρὸς
3005 812 3069 866 τὸ
3127 812 3296 882 ὕδωρ,
3343 810 3439 863 καὶ
3481 808 3609 863 ἰδὼν

351 905 621 972 addictus,
645 908 731 961 cui
762 907 1026 963 Pacburae
1060 924 1257 963 nomen
1296 924 1432 964 erat.
1467 909 1628 964 Juxta
1666 910 1926 964 conclave

2035 907 2120 961 τὸν
2144 908 2461 978 ήσυχαστὴν
2492 907 2893 976 συνετύγχανεν
2947 902 3119 975 αὐτῷ,
3139 903 3236 955 καὶ
3256 900 3444 973 ἠρώτα
3474 899 3610 971 περὶ

354 998 1030 1070 quodoccupabatpnteus
1073 1010 1194 1055 erat
1242 1012 1560 1055 excavatus.
1599 1000 1734 1055 Cum
1796 1014 1925 1053 vero

2035 1001 2258 1065 πίστεως
2291 1001 2401 1053 τῶν
2424 1000 2787 1071 Χριστιανῶν.

359 1086 586 1157 singulis
614 1088 801 1143 diebus
838 1090 1117 1144 accederet
1146 1098 1201 1143 et
1227 1092 1533 1145 discederet
1564 1090 1925 1155 Muhammed,
1967 1091 2035 1144 ad
2067 1094 2417 1160 aquationem
2449 1101 2504 1145 et
2535 1101 2755 1161 puteum
2822 1103 3037 1159 semper
3090 1087 3436 1143 ascendebat.
3469 1084 3608 1141 Cum

354 1194 533 1237 autem
568 1185 639 1238 ibi
686 1186 911 1241 vidisset
970 1187 1205 1242 otiosum
1256 1190 1602 1254 monachum,
1653 1203 1773 1242 cum
1828 1187 1921 1241 illo
1958 1204 2242 1245 sermones
2306 1188 2542 1254 miscuit,
2583 1196 2640 1243 et
2676 1188 2829 1242 varia
2893 1187 2959 1241 de
3005 1186 3112 1240 ﬁde
3166 1182 3610 1239 Christianorum

358 1276 587 1343 rogavit.

424 1364 721 1421 Monachus
754 1383 881 1423 vero
913 1370 978 1423 ad
1031 1370 1210 1424 omnia
1254 1371 1638 1438 reSpondebat,
1670 1379 1724 1423 et
1771 1385 1932 1424 enar-

356 1457 512 1512 rabat
537 1473 655 1527 qua:
680 1459 1021 1515 Multarnmed
1080 1463 1348 1517 citissime
1379 1464 1654 1516 menwriae
1714 1461 1932 1514 manda-

356 1552 468 1613 bat,
497 1561 691 1605 etcum
722 1552 940 1606 domum
977 1570 1225 1609 reversus
1269 1563 1409 1621 erat,
1443 1557 1627 1607 omnia
1658 1554 1933 1609 Arabibus

361 1641 640 1709 narrabat,
668 1644 917 1698 addemlo
943 1663 955 1698 :
984 1646 1071 1699 Sic
1090 1646 1220 1700 dicit
1245 1647 1522 1699 Dominus.
1539 1647 1781 1712 Quadam
1801 1660 1931 1700 vero

357 1734 443 1789 die
472 1750 592 1789 cum
628 1736 935 1797 invenisset
980 1738 1188 1793 Arabas
1226 1740 1487 1807 quosdam
1521 1740 1572 1791 in
1605 1739 1793 1792 orbem
1838 1753 1926 1791 se-
1964 1773 2003 1828 Β

353 1827 567 1894 dentes,
594 1844 715 1883 cum
746 1829 852 1883 illis
898 1830 1069 1883 voluit
1115 1832 1277 1885 etiam
1307 1832 1495 1885 sedere
1562 1839 1616 1883 et
1646 1830 1711 1883 de
1763 1830 1929 1883 variis

353 1918 644 1975 disserere.
670 1919 865 1973 Statim
888 1938 1018 1975 vero
1042 1922 1307 1991 vertigine
1327 1932 1616 1988 correptus
1646 1923 1698 1974 in
1728 1931 1929 1974 terram

354 2010 621 2064 ceciditet
650 2012 960 2080 procubuit,
985 2028 1106 2068 sese
1139 2015 1361 2067 volvens
1382 2023 1436 2067 et
1466 2014 1772 2077 revolvens,
1802 2014 1933 2064 den-

356 2102 497 2157 tibus
518 2103 871 2159 strldentibus
899 2116 952 2159 et
981 2121 1076 2159 ore
1097 2106 1390 2172 spumanti,
1428 2106 1568 2172 quod
1610 2106 1763 2157 vobis
1793 2104 1937 2157 inter

352 2194 617 2246 orandum
654 2196 943 2249 admodum
967 2196 1231 2249 familiare
1259 2204 1363 2261 est,
1389 2214 1421 2250 υ
1445 2195 1807 2250 Mnsulmanni
1829 2235 1843 2259 ,
1877 2206 1932 2249 et

355 2284 493 2338 idem
512 2284 689 2339 facere
715 2287 1013 2355 saepissime
1038 2289 1417 2349 consuevistis,
1458 2290 1730 2356 praecipue
1776 2288 1808 2339 ii
1836 2288 1928 2356 qui

352 2377 493 2446 apud
515 2393 607 2432 vos
619 2391 880 2432 vocantur
900 2379 1233 2434 Pboracidm.
1257 2380 1388 2433 Nam
1414 2391 1588 2436 coetus
1606 2382 1783 2435 solent
1806 2396 1933 2434 con-

352 2484 598 2536 gregare,
628 2479 903 2538 gestantes
963 2470 1322 2525 instrumenta
1370 2472 1602 2534 Innsica,
1651 2475 1931 2543 cytbaras,

356 2570 633 2629 tympana,
660 2562 887 2616 edentes
909 2562 1140 2615 cannabl
1177 2563 1357 2632 capita
1382 2573 1436 2617 et
1475 2577 1657 2631 partes
1685 2566 1932 2633 superio-

355 2668 462 2716 res,
496 2662 550 2706 et
573 2653 818 2707 bibentes
844 2654 1028 2706 vinum
1059 2665 1297 2709 coctum.
1331 2656 1572 2724 Surgunt
1604 2670 1732 2710 vero
1770 2658 1929 2709 simul

352 2758 543 2797 omnes
569 2746 724 2807 recti,
757 2744 950 2798 inusici
981 2760 1110 2799 vero
1142 2746 1363 2813 pulsant
1394 2746 1761 2800 instrumenta
1806 2763 1930 2799 mu-

355 2836 490 2890 sica.
519 2836 832 2891 Phoraeidaz
863 2852 994 2892 vero
1025 2837 1227 2892 saltant
1260 2838 1464 2892 clausis
1517 2840 1696 2893 oculis
1745 2839 1931 2908 [ιι-οιιὶ-

353 2941 460 2996 que
484 2928 535 2980 in
584 2936 781 2982 terram
811 2936 866 2981 et
936 2929 1152 2983 oernui.
1210 2928 1367 2999 Vulgi
1418 2940 1595 2982 autem
1642 2941 1695 2983 et
1761 2930 1931 3000 plebis

353 3034 553 3073 corona
615 3034 737 3073 cum
814 3020 1021 3083 liberis,
1082 3020 1343 3087 plaudunt
1419 3021 1694 3085 manibus,
1743 3029 1798 3074 et
1844 3022 1929 3073 in-

2119 1370 2179 1425 Ὀ
2209 1370 2265 1424 δὲ
2299 1370 2614 1441 ἡσυχαστὴς
2652 1368 2869 1434 ἐξεῖπεν
2896 1362 3047 1436 αὐτῷ
3076 1364 3209 1434 περὶ
3243 1364 3483 1427 πάντων,
3516 1362 3614 1417 καὶ

2033 1460 2434 1529 συνετύγχανεν
2456 1460 2628 1531 αὐτῷ,
2665 1459 2764 1513 καὶ
2819 1458 2983 1518 αὐτὸς
3018 1456 3233 1509 ἐκτίθου
3284 1454 3611 1524 ἐμάνθανεν.

2029 1553 2141 1605 Kal
2176 1555 2233 1605 ἐν
2271 1553 2348 1622 τῷ
2374 1552 2721 1622 είσέρχεσθαι
2762 1552 2841 1613 εἰς
2865 1550 2933 1603 τὰ
2983 1548 3092 1601 ἴδια
3140 1547 3416 1615 διελέγετο
3473 1545 3615 1615 μετά

2026 1645 2136 1698 τῶν
2185 1645 2489 1716 ’Δρράϐων,
2523 1645 2605 1697 ὅτι
2635 1643 2776 1697 Τάδε
2803 1642 2956 1709 λέγει
2984 1642 3213 1709 Κύριος.
3241 1640 3354 1709 Mt;
3383 1634 3477 1707 οὖν
3503 1637 3615 1690 τῶν

2028 1739 2251 1809 ἡμερῶν
2268 1732 2424 1807 εὗρεν
2454 1735 2737 1807 ’Δρράϐων
2759 1732 2961 1805 πλῆθος
2985 1732 3172 1802 κύκλῳ
3202 1730 3612 1800 καθεζομένων,

2034 1828 2128 1881 καὶ
2162 1828 2393 1890 καθίσας
2456 1828 2577 1898 μετ’
2631 1826 2810 1880 αὐτῶν
2874 1824 3173 1891 διελέγετο,
3208 1823 3305 1875 καὶ
3352 1821 3617 1891 ἐξαίφνης

2031 1921 2226 1973 ἔπεσεν
2258 1922 2435 1989 χαμαὶ
2463 1918 2781 1989 κυλιόμενος
2834 1918 2929 1971 καὶ
2964 1915 3167 1987 τρίζων
3214 1915 3342 1978 τοὺς
3392 1915 3617 1976 ὀδόντας

2032 2012 2198 2065 αὑτοῦ
2227 2012 2322 2065 καὶ
2352 2009 2626 2082 ἀφρίζων,
2664 2004 2708 2079 ᾧ
2735 2010 2798 2081 δὴ
2845 2013 2941 2063 καὶ
3000 2009 3236 2079 μάλιστα
3300 2006 3467 2078 μέχρι
3516 2005 3617 2059 τοῦ

2030 2104 2292 2171 εὔξασθαι
2348 2104 2596 2175 συνήθως
2652 2105 2814 2175 ὑμεῖς
2875 2105 2923 2156 οἱ
2962 2102 3382 2171 Μουσουλμανοὶ
3442 2100 3620 2152 ποιεῖν

2030 2196 2281 2259 εἰώθατε,
2321 2196 2617 2265 ἐξαιρέτως
2663 2198 2718 2248 oi
2774 2195 3091 2265 Φορακίδες,
3169 2192 3451 2255 ποιοῦντες
3490 2208 3621 2243 συν-

2031 2288 2288 2358 αγωγὴν,
2314 2289 2409 2341 καὶ
2452 2289 2711 2360 φέροντες
2749 2288 3035 2359 μουσικὰς,
3081 2287 3177 2340 καὶ
3218 2285 3473 2356 κιθάρας,
3521 2284 3621 2337 καὶ

2030 2381 2311 2451 τύμπανα,
2362 2381 2668 2451 τρώγοντες
2716 2382 2785 2434 τὰ
2837 2382 2984 2450 ἄκρη
3046 2378 3155 2431 τῶν
3210 2377 3488 2437 κανάὄων,
3520 2378 3620 2430 καὶ

2031 2474 2247 2527 πίνουσι
2275 2477 2366 2526 τὸν
2396 2474 2597 2543 ἑψητὸν
2618 2469 2783 2538 οἶνον,
2818 2474 2914 2526 καὶ
2940 2472 3265 2526 ἀνίστανται
3287 2470 3436 2540 ὀρθοὶ
3471 2468 3617 2537 ἅμα,

2031 2565 2125 2617 καὶ
2146 2566 2197 2617 oi
2230 2567 2325 2634 μὲν
2354 2566 2607 2634 μουσικοὶ
2664 2566 2924 2633 κρούουσι
3000 2564 3099 2623 τὰς
3150 2562 3435 2632 μουσικὰς,
3483 2560 3621 2612 οἱδὲ

2032 2658 2326 2729 Φορακίδες
2350 2657 2642 2727 ὀρχοῦνται
2672 2658 2935 2719 ἀσκεπείς
2961 2656 3261 2718 κούτουλοι,
3291 2655 3386 2707 καὶ
3410 2654 3459 2705 oi
3488 2668 3622 2705 κυσ-

2039 2751 2213 2818 μικοὶ,
2254 2750 2351 2802 καὶ
2393 2752 2442 2802 οἱ
2469 2749 2646 2801 λαῖκοὶ
2679 2751 2816 2818 μετὰ
2843 2750 2953 2801 τῶν
2999 2749 3203 2801 παίδων
3234 2745 3413 2799 αὐτῶν
3461 2744 3623 2814 xpeti-

2032 2860 2155 2895 ουσι
2208 2843 2309 2904 τὰς
2346 2842 2555 2895 ἑαυτῶν
2589 2845 2797 2912 χεῖρας,
2848 2843 2943 2894 καὶ
2985 2842 3221 2904 ἀναιδῶς
3278 2839 3619 2910 φωνάζουσι.

2034 2935 2143 2985 Kal
2170 2934 2221 2986 oi
2253 2933 2533 2987 κουτοῦλοι
2576 2932 2865 3003 ὀρχοῦνται
2906 2932 2999 2985 καὶ
3039 2932 3210 2994 οὕτως
3231 2932 3620 2984 καταπίπτου-

2034 3042 2116 3078 σιν
2142 3025 2523 3094 ὲνταλαμένοι,
2554 3027 2648 3078 καὶ
2679 3026 3027 3093 ἁφρίζουσιν.
3078 3024 3189 3077 Kal
3245 3022 3370 3086 τοὺς
3401 3022 3623 3085 ὀδόντας

354 3112 661 3165 verecundo
687 3112 850 3166 boatu
879 3128 1004 3165 aera
1071 3112 1297 3165 feriunt.
1323 3112 1513 3180 Capite
1568 3128 1693 3165 vero
1754 3126 1923 3180 prono

2035 3115 2210 3167 αὐτῶν
2242 3116 2541 3186 τρίζουσιν,
2580 3116 2715 3183 πρὸς
2746 3116 2981 3185 μίμησιν
3011 3115 3107 3168 τοῦ
3159 3114 3479 3183 Μουχάμετ.
3507 3112 3622 3166 Kal

352 3200 434 3254 sic
496 3200 720 3265 saltant,
754 3212 809 3254 et
873 3202 1088 3255 tandem
1148 3201 1349 3254 cadunt
1406 3201 1587 3255 miseri
1634 3201 1929 3254 stridentes

354 3291 629 3354 dentibus,
673 3303 723 3344 et
750 3307 845 3345 ore
882 3294 1038 3360 quasi
1071 3294 1287 3346 rabioso
1323 3302 1373 3347 et
1416 3294 1631 3346 lurenle
1666 3307 1928 3360 spuman-

357 3393 457 3437 tes.
490 3383 641 3445 Quod
665 3398 725 3437 se
754 3383 933 3437 facere
978 3383 1188 3450 jactant
1232 3395 1487 3453 tanquam
1535 3383 1929 3439 Mubammedis

354 3472 659 3533 imitatores
687 3490 742 3535 et
793 3498 1013 3536 servum
1074 3498 1260 3551 pecus.
1307 3484 1741 3539 Circumstantes
1802 3500 1928 3540 vero

350 3573 618 3627 clamant:
638 3575 899 3640 Angelus!
919 3574 1183 3641 Angelus!
1209 3578 1307 3630 hoc
1329 3586 1432 3642 est,
1448 3578 1818 3645 Angelnscum
1834 3578 1929 3632 illo

354 3664 566 3719 locutus
593 3675 697 3719 est.
746 3665 1007 3733 Sequenti
1050 3682 1178 3720 vero
1207 3668 1295 3721 die
1329 3669 1374 3721 si
1400 3668 1573 3737 aliqui
1601 3667 1673 3723 tbi
1735 3684 1928 3722 occur-

350 3768 497 3817 rant,
539 3762 730 3821 petunt
754 3753 845 3807 ‘ex
896 3756 1225 3820 astantibus,
1281 3756 1560 3823 cujusdam
1609 3774 1672 3812 os
1733 3759 1926 3828 majori

356 3858 558 3910 spumae
590 3845 741 3911 copia
765 3844 1157 3912 dealbesceret,
1199 3864 1306 3916 quo
1337 3849 1619 3919 designato
1642 3852 1827 3904 statim
1863 3852 1928 3905 ad

354 3932 501 3986 illius
536 3935 700 4001 pedes
738 3934 1152 4001 advolant,illos
1176 3938 1646 4007 comprehendunt
1689 3948 1742 3993 et
1769 3956 1930 3994 oscu-

354 4024 557 4089 lantur,
587 4035 894 4081 asserentes
929 4027 1076 4080 illum
1102 4029 1300 4084 vidisse
1333 4030 1612 4098 angelum,
1638 4032 1780 4086 sicut
1817 4034 1931 4100 ipse

353 4116 718 4173 Mubautmed.
755 4119 836 4174 Me
853 4122 1014 4188 pudet
1034 4122 1197 4175 totius
1227 4122 1383 4177 istius
1415 4124 1611 4179 fabula:
1638 4135 1746 4177 tant
1783 4125 1924 4178 male

353 4221 595 4266 consula}
633 4223 686 4266 et
718 4213 1018 4268 fabricatae.
1042 4215 1123 4267 Att
1159 4217 1425 4270 mendacii
1460 4233 1544 4270 me
1602 4230 1755 4286 potes
1782 4219 1930 4272 circa

351 4302 822 4369 bwciusimulare,
842 4306 1156 4375 oAgarene.
1182 4305 1286 4361 Sed
1324 4317 1379 4360 ut
1398 4309 1460 4360 ad
1492 4307 1927 4363 Multammedem

353 4390 526 4460 ipsum
565 4394 806 4459 redeam,
837 4394 925 4448 ille
984 4396 1050 4449 ad
1085 4396 1322 4463 seipsum
1377 4412 1649 4464 reversus,
1679 4407 1734 4451 et
1769 4416 1925 4468 roga-

2041 3204 2241 3274 βοῶσιν
2309 3206 2360 3256 οἱ
2420 3204 2810 3275 περιεστῶτες,
2859 3203 3148 3271 Ἄγγελος,
3179 3203 3429 3271 ἄγγελος,
3466 3201 3620 3255 τοῦτ’

2034 3297 2201 3357 ἐστιν,
2237 3298 2503 3365 Ἀγγελος
2531 3296 2829 3365 λελάληκεν
2860 3297 2979 3366 μετ’
3009 3295 3198 3349 αὑτοῦ.
3232 3296 3311 3365 Τῇ
3353 3294 3408 3347 δε
3438 3295 3585 3348 suae
3604 3323 3621 3333 -

2036 3408 2170 3461 ριον,
2203 3392 2252 3442 εἰ
2287 3390 2360 3460 μὴ
2395 3388 2686 3461 παρατύχῃ
2720 3406 2804 3452 τις
2834 3391 3043 3450 ἐκεῖσε,
3072 3390 3324 3460 ἐρωτῶσι
3348 3388 3476 3451 τοὺς
3522 3405 3623 3439 πε-

2035 3484 2351 3555 ριτυχόντας
2396 3485 2599 3546 ἐκεῖσε,
2642 3485 2791 3545 ποῖος
2818 3483 2875 3549 ἐξ
2911 3483 3093 3537 αὐτῶν
3119 3483 3215 3535 ἐπὶ
3239 3482 3423 3536 πλεῖον
3453 3481 3621 3552 ἀφρι-

2034 3577 2147 3639 ξεν,
2180 3577 2275 3629 καὶ
2304 3576 2565 3646 μαθόντες
2600 3576 2729 3646 περὶ
2752 3574 2940 3634 αὑτοῦ.
2967 3575 3262 3643 κρατοῦσιν
3292 3575 3464 3629 αὑτοῦ
3487 3576 3621 3637 τοὺς

2032 3669 2217 3731 πόδας,
2248 3669 2341 3720 καὶ
2384 3666 2723 3731 ἀσπάζονται
2758 3668 2981 3733 αὐτοὺς,
3016 3668 3170 3730 Ὅτι,
3200 3669 3471 3736 λέγοντες,
3512 3665 3622 3719 εῗὸε

2030 3760 2119 3813 τὸν
2149 3760 2401 3827 ἄγγελον,
2437 3760 2514 3823 ὡς
2572 3760 2601 3812 6
2642 3761 2946 3831 Μωχαμέτ.
2977 3761 3313 3831 Αἰσχύνομαι
3364 3758 3457 3812 οὖν
3487 3762 3623 3826 6,6-

2032 3853 2131 3922 δρα
2163 3854 2421 3905 ἀκτίστου
2481 3853 2706 3915 παντός.
2767 3850 3137 3923 Διαψεύδομαι
3174 3852 3297 3906 κατ’
3331 3852 3533 3912 αὐτῶν,
3577 3845 3625 3903 ὦ

2045 3944 2349 4014 Ἀγαρηνές
2383 3944 2491 3997 Kal
2520 3945 2602 4007 si;
2646 3944 2841 3996 ἐαυτὸν
2876 3943 3045 3997 ἐλθὼν
3066 3946 3095 3997 6
3132 3944 3441 4014 Μωχαμὲτ,
3469 3944 3623 4013 ἡρω-

2030 4034 2169 4105 τήθη
2197 4035 2311 4098 πῶς
2344 4036 2601 4103 γεγόνασι
2630 4037 2697 4089 τὰ
2727 4036 2855 4106 περὶ
2883 4035 3073 4090 αὑτοῦ.
3110 4035 3220 4089 Kal
3256 4034 3448 4099 εἰπὼν,
3486 4038 3626 4102 ’Δγ-

2033 4129 2190 4196 γελον
2218 4127 2355 4180 Θεοῦ
2394 4124 2555 4195 εἶδον,
2590 4130 2682 4182 καὶ
2730 4129 2961 4197 γέγονεν
3008 4128 3203 4191 οὕτως.
3250 4129 3539 4198 Παρέτυχε
3563 4129 3625 4181 δὲ

2033 4223 2210 4273 ἐκεῖσε
2251 4221 2343 4272 καὶ
2382 4220 2411 4270 6
2447 4221 2667 4288 τρέφων
2710 4220 2875 4273 αὑτὸν
2914 4221 3350 4290 Ἀπουταλέπης,
3401 4220 3496 4273 καὶ
3535 4220 3622 4272 ἐλ-

2033 4311 2140 4366 θὼν
2166 4311 2404 4382 ἑσπέρας
2426 4308 2577 4365 εἶπεν
2610 4315 2676 4382 τῇ
2715 4313 2940 4381 γυναικὶ
2990 4312 3176 4366 αὐτοῦ’
3206 4313 3302 4383 Μὴ
3345 4313 3476 4384 ἔχῃς
3509 4311 3624 4367 ἀπὸ

2031 4404 2126 4457 τοῦ
2157 4404 2251 4457 νῦν
2283 4404 2373 4458 τὸν
2423 4405 2728 4474 Μουχάμετ
2760 4406 2836 4469 ὡς
2869 4405 3141 4477 μισθωτόν
3174 4423 3288 4470 σου,
3320 4406 3403 4459 ὃτι
3442 4407 3621 4474 σήμεο

352 4492 460 4548 tus,
495 4485 769 4553 quomodo
815 4488 1154 4557 contigerant
1181 4504 1303 4558 qua:
1355 4491 1512 4543 modo
1546 4506 1734 4560 passus
1789 4505 1931 4557 erat,

2041 4514 2133 4568 ρον
2161 4492 2300 4550 εἶδεν
2322 4497 2413 4551 τὸν
2442 4498 2695 4566 ἄγγελον.

353 4576 670 4643 respondit:
705 4575 823 4630 Vidi
864 4579 1137 4648 angelum,
1168 4596 1278 4648 quo
1303 4582 1421 4635 viso
1451 4584 1524 4634 ita
1579 4584 1826 4637 turbatus
1857 4585 1954 4641 fui.
1995 4588 2196 4643 Aderat
2228 4604 2356 4643 vero
2394 4600 2522 4643 ttme
2564 4590 2636 4644 ibi
2674 4590 3027 4660 Abutalepus,
3061 4590 3154 4661 qui
3185 4589 3620 4647 Mubammedem

351 4667 584 4723 aluerat.
624 4670 730 4736 Qui
764 4671 983 4726 dommn
1023 4689 1296 4737 reversus.
1332 4693 1556 4731 uxorem
1592 4694 1745 4732 suam
1798 4682 2045 4736 adoritur
2078 4693 2134 4738 et
2201 4695 2386 4740 monet
2424 4686 2508 4740 bis
2562 4686 2738 4741 verbis
2767 4703 2781 4740 :
2806 4687 2889 4740 Ne
2943 4692 2997 4741 in
3039 4696 3317 4757 posterum
3368 4684 3622 4741 Multam-

353 4760 569 4814 medem
611 4771 668 4814 ut
701 4778 920 4817 servum
949 4774 1003 4819 et
1051 4769 1449 4822 mercenarium
1518 4770 1744 4837 habeas,
1802 4789 1926 4827 nam
1975 4778 2131 4831 hodie
2156 4779 2585 4847 viditangelum.

429 4854 672 4925 Singulis
700 4870 833 4911 vero
866 4857 1060 4912 diebus
1110 4860 1323 4914 redibat
1390 4861 1802 4919 Mabammedes
1865 4868 1931 4920 ad

350 4950 674 5003 monachum
697 4950 1016 5015 otiosum,et
1045 4952 1211 5007 qulta
1243 4954 1311 5006 ab
1353 4954 1443 5009 illo
1474 4957 1710 5018 discens,
1741 4960 1929 5015 eadem

352 5051 537 5111 postea
566 5042 632 5095 ad
681 5044 933 5112 populum
970 5046 1247 5112 narrabat,
1305 5046 1519 5115 illisque
1572 5049 1782 5117 plebem
1829 5052 1929 5103 im-

350 5134 570 5187 buebat.
591 5133 827 5203 Vespera
855 5151 981 5191 vero
1028 5138 1262 5207 quadam
1292 5139 1632 5210 Abutalipes,
1673 5143 1724 5195 in
1770 5143 1932 5197 dictis

352 5223 745 5280 Multammedis
767 5227 1013 5282 fraudem
1048 5229 1286 5299 aliquam
1314 5231 1485 5285 latere
1510 5234 1736 5296 veritus,
1780 5234 1929 5287 illum

353 5316 433 5371 sic
466 5316 737 5385 adoritur,
770 5335 870 5389 ego
905 5331 954 5374 te
991 5336 1086 5390 per
1117 5322 1336 5391 longum
1369 5326 1633 5392 temporis
1693 5327 1929 5393 spatium

360 5407 467 5463 alui
502 5420 554 5465 et
589 5408 723 5475 fovi,
761 5428 902 5467 nunc
928 5429 941 5467 :
972 5414 1112 5484 Ergo
1144 5417 1195 5469 in
1227 5416 1524 5470 ciliciorum
1555 5432 1680 5487 erga
1715 5427 1765 5471 te
1793 5434 1937 5472 meo-

354 5518 475 5556 rum
509 5506 947 5574 qualemcunque
981 5510 1505 5577 compensationem,
1532 5510 1618 5564 dic
1648 5511 1780 5565 mihi
1817 5512 1932 5564 sin-

349 5612 473 5651 cere
506 5597 635 5665 qnid
668 5598 866 5653 videris
908 5615 1031 5653 cum
1088 5617 1349 5670 spumans
1408 5612 1461 5656 et
1491 5604 1728 5656 Stridens
1757 5605 1807 5654 in
1835 5602 1925 5654 lm-

349 5702 495 5738 mum
522 5688 787 5742 cecidisti.
816 5689 1111 5758 Respondit
1139 5691 1478 5747 Muhammed
1505 5712 1517 5746 :
1541 5692 1652 5745 Hoc
1675 5704 1751 5747 est
1779 5696 1929 5763 priu-

351 5777 550 5850 eipium
575 5796 705 5836 mea:
732 5784 1054 5853 prophetae,
1079 5794 1152 5851 et,
1176 5801 1210 5841 o
1233 5787 1457 5842 domine
1492 5788 1589 5852 mi,
1622 5804 1721 5857 ego
1753 5791 1928 5859 spatio

2102 4871 2211 4924 Kal
2232 4871 2259 4922 6
2279 4870 2578 4940 Μουχάμετ
2596 4871 2962 4941 ἀνερχόμενος
2981 4870 3105 4923 καθ’
3120 4872 3357 4941 ἑκάστην
3378 4872 3513 4941 πρὸς
3529 4872 3623 4925 τὸν

2030 4963 2362 5032 ἠσυχαστὴν,
2413 4965 2505 5015 καὶ
2538 4963 2828 5032 μανθάνων
2864 4965 2996 5033 παρ’
3038 4964 3203 5017 αὑτοῦ
3237 4964 3429 5029 ἔλεγεν
3478 4967 3617 5036 πρὸς

2028 5052 2121 5104 τὸν
2162 5052 2289 5105 λαὸν
2326 5051 2501 5105 ταῦτα
2537 5053 2805 5107 διδάσκων
2855 5054 3075 5116 αὐτούς.
3133 5056 3250 5124 Μιᾷ
3287 5050 3380 5107 οὖν
3407 5057 3622 5128 ἑσπέρα

2028 5144 2175 5210 λέγει
2200 5144 2351 5214 αὐτῷ
2380 5146 2409 5195 6
2443 5145 2881 5216 Ἀπουταλὲπης,
2911 5149 2938 5199 6
2963 5148 3057 5199 καὶ
3088 5147 3230 5210 θεῖος
3254 5146 3441 5200 αὐτοῦ’
3474 5148 3621 5201 Μου-

2037 5238 2235 5305 χάμετ,
2261 5237 2371 5305 ἐγώ
2397 5254 2456 5290 σε
2480 5238 2775 5308 ἀνέθρεψα,
2800 5239 2893 5291 καὶ
2916 5239 3250 5309 όμολόγησαί
3284 5256 3375 5309 μοι
3404 5241 3463 5291 ἐν
3488 5241 3619 5311 ἀλη-

2039 5328 2161 5399 θείᾳ
2188 5328 2239 5380 τί
2264 5324 2421 5393 εἶδες,
2447 5329 2577 5381 ὅταν
2600 5330 2795 5392 ἕπεσες
2822 5330 2995 5398 χαμαὶ
3025 5328 3271 5399 ἀφρίζων
3290 5330 3386 5381 καὶ
3416 5329 3618 5398 τρίζων

2030 5426 2158 5485 τοὺς
2197 5423 2435 5485 ὀδόντας.
2479 5421 2537 5475 '0
2583 5421 2639 5475 δὲ
2677 5422 2980 5492 Μουχάμετ
3022 5421 3196 5489 λέγει·
3226 5421 3373 5491 Αὕτη
3407 5423 3614 5492 ἐστὶνὴ

2032 5513 2178 5584 ἀρχὴ
2209 5513 2309 5582 τῆς
2343 5512 2682 5584 προφητείας
2733 5529 2857 5581 μου.
2907 5513 3019 5566 Kal
3061 5513 3171 5564 ἀπὸ
3214 5510 3307 5564 τοῦ
3340 5510 3436 5565 νῦν
3481 5511 3614 5579 ἐγὼ,

2034 5606 2209 5676 κύριε,
2265 5608 2564 5677 τριάκοντα
2612 5604 2931 5676 νυχθήμερα
2976 5605 3117 5657 θέλω
3166 5605 3485 5674 νηστεῦσαι,
3530 5605 3617 5658 ἵνα

2028 5698 2219 5761 λεπτὸς
2262 5699 2527 5767 γένωμαι,
2562 5698 2637 5759 ὡς
2690 5698 2944 5765 ἅγγελος,
2992 5698 3086 5749 καὶ
3153 5697 3281 5749 ὅταν
3325 5696 3546 5767 ἔρχεται
3586 5699 3616 5750 6

2030 5793 2283 5865 ἅγγελος,
2308 5793 2658 5861 συντυγχάνω
2680 5793 2847 5863 αὐτῷ.
2878 5793 2983 5845 Kal
3009 5790 3173 5854 αὐτὸς
3198 5789 3460 5861 ἐτρέφετο
3491 5789 3613 5847 καθ’
