3978 6238
390 271 525 338 1429

1578 279 2051 341 CONFUTA'I‘IO
2092 281 2452 345 AGARENI.

3515 296 3649 361 1430

389 397 630 461 ἕκαστην
666 388 927 461 μετὰτοῦ
978 390 1226 460 Παχυρᾶ.
1281 391 1441 445 Καὶὸ
1488 394 1725 464 μοναχδς
1773 394 1862 447 διά
1907 394 1960 448 τὶ

2074 396 2290 464 triginta
2321 399 2525 451 diermn
2549 406 2599 450 et
2625 409 2885 465 noenum,
2918 403 3041 461 volo
3063 404 3287 476 jejunus
3325 410 3510 468 vivere
3534 424 3589 470 et
3616 431 3643 467 a

391 484 657 556 βαπτίσαι
698 481 885 545 αὑτὸν,
920 482 1240 553 ἀνέτρεφεν.
1283 482 1553 555 Ἐσπέρας
1578 483 1636 537 δέ
1664 486 1968 556 γενομένης

388 578 592 649 ήρχετο
619 572 1036 643 κορεννύμενος,
1066 576 1164 628 καὶ
1197 574 1298 628 οὐκ
1329 575 1585 629 ἐδείπνει.
1622 576 1848 644 Ἔλεγεν
1876 573 1967 629 οὖν

389 668 527 742 πρὸς
554 665 722 720 αὐτὸν
746 665 776 718 6
832 664 1244 737 ’Δπουταλέπης
1275 668 1305 721 6
1351 666 1494 730 θεῖος
1543 684 1663 720 του’
1690 668 1841 721 Θέλω
1880 668 1968 720 ἴνα

393 775 484 828 μοι
513 757 757 822 ἐξείποις
802 757 983 811 πᾶσάν
1022 773 1117 811 σου
1166 757 1265 827 τήν
1301 756 1584 811 ὑπόθεσιν.
1617 756 1808 811 Βλέπω
1858 759 1968 826 γὰρ

389 849 490 901 οὐκ
522 846 725 909 ἐσθίεις
752 845 987 910 οὐδόλως
1012 863 1066 900 τι
1096 862 1109 876 ·
1148 846 1284 901 ἀλλὰ
1310 847 1404 901 καὶ¹
1432 849 1493 902 ἐν
1523 850 1637 912 τοῖς
1661 848 1816 918 ὄρεσι
1846 848 1969 901 καθ’

390 939 630 1010 ἑκάστην
653 942 1000 1009 περιπατεῖς,
1024 940 1120 992 καὶ
1140 938 1199 992 τὸ
1222 939 1462 1010 ἑσπέρας
1488 941 1803 1005 κατάκοπος
1822 941 1971 1013 ἔρχεο

390 1043 502 1085 σαι.
546 1030 897 1099 ’Δνάγγειλον
949 1027 1043 1084 οὖν
1104 1031 1260 1101 ήμῖν,
1312 1031 1341 1085 ὃ
1383 1048 1436 1085 τι
1469 1032 1963 1104 χρηματιζόμενος.

386 1124 552 1191 Λέγει
572 1122 725 1191 αὐτῷ
744 1123 774 1176 6
798 1122 1119 1193 Μουχάμετο
1138 1122 1266 1176 Ἐὰν
1296 1122 1453 1194 θέλῃς
1480 1124 1717 1203 ἐξειπεῖν
1743 1141 1831 1195 με,
1865 1123 1969 1177 σώ-

390 1232 585 1287 ρευσον
636 1214 831 1286 πρῶτα
876 1215 970 1268 τὸν
1024 1215 1153 1269 λαὸν
1181 1213 1276 1268 τοῦ
1310 1216 1498 1281 Μακᾶ,
1526 1219 1622 1271 καὶ
1674 1218 1967 1288 ἐρχόμενος

386 1305 581 1376 αὔριον
610 1306 719 1360 ἀπὸ
762 1304 855 1359 τοῦ
886 1306 1049 1376 ὄρους
1080 1308 1220 1360 εῖπω
1270 1326 1352 1362 σοι
1404 1309 1586 1362 πάντα
1627 1307 1967 1363 κατενώπιον

385 1397 588 1452 αὐτῶν.
617 1390 781 1451 Οὗτοι
807 1398 864 1451 δέ
892 1399 993 1451 οὐκ
1035 1400 1286 1470 ἐνόησαν,
1315 1403 1397 1455 ὅτι
1442 1402 1508 1453 ἐκ
1539 1400 1633 1454 τοῦ
1658 1401 1965 1473 καλογήρου

384 1490 699 1548 διδάσκεται
728 1491 822 1543 καὶ
850 1492 1136 1561 τρέφεται,
1164 1491 1300 1544 ἀλλὰ
1325 1493 1446 1546 οὐδὲ
1475 1493 1503 1545 6
1564 1493 1800 1563 μοναχδς
1825 1492 1966 1546 ἐτόλ-

2071 488 2210 541 cibis
2240 502 2465 555 prorsus
2518 491 2816 559 abstinere,
2848 503 2907 548 ut
2954 498 3131 552 tenuis
3176 508 3231 554 et
3277 501 3494 559 subtilis
3514 518 3648 560 eva-

2070 579 2191 633 dam
2222 580 2393 634 instar
2414 582 2612 650 angeli,
2648 594 2844 640 etcum
2876 588 2941 642 ad
3001 604 3087 645 me
3137 595 3363 650 accedet
3397 597 3643 667 angelus,

2070 673 2149 726 sic
2172 683 2360 741 potero
2396 672 2608 730 facilius
2640 692 2762 731 cum
2813 678 2903 734 illo
2937 695 3218 739 sermones
3266 694 3321 741 et
3375 688 3641 758 colloquia

2071 764 2320 819 miscere.
2352 764 2443 820 Ille
2477 781 2606 821 vero
2634 768 2771 824 clam
2804 782 2859 825 et
2896 774 3154 841 privatim
3186 775 3415 847 singulis
3455 779 3644 835 diebus

2069 855 2316 910 alebatur
2344 858 2484 925 apud
2537 857 2859 918 Pachuram.
2892 861 2961 919 Et
3002 866 3298 923 monachus
3329 869 3432 925 iste
3492 880 3549 925 ut
3578 871 3640 926 il-

2070 947 2181 1002 lum
2203 946 2419 1002 tandem
2452 948 2517 1003 ad
2546 950 2871 1019 baptismum
2906 955 3253 1022 perduceret,
3306 957 3380 1013 illi
3438 960 3640 1015 vietum

2069 1041 2469 1111 suppeditabat.
2504 1042 2731 1113 Vesperi
2755 1060 2885 1101 vero
2918 1046 3131 1101 redibat
3169 1047 3308 1104 bene
3344 1058 3535 1119 pastus
3587 1062 3643 1105 et

2069 1142 2256 1189 ventre
2287 1134 2498 1204 plenus,
2531 1146 2587 1191 et
2616 1146 2745 1192 tunc
2774 1152 2834 1193 se
2859 1137 3006 1195 nolle
3046 1152 3271 1195 ccenare
3324 1139 3639 1195 simulabat.

2066 1226 2146 1279 Ad
2170 1225 2320 1281 illum
2338 1242 2465 1282 vero
2482 1226 2561 1284 sic
2586 1230 2804 1285 tandem
2827 1229 2947 1286 inﬁt
2971 1232 3272 1288 avunculus
3294 1231 3440 1289 illius
3470 1233 3641 1288 Abou-

2069 1317 2271 1386 talipa:
2303 1316 2415 1389 Ego
2467 1320 2590 1374 volo
2638 1328 2695 1375 ut
2746 1321 2879 1376 mihi
2932 1322 3206 1393 significes
3267 1332 3432 1379 totam
3478 1324 3637 1379 istam

2069 1419 2214 1464 tuam
2233 1411 2422 1481 agendi
2448 1412 2734 1466 rationem.
2782 1411 2951 1470 Video
2984 1416 3130 1471 enim
3164 1425 3218 1472 te
3267 1417 3496 1488 singulis
3524 1417 3641 1473 die-

2067 1501 2168 1557 bus
2200 1503 2266 1555 ad
2304 1512 2514 1559 montes
2543 1505 2847 1570 discedere,
2874 1515 2927 1560 te
2959 1508 3170 1576 vesperi
3218 1508 3398 1563 redire
3451 1506 3639 1563 labore

390 1598 531 1651 μησε
566 1583 705 1653 πρός
729 1599 852 1636 τινα
880 1582 989 1635 τῶν
1032 1582 1317 1654 ’Λρῤάϐων
1349 1583 1603 1651 ἐξειπεῖν,
1647 1586 1731 1638 ὅτι
1770 1584 1960 1655 σχολά-

2066 1592 2369 1649 confectum
2392 1604 2447 1649 et
2471 1595 2816 1660 exhaustum,
2848 1606 2902 1651 et
2929 1606 3108 1652 tamen
3139 1607 3191 1652 te
3241 1598 3375 1652 nihil
3412 1612 3637 1667 prorsus

384 1673 470 1736 ζει
492 1675 626 1744 παρ’
650 1673 822 1728 αὑτοῦ
851 1675 879 1727 6
901 1675 1229 1745 Μουχάμετ,
1260 1676 1348 1729 ἵνα
1379 1678 1473 1729 καὶ
1509 1676 1745 1748 βαπτίσῃ
1773 1678 1960 1740 αὑτὸν,

2066 1691 2288 1752 gustare
2313 1690 2367 1737 et
2387 1683 2572 1738 edere.
2618 1682 2841 1737 Declara
2885 1698 3019 1753 ergo
3079 1684 3237 1739 nobis
3273 1699 3381 1753 quo
3411 1683 3635 1738 oraculo

384 1768 479 1821 καὶ
506 1766 711 1839 διδάξῃ,
737 1770 831 1849 καὶ
858 1768 1096 1840 διαφύγῃ
1126 1769 1236 1823 61:6
1265 1770 1374 1824 τῶν
1414 1772 1696 1843 ’Δῤῥάϐων
1726 1773 1816 1826 τὸν
1847 1771 1959 1827 κίνο

2065 1785 2112 1831 et
2132 1774 2459 1830 commercio
2480 1776 2583 1830 hoc
2608 1774 2800 1830 facias.
2830 1776 2908 1829 Ad
2938 1776 3042 1831 ista
3075 1776 3359 1845 regerebat
3381 1774 3598 1828 Muham
3618 1802 3638 1813 -

378 1858 556 1913 ὄυνον.
2074 1864 2197 1918 med
2226 1882 2240 1917 :
2279 1863 2334 1918 Si
2360 1865 2494 1920 velis
2527 1880 2614 1921 me
2639 1865 2781 1920 istud
2809 1867 3069 1936 quidquid
3098 1876 3182 1923 est
3220 1867 3422 1937 negotii
3430 1880 3440 1935 ,‘
3475 1881 3639 1922 enar-

384 1965 529 2013 rare,
559 1965 830 2021 congrega
862 1951 1038 2020 primo
1063 1952 1315 2023 populum
1346 1964 1403 2008 et
1425 1953 1628 2010 incolas
1651 1954 1866 2021 Meecae,
1930 1965 1986 2009 et
2024 1956 2268 2025 sequenti
2293 1956 2402 2020 die,
2434 1971 2500 2011 ex
2559 1958 2834 2012 montibus
2864 1958 3100 2020 rediens,
3166 1973 3268 2028 ego
3320 1960 3499 2013 omnia
3540 1959 3634 2013 de-

381 2042 602 2097 clarabo
632 2044 682 2097 in
710 2046 1287 2115 conspectuomnium,
1317 2055 1371 2102 et
1398 2056 1579 2103 stante
1625 2048 1806 2117 populi
1869 2063 2164 2104 numerosa
2227 2063 2453 2103 corona.
2489 2048 2563 2102 Illi
2627 2065 2760 2104 vero
2829 2050 3150 2120 ignorabant
3194 2052 3337 2121 quod
3386 2066 3415 2104 a
3476 2051 3640 2105 Calo-

381 2148 511 2205 gero
544 2151 636 2188 seu
677 2135 946 2190 monacho
977 2135 1293 2202 docebatur,
1319 2148 1374 2193 et
1403 2139 1672 2204 alebatur,
1699 2154 1800 2194 nec
1824 2140 2123 2196 monachus
2140 2139 2412 2196 Arabibus
2432 2140 2667 2195 audebat
2692 2142 2933 2196 revelare
2957 2143 3102 2211 quod
3131 2141 3177 2195 Μ
3187 2142 3475 2197 uhammed
3497 2143 3637 2211 apud

380 2240 441 2279 se
472 2225 705 2279 haereret
753 2235 808 2280 et
838 2234 1163 2291 moraretur,
1189 2236 1249 2281 ut
1281 2240 1654 2293 exerceretur,
1706 2229 2023 2293 doceretur,
2060 2229 2333 2311 baptismo
2397 2229 2725 2302 tingeretur.
2765 2240 2822 2287 et
2898 2233 3005 2288 isto
3068 2231 3287 2289 silentio
3331 2231 3629 2302 perieulum

378 2318 447 2370 ab
495 2316 765 2371 Arabibus
816 2328 967 2371 certo
1011 2319 1415 2384 intentandum,
1446 2335 1506 2375 se
1551 2319 1953 2376 declinaturum
1994 2323 2266 2391 sperabat.

461 2408 521 2461 Ὀ
548 2408 605 2462 δὲ
664 2410 1076 2481 Ἀπουταλέπης
1110 2412 1192 2474 είς
1234 2411 1326 2465 τὸν
1359 2412 1527 2467 Μακᾶ
1576 2413 1840 2485 σωρεύων
1866 2414 1958 2468 τὸν

377 2499 527 2565 λαὸν,
556 2500 649 2553 καὶ
668 2500 846 2568 λέγων
868 2503 948 2566 είς
980 2503 1108 2564 τοὺς
1139 2502 1494 2573 προεστῶτας
1513 2503 1623 2559 τῶν
1670 2504 1959 2578 Ἀῥράϐων

380 2590 532 2654 υίῶν,
551 2591 635 2644 ὅτι
655 2587 749 2654 Εἷς
773 2589 833 2654 ἐξ
854 2592 1011 2663 ήμῶν
1033 2592 1208 2664 ἐφάνη
1235 2595 1521 2665 προφήτης
1550 2594 1644 2649 τοῦ
1656 2613 1789 2665 νομα
1807 2597 1959 2650 Μου-

379 2684 557 2753 χάμετ
610 2683 912 2754 νηστεύσας
950 2685 1166 2755 ἡμέρας
1190 2686 1508 2755 τριάκοντα,
1554 2687 1651 2741 καὶ
1682 2686 1837 2741 δεῦτε
1862 2686 1957 2742 τοῦ

384 2775 510 2827 ίδεῖν
534 2775 718 2831 αὐτόν.
761 2776 872 2830 Καὶ
916 2776 1252 2841 ἀκούσαντες
1289 2780 1465 2845 αὐτοὶ,
1514 2780 1599 2835 ὅτι
1632 2782 1816 2851 χοῖκὺς
1865 2782 1959 2836 άν-

380 2866 599 2936 θρωπος
630 2866 932 2938 νηστεύσας
966 2869 1178 2941 ἡμέρας
1208 2868 1271 2935 λ’,
1317 2871 1410 2925 καὶ
1460 2871 1561 2925 οὐκ
1599 2871 1954 2944 ἀποθνήσκει,

382 2956 637 3024 μεγάλως
664 2957 925 3021 ἐδόξασαν
952 2958 1045 3012 τὸν
1090 2958 1243 3025 Θεὸν,
1274 2960 1369 3013 καὶ
1402 2961 1646 3032 ἠκούσθη
1697 2962 1856 3016 τοῦτο
1878 2964 1958 3025 είς

2133 2412 2285 2468 Tunc
2308 2428 2439 2483 ergo
2474 2413 2802 2485 Abutelepes
2834 2415 3071 2471 Meecam
3102 2430 3161 2472 se
3189 2415 3437 2479 contulit,
3467 2429 3636 2486 popu-

2062 2505 2171 2558 lum
2195 2505 2570 2575 congregavit,
2612 2507 2799 2576 sicque
2829 2506 3009 2576 populi
3071 2517 3351 2576 maguates
3398 2516 3451 2561 et
3480 2506 3635 2560 nobi-

2061 2592 2224 2650 liores
2286 2603 2370 2650 est
2426 2593 2695 2649 allocutus
2739 2611 2754 2649 :
2811 2592 2967 2651 Unus
3020 2596 3161 2650 inter
3210 2611 3310 2651 nos
3368 2597 3628 2665 propheta

2059 2692 2281 2740 exortus
2293 2695 2394 2751 est,
2410 2684 2753 2742 Muhammed
2772 2686 3155 2757 nimirum,qui
3178 2688 3397 2758 triginta
3420 2688 3632 2743 dierum

2054 2777 2318 2846 jejunium
2342 2777 2501 2833 facile
2529 2790 2707 2849 potest
2727 2779 2995 2847 tolerare;
3022 2780 3206 2835 venite
3231 2794 3383 2850 ergo,
3416 2790 3476 2835 ut
3508 2788 3633 2835 tan-

2065 2877 2175 2922 tum
2200 2867 2506 2937 prodigium
2538 2869 2734 2923 intueri
2760 2879 2815 2924 et
2844 2869 3034 2923 videre
3057 2870 3299 2939 possitis.
3339 2869 3636 2925 Audientes

2065 2975 2191 3016 vero
2223 2959 2302 3016 illi
2340 2961 2484 3031 quod
2529 2960 2693 3015 homo
2716 2970 2967 3017 terrenus
2991 2960 3202 3030 jejunio
3263 2962 3486 3028 triginta
3520 2962 3637 3016 die~

381 3048 564 3101 πᾶσαν
593 3048 691 3119 τήν
742 3051 846 3121 γῆν
908 3050 1227 3122 Ἀῥραϐἔας.
1268 3052 1381 3107 Καὶ
1414 3053 1769 3123 συναχθέντες
1796 3049 1958 3125 ἦλθον

2066 3065 2185 3104 rum
2233 3065 2341 3105 non
2367 3058 2713 3115 enecaretur,
2739 3050 2994 3105 maximis
3032 3049 3288 3105 laudibus
3322 3050 3489 3104 Deum
3544 3063 3634 3105 ce-

384 3139 524 3209 μετὰ
557 3140 648 3194 τοῦ
690 3142 1099 3214 ’Δπουταλέπη,
1128 3143 1222 3197 καὶ
1255 3143 1405 3212 λέγει
1442 3145 1647 3209 αὐτοῖς’
1683 3146 1959 3200 Καθίσατε

381 3225 507 3296 ὧδε,
553 3232 636 3284 ὅτι
669 3232 907 3303 ἐσπέρας
946 3234 1129 3302 μέλλει
1167 3234 1365 3289 ἐλθεῖν.
1405 3235 1684 3299 Ἐλθόντος
1720 3232 1814 3290 οὖν
1865 3237 1961 3292 τοῦ

383 3324 706 3392 Μουχάμετ,
735 3326 1151 3397 συναγείρονται
1183 3328 1382 3390 πάντες
1405 3329 1485 3391 είς
1509 3330 1833 3397 συνάντησιν
1864 3330 1961 3383 αὐ-

383 3415 501 3478 τοῦ,
541 3416 636 3469 καὶ
660 3416 885 3488 ἐϐόησεν
915 3420 943 3471 6
973 3418 1289 3488 ἀναθρέψας
1329 3420 1493 3473 αὑτὸν
1524 3418 1957 3489 ’Δπουταλέπης,

393 3506 593 3569 Καλῶς
621 3502 786 3576 ἦλθεν
814 3509 842 3559 ό
867 3508 1091 3578 φωστὴρ
1116 3509 1217 3576 τῆς
1247 3508 1561 3578 Ἀρῤαϐίας,
1592 3511 1620 3561 6
1655 3509 1960 3579 νηστεύσας

384 3597 679 3664 τριάκοντα
700 3597 1037 3668 νυχθήμερα.
1069 3599 1177 3651 Καὶ
1202 3598 1536 3661 ἀκούσαντες
1559 3600 1609 3651 οί
1634 3599 1780 3669 ὄχλοι
1806 3600 1959 3671 ἔφρι-

382 3688 499 3753 ξαν,
521 3692 617 3741 xai.
632 3688 960 3757 ἐτρόμαξαν.
987 3688 1150 3757 Λέγει
1174 3692 1202 3742 6
1224 3690 1544 3760 Μουχάμετ,
1568 3691 1825 3754 Ἀκουσε,
1847 3692 1958 3747 θεῖε

394 3780 793 3850 ’Λπουταλέπη,
820 3783 911 3834 καὶ
944 3780 1218 3853 ἀνάτροφε
1240 3799 1363 3851 μου,
1392 3783 1531 3852 μετὰ
1559 3783 1652 3835 τοῦ
1675 3783 1805 3837 λαοῦ
1838 3800 1957 3849 σου,

380 3874 462 3925 ὅτι
483 3872 613 3924 ὅταν
644 3868 787 3944 ἦλθα
818 3874 899 3934 είς
930 3869 1028 3943 τήν
1048 3872 1358 3941 Δαμασκὸν,
1393 3873 1495 3946 τήν
1546 3874 1834 3946 ὑστερινὴν
1870 3892 1959 3942 φο-

382 3965 506 4033 ρὶιν,
540 3963 637 4016 καὶ
669 3962 842 4033 ἐχασα
858 3962 919 4015 τὸ
951 3962 1181 4034 καμῆλι,
1201 3964 1296 4015 καὶ
1327 3962 1534 4036 ἔδειρὲς
1560 3982 1648 4035 με,
1673 3966 1768 4019 καὶ
1801 3967 1957 4019 ἐδίω-

381 4054 473 4119 ξές
510 4070 577 4122 με
607 4054 715 4105 άπὸ
737 4052 832 4107 τοῦ
861 4054 1010 4107 οῑκου
1034 4071 1150 4109 σου.
1180 4053 1291 4106 Καὶ
1317 4054 1426 4108 ἀπὸ
1459 4055 1635 4127 λύπης
1664 4074 1765 4127 μου
1792 4053 1957 4129 ἦλθον

381 4147 461 4209 είς
492 4146 556 4198 τὸ
600 4145 885 4199 Βασιλικὺν
933 4147 1159 4218 πηγάδι,
1216 4149 1310 4201 καὶ
1372 4147 1569 4201 ἔπεσον
1620 4149 1822 4212 ἐκεῖσε,
1862 4150 1958 4202 καὶ

380 4238 787 4311 ἀπεκοιμήθην,
809 4239 904 4293 καὶ
933 4237 1073 4293 εἶδον
1102 4240 1255 4311 ὄναρ,
1307 4240 1390 4293 ὄτι
1413 4240 1441 4292 ὄ
1478 4239 1630 4311 ἥλιος
1660 4239 1832 4293 κλίνει
1862 4241 1956 4293 καὶ

382 4332 684 4402 προσκυνεῖ
710 4349 799 4403 με.
830 4333 940 4386 Καὶ
973 4332 1069 4386 ἐπὶ
1100 4331 1199 4404 τὴν
1224 4331 1416 4402 αόριον
1440 4331 1728 4402 ἐγείρομαι
1759 4330 1955 4400 φοϐού-

2062 3142 2364 3206 lebrarunt,
2392 3150 2447 3197 et
2473 3141 2657 3196 statim
2693 3140 2939 3196 miraculi
2974 3156 3163 3198 rumor
3194 3150 3249 3197 et
3308 3139 3451 3195 fama
3510 3154 3635 3211 per-

2063 3232 2204 3287 vasit
2244 3242 2415 3287 totam
2473 3232 2751 3288 Arabiam.
2804 3232 3126 3303 Congregati
3180 3246 3313 3311 ergo
3366 3242 3634 3286 venerunt

2062 3336 2184 3378 cum
2216 3321 2526 3389 Abutalipa,
2558 3321 2649 3389 qui
2673 3323 2739 3375 ad
2770 3321 2893 3376 illos
2920 3321 3095 3377 dixit:
3124 3320 3322 3375 Sedete
3353 3318 3466 3384 hic,
3506 3333 3634 3373 nam

2061 3413 2206 3467 circa
2232 3427 2516 3481 vesperam
2540 3423 2803 3468 venturus
2856 3420 2940 3467 est
3006 3412 3293 3482 propheta.
3325 3411 3635 3465 Accedente

2060 3517 2192 3573 ergo
2222 3503 2628 3569 Muhammede,
2659 3512 3020 3559 surrexerunt
3046 3517 3261 3568 omnes,
3284 3511 3339 3558 et
3390 3501 3444 3556 in
3488 3501 3634 3557 illius

2061 3608 2352 3648 occursum
2384 3603 2638 3659 ruerunt,
2680 3594 2878 3650 hoante
2926 3604 2983 3650 et
3018 3594 3289 3649 clamante
3324 3593 3632 3662 Abutalipe,

2061 3684 2460 3741 Muhammedis
2493 3694 2726 3755 patrono
2747 3692 2803 3740 et
2829 3685 3042 3740 altore:
3084 3683 3451 3741 Gratissimus
3472 3684 3635 3738 adve-

2061 3778 2142 3832 nit
2176 3776 2256 3833 sol
2279 3778 2513 3841 Arabiae,
2537 3775 2858 3846 cujusvires
2895 3777 3114 3846 triginta
3142 3778 3351 3832 dierum
3367 3775 3632 3846 jejunium

2062 3884 2167 3925 non
2202 3879 2381 3937 potest
2407 3870 2721 3925 exhaurire.
2744 3870 2958 3936 Quibus
2991 3870 3217 3936 auditis,
3245 3868 3418 3923 turba:
3448 3868 3632 3923 statim

2061 3961 2289 4017 horrore
2316 3970 2371 4016 et
2405 3971 2642 4017 tremore
2672 3961 3127 4030 corripiebantur.
3180 3961 3257 4016 0s
3316 3975 3446 4016 vero
3479 3975 3631 4015 suum

2060 4054 2113 4108 in
2134 4054 2248 4107 haec
2262 4051 2424 4107 verba
2439 4052 2595 4106 solvit
2611 4050 2949 4106 Muhammed
2971 4070 2986 4107 :
3006 4050 3449 4120 Audi,‘Abutalep
3463 4066 3633 4104 avun-

2060 4144 2198 4210 culo,
2242 4153 2296 4198 tu
2332 4144 2423 4216 qui
2458 4143 2793 4214 benignitate
2844 4153 2933 4197 tua
2995 4159 3082 4197 me
3111 4143 3295 4197 fovisti
3322 4152 3376 4197 et
3410 4141 3629 4205 aluisti;

2058 4237 2205 4304 audi,
2241 4237 2481 4307 inquam,
2515 4246 2570 4291 tu
2602 4245 2657 4292 et
2691 4235 2920 4306 p0pulus
2953 4244 3097 4288 tuus.
3126 4234 3261 4289 Cum
3294 4234 3480 4289 ultima
3514 4234 3632 4287 vice

2063 4330 2321 4383 bamasco
2350 4327 2608 4393 redirem,
2638 4337 2695 4383 et
2729 4326 2994 4382 eamelum
3027 4326 3359 4391 amisissem,
3392 4324 3631 4381 verberi-

383 4438 566 4491 μενος,
607 4422 700 4475 κα)⁸
722 4421 1132 4493 ἐννοιαξόμενος
1173 4423 1272 4477 οὐκ
1301 4419 1455 4475 εἷπον
1484 4422 1620 4493 πρός
1650 4423 1772 4476 τινά
1802 4439 1855 4475 τι
1889 4421 1949 4475 τὸ

2065 4423 2155 4475 bus
2188 4433 2273 4474 me
2300 4418 2633 4488 excipiebas,
2677 4427 2732 4474 et
2763 4418 2923 4473 domo
2961 4426 3051 4471 tua
3092 4416 3350 4486 pellebas.
3400 4416 3632 4472 Mamre

382 4512 627 4567 σύνολον.
669 4513 936 4585 Ἀπῆλθον
982 4510 1075 4568 οὖν
1105 4515 1185 4578 είς
1224 4513 1295 4568 τὰ
1325 4514 1450 4587 ὄρη,
1492 4516 1550 4567 ἐν
1573 4508 1656 4577 οἷς
1686 4514 1953 4585 πρότερον

377 4604 477 4667 τὰς
512 4604 792 4675 καμήλους
834 4604 1083 4670 ἔϐοσκον,
1139 4606 1277 4678 πρὸς
1304 4608 1365 4658 τὸ
1416 4604 1686 4675 ἀναϐῆναί
1720 4622 1811 4676 με,
1859 4606 1956 4659 καὶ

380 4695 559 4766 εὑρὼν
586 4697 811 4767 πέτραν,
840 4697 1069 4751 ἐκάθισα
1099 4697 1204 4750 ὑπὸ
1242 4696 1467 4767 ταύτης,
1520 4696 1620 4769 τὴν
1650 4698 1809 4750 σκιὰν
1838 4697 1957 4750 δια-

380 4786 675 4857 νἰούμενος
707 4789 769 4840 τὸ
801 4788 1008 4860 ὅραμα.
1062 4789 1174 4841 Καὶ
1226 4782 1389 4860 ἦλθεν
1431 4789 1583 4860 φωνὴ
1614 4788 1676 4854 ἐξ
1723 4788 1957 4859 ούρανοῦ

382 4879 517 4950 πρός
547 4898 614 4950 με
644 4879 897 4948 λέγουσα·
925 4881 1245 4951 Μουχάμετ,
1278 4882 1352 4951 μὴ
1383 4881 1659 4947 ἐννοιάξου
1692 4882 1829 4954 ὑπὲρ
1860 4882 1955 4935 τοῦ

382 4972 680 5041 ὁράματος.
707 4969 964 5031 ’Λπελθε,
989 4972 1081 5024 καὶ
1101 4972 1390 5042 νήστευσον
1415 4973 1627 5041 ἡμέρας
1643 4971 1954 5043 τριάκοντα,

383 5064 479 5116 καί
512 5062 727 5135 στράφῃ
753 5055 876 5127 ὧδε,
904 5062 990 5116 ἴνα
1020 5062 1159 5115 εἴπω
1189 5079 1292 5116 σοι.

2055 4526 2187 4565 vero
2221 4510 2495 4565 cruciatus
2533 4520 2588 4564 et
2616 4525 2829 4574 errans,
2870 4509 3086 4563 tandem
3143 4502 3360 4578 perveu'i
3416 4508 3471 4563 in
3521 4506 3627 4563 Re-

2056 4604 2199 4672 gium
2235 4603 2466 4673 aliquem
2499 4602 2816 4657 lonticulum
2849 4617 2943 4657 seu
2993 4611 3212 4670 puteum
3285 4600 3437 4672 regia
3495 4615 3626 4653 cura

2056 4704 2394 4750 excavatum.
2421 4693 2618 4749 Statim
2652 4709 2782 4749 vero
2849 4693 3293 4763 procumbebam,
3334 4701 3390 4746 et
3440 4705 3632 4745 somno

2059 4802 2145 4841 me
2175 4796 2343 4842 totum
2377 4785 2781 4855 permittebam.
2819 4784 3058 4855 Contigit
3087 4798 3216 4839 vero
3249 4798 3333 4837 me
3359 4782 3627 4837 somnium

2065 4880 2287 4944 habere,
2321 4887 2375 4933 et
2408 4879 2592 4934 videre
2620 4880 2787 4933 solem
2820 4894 2884 4933 ex
2921 4879 3029 4934 alto
3083 4892 3144 4933 se
3176 4875 3552 4932 demittentem
3577 4883 3635 4928 et

2065 4971 2255 5025 humili
2292 4981 2347 5025 et
2391 4980 2660 5041 prostrata
2687 4970 2806 5026 luce
2858 4986 2943 5026 me
2992 4971 3332 5026 adorantem.
3367 4966 3627 5038 Sequenti

2064 5077 2191 5116 vero
2230 5077 2392 5117 mane
2421 5063 2847 5132 experrefactus,
2875 5071 3017 5117 totus
3060 5062 3414 5129 cohorresco,
3445 5069 3505 5116 et
3533 5061 3631 5115 du-

384 5162 505 5215 bius
528 5161 657 5230 quid
680 5160 761 5215 rei
812 5169 978 5225 esset,
1044 5167 1215 5214 totum
1273 5158 1543 5230 negotium
1600 5158 1733 5213 nulli
1800 5157 2121 5228 signiﬁcavi.
2192 5156 2479 5214 Profectus
2524 5172 2653 5228 ergo
2711 5172 2861 5213 more
2904 5156 3064 5211 solito
3149 5155 3217 5212 ad
3274 5164 3487 5211 montes
3537 5153 3626 5228 ubi

386 5254 619 5307 camelos
668 5251 976 5321 pascebant,
1040 5265 1163 5305 cum
1210 5265 1310 5318 ego
1366 5250 1752 5315 ascendissem,
1808 5250 2149 5305 inveniebam
2190 5260 2433 5318 petram,
2466 5249 2553 5303 cui
2612 5248 2872 5310 insidens,
2945 5246 3272 5315 incipiebam
3336 5250 3517 5302 animo
3547 5246 3627 5301 vi-

387 5343 592 5398 sionem
645 5358 817 5397 meam
859 5343 1095 5405 volvere,
1123 5351 1177 5397 et
1230 5342 1373 5396 illam
1402 5356 1500 5412 pro
1541 5342 1729 5397 umbra
1783 5354 1837 5397 et
1886 5359 1945 5397 re
2018 5355 2242 5410 prorsus
2304 5355 2441 5395 vana
2468 5350 2740 5409 reputare.
2784 5337 2979 5392 Statim
3045 5354 3174 5393 vero
3240 5354 3339 5394 vox
3394 5353 3426 5393 e
3486 5339 3628 5393 cwlo

384 5435 703 5505 erumpebat
737 5436 923 5491 dicens
951 5452 964 5489 :
989 5432 1353 5499 Muhammcd,
1387 5447 1453 5487 ne
1489 5441 1542 5488 te
1578 5434 1758 5487 turbet
1790 5432 1950 5486 anxia
1988 5434 2052 5486 de
2091 5431 2301 5486 visione
2333 5430 2628 5499 cogitatio;
2654 5428 2768 5493 abi,
2809 5442 3022 5483 macera
3069 5437 3120 5482 te
3147 5427 3357 5497 jejunio
3405 5428 3623 5497 triginta

385 5527 619 5593 dierum,
648 5535 705 5583 et
733 5538 919 5598 postea
947 5532 1049 5583 huc
1081 5536 1361 5583 revertere
1392 5538 1451 5583 ut
1502 5528 1629 5596 quid
1679 5529 1751 5584 sit
1780 5529 2043 5599 agendum
2075 5529 2170 5584 tibi
2202 5528 2530 5599 signiﬁcem.

453 5618 641 5683 Οὕτως
661 5622 887 5690 ήκουσα,
922 5622 1015 5673 καὶ
1047 5620 1340 5691 ἐπλήρωσα
1374 5619 1586 5689 ἡμέρας
1607 5659 1621 5682 ,
1653 5620 1695 5672 λ’
1722 5622 1943 5691 νήστης,

2129 5620 2219 5674 llis
2249 5620 2444 5674 auditis
2493 5617 2711 5688 triginta
2757 5617 2871 5671 dies
2901 5626 2955 5672 et
2986 5615 3206 5687 triginta
3237 5625 3423 5670 noctes
3456 5629 3618 5685 pror—

385 5715 480 5774 καὶ
498 5714 542 5768 λ’
573 5714 752 5781 νύτας,
782 5714 875 5769 καὶ
900 5714 1208 5784 ἀπέρχομαι
1241 5712 1361 5766 καθ’
1385 5713 1631 5784 ἑκάστην
1660 5711 1792 5782 πρὸς
1821 5713 1919 5784 σὴν

2065 5728 2122 5765 us
2152 5710 2371 5782 jejunus
2394 5711 2600 5782 peregi,
2632 5720 2685 5766 et
2741 5710 2894 5765 solus
2957 5724 3210 5767 reversus
3257 5708 3324 5764 ad
3385 5717 3609 5778 petram.
