3752 6232
106 308 249 373 1433
1314 316 1588 380 CONFU']

1892 309 2191 372 ΓἶΑἷῖΕΝῐ,
3240 300 3374 364 ΗΜ

100 422 247 492 signi
278 422 557 493 cujusdam
582 422 664 476 vel
693 420 899 492 exigui,
926 429 985 477 ut
1031 436 1221 481 omnes
1276 431 1582 495 persuadeat

1894 426 2216 478 tvincantur.
2247 418 2545 487 Respondit
2594 417 2667 472 illi
2704 417 3046 473 Multammed
3078 434 3095 473 ι
3130 416 3370 486 llacipsa

102 528 266 573 nocte
294 517 358 569 ad
384 532 467 569 me
498 515 857 582 conveniatis,
886 527 939 570 et
964 517 1069 571 tale
1094 518 1413 574 miraculum
1439 525 1684 575 omnium
1724 519 1897 575 oculis
1959 515 2254 569 videndum
2311 511 2605 567 exhibebo.
2638 509 2902 565 Videbitis
2933 512 3113 565 lunam
3139 512 3190 564 in
3222 510 3360 566 duas

100 618 284 675 partes
309 608 556 671 scissam,
584 622 811 675 quarum
869 623 971 661 una
1025 608 1075 661 in
1111 610 1341 675 oriente,
1369 611 1537 666 altera
1590 612 1642 664 in
1684 608 1962 664 occidente
2005 604 2184 659 radios
2233 617 2360 657 suos
2389 601 2783 656 disseminabit.
2806 598 3190 654 Convenerunt
3211 615 3364 668 ergo,

97 710 151 756 et
176 716 305 757 aere
324 702 560 755 tenebris
581 700 754 755 oﬂ'uso
770 712 822 754 et
848 701 1184 765 obnubilato,
1208 703 1343 756 dixit
1374 703 1717 758 Multammed
1738 721 1751 756 :
1773 699 2088 754 Mirandum
2118 697 2343 767 patravi,
2375 696 2466 749 sed
2491 708 2596 748 non
2619 693 2868 762 potuistis
2899 692 3025 747 illud
3046 693 3250 755 videre,
3280 694 3362 747 in-

98 795 244 862 digni
282 794 478 861 quippe
511 793 643 847 estis
665 793 755 862 qui
791 807 968 847 meum
1000 795 1318 849 miraculum
1344 796 1516 850 oculis
1543 792 1905 865 usurparetis.

172 886 281 939 Kal
301 887 452 955 ἐχετε
472 884 644 948 οὕτως
671 887 832 955 μέχρι
855 884 948 937 τοῦ
973 884 1068 938 νῦν
1084 885 1343 954 γεγονὼς,
1364 889 1455 940 καὶ
1478 889 1654 958 γράφε

1893 894 1918 936 t
1941 884 2043 935 huc
2075 895 2242 948 usque
2273 879 2415 947 apud
2435 894 2528 933 vos
2563 878 2705 949 viget
2738 876 2897 932 istius
2924 876 3001 930 rei
3034 876 3294 929 memoria
3319 885 3375 931 et

94 976 257 1029 τοῦτο
284 978 318 1045 ἡ
343 975 530 1044 γραφή
560 991 677 1029 σου.
712 975 976 1037 Ἀναστὰς
1000 975 1055 1027 δὲ
1082 978 1108 1029 6
1140 977 1326 1045 ἔτερος
1349 979 1512 1030 αὐτοῦ
1543 979 1682 1042 θεῖος

94 1069 123 1119 6
166 1066 539 1136 ’Δπουτζάλης
567 1066 734 1134 λέγει,
772 1066 898 1119 Ἐάν
922 1068 1019 1119 οὐκ
1044 1068 1140 1120 ἴδω
1162 1070 1355 1140 μικρόν
1376 1087 1427 1121 τι
1461 1073 1683 1139 σημεῖον

99 1159 239 1229 μετὰ
265 1159 379 1211 τῶν
414 1158 709 1229 ὀφθαλμῶν
738 1176 860 1227 μου,
892 1159 952 1211 οὐ
992 1159 1066 1230 μὴ
1106 1162 1407 1224 πιστεύσω,
1447 1162 1683 1215 εὐκολώ-

92 1243 256 1322 τερον
291 1250 437 1320 ζητῶ
468 1267 527 1303 σε
574 1251 798 1319 ποιῆσαι
830 1251 1006 1317 τοῦτο,
1035 1254 1097 1305 σὺ
1128 1253 1307 1319 λέγεις
1333 1256 1416 1306 ὅτι
1440 1258 1516 1316 εἰς
1556 1254 1684 1317 τοὺς

95 1342 404 1413 (οὐρανοὺς)
440 1342 642 1412 ἀνέὸης
699 1342 828 1411 μίαν
877 1344 1237 1409 διασκέλισιν,
1300 1347 1544 1416 ὑζίὼθητι
1589 1342 1684 1398 οὖν

94 1433 202 1485 ἀπὸ
228 1433 332 1503 τῆς
364 1433 468 1502 γῆς
497 1433 779 1501 σπιθαμὰς
811 1437 983 1503 τρεῖς,
1027 1436 1121 1487 καὶ
1174 1437 1541 1505 κρεμάσθητι,
1596 1438 1684 1490 ἵνα

91 1521 338 1575 διαϐάσω
367 1521 426 1574 τὸ
448 1521 614 1573 σπαθί
648 1538 752 1591 μου
784 1523 1041 1576 ὑποκάτω
1075 1523 1183 1575 τῶν
1225 1526 1399 1577 ποδῶν
1437 1543 1551 1587 σου,
1588 1528 1682 1578 καὶ

90 1615 212 1666 τότε
238 1612 607 1683 πιστεύσομεν
654 1631 738 1666 σοι
772 1614 868 1666 ἀπ’
908 1617 1083 1686 ἀρχῆς
1128 1616 1235 1679 ἕως
1284 1616 1492 1681 τέλους.
1538 1617 1683 1671 Ἰδὼν

89 1707 147 1759 δὲ
177 1708 206 1759 6
229 1706 531 1777 Μουχάμετ
558 1706 620 1758 τὸ
645 1707 850 1777 ἄπορον
871 1707 1036 1760 αὐτοῦ
1069 1708 1317 1779 ἐϐόησεν,
1342 1709 1517 1776 λέγων
1546 1710 1683 1779 πρὸς

90 1799 180 1852 τὴν
218 1798 369 1862 λαὸν,
388 1797 447 1851 '0
477 1798 900 1869 Ἀπουτζάληςὸ
927 1798 1070 1863 θεῖός
1106 1818 1207 1869 μου
1244 1801 1461 1871 θανάτῳ
1491 1803 1680 1854 τελευ-

88 1891 272 1959 τήσει.
307 1891 415 1943 Καὶ
448 1891 497 1941 οἱ
530 1889 629 1957 μὲν
657 1891 906 1961 φρόνιμοι
930 1892 1020 1943 τοῦ
1046 1890 1180 1943 λαοῦ
1204 1893 1389 1958 ἔλεγον
1416 1894 1507 1946 τὸν
1533 1897 1679 1947 Mou-

91 1998 122 2047 χ
133 1981 295 2048 άμετ,
323 1980 441 2031 Εἴτι.
467 1979 618 2047 λέγει
646 1981 674 2032 6
701 1980 842 2041 θεῖός
873 1997 988 2045 σου,
1023 1982 1182 2047 κάκε,
1205 1984 1298 2034 καὶ
1324 1983 1476 2047 λέξον
1498 1985 1678 2051 αὑτὸν,

92 2074 140 2125 εἰ
170 2072 233 2125 δὲ
269 2071 450 2134 καλῶς
500 2073 593 2125 καὶ
630 2071 845 2138 άληθῶς
889 2072 1061 2139 λέγει,
1108 2074 1197 2128 διὰ
1224 2076 1276 2128 τί
1310 2077 1555 2140 κελεύεις
1589 2078 1681 2131 τὸν

92 2164 221 2217 λαὸν
242 2163 334 2217 τοῦ
369 2164 629 2233 φονεῦσαι
653 2165 839 2231 αὑτόνς
872 2167 932 2218 Ol
964 2167 1022 2219 δὲ
1050 2168 1295 2232 πλείονες
1328 2172 1506 2241 μωροὶ⁴
1527 2170 1680 2234 ὄντες

92 2257 349 2326 ἐϐόησαν,
369 2256 609 2327 Ἀληθῶς
638 2260 665 2313 ό
689 2260 976 2328 προφήτης
996 2259 1168 2324 λέγει,
1192 2261 1380 2325 καθὼς
1413 2267 1682 2333 μαρτυρεῖ

92 2352 184 2402 καὶ
205 2353 240 2421 ἡ
265 2351 512 2421 θυγάτηρ
534 2351 697 2403 αὑτοῦ
720 2351 915 2421 carpat
938 2354 969 2420 ἡ
1002 2352 1187 2406 ἰδοῦσα
1214 2354 1377 2406 αὑτὸν
1401 2356 1678 2410 ἀναϐάντα

91 2443 169 2504 εἰς
225 2442 316 2493 τὸν
359 2442 607 2508 οὐρανόν.
654 2442 761 2493 Καὶ
811 2442 1100 2503 ἀνατείνας
1146 2445 1174 2495 ό
1228 2445 1529 2515 Μονχάμετ
1576 2447 1679 2518 τὴν

94 2530 309 2599 σπάθην
339 2533 476 2601 πρὸς
507 2533 595 2584 τὸν
621 2532 765 2586 θεῖον
796 2533 983 2597 αὑτοῦ,
1035 2535 1130 2587 καὶ
1167 2534 1368 2599 ἰδόντες
1400 2538 1459 2589 τὸ
1493 2540 1673 2593 κοινὸν

89 2621 186 2673 τοῦ
217 2621 349 2674 λαοῦ
384 2624 681 2692 ἐφόνευσαν
714 2625 896 2691 αὑτὸν,
934 2627 1029 2677 καὶ
1066 2628 1283 2696 ἐτέρους
1317 2629 1550 2692 πολλοὺς
1580 2632 1679 2686 σὺν

90 2713 262 2785 αὐτῷ.
298 2715 555 2781 Δύνασαι,
589 2711 632 2769 ὦ
657 2712 1052 2787 Μουσουλμανὲ
1076 2719 1245 2782 δεῖξαί
1271 2737 1357 2786 με,
1385 2720 1675 2790 ψεύδομαι,

90 2807 189 2858 καὶ
210 2806 293 2871 οὓς
322 2808 431 2859 Καὶ
461 2809 567 2860 ἀπὸ
597 2809 695 2877 τῆς
719 2810 930 2880 ἡμέρας
959 2809 1164 2879 ταύτης
1192 2810 1543 2878 ἐδογμάτισεν
1575 2814 1677 2878 ἕως

88 2896 187 2950 τοῦ
220 2898 334 2959 νῦν,
370 2899 437 2950 Εἴ
468 2917 549 2961 τις
576 2901 675 2970 οὐχ
707 2901 964 2971 ὁμολογεῖ
994 2902 1081 2955 τὸν
1108 2903 1408 2973 Μουχάμετ
1440 2904 1678 2958 ἀπόστο-

89 2990 182 3042 λον
213 2990 369 3055 Θεοῦ,
404 2991 501 3043 καὶ
530 2994 823 3065 προφήτην
861 2987 1021 3057 εἶναι,
1053 2994 1197 3061 ξίφει
1226 2995 1542 3048 ἀποθανεῖν.
1567 2998 1676 3049 Καὶ

88 3081 367 3151 ἐκράτησε
409 3083 569 3137 τοῦτο
601 3085 829 3155 χρόνους
855 3092 929 3150 ς’,
962 3086 1056 3138 καὶ
1082 3087 1171 3139 διά
1214 3086 1305 3139 τὸν
1374 3087 1542 3156 φόϐον
1575 3088 1671 3141 τοῦ

88 3174 325 3228 θανάτου
358 3176 599 3247 συνήχθη
626 3177 754 3241 λαὸς
785 3178 973 3241 πολύς.

1789 977 1887 1029 hoc
1910 976 2103 1043 legitur
2134 972 2337 1040 scripto
2364 972 2739 1040 consignatum
2773 970 2827 1023 in
2855 970 3009 1023 libris
3035 968 3253 1023 vestris.
3284 968 3378 1021 Al-

1788 1075 1869 1120 ter
1909 1080 2033 1119 vero
2062 1063 2457 1117 Multammedis
2514 1062 2816 1116 avunculus
2861 1060 3152 1116 Abutsales
3204 1061 3378 1114 astitit

1784 1161 1966 1222 etiam,
2000 1168 2051 1213 et
2088 1174 2145 1212 se
2182 1156 2325 1209 nullo
2349 1157 2509 1210 modo
2563 1157 2902 1210 crediturum
2964 1155 3200 1208 asseruit
3263 1154 3369 1208 nisi

1786 1254 2001 1321 aliquod
2036 1252 2226 1305 saltem
2268 1250 2349 1303 vel
2393 1248 2725 1302 levissimum
2779 1248 2985 1300 videret
3019 1245 3368 1300 miraculum.

1789 1345 1902 1400 Hoc
1931 1345 2072 1414 quod
2106 1344 2427 1397 facillimum
2464 1350 2547 1394 est
2577 1354 2705 1407 rogo
2738 1346 2794 1391 ut
2818 1338 3007 1393 facias.
3038 1338 3184 1392 Dicis
3214 1339 3362 1406 quod

1786 1441 1946 1491 unico
1981 1452 2139 1506 passu
2170 1436 2339 1489 cmlos
2366 1443 2519 1501 potes
2554 1431 2873 1493 ascendere,
2906 1439 2959 1483 et
3000 1429 3155 1482 unica
3202 1428 3362 1497 plan-

1787 1540 1960 1583 tarum
1985 1531 2330 1583 excussioue.
2366 1525 2565 1579 Attolle
2598 1539 2730 1594 ergo
2770 1534 2821 1577 te
2874 1524 3052 1591 ipsum
3112 1535 3176 1573 ex
3228 1531 3373 1574 terra

1787 1624 1840 1675 in
1874 1622 2066 1684 altum,
2105 1628 2158 1672 et
2194 1621 2268 1673 sis
2319 1620 2390 1672 ita
2424 1616 2692 1685 pendulus
2724 1615 2778 1668 in
2809 1630 2935 1667 aere
2998 1630 3026 1666 a
3090 1622 3235 1667 terra
3292 1612 3373 1666 di-

1790 1722 1941 1766 stans
1974 1713 2329 1781 spatiotrium
2357 1709 2659 1779 palmorum
2691 1717 2747 1760 ιιι
2781 1707 2983 1775 possim
3018 1706 3118 1757 sub
3145 1704 3373 1771 pedibus

1785 1805 2100 1873 tuiszeusem
2135 1820 2310 1856 meum
2351 1817 2571 1855 movere
2601 1810 2654 1855 et
2687 1800 2913 1866 agitare.
2946 1796 3099 1860 Quod
3130 1796 3176 1849 si
3228 1794 3370 1849 fece-

1793 1898 1889 1958 ris,
1919 1896 2099 1950 omnia
2138 1908 2256 1963 qua:
2290 1909 2477 1947 narras
2507 1910 2534 1945 a
2559 1890 2911 1961 pt-incipinad
2947 1891 3132 1949 tinem,
3166 1886 3370 1940 ﬁrmis-

1784 1988 1917 2040 sima
1955 1988 2058 2040 (ide
2114 1986 2451 2038 hauriemus.
2493 1983 2692 2036 Videtis
2727 1997 2859 2035 vero
2906 1977 3253 2032 Muhammcd
3283 1979 3370 2028 in-

1783 2079 2163 2133 credulitatem
2199 2076 2474 2139 avunculi,
2502 2088 2558 2128 et
2586 2087 2646 2128 se
2693 2073 2834 2127 nulla
2875 2073 2961 2126 via
3016 2070 3157 2123 elabi
3186 2083 3370 2137 posse,

1784 2171 2039 2224 clamavit
2069 2173 2133 2223 ad
2168 2170 2423 2237 populum
2452 2185 2466 2222 :
2508 2166 2823 2229 Abutsaics,
2880 2165 3096 2220 etiamsi
3130 2179 3372 2219 avuncuo

1715 2244 1756 2298 Β
1789 2264 1873 2316 lus
1904 2278 2079 2327 mens,
2112 2262 2294 2315 statim
2331 2268 2504 2314 morte
2539 2259 2832 2328 plectatur.
2862 2258 3206 2327 Begerebant
3230 2256 3363 2309 inter

1782 2356 2031 2425 pOpulum
2059 2356 2416 2425 sapientiores
2444 2371 2457 2407 :
2496 2352 2552 2407 Si
2580 2353 2766 2421 aliqud
2794 2352 2944 2419 pravi
2971 2350 3172 2403 excidit
3200 2363 3371 2402 avun-

1781 2450 1901 2503 culo
1937 2458 2045 2510 tuo,
2092 2447 2428 2515 quareillum
2456 2460 2561 2498 nou
2593 2445 2833 2497 mones?
2867 2442 2910 2495 si
2962 2456 3093 2495 vero
3134 2443 3271 2493 bene
3315 2448 3373 2492 et

1792 2557 1919 2595 vere
1981 2542 2195 2594 locutus
2251 2548 2354 2602 est,
2382 2552 2555 2607 quare
2593 2537 2934 2604 iniquissima
2964 2532 3232 2587 sententia
3284 2532 3369 2584 vis

1781 2634 1934 2687 illum
1963 2649 1992 2685 a
2018 2632 2215 2701 populo
2248 2629 2530 2685 trucidari.
2553 2626 2781 2681 Plurimi
2807 2641 2955 2688 vero,
2989 2640 3136 2679 mera
3173 2622 3360 2675 stulti.

1782 2725 1870 2777 tia:
1903 2732 1956 2777 et
1990 2724 2275 2777 denteutize
2308 2721 2539 2775 ludibria
2566 2720 2863 2774 clamarqu
2897 2736 2909 2773 :
2941 2715 3079 2769 Vera
3121 2714 3364 2783 loquitur

1784 2816 2243 2883 l’rupbuta,quod
2302 2814 2613 2869 testimonio
2667 2827 2767 2867 suo
2818 2811 2982 2864 etiam
3033 2808 3357 2875 comprobat

1774 2906 1919 2961 illius
1946 2906 2053 2960 tilia
2080 2908 2355 2971 Pbatima,
2390 2921 2511 2975 qua:
2545 2906 2694 2959 illum
2732 2904 2866 2957 vidit
2892 2903 2943 2956 iu
2962 2902 3132 2957 C(BIOS
3160 2913 3352 2952 ascen-

1775 3000 2016 3053 dentem.
2058 2998 2209 3053 Uude
2266 3000 2480 3051 animos
2524 3000 2749 3064 capiens
2778 2993 3121 3049 .‘dubnmmed
3173 3005 3363 3046 ensem

1771 3094 2080 3161 evaginavit
2111 3102 2301 3145 contra
2335 3090 2660 3143 avunculum
2685 3102 2864 3149 suum,
2896 3096 2950 3141 et
2981 3086 3127 3140 illius
3182 3098 3367 3139 exent-

1772 3184 1859 3253 plo
1910 3194 2198 3237 commotae
2251 3182 2425 3236 turbae
2486 3180 2697 3235 strictis
2749 3180 2913 3232 etiam
2959 3175 3157 3245 gladiis
3220 3172 3369 3227 illius

86 3269 425 3322 avunculum
494 3267 851 3324 confoderunt
894 3278 949 3322 ct
990 3284 1117 3322 cum
1173 3268 1265 3322 illo
1318 3270 1519 3325 multos
1564 3271 1699 3325 alios
1768 3274 1933 3327 etiam
1986 3274 2352 3327 trucidarunt.
2417 3273 2497 3326 An
2552 3282 2608 3325 tu
2668 3280 2845 3338 potes,
2880 3268 3351 3329 oMusultuanne,

88 3362 271 3428 palam
296 3358 474 3416 facere
494 3376 577 3415 me
603 3362 817 3416 mentiri
841 3361 923 3415 vel
949 3377 1079 3415 non.
1106 3360 1171 3414 Et
1203 3363 1271 3416 ab
1300 3363 1391 3417 illo
1417 3375 1658 3432 tempore
1696 3366 1763 3420 ad
1800 3382 1944 3422 nunc
1977 3384 2175 3437 usque,
2232 3368 2398 3423 istam
2464 3367 2754 3421 barbaram
2825 3361 3207 3419 disseminavit
3261 3361 3360 3414 do-

87 3454 328 3506 ctrinam
354 3471 367 3507 :
392 3454 447 3506 Si
486 3457 612 3523 quis
642 3470 745 3507 non
775 3454 962 3508 credat
991 3466 1045 3508 et
1106 3455 1429 3512 coutiteatur
1464 3456 1894 3516 Multammedem
1922 3462 2229 3531 apostolum
2276 3462 2372 3516 Dei
2415 3476 2538 3516 esse
2582 3469 2637 3514 et
2668 3458 3009 3527 prophetam,
3042 3456 3219 3527 gladio
3247 3463 3362 3509 sta-

89 3549 191 3600 tim
216 3547 569 3599 interintatnr.
602 3544 713 3599 lloc
739 3560 868 3599 vero
899 3546 1130 3601 obtinuit
1166 3564 1262 3617 per
1304 3568 1476 3606 annos
1534 3567 1651 3617 sex,
1693 3563 1747 3607 et
1781 3563 1927 3609 metu
2001 3557 2192 3610 mortis
2250 3555 2404 3608 multi
2465 3554 2776 3625 congregati
2832 3564 2961 3607 sunt
3014 3553 3106 3621 qui
3165 3560 3358 3621 partes

88 3638 485 3695 Muhainmedis
517 3638 762 3692 foverent
811 3648 867 3691 et
902 3647 1207 3692 tuerentur.

161 3732 274 3785 Kal
309 3730 641 3792 ἀκούσαντες
683 3733 731 3783 οἱ
773 3730 986 3784 ἐκεῖθεν
1027 3733 1326 3803 Ἀρραϐες,
1361 3735 1443 3789 ὅτι
1479 3735 1643 3789 άδίκω

1879 3738 2007 3805 ξιιοά
2033 3754 2155 3793 cum
2187 3738 2528 3793 audivissent
2569 3737 2777 3793 Arabes
2818 3738 2891 3791 ibi
2947 3745 3361 3792 commorantes

85 3826 252 3895 γάνει
278 3825 368 3877 τὸν
412 3824 678 3885 λαὸν,καὶ
737 3823 1087 3893 συνήχθησαν
1146 3826 1348 3894 πλῆθος
1382 3827 1541 3890 πολὺ,
1584 3829 1677 3881 καὶ

83 3917 258 3991 ἦλθον
294 3914 435 3968 κατὰ
465 3915 619 3968 πάνω
646 3913 755 3967 τῶν
782 3914 1199 3972 πιστευσάντων
1224 3917 1316 3969 τὸν
1352 3919 1674 3990 Μουχάμετ,

88 4008 195 4061 καὶ
223 4006 518 4070 ὲτζάκισαν
547 4004 741 4067 αὐτοὺς
763 4004 850 4058 διὰ
884 4004 1125 4076 πολέμου
1158 4009 1251 4059 καὶ
1282 4011 1566 4080 καμηλῐων
1598 4015 1677 4075 εἰς

84 4102 200 4171 γῆν
222 4099 467 4167 Μαδιάμ.
487 4098 598 4151 Kal
619 4097 802 4166 φυγὼν
832 4099 859 4150 6
876 4098 1177 4169 Μουχάμετ
1208 4095 1365 4170 εὗρεν
1391 4104 1672 4172 σπήλαιον,

85 4195 191 4246 καὶ
230 4189 459 4261 διεσώθη
497 4189 661 4260 μέσον
688 4189 1009 4261 νυχθήμερα
1036 4192 1181 4261 τρία.
1228 4192 1335 4244 Καὶ
1378 4195 1443 4246 σὺ
1496 4194 1677 4261 λέγεις

83 4283 504 4354 αἰσχυνόμενος,
532 4282 616 4335 ὅτι
642 4282 699 4335 ὲν
741 4282 845 4352 μιᾷ
894 4284 1034 4352 ῥοπῇ
1071 4283 1391 4355 ὲσκεπάσθη
1443 4286 1548 4337 ὑπὸ
1578 4287 1676 4354 τῆς

99 4380 399 4451 Ἀράχνης.
432 4378 542 4431 Καὶ
586 4376 825 4443 γίνωσκε
858 4377 939 4429 ὅτι
974 4378 1151 4429 πάντα
1192 4372 1309 4430 οἶδα
1337 4378 1404 4429 τά
1428 4378 1675 4449 φλυαρήο

88 4474 245 4545 ματά
273 4490 387 4537 σου,
418 4473 511 4524 καὶ
534 4471 785 4539 παριστῶ
817 4487 897 4523 σοι
936 4471 1099 4525 αὐτά.
1130 4467 1295 4535 Αὖθις
1322 4472 1515 4536 νυκτὸς
1544 4472 1677 4541 ἐφυ-

83 4586 189 4638 γεν
211 4567 239 4618 ό
260 4567 580 4637 Μουχάμετ,
619 4566 714 4618 καὶ
745 4564 993 4636 εἰσῆλθεν
1025 4569 1104 4630 εἰς
1142 4568 1202 4619 τὸ
1244 4567 1409 4638 ῥηθὲν
1439 4569 1675 4640 κάστρον

86 4659 189 4710 καὶ
227 4655 591 4724 ἐναπομείνας
628 4653 756 4715 λαὸς
803 4653 1181 4722 ἠκολούθησαν
1222 4656 1270 4706 oi
1300 4655 1396 4708 καὶ
1448 4656 1675 4708 πιστεύ-

88 4767 285 4819 σαντες
315 4749 495 4803 ανῦτὸν.
535 4745 801 4816 Εἰσῆλθεν
826 4742 918 4799 οὖν
959 4748 988 4798 6
1025 4747 1326 4816 Μουχάμετ
1380 4748 1460 4809 εἰς
1503 4748 1676 4818 ὀσπή-

82 4858 225 4897 τιον,
259 4841 352 4893 καὶ
382 4838 588 4908 ἐκρύϐη
618 4838 726 4890 ἀπὸ
748 4836 845 4889 τοῦ
877 4838 1046 4906 φόϐου
1075 4839 1183 4891 τῶν
1227 4840 1534 4911 Ἀρῤά6ων.
1568 4835 1671 4894 Εὗ-

88 4950 185 5003 ρον
217 4932 272 4983 δὲ
296 4931 385 4983 τὸν
411 4932 552 4983 θεῖον
592 4929 755 4982 αὐτοῦ
786 4929 847 4982 τὸ
884 4930 1263 5000 Ἀποπάκρην,
1301 4932 1395 4984 καὶ
1426 4932 1665 5003 ἐκράτη-

86 5042 194 5077 σαν
208 5021 585 5087 α·ἰτδν,Δείξον
616 5023 767 5090 ἡμῖν,
796 5020 1069 5088 λέγοντες,
1096 5020 1187 5073 τὸν
1211 5023 1534 5091 Μουχάμετ.
1563 5024 1673 5075 Kal

1780 3833 1925 3902 quod
1949 3831 2204 3885 nimirum
2242 3844 2350 3885 tam
2380 3832 2580 3901 injuste
2643 3831 2850 3899 pcriret
2898 3837 3079 3883 tantus
3133 3828 3362 3898 popula-

1779 3925 1920 3978 rium
1952 3936 2231 3989 numerus,
2267 3923 2409 3977 inter
2434 3940 2492 3979 se
2512 3930 2958 3980 conveneruntet
2975 3922 3191 3990 agmine
3211 3920 3364 3977 facto

1780 4015 2055 4069 irrueruut
2086 4016 2137 4069 in
2171 4015 2573 4069 Multammedis
2638 4024 2958 4073 sectatores.
3021 4028 3160 4081 quos
3218 4013 3365 4067 bello

1777 4119 1833 4161 et
1853 4108 2185 4160 camelorum
2221 4108 2532 4161 ministerio
2587 4105 2867 4174 fregerunt
2912 4118 2967 4159 et
3000 4103 3358 4173 proﬂigarunt

1778 4200 1832 4253 in
1860 4210 1997 4252 terra
2030 4200 2274 4252 Madiau.
2304 4198 2537 4265 Fugieus
2567 4213 2694 4252 vero
2749 4197 3094 4251 Mahammed
3152 4197 3362 4250 invenit

1778 4291 2114 4360 speluncam,
2145 4291 2198 4343 in
2232 4306 2337 4358 qua
2378 4304 2472 4357 per
2542 4297 2654 4342 tres
2694 4288 2808 4342 dies
2841 4300 2897 4341 et
2947 4296 3136 4342 noctes
3174 4288 3369 4341 delite-

1778 4398 1938 4437 scens
1970 4383 2185 4435 tandem
2232 4382 2415 4435 salvus
2444 4380 2638 4435 evasit.
2669 4378 3037 4433 inverecunde
3063 4391 3199 4434 vero
3228 4379 3366 4434 dicis

1779 4476 1920 4545 quod
1958 4474 2008 4527 in
2041 4483 2208 4527 antro
2250 4472 2319 4526 ob
2345 4472 2643 4541 periculmn
2682 4472 2854 4525 luteus
2885 4486 3101 4526 aranea:
3125 4470 3231 4525 tela
3261 4471 3366 4525 ob-

1778 4571 1973 4623 ductus
2003 4567 2183 4620 fuerit.
2223 4564 2374 4620 Unde
2432 4573 2585 4634 potes
2635 4577 2973 4633 cognoscere
3017 4563 3149 4616 mibi
3208 4577 3363 4616 com-

1778 4670 1930 4730 perta
1970 4674 2088 4714 esse
2114 4660 2295 4713 omnia
2332 4669 2422 4711 tua
2472 4657 2689 4720 deliria,
2725 4665 2780 4711 et
2822 4672 2907 4710 me
2940 4656 3027 4708 illa
3099 4654 3192 4708 tibi
3247 4655 3364 4709 sin-

1778 4770 1901 4809 cere
1926 4763 2338 4821 reprmseutare.
2371 4752 2578 4805 Rursus
2611 4765 2741 4805 vero
2788 4750 2921 4819 fugit
2971 4747 3346 4809 Muhautmed,

1776 4855 1832 4902 et
1870 4848 2147 4917 ingressus
2176 4855 2261 4898 est
2303 4847 2493 4899 urbem
2528 4858 2620 4897 seu
2670 4852 2910 4897 castrum
2972 4839 3218 4909 aliquod,
3255 4854 3364 4891 una

1779 4955 1901 4994 cum
1978 4938 2190 4999 turbis,
2244 4952 2364 5004 quae
2434 4935 2577 4989 illius
2629 4936 2883 5004 dogmata
2945 4932 3105 4984 nimis
3176 4929 3366 4984 faciles

1778 5031 2140 5087 crediderant.
2203 5029 2484 5099 Ingressus
2539 5039 2624 5081 εει
2674 5040 2805 5095 ergo
2856 5023 3222 5079 diversorium
3267 5038 3363 5077 seu

84 5114 243 5169 εἶπεν
270 5115 455 5174 αὐτοῖς
481 5114 510 5165 ό
551 5114 908 5181 Ἀποπάκρης
939 5112 1055 5182 μεθ’
1085 5112 1272 5183 ὅρκον·
1304 5114 1396 5167 Μὰ
1416 5090 1512 5167 τὸν
1540 5115 1566 5165 Ε

1884 5125 2072 5193 pitiuut
2133 5131 2185 5175 et
2258 5131 2400 5175 metu
2495 5120 2686 5173 mortis
2752 5132 2918 5187 quam
3012 5116 3223 5169 Arabes
3286 5113 3362 5166 illi

81 5206 249 5277 ἡμῶν
278 5206 367 5259 τὸν
408 5203 662 5259 ἐλεοῦντα
714 5208 808 5257 καὶ
841 5204 1157 5274 ἑλεημένον,
1206 5207 1293 5257 ἵνα.
1339 5207 1535 5273 ὑπάγω
1577 5209 1670 5260 καὶ

82 5300 238 5369 εὕρω
271 5299 453 5362 αὑτὸν,
486 5302 580 5352 ἐάν
618 5314 684 5367 με
736 5298 1065 5369 ἀπολύσητε,
1104 5304 1196 5352 καὶ
1230 5300 1380 5369 δήσω
1423 5301 1584 5353 αὑτὸν
1613 5300 1673 5365 ἐξ

82 5389 376 5459 ἀγκώνων,
409 5390 503 5442 καὶ
533 5388 684 5459 φέρω
726 5389 859 5456 προς
886 5390 1052 5458 ὑμᾶς.
1095 5390 1293 5442 Ἐλθὼν
1326 5386 1418 5442 οὖν
1444 5392 1471 5443 6
1510 5390 1670 5441 Ἀπο-

82 5486 310 5554 πάκρης
334 5482 579 5553 εἰσῆλθεν
613 5483 692 5545 εἰς
712 5483 800 5533 τὸν
830 5481 1148 5551 Μουχάμετ,
1170 5488 1262 5535 καὶ
1289 5478 1672 5547 εἷπεν,⁷η).θον

83 5577 225 5647 πρὸς
260 5576 317 5628 σὲ
345 5575 436 5628 τοῦ
475 5576 705 5645 ἐπάρειν
740 5591 798 5625 σε
833 5574 891 5639 ἐξ
924 5575 1188 5643 ἀγκώνων
1223 5576 1530 5643 δεδεμένον,
1578 5578 1673 5629 καὶ

83 5671 322 5736 ἀγαγεῖν
358 5684 414 5719 σε
442 5668 520 5730 εἰς
551 5670 673 5729 τοὺς
718 5664 1024 5735 Ἂρῥαὸας.
1066 5669 1172 5719 Καὶ
1201 5669 1440 5731 ἀναστάς
1463 5672 1490 5720 6
1523 5670 1670 5721 Μου-

87 5763 269 5835 χρμετ
310 5760 704 5831 ἔνη-(καλεσατρ
755 5758 935 5821 αὑτὸν,
988 5761 1081 5810 καὶ
1132 5760 1388 5829 ἕσφιγξεν
1447 5760 1667 5831 τφῦδρα,

1780 5229 1984 5272 certam
2015 5216 2361 5285 intentabant
2407 5213 2480 5267 ibi
2527 5214 2614 5264 diu
2650 5212 2829 5266 latuit.
2866 5210 3197 5263 Invenerunt
3232 5222 3365 5261 vero

1782 5309 1871 5363 isti
1905 5308 2110 5361 Arabes
2136 5307 2304 5360 alium
2367 5304 2767 5357 Multatnmedis
2815 5301 3152 5355 avunculum
3214 5299 3366 5353 Abu-

1772 5401 2053 5461 bakerum,
2088 5401 2289 5467 illoque
2317 5404 2569 5463 correpto
2617 5394 2876 5449 dixerunt
2910 5411 2924 5449 :
2961 5392 3145 5448 Indica
3209 5390 3366 5445 nobis

1773 5490 1859 5543 ttbi
1900 5489 2059 5541 lateat
2087 5486 2488 5541 iiuhautmedes
2512 5502 2527 5547 ;
2550 5483 2688 5536 dixit.
2722 5483 3014 5539 Abubaker
3050 5497 3174 5537 cum
3201 5480 3365 5551 jura-

1773 5588 1958 5633 meuto
1988 5595 2002 5631 :
2038 5578 2093 5631 Si
2133 5593 2217 5631 me
2258 5575 2582 5638 dimittatis,
2634 5575 2678 5628 si
2718 5573 3159 5628 Multammcdem
3212 5572 3365 5627 inve-

1774 5670 1941 5733 niam,
1985 5683 2080 5736 pcr
2121 5666 2289 5721 Deum
2360 5666 2741 5719 miseratercm
2804 5676 2857 5717 et
2931 5662 3363 5730 misericordem,

1772 5760 1920 5815 illum
1954 5759 2204 5815 manibus
2238 5768 2288 5814 et
2322 5756 2560 5813 brachiis
2591 5757 2832 5811 viuctttzn
2854 5754 2920 5809 ad
2950 5769 3044 5808 vos
3072 5752 3362 5811 deducam.
