3978 6238
386 308 394 313 ”
432 305 564 375 1435
1570 313 2133 373 ΒΑΒΤΙΙΟωΜΕΙ
2178 312 2550 373 EDESS'ENI
3552 310 3691 376 1430

427 420 732 489 Venitergo
756 421 1050 477 Abnbaker
1083 426 1150 479 ad
1178 422 1703 490 Mnhammedcm,et
1726 426 1798 479 illi
1829 427 1992 480 dixit:

2106 422 2247 477 ὥστε
2275 423 2693 494 ὀλιγοθύμησεν.
2721 422 2832 476 Καὶ
2860 417 3012 475 εἴπεν
3058 420 3209 493 αὺτῷ
3245 425 3274 477 6
3311 424 3689 495 Ἀποπάκρηςο

424 514 491 567 ad
529 523 578 567 te
610 514 842 579 accessi,
876 526 933 569 ut
965 525 1015 572 te
1044 518 1284 574 brachiis
1346 516 1588 571 vinctmn
1643 524 1701 571 et
1772 519 1992 572 constri-

2118 516 2395 587 Ἐλέησον,
2450 511 2495 570 ὧ
2535 515 2687 570 δοῦλε
2740 516 2837 570 τοῦ
2872 515 3031 569 Θεοῦ’
3072 516 3168 569 νῦν
3224 518 3334 588 γάρ
3376 517 3569 585 ἔγνων,
3605 518 3691 571 ὅτι

422 614 575 657 ctum
649 606 715 658 ad
775 607 989 661 Arabas
1072 610 1449 677 perducerem.
1514 606 1823 675 Exsurgens
1881 621 1992 663 verr

2103 608 2392 676 προφήτης
2414 601 2466 659 εἴ
2489 608 2575 669 σὺ,
2602 606 2697 659 καὶ
2722 605 3021 670 ἀπόστολος
3044 605 3203 661 Θεοῦ.
3226 607 3335 661 Καὶ
3356 602 3511 660 εἶπεν
3537 607 3691 678 αὐτῷ

426 693 791 763 Muhantmed,
827 699 1210 752 Abubakerum
1251 699 1397 753 ulnis
1441 708 1498 752 et
1536 697 1776 751 brachiis
1844 712 1992 752 com-

2101 704 2128 757 6
2156 704 2480 774 Μουχὰμετ·
2526 700 2654 756 Ἐὰν
2691 701 3001 771 ἀληθεύεις,
3046 702 3392 772 ’Λποπάκρη,
3425 700 3689 773 ἐνωθήσει

425 789 614 855 plexus
641 800 728 843 est
768 800 822 845 et
863 791 934 845 ita
986 793 1341 846 vehementer
1399 792 1548 845 illum
1603 791 1903 858 stringebat
1949 799 1992 845 et

2101 795 2197 847 ml.
2219 795 2282 847 σὺ
2316 796 2433 865 μετ’
2468 794 2628 862 ἐμοῦ.
2658 794 2771 849 Kal.
2794 788 2952 846 εἷπεν
2982 794 3011 846 6
3054 794 3408 865 Ἀποπάκρης
3437 792 3517 863 τῷ
3536 794 3690 847 Μου-

424 882 923 947 comprimebat,ut
974 882 1084 949 jam
1154 884 1323 938 animi
1375 883 1673 951 deliquium
1722 883 1992 937 videretur

2101 885 2295 956 κάμεν
2335 886 2734 958 Ἀρματώθητι
2767 885 2907 956 μετά
2937 883 3031 939 τοῦ
3081 883 3214 939 λαοῦ
3269 902 3387 950 σου,
3435 886 3531 939 καὶ
3564 883 3690 938 ἐλθέ

425 986 711 1039 passurus.
738 974 1043 1044 Regerebat
1074 992 1202 1047 ergo
1222 976 1511 1031 Abubaker
1536 994 1549 1031 :
1577 975 1840 1031 Miserere
1868 975 1992 1041 mei,

2112 978 2229 1049 μετ’
2260 976 2416 1047 ἐμοῦ,
2452 977 2603 1037 ὅπως
2632 975 2997 1046 ἐξαφήσωμεν
3024 973 3248 1042 αὐτοὺς,
3278 974 3360 1028 ὅτι
3389 974 3693 1045 ἀμέριμνοί

424 1064 798 1129 potentissime
834 1068 927 1121 Dei
968 1083 1145 1131 serve,
1184 1085 1325 1123 nunc
1372 1084 1473 1140 ego
1507 1083 1747 1137 agnosco
1774 1076 1827 1121 te
1868 1080 1992 1123 esse

2104 1069 2261 1133 εἰσιν,
2292 1068 2387 1121 καὶ
2412 1065 2839 1138 ἀρματώθησαν.

422 1157 739 1225 prophetam
765 1162 1138 1231 etapostolum
1168 1161 1283 1216 Dei.
1321 1161 1396 1215 Illi
1428 1176 1555 1217 vero
1585 1162 1664 1215 sic
1729 1160 1851 1214 iniit
1891 1159 2236 1215 Multammed
2274 1179 2287 1216 :
2333 1158 2389 1214 Si
2429 1176 2555 1213 vera
2604 1160 2764 1223 dicis,
2834 1173 2869 1211 ο
2921 1154 3233 1220 Abubaker,
3251 1171 3446 1225 operas
3474 1165 3526 1207 et
3552 1170 3691 1206 ron-

422 1250 539 1301 silia
576 1261 760 1305 nostra
788 1254 949 1307 simul
994 1255 1245 1307 nniamus
1275 1264 1327 1306 et
1358 1254 1650 1308 sociemus.
1686 1252 1833 1306 Dixit
1899 1268 2030 1305 vero
2068 1251 2353 1307 Abubaker
2384 1269 2398 1307 :
2436 1253 2603 1307 Arma
2634 1265 2861 1322 capesse
2894 1265 3017 1305 cum
3070 1248 3264 1319 populo
3312 1258 3407 1303 tuo
3454 1259 3511 1302 et
3558 1246 3688 1301 veni

422 1355 631 1393 ιηιϊιιηι
668 1352 723 1394 ttt
752 1345 959 1399 Arabas
983 1345 1279 1408 deleamus,
1307 1345 1381 1399 illi
1408 1345 1606 1414 quippe
1650 1355 1777 1398 sunt
1828 1342 2086 1411 imparati
2122 1350 2178 1397 et
2207 1344 2321 1397 otio
2352 1345 2572 1413 sepulti.

491 1430 765 1486 Continuo
797 1449 927 1503 ergo
953 1436 1017 1489 ad
1045 1451 1194 1489 arma
1217 1443 1601 1504 proruperunt,
1636 1431 2001 1489 etAbnbaker

423 1539 545 1574 rum
584 1523 966 1579 Multammede
989 1527 1169 1581 subita
1203 1525 1506 1594 irruptione
1542 1525 1823 1596 fregerunt
1864 1527 2003 1576 Ara-

427 1615 542 1676 bas,
578 1624 632 1668 et
668 1618 736 1669 ab
762 1617 855 1670 illo
884 1628 1123 1685 tempore
1186 1618 1357 1672 victor
1402 1631 1621 1684 semper
1662 1615 1859 1670 evasit.
1908 1612 2001 1669 Vi-

2172 1430 2371 1486 Λαϐὼν
2421 1428 2513 1485 οὖν
2569 1433 2599 1485 6
2665 1431 3022 1501 ’Λποπάκρης
3071 1428 3164 1482 τὸν
3218 1428 3540 1500 Μουχάμετ,
3591 1429 3689 1484 καὶ

2104 1523 2349 1593 ἀπῆλθον
2402 1524 2540 1595 πρὸς
2593 1524 2721 1586 τοὺς
2785 1521 3093 1593 ’Λρραϐας,
3135 1523 3230 1574 καὶ
3269 1520 3523 1591 ἐνίκησεν
3586 1523 3692 1576 ἀπ’

2107 1616 2324 1685 ἐκείνης
2360 1616 2460 1685 τῆς
2504 1614 2676 1686 ὥρας.
2742 1614 2962 1677 Ἰδόντες
3020 1614 3049 1666 6
3086 1612 3216 1676 λαὸς
3263 1613 3356 1666 τὸν
3389 1613 3694 1683 Ἀίουχάμετ

424 1706 613 1761 dentes
643 1723 769 1761 vero
796 1711 963 1763 turba:
996 1709 1429 1764 llluhantmedem
1460 1710 1659 1778 ubique
1685 1747 1689 1752 -
1711 1710 1991 1769 victorem,

2101 1710 2416 1780 νικήσαντα,
2445 1707 2703 1779 ἐμαζώθη
2764 1706 2933 1768 πολὺς
2961 1705 3108 1771 λαὸς,
3157 1706 3254 1758 καὶ
3289 1704 3694 1774 ἐφουσάτευσεν

422 1798 489 1849 ad
531 1796 680 1849 illum
719 1798 913 1863 majori
933 1800 1086 1868 cepia
1128 1799 1179 1853 in
1212 1798 1328 1854 dies
1358 1798 1760 1854 conﬂuxerunt.
1793 1798 1996 1853 Etlllu-

423 1888 671 1942 hammed
704 1891 770 1943 de
800 1906 940 1945 novo
967 1907 1030 1944 ex
1063 1890 1372 1959 junioribus
1426 1902 1483 1946 et
1507 1894 1997 1960 prmstantioribns,

419 1980 721 2034 exercitum
755 1983 1099 2051 conscripsit,
1131 1993 1186 2038 et
1240 1984 1467 2039 veniens
1507 1984 1746 2039 Meecam
1805 1984 1995 2053 prnlli-

420 2074 569 2139 gavit
597 2075 829 2141 Arabas,
866 2086 919 2130 et
954 2078 1144 2131 urbem
1196 2087 1251 2133 et
1301 2095 1482 2134 arcem
1513 2080 1867 2150 expugnavit.
1910 2078 1999 2134 Vi-

421 2165 573 2219 ribus
620 2181 751 2221 vcro
789 2169 966 2222 auctis
1015 2183 1207 2222 onmes
1251 2171 1700 2237 circumjacentes
1751 2170 2000 2238 regiones

419 2258 728 2327 m-cnpavit.
763 2258 831 2312 Et
865 2259 1035 2325 legem
1088 2261 1206 2315 ﬁxit
1248 2276 1353 2329 qua
1406 2262 1784 2326 sanciebatur,
1844 2272 1903 2316 ut
1954 2263 1996 2315 si

419 2348 543 2416 quis
578 2348 1011 2405 Mnhammedem
1074 2354 1395 2421 prepltetam
1429 2363 1483 2405 et
1538 2354 1847 2421 apostolum
1902 2354 1997 2408 Dei

417 2454 525 2491 non
552 2440 924 2507 conﬁteretur,
961 2445 1146 2497 statim
1182 2457 1358 2498 morte
1383 2445 1737 2514 plecteretur,
1772 2456 1827 2498 et
1851 2456 1997 2499 metu

417 2532 605 2585 mortis
630 2536 1071 2589 numerosissima
1099 2537 1380 2590 turbarum
1401 2539 1579 2606 c0pia,
1610 2537 1755 2591 illius
1800 2537 1995 2591 vexilla

416 2626 769 2694 sequebatur,
806 2636 860 2679 et
892 2620 1069 2682 illiut!
1090 2628 1395 2682 doctrinam
1435 2630 1883 2699 amplectebatur.
1907 2629 1998 2683 Sic

414 2717 595 2770 varias
637 2719 876 2773 Arabum
910 2721 1095 2789 plagas
1124 2729 1178 2774 et
1215 2721 1377 2776 urbes
1405 2724 1713 2789 oceupavit,
1750 2721 1997 2775 tandem-

414 2822 519 2871 que
549 2811 795 2875 pervenit
822 2811 886 2863 ad
930 2811 1107 2864 locum
1147 2813 1367 2867 nomine
1406 2812 1743 2877 'l‘sumtsum,
1790 2815 1840 2867 id
1889 2821 1992 2878 est,

414 2907 606 2964 puteus
642 2902 962 2967 profundus.
997 2899 1158 2954 Juxta
1193 2917 1321 2955 vero
1347 2914 1567 2971 puteum
1590 2916 1708 2956 erat
1737 2908 1870 2957 urbs
1894 2920 1990 2958 seu

415 2999 656 3041 vast-rum
694 2992 909 3047 nomine
938 2993 1176 3059 Snsaita,
1206 2994 1253 3045 id
1294 3004 1395 3057 est,
1435 2994 1570 3063 lapis
1599 2996 1753 3064 niger
1783 3006 1838 3050 et
1895 2997 1989 3049 ob-

2102 1801 2165 1853 ἐκ
2204 1800 2338 1853 νέων
2370 1801 2399 1853 6
2451 1799 2751 1868 Μουχάμετ
2805 1797 3100 1851 κατεπάνω
3161 1813 3311 1861 τους,
3363 1797 3458 1850 καὶ
3518 1795 3695 1850 ἐλθὼν

2100 1892 2181 1953 εἰς
2216 1888 2309 1942 τὸν
2336 1889 2504 1942 Μακᾶ
2533 1886 2821 1951 ἐτζάκισεν
2853 1887 2980 1948 τοὺς
3029 1884 3335 1955 ’Λρῤαϐας,
3369 1882 3465 1936 καὶ⁵
3493 1882 3695 1936 ἀνελά-

2101 1978 2227 2032 ϐετο
2253 1978 2314 2031 τὸ
2349 1977 2606 2048 κάστρον.
2666 1978 2775 2030 Καὶ
2808 1974 3211 2045 ἐνεδυναμώθη,
3247 1976 3343 2027 καὶ
3392 1973 3583 2026 ἐλαϐεν
3620 1972 3694 2027 τὰ.

2101 2072 2404 2142 περίχωρα,
2461 2069 2557 2123 καὶ
2598 2067 3011 2139 ἐνομοθέτησεν·
3046 2066 3241 2130 Ὅστις
3302 2067 3363 2121 οὐ
3418 2065 3566 2135 λέγει
3598 2067 3693 2119 τὸν

2099 2163 2405 2233 Μουχάμετ
2443 2164 2729 2231 προφήτην
2753 2161 2848 2213 καὶ
2908 2159 3230 2221 ἀπόστολον,
3262 2157 3481 2228 θανάτῳ
3510 2158 3693 2210 τελευ-

2098 2258 2280 2326 τήσει.
2311 2256 2420 2308 Kal
2442 2255 2530 2308 διὰ
2550 2253 2641 2306 τὸν
2666 2253 2834 2324 φόϐον
2854 2253 2951 2307 τοῦ
2987 2253 3220 2307 Θανάτου
3248 2252 3415 2316 πολὺς
3450 2251 3690 2323 ἀριθμὸς

2100 2348 2315 2415 ἐγένετο
2374 2347 2495 2417 μετ’
2552 2346 2742 2411 αὑτοῦ,
2788 2348 2885 2399 καὶ
2939 2346 3265 2399 ἐπίστευσεν
3331 2346 3516 2400 αὐτόν.
3576 2348 3691 2400 Καὶ

2098 2441 2291 2495 ἔλαϐεν
2316 2441 2529 2512 κὰστρη
2553 2440 2649 2495 καὶ
2668 2440 2854 2510 χώρας
2890 2440 2999 2492 τῶν
3044 2439 3351 2511 ’Λῤῥάϐων,
3387 2440 3484 2492 καὶ
3514 2438 3689 2492 ἐλθὼν

2097 2535 2176 2595 είς
2208 2534 2371 2586 τόπον
2405 2533 2700 2603 λεγόμενον
2744 2531 3117 2603 Ζουνξούμην,
3150 2530 3297 2585 τοῦτ’
3344 2531 3493 2584 ἐστιν
3524 2530 3689 2599 βυθὸς

2099 2625 2287 2696 βαθύς.
2320 2625 2430 2679 Καὶ
2452 2627 2620 2694 ἐγγὺς
2652 2624 2817 2679 αὑτοῦ
2840 2621 2907 2696 ἦν
2928 2624 3167 2693 κάστρον
3194 2624 3366 2693 ὄνομα
3388 2624 3686 2687 Σουσαῖτα,

2095 2718 2242 2773 τοῦτ’
2279 2718 2428 2772 ἔστιν
2479 2718 2688 2790 μαῦρον
2723 2718 2894 2781 λίθον,
2949 2716 3045 2771 καὶ
3080 2715 3388 2786 παρέλαϐεν
3426 2716 3565 2769 αὐτὸ
3592 2716 3683 2768 διὰ

2094 2812 2358 2883 πολέμου.
2404 2813 2793 2883 Κρατήσαντες
2830 2810 2963 2880 γοῦν
2995 2813 3231 2881 γυναῖκα
3274 2808 3450 2880 γραῦν
3492 2811 3593 2861 σὺν
3626 2808 3686 2873 ζ’

2095 2904 2330 2967 τέκνοις,
2369 2904 2465 2956 καὶ
2496 2899 2650 2956 εἷπον
2685 2903 2847 2973 αὐτῇ·
2883 2901 3181 2956 Πίστευσον
3209 2900 3305 2954 σὺν
3337 2903 3452 2962 τοῖς
3477 2900 3688 2961 τέκνοις

2099 3011 2193 3048 σου
2227 2994 2307 3057 εἰς
2339 2993 2431 3045 τὸν
2471 2992 2794 3063 Μουχάμετ,
2854 2993 2950 3045 καὶ
2988 2993 3067 3054 είς
3092 2991 3184 3043 τὸν
3215 2989 3349 3043 Θεὸν
3388 2988 3576 3052 αὐτοῦ,
3604 2989 3689 3043 ὅτι

413 3094 626 3143 scnrns,
658 3085 799 3152 quod
836 3100 956 3139 cum
993 3098 1417 3155 expugnassent,
1468 3088 1519 3141 in
1589 3088 1680 3143 illo
1721 3089 1992 3158 captivam

2102 3087 2249 3139 ἐστὶν
2283 3088 2571 3157 προφήτης
2597 3087 2690 3139 καὶ
2730 3085 3031 3147 ἀπόστολος
3060 3082 3220 3137 Θεοῦ.
3250 3083 3415 3151 Λέγει
3470 3083 3684 3145 αὐτοῖς·

412 3174 940 3240 romprehenderunt
976 3180 1210 3232 vetulam
1246 3181 1538 3249 quamdam
1593 3195 1715 3234 cmn
1776 3191 1987 3250 septem

412 3261 597 3318 liberis
641 3268 772 3321 suis.
813 3267 959 3322 Illam
1002 3285 1128 3324 vero
1165 3273 1247 3326 sic
1309 3283 1430 3325 sunt
1469 3274 1689 3328 adorti:
1741 3274 1821 3327 Tn
1869 3291 1990 3328 cum

415 3354 600 3410 liberis
654 3360 783 3421 tuis,
830 3362 992 3416 crede
1021 3363 1071 3414 in
1112 3362 1582 3428 Multammedem,
1620 3375 1675 3418 et
1728 3366 1779 3419 in
1824 3366 1991 3421 Deum

413 3447 577 3514 illius,
609 3451 730 3518 quia
760 3462 840 3505 εει
870 3455 1127 3521 propheta
1159 3466 1214 3508 et
1241 3456 1522 3525 apostolus
1588 3457 1702 3512 Dei.
1750 3458 1842 3512 Illa
1895 3475 1991 3512 au-

412 3551 519 3592 tem
547 3542 624 3594 sic
652 3543 716 3597 ad
737 3558 830 3597 eos
856 3561 871 3598 :
904 3544 1100 3611 Quaeso
1130 3547 1279 3600 illutn
1316 3550 1498 3602 statim
1533 3549 1763 3612 videam,
1783 3560 1836 3605 et
1866 3566 1989 3605 cum

412 3630 503 3684 illo
560 3632 858 3687 conferam.
915 3634 1029 3701 Qua
1082 3639 1371 3691 c=nlestim
1418 3640 1483 3691 ad
1542 3639 1987 3695 Muhammedem

411 3724 843 3789 perducta,dixit
866 3744 880 3780 :
901 3726 1083 3792 Quare
1118 3740 1168 3782 te
1193 3745 1361 3784 vocas
1398 3734 1719 3799 prophetam
1748 3742 1801 3786 et
1826 3748 1989 3799 apos-

410 3817 607 3882 tolum,
647 3818 825 3887 qualis
861 3830 946 3874 est
998 3822 1141 3875 Deus
1184 3832 1342 3889 tuus;
1386 3839 1486 3894 ego
1539 3824 1756 3894 quidem
1813 3826 1989 3882 Vene-

412 3924 526 3962 rem
553 3919 607 3964 et
645 3910 985 3981 Phosporum
1024 3916 1175 3969 sidus
1208 3932 1308 3988 pro
1335 3918 1653 3972 numinibus
1706 3919 1904 3985 habeo,
1932 3931 1987 3975 tu

407 4017 539 4055 vero
569 4004 781 4072 qualem
817 4005 983 4060 Deum
1039 4008 1208 4063 habes
1230 4019 1282 4063 et
1320 4011 1501 4065 colis?
1529 4010 1831 4079 Respondit
1880 4014 1991 4069 Mu-

410 4098 667 4152 hammed
707 4116 720 4153 :
760 4097 856 4153 Est
888 4099 1029 4155 alius
1068 4099 1233 4166 Dens,
1271 4103 1426 4157 habet
1453 4118 1640 4161 servos
1670 4104 1985 4161 Michaelem

402 4200 457 4240 et
495 4189 827 4245 Gabrielem.
877 4191 1023 4248 Illius
1076 4209 1196 4248 sum
1247 4194 1544 4262 apostolus.
1588 4196 1732 4249 Dixit
1761 4199 1984 4252 vetula:

408 4274 513 4329 Ubi
558 4276 768 4331 habitat
820 4279 926 4334 iste
970 4280 1116 4336 Deus
1169 4297 1332 4351 quem
1382 4287 1706 4340 annuntias?
1744 4286 1989 4341 Multam-

406 4369 526 4422 med
560 4370 770 4438 palmas
826 4374 892 4427 ad
940 4374 1119 4428 sidera
1163 4376 1381 4441 tollens,
1416 4380 1693 4447 respondit
1722 4395 1737 4433 :
1767 4379 1990 4435 Habitat

407 4459 459 4512 in
491 4461 651 4515 caelo.
687 4460 925 4533 Urgebat
965 4466 1146 4521 vetula
1178 4484 1192 4522 :
1222 4468 1305 4521 Att
1343 4479 1399 4523 tu
1441 4469 1590 4524 solus
1642 4471 1791 4524 illum
1819 4473 1988 4540 nosti,

405 4569 472 4605 an
521 4569 651 4608 vero
682 4557 907 4626 populus
930 4568 1053 4615 tuus
1084 4562 1246 4614 etiam
1292 4572 1471 4617 tecum
1503 4563 1652 4616 illum
1697 4566 1883 4619 novit?
1910 4568 1990 4621 An

406 4646 549 4700 illius
593 4663 696 4701 vox
729 4651 938 4703 accedit
987 4652 1053 4705 ad
1087 4667 1274 4707 vocem
1315 4654 1592 4708 hominum
1629 4664 1994 4721 terrenarum,

2107 3181 2203 3243 Ἃς
2237 3179 2331 3232 ἴδω
2361 3179 2544 3243 αὑτὸν,
2578 3179 2665 3233 ἵνα
2696 3176 2948 3248 συντύχω
2984 3176 3103 3248 μετ’
3135 3176 3321 3230 αὐτοῦ.
3374 3176 3691 3246 ’Λπήγαγον

2099 3267 2192 3324 οῦν
2221 3270 2391 3342 αὐτὴν
2418 3271 2553 3342 πρὸς
2582 3269 2768 3336 αὐτὸν,
2796 3268 2889 3323 καί
2916 3284 3051 3339 φησι
3079 3269 3215 3339 πρὸς
3236 3270 3329 3321 τὸν
3354 3268 3685 3338 Μουχάμετ⁸

2101 3363 2275 3416 Πόθεν
2306 3362 2495 3425 καλεῖς
2520 3362 2713 3415 ἐαυτὸν
2747 3361 3059 3432 προφήτην,
3092 3362 3188 3415 καὶ
3222 3361 3544 3425 ἀπόστολον,
3582 3361 3682 3412 καὶ

2102 3457 2252 3519 ποῖός
2309 3459 2455 3509 ἐστιν
2495 3457 2523 3509 6
2557 3455 2689 3518 Θεός
2745 3457 2874 3522 con};
2927 3454 3068 3524 Ἐγὼ
3100 3454 3234 3511 Θεὸν
3260 3454 3538 3523 γινώσκω,
3587 3454 3691 3523 τὴν

2113 3548 2457 3618 Ἀφροδίτην,
2492 3547 2554 3600 τὸ
2584 3548 2864 3615 ἑωσφόρον
2890 3546 3113 3618 ἄστρον,
3144 3548 3239 3600 ἐσὺ
3268 3548 3420 3599 ποῖον
3441 3545 3531 3599 τὸν
3555 3545 3692 3599 Θεὸν

2100 3640 2316 3704 mli-ig;
2346 3641 2512 3707 Λέγει
2542 3640 2706 3711 αὑτῇο
2743 3639 2937 3704 ’Ἄλλος
2963 3640 3092 3702 Θεός
3119 3640 3289 3692 ἐστιν.
3321 3640 3475 3709 Ἔχει
3503 3637 3693 3691 δοῦλον

2098 3733 2319 3804 Μιχαὴλ
2342 3734 2436 3787 καὶ
2466 3732 2731 3803 Γαϐριήλ.
2763 3732 3005 3787 Ἐκείνου
3033 3732 3149 3801 εἰμὶ
3177 3730 3490 3793 ἀπόστολος.
3522 3731 3691 3799 Λέγει

2097 3827 2131 3896 ἡ
2162 3827 2357 3894 γραῧς·
2390 3826 2499 3877 Καὶ
2538 3823 2642 3877 ποῦ
2672 3824 2920 3877 κατοικεῖ
2957 3822 3117 3884 αὐτὸς
3148 3823 3176 3875 6
3202 3822 3355 3885 Θεὸς.
3382 3822 3441 3875 ὃν
3471 3821 3687 3890 λέγειςς

2099 3918 2209 3971 Καὶ
2226 3915 2376 3971 εἶπεν
2402 3918 2561 3986 αὐτῇ⁸
2588 3916 2681 3969 Ἐν
2712 3914 2789 3985 τῷ
2807 3914 3045 3986 οὐρανῷ,
3073 3914 3186 3969 ἄνω
3212 3914 3392 3979 δείξας
3410 3916 3476 3985 τῇ
3507 3914 3677 3984 χειρί.

2095 4010 2259 4078 Λέγει
2284 4012 2316 4079 ὴ
2342 4007 2534 4078 γραῦς·
2569 4009 2641 4061 Σὺ
2684 4008 2845 4075 μόνος
2874 4003 3022 4071 οἵδας
3062 4007 3251 4069 αὑτὸν,
3288 4006 3321 4077 ἢ
3358 4008 3451 4059 καὶ
3485 4006 3514 4058 ὁ
3559 4006 3691 4069 λαός

2097 4119 2230 4167 σου;
2263 4101 2357 4154 καὶ
2384 4102 2417 4172 ἡ
2449 4100 2603 4170 φωνὴ
2632 4097 2822 4163 αὑτοῦ,
2854 4098 2930 4162 ὡς
2964 4100 2996 4167 ἡ
3025 4096 3184 4168 ἡμῶν
3214 4097 3413 4168 χοῖκῶν
3451 4098 3623 4161 ἐστιν,
3653 4096 3689 4167 ἦ

2095 4195 2225 4264 παρ’
2254 4194 2422 4262 αὐτὴν
2451 4192 2612 4261 ξένης
2645 4190 2808 4257 Λέγει
2835 4191 2863 4242 6
2892 4189 3211 4258 Μουχάμετ·
3255 4188 3379 4243 Οὐδ’
3404 4187 3519 4257 ἐγὼ
3571 4182 3691 4242 οἶδα

2094 4288 2184 4340 τὸν
2216 4287 2369 4349 Θεὸν,
2401 4286 2524 4339 οὔτε
2561 4287 2609 4338 ol
2667 4282 3053 4355 περιεστῶτες.
3109 4283 3274 4352 Λέγει
3302 4284 3336 4354 ὴ
3373 4281 3574 4355 γραῦς·
3612 4283 3688 4335 Σὺ

2093 4382 2276 4450 λέγεις
2299 4382 2385 4435 ὃτι
2422 4379 2551 4449 μίαν
2582 4376 2919 4432 διασκέλισιν
2951 4376 3150 4447 ἀνέϐης
3177 4377 3260 4439 εἰς
3285 4376 3377 4429 τὸν
3413 4374 3549 4429 Θεὸν
3586 4375 3689 4429 σὺν

2095 4474 2206 4533 τοῖς
2237 4470 2546 4533 σανδαλίοις
2573 4486 2690 4523 σου.
2724 4466 2835 4522 Καὶ
2871 4466 3023 4539 τὼρα
3041 4468 3242 4536 λέγεις,
3279 4467 3396 4521 Οὐκ
3427 4460 3547 4522 οἶδα
3589 4466 3693 4519 αὺ-

2093 4564 2223 4630 τόν;
2253 4563 2371 4625 πῶς
2401 4562 2652 4615 καλεῖσαι
2688 4564 2977 4635 προφήτης
3002 4562 3098 4615 καὶ
3128 4559 3467 4623 ἁπόστολος;
3522 4558 3694 4625 Λέγει

2095 4659 2124 4711 6
2150 4656 2470 4727 Μουχάμετ’
2494 4655 2661 4710 Ἀλλά
2678 4655 3025 4728 ἀρχάγγελος
3043 4653 3179 4707 Θεοῦ
3208 4652 3427 4724 ἔρχεται
3454 4651 3594 4721 πρός
3621 4667 3695 4721 με

402 4755 468 4789 an
500 4753 626 4792 vero
645 4740 711 4794 ab
735 4740 822 4794 illa
841 4742 1132 4812 discrepat.
1157 4744 1455 4813 BeSpondit
1481 4744 1823 4800 Muhammed
1846 4765 1860 4802 :
1886 4746 1992 4803 Nec

2101 4747 2222 4803 καθ’
2264 4748 2503 4818 ἑκάστην
2531 4746 2593 4800 τὸ
2621 4746 2794 4818 ὄνομα
2820 4746 3087 4819 Γαϐριὴλ,
3112 4745 3208 4799 καὶ
3235 4742 3565 4813 ἀναγγέλλει
3595 4759 3693 4813 μοι

401 4845 500 4900 ego
531 4830 698 4885 Deum
720 4835 933 4899 novi,et
958 4836 1221 4903 primores
1247 4835 1425 4905 papnli
1457 4838 1522 4889 ad
1556 4838 1697 4892 illius
1724 4840 1991 4909 cognitio-

404 4940 524 4977 nem
548 4942 652 4978 non
678 4937 966 4995 potuerunt
988 4930 1150 4982 etiam
1174 4932 1740 4997 assurgereJustabat
1768 4934 1946 4987 vetula
1971 4953 1984 4988 :

2101 4842 2232 4913 περὶ
2257 4835 2332 4894 ὧν
2362 4840 2529 4908 λέγω.
2546 4839 2760 4911 Λέγειὴ
2784 4840 2981 4912 γραῦς·
3000 4839 3174 4893 Ὅταν
3198 4854 3293 4892 σου
3310 4836 3465 4890 λαλεί
3493 4836 3524 4890 6
3551 4835 3697 4907 ἀρχ-

2096 4933 2349 5001 άγγελος,
2374 4933 2438 4985 σὺ
2467 4931 2626 5001 μόνος
2650 4933 2895 4997 ἀκούεις,
2925 4932 2960 5003 ἢ
2996 4931 3093 4985 καὶ
3115 4931 3144 4984 6
3173 4930 3302 4995 λαός
3343 4945 3474 4993 σονς

401 5014 680 5080 Quomodo
705 5021 817 5073 haec
837 5017 1144 5087 quadram?
1168 5019 1326 5073 modo
1346 5019 1565 5075 dicebas
1584 5029 1635 5075 te
1665 5023 1826 5076 unico
1859 5038 2021 5093 passu
2058 5034 2110 5079 et
2139 5023 2291 5092 quasi
2332 5023 2494 5077 unica
2529 5023 2925 5078 subsultatione
2996 5031 3049 5076 te
3082 5038 3203 5077 cum
3256 5021 3514 5077 sandaliis
3581 5018 3693 5075 tuis

402 5111 569 5166 malos
586 5114 875 5167 ascendere
892 5124 941 5166 ιιι
963 5123 1013 5167 te
1028 5114 1095 5168 ad
1124 5110 1289 5166 Deum
1310 5128 1481 5181 usque
1500 5115 1823 5183 pervenire;
1857 5132 2001 5172 nunc
2038 5133 2171 5172 vero
2205 5116 2340 5172 dicis
2371 5126 2424 5171 te
2477 5131 2581 5171 non
2624 5130 2784 5171 nosse
2814 5115 3004 5171 Deum.
3035 5114 3319 5182 Quomodo
3363 5124 3517 5183 potes
3549 5112 3687 5186 ergo

402 5206 544 5258 illius
571 5208 829 5275 propheta
871 5218 925 5261 et
976 5205 1253 5273 apostolus
1295 5205 1512 5258 vocari?
1553 5206 1645 5260 Sic
1687 5216 1792 5272 est,
1861 5209 2035 5277 inquit
2074 5207 2443 5272 Multammed,
2484 5207 2579 5263 sed
2607 5206 2825 5263 Gabriel
2877 5207 3239 5276 archangelus
3292 5206 3385 5262 Dei
3457 5209 3527 5263 ad
3592 5224 3682 5264 me

404 5297 875 5365 quotidieaccedit
902 5308 958 5353 et
985 5314 1047 5354 ea
1099 5298 1230 5352 mihi
1286 5298 1491 5351 revelat
1513 5314 1632 5365 quae
1684 5301 1837 5357 vobis
1892 5304 2156 5358 annuntio
2214 5303 2478 5370 Pergebat
2535 5304 2736 5366 vetula,
2765 5311 2820 5357 et
2860 5302 3071 5357 dicebat
3102 5318 3116 5355 :
3147 5301 3282 5356 Cum
3334 5302 3546 5356 accedit
3613 5318 3681 5356 ac

408 5389 649 5459 loquitur
683 5391 926 5461 angelus,
963 5406 1030 5445 an
1062 5403 1115 5443 tu
1150 5390 1297 5445 solus
1331 5390 1477 5444 illum
1508 5392 1685 5458 audis,
1721 5408 1787 5448 an
1847 5410 1975 5451 vero
2013 5396 2240 5466 p0pulus
2270 5394 2416 5448 illum
2440 5394 2605 5447 etiam
2630 5393 2823 5446 audit?

483 5481 546 5537 Si
577 5497 768 5538 omnes
794 5484 1041 5547 audiunt,
1074 5500 1267 5539 omnes
1300 5495 1425 5538 sunt
1461 5487 1689 5554 apostoli
1750 5489 1984 5543 archan-

2168 5490 2230 5543 Ei
2265 5488 2363 5558 μὲν
2412 5487 2513 5541 σὺν
2554 5489 2669 5551 τοῖς
2701 5486 2903 5556 ὄχλοις.
2964 5485 3168 5548 πάντες
3214 5483 3353 5537 εἰσὶν
3400 5482 3691 5537 ἀπόστολοι

405 5572 531 5643 geli,
563 5584 617 5629 et
644 5584 696 5628 tu
730 5577 959 5646 gratiam
1003 5576 1237 5645 aliquam
1280 5587 1333 5630 et
1396 5578 1718 5632 benelicium
1765 5580 1983 5649 aliquod

2101 5582 2186 5637 τοῦ
2232 5580 2598 5652 ἀρχαγγέλου,
2633 5579 2729 5634 καὶ
2770 5581 2836 5632 σὺ
2866 5580 3030 5649 χάριν
3078 5578 3183 5631 οὐκ
3213 5576 3379 5645 ἔχεις.
3439 5576 3503 5631 El
3529 5576 3586 5629 δὲ
3624 5579 3691 5632 σὺ

408 5666 681 5734 peculiare
703 5669 915 5737 jactare
971 5683 1076 5723 non
1106 5681 1278 5738 potes.
1314 5667 1370 5723 Si
1437 5683 1565 5722 vero
1615 5670 1764 5725 solus
1805 5676 1982 5737 audis,

2104 5676 2283 5747 μόνος.
2317 5677 2344 5727 6
2372 5673 2716 5745 ἀρχάγγελός
2754 5674 2907 5727 ἐστιν
2937 5674 3260 5736 ἀπόστολος,
3288 5673 3382 5726 καὶ
3407 5674 3472 5725 σὺ
3512 5671 3687 5735 οὐδὲν,

410 5758 764 5831 archangelus
791 5769 873 5815 est
900 5761 1192 5831 apostolus,
1217 5768 1271 5814 tu
1304 5775 1431 5816 vero
1447 5774 1670 5830 prorsus
1703 5763 1874 5831 nihil;
1905 5777 1985 5823 tc-

2101 5772 2163 5822 σί)
2192 5768 2284 5822 οῦν
2316 5770 2507 5822 ἑαυτὸν
2542 5766 2843 5822 ἀπόστολον
2871 5768 2946 5839 μὴ
2977 5767 3184 5830 καλεῖς.
3215 5766 3380 5837 Λέγει
3402 5769 3430 5820 6
3464 5765 3691 5837 Mouxi~
