3978 6238
297 320 433 388 1437

1503 288 1979 383 CDNFUTATIO
2015 322 2381 384 AGARE‘NI.

3429 323 3566 389 1438

301 449 426 507 μετ’
463 431 709 504 Στρέψον
745 433 1005 504 σεαυτὴν,
1055 433 1130 504 μή
1161 449 1279 495 πως
1316 436 1635 505 κατακοπῇς
1672 436 1759 500 σὺ,
1788 443 1882 488 καὶ

2007 450 2161 504 psum
2207 450 2341 504 ergo
2409 433 2711 505 apostolum
2772 449 2880 489 non
2916 434 3147 503 amplius
3209 448 3388 490 voces.
3456 435 3564 490 Re-

294 527 368 581 τὰ
392 528 564 580 τέκνα
593 543 688 580 σου
712 526 800 579 διὰ
826 528 1032 594 ξίφους.
1069 526 1208 595 Φησὶ
1239 525 1294 578 δέ
1325 526 1358 596 ἡ
1390 525 1583 595 γραῦς
1611 526 1887 598 Φοϐήθητι

297 624 389 675 τὸν
410 622 566 687 Θεὸν,
593 622 653 675 ὃν
681 620 993 690 γινώσκεις.
1032 621 1252 692 Πρῶτον
1283 620 1586 691 πρόσταξον
1630 622 1698 674 τὰ
1724 623 1888 676 τέκνα

302 731 406 783 μου
434 711 842 781 κατακοπῆναι,
862 706 984 765 εἶτα
1008 711 1140 779 ἐγὼ,
1171 714 1245 783 μή
1269 728 1398 765 ποτε
1426 711 1689 774 πολλάκις
1715 711 1891 765 ὀπίσω

304 824 407 875 μου
437 806 879 877 ἐναπομείναντα
909 805 959 857 οἱ
993 804 1181 867 παῖδες
1219 804 1294 868 ὡς
1324 805 1555 875 ἄφρονες
1585 806 1679 857 καὶ
1715 805 1891 875 μωροὶ

301 897 690 951 πιστεύσουσιν
722 898 779 951 ἐν
818 896 1185 966 ἐσφαλμένοις
1236 896 1472 966 δόγμασί
1503 914 1619 961 σου,
1667 913 1765 951 και
1795 913 1889 966 γε-

303 986 523 1057 νώμεθα
553 987 787 1059 ἀρνηταὶ
814 986 910 1040 τοῦ
945 986 1081 1039 Θεοῦ
1113 986 1295 1057 ἡμῶν.
1329 987 1495 1055 Λέγει
1520 989 1548 1040 6
1569 989 1889 1058 Μουχάμετ’

303 1079 442 1131 Ἕνα
472 1079 634 1149 μόνον
666 1080 808 1143 εἰπὲ,
830 1079 913 1131 ὅτι
936 1079 965 1131 6
998 1079 1297 1148 Μουχάμετ
1327 1079 1475 1131 ἐστὶν
1492 1081 1780 1150 προφήτης
1799 1078 1893 1132 καὶ

304 1170 630 1235 ἀπόστολος,
675 1172 771 1224 καὶ
818 1169 1077 1224 ἀπολύσω
1104 1187 1187 1236 σε,
1223 1171 1319 1224 καὶ
1366 1172 1447 1235 σέ,
1482 1171 1578 1225 καὶ
1617 1171 1688 1226 τὰ
1726 1172 1892 1226 τέκνα

306 1281 426 1320 σου.
466 1265 633 1333 Λέγει
657 1266 691 1335 ἡ
729 1264 940 1335 γραῦς·
981 1264 1161 1332 Ἀπαξ
1191 1263 1267 1335 μὴ
1296 1264 1512 1333 γένοιτο
1544 1266 1722 1319 εἰπεῖν
1754 1265 1895 1334 μετὰ

305 1354 415 1406 τῶν
440 1354 647 1408 τέκνων
700 1373 807 1425 μου
855 1354 1095 1410 τοιοῦτον
1132 1356 1311 1425 λόγον.
1352 1357 1653 1426 Προστὰξει
1676 1353 1770 1410 οὖν
1799 1356 1892 1410 τοῦ

303 1446 603 1516 Μουχάμετ
637 1448 946 1517 κατέκοψαν
975 1450 1043 1504 τὰ
1067 1449 1235 1502 τέκνα
1260 1450 1361 1519 τῆς
1392 1450 1587 1520 γραὸς,
1633 1448 1753 1504 εἶτα
1798 1451 1895 1505 αὐ-

304 1538 405 1607 τὴν
439 1540 625 1591 ἐπάνω
668 1538 778 1592 τῶν
807 1541 1017 1594 τέκνων
1054 1542 1248 1613 αὐτῆς.
1283 1543 1428 1596 -Τότε
1459 1543 1608 1611 λέγει
1632 1545 1660 1596 6
1700 1545 1894 1596 Ἀπου·

305 1627 547 1700 ταλέπης
581 1631 611 1683 6
657 1630 799 1695 θεῖος
845 1629 1035 1701 αὐτοῦ,
1082 1633 1112 1686 6
1150 1634 1244 1688 καὶ
1271 1634 1579 1706 ἀνάτροφος
1604 1633 1700 1689 τοῦ
1749 1636 1895 1690 Μουο

305 1720 510 1791 χάμετ⁶

376 1898 540 1967 Μέγα
574 1900 748 1971 κρῖμα
769 1900 987 1970 ἐγένετο
1012 1903 1090 1966 είς
1120 1901 1220 1974 τὴν
1250 1901 1449 1972 γραῦν,
1492 1903 1585 1957 καὶ
1624 1902 1694 1956 τὰ
1728 1903 1896 1957 τέκνα

304 1990 499 2060 αὐτῆς·
531 1993 580 2044 εί
610 1991 711 2062 μὲν
744 1993 854 2065 γὰρ
880 1993 1154 2063 ἐψεύδετο,
1182 1990 1330 2064 εἶχες
1358 1994 1574 2063 ἐλέγξαι
1612 1995 1804 2065 αὐτὴν,
1845 1995 1896 2047 εί

304 2082 363 2135 δέ
392 2082 631 2153 ἀληθῶς,
663 2084 753 2138 διὰ
784 2086 836 2139 τί
868 2087 992 2140 ἀντὶ
1027 2087 1119 2140 τοῦ
1141 2087 1336 2150 σῶσαι,
1368 2087 1698 2153 ἀπώλεσας;
1732 2087 1898 2157 Λέγει

307 2176 460 2247 αὐτῷ
485 2179 513 2230 6
549 2178 869 2248 Μουχάμετ·
898 2178 1143 2251 Ἀληθῶς
1172 2178 1479 2249 ἁνέθρεψάς
1532 2196 1622 2251 με,
1667 2180 1783 2234 ἀλλ’
1805 2176 1898 2234 οὖν

307 2267 479 2338 ῆθελα
506 2268 707 2340 δεῖξας
736 2270 806 2323 τὰ
855 2270 1142 2343 θελήματα
1186 2270 1282 2325 τοῦ
1314 2270 1451 2325 Θεοῦ
1479 2272 1642 2336 ποιῶ,
1688 2274 1784 2326 καὶ
1832 2275 1897 2326 σὺ

308 2358 668 2427 ἁνθίστασαι;
711 2361 955 2431 φύλασσε
1021 2363 1097 2434 μὴ
1152 2362 1445 2435 ἀπορρίψω
1483 2363 1581 2432 τὴν
1625 2362 1760 2415 αἰδὼ
1797 2363 1899 2429 τῆς

308 2449 644 2521 ἀνατροφῆς,
669 2452 759 2505 καὶ
791 2452 1040 2521 φονεύσω
1071 2470 1153 2507 σε.
1180 2454 1343 2521 Λέγει
1379 2456 1409 2507 6
1459 2453 1892 2523 Ἀπουταλέπης·

309 2540 459 2609 Ἐγὼ
497 2543 557 2595 ού
592 2548 833 2597 πιστεύω
853 2544 1007 2612 Θεὸν,
1025 2540 1088 2599 οὗ
1125 2545 1266 2597 εἰσιν
1302 2544 1372 2598 τὰ
1400 2545 1685 2615 θελήματα
1709 2543 1896 2608 αὑτοῦ,

309 2634 411 2687 ὅσα
435 2633 502 2689 ἂν
537 2636 602 2689 σὺ
634 2640 829 2702 ποιεῖς.
862 2637 1028 2706 Λέγει
1071 2638 1099 2689 6
1120 2637 1447 2707 Μουχάμεν
1479 2637 1554 2689 Οὐ
1595 2635 1896 2699 πιστεύεις,

308 2725 423 2787 ὅτις
451 2742 519 2795 με
546 2726 841 2791 ἀπόστολος
863 2726 999 2780 Θεοῦ
1017 2746 1032 2794 ;
1052 2726 1237 2795 Λέγευ
1259 2728 1350 2796 Μὴ
1381 2727 1611 2795 γένοιτο.
1646 2729 1754 2779 Καὶ
1770 2726 1899 2795 ῶρι-

315 2832 409 2868 σεν
432 2818 461 2868 ὁ
489 2818 789 2888 Μουχάμετ
820 2819 1121 2888 τηνικαῦτα
1143 2818 1548 2888 κατακοπῆναι.
1576 2820 1683 2871 Καὶ
1709 2820 1900 2889 ἐποίη-

311 2924 411 2959 σαν
437 2907 629 2969 οὕτως.
689 2907 934 2979 Ἀληθῶς
987 2910 1205 2972 πάντως
1253 2908 1546 2980 ἀληθεύειν
1591 2928 1683 2981 με,
1734 2911 1897 2983 μέχρι

307 2996 401 3047 τοῦ
438 2998 533 3050 νῦν
568 2998 751 3067 ἔχουσι
794 2998 902 3052 τῶν
971 3000 1232 3055 τοιούτων
1261 3002 1480 3072 τρόπων
1504 3002 1611 3056 τῶν
1643 3002 1897 3069 ἐϐδελυγ-

310 3086 508 3156 μένων.
552 3089 662 3141 Καὶ
689 3088 876 3158 ἕτερον
908 3092 1155 3160 σημεῖον*
1186 3091 1250 3143 σὺ
1278 3090 1455 3159 λέγεις
1483 3090 1793 3161 εἰσέρχεσθε
1819 3093 1897 3153 είς

1991 528 2214 597 spondit
2260 528 2603 582 Multammed
2637 546 2650 581 :
2682 526 2955 582 Converte
2997 538 3070 594 te,
3104 543 3171 582 ne
3213 536 3267 580 tu
3306 527 3570 597 liberique

1992 620 2066 672 tui
2093 618 2273 689 gladio
2296 620 2547 687 pereatis.
2594 620 2737 673 Dixit
2773 621 2947 674 vetula
2978 638 2992 673 :
3026 618 3180 673 Time
3218 621 3377 673 Deum
3405 635 3567 689 quem

1992 711 2155 762 nosti.
2210 708 2395 763 Primo
2453 724 2583 763 vero
2649 712 2878 763 decerne
2939 719 2996 764 ut
3043 709 3198 763 liberi
3242 710 3344 763 mei
3394 711 3571 779 capite

1993 808 2335 863 truncentur,
2387 815 2485 867 ego
2530 814 2662 853 vero
2719 810 2992 869 postrema
3024 800 3291 870 supplicio
3339 816 3444 869 quo
3476 817 3569 854 vo-

1991 890 2158 945 lueris
2180 891 2406 961 plectar.
2438 890 2517 947 Ne
2545 893 2725 948 l‘orsan
2758 895 2913 947 liberi
2944 903 3063 964 post
3096 906 3181 947 me
3216 892 3569 960 superstites,

1992 985 2223 1039 stultitia
2248 993 2303 1039 et
2346 985 2550 1040 mentis
2583 985 2904 1055 impotentia
2951 985 3104 1049 moti,
3136 985 3363 1038 credant
3414 1000 3571 1037 erro.

1993 1078 2109 1134 neis
2138 1079 2244 1134 tuis
2273 1077 2642 1148 dogmatibus,
2674 1089 2729 1132 et
2756 1078 2845 1131 Dei
2879 1077 3048 1131 nostri
3078 1074 3277 1129 cultum
3299 1085 3357 1129 et
3384 1077 3573 1144 cogni-

1995 1172 2195 1226 tionem
2219 1170 2448 1239 ejurent.
2480 1169 2625 1225 Dixit
2652 1170 2995 1224 Muhammed
3023 1186 3039 1225 :
3076 1167 3331 1222 Proferas
3363 1177 3572 1228 tantum

1993 1267 2109 1321 haec
2129 1268 2290 1322 verba
2327 1285 2340 1320 :
2377 1265 2724 1318 Multatnmed
2750 1272 2834 1317 est
2875 1263 3136 1332 propheta
3192 1271 3247 1315 et
3298 1261 3577 1330 apostolus

1994 1358 2113 1423 Dei,
2148 1370 2201 1414 et
2237 1371 2287 1414 te
2318 1375 2439 1412 cum
2467 1358 2651 1410 liberis
2681 1355 2951 1408 dimittam
2976 1355 3156 1409 salvos
3179 1352 3571 1408 etincolnmcs.

1998 1450 2291 1519 Respondit
2324 1448 2497 1502 vetula
2537 1466 2549 1499 :
2581 1446 2735 1500 Absit
2763 1458 2822 1499 ut
2861 1444 2988 1499 talia
3036 1446 3202 1498 verba
3259 1443 3342 1497 vel
3406 1445 3576 1498 semel

1997 1542 2153 1595 nobis
2186 1541 2461 1596 excidant.
2496 1538 2657 1595 Jubet
2706 1553 2836 1606 ergo
2874 1536 3061 1593 furens
3111 1534 3459 1590 Muhammed
3518 1545 3576 1589 ut

1996 1635 2147 1689 liberi
2180 1635 2643 1697 interimerentur,
2668 1638 2723 1684 et
2756 1645 2944 1684 eorum
3011 1630 3224 1696 l'unera,
3259 1629 3450 1682 mauis
3491 1629 3574 1681 lu-

1997 1742 2128 1781 nere
2154 1725 2583 1780 cumularentur.
2620 1724 2698 1777 Ad
2752 1723 2868 1776 haec
2914 1722 3224 1791 excipiebat
3261 1720 3574 1791 Abutalipes

1923 1816 1965 1870 Β
1994 1818 2291 1872 avunculus
2320 1826 2375 1872 et
2402 1817 2672 1871 enutritor
2702 1813 3137 1870 Multammedis:

2070 1909 2230 1963 Certe
2261 1923 2454 1977 magna
2490 1908 2688 1975 injuria
2715 1905 2910 1961 affecta
2953 1917 3036 1961 est
3063 1906 3165 1961 ista
3220 1906 3397 1960 vetula
3449 1921 3573 1961 cum

1996 1999 2184 2054 liberis
2216 2000 2373 2065 suis;
2405 2015 2528 2052 nam
2590 1999 2635 2052 si
2697 2000 3063 2055 mentiebatur
3111 2009 3167 2053 et
3213 2000 3456 2062 errabat,
3489 2014 3578 2051 ar-

1998 2091 2209 2162 guenda
2243 2099 2296 2146 et
2332 2089 2579 2145 docenda
2605 2098 2745 2153 erat,
2772 2089 2817 2144 si
2853 2102 3032 2144 autem
3067 2104 3191 2145 vera
3258 2100 3403 2144 esset
3434 2091 3578 2144 illius

2000 2182 2151 2248 lides,
2191 2197 2361 2251 quare
2386 2181 2534 2235 illam
2569 2180 2884 2236 interimere
2916 2180 3100 2249 potius
3125 2196 3288 2250 quam
3322 2181 3466 2234 illaut
3498 2181 3579 2233 iu-

1997 2273 2267 2328 columem
2294 2274 2568 2328 dimittere
2598 2271 2853 2326 voluisti?
2879 2273 3025 2326 Dixit
3059 2271 3403 2327 Muhammed
3429 2289 3442 2325 :
3473 2269 3579 2327 Re-

1998 2380 2125 2419 vera
2175 2374 2228 2417 tu
2257 2364 2566 2427 mealuisti,
2605 2365 2700 2418 sed
2733 2363 3015 2416 ostendam
3053 2364 3198 2429 quod
3243 2362 3576 2417 voluntatem

2001 2455 2093 2509 Dei
2144 2457 2385 2519 facio,tn
2460 2470 2589 2509 vero
2645 2455 2816 2507 audes
2878 2456 3276 2508 contradicere.
3308 2454 3454 2509 Cave
3510 2469 3578 2507 ne

1997 2545 2149 2599 onmi
2184 2543 2447 2599 memoria
2479 2553 2535 2596 et
2556 2542 2891 2597 conscientia
2922 2543 3309 2597 beneﬁciorum
3361 2554 3575 2597 tuorum

2001 2646 2229 2698 remota,
2258 2645 2308 2689 te
2335 2636 2519 2689 statim
2551 2634 2884 2689 interimam.
2912 2634 3053 2688 Dixit
3075 2636 3403 2706 Abutalepes
3427 2655 3439 2690 :
3463 2637 3578 2705 Ego

2001 2745 2105 2783 non
2137 2731 2300 2784 credo
2323 2730 2374 2783 in
2403 2729 2572 2783 Deum
2600 2730 2786 2793 istum,
2818 2728 2973 2797 cujus
3005 2739 3137 2783 sunt
3158 2744 3321 2797 Opera
3349 2745 3412 2783 ea
3455 2746 3577 2800 qua:

2000 2819 2153 2874 facis.
2207 2820 2519 2889 Excipiebat
2546 2819 2932 2873 Multamnted:
2969 2818 3088 2874 Non
3121 2834 3250 2887 ergo
3286 2822 3462 2875 credis
3494 2836 3581 2876 me

1998 2926 2116 2965 esse
2144 2913 2461 2979 prophetam
2494 2909 2618 2965 Dei?
2643 2909 2788 2963 Dixit
2810 2910 3165 2980 Abutalipes;
3189 2910 3345 2965 Absit
3368 2922 3425 2965 ut
3478 2912 3579 2967 hoc

2000 3004 2219 3057 credam
2251 3004 2264 3055 l
2305 3000 2460 3057 Unde
2496 3003 2697 3057 furoris
2747 3014 2917 3056 ωειιο
2951 3004 3188 3072 percitus
3237 3003 3579 3059 Muhammed

1994 3093 2162 3160 jttSsit
2198 3105 2255 3147 ut
2284 3094 2470 3149 statim
2520 3096 2880 3161 occideretur,
2912 3096 3056 3163 quod
3113 3095 3313 3149 factum
3357 3107 3462 3151 est.
3489 3098 3579 3152 Me

307 3180 400 3231 τὸν
425 3181 594 3234 Μακᾶ
625 3181 781 3250 ὑμῶν
804 3180 881 3244 ὡς
911 3182 1000 3233 ἐπ’
1049 3183 1204 3253 εὐχῇ,
1232 3182 1562 3236 λιθοϐολεῖτε
1599 3184 1692 3237 τὸν
1732 3184 1896 3236 τόπον

2003 3199 2182 3245 autem
2224 3205 2412 3244 verum
2462 3191 2648 3246 dicere
2680 3200 2912 3244 testatur
2969 3192 3308 3244 consuetudo
3348 3200 3401 3243 et
3463 3207 3580 3247 mos

305 3271 515 3327 τοῦτον.
534 3274 642 3326 Kal.
660 3272 1036 3344 ἐρωτώμενος,
1060 3268 1103 3327 ῶ
1119 3273 1540 3345 Μουσουλμανέ,
1556 3277 1656 3329 Διὰ
1681 3276 1734 3327 τί
1753 3274 1898 3327 λιθο-

307 3363 513 3417 ϐολεῖτε
549 3364 641 3417 τὸν
663 3366 862 3431 τόπον;
905 3367 999 3420 καὶ
1030 3365 1239 3434 λέγετε,
1276 3369 1356 3419 ὅτι
1384 3368 1486 3420 ούκ
1516 3368 1836 3419 ἐπίστευσεν
1870 3368 1898 3420 6

323 3456 737 3527 ’Λπουταλέπης
796 3458 889 3511 τὸν
927 3458 1249 3528 Μουχάμετ.
1297 3459 1408 3511 Καὶ
1445 3459 1631 3529 ἕτερον
1674 3461 1899 3528 σημεῖον

306 3544 452 3615 λέγω
482 3547 630 3616 ὑμῖν,
664 3548 748 3600 ὅτι
774 3548 943 3617 ἐγγὺς
970 3549 1065 3602 τοῦ
1097 3550 1266 3602 τόπου
1294 3551 1506 3603 ἐκείνου
1538 3552 1684 3603 ἐστὶν
1722 3552 1898 3621 φρέαρ

307 3638 405 3690 τοῦ
444 3638 541 3690 νῦν
570 3639 918 3711 Ζουνςούμην
939 3681 954 3707 ,
1001 3641 1126 3711 ἐχον
1157 3642 1293 3695 πολὺ
1329 3641 1496 3714 ὕδωρ,
1524 3643 1618 3695 καὶ
1647 3641 1775 3706 τοὺς
1806 3660 1900 3713 φυ-

307 3731 507 3798 γόντας
526 3731 705 3785 ἐκεῖσε
736 3731 983 3788 ἔϐαλλον.
1010 3734 1122 3787 Καὶ
1142 3733 1207 3786 σὺ
1239 3732 1608 3803 πεπλάνησαι,
1629 3734 1722 3787 καὶ
1743 3735 1898 3803 ἆγιον

306 3824 474 3877 τόπον
501 3822 819 3888 λιθοϐολεῖς,
838 3825 935 3878 καὶ⁹
957 3828 1013 3878 ἐν
1039 3824 1116 3896 τῷ
1140 3825 1509 3897 ὑποστρέφειν
1530 3829 1594 3880 ὲκ
1616 3826 1706 3879 τὸν
1730 3827 1900 3880 Μακᾶ

309 3914 611 3984 λαμϐάνεις
642 3914 789 3986 ὕδωρ
812 3917 875 3969 ἐκ
906 3917 999 3969 τοῦ
1040 3917 1276 3988 φρέατος
1307 3918 1540 3973 ἐκείνου.
1580 3918 1691 3972 Καὶ
1733 3936 1897 3989 κομι-

311 4007 538 4078 ζόμενος
579 4010 660 4072 εἰς
684 4008 783 4080 τὴν
814 4009 991 4062 οἰκίαν
1022 4011 1143 4064 ἀντὶ
1172 4010 1442 4077 εὐλογίας,
1471 4011 1566 4063 καὶ
1591 4013 1670 4074 είς
1704 4012 1899 4081 ἐτέρας

309 4101 518 4172 χώρας,
558 4099 657 4153 καὶ
686 4101 1040 4172 ἐρωτώμενος
1070 4100 1375 4172 παρ’ἐμοῦ,
1411 4101 1474 4153 Τί
1500 4103 1727 4154 ἐστιντὸ
1753 4100 1899 4173 ὕδωρ

307 4192 491 4256 τοῦτο,
543 4194 636 4245 καὶ
689 4195 855 4247 πόθεν
901 4194 1013 4264 ἔχει
1070 4194 1168 4263 τὴν
1204 4194 1489 4261 εύλογίαν;
1540 4197 1634 4246 καὶ
1688 4194 1895 4261 λέγετε·

308 4284 481 4337 Τοῦτό
504 4286 621 4336 ἐστι
639 4284 698 4336 τὸ
716 4284 860 4356 ὕδωρ
886 4286 946 4337 τὸ
968 4285 1337 4355 Ζουνζούμῃν,
1364 4286 1447 4338 ὃτι
1472 4284 1604 4336 ποτὲ
1626 4286 1654 4337 6
1674 4286 1785 4348 υίὸς
1806 4285 1898 4337 τοῦ

324 4376 575 4447 ’Λϐραὰμ
603 4376 874 4447 ἐκοιμήθη
895 4379 1031 4440 ἐκεῖ,
1061 4379 1158 4430 καὶ
1174 4377 1466 4441 ἐξυπνίσας
1496 4375 1772 4446 gazam“,
1806 4378 1900 4429 καὶ

312 4469 389 4539 μὴ
430 4469 703 4537 εὑρίσκων
758 4469 922 4538 ὕδωρ,
973 4468 1162 4540 έτριψε
1194 4471 1293 4538 τήν
1329 4471 1571 4540 πτέρναν
1614 4467 1779 4522 αὑτοῦ
1820 4470 1899 4532 εἰς

308 4566 408 4635 τὴν
443 4565 570 4634 γῆν,
625 4564 720 4617 καὶ
749 4565 909 4633 ἐξέϐη
944 4565 1007 4618 τὸ
1041 4565 1206 4634 ὕδωρ,
1237 4566 1331 4619 καὶ
1353 4564 1585 4635 παρέχει
1618 4564 1768 4619 ἐστὶν
1797 4564 1900 4635 βω·

314 4658 433 4724 μὸς,
468 4656 562 4707 καὶ
604 4656 882 4709 ἀναϐαίνει
916 4657 943 4708 ὁ
973 4656 1098 4719 λαὸς
1133 4655 1309 4728 ὑμῶν,
1338 4658 1434 4710 καὶ
1488 4656 1734 4710 ποιοῦσιν
1765 4657 1903 4726 ἡμέ-

316 4765 412 4818 ρας
444 4754 514 4817 γ’,
561 4752 655 4802 καὶ
698 4750 893 4819 βοῶσιν
932 4749 1105 4812 οὕτως
1142 4750 1415 4817 λέγοντες,
1454 4749 1589 4819 πρὸς
1632 4750 1727 4802 τὸν
1773 4748 1904 4801 Θεὸν

310 4842 579 4911 δεόμενοι·
619 4842 683 4894 Τί
734 4842 1019 4908 κελεύεις;
1065 4846 1128 4896 ἐκ
1175 4844 1383 4914 τρίτου,
1423 4846 1515 4896 καὶ
1550 4840 1905 4912 ἐρωτώμενος

312 4934 442 5006 παρ’
476 4934 635 5005 ἐμοῦ,
658 4936 815 4998 Τίνος
844 4937 1005 5007 χάριν
1035 4936 1194 4989 τοῦτο
1224 4938 1454 5002 noni-c3;
1482 4935 1786 5004 λέγετε,ὅτι
1810 4933 1899 4986 τὸν

326 5025 519 5093 Ἄδαμ,
558 5027 650 5078 καὶ
684 5028 781 5096 τὴν
813 5026 927 5079 Εὔα
963 5022 1065 5079 ὦδε
1126 5027 1337 5097 ἥνωσεν
1364 5026 1393 5078 6
1431 5025 1585 5089 Θεὸς,
1626 5027 1720 5079 καὶ
1762 5025 1897 5094 μετὰ

310 5117 418 5169 τῶν
471 5118 647 5172 ἄλλων
692 5119 972 5189 φλυαριῶν
1010 5120 1301 5190 φλυαρείτε
1332 5122 1427 5171 καὶ
1454 5116 1613 5170 τοῦτο
1665 5119 1901 5171 ἐοίκατε.

309 5207 415 5259 Φεῦ
446 5209 548 5278 τῆς
597 5212 827 5274 ἀτοπίας
868 5211 962 5265 καὶ
997 5210 1091 5263 τοῦ
1130 5210 1501 5279 τολμήματος,
1532 5211 1694 5264 ἄθεον
1726 5210 1902 5261 ποιεῖν

309 5298 402 5351 τὸν
436 5299 567 5353 Θεόν
590 5302 602 5353 l

1932 4513 1979 4571 Ι)

2001 3284 2092 3351 qui
2128 3284 2270 3337 inter
2295 3281 2688 3337 abominandos
2719 3282 2857 3334 ritus
2888 3290 3099 3335 vestros
3126 3280 3374 3348 usurpari
3417 3282 3576 3335 solet.

2005 3368 2181 3426 Unum
2214 3369 2415 3439 quippe
2444 3371 2660 3440 signum
2689 3368 2879 3424 soletis
2906 3367 3103 3423 aﬂ'erre
3128 3386 3194 3423 ex
3228 3370 3292 3425 iis
3317 3371 3409 3439 qui
3438 3370 3581 3425 Mee-

1999 3465 2157 3516 cham
2213 3461 2282 3514 ad
2346 3464 2611 3514 orandum
2683 3460 3083 3527 ingrediuntur.
3135 3458 3324 3514 Solent
3383 3462 3581 3531 quippe

2003 3554 2149 3608 hunc
2178 3553 2352 3606 locum
2387 3551 2656 3621 lapidibus
2689 3551 2966 3622 impetere.
2996 3553 3058 3606 Et
3086 3553 3400 3621 interrogati
3460 3554 3579 3608 Mn-

2000 3647 2272 3702 sulmanni
2303 3661 2472 3716 quare
2505 3645 2715 3713 lapides
2770 3646 2851 3699 sic
2883 3644 3192 3713 projiciant,
3255 3650 3582 3713 respondent

2001 3744 2123 3799 ideo
2147 3743 2201 3797 id
2241 3742 2355 3796 lieri
2379 3744 2504 3811 quia
2541 3741 2865 3810 Abutalipes
2888 3739 3057 3794 noluit
3081 3740 3305 3793 credere
3337 3738 3581 3794 Muham-

2007 3835 2176 3891 medi.
2207 3834 2394 3889 Altero
2428 3849 2559 3889 vero
2585 3835 2743 3903 signo
2779 3844 2826 3887 te
2851 3833 3231 3886 confutaturus
3272 3847 3413 3887 sum.
3444 3830 3580 3887 Nam

1996 3926 2147 3995 juxta
2189 3927 2351 3979 istum
2381 3925 2558 3979 lorum
2605 3936 2687 3979 est
2742 3932 2933 3995 puteus
2978 3924 3293 3977 Tsumtsum
3357 3924 3411 3977 in
3474 3939 3585 3993 quo

2002 4032 2236 4069 tnaxtma
2266 4031 2529 4084 aquarum
2591 4016 2770 4083 cOpia,
2799 4029 2827 4065 a
2865 4029 2995 4081 quo,
3029 4015 3374 4075 accedentes,
3402 4013 3582 4068 solent

2001 4121 2190 4161 arcere
2226 4118 2282 4160 et
2306 4106 2527 4173 ejicere.
2554 4105 2619 4157 Et
2677 4114 2729 4157 tu
2790 4105 3056 4171 impostor
3085 4113 3138 4158 et
3189 4105 3468 4172 deceptus,
3501 4104 3577 4157 la-

2007 4199 2221 4267 pidibus
2273 4197 2487 4265 impetis
2550 4195 2728 4250 locum
2791 4197 2953 4250 istum
3014 4193 3295 4247 Sanctum.
3336 4194 3397 4248 Et
3458 4210 3599 4250 cum-

2002 4289 2220 4344 Meceha
2247 4288 2538 4342 reverteris
2567 4288 2810 4349 domum,
2834 4301 3031 4354 aquam
3066 4301 3130 4339 ex
3181 4285 3287 4340 isto
3314 4296 3475 4355 puteo
3500 4303 3583 4342 ac-

2003 4385 2139 4453 cipis
2171 4396 2332 4451 qnam
2363 4379 2479 4433 loco
2510 4379 2904 4433 benedictionis
2935 4379 3254 4444 tibiservas,
3279 4388 3331 4433 et
3368 4379 3419 4432 in
3448 4379 3583 4436 alias

2008 4473 2255 4543 regiones
2293 4471 2437 4524 soles
2469 4479 2912 4538 ctrcumgestarc.
2943 4469 3006 4522 Et
3035 4487 3064 4522 a
3109 4486 3194 4523 me
3218 4470 3582 4538 interrogatus

2007 4565 2186 4635 qualis
2216 4574 2300 4617 est
2336 4565 2437 4618 ista
2479 4578 2641 4630 aqua,
2677 4572 2730 4616 et
2755 4562 2895 4615 untle
2927 4562 3086 4615 istam
3148 4563 3580 4618 benedictionem

2003 4658 2246 4712 hauserit
2265 4667 2319 4709 et
2338 4655 2701 4716 contraxerit;
2730 4655 3066 4723 respondetis
3088 4672 3103 4709 :
3129 4652 3222 4708 Est
3250 4669 3386 4723 aqua
3414 4654 3582 4708 Zum-

2003 4763 2146 4812 zum,
2179 4747 2305 4816 quia
2336 4746 2405 4801 ibi
2442 4748 2580 4799 lilius
2602 4746 2898 4799 Abrahami
2941 4761 3134 4800 somno
3188 4747 3414 4801 obrutus
3443 4746 3572 4799 dor-

2005 4840 2177 4902 mitit,
2206 4853 2435 4893 excusso
2466 4852 2593 4893 vero
2626 4854 2843 4904 sumno,
2873 4854 2997 4893 cum
3033 4838 3121 4892 siti
3148 4846 3457 4906 urgeretur,
3484 4852 3583 4892 nec

2006 4936 2218 4986 adesset
2242 4946 2380 5000 aqua
2408 4945 2510 4999 qua
2554 4931 2701 4986 sitim
2750 4932 3132 5002 restingueret,
3165 4928 3420 4983 calcaneo
3473 4940 3582 4983 ter-

2007 5042 2121 5080 ram
2157 5024 2304 5078 trivit
2340 5032 2394 5077 et
2443 5024 2696 5092 pulsavit,
2719 5033 2773 5077 et
2812 5024 2996 5078 statim
3028 5038 3180 5093 aqua:
3229 5021 3496 5077 scaturire
3525 5031 3580 5078 et

2004 5131 2229 5172 manere
2253 5116 2582 5185 incipiebant
2611 5114 2801 5181 ;juxta
2834 5131 2964 5170 vero
2993 5125 3076 5169 est
3110 5113 3301 5180 altare,
3340 5116 3406 5167 ad
3433 5119 3577 5183 quod

2006 5209 2232 5279 p0pulus
2263 5208 2491 5269 accedit.
2517 5217 2571 5262 et
2596 5208 2829 5264 statione
2876 5208 3040 5260 trium
3066 5206 3274 5260 dierum
3328 5206 3396 5258 ibi
3428 5221 3576 5259 como

2009 5307 2277 5363 moratur,
2311 5297 2583 5353 incondita
2628 5311 2761 5351 voce
2796 5295 3039 5349 clamans
3074 5303 3130 5347 et
3162 5294 3433 5347 orationes
3470 5292 3582 5345 l'un-

314 5390 449 5444 deus
486 5392 549 5441 ad
578 5390 768 5456 Demn,
797 5400 850 5444 et
894 5391 1121 5446 dicens:
1155 5391 1293 5457 Quid
1330 5390 1621 5462 pracipis?
1660 5388 1846 5444 Tertio
1900 5390 2069 5458 rogati
2128 5404 2344 5458 quoque
2382 5402 2411 5441 a
2454 5401 2539 5441 me
2590 5400 2758 5457 quare
2804 5386 2902 5439 hos
2949 5384 3184 5448 faciatis,
3229 5379 3571 5451 respondetis

314 5485 441 5551 quia
473 5486 741 5538 Adamum
774 5494 827 5538 et
849 5484 1016 5538 Evam
1077 5486 1152 5539 ibi
1186 5485 1330 5539 Deus
1401 5483 1751 5536 matrimonio
1817 5481 2110 5548 copulavit,
2143 5482 2317 5535 ethoc
2351 5481 2610 5549 ﬁgmento
2684 5487 2740 5533 et
2770 5478 2988 5544 delirio,
3014 5486 3229 5531 vestras
3250 5474 3385 5529 alias
3409 5489 3581 5544 nugas

316 5587 366 5629 et
413 5575 645 5646 ineptias
676 5575 982 5630 cumulatis.
1024 5573 1137 5628 Vah
1182 5573 1538 5628 absurditatis
1565 5578 1621 5625 et
1680 5571 2025 5633 temeritatis,
2069 5586 2170 5639 qua
2205 5570 2345 5625 Deus
2380 5570 2440 5623 lit
2490 5570 2726 5623 atheus!

384 5670 496 5722 Καὶ
524 5669 803 5739 προάγων,
836 5669 974 5738 μετὰ
1004 5668 1061 5721 δὲ
1089 5666 1185 5720 τοῦ
1219 5667 1567 5736 φονευθῆναι,
1601 5664 1700 5731 τὴν
1725 5660 1902 5731 γραῦν

320 5761 463 5842 μετὰ
506 5761 630 5825 τοὺς
682 5760 878 5824 παῖδας
930 5761 1137 5832 αὐτῆς,
1178 5760 1271 5812 καὶ
1327 5758 1418 5811 τὸν
1486 5755 1865 5825 Ἀπουταλέπη
1895 5795 1907 5817 ,

2081 5662 2185 5715 Sed
2214 5678 2399 5731 pergo.
2434 5660 2728 5731 Postquam
2761 5659 3101 5714 Muhammed
3154 5658 3443 5713 occidisset.
3489 5672 3576 5711 ve-

2026 5752 2191 5809 tulam
2223 5754 2379 5813 istam
2414 5768 2535 5808 cum
2588 5753 2776 5808 liberis
2833 5754 2970 5820 suis,
2994 5765 3047 5807 et
3094 5751 3467 5822 Abutalepum,
3497 5765 3579 5806 rc.-
