3978 6238
451 294 586 358 1139

1580 314 2146 378 BARTHOLOMJEI
2184 321 2555 386 EDESSENI

3582 336 3720 402 l4i0

447 425 640 465 versus
671 419 753 466 est
790 428 911 467 cum
942 418 1183 472 exercitu
1233 434 1332 475 suo
1379 420 1435 475 in
1479 422 1667 478 urbem
1726 424 1995 482 Medinam

2126 432 2367 507 ἐστράφη
2394 438 2421 489 ὁ
2453 437 2758 509 Μουχάμετ
2786 441 2925 509 μετὰ
2955 442 3015 496 τὸ
3044 443 3316 513 φουσάτον
3343 445 3511 501 αὑτοῦ
3536 452 3616 514 εἰς
3653 451 3717 504 τὸ

444 515 501 559 et
529 505 597 557 ibi
625 506 915 561 maximam
951 510 1211 564 bonorum
1241 513 1450 581 copiam
1474 531 1488 568 τ
1512 513 1812 584 Acquisivit
1844 528 1896 571 et
1920 519 2021 574 sibi

448 598 803 662 cenipnravit.
828 599 969 651 Dixit
993 616 1119 654 vero
1146 604 1339 667 turbis,
1368 605 1735 676 archangelus
1766 590 1857 662 D'ei
1889 611 2021 664 mihi

446 683 617 739 adfuit
639 688 833 755 jnbens
857 701 914 743 ut
941 693 1213 748 discedam
1243 696 1293 749 in
1322 698 1658 764 provinciam
1716 708 1771 753 et.
1819 708 2019 755 terram

446 774 663 829 Marada
723 779 787 831 ad
829 792 1077 850 posteros
1105 785 1187 836 avi
1226 785 1353 848 mei,
1383 786 1608 856 illosque
1639 804 1887 843 revocem
1955 790 2022 844 ab

441 870 719 922 erroribus
741 872 934 940 quibus
990 890 1132 929 nnuc
1194 888 1323 931 sunt
1370 879 1612 933 immersi
1650 899 1663 934 :
1698 880 1809 952 Ego
1840 891 2018 936 autem

442 956 727 1012 discedens
765 962 915 1015 vobis
958 964 1206 1035 relinquo
1237 967 1646 1031 Abubakerum,
1686 979 1744 1023 ut
1770 986 1862 1025 vos
1884 972 2011 1027 lior-

444 1060 610 1115 tetur,
637 1055 830 1108 doceat
855 1058 1203 1113 ctconlirmet
1234 1060 1284 1113 in
1308 1061 1373 1115 iis
1390 1077 1510 1131 qua
1563 1063 1868 1121 audivistis.
1894 1064 2019 1118 Tri-

440 1142 591 1198 stitia
613 1160 740 1198 vero
770 1163 873 1200 non
893 1164 986 1203 vos
1009 1152 1288 1219 corripiat,
1306 1169 1428 1206 nam
1456 1154 1607 1208 brevi
1633 1165 1875 1210 revertar
1895 1171 2015 1227 ego,

442 1235 646 1290 interea
685 1237 1014 1295 Abubakero
1057 1251 1232 1297 estote
1289 1247 1568 1315 morigeri.
1599 1248 1744 1301 Abiit
1774 1262 1908 1318 ergo
1953 1250 2018 1304 de

441 1325 559 1380 loco
586 1327 636 1380 in
672 1329 868 1393 locum,
898 1342 951 1384 et
986 1334 1052 1386 de
1090 1337 1364 1402 provincia
1418 1336 1472 1390 in
1522 1339 1879 1405 provinciam.
1921 1340 2014 1394 Dei

438 1427 621 1470 autem
656 1420 888 1474 viventis
918 1432 973 1476 et
1019 1425 1408 1492 sapientissimi
1468 1431 1804 1497 providentia
1838 1432 2031 1497 cooti—_

437 1512 513 1577 git
550 1522 606 1561 ut
652 1514 961 1578 perveniret
993 1515 1043 1569 in
1074 1515 1250 1569 locum
1279 1519 1365 1572 ubi
1422 1519 1565 1573 illius
1594 1537 1725 1575 avus
1750 1532 1803 1577 et
1847 1523 2015 1577 Cora-

438 1602 593 1655 siOIae
618 1619 791 1670 pugna
820 1606 961 1660 inter
994 1622 1051 1663 se
1077 1609 1459 1665 conﬂixerunt.
1484 1610 1855 1682 ,Rogaverunt
1884 1632 2014 1685 ergo

439 1692 584 1746 illum
609 1696 731 1763 quis
754 1706 807 1749 et
838 1697 987 1765 cujas
1018 1709 1183 1754 esset.
1213 1700 1545 1771 Respondit:
1573 1703 1702 1758 Sum
1725 1723 1789 1759 ex
1816 1722 2013 1777 genere

2126 524 2365 597 κάστρον
2404 530 2640 596 Ματινά,
2672 533 2764 584 καὶ
2813 534 3043 605 ἐποίησε
3094 537 3381 609 κτητόριον
3414 539 3579 609 μέγα,
3618 545 3716 595 καὶ

2125 610 2280 670 εἶπεν
2330 621 2444 682 τοῖς
2493 621 2691 691 ὄχλοις
2761 624 2819 677 Ὀ
2874 626 3217 697 ἀρχάγγελος
3257 630 3466 700 Κυρίου
3537 632 3715 687 ἐλθὼν

2125 710 2260 779 πρός
2305 728 2371 779 με
2401 713 2496 765 καὶ
2522 715 2648 767 τάδε
2677 718 2830 786 φησί’
2872 719 3107 772 ’Λπελθε
3140 721 3221 784 εἰς
3254 720 3439 792 χώραν
3475 724 3715 795 Μαραδά

2123 802 2204 864 εις
2228 804 2296 856 τὰ
2330 806 2523 873 γονικά
2556 807 2649 860 τοῦ
2681 810 2908 862 πάππου
2936 827 3053 874 σου,
3076 812 3164 867 ἵνα
3188 813 3425 886 στρέψῃς
3449 816 3578 869 λαὸν
3609 835 3712 870 πε-

2123 889 2494 963 πλανημένον.
2552 897 2669 951 Νῦν
2716 898 2773 951 δὲ
2812 893 2914 953 ὧδε
2982 901 3189 973 ἀφίημι
3231 904 3527 974 ὑμῖνάντὶ
3570 908 3711 979 ἐμοῦ

2121 980 2704 1058 τὸνἈποπάκρην,ἴνα
2734 991 3072 1047 νουθετεῖσθε
3104 996 3198 1049 καὶ
3245 996 3566 1053 διδάσκεσθε
3603 1002 3715 1055 ὑπὸ

2120 1073 2190 1127 τὰ
2220 1075 2488 1147 λεγόμενα
2521 1082 2669 1151 ὑμῖν,
2700 1084 2795 1136 καὶ
2830 1081 2907 1154 μὴ
2928 1083 3210 1153 λυπεῖσθε,
3235 1089 3318 1142 ὅτι
3343 1090 3455 1157 ἐγὼ
3486 1094 3544 1144 ἐν
3576 1110 3712 1147 συν-

2119 1167 2272 1238 τόμῳ
2296 1171 2623 1243 στρέφομαι,
2652 1177 2744 1229 καὶ
2766 1175 2921 1248 ἔχετε
2947 1178 3042 1232 τὸν
3080 1180 3462 1254 Ἀποπάκρην.
3500 1185 3711 1257 Ἀπῆλ-

2119 1258 2211 1313 θεν
2241 1263 2306 1316 ἐκ
2334 1264 2499 1318 τόπου
2530 1269 2611 1330 εἰς
2641 1269 2827 1333 τόπον,
2877 1270 2971 1324 καὶ
3022 1272 3133 1325 ἀπὸ
3160 1272 3344 1345 χώρας
3390 1277 3471 1338 εἰς
3497 1276 3709 1347 χώραν,

2117 1354 2211 1405 καὶ
2242 1356 2527 1428 οἰκονομίᾳ
2560 1358 2653 1411 τοῦ
2690 1359 2893 1426 ζῶντος
2924 1363 3019 1417 καὶ
3049 1364 3273 1433 λογικοῦ
3324 1367 3462 1420 Θεοῦ
3498 1370 3709 1422 ἐπέπε-

2118 1461 2210 1497 σεν
2235 1447 2315 1509 εἰς
2348 1447 2533 1514 τόπον,
2558 1451 2639 1515 εἰς
2666 1451 2724 1504 ὃν
2755 1453 2977 1521 ἐγένετο
3006 1458 3035 1509 ὁ
3070 1456 3309 1527 πόλεμος
3341 1457 3437 1510 τοῦ
3472 1458 3708 1512 πάππου

2117 1535 2284 1588 αὐτοῦ
2325 1539 2464 1607 μετά
2490 1540 2582 1593 τοῦ
2623 1543 2882 1615 Κωρέση.
2907 1546 3017 1597 Kal
3046 1547 3341 1617 ἠρώτησαν
3370 1548 3554 1601 αὐτόν’
3590 1549 3706 1613 Τίς

2117 1622 2198 1691 ei;
2220 1627 2328 1679 Kal
2353 1629 2568 1695 ἐξεῖπεν
2584 1634 2789 1699 αὐτοῖς·
2816 1636 2961 1706 Ἐγώ
2987 1639 3102 1709 εἰμι
3134 1641 3199 1692 ἐκ
3227 1642 3420 1709 γένους
3442 1641 3550 1693 τῶν
3573 1642 3708 1695 Κω-

2118 1718 2423 1782 ρασιωτῶν.
2464 1720 2766 1794 Ἐζήτησαν
2814 1722 2906 1779 οὖν
2938 1728 3133 1799 μαθεῖν
3176 1729 3417 1793 ἅπαντες
3443 1731 3501 1784 τὸ
3529 1731 3705 1801 ὄνομα

436 1782 866 1843 Corasiotarum.
905 1787 1209 1859 Pergebant
1240 1801 1294 1846 et
1328 1796 1593 1863 frepetitis
1623 1799 2002 1865 qutestionibus

2115 1809 2304 1873 αὑτοῦ,
2322 1812 2431 1864 Kal
2459 1813 2510 1865 τί
2533 1782 2767 1886 σημεῖον
2798 1782 2950 1889 ἔχειςι
2972 1823 3035 1874 ἐκ
3056 1821 3159 1892 τῆς
3171 1822 3352 1895 χώρας
3382 1824 3619 1895 ἐκείνης,
3644 1828 3709 1881 ἐν

437 1876 723 1945 urgebant,
756 1886 814 1932 ut
850 1892 1072 1947 possent
1102 1885 1314 1938 tandem
1350 1902 1509 1941 nosse
1536 1889 1696 1958 quale
1734 1902 1877 1947 esset
1925 1908 2013 1947 no-

437 1982 557 2020 men
590 1968 754 2024 illius.
793 1971 1051 2027 Dicebant
1081 1990 1263 2043 ergo:
1294 1976 1411 2043 Quo
1448 1979 1647 2036 indicio
1690 1988 2013 2053 comprobas

439 2069 490 2111 te
521 2074 643 2113 esse
685 2062 919 2115 incolam
943 2066 1179 2133 regionis
1202 2081 1362 2134 quam
1399 2083 1688 2138 memoras,
1721 2084 1776 2127 et
1820 2075 1871 2126 in
1906 2091 2010 2143 qua

438 2149 575 2203 dicis
630 2151 907 2206 habitasse
963 2170 1121 2207 avum
1166 2158 1457 2211 tuum?Et
1512 2160 1643 2230 ipsis
1689 2164 2014 2231 significavit

438 2247 711 2309 quomodo
738 2246 887 2301 locus
924 2262 1210 2305 vocaretur
1262 2252 1508 2311 Marada.
1565 2260 1809 2327 Contigit
1861 2278 2010 2331 vero,

439 2333 739 2403 inquiebat,
766 2348 825 2390 ut
854 2339 963 2393 duo
1009 2340 1229 2409 fratres,
1275 2345 1413 2399 bello
1446 2348 1588 2403 inter
1622 2351 1740 2406 illos
1768 2358 2014 2422 gexarde-

445 2437 650 2495 seente,
683 2438 870 2484 mutuo
896 2446 953 2486 se
978 2446 1260 2489 vexarent.
1292 2436 1450 2492 Unde
1480 2455 1611 2494 avus
1654 2458 1804 2499 meus
1830 2447 2013 2502 debuit

439 2516 645 2583 lugere,
676 2521 848 2573 solum
877 2532 1109 2591 vertere,
1151 2537 1202 2580 et
1236 2527 1363 2582 alibi
1396 2532 1554 2585 sedes
1607 2551 1875 2602 quaerere.
1929 2537 2009 2592 Ex

430 2608 552 2663 istis
587 2626 712 2665 vero
735 2615 916 2668 verbis
947 2620 1618 2677 animadvertebantillum
1651 2643 1773 2681 vera
1807 2630 2006 2686 dicere.

433 2704 760 2763 uumrebaut
800 2719 931 2773 ergo
960 2711 1231 2774 quodnam
1256 2722 1401 2765 esset
1434 2712 1579 2770 illius
1616 2734 1833 2775 nomen.
1868 2723 2010 2776 Dixit

431 2791 588 2856 ipsis.
620 2791 730 2859 ligo
784 2811 945 2849 vocor
994 2797 1437 2867 Mubammed,et
1487 2822 1604 2861 sum
1643 2813 1902 2879 propheta
1955 2826 2010 2868 el.

430 2883 703 2949 aposwlns
726 2883 840 2938 Dei.
878 2887 957 2939 Ad
985 2906 1105 2958 qua:
1132 2898 1487 2963 regerebant:
1514 2898 1719 2956 Rumor
1749 2906 1890 2971 apud
1910 2921 2008 2961 nos

430 2976 677 3041 pervenit
710 2992 894 3031 revera
931 2986 1247 3051 prophetam
1293 2991 1584 3045 excitatum
1613 3008 1679 3047 ex
1710 2998 1843 3050 urbe
1898 2997 2007 3054 Me-

428 3065 583 3130 diua;
612 3084 677 3119 an
706 3080 756 3122 ιιι
787 3071 873 3124 ille
898 3073 1011 3142 ipse
1048 3078 1166 3130 est?
1188 3078 1382 3134 Statim
1412 3087 1793 3153 respondebat:
1813 3088 2009 3159 Utique

428 3174 549 3212 sum
587 3161 677 3215 ille
703 3164 847 3232 ipse;
876 3166 1094 3236 insuper
1124 3179 1250 3226 ve‘ro
1282 3175 1463 3231 audite
1490 3194 1519 3230 a
1546 3192 1631 3232 me
1667 3184 2005 3239 tremendum

429 3265 741 3323 mysterium
774 3274 787 3311 :
818 3268 967 3314 tanto
1000 3278 1088 3317 rite
1151 3264 1295 3320 Deus
1342 3282 1528 3323 amore
1549 3284 1867 3339 prosecutus
1895 3288 1999 3345 est,

429 3356 486 3398 nt
544 3360 855 3417 assumptus
914 3352 1104 3407 fuerim
1153 3357 1205 3409 in
1255 3359 1421 3413 etelos
1477 3364 1833 3435 celsissimos,
1878 3387 1998 3426 cum

428 3438 562 3490 meis
589 3440 718 3507 ipsis
748 3444 963 3507 calt-eis,
984 3455 1035 3500 et
1061 3448 1171 3500 sedi
1200 3447 1352 3516 juxta
1380 3450 1547 3506 Deum
1580 3463 1688 3510 tam
1751 3462 1997 3527 proxime

424 3544 586 3597 quam
619 3536 974 3601 supercilium
1035 3554 1197 3590 unum
1242 3544 1561 3599 astatalteri
1584 3552 1895 3616 supercilio.
1928 3552 1995 3607 Et

2116 1893 2151 1971 ᾖ
2181 1906 2430 1955 κατοικεῖ
2452 1906 2479 1957 6
2502 1907 2726 1971 πάππος
2761 1926 2853 1963 σου
2883 1912 3157 1981 λέγοντες.
3190 1893 3299 1970 Kal
3330 1912 3485 1972 εἶπεν
3514 1893 3707 1985 αῦτοῖς

2114 1990 2175 2042 τὸ
2214 1993 2331 2075 πῶς
2382 1995 2630 2050 ἐκαλεῖτο
2683 2002 2936 2072 Μαραδὰ.
2994 2005 3205 2078 Συνέϐη
3251 2010 3308 2061 δὲ
3340 2011 3599 2079 γενεσθαι
3643 2016 3706 2067 ἐν

2118 2082 2267 2153 μέσῳ
2298 2072 2406 2139 τῶν
2429 2086 2522 2140 δύο
2544 2090 2788 2159 ἀδελφῶν
2820 2095 3075 2163 πόλεμος.
3108 2072 3218 2152 Kal
3249 2072 3463 2173 ἀφήκεν
3494 2106 3521 2157 ό
3554 2106 3703 2159 πάπ-

2115 2191 2215 2237 πος
2246 2193 2347 2246 μου
2374 2178 2466 2232 τὸν
2504 2182 2668 2237 τόπον
2708 2186 2891 2251 αὐτοῦ,
2931 2191 3026 2242 καὶ
3056 2190 3279 2261 ἔφυγεν,
3326 2199 3421 2249 καὶ
3453 2197 3565 2250 ἀπὸ
3600 2197 3700 2251 τοῦ

2113 2265 2270 2335 λόγου
2315 2271 2479 2324 αὑτοῦ
2536 2275 2911 2347 ἀνεγνώρισαν
2939 2282 3125 2339 αὐτόν.
3182 2286 3293 2339 Καὶ
3338 2283 3606 2345 εἶπονοΣὺ
3638 2291 3700 2345 δὲ

2114 2359 2233 2423 πῶς
2274 2363 2563 2433 καλεῖσαι;
2596 2369 2761 2438 Λέγει
2794 2372 3011 2437 αὐτοῖς*
3060 2376 3134 2429 Τὸ
3184 2377 3358 2449 ὖνομά
3394 2399 3498 2451 μου
3557 2380 3701 2437 εἶναι

2112 2452 2436 2524 Μουχάμετ,
2464 2460 2559 2512 καὶ
2586 2456 2727 2532 ἧμαι
2755 2466 3043 2538 προφήτης
3067 2471 3162 2522 καὶ
3196 2471 3495 2537 ἀπόστολος
3533 2474 3696 2529 Θεοῦ.

2113 2544 2222 2598 Kal
2276 2543 2429 2601 εἶπον
2481 2553 2619 2621 πρὸς
2647 2555 2830 2609 αὐτόν⁸
2879 2557 3247 2631 Ἦκούσαμεν,
3295 2564 3377 2616 ὅτι
3411 2567 3698 2637 προφήτης

2112 2636 2408 2709 ἐγήγερται
2436 2644 2499 2696 ἐκ
2525 2644 2623 2715 τῆς
2656 2646 2761 2718 γῆς
2795 2650 3033 2713 Ματινά,
3065 2655 3159 2706 καὶ
3183 2655 3259 2725 μὴ
3294 2656 3388 2709 ὲσὺ
3414 2652 3497 2725 el;
3524 2636 3695 2727 Λέγει

2112 2731 2316 2797 αὐτοῖς,
2350 2734 2431 2787 ὅτι
2478 2735 2618 2805 Ἐγώ
2642 2741 2777 2809 εἰμι,
2804 2743 2897 2796 καὶ
2929 2744 3196 2799 ἀκούσατε
3232 2748 3292 2801 τὸ
3324 2751 3550 2818 φρικτὸν
3589 2770 3693 2823 μυ-

2112 2822 2333 2893 στήριον
2380 2826 2461 2878 ὅτι
2508 2830 2760 2885 τοσοῦτον
2810 2836 3106 2907 ὴγαπήθην
3146 2840 3297 2910 παρά
3344 2841 3502 2906 Θεοῦ,
3550 2843 3694 2897 ὥστε

2109 2913 2486 2986 ἀναληφθῆναί
2513 2938 2578 2989 με
2608 2923 2687 2984 εἰς
2709 2923 2778 2976 τά
2812 2924 2921 2997 ὕψη
2953 2929 3122 2997 ἐγγὺς
3145 2929 3239 2982 τοῦ
3257 2931 3414 2996 Θεοῦ,
3438 2934 3536 2986 καὶ
3561 2936 3695 2987 ἐκά-

2110 3003 2237 3085 θισα
2277 3009 2372 3059 σὺν
2404 3013 2518 3075 τοῖς
2546 3014 2855 3080 σανδαλίοις
2899 3036 3003 3088 μου
3031 3022 3138 3074 ἀπὸ
3181 3024 3354 3095 ὀφρὺν
3384 3028 3464 3089 εἰς
3491 3026 3691 3098 ὀφρύν.

2113 3082 2220 3150 Καὶ
2252 3101 2510 3172 συνέτυχέ
2549 3122 2638 3171 μοι
2661 3112 2687 3160 6
2714 3109 2847 3171 Θεὸς
2873 3082 3089 3183 ageam
3112 3082 3354 3184 ῥήματα,
3389 3082 3483 3169 καὶ

2112 3206 2241 3259 ρισα
2266 3193 2447 3258 αὑτὸν,
2486 3203 2580 3250 καὶ
2618 3201 2957 3274 ἐγνωρίσθην
2993 3206 3124 3277 παρ’
3164 3207 3355 3274 αὑτοῦ,
3398 3210 3493 3262 καὶ
3547 3229 3689 3282 προ-

2108 3283 2286 3353 φήτην
2329 3287 2555 3341 ἐκάλεσέ
2603 3308 2700 3360 με,
2745 3294 2838 3346 καὶ
2867 3292 3022 3349 εἶπεν
3064 3314 3191 3367 μοι’
3236 3300 3362 3355 Ἐὰν
3384 3302 3484 3356 οὐκ
3527 3299 3597 3375 ἦν
3654 3308 3687 3376 ἡ

2102 3374 2293 3445 ἀγάπη
2339 3395 2455 3442 σου,
2493 3380 2616 3435 οὔτε
2668 3384 2759 3437 τὸν
2783 3387 3034 3457 οὐρανὸν,
3068 3389 3191 3443 οὔτε
3210 3390 3309 3464 τὴν
3338 3393 3441 3463 γῆν
3459 3374 3688 3465 ἔμελλον

2100 3468 2343 3538 ποιῆσαι,
2371 3471 2509 3527 ἀλλὰ
2541 3476 2635 3529 καὶ
2663 3476 2723 3530 τὸ
2743 3478 2914 3550 ῦνομά
2938 3498 3030 3534 σου
3059 3484 3275 3555 ἐγράφη
3312 3487 3373 3540 τὸ
3394 3487 3563 3559 γῦρον
3587 3490 3683 3545 τοῦ

2098 3559 2287 3630 θρόνου
2312 3581 2434 3633 μου.
3378 3581 3386 3589 ’

428 3619 576 3673 illum
611 3628 862 3692 cognovi,
887 3630 1036 3681 etab
1070 3630 1159 3681 illo
1214 3634 1461 3701 cognitus
1530 3652 1678 3702 sum,
1732 3658 1818 3696 me
1852 3647 2169 3715 prophetam
2209 3656 2414 3710 vocavit
2479 3669 2534 3713 et
2570 3664 2917 3732 renuntiavit,
2959 3680 3014 3723 et
3081 3670 3216 3725 dixit
3250 3673 3378 3727 mihi
3409 3690 3424 3729 :
3456 3673 3678 3745 Absque

425 3728 612 3767 amore
638 3729 819 3784 quote
866 3736 1185 3791 prosequor,
1250 3727 1390 3781 foret
1427 3738 1483 3781 ut
1522 3744 1622 3784 nec
1659 3734 1853 3789 caelum
1907 3755 2006 3795 nec
2048 3752 2245 3800 terram
2305 3752 2690 3809 condidissem.
2750 3757 2863 3814 lino
2914 3774 3107 3817 nomen
3164 3773 3337 3831 tuum,
3360 3766 3681 3839 inscriptum

425 3815 501 3839 ..ει
552 3807 696 3839 nium
758 3810 1007 3839 ιι...η.......
1071 3832 1246 3839 ....-..-..
1314 3832 1356 3839 -.
1394 3820 1533 3839 ειιξαΑ
1630 3824 1642 3839 ι
1804 3836 1810 3839 .
1887 3832 1917 3839 ..

424 3815 508 3857 "3‘
552 3807 697 3860 Circa
757 3810 1008 3865 ¹¹¹¹Ὀ¹¹¹¹¹¹⁸
1070 3832 1272 3881 meum.
1307 3832 1363 3873 et
1393 3820 1539 3875 illius
1594 3824 2003 3887 characteribus
2041 3841 2196 3906 quasi
2226 3848 2470 3910 Supet'bil
2502 3854 2557 3899 et
2587 3848 2867 3920 gloriatur.

505 3895 749 3920 A-...-_.,--
812 3916 926 3920 --νηί
1127 3909 1136 3918 .
1352 3915 1380 3920 .-

496 3895 752 3953 Astautes
812 3916 939 3957 vero
969 3921 1089 3959 cum
1126 3909 1228 3963 ista
1260 3915 1529 3981 audirent,
1551 3921 1706 3982 quasi
1737 3922 2005 3995 lacrymas

2174 3935 2236 3986 Οἱ
2269 3935 2326 3987 δέ
2372 3942 2739 4009 περιεστῶτες
2775 3946 2871 3999 καὶ
2906 3949 3195 4015 ἀκούοντες
3232 3951 3452 4007 ἔκλαιον
3482 3955 3682 4025 δῆθεν,

427 3989 719 4047 i‘undeutes
751 4006 799 4049 et
835 4002 1069 4068 suspiria
1104 4004 1210 4058 imo
1245 4019 1463 4072 pectore
1518 4016 1792 4074 trahentes
1853 4021 2002 4077 illum

427 4083 716 4124 iri-iilplmnt
778 4098 825 4124 at
882 4092 1125 4124 ιιίιιοΙω...
1158 4114 1169 4124 .
1206 4096 1259 4124 αι
1296 4110 1347 4124 .-.
1384 4117 1500 4124 ..-__
1540 4120 1624 4124 -μ
1950 4114 1961 4124 .

2448 3989 2459 4009 ι
2487 3989 2556 3992 ,_-
2581 3989 2736 4006 -..σν
2777 3989 2871 3999 η...
2906 3989 3192 4015 ..ην-υνυς...
3232 3989 3451 4007 εηηυιιυν
3482 3989 3682 4025 υιιυιν,

2107 4025 2196 4077 καὶ
2226 4027 2488 4098 ἐθρήνουν
2539 4036 2954 4104 καταγελῶντες
2999 4042 3195 4109 αὑτὸν,
3231 4045 3484 4116 λέγουσιν
3532 4052 3683 4124 αὐτῷ

422 4083 741 4151 irridebant,
778 4098 832 4141 et
882 4092 1127 4148 dicebant
1157 4114 1169 4149 :
1206 4096 1260 4151 Si
1296 4110 1347 4152 tu
1384 4117 1504 4155 vera
1539 4120 1751 4174 narras,
1788 4127 1890 4167 nec
1950 4114 2001 4168 in

422 4172 580 4215 tlinliu
617 4174 761 4215 frmi:
799 4181 902 4215 ..ιι-ι
945 4182 1067 4215 Ιηιιιι
1138 4190 1268 4215 "an-
1298 4192 1599 4215 Λιμηειεμη,
1868 4206 1878 4215 .
1950 4207 1960 4215 .

2292 4083 2302 4098 _
2348 4083 2358 4098 ,
2541 4083 2951 4104 ,._.---,--._.--,
2999 4083 3195 4109 ..ν-νγ,
3232 4083 3288 4098 ης.
3331 4083 3483 4104 υυυιν
3532 4083 3633 4106 aut

2107 4121 2326 4186 πάντεςο
2367 4125 2493 4179 Ἐὰν
2521 4127 2840 4198 ἀληθεῦεις,
2885 4132 3057 4197 δεῖξον
3080 4137 3213 4205 ήμῖν
3244 4083 3338 4192 πόῖ
3365 4142 3568 4215 ἀνέϐης
3602 4083 3682 4210 ei:

380 4172 580 4228 nlictis
616 4174 763 4231 fraus
799 4181 903 4233 ulla
944 4182 1093 4249 latet,
1138 4190 1270 4245 velis
1298 4192 1608 4262 signiﬁcare
1648 4206 1916 4269 quomodo
1950 4207 2000 4259 in

419 4268 617 4321 coelum
643 4275 975 4329 ascenderis.
1007 4276 1152 4333 Dixit
1181 4281 1287 4336 illis
1323 4304 1335 4339 :
1377 4285 1573 4342 Pedem
1606 4290 1995 4365 Hierosolymis

420 4364 671 4424 tanquam
709 4363 869 4417 scala:
904 4365 1157 4434 imposui,
1192 4370 1360 4427 altero
1409 4388 1588 4431 autem
1651 4383 1819 4437 caelos
1848 4363 1992 4454 ipsos

2099 4214 2227 4276 τοὺς
2285 4216 2572 4287 οὐρανούς.
2612 4221 2779 4289 Λέγει
2812 4223 3015 4288 αὐτοῖς·
3066 4226 3390 4283 Ἐσκάλωσα
3446 4235 3537 4288 τὸν
3581 4237 3680 4292 ἕνα

2103 4318 2205 4372 μου
2241 4305 2375 4357 πόδα
2413 4308 2495 4369 εἰς
2537 4308 2607 4361 τὰ
2655 4308 3040 4381 Ἱεροσόλυμα,
3079 4316 3174 4368 καὶ
3207 4318 3299 4371 τὸν
3339 4320 3528 4391 ἔτερόν
3573 4344 3678 4394 μου

2097 4395 2407 4450 διεσκέλισα
2448 4402 2526 4462 εἰς
2556 4403 2679 4464 τοὺς
2712 4404 2996 4472 οὐρανούς.
3031 4407 3298 4476 Λέγουσιν
3329 4414 3500 4483 αὐτῷ·
3538 4418 3678 4483 Δόξα

420 4452 717 4513 penetravi.
772 4454 980 4520 Quibus
1005 4462 1201 4516 auditis
1230 4479 1336 4519 uno
1368 4482 1463 4521 ore
1491 4469 1795 4526 clamarunt
1820 4494 1835 4530 :
1862 4477 1989 4532 Glo-

420 4537 494 4576 riu
523 4541 584 4576 ait
629 4540 736 4576 non
805 4547 1104 4576 ..ήδη-..ειυς
1165 4563 1209 4576 Α.
1273 4557 1482 4576 ..ειμι-κ
1576 4562 1609 4576 1·
1753 4565 1763 4576 .
1894 4568 1905 4576 .
1952 4568 1961 4576 .

2107 4487 2174 4557 τῷ
2209 4488 2328 4559 Θεῷ
2366 4490 2442 4559 τῷ
2474 4452 2743 4559 ἐλεοῦντι,
2781 4452 2880 4548 ,καὶ
2910 4452 3187 4570 ἐλεημένῳ
3210 4541 3225 4566 ,
3267 4506 3349 4558 ὅτι
3385 4452 3677 4576 simul;

418 4537 496 4590 ria
522 4541 591 4592 sit
628 4540 736 4595 Deo
804 4547 1104 4603 miseratori
1160 4563 1216 4606 et
1273 4557 1610 4615 misericordi
1674 4565 1764 4632 qui
1823 4568 1990 4622 voluit

417 4631 577 4684 unico
604 4648 791 4701 gressu
826 4637 1096 4695 hominem
1160 4655 1434 4704 terrenum
1467 4654 1532 4705 ad
1586 4655 1754 4712 cados
1818 4675 1990 4728 usque

413 4736 739 4793 assurgere;
852 4734 1054 4797 gratias
1142 4752 1277 4804 quas
1358 4757 1642 4810 possumus
1724 4752 1987 4808 maximas

411 4817 760 4882 rependimus
812 4825 1186 4888 potentissimo
1243 4831 1553 4901 phosphoro
1609 4838 1773 4894 sideri
1807 4855 1983 4896 matu-

410 4908 561 4969 tino,
608 4907 716 4962 Deo
772 4912 1105 4969 misericordi
1140 4929 1192 4972 et
1235 4924 1535 4980 Iniseratori
1564 4969 1578 4993 ,
1634 4934 1723 4998 qui
1776 4936 1986 4991 miscri-

407 4998 591 5051 cordia
628 5015 727 5055 nos
753 5014 833 5055 est
864 5020 1188 5070 prosecutus
1221 5023 1276 5066 et
1310 5029 1372 5067 ex
1422 5033 1622 5085 genere
1676 5022 1983 5083 Corasiola-

409 5105 524 5142 rum
557 5096 873 5160 prephi-tam
929 5103 1443 5167 preestantissimum
1498 5111 1637 5164 sicut
1668 5122 1716 5167 te
1741 5117 1900 5185 elegit
1928 5126 1983 5173 et

403 5183 678 5237 excitavit.
721 5183 914 5239 Mansit
940 5204 1068 5244 vero
1096 5194 1234 5258 apud
1306 5194 1427 5249 illos
1462 5202 1637 5267 spatio
1697 5183 1979 5263 duodecim

401 5272 610 5325 dierum
638 5290 759 5329 cum
796 5278 922 5345 illis,
960 5283 1190 5349 singulis
1227 5287 1417 5342 diebus
1443 5291 1718 5349 disserens
1783 5310 1836 5353 et
1872 5317 1981 5354 va-

401 5365 512 5420 rios
540 5384 820 5426 sermones
855 5375 1109 5432 miscens.
1146 5380 1279 5434 Cum
1319 5398 1444 5437 vero
1508 5386 1652 5442 inter
1689 5407 1748 5445 se
1791 5398 1978 5449 confa-

398 5459 712 5516 bularentur
742 5467 992 5521 dixerunt
1024 5471 1089 5523 ad
1118 5472 1264 5527 illum
1294 5492 1307 5528 :
1344 5474 1387 5531 Ο
1417 5476 1781 5547 Muliammed,
1810 5487 1978 5543 eleete

399 5553 514 5617 Dei,
556 5556 848 5624 aliquando
878 5576 1011 5615 avus
1048 5573 1232 5621 noster
1275 5570 1462 5625 habuit
1504 5588 1696 5640 equam
1756 5583 1976 5636 onmino

396 5644 720 5711 mirandam,
776 5660 833 5703 et
881 5666 1002 5720 quae
1035 5662 1329 5713 secundam
1387 5662 1437 5715 in
1483 5674 1589 5717 tota
1640 5669 1838 5723 Arabia
1868 5689 1971 5728 non

398 5736 667 5795 haberet:
703 5743 925 5798 veniens
979 5762 1105 5803 vero
1138 5761 1291 5817 pater
1338 5764 1459 5809 tuus
1522 5757 1767 5828 Ahtnlas,
1812 5781 1968 5820 avum

2093 4580 2275 4647 χοῖκὸς
2301 4582 2438 4651 μετά
2468 4584 2586 4648 ἐνὸς
2618 4585 2831 4657 βαθμοῦ
2857 4589 3029 4660 ἀνέϐη
3058 4593 3136 4656 εἰς
3159 4595 3252 4647 τὸν
3278 4598 3511 4669 οὐρανὸν
3534 4644 3547 4665 ,
3582 4605 3676 4655 καὶ

2091 4673 2544 4747 εὐχαριστοῦμεν]
2562 4680 2641 4748 τῷ
2675 4682 3113 4754 μεγαλαδυνάμῳ
3168 4687 3433 4761 ἑωσφόρῳ
3460 4692 3671 4765 ἄστρῳ,

2089 4764 2167 4834 τῷ
2207 4765 2446 4820 ἐλεοῦντι
2495 4771 2588 4822 καὶ
2640 4771 2953 4843 ἐλεημένῳ,
2992 4778 3072 4829 ὅτι
3123 4778 3358 4848 ἠλέησεν
3400 4784 3462 4836 τὸ
3514 4787 3675 4853 γένος

2087 4857 2244 4925 ήμῶν
2265 4900 2279 4924 ,
2325 4860 2421 4913 καὶ
2458 4862 2739 4928 ἐξελέξατο
2772 4867 2836 4917 ἐκ
2873 4867 2965 4919 τοῦ
2996 4869 3189 4936 γένους
3226 4873 3337 4925 τῶν
3367 4875 3671 4946 Κωρασιω-

2086 4947 2196 5001 τῶν
2235 4948 2523 5021 ἄνθρωπον
2559 4955 2701 5008 κατὰ
2742 4956 2803 5008 σὲ
2842 4958 3119 5015 ἐκλεκτόν,
3170 4963 3396 5034 Ἔμεινε
3444 4968 3502 5019 δὲ
3548 4972 3668 5040 μετ’

2085 5041 2265 5123 αὐτῶν
2317 5044 2534 5116 ἡμέρας
2579 5048 2668 5117 ιβ’,
2719 5050 2815 5102 καλ⁵
2864 5053 2980 5120 μετ’
3012 5054 3194 5107 αὐτῶν
3242 5057 3665 5131 διαλεγόμενος⁹

2084 5134 2179 5187 καὶ
2205 5136 2261 5187 ἐν
2288 5136 2363 5206 τῷ
2397 5139 2608 5207 ὁμιλεῖν
2641 5143 2809 5195 αὑτὸν
2844 5143 3064 5213 λέγουσι
3095 5149 3233 5220 πρὸς
3271 5152 3463 5207 αὐτόν·
3492 5155 3665 5210 Μωα-

2086 5225 2186 5292 μὲδ
2224 5227 2459 5289 ,ἐκλεκτέ
2516 5231 2610 5283 τοῦ
2672 5232 2843 5295 Θεοῦ,
2901 5236 3032 5289 ποτὲ
3064 5238 3156 5292 τὸν
3207 5242 3395 5311 καιρὸν
3446 5240 3594 5316 εἶχεν
3637 5251 3666 5302 6

2082 5314 2308 5378 πάππος
2338 5318 2494 5388 ἡμῶν
2520 5323 2729 5390 φοράδα
2759 5326 2900 5378 πάνυ
2929 5327 3269 5401 θαυμαστὴν,
3304 5329 3369 5404 ἧς
3399 5314 3663 5408 δευτέραν

2080 5405 2179 5458 οῦκ
2216 5403 2363 5477 εἶχεν
2415 5413 2447 5480 ή
2513 5413 2816 5484 ’Λρῥαϐία,
2855 5419 2951 5470 καὶ
2998 5420 3168 5473 ἐλθὼν
3220 5425 3248 5477 ό
3282 5403 3471 5496 πατήρ
3510 5403 3602 5483 σου
3634 5434 3663 5484 6

2092 5497 2397 5563 Ἀπτουλᾶς
2442 5503 2674 5558 δέδοικεν
2709 5508 2900 5571 αὐτοῖς
2948 5513 3049 5581 τὴν
3101 5515 3359 5587 εἰρήνην,
3406 5518 3495 5571 ἵνα
3542 5523 3660 5590 μεί-

2078 5605 2262 5641 νουσιν
2296 5592 2618 5662 ἁμέριμνοι.
2685 5598 2793 5651 Καὶ
2834 5601 2925 5655 διὰ
2966 5605 3163 5668 νυκτὸς
3228 5608 3441 5662 ἀνεῖλεν
3488 5613 3658 5683 αὐτὴν

2076 5679 2162 5732 διὰ
2193 5683 2495 5754 μαχαίρας,
2530 5688 2622 5739 καὶ
2646 5691 2768 5743 τότε
2796 5690 2855 5758 ἐξ
2879 5693 3042 5747 αὐτοῦ
3070 5694 3283 5765 διῆλθεν
3312 5699 3340 5750 ό
3379 5679 3651 5769 πόλεμος-ο

2075 5772 2224 5843 τώρα
2267 5771 2358 5833 οὖν
2403 5782 2835 5855 παρακαλεῦμέν
2882 5803 2940 5840 σε
2976 5788 3050 5856 ὡς
3093 5789 3361 5863 ὑπάρχεις
3400 5796 3656 5864 ἐκλεκτὸς
