3978 6238
301 268 426 333 1441

1497 261 1978 324 CONFUTATIO
2018 263 2380 324 AGARENI.

3435 259 3574 327 1442

284 378 384 434 τοῦ
407 375 580 446 Θεοῦ,
609 375 708 432 καὶ
741 375 825 430 ὅτι
861 372 952 428 τὸν
1001 373 1133 428 Θεὸν
1171 369 1482 442 ἐγνώρισάς
1505 409 1520 432 ,
1557 371 1655 423 καὶ
1697 367 1879 424 ἀκούει

1997 381 2244 423 nostrum
2290 380 2343 424 et
2370 384 2516 432 suos,
2551 368 2789 423 humana
2847 368 3180 425 salutatione
3229 380 3281 424 et
3333 368 3572 426 oiliciOsa

290 491 384 527 σου
419 471 501 535 εἰς
543 469 758 534 πάντα,
792 467 1103 536 ἀνάστησον
1129 464 1232 535 τὴν
1272 462 1484 533 φοράδα
1507 499 1520 525 ,
1550 460 1619 531 ἣν
1648 461 1889 514 ἐσκότω-

288 583 384 620 σεν
405 567 433 618 6
468 565 657 634 πατήρ
689 580 785 615 σου
805 599 820 624 ,
860 560 960 612 καὶ
989 561 1154 630 ἡμεῖς
1196 557 1358 610 πλέον
1392 555 1579 626 θαῦμα
1605 555 1668 608 οὐ
1693 554 1890 625 ζητοῦ-

292 675 392 728 μεν
425 655 579 727 παρὰ
606 652 732 707 σοῦ.
789 652 865 705 Οὐ
906 652 1065 721 μόνον
1099 649 1189 702 διὰ
1217 649 1307 701 τὸν
1337 648 1501 701 πόθον
1534 648 1630 718 τῆς
1658 645 1891 718 φοράδος

288 749 547 818 λέγομεν,
581 745 722 800 ἀλλὰ
744 747 810 800 νὰ
836 743 1040 799 ἰδοῦσιν
1071 743 1167 795 καὶ
1197 744 1246 794 οἱ
1284 741 1560 814 Ἀρῤαϐες
1587 741 1647 792 τὸ
1679 739 1889 811 θαῦμα,

289 842 385 895 καὶ
423 837 779 893 πιστεύσουσί
833 854 928 901 σε,
976 836 1060 889 ὅτι
1091 833 1310 904 ἀληθῶς
1355 835 1648 904 προφήτης
1679 828 1758 899 εἷ,
1797 834 1892 886 καὶ

288 930 589 993 ἀπόστολος
618 927 776 981 Θεοῦ.
813 927 978 995 Λέγει
1016 925 1201 986 αὐτοῖς
1221 926 1249 978 6
1273 925 1597 995 Μουχάμετο
1642 925 1892 978 ’Υποδεί-

290 1021 416 1086 ξατέ
459 1038 550 1091 μοι
598 1021 758 1090 ὑμεῖς
807 1019 897 1072 τὸν
937 1017 1145 1088 τάφον,
1201 1019 1260 1070 ὲν
1393 1019 1570 1088 ἐτάφη
1618 1019 1652 1088 ή
1691 1020 1885 1090 φοράς,

287 1115 556 1182 Λέγουσιν
587 1111 737 1183 αὐτῷ
765 1113 988 1174 πάντεςο
1017 1112 1132 1165 υύεε
1162 1107 1230 1182 ἦν
1256 1111 1566 1182 ἄνθρωπος,
1603 1111 1691 1166 ἵνα
1720 1114 1888 1182 ταφῇ,

292 1207 493 1274 ἄλογον
540 1201 646 1276 ἦν,
683 1205 779 1258 καὶ
832 1203 1142 1276 ἐρρίψαμεν
1186 1202 1321 1256 αὐτὸ
1345 1241 1360 1266 ,
1397 1205 1493 1257 καὶ¹
1529 1203 1745 1275 ἐϐρώθη
1785 1204 1890 1256 ὑπὸ

288 1298 399 1350 τῶν
431 1298 656 1369 θηρίων.
692 1297 856 1364 Λέγει
894 1298 922 1348 6
946 1296 1267 1366 Μουχάμετ,
1316 1295 1548 1348 Ἐπεὶού
1588 1295 1887 1364 γινώσκετε

288 1391 382 1444 τὸν
425 1389 634 1458 τάφον,
685 1389 740 1440 τί
793 1387 971 1457 μέλλω
1029 1391 1370 1459 ἀναστῆσαι;
1424 1389 1689 1456 Λέγουσιν
1739 1388 1888 1460 αὐτῷ

289 1480 526 1543 πάντες⁶
575 1477 798 1550 Ἐπειδὴ
854 1481 1140 1552 προφήτης
1186 1475 1269 1544 εἴ,
1331 1477 1429 1531 καὶ
1483 1477 1744 1541 ἐκλεκτὸς
1790 1476 1885 1531 τοῦ

288 1571 465 1636 Θεοῦ,
507 1571 570 1625 οὐ
606 1568 899 1638 γινώσκεις
947 1569 1051 1623 ποῦ
1088 1575 1267 1623 κεῖται
1307 1571 1340 1640 ή
1385 1569 1596 1640 φοράς;
1640 1569 1780 1623 Ἀλλ’
1823 1571 1882 1622 οὑ

288 1664 516 1718 δύνασαι
543 1665 850 1734 ἀναστῆσαι
877 1665 1072 1735 αὐτήν.
1122 1663 1284 1718 Ἀλλὰ
1312 1663 1492 1727 καλῶς
1525 1681 1584 1717 σε
1613 1664 1877 1736 εὕραμεν·

289 1758 384 1810 καὶ
435 1756 860 1820 ἀποστείλαντες
910 1750 1068 1828 εὖρον
1119 1755 1366 1826 κάμηλον
1416 1755 1872 1826 μεμεθυσμένην,

288 1849 386 1902 καὶ
417 1848 666 1917 λέγουσιν
697 1848 868 1920 αὐτῷ,
912 1849 996 1901 ὅτι
1030 1849 1262 1910 Πάντως
1289 1847 1500 1900 ἐκείνου
1547 1848 1660 1909 υἱὸς
1704 1849 1882 1919 ὑπάρ-

287 1955 406 2009 χεις
447 1939 545 1992 τοῦ
593 1938 783 2002 δόντος
819 1941 921 2008 τὴν
960 1939 1184 2009 εἰρήνην
1225 1936 1320 1990 τοῦ
1361 1938 1628 2004 πάππου,
1662 1939 1757 1992 καὶ
1785 1939 1876 1991 τέ-

287 2032 379 2096 λος
424 2030 834 2104 πληρώσαντεςέ
863 2030 1087 2101 ἄδηλον,
1125 2028 1242 2083 εἶτα
1289 2031 1670 2102 κρατήσαντες
1712 2031 1876 2084 αὐτὸν

288 2125 382 2178 καὶ
436 2123 698 2194 δήσαντες
753 2121 1186 2191 όπισθαγκώνων
1251 2121 1502 2187 λέγουσιν
1563 2118 1737 2190 αὐτῷ·
1796 2120 1870 2174 Σὺ

287 2217 465 2286 λέγεις
505 2219 588 2271 ὅτι
616 2218 698 2280 εις
731 2217 856 2279 τοὺς
903 2214 1168 2286 οὐρανοὺς
1195 2214 1417 2283 ἀνέὸης,
1455 2213 1550 2267 καὶ
1595 2214 1876 2285 ἁπήδησον

288 2309 355 2361 ὲκ
382 2311 482 2379 τῆς
527 2308 631 2377 γῆς
685 2306 781 2360 καὶ
837 2305 1076 2375 πέρασον
1109 2302 1314 2356 ἄνωθεν
1345 2304 1443 2374 τῆς
1497 2303 1746 2374 καμήλου
1798 2303 1874 2375 μή

287 2401 612 2471 ἑγγίσαντες
643 2401 753 2454 τῶν
783 2402 962 2453 ποδῶν
1003 2415 1096 2451 σου
1138 2399 1236 2468 τὴν
1270 2398 1443 2468 ῥάχην
1473 2414 1574 2467 της
1614 2398 1712 2450 καὶ
1753 2398 1874 2450 τότε

290 2493 664 2564 πιστεύσομεν
685 2534 699 2559 ,
743 2492 826 2546 ὅτι
855 2491 1050 2561 ἀνέὸης
1096 2491 1177 2554 εἰς
1207 2491 1299 2542 τὸν
1328 2490 1580 2560 οὐρανόν.
1621 2489 1795 2552 Αὐτὸς
1820 2489 1876 2542 δὲ

292 2585 466 2639 πολλὰ
500 2584 814 2647 σπουδάσας
837 2623 852 2648 ,
890 2584 984 2638 καὶ
1017 2581 1092 2653 μὴ
1119 2581 1438 2651 δυνάμενος,
1457 2581 1549 2632 καὶ
1580 2574 1736 2633 εἷπον
1766 2579 1878 2635 ὅλοι

293 2675 432 2746 πρὸς
459 2676 642 2730 αὐτόν’
663 2675 862 2728 Ἐλθὼν
891 2673 1126 2727 δέδωκεν
1156 2673 1288 2744 ἡμῖν
1320 2672 1541 2742 εἰρήνην
1569 2672 1635 2727 νὰ
1658 2670 1877 2744 χαὼσῃς

291 2769 445 2840 ἡμᾶς
475 2771 542 2822 ὲκ
571 2769 671 2839 τῆς
704 2768 942 2830 πίστεως
971 2765 1149 2838 ἡμῶν.

1995 472 2077 514 est
2108 463 2331 517 adortus
2351 470 2410 516 ut
2436 463 2553 515 illos
2579 464 2823 516 incautos
2864 474 2919 517 et
2951 461 3316 528 incogitantes
3355 465 3573 533 decipe-

1997 561 2096 607 ret.
2132 551 2196 606 Et
2237 569 2420 607 revera
2449 565 2608 607 noctu
2641 569 2940 622 exsurgens
2975 567 3168 623 equam
3221 553 3399 622 gladio
3451 569 3574 608 con-

1997 642 2129 697 fodit
2151 656 2204 696 et
2236 660 2293 698 se
2325 646 2460 698 a-lant
2488 647 2771 715 proripuit,
2798 657 2850 698 ct
2871 647 2996 700 hinc
3022 646 3147 698 tnali
3179 658 3229 700 et
3248 648 3366 701 belli
3387 663 3571 711 eausa,

1995 737 2137 804 quod
2175 737 2373 790 fratres
2413 752 2539 805 erga
2578 736 2892 791 seinvicem
2932 738 3001 788 ita
3022 741 3386 804 exasperavit.
3419 735 3574 792 Nunc

1993 839 2172 883 autem
2236 841 2286 883 te
2349 831 2698 883 vehementer
2762 843 3020 898 rogamus
3084 831 3272 897 quod,
3329 844 3450 883 cum
3499 831 3574 884 sis

1994 919 2087 974 Dei
2130 924 2355 984 elecms,
2392 920 2556 975 Deum
2594 922 2768 989 ipsum
2815 936 3136 989 Cognoscas,
3179 933 3233 975 et
3265 931 3316 975 te
3360 936 3574 991 semper

1993 1003 2288 1076 exaudiat,
2332 1013 2510 1064 excita
2558 1027 2623 1065 ex
2685 1015 2916 1065 mortuis
2953 1026 3166 1079 equam,
3202 997 3362 1080 quam
3423 1021 3574 1079 pater

1995 1114 2116 1157 tuus
2148 1104 2419 1158 interfecit
2450 1123 2464 1158 :
2497 1105 2640 1172 quod
2666 1105 2928 1172 praesuta,
2969 1103 3168 1156 nullum
3223 1103 3366 1156 aliud
3415 1105 3575 1156 mira—

1991 1197 2169 1248 culum
2199 1206 2304 1248 ate
2330 1196 2742 1266 postulabinnts.
2781 1194 2890 1247 lloc
2923 1209 3048 1248 vero
3082 1209 3358 1264 rogamus,
3391 1193 3573 1248 mintts

1991 1286 2264 1340 desiderio
2296 1301 2448 1355 equm
2472 1287 2875 1354 recurreranda‘,
2906 1301 3066 1353 quant
3095 1294 3151 1338 ut
3178 1285 3386 1338 Arabes
3411 1286 3570 1337 mira-

1989 1377 2166 1430 culum
2224 1379 2451 1433 videant
2500 1395 2610 1447 quo
2651 1386 2968 1433 moveantur
3023 1380 3088 1430 ad
3145 1377 3474 1431 credendum
3522 1359 3601 1430 te.

1992 1483 2177 1522 revera
2233 1486 2355 1525 esse
2420 1471 2735 1540 prophetam
2806 1480 2862 1523 et
2910 1468 3210 1538 aposmlum
3255 1468 3367 1522 Dei.
3426 1467 3573 1520 Dixit

1986 1557 2329 1615 Muhammed
2361 1579 2374 1616 :
2406 1562 2688 1616 Ostendite
2707 1561 2847 1615 mihi
2879 1562 3188 1628 sepulcrum
3217 1562 3266 1613 in
3303 1577 3409 1626 quo
3431 1575 3568 1630 equa

1987 1653 2200 1706 condita
2231 1653 2398 1724 jacet.
2437 1651 2639 1709 Omnes
2687 1669 2795 1706 uno
2842 1668 2938 1707 ore
2972 1666 3267 1722 regerunt:
3295 1653 3412 1707 Non
3451 1663 3572 1708 erat

1911 1737 1952 1792 Β
1983 1745 2142 1800 homo
2170 1754 2228 1799 ut
2256 1745 2504 1816 sepulcro
2542 1745 2906 1811 conderetur;
2948 1754 3067 1800 erat
3100 1760 3305 1800 merum
3353 1746 3570 1816 jumen-

1979 1846 2112 1902 tutu,
2145 1847 2196 1892 et
2217 1839 2418 1892 animal
2464 1839 2805 1904 irrationale,
2850 1848 2905 1893 et
2934 1839 3080 1892 illam
3116 1837 3274 1892 foras
3329 1839 3567 1909 projeci-

1976 1946 2118 1997 mus,
2147 1940 2202 1985 et
2244 1931 2542 1987 bestiarum
2566 1933 2786 1987 latranti
2819 1943 2872 1988 et
2899 1934 3080 1987 voraci
3127 1934 3418 1987 stomacho
3443 1947 3566 1986 esca

1975 2023 2192 2076 tandem
2270 2025 2465 2078 evasit.
2517 2023 2665 2079 Dixit
2692 2025 3034 2081 Multannaed
3072 2024 3568 2095 :Quandoquidem

1973 2114 2197 2170 nescitis
2223 2115 2312 2170 ubi
2347 2116 2419 2171 sit
2440 2116 2580 2171 illius
2620 2119 2955 2187 sepulcrum,
2987 2120 3260 2188 quomodo
3285 2120 3570 2173 existima-

1981 2210 2051 2263 tis
2078 2223 2163 2263 me
2206 2225 2364 2278 posse
2425 2211 2568 2265 illam
2593 2229 2657 2266 ex
2695 2214 2930 2267 mortuis
3005 2214 3269 2266 excitare.
3304 2212 3569 2267 Dixerunt

1980 2319 2169 2360 omnes
2199 2322 2213 2359 :
2251 2302 2330 2359 Tu
2361 2321 2421 2360 es
2450 2309 2714 2376 propheta
2747 2320 2799 2362 et
2825 2307 3028 2361 electus
3053 2307 3169 2370 Dci,
3198 2315 3254 2361 et
3277 2309 3450 2361 nescis
3479 2309 3568 2361 uhi

1975 2395 2154 2464 jaceat
2175 2412 2313 2465 equa
2347 2398 2485 2452 ἱειοῖ
2514 2400 2740 2451 inultum
2780 2400 2934 2453 abest
2957 2413 3090 2466 ergo
3139 2409 3198 2452 ut
3248 2397 3399 2452 illam
3446 2415 3572 2467 pos-

1977 2490 2053 2543 sis
2085 2489 2151 2543 ad
2186 2490 2352 2544 vitam
2391 2505 2666 2545 revocare.
2699 2491 2803 2545 Sed
2835 2507 2934 2548 nos
2971 2492 3205 2560 teipsnm
3258 2492 3568 2560 heneinve-

1979 2582 2211 2635 niemus.
2240 2580 2303 2636 Et
2331 2597 2453 2637 cum
2482 2583 2694 2652 aliquos
2745 2585 3044 2651 misissent,
3117 2586 3438 2640 invenerunt
3473 2601 3565 2640 ca-

1979 2674 2175 2727 melam
2209 2675 2366 2730 thure
2397 2683 2452 2729 et
2499 2679 2626 2730 vino
2665 2677 3023 2741 inebriatam,
3076 2693 3238 2747 quam
3285 2695 3412 2733 cum
3468 2679 3570 2732 ad-

1978 2765 2263 2822 duxissent
2285 2769 2538 2822 dixerunt
2571 2771 2671 2839 ipsi
2713 2787 2727 2824 :
2765 2767 2970 2824 Revera
3029 2779 3082 2824 tn
3115 2784 3175 2825 es
3229 2771 3372 2826 [ilius
3424 2772 3568 2826 illius

293 2864 384 2932 qui
415 2862 502 2916 avi
529 2861 603 2916 tui
649 2863 868 2916 nomine
887 2862 1059 2914 salute
1087 2858 1360 2928 impartita
1394 2867 1610 2914 nostros
1639 2857 1873 2928 decepit.
1911 2854 2064 2911 lllum
2093 2873 2224 2928 ergo
2296 2861 2679 2930 corripuerunt
2739 2861 2987 2914 ntanibus
3020 2871 3140 2930 post
3181 2871 3326 2932 terga
3388 2865 3536 2919 revin

292 2967 469 3026 ctum,
495 2956 821 3012 etdixerunt
853 2974 870 3011 :
897 2955 976 3010 Tu
1005 2955 1204 3009 asseris
1243 2957 1382 3024 quod
1415 2953 1469 3008 in
1523 2954 1694 3009 caelos
1752 2953 2072 3020 ascendisti,
2107 2969 2250 3007 nunc
2289 2969 2420 3008 vero
2477 2955 2617 3009 saltu
2688 2964 2738 3008 te
2781 2954 2833 3008 in
2892 2955 3124 3008 sublime
3175 2957 3381 3018 attolle,
3419 2968 3469 3011 et
3513 2967 3567 3014 te

298 3059 501 3109 excute
528 3064 691 3119 supra
742 3047 959 3104 cautelae
1008 3048 1230 3102 dorsum
1261 3049 1398 3101 adeo
1434 3047 1571 3101 utin
1606 3046 1734 3100 illud
1787 3047 2013 3116 pedibus
2055 3046 2162 3101 tuis
2215 3061 2320 3100 non
2353 3047 2658 3118 impingas;
2702 3057 2827 3101 tunc
2865 3063 2996 3102 vero
3049 3050 3332 3104 credemus
3384 3058 3436 3105 te
3483 3067 3570 3107 re-

294 3162 428 3204 vera
479 3147 534 3200 in
561 3145 761 3200 caelum
794 3143 1126 3200 ascendisse.
1163 3142 1295 3198 Cum
1324 3157 1453 3198 vero
1489 3142 1657 3197 multa
1719 3151 1953 3198 tentaret
2012 3150 2067 3197 et
2098 3143 2190 3197 tali
2253 3144 2630 3212 experimento
2655 3158 2759 3197 non
2801 3153 2984 3212 posset
3039 3160 3096 3199 se
3145 3149 3560 3215 commendare,

297 3242 557 3296 dixerunt
585 3240 650 3293 ad
699 3239 848 3292 illum
880 3252 1072 3294 omnes
1118 3254 1132 3292 :
1187 3237 1420 3293 Veniens
1449 3253 1548 3294 nos
1576 3222 1910 3312 salute—Eua
1950 3249 2032 3295 est
2104 3248 2422 3308 prosecutus
2483 3249 2537 3294 et
2607 3239 2777 3294 voluit
2834 3255 2931 3294 nos
2969 3253 3233 3311 quotquot
3297 3259 3483 3300 sumus
3534 3261 3566 3301 a

294 3335 404 3391 ﬁde
440 3344 623 3391 nostra
647 3332 944 3386 dimovere.

365 3431 481 3484 Καὶ
525 3423 758 3480 δεικνύω
808 3441 890 3478 σοι
940 3424 1052 3495 ἐγὼ
1105 3427 1134 3480 6
1180 3425 1461 3497 Ἐδεσηνὸς
1507 3429 1739 3500 μοναχὸς
1786 3445 1879 3482 πο-

2061 3426 2174 3497 Ego
2204 3439 2385 3484 autem
2417 3429 2718 3485 monachus
2750 3430 3058 3485 Edesseuus
3087 3430 3262 3500 qualis
3294 3433 3563 3488 sitvestra

291 3521 444 3593 ταπὴ
466 3515 608 3575 εἶναι
636 3519 790 3589 ὑμῶν
825 3520 859 3590 ή
895 3519 1098 3584 πίστις,
1134 3520 1301 3592 ἤγουν
1339 3519 1498 3574 τοῦτο
1523 3522 1707 3590 ἔλεγον
1739 3522 1876 3591 πρὸς

291 3615 356 3669 τὸ
380 3612 655 3682 ἑωσφόρον
679 3611 899 3681 ἄστρον,
919 3610 1012 3672 Τις
1035 3610 1166 3672 Θεὸς
1196 3610 1369 3681 μέγας
1393 3611 1466 3672 ὡς
1485 3613 1513 3664 6
1537 3611 1668 3675 Θεὸς
1693 3611 1875 3681 ήμῶν;

294 3707 407 3762 Καὶ
457 3707 558 3759 οὐκ
618 3703 765 3756 ἐστιν
821 3702 1034 3765 δίκαιος
1085 3702 1224 3771 πλὴν
1272 3702 1363 3756 τοῦ
1407 3703 1542 3755 Θεοῦ
1586 3702 1744 3773 ἡμῶν
1782 3702 1876 3755 τοῦ

293 3796 576 3860 ἐλεοῦντος
596 3839 610 3862 ,
639 3797 732 3850 καὶ
762 3795 1079 3866 ὲλεημένου.
1112 3795 1220 3847 Καὶ
1244 3795 1371 3861 δόξα
1400 3797 1464 3866 τῇ
1493 3795 1717 3864 δυνάμει
1746 3812 1839 3848 σου
1860 3836 1874 3862 ,

295 3894 508 3964 Κύριε,
538 3891 742 3959 Κύριε,
792 3890 867 3960 μὴ
914 3889 1156 3960 χωρίσῃς
1194 3889 1341 3957 ἡμᾶς
1384 3887 1480 3941 τοῦ
1527 3888 1710 3950 ἐλέους
1742 3905 1836 3941 σου
1861 3927 1875 3952 ,

293 3986 434 4039 ἀλλά
483 3983 655 4037 σῶσον
688 3985 835 4052 ἡμᾶς
877 3983 943 4052 τῇ
976 3980 1202 4048 δυνάμει
1242 3996 1358 4031 σου*
1415 3981 1606 4050 Ἀμήν.
1661 3980 1773 4033 Καὶ
1809 3980 1878 4033 τὰ

293 4076 538 4145 ὀνόματα
577 4089 687 4126 των
721 4072 1024 4142 ἀνθρώπων
1080 4071 1144 4121 ἐκ
1186 4069 1378 4137 γένους
1417 4070 1526 4121 τῶν
1588 4069 1877 4141 Ἀρράὅων

295 4170 533 4244 ὑπάρχει
599 4165 801 4228 οὕτως’
862 4161 1182 4226 Θεόδουὶος,
1223 4161 1619 4230 Θεοχάριστος,
1657 4162 1879 4214 Θεόκτι-

297 4278 458 4326 στος,
492 4258 888 4328 Θεοστήρικτος
913 4297 928 4321 ,
969 4255 1062 4308 καὶ
1096 4253 1368 4324 Θεόδωρος
1397 4271 1408 4283 '
1445 4253 1610 4322 μέχρι
1655 4253 1750 4306 τοῦ
1783 4252 1878 4306 νῦν

296 4353 464 4426 γενεὰ
512 4352 612 4421 μία
648 4350 758 4404 τῶν
818 4348 1100 4422 Ἀρράῧων
1155 4346 1440 4416 λεγόμενοι
1494 4343 1876 4407 Κουλπιῶται,

296 4447 468 4519 ἤγουν
518 4439 1128 4508 Σκυλιῶται,τοιαύτην
1176 4438 1359 4491 πίστιν
1399 4436 1613 4507 ἔχουσιν
1660 4435 1878 4489 καὶτὸν

296 4538 598 4608 Μουχάμὲτ
636 4531 1147 4604 ἀναθεματίζουσιν.
1203 4529 1438 4597 Λέγουσι
1490 4526 1653 4581 πάλιν
1686 4529 1714 4580 6
1750 4527 1879 4590 λαὸς

296 4627 394 4683 τοῦ
449 4627 766 4696 Μονχάμετο
838 4624 990 4676 Ἐπεὶ
1035 4621 1132 4692 τὴν
1174 4621 1421 4690 κάμηλον
1460 4619 1560 4672 οὐκ
1603 4617 1878 4690 ήδυνήθης

299 4723 575 4794 περᾶσαι,
604 4718 776 4784 δεῖξον
816 4718 949 4788 ἡμῖν
991 4715 1218 4787 σημεῖόν
1261 4731 1314 4767 τι
1350 4713 1566 4784 μικρόν.
1635 4713 1876 4777 Ἐκεῖνος

295 4813 580 4883 δεδεμένος
604 4810 709 4875 ὢν,
738 4807 942 4873 ἐξεῖπε*
987 4806 1121 4860 Ἀπὸ
1157 4806 1251 4858 τοῦ
1289 4806 1382 4858 νῦν
1406 4806 1503 4858 οὐκ
1526 4805 1633 4875 ἔχω
1655 4807 1876 4877 σημεῖον
1908 4801 1955 4860 D

299 4909 437 4978 πρὸς
467 4907 611 4975 ὑμᾶς
634 4945 649 4969 ,
677 4905 760 4957 ὅτι
784 4901 1003 4957 ἄπιστοί
1037 4902 1182 4953 ἐστε.
1217 4899 1482 4968 Λέγουσιν
1515 4898 1684 4969 αὐτῷ’
1723 4899 1794 4950 Σὺ
1831 4899 1879 4951 εἱ

299 5005 564 5068 ἄπιστος,
604 5002 685 5055 ὅτι
727 4998 926 5062 πολλὰς
966 4996 1144 5068 ψυχὰς
1178 4994 1470 5059 ἀπώλεσας
1503 4995 1724 5059 ἀδίκως.
1772 4997 1883 5050 Καὶ

297 5099 567 5170 δήσαντες
599 5093 762 5148 αὑτὸν
784 5093 865 5156 εἰς
890 5089 988 5160 τὴν
1017 5090 1184 5160 οὐρὰν
1209 5089 1308 5158 τῆς
1337 5089 1759 5159 μεμεθυσμένης
1785 5106 1883 5143 κα.

301 5189 509 5261 μήλου,
569 5186 666 5239 καὶ
718 5185 1078 5254 κεντήσαντες
1135 5181 1306 5250 αὐτὴν
1351 5179 1632 5232 ἀπέλυσαν
1665 5181 1745 5244 εἰς
1787 5182 1882 5236 τὸν

295 5284 518 5350 κάμπον
541 5319 557 5342 ,
611 5279 706 5331 καὶ
747 5273 1086 5343 σκιαζομένη
1137 5274 1169 5342 ἡ
1205 5271 1450 5342 κάμηλος
1481 5271 1610 5324 ποτὲ
1645 5272 1876 5341 φεύγει,

279 5360 430 5427 ’ποτε
452 5372 509 5425 δὲ
537 5371 843 5424 καταπατεῖ
864 5365 1026 5419 αὑτὸν
1055 5365 1197 5418 κατὰ
1246 5365 1560 5436 πρόσωπον,
1591 5365 1685 5417 καὶ
1705 5364 1878 5428 οὕτως

296 5457 664 5536 κατεπατήθη
687 5464 793 5516 ὑπὸ
829 5461 928 5532 τῆς
954 5461 1225 5532 καμήλου,
1257 5458 1350 5512 καὶ
1381 5459 1564 5521 κακῶς
1587 5459 1875 5531 ἐφονεύοη.

297 5552 470 5621 Οὗτος
525 5558 554 5610 ὀ
586 5555 698 5626 βίος
755 5553 958 5619 αὑτοῦ,
995 5553 1090 5606 καὶ
1137 5552 1246 5604 τῶν
1288 5550 1530 5603 πάππων
1561 5551 1757 5616 αὐταῦ,
1801 5552 1876 5614 ὡς

294 5655 573 5723 ἤκουσας,
605 5641 652 5701 ὦ
693 5644 1109 5716 Μουσουλμανέ.
1149 5645 1220 5696 Σὺ
1251 5642 1465 5713 πρῶτον
1499 5640 1838 5711 ὀμολόγησας
1858 5685 1871 5709 ,

293 5744 376 5798 ὅτι
424 5740 797 5812 ἑϐδομήκοντα
831 5738 926 5793 δύο
969 5737 1133 5808 φυλαὶ
1167 5736 1274 5791 ἀπὸ
1305 5735 1366 5790 τὸ
1393 5732 1546 5803 γένος
1587 5734 1694 5788 τῶν
1722 5736 1872 5790 Μου-

1983 3527 2038 3574 et
2077 3522 2289 3576 illorum
2342 3523 2500 3589 ﬁdes,
2540 3523 2632 3577 tibi
2670 3524 2847 3592 palam
2887 3523 3100 3577 faciam.
3142 3525 3334 3578 Dicunt
3366 3525 3567 3595 quippe

1985 3613 2300 3684 Phosphoro
2329 3634 2342 3669 :
2376 3615 2509 3682 Quis
2546 3617 2685 3670 Deus
2717 3631 2944 3686 insignius
2977 3616 3117 3669 sicut
3166 3615 3308 3671 Deus
3346 3618 3568 3672 noster?

1982 3713 2167 3769 Etuon
2195 3722 2278 3764 est
2301 3709 2442 3764 Deus
2463 3709 2641 3777 justus
2657 3719 2712 3761 et
2742 3709 3008 3777 benignus
3046 3718 3240 3776 przeter
3273 3709 3436 3762 Deum
3477 3725 3567 3764 no-

1983 3820 2156 3862 strum
2183 3803 2586 3858 misericordem
2605 3811 2658 3854 et
2676 3801 3072 3855 miseratorem.
3092 3801 3172 3854 Sit
3195 3801 3362 3870 gloria
3378 3802 3566 3857 virtuti

1984 3908 2109 3962 tuae,
2129 3913 2160 3950 ο
2191 3895 2439 3959 Domine,
2472 3892 2719 3957 Domine,
2741 3907 2807 3946 ne
2831 3907 2928 3948 nos
2953 3907 3176 3961 Separes
3207 3901 3262 3946 et
3288 3909 3567 3950 removeas

1982 4005 2010 4040 a
2053 3987 2423 4042 misericordia
2449 3993 2562 4048 tua,
2590 3984 2682 4039 sed
2719 3984 2884 4036 libera
2917 3991 2972 4036 et
3016 3999 3174 4038 serva
3233 4000 3332 4039 nos
3359 3988 3561 4056 potenti

1985 4080 2178 4132 robore
2209 4088 2333 4130 tuo.
2380 4076 2576 4131 Amen.
2611 4076 2734 4129 llaec
2773 4091 2897 4127 vero
2949 4087 3074 4128 sunt
3127 4081 3562 4145 praestantiorum

1983 4171 2262 4224 hominum
2302 4168 2518 4221 nomina
2551 4169 2691 4234 apud
2717 4166 2944 4220 Arabas.
2983 4165 3351 4233 Theodoulus,
3387 4169 3564 4225 Theo-

1980 4265 2251 4317 charistus
2307 4261 2672 4323 Theoctistus,
2708 4268 2761 4313 et
2796 4261 3226 4325 Theosterictus,
3272 4270 3327 4316 et
3380 4263 3562 4319 Theo-

1980 4357 2169 4412 dorus.
2199 4354 2280 4408 Ad
2305 4354 2420 4407 haec
2451 4359 2632 4406 autem
2666 4368 2835 4419 usque
2869 4361 3109 4420 tempora
3141 4361 3223 4406 est
3259 4370 3364 4409 una
3417 4371 3563 4425 quaa-

1981 4446 2333 4502 dantfamilia
2395 4445 2639 4498 Arabum
2703 4445 2792 4513 qui
2848 4444 3103 4498 dicuntur
3149 4443 3409 4516 Colpiotze
3466 4463 3560 4504 seu

1981 4539 2237 4595 Sculiota‘.
2257 4549 2308 4594 et
2339 4537 2496 4592 talem
2533 4539 2733 4592 habent
2773 4536 2931 4592 ﬁdem
2960 4555 3065 4607 qua
3127 4539 3559 4599 Muhannnedem

1981 4631 2330 4686 anathemate
2383 4631 2710 4699 percutiunt.
2754 4628 2955 4684 lterqu
3031 4646 3157 4688 vero
3218 4635 3388 4690 turbae
3443 4637 3561 4691 ista:

1979 4723 2410 4778 Muhammedem
2430 4721 2753 4785 adoriuntur
2787 4723 3028 4777 dicentes
3066 4742 3079 4777 :
3113 4725 3557 4796 Quandoquidem

1982 4817 2249 4873 camelum
2309 4814 2450 4870 saltu
2489 4828 2591 4867 non
2619 4815 2838 4883 potuisti
2896 4831 3179 4886 superare,
3234 4818 3423 4872 saltent
3475 4821 3558 4874 vel

1982 4911 2264 4966 minituttm
2296 4910 2520 4964 ostende
2544 4907 2699 4962 nobis
2730 4909 2943 4978 signum
2976 4917 3030 4962 et
3068 4910 3412 4965 miraculum.
3462 4911 3559 4969 Ille

1981 5000 2158 5055 adhuc
2181 4998 2413 5053 vinculis
2442 5001 2769 5052 constrictus
2802 4999 3088 5066 ,respondit
3115 5021 3126 5053 :
3150 4997 3266 5052 Non
3285 5001 3441 5057 eritis
3465 5019 3558 5058 vo-

1985 5102 2159 5146 torum
2217 5099 2519 5159 compotes,
2573 5108 2670 5144 nec
2713 5089 2877 5142 ullum
2935 5105 3116 5143 coram
3148 5083 3299 5145 vobis
3331 5095 3558 5158 patrabo

1984 5185 2325 5247 miraculum,
2355 5200 2474 5237 nam
2515 5200 2608 5239 vos
2625 5183 3016 5251 estis-inﬁdeles
3071 5194 3121 5236 et
3163 5185 3443 5238 increduli.
3479 5184 3556 5241 Illi

1983 5277 2165 5328 statim
2185 5285 2437 5343 regerunt
2461 5293 2473 5328 :
2497 5273 2575 5328 Tu
2601 5275 2714 5344 ipse.
2735 5291 2792 5329 es
2815 5273 3065 5336 inﬁdelis,
3081 5288 3204 5326 natu
3224 5275 3561 5343 quampluri-

1987 5383 2103 5420 tnos
2148 5367 2508 5436 injustissime
2562 5367 2862 5436 peretuisti.
2897 5365 3159 5434 lllumque
3212 5365 3404 5420 caudae
3465 5382 3558 5421 ca-

1985 5461 2138 5514 melaa
2177 5459 2450 5513 inebriatae
2480 5458 2796 5527 alligarunt,
2829 5472 2986 5526 quam
3026 5458 3230 5512 aculeis
3266 5459 3560 5513 vehemen-

1987 5563 2068 5606 ter
2099 5560 2400 5619 pungentes
2437 5565 2531 5617 per
2561 5565 2780 5618 campos
2813 5560 2866 5604 et
2892 5536 3051 5618 agros
3087 5550 3430 5605 dimiserunt.
3461 5551 3555 5606 Illa

1982 5659 2113 5697 vero
2147 5645 2212 5696 ad
2241 5642 2803 5696 umbrascontntoveri
2829 5642 3010 5706 solita,
3066 5643 3223 5695 modo
3252 5642 3467 5712 fugiens
3490 5645 3554 5696 il-

1984 5736 2091 5790 lum
2121 5725 2394 5804 tr‘ahebat,
2418 5737 2580 5792 modo
2607 5748 2769 5808 caput
2798 5736 3026 5816 pedibus
3057 5734 3408 5792 conculca'bat
3434 5753 3449 5804 ;
3503 5748 3558 5795 et
