3978 6238
465 216 605 285 1443
1608 224 2036 287 BAR'I‘HOLOll

2140 227 2176 287 ,Ι
2211 226 2586 288 EDESSENI
3594 228 3736 294 1444

462 338 613 394 illum
652 337 724 392 ita
753 336 983 393 calcavit
1008 348 1062 393 et
1099 338 1357 396 contrivit
1388 336 1612 401 eamela,
1644 347 1702 389 ιιι
1740 338 1805 389 ad
1842 338 2036 391 malam

2146 338 2465 410 σουλμανῶν
2503 336 2794 409 ἀρνοῦνται
2840 336 2934 389 τὸν
2964 336 3286 409 Μουχάμετ,
3318 337 3412 393 καὶ
3456 341 3736 412 ἀναθεμα·

462 440 690 485 mortem
720 431 809 485 ille
834 433 1046 486 tandem
1072 432 1289 487 abierit.
1315 430 1439 485 llaec
1453 440 1535 485 est
1565 430 1707 482 illitis
1729 441 1784 483 et
1816 445 2036 483 avorum

2142 434 2325 497 τίζουν
2354 430 2539 484 αὐτόν.
2574 430 2684 481 Kal
2713 429 2872 482 πάλιν
2905 429 2969 481 σὺ
2993 426 3191 499 λέγεις,
3219 431 3302 483 ὅτι
3339 431 3433 484 καὶ
3462 432 3740 504 τέσσαρες

464 528 596 588 vita,
614 535 773 593 prout
789 525 884 579 tibi
903 526 1149 589 narravi,
1167 540 1199 578 ο
1222 524 1619 578 Musulmanne.
1653 522 1713 576 Et
1736 532 1787 577 tu
1808 524 2036 592 primum

2141 527 2277 580 θεῖοι
2310 521 2475 577 αὐτοῦ
2508 522 2813 593 ἠρνήσαντο
2841 520 3030 573 τοῦτον
3056 561 3070 585 ,
3105 522 3200 573 καὶ
3233 521 3309 593 μὴ
3338 522 3737 587 πιστεύσαντες

461 618 741 671 conliteris
780 632 845 670 ex
875 626 986 670 toto
1020 632 1216 685 genere
1251 616 1757 669 Musulmannorum
1820 626 2036 683 septua-

2142 619 2329 681 αὑτὸν,
2356 617 2433 680 ὡς
2462 616 2727 685 ψεύστην,
2757 613 2960 676 ἀδίκως
2988 613 3360 697 ἐφονεύθησαν
3388 616 3521 687 παρ’
3542 617 3734 681 αὑτοῦ,

458 711 610 778 ginta
636 708 773 763 duas
811 707 1044 763 familias
1082 725 1177 763 seu
1210 710 1388 761 tribus
1420 704 1856 760 Mahnmntedein
1909 706 2041 775 reji-

460 819 583 856 cere
608 813 661 856 et
692 790 1179 858 anathematismis'
1215 802 1585 856 acerbissimis
1641 801 1787 852 illum
1853 800 2037 854 ferire.

459 896 714 949 Secundo
751 898 916 950 etiam
976 896 1176 950 asseris
1244 904 1482 962 quatuor
1538 893 1684 947 illius
1738 887 2035 948 avunculus

459 988 607 1041 illum
641 989 957 1057 abnegasse,
992 998 1048 1041 et
1071 997 1327 1053 tanquam
1354 984 1640 1054 impostori
1704 984 1944 1038 noluisse
1983 983 2032 1037 ei
2070 1042 2079 1051 ί

458 1078 619 1133 fidem
655 1078 852 1132 habere
889 1081 1031 1131 unde
1064 1078 1129 1131 ab
1187 1076 1278 1129 illo
1320 1076 1516 1145 injuste
1565 1076 1874 1145 interempti
1922 1073 2035 1129 fue-

2138 712 2167 764 6
2197 710 2413 781 πρῶτος
2440 710 2469 762 6
2506 706 2819 776 ἀναθρέψας
2859 706 3022 759 αὑτὸν
3064 706 3481 778 Ἀπουταλέπης
3502 751 3516 775 ,
3543 708 3735 763 δεύτε-

2148 820 2238 874 ρος
2298 804 2327 856 ὁ
2385 798 2787 869 Ἀπουτζάληςξ,
2842 797 3024 868 τρίτος
3076 799 3104 851 6
3168 798 3732 871 Ἀμπτουλχαλέπης,

2142 894 2404 964 τέταρτος
2422 895 2450 945 6
2471 890 2762 953 Μεεϐοίας.
2796 889 2905 942 Kal
2927 890 2962 961 ἠ
2988 889 3125 959 γυνὴ
3153 890 3292 959 μετά
3320 891 3429 944 τῶν
3450 891 3494 957 ζ’
3525 894 3736 947 παίδων

2142 984 2342 1053 αύτῆςι,
2382 982 2750 1052 ἀγράμματος
2779 979 2874 1033 καὶ
2898 980 3112 1050 χωρικὴ
3147 982 3373 1052 ἤλεγξεν
3408 983 3605 1049 αὑτὸν,
3637 984 3735 1037 καὶ

2144 1074 2445 1143 πεποίηκεν
2462 1073 2585 1127 ἀντὶ
2610 1071 2845 1135 οὐδενός.
2882 1070 3045 1124 Ἀλλά
3074 1071 3170 1123 καὶ
3197 1074 3358 1143 ἡμεῖς
3380 1076 3429 1126 οί
3460 1075 3734 1144 Χριστια-

459 1181 605 1225 runt.
643 1171 857 1225 Primus
914 1172 1150 1223 nutritor
1202 1170 1343 1223 illius
1396 1169 1745 1237 Abulalepes,
1776 1169 2036 1222 secutulus

2141 1167 2224 1220 vol
2257 1167 2307 1219 οἱ
2340 1164 2667 1238 κληρονόμοι
2698 1162 2797 1233 τῆς
2841 1162 3121 1233 βασιλείας
3158 1164 3266 1217 τῶν
3304 1165 3551 1235 οὐρανῶν
3575 1208 3592 1233 ,
3634 1166 3735 1219 καὶ

414 1328 425 1341 ι
458 1262 799 1325 Apontsales,
884 1264 1076 1315 tertius
1112 1258 1608 1327 AmplOulcalepes,
1641 1266 1865 1325 quartus
1897 1256 2041 1310 Mee-

460 1353 599 1407 bias.
635 1354 944 1407 Mnliercnla
993 1368 1121 1406 vero
1165 1353 1465 1405 litterarum
1509 1350 1655 1403 rudis
1681 1359 1734 1402 et
1787 1348 2038 1417 agrestis,

454 1462 579 1499 cum
611 1458 813 1511 septem
850 1446 1035 1499 liberis
1070 1444 1203 1505 suis,
1236 1444 1381 1495 illum
1414 1438 1716 1494 confutavit
1740 1449 1793 1493 et
1816 1454 1914 1509 pro
1953 1440 2039 1491 ni—

457 1535 565 1589 hilo
598 1537 801 1591 habuit.
840 1536 944 1591 Sed
998 1548 1052 1589 et
1110 1550 1209 1588 nos
1257 1534 1552 1589 Christiani
1589 1533 1831 1587 haeredes
1888 1534 2037 1599 regni

2138 1259 2237 1328 τῆς
2265 1258 2437 1327 ὀρθῆς
2458 1256 2715 1321 ,πίστεως
2745 1253 3100 1325 πρεσϐευταὶ,
3126 1256 3219 1307 καὶ
3248 1258 3364 1319 τοῖς
3393 1257 3563 1319 ὅντως
3590 1272 3733 1327 προ-

2140 1352 2339 1422 φήταις
2387 1348 2709 1411 ἀκόλουθοι,
2772 1345 3070 1416 ἐλέγχομεν
3125 1346 3217 1400 τὸν
3280 1350 3589 1419 κατάρατον
3633 1350 3735 1403 xal

2141 1442 2369 1513 βέϐηλον
2402 1438 2700 1511 Μουχάμετ
2720 1482 2737 1509 ,
2770 1438 2866 1492 καὶ
2908 1436 3145 1509 μάταιον
3176 1441 3269 1495 καὶ
3312 1440 3554 1513 ψεύστην
3586 1443 3735 1497 ἀπο-

2138 1530 2307 1585 καλοῦ
2316 1547 2435 1601 μεν.

454 1626 713 1691 crelestis,
764 1637 819 1681 ct
874 1636 1032 1679 recta!
1110 1624 1234 1678 ﬁdei
1280 1623 1439 1693 legati
1480 1633 1536 1676 et
1585 1626 1917 1688 sacerdotes,
1988 1622 2483 1690 preplietarumqne
2548 1617 2771 1688 vestigia
2831 1616 3204 1674 indesinenter
3253 1631 3585 1689 prementes,
3637 1637 3737 1677 re—

449 1720 667 1789 jiciums
721 1720 1063 1775 maledictum
1125 1730 1179 1773 et
1246 1716 1534 1788 profanum
1589 1716 2043 1781 Muhammedem,
2085 1714 2346 1784 illumque
2409 1714 2659 1777 stultum,
2692 1727 2887 1767 vanum
2928 1720 2985 1768 et
3047 1713 3400 1784 impostorem
3446 1714 3736 1771 renuntia.

455 1831 596 1868 lllllS.

527 1908 679 1961 Enim
712 1919 837 1958 vero
871 1918 993 1956 cum
1025 1900 1387 1955 Musulmanni
1428 1900 1493 1953 ad
1524 1901 1713 1955 urbem
1766 1899 2035 1954 Medinam
2070 1906 2117 1963 Β

455 2000 870 2071 proﬁciscuntur
914 2004 973 2049 ut
1011 2010 1169 2048 sacro
1201 1995 1347 2049 cultu
1396 2006 1450 2048 et
1476 1994 1814 2048 orationibus
1841 1992 2035 2047 defun-

454 2100 671 2160 gantur,
703 2098 884 2157 rogant
908 2085 1112 2140 incolas
1131 2085 1230 2139 loci
1266 2086 1510 2139 dicentes
1540 2103 1552 2138 :
1577 2084 1857 2139 Ostendite
1882 2085 2037 2139 nobis

455 2182 763 2251 sepulcrum
786 2177 1180 2233 Muhammedis
1213 2187 1270 2231 ut
1301 2176 1428 2230 illud
1456 2190 1776 2230 veneremur
1800 2184 1852 2228 et
1877 2175 2033 2245 proni

454 2274 850 2330 deosculemur.
868 2271 1216 2339 Respondent
1237 2279 1415 2322 autem
1440 2269 1569 2338 ipsis
1596 2286 1608 2321 :
1636 2267 1702 2321 Et
1725 2268 1845 2336 quis
1862 2275 2039 2334 potest

451 2383 517 2423 eo
551 2367 869 2421 temeritatis
901 2365 1176 2425 devenire,
1213 2372 1267 2415 ut
1311 2361 1513 2414 audeat
1546 2361 1745 2413 intueri
1772 2360 1915 2413 illius
1946 2372 2036 2414 se-

454 2460 735 2532 pulcrum?
772 2458 906 2511 Nam
942 2459 1030 2527 qui
1072 2454 1201 2508 illud
1256 2464 1481 2521 aspectu
1534 2468 1633 2507 suo
1688 2452 2037 2506 temeraverit

452 2552 634 2609 statim
665 2552 838 2605 oculis
863 2550 1104 2602 orhatur.
1140 2546 1246 2599 Sed
1300 2548 1402 2599 hoc
1434 2556 1521 2600 est
1556 2555 1763 2599 tantum
1823 2547 2037 2599 occasio

450 2657 507 2697 ct
534 2652 846 2712 praetcxtns,
870 2651 923 2695 et
949 2650 1117 2693 totum
1148 2639 1590 2706 istud.negotinn1
1619 2636 1814 2691 falsum
1839 2643 1946 2700 est,
1982 2646 2039 2690 et

451 2738 815 2805 excogitatum
846 2744 906 2787 ut
958 2732 1192 2801 populus
1226 2730 1561 2798 decipiatur,
1593 2745 1661 2784 ne
1692 2731 1757 2783 ad
1789 2730 2037 2784 veritatis

452 2828 819 2895 cognitionem
871 2824 1171 2894 perveniat,
1218 2831 1271 2877 et
1322 2822 1404 2876 sic
1473 2823 1727 2874 nuntium
1797 2822 2037 2876 remittat

455 2932 675 2987 prorsus
728 2916 1070 2983 despuenda,
1100 2914 1411 2966 vanissima:
1439 2923 1493 2965 et
1520 2911 1895 2966 insulsissimaa
1943 2927 2035 2965 su-

452 3007 783 3078 perstitioni.
824 3005 954 3058 Nam
1015 3014 1167 3059 extra
1204 3007 1393 3057 urbem
1422 3003 1633 3056 Medina
1690 3001 2031 3056 fabricarum

449 3113 500 3155 et
542 3101 949 3154 aedilicavernnt
1001 3114 1213 3151 murum
1269 3098 1322 3150 in
1374 3096 1565 3150 circuli
1632 3093 1887 3157 formam,
1936 3110 2036 3165 per

449 3208 611 3262 quem
645 3194 825 3246 nullus
852 3194 1011 3244 datur
1036 3192 1238 3256 aditus,
1291 3200 1347 3244 et
1383 3190 1521 3257 apud
1578 3204 1765 3243 omnes
1830 3188 2030 3243 famam

2223 1899 2317 1963 Ὦς
2353 1898 2411 1951 δέ
2450 1899 2501 1952 οί
2528 1898 2949 1969 Μουσουλμανοὶ
2992 1898 3363 1972 ἀπερχόμενοι
3410 1900 3490 1964 είς
3522 1900 3583 1953 τὸ
3625 1899 3730 1954 κά-

2143 2007 2305 2061 στρον
2346 1991 2565 2043 Ματινὰ
2603 1991 2697 2043 ἐπὶ
2729 1991 2791 2043 τὸ
2826 1989 3271 2061 προσεύξασθαι,
3307 1989 3554 2060 ἐρωτῶσι
3599 1990 3731 2054 τοὺς

2139 2081 2320 2134 ἐκεῖσε
2348 2081 2632 2145 ἐντοπίους
2649 2081 2925 2150 λέγοντες,
2942 2079 3291 2145 Ὑποδείξατε
3311 2081 3441 2151 ἡμῖν
3452 2080 3542 2133 τὸν
3556 2081 3730 2150 τάφον

2137 2170 2232 2225 τοῦ
2264 2172 2566 2243 Μουχάμετ
2587 2210 2603 2235 ,
2636 2172 2724 2225 ἵνα
2757 2168 3140 2241 ἀσπασὼμεθα
3174 2170 3355 2225 αὐτόν.
3388 2170 3499 2222 Kal
3531 2169 3729 2238 λέγου-

2140 2280 2224 2316 σιν
2258 2264 2438 2326 αὐτοῖς
2475 2280 2489 2294 ο
2518 2263 2630 2316 Kal
2676 2262 2762 2325 τίς
2796 2262 2972 2333 τολμᾶ
3018 2262 3147 2314 ίδείν
3191 2260 3284 2313 τὸν
3318 2258 3490 2328 τάφον
3521 2258 3727 2326 αὑτοῦ;

2150 2356 2209 2409 '0
2242 2355 2351 2427 γὰρ
2393 2355 2517 2409 ἰδὼν
2549 2356 2641 2408 τὸν
2663 2356 2831 2425 τάφον
2860 2355 3028 2409 αὐτοῦ
3073 2353 3392 2424 τυφλοῦται.
3431 2352 3542 2406 Καὶ
3572 2352 3727 2407 ἐστιν

2137 2448 2363 2520 ἀφορμὴ
2399 2449 2559 2502 τοῦτο
2588 2449 2682 2503 καὶ
2720 2448 3027 2519 πρόφασις,
3062 2448 3159 2501 καὶ
3202 2449 3232 2500 6
3277 2447 3435 2516 λόγος
3482 2446 3725 2518 ψευδὴς,

2138 2540 2227 2593 ἵνα
2261 2540 2433 2604 ὁλαὺς
2481 2542 2761 2594 auctam
2782 2580 2799 2605 ,
2832 2541 2931 2593 καὶ
2981 2540 3058 2611 μὴ
3094 2539 3241 2611 μάθῃ
3274 2540 3336 2592 τὸ
3374 2538 3596 2612 ἀληθὲς,
3627 2540 3727 2593 καὶ

2138 2633 2344 2698 οὕτως,
2383 2635 2641 2705 ἀθετήσει
2682 2636 2749 2705 τῇ
2781 2631 3155 2704 καταπτύστῳ
3184 2634 3277 2686 καὶ
3319 2634 3558 2701 γέλωτος
3592 2634 3725 2703 ἀξίᾳ

2139 2727 2428 2799 θρησκείᾳ.
2486 2727 2938 2798 Ἐμηχανήσαντο
2978 2726 3087 2797 γάρ
3132 2727 3226 2779 καὶ
3267 2725 3487 2779 ἔκτισαν
3535 2725 3724 2794 γύρω-

2138 2820 2229 2872 θεν
2274 2823 2453 2890 τεῖχον
2498 2819 2826 2890 κυκλοτερὲς
2869 2818 3175 2873 ἀδιόδευτον
3211 2818 3413 2871 ἔσωθεν
3465 2818 3561 2871 τοῦ
3616 2818 3722 2871 κά-

2140 2930 2303 2984 στρου
2339 2912 2590 2979 Ματινὰ,
2626 2913 2726 2967 καὶ
2766 2910 3222 2982 διαφημίζουσιν,
3258 2913 3315 2975 ἐς
3364 2911 3583 2965 ἅπαντα
3627 2913 3723 2964 τὸν

2136 3005 2288 3072 λαὸν,
2320 3006 2403 3058 ὅτι
2428 3003 2576 3067 ἐντὸς
2602 3001 2795 3057 τούτου
2828 3005 2977 3057 ἐστὶν
3007 3007 3034 3057 6
3057 3005 3226 3072 τάφος
3255 3002 3348 3056 τοῦ
3376 3004 3684 3075 Μουχάμετ
3702 3047 3719 3072 ,

2137 3100 2233 3155 καὶ
2261 3100 2321 3153 οὐ
2350 3097 2574 3153 δύναταί
2596 3114 2678 3161 τις
2708 3096 2871 3162 ίδεῖν,
2906 3096 2993 3151 ἵνα
3026 3096 3101 3168 μὴ
3130 3096 3409 3167 τυφλωθῇ.
3441 3098 3551 3151 Kal
3586 3114 3723 3168 κρα-

2100 3187 2107 3261 Ϊ
2137 3196 2221 3243 "es?
2250 3194 2279 3252 ἠ
2314 3187 2537 3260 τοιαύτη
2564 3189 2746 3261 πλάνη
2790 3190 2871 3253 είς
2902 3189 3029 3252 τοὺς
3062 3188 3342 3261 διαδόχους
3377 3190 3456 3254 εἰς
3485 3189 3582 3253 τάς
3616 3206 3724 3244 κα-

446 3286 807 3340 dissemiuant
871 3284 942 3340 ibi
987 3285 1191 3339 servari
1249 3284 1561 3349 sepulcrum
1616 3281 2031 3348 Mnhammedis,

2140 3272 2295 3343 θεξῆς
2330 3274 2442 3329 τῶν
2467 3256 2910 3351 Μουσουλμανῶν
2944 3282 3155 3350 γενεάς.

445 3377 541 3432 sed
605 3376 875 3431 neminem
907 3376 971 3430 ad
1004 3374 1135 3429 illud
1164 3375 1426 3430 accedere
1452 3390 1519 3428 ne
1554 3374 1695 3427 illius
1756 3373 2046 3429 curiositas
2120 3375 2399 3431 oculorum
2447 3374 2750 3446 privatione
2808 3384 3209 3443 compensetur.
3243 3372 3311 3428 Et
3371 3375 3722 3430 snuessione

450 3473 688 3543 viguitet
713 3470 950 3525 obtinuit
974 3472 1075 3524 ista
1103 3470 1401 3540 impositura
1435 3487 1606 3540 usque
1646 3472 1709 3522 ad
1741 3482 2032 3539 sequentes
2071 3461 2573 3526 Musulmannoru'm
2608 3469 3008 3541 generationes.

521 3565 808 3619 Ahnbaker
865 3581 992 3620 Vero
1022 3568 1111 3619 diu
1172 3565 1527 3635 exspectabat
1588 3577 1646 3619 nt
1690 3565 2034 3620 llluliammed

446 3668 836 3712 reuerteretur.
868 3656 1004 3710 Cum
1034 3672 1159 3711 vero
1193 3658 1419 3725 pOpulns
1463 3657 1671 3710 videret
1720 3658 1871 3710 illum
1926 3673 2032 3712 non

452 3747 647 3809 redire,
664 3747 807 3799 illius
831 3747 983 3799 obliti
1008 3758 1218 3809 sunt,et
1235 3749 1517 3802 dixerunt:
1540 3749 1795 3804 Allcratis
1830 3751 2032 3820 scripta

445 3852 569 3905 qua:
606 3838 756 3892 vobis
788 3836 1009 3891 tradidit
1049 3837 1415 3905 Mnhammed,
1446 3849 1503 3893 ut
1552 3842 1713 3895 simul
1773 3842 2034 3913 colligan-

449 3937 666 3996 gantnr,
694 3940 747 3982 et
795 3942 862 3983 ex
910 3928 1015 3983 illis
1078 3945 1240 3983 unum
1295 3931 1387 3983 liat
1429 3931 1703 3988 volumen.
1762 3931 2034 3988 Successit

452 4036 580 4075 vero
620 4020 911 4075 Aliuliaker
953 4022 1003 4074 in
1037 4021 1210 4075 locum
1245 4022 1659 4085 Mnhammedis,
1685 4034 1738 4078 et
1783 4025 2028 4093 calipha-

451 4128 536 4169 tus
560 4131 653 4169 seu
708 4115 1001 4168 vicariatns
1050 4130 1245 4169 munus
1295 4126 1351 4169 et
1396 4116 1716 4186 dignitatem
1772 4120 2027 4173 obtinuit.

446 4208 580 4263 Erat
607 4224 734 4263 vero
763 4207 1029 4261 Otnianes
1064 4209 1239 4261 scriba
1266 4209 1498 4262 eximius
1543 4218 1595 4263 et
1620 4210 2031 4267 celeberrimus.

448 4302 743 4354 Constituit
764 4312 941 4355 autem
968 4301 1116 4353 llllllll
1161 4299 1453 4355 Abubaker
1480 4312 1537 4355 ut
1566 4304 1746 4356 omnia
1783 4303 2033 4357 Multam-

452 4392 623 4445 medis
661 4393 863 4460 scripta
895 4391 1198 4456 colligeret,
1231 4406 1295 4445 ex
1329 4391 1548 4461 illisque
1576 4409 1740 4445 unum
1773 4393 2036 4447 conﬂaret

451 4482 699 4536 volumen
788 4483 930 4551 quod
998 4498 1140 4536 nunc
1198 4483 1397 4549 ubique
1440 4484 1583 4537 venit
1640 4484 1740 4537 sub
1818 4486 2035 4540 nomine

2213 3568 2271 3622 Ὀ
2304 3567 2361 3621 δὲ
2400 3568 2758 3637 ’Λποπάκρης
2781 3565 3073 3637 ἐπερίμενε
3094 3564 3189 3619 τοῦ
3215 3562 3575 3633 ὑποστρέψαι.
3610 3563 3721 3615 Καὶ

2135 3660 2337 3723 ἰδόντες
2367 3659 2529 3712 αὑτὸν
2551 3699 2567 3724 ,
2597 3659 2680 3712 ὅτι
2712 3658 2812 3711 οὐκ
2835 3653 2999 3729 ἦλθεν
3029 3655 3517 3727 ἀπεμενοίμνησαν
3556 3653 3719 3706 αὑτὸν

2132 3753 2228 3806 καὶ
2266 3753 2484 3820 λέγουσι
2516 3751 2652 3822 πρὸς
2677 3750 2768 3803 τὸν
2795 3749 2923 3803 λαόν
2942 3765 2956 3779 ⁸
2987 3748 3194 3819 Φέρετε
3219 3747 3322 3811 τὰς
3374 3746 3592 3817 γραφὰς
3618 3745 3721 3799 αὒ-

2130 3845 2225 3898 τοῢ
2249 3885 2264 3909 ,
2299 3845 2365 3909 ἃς
2395 3845 2629 3897 δέδωκεν
2675 3842 2806 3913 ὑμῖν
2838 3843 2865 3894 6
2894 3841 3192 3911 Μουχάμετ
3212 3879 3228 3905 ,
3275 3840 3364 3894 ἵνα
3397 3839 3722 3909 σωρευθῶσι

2133 3940 2229 3993 καὶ
2257 3938 2524 4007 γένωνται
2556 3935 2759 4006 βιϐλίον
2782 3935 2862 3988 ἐν.
2889 3935 2996 3988 Kal
3017 3932 3271 3988 ἐκάθισεν
3303 3934 3331 3986 6
3363 3931 3721 4003 Ἀποπάκρης

2137 4030 2447 4103 χαλιφάτης
2492 4029 2615 4082 ἀντὶ
2667 4027 2759 4081 τοῦ
2802 4027 3127 4097 Μουχάμετ.
3164 4020 3276 4077 Ἦν
3322 4024 3381 4077 δὲ
3442 4023 3723 4095 Ὀθμάνης

2137 4122 2529 4195 γραμματικὸς
2565 4121 2727 4175 πάνυ.
2764 4119 2875 4172 Kal
2910 4116 3171 4183 ἐπέταξεν
3208 4116 3357 4187 αὐτῷ
3402 4117 3431 4168 6
3480 4116 3726 4170 Ἀποπά-

2137 4233 2276 4287 κρης
2328 4214 2603 4283 σωρεύσαι
2652 4212 2831 4274 πάσας
2863 4210 2962 4273 τὰς
3002 4210 3223 4281 γραφὰς
3266 4207 3361 4259 τοῦ
3415 4207 3723 4276 Μουχάμετ

2138 4308 2363 4378 ποιῆσαι
2399 4304 2567 4368 αὑτὰς
2616 4304 2818 4375 βιϐλίον
2854 4303 2910 4355 ἒν
2949 4302 3009 4355 τὸ
3050 4302 3347 4372 λεγόμενον
3392 4303 3719 4371 Κουράνιον.

2137 4400 2246 4451 Kal
2283 4397 2585 4465 πεποίηκεν
2622 4395 2780 4448 τοῦτο
2809 4394 2951 4449 καθὰ
2979 4394 3289 4465 ὁρίστησεν.
3330 4394 3441 4447 Kal
3469 4393 3532 4445 τὸ
3568 4410 3726 4463 πρω-

2136 4490 2369 4543 τότυπον
2405 4488 2598 4541 τούτου
2640 4489 2705 4540 ἐκ
2744 4487 2937 4557 ,χειρὸς
2980 4484 3074 4538 τοῦ
3123 4485 3389 4556 Ὀθμάνου
3416 4486 3601 4559 κεῖται
3640 4486 3723 4547 είς

434 4572 722 4627 .Alcorani.
756 4572 858 4625 Ista
897 4587 1029 4626 vero
1060 4574 1397 4627 exsecutioni
1449 4576 1729 4628 mandavit
1759 4576 1899 4631 sicut
1931 4579 2023 4632 de-

2140 4581 2234 4648 τὴν
2264 4576 2542 4649 Τροῦλλαν
2563 4576 2665 4647 τῆς
2697 4578 2997 4647 ἐκκλησίας
3028 4576 3124 4628 τοῦ
3157 4575 3479 4646 Προδρόμου
3510 4579 3591 4638 εἰς
3618 4576 3723 4646 τὴν

436 4677 596 4719 creta
656 4664 894 4718 fuerant.
972 4663 1037 4716 Et
1090 4665 1246 4719 istius
1321 4665 1442 4719 libri
1500 4668 1893 4739 autographum
1939 4685 2034 4725 seu

2140 4672 2430 4740 Δαμασκὸν
2465 4673 2545 4734 εἰς
2572 4670 2633 4722 τὸ
2669 4668 2918 4739 Τζεμεὴν
2943 4669 3268 4739 λεγόμενον,
3299 4668 3327 4721 ὃ
3360 4670 3512 4721 ἐστιν
3549 4667 3717 4721 Συνα-

436 4766 769 4828 ίποιοιγιιυε
810 4772 973 4809 manu
1006 4756 1175 4825 ipsius
1207 4755 1463 4811 Otlimani
1521 4761 1757 4827 scriptus
1802 4770 1858 4814 et
1907 4775 2036 4814 exa-

2140 4767 2289 4835 γωγὴ
2320 4766 2512 4819 τόπου.
2554 4765 2665 4817 Kal
2692 4764 2828 4816 ὅπου
2858 4764 3005 4815 ἐστὶν
3042 4763 3102 4816 τὸ
3128 4762 3431 4832 Κουράνιόν
3456 4779 3549 4814 σου
3569 4776 3587 4793 ο
3623 4779 3728 4815 πε·-

440 4859 598 4901 ratus
627 4849 807 4900 adhuc
867 4848 1024 4901 hodie
1088 4859 1404 4901 asservatur
1453 4850 1504 4902 in
1551 4848 1730 4902 Trulla
1780 4851 2035 4905 Ecclesiae

2140 4859 2307 4927 ριέχει
2339 4855 2608 4927 φλυαρίας
2635 4857 2731 4908 καὶ
2760 4855 2918 4923 λόγια
2950 4854 3316 4923 ἀθεμελίωτα,
3343 4854 3423 4906 δτι
3470 4853 3728 4925 Ἀϐραάμ

443 4939 677 4995 Joannis
712 4938 971 5008 Baptista:
1003 4941 1356 5006 prazcursoris
1386 4940 1592 4994 Domini
1641 4940 1765 4995 Jesu
1806 4942 2031 5008 Christi,

445 5034 498 5086 in
540 5032 671 5086 urbe
708 5034 977 5096 Damasci,
1009 5035 1059 5085 in
1100 5034 1219 5086 loco
1257 5034 1348 5102 qui
1380 5034 1578 5086 dicitur
1606 5032 1894 5099 Tsemeen,
1937 5038 2027 5105 qui

442 5135 527 5179 est
559 5125 660 5178 loci
695 5126 1007 5195 Synagoga.
1050 5124 1126 5178 lbi
1163 5135 1477 5179 asservatnr
1524 5129 1823 5183 Aleoranns
1881 5140 2024 5183 tuus.

446 5219 704 5273 Continet
738 5234 866 5273 vero
900 5219 1215 5272 innumeras
1243 5234 1435 5286 nugas,
1461 5231 1514 5271 et
1576 5222 1825 5288 figmenta
1880 5223 2027 5277 nullo

446 5312 671 5366 tibicine
705 5320 761 5365 et
789 5310 1144 5364 fundamento
1194 5310 1435 5363 suffulta.
1467 5308 1628 5366 Verbi
1665 5316 1839 5380 gratia
1884 5316 2026 5382 quod

442 5402 788 5458 Abrahamus
839 5406 1010 5472 patris
1069 5403 1210 5457 idola
1269 5402 1619 5474 confregerit,
1653 5408 1792 5474 quod
1851 5405 2028 5461 Moses

447 5511 594 5550 mare
629 5497 873 5551 diviserit
902 5496 1164 5564 viamque
1194 5495 1398 5565 populo
1429 5500 1702 5565 paraverit
1750 5514 1852 5569 qua
1882 5502 2028 5554 sicco

447 5587 582 5656 pede
608 5587 835 5657 populus
863 5587 1265 5655 pertransierit.
1300 5587 1509 5641 Pharao
1542 5604 1669 5641 vero
1701 5593 1856 5659 aquis
1885 5607 2029 5646 nier-

446 5695 539 5735 sns
575 5678 758 5747 fuerit,
787 5680 927 5753 quod
962 5677 1076 5735 Noe
1134 5696 1317 5735 arcam
1350 5682 1671 5751 condiderit,
1701 5685 1845 5752 quod
1907 5695 2024 5741 cete

2133 4947 2360 4998 ἔθλασεν
2395 4946 2462 4999 τὰ
2504 4946 2732 5009 εἴδωλα,
2771 4946 3071 5015 ὁ,Μωῦσῆς
3105 4944 3289 5014 ἔσχισε
3321 4943 3421 5015 τὴν
3444 4944 3727 4999 θάλασσαν

2140 5042 2231 5091 καὶ
2264 5040 2525 5102 ἐπέζευσε
2569 5039 2646 5109 τῷ
2676 5038 2792 5107 λαῷ
2826 5037 3014 5101 αὑτοῦ,
3047 5036 3143 5090 καὶ
3166 5036 3364 5107 Φαραὼ
3395 5038 3721 5109 ὲπυντίσθη,

2138 5132 2261 5185 Νῶε
2305 5133 2529 5200 ἐποίησε
2565 5132 2818 5194 κιϐωτὸν,
2870 5132 3056 5183 Ἰωνᾶν
3093 5131 3321 5183 κατέπιε
3363 5130 3549 5201 κῆτος,
3581 5132 3726 5200 Χρι-

2138 5226 2261 5289 στὸς
2314 5227 2541 5296 νεκροὺς
2598 5226 2926 5294 ἀνέστησεν,
3004 5224 3200 5293 Ἰωσὴφ
3276 5222 3726 5294 ἐκληρονόμησεν

2134 5315 2413 5383 Αἴγυπτον
2430 5355 2443 5379 ,
2476 5314 2645 5367 Δαϐ“ιδ
2664 5314 2982 5384 Ψαλτήριον
3007 5316 3329 5383 πεποίηκεν,
3349 5316 3602 5384 Σολομῶν
3621 5315 3724 5379 τὰς

2134 5407 2307 5470 λέξεις
2336 5406 2445 5459 τῶν
2484 5406 2688 5477 θηρίων
2712 5408 2805 5459 καὶ
2836 5407 2944 5458 τῶν
2978 5406 3243 5459 πετεινῶν
3274 5405 3598 5477 ἐγνώρισεν,
3630 5413 3724 5461 καὶ⁸

2130 5502 2158 5553 ὁ
2190 5500 2492 5571 Μουχάμετ
2522 5502 2601 5563 εἰς
2634 5500 2726 5552 τὸν
2757 5501 2987 5571 οὐρανὸν
3016 5500 3206 5569 ἀνέϐη,
3248 5502 3343 5553 καὶ
3384 5503 3723 5573 συνήντησεν

2128 5593 2207 5663 τῷ
2238 5592 2479 5665 Χριστῷ,
2504 5594 2600 5646 καὶ
2626 5594 2915 5663 συνέτυχεν
2940 5592 3089 5662 αὐτῷ
3115 5594 3208 5645 καὶ
3242 5588 3399 5664 εὗρεν
3424 5595 3455 5646 6
3494 5597 3721 5665 Μουχα-

2133 5703 2254 5757 μετ,
2287 5686 2415 5741 ὅταν
2453 5686 2622 5757 ἀνέϐη
2667 5688 2746 5750 είς
2777 5687 2869 5741 τὸν
2911 5686 3138 5756 οὐρανὸν
3159 5726 3175 5754 ,
3208 5676 3719 5771 γεγραμμένονᾙς
