3978 6238
320 215 457 281 Hi5

1523 212 2007 277 CONFUTATIO
2072 216 2439 279 AGARENI.

3454 224 3588 291 1446

313 328 405 381 τὸν
435 325 629 398 θρόνον
659 323 754 379 τοῦ
782 324 944 391 Θεοῦ,
976 325 1077 379 οὐκ
1106 325 1253 378 ἔστιν
1286 324 1419 387 Θεὸς
1449 324 1588 394 πλὴν
1616 325 1710 379 τοῦ
1745 326 1882 379 Θεοῦ

2014 328 2204 384 Jouam
2261 330 2577 393 voraverit;
2631 334 2771 400 quod
2835 332 3082 390 Christus
3142 346 3383 391 mortuos
3444 341 3594 394 exet-

314 426 412 475 καὶ
443 424 471 475 6
503 422 812 492 Μουχάμετ
869 420 1169 484 ἀπόστολος
1200 419 1363 474 Θεοῦ.
1392 420 1503 473 Καὶ
1532 420 1682 489 λέγει
1711 424 1739 475 6
1776 423 1912 487 Θεὸς

313 514 395 575 είς
416 512 576 567 ἄλλον
610 514 774 565 τόπον
815 513 872 565 ὲν
903 512 979 583 τῷ
1013 511 1306 583 Κουρανίῳ
1331 528 1449 563 σουν
1481 513 1794 581 Χαιρετίζω
1827 531 1909 579 σε,

310 606 647 676 Μουχάμετ,
690 605 786 658 σὺν
839 605 917 676 τῷ
949 605 1082 675 οἴκῳ
1126 605 1222 658 καὶ
1264 603 1378 674 λαῷ
1419 620 1545 656 σου·
1586 604 1821 676 ἀλλαχοῦ
1854 606 1910 659 δὲ

310 696 460 767 λέγει
500 698 563 749 τὸ
595 698 904 770 Κουράνιόν
936 714 1053 750 σου·
1113 697 1176 751 Ἣ
1210 684 1448 768 Μαριὰμ
1483 695 1657 764 ἔφαγε
1698 697 1910 764 καρπὸν

312 794 575 863 φοινίκων
606 793 699 846 καὶ⁴
726 790 1112 860 ἐγγαστρὼθη.
1150 789 1546 858 Μουσουλμανὲ
1569 830 1584 853 ,
1625 788 1816 857 ἐπειδὴ
1850 789 1910 842 τὸ

312 887 619 959 Κουράνιόν
652 901 745 939 σου
774 884 954 953 λέγεις
984 884 1044 948 ἐξ
1076 883 1305 955 οὐρανοῦ
1345 882 1609 937 κατελθὸν
1639 884 1730 953 καὶ
1760 881 1908 935 ἔστιν

310 979 468 1048 λόγος
498 977 635 1032 Θεοῦ
656 1019 673 1046 ,
725 978 820 1030 καὶ
867 978 1203 1047 συνάναρχος
1224 1017 1238 1041 ,
1284 975 1359 1039 ὼς
1392 975 1575 1042 λέγεις
1598 1016 1612 1038 ,
1649 974 1765 1037 πῶς
1807 975 1909 1027 οὐκ

309 1073 451 1126 εἰσιν
485 1075 544 1126 ὲν
586 1068 737 1141 αὐτῴ
776 1067 1084 1139 δηλούμενα
1116 1069 1272 1136 λόγια
1304 1068 1619 1131 νουθετικὰ,
1654 1066 1750 1119 καὶ
1789 1067 1907 1136 ὁρι-

312 1163 511 1232 στικὰ,
544 1164 640 1216 καὶ
676 1161 991 1232 θεοπρεπῆ,
1032 1158 1217 1221 καθὼς
1245 1160 1341 1213 καὶ
1372 1157 1450 1229 τῷ
1476 1159 1686 1228 Μωῦσῇ
1720 1157 1905 1225 ἔλεγεν

306 1258 337 1310 6
368 1256 534 1322 Θεὸς,
582 1256 665 1309 ὅτι
722 1254 955 1323 Ποίησον
984 1252 1110 1306 τάδε
1148 1253 1243 1306 κα.)⁸
1288 1251 1450 1318 τάδε;
1501 1250 1637 1304 ἀλλὰ
1666 1250 1814 1318 λέγει
1844 1248 1905 1301 τὸ

311 1345 523 1417 βιϐλίον
554 1362 686 1409 σου,
722 1345 799 1407 ὡς
841 1342 1022 1411 λέγεις
1048 1382 1063 1407 ,
1115 1343 1197 1396 ὅτι
1244 1342 1300 1395 Ὀ
1340 1342 1518 1404 δεῖνας
1564 1341 1765 1409 ἔφαγεν
1807 1340 1899 1392 τὸν

309 1438 558 1510 καρπὸν,
589 1438 617 1490 6
660 1433 845 1507 ’έτερος
870 1436 1072 1502 ὑπάγει
1106 1433 1475 1503 κοιμηθῆναι,
1501 1434 1530 1485 6
1563 1432 1719 1494 ἄλλος
1761 1430 1897 1484 πλύ-

306 1548 390 1587 νει
426 1531 496 1583 τά
529 1528 721 1599 ἱμάτια
752 1527 918 1581 αὑτοῦ
942 1568 956 1591 ,
992 1529 1021 1579 6
1058 1526 1219 1589 ἄλλος
1253 1526 1505 1595 εἰσῆλθεν
1539 1526 1621 1588 είς
1654 1525 1754 1596 τὴν
1785 1542 1902 1578 κοι-

306 1622 429 1676 λίαν
451 1621 546 1676 τοῦ
585 1622 807 1692 κήτους,
840 1621 868 1672 6
899 1619 1058 1681 ἄλλος
1092 1618 1381 1690 συνέτριψε
1412 1619 1481 1672 τά
1512 1616 1734 1684 εἴδωλα,
1804 1618 1900 1672 άλ-

2018 422 2348 492 laril;qttod
2386 421 2582 492 Ioseph
2621 423 2916 494 Egyptum
2960 435 3018 479 ιιι
3049 429 3418 484 haereditate“)
3466 446 3593 499 pns-

2014 514 2268 579 sederit;
2333 515 2476 583 quod
2572 514 2738 570 Datid
2812 517 3130 586 psalterium
3181 525 3591 593 composuerit;

2013 607 2155 674 quod
2204 608 2461 660 Salomon
2491 608 2802 662 animalium
2838 612 3175 666 terrestrium
3215 623 3266 667 ct
3295 616 3591 670 volatilium

2013 698 2220 766 linguas
2247 709 2301 754 et
2351 714 2507 754 voces
2561 701 2767 770 Optime
2834 702 3121 771 calluerit;
3156 708 3298 773 quod
3353 706 3594 761 Muham-

2012 792 2132 843 med
2198 792 2248 843 in
2307 791 2504 845 caelum
2564 793 2896 855 ascenderit.
2942 797 3138 851 obvius
3197 798 3370 853 factus
3428 798 3590 853 fuerit

2010 882 2232 935 Christo
2285 898 2394 952 quo
2439 901 2559 937 cutn
2606 887 2757 939 varia
2820 888 3067 942 habuerit
3140 889 3403 956 colloquia
3447 892 3592 959 quod

2013 975 2282 1030 invenerit
2327 974 2697 1042 Muhammed,
2734 996 2854 1033 cum
2895 980 2946 1033 in
3002 981 3170 1035 caelos
3213 984 3592 1051 pervenisset,

2015 1065 2129 1119 hzec
2156 1068 2321 1121 verba
2360 1068 2557 1122 throno
2590 1069 2680 1124 Dei
2734 1072 2969 1138 ascripta
3003 1088 3017 1124 :
3048 1072 3163 1126 l\'on
3199 1084 3276 1126 est
3318 1072 3459 1128 Deus
3489 1076 3590 1130 nisi

2011 1158 2173 1223 Deus,
2203 1170 2257 1214 et
2290 1159 2634 1216 Mnhammed
2672 1165 2946 1233 apostolus
2974 1166 3090 1221 Dei.
3122 1167 3329 1221 Alicohi
3364 1183 3492 1221 vero
3537 1169 3590 1220 in

2004 1248 2273 1303 Alcorano
2307 1260 2395 1303 tuo
2419 1252 2548 1304 dicit
2581 1251 2721 1307 Deus
2759 1253 2874 1309 :Te
2906 1256 3108 1318 Saluto,
3136 1273 3169 1311 ο
3226 1257 3587 1322 Multammed,

2008 1356 2133 1393 cum
2169 1341 2369 1394 familia
2431 1352 2487 1398 et
2519 1354 2627 1397 toto
2653 1346 2846 1414 populo
2897 1356 3006 1401 tuo.
3041 1349 3180 1402 Alibi
3240 1350 3402 1403 etiam
3460 1350 3592 1403 dicit

2005 1433 2314 1486 Alcoranus
2351 1437 2494 1504 quod
2531 1435 2696 1490 Maria
2751 1438 2957 1492 fructus
3007 1440 3305 1508 palmarum
3358 1442 3592 1496 ediderit

2004 1524 2147 1577 unde
2167 1527 2388 1593 gravida
2438 1526 2603 1582 fuerit
2659 1539 2712 1583 et
2744 1540 2958 1583 uterum
3013 1533 3336 1597 gesserit.0
3389 1534 3591 1589 Musul-

2004 1634 2181 1681 mane,
2207 1621 2644 1690 quandoquidem
2668 1621 3351 1689 jactasAlcoranumtnum
3373 1640 3403 1679 e
3449 1629 3590 1682 caelo

304 1714 395 1777 λος
430 1713 586 1784 φησί,
610 1713 703 1783 Μὴ
732 1711 966 1782 τρώγεις
994 1711 1238 1781 χοίριον,
1267 1710 1346 1780 τῷ
1370 1710 1513 1781 ἄλλῳ
1536 1706 1718 1764 εἶπενο
1762 1711 1892 1765 Βάλε

2007 1712 2379 1774 descendisse,
2406 1713 2669 1783 illumque
2703 1730 2823 1770 esse
2877 1718 3098 1770 verbum
3132 1719 3246 1781 Dei,
3277 1718 3385 1773 Deo
3447 1734 3590 1775 eoae-

302 1808 395 1861 τὸν
432 1806 695 1861 δάκτυλόν
733 1822 826 1857 σου
863 1807 944 1867 είς
981 1803 1079 1874 τὴν
1120 1803 1389 1875 καθέδραν
1424 1822 1552 1869 σου,
1588 1806 1685 1857 καὶ
1730 1805 1895 1859 πλῦνε

301 1900 533 1963 ἑαυτὸν,
580 1901 673 1954 καλ⁴
710 1898 909 1951 ἔκϐαλε
947 1897 1008 1949 τὸ
1044 1896 1314 1949 δάκτυλόν
1355 1913 1470 1960 σου,
1505 1896 1602 1948 καὶ
1646 1894 1773 1965 βάλε
1813 1898 1895 1960 είς

298 1994 363 2047 τὸ
412 1992 588 2062 στόμα
636 2008 767 2057 σου,
818 1989 896 2061 τῷ
931 1990 1069 2059 μετά
1116 1987 1460 2042 δακτυλιδίου
1511 1987 1752 2058 χρυσοῦ,
1802 1988 1898 2042 καὶ

2012 1812 2247 1865 ternum,
2283 1812 2343 1857 ut
2374 1806 2594 1871 asseris,
2627 1823 2794 1875 quare
2828 1808 2880 1860 in
2933 1808 3022 1861 illo
3076 1824 3183 1863 non
3240 1810 3588 1865 continentur
3616 1818 3634 1832 ‘

2003 1894 2222 1948 oracula
2259 1902 2315 1948 et
2362 1894 2615 1964 dogmata
2648 1898 3039 1963 consolatoria,
3072 1901 3460 1966 exhortatoria,
3489 1902 3587 1955 de-

2000 1998 2169 2048 creta,
2210 1986 2377 2057 leges,
2422 1990 2707 2043 sententia?
2740 2005 2860 2057 quae
2897 1990 2985 2043 Dei
3026 1992 3361 2060 majestatem
3415 2002 3471 2048 et
3502 2008 3588 2047 sa-

302 2084 768 2154 γουνακατουδίου
831 2082 1018 2153 φορῶν
1090 2080 1164 2150 μὴ
1222 2078 1472 2147 εὔχεται.
1537 2078 1709 2132 ταῦτα
1763 2078 1892 2143 ὅλως

1999 2077 2256 2145 pientiam
2321 2078 2596 2132 redoleant
2631 2080 2813 2133 :sicut
2861 2080 2994 2135 Mosi
3060 2084 3196 2136 dixit
3263 2085 3443 2138 Dens:
3480 2082 3588 2138 Fac

297 2178 526 2248 ἄπρεπα
554 2176 711 2245 λόγιά
741 2176 870 2228 εἱσι.
931 2172 1043 2226 Καὶ
1080 2172 1195 2235 πῶς
1238 2175 1265 2224 6
1310 2171 1441 2233 Θεὸς
1482 2171 1638 2239 λόγια
1688 2171 1892 2240 σφαλτὰ

2001 2168 2128 2232 ista,
2163 2180 2219 2224 et
2261 2171 2391 2233 ista,
2426 2186 2576 2225 more
2605 2174 3016 2240 Sapientissimo
3056 2177 3236 2229 omnia
3287 2178 3485 2230 dueens
3535 2186 3589 2230 et

298 2272 393 2323 καὶ
429 2269 635 2341 βέϐηλα
666 2269 966 2338 φθέγγεται
997 2283 1011 2330 ;

2002 2262 2296 2329 imperans.
2333 2261 2438 2317 Sed
2495 2265 2632 2317 liber
2678 2275 2821 2331 tuus,
2878 2278 2933 2319 ut
2978 2268 3093 2335 ipse
3149 2285 3253 2322 non
3317 2268 3584 2333 diﬂiteris,

296 2362 480 2417 dicit:
524 2361 631 2416 Iste
661 2359 898 2416 comedit
955 2356 1210 2419 fructum,
1269 2354 1410 2407 alius
1477 2354 1576 2408 ivit
1632 2354 1899 2419 cubitum,
1948 2356 2087 2409 alius
2135 2353 2264 2408 lavit
2310 2357 2631 2409 vestimenta
2670 2372 2808 2422 sua,
2865 2358 3002 2412 alter
3060 2360 3337 2415 descendit
3370 2361 3418 2414 in
3452 2376 3587 2414 ven-

298 2463 437 2508 trem
486 2454 621 2507 cetis
673 2470 685 2506 :
725 2451 862 2505 alius
912 2448 1181 2517 coal‘regit
1224 2448 1408 2513 idola;
1441 2448 1579 2502 alius
1618 2448 1784 2514 dicit;
1853 2446 1931 2501 Ne
2007 2448 2259 2501 comedas
2316 2463 2539 2501 carnem
2591 2449 2855 2514 suillam;
2905 2450 3062 2503 alteri
3140 2453 3372 2506 dicitur:
3438 2451 3586 2521 Digi-

298 2554 409 2597 tum
441 2544 671 2599 immitte
711 2545 763 2598 in
822 2543 1064 2611 podicem
1117 2546 1265 2593 tuum
1309 2549 1363 2595 et
1398 2539 1515 2593 lava
1555 2549 1626 2602 te,
1662 2539 1853 2593 deinde
1890 2548 2085 2592 excute
2122 2537 2351 2606 digitum
2393 2550 2567 2605 tuum,
2597 2549 2653 2594 et
2692 2540 2840 2595 illiilli
2885 2543 3080 2596 iterum
3118 2545 3169 2597 in
3207 2560 3268 2598 os
3314 2546 3581 2611 immitte;

294 2634 454 2689 alteri
483 2634 687 2689 dicitur
721 2653 732 2688 :
768 2632 846 2686 Ne
878 2646 1035 2687 vaces
1086 2631 1321 2687 orationi
1356 2646 1477 2684 cum
1511 2644 1675 2683 aureo
1722 2628 1946 2695 annulo,
1985 2624 2066 2680 rel
2096 2644 2215 2680 tum
2241 2638 2391 2682 veste
2433 2628 2551 2683 felis
2581 2628 2720 2700 pelle
2758 2644 2969 2687 ornata.
3007 2634 3108 2689 Ista
3133 2637 3312 2690 omnia
3359 2655 3585 2707 prorsus

299 2726 721 2787 suntindecora,
754 2735 808 2779 et
829 2740 1010 2793 quaeso
1037 2723 1306 2791 quomodo
1355 2719 1498 2775 Deus
1551 2735 1714 2784 vana,
1763 2718 2015 2789 profana,
2068 2733 2297 2779 erronea
2347 2719 2713 2787 eloqueretnr.

372 2821 484 2872 Ἴδε
515 2815 607 2873 οῦν
628 2858 644 2884 ,
680 2816 957 2887 πανταχοῦ
991 2814 1314 2887 εὑρίσκεσθε
1344 2812 1580 2882 ψεῦσται
1617 2813 1713 2866 καὶ
1750 2812 1889 2865 πλά-

296 2927 402 2963 νοι.
436 2910 544 2963 Καὶ
573 2907 897 2975 καταγελῶν
918 2907 1064 2974 λέγω
1091 2921 1195 2970 σοι,
1233 2902 1358 2957 οὔτε
1395 2902 1540 2973 ἱερὸν
1570 2902 1889 2973 γνωρίζετε,

2076 2808 2215 2863 νιιιθ
2248 2824 2382 2879 ergo
2412 2820 2467 2864 et
2519 2812 2910 2875 animadverte,
2936 2828 3032 2867 vos
3080 2815 3276 2884 ubique
3323 2818 3489 2875 falsos
3527 2832 3585 2877 et

2002 2904 2326 2971 impostores
2366 2903 2719 2971 deprehendi.
2762 2904 2825 2956 Et
2870 2905 2962 2959 tibi
3008 2907 3239 2962 illudens
3268 2926 3455 2968 assero
3483 2928 3579 2970 vos

296 2998 423 3053 οὔτε
458 3000 585 3053 ναὸν
613 2998 771 3062 Θεοῦ,
807 2998 931 3051 οὔτε
977 2998 1151 3068 βῆμα,
1180 2995 1306 3050 οὔτε
1338 2996 1489 3048 θείαν
1522 2995 1683 3065 χάριν
1716 2994 1891 3065 ἔχετε,

1999 3011 2100 3049 non
2144 2997 2345 3050 habere
2368 3012 2544 3063 sacra,
2580 3011 2678 3051 nec
2707 2999 2962 3067 templum
3020 2998 3135 3065 Dei,
3172 3018 3348 3072 neque
3378 3005 3577 3071 altare,

298 3090 427 3143 οὒτε
457 3090 626 3160 εὐχὴν
645 3130 660 3157 ,
693 3088 817 3143 οὔτε
847 3087 1135 3158 βάπτισμα
1156 3128 1170 3152 ,
1214 3084 1340 3139 οὔτε
1378 3084 1732 3155 ψαλμῳδίαν,
1767 3082 1893 3137 οὔτε

297 3182 497 3252 ἄφεσιν
537 3181 863 3252 ἁμαρτιῶν,
911 3178 1036 3233 οὔτε
1103 3178 1385 3250 βασιλείαν
1435 3176 1719 3249 οὐρανῶν,
1764 3174 1893 3229 οὔτε

300 3274 667 3344 παράδεισον,
716 3274 766 3325 εί
818 3271 892 3342 μὴ
931 3272 1012 3325 ὅτι
1044 3269 1334 3324 ἀναϐαίνει
1383 3264 1465 3333 εἷς
1516 3269 1574 3335 ἐξ
1618 3267 1772 3338 ὑμῶν
1812 3271 1894 3331 εἰς

296 3366 466 3420 τόπον
493 3365 721 3436 ὑψηλὸν,
749 3367 845 3418 καὶ
872 3365 989 3429 θεὶς
1016 3364 1108 3418 τὸν
1144 3364 1242 3418 ἕνα
1268 3363 1532 3417 δάκτυλον
1572 3362 1670 3430 τῆς
1707 3360 1892 3431 χειρὸς

297 3458 468 3511 αὑτοῦ
507 3458 588 3521 είς
624 3458 686 3511 τὸ
717 3457 905 3524 ὠτίον,
946 3457 1044 3511 καὶ
1073 3457 1133 3510 τὸ
1166 3455 1295 3511 ἄλλο
1335 3453 1600 3508 δάκτυλον
1636 3453 1734 3522 τῆς
1768 3452 1888 3504 ἑτέ-

298 3569 402 3623 ρας
432 3551 616 3623 χειρὸς
646 3552 726 3614 είς
764 3552 863 3623 τὴν
895 3550 1168 3621 καθέδραν
1201 3547 1389 3613 αὑτοῦ,
1419 3547 1513 3601 καὶ
1552 3545 1650 3616 βοᾷ
1678 3543 1850 3625 οὕτως
1872 3559 1886 3575 ·

294 3643 432 3707 Θεὸς
477 3644 683 3713 μέγαςί
720 3644 811 3696 καὶ
858 3642 989 3705 Θεὸς
1036 3642 1240 3713 μέγαςι
1288 3642 1383 3694 καὶ
1431 3639 1725 3709 μαρτυρεῖ.
1775 3637 1890 3689 Οὐκ

295 3738 447 3791 ἔστιν
477 3736 644 3801 Θεὸς,
691 3737 768 3800 ὡς
802 3738 830 3790 6
878 3736 1013 3800 Θεὸς
1052 3735 1247 3806 ἡμῶν,
1284 3735 1379 3787 καὶ
1410 3730 1699 3804 μαρτυρῶ,
1750 3730 1830 3782 ὅτι
1861 3731 1890 3782 6

295 3831 602 3901 Μουχάμετ
634 3829 937 3893 ἀπόστολος
961 3827 1097 3881 Θεοῦ
1126 3829 1293 3880 ἐστιν.
1334 3826 1446 3880 Καὶ
1484 3822 1657 3883 ταῦτα
1695 3819 1888 3892 πρώην

293 3926 434 3995 πρὸς
460 3925 585 3985 τοὺς
620 3923 904 3996 Ἀρῤαϐας
937 3922 1072 3993 δῆλα
1102 3916 1244 3992 ἦσαν
1277 3919 1385 3989 πρὸ
1418 3920 1512 3971 τοῦ
1549 3917 1885 3986 Μουχάμετ,

294 4016 476 4088 παρὲξ
514 4015 670 4070 τοῦτο
708 4017 804 4070 καὶ
829 4014 989 4085 μόνον
1034 4015 1117 4069 ὅτι
1155 4015 1184 4066 6
1233 4011 1539 4082 Μουχάμετ
1590 4006 1886 4069 ἀπόστολος

294 4112 435 4164 Θεοῦ
465 4105 556 4183 ἦν.
590 4111 700 4162 Καὶ
738 4110 1047 4179 εἰσέρχεται
1075 4110 1103 4160 6
1128 4104 1371 4167 τοιοῦτος
1400 4102 1689 4173 ἄνθρωπος
1720 4101 1799 4162 είς
1824 4099 1886 4151 τὸ

297 4203 587 4273 μασγίδιον
612 4201 925 4272 ἔμπροσθεν
952 4198 1045 4252 τοῦ
1071 4198 1225 4262 λαοῦ,
1249 4198 1341 4249 καὶ
1369 4195 1605 4255 ἵσταται,
1630 4192 1705 4255 ὡς
1731 4192 1884 4261 εἴρη-

294 4312 422 4360 ται,
469 4295 563 4347 καὶ
601 4293 821 4365 εὔχεται
858 4292 958 4363 τὴν
998 4291 1169 4363 εὐχὴν
1193 4330 1207 4356 ,
1247 4290 1313 4361 ἢν
1355 4284 1530 4341 εἷπον.
1573 4286 1646 4337 Τὸ
1678 4284 1735 4337 δὲ
1778 4301 1883 4352 μα-

1998 3102 2173 3157 neque
2197 3088 2430 3142 divinam
2455 3089 2710 3158 gratiam,
2740 3105 2912 3159 neque
2934 3091 3218 3158 baptisma,
3239 3110 3411 3166 neque
3436 3099 3578 3165 psal.

1998 3183 2260 3245 modiam,
2309 3196 2484 3247 ne1ue
2537 3182 2913 3236 remissionem
2982 3195 3349 3251 peccatorum,
3404 3203 3577 3257 neque

1998 3285 2229 3340 regnum
2269 3271 2563 3334 ccelorum,
2598 3286 2772 3339 neque
2797 3273 3103 3341 paradisum
3129 3258 3287 3342 apud'
3313 3292 3408 3331 vos
3451 3280 3580 3345 quis

1995 3364 2368 3432 consequitur,
2402 3362 2498 3416 sed
2536 3370 2746 3416 tantum
2786 3379 2924 3417 unus
2954 3380 3018 3419 ex
3056 3367 3208 3421 vobis
3239 3371 3488 3422 ascendit
3520 3372 3577 3423 in

1993 3456 2167 3510 locum
2195 3454 2428 3522 aliquem
2457 3454 2771 3520 sublimem,
2800 3466 2856 3509 et
2882 3456 3106 3524 digitum
3134 3474 3295 3510 Illltllll
3325 3464 3440 3513 auri
3468 3465 3578 3515 im-

1993 3564 2221 3618 ponens,
2241 3549 2468 3603 altermn
2489 3564 2618 3603 vero
2635 3548 2832 3617 podici,
2849 3550 2915 3602 ad
2949 3551 3115 3603 ravim
3136 3566 3307 3620 usque
3330 3553 3527 3608 clamat
3552 3573 3575 3611 τ.

1993 3640 2132 3695 Deus
2150 3642 2402 3707 magnus!
2430 3641 2568 3696 Deus
2595 3656 2820 3711 magmns
2843 3641 2855 3695 l
2885 3652 2940 3695 et
2966 3642 3314 3699 confessione
3339 3662 3437 3701 sua
3489 3657 3569 3701 te-

1989 3743 2165 3787 statur
2188 3748 2202 3783 :
2230 3732 2343 3786 Non
2368 3742 2451 3786 est
2482 3733 2622 3788 Deus
2646 3734 2784 3787 sicut
2811 3734 2949 3788 Deus
2973 3744 3175 3796 noster,
3197 3744 3252 3789 et
3279 3750 3377 3805 ego
3400 3738 3569 3807 proﬁ-

1988 3830 2108 3877 teor
2130 3822 2271 3892 quod
2330 3822 2682 3878 Multammed
2743 3824 2816 3878 sit
2872 3826 3151 3893 apOstelus
3196 3826 3309 3879 Dei.
3338 3826 3406 3880 Et
3467 3827 3579 3881 ista

1988 3915 2078 3969 diu
2111 3927 2233 3969 nota
2263 3924 2420 3971 erant
2450 3914 2589 3985 apud
2618 3916 2829 3971 Arabas
2883 3925 3173 3986 antequam
3220 3917 3568 3974 Mnhammed

1988 4006 2319 4073 exoriretur,
2358 4016 2716 4075 praeterquam
2749 4007 2895 4061 istud
2923 4008 3120 4073 solum,
3150 4010 3293 4076 quod
3326 4010 3579 4064 Muham-

1986 4097 2110 4149 med
2171 4106 2256 4150 est
2285 4098 2566 4164 apostolus
2600 4096 2717 4149 Dei.
2738 4094 2875 4150 ’Post
2908 4096 3066 4149 istam
3097 4111 3224 4150 vero
3269 4098 3575 4153 confessio~

1987 4204 2134 4252 netu,
2164 4189 2467 4258 ingreditur
2495 4188 2655 4241 homo
2688 4189 2791 4240 iste
2820 4197 3228 4255 mosqueam,et
3251 4198 3358 4243 stat
3377 4204 3566 4243 coram

1987 4280 2203 4348 populo,
2225 4292 2283 4333 ut
2313 4282 2515 4334 dictum
2539 4290 2717 4345 est,et
2742 4282 3172 4351 orationemjam
3208 4294 3561 4337 memoratam

297 4388 506 4457 σγίδιον
547 4387 703 4457 ὑμῶν
751 4384 993 4439 τοιοῦτόν
1048 4388 1215 4437 ἐστιν.
1274 4383 1445 4434 Ὅταν
1490 4377 1710 4449 μέλλεις
1754 4375 1887 4429 αὐτὸ

1999 4374 2312 4429 deblaterat.
2342 4372 2489 4428 Talis
2527 4389 2654 4426 vero
2688 4383 2767 4427 est
2800 4376 2938 4443 ame
2971 4390 3066 4427 vos
3125 4391 3400 4445 mosquea.
3429 4377 3571 4430 Cum

296 4478 666 4549 θεμελιῶσαι,
699 4477 969 4548 θεμελιοῖς
1003 4479 1100 4530 σὺν
1135 4475 1284 4546 αὐτῷ
1317 4474 1409 4528 καὶ
1442 4472 1547 4543 πρὸ
1611 4470 1709 4541 τὴν
1742 4467 1881 4521 καθ-

298 4571 462 4642 έδραν
494 4589 588 4623 σου
644 4572 985 4642 χρηματίσαι
1045 4570 1314 4639 σωτήριον
1361 4566 1576 4636 μέλλον,
1609 4562 1753 4633 ἔχεις
1789 4560 1883 4613 καὶ

297 4664 442 4737 ὕδωρ
468 4664 586 4736 [καὶ
616 4663 804 4735 ῦδωρ],
840 4664 915 4726 ὡς
947 4663 1085 4733 μετὰ
1105 4663 1162 4714 τὸ
1190 4657 1523 4729 καθεσθῆναί
1560 4674 1618 4709 σε
1649 4654 1883 4716 ἐκτενῶς

300 4756 396 4827 τὴν
444 4755 649 4827 συνήθη
699 4773 794 4808 σου
836 4754 1125 4825 καθέδραν,
1166 4753 1261 4804 καὶ
1308 4752 1448 4818 μετὰ
1479 4749 1653 4803 ταῦτα
1689 4745 1881 4817 εὖχου,

298 4848 447 4901 ἔστιν
494 4848 550 4901 δὲ
583 4849 644 4900 τὸ
701 4846 988 4917 μασγίδιον
1029 4843 1405 4916 ἐστρωμένον,
1450 4841 1637 4911 ὥσπερ
1690 4839 1882 4909 κλίνη,

298 4939 388 4993 ἵνα
419 4939 495 5009 μὴ
525 4938 798 5008 μιαίνεται
837 4936 1273 5008 περιπατοῦντος
1300 4935 1395 4989 τοῦ
1426 4932 1713 5003 ἀνθρώπου
1742 4932 1884 4985 ἅνω-

298 5025 394 5078 θεν
432 5026 622 5080 αὑτοῦ.
682 5026 847 5078 Ἀλλὰ
879 5027 971 5078 ναὶ
1001 5026 1233 5078 σανίδων
1269 5024 1386 5077 ἐστὶ
1429 5023 1718 5076 στοιϐασία
1746 5021 1886 5075 ἄνω-

299 5116 392 5169 θεν
422 5119 517 5170 καὶ
551 5117 801 5188 γύρωοεν
831 5118 926 5172 τοῦ
970 5119 1289 5189 μασγιδίου,
1315 5117 1407 5170 καὶ
1436 5117 1497 5168 τὸ
1530 5115 1886 5184 συνενόμενον

299 5208 468 5263 αὐτοῦ
513 5210 873 5281 καθεδράριον
915 5211 976 5264 οὐ
1024 5210 1361 5280 μιαίνουσιν,
1402 5211 1429 5260 6
1462 5209 1656 5278 ὴνηρεῖ
1691 5206 1751 5258 τὸ
1779 5204 1887 5257 τῶν

302 5302 603 5355 σανδαλίων
638 5303 732 5355 σοῦ
761 5304 1025 5356 ὑποκάτω
1057 5302 1165 5355 τῶν
1197 5302 1375 5355 ποδῶν
1414 5317 1506 5352 σου
1547 5300 1595 5351 οἰ
1625 5297 1887 5351 ἀπέναντι

300 5395 394 5450 τοῦ
437 5396 731 5467 προσώπου
762 5399 817 5449 ὲν
860 5396 937 5468 τῷ
971 5395 1319 5467 είσέρχεσθαί
1368 5411 1425 5445 σε
1460 5395 1538 5455 είς
1569 5392 1669 5463 τὴν
1716 5406 1886 5462 προσ-

301 5491 467 5561 ευχήν
522 5506 637 5542 σου.
695 5485 826 5542 Οἶδά
892 5507 951 5542 σε
1016 5489 1111 5541 καὶ
1176 5486 1471 5558 μανδήλιον
1517 5481 1883 5554 βαστάζοντα,

301 5584 441 5651 ὅπερ
479 5580 739 5653 ἁπλώνης
788 5581 1099 5651 ἔμπροσθέν
1149 5596 1267 5641 σου,
1316 5578 1411 5632 καὶ⁸
1452 5575 1622 5649 εὔχῃ,
1672 5575 1761 5628 ἵνα
1812 5575 1886 5647 μὴ

303 5672 505 5743 μιανθῇ
538 5674 599 5724 τὸ
634 5672 923 5742 πρόσωπόν
970 5688 1064 5724 σου
1084 5710 1103 5736 ,
1134 5668 1322 5740 ἐπειδὴ
1356 5667 1701 5737 ἐστρωμένον
1728 5661 1797 5735 ἦν
1825 5664 1885 5718 τὸ

1991 4465 2138 4520 illius
2162 4465 2412 4534 iacienda
2443 4476 2568 4519 sunt
2594 4467 2968 4530 fundamenta,
2993 4468 3150 4520 simul
3197 4470 3358 4521 etiam
3398 4470 3573 4524 a'dili~

1987 4570 2183 4612 cantur
2206 4558 2399 4613 balnea
2428 4568 2481 4612 et
2509 4559 2723 4613 lavacra
2784 4573 2841 4612 ut
2906 4559 3267 4615 Musultnanni
3322 4561 3568 4617 futuram

1985 4651 2215 4706 salutem
2241 4653 2509 4720 adepturi,
2544 4653 2776 4705 habeant
2809 4668 3004 4722 aquam
3034 4656 3100 4709 ad
3128 4672 3283 4709 usqu
3336 4657 3569 4723 podicis,

1991 4759 2099 4812 quo
2126 4760 2320 4814 magna
2348 4759 2468 4799 cum
2502 4747 2850 4798 contentione
2890 4757 3078 4815 parato
3130 4757 3186 4801 et
3237 4749 3569 4816 cutnposito,

1986 4836 2053 4887 ad
2082 4850 2271 4904 preces
2296 4850 2354 4889 se
2381 4835 2693 4904 accingunt.
2724 4833 2817 4891 Est
2846 4852 2974 4891 vero
3005 4854 3262 4907 mosquea
3296 4841 3569 4907 tapetibus

1988 4937 2156 4982 strata
2184 4928 2327 4982 sicut
2358 4927 2530 4981 lectus
2552 4968 2567 4992 ,
2599 4943 2663 4981 ne
2692 4930 2966 4983 hominum
2987 4946 3149 4998 super
3173 4932 3567 4986 ambulautinm

1990 5030 2245 5073 contactu
2271 5020 2692 5074 contaminetur.
2722 5021 2828 5074 Sed
2857 5031 2911 5074 et
2938 5037 3097 5089 supra
3128 5033 3256 5074 sunt
3279 5038 3343 5076 ex
3372 5026 3567 5077 asseri-

1989 5114 2087 5164 bus
2117 5112 2469 5176 structiones,
2518 5122 2572 5167 et
2622 5113 2859 5167 tabulata
2913 5113 3159 5181 qutedam
3227 5116 3371 5167 cirra
3421 5133 3563 5169 mos-

1988 5214 2222 5268 queam;
2262 5210 2445 5269 partes
2500 5211 2679 5254 autem
2726 5200 3175 5267 circumjaceutes
3201 5213 3252 5252 et
3303 5203 3564 5255 sessionis

1989 5292 2163 5346 locum
2197 5307 2467 5360 mosquea‘.
2493 5295 2809 5362 contiguum
2854 5308 2959 5345 non
2998 5292 3282 5361 inquinant
3338 5303 3394 5347 et
3431 5310 3568 5349 eou-

1990 5394 2270 5454 spurcant.
2304 5384 2409 5439 Alii
2443 5385 2684 5439 sandalia
2716 5400 2782 5439 ex
2824 5385 3050 5452 pedibus
3082 5385 3294 5451 tollunt,
3323 5396 3422 5440 eta
3443 5401 3567 5440 con-

1999 5487 2183 5548 spectu
2211 5493 2308 5532 suo
2366 5486 2665 5532 removent.
2707 5475 2841 5531 Novi
2879 5478 3043 5532 etiam
3072 5480 3215 5547 quod
3250 5496 3371 5532 cum
3423 5495 3566 5532 mos-

1989 5586 2185 5641 queant
2219 5568 2522 5640 ingrederis
2545 5568 2689 5623 soles
2720 5569 2941 5624 mantile
2966 5579 3142 5625 tecum
3176 5577 3390 5639 gestare
3420 5573 3564 5638 quod

1990 5679 2173 5719 coram
2208 5672 2259 5719 te
2289 5661 2529 5734 explicas
2553 5669 2608 5718 et
2660 5662 2911 5719 extendis
2975 5671 3035 5719 ut
3096 5652 3273 5735 possis
3326 5660 3566 5721 orationi
